4022 6232
550 223 681 318 i391

619 389 778 442 Vera.
812 388 897 441 36.
932 375 1096 438 Dixit
1126 413 1192 421 —
1221 395 1327 436 me.
1364 368 1567 436 Petrus
1605 377 1852 451 quidem
1877 376 2200 442 interroga-
2232 373 2276 425 A

547 476 647 539 vit,
689 489 809 529 non
839 477 1067 529 tantum
1111 471 1258 526 scire
1289 470 1517 536 volens,
1551 475 1843 541 quantum
1876 464 2046 536 sequi
2097 480 2203 519 cu-

545 563 736 637 piens.
771 561 1038 618 Christus
1072 572 1268 615 autem
1297 559 1595 628 cognitam
1623 557 1856 612 habens
1881 555 2010 624 ejus
2041 568 2204 608 men-

548 660 687 715 tem,
708 651 781 706 ad
801 666 938 705 eum
966 647 1300 720 respondit;
1323 663 1442 702 non
1467 646 1611 701 dixit
1637 646 1818 712 enim,
1845 659 1967 716 quo
1994 641 2200 706 abiret,

548 741 651 797 sed
686 757 700 795 :
734 740 864 795 Non
901 745 1062 808 potes
1089 753 1174 792 me
1207 751 1366 792 nunc
1393 736 1550 806 sequi
1582 733 1965 803 ;insinuabat
2002 735 2203 787 autem

547 829 620 884 de
650 833 860 883 morte.

617 918 780 973 Vers.
814 917 904 972 37.
944 913 1102 969 Dicit
1135 945 1199 954 —
1229 928 1462 984 ponam.
1522 912 1670 978 Quid
1729 911 1878 981 agis,
1912 926 1948 966 0
1981 910 2144 964 Petre
2173 907 2200 962 ?

547 1007 693 1062 Cum
723 1005 816 1060 ille
856 1005 1054 1059 dicat:
1116 1003 1246 1058 Non
1278 1009 1458 1069 potes,
1491 1005 1554 1054 tu
1613 999 1760 1055 dicis
1802 1017 1814 1054 :
1851 1001 2036 1067 Quare
2083 1013 2203 1054 non

545 1110 782 1164 possum
820 1094 848 1148 ‘t
877 1091 1124 1148 Proinde
1166 1089 1530 1162 experientia
1560 1095 1612 1144 te
1660 1088 1912 1152 docebit,
1951 1103 2023 1143 ne
2067 1102 2200 1142 con-

548 1184 822 1240 tradicas.

617 1275 776 1328 Vers.
813 1274 899 1329 38.
943 1271 1354 1340 Respondit—
1404 1276 1511 1326 ter.
1569 1269 1774 1334 Quaere
1829 1267 2204 1336 sexagesimo

545 1363 760 1431 quarto
795 1358 964 1428 juxta
1011 1355 1344 1411 Matthaeum
1385 1353 1596 1425 capite,
1642 1353 1742 1408 ubi
1781 1351 1995 1407 dicitur
2027 1369 2037 1407 :
2074 1354 2205 1407 Res-

544 1447 808 1516 pondens
866 1450 1059 1501 autem
1113 1445 1314 1500 Petrus
1372 1443 1530 1498 dixit
1585 1443 1724 1501 illi:
1781 1443 1856 1496 Et
1909 1444 1960 1496 si
2007 1457 2203 1498 omnes

544 1537 937 1606 offenduntur
973 1550 1081 1604 per
1137 1541 1205 1603 te,
1263 1549 1366 1603 ego
1418 1539 1616 1588 tamen
1666 1547 1967 1602 nunquam
2016 1533 2204 1600 offen-

544 1626 656 1681 dar
685 1627 754 1690 ⁸ο,
788 1632 842 1680 et
870 1624 999 1691 lege
1029 1623 1110 1678 ibi
1140 1623 1361 1677 dictam
1403 1622 1862 1685 enarrationem,
1917 1627 2202 1692 prmterea

546 1721 603 1770 et
627 1730 752 1779 eas,
784 1729 918 1785 quae
951 1718 1282 1783 sequuntur
1327 1726 1506 1781 usque
1559 1710 1634 1765 ad
1683 1725 1817 1765 eum
1870 1710 2065 1764 locum
2099 1709 2193 1764 ubi

2309 1710 2558 1783 ῥηθεῖσαν
2609 1707 2858 1779 ἐξήγησιν
2889 1728 2900 1740 ·

536 1803 798 1858 habetur
837 1817 848 1856 :
895 1801 1173 1856 Similiter
1213 1805 1410 1856 autem
1449 1802 1504 1855 et
1553 1814 1743 1855 omnes
1787 1799 2067 1866 discipuli
2113 1799 2199 1854 di-

539 1895 762 1944 xerunt
790 1887 858 1939 ⁸1.

613 1974 782 2040 Quod
804 1975 851 2030 si
873 1974 1264 2030 variationem
1297 1972 1561 2044 aliquam
1594 1971 1790 2027 ferunt
1820 1973 2017 2037 verba,
2055 1973 2199 2028 nihil

542 2066 778 2121 mirum.
825 2066 954 2119 Haec
993 2063 1287 2135 siquidem
1327 2062 1487 2117 dicta
1515 2065 1653 2116 sunt
1691 2062 2042 2133 priusquam
2083 2063 2201 2117 exi-

540 2159 672 2210 rent
700 2155 759 2209 in
791 2158 1054 2208 montem
1093 2151 1419 2215 Olivarum,
1468 2150 1570 2205 illa
1612 2167 1751 2206 vero
1782 2160 2104 2223 postquam
2136 2153 2200 2207 il-

541 2243 638 2298 luc
694 2243 993 2296 exiverant
1033 2257 1046 2294 :
1093 2255 1233 2294 nam
1283 2256 1423 2294 cum
1484 2240 1568 2293 bis
1625 2239 1947 2295 obstitisset
1975 2241 2195 2308 Petrus,

540 2332 623 2386 bis
672 2331 746 2385 de
795 2328 1110 2399 negatione
1163 2333 1520 2399 protestatus
1593 2335 1680 2383 est
1748 2329 1825 2383 illi
1887 2329 2193 2396 Christus;

536 2425 591 2475 et
613 2420 688 2475 de
719 2418 907 2490 prima
945 2417 1190 2489 quidem
1221 2416 1651 2489 repugnatione
1680 2433 1750 2473 ac
1777 2420 2197 2489 protestatione

536 2507 897 2580 scripserunt
944 2506 1244 2562 Matthaaus
1269 2511 1326 2560 et
1373 2505 1604 2561 Marcus
1648 2507 1690 2541 ⁸⁸
1747 2523 1760 2572 ;
1816 2507 1890 2562 de
1931 2509 2196 2565 secunda.

536 2613 671 2653 vero
704 2600 888 2652 Lucas
914 2597 962 2630 ⁸³
991 2601 1048 2650 et
1067 2595 1346 2650 Joannes.

524 2707 528 2712 ·
608 2689 751 2758 Cap.
811 2687 941 2740 XIV.
977 2686 1140 2740 Vers.
1198 2690 1249 2739 l.
1297 2685 1386 2740 Ne
1443 2715 1510 2725 —
1565 2701 1684 2741 cor.
1751 2689 1896 2742 Cum
1951 2687 2195 2744 dixisset

532 2777 814 2832 Dominus
843 2774 920 2830 ad
951 2775 1178 2830 Petrum
1214 2788 1226 2827 :
1269 2774 1636 2830 Postmodum
1679 2791 1768 2832 me
1805 2777 2060 2847 sequeris
2091 2778 2138 2812 ⁸⁴
2175 2795 2188 2846 ;

531 2873 587 2921 et
629 2882 642 2920 ε
689 2867 795 2920 Ter
822 2879 914 2920 me
950 2863 1182 2934 negabis
1213 2863 1280 2928 ⁸⁵,
1323 2868 1562 2934 propter
1616 2868 1934 2936 utrumque
1976 2866 2190 2922 turbati

532 2960 691 3019 sunt,
727 2953 998 3008 timentes
1027 2967 1102 3006 ne
1141 2953 1385 3023 quando
1416 2951 1520 3023 ipsi
1549 2951 1620 3008 ab
1675 2968 1746 3009 eo
1811 2961 2192 3025 amputaren-

1871 238 2210 307 EUTHYMII
2261 219 2587 303 ZlGABENl

3703 251 3793 310 1392

2385 375 2538 443 Λέγει
2595 404 2662 412 -
2737 388 2853 443 μοι,
2910 369 2968 422 Ὀ
3037 374 3127 443 μεν
3191 376 3379 447 Πέτρος
3443 372 3676 446 ἠρώτησεν,
3730 379 3801 447 οὐχ

2311 463 2445 514 οὕτω
2490 459 2798 533 βουλόμενος
2843 462 3043 532 μαθεῖν,
3100 463 3162 520 ὡς
3217 461 3463 534 ἐπιθυμῶν
3512 463 3799 523 ἀκολουθῆσαι.

2308 551 2366 603 Ὀ
2400 548 2457 602 δὲ
2505 554 2753 623 Χριστός,
2801 555 2895 608 τὴν
2942 546 3177 601 διάνοιαν
3222 551 3379 602 αὐτοῦ
3416 557 3562 623 γνούς,
3609 560 3709 627 πρὸς
3747 557 3807 606 r3-

2313 644 2406 698 τὴν
2435 639 2717 712 ἀπεκρίθη.
2767 642 2878 691 Οὐκ
2910 635 3016 691 εἷπε
3053 642 3156 712 γὰρ
3187 648 3285 691 ποῦ
3317 642 3502 712 ὑπάγει,
3545 641 3634 692 ἀλλ’
3667 646 3727 694 ὅτι
3755 644 3804 694 Οὔ

2313 727 2538 781 δύνασαί
2569 747 2657 800 μοι
2684 735 2770 779 νῦν
2815 727 3196 786 ἀκαλουθῆσαι.
3246 726 3507 787 ’Υπεδήλον
3548 727 3597 782 δὲ
3633 737 3722 805 περὶ
3746 741 3811 792 τῆς

2313 826 2534 889 σφαγῆς.

2382 911 2531 978 Λέγει
2583 937 2645 946 -
2699 908 2863 963 θήσω.
2920 911 2984 958 Τί
3030 913 3214 973 ποιεῖς,
3270 904 3308 957 ὦ
3363 905 3723 978 Πέτρεὶἑκείνου
3767 910 3812 960 εἱ-

2310 1001 2513 1060 πόντος,
2570 997 2650 1047 ὅτι
2706 995 2781 1047 06
2849 992 3098 1058 δύνασαι,
3159 1000 3221 1046 σν
3274 995 3429 1065 λέγεις
3489 999 3558 1048 ὁτι
3607 1003 3722 1047 Διατὶ
3772 998 3810 1048 οὗ

2313 1083 2582 1157 ὃύναμαις
2626 1087 2826 1136 Οὑκοῡν
2871 1087 2898 1141 ἡ
2971 1093 3124 1157 πεῖρα
3171 1081 3376 1146 διδάξει
3429 1103 3480 1136 σε
3547 1091 3606 1157 μή
3671 1084 3813 1138 buli

2310 1193 2436 1245 γειν.

2384 1263 2666 1335 Ἀπεκρίθη
2758 1294 2812 1301 -
2874 1265 3004 1333 τρίς.

2312 1355 2538 1424 τετάρτῳ
2594 1351 2851 1423 κεφαλαίῳ
2922 1359 3012 1402 τοῦ
3078 1355 3211 1402 κατά
3287 1354 3535 1404 Βῐατθαίον
3580 1357 3660 1402 τό·
3710 1353 3817 1404 Ἀποο

3087 1267 3326 1320 Ζήτησον
3383 1261 3426 1313 ἐν
3491 1270 3552 1332 τῷ
3617 1262 3814 1330 ἑξηκοστῷ

2311 1443 2507 1514 κριθεὶς
2593 1438 2650 1493 δε
2733 1442 2758 1492 6
2835 1444 3022 1514 Πέτρος
3101 1438 3234 1492 εἶπεν
3317 1443 3493 1510 αὐτῷ·
3562 1441 3612 1493 Ei
3685 1459 3820 1501 παντες

2314 1528 2863 1588 σκανδαλισθήσονται
2958 1529 3006 1581 ἐν
3119 1537 3222 1593 σοὶ,
3307 1529 3404 1601 ἐγὼ
3498 1527 3549 1582 δὲ
3634 1526 3822 1581 οὐδέποτε

2315 1617 2889 1690 σκανδαλισθήσομαιο
2975 1623 3064 1671 καὶ
3135 1617 3391 1690 ἀνάγνωθι
3466 1625 3546 1670 καὶ
3610 1624 3686 1675 τὴν
3750 1617 3821 1668 ἐκεῖ

2957 1710 3031 1759 ἔτι
3077 1704 3135 1760 δὲ
3172 1715 3257 1759 καὶ
3300 1711 3394 1768 τὰς
3443 1717 3532 1759 τῶν
3575 1709 3722 1780 ἐφεξῆς
3751 1709 3823 1780 ρε-

2308 1806 2406 1848 τῶν
2438 1799 2569 1871 ἄχρι
2610 1805 2702 1849 τοῦ
2734 1819 2746 1830 ο
2773 1797 2994 1867 Ὀμοίως
3026 1793 3085 1849 δὲ
3113 1802 3200 1849 καὶ
3232 1799 3308 1866 (1)
3349 1800 3525 1858 πάντες
3563 1799 3603 1848 οἱ
3647 1798 3809 1867 μαθηται

2308 1883 2466 1940 εἶπον.

2381 1976 2439 2026 Εἰ
2492 1972 2551 2027 δὲ
2606 1980 2695 2027 καὶ
2769 1975 3104 2048 παραλλαγήν
3169 1995 3285 2027 τινα
3345 1979 3546 2047 φέρουσι
3595 1977 3651 2026 τὰ
3708 1974 3824 2046 ῥητὰ,

2307 2065 2480 2116 καινόν
2534 2062 2703 2120 οὐδέν,
2764 2072 2940 2117 Ταντα
2999 2068 3088 2136 μὲν
3143 2067 3240 2137 γὰρ
3300 2064 3577 2138 ἐρρήθησαν
3627 2065 3710 2137 πρὸ
3764 2069 3829 2112 τον

2309 2154 2520 2218 ἐξελθεῖν
2575 2154 2764 2214 αὐτοὺς
2805 2156 2879 2224 (2)
2932 2154 3000 2216 εἰς
3045 2157 3101 2206 τό
3147 2158 3261 2228 ὅρος
3303 2163 3402 2204 τῶν
3444 2153 3634 2206 Ἐλαιῶν
3659 2173 3670 2184 ο
3708 2150 3829 2202 ἐκεῖνα

2309 2241 2366 2296 δὲ
2411 2248 2538 2316 μετὰ
2580 2248 2638 2296 τὸ
2686 2240 2896 2306 ἐξελθεῖν
2950 2243 3069 2296 ἐκεῖ.
3128 2249 3215 2304 Δὶς
3257 2246 3362 2316 γὰρ
3410 2242 3625 2295 ἐνστάντι
3669 2249 3728 2311 τῷ
3759 2246 3830 2292 Πέ-

2305 2353 2410 2406 τρῳ
2443 2331 2523 2394 δὶς
2570 2338 2682 2405 περὶ
2728 2341 2820 2395 τῆς
2876 2333 3140 2405 ἀρνήσεως
3180 2329 3557 2406 διεμαρτύρατο
3586 2333 3608 2381 6
3636 2336 3827 2403 Χριστος.

2307 2427 2408 2475 Καὶ
2437 2428 2552 2497 περὶ
2578 2427 2666 2494 μὲν
2693 2431 2783 2483 τῆς
2807 2423 3094 2483 ἐνστάσεως
3115 2428 3204 2474 καὶ
3225 2419 3602 2495 διαμαρτυρίας
3627 2421 3830 2476 Mrem;

2302 2515 2391 2562 καὶ
2423 2515 2629 2583 Μάρκος
2663 2511 2915 2585 ἔγραψαν,
2945 2515 3061 2584 περὶ
3091 2508 3150 2563 δὲ
3171 2519 3260 2571 τῆς
3293 2507 3536 2584 δεντέρας
3575 2514 3748 2569 Λουκᾶς
3767 2511 3831 2557 καὶ

2301 2600 2562 2662 Ἰωάννης.

2372 2695 2456 2747 Μὴ
2514 2719 2581 2730 —-
2645 2685 2860 2762 καρδία.
2924 2689 3168 2750 Εἰπόντος
3237 2698 3331 2740 τοῦ
3392 2695 3577 2763 Κυρίου
3625 2692 3731 2761 πρὸς
3773 2689 3834 2735 τὸν

2303 2783 2492 2851 Πέτρον
2589 2781 2669 2830 ὃτι
2759 2785 3000 2853 Ὕστερον
3105 2777 3477 2840 ἀκολουθήσεις
3561 2797 3641 2848 μοι
3687 2796 3698 2807 ·
3769 2776 3833 2822 καὶ

2300 2869 2379 2919 ὅτι
2424 2869 2729 2942 ’Λπαρνὴσῃ
2775 2886 2838 2939 με
2886 2872 2993 2940 τρίς
3027 2888 3039 2900 ο
3087 2866 3464 2939 ἐταράχθησαν
3505 2864 3572 2919 δι’
3611 2864 3835 2937 ἀμφότερα,

2300 2953 2599 3018 δεδοικότες
2663 2962 2863 3028 μήποτε
2916 2957 3065 3008 αὐτοὶ
3118 2955 3459 3014 ἀπεκόπησαν
3512 2957 3675 3021 αὐτοῦ,
3716 2959 3834 3024 μόνον

533 3049 626 3097 tur
671 3041 764 3096 vel
819 3040 1176 3108 exciderent,
1211 3040 1337 3096 solo
1389 3040 1562 3096 Petro
1608 3049 1912 3114 sequente,
1968 3050 2070 3098 aut
2116 3061 2189 3099 ne

2302 3053 2390 3096 τοῦ
2450 3049 2642 3119 Πέτρου
2697 3044 3159 3110 ἀκολουθήσοντος,
3209 3051 3298 3098 καὶ
3365 3051 3562 3117 μήποτε
3605 3048 3683 3094 καὶ
3731 3041 3838 3092 αὐτοὶ

527 3130 776 3204 quando
817 3130 930 3202 ipsi
971 3145 1210 3201 quoque
1241 3145 1379 3184 eum
1445 3137 1744 3201 negarent,
1800 3134 2190 3204 quemadmo-

527 3221 674 3276 dum
721 3225 777 3276 et
835 3235 1044 3274 eorum
1087 3218 1422 3290 praefectus.
1479 3219 1830 3290 Reprimens
1880 3238 2020 3292 ergo
2069 3224 2192 3281 illo-

527 3325 661 3365 rum
694 3307 1073 3373 anxietatem,
1118 3307 1378 3379 primum
1411 3308 1657 3379 quidem
1692 3310 1964 3367 timorem
2010 3331 2192 3384 nega-

531 3398 702 3453 tionis
736 3397 1095 3461 consolatur,
1139 3396 1354 3451 deinde
1393 3399 1570 3453 etiam
1600 3397 1673 3453 de
1715 3399 1927 3456 timore
1973 3419 2049 3459 an
2083 3421 2190 3477 pu-

528 3486 770 3543 tationis
809 3485 932 3541 sive
963 3485 1298 3541 excisionis.

599 3578 759 3630 Vers.
788 3580 834 3628 1.
894 3574 1128 3629 Credite
1161 3604 1212 3614 -
1245 3573 1482 3630 credite.
1529 3575 1764 3633 Credite
1817 3578 2063 3636 ﬁrmiter
2125 3583 2186 3639 in

519 3663 711 3718 Deum
740 3662 980 3720 Patrem
1012 3667 1068 3716 et
1091 3661 1149 3715 in
1181 3677 1293 3726 me,
1328 3677 1398 3716 ac
1433 3663 1600 3729 ﬁdes,
1643 3680 1778 3735 quae
1821 3667 1880 3721 in
1907 3683 2017 3723 nos
2056 3671 2180 3736 erit,

527 3749 790 3806 servabit
811 3765 915 3806 vos
943 3749 1386 3821 insuperabiles.

596 3840 758 3895 Vers.
807 3844 857 3894 2.
914 3838 985 3894 In
1031 3869 1086 3880 —
1144 3845 1301 3894 sunt.
1343 3837 1486 3906 Qua:
1533 3840 1832 3898 sufﬁciant
1879 3845 1958 3902 ad
1997 3849 2184 3904 susci-

508 3930 808 4002 piendum
843 3944 965 3995 vos,
1000 3934 1062 3984 ut
1086 3943 1321 4000 semper
1352 3929 1476 3984 sitis
1513 3931 1854 3988 nobiscum.

596 4019 757 4074 Vers.
825 4018 878 4072 2.
949 4018 1117 4085 Quod
1161 4019 1212 4072 si
1243 4033 1496 4074 secus—
1550 4021 1726 4076 vobis.
1771 4025 1941 4089 Quod
1981 4025 2028 4080 si
2060 4043 2181 4083 non

524 4114 719 4166 essent
779 4108 980 4165 multa;
1044 4108 1392 4164 mansiones
1446 4126 1516 4166 ac
1573 4111 1954 4183 splendidum
2010 4117 2183 4172 habi-

521 4199 808 4265 taculum,
842 4199 1119 4254 dixissem
1165 4199 1357 4267 vobis,
1412 4200 1575 4270 quod
1634 4202 1787 4258 vado
1842 4205 1918 4259 ad
1963 4221 2177 4276 paran-

524 4292 669 4344 dum
730 4289 1059 4344 mansionis
1111 4287 1310 4343 locum
1367 4289 1558 4358 vobis,
1610 4292 1707 4361 qui
1764 4294 1878 4347 mei
1927 4295 2068 4350 estis
2125 4302 2179 4353 et

523 4378 806 4433 omnibus
845 4378 1144 4448 digniores
1195 4393 1207 4431 :
1252 4376 1367 4432 hoc
1418 4380 1666 4435 omnino
1709 4397 1848 4436 sane
1906 4384 2050 4439 mihi
2079 4402 2173 4440 cu-
2208 4420 2254 4477 D

523 4483 603 4522 rae
673 4473 776 4532 est,
826 4471 892 4521 ut
947 4466 1049 4521 ubi
1106 4482 1238 4521 sum
1293 4481 1404 4535 ego
1450 4475 1505 4522 et
1554 4483 1663 4524 vos
1709 4469 1852 4525 sitis.
1907 4472 2179 4530 Prasdixit

525 4556 682 4611 enim
733 4555 818 4610 eis
865 4555 1110 4611 dicens:
1161 4556 1268 4612 Ubi
1299 4571 1422 4611 sum
1464 4572 1586 4626 ego,
1630 4558 1760 4615 illic
1806 4567 1860 4616 et
1911 4562 2181 4620 minister

523 4659 683 4700 meus
714 4643 842 4699 erit.

596 4731 759 4786 Vers.
821 4735 872 4786 3.
921 4733 1000 4787 Et
1051 4763 1118 4772 —
1171 4733 1319 4789 sitis.
1381 4736 1499 4790 Hoc
1548 4735 1728 4792 etiam
1756 4737 2042 4796 dixissem
2080 4758 2182 4797 vo-

523 4821 615 4878 bis
673 4835 691 4876 :
743 4819 906 4886 Quod
972 4822 1026 4876 si
1070 4822 1290 4888 abiero,
1359 4830 1424 4878 ut
1489 4841 1814 4897 praeparem
1879 4830 2038 4885 vobis
2094 4831 2176 4887 lo-

523 4926 657 4968 cum
692 4909 761 4980 ⁶⁶,
820 4913 878 4966 et
915 4913 1127 4964 caetera
1171 4925 1184 4966 :
1238 4911 1438 4984 itaque
1489 4928 1599 4970 nec
1662 4915 1746 4971 sic
1797 4917 2060 4990 oportuit
2113 4937 2172 4976 a-

592 5088 641 5124 ³⁰
716 5086 917 5143 Matth.
948 5102 1063 5157 xvn,
1096 5089 1183 5144 33.
1297 5090 1342 5128 ει
1378 5091 1519 5147 Ibid.
1553 5092 1641 5149 55.

520 5160 613 5216 38.
723 5159 770 5194 ⁸⁸
799 5159 972 5216 Joan.
1003 5175 1102 5225 xu,
1145 5164 1235 5219 26.

1750 5309 1974 5379 Variae
2005 5311 2349 5418 lectiopes
2373 5321 2439 5381 et
2472 5322 2671 5385 notae.

591 5447 668 5519 (Ι)
711 5451 811 5501 Καί
839 5446 1010 5503 abest
1036 5451 1102 5503 Α.

590 5522 667 5584 (2)
711 5521 872 5572 Αὐτόν
902 5523 968 5575 Α.

707 5523 1026 5649 ἒὶτέάεῗόίί
1058 5590 1226 5657 ἔσται,
1261 5588 1320 5646 in
1362 5606 1548 5664 marg.
1585 5607 1619 5647 a
1652 5608 1812 5650 man.
1845 5599 2082 5664 recent.
2109 5592 2170 5652 in

517 5658 656 5723 cod.
700 5664 760 5722 Β.
793 5667 929 5720 Nam
959 5681 996 5724 a
1033 5679 1220 5723 manu
1266 5663 1460 5738 prima
1496 5658 1637 5722 'erat
1669 5680 1683 5724 :
1739 5668 1838 5720 Καὶ
1881 5667 2026 5742 ὑμεῖς
2057 5663 2167 5740 ἦτε,

2281 4919 2432 4972 πάλιν

1754 5094 1801 5130 ⁸³
1828 5096 2001 5153 Marc.
2033 5111 2152 5166 11v,
2187 5097 2274 5154 29.

2301 3142 2479 3187 τοῦτον
2547 3134 2968 3209 ἀπαρνήσωνται,
3031 3138 3095 3195 ὡς
3159 3136 3184 3186 6
3242 3143 3540 3209 κορυφαῖος.
3603 3129 3837 3186 tiaras-1:1-

2298 3224 2396 3276 λων
2426 3221 2512 3276 οὖν
2551 3229 2643 3282 τὴν
2675 3223 2901 3276 ἐντεῦθεν
2936 3223 3160 3294 ἀγωνίαν
3223 3225 3417 3289 αὐτῶν,
3468 3231 3639 3295 πρῶτα
3662 3225 3735 3294 μεν
3757 3221 3840 3288 περὶ

2297 3322 2388 3366 τοῦ
2421 3313 2576 3385 φόϐου
2605 3321 2700 3375 τῆς
2731 3313 3068 3384 ἀπαρνήσεως
3106 3316 3518 3386 παραμυθεῖται,
3552 3310 3650 3364 εἶτα
3668 3312 3842 3379 καὶπερὶ

2296 3411 2385 3454 τοῦ
2417 3402 2574 3474 φόϐου
2604 3412 2700 3463 τῆς
2730 3401 3019 3463 ἀποκοπῆς.

2367 3585 2637 3634 Πιστεύετε
2689 3613 2757 3622 —-
2829 3584 3116 3635 πιστεύετε.
3186 3585 3471 3634 Πιστεύετε
3546 3578 3743 3652 βεϐαίως
3791 3573 3839 3631 εἰς

2294 3675 2377 3724 τὸν
2407 3675 2611 3746 Πατέρα
2639 3676 2728 3723 καὶ
2760 3669 2830 3731 εἰς
2868 3672 2954 3742 ἐμέ
2977 3691 2989 3704 ο
3023 3675 3113 3722 καὶ
3147 3669 3328 3722 λοιπόν
3364 3673 3394 3729 ἠ
3446 3670 3518 3732 εἰς
3547 3670 3675 3738 ἡμᾶς
3703 3670 3842 3719 πίστις

2295 3765 2611 3836 συντηρήσει
2642 3763 2775 3833 ὑμᾶς
2809 3759 3115 3820 ἀηττήτους.

2360 3849 2439 3902 Ἐν
2486 3882 2554 3890 -
2599 3851 2746 3902 εἰσιν.
2777 3848 2970 3902 Ἱκαναὶ
3002 3847 3253 3912 δέξασθαι
3288 3853 3380 3901 καὶ
3426 3850 3574 3922 ὑμᾶς,
3621 3844 3842 3912 συνεσομέ·

2289 3958 2408 3999 νους
2436 3941 2560 4011 ἡμῖν
2592 3939 2710 3991 nisi:

2360 4029 2421 4081 Εἰ
2448 4025 2507 4080 δέ
2531 4033 2601 4100 μὴ
2632 4059 2698 4071 -
2737 4030 2878 4101 ὑμῖν.
2932 4029 2988 4080 Εἰ
3029 4025 3086 4080 δὲ
3120 4033 3191 4100 μὴ
3227 4025 3366 4086 ἦσαν
3416 4027 3523 4080 ἐκεῖ
3571 4023 3733 4078 πολλαὶ
3768 4038 3841 4091 μο-

2288 4124 2390 4187 ναὶ,
2449 4123 2537 4169 καὶ
2603 4114 2850 4188 δαψίλεια
2900 4123 3263 4188 καταγωγίων,
3323 4115 3469 4170 εἷπον
3528 4117 3586 4167 ἂν
3634 4117 3737 4183 ὑμῖν
3783 4111 3840 4158 ὃτι

2287 4210 2574 4281 πορεύομαι
2631 4207 2904 4279 ἑτοιμάσαι
2966 4211 3121 4259 τόπον
3188 4217 3354 4279 μονῆς
3402 4209 3525 4279 ὑμῖν
3577 4212 3675 4262 τοῖς
3722 4199 3839 4272 ipsi;

2288 4301 2376 4347 καὶ
2431 4300 2530 4368 πρὸ
2583 4298 2784 4348 πάντων
2857 4300 3040 4349 τούτου
3091 4298 3297 4358 πάντως
3342 4296 3406 4347 ἂν
3465 4296 3735 4368 ἐφρόντιτα,
3783 4287 3841 4334 ἳνα

2288 4387 2415 4437 ὅπου
2467 4386 2572 4458 εἰμὶ
2727 4389 2814 4436 καὶ
2846 4387 2991 4457 ὑμεῖς
3022 4381 3130 4442 ἦτε.
3162 4389 3457 4458 Προείρηκε
3484 4389 3583 4457 γὰρ
3614 4379 3762 4437 αὐτοῖς
3785 4377 3838 4424 ἑτι

2285 4473 2453 4526 Ὅπου
2528 4475 2632 4547 εἰμὶ
2696 4473 2793 4545 ἐγὼ
2851 4473 2955 4526 ἐκεῖ
3010 4475 3092 4545 (3)
3146 4478 3234 4525 καὶ
3293 4475 3318 4524 ό
3371 4470 3616 4532 διάκονος
3668 4471 3690 4520 6
3754 4468 3838 4535 ἐμὸς

2287 4566 2457 4617 ἔσται.
3733 4550 3741 4588 ί

2365 4745 2464 4793 Καὶ
2521 4771 2590 4781 -
2654 4736 2764 4798 ἦτε.
2813 4744 2913 4793 Καὶ
2971 4736 3109 4792 εἶπον
3158 4738 3218 4790 ἂν
3276 4737 3404 4812 ὑμῖν
3456 4744 3546 4791 καὶ
3586 4727 3732 4798 τοῦτο.
3777 4730 3829 4778 ὅτι

2286 4831 2403 4882 Ἐὰν
2504 4831 2739 4902 πορευθῶ
2836 4828 3111 4902 ἑτοιμάσαι
3215 4829 3336 4900 ὑμῖν
3453 4835 3610 4882 τόπον
3699 4828 3827 4894 μῡνξξ,

2535 4921 2761 4993 ἔρχομαι
2845 4923 2934 4970 καὶ
3034 4916 3425 4990 παραλήψομαι
3525 4919 3656 4991 ὑμᾶς
3736 4909 3828 4980 πρὸς

3673 5083 3824 5143 “Ibid.

2388 5099 2435 5133 ⁸³
2470 5096 2615 5154 Luc.
2658 5112 2801 5166 ml,
2838 5099 2926 5154 33.
3040 5097 3276 5154 “Joan.
3300 5111 3423 5164 xm,
3458 5101 3548 5154 36.

2883 5391 2894 5416 ι
2975 5390 2982 5400 .

2279 5453 2442 5525 quod
2475 5469 2571 5524 per
2588 5468 2848 5509 errorem
2881 5469 2949 5509 ex
2969 5452 3377 5525 superioribus
3401 5459 3535 5509 erat
3553 5447 3824 5525 repetitum.

2280 5519 2450 5588 Quod
2475 5519 2590 5578 'nos
2621 5525 2918 5595 dedimus,
2949 5519 3132 5583 habet
3167 5528 3298 5582 cod.
3343 5527 3394 5580 A
3434 5528 3497 5581 in
3529 5519 3769 5580 contextu
3789 5519 3824 5565 εί

2281 5597 2622 5674 Hentenius.
