4022 6232
253 294 376 353 1393
1213 297 1216 300 ’
1298 295 1643 353 COMMENT
1683 295 1752 351 IN
1789 293 1841 350 J(

2178 326 2246 338 —
2284 297 2440 354 CAP.
2483 297 2629 354 XIV.
3461 305 3598 366 1394

252 422 474 496 ἐμαυτόν,
525 430 615 478 καὶ
642 427 708 478 τὰ
737 425 873 489 ἑξῆς.
904 425 1064 480 Ὠστε
1093 422 1216 479 οὐδὲ
1245 425 1408 486 οὕτως
1439 421 1498 477 ἓδ
1503 443 1545 476 ει
1594 421 1828 494 ἀθυμεῖν.

2014 437 2114 476 mo
2169 421 2430 491 dejectos
2483 438 2614 478 esse
2648 438 2661 490 ;
2691 422 2838 496 quia
2884 439 3024 481 vero
3049 422 3179 497 jam
3235 425 3378 484 olim
3442 445 3597 503 prae-

253 513 379 568 Ἐπεὶ
404 511 463 568 δὲ
501 516 662 569 πάλαι
709 520 1129 590 παρεσκεύασται
1172 520 1228 568 τό
1275 515 1466 574 πλῆθος
1496 521 1594 565 τῶν
1641 519 1830 584 μονῶν,

2009 515 2154 566 irata
2176 516 2263 566 est
2282 511 2660 569 multitudine
2681 513 3090 582 mansionum,
3115 531 3186 572 ac
3213 516 3413 589 dignis
3441 524 3597 576 sorte

249 608 329 656 xui
357 603 806 680 ἀποκεκλήρωνται
851 613 956 668 τοῖς
987 605 1168 674 ἀξίοις,
1200 609 1309 680 χρὴ
1358 603 1581 678 θαρρεῖν,
1628 606 1717 653 καὶ
1756 603 1828 672 μὴ

2007 601 2268 657 διτὶὺιιῐεθ
2298 606 2456 670 sunt,
2504 602 2791 660 ﬁduciam
2846 603 3069 661 habere
3101 613 3354 679 oportet,
3387 613 3444 665 et
3473 625 3594 666 non

251 691 463 764 ἁπογινώ
472 714 562 746 σκε
569 716 612 746 ιν
621 737 633 748 .

1940 688 2277 761 desperare.

313 783 460 837 Ἐστι
501 782 560 837 δὲ
601 790 689 836 καὶ
729 785 910 858 ἑτέρως
958 784 1132 852 εἰπεῖν,
1166 785 1247 836 ὅτι
1305 787 1405 836 Καὶ
1463 781 1546 833 ἐὰν
1594 780 1830 851 πορευθῶ

2013 779 2216 836 Potest
2272 785 2329 835 et
2397 780 2568 836 aliter
2623 781 2740 837 dici
2796 801 2808 841 :
2867 783 3034 850 Quod
3099 785 3331 840 etiamsi
3396 787 3591 844 abiero

248 873 510 946 ἑτοιμάσαι
563 875 682 945 ὑμῖν
735 879 911 942 τόπον,
966 879 1126 945 ἤγουν
1182 873 1476 945 ἐγκαινίσαι
1527 871 1648 943 ὑμῖν
1710 869 1828 919 ἄνο-

2003 878 2005 889 ‘
2043 871 2558 937 praeparemvobis
2597 872 2810 936 locum,
2865 872 3152 938 videlicet,
3209 880 3273 931 ut
3309 875 3591 932 innovem

249 959 332 1015 δον
364 967 487 1035 πρὸς
517 966 603 1015 τόν
645 963 880 1037 οὐρανόν,
925 963 984 1021 ἣν
1017 960 1190 1023 οὐδεὶς
1237 959 1443 1014 οὐδέπω
1487 969 1584 1012 τῶν
1632 957 1828 1031 ἀνθρώ-

2002 956 2112 1012 )biS
2144 974 2466 1014 ascensum
2498 961 2560 1015 in
2613 960 2854 1030 caelum,
2885 978 3008 1034 quo
3067 963 3266 1019 nullus
3320 980 3590 1036 unquam

243 1071 344 1102 πων
386 1049 588 1112 ἀνῆλθε,
642 1050 795 1102 πάλιν
844 1053 1072 1124 ἔρχομαι
1125 1052 1256 1102 κατά
1294 1054 1386 1107 τὴν
1441 1045 1684 1120 δευτέραν
1729 1065 1828 1118 μου

2006 1049 2252 1103 hminum
2295 1049 2578 1114 ascendit,
2623 1065 2856 1106 rursum
2904 1053 3144 1107 veniam
3198 1054 3452 1109 secundo
3492 1053 3594 1108 ad-

243 1145 547 1214 παρουσίαν,
617 1144 705 1191 καὶ
774 1139 1149 1213 παραλήψομαι
1221 1141 1354 1209 ὑμᾶς
1429 1141 1553 1211 πρὸς
1610 1136 1827 1208 ἐμαυτὸν

2007 1143 2140 1206 ntu,
2195 1143 2251 1195 et
2306 1156 2616 1196 assumam
2673 1157 2776 1196 vos
2826 1143 2903 1198 ad
2959 1144 3277 1214 meipsum,
3334 1144 3595 1200 resusci-

242 1226 549 1290 ἀναστάντας
601 1228 655 1280 ἐκ
710 1239 918 1300 νεκρῶν,
981 1228 1492 1301 συμϐασιλεύσοντάς
1548 1247 1638 1300 μοι
1701 1225 1826 1278 αἰω-

2007 1232 2092 1283 tos
2147 1245 2215 1284 ex
2263 1228 2535 1294 mortuis,
2592 1234 2656 1284 ut
2706 1232 3080 1301 conregnetis
3137 1233 3282 1288 mihi
3335 1232 3394 1287 in
3427 1238 3595 1289 aeter-

238 1321 368 1378 νίως.
410 1318 466 1370 Εἰ
511 1320 613 1390 γὰρ
663 1323 751 1371 καὶ
805 1319 1147 1380 ἀποθανόντες
1201 1324 1326 1393 πρός
1374 1319 1528 1370 αὐτὸν
1587 1315 1822 1381 ἀνῆλθον,

2005 1333 2106 1372 ιω.
2141 1317 2499 1390 Quanquam
2550 1319 2708 1374 enim
2751 1321 2972 1376 mortui
3012 1327 3150 1378 ante
3202 1337 3341 1377 eum
3390 1338 3593 1379 ascen-

239 1405 344 1458 ἀλλ’
390 1407 446 1459 ού
473 1410 601 1479 μετὰ
651 1416 750 1459 τῶν
813 1410 1088 1480 σωμάτων,
1147 1414 1236 1460 καὶ
1291 1408 1334 1460 εἰ
1384 1410 1610 1460 σύνεισιν
1662 1407 1822 1476 αὐτῷ,

2001 1412 2175 1478 erunt,
2215 1408 2316 1463 sed
2345 1423 2466 1463 non
2497 1424 2635 1464 cum
2653 1409 3009 1478 corporibus
3037 1429 3052 1477 ;
3087 1416 3141 1467 et
3165 1411 3214 1466 si
3241 1411 3418 1467 simul
3449 1428 3589 1468 cum

237 1496 342 1548 ἀλλ’
401 1497 456 1549 ού
517 1496 1002 1569 συμϐασιλεύοντες.
1061 1497 1202 1551 Ἐπεὶ
1256 1494 1314 1550 δε
1368 1493 1515 1557 εἰδὼς
1567 1499 1632 1548 τὰ
1679 1501 1825 1553 κινὴ-

2001 1503 2198 1562 ιευηῐ,
2232 1502 2292 1553 at
2320 1513 2439 1552 non
2503 1497 2678 1554 simul
2728 1505 3002 1568 regnant.
3045 1500 3191 1565 Quia
3221 1516 3357 1556 vero
3398 1502 3589 1557 sciens

235 1606 373 1658 ματα
431 1595 528 1638 τῶν
581 1583 813 1660 καρδιῶν
868 1587 1057 1651 αὐτῶν,
1109 1590 1234 1656 ἔγνω
1301 1586 1676 1658 ἐπιθυμοῦντας
1729 1604 1823 1656 μα-

2005 1593 2136 1642 otus
2197 1587 2467 1642 cordium
2520 1588 2802 1658 ipsorum,
2860 1589 3139 1658 cognovit
3190 1605 3406 1660 cupere
3456 1589 3586 1645 illos

237 1677 339 1728 θεῖν
382 1683 480 1727 ποῦ
534 1677 741 1747 ὑπάγει,
802 1682 892 1728 καὶ
943 1681 1036 1734 τὴν
1093 1673 1215 1729 ὁδόν
1263 1681 1356 1734 τὴν
1406 1678 1638 1747 ἄγουσαν
1696 1676 1824 1727 ὅπου

1996 1675 2084 1731 ire
2113 1692 2237 1748 quo
2288 1677 2416 1740 iret,
2469 1680 2525 1732 et
2565 1677 2727 1732 viam
2766 1694 2894 1745 quae
2921 1694 2991 1734 eo
3016 1677 3262 1735 duceret
3303 1695 3426 1751 quo
3457 1680 3584 1746 iret,

234 1766 436 1835 ὑπάγει,
478 1771 644 1837 φησί·

305 1858 394 1869 -..
568 1852 627 1869 ,ι
808 1856 894 1869 ._..
956 1856 977 1869 .
1072 1852 1094 1869 ι.
1202 1860 1210 1869 ,
1401 1851 1422 1869 ν
1580 1856 1592 1868 .
1647 1862 1666 1869 -
1775 1857 1794 1869 ..

478 1771 644 1869 φησί’
1072 1852 1094 1869 .
1401 1851 1422 1869 .
1858 1813 1905 1869 B
1936 1767 2059 1869 ⁸Ἶέ

305 1858 403 1906 Καὶ
442 1885 510 1894 --
541 1852 756 1918 οἶδατε;
808 1856 894 1918 ἘΞ
945 1856 1011 1906 ὧν
1061 1852 1322 1929 διαφόρως
1375 1851 1514 1908 εἷπον
1570 1856 1712 1927 ὑμῖν,
1745 1857 1822 1907 οἷο
1858 1851 1893 1869 ³³

2006 1855 2166 1910 Vers.
2201 1858 2250 1910 4.
2314 1856 2387 1911 Et
2419 1856 2692 1912 —-scitis.
2751 1855 2838 1911 Ex
2897 1856 3007 1922 bis,
3057 1873 3194 1930 quas
3247 1857 3588 1930 frequenter

235 1941 357 1996 δατε
412 1949 501 1995 καὶ
567 1942 850 2016 ἀμφότερα,
914 1943 958 1996 εἰ
1022 1942 1406 2015 ἀναμνησθῆτε.
1477 1951 1669 2013 ’Υπῆγε
1733 1947 1823 2015 μεν

1999 1945 2054 1999 xi
2085 1944 2274 2009 vobis,
2303 1950 2358 2000 et
2385 1944 2498 2000 hoc
2523 1951 2580 2001 et
2623 1944 2772 2000 illud
2821 1946 3028 2012 nostis,
3061 1946 3109 2002 si
3159 1947 3583 2004 recordamini.

231 2031 317 2085 οὖν
355 2036 476 2106 πρὸς
528 2037 615 2085 τὸν
667 2037 872 2108 Πατέρα
925 2032 1009 2105 ἀφ’
1058 2034 1117 2084 οὗ
1148 2039 1236 2085 καὶ
1293 2033 1516 2096 ἐξῆλθεν.
1557 2030 1712 2094 Ὀδὸς
1765 2030 1819 2085 δὲ

1994 2033 2279 2088 iPatrem
2314 2049 2575 2106 namque
2627 2033 2755 2091 ibat
2783 2051 2820 2090 a
2865 2050 2989 2107 quo
3045 2035 3227 2092 etiam
3275 2035 3582 2092 exiverat:

231 2120 367 2173 ἐστιν
412 2122 586 2187 αὐτὸς,
622 2119 692 2175 δι’
736 2123 796 2174 οὗ
843 2123 1107 2195 ἐρχόμεθα
1152 2126 1279 2194 πρὸς
1336 2126 1422 2174 τὸν
1479 2127 1699 2196 Πατέρα,
1755 2125 1819 2184 ὡς

1994 2137 2030 2177 a
2083 2127 2282 2177 autem
2339 2123 2466 2194 ipse
2522 2127 2634 2189 est,
2667 2139 2773 2194 per
2802 2139 2982 2196 quem
3029 2124 3188 2180 imus
3218 2123 3298 2180 ad
3323 2124 3582 2190 Patrem,

228 2215 420 2283 προῐὼν
452 2211 574 2285 ἐρεῖ.

1931 2211 2107 2264 veluti
2137 2211 2196 2265 in
2228 2211 2618 2282 sequentibus
2651 2212 2910 2268 dicturus
2940 2217 3049 2268 est.

303 2305 451 2370 Λέγει
492 2296 817 2367 -οείδέναις
879 2299 1028 2372 ’ῼετο
1079 2303 1179 2374 γὰρ
1235 2301 1486 2359 αἰσθητόν
1544 2297 1674 2353 εἷναί
1709 2320 1824 2352 τινα

2004 2300 2166 2353 Vers.
2195 2305 2244 2356 5.
2283 2301 2436 2356 Dicit
2464 2333 2533 2341 —
2562 2303 2714 2359 scire
2739 2303 2767 2358 ?
2793 2302 3048 2358 Putabat
3099 2317 3360 2374 namque
3402 2302 3586 2358 sensi-

226 2394 381 2441 τόπον
411 2391 540 2442 ὅπου
570 2391 776 2462 ὑπάγει,
803 2396 888 2441 καὶ
917 2386 1040 2442 ὁδόν
1071 2392 1257 2461 ὁμοίως
1282 2393 1548 2449 τοιαύτην,

1999 2386 2112 2442 lem
2156 2388 2417 2460 aliquem
2476 2389 2676 2445 locum
2731 2407 2886 2456 esse,
2928 2407 3044 2463 quo
3071 2390 3200 2455 iret,
3255 2396 3312 2446 et
3371 2391 3581 2448 eodem

1933 2476 2118 2533 modo
2145 2478 2299 2533 viam
2331 2494 2461 2535 esse
2501 2480 2776 2536 similem.

299 2573 452 2638 Λέγει
504 2599 564 2608 -
595 2568 727 2628 ζωή.
780 2565 939 2630 Ὀδός
989 2572 1079 2640 μὲν
1133 2571 1211 2620 ὅτι
1271 2565 1343 2620 δι’
1402 2568 1525 2641 ἐμοῦ
1565 2570 1818 2641 ἔρχεσθε⁸

2009 2568 2226 2622 Vers.6.
2258 2567 2362 2623 Ait
2386 2599 2450 2608 —
2470 2569 2610 2625 vita.
2638 2569 2745 2624 Via
2771 2570 3032 2641 quidem,
3061 2570 3200 2644 quia
3219 2586 3325 2644 per
3344 2587 3438 2627 me
3457 2585 3587 2641 gra-

227 2656 443 2714 ἁ).ἠθεια
492 2653 568 2727 δὲ,
613 2660 692 2709 ὅτι
737 2655 992 2726 ἀληθεύω,
1043 2664 1132 2710 καὶ
1177 2660 1377 2719 πάντως
1421 2661 1570 2710 ἔσται
1615 2666 1815 2709 ταῦτα·

2001 2654 2164 2720 mini;
2221 2658 2438 2712 veritas
2490 2662 2714 2722 autem,
2769 2659 2913 2730 quia
2961 2675 3098 2716 vera
3152 2659 3387 2732 loquor,
3431 2665 3489 2716 et
3516 2676 3587 2716 ea

227 2746 335 2806 ζωὴ
388 2743 468 2813 δε,
515 2749 595 2799 ὅτι
647 2752 735 2799 καὶ
789 2756 878 2799 τοῦ
939 2750 1159 2800 θανάτου
1209 2751 1452 2821 κυριεύω.
1493 2747 1550 2800 Εἰ
1580 2745 1666 2799 οὖν
1725 2745 1815 2817 ἐγώ

2000 2742 2316 2799 fallibiliter
2347 2757 2542 2810 erunt;
2576 2746 2696 2802 vita
2725 2763 2886 2813 vero,
2924 2749 3065 2819 quia
3114 2749 3289 2805 morti
3343 2765 3587 2822 quoque

227 2835 332 2906 εἰμι
362 2837 390 2892 ἡ
427 2832 570 2903 ὁδὸς,
624 2832 881 2906 ὁδηγήσω
925 2839 1097 2910 ὑμᾶς·
1149 2836 1191 2888 εἰ
1225 2833 1282 2889 δε
1339 2841 1428 2888 καὶ
1483 2833 1718 2900 ἀλήθεια,
1763 2835 1815 2887 ού

1999 2833 2220 2888 nninor.
2279 2834 2336 2888 Si
2387 2849 2531 2903 ergo
2579 2850 2692 2905 ego
2743 2837 2840 2892 via
2907 2853 3062 2901 sum,
3118 2838 3337 2894 ducam
3385 2838 3587 2908 utique

224 2921 491 2996 ψεύδομαι
516 2943 527 2954 ·
564 2925 607 2978 εἰ
651 2921 710 2976 δὲ
737 2930 823 2976 καὶ
853 2925 982 2993 ζωὴ,
1042 2922 1165 2978 οὐδὲ
1201 2927 1226 2977 6
1273 2927 1487 2985 θάνατος
1539 2921 1812 2982 διαστήσει

2000 2938 2052 2988 ›ε;
2089 2923 2134 2976 si
2179 2923 2354 2979 etiam
2415 2923 2658 2988 veritas,
2707 2940 2832 2980 non
2887 2926 3187 2993 mentior;
3220 2925 3385 2999 quod
3436 2926 3484 2982 si
3531 2931 3588 2982 et

224 3014 361 3084 ὑμᾶς
385 3012 528 3084 ἐμοῦ.

1931 3013 2073 3075 vita,
2105 3027 2302 3084 neque
2333 3029 2494 3069 mors
2521 3029 2629 3069 vos
2658 3029 2694 3070 a
2725 3030 2821 3070 me
2852 3015 3167 3086 separabit.

297 3099 486 3164 Οὐδεὶς
543 3135 610 3144 -
651 3103 794 3175 ἐμοῦ.
865 3105 944 3158 Ἐν
999 3113 1070 3175 τῷ
1129 3104 1288 3176 ἐνάτῳ
1333 3101 1391 3156 δὲ
1435 3103 1692 3176 κεφαλαίῳ
1752 3100 1823 3155 εἷ·
1868 3164 1885 3178 1

2004 3101 2163 3156 Vers.
2204 3107 2255 3156 6.
2299 3103 2483 3158 Nemo
2520 3133 2588 3143 --
2617 3118 2726 3160 me.
2777 3105 2942 3159 Nono
2993 3119 3131 3161 vero
3179 3105 3370 3178 capite
3400 3104 3583 3165 dixit:

223 3211 316 3244 πεν
342 3212 354 3224 ·
389 3190 577 3254 Οὐδεὶς
617 3191 838 3246 δύναται
869 3194 1026 3247 ἐλθεῖν
1049 3199 1176 3267 πρὸς
1204 3195 1310 3266 ἐμὲ,
1348 3194 1430 3248 ἐὰν
1462 3198 1532 3265 μὴ
1583 3196 1608 3244 6
1643 3198 1811 3266 Πατὴρ

1999 3205 2116 3245 emo
2141 3195 2334 3260 potest
2365 3192 2562 3248 venire
2624 3192 2704 3248 ad
2746 3208 2854 3259 me,
2905 3193 3020 3248 nisi
3046 3195 3247 3262 Pater,
3278 3195 3380 3267 qui
3435 3195 3587 3250 misit

225 3283 251 3333 6
283 3283 494 3353 πέμψας
533 3302 595 3354 με
625 3283 812 3357 ἐλκύσῃ
865 3285 1016 3336 αὐτόν
1041 3303 1052 3317 ·
1091 3287 1115 3336 6
1164 3289 1252 3356 μὲν
1283 3286 1383 3358 γὰρ
1443 3283 1626 3352 ἐλκύει,
1685 3284 1710 3333 6
1765 3278 1813 3334 δὲ

1996 3295 2044 3342 e,
2095 3281 2356 3337 traxerit
2413 3297 2544 3338 eum
2595 3282 2686 3337 δτι
2734 3281 2830 3337 ille
2884 3282 3185 3355 siquidem
3243 3284 3438 3350 trahit,
3490 3284 3584 3341 hic

224 3369 443 3443 όδηγεί’
484 3377 573 3424 καὶ
613 3372 891 3446 ἀμφότεροι
933 3381 1270 3448 συνεργοῦσιν
1318 3373 1390 3433 εἰς
1431 3377 1524 3430 τὴν
1561 3375 1812 3446 σωτηρίαν

1999 3375 2136 3425 Item
2191 3371 2353 3427 ducit
2408 3375 2465 3427 et
2495 3372 2677 3428 ambo
2726 3379 3126 3445 cooperantur
3165 3373 3243 3430 ad
3273 3375 3587 3431 hominum

221 3471 327 3513 τῶν
352 3461 654 3534 ἀνθρώπων.

627 3484 654 3514 ι.
1937 3458 2215 3515 salutem.

299 3551 361 3602 Εἰ
422 3582 488 3590 -
549 3550 813 3622 ἐγνώκειτε
894 3553 974 3603 οἶν.
1037 3551 1299 3626 Ἀνωτέρω
1366 3555 1455 3624 μὲν
1537 3551 1692 3602 εἰπὼν
1747 3552 1827 3602 ὅτι

2007 3550 2166 3604 Vers.
2224 3551 2276 3604 7.
2333 3549 2496 3605 Si—
2551 3553 2756 3622 utique
2811 3551 3240 3622 cognovissetis.
3300 3553 3586 3624 Superius

220 3639 302 3711 (4)
357 3645 458 3692 Καὶ
501 3641 628 3692 ὅπου
688 3643 873 3712 ὑπάγω
929 3637 1127 3704 οἴδατε,
1161 3647 1249 3693 καὶ
1279 3646 1371 3699 τὴν
1430 3637 1553 3693 ὀδόν
1606 3635 1786 3691 οἴδατε

1999 3639 2184 3694 iidem
2233 3639 2439 3696 dicens
2473 3641 2731 3711 :thuo
2779 3655 2882 3710 ego
2915 3641 3067 3697 vado
3124 3641 3304 3711 scitis,
3335 3647 3389 3698 et
3429 3643 3587 3700 viam

220 3725 488 3786 ἐδήλωσεν
530 3732 608 3781 ὅτι
641 3735 729 3782 καὶ
775 3734 860 3782 τὸν
909 3734 1114 3803 Πατέρα
1162 3727 1342 3782 οἴδασι
1385 3735 1474 3782 καὶ
1519 3729 1710 3781 αὐτόν·
1755 3727 1802 3779 ἐν

2002 3730 2098 3785 itis
2156 3730 2224 3794 ⁸⁸,
2277 3729 2654 3799 signiﬁcavit,
2684 3730 2849 3801 quod
2907 3735 2959 3786 et
2990 3731 3222 3786 Patrem
3281 3735 3342 3787 et
3383 3747 3446 3787 se
3495 3747 3590 3788 co-

217 3819 397 3869 ταῦθα
448 3813 506 3869 δὲ
562 3817 857 3890 ἐπαγαγὼν,
914 3821 994 3870 ὃτι
1055 3819 1113 3870 Εἰ
1165 3818 1426 3890 ἐγνώκειτέ
1479 3837 1561 3889 με,
1612 3822 1702 3868 καὶ
1740 3821 1805 3868 τοι

2001 3823 2314 3875 noscerent.
2365 3820 2466 3874 Hic
2491 3824 2694 3875 autem
2744 3820 3030 3890 adjiciens
3065 3837 3078 3876 :
3109 3821 3180 3877 Si
3217 3823 3589 3891 cognovisse-

221 3912 434 3978 Πατέρα
524 3927 624 3978 μου
726 3908 990 3979 ἐγνώκειτε
1090 3911 1172 3973 οἶν,
1237 3909 1465 3979 ἐνέφηνεν
1564 3908 1642 3958 ὅτι
1740 3926 1806 3956 κα

2003 3923 2154 3971 :me,
2203 3910 2255 3963 et
2283 3909 2509 3964 Patrem
2544 3923 2736 3964 meum
2789 3911 2992 3981 utique
3031 3910 3456 3979 cognovissetis,
3498 3926 3591 3966 os-

217 3996 385 4047 αὐτόν
443 3995 691 4066 ἀγνοοῦσι
746 4003 830 4048 xui
884 4001 970 4049 τόν
1023 4002 1241 4067 Πατέρα.
1297 4002 1394 4049 Καὶ
1438 3995 1710 4066 πολλαχοῦ
1769 3991 1802 4045 δ

2003 3996 2140 4059 ndit,
2182 3996 2347 4065 quod
2379 4002 2434 4051 et
2473 4013 2533 4050 se
2585 4002 2642 4051 et
2695 4000 2924 4052 Patrem
2964 3997 3329 4064 ignorarent.
3377 3999 3444 4052 Id
3489 4014 3591 4054 au-

213 4092 378 4136 τοῦτο
428 4093 584 4138 ποιεῖ.
637 4087 782 4138 Ἐπεὶ
837 4089 937 4160 γὰρ
990 4085 1267 4157 ἐγίνωσκον
1320 4091 1409 4158 μὲν
1463 4091 1552 4136 καὶ
1610 4085 1801 4156 ἀμφοτὲ

2001 4099 2057 4138 m
2085 4082 2286 4138 multis
2331 4084 2388 4138 in
2439 4084 2585 4139 locis
2638 4084 2828 4140 facit:
2882 4101 3022 4140 nam
3078 4086 3222 4157 quia
3267 4091 3589 4158 utrumque

213 4193 367 4247 ρους,
416 4174 520 4245 οὐχ
566 4177 630 4235 ὡς
664 4183 930 4246 προσῆκον
985 4173 1076 4228 δέ·
1138 4176 1351 4250 ὕστερον
1399 4178 1501 4248 γὰρ
1559 4173 1795 4244 ἇπιφοιτῆ

2002 4171 2402 4240 >gnoscebant,
2458 4177 2516 4227 at
2564 4188 2707 4238 non,
2761 4178 2820 4227 ut
2859 4173 3255 4230 conveniebat
3303 4175 3590 4245 (postmo-

216 4282 324 4314 σαν
386 4266 443 4314 τὸ
494 4265 746 4335 πανάγιον
807 4272 1015 4336 Πνεῦμα
1080 4269 1460 4318 κατεσκεύασεν
1523 4264 1700 4324 αὐτοῖς
1754 4281 1804 4314 τε

2000 4275 2085 4313 ιω
2142 4261 2304 4314 enim
2354 4259 2728 4314 descendens
2780 4259 3029 4331 Spiritus
3087 4266 3352 4327 sanctus,
3403 4262 3588 4332 perte.

209 4351 362 4403 λείαν
414 4358 507 4411 τὴν
550 4361 779 4423 γνῶσιν·
847 4358 968 4407 ποτὲ
1020 4357 1110 4427 μὶν
1169 4357 1248 4406 ὅτι
1299 4361 1624 4426 γινώσκουσι
1670 4351 1797 4422 λέγει

1999 4363 2094 4403 am
2125 4347 2208 4402 eis
2239 4348 2490 4419 praebuit
2521 4348 2974 4419 cognitionem),
3017 4348 3317 4406 interdum
3347 4349 3587 4420 quidem

213 4436 369 4492 διότι
404 4439 754 4501 ὁπωσδήποτε
781 4451 1106 4514 γινώσκουσι
1132 4461 1143 4474 ·
1178 4448 1300 4497 ποτε
1331 4443 1390 4496 δὲ
1439 4445 1519 4495 ὅτι
1573 4442 1630 4494 ού
1679 4446 1801 4513 γίνω

2005 4439 2102 4504 cit,
2152 4436 2318 4510 quod
2375 4444 2765 4506 cognoscunt.
2826 4438 2972 4510 quia
3025 4443 3329 4511 utcunque
3371 4453 3591 4508 cogno-

213 4550 442 4596 σκονσι,
472 4528 610 4584 διότι
640 4535 708 4593 ῶς
743 4531 906 4606 ἐχρῆν
939 4534 997 4585 οὗ
1027 4540 1368 4605 γινώσκουσι.
1403 4540 1508 4586 Νῦν
1541 4528 1600 4584 δὲ
1631 4550 1788 4603 φησιν

1998 4532 2114 4584 :unt
2146 4500 2550 4598 {quandoque
2589 4543 2750 4596 vero,
2817 4527 2980 4599 quod
3020 4543 3142 4584 non
3195 4532 3586 4596 cognoscunt,

216 4621 284 4673 Εἰ
345 4619 609 4690 ἐγνώκειτέ
664 4641 748 4694 με,
809 4626 877 4682 ως
928 4627 1061 4694 χρὴ,
1119 4628 1197 4682 τίς
1255 4623 1358 4694 εἰμι
1427 4625 1484 4674 τὸ
1537 4625 1804 4694 νοούμενον

1999 4622 2083 4677 Jia
2113 4637 2254 4686 non,
2290 4628 2350 4676 ut
2374 4623 2620 4693 oportet,
2662 4624 3053 4688 cognoscunt.
3085 4620 3250 4674 Nunc
3285 4633 3425 4674 vero
3463 4617 3544 4674 ait
3574 4633 3587 4674 :

206 4714 314 4763 καὶ
381 4713 468 4760 τόν
553 4715 754 4784 Πατέρα
841 4731 940 4783 μου
1031 4710 1295 4783 ἐγνώκειτε
1362 4713 1460 4763 ἄν·
1554 4710 1662 4764 ἐπεὶ
1726 4714 1794 4782 γὰ

2001 4714 2010 4765 ῐ
2039 4710 2436 4782 cognovissetis
2464 4723 2570 4773 me,
2600 4713 2664 4763 ut
2721 4712 2968 4777 Oportet,
3001 4706 3136 4779 quis
3193 4705 3328 4771 sim,
3390 4722 3589 4780 quan-

207 4797 343 4860 ἶσος
401 4798 516 4870 ἐμοὶ
553 4805 644 4852 καὶ
702 4798 1094 4872 ἀπαράλλακτός
1152 4800 1309 4865 ἐστιν,
1367 4802 1391 4851 6
1448 4806 1700 4862 νενοηκὼς
1745 4800 1795 4873 ἐμ

2006 4817 2063 4856 m
2103 4799 2179 4856 ad
2231 4798 2610 4862 intellectum,
2662 4802 2714 4854 et
2741 4798 2974 4853 Patrem
3017 4812 3208 4853 meum
3265 4797 3460 4868 utique
3499 4812 3589 4852 co-

202 4893 435 4945 νενὸηκε
465 4889 542 4960 (5)
568 4892 654 4940 τὸν
683 4892 906 4964 Πατέρα.

1999 4889 2261 4946 ιουὶεεειίε
2295 4907 2308 4955 ;
2339 4903 2476 4943 nam
2504 4903 2640 4942 cum
2697 4885 2840 4941 mihi
2871 4885 2948 4941 sit
2997 4884 3265 4958 aequalis,
3332 4889 3391 4941 et
3421 4901 3458 4941 a
3494 4901 3587 4941 me

1938 4976 2374 5051 inseparabilis,
2395 4975 2497 5048 qui
2527 4991 2620 5032 me
2643 4974 2939 5045 cognovit.
2963 4980 3019 5030 et
3035 4977 3265 5030 Patrem
3291 4972 3587 5042 cognovit.

294 5070 404 5119 Kui
437 5098 501 5107 —
542 5066 715 5121 αὐτόν.
759 5067 900 5120 Ἐπεὶ
948 5069 1032 5139 ἐμὲ
1083 5072 1381 5139 γινώσκετε,
1417 5068 1459 5120 εἰ
1510 5075 1598 5122 καὶ
1649 5074 1718 5143 μὴ
1759 5073 1825 5132 ὡς

2010 5069 2170 5125 Vers.
2229 5074 2282 5123 7.
2341 5067 2420 5122 Et
2477 5096 2546 5106 —
2619 5079 2766 5122 eum.
2833 5064 2978 5120 Cum
3045 5078 3141 5119 me
3197 5060 3584 5133 cognoscatis,

196 5159 364 5230 χρὴ,
395 5155 574 5208 λοιπόν
605 5161 888 5227 γινώσκετε
919 5162 1010 5209 καὶ
1040 5156 1194 5209 αὐτόν
1226 5159 1492 5218 ὡσαύτως.

2001 5174 2294 5230 tanquam
2352 5170 2468 5211 non
2520 5159 2586 5211 ut
2635 5156 2887 5226 oportet,
2945 5166 3324 5224 consequens
3375 5155 3466 5206 est
3528 5154 3589 5208 ut

1941 5253 1997 5304 et
2026 5249 2212 5320 ipsum
2243 5246 2508 5303 similiter
2537 5242 2936 5317 cognoscatis.

289 5426 342 5461 δ”
375 5427 546 5482 Joan.
585 5441 658 5490 vn,
704 5425 796 5482 44.
915 5425 960 5460 ⁸⁸
1000 5425 1171 5481 Joan.
1205 5441 1324 5491 xiv,
1365 5430 1418 5482 4.

1451 5561 1673 5630 Varia:
1707 5561 2034 5630 lectiones
2076 5570 2142 5628 et
2172 5568 2373 5628 notae.

289 5707 377 5777 (4)
419 5704 541 5758 Ὀτι
571 5700 741 5762 abest
771 5707 827 5760 Β.
1058 5778 1066 5787 _

1923 5783 1929 5790 _
2007 5703 2087 5776 (5)
2117 5707 2216 5758 Kui
2249 5704 2484 5762 videtur
2507 5702 2820 5761 excidisse.
