4022 6232
488 251 510 313 1
524 249 629 310 395

488 475 653 544 puta,
721 484 841 525 non
896 470 1027 540 post
1109 466 1366 522 multum
1426 471 1680 539 tempus,
1767 466 2140 538 cognoscetis

489 574 628 616 eum
691 563 753 613 ut
789 560 1036 628 oportet,
1071 555 1174 611 ubi
1205 571 1381 628 super
1431 571 1539 612 vos
1592 555 1833 626 Spiritus
1895 559 2139 611 sanctus

489 646 881 703 descenderit.

563 736 726 790 Vers.
787 736 845 791 7.
907 735 982 788 Et
1054 733 1275 790 vidistis
1336 750 1488 790 eum.
1553 733 1737 789 Etiam
1809 733 2138 806 potentiam

491 825 620 893 ejus
672 824 895 878 vidistis
953 839 1060 894 per
1120 839 1314 878 meum
1369 825 1718 895 potentiam,
1780 839 1883 894 per
1939 823 2144 879 divina

493 915 685 988 signa,
718 930 854 988 quae
900 913 1058 969 dedi.
1114 916 1260 970 Nam
1321 930 1454 985 quae
1515 929 1626 984 ego
1681 931 1953 987 possum,
2013 914 2142 969 haec

494 1011 550 1061 et
577 1005 693 1060 ille.

566 1097 720 1149 Vers.
752 1095 806 1151 8.
838 1094 988 1149 Dicit
1019 1123 1082 1133 —
1112 1092 1289 1149 nobis.
1334 1124 1386 1133 -—
1434 1094 1510 1148 Et
1577 1093 1801 1163 sufﬁcit
1852 1093 2027 1157 vobis,
2083 1097 2145 1148 ut

496 1183 601 1254 qui
625 1183 828 1253 tejam
859 1187 1034 1238 antea
1064 1182 1474 1251 cognovimus.
1537 1183 1686 1248 Quia
1731 1198 1869 1253 ergo
1928 1181 2147 1255 (IltiBSi-

497 1271 580 1327 vit
621 1286 796 1327 nosse
859 1273 1110 1336 Patrem,
1166 1272 1429 1328 ostendit
1473 1272 1736 1328 Christus
1789 1271 1946 1343 quod
2008 1287 2144 1326 eum

494 1361 622 1433 jam
655 1366 875 1416 nosset.

571 1451 732 1506 Vers.
765 1452 818 1504 9.
847 1452 947 1507 Ait
973 1483 1042 1490 —
1070 1451 1352 1522 Philippe
1373 1450 1399 1504 ?
1433 1451 1917 1522 lnterrogationis
1947 1466 2146 1507 sermo

501 1544 588 1595 est
619 1561 631 1592 :
667 1542 855 1596 Tanto
885 1547 1144 1610 tempore
1193 1542 1487 1597 vobiscum
1538 1559 1685 1604 sum,
1745 1541 1947 1597 divina
1977 1541 2149 1610 signa

501 1643 782 1700 operans,
816 1635 870 1684 et
898 1629 972 1684 ab
1037 1629 1129 1684 his
1185 1646 1303 1685 non
1348 1631 1676 1700 cognovisti
1707 1647 1819 1695 me,
1863 1631 1997 1702 quis
2036 1630 2148 1684 sim

1811 248 2161 307 EUTHYMII
2212 243 2542 310 ZIGABENI

560 379 1020 452 Chrysostomus
1080 392 1237 442 vero,
1290 375 1644 448 Cognosoetis
1705 376 2135 448 interpretatur,
2169 375 2215 428 Α

3673 275 3773 334 1396

2323 377 2382 431 '0
2475 377 2534 435 δὲ
2607 388 2988 460 Χρυσόο-τομος
3059 388 3138 462 (6)
3206 395 3462 447 Γνώσεσθι
3554 395 3778 469 ἑρμηνεύεῦ

2255 473 2416 540 ἤγουν
2485 473 2603 524 ὅσον
2653 477 2796 526 οὔπω
2850 482 3110 547 γνώσεσθε
3179 481 3347 549 αὐτὸν,
3421 487 3486 546 ὡς
3547 507 3779 560 προσηκον,

2256 559 2685 632 ἐπιφοιτήσαντος
2716 565 2836 636 ὑμῖν
2863 574 2952 619 τοῦ
2984 567 3135 640 ἁγίου
3177 576 3484 644 Πνεύματος.

2329 744 2429 792 Καὶ
2493 740 2748 815 ἑωράκατε
2807 745 2982 813 αὐτόν,
3039 752 3137 800 Καὶ
3200 748 3452 824 ἑωράκατε
3521 757 3604 809 τὴν
3667 753 3786 806 δύη-

2255 848 2342 899 μιν
2373 829 2531 881 αὑτοῦ
2565 827 2656 883 διὰ
2683 840 2776 894 τῆς
2807 832 2930 906 ἐμῆς
2975 832 3258 909 δυνάμεως,
3292 836 3384 891 διὰ
3412 849 3505 892 τῶν
3547 844 3788 916 ὑεοπρεπῶν

2257 923 2484 990 σημείων
2535 919 2600 970 ὧν
2651 920 2897 981 ἐποίησα.
2959 930 3018 976 ⁴Α
3069 929 3170 1001 γὰρ
3224 926 3321 1000 ἐγὼ
3379 926 3612 1002 δύναμαι,
3661 941 3791 984 ταῦτα

2257 1027 2509 1069 κακεινος.

2335 1102 2480 1170 Λέγιι
2526 1130 2593 1138 -—
2625 1101 2767 1171 ἡμῖν.
2821 1133 2889 1141 ——
2952 1109 3051 1156 Καὶ
3094 1104 3242 1177 ἀρκεῖ
3291 1108 3433 1179 ἡμῖν,
3487 1110 3551 1169 ὡς
3600 1113 3650 1162 ei
3700 1117 3793 1171 τέως

2260 1184 2557 1257 ἐγνωκόσιν.
2629 1188 2770 1243 Ἐπεὶ
2821 1188 2908 1243 οὖν
2961 1191 3186 1257 ἐζήτησε
3237 1205 3426 1266 γνῶναι
3474 1201 3555 1249 τὸν
3610 1203 3790 1273 Πατέρα,

2262 1272 2522 1329 δείκνυσιν
2553 1279 2578 1329 6
2602 1284 2835 1352 Χριστὸς
2859 1283 2938 1333 ὅτι
2968 1279 3106 1334 οἶδεν
3136 1283 3306 1338 αὐτὸν.

2333 1460 2485 1528 Λέγει
2537 1490 2606 1499 --
2653 1459 2903 1530 Φίλιππῆ
2963 1463 3086 1516 Κατ’
3142 1464 3393 1539 ἐρώτησιν
3446 1467 3470 1519 6
3527 1466 3679 1538 λόγος.
3725 1477 3798 1523 Το-

2264 1554 2448 1598 σούτον
2508 1553 2700 1621 χρόνον
2768 1554 2883 1622 μεθ’
2967 1554 3110 1626 ὑμῶν
3173 1555 3299 1621 εἰμι,
3397 1557 3680 1630 θεοσημείας
3734 1560 3798 1632 ἐρ-

2260 1640 2566 1708 γαζόμενος,
2617 1645 2705 1692 καὶ
2744 1641 2837 1693 οὐκ
2868 1644 3095 1712 ἔγνωκάς
3135 1664 3199 1716 με
3229 1643 3329 1697 ἀπὸ
3371 1649 3573 1711 τούτων,
3617 1652 3685 1709 τίς
3720 1649 3800 1720 εἰμι

501 1717 786 1788 dignitate
819 1725 873 1773 cl
911 1719 1174 1791 potentia
1202 1721 1229 1776 ?
1286 1720 1447 1791 quod
1507 1723 1658 1776 Deus
1714 1718 2141 1791 omnipotens?

2262 1730 2354 1782 τὴν
2393 1725 2540 1788 ἀξίαν
2584 1733 2670 1781 καὶ
2700 1734 2792 1787 τὴν
2844 1727 3102 1803 dumut»;
3154 1736 3234 1785 ὅτι
3265 1739 3391 1795 Θεὸς
3437 1734 3798 1808 nouitati-hamos.

503 1808 657 1864 Sane
697 1808 944 1864 omnino
976 1809 1303 1878 cognovisti
1340 1826 1452 1872 me,
1487 1814 1543 1865 et
1595 1824 1972 1880 consequens
2004 1824 2146 1878 ergo

501 1899 606 1961 est,
649 1901 713 1952 ut
760 1903 815 1952 et
867 1898 1101 1953 Patrem
1153 1899 1553 1970 cognoveris;
1610 1914 1753 1954 nam
1807 1899 2008 1968 imago
2041 1913 2147 1969 per

500 1986 704 2042 omnia
725 1985 930 2042 similis
963 2004 1094 2042 sum
1121 2003 1231 2057 ego
1264 1987 1472 2043 Patris.

571 2077 730 2130 Vers.
765 2076 818 2132 9.
848 2076 959 2142 Qui
994 2109 1062 2116 —
1089 2080 1353 2134 Patrem.
1429 2077 1538 2143 Qui
1585 2093 1782 2132 meam
1867 2076 2146 2145 cognovit

499 2164 853 2235 dignitatem
927 2170 985 2222 et
1069 2166 1417 2238 potentiam,
1503 2166 1782 2236 cognovit
1844 2174 1900 2221 et
1960 2165 2145 2220 Patris

497 2254 840 2323 dignitatem
900 2271 969 2310 ac
1019 2256 1346 2327 potentiam
1419 2275 1431 2313 :
1477 2272 1685 2310 sumus
1736 2270 2001 2326 namque
2045 2271 2146 2326 per

497 2345 701 2399 omnia
731 2344 973 2409 similes,
1003 2349 1058 2400 et
1107 2360 1262 2400 unus
1316 2360 1422 2417 per
1477 2345 1728 2401 alterum
1762 2349 1970 2400 mutuo
2004 2359 2141 2414 cog-

495 2431 826 2488 noscimur.

565 2521 726 2576 Vers.
757 2525 808 2577 9.
844 2521 923 2576 Et
969 2552 1037 2562 —
1067 2524 1303 2578 Patrem
1355 2521 1385 2577 ‘i‘
1408 2522 1724 2588 Quomodo
1781 2537 2143 2593 cognoscere

491 2612 681 2683 cupis,
713 2625 892 2684 quem
932 2611 1049 2681 jam
1083 2611 1414 2681 cognovisti
1463 2612 1490 2666 *ἲ
1547 2611 1856 2684 quomodo
1899 2613 2143 2685 quieris,

491 2700 656 2774 quod
686 2700 892 2756 habes.
925 2701 952 2756 ‘I

563 2791 944 2863 Alioquoque
972 2789 1154 2846 modo
1174 2789 1582 2859 intelliguntur
1607 2789 1736 2845 haec
1759 2790 1960 2856 verba,
1985 2790 2142 2863 quod

489 2881 796 2950 quaerebat
815 2879 1116 2952 Philippus
1135 2879 1335 2936 videre
1353 2879 1585 2935 Patrem
1602 2879 1984 2935 sensibilibus
2003 2896 2143 2935 ocu-

488 2967 576 3036 lis,
615 2969 864 3024 audiens
906 2969 1171 3025 fortassis
1211 2984 1244 3023 a
1298 2968 1500 3024 multis
1554 2968 1894 3041 frequenter
1944 2969 2138 3023 visum

2261 1821 2363 1868 Ναὶ
2393 1819 2592 1877 παντως
2639 1821 2858 1889 ἔγνωκάς
2908 1841 3002 1893 με·
3065 1828 3154 1875 καὶ
3206 1823 3250 1874 εἰ
3281 1827 3506 1894 ἔγνωκάς
3551 1845 3623 1898 με,
3659 1826 3800 1878 λοιπον

2260 1907 2485 1976 ἔγνωκας
2519 1909 2600 1958 τὸν
2631 1913 2836 1981 Πατέρα
2862 1928 2872 1938 ·
2907 1909 3052 1962 εἰκὼν
3082 1913 3182 1986 γὰρ
3214 1913 3600 1986 ἀπαράλλακτος
3623 1914 3706 1985 ἐγὼ
3731 1923 3802 1966 τοῦ

2261 1999 2481 2068 Πατρός.

2329 2083 2386 2134 Ὀ
2403 2115 2470 2123 -
2495 2089 2717 2158 Πατέρα.
2741 2085 2799 2139 Ὀ
2821 2085 3055 2159 ἐγνωκὼς
3072 2094 3159 2146 τὴν
3183 2089 3312 2162 ἐμὴν
3336 2090 3482 2154 ἀξίαν
3503 2097 3585 2144 καὶ
3605 2089 3801 2164 δύναμιν,

2260 2176 2446 2243 ἔγνωκε
2466 2179 2558 2233 τὴν
2588 2183 2679 2227 τοῦ
2713 2183 2911 2251 Πατρός
2935 2195 2949 2208 ’
2997 2177 3389 2254 ἀπαράλλακτοι
3418 2185 3516 2256 γὰρ
3555 2183 3702 2253 ἡμεῖς,
3735 2186 3801 2232 καὶ

2226 2277 2228 2280 '
2261 2259 2295 2315 δ
2301 2261 2331 2313 ι’
2362 2262 2590 2322 ἀλλήλων
2619 2266 3012 2340 γνωριζόμενοι.

2334 2517 2430 2565 Καὶ
2473 2545 2540 2554 -
2571 2519 2814 2588 Πατέρα;
2877 2522 2990 2578 Πῶς
3045 2515 3204 2578 θῦ.εις
3250 2527 3448 2590 γνῶναι
3489 2519 3540 2571 ὃν
3585 2522 3802 2591 ἔγνωκας

2259 2610 2363 2663 πῶς
2390 2603 2561 2666 ζητεῖς
2587 2604 2611 2657 ὃ
2643 2607 2786 2676 ἔχεις
2809 2621 2822 2672 ;

2327 2787 2582 2833 Νοοῦνται
2643 2779 2702 2836 δὲ
2767 2787 2850 2835 καὶ
2918 2784 3095 2858 ἑτέρως
3161 2787 3227 2837 τὰ
3283 2785 3441 2860 ῥητὰ,
3507 2788 3580 2838 ὅτι
3629 2784 3805 2845 ἐζήτητι

2255 2873 2344 2941 μὲν
2407 2871 2433 2922 6
2491 2871 2745 2934 Φίλιππος
2790 2869 2920 2925 ἰδεῖν
2977 2877 3062 2925 τὸν
3132 2879 3348 2948 Πατέρα
3415 2883 3518 2935 τοῖς
3581 2874 3806 2932 αἰσθητοῖς

2256 2957 2557 3032 ὀφθαλμοῖς,
2615 2964 2742 3022 ἴσως
2797 2960 2993 3013 ἀκούων
3051 2965 3311 3035 ὁραθῆναι
3364 2965 3562 3025 πολλοῖς
3611 2962 3806 3020 πολλάκις

488 3073 617 3113 esse
656 3058 980 3131 prophetis,
1018 3058 1213 3129 specie
1262 3074 1332 3114 ac
1377 3058 1570 3126 ﬁgura
1612 3058 1894 3122 humana,
1949 3058 2141 3113 addit-

2255 3057 2352 3100 τῶν
2417 3060 2690 3124 προφητῶν
2761 3050 2809 3102 ἐν
2872 3051 3170 3124 ἀνθρωπίνῳ
3235 3051 3368 3107 εἴδει
3435 3060 3521 3106 καὶ
3585 3059 3803 3125 σχήματι.

487 3163 599 3219 que
631 3164 643 3202 :
679 3147 756 3202 Et
785 3148 1009 3216 sufﬁcit
1041 3147 1228 3214 nobis,
1261 3152 1321 3202 ut
1361 3146 1454 3220 qui
1506 3147 1701 3218 ipsum
1757 3147 1964 3202 Filium
2009 3147 2138 3217 jam

483 3236 706 3292 videret
731 3252 800 3291 ac
829 3240 1048 3290 nosset.
1109 3237 1366 3292 Christus
1409 3241 1610 3292 autem
1654 3238 1926 3302 ostendit,
1973 3236 2135 3308 quod

484 3341 680 3398 neque
701 3342 764 3381 se
784 3327 1014 3382 vidisset
1031 3341 1223 3399 neque
1243 3331 1442 3382 nosset
1461 3326 1792 3381 secundum
1815 3326 2134 3382 divinitatis

483 3421 782 3470 naturam.
823 3414 968 3470 Dicit
993 3430 1136 3484 ergo
1167 3415 1218 3470 ei
1247 3415 1479 3486 prolata
1499 3415 1768 3483 negative
1797 3416 2086 3471 sententia
2119 3429 2130 3466 :

491 3505 680 3559 Tanto
707 3511 966 3571 tempore
990 3505 1285 3559 vobiscum
1312 3520 1436 3559 sum
1463 3509 1656 3560 etnon
1686 3505 2000 3574 cognovisti
2023 3519 2132 3568 me,

483 3592 764 3659 Philippe
798 3608 810 3656 ;
842 3607 981 3645 nam
1011 3590 1214 3646 divina
1263 3596 1478 3646 natura
1525 3591 1705 3646 videri
1754 3607 1866 3646 non
1920 3597 2130 3662 potest,

484 3696 594 3737 nec
637 3679 936 3750 cognosci.
987 3680 1096 3745 Qui
1125 3680 1265 3736 vidit
1295 3695 1404 3746 me,
1447 3680 1594 3735 vidit
1624 3687 1679 3735 et
1723 3682 1955 3736 Patrem
1985 3697 2004 3745 ;
2031 3681 2134 3752 qui

484 3782 623 3824 vero
656 3782 750 3822 me
778 3767 974 3821 videre
1003 3781 1122 3822 non
1152 3772 1364 3838 potest,
1418 3783 1612 3838 neque
1663 3768 1891 3823 Patrem
1934 3767 2134 3824 videre

483 3860 698 3928 potest.
734 3858 795 3912 Et
823 3855 1132 3926 quomodo
1174 3862 1234 3912 tu
1259 3855 1410 3911 dicis
1445 3876 1457 3915 :
1505 3857 1751 3912 Ostende
1800 3859 1965 3914 nobis
2031 3859 2139 3913 Pa-

486 3952 656 4011 trem,
689 3961 825 4001 cum
858 3959 966 4000 nec
993 3961 1088 4000 me
1114 3945 1352 4009 videris,
1383 3961 1492 4001 nec
1531 3948 1902 4016 cognoveris,
1945 3964 2135 4020 quan-

485 4051 672 4108 quam
699 4038 752 4090 te
785 4033 1050 4104 opinaris
1077 4039 1130 4089 et
1159 4034 1379 4090 vidisse
1410 4041 1463 4090 et
1493 4035 1847 4106 cognovisse
1878 4052 1969 4091 me
2005 4036 2034 4090 ἲ)

561 4126 720 4179 Vers.
751 4123 834 4178 10.
881 4124 1017 4179 Νοη
1069 4155 1134 4163 -
1167 4129 1247 4180 est
1278 4123 1306 4178 ?
1356 4125 1520 4190 Quod
1579 4130 1786 4180 mutuo
1838 4141 1991 4182 unus
2035 4142 2140 4198 per

491 4213 738 4270 alterum
780 4212 1206 4282 cognoscimur
1245 4217 1532 4285 tanquam
1592 4215 1842 4270 omnino
1892 4216 2136 4271 similes.

492 4305 700 4368 Quaere
755 4306 954 4359 autem
1015 4301 1171 4358 circa
1232 4301 1410 4356 tinem
1475 4303 1689 4359 decimi
1760 4306 1972 4376 capitis
2043 4306 2143 4361 ubi

493 4391 708 4448 dicitur
758 4408 770 4448 :
840 4393 912 4448 Ut
969 4391 1332 4461 cognoscatis
1385 4400 1437 4447 et
1494 4393 1768 4462 credatis,
1826 4395 1980 4464 quod
2034 4397 2140 4450 Pa-

495 4487 580 4538 ter
605 4483 666 4538 in
696 4497 782 4538 me
819 4487 922 4548 est,
951 4487 1003 4538 et
1035 4496 1138 4552 ego
1188 4480 1250 4537 in
1309 4496 1372 4537 eo
1404 4482 1471 4545 ⁸³,
1524 4486 1581 4537 et
1629 4482 1758 4554 lege
1809 4484 1937 4555 ejus
1968 4500 2141 4540 enar-

495 4570 808 4626 rationem.

572 4660 728 4713 Vers.
767 4663 846 4713 to.
905 4658 1090 4715 Verba
1125 4690 1183 4700 -
1222 4659 1451 4730 loquor.
1507 4659 1616 4716 Sed
1646 4676 1680 4716 a
1722 4661 1892 4717 Patre
1938 4679 1951 4717 :
1984 4662 2144 4735 quod

499 4748 546 4801 si
588 4763 622 4800 a
657 4747 844 4815 Patre,
887 4747 1143 4819 utiquea
1185 4749 1456 4820 meipso;
1496 4765 1637 4805 nam
1661 4765 1797 4822 quae
1835 4767 1965 4806 mea
1987 4757 2144 4819 sunt,

501 4835 678 4891 etiam
711 4834 866 4890 illius
904 4840 1043 4890 sunt
1077 4852 1090 4901 ;
1132 4842 1188 4890 et
1225 4853 1361 4907 quas
1403 4837 1578 4902 illius,
1625 4839 1800 4894 etiam
1841 4857 1965 4896 mea
1988 4847 2145 4897 sunt.

502 4924 717 4981 Omnia
757 4924 1046 4997 siquidem
1092 4925 1440 4982 communia
1484 4937 1540 4982 et
1573 4929 1829 5001 zequalia
1888 4931 2146 5001 posside-

503 5031 659 5071 mus.
731 5013 941 5071 Dicens
981 5017 1179 5072 autem
1217 5013 1290 5071 de
1337 5016 1736 5089 sermonibus,
1791 5017 1932 5075 dicit
1971 5019 2150 5077 etiam

499 5104 578 5161 de
625 5101 923 5177 operibus.

575 5226 624 5265 "
654 5225 821 5284 Joan.
870 5242 929 5294 Χ,
963 5227 1051 5282 38.

2257 3143 2352 3190 Καὶ
2416 3142 2736 3210 προσέθηκεν
2796 3142 2874 3193 ὃτι
2943 3147 3043 3194 Καὶ
3123 3140 3271 3217 ἀρκεῖ
3346 3146 3487 3216 ἡμῖν,
3561 3145 3623 3204 ὡς
3687 3142 3806 3193 αὐτὸν

2254 3232 2379 3290 τέως
2419 3231 2548 3302 ὁρῶν
2577 3235 2666 3281 καὶ
2699 3227 2870 3290 εἰδώς.
2917 3236 3154 3283 Δείκνυσι
3186 3229 3244 3284 δὲ
3294 3235 3320 3285 6
3355 3235 3578 3306 Χριστὸς
3618 3233 3685 3284 ὃτι
3716 3235 3804 3283 οὔτε

2253 3318 2406 3369 αὐτὸν
2439 3313 2569 3370 εἶδεν
2618 3315 2742 3371 οὐδὲ
2790 3315 2902 3372 οἶδε
2948 3323 3082 3372 κατὰ
3137 3325 3232 3378 τὴν
3265 3325 3426 3394 φύσιν
3456 3332 3548 3382 τῆς
3592 3323 3801 3378 θεότητος.

2251 3411 2403 3476 Λέγει
2460 3404 2547 3459 οὖν
2596 3408 2736 3478 αὐτῷ
2794 3411 2930 3460 κατὰ
2987 3407 3288 3482 ἀπόφασιν
3356 3419 3606 3464 Τοσοῦτον
3653 3414 3803 3484 χρόνον

2246 3497 2359 3570 μεθ’
2427 3498 2568 3569 ὑμῶν
2653 3497 2777 3570 εἰμι,
2843 3503 2932 3550 καὶ
2994 3499 3086 3550 οὐκ
3156 3503 3391 3568 ἔγνωκάς
3462 3521 3542 3573 με,
3608 3501 3800 3553 Φίλιππε.

2267 3588 2490 3646 Αθέατος
2531 3589 2632 3660 γὰρ
2676 3589 2704 3644 ἡ
2765 3589 2877 3639 θεία
2939 3591 3094 3660 φύσις
3160 3594 3249 3641 καὶ
3315 3588 3708 3662 ᾶγνωστος.[’0
3745 3589 3803 3658 (7)

2247 3675 2484 3746 ἑωρακὼς
2539 3674 2624 3747 ἐμὲ
2685 3675 2876 3748 ἑώρακε
2932 3681 3019 3728 τὸν
3090 3682 3338 3751 Πατέρα·
3405 3681 3431 3731 6
3485 3676 3541 3731 δὲ
3607 3680 3684 3749 ἐμὲ
3730 3681 3783 3746 μὴ

2248 3759 2527 3836 δυνάμενος
2596 3761 2723 3817 ἰδεῖν
2798 3762 2920 3818 οὐδὲ
2978 3771 3063 3818 τὸν
3131 3772 3345 3842 Πατέρα
3413 3765 3624 3820 δύναται
3685 3762 3801 3817 ἰδεῖν.

2251 3856 2350 3904 Καὶ
2398 3860 2503 3912 πῶς
2547 3857 2612 3904 σὺ
2667 3853 2850 3925 λέγεις,
2920 3855 3089 3917 Δεῖξον
3147 3858 3276 3929 ἡμῖν
3343 3861 3432 3909 τὸν
3491 3861 3694 3928 Πατέρα,
3741 3853 3804 3922 ἐμὲ

2248 3945 2320 4013 μὴ
2358 3938 2503 4007 ἰδὼν,
2535 3947 2666 4014 μήτε
2708 3947 2876 4015 γνοὺς,
2933 3945 2974 3996 εἰ
3019 3951 3107 3997 καὶ
3162 3945 3546 4019 ὑπολαμϐάνεις
3577 3941 3689 3996 ἰδεῖν
3735 3949 3801 3992 καὶ

2248 4034 2437 4101 γνῶναί
2462 4050 2524 4102 με
2550 4048 2561 4097 ;
2585 4032 2600 4100 ]

2322 4119 2397 4171 Οὐ
2430 4151 2497 4160 -—
2535 4119 2711 4187 ἐστιν;
2761 4121 2877 4174 Ὀτι
2928 4119 3001 4174 δι’
3053 4120 3286 4181 ἀλλήλων
3345 4125 3702 4196 γνωριζόμεθα,
3749 4122 3799 4176 ὡς

2252 4207 2660 4283 ἁπαροίλλακτοι.
2705 4215 2943 4269 Ζήτησον
2981 4208 3038 4264 δὲ
3069 4216 3198 4288 πρὸς
3233 4221 3308 4284 τῷ
3367 4213 3496 4266 τέλει
3550 4220 3633 4266 τοῦ
3685 4207 3799 4263 δεκά-

2253 4317 2343 4349 του
2382 4298 2658 4371 κεφαλαίου
2690 4305 2745 4353 τό
2771 4321 2782 4333 ·
2836 4300 2944 4354 Ἰνα
2979 4311 3142 4372 γνῶτε
3181 4308 3272 4355 καὶ
3323 4306 3629 4360 πιστεύσητε
3665 4303 3732 4351 ὅτι
3765 4297 3798 4347 ἐν

2254 4387 2364 4458 ἐμοὶ
2421 4390 2446 4439 6
2514 4395 2711 4461 Πατὴρ,
2773 4388 2918 4463 κάγὼ
2971 4390 3018 4442 ἓν
3071 4391 3244 4463 αὐτῷ’
3300 4398 3395 4445 καὶ
3456 4392 3691 4464 ἀνάγνωθι
3730 4393 3798 4445 τὶν

2256 4476 2508 4549 ἐξήγησιν
2540 4478 2717 4533 αὑτοῦ.

2326 4659 2402 4708 Τὰ
2442 4655 2656 4730 ῥήματα
2686 4687 2751 4696 --
2786 4657 2936 4709 λαλῶ.
3000 4658 3137 4712 Ἀλλ’
3187 4657 3289 4711 ἀπὸ
3350 4667 3441 4712 τοῦ
3481 4662 3684 4733 Πατρός.
3726 4658 3795 4704 Καὶ

2258 4744 2300 4797 εἰ
2331 4745 2430 4797 ἀπὸ
2470 4754 2560 4798 τοῦ
2599 4749 2822 4819 Πατρός,
2878 4749 2979 4820 ἄρα
3039 4746 3126 4800 ἀπ’
3189 4747 3420 4819 ἐμαυτοῦ
3445 4765 3459 4780 ·
3486 4752 3546 4800 τὰ
3596 4746 3682 4817 ἐμὰ
3723 4743 3793 4813 γὰρ

2259 4833 2469 4903 ἐκείνου,
2500 4841 2588 4886 καὶ
2627 4838 2691 4887 τὰ
2722 4834 2910 4887 ἐκείνου
2945 4835 3042 4909 ἐμ.οὲ
3067 4857 3078 4868 ·
3116 4839 3282 4889 πάντα
3311 4841 3415 4910 γὰρ
3459 4839 3600 4889 κοινὰ
3625 4840 3698 4886 καὶ
3732 4830 3793 4882 ἰαί

2257 4925 2562 4996 κεκτήμεθα.
2593 4925 2756 4978 Εἰπὼν
2781 4920 2839 4977 δὲ
2857 4930 2972 5000 περὶ
2998 4933 3098 4978 τῶν
3122 4925 3306 4998 λόγων,
3337 4927 3472 4999 λέγει
3499 4924 3699 4995 καὶπερὶ
3726 4925 3792 4969 τὼν

2261 5017 2444 5090 ἔργὼν.

1735 5411 1952 5481 Variae
1982 5413 2307 5484 lectiones
2339 5422 2406 5482 et
2446 5423 2646 5482 notas.

583 5606 670 5678 (6),
698 5607 861 5661 Tom.
908 5606 1048 5672 Vlll,
1092 5622 1150 5678 p.
1184 5606 1385 5664 432.0
1418 5607 1593 5663 Recte
1640 5615 1840 5667 autem
1861 5609 2001 5666 dixit
2047 5611 2158 5667 hoc

507 5675 639 5735 loco
651 5675 1353 5753 interpretaturJFacilius
1366 5681 1520 5738 enim
1535 5681 2154 5759 eratitainterpretari.

2267 5613 2417 5680 Ergo
2460 5616 2681 5682 textum
2709 5610 2960 5666 mutavit
2990 5609 3469 5682 Chrysostomus.

2339 5684 2419 5755 (7)
2448 5681 2682 5739 Inclusa
2703 5682 2922 5740 desunt
2951 5687 3018 5738 A.

3941 4417 3952 4824 J
