4022 6232
220 267 247 322 1
258 265 367 323 397

1211 265 1583 323 COMMENT.
1627 266 1700 324 IN
1739 265 2092 326 JOANNEM.
2135 303 2204 314 —-
2242 275 2392 330 CAP.
2436 275 2575 332 XIV.

3455 285 3597 343 1398

289 391 350 446 ’0
382 390 442 447 δι
480 396 658 468 Πατὴρ
690 423 757 436 -
789 396 934 469 ἔργα.
987 398 1123 470 Πρὸς
1153 402 1224 466 τῷ
1250 393 1380 448 τέλιι
1411 397 1500 468 μὲν
1541 402 1632 447 τοῦ
1670 394 1795 468 sipo

2008 403 2168 458 Vers.
2233 407 2315 459 10.
2365 404 2544 460 Pater
2608 408 2806 461 autem
2873 435 2942 447 -—-
3015 421 3217 476 opera.
3259 408 3346 466 Ad
3403 409 3587 468 ﬁnem

215 486 373 554 μένου
413 483 690 554 κεφαλαίου
722 480 876 537 εἶπεν·
909 485 967 538 Εἰ
1006 485 1063 538 ού
1092 494 1222 537 ποιῶ
1253 489 1317 537 τὰ
1348 488 1474 558 ἔργα
1499 490 1590 537 τοῦ
1619 485 1822 556 Πατρός

213 593 341 644 μου,
389 578 460 645 μὴ
496 577 763 626 πιστεύετέ
797 591 906 646 μοι·
941 574 1158 627 ἐνταῦθα
1190 572 1248 627 δὲ
1278 574 1413 646 λέγει
1444 577 1524 626 ὅτι
1546 572 1604 626 Ὀ
1636 577 1816 644 Πατήρ

213 670 357 714 ποιεῖ
395 665 459 714 τὰ
496 665 642 736 ἔργα,
685 664 719 714 οἶ
744 663 1036 738 ἐργάζομαι
1078 660 1340 722 δηλονότι.
1378 669 1476 716 Καὶ
1504 667 1619 715 τότε
1644 659 1701 714 δὲ
1728 666 1818 712 καὶ

212 759 304 802 νῦν
335 755 392 804 τὸ
424 752 550 803 αύτό
602 752 850 824 ἐνέφηνεν,
916 755 996 804 ὅτι
1037 755 1103 805 τὰ
1154 756 1288 805 αύτὰ
1326 757 1413 804 καὶ
1448 749 1698 805 δύνανται
1727 756 1816 802 καὶ

215 839 473 894 θελουσιν.
525 839 586 896 Ὀ
626 847 794 894 τοίνυν
853 847 1033 915 Πατὴρ
1085 841 1228 895 λαλεῖ
1267 846 1357 915 μὲν
1407 838 1502 894 διὰ
1533 848 1623 893 τοῦ
1669 842 1812 907 Υἱοῦ,

211 932 279 989 ὡς
307 927 402 982 διὰ
445 926 613 1002 [ἰδίου
659 932 735 1002 (8)
767 929 944 1002 λόγουσ
990 930 1265 1005 ἐργάζεται
1307 928 1364 984 δὲ
1395 927 1487 984 διὰ
1517 937 1607 983 τοῦ
1666 932 1810 993 Υίοῦ,

209 1020 284 1079 ὡς
337 1015 453 1091 διὰ]
504 1015 644 1081 ἰδίας
681 1015 968 1092 δυνάμεως.
1023 1025 1090 1073 Τὸ
1139 1019 1197 1073 δὲ
1249 1019 1307 1072 Ὁ
1366 1020 1413 1072 ἐν
1474 1023 1587 1092 ἐμοὶ
1627 1023 1807 1092 μένων,

210 1105 327 1160 ἀντὶ
359 1117 468 1173 τοῦ,
509 1107 564 1162 Ὁ
605 1113 676 1181 μὴ
709 1114 1096 1183 κεχωρισμένος
1135 1114 1164 1169 ἧ
1210 1111 1234 1162 ὁ
1269 1107 1342 1163 δι’
1373 1109 1497 1182 ἐμοῦ
1534 1129 1809 1185 χαρακτη-

201 1197 495 1271 ριζὸμενος.

283 1379 556 1430 Πιστεύετε
636 1408 705 1416 ο·-
775 1377 910 1450 ἐμοὶ.
985 1381 1258 1431 Πιστεύιτέ
1313 1398 1404 1451 μοι
1459 1377 1659 1449 λέγοντι
1725 1380 1806 1431 ὅτι

198 1463 305 1535 ἐγὼ
360 1464 407 1516 ἐν
453 1473 523 1536 τῷ
580 1470 766 1541 Πατρὶ,
821 1472 910 1519 καὶ
968 1469 992 1518 ὁ
1059 1473 1236 1540 Πατὴρ
1303 1470 1352 1520 ἑν
1409 1467 1524 1539 ἐμοὶ
1588 1469 1804 1540 θεωρού-

194 1555 358 1624 μεθα.

275 1642 338 1695 Εἰ
394 1639 452 1695 δὲ
499 1649 569 1715 μὴ
634 1675 700 1684 —
756 1666 866 1718 μοι.
919 1648 978 1699 Ei
1034 1643 1092 1698 δὲ
1139 1651 1209 1718 μὴ
1270 1649 1538 1698 πιστεύετέ
1578 1665 1668 1716 μοι
1708 1641 1800 1698 διὰ

197 1734 325 1792 τοὺς
379 1732 562 1804 λόγους
608 1755 728 1806 μου,
781 1738 874 1786 κοίν
927 1732 1018 1788 διὰ
1069 1738 1134 1788 τὰ
1183 1739 1308 1808 ἔργα
1351 1735 1484 1787 αὐτὰ
1530 1737 1799 1787 πιστεύετέ
1834 1750 1878 1804 Β

196 1920 273 1978 τῷ
319 1911 446 1963 τέλει
500 1909 557 1964 δὲ
605 1915 794 1985 ὁμοίως
849 1921 939 1966 τοῦ
994 1910 1304 1975 δηλωθέντος
1335 1913 1612 1986 κεφαλαίου
1654 1917 1797 1986 εἴρη-

1444 2023 1552 2064 τοις
1632 2006 1798 2076 ἔργοις

195 1839 312 1890 μοι,
379 1823 609 1896 ὑπερφυῆ
665 1830 752 1875 καὶ
822 1827 1076 1898 Θεοπρεπῆ
1137 1829 1273 1879 ὄντα.
1340 1824 1464 1897 [Καὶ
1519 1828 1646 1896 πρὸς

196 2018 304 2051 κεν·
381 2001 459 2053 ὅτι
532 2004 635 2055 Κοῖν
720 2001 832 2075 ἐμοὶ
905 2008 976 2076 μη
1055 2007 1356 2072 πιστεύητε,

195 2093 530 2146 πιστεύσατε.
569 2093 587 2163 ]

273 2180 438 2252 Ἀμὴν
497 2212 562 2220 —
641 2187 865 2240 ποιήσει.
919 2182 1030 2234 Οὐκ
1101 2181 1234 2235 εἶπεν
1291 2184 1368 2235 ὃτι
1421 2189 1520 2236 Καὶ
1584 2185 1798 2256 μείζονα

192 2269 264 2318 ὧν
316 2269 642 2343 εἰργασάμην
707 2268 937 2343 δύναμαι
993 2270 1340 2344 ἐργάσασθαι·
1396 2271 1505 2323 ἀλλ’
1559 2273 1585 2323 ὃ
1629 2272 1798 2342 πολλῷ

194 2360 642 2434 θαυμασιώτερον,
725 2362 802 2412 ὅτι
892 2367 980 2413 καὶ
1058 2364 1242 2436 ἕτέροις
1331 2358 1488 2414 δώσω
1580 2371 1798 2414 τοιαῦτα

191 2445 533 2519 ἐργαζισθαυ
605 2447 726 2503 Εἶτα
805 2452 1128 2524 προστίθησι
1193 2456 1283 2503 καὶ
1349 2455 1405 2503 τὸ
1463 2454 1539 2504 ἔτι
1595 2452 1794 2523 μεῖζον,

188 2536 278 2608 15‘?
286 2557 354 2588 ων
364 2555 375 2566 ’

270 2633 372 2679 Καὶ
430 2658 493 2667 -
539 2635 769 2687 ποιήσει.
829 2635 991 2681 Τοῦτο
1043 2625 1100 2681 δὲ
1138 2638 1234 2690 τῆς
1279 2626 1547 2702 δυνάμεως
1586 2638 1676 2682 τοῦ
1716 2626 1798 2682 δε-

191 2712 429 2778 δωκότος
483 2716 623 2769 ἐστὶν
681 2715 963 2781 ἀπόδειξις.
1025 2719 1082 2770 ού
1141 2727 1232 2779 τῆς
1277 2726 1368 2771 τοῦ
1407 2727 1695 2782 ποιοῦντος.
1755 2727 1796 2770 Ο

187 2809 295 2878 γὰρ
347 2806 394 2858 ἐν
457 2814 528 2876 τῷ
581 2807 794 2879 ὀνόματι
847 2816 937 2861 τοῦ
997 2816 1231 2880 Χριστοῦ
1286 2813 1499 2880 μείζονα
1549 2817 1647 2860 τῶν
1703 2816 1796 2860 τοῦ

188 2901 431 2967 Χριστοῦ
483 2899 609 2970 ἔργα
650 2905 829 2964 ποιῶν,
881 2903 973 2956 τὴν
1020 2907 1111 2950 τοῦ
1154 2905 1384 2970 Χριστοῦ
1427 2896 1647 2971 δύναμιν
1680 2897 1799 2950 ἀνα-

189 2990 463 3061 κηρύττει.

263 3076 386 3130 Ὀτι
451 3111 517 3118 -
562 3081 867 3153 πορεύομαι.
913 3077 1096 3150 ’Υμῶνθ
1151 3083 1330 3150 φησιν,
1383 3081 1493 3130 ἐστι
1547 3086 1636 3130 τοῦ
1694 3077 1794 3130 λοι-

187 3175 294 3218 ποῦ
369 3171 428 3218 τὸ
490 3174 576 3220 καὶ
647 3171 1079 3243 θαυματουργεῖν,
1157 3166 1294 3220 ὀιοτι
1365 3167 1460 3238 ἐγὼ
1515 3171 1642 3239 πρὸς
1708 3170 1792 3219 τὸν

189 3260 403 3330 Πατέρα
453 3276 551 3328 μου
606 3260 910 3332 πορεύομαι,
979 3262 1068 3309 καὶ
1117 3257 1184 3317 εἰς
1237 3261 1330 3314 τὴν
1388 3258 1578 3308 οἰκείαν
1634 3254 1792 3319 δόξαν

186 3344 641 3418 ἀποκαθίσταριαι.
713 3354 890 3399 Ταῦτα
972 3344 1031 3398 δὲ
1107 3348 1276 3397 πάντα
1333 3347 1792 3418 παραμυθούμενος

183 3435 382 3496 αὐτούς
458 3436 613 3506 ἂιγε,
693 3436 1170 3508 σκυθρωπάζοντας
1223 3440 1311 3487 καὶ
1379 3431 1787 3508 δυσφοροῦντας,

182 3521 283 3577 διὰ
333 3529 389 3576 τὸ
436 3529 594 3597 μήπω
644 3531 914 3597 γινώσκειν
968 3529 1089 3585 τοὺς
1153 3530 1264 3596 περὶ
1319 3533 1410 3585 τῆς
1463 3523 1791 3585 ἀναστάσεως

181 3615 350 3666 αὐτοῦ
375 3614 578 3686 λόγους.

258 3708 364 3756 Καὶ
424 3734 491 3743 ——
545 3709 773 3762 ποιήσω.
835 3702 899 3755 ’⁷0
953 3705 1013 3755 οἶν
1079 3703 1334 3762 αἰτήσητε
1399 3703 1788 3776 ἐπικαλούμενοι

179 3797 239 3845 τὸ
283 3796 447 3864 ὄνομα
475 3813 594 3865 μου.
632 3798 844 3851 [Ioniam
894 3789 973 3859 δὲ,
1019 3794 1144 3858 εἷπε,
1189 3790 1394 3854 δεικνύς
1425 3797 1517 3851 τὴν
1549 3792 1785 3854 ἐξουσίαν

178 3883 370 3936 αὐτοῦ.

252 3973 368 4026 ⁴’ῐνα
412 4003 478 4012 --
517 3973 640 4042 Υὶῷ.
678 3972 809 4034 Δόξα
831 3974 932 4045 γὰρ
973 3980 1042 4042 τῷ
1085 3975 1270 4044 Πατρὶ,
1304 3973 1360 4022 τὸ
1393 3966 1785 4041 παντοδύναριον

181 4071 278 4116 τοῦ
311 4065 454 4116 Υἰοῦ.

259 4152 378 4205 Ἐὰν
417 4184 468 4192 ——
509 4155 733 4208 ποιήσω.
779 4151 911 4221 Ἐγὼ
941 4153 1010 4212 ὡς
1057 4146 1456 4221 παντοδύναριος
1485 4148 1666 4208 ἐπίσης
1715 4157 1784 4218 τῷ

183 4246 374 4312 Πατρί.
410 4245 478 4293 Τὸ
520 4240 645 4292 αὐτὸ
679 4236 736 4292 δὲ
763 4239 917 4310 λέγει,
955 4239 1178 4311 βεϐαιῶν
1209 4239 1438 4311 μάλιστα
1486 4243 1570 4290 τόν
1614 4237 1781 4308 λόγον.

181 4332 328 4384 Ἐπεὶ
363 4327 421 4382 δὲ
452 4328 673 4389 ἐκείνους
717 4333 827 4400 χρὴ
871 4329 1046 4396 αἰτεῖν,
1101 4332 1218 4390 τούς
1258 4330 1564 4399 ἀγαπῶντας
1608 4327 1783 4391 αὐτὸν,

181 4417 462 4484 διδάσκει,
513 4427 622 4480 πῶς
651 4423 759 4490 χρὴ
804 4417 1006 4489 ἀγαπᾷν
1038 4418 1210 4482 αὐτὸν,
1242 4421 1322 4470 ὁτι
1357 4417 1414 4470 οῦ
1445 4417 1580 4488 λόγῳ
1610 4423 1781 4488 μονον,

177 4509 317 4561 ἀλλὰ
341 4514 428 4561 καὶ
460 4512 610 4581 ἔργῳ.
1820 4489 1866 4544 D

255 4599 375 4650 Ἐὰν
428 4627 494 4637 -
543 4603 826 4670 τηρήσατε.
881 4603 983 4649 Τοῦ
1038 4595 1242 4666 ἀγαπᾷν
1288 4617 1349 4668 με
1395 4600 1495 4668 γὰρ
1547 4604 1782 4668 σημεῖον,

179 4689 212 4745 ἡ
262 4692 486 4760 τήρησις
524 4695 620 4738 τῶν
679 4685 888 4738 ἐντολῶν
945 4695 1043 4737 τὼν
1093 4684 1243 4756 ἐμῶν.
1292 4693 1524 4758 Τηρησις
1581 4683 1640 4738 δὲ
1689 4686 1786 4737 αύ-

179 4786 306 4846 τών,
359 4779 387 4834 ἡ
455 4777 722 4850 πλήρωσις
771 4777 799 4834 ἡ
853 4774 1074 4849 ἐργασία
1129 4775 1315 4830 αὐτῶν.
1360 4776 1500 4828 Ἐπεὶ
1551 4772 1609 4827 δὲ
1649 4775 1784 4835 εἰκὸς

179 4867 372 4926 αὐτούς
411 4863 672 4926 ἐπιζητεῖν
735 4869 827 4922 τὴν
896 4867 1198 4930 σωματικὴν
1265 4865 1424 4916 αὐτοῦ
1502 4869 1782 4916 συνουσίαν

175 4961 270 5006 καὶ
305 4957 394 5014 τὰς
426 4956 667 5015 συνήθεις
693 4953 916 5025 ὁμιλίας,
950 4956 1024 5006 ἔτι
1049 4955 1515 5028 παραμυθούμενος
1540 4957 1596 5004 τὸ
1627 4953 1784 5024 ἄλγος

177 5045 354 5098 αὐτῶν
385 5063 451 5117 φη
460 5048 534 5096 σί·

257 5138 356 5188 Καὶ
408 5164 476 5177 -
529 5135 669 5207 ύμῖν.
732 5133 988 5188 Ἐντεῦθεν
1062 5134 1286 5206 ἄρχεται
1350 5138 1620 5210 γνωρίζειν
1680 5142 1787 5196 τοῖς

255 5315 305 5349 ⁹⁰
333 5314 508 5371 Joan.
543 5321 604 5380 A,
637 5315 727 5369 27.
859 5313 905 5348 ⁹¹
939 5311 1092 5371 Ibid.
1131 5315 1218 5368 38.

1932 491 2201 562 praedicti
2267 493 2472 565 capitis
2523 493 2804 563 dixit;Si
2853 509 2973 550 non
3017 497 3184 565 facio
3247 516 3426 573 opera
3475 502 3587 559 Pa-

1931 583 2039 637 tris
2084 584 2215 646 mei,
2271 583 2456 640 nolite
2509 583 2742 640 credere
2795 584 2944 642 mihi
3003 588 3089 655 o°;
3136 588 3228 645 hic
3267 606 3403 648 vero
3452 592 3582 648 ait:

1929 673 2100 726 Pater
2127 671 2267 728 facit
2299 689 2506 745 opera,
2562 689 2700 745 quas
2749 673 3019 730 videlicet
3054 691 3164 746 ego
3217 693 3452 749 operor.
3516 685 3583 737 Et

1928 765 2067 816 tunc
2107 768 2327 828 autem,
2381 767 2436 816 et
2479 778 2638 817 nunc
2701 762 2864 819 idem
2922 765 3298 834 signiﬁcavit,
3361 785 3579 843 nempe

1925 851 2087 921 quod
2147 850 2360 906 eadem
2401 857 2457 906 et
2513 851 2738 922 possint
2808 858 2864 908 et
2933 855 3133 911 velint.
3198 856 3370 912 Pater
3433 874 3576 928 ergo

1923 938 2184 1011 loquitur
2235 956 2340 1012 per
2410 939 2637 1006 Filium,
2721 945 3010 1012 tanquam
3067 961 3169 1016 per
3221 962 3399 1012 suum
3458 964 3578 1003 ser-

1922 1044 2215 1094 monem;
2273 1034 2548 1101 operatur
2604 1046 2741 1086 vero
2803 1047 2908 1103 per
2975 1033 3206 1099 Filium,
3278 1039 3569 1109 tanquam

1921 1132 2026 1188 per
2074 1134 2246 1174 suam
2295 1118 2650 1191 potentiam.
2703 1119 2994 1177 Prmterea
3041 1122 3104 1178 in
3166 1138 3258 1180 me
3302 1139 3568 1194 manens,

1916 1206 2031 1262 hoc
2084 1212 2190 1275 est,
2243 1224 2279 1264 a
2319 1223 2416 1265 me
2460 1223 2585 1266 non
2633 1214 2973 1281 separatus,
3007 1211 3097 1267 vel
3128 1227 3234 1284 per
3284 1228 3381 1269 me
3411 1213 3570 1270 desi-

1914 1301 2152 1365 gnatus.

1985 1387 2146 1442 Vers.
2183 1393 2266 1443 tt.
2322 1387 2553 1444 Credite
2593 1417 2664 1430 —
2691 1404 2803 1446 me.
2853 1389 3084 1447 Credite
3131 1391 3278 1450 mihi
3352 1392 3567 1450 dicen-

1915 1475 1974 1542 ti,
2021 1477 2176 1549 quod
2220 1493 2332 1550 ego
2384 1477 2446 1533 in
2495 1478 2682 1545 Patre,
2771 1483 2828 1535 et
2903 1482 3069 1536 Pater
3134 1481 3191 1538 in
3259 1498 3354 1538 me
3423 1499 3563 1539 con-

1913 1564 2175 1635 spicitur.

1983 1655 2142 1710 Vers.
2198 1656 2281 1711 tt.
2326 1656 2569 1728 Alioqui
2626 1687 2693 1698 —
2726 1656 2894 1714 mihi.
2947 1659 3006 1714 Si
3064 1675 3208 1716 vero
3255 1675 3378 1716 non
3437 1677 3558 1718 cre-

1908 1742 2046 1798 ditis
2091 1743 2235 1800 mihi
2280 1750 2521 1817 propter
2572 1762 2881 1802 sermones
2931 1764 3121 1814 meos,
3181 1749 3274 1806 vel
3321 1755 3558 1824 prOpter

1908 1847 2090 1903 Opera
2132 1832 2264 1904 ipsa
2305 1835 2526 1891 credite
2567 1836 2732 1900 mihi,
2777 1853 2914 1892 cum
2942 1838 3415 1909 supernaturalia
3440 1839 3559 1895 sint

1906 1937 1977 1976 ac
2022 1922 2242 1979 divina.
2301 1924 2578 1980 Similiter
2637 1941 2880 1997 quoque
2924 1926 3002 1982 ad
3062 1926 3243 1982 ﬁnem
3289 1928 3554 2001 praadicti

1907 2011 2113 2082 capitis
2143 2012 2290 2068 dixit
2341 2029 2354 2067 :
2416 2013 2580 2078 Quod
2626 2015 2675 2069 si
2725 2015 2874 2071 mihi
2903 2031 3022 2072 non
3053 2016 3315 2084 creditis,
3361 2016 3558 2088 operi-

1908 2099 2010 2154 bus
2039 2102 2254 2158 credite
2274 2105 2342 2155 9‘.

1976 2192 2143 2248 Vers.
2228 2198 2306 2246 t2.
2373 2194 2562 2248 Amen
2627 2223 2697 2234 —
2755 2195 2955 2264 faciet.
3006 2196 3136 2250 Non
3189 2196 3338 2252 dixit
3387 2211 3400 2250 :
3441 2197 3556 2252 Ma-

1900 2281 2035 2352 jora
2086 2281 2280 2337 facere
2341 2297 2592 2353 possum
2655 2283 2749 2338 his
2814 2299 2951 2355 qua;
3016 2283 3148 2346 feci,
3215 2284 3319 2340 sed
3388 2285 3555 2357 quod

1906 2370 2238 2426 mirabilius
2284 2376 2393 2436 est,
2465 2373 2647 2426 etiam
2711 2370 2842 2426 aliis
2918 2372 3203 2441 tribuam,
3281 2377 3344 2429 ut
3421 2374 3558 2429 talia

1905 2465 2241 2532 operentur.
2287 2460 2505 2516 Deinde
2543 2461 2729 2526 addit,
2771 2461 2938 2533 quod
2977 2461 3171 2518 adhuc
3222 2462 3419 2533 majus
3471 2466 3562 2518 est

1906 2549 2109 2606 dicens
2162 2565 2176 2605 :

1979 2641 2138 2694 Vers.
2204 2641 2288 2694 t2.
2352 2640 2428 2694 Et
2492 2669 2560 2679 —
2609 2638 2809 2708 faciet.
2866 2639 2996 2696 Hoc
3045 2643 3245 2696 autem
3310 2639 3558 2696 demon-

1909 2728 2110 2783 stratio
2148 2732 2236 2782 est
2263 2727 2543 2799 potentim
2597 2743 2746 2797 ejus,
2804 2727 2908 2799 qui
2984 2727 3166 2790 dedit,
3245 2743 3366 2784 non
3433 2730 3558 2798 ejus

1907 2817 2011 2889 qui
2062 2818 2233 2885 signa
2286 2815 2406 2872 edit
2459 2833 2472 2882 ;
2525 2831 2669 2870 nam
2721 2816 2825 2888 qui
2902 2831 3009 2887 per
3074 2815 3283 2873 Christi
3331 2831 3554 2872 nomen

1907 2907 2140 2976 majora
2171 2906 2312 2962 facit
2336 2921 2532 2977 Opera,
2567 2920 2754 2975 quam
2786 2905 3054 2960 Christus
3093 2904 3366 2974 ediderit,
3393 2904 3554 2960 Chri-

1908 2995 1980 3051 sti
2015 2996 2336 3066 potentiam
2364 2995 2664 3066 praedicat.

1835 3108 1876 3164 ρ
1980 3088 2136 3140 Vers.
2198 3084 2279 3138 t2.
2335 3084 2476 3150 Quia
2534 3115 2600 3126 -—-
2653 3084 2828 3153 vado,
2891 3086 3164 3140 Vestrum
3209 3083 3420 3155 inquit,
3467 3087 3560 3138 est

1905 3175 2180 3245 deinceps
2214 3173 2501 3228 miracula
2536 3173 2787 3245 operari,
2838 3173 2982 3245 quia
3032 3188 3144 3240 ego
3196 3173 3275 3229 ad
3324 3173 3558 3228 Patrem

1905 3280 2107 3319 meum
2141 3263 2318 3332 vado,
2365 3267 2426 3318 ut
2478 3261 2538 3317 in
2586 3261 2892 3334 propriam
2949 3262 3226 3318 restituar
3282 3261 3553 3330 gloriam.

1905 3354 2036 3408 Haec
2062 3358 2259 3408 autem
2293 3351 2496 3407 omnia
2539 3351 2614 3406 ad
2658 3350 3097 3406 consolandum
3145 3366 3250 3406 eos
3295 3349 3556 3418 dicebat,

1899 3442 2062 3513 quod
2148 3441 2341 3498 tristes
2411 3444 2630 3506 essent,
2695 3455 2763 3495 ac
2809 3438 3069 3510 graviter
3128 3439 3366 3501 ferrent,
3420 3439 3558 3510 quia

1901 3547 2208 3587 sermones
2262 3529 2338 3586 de
2409 3529 2838 3586 resurrectione
2914 3529 3045 3600 ejus
3099 3544 3220 3586 non
3273 3527 3558 3601 intellige-

1898 3619 2068 3676 bant.

1972 3711 2138 3766 Vers.
2175 3709 2256 3764 l3.
2288 3711 2366 3765 Et
2393 3740 2461 3748 —
2497 3709 2749 3778 faciam.
2798 3737 2868 3748 —-
2917 3705 3218 3778 Quidquid
3271 3705 3559 3778 petieritis

1897 3798 2174 3855 invocato
2205 3798 2448 3854 nomine
2479 3813 2632 3853 meo.
2663 3796 2816 3852 Dixit
2843 3801 3042 3853 autem
3083 3795 3344 3862 Faciam,
3384 3811 3556 3852 suam

1897 3887 2223 3942 ostendens
2277 3885 2629 3958 potentiam.

1969 3976 2133 4029 Vers.
2193 3979 2273 4031 t3.
2339 3976 2410 4032 Ut
2441 4005 2510 4015 -—
2533 3975 2773 4030 Filium.
2811 3973 3005 4029 Patris
3039 3972 3338 4041 siquidem
3369 3972 3559 4042 gloria

1897 4067 1984 4118 est
2017 4063 2135 4118 Filii
2165 4063 2620 4133 omnipotentia.

1968 4153 2137 4209 Vers.
2171 4154 2254 4206 14.
2287 4151 2349 4207 Si
2361 4181 2432 4192 -
2453 4150 2706 4221 faciam.
2741 4153 2863 4220 Ego
2893 4154 3188 4221 tanquam
3216 4165 3355 4204 cum
3383 4147 3556 4205 Patre

1897 4241 2615 4313 tequaliteromnipotens.
2639 4240 2794 4293 Idem
2813 4243 3012 4294 autem
3035 4238 3198 4302 dixit,
3215 4253 3555 4294 sermonem

1898 4330 2159 4386 maxime
2180 4329 2570 4385 conﬁrmans.
2590 4327 2740 4395 Quia
2761 4343 2898 4382 vero
2925 4325 3057 4382 illos
3083 4331 3280 4398 petere
3303 4331 3550 4397 oportet,

1897 4421 1998 4491 qui
2027 4436 2161 4474 eum
2194 4418 2469 4487 diligunt,
2511 4416 2685 4472 docet
2725 4415 3035 4488 quomodo
3091 4415 3257 4471 illum
3309 4415 3554 4486 diligere

1896 4513 2184 4580 oporteat,
2215 4508 2355 4580 quia
2388 4522 2506 4562 non
2537 4505 2663 4562 solo
2697 4505 2896 4574 verbo,
2930 4504 3034 4559 sed
3067 4509 3124 4560 et
3160 4520 3368 4576 opere.

1967 4597 2130 4652 Vers.
2182 4603 2270 4654 15.
2319 4597 2378 4651 Si
2429 4604 2740 4651 —servate.
2796 4597 2946 4650 Nam
2999 4594 3334 4650 dilectionis
3407 4610 3552 4650 meae

1892 4689 2131 4757 signum
2199 4691 2290 4742 est
2341 4683 2679 4741 observatio
2735 4687 3162 4755 prmceptorum
3219 4699 3489 4740 meorum
3537 4697 3549 4735 :

1892 4793 2099 4832 eorum
2132 4793 2272 4830 vero
2303 4774 2642 4830 observatio
2661 4777 2746 4828 est
2785 4772 3103 4844 completio
3137 4777 3240 4828 aut
3277 4773 3550 4845 operatio

1893 4867 2155 4922 illorum.
2178 4867 2220 4931 Ο
2231 4863 2539 4920 uiaautem
2553 4859 2870 4916 verisimile
2883 4864 3011 4916 erat
3026 4860 3397 4934 corporalem
3417 4861 3550 4931 ejus

1894 4954 2417 5016 conversationem,
2439 4953 2798 5020 assuetaque
2815 4949 3116 5023 colloquia
3135 4965 3239 5005 eos
3255 4951 3534 5020 expetere

1894 5046 2089 5103 adhuc
2118 5041 2458 5100 consolatur
2485 5039 2714 5094 illorum
2743 5036 3032 5108 dolorem,
3051 5038 3257 5096 dicens
3289 5055 3302 5094 :

1966 5136 2133 5190 Vers.
2202 5134 2291 5188 16.
2347 5132 2421 5186 Et
2466 5157 2536 5171 —
2581 5125 2759 5184 υοὸιε.
2811 5125 2957 5182 Hinc
3012 5127 3220 5200 incipit
3258 5125 3556 5199 discipuli

1419 5491 1638 5562 Variae
1661 5492 1990 5563 lectiones
2032 5501 2099 5560 et
2123 5499 2323 5558 notae.

253 5691 333 5764 (8)
368 5689 602 5747 inclusa
632 5688 980 5746 exciderunt
1013 5696 1073 5745 A.

1969 5689 2050 5761 (9)
2082 5687 2318 5747 Inclusa
2348 5685 2584 5746 omittit.
