4022 6232
536 249 560 334 ἰ
572 275 675 335 399

1861 263 2210 324 summa
2251 265 2585 327 ZIGABENI
3702 287 3798 345 “00

535 404 810 462 notitiam
836 401 980 460 dare
1002 401 1071 458 de
1102 399 1320 474 Spiritu
1351 403 1586 458 sancto:
1615 398 1833 462 Alium,
1865 397 2191 470 inquit,Pa-

2309 397 2560 465 μαθηταῖς
2609 399 2673 450 τὰ
2722 403 2840 474 περὶ
2897 408 2988 454 τοῦ
3037 401 3185 475 ἁγίου
3248 408 3538 478 Πνεύματος.
3586 407 3735 465 Ἀλλον
3765 411 3806 469 3‘:

537 495 846 560 racletum,
866 500 1156 564 tanquam
1186 507 1298 558 me,
1329 491 1450 545 sive
1478 488 1915 544 admonitorem
1949 503 2015 542 ac
2046 502 2191 558 prm-

523 585 839 654 ‘ceptorem
899 583 956 637 in
991 579 1419 637 certaminibus
1474 579 1750 634 virtutis:
1805 577 2076 633 solatium
2123 591 2192 632 ac

539 672 877 728 subsidium
907 671 967 726 in
998 669 1439 726 afﬂictionibus.
1484 668 1695 723 Dicens
1740 667 1940 738 itaque
1990 666 2185 729 alium,

541 761 803 818 ostendit
830 776 1221 833 personarum
1252 757 1668 813 differentiam.
1709 755 1965 811 Dicendo
1992 761 2190 810 autem

549 853 948 917 Paracletum,
965 851 1086 906 sive
1101 847 1780 911 Consolatorem,docuit
1796 850 2017 900 naturae
2034 845 2194 899 iden-

525 942 767 997 ‘titatem
801 959 814 994 :
870 939 1161 1012 siquidem
1211 937 1615 994 consolatores
1649 940 1790 991 sunt
1846 940 1902 991 et
1933 934 2111 990 Filius
2141 940 2194 990 et

548 1030 798 1101 Spiritus
833 1035 1090 1084 sanctus.

535 1147 546 1156 -
616 1120 743 1174 Non
773 1125 973 1174 tamen
1001 1118 1152 1173 dixit
1203 1116 1489 1184 :Mittam,
1539 1131 1612 1170 ne
1662 1115 1760 1170 Dei
1819 1114 2197 1171 adversarius

530 1222 676 1264 ’esse
718 1207 1030 1271 videretur,
1082 1211 1139 1261 et
1185 1205 1359 1276 quasi
1414 1204 1663 1273 alicujus
1714 1204 1953 1259 alterius
1986 1206 2197 1260 virtute

545 1297 740 1354 facere
771 1312 1076 1352 sermones
1111 1311 1122 1350 :
1157 1295 1259 1350 sed
1291 1310 1449 1350 nunc
1475 1292 1716 1366 quidem
1749 1301 2094 1362 rogaturum
2134 1311 2199 1349 se

549 1389 777 1443 Patrem
810 1385 1098 1458 promisit,
1131 1389 1185 1440 et
1217 1389 1454 1456 propter
1499 1383 1719 1438 dictam
1748 1400 2018 1447 causam,
2050 1389 2105 1438 et
2139 1388 2202 1439 ut

546 1476 666 1532 ﬁde
697 1477 912 1544 dignus
941 1474 1280 1530 haberetur.
1315 1477 1376 1528 ln
1409 1472 1794 1544 sequentibus
1825 1477 2027 1527 autem
2067 1488 2202 1543 pro-

549 1566 740 1637 priam
765 1563 1384 1632 ostenditdignitatem
1399 1563 1602 1617 dicens
1621 1579 1633 1616 :
1653 1562 1718 1618 Si
1736 1579 1831 1632 ego
1846 1579 1962 1618 non
1981 1563 2199 1628 abiero,

545 1657 896 1711 'Paracletus
916 1671 1035 1710 non
1068 1655 1256 1710 veniet
1277 1654 1350 1708 ad
1375 1669 1469 1710 vos
1494 1671 1506 1720 ;
1539 1653 1589 1708 si
1612 1659 1803 1708 autem
1830 1653 2050 1716 abiero,
2071 1653 2205 1708 mit-

553 1753 668 1801 tam
709 1745 868 1802 vobis
899 1761 1028 1800 eum
1064 1746 1134 1797 θ’.
1177 1744 1243 1798 Et
1270 1759 1507 1798 rursum
1553 1759 1564 1796 :
1607 1743 1868 1811 Accipite
1906 1743 2194 1812 Spiritum

2315 1739 2466 1791 αὑτὸν
2531 1745 2662 1815 πρὸς
2742 1744 2897 1815 ὑμᾶς.

547 1841 812 1890 sanctum
852 1835 922 1888 ³⁸.

2305 487 2659 559 Παράκλητον,
2704 491 2774 551 ὡς
2820 489 2924 562 ἐμὲ,
2977 497 3116 559 ἤτοι,
3165 501 3462 568 παραινέτην
3501 507 3580 552 καὶ
3625 500 3807 560 ἀλείπτην

2303 577 2350 627 ἐν
2397 585 2506 637 τοῖς
2563 577 2742 640 ἄθλοις
2795 591 2887 644 τῆς
2963 581 3170 655 ἀρετῆς,
3238 591 3324 638 καὶ
3374 589 3479 658 (10)
3529 589 3808 661 ψυχαγωγίαν

2303 663 2351 715 ἐν
2408 674 2518 726 ταῖς
2579 667 2787 738 θλίψεσι
2837 676 2925 722 καὶ
2974 671 3262 744 ἀντῦιηψιν,
3321 676 3479 728 Εἰπὼν
3518 681 3595 748 μὲν
3629 677 3715 742 οὖν,
3757 684 3812 734 ὃτι

2303 753 2471 826 ἄλλον,
2532 753 2697 820 ἔδειξε
2745 768 2845 811 τῶν
2907 763 3242 816 ὐποστοίσεων
3294 770 3348 817 τό
3393 763 3632 841 διάφορον·
3687 777 3812 841 φήσας

2305 840 2384 911 δὲ,
2444 847 2524 897 ὅτι
2586 849 2945 921 Παράκλητον,
3004 848 3214 916 ἐδίδαξε
3264 862 3355 917 τῆς
3402 859 3583 926 φύσεως
3627 861 3674 910 τὸ
3726 880 3812 912 ταν-

2303 938 2408 988 τόν.
2462 937 2792 1008 Παράκλητοι
2834 943 2936 1012 γὰρ
2995 946 3082 993 καὶ
3131 944 3156 994 ὁ
3207 946 3322 1006 Υἱὸς
3358 950 3442 997 καὶ
3487 951 3538 998 τό
3578 954 3748 1012 Πνεῦμα
3775 956 3814 1001 τὸ

2306 1023 2473 1094 ἅγιον.

2381 1114 2489 1165 Οὐκ
2542 1113 2649 1168 εἰπε
2698 1113 2776 1182 δὲ,
2832 1120 2912 1171 ὄτι
2965 1121 3182 1193 nia-bo),
3236 1124 3315 1174 ἶνα
3352 1128 3419 1194 μὴ
3487 1122 3684 1184 ἀντιθεος
3727 1124 3818 1177 εἶναι

2310 1198 2438 1274 δόξῃ
2484 1223 2579 1269 τις,
2613 1211 2701 1259 καὶ
2741 1210 2811 1270 ὡς
2850 1208 2949 1261 ὰπὸ
2997 1210 3159 1273 ἄλλης
3201 1215 3334 1273 τινὸς
3378 1211 3593 1274 ἐξουσίας
3619 1217 3821 1266 ποιεῖσθαι
3945 1211 3947 1220 ’

2313 1246 2332 1252 -
2351 1246 2436 1274 v11.
2492 1246 2503 1255 -
2519 1246 2579 1269 υτ,
2614 1246 2701 1259 nn.
2741 1246 2811 1270 vo,
2850 1246 2949 1261 νιιιν
2997 1246 3124 1269 ωηο-ι,
3139 1249 3158 1273 δ
3208 1251 3220 1262 υ
3236 1246 3245 1261 l
3258 1246 3334 1273 ινδ
3378 1246 3513 1274 εἳυυυ
3526 1246 3592 1273 ιυι,
3621 1246 3821 1266 ιδυιιιυυυιι

2309 1297 2427 1352 τοὺς
2483 1292 2681 1364 λόγους.
2757 1296 2913 1349 Ἀλλὰ
2968 1307 3054 1350 νῦν
3104 1304 3192 1371 μὲν
3247 1300 3498 1372 ἐρωτῆσαι
3550 1306 3625 1353 τὸν
3670 1309 3824 1374 Πατέρα
3947 1246 3949 1398 Α

2318 1379 2330 1393 ν
2516 1382 2542 1398 ιλ
2739 1381 2762 1398 ι
2808 1388 2818 1398 ι
3037 1393 3046 1398 -
3154 1390 3165 1398 ι
3220 1391 3237 1398 ρ
3274 1397 3280 1398 κ
3477 1390 3488 1398 ι
3532 1395 3540 1398 -
3712 1397 3716 1398 ν
3771 1394 3782 1398 -

2311 1379 2670 1452 ἐπηγγείλατο,
2726 1381 2820 1436 διά
2885 1406 2936 1438 τε
2991 1393 3086 1446 τὴν
3140 1390 3386 1462 ῥηθεῖσαν
3439 1390 3614 1455 αἰτίαν,
3655 1397 3724 1442 καὶ
3769 1394 3827 1443 ἱνα

2310 1468 2529 1544 λογισθῇ
2581 1472 2905 1536 ἀξιόπιστος.
2956 1482 3158 1550 Προῖὼν
3207 1475 3265 1530 δὲ
3316 1483 3372 1530 τὸ
3418 1479 3586 1532 οἰκεῖον
3620 1484 3828 1552 ἐμφανίζει

2313 1559 2535 1633 ἀξίωμα,
2591 1563 2767 1634 λέγων·
2823 1565 2936 1618 Ἐὰν
2978 1565 3078 1636 ἐγὼ
3129 1573 3200 1639 μὴ
3251 1567 3466 1634 ἀπέλθω,
3503 1571 3525 1620 ὁ
3564 1571 3830 1644 Ιῐαροὲκλητος

2359 1612 2372 1623 ,
2445 1612 2451 1633 ί
2523 1612 2535 1627 ,
2838 1612 2928 1618 _-.-
2979 1612 3074 1636 -,_
3129 1612 3199 1639 Γ..
3252 1612 3466 1634 ....-..-..,
3505 1612 3524 1620 -
3564 1612 3830 1644 “arma...”

2313 1650 2404 1701 οὐκ
2459 1650 2718 1704 ἐλεύσεται
2767 1657 2892 1726 πρὸς
2931 1655 3080 1726 ὑμᾶς.
3152 1656 3267 1710 Ἐὰν
3322 1653 3379 1710 δὲ
3426 1660 3654 1733 πορευθῶ,
3694 1661 3831 1729 πέμψω
3949 1612 3951 1744 1

2988 1749 3088 1796 Καὶ
3168 1745 3340 1797 πάλιν
3428 1746 3609 1799 Λάϐετε
3679 1755 3834 1819 naria:

2314 1831 2479 1900 ἅγιον.

623 1925 736 1981 Sed
767 1923 1076 1996 quomodo
1106 1922 1182 1978 ab
1209 1922 1324 1978 alio
1355 1922 1530 1978 datur
1559 1938 1626 1978 ac
1647 1920 1913 1986 mittitur,
1941 1921 2042 1993 qui
2073 1920 2194 1976 ubi-

2386 1919 2542 1971 Ἀλλὰ
2588 1929 2693 1980 πῶς
2749 1921 2870 1995 παρ’
2937 1921 3090 1974 ἆλλου
3151 1919 3365 1976 δίδοται
3405 1929 3490 1977 καὶ
3542 1931 3756 1997 πέμπεται
3793 1931 3831 1976 τὸ

543 2027 668 2086 ‘que
706 2029 976 2086 praesens
1027 2018 1134 2076 est,
1165 2028 1392 2084 suaque
1447 2012 1654 2066 dividit
1704 2010 1973 2079 singulis,
2028 2015 2205 2082 prout

548 2103 677 2159 vult
702 2103 1064 2159 charismata
1103 2103 1151 2136 9‘
1181 2102 1207 2156 ?
1240 2104 1363 2156 Non
1391 2105 1679 2172 tanquam
1705 2116 1910 2154 servus
1931 2100 2106 2154 datur
2136 2115 2204 2154 ac

545 2191 816 2257 mittitur,
853 2192 954 2247 sed
989 2197 1276 2262 tanquam
1310 2188 1583 2259 ejusdem
1614 2193 1861 2252 natura,
1894 2193 1950 2243 et
1989 2188 2204 2243 eadem

549 2281 755 2336 volens
786 2296 920 2334 cum
955 2281 1123 2333 Patre
1151 2294 1218 2334 ac
1251 2277 1410 2334 Filio.
1443 2278 1566 2332 Non
1600 2277 1758 2332 enim
1792 2277 1946 2332 sicut
1982 2277 2110 2333 haec
2142 2277 2204 2332 in

2313 2017 2590 2081 πανταχοῦ
2638 2014 2801 2085 παρὸν
2865 2017 2953 2064 καὶ
3013 2009 3254 2086 διαιροῦν
3316 2011 3426 2086 ἰδίᾳ
3482 2015 3660 2085 ἑκάστῳ
3706 2017 3835 2075 καθώς

2316 2097 2560 2169 βούλεται
2621 2101 2686 2150 τὰ
2733 2105 3082 2172 χαρίσματα;
3141 2102 3261 2172 Οὐχ
3322 2106 3390 2164 ὡς
3438 2100 3624 2168 δούλον,
3669 2103 3755 2154 ἀλλ’
3792 2108 3836 2161 ὡς

2315 2187 2550 2258 ὁμοφυες,
2610 2192 2698 2239 καὶ
2746 2192 2808 2240 τὰ
2862 2190 2994 2242 αὐτὰ
3037 2199 3108 2260 τῷ
3157 2196 3328 2262 Πατρὶ
3357 2195 3443 2243 καὶ
3479 2201 3543 2262 τῷ
3585 2195 3675 2261 Τίῷ
3703 2192 3837 2265 βουλο-

2315 2295 2480 2346 μενον.
2537 2276 2612 2329 Οὐ
2669 2280 2769 2352 γὰρ
2820 2280 2992 2352 ὥσπερ
3048 2279 3132 2332 ἐπὶ
3177 2290 3276 2332 τῶν
3328 2290 3559 2345 κτιστών,
3611 2283 3723 2333 οὕτω
3774 2287 3836 2331 καὶ

551 2369 833 2424 creaturis
873 2368 1226 2438 significant,
1267 2368 1348 2422 ita
1405 2372 1461 2422 et
1491 2366 1550 2420 in
1589 2365 1866 2421 Trinitate
1918 2366 2201 2422 increata.

551 2458 804 2513 Etdatur
833 2457 1076 2530 quidem
1113 2472 1147 2512 a
1183 2459 1373 2520 Patre,
1403 2462 1598 2527 utpote
1620 2455 1814 2511 abillo
1849 2456 2198 2528 procedens,

549 2546 796 2601 mittitur
834 2561 974 2602 vero
1005 2562 1040 2601 a
1070 2544 1216 2600 Filio
1246 2543 1418 2616 quasi
1446 2559 1776 2615 cooperans
1819 2551 1875 2599 et
1913 2549 2032 2600 non
2063 2561 2200 2601 con-

549 2636 787 2690 trarius.
819 2635 1197 2706 Nuncitaque
1223 2634 1349 2688 dari
1375 2650 1444 2689 ac
1473 2634 1620 2688 mitti
1648 2633 1730 2688 ait
1755 2633 2031 2704 Spiritum
2066 2651 2200 2691 san-

549 2729 708 2781 ctum
744 2725 842 2780 :in
878 2723 1260 2795 sequentibus
1285 2727 1484 2778 autem
1518 2723 1696 2777 etiam
1722 2722 1904 2793 hujus
1945 2724 2202 2781 ostendit

545 2818 898 2886 potestatem
939 2812 1144 2868 dicens
1178 2828 1191 2867 :
1227 2814 1372 2867 Cum
1399 2817 1595 2868 autem
1627 2814 1850 2868 venerit
1881 2813 1982 2868 ille
2040 2815 2110 2878 9‘,
2146 2818 2202 2870 et

545 2907 777 2958 caetera.

615 2993 779 3048 Vers.
809 2995 890 3047 l6.
916 2991 984 3047 Ut
1014 3021 1078 3031 --
1101 2996 1395 3048 aeternum.
1423 2990 1531 3054 Qui
1555 3005 1660 3044 nec
1677 2995 1812 3060 post
1837 2995 2088 3046 mortem
2107 3007 2198 3046 ve-

544 3084 728 3136 stram
755 3085 1081 3152 separetur.
1110 3078 1332 3135 Deinde
1350 3079 1527 3134 etiam
1549 3078 1741 3146 docet,
1770 3078 1902 3151 quis
1935 3081 2010 3135 sit
2041 3079 2196 3135 alius

542 3169 897 3226 Paracletus.

614 3260 775 3315 Vers.
799 3265 896 3314 .47.
929 3259 1212 3318 Spiritum
1236 3257 1513 3314 veritatis.
1546 3259 1664 3313 Hoc
1690 3262 1795 3322 est,
1831 3273 2037 3314 verum
2069 3260 2191 3315 sive

541 3349 936 3420 praecipuum,
966 3353 1260 3420 quantum
1278 3348 1354 3403 ad
1374 3347 1525 3402 alios
1554 3346 1812 3418 spiritus.
1835 3350 1981 3403 Nam
2011 3353 2068 3402 et
2093 3364 2195 3403 an-

541 3437 705 3508 gelus
735 3438 950 3492 dicitur
975 3437 1206 3508 spiritus
1233 3441 1288 3492 et
1323 3436 1530 3491 anima
1560 3440 1616 3490 et
1647 3441 1859 3490 ventus
1903 3452 1972 3491 ac
1999 3437 2190 3508 plera-

541 3543 660 3598 que
691 3526 826 3582 alia.
854 3530 930 3582 Ne
958 3532 1159 3581 autem
1183 3525 1366 3580 alium
1393 3525 1669 3596 spiritum
1700 3524 2031 3590 audientes,
2057 3543 2190 3580 sus-

542 3615 816 3686 picentur
836 3617 1013 3670 etiam
1036 3615 1203 3669 illum
1240 3629 1370 3668 esse
1402 3613 1461 3668 in
1489 3628 1688 3681 carne,
1713 3630 1782 3669 ac
1809 3615 2190 3671 sensibilibus

542 3703 827 3758 visibilem
863 3702 1073 3769 oculis,
1114 3703 1193 3758 ait
1238 3718 1249 3757 :

612 3792 770 3846 Vers.
806 3794 891 3846 17.
929 3792 1104 3855 Quem
1131 3822 1198 3830 ——
1224 3790 1510 3859 accipere.
1540 3793 1665 3846 Non
1706 3796 1898 3863 potest
1924 3795 2191 3867 accipere

545 3879 922 3936 sensibiliter.

617 3971 775 4026 Vers.
819 3971 900 4026 t7.
944 3969 1089 4036 Quia
1120 4001 1188 4010 —
1216 3986 1365 4025 eum.
1396 3969 1806 4042 Corporaliter,
1836 3987 1973 4029 cum
2005 3973 2079 4029 sit
2107 3974 2192 4028 in-

540 4059 890 4132 corporalis.

612 4152 772 4205 Vers.
828 4155 909 4204 l7.
960 4150 1083 4206 Nec
1141 4151 1428 4220 cognoscit
1458 4164 1603 4205 eum.
1648 4152 1791 4205 Cum
1851 4149 2019 4206 illum
2069 4167 2190 4208 non

540 4240 754 4296 videat.

613 4328 956 4400 Intelligitur
977 4332 1176 4384 autem
1199 4331 1254 4383 et
1271 4327 1466 4383 aliter:
1485 4329 1648 4400 quod
1672 4328 1719 4383 is
1761 4329 1855 4384 cui
1882 4330 2192 4386 mundana

539 4435 693 4474 cura;
725 4423 886 4481 sunt,
913 4434 1032 4473 non
1083 4422 1276 4488 potest
1301 4416 1466 4472 illum
1517 4418 1834 4488 suscipere,
1878 4420 2019 4490 quia
2068 4435 2188 4475 non

2316 2363 2399 2416 ἐπὶ
2449 2374 2539 2425 τῆς
2596 2365 2846 2419 ἀκτίστου
2899 2364 3125 2440 Τρισίδος
3176 2373 3241 2421 τὰ
3289 2378 3502 2422 τοιαῦτα
3557 2375 3832 2441 σημαίνοντι.

2319 2459 2417 2506 Καὶ
2457 2451 2667 2507 δίδοται
2719 2460 2808 2527 μὲν
2861 2459 2915 2508 ἐκ
2963 2465 3053 2509 τοῦ
3113 2463 3342 2532 Πατρός,
3387 2461 3450 2519 ὡς
3486 2458 3535 2522 ἐξ
3572 2460 3707 2511 αὐτοῦ
3730 2459 3840 2510 ἐκπο-

2313 2549 2604 2615 ρευόμενονο
2661 2549 2917 2617 πέμπεται
2975 2543 3033 2598 δὲ
3085 2552 3234 2619 Παρὰ
3288 2558 3382 2600 τοι)
3421 2552 3558 2616 Υίοῡ,
3609 2553 3664 2608 ὡς
3708 2567 3839 2621 σπερ-

2312 2635 2403 2702 γόν
2455 2638 2544 2684 καὶ
2599 2633 2692 2685 οὐκ
2755 2633 3004 2691 ἐναντίον.
3063 2643 3170 2688 Νῦν
3219 2640 3312 2707 μὲν
3367 2633 3451 2689 οὖν
3515 2634 3734 2690 δίδοσθαι
3777 2643 3840 2688 καὶ

2312 2723 2608 2792 πέμπεσθαί
2661 2743 2790 2794 φησι
2835 2728 2891 2775 τὸ
2946 2731 3156 2797 Πνεῦμα
3203 2729 3261 2777 τὸ
3309 2727 3476 2798 ἅγιον·
3516 2726 3762 2798 προϐαίνων
3799 2722 3840 2776 δε

2310 2816 2399 2862 καὶ
2434 2816 2527 2868 τὴν
2579 2816 2761 2864 τούτου
2800 2809 3064 2866 δείκνυσιν
3106 2813 3366 2881 ἐξουσίαν,
3420 2815 3587 2887 λέγων·
3639 2815 3769 2868 Ὀταν
3799 2811 3838 2866 τῖε

2313 2901 2422 2969 (Η)
2454 2899 2572 2973 ἔλθῃ
2606 2901 2808 2961 ἐκεῖνος.

2378 2987 2487 3040 Ἱνα
2545 3020 2611 3029 -
2665 2991 2847 3048 αἰῶνα.
2905 2987 3059 3050 Μηδέ
3113 2996 3241 3065 μετὰ
3326 2999 3420 3052 τὴν
3475 2994 3686 3053 τελευτὴν
3735 2993 3838 3063 ὑμῶν

2310 3075 2674 3150 ἀφιστάμενος.
2732 3086 2861 3131 Εῖτα
2915 3077 3184 3150 διδάσκει,
3234 3088 3328 3134 καὶ
3381 3089 3456 3143 τίς
3506 3083 3631 3134 ἐστιν
3673 3081 3839 3140 ὁᾶλλος

2230 3147 2270 3204 C
2308 3147 2668 3240 Παρακλητος.

2374 3261 2443 3308 Τὸ
2501 3265 2706 3330 Πνεῦμα
2756 3267 2846 3320 τῆς
2897 3259 3155 3321 ἀληθείας.
3207 3266 3276 3314 Tb
3342 3261 3591 3329 ἀληθινὸν,
3653 3266 3748 3320 ἦτοι
3793 3263 3833 3312 τὸ

3527 3359 3706 3424 Πνεῦμα

2301 3434 2502 3506 λέγεται
2550 3441 2640 3488 καὶ
2687 3439 2712 3488 ὁ
2743 3437 2976 3508 ἄγγελος.
3012 3444 3099 3490 καὶ
3128 3441 3156 3496 ἡ
3190 3439 3351 3510 ψυχὴ
3397 3446 3482 3492 καὶ
3523 3444 3546 3493 ὁ
3584 3443 3741 3512 ἄνεμος
3771 3443 3833 3489 καὶ

2304 3345 2553 3420 ἐξαίρετον
2619 3352 2744 3419 πρὸς
2821 3352 2886 3401 τὰ
2961 3349 3088 3401 α’)λα
3159 3354 3450 3424 πνεύματα.

2301 3526 2444 3597 ἔτερα
2486 3525 2710 3580 πλείονα.
2768 3527 2878 3580 Ἰνα
2954 3524 3013 3580 δε
3091 3533 3161 3599 μὴ
3239 3531 3556 3592 ἀκούσαντες
3605 3532 3673 3581 ὅτι
3722 3526 3832 3578 ιΰλον

2300 3615 2651 3687 παράκλητον,
2684 3618 3053 3669 ὑποπτεύσωσι
3076 3617 3311 3670 κάκεῖνον
3338 3622 3577 3694 ἔνσαρκον
3604 3627 3679 3671 καὶ
3699 3619 3835 3690 ὁρατὸν

2303 3704 2576 3765 αἰσθητοῖς
2605 3705 2901 3776 ὀφθαλμοῖς,
2938 3711 3116 3778 φησίνο

2369 3791 2435 3844 Ὀ
2473 3793 2722 3846 -λαϐεῖν,
2753 3795 2826 3846 Οὐ
2859 3791 3080 3847 δνναται
3106 3793 3276 3848 λαϐεῖν
3310 3798 3588 3858 αἰσθητῶς.

2371 3969 2490 4023 Ὀτι
2517 4004 2583 4012 -
2615 3973 2758 4025 αὐτὸ.
2792 3980 3099 4046 Σωματικῶς
3133 3975 3439 4047 ’Δσώματον
3477 3979 3592 4048 γάρ.

2372 4146 2513 4203 Οὑδέ
2539 4157 2785 4222 γινώσκει
2810 4152 2954 4223 αὐτὸ,
2986 4157 3070 4210 Μὴ
3102 4149 3228 4204 ἰδών
3258 4154 3414 4209 αὑτό.

2371 4335 2580 4380 Νοεῖται
2625 4325 2684 4380 δὲ
2739 4334 2829 4381 καὶ
2872 4329 3070 4404 ἑτέρως,
3100 4329 3204 4399 ζὸτι
3252 4332 3278 4382 ὁ
3333 4331 3561 4403 κοσμικὰ
3596 4334 3757 4403 φρονῶν
3791 4325 3829 4373 οὐ

2301 4412 2521 4469 δύναται
2565 4415 2921 4480 ὑποδέξασθαι
2962 4419 3106 4483 αὐτὸ,
3139 4422 3217 4471 ὁτι
3249 4421 3309 4472 οὐ
3343 4423 3517 4491 θεωρεῖ
3546 4420 3676 4480 αὐτὸ,
3710 4432 3832 4467 πεπτ-

539 4507 695 4562 videt
713 4523 868 4571 eum,
903 4506 1200 4578 siquidem
1243 4512 1572 4561 excaecatus
1612 4514 1697 4561 est
1727 4507 2190 4564 oculisintellec—

2309 4511 2518 4577 οωμένος
2574 4512 2640 4558 ὧν
2688 4513 2806 4568 τοὺς
2854 4513 3068 4570 νοητοὺς
3117 4509 3432 4580 ὀφθαλμούς·
3481 4505 3597 4560 οὐδὲ
3642 4513 3830 4575 γινώσκει

539 4594 801 4649 tualibus
846 4611 857 4647 :
895 4610 1003 4650 nec
1034 4595 1340 4663 cognoscit
1386 4611 1545 4661 eum,
1579 4611 1713 4652 cum
1755 4597 1898 4652 nihil
1933 4597 2189 4654 sublime

538 4683 730 4754 possit
759 4683 1101 4749 intelligere.

611 4771 774 4827 Vers.
821 4771 905 4828 l7.
956 4773 1148 4827 Vos—
1199 4789 1347 4830 eum.
1395 4774 1839 4844 Propemodum
1879 4775 2045 4832 illum
2093 4792 2190 4831 co~

537 4861 839 4932 gnoscitis.
877 4864 1023 4917 Nam
1056 4867 1189 4933 post
1249 4863 1428 4920 breve
1473 4867 1712 4937 tempus
1758 4864 2080 4922 descendet
2118 4882 2186 4922 ac

536 4951 770 5008 docebit
809 4968 938 5006 vos.

605 5041 726 5106 Vel,
760 5040 1120 5112 cognoscitis
1160 5056 1297 5098 eum
1329 5059 1401 5099 ex
1431 5043 1548 5098 mei
1605 5043 1960 5114 cognitione.
2021 5043 2188 5100 Sicut

605 5240 652 5275 ³³
690 5240 857 5296 Joan.
890 5254 1010 5306 xvx,
1043 5245 1095 5295 7.
1236 5241 1282 5276 θ’
1315 5240 1484 5297 Joan.
1512 5257 1611 5305 xx,
1636 5245 1722 5297 22.

2300 4597 2444 4660 αὐτὸ,
2473 4594 2638 4668 μηδὲν
2665 4597 2863 4668 ὑψηλὸν
2897 4596 3077 4650 ἐννοεῖν
3117 4597 3342 4670 ἰσχύων.

2369 4773 2536 4845 Ὑμεῖς
2555 4804 2619 4814 -
2646 4774 2788 4828 αὐτὸ.
2824 4781 3104 4828 Γινώσκετε
3128 4778 3248 4828 ὅσον
3274 4781 3440 4830 οὔπω.
3473 4775 3578 4827 Οὐκ
3602 4773 3658 4832 εἰς
3680 4769 3825 4842 μακράν

2296 4866 2397 4934 γὰρ
2435 4863 2761 4934 ἐπιφοιτήσει
2791 4869 2880 4916 καὶ
2911 4861 3118 4927 διδάξει
3149 4867 3308 4936 ὑμᾶς,

2366 5049 2427 5098 Ἢ
2482 5050 2762 5116 γινώσκετε
2815 5044 2941 5097 αὐτὸ
2999 5043 3099 5097 ἀπὸ
3155 5053 3248 5096 τοῦ
3285 5050 3555 5116 γινώσκειν
3603 5040 3692 5112 ἕμί.
3734 5035 3823 5085 Ὠσ-

1863 5242 1911 5278 οι
1941 5243 1961 5296 Ι
1988 5242 2117 5299 Cor.
2149 5257 2247 5305 xu,
2287 5247 2372 5298 ll.

1731 5421 1956 5490 Variae
1998 5421 2330 5510 lectiones
2375 5431 2442 5489 et
2484 5434 2688 5490 notae.

603 5618 716 5686 (tO)
777 5617 895 5672 Hoc
939 5621 1027 5670 xui
1059 5631 1176 5673 non
1219 5617 1492 5685 agnoscit
1516 5617 1780 5674 Hentenii
1823 5619 2031 5675 versio.
2068 5619 2178 5676 Sed

525 5704 636 5746 nec
667 5688 751 5746 sic
790 5687 1160 5761 acquiescere
1193 5703 1462 5761 possum.
1508 5689 1706 5747 Malim
1737 5705 1878 5761 ergo
1909 5690 2038 5748 loco
2068 5696 2177 5755 xui,

2293 5619 2588 5692 corrigere
2615 5622 2762 5692 πρὸς.

2363 5691 2480 5765 (ii)
2518 5695 2578 5745 Δέ
2608 5691 2780 5748 abest
2801 5691 2867 5746 Α.
