4022 6232
459 39 484 42 _
1049 49 1164 54 ἢ-..
1289 51 1294 54 -
1319 51 1424 56 —‘—--—
1457 53 1510 56 -—-
1529 53 1726 62 -—-—-..-—-—
1757 54 1918 66 μκή...

1735 54 1744 62 ι
1923 57 2012 68 -υοιτ
3965 97 3970 104 ,

181 353 316 412 1401
1173 350 1543 410 COMMENT.
1588 351 1658 407 IN
1694 349 1769 407 J0

1976 351 2048 407 M.
2091 385 2159 394 —
2197 355 2350 412 CAP.
2396 353 2537 411 XIV.
3378 335 3379 338 γ
3423 359 3564 416 1402

176 501 274 558 περ
322 482 426 556 γὰρ
479 480 505 534 ὁ
543 484 792 543 νενοηκὼς
841 477 927 552 ἔμε
965 483 1170 538 νενόηκε
1209 482 1296 532 τὸν
1347 481 1555 551 Πατέρα
1586 499 1601 512 ο
1654 478 1764 530 οὔτε

1970 477 2060 534 πίω
2098 479 2203 552 qui
2234 481 2400 538 novit
2425 496 2543 552 me,
2584 481 2751 539 novit
2793 487 2848 539 et
2877 481 3136 550 Patrem;
3169 482 3252 540 ita
3284 497 3558 542 rursum'

175 570 334 624 πάλιν
389 573 414 623 ὁ
471 575 716 630 νενοηκὼς
793 568 878 642 ἐμὲ
947 573 1154 627 νενόηκε
1226 572 1286 621 τὸ
1359 575 1569 640 Πνεῦμα
1600 588 1614 602 ο
1663 575 1762 641 μιᾶ

1970 567 2002 622 ιὶ
2030 569 2192 625 novit
2222 570 2510 636 me,novit
2533 576 2587 627 et
2617 572 2898 644 Spiritum
2929 579 3224 630 sanctum.
3254 575 3408 631 Nam
3443 580 3558 632 tres

175 664 280 735 γὰρ
324 663 372 713 οἱ
429 667 564 734 τρεῖς
612 659 796 721 οὐσίας
851 663 940 712 καὶ
995 661 1195 731 φύσεως
1247 663 1336 710 καὶ
1377 654 1644 730 δυνάμεως
1701 677 1763 709 κα

1967 657 2076 713 tius
2108 665 2244 716 sunt
2283 661 2632 718 substantia
2657 677 2729 718 ac
2753 665 3005 728 natura,
3049 663 3329 736 potentiae
3371 681 3444 722 ac
3473 665 3555 721 dio

179 747 352 812 ἀξίας.

1897 748 2171 818 gnitatis.

249 838 373 890 Ὀτι
429 869 497 878 -
549 841 708 910 μένει.
759 836 958 910 ’Ὠσπερ
1017 839 1118 912 ’γὰρ
1197 838 1222 888 ό
1277 841 1450 910 Πατὴρ
1514 855 1607 908 μετ
1662 835 1786 909 ἐμοῦ

1967 836 2126 892 Vers.
2159 842 2236 894 t7.
2271 839 2410 906 Quia
2443 872 2508 882 —
2535 847 2754 898 manet.
2805 841 2970 898 Sicut
3013 842 3171 898 enim
3219 845 3386 899 Pater
3424 859 3555 900 me-

173 927 324 981 ὶστιν
349 949 363 962 ο
387 928 522 980 οὕτω
542 931 631 979 καὶ
661 930 719 979 τό
752 933 960 999 Πνεῦμα
992 947 1004 960 ·
1043 925 1342 1000 ἀχὼριστος
1365 928 1463 999 γὰρ
1491 927 1521 983 ἡ
1553 930 1761 999 μακαρίι

1965 942 2033 981 :m
2103 931 2211 993 est,
2272 928 2355 984 ita
2405 933 2463 985 et
2519 931 2770 1000 Spiritus
2817 935 3079 988 sanctus.
3149 933 3553 1004 lnseparabile

172 1020 360 1090 Τρεάς.
1897 1013 2192 1087 siquidem
2221 1022 2308 1073 est
2332 1017 2509 1075 beata
2538 1018 2814 1074 Trinitas.

253 1111 355 1160 Καὶ
383 1105 432 1158 ἐν
473 1107 593 1178 ὑμῖν
623 1108 793 1159 ἔσται.
840 1110 924 1164 Μὴ
975 1104 1306 1164 ἀποθνῆσκον
1350 1104 1488 1175 (12),
1547 1107 1612 1164 ὡς

1967 1103 2128 1161 Vers.
2197 1111 2282 1160 17.
2314 1109 2389 1162 Ει
2423 1108 2488 1163 in
2521 1109 2679 1164 vobis
2707 1109 2844 1166 erit.
2894 1112 3019 1166 Non
3064 1110 3348 1177 moriens,
3395 1112 3550 1168 sicut

175 1192 324 1249 Οῦδέ
361 1198 464 1268 ⁴γὰρ
520 1194 908 1268 ἐνηνθρωπησεν
961 1197 1030 1255 ὼς
1083 1193 1198 1266 ἑγὼ.
1251 1193 1392 1247 Ἐπεὶ
1441 1190 1501 1246 δὲ
1551 1199 1763 1244 τοσαῦτι

1963 1210 2007 1255 ro
2041 1210 2055 1250 :
2089 1210 2284 1267 neque
2317 1197 2476 1252 enim
2505 1197 2849 1253 incarnatus
2877 1203 2983 1263 est,
3018 1199 3173 1254 sicut
3217 1215 3348 1270 ego.
3401 1200 3551 1268 Quia

173 1285 336 1338 εἰπὼν
365 1288 509 1336 οὔπω
537 1288 625 1342 τὴν
657 1283 882 1355 ἀθυμίαν
908 1283 1075 1335 αὐτῶν
1106 1282 1355 1351 ἐξέϐαλεν,
1385 1279 1761 1354 όιδημονούντω¹

1959 1299 2028 1338 το
2057 1299 2195 1338 cum
2252 1289 2374 1340 tam
2429 1285 2614 1342 multa
2653 1285 2912 1352 dixisset,
2946 1288 3218 1343 nondum
3253 1289 3547 1346 tristitiam

174 1378 252 1426 ἔτι
283 1379 374 1426 καὶ
404 1373 778 1445 ἀλγυνομένων,
830 1376 895 1433 ὼς
924 1371 1152 1446 ὀρφανῶν
1186 1369 1292 1432 ἤδη
1334 1371 1760 1445 καταλιμπανομέ

1961 1388 2131 1428 orum
2162 1374 2474 1446 repulerat,
2507 1376 2651 1448 quia
2678 1376 2934 1446 graviter
2963 1377 3161 1432 adhuc
3183 1377 3454 1435 ferebant
3479 1394 3549 1435 ac

170 1485 297 1533 νων,
333 1465 600 1535 θεραπεύει
627 1465 682 1514 τὸ
713 1469 948 1514 τοιοῦτον
972 1461 1147 1533 ἄλγος.

1962 1465 2328 1531 mrehant,ut
2357 1465 2458 1536 qui
2486 1464 2614 1535 jam
2632 1465 3404 1539 orphanirelinquerentur,
3440 1467 3550 1523 hu-

1885 1549 2152 1622 jusmodi
2185 1558 2352 1608 curat
2392 1553 2760 1610 maestitiam.

250 1641 362 1694 Οὐκ
393 1672 460 1682 -
499 1641 769 1716 ὀρφανούς.
805 1648 1068 1714 Πατρικῆς
1107 1639 1495 1712 εὐσπλαγχνίας
1524 1643 1582 1693 τό
1611 1639 1778 1714 ῥῆμα.

1963 1640 2122 1696 Vers.
2159 1643 2249 1698 18.
2290 1642 3132 1714 —Nonorphanos.Paterna3
3148 1644 3546 1701 miserationis

169 1731 367 1790 πολλὴν
392 1731 599 1803 εἰσάγον
624 1731 954 1806 παράκλησιν
976 1734 1064 1782 καὶ
1088 1729 1465 1802 ψυχαγωγίαν.
1491 1729 1566 1782 Οῦ
1588 1732 1756 1783 παντά

1960 1729 2138 1786 rbum
2195 1735 2299 1802 est,
2323 1731 2572 1787 multam
2622 1732 2877 1789 aﬂ‘erens
2926 1734 3396 1790 consolationem
3475 1750 3545 1790 ac

168 1841 338 1874 πασιν
366 1820 464 1893 ὄιφὴ
476 1840 550 1874 σω
580 1822 713 1882 ὑμᾶς
743 1823 809 1872 τὰ
833 1825 1007 1873 τεκνία
1030 1839 1152 1892 μου.

1956 1819 2368 1877 ilectationem.
2397 1822 2790 1896 Nequaquam
2817 1838 2922 1878 vos
2961 1823 3296 1896 relinquam
3329 1825 3544 1896 orpha-

1888 1924 2000 1965 nos
2029 1909 2132 1981 qui
2159 1910 2260 1966 ﬁlii
2302 1911 2417 1966 mei
2447 1911 2602 1967 estis.

244 1999 513 2073 Ἔρχομαι
567 2001 696 2074 πρὸς
752 2000 902 2072 ὑμᾶς.
959 1996 1228 2072 Ἔρχομαι
1291 1998 1444 2051 παλιν
1500 2002 1628 2072 μετά
1683 2003 1778 2058 τὴν

1961 1999 2119 2054 Vers.
2167 2003 2250 2056 18.
2309 2000 2549 2057 Veniam
2597 2002 2678 2058 ad
2704 2016 2818 2058 vos.
2854 2000 3094 2057 Veniam
3139 2016 3375 2058 rursum
3408 2005 3542 2073 post

164 2095 452 2163 τριήμερον
484 2087 790 2158 ἀνάστασιν,
824 2089 868 2141 εἰ
895 2092 985 2140 καὶ
1013 2093 1086 2160 μὴ
1115 2091 1182 2150 ὡς
1211 2091 1270 2140 τό
1299 2092 1541 2164 πρότερον
1567 2093 1752 2142 συνεσό

1948 2087 2038 2145 rtii
2060 2088 2704 2155 dieiresurrectionem,
2723 2106 3079 2164 quanquam
3104 2107 3242 2155 non,
3266 2095 3329 2146 ut
3348 2091 3535 2163 prius,

166 2198 345 2250 μενος.

1887 2192 1999 2232 COD
2007 2193 2270 2235 versans.

243 2267 364 2321 ’Ἐτι
391 2299 454 2310 -
489 2270 680 2343 θεωρεῖ.
713 2267 1066 2321 Ἀποθανόντος
1092 2269 1156 2328 ὡς
1179 2268 1468 2340 ἄνθρωπον.

1955 2268 2116 2323 Vers.
2156 2269 2232 2324 t9.
2259 2269 2475 2326 Adhuc
2505 2301 2570 2311 —
2600 2269 2838 2326 videbit.
2859 2269 3008 2326 Cum
3038 2274 3326 2342 tanquam
3346 2269 3533 2328 homo

1884 2373 2124 2413 mortar.

240 2442 414 2515 ’Υμεῖς
493 2475 562 2483 --
649 2462 735 2512 με.
820 2441 1238 2515 Ἐπιφαινόμενον
1321 2443 1442 2516 ὑμῖν
1523 2441 1577 2495 ἐκ
1657 2440 1774 2496 δια-

1956 2449 2114 2502 Vers.
2150 2452 2231 2504 19.
2263 2448 2370 2502 Vos
2395 2477 2456 2488 —-
2486 2463 2597 2504 me.
2617 2449 3014 2518 Apparentem
3049 2446 3218 2502 vobis
3243 2462 3345 2518 per
3361 2447 3535 2503 inter-

163 2532 486 2606 λειμμάτων,
547 2537 787 2596 συνόντος
860 2534 980 2606 ὑμῖν
1049 2531 1125 2586 ἀεὶ
1204 2540 1296 2585 τοῦ
1361 2533 1517 2586 ἄλλου
1595 2540 1751 2608 Παραι

1952 2536 2072 2592 issa
2090 2542 2377 2608 tempora,
2413 2541 2802 2593 conversante
2821 2551 3057 2608 semper
3080 2534 3395 2592 vobiscum
3415 2535 3535 2593 alio

165 2621 263 2680 κλή
272 2643 386 2678 του.

1882 2634 2207 2690 Paracleto.

1952 2725 2119 2780 Vers.
2161 2729 2242 2781 19.
2275 2725 2424 2792 Quia
2456 2740 2560 2793 ego
2593 2724 2803 2781 vivam.
2833 2725 3042 2780 Vivam
3069 2739 3280 2779 rursus
3311 2739 3347 2779 a
3373 2740 3531 2780 mor-

231 2801 356 2854 Ὀτι
387 2801 483 2873 ἐγὼ
514 2802 606 2864 ζῶ.
632 2809 732 2868 Ζῶ,
757 2801 910 2855 πάλιν
937 2799 1162 2862 ἀναστὰς
1187 2800 1241 2853 ἐκ
1270 2811 1479 2876 νεκρῶν,

775 2801 910 2854 τάλιν
937 2799 1162 2862 ἀναστὰς
1187 2800 1241 2853 ἐκ
1270 2811 1479 2876 νεκρῶν.
1880 2813 1996 2869 tuis
2026 2829 2363 2884 resurgens.

235 2897 339 2945 Καὶ
391 2893 532 2964 ὑμεῖς
587 2893 830 2954 ζήσεσθε.
885 2895 970 2950 Μὴ
1025 2888 1383 2966 ἀναιρούμενοι
1441 2891 1630 2943 αὐτίκα
1674 2894 1766 2944 σὺν

1950 2902 2116 2959 Vers.
2162 2907 2250 2959 t9.
2321 2903 2401 2958 Et
2451 2918 2540 2957 vos
2593 2902 2816 2958 vinetis.
2858 2903 2986 2957 Non
3027 2900 3226 2957 statim
3293 2916 3527 2958 mecum

156 2980 297 3054 ἐμοὶ,
334 2980 438 3033 ἀλλ’
467 2982 566 3033 ὑπὸ
596 2989 685 3041 τῆς
712 2979 840 3053 ἐμῆς
865 2976 1135 3053 δυνάμεως
1173 2979 1245 3052 ἐφ’
1281 2982 1452 3033 ἱκανὸν
1484 2984 1742 3055 συντηρού

1941 2991 2182 3058 terfecti,
2212 2993 2314 3047 sed
2377 3007 2509 3048 mea
2535 2993 2745 3046 virtute
2802 2991 2986 3046 multo
3021 2990 3222 3046 adhuc
3260 2994 3528 3062 tempore

154 3091 326 3144 μενοι.
353 3069 421 3123 ’Ἠ
453 3075 543 3123 καὶ
573 3071 719 3143 ὑμεῖς
767 3070 995 3130 ζήσεσθε
1023 3072 1154 3143 μετὰ
1200 3071 1416 3122 θανατον
1455 3074 1548 3128 τὴν
1598 3090 1742 3142 μακα

1936 3083 2228 3137 ιηεεενειιὶ.
2268 3082 2391 3147 Vel,
2454 3097 2558 3138 vos
2610 3080 2816 3136 vivetis
2867 3081 3044 3137 etiam
3084 3086 3214 3153 past
3273 3085 3524 3137 mortem

152 3164 276 3233 ρίαν
313 3164 470 3219 ζῶήν.

712 3247 723 3251 _
1437 3247 1450 3251 _
1794 3193 1838 3251 α
1875 3169 1990 3225 vita
2031 3170 2225 3226 beata.

230 3249 314 3302 Ἐν
346 3279 414 3289 --
446 3269 568 3322 μου.
601 3249 682 3303 Ἐν
704 3247 868 3323 ἐκείνῃ
893 3256 954 3322 τῇ
989 3251 1175 3324 ἡμέρᾳε
1207 3257 1267 3321 τῇ
1301 3255 1396 3311 τῆς
1428 3247 1764 3310 ἀναστάσεώς
1804 3247 1818 3251 ’

1945 3259 2104 3315 Vers.
2125 3263 2214 3315 20.
2241 3259 2309 3316 In
2323 3291 2389 3300 ——-
2402 3275 2544 3316 meo.
2571 3262 2631 3314 In
2666 3258 2766 3314 illo
2783 3258 2899 3327 die,
2919 3257 3366 3314 resurrectionis
3381 3273 3524 3314 mete

148 3358 257 3410 μου
297 3335 559 3407 δηλονότι,
588 3340 851 3411 γνώσεσθε
895 3340 974 3390 ὅτι
1022 3337 1122 3410 ἐγὼ
1150 3337 1198 3390 ἐν
1232 3345 1304 3408 τῷ
1335 3343 1503 3413 Πατρί
1526 3359 1647 3410 μου,
1681 3341 1736 3390 ὅτ

1933 3348 2159 3418 delicet,
2181 3352 2576 3419 cognoscetis,
2603 3348 2768 3421 quod
2795 3364 2908 3418 ego
2934 3365 2965 3403 a
3000 3349 3166 3404 Patre
3197 3362 3334 3404 meo
3370 3346 3521 3403 indi-

149 3432 256 3499 ἐγώ
289 3425 584 3503 ἀδιαίρετος
630 3435 723 3481 τοῦ
757 3433 956 3502 Πατρός
985 3448 1106 3502 μου,
1141 3427 1189 3480 ἓν
1218 3436 1290 3500 τῷ
1332 3431 1396 3480 τά
1425 3427 1558 3480 αὐτὰ
1585 3427 1737 3501 ἐκείνι

1441 3427 1558 3480 ιῦτά
1585 3427 1759 3501 εκείνῳ
1869 3439 2035 3494 visus
2068 3439 2200 3504 sim,
2233 3439 2445 3495 eadem
2486 3444 2697 3510 potens
2737 3454 2875 3494 cum
2907 3437 3029 3494 illo.

150 3514 440 3573 δύνασθαι.

226 3611 330 3660 Καὶ
356 3639 422 3646 —
451 3608 596 3680 ὑμῖν.
639 3611 739 3660 Καὶ
766 3607 844 3659 ὅτι
873 3612 963 3659 καὶ
992 3604 1134 3679 ὑμεῖς
1174 3605 1220 3659 ἄν
1248 3605 1360 3680 ἐμοὶ
1386 3610 1758 3681 φρουρούμενοι

1941 3618 2105 3673 Vers.
2134 3619 2319 3673 20.Et
2347 3616 2610 3675 -vobz‘s.
2667 3616 2906 3689 thuod
2938 3633 3046 3673 vos
3070 3616 3248 3672 etiam
3296 3617 3358 3672 in
3399 3632 3515 3686 me,

143 3702 239 3748 καὶ
280 3699 602 3769 νευρούμενοι
635 3717 648 3729 θ
691 3695 837 3768 κάγὼ
894 3695 941 3747 ἐν
995 3696 1108 3769 ἐμοὶ
1163 3704 1396 3770 φρουρῶν
1437 3702 1527 3749 καὶ
1568 3705 1731 3770 νευρῶλ

1927 3707 2137 3762 istoditi
2168 3724 2237 3762 ac
2268 3707 2529 3764 roborati
2573 3725 2585 3762 :
2631 3712 2686 3763 et
2714 3722 2827 3776 ego
2858 3707 2918 3762 in
2951 3706 3137 3777 vobis,
3171 3705 3515 3763 custodiens

144 3788 311 3857 ὑμᾶς.
346 3788 610 3838 Γνὼσεσθε
647 3782 706 3838 δὲ
743 3792 926 3850 ταῦτα,
960 3793 1060 3838 τῶν
1110 3784 1314 3857 ἐχθρῶν
1353 3787 1732 3858 καταστελλομέ

1925 3796 2238 3852 ιεοὸοτεῑιε
2266 3813 2396 3853 vos.
2424 3797 2558 3852 Haec
2580 3803 2778 3853 autem
2803 3795 3198 3867 cognoscetis,
3229 3795 3513 3868 repressis

141 3897 265 3940 νων,
324 3877 466 3946 ὑμῶν
528 3874 1050 3950 παρρησιαζομένων,
1101 3881 1192 3926 τοῦ
1245 3877 1584 3946 κηρύγματος
1633 3877 1729 3928 καθ

1928 3886 2136 3949 imicis.
2156 3887 2447 3960 vobisque
2463 3887 2644 3943 libere
2665 3887 3068 3961 loquentibus,
3100 3901 3169 3942 ac
3193 3884 3511 3957 Evangelia

143 3965 374 4022 ἑκάστην
407 3962 678 4027 ἀνθοῦντος
708 3968 800 4023 τὴν
823 3966 1038 4039 ἡμέραν,

789 3987 800 4014 ι
823 3966 1038 4039 ἡμέραν.
1860 3971 1920 4027 in
1959 3973 2086 4029 dies
2115 3974 2377 4031 ﬂorente.

214 4053 276 4106 Ὀ
303 4057 392 4125 μὲν
422 4050 509 4106 οὖν
549 4056 780 4126 Χριστὸς
827 4055 874 4105 ἒν
904 4073 975 4125 τῳ
1023 4057 1212 4126 Πατρὶ,
1262 4054 1398 4104 κατά
1438 4051 1587 4124 λόγον
1635 4052 1750 4105 ἰσο-

1933 4062 2410 4136 Christusitaque
2442 4064 2500 4120 iu
2531 4067 2717 4130 Patre,
2751 4066 2972 4120 ratione
3006 4063 3277 4134 ejusdem
3307 4068 3513 4134 poten-

142 4139 449 4214 δυναμίαςι
483 4145 532 4195 οἱ
580 4139 640 4195 δὲ
687 4141 968 4195 ἀπόστολοι
1025 4145 1074 4194 ἓν
1124 4141 1284 4213 αὐτῷ,
1339 4147 1428 4193 καὶ
1481 4142 1638 4204 αὐτὸς
1701 4141 1730 4194 ἐ

1921 4167 1985 4216 e;
2022 4152 2272 4222 apostoli
2309 4169 2446 4208 vero
2475 4153 2533 4208 in
2565 4170 2636 4208 eo
2664 4158 2718 4209 et
2740 4155 2864 4226 ipse
2895 4153 2953 4208 in
2987 4153 3120 4217 illis,
3154 4153 3378 4208 ratione
3407 4168 3509 4207 au-

139 4231 346 4294 αῦτοίς,
401 4235 536 4284 κατά
585 4231 738 4304 λόγον
814 4230 1080 4305 βοηθείας.
1138 4227 1266 4284 Οἵδε
1317 4234 1416 4305 γὰρ
1485 4234 1514 4289 ἠ
1572 4238 1727 4306 Γραφι

1921 4239 2001 4294 lii.
2046 4240 2348 4312 Siquidem
2383 4245 2543 4297 novit
2574 4243 2910 4314 frequenter
2942 4242 3241 4313 Scriptura
3280 4239 3508 4295 eisdem

137 4320 393 4383 πολλάκις
441 4329 548 4382 τοῖς
577 4321 754 4384 αὐτοῖς
783 4327 1010 4394 ρήμασιν
1040 4324 1124 4373 ἐπὶ
1157 4328 1290 4374 Θεοῦ
1336 4326 1426 4373 καὶ
1468 4319 1725 4393 ἀνθρώπω

1911 4328 2054 4384 arbis
2071 4334 2126 4383 et
2142 4329 2215 4384 de
2233 4331 2348 4384 Deo
2365 4335 2419 4385 et
2437 4330 2680 4385 homine
2713 4330 2938 4400 positis,
2958 4346 3076 4385 non
3098 4329 3364 4386 similiter
3393 4330 3499 4384 uti.

134 4413 398 4484 κειμένοις
471 4411 577 4482 οὐχ
625 4413 810 4484 ὁμοίως
870 4412 1188 4483 κεχρῆσθαι.
1247 4415 1348 4463 Καὶ
1422 4412 1447 4462 ὁ
1518 4414 1718 4486 Χριστό

1923 4435 2002 4473 ιω
2036 4425 2092 4474 et
2122 4419 2382 4475 Christus
2414 4425 2469 4475 et
2494 4435 2604 4475 nos
2654 4419 2760 4475 ﬁlii
2822 4419 2920 4474 Dei
2974 4435 3044 4476 ac
3096 4419 3189 4473 dei
3231 4417 3511 4480 dicimur,

133 4503 268 4572 γὰρ,
326 4506 416 4552 καὶ
481 4503 630 4573 ἡμεῖς
681 4503 786 4553 υἱοὶ
835 4507 968 4552 Θεοῦ
1023 4505 1112 4552 καὶ
1171 4500 1274 4552 θεοὶ
1329 4499 1599 4572 λεγόμεθα,
1657 4521 1721 4553 κα

171 4590 449 4603 ..,._
577 4586 1566 4603 ......--,μ....ει.

1938 4508 2138 4575 imago
2166 4525 2235 4564 ac
2261 4508 2447 4577 gloria
2487 4509 2588 4564 Dei
2623 4509 2763 4564 :sed
2797 4523 3018 4578 magna
3047 4513 3136 4564 est
3156 4505 3509 4573 differentia,

137 4590 295 4642 εἰκὼν
324 4594 471 4656 Θεοῦ,
503 4595 593 4642 καὶ
640 4587 772 4653 δόξα
808 4598 941 4644 Θεοῦ
979 4609 992 4623 ο
1041 4587 1168 4641 ἀ)λά
1196 4588 1326 4641 πολὺ
1380 4593 1438 4642 τό
1475 4586 1722 4664 διάφορον

1704 4612 1742 4645 νο
1775 4586 1820 4603 ⁸³
1857 4602 1911 4654 et
1943 4596 2128 4653 multa
2170 4597 2343 4653 variis
2372 4597 2431 4652 in
2473 4597 2614 4654 locis
2645 4597 2863 4654 similia
2893 4597 3292 4653 inveniuntur.

137 4684 247 4732 Καὶ
269 4678 429 4732 πολλά
452 4678 722 4751 πολλαχοῦ
743 4687 975 4733 τοιαῦτα.

212 4770 273 4822 Ὀ
316 4800 380 4810 -—
413 4789 500 4842 με.
555 4769 662 4822 Οὐκ
710 4768 858 4842 ἀρκεῖ
897 4772 995 4842 γὰρ
1049 4773 1106 4822 τὸ
1159 4772 1299 4842 ἔχειν
1353 4770 1517 4834 αὑτὰς
1568 4775 1742 4843 μόνον,

1929 4776 2092 4831 Vers.
2125 4779 2213 4831 2t.
2248 4776 2357 4843 Qui
2397 4807 2460 4818 -—-
2491 4792 2594 4832 me.
2624 4779 2822 4849 Neque
2840 4777 2998 4832 enim
3027 4775 3245 4833 sufﬁcit
3281 4793 3356 4834 ea
3384 4781 3510 4834 tan-

131 4859 271 4912 ἀλλά
298 4863 409 4933 χρὴ
441 4864 531 4912 καὶ
560 4867 722 4912 ποιεῖν
753 4859 928 4920 αῦτάς.
963 4859 1133 4913 Εἰπὼν
1183 4857 1244 4913 δὲ
1281 4867 1433 4913 τοῦτο
1480 4865 1571 4914 καὶ
1616 4867 1719 4936 πρό

1926 4881 1982 4920 m
2012 4865 2254 4932 habere,
2291 4866 2396 4921 sed
2429 4871 2485 4921 et
2509 4865 2700 4922 facere
2730 4865 2832 4923 illa
2853 4871 3098 4938 oportet.
3129 4867 3275 4924 Cum
3306 4872 3508 4924 autem

130 4969 306 5023 τερον,
338 4948 471 5020 λέγει
513 4948 642 5002 αὐτὸ
672 4953 761 5002 καὶ
805 4956 914 5014 νῦν,
969 4947 1224 5022 ἐμφαίνων
1273 4952 1353 5003 ὅτι
1399 4959 1496 5012 τῆς
1533 4951 1712 5023 ἀγάπη

1921 4970 1968 5008 ιο
2008 4954 2267 5025 primum
2291 4953 2552 5018 dixisset,
2583 4969 2742 5010 nunc
2783 4971 3019 5012 rursum
3053 4955 3384 5022 idemdicit,
3416 4972 3509 5010 os-

131 5039 302 5092 αῦτοῦ
335 5046 570 5111 σημεῖον,
609 5037 669 5091 οῦ
702 5041 760 5091 τὸ
792 5037 1004 5111 ἀθυμεῖν
1043 5039 1127 5092 ἐπὶ
1157 5047 1227 5110 τῷ
1253 5048 1515 5114 χωρισμῷ
1543 5041 1703 5094 αὐτοῦ

1920 5043 2104 5097 ndens
2125 5043 2290 5116 quod
2313 5043 2644 5099 dilectionis
2662 5043 2850 5116 ipsius
2881 5045 3118 5116 signum
3139 5059 3262 5100 non
3283 5048 3372 5100 est
3402 5043 3508 5100 do-

124 5136 290 5182 τοῦτο
316 5131 420 5200 γὰρ
453 5125 650 5191 δειλίας
672 5127 863 5201 μᾶλλόν
894 5126 1033 5181 εστιν
1063 5150 1076 5162 ο
1113 5127 1240 5182 ἀλλὰ
1265 5133 1322 5182 τὸ
1353 5131 1634 5202 φυλάσσειν
1654 5133 1712 5184 τὰ

1921 5147 1972 5188 re
2001 5132 2075 5189 de
2101 5133 2474 5204 separatione
2506 5133 2668 5205 ejus;
2705 5148 2842 5189 nam
2864 5133 2925 5189 id
2956 5131 3284 5190 timiditatis
3313 5132 3509 5204 potius

127 5218 348 5280 ἐντολὰς
376 5217 554 5272 αὐτοῦ.

1854 5225 1963 5279 est.
2007 5221 2110 5277 sed
2142 5227 2435 5293 praecepta
2480 5223 2609 5293 ejus
2645 5237 2897 5277 servare.

205 5306 268 5360 Ὀ
319 5338 391 5346 -
456 5307 630 5361 αὐτόν.
698 5311 799 5360 Καὶ
863 5307 962 5378 ἐγὼ
1011 5309 1082 5368 ὡς
1147 5310 1278 5380 μετὰ
1341 5311 1400 5361 τὸ
1454 5308 1742 5368 ἀναστῆναι

1925 5312 2083 5366 Vers.
2117 5316 2208 5368 2|.
2251 5313 2359 5378 Qui
2388 5343 2456 5352 ——
2497 5329 2643 5370 eum.
2675 5312 2742 5367 Et
2767 5327 2898 5382 ego,
2933 5315 3222 5383 tanquam
3249 5315 3383 5383 post
3415 5325 3509 5366 re-

127 5398 512 5458 ἀποκαταστάς
558 5395 631 5460 εἰς
670 5400 729 5450 τὸ
762 5400 1010 5473 πρότερον
1059 5394 1278 5470 ἀξίωμα.
1330 5395 1473 5475 Ὀρα
1511 5396 1568 5452 δὲ
1621 5402 1715 5454 θαυ

1915 5400 2277 5456 [τεθοιὶοηθηι
2323 5417 2384 5457 1n
2415 5402 2730 5474 pristinam
2778 5401 3080 5460 restitutus
3128 5399 3503 5471 dignitatem.

1365 5575 1590 5646 Variae
1613 5576 1943 5647 lectiones
1971 5587 2037 5646 et
2067 5587 2272 5648 notae.

205 5771 322 5846 (12)
352 5769 581 5831 ’Δποθνή
593 5787 750 5838 σκων,
784 5774 849 5824 Α.
