4022 6232
568 196 698 255 1403

1897 190 2243 248 EUTHYMII
2295 192 2629 249 ZlGABENI
3710 212 3805 269 ltili

563 325 883 383 Considera
918 340 1053 382 vero
1091 322 1584 397 consequentiam
1626 317 2065 377 admirabilem.
2110 320 2192 384 Qu

2328 324 2536 391 μαστὴν
2575 318 2886 376 ἀκολουθίαν
2916 341 2928 354 ·
2956 320 3016 378 Ὀ
3055 334 3222 401 τηρῶν
3263 329 3348 391 τὰς
3386 326 3561 393 ἐντολάς
3584 353 3682 405 μου,
3704 346 3805 407 φησὶ,

562 420 778 485 servat,
798 415 1011 487 inquit,
1034 418 1333 487 prmeepta
1358 428 1511 479 mea,
1533 410 1863 482 diligitmc:
1897 408 1997 481 qui
2017 413 2215 464 autem

561 504 751 576 diligit
777 520 893 568 me,
918 504 1182 572 diligitur
1211 521 1243 558 a
1277 505 1442 558 Patre
1472 518 1602 557 meo
1638 516 1850 573 ;quem
1887 514 2019 553 vero
2052 500 2219 552 Pater

562 594 847 657 dilexerit,
880 598 936 649 et
965 609 1072 662 ego
1106 594 1350 648 omnino
1391 592 1657 663 diligam,
1689 594 1887 661 utpote
1915 586 2215 643 ambobus

560 683 773 739 eadem
805 688 859 736 et
898 682 1231 737 volentibus
1263 686 1320 736 et
1350 680 1830 751 suscipientibus.

634 774 787 827 Vers.
822 774 908 825 2t.
945 773 1019 827 Et
1059 804 1126 811 —
1160 772 1454 839 meipsum.
1489 770 1789 825 Interdum
1823 768 2067 840 quidem
2108 766 2215 822 hu-

564 878 742 917 mano
762 878 946 925 more,
972 864 1340 933 quandoque
1359 877 1498 916 vero
1512 860 1715 916 divino
1732 858 2064 931 splendore.
2092 856 2212 911 Hoc

554 957 754 1007 autem
776 950 1028 1006 audiens
1046 952 1225 1005 Judas
1247 950 1474 1015 Jacobi,
1504 950 1599 1021 qui
1630 956 1686 1004 et
1710 948 1953 1004 Lebaeus
1971 946 2213 1003 diceba-

554 1045 649 1094 tur
677 1045 733 1094 et
762 1040 1087 1096 Thaddasus
1136 1041 1382 1113 putavit,
1415 1039 1577 1110 quod
1611 1038 1791 1094 veluti
1846 1037 2063 1093 mortui
2105 1053 2211 1092 saa-

554 1129 684 1201 pius
714 1130 957 1193 faciunt,
989 1130 1047 1185 in
1080 1130 1329 1185 somniis
1356 1128 1846 1185 manifestaturus
1869 1132 2023 1182 esset
2056 1127 2208 1198 seip-

550 1235 683 1273 sum
719 1220 1015 1291 :ideoque
1046 1218 1336 1285 turbatus,
1373 1234 1493 1273 non
1542 1223 1633 1274 est
1671 1234 1855 1273 ausus
1886 1216 2203 1287 explicare,

547 1307 709 1379 quod
733 1307 990 1373 volebat,
1015 1313 1161 1379 puta
1190 1323 1203 1361 :
1231 1308 1331 1364 Hei
1362 1307 1553 1372 nobis,
1580 1308 1725 1378 quia
1748 1306 2033 1370 morieris,
2064 1310 2121 1361 et
2145 1306 2205 1361 in

548 1396 799 1452 modum
841 1398 1059 1453 mortui
1109 1397 1585 1453 manifestandus
1616 1413 1697 1465 es,
1733 1397 1836 1452 sed
1868 1396 1984 1452 alio
2026 1396 2204 1451 modo

545 1501 652 1558 per
678 1486 1200 1557 interrogationem
1234 1502 1405 1542 suam
1426 1486 1679 1541 ostendit
1710 1485 2127 1541 turbationem.

616 1576 780 1631 Vers.
815 1581 901 1631 22.
952 1577 1106 1631 Dicit
1162 1608 1229 1618 —-
1267 1576 1481 1631 mundo
1533 1576 1559 1631 ?
1620 1576 1761 1640 Quid
1789 1575 2013 1630 factum
2054 1576 2203 1630 est?

544 1666 798 1736 graviter
826 1665 1065 1721 ferentis
1086 1671 1174 1721 est
1202 1682 1270 1721 ac
1302 1666 1542 1721 turbati.
1578 1665 1723 1730 Quid
1759 1665 1993 1731 accidit,
2036 1664 2201 1737 quod

544 1755 717 1810 nobis
753 1755 1217 1811 manifestandus
1241 1771 1305 1810 es
1327 1756 1385 1811 in
1419 1755 1685 1819 somniis,
1739 1762 1793 1809 et
1825 1770 1942 1811 non
1973 1758 2199 1812 mundo

544 1850 831 1901 consueto
863 1862 1024 1901 more
1046 1844 1073 1899 ?
1099 1861 1240 1900 nam
1270 1845 1415 1917 quia
1445 1844 1729 1901 nolebant
1755 1852 1818 1901 ut
1850 1852 2197 1911 moreretur,

542 1932 961 1990 admirandam
985 1951 1053 1989 ac
1071 1935 1449 2005 desperatam
1468 1934 1764 2005 putabant
1779 1943 2027 1991 mortem
2046 1938 2197 2007 ejus.

616 2024 777 2078 Vers.
809 2028 895 2079 23.
932 2024 1248 2093 Respondit
1276 2054 1343 2064 —
1366 2025 1681 2093 faciemus.
1704 2054 1757 2066 —
1787 2026 1884 2080 Ad
1914 2042 2065 2091 eum,
2096 2027 2199 2099 qui

540 2127 633 2166 me
664 2111 869 2181 diligit,
906 2128 1016 2181 ego
1048 2116 1104 2167 et
1143 2114 1307 2167 Pater
1335 2115 1647 2179 veniemus,
1676 2114 1789 2169 hoc
1837 2119 1943 2179 est,
1979 2116 2058 2169 ita
2097 2131 2200 2187 ap-

538 2201 886 2272 parebimus
918 2202 1067 2255 sicut
1098 2202 1267 2256 Pater
1298 2218 1486 2266 meus,
1530 2210 1582 2256 et
1610 2218 1731 2257 non
1779 2203 1930 2259 sicut
1960 2205 2195 2268 mortui,

538 2295 592 2345 et
606 2290 959 2345 mansionem
976 2290 1141 2357 apud
1155 2304 1285 2345 eum
1304 2290 1589 2359 faciemus
1610 2309 1624 2345 :
1650 2306 1809 2346 more
1823 2292 2026 2348 divino
2050 2292 2106 2348 in
2126 2310 2197 2350 eo

537 2377 897 2444 habitantes,
923 2377 1088 2454 quod
1128 2378 1499 2435 somniorum
1533 2396 1653 2436 non
1686 2388 1791 2437 est.

611 2558 772 2613 Vers.
795 2559 883 2613 24.
913 2558 1027 2626 Qui
1057 2588 1122 2598 -—
1141 2558 1358 2614 Patris.
1388 2558 1670 2628 Ostendit,
1702 2560 1933 2631 quodis
1955 2562 2059 2634 qui
2079 2578 2197 2617 ser-

544 2663 753 2703 mones
782 2664 925 2702 suos
952 2664 1073 2703 non
1092 2652 1307 2712 servat,
1345 2664 1451 2704 nec
1484 2666 1566 2713 se,
1603 2665 1710 2705 nec
1728 2650 1956 2706 Patrem
1984 2651 2191 2722 diligit.

541 2736 633 2791 Ait
656 2736 833 2793 enim:
871 2737 984 2803 Qui
1009 2753 1127 2792 non
1166 2738 1353 2809 diligit
1379 2753 1490 2800 me,
1536 2754 1829 2795 sermones
1872 2755 2025 2796 meos
2075 2757 2194 2796 non

538 2832 750 2883 servat.
779 2828 920 2892 Qum
943 2832 1143 2884 autem
1166 2827 1321 2895 dico,
1353 2843 1475 2883 non
1508 2843 1642 2885 mea
1671 2834 1827 2898 sunt,
1866 2830 1972 2885 sed
2016 2831 2193 2886 Patris

540 2916 677 2971 mei.
715 2920 935 2988 Itaque,
960 2918 1064 2989 qui
1094 2934 1262 2974 meos
1302 2933 1422 2973 non
1463 2923 1654 2973 servat
1703 2934 2029 2985 sermones,
2083 2936 2192 2977 nec

541 3005 722 3060 Patris
748 3012 941 3062 servat
968 3023 1272 3063 sermones
1301 3024 1313 3063 :
1348 3007 1449 3077 qui
1480 3023 1617 3062 vero
1645 3008 1828 3063 Patris
1848 3024 1971 3064 non
1998 3015 2189 3065 servat
2221 3033 2263 3091 α

539 3110 1072 3167 sermones,neque
1086 3098 1311 3151 Patrem
1329 3096 1844 3169 diligit,siquidem
1860 3098 2189 3154 dilectionis

538 3183 777 3252 signum
831 3190 920 3240 est
974 3186 1307 3241 observatio
1358 3189 1816 3256 praceptorum.
1872 3188 2188 3253 Quomodo

537 3278 739 3328 autem
794 3289 1010 3337 sermo,
1074 3290 1251 3346 quem
1301 3274 1575 3347 loquitur,
1646 3275 1717 3330 sit
1770 3276 1898 3345 ejus
1960 3282 2015 3332 et
2066 3293 2188 3332 non

538 3360 610 3416 sit
638 3362 787 3433 ejus,
818 3363 939 3432 iam
966 3364 1368 3435 praediximus.
1404 3364 1621 3419 Verum
1650 3365 1791 3436 quia
1816 3364 2059 3428 sciebat,
2087 3382 2187 3421 eos

536 3451 810 3520 quadam
829 3468 949 3507 non
973 3452 1381 3523 intelligere,in
1396 3452 1763 3524 quibusdam
1791 3460 1991 3510 autem
2008 3455 2187 3510 etiam

536 3539 831 3604 dubitare,
868 3542 1147 3612 promittit
1190 3549 1245 3595 et
1276 3558 1486 3597 eorum
1537 3559 1674 3614 quin
1716 3543 2096 3614 ignorabant,
2132 3548 2189 3599 et

537 3643 745 3683 eorum
775 3628 847 3683 de
878 3629 1098 3701 quibus
1129 3630 1538 3698 ambigebant,
1574 3631 2041 3699 intelligentiam.

606 3715 769 3770 Vers.
798 3717 887 3772 25.
911 3718 1053 3772 Haec
1089 3748 1151 3757 —-
1178 3733 1452 3774 manens.
1491 3750 1535 3758 -
1569 3720 1724 3785 Haec,
1759 3736 1892 3790 quae
1926 3720 2188 3778 obscura

534 3802 825 3858 videntur.
858 3804 1093 3860 Addidit
1117 3810 1316 3861 autem
1344 3808 1550 3875 :Apud
1586 3824 1681 3863 vos
1704 3824 1961 3873 manens,
2008 3810 2183 3866 etiam

533 3891 673 3948 hinc
698 3893 1020 3950 ostendens
1069 3895 1231 3967 quod
1265 3896 1445 3967 paulo
1477 3904 1613 3969 post
1643 3896 1768 3953 abit
1806 3898 1881 3953 ad
1928 3900 2180 3955 Patrem.

603 3982 761 4038 Vers.
804 3986 890 4039 26.
922 3983 1265 4040 Paracletus
1295 3992 1485 4041 autem
1520 4016 1586 4025 -—
1617 3987 1825 4043 omnia.
1856 3988 1994 4053 Quae
2026 3988 2183 4043 vide-

532 4070 668 4128 licet
704 4071 781 4128 ad
811 4088 913 4128 vos
954 4078 1221 4144 spectant
1246 4074 1375 4145 (jj).
1400 4075 1647 4132 Nomine
1698 4092 1821 4132 meo
1866 4083 2088 4143 autem,
2122 4078 2180 4133 id

530 4168 623 4218 est
654 4166 717 4217 ut
736 4161 831 4217 hic
853 4178 947 4218 me
965 4162 1197 4233 referat,
1221 4171 1277 4220 et
1293 4166 1438 4220 meis
1457 4164 1739 4235 fungatur
1763 4167 2011 4223 vicibus.
2034 4168 2179 4223 Nam

528 4251 672 4322 quia
700 4250 829 4322 ipse
855 4251 1153 4322 completa
1183 4253 1631 4325 dispensatione
1665 4256 1929 4310 ascendit
1963 4257 2038 4311 ad
2072 4257 2181 4313 Pa-

529 4345 698 4406 trem,
724 4341 1021 4413 reliquum
1044 4346 1172 4397 erat
1213 4342 1417 4397 utloco
1444 4344 1572 4413 ejus
1598 4344 1982 4401 descenderet
2007 4346 2181 4417 Spiri-

530 4434 624 4484 tus
651 4438 916 4495 sanctus,
943 4447 1016 4486 ne
1047 4431 1409 4498 Paracletus,
1461 4433 1579 4487 sive
1620 4434 1978 4502 exhortator,
2012 4436 2180 4491 nobis

527 4516 823 4583 deﬁceret,
854 4520 999 4575 sicut
1031 4520 1113 4575 ait
1134 4521 1452 4591 Gregorius
1485 4522 1835 4589 Theologus.

602 4605 665 4660 Et
686 4622 870 4678 quare
899 4614 1034 4663 tunc
1075 4626 1193 4667 non
1208 4610 1430 4676 docuit,
1451 4628 1586 4683 qua:
1602 4612 1676 4666 ad
1704 4611 1833 4668 illos
1857 4613 1981 4683 (Ich)
2008 4614 2177 4685 perti-

529 4694 755 4751 nebant
773 4695 801 4750 ?
820 4698 967 4761 Quia
985 4700 1241 4770 amplius
1266 4700 1416 4756 ferre
1441 4717 1562 4757 non
1592 4708 1882 4774 poterant,
1920 4704 2069 4760 sicut
2091 4703 2178 4760 di-

527 4789 617 4839 cet
646 4782 706 4839 in
738 4786 1149 4857 sequentibus.

602 4874 759 4931 Vers.
796 4876 887 4931 26.
920 4875 996 4932 Et
1024 4907 1092 4917 -
1161 4878 1337 4934 vobis.
1373 4879 1689 4937 Perfectius
1715 4882 1792 4938 ad
1822 4883 2177 4940 memoriam

2328 408 2508 481 ἀγαπᾷ
2536 430 2599 483 με
2631 432 2644 444 ·
2692 413 2719 464 6
2760 409 2819 465 δὲ
2860 411 3073 484 ἀγαπῶν
3122 436 3202 487 με,
3255 417 3614 488 ἀγαπηθήσεται
3651 426 3725 475 ὑπὸ
3749 436 3807 479 7r;

2330 506 2531 574 Πατρός
2563 521 2662 573 μου
2698 517 2709 529 ⁸
2744 502 2798 553 ὃν
2839 499 2898 555 δὲ
2940 502 3255 575 ἀγαπήσειὸ
3299 514 3463 581 Πατήρ
3499 530 3600 581 μου,
3642 521 3711 565 καὶ
3743 520 3807 585 ἐγώ

2327 588 2587 657 ἀγαπήσω
2632 592 2925 655 πάντως,ῶς
2958 591 3252 669 ἀμφοτέρων
3282 600 3344 648 τα
3378 599 3499 649 αὖτὰ
3530 600 3723 652 θελόντων
3751 616 3809 655 ut

2326 675 2747 752 ἀποδεχομένων.

2398 776 2497 823 Καὶ
2550 801 2617 809 —
2674 773 2916 842 ἐμαυτόν.
2974 776 3102 826 Ποτε
3150 778 3237 846 μὲν
3288 774 3697 850 ἀνθρωποπρεπῶς,
3730 801 3808 833 ποτε

2324 855 2382 911 δὲ
2425 857 2498 911 δι’
2552 859 2870 933 ἰλλάμψεως.
2922 868 3084 915 Τοῖτο
3134 860 3191 916 δὲ
3234 862 3453 925 ἀκούσας
3479 864 3652 928 Ἰούδας
3687 872 3706 919 6
3742 870 3814 923 Ἰα-

2320 948 2491 1001 κῶϐου
2522 950 2547 1001 6
2577 954 2661 1001 καὶ
2707 948 2957 1013 Λεϐϐαῖος
2990 953 3106 1023 (13)
3143 958 3234 1005 καὶ
3264 951 3520 1015 Θαδδαῖος
3562 956 3810 1027 καλούμενος,

2319 1042 2549 1110 ἓνόμισεν
2633 1042 2733 1108 ὅτι,
2803 1042 2872 1101 ὡς
2924 1042 2972 1093 οἱ
3023 1048 3193 1117 νεκροὶ
3268 1044 3499 1106 πολλάκις
3557 1047 3596 1097 ἐν
3650 1046 3814 1120 ὀνείροις,

2318 1130 2585 1201 ἕμφανίσει
2670 1129 2867 1184 ἑαυτὸν.
2954 1135 3040 1182 Διὸ
3131 1137 3220 1185 καὶ
3296 1137 3563 1205 συγχυθεὶς
3611 1136 3817 1188 6:313:61-

2317 1237 2455 1289 μησε
2510 1221 2600 1290 μεν
2651 1219 2807 1271 εἰπεῖν
2871 1219 2896 1272 ὃ
2944 1219 3201 1287 ἐϐούλετο,
3254 1221 3355 1273 οἷον
3424 1224 3547 1277 Οὐαὶ
3608 1222 3720 1296 ὑμῖν,
3764 1230 3817 1278 ὅτι

2318 1306 2684 1373 ἀποθνήσκεις,
2784 1312 2872 1359 καὶ
2954 1318 3134 1384 νεκροῦ
3242 1318 3425 1383 τρόπον
3530 1311 3818 1384 ἐμφανίζεσθαι

2315 1397 2530 1469 μέλλεις,
2563 1397 2737 1470 ἑτέρως
2778 1394 2835 1450 δὲ
2868 1395 2943 1450 δι’
2970 1401 3265 1474 ἐρωτήσεως
3290 1406 3377 1458 τὴν
3407 1403 3641 1472 σύγχυσιν
3662 1404 3819 1475 ὑπογαί-

2314 1506 2407 1543 νει.

2388 1581 2542 1647 Λέγει
2571 1606 2637 1617 -
2667 1582 2848 1649 κόσμῳ
2877 1597 2889 1643 ;
2922 1580 3013 1641 T6,
3044 1582 3107 1629 Τί
3135 1582 3342 1649 γέγονε;
3380 1576 3713 1653 δυσφοροῦντος
3744 1579 3818 1632 ἐστι

2243 1660 2287 1715 Β
2315 1671 2402 1717 καὶ
2425 1670 2799 1737 συγχεομένου.
2843 1672 2905 1718 Τί
2936 1666 3255 1738 συμϐέϐηκεν
3286 1672 3364 1720 ὅτι
3394 1672 3508 1741 ημῖν
3536 1672 3816 1741 ἑμφανισὸὴςᾏ

2314 1759 2362 1807 ἑν
2388 1754 2621 1828 ὀνείροις,
2651 1760 2737 1806 καὶ
2776 1756 2904 1827 οὐχὶ
2934 1765 3004 1825 τῷ
3042 1764 3223 1828 κόσμῳ
3263 1760 3521 1821 συνήθωςς
3552 1758 3635 1809 ὐπὸ
3658 1760 3737 1829 γὰρ
3758 1766 3818 1808 τοῦ

2312 1851 2382 1917 μὴ
2411 1845 2566 1898 θέλειν
2599 1848 2680 1898 ἱνα
2708 1847 2941 1919 ἀποθάνῃ
2976 1843 3276 1919 παράδοξον
3308 1854 3395 1901 καὶ
3422 1846 3685 1902 ὰνελπιστον
3708 1854 3819 1917 ᾤοντο

2310 1941 2396 1988 τόν
2429 1938 2643 1989 θάνατον
2666 1936 2846 1990 αὐτοῦ.

2383 2025 2663 2097 Ἀπεκρίθη
2736 2057 2786 2065 —-
2866 2031 3174 2098 ποιήσομεν.
3256 2031 3386 2101 Πρὸς
3464 2031 3539 2079 τόν
3608 2025 3821 2097 ἀγαπῶντα

2310 2134 2372 2185 με
2425 2117 2524 2185 ἐγὼ
2580 2120 2670 2167 καὶ
2726 2116 2751 2167 ὁ
2824 2120 3003 2190 Πατήρ
3077 2136 3178 2188 μου
3242 2117 3556 2189 ἐλευσόμεθα,
3602 2120 3819 2173 τουτέστιν,

2310 2204 2467 2263 οὕτως
2520 2206 2979 2277 ἐμφανισθηοομαι
3026 2209 3095 2268 ως
3150 2208 3174 2257 6
3235 2212 3411 2278 Πατήρ
3467 2226 3576 2277 μου,
3634 2209 3706 2256 καὶ
3748 2204 3819 2273 οὐχ

2310 2294 2374 2351 ὡς
2422 2296 2470 2343 oi
2527 2298 2713 2364 νεκροί.
2797 2299 2895 2347 Καὶ
2958 2300 3119 2367 μόνην
3190 2295 3313 2367 παρ’
3391 2296 3522 2365 αὐτῷ
3587 2298 3817 2364 nmmum,

2309 2382 2566 2443 οἰκοῦντες
2622 2402 2670 2435 εν
2732 2384 2872 2455 αὐτῷ
2928 2387 3233 2458 Θεοπρεπῶς,
3297 2388 3415 2459 ὅπερ
3473 2384 3706 2459 ὀνειράτων
3756 2382 3820 2433 οὐκ

2309 2473 2467 2525 ἔστιν.

2377 2558 2434 2610 Ὀ
2488 2590 2554 2601 --
2603 2567 2825 2634 Πατρός.
2883 2559 3283 2616 ’Δττοδείκνυσιν
3342 2567 3422 2615 ὅτι
3474 2563 3496 2614 6
3549 2566 3648 2621 τοὺς
3690 2560 3821 2631 λόγους

2308 2652 2466 2701 αὐτοῦ
2498 2655 2569 2722 μὴ
2613 2660 2802 2723 τηρῶν,
2836 2655 2952 2705 οὔτε
3006 2653 3161 2705 αὐτὸν
3191 2652 3379 2724 ἀγαπᾴ
3406 2656 3516 2705 οὔτε
3552 2656 3626 2703 τὸν
3656 2655 3819 2723 Πατέρα.

2308 2742 2462 2810 Λέγει
2522 2742 2643 2814 γάρ,
2713 2744 2793 2793 δτι
2860 2740 2917 2794 Ὀ
2984 2746 3055 2813 μὴ
3129 2739 3343 2813 ἀγαπῶν
3420 2761 3478 2814 με
3541 2744 3645 2800 τοὺς
3691 2738 3820 2809 λόγους

2304 2851 2404 2903 μου
2458 2832 2515 2884 οὐ
2566 2840 2751 2903 τηρεῖ·
2812 2832 2844 2883 ἃ
2896 2828 2954 2883 δὲ
2998 2831 3128 2903 λέγω
3184 2836 3281 2883 οὔκ
3329 2832 3455 2885 εἰσῖν
3501 2835 3605 2903 ἐμὰ,
3634 2829 3735 2880 ἀλλὰ
3757 2836 3820 2878 τοῦ

2305 2924 2508 2993 Πατρός
2535 2941 2546 2952 ·
2581 2926 2652 2991 μὴ
2682 2930 2852 2992 τηρῶν
2879 2917 2937 2973 δὲ
2988 2926 3108 2983 τοὺς
3136 2920 3321 2993 λόγους
3352 2942 3469 2993 μου,
3501 2921 3554 2972 οὔ
3582 2926 3702 2990 τηρεί
3737 2922 3820 2976 τοὺς

2300 3009 2480 3080 λόγους
2532 3018 2622 3062 τοῦ
2678 3014 2880 3083 Πατρός
2914 3028 2924 3039 ⁸
2974 3015 3044 3082 μὴ
3097 3020 3267 3083 τηρῶν
3316 3008 3375 3063 ὃε
3422 3014 3532 3071 τοὺς
3571 3009 3723 3079 λόγους
3761 3013 3821 3057 τοῦ

2303 3105 2526 3171 Πατρός,
2602 3096 2725 3152 οὐδε
2781 3104 2865 3152 τόν
2930 3104 3136 3171 Πατέρα
3196 3098 3395 3170 ἀγαπᾷ.
3447 3103 3701 3170 Τεκμήριον
3750 3098 3817 3164 γὰρ

2302 3189 2412 3259 (14)
2457 3187 2665 3259 ἀγάπης
2714 3191 2741 3247 η
2777 3195 2995 3260 τήρησις
3036 3197 3133 3240 τῶν
3186 3189 3421 3242 ἐντολῶν.
3464 3195 3564 3247 Πῶς
3594 3183 3643 3239 δε
3672 3186 3821 3253 ὁλογςς

2300 3278 2353 3330 ὃν
2383 3277 2516 3347 λέγει
2546 3284 2635 3331 καὶ
2683 3277 2842 3330 αὐτοῦ
2873 3276 3010 3340 ἐστι,
3038 3283 3127 3328 καὶ
3175 3277 3270 3329 οὐκ
3319 3281 3453 3329 ἔστιν
3491 3277 3651 3341 αὐτοῦ,
3694 3292 3821 3346 προει-

2299 3372 2548 3438 ρήκαμεν.
2611 3367 2746 3420 Ἐπεὶ
2806 3363 2863 3418 δε
2921 3370 3195 3437 ἐγίνωσκεν
3254 3366 3445 3428 αὐτοὺς
3495 3368 3599 3417 τινὰ
3661 3368 3731 3435 μὲν
3770 3368 3816 3432 με

2302 3461 2588 3519 συνιέντας,
2620 3458 2669 3509 ἓν
2718 3474 2829 3507 τισι
2867 3452 2926 3508 δὲ
2954 3462 3044 3507 καὶ
3089 3454 3516 3527 ἀμφιϐάλλοντας,
3559 3457 3821 3523 ὑπισχνεῖται

2299 3548 2386 3595 καὶ
2420 3550 2511 3602 τὴν
2541 3554 2639 3596 τῶν
2685 3543 3035 3616 ἀγνοουμένων
3067 3550 3156 3595 καὶ
3186 3548 3279 3602 τὴν
3314 3554 3411 3596 τῶν
3452 3540 3819 3617 ἀμγιεαλλομένων

2301 3628 2674 3687 διδασκαλίαν.

2369 3730 2543 3774 Ταῦτα
2574 3754 2640 3762 —
2668 3726 2848 3793 μένων.
2882 3729 3080 3789 Ταῦτα,
3109 3725 3173 3774 τὰ
3204 3718 3465 3774 δοκοῦντα
3505 3720 3656 3791 ἀσαφῆ
3684 3738 3692 3749 ·
3718 3720 3760 3768 τὸ
3781 3711 3820 3765 τῖε

2298 3810 2429 3884 Παρ’
2460 3813 2579 3883 ὑμῖν
2600 3815 2759 3882 μένων
2781 3814 3121 3883 προσέθηκεν,
3140 3814 3399 3883 ἐμφαίνων
3423 3811 3662 3863 κάνταῦθα
3682 3810 3743 3859 ὁτι
3760 3812 3819 3855 τοῦ

2294 3899 2476 3952 λοιποῦ
2507 3902 2685 3953 ἄπεισι
2717 3905 2844 3973 πρὸς
2874 3904 2961 3952 τὸν
2995 3904 3217 3976 Πατέρα.

2363 3989 2421 4039 Ὀ
2481 3986 2537 4042 δὲ
2586 3989 2921 4064 Παράκλητος
3000 4021 3067 4029 -
3120 3993 3314 4046 πάντα.
3375 3992 3452 4042 Τὰ
3503 3988 3817 4063 προσιστάμενα

2294 4080 2414 4149 ὑμῖν
2490 4075 2722 4137 δηλαδή.
2790 4084 2857 4131 Τὸ
2918 4075 2994 4139 6‘s,

2292 4167 2399 4219 ἀντ’
2450 4167 2592 4241 ἐμου,
2650 4173 2893 4241 σημαίνει
2951 4167 3191 4223 ἐνταυθα.
3237 4170 3383 4222 Ἐπεὶ
3433 4171 3530 4240 γὰρ
3578 4165 3814 4222 «616:7»:-

3074 4078 3155 4130 Ἐν
3227 4088 3301 4149 τῷ
3361 4079 3565 4151 ὀνόματί
3614 4095 3713 4147 μου,
3762 4074 3811 4123 τε.

2290 4266 2467 4330 ρωσας
2536 4262 2629 4315 τὴν
2700 4262 2991 4330 οἰκονομίαν
3060 4257 3243 4316 ἀνῆλθε
3316 4262 3445 4329 πρὸς
3500 4261 3576 4308 τὸν
3648 4254 3809 4319 Πατέρα,

2290 4346 2466 4400 λοιπὸν
2512 4347 2617 4399 ἀντ’
2673 4346 2831 4400 αὐτοῦ
2879 4347 3101 4406 κατῆλθε
3145 4352 3202 4399 τὸ
3252 4355 3460 4419 Πνεῦμα
3496 4350 3549 4399 τὸ
3593 4345 3727 4415 ἅγιον,
3760 4340 3811 4387 ET:

2293 4436 2633 4509 Παράκλητος
2680 4439 2802 4506 ἡμῖν
2850 4442 2918 4509 μὴ
2955 4437 3127 4509 λείπῃ,
3175 4439 3348 4497 καοῶς
3394 4456 3545 4509 φησιν
3582 4430 3810 4495 ὀθεοὶαρς

2216 4510 2259 4564 D
2292 4532 2596 4601 Γρηγόριος.

2366 4622 2463 4670 Καὶ
2514 4614 2659 4669 διατί
2722 4616 2817 4669 οὐκ
2868 4615 3020 4677 αὐτὸς
3068 4612 3281 4678 ἐδίδαξε
3330 4621 3447 4667 τότε
3494 4618 3552 4666 τὰ
3594 4624 3808 4683 προσιστα-

2289 4724 2451 4779 μενα;
2486 4711 2624 4760 Διὸτι
2650 4706 2743 4758 οὐκ
2768 4702 3023 4764 ἠδύναντο
3051 4704 3341 4777 βαστάζειν
3381 4706 3562 4769 πλεῖον,
3590 4705 3645 4763 ὡς
3671 4700 3804 4771 προίξ»)

2291 4795 2413 4870 ἐρεῖ.

2365 4890 2463 4939 Καὶ
2523 4917 2584 4925 -
2641 4885 2778 4957 ’δμῖκ
2838 4884 3150 4957 Ἀναμνησει
3204 4884 3498 4961 τελεώτερον
3555 4880 3801 4947 τελεωτέρινς

1731 5077 1954 5148 Varia:
2001 5081 2329 5151 lectiones
2376 5094 2439 5150 et
2482 5093 2683 5150 notas.

594 5296 710 5371 (13)
749 5296 971 5361 Λεϐαῖος
1006 5296 1075 5357 Α.

593 5480 692 5550 tm
732 5476 946 5561 Αά..υοε
1002 5482 1288 5561 spectent
1327 5480 1409 5561 ΪΓά
1446 5480 1866 5561 ττροσιστάμενά.
1894 5500 1996 5561 τινί
2034 5485 2173 5561 δυηί

523 5566 593 5606 ea
619 5565 753 5622 qua:
784 5549 1045 5622 aliquem
1061 5550 1227 5622 male
1246 5549 1639 5622 habent,qu
1670 5549 1724 5607 ei
1750 5551 1998 5608 molesta
2012 5559 2171 5617 sunt,

522 5623 583 5678 in
604 5619 824 5695 quibus
848 5619 1116 5680 offendit.
1147 5623 1330 5695 Ergo,
1371 5638 1467 5682 vos
1494 5619 1826 5693 oﬂendunt.

2354 5304 2467 5375 (ιι)
2500 5306 2577 5369 Δί,
2611 5319 2722 5377 pro
2751 5305 2877 5379 γὰρ,
2911 5307 2976 5361 Α.

2284 5558 2303 5610 ί
2354 5480 2478 5555 (kk)
2508 5444 2660 5550 “Quce
2691 5484 2772 5541 ad
2816 5483 2973 5550 illos,
3015 5484 3094 5539 Ea
3124 5483 3185 5540 in
3222 5482 3444 5557 quibus
3496 5472 3795 5538 offendebar

2310 5570 2398 5610 ur.

2310 5570 2398 5611 υτ.
