4022 6232
161 247 307 304 ὶιοὸ

1153 239 1523 299 COMMENT.
1567 239 1636 296 ΙΝ
1664 236 2005 296 JOANNEM.
2055 273 2113 284 —
2157 240 2311 302 CAP.
2355 245 2499 304 XIV.

3403 235 3538 311 1th

158 374 486 446 γενομένους.
566 368 740 444 [Εἰκὸς
808 368 924 441 (15)
1012 369 1110 444 γὰρ
1183 367 1372 429 αὐτοὺς
1430 363 1754 420 ἐπιλαθέσθαι

1883 368 2126 426 reducet
2163 372 2272 444 (Η
2315 374 2763 446 perfectioribus
2795 376 3007 450 factis).
3039 379 3189 434 Nam
3219 373 3537 432 verisimile

158 484 338 516 τινων.

237 551 468 625 Εἰρήνην
527 549 720 623 ἀφίημι
749 549 896 622 ὑμῖν,
951 550 1016 600 Οἱ
1044 551 1134 620 μὲν
1164 546 1310 599 ἄλλοι
1339 547 1605 612 ἅνθρωποι
1647 544 1773 597 ἁπο-

161 644 481 702 θνὴσκοντες
535 643 795 713 χρήματα
826 643 917 690 καὶ
947 641 1190 710 κτήματα
1215 643 1326 697 τοῖς
1373 635 1585 695 οἰκεὶοις
1616 632 1770 706 ἀφιᾶ-

163 751 250 783 σιν
284 751 297 763 ·
334 732 360 782 6
394 717 703 804 Jk‘XptO’Té;
742 728 947 802 εἰρήνην
972 734 1083 788 τοῖς
1114 722 1270 788 ἰδίοις
1293 724 1504 798 ἀφῆκεν,
1539 723 1768 799 εἰρήνην,

157 825 221 873 τό
246 820 416 892 γλυκὺ
449 825 539 872 καὶ
561 825 780 892 πρᾷγμα
804 823 892 870 καὶ
923 815 1350 890 ὀνομαΕἰρήνην,
1374 817 1553 886 φησὶν,
1579 813 1771 886 ἀφίημι

160 911 306 982 ὑμῖν,
345 910 428 960 ἵνα
455 908 747 983 εἰρηνεῦητε
779 910 908 982 πρὸς
931 904 1179 966 ἀλλήλους
1221 904 1330 975 (l6)
1362 907 1452 954 καὶ
1476 905 1606 976 πρὸς
1629 901 1716 975 ἐμέ
1753 917 1768 932 ⁸

159 1003 255 1051 καὶ
299 997 482 1050 λοιπὸν
516 994 665 1049 οὐδὲν
701 998 832 1069 ὑμᾶς
879 998 908 1054 ἡ
942 1002 1034 1047 τοῦ
1086 999 1287 1066 κόσμου
1327 995 1539 1066 ταραχή
1575 990 1768 1064 βλάψει

159 1084 280 1140 οὐδ’
298 1083 601 1160 ἐμποδίσει.

235 1177 460 1252 Εἰρήνην
485 1206 554 1216 -
579 1176 720 1248 ὑμῖν.
755 1179 862 1233 Τὴν
893 1171 1008 1247 ἐμοὶ
1046 1171 1392 1245 πεφιλημένην
1422 1174 1517 1229 τὴν
1546 1169 1630 1222 επὶ
1657 1175 1765 1230 τοῖς

155 1265 553 1339 ψυχωγελέσιν,
586 1267 644 1317 οὐ
662 1267 754 1324 τὴν
778 1271 870 1317 τοῦ
895 1267 1096 1336 κόσμου
1124 1265 1216 1321 τὴν
1247 1260 1330 1314 ἐπὶ
1355 1267 1466 1323 τοῖς
1484 1256 1763 1331 ψυχοϐλα-

156 1353 329 1412 ϐέσιν,

232 1534 310 1587 Οῦ
344 1565 412 1574 -
437 1535 578 1606 ὑμῖν.
640 1531 700 1586 ’0
756 1551 846 1605 μιν
875 1534 976 1606 γὰρ
1016 1535 1229 1604 κόσμος,
1264 1534 1426 1602 ἤγουν
1456 1529 1505 1582 οἱ
1533 1530 1764 1601 κοσμικὰ

156 1631 484 1696 φρονοῦντες,
511 1623 718 1695 εἰρήνην
768 1619 1018 1675 διδόασιν
1047 1621 1158 1692 (17)
1183 1619 1422 1682 ἀλλήλοις
1450 1619 1535 1672 ἐπὶ
1566 1627 1710 1690 κακῷ
1746 1637 1757 1648 ⁸

153 1712 257 1784 ἐγω
284 1710 346 1767 δε
367 1713 568 1788 εἰρήνην
609 1708 812 1784 δίδωμι
837 1713 957 1784 ὑμῖν
981 1710 1056 1763 ἐπ’
1088 1709 1293 1781 ἀγαθῷ.

229 1802 301 1855 Ἤ
353 1803 466 1873 (l8)
520 1804 545 1854 6
625 1805 715 1874 μεν
777 1805 972 1873 κόσμος
1049 1805 1307 1873 χρήματα
1357 1803 1446 1851 καὶ
1516 1802 1763 1870 κτήματα

154 1887 362 1945 δίδωσι
413 1899 524 1954 τοῖς
570 1891 730 1944 αὐτοῦ
787 1907 800 1922 ⁸
853 1889 952 1962 ἐγὼ
1013 1885 1072 1942 δὲ
1139 1889 1344 1962 εἰρήνην
1385 1884 1586 1960 δίδωμι
1638 1889 1760 1960 ὑμῖν

1061 1979 1112 2032 Ἀ
1125 1983 1279 2050 φίημι
1331 1980 1472 2050 ὑμῖν,
1548 1975 1758 2049 ἀναχώ-

1793 1748 1830 1801 Β

151 1989 263 2042 τοῖς
328 1980 489 2054 ἐμοῖς.
559 1981 698 2034 Ἐπεὶ
777 1976 837 2033 δε
920 1983 978 2032 τὸ

149 2091 316 2146 ρησιν
371 2070 630 2145 ἔμφαίνον,
684 2072 953 2143 σύγχυσιν
1009 2067 1217 2122 πλείονα
1261 2067 1439 2130 αὐτοῖς
1471 2065 1756 2132 ἐνεποίησε,

153 2165 286 2233 φησί
319 2178 334 2192 ο

229 2255 317 2310 Μὴ
352 2281 420 2292 -
453 2247 714 2303 δειλιάτω.
745 2248 902 2324 Ὀρᾶς
931 2250 1012 2302 ὃτι
1068 2249 1127 2301 οῦ
1159 2255 1432 2302 τοσοῦντον
1487 2246 1588 2300 ἀπὸ
1620 2247 1759 2320 φιλο-

154 2345 430 2416 στοργίας,
461 2341 582 2392 ὅσον
623 2338 724 2391 ἀπὸ
749 2335 946 2399 δειλίας
977 2341 1232 2411 ἔπασχον,
1265 2337 1490 2410 οἰόμενοι
1516 2334 1755 2390 διασπα-

151 2431 536 2505 ραχθήσεσθαι
572 2431 716 2503 παρὰ
738 2435 840 2481 τῶν
869 2427 1073 2500 ἐχθρῶν
1113 2427 1293 2481 αὐτοῦ.

226 2609 520 2662 Ἠκούσατε
564 2639 630 2647 -
696 2607 850 2679 ὑμᾶς.
903 2605 1012 2659 Οῦκ
1081 2604 1219 2659 εἶπον
1269 2607 1348 2658 ὅτι
1397 2604 1606 2677 ’Υπάγω
1666 2609 1758 2677 μό-

147 2719 261 2766 νον,
293 2697 407 2768 ἀλλ,
445 2699 526 2750 ὃτι
551 2702 640 2750 καὶ
683 2696 956 2771 Ἔρχομαι
981 2699 1112 2772 πρὸς
1141 2697 1295 2768 ὑμᾶς.
1329 2699 1525 2750 Λοιπὸν
1564 2695 1617 2746 τί
1647 2691 1759 2747 δει-

147 2789 297 2842 λιᾶιτε
331 2808 345 2855 ;

225 2877 287 2930 Εἰ
329 2909 384 2919 -
442 2878 666 2950 Πατέρα.
728 2871 940 2933 Ἐπειδὴ
972 2878 1115 2927 οὔπω
1174 2877 1291 2946 περὶ
1343 2881 1437 2935 τῆς
1498 2872 1625 2945 ἐμῆς
1667 2881 1753 2924 πε-

151 2965 557 3039 πληροφόρησθε
646 2962 935 3037 δυνάμεως,
1020 2971 1110 3018 καὶ
1200 2961 1342 3017 διότι
1414 2961 1749 3023 ἀποθνήσκω,

149 3056 386 3127 νομίζετε
433 3073 495 3128 με
561 3058 632 3127 μὴ
703 3051 964 3107 δύνασθαι
1030 3056 1158 3127 μετὰ
1212 3055 1424 3105 θάνατον
1481 3057 1752 3122 συντηρεῖν

149 3146 285 3217 ὑμᾶς
341 3150 354 3172 ⁴
415 3142 634 3218 ὀφείλετε
711 3149 942 3216 χαίρειν,
1028 3145 1105 3196 ὅτι
1191 3139 1349 3205 εἶπον,
1457 3143 1752 3214 Πορεύομαι

148 3238 284 3307 πρὸς
338 3237 424 3286 τὸν
483 3237 707 3307 Πατέρα,
763 3237 849 3285 τὸν
931 3230 1213 3305 δυνάμενον
1299 3230 1557 3295 ἐξελέσθαι
1617 3231 1752 3301 ὑμᾶς

147 3326 328 3386 πάσης
389 3322 680 3387 ἐπιϐουλῆς,
740 3321 1018 3384 ἐννοοῦντες
1064 3325 1144 3375 ὅτι
1195 3320 1500 3397 πρεσϐεύσω
1546 3321 1750 3380 πάντως

148 3415 278 3487 ὑπερ
305 3415 468 3485 ὑμῶν.

219 3502 430 3555 Ὀτι-
460 3501 592 3556 ἔστι.
627 3533 693 3542 -
724 3501 928 3562 Μείζων
977 3504 1080 3574 μού
1129 3500 1262 3568 ἐστι,
1293 3508 1353 3573 τῇ
1415 3496 1656 3571 δυνάμει,
1686 3500 1751 3558 ὡς

144 3595 298 3666 ὑμεῖς
346 3589 564 3656 δοκεῖτε,
625 3591 715 3644 ἅτε
771 3595 1198 3666 περιφανέστερον
1259 3589 1308 3642 ἐν
1361 3597 1472 3650 ταῖς
1527 3595 1749 3661 Γραφαίς

145 3681 650 3754 ἁνακηρυττὸμενος.
725 3687 904 3732 Ταῦτα
961 3676 1019 3732 δὲ
1063 3682 1231 3731 πάντα
1299 3679 1436 3751 λέγει
1493 3698 1749 3749 συγκατα-

144 3772 336 3825 ϐαίνων
404 3779 464 3843 τῇ
526 3769 782 3840 ὑπολήψει
847 3775 937 3822 καὶ
1004 3768 1244 3842 ἀσθενείᾳ
1313 3779 1414 3820 τῶν
1477 3770 1742 3839 μαθητῶν,

142 3867 235 3914 καὶ
261 3861 319 3923 ἐξ
357 3860 520 3922 αὐτῆς
549 3867 638 3920 τῆς
693 3859 788 3911 οῦκ
854 3861 1013 3934 ὀρθῆς
1054 3859 1221 3912 αὐτῶν
1279 3856 1577 3927 ὑπολήψεως
1618 3856 1748 3927 ἐλέγ-

140 3971 259 4023 χων
319 3948 526 4009 αὐτούς.
586 3951 730 4001 Κατὰ
767 3949 869 4022 γὰρ
910 3952 995 4000 τὸν
1036 3948 1200 4007 ἀληθῆ
1269 3947 1440 4017 λόγον,
1490 3946 1514 3997 ὁ
1566 3949 1746 4017 Πατὴρ

140 4040 338 4113 μείζων
368 4041 478 4112 μὲν,
515 4036 622 4089 ἀλλ’
651 4037 708 4089 οὗ
753 4046 813 4110 τῇ
870 4034 1090 4110 δυνάμει
1131 4042 1313 4110 ;μονῳ
1345 4033 1404 4089 δι
1450 4044 1519 4106 τῷ
1576 4034 1746 4106 αἰτίῳ,

141 4133 227 4182 ὅτι
266 4131 433 4190 αἴτιος
475 4135 547 4198 τῷ
572 4132 676 4198 Υιῴ
705 4135 793 4188 τῆς
817 4132 1122 4199 γεννήσεως.
1165 4127 1253 4180 Ἐκ
1284 4133 1374 4178 τοῦ
1417 4127 1616 4199 Πατρός
1645 4125 1746 4196 γὰρ

141 4218 169 4268 6
204 4219 346 4278 Υἱός.

219 4310 324 4359 Καὶ
364 4337 431 4345 —
461 4307 798 4365 πιστεύσητε.
843 4308 1042 4378 Εἵρηκα
1086 4305 1206 4377 ὑμῖν
1259 4308 1322 4358 τὰ
1347 4310 1462 4380 περὶ
1493 4312 1586 4365 τῆς
1619 4302 1750 4356 ἁπο-

139 4390 346 4466 δημίας
377 4399 465 4447 καὶ
500 4394 653 4446 πάλιν
702 4391 987 4468 ἐπιδημίας
1040 4415 1164 4466 μου,
1223 4400 1312 4446 καὶ
1366 4397 1430 4446 τα
1485 4399 1602 4469 περὶ
1657 4401 1746 4447 τοῦ

134 4483 301 4536 ἄλλου
353 4483 716 4558 Παραλήτου,
752 4486 834 4536 ἱνα
883 4488 1002 4537 ὅταν
1055 4489 1284 4556 γένηται,
1314 4487 1632 4544 πιστεύσητε
1670 4487 1748 4538 ὅτι

132 4576 316 4626 πάντα
342 4580 431 4625 καὶ
455 4570 579 4625 οἶδα
613 4578 701 4625 καὶ
730 4569 980 4645 δύναμαι.
1041 4575 1220 4636 Οὕτως
1246 4571 1333 4626 οὖν
1355 4576 1748 4650 παραμυθησά-

131 4683 291 4736 μενος
319 4662 524 4727 αὐτοὺς,
558 4662 710 4715 πάλιν
738 4662 869 4734 λέγει
896 4665 962 4715 τὰ
991 4661 1221 4737 λυπηρὰ,
1263 4671 1324 4736 τῇ
1354 4669 1601 4737 συνεχείᾳ
1629 4667 1747 4718 τού-

129 4773 238 4805 των
259 4752 540 4825 γυμνάζων
570 4751 760 4813 αὐτοὺς
785 4752 858 4813 εἰς
887 4756 945 4804 τὸ
976 4756 1047 4825 μὴ
1107 4752 1463 4825 θορυϐηθῆναι
1492 4756 1629 4806 κατὰ
1657 4758 1744 4807 τὸν

128 4845 324 4915 καιρὸν
353 4850 451 4894 τῶν
496 4838 696 4894 δεινῶν.
751 4845 820 4894 T6
874 4844 974 4916 γὰρ
1030 4838 1393 4915 προσδοκηθέν
1425 4842 1742 4918 ὁμαλώτερον

133 4933 289 4985 εἴωθε
316 4929 683 5005 προσϐάλλειν.

213 5019 329 5073 Οῦκ
395 5023 465 5072 ἲτι
527 5050 596 5060 —
650 5021 854 5095 ἅρχων.
913 5018 1160 5075 Ἐνταῦθα
1229 5025 1426 5094 κόσμον
1477 5026 1567 5096 μεν
1608 5023 1743 5096 λέγει

127 5116 232 5170 τὴν
258 5113 449 5164 κακίαν
484 5130 496 5144 ·
532 5110 770 5186 ἄρχοντα
811 5107 870 5164 δε
899 5114 986 5163 τὸν
1018 5107 1259 5164 διάϐολον
1289 5128 1301 5142 ’
1337 5111 1396 5164 οὐ
1439 5115 1542 5186 γὰρ
1594 5113 1746 5192 οὐρα-

1785 3101 1826 3157 C

1863 465 1988 523 est,
2022 475 2126 515 eos
2157 463 2440 534 quasdam
2470 465 2751 522 oblivioni
2782 466 3124 523 tradidisse.

1953 549 2118 606 Vers.
2152 555 2240 606 27.
2286 555 2498 611 Pacem
2548 556 2815 628 relinquo
2866 555 3042 612 vobis.
3105 553 3217 610 Alii
3283 553 3534 626 quidem

1881 638 2154 695 homines
2195 643 2515 699 morientes
2544 646 2830 717 pecunias
2885 660 2955 700 ac
2984 644 3402 718 possessiones
3430 642 3538 697 do-

1882 729 2149 785 mesticis
2181 732 2530 804 relinquunt
2558 751 2572 800 ;
2602 734 2866 790 Christus
2896 749 3038 790 vero
3061 749 3265 806 pacem
3302 731 3428 786 suis
3449 746 3536 786 re-

1880 815 2119 889 linquit,
2135 835 2365 892 pacem,
2385 824 2560 896 cujus
2584 827 2743 878 etres
2761 829 3047 879 etnomen
3062 822 3265 877 dulce:
3295 821 3533 885 Pacem,

1881 905 2093 978 inquit,
2113 910 2385 983 relinquo
2403 913 2648 977 vobis,ut
2671 913 2900 984 paciﬁci
2923 928 3066 982 erga
3090 929 3195 966 vos
3223 915 3434 965 mutuo
3462 907 3537 962 si-

1879 995 1954 1050 tis
2002 1002 2059 1052 et
2087 1013 2232 1068 erga
2259 1015 2373 1068 me,
2416 1005 2471 1056 et
2503 999 2585 1056 ita
2615 1001 2787 1057 vobis
2817 1001 2980 1057 nulla
3030 999 3240 1056 mundi
3271 995 3532 1054 turbatio

1875 1085 2207 1158 quidquam
2238 1089 2494 1155 nocebit,
2527 1104 2723 1163 neque
2754 1091 3185 1162 impedimento
3212 1088 3338 1142 erit.

1949 1175 2105 1230 Vers.
2147 1177 2240 1234 27.
2276 1179 2486 1235 Pacem
2533 1209 2603 1219 —
2642 1180 2814 1236 vobis.
2853 1181 2995 1245 Qua.-
3041 1193 3077 1234 a
3131 1192 3225 1232 me
3273 1179 3528 1239 amatur,

1873 1279 2012 1336 quae
2044 1271 2287 1337 propter
2306 1267 2406 1323 illa
2434 1283 2571 1340 quas
2603 1270 2822 1325 animae
2853 1272 3125 1339 prosunt,
3147 1265 3529 1322 conceditur:

1873 1370 1995 1412 non
2055 1356 2264 1411 mundi
2295 1372 2505 1429 pacem
2533 1373 2668 1431 qute
2693 1358 2772 1414 ob
2801 1373 2868 1413 ea
2901 1373 3029 1432 quas
3043 1362 3258 1412 nocent
3289 1357 3539 1412 animus!

1875 1450 2166 1502 servatur.

1946 1539 2111 1592 Vers.
2143 1537 2230 1591 27.
2263 1537 2400 1593 Νοη
2425 1568 2494 1578 —
2527 1537 2704 1594 vobis.
2741 1537 3050 1610 Siquidem
3084 1537 3348 1592 mundus
3406 1535 3530 1590 sive

1873 1627 2187 1682 mundana
2207 1627 2520 1698 sapientes,
2536 1643 2748 1698 pacem
2772 1633 2980 1683 mutuo
2994 1627 3141 1682 dant
3156 1626 3295 1680 mali
3309 1641 3526 1681 causa:

1871 1731 1984 1783 ego
2016 1731 2155 1771 vero
2197 1732 2405 1788 pacem
2430 1716 2510 1772 do
2526 1716 2697 1772 vobis
2726 1717 2867 1772 boni
2901 1732 3110 1772 causa.

1942 1804 2238 1861 Autaliter
2260 1822 2272 1860 :
2293 1805 2554 1860 mundus
2573 1806 2859 1878 pecunias
2877 1822 2947 1860 ac
2964 1803 3384 1877 possessiones
3406 1802 3528 1858 suis

1869 1893 2140 1966 largitur,
2191 1910 2302 1964 ego
2331 1911 2468 1951 vero
2518 1911 2726 1967 pacem
2754 1895 2834 1950 do
2875 1894 3067 1960 vobis,
3099 1894 3191 1965 qui
3217 1893 3332 1948 mei
3363 1892 3524 1948 estis.

1871 1985 2021 2050 Quia
2050 1989 2248 2040 autem
2271 1984 2528 2040 dicendo
2554 2002 2566 2040 :
2601 1986 2805 2042 Pacem
2818 1985 3084 2055 relinquo
3113 1983 3422 2054 vobis,quo
3439 1997 3528 2038 se-

1869 2074 2241 2143 parationem
2274 2071 2592 2140 indicabat,
2615 2073 2906 2144 majorem
2926 2073 3008 2128 eis
3027 2072 3310 2144 injecerat
3327 2068 3526 2126 turba-

1869 2161 2112 2226 tionem,
2142 2163 2221 2218 ait
2263 2179 2276 2218 :

1937 2254 2098 2307 Vers.
2162 2256 2250 2306 27.
2318 2253 2408 2308 Ne
2469 2282 2538 2292 —
2587 2251 2889 2321 formum.
2923 2250 3118 2315 Vides,
3168 2248 3335 2322 quod
3402 2263 3524 2306 non

1866 2344 2097 2398 tantum
2117 2341 2337 2396 amoris
2352 2341 2764 2406 magnitudine
2788 2339 3210 2406 mouebantur,
3227 2341 3526 2410 quantum

1866 2430 2188 2487 formidine
2222 2447 2236 2486 :
2267 2436 2557 2502 putantes.
2591 2446 2653 2486 se
2684 2429 3110 2503 discerpendos
3131 2427 3209 2484 ab
3227 2427 3382 2484 illius
3407 2426 3526 2484 ini-

1866 2520 2057 2576 micis.

1938 2608 2251 2665 Vers.28.A
2263 2609 2467 2665 adistis
2489 2640 2539 2648 —
2562 2612 2811 2664 vos.Non
2827 2608 3024 2664 solum
3036 2607 3156 2662 dixi
3174 2606 3336 2678 quod
3351 2607 3521 2671 vado,

1867 2697 1972 2753 sed
2002 2698 2357 2770 etiamquod
2388 2697 2554 2753 venio
2580 2697 2654 2753 ad
2668 2713 2778 2754 vos.
2799 2696 2952 2763 Quid
2975 2710 3118 2765 ergo
3134 2693 3471 2752 formidatis
3493 2694 3522 2748 ?

1938 2879 2098 2932 Vers.
2127 2879 2215 2932 28.
2244 2876 2303 2932 Si
2329 2908 2394 2917 —
2426 2878 2680 2933 Patrem.
2735 2875 2882 2943 Quia
2925 2874 3000 2929 de
3058 2888 3192 2928 mea
3247 2871 3520 2927 nondum

1865 2967 2141 3022 certiores
2172 2966 2308 3022 facti
2342 2967 2480 3022 estis
2509 2966 2796 3037 potentia,
2831 2972 2885 3020 et
2905 2964 3047 3036 quia
3080 2961 3320 3027 morior,
3355 2964 3523 3033 puta-

1866 3055 1958 3124 tis,
1980 3072 2073 3111 me
2091 3065 2224 3129 post
2252 3063 2498 3113 mortem
2525 3072 2645 3112 non
2669 3071 2846 3121 posse
2869 3070 2974 3109 vos
3002 3065 3351 3108 conservare
3378 3068 3391 3116 ;
3421 3049 3521 3105 de-

1866 3146 2012 3202 betis
2046 3152 2245 3202 tamen
2269 3147 2550 3218 gaudere,
2579 3144 2745 3217 quod
2767 3143 3018 3198 dixerim
3049 3158 3062 3194 :
3121 3142 3281 3198 Vado
3305 3139 3387 3197 ad
3411 3139 3518 3196 Pa-

1865 3244 2034 3301 trem,
2060 3237 2160 3308 qui
2185 3243 2395 3308 potens
2425 3240 2514 3291 est
2529 3251 2634 3290 vos
2659 3233 2737 3289 ab
2759 3231 3046 3288 omnibus
3070 3229 3307 3286 insidiis
3333 3227 3516 3299 eripe-

1864 3340 1944 3390 re,
1988 3333 2442 3394 cognoscentes,
2469 3325 2632 3398 quod
2687 3321 2929 3378 omnino
2965 3319 3259 3390 legatione
3303 3316 3521 3387 fungar

1863 3429 1971 3486 pro
2000 3413 2190 3470 vobis.

1931 3505 2092 3559 Vers.
2120 3504 2206 3558 28.
2244 3505 2395 3572 Quia
2427 3535 2493 3544 —-
2559 3509 2664 3560 est.
2697 3533 2764 3542 --
2795 3501 2997 3569 Major
3023 3512 3116 3553 me
3143 3501 3246 3564 est,
3299 3499 3361 3551 ut
3411 3508 3521 3548 vos

1860 3593 2096 3664 putatis,
2125 3600 2411 3665 tanquam
2448 3591 2823 3648 manifestius
2846 3590 2902 3644 in
2926 3581 3520 3659 Scripturispromul'

1861 3688 2056 3754 gatus.
2093 3685 2222 3738 Haec
2245 3688 2444 3737 autem
2472 3681 2675 3737 omnia
2693 3681 2830 3735 dicit
2854 3678 3170 3746 indulgens
3199 3671 3519 3746 suspicioni

1859 3787 1930 3827 ac
1960 3771 2350 3827 imbecillitati
2373 3771 2629 3836 illorum,
2660 3777 2715 3826 et
2745 3786 2813 3825 ex
2839 3769 2973 3841 ipsa
2997 3782 3115 3822 non
3133 3770 3288 3820 recta
3310 3778 3521 3820 eorum

1860 3862 2142 3931 opinione
2161 3876 2422 3930 arguens
2442 3861 2592 3915 illos.
2613 3863 2758 3914 Nam
2785 3859 2842 3912 in
2861 3857 3106 3912 veritate
3133 3856 3303 3911 Pater
3326 3852 3522 3922 major

1860 3950 2103 4021 quidem
2133 3955 2238 4014 est,
2290 3954 2350 4004 at
2393 3965 2510 4003 non
2564 3948 2846 4019 potentia,
2897 3946 3001 4001 sed
3059 3944 3186 3999 solo
3242 3939 3519 4014 principii

1861 4038 2065 4103 modo,
2086 4039 2221 4108 quia
2241 4037 2378 4092 Filio
2396 4037 2748 4108 principium
2769 4039 2856 4090 est
2879 4032 3270 4105 generationis
3295 4046 3308 4085 :
3335 4028 3519 4102 siqui-

1861 4128 1997 4184 dem
2032 4144 2099 4183 ex
2135 4129 2302 4184 Patre
2330 4130 2418 4180 est
2441 4125 2645 4180 Filius.

1933 4309 2094 4363 Vers.
2128 4306 2216 4361 29.
2241 4306 2314 4360 Et
2337 4337 2397 4345 —
2430 4304 2706 4360 credatis.
2734 4301 2856 4357 Dixi
2903 4300 3089 4365 vobis,
3113 4315 3249 4371 quae
3283 4301 3419 4354 sunt
3447 4299 3517 4351 de

1863 4415 1996 4454 mea
2027 4396 2408 4470 profectione,
2444 4410 2512 4449 ac
2540 4409 2776 4448 rursum
2808 4393 2878 4447 de
2911 4405 3047 4446 meo
3097 4389 3285 4444 reditu
3346 4393 3405 4442 et
3443 4385 3517 4443 de

1861 4488 1976 4544 alio
2037 4486 2357 4547 Paracleto,
2413 4488 2473 4540 ut
2522 4499 2660 4538 cum
2711 4481 2836 4538 ﬁeri
2881 4479 3166 4549 videritis,
3237 4476 3514 4541 credatis,

1858 4578 2023 4650 quod
2046 4577 2250 4632 omnia
2268 4588 2323 4630 et
2347 4574 2612 4630 noverim
2639 4578 2694 4627 et
2718 4572 2964 4644 possim.
2990 4571 3076 4627 Ita
3097 4568 3518 4624 consolaturus

1858 4683 1983 4732 eos,
2016 4682 2252 4721 rursum
2285 4664 2471 4720 tristia
2517 4663 2676 4729 dicit,
2729 4663 2944 4718 borum
3000 4658 3335 4732 frequentia
3381 4655 3514 4712 illos

1859 4773 2159 4821 exercens,
2208 4771 2278 4810 ne
2334 4753 2731 4826 periculorum
2787 4757 3054 4822 tempore
3115 4747 3514 4812 turbarentur,

1858 4847 2148 4920 siquidem
2168 4844 2324 4917 quod
2341 4848 2752 4916 exspectatum
2775 4847 2860 4897 est
2880 4839 3065 4897 levius
3091 4837 3226 4895 ferri
3249 4837 3413 4893 solet.

1927 5029 2086 5081 Vers.
2119 5026 2209 5080 30.
2239 5025 2376 5080 Jam
2398 5037 2513 5078 non
2529 5052 2592 5062 —
2609 5021 2907 5090 princeps.
2935 5012 3516 5088 Mundum'appellat

1854 5115 1968 5181 hic,
2003 5113 2291 5171 malitiam
2321 5131 2334 5179 ;
2369 5111 2704 5185 principem
2737 5125 2898 5174 vero,
2960 5105 3272 5163 diabolum
3324 5120 3338 5160 :
3391 5117 3512 5159 non

1345 5308 1570 5380 Variae
1611 5311 1935 5380 lectiones
1976 5319 2041 5380 et
2079 5319 2285 5379 notas.

211 5523 327 5605 (15)
379 5521 612 5605 Inclusa
674 5526 918 5605 uterque
967 5521 1028 5579 in
1065 5523 1356 5596 margine.
1411 5523 1750 5600 Τελεωτέρους

129 5599 439 5667 γενομένους
460 5597 746 5668 omiserat
769 5597 1071 5668 interpres.

215 5664 332 5740 (i0)
373 5669 455 5721 Ἐν
483 5664 739 5729 ἀλλήλοις.
771 5671 842 5723 Α.

1961 5526 2042 5594 l7)
2084 5521 2332 5594 Δίδωσιν,
2366 5525 2432 5579 Α.
2467 5525 2630 5580 Forte
2661 5519 2908 5594 διδοῦσιν
2935 5519 3148 5576 voluit.

1961 5526 2042 5594 l7)
2084 5524 2332 5594 Δίδωσιν,
2366 5525 2432 5579 Α.
2467 5525 2630 5580 Forte
2661 5524 2908 5576 διδοῦσιν
2935 5536 3010 5576 V0

1929 5524 2043 5670 £18)
2078 5597 2209 5653 Post
2246 5597 2276 5656 ἡ
2311 5595 2474 5654 addit
2507 5596 2796 5668 interpres
2825 5592 3010 5654 ἄλλως.
