4022 6232
563 212 703 275 M07
1909 218 2151 275 EUTHYi

2244 216 2259 274 l
2305 214 2620 276 ZIGABEN
2624 218 2645 274 Ι
3731 224 3832 281 1408

561 345 720 402 enim
752 343 902 403 ccelo
932 361 999 402 ac
1028 349 1195 403 terra:
1261 345 1626 410 dominatur,
1678 344 1782 402 sed
1828 344 2149 415 malitiaau.

2248 340 2296 394 Α
2326 349 2415 393 νοῦ
2444 348 2534 395 καὶ
2561 352 2657 414 γῆς
2688 345 2869 419 ἄρχει.
2903 346 3043 399 Ἐπεὶ
3090 347 3259 399 πάντα
3304 344 3362 398 ἆν
3392 344 3616 421 ἀνέτρεψε
3640 352 3713 400 καὶ
3730 356 3835 402 κατέ-

562 436 725 507 quod
753 435 960 491 omnia
990 437 1259 493 straverit
1290 453 1358 492 ac
1418 437 1772 507 perverterit,
1832 436 1965 507 Ipse
2018 437 2150 489 aute

2328 428 2494 485 ϐάλεν.
2523 430 2581 485 Ὀ
2611 432 2759 493 αὐτὸς
2789 429 2848 486 δε
2876 438 2965 486 καὶ
2997 436 3178 508 ἄρχων
3210 443 3299 487 τοῦ
3350 440 3554 498 σκότους
3580 435 3834 507 ὀνομάζεται,

563 525 771 580 dicitur
800 526 977 581 etiam
1010 526 1284 597 princeps
1336 527 1739 587 tenebrarum.
1797 525 1918 579 sive
1966 538 2151 596 pecca

2328 524 2489 591 ἤγουν
2512 530 2606 583 τῆς
2633 521 2915 597 ἁμαρτίας.
2950 529 3113 582 Φησὶν
3144 524 3230 576 οὖν
3260 527 3336 576 ὅτι
3367 523 3606 597 ’Ἔρχεται
3631 527 3724 576 κατ’
3751 527 3838 597 ἐμίν

564 614 655 668 Ait
682 629 825 683 ergo
860 637 872 669 :
909 616 1071 671 Venit
1102 616 1421 671 adversum
1476 632 1571 671 me
1601 614 1881 671 diabolus
1914 630 2049 668 cum
2080 628 2152 683 pe

2328 610 2354 660 ὀ
2384 606 2622 671 διάϐολος
2653 615 2781 683 μετὰ
2810 620 2911 664 τῶν
2964 622 3200 685 πονηρῶν
3232 610 3518 681 Ἰουδαίων,
3550 610 3756 675 δοθείσης
3778 616 3838 666 α’)-

564 702 749 757 versis
774 702 1016 769 Judasis,
1042 706 1183 760 data
1220 705 1325 759 sibi
1360 722 1390 759 e
1425 704 1697 775 supernis
1722 708 2035 775 potestate.
2071 704 2152 757 Na

2329 707 2437 761 τοῖς
2478 699 2713 763 ἐξουσίας
2738 703 2948 755 ἄνωθεν.
2992 700 3138 773 [Eine
3180 707 3278 775 γὰρ
3319 710 3407 755 καὶ
3454 705 3559 773 (19)
3591 704 3631 754 ἐν
3666 712 3725 773 τῷ
3747 708 3841 754 κατὰ

566 794 621 845 et
644 791 806 862 apud
842 794 1055 847 Lucam
1085 794 1233 848 dixit
1288 794 1365 848 ad
1410 810 1529 858 eos,
1586 793 1690 865 qui
1724 808 1783 847 se
1837 790 2154 861 comprehe.

2330 796 2537 843 Λουκάν
2582 790 2879 863 Εὐαγγελίῳ
2918 796 3049 865 πρὸς
3088 798 3206 853 τοὺς
3256 792 3676 864 συλλαμϐάνοντας
3700 794 3840 843 αὐτόν·

566 879 789 935 debant
820 899 832 935 :
882 883 1019 938 ch
1047 890 1120 936 est
1154 884 1303 939 hora
1347 887 1535 939 vestra
1578 889 1631 939 et
1660 886 1911 954 potestas
1955 879 2154 936 tenebr

2322 881 2410 931 ὁτι
2433 880 2573 937 Αὕτη
2617 881 2757 952 ὑμῶν
2812 880 2950 933 ἐστιν
2990 884 3017 940 ἡ
3076 885 3184 956 ὥρα
3231 887 3319 933 καὶ
3374 885 3403 940 ἡ
3438 881 3636 945 ἐξουσία
3664 891 3739 933 τοῦ
3764 888 3843 933 σκό-

567 984 701 1025 rum
730 972 797 1024 9⁸.

2327 988 2470 1030 τους.

636 1060 797 1113 Vers.
831 1064 916 1114 30.
944 1061 1015 1115 Et
1036 1092 1104 1101 —
1129 1063 1468 1133 quidquam.
1512 1064 1573 1117 In
1606 1062 1737 1117 aliis
1769 1060 2009 1133 quidem
2031 1058 2222 1115 homi-

2404 1066 2504 1112 Καὶ
2532 1091 2598 1100 -
2626 1057 2797 1114 οὐδέν.
2855 1062 2973 1114 Ἐπὶ
3012 1065 3102 1133 μὲν
3126 1069 3227 1112 τῶν
3261 1060 3423 1113 ἄλλων
3456 1059 3707 1134 ἀνθρώπων
3732 1064 3846 1111 αἴτιον

565 1148 746 1203 nibus
779 1154 1091 1218 peccatum
1120 1156 1209 1206 est
1235 1168 1417 1207 causa
1448 1152 1675 1217 mortis,
1706 1150 1902 1206 nullus
1920 1148 2153 1221 siqnide

2329 1156 2421 1202 τοῦ
2475 1150 2587 1218 (20)
2642 1152 2860 1203 θανάτου
2893 1152 2921 1208 ἡ
2957 1151 3192 1224 ἁμαρτία
3223 1169 3235 1179 ⁸
3278 1148 3449 1211 οὐδεὶς
3486 1154 3577 1221 γὰρ
3619 1148 3848 1222 ἀναμάρτη-

562 1239 792 1309 peccati
822 1256 1032 1310 expers
1063 1246 1168 1305 est,
1205 1241 1337 1296 ideo
1368 1241 1568 1295 nullus
1602 1239 1957 1295 immortalis
1986 1256 1999 1303 ;
2036 1238 2093 1293 in
2126 1254 2150 1292 ε

2330 1259 2437 1306 τος,
2471 1236 2557 1292 διὸ
2579 1243 2667 1291 καὶ
2697 1236 2868 1299 οὐδεὶς
2899 1237 3148 1300 ἀθάνατος
3204 1256 3216 1269 ·
3266 1238 3313 1290 ἐν
3346 1238 3456 1310 ἐμοὶ
3486 1235 3542 1291 δὲ
3571 1238 3653 1290 οὐκ
3680 1241 3768 1309 ἔχει
3791 1240 3850 1290 οὐ·

550 1342 709 1382 »νθινο
739 1343 858 1383 non
892 1328 1073 1384 habet
1100 1330 1279 1384 ullam
1324 1330 1529 1385 mortis
1565 1345 1813 1384 causam
1845 1344 1857 1393 ;
1905 1343 2016 1399 ego
2061 1343 2133 1381 en

2332 1325 2418 1380 δὲν
2459 1332 2621 1380 αἴτιον
2683 1330 2905 1380 θανάτου
2941 1349 2953 1361 ·
3000 1330 3367 1401 ἀναμάρτητος
3408 1331 3504 1401 γὰρ
3561 1327 3669 1397 ἐγώ,
3702 1332 3768 1379 Διό
3790 1336 3850 1379 καὶ

567 1414 799 1487 absque
822 1421 1070 1487 peccato
1097 1434 1255 1483 sum,
1279 1423 1335 1473 et
1366 1424 1679 1489 propterea
1700 1415 2155 1471 condemuabitr

2330 1420 2797 1491 κατακριθήσεται,
2857 1418 3052 1489 [καθὼς
3102 1420 3212 1490 (21)
3246 1418 3697 1493 προεξηγησάμεθα
3736 1420 3773 1468 ἐν
3802 1426 3850 1485 τῷ

569 1504 720 1559 sicut
751 1506 913 1575 prius
938 1506 1175 1562 decimo
1196 1508 1405 1579 quinto
1436 1508 1625 1578 capite
1651 1505 2084 1569 enarravimus,
2120 1521 2154 1558 u

2333 1504 2776 1578 πεντεκαιδεκάτῳ
2805 1506 3083 1579 κεφαλαίῳ,
3116 1509 3236 1559 ἔνθα
3287 1514 3451 1559 κεῖται
3480 1512 3533 1557 τό
3566 1520 3578 1531 ·
3610 1512 3700 1558 Νῦν
3726 1510 3851 1578 κρίσις

568 1592 783 1649 dicitur
813 1597 1317 1666 :Nuncjudz'cium
1344 1604 1425 1653 est
1445 1597 1626 1665 hujus
1652 1596 1879 1664 mundi,
1898 1594 2156 1666 nuncpri

2334 1597 2447 1650 ἐστὶ
2474 1604 2564 1649 τοῦ
2596 1602 2798 1668 κόσμου
2822 1600 3031 1663 τούτου,
3061 1604 3148 1648 νῦν
3180 1598 3205 1649 ὁ
3229 1598 3414 1669 ἄρχων
3446 1603 3533 1647 τοὺ
3570 1599 3741 1667 κόσμον
3766 1598 3848 1646 τον-

570 1697 703 1750 ceps
745 1685 919 1753 hujus
944 1686 1159 1741 mundi
1178 1687 1444 1755 ejicietur
1461 1686 1625 1755 foras
1653 1686 1719 1738 υ.

1423 1686 1625 1755 rforas
1653 1686 1719 1738 η.
2258 1696 2300 1749 Β
2333 1707 2422 1739 του
2456 1686 2834 1745 ἐκϐληθύσεται
2865 1685 3011 1759 ἔξω.]

641 1773 801 1828 Vers.
832 1774 918 1829 31.
938 1774 1057 1830 Sed
1084 1806 1148 1814 —
1169 1777 1430 1831 Patrem.
1464 1774 1575 1830 Sed
1611 1773 1852 1835 morior,
1888 1777 1951 1828 ut
1972 1788 2222 1842 cognos—

2406 1776 2539 1829 Ἀλλ’
2584 1807 2649 1815 —
2681 1780 2899 1847 Πατέρα.
2930 1775 3068 1828 Ἀλλ’
3094 1774 3432 1842 ἀποθνήσκω,
3486 1777 3564 1826 ἱνα
3607 1783 3745 1845 γνῶσι
3766 1776 3852 1825 πιέν-

564 1867 710 1923 _cant
738 1879 966 1929 omnes,
995 1864 1156 1935 quod
1191 1863 1439 1934 diligam
1470 1864 1713 1929 Patrem,
1749 1862 2037 1917 obediens
2065 1862 2147 1917 illi

2332 1885 2413 1927 τες
2444 1868 2523 1917 ὃτι
2554 1864 2740 1936 ἁγαπὼ
2765 1868 2851 1916 τόν
2902 1868 3127 1937 Πατέρα,
3161 1866 3440 1915 ὑπακούων
3474 1864 3621 1915 αὐτοῦ
3662 1872 3721 1932 τῷ
3752 1862 3850 1917 60.23-

568 1950 858 2007 voluntati
894 1970 908 2017 ;
942 1953 1215 2009 voluntas
1237 1958 1435 2009 autem
1470 1969 1599 2023 ejus
1628 1956 1738 2023 est,
1774 1957 1836 2006 ut
1867 1951 2089 2007 moriar
2120 1968 2152 2023 p

2333 1975 2477 2028 ματι.
2506 1955 2714 2017 Θελημα
2741 1951 2800 2005 δε
2823 1953 2981 2005 αὐτοῦ
3014 1951 3287 2005 ἀποθανεῖν
3317 1972 3379 2025 με
3410 1954 3531 2027 ὑπὲρ
3563 1956 3852 2022 τῆςσωτπρίας

572 2040 762 2097 salute
783 2042 1119 2099 hominum.

2333 2053 2431 2096 τῶν
2463 2044 2763 2117 ἀνθρώπων.

642 2130 798 2184 Vers.
837 2135 897 2185 31
934 2133 1006 2186 Et
1039 2163 1106 2171 —
1133 2131 1304 2200 facio.
1363 2134 1431 2187 Ut
1460 2134 1845 2200 cognoscant,
1886 2130 2047 2202 quod
2079 2144 2223 2201 pras-

2406 2139 2507 2186 Καὶ
2536 2165 2603 2172 —
2642 2140 2793 2184 ποιῶο
2827 2136 2927 2185 Καὶ
2962 2133 3041 2184 ἶνα
3070 2139 3262 2202 γνῶσιν
3294 2134 3375 2184 ὅτι
3398 2132 3571 2204 πληρῶ
3598 2135 3679 2188 τήν
3704 2128 3852 2184 ἐντολήν

568 2223 806 2289 ceptum
838 2221 965 2289 ejus
999 2221 1259 2275 moriens
1298 2220 1683 2291 adimpleam.

1298 2220 1683 2291 adimpleam.
2334 2222 2493 2274 αὐτοῦ
2516 2221 2882 2291 ἀποθνήσκῳν.

638 2308 797 2362 Vers.
833 2312 920 2363 31.
952 2308 1206 2377 Surgite,
1239 2325 1435 2364 eamus
1463 2309 1622 2365 hinc.
1658 2308 1875 2363 Videns
1892 2306 2221 2377 discipulos

2408 2313 2714 2385 Ἐγείρεσθε,
2774 2312 2979 2381 ἄγωμεν
3025 2308 3268 2364 ἐντεῦθεν.
3324 2308 3520 2361 Βλέπων
3553 2312 3657 2367 τοὺς
3678 2309 3851 2377 μαθητὰς

567 2394 898 2452 admodum
931 2402 1286 2463 metuentes,
1335 2403 1392 2453 et
1422 2414 1482 2453 se
1498 2399 1623 2469 jam
1676 2397 2104 2469 comprehendi
2150 2416 2155 2448 ς

2335 2398 2543 2474 σφόδρα
2569 2397 2869 2460 δειλιῶντας
2890 2404 2979 2451 καὶ
3012 2399 3431 2470 φανταζομένους
3455 2394 3555 2456 ἤδη
3586 2402 3686 2457 τοὺς
3716 2394 3849 2452 συλλη-

567 2483 810 2540 interflci
827 2486 1244 2555 imaginantes,
1262 2493 1316 2543 et
1338 2492 1652 2560 propterea
1676 2488 1877 2543 crebro
1897 2491 2153 2542 retrorsu

2330 2492 2587 2564 φομένους
2642 2495 2731 2541 καὶ
2792 2488 3186 2563 ἀναιρήσοντας,
3243 2493 3336 2539 καὶ
3390 2484 3481 2540 διὰ
3554 2496 3687 2538 τοῦτο
3730 2490 3848 2537 πυκνὰ

570 2590 632 2629 se
679 2576 1099 2643 convertenda,
1151 2593 1272 2633 non
1327 2578 1468 2633 satis
1514 2577 1609 2633 his
1656 2592 1792 2650 quae
1842 2576 2158 2632 dicebantu

2330 2583 2856 2653 μεταστρεφομένους,
2934 2581 3017 2628 καὶ
3087 2582 3157 2647 μὴ
3250 2573 3561 2649 δυναμένους
3633 2576 3848 2647 προσέχετε

567 2663 874 2721 advertere
898 2683 911 2721 :
937 2666 1231 2739 siquidem
1251 2667 1583 2723 maximum
1607 2666 1720 2722 illis
1743 2680 2030 2735 angorem
2054 2665 2152 2720 ind

2329 2678 2438 2730 τοῖς
2488 2670 2773 2740 λεγομένοις
2823 2682 2837 2696 '
2872 2671 2960 2718 καὶ
3000 2670 3102 2737 γὰρ
3153 2665 3414 2718 ἐνεποίουν
3462 2666 3627 2726 αὐτοῖς
3666 2663 3846 2734 ἀγωνίων,

568 2752 756 2819 cebat,
790 2758 913 2810 tum
947 2755 1116 2810 locus
1150 2756 1449 2826 publicus,
1483 2762 1608 2811 tum
1663 2771 1779 2810 nox
1840 2760 1896 2810 et
1918 2755 2156 2826 praecipi

2329 2766 2418 2812 καὶ
2448 2761 2472 2810 ό
2516 2764 2693 2819 τόπος,
2724 2753 3021 2817 κατάδηλος
3047 2756 3134 2823 ὠν,
3188 2760 3280 2806 καὶ
3342 2757 3369 2812 ἡ
3412 2755 3518 2822 νὺξ,
3556 2759 3633 2803 καὶ
3666 2756 3712 2803 τό
3737 2751 3846 2803 εἰπάν

566 2843 732 2915 quod
758 2844 1040 2901 dixisset:
1078 2846 1242 2902 Venit
1267 2848 1539 2915 princeps
1582 2846 1795 2901 mundi
1842 2845 1911 2911 9⁸,
1945 2843 2154 2899 transt‘e

2330 2852 2409 2901 ὅτι
2434 2847 2688 2920 Ἔρχεται
2719 2847 2743 2896 ό
2784 2853 2874 2897 τοῦ
2930 2849 3130 2915 κόσμου
3185 2846 3371 2917 οῐρχων
3410 2859 3426 2875 ⁸
3458 2845 3650 2914 μετάγει
3691 2842 3848 2896 τούτους

568 2930 698 2987 illos
736 2932 795 2987 in
823 2932 1013 2989 locum
1046 2934 1230 2990 alium
1262 2936 1553 3000 tutiorem,
1581 2951 1702 3006 quo
1732 2934 2137 2989 existimantes

2331 2938 2397 2999 εἰς
2426 2939 2591 3010 ἕτερον
2636 2941 2790 2987 τόπον
2832 2935 3229 3005 ἀσφαλέστερον,
3292 2934 3394 2991 ἶνα,
3428 2936 3702 3003 νομίσαντες
3726 2927 3762 2978 ἐν
3786 2926 3845 2977 ἀσ-

572 3027 693 3078 tuto
719 3038 864 3088 esse,
893 3023 1122 3096 absque
1152 3024 1270 3080 ullo
1298 3030 1457 3080 metu
1483 3024 1760 3080 audirent
1788 3040 1800 3078 :
1830 3039 1969 3078 nam
1998 3038 2160 3092 mag:

2331 3027 2513 3100 φαλείᾳ
2562 3031 2908 3090 καταστῆναι,
2941 3025 3072 3094 μετὰ
3123 3018 3309 3083 ἀδείας
3365 3020 3641 3075 ἀκούσωσι.
3683 3019 3844 3085 Καὶγὰρ

568 3110 823 3167 audituri
850 3118 1019 3169 erant
1046 3113 1349 3183 dogmata.
1383 3113 1602 3170 Deinde
1628 3128 1863 3168 rursum
1893 3112 1973 3167 ait
2002 3130 2015 3168 :

2261 3159 2302 3216 C
2331 3116 2531 3189 ἔμελλον
2585 3113 2816 3187 μεγάλων
2866 3110 3183 3163 ἀκούσεσθαι
3251 3107 3550 3183 δογμάτων,
3596 3107 3691 3161 εἶτα
3741 3104 3845 3155 sim

2370 3227 2518 3265 ησιν.

639 3293 781 3363 Cap.
823 3292 927 3346 XV.
960 3292 1126 3347 Vers.
1169 3295 1219 3348 1.
1283 3294 1397 3362 Ego
1446 3323 1511 3333 —
1555 3306 1711 3348 vera.
1738 3292 1798 3346 Id
1840 3296 1929 3345 est
1979 3290 2218 3357 eximia,

2370 3230 2518 3265 ησιν.

2332 3230 2364 3280 φ
2402 3298 2537 3367 Ἐγὼ
2621 3324 2688 3332 -
2774 3290 3010 3349 ἀληθινή.
3074 3290 3131 3342 Ἡ
3209 3288 3489 3362 ἐξαίρετος,
3552 3291 3577 3346 ἡ
3634 3288 3844 3358 ἄφθαρτθῇ

566 3379 1023 3451 incorruptibilis
1056 3381 1412 3452 spiritualis:
1448 3381 1736 3453 siquidem
1778 3381 1905 3435 haec
1948 3379 2152 3452 ireque

2332 3388 2360 3444 ἡ
2434 3386 2774 3455 πνευματική.
2858 3387 3038 3433 Ταῦτα
3103 3382 3201 3453 γὰρ
3271 3379 3519 3440 πολλάκις
3570 3380 3620 3429 τό
3673 3374 3846 3431 adﬁnia

566 3474 653 3526 ter
682 3470 975 3538 signiﬁcat
1011 3486 1233 3525 nomen
1266 3469 1526 3528 ἀληθινόν.

916 3475 975 3525 at.
1011 3486 1233 3525 nomen
1266 3469 1526 3528 ἀληθινόν.
2333 3472 2503 3533 δηλοῖ.

563 3578 581 3585 λ’
638 3557 815 3613 Aliter
838 3574 1081 3630 quoque
1107 3559 1341 3622 dicitur,
1388 3559 1529 3614 Vitis
1556 3574 1717 3621 vera,
1738 3558 1881 3629 quia
1907 3574 2017 3629 pro
2031 3555 2151 3612 fruc

2407 3565 2528 3634 [Και
2559 3562 2739 3635 ἑτέρως
2779 3559 2889 3631 (‘22)
2944 3555 3003 3610 δὲ
3044 3557 3303 3630 Ἀμπελος
3367 3556 3645 3626 ἁληθινὸ]ἡ
3674 3557 3743 3609 τὴν

568 3646 790 3717 profert
810 3646 1112 3703 veritatem
1126 3688 1138 3701 .

2336 3656 2472 3706 θειαν
2505 3656 2930 3724 καρποφοροῦσα.

641 3734 921 3806 Seipsum
936 3735 1135 3807 itaque
1150 3736 1327 3791 vitem
1343 3738 1613 3792 nominat
1631 3743 1833 3807 utpote
1857 3737 2220 3810 praebentem

2404 3739 2661 3812 ’Ἄμπελον
2713 3742 2801 3810 μεν
2833 3734 2919 3789 οὖν
2961 3736 3136 3788 ἑαυτὸν
3184 3736 3451 3808 ὀνομάζει,
3514 3738 3578 3795 ὡς
3623 3735 3845 3801 παρέχοντα

565 3821 941 3880 dulcedinem
973 3840 1043 3881 ac
1071 3824 1321 3880 humani
1339 3825 1535 3881 cordis
1561 3826 1838 3891 laetitiam,
1863 3828 2054 3900 ipsam
2074 3827 2153 3883 vit

2332 3834 2390 3882 τό
2442 3834 2687 3899 νόστιμον
2738 3832 2827 3878 καὶ
2904 3825 3171 3897 εὐφραῖνον
3224 3821 3452 3895 καρδίαν
3513 3822 3745 3894 ανθρώπου
3784 3822 3844 3870 κέ-

565 3911 700 3969 licet
730 3913 1237 3985 praedicationem,
1268 3931 1450 3987 quam
1482 3916 1660 3972 etiam
1682 3917 1985 3987 Scriptura
2016 3917 2153 3972 vinu

2332 3938 2529 3993 ρυγμα,
2552 3918 2577 3969 ὃ
2609 3923 2698 3968 καὶ
2728 3913 2859 3968 οἶνον
2880 3917 2907 3973 ἡ
2933 3919 3106 3986 Γραφὴ
3138 3916 3533 3985 προσαγορεύει·
3558 3916 3636 3962 καὶ
3662 3911 3719 3958 ὡς
3741 3905 3841 3979 fit?!

565 4002 845 4075 appellat,
871 4008 925 4059 et
947 4009 1232 4076 tanquam
1262 4003 1520 4060 radicem
1574 4004 2006 4077 discipulorum
2038 4023 2051 4061 :
2091 4022 2153 4078 pi

2333 4017 2431 4060 τῶν
2478 4008 2719 4079 μαθητῶν
2751 4025 2761 4036 ·
2798 4004 3029 4075 κλήματα
3058 4005 3171 4071 ('23)
3224 3999 3284 4054 δὲ
3320 4006 3442 4062 τοὺς
3497 4002 3704 4072 μαθητὰς
3744 3990 3842 4052 ὡςέξ

568 4094 738 4149 mites
769 4108 908 4149 vero
938 4093 1277 4165 discipulos,
1310 4093 1481 4165 quasi
1511 4111 1585 4150 ex
1634 4096 1763 4165 ipso
1818 4096 2155 4165 germinant

2334 4096 2493 4149 αὐτόύ
2552 4093 2959 4167 βλαστήσαντας
3006 4091 3243 4163 τῷλόγῳ
3286 4100 3383 4153 τῆς
3439 4086 3840 4144 διδασκαξι.ίει;.ιιὶ

568 4199 842 4239 sermone
873 4184 1173 4248 doctrinae,
1207 4188 1262 4239 et
1301 4200 1406 4255 per
1427 4200 1562 4239 eum
1598 4184 1848 4240 nutritos
1878 4185 1954 4239 ab
1985 4184 2152 4239 fructi

2336 4183 2408 4238 δι’
2442 4186 2601 4237 αὐτοῦ
2627 4188 2965 4257 τρεφομένους
2983 4182 3050 4243 εἰς
3072 4186 3430 4255 καρποφορίαν
3451 4178 3663 4253 βοτρύων
3685 4178 3838 4245 ὡραίων,

568 4273 865 4329 cationem
895 4278 1266 4329 maturorum
1292 4273 1622 4338 botrorum,
1661 4274 1782 4328 sive
1814 4274 2115 4341 virtutum,

2336 4274 2501 4324 εῖτουν
2533 4268 2742 4344 ἀρετῶν,
2772 4272 2860 4319 καὶ
2886 4270 3125 4339 παροχήν
3182 4268 3376 4337 ὁμοίως
3408 4272 3495 4316 τοῦ
3544 4256 3838 4315 διδασκαλικςὺ

567 4365 627 4416 et
654 4362 762 4432 ipsi
796 4362 1067 4418 similiter
1092 4362 1402 4434 praebeant
1430 4362 1637 4417 vinum
1671 4362 1974 4418 doctrinae.
2263 4424 2298 4434 ἢ
2335 4363 2495 4412 οἴνου.

640 4424 803 4507 vers.
840 4452 889 4507 1.
923 4452 1002 4507 Et
1050 4424 1229 4508 Pater
1282 4484 1349 4491 —
1406 4458 1505 4507 est.
1557 4454 1828 4513 Curator,
1881 4467 2002 4507 non
2037 4455 2226 4506 tamen

2262 4424 2302 4476 Β
2409 4449 2522 4519 (24)
2552 4447 2609 4499 Ὀ
2642 4451 2817 4520 Πατὴρ
2858 4476 2925 4485 -
2957 4443 3117 4496 ἐστιν.
3147 4443 3206 4495 Ὀ
3237 4442 3565 4515 ἐπιμελητὴς,
3590 4435 3756 4494 πλὴνθῦ

567 4542 805 4606 radicis,
834 4541 940 4597 sed
968 4540 1311 4613 palmitum.
1352 4543 1495 4597 Vere
1522 4540 1649 4595 haec
1682 4539 1813 4596 vitis
1849 4540 2069 4595 eximia
2120 4555 2150 4595 e

2338 4538 2509 4614 ῥίζης,
2544 4535 2671 4588 ἀλλὰ
2698 4544 2797 4588 τῶν
2828 4530 3051 4587 κλάδων.
3096 4532 3387 4605 Ἐξαίρετος
3451 4534 3544 4603 γὰρ
3586 4532 3710 4583 ὄντως
3751 4524 3830 4571 είδτῖ

568 4628 631 4685 in
652 4646 775 4702 qua
797 4630 871 4685 de
902 4630 1042 4687 solis
1069 4629 1416 4703 palmitibus
1459 4646 1667 4686 curam
1714 4630 1935 4686 habere
1958 4635 2156 4701 Oporte

2340 4629 2370 4687 ἡ
2413 4625 2658 4699 ἄμπελος,
2708 4626 2839 4677 κατὰ
2898 4626 3020 4684 τοὺς
3073 4618 3297 4681 κλάδους
3349 4626 3499 4693 μόνον
3550 4616 3725 4688 330515515
3766 4616 3830 4659 ἔπε-

641 4808 689 4843 ⁹⁸
719 4808 897 4865 Joan.
933 4823 1047 4875 ινι,
1083 4813 1165 4865 13.
1280 4811 1326 4843 ⁹⁶
1351 4810 1486 4866 Luc.
1520 4825 1659 4880 xxii,
1688 4808 1773 4865 53.
1888 4809 1930 4842 ⁸⁷
1960 4809 2135 4864 Joan.
2167 4822 2225 4863 χι

1414 4826 1486 4866 ic.
1520 4825 1659 4880 xxu,
1688 4808 1773 4865 53.
1888 4809 1930 4842 ⁸⁷
1960 4809 2135 4864 Joan.
2167 4822 2267 4875 xu,
2295 4806 2385 4861 31.
2498 4806 2545 4840 9⁸
2567 4806 2739 4860 Joan.
2773 4819 2892 4871 x1v,
2917 4806 3002 4858 30.

1764 4986 1983 5056 Variae
2014 4986 2341 5055 lectiones
2372 4996 2437 5051 el
2478 4992 2677 5050 notae.

788 5185 1029 5274 inclusa
1067 5185 1291 5274 absunt
1320 5190 1389 5242 Α.
2338 5198 2500 5274 more
2554 5193 2699 5245 suo,‘
2754 5178 2928 5235 infert
2965 5176 3271 5250 Chrysost.
3339 5181 3383 5233 t.
3456 5173 3589 5237 VIII,
3620 5184 3668 5242 p.
3694 5157 3821 5221 “53'

640 5262 731 5323 (20
788 5260 912 5326 Τοῦ,
944 5257 1112 5314 abest
1137 5264 1198 5313 Α.

643 5257 756 5404 (2t;
789 5328 1026 5406 inclusa
1051 5330 1276 5406 absunt
1302 5329 1366 5406 ᾼ.

2334 5257 2668 5406 4ξῖ²¹ἣλςαῂ
2700 5326 2836 5378 ante
2867 5322 2892 5373 ὀ
2924 5324 3126 5406 Πατὴρ,
3159 5318 3324 5406 quod
3356 5313 3647 5375 Hentenius
3667 5312 3820 5377 expres“

640 5391 750 5473 (22$
788 5401 1022 5458 Inclusa
1053 5402 1275 5473 absunt
1302 5403 1368 5455 A.
1937 5469 1998 5473 ___
2335 5391 2425 5460 sit,
2453 5391 2663 5453 neuter
2712 5408 2988 5450 meorum
3017 5391 3221 5448 habet.

646 5469 758 5550 (23)
824 5473 988 5547 Ὑμεῖς
1034 5476 1101 5528 τὰ
1146 5471 1407 5546 κλήματα,
1462 5487 1533 5529 ex
1596 5486 1767 5528 versu
1823 5475 1873 5537 5,
1933 5469 2058 5538 Hic,
2116 5484 2224 5542 pro

639 5646 738 5719 (ιι)
759 5644 870 5703 Sed
896 5644 1163 5710 malitia",
1202 5648 1309 5702 etc.
1343 5643 1646 5717 Siquidem
1674 5640 1882 5701 omnia
1900 5642 2181 5699 everteret
2210 5637 2565 5710 etdejiceret.
