4022 6232
145 259 274 322 1409

1125 251 1495 321 conum.
1538 263 1607 319 1N
1642 259 1996 322 JOANNEM.
2033 295 2104 308 -
2143 233 2459 320 αΑρρχν.

3361 269 3503 326 1410

141 392 357 465 μελείας.
385 396 468 460 Τῷ
496 392 663 462 [Ιατρὶ
687 385 745 440 δὲ
770 385 862 447 τήν
886 387 1173 462 ἑπιμελειαν
1205 390 1372 442 αὐτῶν
1405 388 1730 457 ἀνατίθησιν,

1881 386 2000 443 'atri
2026 390 2225 444 autem
2248 401 2452 443 curam
2473 401 2683 443 eorum
2715 386 3001 459 attribuit,
3031 391 3324 464 tanquam
3356 397 3499 464 Deo,

142 483 205 540 ὡς
233 487 344 549 Θεῷ
367 496 378 508 ’
424 474 633 539 δεικνὺς
662 479 742 530 ὅτι
775 485 1014 550 συνεργεῖ
1055 486 1161 538 τοῖς
1205 487 1600 553 καρποφοροῡσι
1646 483 1736 532 xui

140 569 344 631 κολάζει
370 570 487 627 τοὺς
516 572 586 638 μὴ
619 576 1098 643 καρποφοροῦντας,

212 664 318 710 Πᾶν
371 689 433 698 -
474 659 609 730 αἴρει
661 656 808 711 αὐτό.
853 662 959 708 Πᾶν
1005 657 1181 730 κλῆμα
1237 655 1284 708 ἐν
1344 657 1459 731 ἐμοὶ
1509 656 1739 730 βλαστῆ-

147 766 259 815 σαν,
303 750 393 799 καὶ
447 742 541 798 διὰ
570 751 793 807 πίστεως
851 748 1104 818 ἡνωμένον
1135 765 1247 819 μοι,
1292 751 1363 819 μή
1411 751 1560 819 φέρον
1611 766 1737 819 καρ-

142 840 256 902 πόν,
320 839 480 906 ἤγουν
546 833 745 908 ἀρετὰς,
808 833 1045 886 ἐκκόπτει
1111 835 1237 887 αὐτὸ
1303 838 1372 897 ὡς
1435 837 1733 909 ἄχρηστον,

142 930 229 984 xui
282 927 447 997 πυρός
498 923 664 986 ἄξιον.
718 927 910 976 Λοιπὸν
969 921 1056 975 οὖν
1103 930 1204 986 πᾶς
1254 928 1568 996 Χριστιανός
1624 930 1734 996 μὲν,

144 1016 376 1084 ἄκαρπος
423 1009 501 1081 δὲ,
529 1011 836 1064 ἐκκέκοπται
867 1013 980 1082 (23)
1007 1020 1096 1065 τοῦ
1127 1020 1377 1085 Χριστοῦ,
1403 1018 1494 1065 xui
1547 1013 1590 1065 εἰ
1625 1013 1738 1084 (26)

146 1099 293 1154 δοκεῖ
326 1103 585 1174 συνῆφθαι
628 1101 768 1171 αὐτῷ
811 1098 904 1152 διὰ
931 1110 1025 1162 τῆς
1060 1107 1298 1168 πίστεως,
1331 1109 1420 1154 καὶ
1453 1110 1523 1173 τῷ
1553 1101 1740 1174 αἰωνίῳ

149 1197 270 1266 πυρὶ
300 1196 601 1265 τετήρηται.

219 1286 319 1334 Καὶ
366 1312 435 1322 -
465 1285 613 1353 φέρῃ.
668 1281 916 1352 Καθαίρει
960 1279 1086 1331 αὐτὸ
1134 1275 1228 1332 διὰ
1269 1289 1369 1332 τῶν
1420 1287 1738 1355 πειρασμῶν,

147 1378 477 1443 παραχωρῶν
531 1367 814 1440 ἐπάγεσθαι
873 1372 1083 1428 τούτους
1133 1368 1292 1438 αὐτῷ,
1326 1375 1425 1421 πᾶν
1479 1373 1568 1441 μὲν
1619 1367 1745 1441 βλα-

148 1459 294 1534 ϐερόν
339 1458 664 1521 ἀποξέοντας,
703 1463 876 1510 πᾶσαν
931 1454 990 1510 δὲ
1049 1456 1370 1532 στερρότητα
1398 1463 1487 1510 xui
1537 1461 1746 1528 ’γόνιμό-

149 1569 282 1605 τητα
333 1547 563 1608 πλείονος
619 1545 807 1620 ἀρετῆς
855 1546 1216 1619 ἐμποιοῦντας.
1247 1546 1356 1599 Ἰνα
1401 1543 1460 1599 δὲ
1506 1552 1577 1619 μὴ
1611 1549 1745 1598 ὑπο-

147 1637 378 1690 λάϐωσιν
442 1635 708 1711 ἀκάρπους
771 1633 899 1687 εἶναί
961 1655 1102 1697 τινας
1182 1635 1369 1702 αὐτῶν,
1433 1642 1522 1688 καὶ
1593 1635 1744 1688 πάλιν

1847 477 2167 533 ostendens
2187 476 2342 549 quod
2372 476 2466 531 his
2492 477 2591 548 qui
2621 475 2976 535 fructiﬁcant
2999 480 3210 538 auxilio
3236 491 3342 552 est,
3371 500 3504 542 eos-

1846 581 1964 638 que
1994 565 2166 638 punit
2194 565 2300 637 qui
2331 565 2586 622 fructum
2618 581 2740 622 non
2773 566 2992 625 ferunt.

1919 654 2085 711 Vers.
2110 659 2162 709 '2.
2199 658 2516 710 Omnem—
2542 655 2722 710 tollit.
2751 655 3005 712 Omnem
3035 657 3364 730 palmitem,
3397 661 3502 734 qui

1846 758 1917 798 ex
1947 758 2044 799 me
2092 743 2460 814 germinavit,
2505 742 2773 816 mihique
2812 759 2917 816 per
2945 744 3122 802 ﬁdem
3166 749 3365 804 unitus
3394 755 3500 817 est.

1847 847 1957 887 nec
1988 835 2244 888 fructum
2275 831 2460 896 affert,
2485 833 2768 888 exscindit
2796 839 3078 905 tanquam
3131 835 3402 893 inutilem
3433 855 3504 895 ac

1848 920 2097 990 dignum
2138 919 2297 990 igne.
2324 919 2531 976 Omnis
2553 922 2757 993 itaque
2786 922 3168 992 christianus,
3188 926 3291 996 qui
3318 926 3504 982 infru-

1849 1015 2095 1065 ctuosus
2125 1013 2234 1074 est,
2271 1025 2308 1065 a
2337 1008 2567 1066 Christo
2596 1011 2835 1066 excisus
2874 1018 2984 1077 est,
3019 1029 3368 1086 quanquam
3399 1031 3506 1087 per

1852 1097 2029 1154 fidem
2056 1097 2140 1153 illi
2169 1098 2530 1169 conjunctus
2560 1115 2693 1156 esse
2725 1099 2989 1157 videatur
3027 1107 3085 1158 et
3123 1109 3348 1159 aeterno
3388 1103 3506 1173 igni

1849 1191 2180 1244 reservatus
2201 1193 2312 1244 est.

1926 1276 2089 1332 Vers.
2122 1279 2174 1330 2.
2204 1277 2278 1332 Et
2327 1307 2396 1318 —
2434 1277 2662 1348 afferat.
2714 1278 2933 1350 Purgat
2967 1295 3107 1337 eum
3161 1295 3266 1352 per
3325 1286 3509 1339 tenta-

1853 1367 2066 1430 tiones,
2098 1366 2448 1438 permittens
2467 1373 2531 1424 ut
2548 1369 2610 1423 in
2636 1383 2775 1423 eum
2801 1369 3180 1426 inducantur.
3202 1368 3320 1427 Illa)
3342 1386 3511 1428 nam-

1852 1471 1970 1528 que
1991 1457 2151 1526 quod
2169 1455 2464 1512 damnum
2485 1456 2677 1524 affert,
2701 1458 3025 1530 expoliunt,
3051 1475 3120 1516 ac
3134 1475 3314 1516 omne
3330 1460 3512 1517 robur

1857 1545 2268 1618 majoremque
2315 1546 2598 1602 virtutum
2638 1546 2998 1604 fertilitatem
3050 1555 3380 1606 accersunt.
3429 1553 3510 1606 Ne

1858 1641 2058 1690 autem
2088 1635 2324 1706 aliquos
2352 1651 2423 1690 ex
2445 1634 2588 1708 ipsis
2613 1635 3018 1694 infructuosos
3047 1654 3177 1694 esse
3205 1640 3514 1711 suspicen-

152 1725 487 1799 Θορυϐηθῶσι
517 1730 633 1798 περὶ
673 1725 861 1777 ἑαυτῶν
894 1726 1030 1796 (2ἷ),
1062 1732 1366 1800 προαναιρεῖ
1391 1730 1478 1777 τόν
1517 1734 1744 1778 τοιοῦτον

1884 1739 1972 1788 ur,
2003 1729 2184 1796 atque
2205 1724 2280 1779 de
2313 1725 2523 1797 seipsis
2550 1727 2764 1782 iterum
2795 1727 3128 1795 turbentur,
3163 1727 3512 1799 hujusmodi

153 1815 392 1888 θόρυϐον,
419 1813 579 1886 λέγων
601 1831 614 1844 ο

219 1901 419 1961 Ἦὸην.
469 1935 536 1944 —-
575 1905 716 1976 ὑμῖν.
761 1904 1227 1978 Περικαθαρθέντες
1255 1912 1325 1974 τῷ
1381 1900 1748 1974 διδασκαλικῷ

147 1995 288 2066 λόγῳ
352 2013 473 2066 μου.
535 1991 688 2065 Ὀρᾴς
749 1995 828 2045 ότι
892 1992 936 2044 εἰ
996 1997 1085 2044 καὶ
1137 1992 1365 2064 ἄμπελος
1412 1992 1570 2057 ἐστιν,
1624 1992 1750 2044 ἀλλά

149 2088 237 2134 xui
293 2086 537 2155 γεωργός.
594 2087 746 2140 Κοινὴ
779 2084 880 2154 γὰρ
937 2085 965 2140 ὴ
1018 2085 1234 2140 τοιαύτη
1283 2086 1514 2156 γεωργία
1559 2087 1749 2153 καὶτῷ

153 2176 325 2245 Πατρὶ
364 2175 452 2222 xui
491 2179 562 2242 τῷ
602 2172 727 2240 Υἱῷ,
757 2174 931 2244 ὥσπερ
975 2167 1038 2228 δή
1069 2177 1158 2223 xui
1198 2171 1376 2223 τᾶλλα.
1407 2170 1518 2224 Ἰνα
1566 2168 1625 2224 δὲ
1675 2175 1746 2243 μή

148 2263 250 2313 ὑπὸ
301 2269 392 2321 τῆς
437 2260 624 2321 πολλῆς
665 2257 862 2321 δειλίας
915 2259 1295 2332 ἀποσχισθῶσι
1327 2270 1420 2321 τῆς
1474 2261 1546 2322 εἰς
1596 2260 1750 2312 αὐτόν

151 2356 380 2412 πίστεως
416 2354 502 2401 καὶ
549 2353 799 2421 σχέσεως,
845 2351 1244 2421 κεχαυνωμένην
1293 2349 1459 2401 αὐτῶν
1503 2346 1609 2407 ἤδη
1658 2369 1750 2407 την

149 2439 340 2512 ψυχὴν
371 2438 683 2511 ἐπισφίγσγει,
721 2444 809 2490 xui
837 2438 1004 2509 ἐαυτῷ
1039 2438 1317 2510 συγκολλᾴ,
1353 2438 1505 2490 εἰπών
1531 2455 1542 2468 ·

225 2536 446 2583 Μείνατε
478 2560 542 2568 -
564 2530 704 2600 ὑμῖν.
737 2529 954 2582 Μείνατε
984 2526 1032 2579 ἐν
1064 2525 1199 2600 ἐμοὶ,
1231 2526 1642 2600 συγκολλὼμενοί
1662 2547 1752 2600 μοι

153 2619 486 2693 βεϐαιότερον
545 2615 636 2670 διὰ
695 2622 918 2679 πίστεως
983 2614 1307 2670 ἀδιστάκτου
1369 2623 1459 2669 καὶ
1518 2623 1751 2690 σχέσεως

153 2709 442 2783 ἀρρήκτου,
480 2707 626 2779 κάγὼ
657 2716 789 2779 μενῶ
821 2706 869 2758 ἐν
901 2707 1044 2780 ὑμῖν,
1081 2711 1245 2759 συνὼν
1292 2714 1353 2779 τῇ
1401 2703 1621 2779 δυνάμει
1663 2712 1753 2760 καὶ

151 2801 408 2873 περιέπων
447 2800 476 2856 ἤ
514 2801 747 2868 συνέχων
788 2798 944 2868 ὑμᾶς,
985 2799 1049 2857 ὡς
1092 2796 1319 2869 ἄμπελος
1352 2796 1614 2868 κλήματα,
1664 2803 1753 2850 καὶ

151 2891 512 2960 καρποφόρους
544 2884 980 2959 ἀπεργαζόμενος.

233 3067 414 3126 Καθὼς
439 3095 507 3104 -
534 3069 757 3136 μείνητε.
793 3061 932 3116 Οὐδὲ
966 3065 1111 3137 ὑμεῖς
1135 3061 1363 3118 δύνασθε
1387 3072 1749 3138 καρποφορεῖν,
1785 3101 1826 3161 c

153 3153 242 3206 ἐὰν
275 3153 646 3225 ἀποσχισϐῆτε
671 3161 766 3214 τῆς
798 3159 1077 3226 συναφείας
1100 3174 1221 3226 μου.

225 3246 364 3313 Ἐγώ
438 3274 508 3284 -
542 3243 720 3296 πολύν.
798 3244 1071 3315 Σαφηνίζει
1114 3248 1206 3301 τὴν
1277 3242 1597 3316 παραϐολήν,
1663 3249 1752 3296 καὶ

157 3338 345 3385 σκόπει
403 3340 506 3392 πῶς
568 3328 738 3384 εἶπεν
808 3331 865 3384 Ὀ
941 3337 1101 3405 μένων
1162 3331 1208 3383 ἐν
1285 3330 1416 3404 ἐμοὶ,
1487 3334 1632 3404 κάγώ
1707 3336 1754 3384 ἐν

156 3423 323 3492 αὐτῷ,
394 3421 542 3483 οὗτος
610 3425 747 3495 φέρει
808 3425 1004 3495 καρπόν
1079 3424 1256 3476 πολύν.
1347 3421 1594 3482 Πολλάκις
1654 3425 1755 3496 γὰρ

153 3517 298 3584 μένει
353 3515 442 3581 μέν
473 3531 553 3572 τις
597 3509 644 3562 ἐν
675 3519 745 3581 τῷ
791 3517 1027 3585 Χριστῷ,
1092 3515 1415 3584 συνημμένος
1471 3513 1608 3584 αὐτῷ
1668 3511 1762 3566 διὰ

155 3609 255 3662 τῆς
312 3605 546 3665 πίστεως,
609 3600 666 3651 οὐ
719 3604 856 3671 μένει
903 3597 961 3652 δὲ
1010 3605 1098 3652 καὶ
1147 3602 1172 3652 ό
1217 3606 1444 3675 Χριστός
1498 3606 1546 3655 ἓν
1596 3603 1758 3674 αὐτῷ,

156 3689 613 3761 ἀποστρεφόμενος
692 3689 867 3755 αὐτόν,
947 3692 1014 3749 ὡς
1091 3689 1310 3753 ἀναξίως
1385 3691 1544 3744 αὐτοῦ
1616 3692 1763 3745 πολι-

158 3783 454 3850 τευόμενον.
512 3778 677 3838 Οὗτος
716 3783 852 3850 φέρει
909 3780 999 3850 μὲν
1067 3784 1285 3851 καρπόν,
1357 3779 1526 3852 ὀλίγον
1586 3778 1665 3847 δὴ,
1716 3783 1764 3834 ἓν

156 3887 215 3919 τι
274 3867 556 3938 ἀγαθόν,ῆ
608 3872 696 3919 καὶ
746 3863 842 3919 δύο
890 3886 990 3919 που
1047 3864 1486 3941 διαπραξάμενος,
1538 3869 1765 3943 Ὀρῶμεν

161 3955 226 4010 δὲ
282 3962 374 4008 xui
423 3955 471 4007 ἐν
519 3954 761 4029 ἀμπέλοις
807 3964 1026 4008 τοιαῦτα
1078 3957 1338 4030 κλήματα,
1396 3957 1432 4010 ἃ
1499 3963 1571 4032 μὴ
1636 3981 1769 4033 χαι-

158 4053 372 4120 ρουσῶν
430 4045 607 4108 αὐτοῖς
655 4055 754 4098 τῶν
807 4045 1044 4118 ἀμπέλων
1098 4044 1358 4121 βοτρύδια
1423 4047 1607 4121 οἰκτρά
1654 4069 1770 4102 τινα

161 4141 432 4209 φέρουσιν.

233 4222 359 4276 Ὀτί
413 4253 474 4264 ——
521 4220 689 4279 οὐδέν.
745 4223 943 4302 Ὠσπερ
996 4223 1113 4280 οὐδ’
1152 4229 1200 4279 οἱ
1243 4225 1463 4299 βλαστοὶ
1520 4233 1592 4302 μὴ
1646 4228 1770 4282 ἀπο-

159 4315 414 4374 λαύοντες
446 4309 709 4378 δυνάμεως
759 4313 812 4366 ἐκ
862 4325 956 4377 τῆς
1001 4316 1175 4390 ῥίζης.
1207 4318 1374 4370 Εἰπὼν
1425 4315 1484 4371 δὲ
1537 4318 1770 4395 ἀνωτέρω

1858 1812 2145 1884 praevenit
2177 1813 2520 1878 tumultum,
2554 1813 2754 1869 dicens
2786 1833 2801 1874 :

1934 1902 2101 1959 Vers.
2134 1906 2190 1959 2.
2228 1903 2366 1958 Jam
2394 1933 2464 1942 —
2499 1903 2668 1957 vobis.
2725 1904 2966 1974 Purgati
3016 1920 3169 1971 meo,
3220 1922 3342 1978 quo
3403 1923 3513 1964 vos

1857 1991 2058 2061 docui,
2091 2006 2386 2047 sermone.
2414 1991 2602 2058 Vides,
2650 1992 2817 2064 quod
2847 1994 2982 2049 licet
3011 1993 3148 2050 ritis
3178 1993 3271 2060 sit,
3309 2000 3399 2050 est
3433 2001 3515 2052 la-

1861 2096 1996 2135 men
2038 2083 2217 2136 etiam
2270 2080 2535 2150 agricola
2581 2099 2595 2149 ;
2655 2088 2743 2137 est
2772 2082 2929 2138 enim
2977 2084 3106 2139 haec
3149 2083 3518 2154 agricultura

1860 2169 2203 2225 communis
2245 2170 2400 2226 Patri
2439 2177 2496 2226 et
2526 2171 2686 2236 Filio,
2739 2171 2918 2227 veluti
2975 2187 3120 2228 sane
3170 2179 3226 2229 et
3255 2173 3390 2229 alia.
3432 2177 3513 2231 Ne

1860 2265 2063 2315 autem
2109 2274 2233 2331 prae
2288 2259 2478 2315 nimia
2513 2259 2833 2316 formidine
2861 2261 3200 2317 exciderent
3229 2279 3265 2318 a
3293 2263 3410 2319 ﬁde
3443 2278 3515 2320 ac

1860 2349 2090 2414 habitu,
2119 2363 2241 2419 quo
2258 2363 2401 2418 erga
2423 2363 2484 2403 se
2515 2347 2708 2404 affecti
2733 2354 2923 2418 erant,
2946 2350 3206 2405 laxatam
3235 2350 3358 2421 iam
3385 2351 3519 2407 ani-

1860 2452 2026 2492 mam
2056 2437 2350 2508 astringit,
2383 2437 2613 2509 sibique
2639 2438 3032 2509 conglutinat,
3060 2438 3266 2494 dicens
3290 2455 3304 2495 :

1934 2527 2094 2579 Vers.
2134 2528 2187 2580 4.
2218 2526 2450 2582 Μαηειε
2472 2555 2542 2564 -
2570 2526 2740 2580 vobis.
2771 2556 2842 2566 —
2888 2528 3128 2584 Manete
3172 2527 3234 2583 in
3280 2544 3396 2595 me,
3425 2527 3519 2585 fir-

1862 2614 2035 2669 miter
2063 2613 2209 2669 mihi
2262 2614 2641 2685 conglutinati
2698 2631 2804 2686 per
2853 2615 3036 2671 ﬁdem
3091 2616 3515 2686 indubitatam,

1861 2702 2255 2774 habitumque
2267 2703 2766 2769 indissolubilem,
2782 2709 2962 2773 etego
2978 2707 3236 2763 manebo
3252 2708 3310 2761 in
3326 2706 3515 2774 vobis,

1864 2791 2130 2863 potentia
2153 2792 2469 2847 vobiscum
2488 2808 2868 2862 permanens,
2884 2809 3107 2865 vosque
3131 2794 3517 2866 amplectens,

1864 2885 1967 2938 aut
1983 2883 2294 2936 continens
2309 2897 2439 2951 vos,
2459 2881 2605 2937 sicut
2623 2883 2752 2937 vitis
2776 2881 3065 2954 palmites,
3095 2899 3166 2939 ac
3190 2882 3521 2940 fructiferas

1863 2971 2142 3027 reddens.

1939 3063 2096 3116 Vers.
2130 3063 2183 3116 4.
2215 3059 2373 3117 Sicut
2407 3092 2474 3101 —
2504 3062 2855 3118 manseriti's.
2881 3064 3081 3134 Neque
3127 3077 3233 3118 vos
3271 3061 3524 3118 fructiﬁ-

1865 3168 2001 3209 care
2029 3153 2290 3224 potestis,
2327 3153 2372 3208 si
2413 3169 2449 3209 a
2478 3152 2596 3208 mei
2628 3153 3048 3223 conjunctione
3087 3152 3522 3210 distrahamini.

1935 3241 2098 3296 Vers.
2136 3247 2185 3298 5.
2218 3243 2345 3313 Ego
2375 3272 2444 3284 —
2501 3243 2775 3298 multum.
2827 3242 3116 3314 Explanat
3144 3241 3519 3313 parabolam.

1866 3334 1933 3389 Et
1953 3331 2266 3387 considera
2305 3331 2610 3404 quomodo
2631 3331 2863 3386 dixerit:
2893 3332 3004 3399 Qui
3032 3337 3233 3387 manet
3263 3332 3326 3386 in
3351 3344 3442 3386 me
3467 3335 3522 3386 et

1867 3438 1968 3494 ego
1992 3422 2055 3477 in
2069 3437 2146 3492 eo,
2178 3421 2274 3478 hic
2286 3421 2408 3491 fert
2426 3421 2697 3492 fructum
2713 3422 2988 3477 multum.
3015 3424 3160 3477 Nam
3193 3420 3526 3492 frequenter

1870 3516 2074 3569 manet
2102 3511 2238 3584 quis
2277 3511 2634 3581 conjunctus
2662 3511 2722 3566 in
2743 3509 2972 3566 Christo
2999 3526 3104 3583 per
3133 3508 3312 3567 ﬁdem
3346 3525 3362 3577 ;
3403 3523 3527 3566 non

1873 3607 2073 3657 manet
2086 3606 2285 3655 autem
2299 3599 2565 3655 Christus
2580 3600 2638 3654 in
2652 3614 3038 3664 eo,aversans
3052 3598 3220 3654 illum
3235 3604 3528 3671 tanquam

1872 3690 2117 3760 indigne
2148 3705 2208 3745 se
2234 3696 2531 3760 gerentem
2557 3703 2581 3746 .'
2605 3688 2701 3745 hic
2742 3687 2853 3744 fert
2881 3688 3127 3760 quidem
3159 3688 3439 3753 fructum,
3471 3690 3532 3743 at

1875 3779 2281 3845 modicum,un
2292 3795 2392 3834 um
2406 3786 2509 3835 aut
2523 3778 2764 3833 alterum
2777 3793 2930 3850 opus
2946 3778 3156 3833 bonum
3172 3772 3532 3848 obiter(mm)

1873 3869 2204 3940 perficiens.
2236 3868 2518 3924 Videmus
2548 3875 2748 3924 autem
2780 3875 2836 3924 et
2865 3870 2924 3923 in
2956 3868 3140 3923 vineis
3179 3865 3532 3938 hujusmodi

1877 3957 2172 4029 palmites,
2200 3959 2302 4028 qui
2331 3958 2478 4012 dum
2509 3957 2620 4012 illis
2653 3973 2772 4012 non
2805 3957 3069 4026 gaudent
3112 3957 3319 4022 vineas,
3355 3957 3532 4012 mise-

1877 4045 2095 4101 rabiles
2117 4045 2416 4117 quosdam
2440 4046 2637 4101 ferunt
2653 4047 3012 4101 racemulos.

1951 4223 2112 4278 Vers.
2142 4227 2193 4280 5.
2218 4221 2364 4290 Quia
2389 4250 2449 4260 —
2465 4223 2682 4292 facere.
2722 4224 3034 4294 Tanquam
3075 4221 3361 4291 germina,
3394 4235 3531 4294 quae

1879 4315 2094 4370 virtute
2137 4329 2170 4367 a
2213 4313 2409 4368 radice
2469 4311 2829 4383 procedente
2880 4326 2997 4366 non
3036 4311 3333 4366 fruuntur.
3386 4312 3536 4367 Cum

162 4407 253 4458 ὃτι
314 4405 390 4455 Οὐ
475 4401 702 4458 δύνασθε
779 4414 1144 4482 καρποφορεῖν,
1237 4407 1319 4460 ἇάν
1381 4414 1453 4482 μή
1528 4408 1575 4462 ἐν
1655 4409 1754 4484 ἐμοῖ

246 4498 256 4508 ο
350 4511 379 4512 ,7
412 4511 416 4512 γ
487 4501 502 4509 ς
571 4493 622 4512 π.
825 4500 833 4510 ι
913 4498 922 4509 ι
1056 4501 1065 4512 ι
1109 4493 1132 4512 ἢ
1374 4506 1392 4512 -
1478 4503 1487 4512 ι
1561 4498 1572 4510 ν
1681 4500 1692 4512 ﬁ
1744 4510 1754 4512 _

1881 4410 2081 4460 autem
2108 4402 2379 4475 superius
2399 4400 2606 4457 dixerit
2629 4401 2794 4456 :Non
2818 4401 3060 4470 potestis
3078 4401 3243 4470 ferre
3253 4403 3532 4469 fructum,

2603 4505 2761 4512 μ---
2815 4489 2978 4512 -ι;.....
3032 4489 3360 4512 ..,..ε-.-ι--...
3401 4489 3532 4512 μδ.

159 4498 382 4567 μείνητε
409 4511 419 4522 ’
447 4501 532 4545 νῦν
571 4493 706 4566 λέγει
754 4500 842 4547 xui
873 4498 958 4548 τόν
1011 4493 1250 4550 κίνδυνον
1303 4506 1394 4551 τοῦ
1422 4503 1494 4572 μὴ
1553 4498 1600 4551 ἐν
1632 4500 1771 4573 αὐτῷ

159 4587 434 4658 μένοντος.

242 4673 367 4725 Ἐὰν
393 4702 460 4712 -—-
489 4671 684 4746 κλῆμα.
704 4671 793 4734 Ὠς
821 4676 876 4727 τό
907 4673 1082 4747 κλῆμα
1109 4678 1167 4728 τό
1189 4677 1486 4751 ἄχρηστον.

245 4856 349 4905 Καὶ
377 4850 652 4926 ἐξηράνθη.
706 4856 802 4906 Καὶ
835 4851 1093 4906 ἀπώλεσεν
1135 4854 1195 4913 ἣν
1236 4854 1375 4929 εἶχεν
1403 4854 1456 4909 ἐκ
1489 4865 1585 4919 τῆς
1623 4856 1776 4933 ῥίζης

163 4937 386 5014 ἰκμάδα
414 4942 653 5015 χάριτος.

247 5034 354 5084 Καὶ
396 5032 710 5101 συνάγουσιν
761 5032 912 5084 αὑτά.
949 5036 1049 5085 Καὶ
1108 5034 1398 5105 συνάγουσι
1444 5038 1512 5088 τά
1561 5043 1780 5090 τοιαῦτα

153 5119 424 5194 κλήματα
453 5120 501 5172 ei
531 5119 744 5194 ἄγγελοι
772 5124 908 5175 κατά
936 5125 1021 5174 τόν
1044 5125 1224 5198 καιρὸν
1251 5133 1347 5186 τῆς
1374 5130 1616 5198 κρίσεως.

1883 4494 2002 4549 nisi
2027 4494 2084 4548 in
2115 4507 2203 4548 me
2229 4489 2574 4555 manseritis,
2603 4505 2763 4546 nunc
2810 4489 2982 4546 etiam
3032 4489 3365 4562 periculum
3396 4489 3538 4549 dicit

1883 4583 2012 4654 ejus
2041 4581 2147 4654 qui
2185 4581 2243 4636 in
2278 4596 2342 4636 se
2371 4595 2495 4636 non
2525 4578 2836 4636 manserit.

1958 4671 2116 4726 Vers.
2175 4674 2228 4727 6.
2259 4669 2756 4738 Nisi—palmes.
2809 4670 3116 4740 Tanquam
3168 4672 3540 4728 sarmentum

1881 4761 2108 4818 inutile.

1957 4852 2119 4906 Vers.
2163 4853 2214 4908 6.
2246 4850 2325 4906 Et
2364 4853 2684 4907 exarescet.
2720 4848 2784 4904 Et
2811 4846 3039 4920 perdet,
3061 4863 3243 4922 quem
3273 4847 3543 4909 habebat
3605 4914 3608 4916 γ

1886 4957 1959 4998 ex
1981 4940 2180 4997 radice
2218 4939 2424 5012 gratia:
2462 4939 2801 4994 humorem.

1960 5030 2122 5087 Vers.
2156 5035 2210 5087 6.
2237 5029 2319 5087 Et
2339 5030 2621 5100 colligent
2638 5043 2751 5084 eos.
2773 5031 2838 5083 Et
2863 5025 3316 5099 congregabunt
3341 5023 3541 5098 angeli

1886 5121 2241 5194 hujusmodi
2280 5125 2585 5178 sarmenta
2611 5119 2674 5176 in
2711 5118 2802 5176 die
2828 5117 3058 5190 Judicii.

1356 5329 1585 5402 Varia:
1630 5329 1960 5401 lectiones
1997 5340 2296 5402 etnotae.

247 5548 368 5622 (25)
400 5546 738 5604 Ἐκκόπτεται
766 5553 823 5605 Β.

272 5619 363 5690 26)
401 5623 567 5677 Forte
599 5621 644 5674 εἰ
671 5628 780 5688 xui,
809 5629 912 5681 aut
938 5619 1033 5678 κάν
1060 5621 1216 5690 δοκῇ.

272 5625 363 5690 26)
401 5625 567 5677 Forte
599 5625 644 5674 εἰ
671 5628 780 5688 καὶ,
809 5629 912 5681 aut
938 5625 1033 5678 κᾶν
1060 5625 1176 5680 δοκὶ

242 5625 421 5771 ξπιηι)
453 5692 672 5752 Obiter.
705 5697 894 5755 Forte.
1163 5683 1176 5701 ⁸

1966 5552 2082 5630 (27)
2120 5550 2194 5610 Δι’
2220 5560 2408 5625 αὐτῶν,
2439 5556 2506 5613 Α.
2539 5552 2709 5614 Forte
2749 5551 2783 5609 δ
2789 5556 3042 5617 ι’ἐαντοὺς
3072 5553 3269 5613 voluit.

2716 5700 2731 5724 ς
