4022 6232
564 154 695 217 illi

636 286 806 343 Vere.
837 289 894 346 6.
925 282 1003 343 Et
1036 313 1103 328 --
1133 286 1475 359 conficient.
1508 284 1828 344 Gebennm.

582 360 583 365 η
633 378 800 432 Vers.
819 381 869 433 6.
891 377 966 433 Et
981 376 1290 433 ardebant.
1310 376 1870 443 lnﬂammabuntur,
1886 381 2223 433 nontamen

562 465 1004 522 comburentur.
1028 466 1157 522 Non
1179 473 1489 523 manentes
1511 472 1709 523 autem
1736 466 1794 521 in
1828 482 1909 532 se,
1933 465 2075 521 dicit
2105 482 2220 522 non

562 570 665 611 eos
696 554 914 625 solum,
947 554 1051 627 qui
1078 555 1152 611 ab
1174 555 1271 612 illo
1300 561 1439 611 sunt
1476 556 1767 628 amputati
1818 561 1919 611 aut
1945 556 2220 625 abscissi,

561 643 667 699 sed
711 649 767 700 et
813 643 942 699 illos
972 644 1077 717 qui
1120 660 1238 701 non
1272 644 1518 700 ﬁrmiter
1549 661 1686 700 cum
1719 660 1789 701 eo
1837 644 2215 716 copulantur.

630 732 791 789 Vers.
823 738 884 790 7.
922 734 989 789 Si
1023 765 1087 774 —
1124 734 1302 790 vobis.
1336 735 1483 790 Nihil
1515 734 1667 789 enim
1697 734 2005 804 indignum
2037 738 2214 807 petet,

558 822 661 895 qui
691 821 750 877 in
786 823 881 878 Dei
925 823 1230 895 praeceptis
1263 830 1555 879 versatur.
1597 822 1923 879 Considera
1948 840 2084 879 vero
2104 824 2217 879 hoc

557 926 688 966 esse
721 910 1013 967 Christum
1044 911 1102 967 in
1135 911 1437 984 discipulis
1476 928 1739 976 manere,
1773 912 1957 967 verba
1982 912 2113 983 ejus
2153 914 2215 968 in

557 1000 669 1055 illis
698 1015 961 1066 manere,
997 1002 1118 1057 sive
1148 1003 1390 1069 servari,
1426 1007 1529 1058 aut
1558 1017 1731 1072 opere
1751 1000 1975 1073 perﬁci.

630 1088 793 1144 Vers.
827 1093 878 1144 8.
911 1090 983 1145 In
1012 1120 1080 1131 —
1110 1090 1387 1159 aﬂ'emtis.
1434 1122 1497 1130 —
1527 1092 1895 1161 Gloriﬁcatus
1939 1096 2041 1156 est,
2099 1091 2214 1147 hoc

557 1183 661 1244 est,
686 1178 1145 1235 Gloriﬁcabitur.
1174 1181 1238 1235 Ut
1270 1178 1549 1245 aﬁ'eratis,
1578 1180 1635 1235 id
1664 1185 1774 1245 est,
1804 1181 1848 1235 si
1879 1180 2209 1237 attuleritis.

556 1268 731 1326 Multa
754 1268 1048 1340 siquidem
1077 1274 1209 1325 sunt
1256 1269 1421 1341 apud
1450 1270 1814 1342 Scripturam
1860 1270 2211 1342 hujusmodi

559 1357 863 1413 idiomala.

630 1516 785 1589 vers.
846 1535 901 1591 8.
955 1497 1030 1591 Ὲι
1064 1566 1131 1575 -
1196 1535 1497 1606 discipuli.
1544 1536 1793 1594 Perfecti
1844 1535 2207 1594 etﬁciamini.

1890 150 2235 239 EUTHYMII
2276 145 2608 214 ZIGABENI

2255 288 2300 343 Α
2404 292 2505 341 Καὶ
2531 319 2599 328 —
2626 286 2903 361 βάλλουσι.
2931 292 3000 343 Τό
3030 298 3122 354 τῆς
3151 293 3371 363 γεέννης.

3717 173 3819 229 Hii

2405 382 2503 428 Καὶ
2555 382 2776 432 καίεται.
2816 383 2915 431 Καὶ
2974 379 3257 451 φλέγονται,
3290 379 3347 431 οὗ
3375 383 3472 452 μὴν
3514 388 3820 441 ternario-nn,

2331 463 2405 515 Οὐ
2427 469 2673 535 μένοντας
2699 463 2757 518 δὲ
2784 466 2831 517 ἐν
2849 468 2987 538 αὐτῷ
3016 468 3149 541 λέγει
3171 469 3226 521 οὐ
3253 475 3402 541 μόνον
3418 474 3525 529 τοὺς
3548 468 3823 536 ἀποκοπὶντας

2328 554 2355 610 ἡ
2427 553 2854 626 ἀποσχισθέντας
2918 558 3096 622 αὑτοῦ,
3165 556 3289 610 ἀλλά
3347 564 3431 609 καὶ
3490 564 3592 619 τοὺς
3642 559 3824 631 atrioli»;

2329 662 2493 715 σνναφ
2503 646 2678 706 θέντας
2709 646 2869 716 αὐτῷ.

2398 733 2514 786 Ἐὰν
2569 765 2635 774 -—
2700 736 2845 806 ὑμῖν.
2908 733 3075 788 Οὐδὲν
3133 739 3231 810 γὰρ
3301 736 3497 798 ἀνάξιον
3553 739 3825 795 αἰτήσεταιό

2323 829 2439 882 ταῖς
2468 820 2694 884 ἐντολαῖς
2723 832 2814 877 τοῦ
2846 831 2979 877 Θεοῦ
3011 823 3477 897 ἐμπολιτευόμενος.
3509 831 3670 879 Σκόπει
3708 824 3752 879 δὲ
3774 832 3827 880 ότι

2323 916 2472 963 τοῦτό
2503 911 2615 964 ἐστι
2638 916 2694 965 τό
2728 917 2892 986 μένειν
2922 918 3006 965 τόν
3034 918 3259 989 Χριστόν
3304 913 3352 965 ἐν
3393 921 3493 975 τοῖς
3526 917 3757 985 μαθηταζ,
3789 938 3827 969 τό

2322 1003 2388 1052 τά
2432 1002 2646 1074 ῥήματα
2688 1002 2848 1054 αὑτοῦ
2893 1006 3057 1075 μένειν
3089 1002 3135 1055 ἐν
3181 1004 3363 1065 αὐτοῖς,
3415 1007 3567 1055 εἶτονν
3600 1006 3827 1077 τηρεῖσθαι,

2322 1088 2659 1163 ἐνεργεῖσθαι.

2391 1178 2469 1232 Ἐν
2527 1212 2596 1221 —
2644 1183 2846 1252 φέρητε.
2900 1184 2969 1233 Τό
3027 1183 3118 1253 μεν
3166 1177 3443 1245 ἐδοξάσθη,
3494 1179 3593 1233 ἀντὶ
3640 1188 3732 1244 τοῦ,
3773 1179 3831 1234 δε·

2322 1266 2555 1330 ξάζεται.
2579 1272 2648 1321 Τό
2682 1265 2738 1321 δὲ
2770 1269 2852 1320 ἵνα
2883 1273 3086 1344 φέρητε,
3120 1268 3234 1322 ἀντὶ
3263 1277 3353 1321 τοῦ
3384 1272 3465 1321 ἐὰν
3504 1276 3681 1344 φέρητε.
3710 1272 3831 1323 [Icili

2320 1359 2422 1430 γὰρ
2446 1365 2663 1410 τοιαῦτα
2697 1354 2960 1432 ἰδιώματα
2988 1360 3131 1433 παρὰ
3254 1365 3450 1434 Γραφῇ.

2394 1542 2492 1591 Καὶ
2536 1569 2604 1577 -
2648 1539 2902 1609 μαθηταί.
2942 1538 3453 1612 Ἀπαρτισθὴσεσθε.
3510 1544 3829 1611 Παρατηρητέιν

561 1622 1020 1679 Observandum
1048 1625 1245 1695 igitur,
1276 1626 1440 1697 quod
1489 1624 1538 1679 is
1596 1626 1699 1697 qui
1751 1626 2001 1681 fractum
2040 1625 2207 1683 aﬂ‘ert

2321 1625 2407 1680 οὖν
2458 1629 2539 1680 ὅτι
2586 1628 2610 1678 ὁ
2668 1632 2863 1701 καρπόν
2918 1628 3073 1679 πολὺν
3128 1631 3312 1701 φέρων,
3367 1628 3512 1689 οὗτος
3567 1628 3832 1701 ἀπαρτίζεται

555 1712 889 1783 copiosum,
916 1712 1010 1767 hic
1038 1714 1329 1783 perfectus
1356 1715 1599 1769 efficitur
1627 1716 1829 1771 Christi
1860 1714 2207 1787 discipulus.
2256 1713 2263 1721 ’

555 1800 876 1858 Gloriticari
920 1810 1119 1857 autem
1167 1802 1313 1858 dixit
1344 1806 1571 1871 Patrem
1603 1810 1659 1859 et
1697 1805 1977 1873 gaudere,
2025 1805 2082 1858 in
2110 1821 2211 1859 co-

554 1890 725 1961 piosa
747 1890 1200 1947 fructiﬁcatione
1232 1897 1287 1947 et
1316 1891 1575 1964 perfecto
1602 1892 1963 1965 discipulatu
1991 1893 2203 1965 ipsius,

554 1978 882 2035 adhortans
921 1996 1023 2035 eos
1050 1980 1126 2035 ad
1154 1980 1308 2036 hanc
1347 1997 1493 2044 rem,
1523 1987 1808 2054 tanquam
1842 1982 1921 2038 ad
1952 1981 2013 2038 id
2041 1984 2208 2055 quod

556 2068 809 2124 Domino
836 2074 1071 2138 gratum
1123 2074 1235 2127 est.

630 2154 788 2212 Vers.
822 2159 874 2211 9.
900 2158 1072 2213 Sicut
1105 2191 1164 2199 —
1194 2174 1309 2215 vos.
1368 2161 1447 2213 Eo
1494 2159 1675 2215 modo
1714 2176 1830 2231 quo
1858 2177 1953 2217 me
2007 2160 2209 2218 dilexit

556 2246 744 2313 Pater,
808 2252 1093 2317 tanquam
1149 2247 1416 2303 videlicet
1463 2247 1780 2305 facientem
1844 2250 2207 2307 voluntatem

556 2350 729 2390 suam
784 2356 795 2388 :
864 2334 945 2391 ita
986 2342 1042 2389 et
1094 2350 1206 2405 ego
1255 2336 1429 2391 dilexi
1474 2353 1601 2402 vos,
1644 2344 1934 2411 tanquam
1988 2339 2208 2397 scilicet

554 2424 837 2481 facientes
886 2423 1249 2483 voluntatem
1282 2441 1492 2481 meam.
1890 2494 1891 2499 η

622 2514 682 2569 In
702 2513 1175 2585 praecedentibus
1222 2515 1467 2585 quidem
1510 2515 1651 2572 data
1679 2522 1765 2572 est
1793 2533 1829 2573 a
1879 2518 2052 2574 nobis
2090 2519 2209 2575 dis-

550 2586 752 2658 tinctio
777 2602 852 2657 de
881 2605 1051 2668 sicut,
1093 2605 1582 2675 quemadmodum
1614 2613 1670 2661 et
1695 2606 2010 2673 similibus,
2041 2608 2206 2680 quod

552 2708 688 2748 cum
702 2692 776 2748 de
792 2692 980 2755 Patre.
1002 2692 1140 2749 Filio
1154 2709 1222 2747 ac
1241 2694 1455 2763 Spiritu
1472 2702 1678 2751 sancto
1692 2696 1990 2762 dicuntur,
2005 2713 2203 2769 aequa-

551 2779 777 2837 litatem
808 2780 1147 2851 signiﬁcant
1170 2798 1341 2848 ;cum
1369 2798 1509 2838 vero
1536 2783 1608 2839 de
1632 2787 1747 2840 Deo
1762 2792 1818 2841 et
1839 2786 2203 2855 hominibus,

553 2870 1004 2925 similitudinem
1052 2871 1410 2940 designant:
1450 2887 1654 2927 verum
1697 2872 2027 2930 similitudo
2084 2890 2206 2931 non

551 2959 777 3029 ubique
803 2974 902 3029 per
931 2959 1136 3014 omnia
1165 2959 1424 3031 quadrat
1464 2960 1615 3033 (nn).

624 3048 789 3104 Vers.
822 3053 874 3105 9.
906 3049 1140 3107 Manete
1168 3080 1238 3090 —
1277 3066 1417 3105 mea.
1473 3053 1726 3107 Rursum
1782 3053 2051 3124 astringit
2080 3052 2206 3109 illos
2247 3062 2253 3075 ‘

552 3136 631 3195 ad
661 3154 744 3195 se.

622 3226 789 3285 Vers.
820 3232 905 3285 t0.
931 3228 1000 3285 Si
1030 3261 1096 3269 —
1133 3230 1467 3287 dilectione.
1527 3233 1588 3287 Et
1617 3232 1927 3303 quomodo
1955 3233 2204 3289 moreris

550 3317 710 3373 velut
739 3317 926 3375 homo
957 3335 1164 3375 carens
1191 3320 1415 3375 auxilio
1446 3320 1473 3375 ‘I
1503 3322 1655 3386 Quia
1704 3322 1826 3378 vult
1872 3322 1987 3378 hoc
2041 3325 2206 3378 Pater

550 3412 604 3463 et
652 3423 786 3481 ego,
819 3423 926 3480 pro
978 3408 1293 3465 hominum
1349 3409 1559 3465 salute:
1604 3411 1747 3482 quia
1775 3410 1931 3467 hanc
1970 3428 2206 3484 quoque

546 3513 674 3554 rem
705 3497 859 3553 duco
899 3498 1171 3568 gloriam.
1208 3498 1364 3555 Sicut
1389 3515 1532 3570 ergo
1554 3515 1665 3570 ego
1691 3500 1939 3557 dilectus
1965 3518 2001 3557 a
2043 3506 2206 3559 Patre

549 3591 750 3643 tamen
781 3602 884 3657 pro
911 3586 1076 3642 vobis
1096 3587 1343 3651 morior,
1368 3588 1451 3642 sic
1482 3594 1536 3642 et
1562 3604 1667 3643 vos
1695 3589 1775 3644 ita
1796 3605 1832 3645 a
1861 3606 1956 3645 me
1985 3590 2201 3658 dilecti,

544 3674 885 3737 moriemini
936 3680 1135 3730 tamen
1182 3690 1292 3747 pro
1326 3692 1439 3731 me.
1485 3678 1635 3731 Nam
1662 3677 2006 3748 hujusmodi
2052 3695 2205 3735 mors

540 3758 716 3837 juxta
727 3762 978 3835 beneple
988 3764 1035 3818 ci
1046 3771 1164 3819 tum
1182 3770 1415 3834 est,non
1428 3783 1499 3822 ex
1517 3766 1651 3822 odio
1664 3773 1762 3823 aut
1782 3768 2200 3826 imbecillitate.

541 3905 549 3919 ,
621 3851 779 3907 Vers.
808 3852 896 3906 lt.
919 3853 1059 3909 Hac
1076 3885 1142 3893 —
1163 3861 1422 3911 maneat.
1448 3856 1583 3911 Haec
1595 3856 1993 3914 consolatorie
2018 3860 2205 3918 verba

546 3940 782 3999 locutus
835 3958 970 3998 sum
1018 3942 1205 4019 vobis,
1242 3944 1346 4017 qui
1389 3945 1467 4001 ob
1512 3961 1709 4001 meam
1759 3946 2202 4005 discruciamini

548 4036 799 4088 mortem
823 4047 836 4098 ;
868 4032 1254 4104 utgaudium,
1287 4034 1451 4106 quod
1470 4040 1595 4091 erat
1636 4042 1876 4107 propter
1902 4053 2018 4103 me,
2040 4038 2201 4109 quod

544 4121 623 4177 de
643 4138 740 4177 me
771 4122 1143 4191 gaudebatis,
1193 4123 1760 4197 donec‘advenirent
1811 4124 1941 4180 haec
1992 4128 2198 4193 tristia,

545 4226 669 4267 non
699 4215 1152 4284 corrumpatur;
1183 4212 1287 4267 sed
1313 4212 1373 4269 in
1402 4212 1569 4268 vobis
1615 4220 1874 4278 maneat,
1913 4231 2051 4270 cum
2082 4232 2203 4272 cer-

540 4299 725 4381 tiores
766 4301 901 4358 facti
914 4301 1061 4371 sitis,
1088 4301 1251 4374 quod
1264 4318 1383 4358 non
1398 4302 1729 4374 relinquam
1759 4318 1854 4360 vos
1879 4305 2196 4375 orphanos,

534 4390 643 4464 sed
671 4392 891 4448 iterum
933 4391 1165 4450 veniam
1197 4392 1278 4449 ad
1305 4407 1432 4451 vos.

618 4638 777 4694 Vers.
816 4641 899 4695 tl.
928 4642 1008 4697 Et
1034 4673 1101 4682 —
1141 4643 1532 4713 compleatur.
1578 4646 1643 4698 Et
1667 4648 1726 4701 ut
1766 4645 2054 4715 gaudium
2104 4662 2199 4703 ve-

538 4731 760 4799 strum,
777 4729 941 4801 quod
960 4730 1033 4785 de
1051 4746 1145 4786 me
1168 4737 1277 4798 est,
1293 4732 1684 4805 compleatur,
1702 4734 1940 4791 sicutab
1954 4737 2198 4793 exordio

531 4811 675 4889 ‘ejus
691 4818 1153 4889 exspectabatis,
1188 4828 1497 4892 sperantes
1545 4839 1781 4896 semper
1802 4822 2036 4881 mecum
2060 4842 2199 4883 con-

544 4907 793 4967 versari.
1272 4902 1277 4907 ’

530 5000 535 5007 ’
616 4997 778 5054 Vers.
835 5002 917 5054 l2.
961 4996 1081 5056 Hoc
1118 5015 1323 5057 --vos.
1379 5000 1447 5058 Ut
1499 4998 1756 5073 diligatis
1797 5020 1899 5059 vos
1948 5004 2198 5063 invicem

546 5086 699 5143 adeo
726 5084 1124 5154 vehementer,
1161 5094 1224 5145 ut
1251 5091 1419 5147 etiam
1442 5108 1549 5164 pro
1579 5094 1746 5149 vobis
1794 5094 2046 5150 invicem
2075 5113 2196 5151 mo-

545 5174 785 5233 riemini
823 5190 985 5246 :ego
1044 5177 1202 5234 enim
1253 5177 1337 5235 sic
1369 5179 1551 5237 dilexi
1603 5198 1729 5247 vos,
1763 5189 1821 5238 ut
1875 5184 2054 5239 etiam
2096 5200 2200 5256 pro

2221 4333 2277 4429 ρ

2318 1719 2559 1789 μαθητὴς
2612 1724 2703 1767 τοῦ
2740 1723 2995 1790 Χριστοῦ.
3027 1715 3349 1778 Δοξαςεσθαι
3406 1713 3483 1781 δὲ,
3538 1721 3640 1775 ἦτοι
3680 1721 3833 1787 χαίρειν

2317 1811 2400 1859 τὸν
2430 1810 2634 1879 Πατέρα
2687 1802 2841 1875 εἶπεν,
2873 1804 2920 1856 ἐν
2950 1814 3011 1878 τῇ
3042 1805 3199 1877 πολλῇ
3249 1811 3567 1879 καρποφορία
3604 1811 3681 1857 καὶ
3715 1804 3834 1873 τελείᾳ

2317 1896 2574 1968 μαθητείᾳ
2608 1893 2789 1959 αὐτοῦ,
2822 1898 3231 1968 προτρεπόμενος
3263 1893 3453 1955 αὐτοὺς
3482 1893 3557 1947 ἐπὶ
3584 1898 3631 1945 τὸ
3654 1899 3831 1968 πρᾶγμα,

2317 1988 2387 2046 ὡς
2415 1988 2498 2037 επὶ
2525 1979 2870 2036 εὐαπόδεκτον
2897 1992 2966 2055 τῷ
2996 1991 3127 2054 Θεῷ.

2390 2164 2576 2225 Καθὼς
2623 2193 2689 2225 s-
2720 2164 2873 2235 ὑμᾶς.
2906 2162 3000 2214 “Ov
3030 2166 3219 2235 τρόπον
3269 2164 3511 2235 ἠγαπησέ
3538 2181 3594 2235 με
3620 2163 3641 2213 ό
3683 2165 3835 2234 Πατὴρ,

2317 2256 2380 2314 ὡς
2422 2260 2669 2304 ποιοῦντα
2714 2248 2923 2309 δηλαδὴ
2957 2255 3013 2303 τὸ
3075 2252 3276 2324 θέλημα
3326 2252 3519 2303 αὐτοῦ’
3574 2251 3690 2302 οὕτω
3733 2249 3833 2317 siqu

2318 2342 2575 2413 ἠγάπησα
2603 2342 2758 2414 ὑμᾶς,
2785 2344 2852 2402 ὡς
2884 2348 3159 2403 ποιοῦντας
3187 2344 3247 2393 τό
3285 2340 3478 2412 Θεῖημοξ
3504 2359 3616 2411 μου,

2390 2427 2806 2505 Ιιροδιέστα).ται
2832 2427 2891 2482 δε
2921 2431 3045 2503 ἡμῖν
3072 2432 3153 2482 ὅτι
3186 2434 3245 2482 τό
3278 2432 3447 2489 καθὼς
3473 2434 3556 2480 καὶ
3580 2430 3637 2480 τὰ
3659 2434 3832 2479 τοιαῦτα.

2317 2522 2435 2573 ὃταν
2466 2524 2555 2592 μὲν
2583 2519 2665 2573 ἐπὶ
2704 2528 2793 2572 τοῦ
2841 2523 3045 2594 Πατρός
3088 2525 3175 2571 καὶ
3214 2527 3310 2571 τοῦ
3357 2521 3477 2571 fio-3
3504 2522 3586 2569 καὶ
3613 2524 3689 2569 τοῦ
3725 2515 3833 2585 ἁγὶον

2320 2614 2609 2683 Πνεύματος
2650 2609 2919 2681 λέγωνται,
2952 2609 3173 2666 ἰσότητα
3225 2605 3480 2667 δήλοῡσιν
3506 2629 3517 2640 ·
3547 2610 3651 2660 ὅταν
3699 2602 3743 2658 δε

2317 2707 2449 2753 Θεοῦ
2494 2705 2579 2752 καὶ
2636 2698 2937 2773 ἀνθρώπων,
2987 2701 3279 2772 ὁμοιότητα
3336 2704 3689 2771 σημαίνουσιν·
3730 2698 3752 2752 ἡ
3797 2690 3835 2744 δε

2317 2792 2557 2862 ὁμοιότης
2583 2789 2642 2842 οὔ
2669 2791 3000 2841 παντάπασιν
3034 2787 3453 2863 ἀπαράλλακτος.

2386 3046 2604 3094 Μείνατε
2640 3072 2698 3079 -
2730 3037 2848 3112 ἐμῇ.
2880 3036 3038 3091 Πάλιν
3070 3036 3375 3111 ἐπισφίγγει
3401 3037 3597 3097 αὐτούς.

2388 3219 2504 3273 Ἐὰν
2549 3250 2616 3260 -—-
2663 3217 2861 3290 ἀγάπῃ.
2916 3223 3015 3269 Καὶ
3072 3225 3175 3277 πῶς
3224 3215 3589 3281 ἀποθνήσκεις,
3637 3217 3738 3264 ὼσεί
3775 3211 3836 3259 sive

2318 3313 2515 3383 θρωπος
2561 3307 2889 3375 ἀϐοήθητοςς
2940 3312 3081 3358 Διοτι
3136 3306 3267 3358 θέλει
3324 3314 3476 3357 τοῦτο
3529 3304 3660 3355 καὶὸ
3706 3304 3833 3367 nm;

2314 3398 2459 3471 κάγὼ
2506 3402 2629 3472 ὑπὲρ
2684 3405 2778 3458 τῆς
2839 3400 3095 3469 σωτηρίας
3151 3404 3253 3447 τῶν
3316 3394 3603 3469 ἀνθρώπων,
3651 3392 3737 3443 ἐπεὶ
3773 3392 3835 3437 καὶ

2317 3486 2473 3552 δόξαν
2528 3492 2583 3540 τὸ
2647 3493 2865 3561 πρᾶγμα
2923 3488 3147 3558 ἡγημαι.
3200 3484 3409 3558 Ὠσπερ
3453 3480 3534 3535 οὖν
3583 3482 3684 3553 ἐγὼ,
3722 3478 3835 3531 οὕτως

2317 3577 2647 3650 ἀγαπώμενος
2688 3578 2788 3627 ὑπό
2842 3582 2933 3627 τοῦ
2992 3578 3209 3649 Πατρός,
3282 3577 3424 3637 ὅμως
3473 3571 3743 3628 ἀποθνήσκω
3782 3560 3832 3615 δι’

2312 3670 2448 3740 ὑμᾶς
2474 3688 2484 3699 ·
2512 3666 2647 3718 οὕτω
2671 3670 2761 3716 καὶ
2800 3666 2965 3736 ὑμεῖς.
3022 3664 3186 3723 οὕτως
3240 3661 3568 3735 ἀγαπώμενοι
3598 3658 3702 3730 παρ’
3728 3654 3832 3714 ὶμθάν

2312 3758 2451 3829 ὅμως
2505 3755 2846 3807 ἀποθανεῖσθε
2909 3750 2983 3805 δι’
3041 3755 3144 3824 ἑμέ.
3220 3752 3353 3804 Κατ’
3425 3746 3646 3803 εὐδοκίαν
3703 3748 3779 3815 γὰρ
3817 3760 3833 3789 ο

2311 3853 2544 3906 τοιοῦτος
2623 3846 2858 3909 θάνατος,
2940 3842 2998 3894 οὐ
3052 3844 3185 3893 κατὰ
3261 3840 3588 3913 ἀποστροφὴν
3648 3837 3671 3893 ἦ
3728 3832 3834 3884 ἀσϐέ-

2308 3953 2464 3987 νειαν.

2379 4030 2557 4075 Ταῦτα
2601 4053 2663 4063 -
2693 4026 2863 4093 μείνῃ.
2912 4027 3091 4073 Ταῦτα
3119 4023 3184 4071 τά
3238 4020 3637 4093 παραμυθητικά
3676 4013 3829 4087 pip!”

2308 4112 2564 4169 λελάληκα
2594 4112 2713 4183 ὑμῖν
2769 4110 3063 4182 ἀνιωμένοις
3114 4108 3197 4161 ἐπὶ
3226 4118 3299 4179 τῷ
3364 4110 3555 4178 θανάτῳ
3582 4123 3687 4177 μου,
3730 4102 3825 4150 ἶναῖ

2308 4204 2457 4274 χαρὰ
2510 4203 2538 4258 ἡ
2594 4196 2668 4251 δι’
2721 4198 2826 4271 ἐμὲ,
2880 4199 2938 4256 ἣν
2992 4198 3229 4272 ἐχαίρετε
3284 4198 3366 4250 ἐπ’
3427 4197 3535 4269 ἐμοὶ
3583 4197 3721 4266 μέχρι
3763 4194 3827 4236 τῶν

2314 4293 2633 4365 σκυθρωπῶν
2664 4293 2877 4355 τούτων,
2910 4293 2981 4361 μὴ
3018 4288 3302 4361 ἀφανισθῇ,
3348 4287 3473 4339 ἀλλὰ
3504 4285 3547 4336 ἐν
3589 4285 3692 4355 ὑμῖν
3721 4281 3821 4349 pii“?

2313 4378 2699 4453 βεϐαιωθεῖσιν,
2754 4377 2968 4431 ὅτιούκ
3015 4377 3200 4450 ἀφήσω
3255 4380 3395 4451 ὑμᾶς
3452 4375 3694 4450 ὀρφανοὺς,
3742 4376 3825 4415 ωε

2308 4469 2462 4522 πάλιν
2493 4470 2719 4545 ἔρχομαι
2741 4472 2865 4542 πρός
2894 4469 3049 4540 ὑμᾶς.

2381 4656 2482 4705 Καὶ
2520 4648 2591 4691 -’
2608 4649 2878 4725 πληρωθῇ.
2915 4652 3015 4702 Καὶ
3047 4647 3129 4700 ἶνα
3158 4648 3187 4706 ἡ
3230 4650 3383 4719 χαρὰ
3426 4647 3560 4718 ὑμῶν
3601 4644 3627 4699 ἡ
3665 4634 3817 4704 ἐπ’ἐλαθὶ

2308 4740 2578 4814 πληρωθῇ,
2608 4742 2677 4801 ὡς
2714 4738 2761 4791 ἐν
2819 4738 2961 4814 ἀρχῇ
2996 4738 3155 4798 αὐτῆς
3186 4733 3557 4811 προσεδοκᾶτε,
3606 4730 3819 4789 ἐλπίζοντες

2309 4830 2386 4883 ἀεί
2418 4849 2507 4903 μοι
2538 4836 2780 4883 σννείναι.

2380 5008 2521 5067 Αὕτη
2600 5038 2668 5048 -
2734 5005 2889 5080 ὑμᾶς.
2967 5003 3079 5059 Ἰνα
3143 5001 3382 5077 ἀγαπᾶτε
3453 4999 3676 5057 ἀὶλήλους
3725 4989 3811 5085 θῦῖν

2312 5095 2571 5171 σφοδρῶς,
2605 5100 2674 5159 ὡς
2698 5102 2786 5148 καὶ
2817 5098 2941 5168 ὑπὲρ
2973 5094 3201 5152 ἀλλήλων
3232 5091 3572 5151 ἀποθνήσκειν
3590 5105 3601 5116 ⁸
3626 5084 3727 5138 οὕτω
3747 5090 3810 5148 7αρ

2307 5187 2452 5260 κάγὼ
2492 5188 2750 5259 ἠγάπησα
2795 5186 2951 5259 ὑμᾶς,
2982 5186 3053 5248 ὡς
3081 5187 3171 5236 καὶ
3216 5183 3339 5257 ὑπερ
3373 5183 3512 5257 ὑμῶν
3554 5176 3809 5231 ἀποθνήσκω

1762 5389 1980 5460 Variae
2022 5390 2344 5466 lectiones
2377 5401 2444 5463 et
2490 5401 2693 5462 notae.

614 5577 742 5663 (ηπ)
785 5575 1076 5653 Quadrat.
1105 5578 1351 5655 Similis,
1385 5597 1510 5642 non
1547 5581 1863 5649 absimilis.
