4022 6232
139 247 277 306 1413

1191 233 1551 302 COMMENT.
1596 234 1665 299 IN
1704 232 2050 300 JOANNEM.
2094 268 2161 286 ε-
2203 238 2363 301 CAP.
2410 238 2530 300 XV.
3360 239 3505 302 1414

139 372 269 435 ἠδη.
329 381 569 444 Συνεχως
626 366 685 425 δε
749 371 814 424 τὰ
883 379 1100 425 τοιαῦτα
1163 371 1316 444 λέγει,
1379 371 1735 435 ἀπερίληπτον

1875 369 2024 428 robis
2041 370 2171 442 jam
2196 368 2445 427 moriar.
2469 369 2832 442 Frequenter
2861 373 3064 429 autem
3084 367 3228 429 talia
3256 369 3418 439 dicit,
3440 375 3508 428 ut

136 473 255 527 ταῖς
282 460 532 538 καρδίαις
562 461 728 513 αὐτῶν
760 459 1085 532 ἐγκολάπτων
1111 466 1204 520 τὴν
1232 460 1458 533 ἀγάπην.

206 553 346 629 Ὀρα
385 549 444 604 δὲ
494 553 790 623 θαυμασίαν
838 553 1038 625 σειράν’
1083 548 1347 604 δέδεικται
1400 554 1498 623 γὰρ
1554 553 1632 603 ὃτι
1682 554 1738 603 τὸ

127 651 310 717 ομείναι
356 641 403 694 ἐν
439 649 512 712 τῷ
565 648 778 713 Χριστῴ
817 645 1015 711 γίνεται
1047 641 1149 692 ἀπὸ
1185 648 1274 692 τοῦ
1305 639 1511 712 ἀγαπᾷν
1564 641 1737 694 αὐτόν⁹

137 736 198 786 τὸ
266 729 326 784 δε
377 729 584 800 ἀγαπᾷν
635 729 790 780 αὐτόν
869 727 968 780 ἀπὸ
1019 738 1110 781 τοῦ
1163 731 1254 791 τὰς
1311 728 1515 790 ἐντολὰς
1582 731 1742 782 αὐτοῦ

137 827 334 893 τηρείνο
377 821 406 877 ἡ
467 818 640 876 iurem
689 815 748 870 δὲ
795 819 975 885 αὐτοῦ,
1029 821 1109 870 ἱνα
1153 817 1430 890 ἀγαπῶμεν
1471 817 1739 881 ἀλλήλους*

139 913 276 962 ὥστε
306 913 365 960 τὸ
415 906 621 980 ἀγαπᾷν
667 905 915 969 ἀλλήλους
952 913 1117 980 μένειν
1162 907 1209 959 ἐν
1238 916 1306 978 τῷ
1337 913 1554 982 Χριστῷ
1608 908 1742 974 ἐστι,

730 1001 857 1050 Θεὸν

140 1004 228 1052 καὶ
301 998 508 1070 ἀγαπᾷν
582 1001 667 1050 τόν
730 1001 857 1050 Θεὸν
941 996 1071 1062 ἐστι,
1140 1003 1229 1050 καὶ
1308 997 1747 1070 ἀναπεπλεγμέναι

138 1091 272 1162 πρὸς
332 1087 553 1149 ἀλλήλας
620 1087 750 1139 εἰσὶν
804 1091 834 1146 ἣ
913 1107 965 1140 τε
1026 1091 1154 1160 πρὸς
1213 1090 1340 1140 Θεὸν
1394 1093 1484 1142 καὶ
1535 1090 1564 1146 ἠ
1620 1093 1746 1162 πρὸς

139 1178 396 1238 ἀλλήλους
472 1176 668 1248 ἀγάπη.
747 1176 914 1228 Εἰπὼν
979 1173 1036 1229 δὲ
1106 1179 1186 1229 ὅτι
1260 1178 1428 1238 καθὼς
1491 1178 1749 1249 ἠγάπησα

138 1269 298 1338 ὑμᾶς,
331 1263 519 1329 ἔδειξεν
551 1267 630 1318 ὅτι
661 1265 911 1327 ἑκουσίως
943 1264 1262 1324 ἀποθνήσκει
1288 1263 1380 1318 διὰ
1416 1272 1510 1325 τὴν
1543 1266 1748 1340 ἀγάπην

138 1357 310 1408 αὐτῶν
318 1399 330 1408 .

212 1445 442 1505 Μείζονα
491 1474 556 1483 —
595 1443 775 1498 αὐτοῦ.
810 1445 1037 1504 Μείζονα
1088 1447 1280 1506 ταύτης
1331 1454 1426 1506 τῆς
1481 1446 1616 1498 οὕτω
1664 1466 1747 1519 με·

135 1534 309 1606 γάλης
366 1536 436 1594 ὡς
487 1538 578 1585 καὶ
627 1537 720 1591 τὴν
763 1532 951 1605 ψυχὴν
1008 1533 1208 1606 ἀφεῖναι
1257 1538 1382 1610 ὑπὲρ
1438 1545 1534 1588 τῶν
1567 1536 1744 1607 φίλων,

135 1627 316 1684 καθὼς
367 1621 464 1694 ἐγὼ
516 1630 650 1675 ποιῶ
703 1630 812 1676 νῦν.
865 1627 1058 1676 Λοιπὸν
1107 1621 1194 1676 οὖν
1234 1624 1327 1676 οὐκ
1376 1624 1429 1688 ἐξ
1484 1623 1748 1688 ἀσθενείας

1852 460 2136 517 cordibus
2162 476 2372 517 eorum
2398 459 2751 518 charitatem
2772 459 3162 518 indelebiliter
3189 460 3507 534 insculpat.

1921 550 2062 606 Vide
2101 555 2301 607 autem
2342 550 2771 608 admirandum
2807 550 3114 608 vinculum
3145 566 3160 617 ;
3212 550 3508 624 siquidem

1851 644 2158 696 ostensum
2205 645 2314 705 est,
2356 639 2520 712 quod
2574 641 2812 698 mansio
2855 640 2918 697 in
2959 638 3192 698 Christo
3243 641 3514 712 procedit

1853 745 1925 784 ex
1954 729 2085 800 ejus
2142 729 2457 785 dilectione
2509 734 2566 786 et
2614 729 3027 788 observatione
3081 729 3510 786 mandatorum

1852 817 2045 887 illius;
2081 822 2446 890 praeceptum
2469 835 2606 876 vero
2638 819 2767 892 ejus
2799 824 2906 882 est,
2935 824 2999 875 ut
3053 817 3372 889 diligamus
3403 833 3515 874 nos

1858 907 2128 963 invicem.
2173 909 2378 980 Itaque
2407 907 2649 978 diligere
2664 924 2777 966 nos
2795 908 3053 966 invicem
3070 914 3163 964 est
3189 907 3249 963 in
3283 907 3514 965 Christo

1858 1011 2102 1051 manere
2118 1013 2131 1062 ;
2147 1001 2205 1051 et
2223 1012 2462 1053 servare
2481 997 2578 1054 Dei
2602 1002 2922 1070 praecepta,
2937 1003 3027 1054 est
3043 996 3287 1068 diligere
3303 997 3515 1064 Deum;

1858 1089 2116 1158 suntque
2143 1085 2294 1140 inter
2321 1101 2385 1141 se
2407 1101 2691 1142 connexus
2749 1085 2984 1143 dilectio
3031 1101 3170 1159 qum
3226 1088 3315 1142 est
3373 1100 3520 1156 ergo.

1860 1177 2067 1241 Deum,
2084 1179 2141 1230 et
2159 1191 2296 1249 qum
2317 1180 2405 1232 est
2427 1190 2570 1245 erga
2589 1192 2698 1232 nos
2716 1177 2992 1234 invicem.
3020 1176 3230 1233 Dicens
3263 1180 3464 1233 autem
3500 1189 3516 1230 :

1858 1264 2021 1321 Sicut
2047 1265 2370 1331 dilexivos,
2399 1265 2661 1323 ostendit
2689 1266 2856 1339 quod
2898 1265 3235 1323 voluntarie
3284 1267 3522 1337 propter

1858 1352 2096 1410 illorum
2142 1355 2524 1412 dilectionem
2558 1356 2868 1413 moriatur.

1928 1444 2092 1499 Vers.
2134 1445 2222 1500 13.
2254 1445 2543 1515 Majorem
2575 1475 2644 1486 —-
2673 1447 2814 1502 suis.
2869 1445 3152 1519 Majorem
3198 1443 3336 1510 hac,
3382 1459 3518 1517 qum

1860 1533 2012 1590 adeo
2058 1549 2345 1604 magnam
2373 1539 2482 1601 est,
2517 1539 2579 1591 ut
2607 1535 2787 1591 etiam
2818 1535 3024 1592 anima
3053 1551 3160 1608 pro
3187 1535 3398 1592 amicis
3426 1549 3519 1590 re-

1861 1622 2111 1695 linquat,
2174 1624 2325 1680 sicut
2371 1638 2482 1696 ego
2529 1639 2692 1680 nunc
2747 1623 2924 1682 facio.
2988 1625 3196 1698 Itaque
3244 1641 3370 1682 non
3445 1639 3520 1680 ex

138 1713 294 1786 ἐμῆς,
349 1711 453 1764 ἀλλ’
519 1711 574 1775 ἑξ
637 1711 846 1783 ἀγάπης
900 1714 1040 1784 ὑμῶν
1095 1712 1424 1781 ἀποθνήσκω,
1473 1720 1563 1768 καὶ
1615 1715 1745 1768 οἰκο·

1875 1711 2281 1776 .mbecillitate,
2305 1713 2408 1769 sed
2441 1728 2514 1768 ex
2553 1712 2734 1770 vestri
2787 1713 3103 1770 dilectione
3150 1713 3396 1783 morior,
3446 1728 3519 1769 ac

136 1810 366 1870 νομικῶς
425 1802 568 1874 ὑμῶν
643 1802 968 1875 χωρίζομαι,
1027 1808 1118 1855 καὶ
1164 1808 1235 1875 μὴ
1289 1802 1552 1876 ἀθυμεῖτε.
1605 1806 1750 1857 Ἐπεὶ

141 1889 206 1944 δὲ
253 1891 425 1963 scf/.09;
455 1890 614 1943 αὐτοῦ
649 1891 761 1961 (28)
811 1888 1138 1958 ὑπεδήλωσε,
1170 1891 1304 1964 λέγει
1352 1901 1458 1954 πῶς
1488 1894 1590 1946 εἰσι
1617 1893 1751 1966 φῦιοι

142 1981 310 2032 αὐτοῦ
320 2020 331 2032 .

215 2069 382 2141 Ὑμεῖς
437 2101 503 2109 -
566 2070 706 2141 ὑμῖν.
779 2067 850 2120 Ὠ
923 2077 1014 2130 τῆς
1094 2068 1398 2124 ἀνεικάστου
1465 2071 1750 2146 φιλανθρω-

141 2158 319 2220 πίαςῐ
382 2157 454 2231 ἐφ’
507 2159 652 2230 ἡμῶν
704 2161 794 2230 μὲν
862 2159 956 2210 οὐκ
1014 2160 1074 2211 ἄν
1133 2165 1256 2212 ποτέ
1308 2180 1384 2221 τις
1433 2164 1520 2214 τὸν
1568 2162 1748 2233 εὗγνώ⁸

139 2268 281 2320 μονα
311 2243 495 2300 δοῦλον
537 2252 735 2320 ποιήσῃ
787 2247 951 2319 φίλονο
1010 2248 1035 2299 ό
1077 2245 1134 2301 δὲ
1185 2253 1414 2322 Χριστός
1459 2256 1549 2303 καὶ
1601 2259 1750 2303 τοῦτο

137 2344 304 2404 ποιεῖ,
357 2335 544 2409 μᾶλλον
605 2332 664 2388 δε
712 2340 799 2387 καὶ
861 2333 1078 2409 ἀδελφὸν
1146 2338 1302 2389 αὐτόν
1376 2336 1745 2414 ἀπεργάζεται·

139 2425 529 2496 Ἀπαγγείλατε
591 2426 713 2498 γὰρ,
787 2431 938 2497 φησὶ,
1007 2433 1111 2487 τοῖς
1178 2423 1421 2498 ἀδελφοῖς
1491 2447 1611 2493 μου,
1669 2435 1752 2481 ἵνα

140 2513 438 2566 ἀπέλθωσιν
511 2513 578 2574 εἰς
651 2519 742 2572 τὴν
819 2513 1112 2567 Γαλιλαίαν
1165 2523 1255 2568 καὶ
1304 2518 1522 2569 υἱοθετεῖ
1569 2526 1750 2571 τοῦτον

140 2612 218 2674 τῷ
272 2608 460 2676 Πατρὶ,
493 2607 582 2655 καὶ
624 2605 853 2674 καθιστᾷ
892 2603 1310 2680 συγκληρονόμον
1354 2615 1445 2666 τῆς
1477 2604 1752 2678 βασιλείας

139 2701 245 2745 τῶν
273 2692 524 2766 οὐρανῶν.

219 2781 331 2834 Οὔκ
382 2784 455 2833 ἔτι
509 2812 580 2822 —
635 2777 869 2843 δούλους.
933 2789 1032 2835 Καὶ
1069 2787 1194 2850 πότε
1245 2783 1430 2844 αὐτοὺς
1478 2792 1583 2838 εἰπε
1623 2782 1752 2838 δού-

141 2871 305 2939 λους;
344 2869 466 2922 Ὀτε
523 2867 796 2924 διδάσκων
847 2871 1172 2925 ἀπεκάλυπτε
1219 2877 1312 2931 τήν
1355 2873 1592 2936 ἐξουσίαν
1658 2882 1750 2936 τῆς

145 2960 334 3012 ἑαυτοῦ
385 2961 645 3022 θεότητος.
704 2967 803 3014 Καὶ
881 2960 1152 3035 προλαϐών
1234 2958 1292 3015 δὲ
1363 2963 1518 3015 εἶπεν·
1582 2963 1752 3036 Ὑμεῖς

1860 1800 2290 1873 dispensatorie
2317 1818 2354 1858 a
2383 1802 2552 1858 vobis
2579 1818 2820 1875 separor
2860 1802 3076 1870 ;nolite
3106 1819 3250 1874 ergo
3299 1802 3520 1860 contri-

1859 1890 2019 1945 stari.
2044 1890 2270 1962 thuia
2296 1891 2524 1946 amicos
2549 1907 2650 1948 eos
2681 1892 2961 1958 ostendit,
2986 1907 3148 1948 nunc
3176 1892 3353 1949 etiam
3378 1890 3520 1948 dicit

1857 1980 2166 2052 quomodo
2198 1980 2317 2036 sint
2336 1979 2518 2037 amici
2557 1981 2668 2036 sui.

1929 2069 2095 2124 Vers.
2129 2069 2217 2136 14,
2257 2071 2366 2126 Vos
2395 2100 2459 2111 —
2513 2070 2688 2127 vobis.
2737 2071 2780 2128 Ο
2836 2070 3376 2143 incomparabilem
3405 2069 3519 2126 hu-

1859 2157 2232 2214 manitatem!
2261 2161 2578 2232 Nunquam
2600 2160 2905 2232 quispiam
2928 2177 3171 2217 servum
3188 2161 3516 2230 benignum

1857 2246 1996 2301 facit
2019 2246 2132 2302 sibi
2154 2247 2418 2302 amicum
2447 2265 2460 2314 ;
2490 2249 2752 2304 Christus
2792 2255 2990 2305 autem
3018 2250 3196 2304 etiam
3217 2251 3330 2304 hoc
3354 2247 3516 2313 facit,

1858 2336 2052 2405 magis
2068 2341 2266 2391 autem
2282 2344 2338 2391 et
2350 2335 2589 2393 fratrem
2605 2353 2744 2393 eum
2761 2336 2966 2393 efﬁcit:
2981 2338 3288 2404 Nuntiate,
3303 2337 3515 2409 inquit,

1852 2424 2150 2495 fratribus
2165 2425 2308 2482 meis
2330 2433 2393 2481 ut
2407 2427 2626 2483 abeant
2649 2427 2713 2482 in
2739 2426 3051 2483 Galilaeam
3066 2428 3113 2462 ⁵ο
3140 2442 3154 2494 ;
3173 2431 3351 2499 atque
3363 2425 3519 2481 Patri

1857 2514 2018 2570 hunc
2044 2515 2105 2569 in
2146 2514 2353 2571 Filium
2394 2515 2650 2584 asciscit,
2705 2516 3005 2589 simulque
3035 2516 3198 2586 regni
3237 2515 3519 2572 caelorum

1859 2603 2155 2660 haeredem
2181 2604 2502 2661 constituit.

1930 2781 2096 2837 Vers.
2132 2782 2218 2836 15.
2261 2784 2401 2838 Jam
2444 2797 2559 2838 non
2603 2813 2672 2822 —
2718 2797 2933 2839 servos.
2994 2783 3062 2837 Et
3083 2781 3330 2854 quando
3385 2782 3515 2838 illos

1860 2871 2028 2936 dixit,
2061 2871 2306 2928 servos?
2334 2870 2590 2936 Quando
2619 2873 2843 2928 docens
2873 2870 3212 2927 occultabat
3239 2872 3349 2943 (oo)
3390 2887 3515 2928 suae

1862 2959 2190 3016 divinitatis
2248 2961 2596 3033 potentiam.
2655 2961 2720 3017 In
2795 2959 3263 3034 praecedentibus
3335 2961 3518 3018 etiam

146 3052 359 3120 φωνεῖτέ
397 3068 460 3120 με
505 3051 531 3100 ό
585 3052 773 3124 Κύριος
820 3056 910 3103 καὶ
963 3053 988 3102 ό
1041 3047 1386 3113 διδάσκαλος
1443 3056 1532 3105 καὶ
1587 3052 1749 3114 καλῶς

1875 3049 2035 3106 iixit:
2055 3050 2163 3106 Vos
2173 3052 2391 3107 vocatis
2403 3065 2494 3106 me
2512 3049 2816 3106 dominum
2828 3057 2886 3106 et
2896 3049 3331 3121 magistrum,et
3349 3051 3518 3108 bene-

139 3138 334 3210 ).s's/sre'
378 3138 483 3211 εἰμὶ
511 3141 632 3212 γάρ.

216 3226 338 3279 ’Ὁτι
369 3259 434 3266 -
461 3231 667 3303 Κύριος.
695 3233 760 3281 Τί
783 3235 922 3281 ποιεῖ
949 3227 1260 3304 ἀπορῥητον.

214 3315 373 3388 Ὑμᾶς
435 3348 492 3357 --
542 3318 682 3388 ὑμῖν.
741 3317 1050 3389 Ἀνὴγγειλα
1086 3320 1208 3391 ὑμῖν
1251 3321 1320 3380 ὡς
1363 3319 1530 3392 φίλοις
1558 3322 1747 3388 πάντα,

140 3407 246 3458 ὅσα
301 3402 568 3463 ἠδύνασθε
632 3404 921 3478 βαστάζειν
1005 3404 1267 3478 δηλονότι,
1353 3410 1452 3461 ὅσα
1527 3408 1749 3462 ἀκοῦσαι

138 3496 282 3567 ὑμᾶς
310 3495 458 3554 εἰκός.
490 3501 573 3565 Τῷ
604 3495 732 3567 φίλῳ
761 3499 859 3569 γάρ
914 3516 1013 3561 τις,
1045 3495 1102 3548 οὖ
1143 3505 1215 3568 τῷ
1265 3492 1452 3570 δούλῳ,
1485 3517 1749 3552 καταπισ-

136 3585 282 3637 τεύει
311 3585 373 3635 τά
403 3582 692 3658 ἀπόρῥητα.

216 3767 324 3816 Καὶ
370 3767 473 3836 μὴν
523 3761 758 3837 ἀνωτέρω
804 3763 978 3816 εἰπὼν
1044 3762 1213 3836 Ὑμεῖς
1271 3765 1408 3838 φίλοι
1455 3769 1555 3839 μού
1611 3766 1746 3835 ἐστε,

139 3854 228 3906 ἐάν
302 3860 484 3910 ποιῆτε
545 3854 645 3904 ὅσα
727 3853 828 3923 ἐγὼ
917 3851 1206 3926 ἐντέλλομαι
1290 3856 1429 3926 ὑμῖν·
1523 3855 1750 3927 ἐνέφηνεν

137 3946 225 3995 ὅτι
251 3945 398 3994 οὔπω
445 3942 592 4008 εἰσὶν,
628 3940 756 3994 ἀλλά
804 3947 916 3994 τότε
964 3943 1094 3996 εἰσὶν
1135 3945 1218 3996 ὅτε
1257 3952 1489 3996 ποιούσιο
1524 3954 1631 4006 πῶς
1663 3941 1750 3997 οὖν

140 4032 373 4084 ἐνταῦθά
424 4050 600 4100 φησιν·
666 4030 825 4103 ’Υμᾶς
882 4029 940 4084 δι
984 4036 1168 4105 εἴρηκα
1213 4032 1410 4104 φίλους,
1467 4034 1547 4086 ὅτι
1586 4035 1753 4086 πάντα

139 4121 177 4172 οἱ
235 4123 449 4178 ἤκουσα
516 4123 660 4194 παρά
705 4128 796 4172 τοῦ
869 4126 1071 4194 Πατρός
1126 4141 1227 4194 μου
1291 4120 1549 4195 ἐγνώρισα
1594 4125 1748 4195 ὑμίν;

137 4213 214 4263 Τὸ
273 4208 409 4275 ἐστὶ,
461 4207 574 4261 ἀντὶ
632 4217 723 4262 τοῦ
769 4207 1054 4283 διαμένετε,
1087 4215 1296 4279 νόησον,
1331 4212 1411 4263 ὅτι
1460 4213 1599 4272 όντες
1642 4207 1750 4270 ἠδη

138 4304 237 4352 καὶ
302 4298 368 4358 εἰς
409 4301 468 4350 τὸ
530 4298 646 4361 ἑξῆς
699 4295 986 4372 διαμένετε,
1024 4298 1108 4352 ἐὰν
1154 4308 1338 4360 ποιῆτε
1377 4301 1478 4352 ὅσα
1527 4299 1625 4372 ἐγὼ
1683 4299 1754 4352 ἐν-

139 4387 396 4459 τέλλομαι
433 4388 573 4461 ὑμῖν.

219 4567 354 4620 Εἶτα
376 4567 559 4624 τίθησι
579 4571 668 4619 καὶ
698 4566 818 4620 ἀλλο
843 4571 1120 4643 τεκμήριον
1140 4574 1230 4620 τοῦ
1261 4568 1400 4640 ἔχειν
1427 4566 1613 4629 αὐτοὺς
1644 4566 1757 4640 (29)

139 4653 338 4729 φίλους
360 4653 561 4710 ἑαυτοῦ.

221 4742 350 4815 Οὐχ
405 4775 474 4785 —
524 4746 678 4818 ὑμᾶς.
722 4748 869 4799 Κατά
925 4744 1188 4819 ἀπόφασιν
1227 4747 1252 4798 ὁ
1315 4745 1483 4818 λόγος,
1535 4747 1615 4800 ὅτι
1659 4744 1758 4818 ἐγὼ

221 4923 274 4958 θ’
309 4921 505 4980 Matth.
533 4939 726 4992 xxviii,
752 4927 840 4983 10.
955 4927 972 4960 ¹
1005 4926 1176 4982 Joan.
1207 4941 1328 4994 xm,
1366 4930 1447 4983 13.

1863 3138 2058 3194 dicitis
2087 3155 2101 3194 :
2130 3154 2260 3195 sum
2277 3138 2491 3195 etenim
2516 3139 2559 3193 ¹.

1931 3228 2096 3284 Vers.
2125 3232 2208 3283 t5.
2240 3228 2473 3295 Quia—
2498 3227 2794 3284 dominus.
2818 3226 2972 3293 Quid
2993 3226 3175 3284 faciat
3194 3226 3519 3284 occultum.

1933 3317 2091 3374 Vers.
2121 3321 2209 3374 15.
2245 3319 2351 3374 Vos
2381 3349 2448 3360 -
2476 3317 2654 3374 vobis.
2694 3317 3045 3373 Renuntiavi
3101 3316 3271 3373 vobis
3316 3319 3523 3376 omnia

1863 3412 2147 3480 tanquam
2177 3407 2406 3472 amicis,
2453 3421 2832 3478 quaecunque
2883 3405 3154 3464 videlicet
3207 3405 3358 3464 ferre
3418 3422 3522 3478 po-

1862 3495 2084 3564 tuistis,
2148 3511 2522 3569 quascunque
2623 3509 2867 3566 aequum
2959 3498 3106 3561 erat,
3190 3500 3254 3551 ut
3349 3496 3518 3552 audi-

1857 3586 1997 3642 retis
2025 3602 2038 3641 :
2071 3585 2265 3642 amico
2286 3599 2551 3657 namque
2590 3588 2786 3641 etnon
2815 3598 2985 3640 servo
3014 3583 3201 3640 credit
3215 3584 3518 3657 quipiam

1863 3691 2104 3732 arcana.

1930 3763 2108 3836 Atqui
2133 3762 2400 3836 superius
2431 3777 2572 3818 cum
2601 3761 2854 3821 diceret:
2894 3763 2990 3818 Vo:
3021 3761 3198 3820 amici
3221 3762 3339 3820 mei
3364 3760 3515 3830 estis,

1860 3856 1911 3910 si
1919 3853 2195 3922 feceritis,
2213 3867 2578 3925 quaecunque
2593 3867 2699 3921 ego
2709 3852 2990 3922 prweipio
3003 3852 3162 3908 vobis
3180 3855 3222 3918 ²,
3239 3852 3516 3918 ostendit,

1861 3943 2022 4014 quod
2076 3942 2350 3998 nondum
2413 3944 2602 4004 erant,
2654 3940 2759 3996 sed
2812 3940 2992 3995 futuri
3048 3945 3207 4006 tunc,
3262 3957 3401 3997 cum
3447 3956 3521 3997 ea

1865 4031 2124 4086 facerent
2176 4051 2190 4083 :
2244 4029 2555 4101 quomodo
2607 4044 2750 4097 ergo
2795 4028 2893 4084 hic
2949 4029 3031 4084 ait
3085 4045 3100 4082 :
3165 4029 3272 4085 Vos
3325 4036 3519 4086 autem

1861 4118 1990 4175 dixi
2017 4117 2256 4183 amicos,
2286 4120 2431 4189 quia
2457 4117 2660 4173 omnia
2686 4131 2820 4187 quae
2847 4115 3055 4173 audivi
3081 4132 3121 4172 a
3144 4116 3324 4174 Patre
3370 4131 3517 4182 meo,

1862 4215 2004 4264 nota
2026 4208 2150 4277 feci
2173 4207 2323 4262 vobis
2370 4204 2708 4270 iVerbum,
2749 4204 2927 4269 Estis,
2986 4203 3109 4260 sive
3169 4205 3364 4270 Eritis,
3414 4221 3524 4277 pro

1863 4295 2291 4353 Permanebitis
2316 4294 2598 4367 accipito,
2631 4309 2702 4350 ac
2741 4293 2791 4349 si
2819 4293 2979 4350 dicat
3010 4312 3023 4354 :
3058 4295 3206 4350 Cum
3223 4292 3352 4364 jam
3375 4293 3522 4362 sitis,

1864 4387 2044 4443 etiam
2081 4385 2146 4441 in
2200 4383 2469 4441 futurum
2525 4381 2978 4456 permanebitis,
3045 4381 3096 4438 si
3146 4381 3422 4452 feceritis,
3470 4387 3528 4440 et

1868 4480 2096 4533 caetera.

1939 4562 2163 4620 Deinde
2194 4567 2252 4621 et
2273 4561 2438 4620 aliud
2466 4561 2636 4635 ponit
2661 4561 2927 4635 signum,
2953 4560 3120 4634 quod
3146 4575 3248 4622 eos
3276 4558 3526 4629 haberet

1869 4654 2094 4712 amicos
2112 4669 2274 4710 suos.

1941 4745 2102 4802 Vers.
2131 4744 2220 4802 16.
2251 4743 2385 4800 Νοη
2415 4774 2480 4784 -
2519 4757 2641 4800 vos.
2673 4741 2958 4812 Negative.
2985 4740 3112 4814 (pp)
3141 4756 3341 4800 sermo
3391 4755 3523 4814 pro-

1583 4928 1604 4962 ²
1632 4927 1803 4984 Joan.
1832 4941 1932 4992 xv,
1958 4926 2046 4982 14.

1388 5103 1607 5175 Variae
1636 5104 1966 5175 lectiones
1991 5113 2059 5173 et
2084 5110 2287 5173 notae.

221 5297 339 5372 (28)
391 5293 603 5371 Αὖτούς,
654 5303 724 5358 Α.
785 5299 872 5358 lta
909 5301 1250 5360 Hentenius.
1299 5303 1430 5362 Mox
1475 5302 1556 5361 ad
1581 5302 1766 5360 ﬁnem

119 5385 365 5428 versus
393 5372 459 5426 15
489 5377 814 5447 utrumque
835 5374 1240 5447 conjungitur.

221 5546 916 5632 (oo)‘0ccuttabat“lmo,
949 5551 1277 5632 aperiebat,
1315 5552 1630 5612 revelabat.
1671 5547 1763 5611 Vis

119 5619 328 5679 detur
354 5619 570 5688 legisse
595 5620 930 5679 ἐπεκάλυπτε.

221 5692 357 5767 (pp)
369 5693 673 5766 Negative,
689 5700 798 5754 etc.
817 5695 1179 5755 Sententiam
1190 5696 1437 5772 quidem
1451 5696 1759 5772 expressit;

1948 5300 2062 5376 (29)
2086 5300 2285 5362 sane;
2313 5296 2530 5358 omittit
2553 5297 2626 5356 B.

1871 5549 1975 5607 sed
2005 5566 2041 5607 a
2097 5546 2302 5606 Graeco
2357 5546 2622 5606 recessit.
2681 5543 3076 5620 Κατ’ἁπόφασιν
3141 5550 3231 5620 est
3277 5543 3521 5620 directe,

1871 5624 2114 5680 Rectum
2144 5628 2227 5678 est
2247 5620 2722 5691 pronuntiatum,
2753 5625 2912 5677 recte
2925 5613 3368 5691 pronuntiavit.
3411 5617 3527 5688 Qui

1871 5696 2032 5752 enim
2061 5689 2388 5765 interrogat
2412 5690 2661 5769 obliqua
2678 5691 2916 5749 videtur
2938 5689 3203 5750 oratione
3223 5691 3332 5752 uti.
