4022 6232
138 269 288 340 441³1

1144 260 2494 335 COMMENT.lNJOANNEM.—-CAP.XV.

3376 261 3518 334 itis

139 412 248 482 μού
280 407 415 460 ἐστι.
448 403 749 477 Εὗψυχεῖτε
778 399 865 457 οὖν
891 403 959 458 τὰ
985 405 1142 476 ὅμοια
1170 413 1242 476 τῷ
1273 401 1584 476 διδασκάλῳ
1604 405 1749 456 πάσ-

1878 407 1965 472 ast,
2000 407 2064 458 ut
2091 401 2140 456 si
2171 401 2293 473 (qq)
2326 400 2441 456 mei
2469 398 2610 457 estis
2638 399 2933 473 discipuli,
2963 400 3128 460 bono
3154 401 3279 460 sitis
3307 404 3512 460 animo

138 515 333 570 χοντες
361 499 451 548 καὶ
471 497 586 547 κατ’
616 498 767 568 ἴχνος
790 493 1186 556 ἀκολουθοῦντές
1213 514 1324 566 μοι.

224 675 285 726 Εἰ
337 705 404 716 -
464 678 784 746 τηρήσουσι.
852 678 992 730 Μὴτε
1058 670 1364 744 διωκόμενοι
1425 668 1748 742 δυσφορείτε,

140 769 282 837 μήτε
331 771 422 814 τοῦ
478 763 632 834 λόγου
686 765 828 834 ὑμῶν
881 762 1242 834 ἀθετουμένου.
1297 761 1359 814 ⁴Α
1407 763 1507 833 γὰρ
1552 760 1624 820 εἰς
1667 758 1752 830 ἐμὲ

140 850 481 916 ἐνεδείξαντο,
560 860 727 905 ταῦτα
795 856 884 903 καὶ
955 851 1023 911 εἰς
1087 853 1217 924 ὑμᾶς
1275 847 1607 912 ἐνδείξονται,
1660 853 1749 899 καὶ

138 945 406 1016 ’Δρκετόν,
439 946 592 1014 φησὶ,
631 949 702 1012 τῷ
760 937 950 1012 δούλῳ,
1001 941 1084 992 ἵνα
1127 945 1338 1012 γένηται
1389 942 1456 1001 ὡς
1495 941 1521 990 ὁ
1579 941 1752 1011 κύριος

139 1031 330 1084 αὐτοῦ.

217 1118 375 1172 Ἀλλὰ
403 1151 470 1159 —
509 1139 630 1192 μου.
653 1127 832 1172 Ταῦτα
861 1121 1049 1185 πάντα,
1082 1115 1355 1180 διώκοντες
1397 1114 1628 1184 δηλαδὴ,
1661 1123 1751 1171 καὶ

136 1211 233 1260 τόν
279 1208 428 1280 λόγον
471 1211 612 1281 ὑμῶν
650 1213 722 1282 μὴ
772 1217 1065 1283 τηροῦντες.
1123 1208 1182 1260 Ei
1239 1208 1326 1260 οὖν
1384 1206 1618 1278 ἀγαπᾶτέ
1663 1226 1746 1280 με,

135 1302 413 1370 χαρήσετε
448 1299 670 1363 πάντως,
724 1300 806 1351 ὅτι
863 1296 936 1351 δι’
993 1297 1078 1370 ἐμὲ
1135 1304 1300 1350 ταῦτα
1343 1299 1601 1367 πάσχετε,
1642 1295 1749 1348 ἐπεὶ

137 1385 295 1457 κόιγὼ
323 1383 398 1438 δι’
448 1387 583 1458 ὑμᾶς
615 1403 628 1416 ’
670 1392 759 1440 καὶ
806 1389 953 1459 ὑμεῖς
999 1390 1088 1459 μὲν
1137 1389 1262 1461 υπὲρ
1311 1390 1589 1452 Δεσπότόυ,
1649 1384 1748 1457 ἐγὼ

140 1471 205 1526 δὲ
236 1476 364 1550 ὑπὲρ
397 1471 615 1532 δούλων,
650 1475 776 1529 Εἶτα
803 1479 984 1534 τίθησι
1014 1481 1103 1528 καὶ
1128 1475 1286 1534 οἴλλην
1318 1477 1674 1550 παραμυθίαν.

1861 491 1938 547 ad
1971 489 2192 546 similia
2219 505 2358 544 cum
2408 493 2770 562 prmeeptore
2799 489 3159 559 suﬂ‘erenda,
3193 496 3250 550 et
3288 507 3388 566 per
3415 507 3516 550 ve-

1862 581 2034 651 stigia
2060 595 2156 636 me
2188 579 2584 650 sequendum.

1931 670 2100 726 Vers.
2135 673 2223 724 20.
2252 668 2316 722 Si
2343 699 2406 708 —
2435 668 2780 726 servabunt.
2835 670 3039 743 Neque
3082 672 3338 741 graviter
3365 672 3515 728 fera-

1861 760 1950 828 tis,
1985 758 2147 830 quod
2179 773 2286 812 vos
2320 764 2776 829 persequantur,
2803 764 2905 814 aut
2935 760 3100 831 quod
3119 766 3343 816 vestros
3375 777 3513 816 con-

1862 853 2124 904 temnant
2155 862 2464 902 sermones
2493 866 2506 899 :
2536 863 2673 919 quae
2695 847 2855 903 enim
2892 847 2952 904 in
2976 865 3072 905 me
3103 850 3509 915 ostenderunt,

1861 937 1988 992 hinc
2006 938 2181 992 etiam
2199 936 2260 991 in
2274 951 2380 990 vos
2399 936 2743 992 ostendent:
2764 942 2820 993 et
2840 939 3084 1008 sufﬁcit,
3105 938 3314 1011 inquit,
3330 955 3510 1005 servo,

1860 1031 1924 1082 ut
1940 1027 2014 1084 sit
2033 1027 2181 1082 sicut
2208 1027 2476 1082 dominus
2501 1027 2628 1096 ejus
2650 1028 2693 1080 ⁸.

1931 1117 2092 1171 Vers.
2125 1119 2214 1170 21.
2247 1115 2453 1171 Sed—
2490 1130 2695 1172 meum.
2750 1117 2882 1172 Hinc
2940 1117 3161 1183 omnia,
3194 1123 3341 1189 puta
3388 1134 3514 1191 per-

1859 1210 2193 1278 sequentes,
2227 1210 2283 1260 et
2311 1219 2652 1260 sermonem
2679 1209 2943 1261 vestrum
2999 1221 3122 1262 non
3187 1213 3514 1264 servantes.

1861 1295 1919 1352 Si
1940 1309 2082 1364 ergo
2111 1293 2349 1364 diligitis
2380 1309 2482 1362 me,
2517 1293 2857 1363 gaudebitis
2887 1294 3158 1363 omnino,
3198 1297 3343 1368 quia
3388 1297 3514 1355 haec

1858 1387 2101 1456 propter
2125 1399 2220 1438 me
2262 1381 2554 1454 patimini,
2587 1382 2730 1456 quia
2773 1387 2828 1439 et
2857 1398 2969 1454 ego
3019 1391 3258 1457 propter
3283 1401 3424 1442 vos:
3458 1390 3516 1442 et

1857 1487 1964 1528 vos
2005 1472 2247 1543 quidem
2297 1486 2408 1543 pro
2473 1471 2747 1542 Domino,
2798 1487 2911 1542 ego
2964 1489 3106 1530 vero
3147 1489 3258 1547 pro
3306 1475 3510 1532 servis.

1861 1560 2074 1616 Deinde
2104 1561 2341 1632 ponitet
2362 1559 2542 1616 aliam
2573 1560 3068 1618 consolationem.

215 1651 340 1703 Ὀτι
365 1683 432 1692 —-
462 1672 545 1725 με.
573 1652 696 1706 Ὀτι
727 1653 971 1705 αθετοῡσι
1000 1655 1085 1704 τὸν
1119 1650 1494 1705 ἀποστείλαντά
1523 1672 1603 1725 με,
1631 1672 1747 1705 του-

1929 1649 2096 1704 Vers.
2126 1653 2214 1704 2t.
2251 1651 2402 1715 Quia
2451 1679 2518 1690 —
2558 1665 2665 1706 me.
2723 1650 2875 1716 Quia
2925 1655 3320 1708 contemnunt
3373 1667 3512 1710 eum

137 1744 320 1792 τέστιν
345 1740 622 1816 ὑϐρίζουσι
645 1745 731 1794 καί
777 1745 864 1794 τὸν
901 1746 1124 1812 Πατέρα.
1159 1745 1354 1793 Λοιπὸν
1391 1747 1562 1794 τοίνυν
1595 1740 1745 1813 ἀγαλο

138 1828 332 1882 λιᾶσθε
359 1829 690 1903 ὑϐριζόμενοι
715 1831 826 1901 μεθ’
858 1833 1023 1901 ἡμῶν.
1064 1828 1283 1882 Ἔπειτα
1321 1829 1598 1904 ἀποστερεῖ
1635 1835 1750 1891 τοὺς

141 1914 437 1979 Ἰουδαίους
494 1917 706 1979 ἁπάσης
764 1925 1078 1992 συγγνώμης
1145 1918 1592 1986 ἑθελοχαχουντας,
1661 1925 1750 1972 καὶ

139 2014 368 2059 τοιαῦτα
397 2005 892 2081 διαπραττομένους.

215 2186 282 2239 Εἰ
309 2217 374 2227 -
420 2187 606 2241 αὐτῶν.
657 2186 716 2238 Εἰ
759 2191 830 2258 μὴ
883 2183 1106 2249 ἐδίδαξα
1149 2187 1338 2246 αὐτοὺς
1368 2187 1627 2260 ἁμαρτίαν
1656 2187 1750 2239 οὐκ

138 2275 315 2346 εἶχον,
372 2271 639 2335 διώκοντες
667 2279 757 2326 καὶ
796 2273 1090 2346 ὑϐρίζοντες
1121 2274 1206 2348 ἐμέ
1249 2295 1302 2328 τε
1330 2281 1416 2328 καὶ
1450 2277 1580 2348 ὑμᾶς
1629 2282 1752 2340 τοὺς

139 2363 326 2437 ἐμοὺς,
353 2367 417 2424 ὡς
447 2369 579 2437 μήτε
608 2371 684 2424 τίς
713 2363 818 2435 ἕίμι
846 2363 1078 2435 λέγοντα,
1111 2370 1242 2436 μήτε
1273 2363 1374 2417 ἀπὸ
1406 2373 1504 2417 τῶν
1536 2372 1750 2442 Γραφῶν

137 2460 302 2506 τοῦτο
329 2449 650 2506 δεικνύοντα.

216 2630 278 2683 ’0
340 2660 406 2671 -
456 2637 620 2703 μισεῖ.
684 2631 958 2703 Σαφηνίζει
1009 2635 1099 2683 καὶ
1157 2631 1301 2693 αὔξει
1350 2635 1442 2690 τὴν
1494 2631 1753 2708 ἁμαρτιαν

144 2721 341 2791 αὐτῶν,
373 2718 532 2790 λέγων
581 2721 659 2772 ὅτι
696 2725 785 2772 καὶ
836 2721 865 2778 ἡ
903 2727 992 2772 τοῦ
1037 2722 1160 2773 Υἱοῡ
1209 2719 1373 2795 ὕϐρις,
1423 2729 1516 2772 τοῦ
1557 2727 1753 2796 Πατρός

145 2809 291 2862 ἐστιν
329 2807 498 2880 ὕϐρις.
551 2808 716 2861 Εἰπὼν
761 2806 821 2861 δὲ
867 2815 984 2884 περὶ
1025 2817 1118 2871 τῆς
1171 2807 1522 2871 διδασκαλίας
1569 2811 1747 2880 αὐτοῦ,

144 2899 284 2970 λέγει
305 2903 394 2950 καὶ
425 2905 538 2971 περὶ
571 2906 670 2949 τῶν
705 2903 934 2970 σημείων
967 2899 1147 2954 αὐτοῦ.

1857 1739 1957 1810 qui
1983 1753 2078 1794 me
2107 1737 2477 1806 amandavit,
2505 1739 2620 1794 hoc
2643 1744 2752 1806 est,
2776 1738 3010 1796 Patrem
3033 1756 3277 1813 quoque
3309 1747 3514 1799 contu-

1861 1827 2038 1884 melia
2066 1826 2353 1883 atﬂciunt.
2397 1827 2657 1884 Gaudete
2689 1829 2888 1900 itaque
2944 1829 3262 1886 nobiscum
3321 1830 3514 1888 affecti

1859 1917 2235 1973 contumelia.
2272 1916 2412 1972 Post
2444 1917 2573 1972 haec
2615 1917 2850 1973 Iudaeos
2883 1919 3044 1974 omni
3082 1919 3279 1990 privat
3314 1921 3511 1986 venia,

1859 2005 2022 2078 quod
2055 2005 2130 2060 de
2160 2005 2452 2062 industria
2482 2021 2799 2078 perperam
2829 2007 3055 2079 operati
3079 2008 3214 2074 sint,
3257 2007 3514 2082 taliaque

1859 2096 2346 2168 perpetraverint.

1928 2184 2090 2238 Vers.
2123 2188 2210 2238 22.
2244 2183 2306 2238 Si
2334 2215 2398 2226 —
2427 2199 2552 2240 suo.
2588 2184 2644 2241 Si
2681 2199 2804 2240 non
2835 2183 3180 2241 docuissem
3206 2200 3334 2252 eos,
3365 2201 3513 2258 pec-

1859 2277 2058 2328 catum
2093 2287 2208 2327 non
2240 2271 2532 2328 haberent
2573 2273 2994 2344 persequendo
3041 2290 3112 2329 ac
3151 2274 3517 2332 contumelia

1860 2360 2176 2417 aﬁlciendo
2233 2364 2290 2416 et
2332 2376 2429 2416 me
2477 2366 2534 2416 et
2587 2377 2714 2428 vos,
2768 2361 2874 2433 qui
2922 2362 3040 2418 mei
3105 2362 3266 2432 estis,
3313 2368 3516 2436 utpote

1860 2466 1983 2507 non
2021 2449 2315 2506 dicentem
2373 2451 2508 2522 quis
2553 2465 2769 2519 essem,
2826 2465 2936 2507 nec
3003 2449 3066 2505 id
3114 2465 3152 2508 a
3207 2450 3518 2525 Scripturis

1861 2539 2292 2596 ostendentem.

1933 2628 2097 2684 Vers.
2117 2629 2204 2684 23.
2238 2629 2351 2695 Qui
2373 2659 2442 2668 —
2471 2628 2617 2684 odit.
2663 2626 2956 2699 Explanat
2983 2631 3039 2683 et
3086 2632 3264 2698 auget
3309 2645 3519 2700 pecca-

1865 2723 1990 2775 tum
2021 2717 2246 2773 illorum
2282 2717 2506 2781 dicens,
2534 2716 2700 2788 quod
2757 2717 2879 2772 Filii
2920 2717 3159 2788 injuria,
3203 2718 3391 2774 Patris
3429 2722 3518 2776 est

1862 2808 2103 2879 injuria.
2137 2808 2456 2878 Postquam
2473 2810 2690 2862 autem
2716 2805 2866 2862 dixit
2886 2807 2958 2862 de
2980 2806 3252 2863 doctrina
3273 2822 3402 2874 sua,
3437 2808 3517 2864 di-

1864 2898 1938 2954 cit
1967 2897 2143 2953 etiam
2171 2898 2242 2952 de
2274 2895 2463 2966 signis
2503 2895 2645 2950 suis.

223 2987 286 3040 Ei
334 3018 404 3025 —-
452 2985 616 3057 εἶχον.
667 2992 767 3039 Καὶ
819 2991 976 3049 ὅντως
1033 2987 1182 3039 αὐτοὶ
1233 2989 1423 3040 τούτων
1477 2991 1748 3062 μάρτυρες,

1934 2989 2099 3043 Vers.
2134 2985 2222 3041 24.
2274 2957 2361 3041 Szv
2391 3015 2463 3026 -—
2521 2984 2824 3040 haberent.
2880 2986 2946 3039 Et
2995 2999 3130 3040 vere
3179 2983 3294 3056 ipsi
3339 2988 3520 3042 testes

144 3075 382 3146 λέγοντες
424 3077 504 3127 ὅτι
535 3072 799 3128 Οὐδέποτε
825 3077 988 3138 οὕτως
1013 3078 1170 3149 ἐφάνη
1217 3075 1265 3128 ἐν
1297 3085 1368 3148 τῷ
1401 3077 1632 3152 Ἰσραὴλ,
1665 3084 1753 3130 καὶ

145 3184 302 3237 ετερα
320 3184 553 3219 τοιαυτα.

220 3260 331 3308 Νῦν
360 3285 427 3293 -
448 3253 729 3326 ἑωράκασι.
761 3257 838 3306 Τὰ
867 3262 1083 3307 τοιαῦτα
1111 3257 1249 3329 ἔργα.

223 3347 328 3396 Καὶ
369 3373 433 3384 ο-
463 3362 583 3415 μου.
627 3343 888 3417 Ἀνωτέρω
935 3347 1037 3416 γὰρ
1083 3341 1240 3409 εἶπεν,
1297 3345 1376 3396 ὅτι
1422 3345 1480 3396 Ὀ
1511 3343 1596 3418 ius
1641 3345 1752 3415 (37)

141 3442 320 3506 μισῶν
352 3432 463 3502 (38)
507 3436 594 3483 καὶ
638 3435 724 3483 τὸν
773 3436 978 3504 Πατέρα
1020 3452 1118 3504 μου
1167 3440 1328 3504 μισεῖ.
1382 3439 1480 3486 Καὶ
1521 3432 1754 3506 ἀλλαχοῦ

143 3521 306 3574 πάλιν
339 3539 352 3552 °
385 3519 442 3571 Ὀ
467 3525 538 3592 μὴ
573 3529 734 3593 τιμῶν
764 3525 850 3573 τόν
879 3521 1017 3584 Υἰον,
1051 3522 1110 3574 οὐ
1148 3529 1277 3594 τιμᾴ
1306 3526 1392 3574 τόν
1436 3527 1640 3597 Πατέρα
1667 3528 1754 3576 τόν

143 3609 432 3682 πέμψαντα
461 3609 634 3664 αὐτόν.

217 3697 364 3750 Ἀλλ’
420 3728 485 3738 -
543 3694 762 3771 δωρεάν.
806 3696 1084 3752 Κάνταῦθα
1130 3702 1188 3751 τό
1235 3699 1346 3753 Ἰνα
1391 3701 1484 3752 οὐκ
1537 3702 1754 3754 αἰτιολο-

141 3790 322 3860 γικόν,
384 3784 511 3838 ἀλλὰ
569 3783 880 3849 δηλωτικόν,
937 3795 1027 3839 τοῦ
1099 3788 1383 3860 μέλλοντος,
1439 3791 1518 3841 ὅτι
1588 3791 1756 3862 μελλει

145 3877 493 3948 πληρωθῆναι
537 3878 562 3926 ὁ
614 3875 766 3947 λόγος
821 3872 987 3938 οὗτος.
1036 3882 1207 3949 Νόμον
1261 3874 1320 3930 δὲ
1366 3878 1502 3948 λέγει
1539 3884 1633 3936 τὴν
1674 3878 1757 3951 βί-

145 3966 270 4018 ϐλον
312 3973 409 4016 τῶν
459 3965 682 4038 Ψαλμῶν
739 3967 788 4016 ἐν
931 3969 1240 4040 γέγραπται,
1298 3968 1374 4018 ὅτι
1429 3971 1528 4018 Καὶ
1589 3966 1758 4038 λόγοις

144 4060 341 4126 μίσους
406 4051 700 4106 ἐκύκλωσαν
757 4073 839 4125 με,
897 4059 988 4106 καὶ
1043 4053 1362 4126 ἐπολέμησαν
1425 4074 1488 4126 με
1536 4051 1756 4128 δωρεάν,

1863 3081 2030 3132 erant
2056 3075 2323 3130 dicentes
2348 3089 2362 3128 :
2383 3073 2708 3144 Nunquam
2729 3071 3012 3141 apparuit
3055 3072 3138 3128 sic
3161 3072 3220 3128 in
3253 3072 3444 3130 Israel
3468 3074 3513 3138 θ,

1861 3165 2098 3237 aliaque
2122 3163 2356 3218 similia.

1933 3256 2093 3308 Vers.
2122 3256 2208 3307 24.
2243 3253 2415 3307 Nunc
2447 3282 2517 3292 ——
2562 3251 2860 3308 viderunt.
2907 3249 3260 3321 Hujusmodi
3309 3265 3514 3323 opera.

1931 3343 2093 3397 Vers.
2125 3343 2212 3395 24.
2245 3341 2318 3396 Et
2351 3371 2398 3381 —
2451 3355 2664 3396 meum.
2692 3337 2976 3410 Superius
3020 3355 3284 3410 namque
3327 3338 3513 3396 dixit:

1862 3431 1972 3498 Qui
1994 3445 2084 3486 me
2113 3430 2257 3494 odit,
2284 3429 2334 3484 is
2359 3436 2413 3484 et
2445 3431 2684 3484 Patrem
2723 3443 2910 3483 meum
2954 3427 3078 3482 odit
3139 3428 3205 3480 ¹⁰.
3269 3430 3335 3483 Et
3387 3442 3516 3483 rur-

1862 3535 1996 3574 sum
2025 3517 2169 3574 alibi
2198 3537 2211 3576 :
2248 3516 2358 3582 Qui
2385 3533 2505 3572 non
2534 3516 2788 3573 honorat
2822 3515 3063 3582 Filium,
3101 3531 3222 3572 non
3267 3516 3518 3574 honorat

1863 3610 2112 3674 Patrem,
2143 3607 2249 3678 qui
2275 3605 2432 3661 misit
2461 3607 2632 3661 illum
2663 3606 2730 3660 ¹¹.

1933 3699 2093 3754 Vers.
2119 3698 2206 3751 25.
2266 3695 2379 3752 Sed
2421 3724 2486 3735 —
2539 3694 2741 3765 gratis.
2794 3694 2981 3750 Etiam
3041 3694 3137 3749 hic
3197 3693 3374 3750 dictio
3430 3700 3515 3759 ut,

1863 3804 1984 3844 non
2036 3792 2124 3842 est
2179 3785 2456 3849 causalis,
2483 3784 2588 3838 sed
2641 3783 2818 3839 futuri
2881 3783 3295 3854 signiﬁcativa,
3354 3784 3520 3856 quod

1864 3877 2129 3932 futurum
2160 3876 2253 3940 sit,
2287 3879 2353 3930 ut
2371 3875 2468 3930 hic
2491 3889 2688 3928 sermo
2714 3873 3107 3945 compleatur.
3141 3874 3356 3942 Legem
3381 3889 3520 3928 vero

1863 3965 2001 4020 dicit
2035 3965 2249 4019 librum
2282 3963 2695 4024 Psalmorum,
2728 3961 2788 4015 in
2818 3977 2941 4032 quo
2973 3961 3262 4032 scriptum
3289 3965 3376 4014 est
3403 3978 3416 4014 :
3443 3961 3518 4015 Et

1862 4051 2228 4109 sermonibus
2259 4051 2381 4105 odii
2405 4049 2923 4105 circumdederunt
2951 4063 3040 4104 me
3065 4055 3115 4103 et
3144 4061 3522 4116 oppugnave-

145 4142 448 4214 Ἐμίσησαν
505 4138 593 4193 οὖν
650 4141 804 4193 αὐτὸν
864 4138 1082 4215 δωρεὰν,
1138 4147 1256 4201 ἦτοι
1307 4145 1497 4215 μάτην,
1552 4141 1749 4196 ἁνιυλό-

1878 4147 2008 4197 runt
2046 4155 2133 4195 me
2156 4139 2343 4209 gratis
2374 4139 2443 4190 ι’.
2496 4138 2757 4193 Oderunt
2783 4151 2924 4204 ergo
2968 4135 3132 4190 illum
3185 4134 3370 4204 gratis
3397 4135 3520 4190 sive

142 4251 252 4303 γως
277 4230 414 4299 (39),
447 4227 539 4282 διὰ
567 4235 658 4288 τὴν
692 4235 942 4304 πονηρίαν
965 4231 1152 4287 αὐτῶν.

224 4318 336 4372 Ἱνα
366 4315 424 4371 δὲ
468 4325 539 4391 μὴ
591 4323 804 4372 εἴπωσιν
851 4323 900 4372 οἱ
945 4320 1264 4373 ἀπόστολοι·
1320 4321 1381 4374 Εἰ
1429 4324 1488 4373 σὲ
1539 4317 1756 4384 ἐδίωξαν

141 4412 242 4460 καὶ
286 4411 370 4459 τὸν
419 4407 569 4478 λόγον
623 4428 717 4461 σου
766 4407 861 4461 οὐκ
917 4407 1198 4484 ίτήρησαν,
1242 4409 1284 4462 εἰ
1331 4418 1550 4462 τοιαῦτα
1593 4405 1756 4462 διδα-

142 4498 372 4570 χθέντες
409 4502 498 4550 καὶ
539 4506 760 4550 τοιαυτα
788 4498 1069 4572 ἑωρακότες
1099 4496 1251 4552 οὐδὲν
1291 4498 1578 4568 ἀπώναντο,
1628 4498 1670 4550 εἰ
1701 4501 1757 4550 σὲ

141 4591 244 4638 καὶ
296 4589 385 4638 τόν
437 4591 644 4659 Πατέρα
705 4606 800 4639 σου
859 4593 1204 4661 μεμισήκασι,
1258 4588 1503 4661 μέλλουσι
1553 4584 1612 4640 δε
1665 4591 1754 4639 καὶ

145 4675 228 4736 εἰς
295 4676 430 4746 ἡμᾶς
507 4679 573 4727 τὰ
628 4678 783 4748 ὅμοια
853 4674 1204 4743 ἐνδείξασθαι,
1268 4683 1400 4738 τίνος
1464 4679 1621 4730 ἕνεκεν
1691 4678 1756 4737 είς

143 4765 426 4826 τοιούτους
505 4762 834 4827 ἀποστέλλεις
925 4769 1124 4839 ﬁgam;
1205 4769 1421 4838 Ἐπάγει
1513 4785 1756 4838 παραμυ-

229 4954 252 4989 ⁸
282 4944 479 5010 Matth.
504 4959 562 5012 x,
597 4945 688 5002 25.
799 4947 820 4980 ⁹
853 4945 1050 5003 Matth.
1081 4961 1152 5014 ix,
1181 4948 1269 5003 33.

1384 4947 1432 4983 ¹⁰
1459 4946 1630 5002 Joan.
1650 4961 1743 5001 xv.
1771 4945 1860 5002 23.

1789 4213 1833 4268 ί)
1866 4230 2106 4294 frustra,
2135 4228 2366 4297 absque
2389 4225 2640 4287 ratione,
2695 4229 2936 4295 propter
2987 4239 3153 4278 suam
3203 4221 3518 4278 malitiam.

1939 4320 2018 4373 Ne
2045 4321 2242 4372 autem
2270 4314 2474 4369 dicant
2500 4311 2748 4383 apostoli
2781 4328 2793 4366 :
2823 4311 2880 4367 Si
2941 4315 2991 4365 te
3018 4310 3308 4382 persecuti
3359 4314 3516 4378 sunt,

1867 4412 1925 4464 et
1978 4420 2315 4462 sermonem
2375 4408 2544 4457 tuum
2594 4415 2716 4456 non
2771 4403 3158 4456 servaverunt
3219 4414 3233 4465 ;
3286 4398 3335 4453 si
3391 4414 3521 4454 cum

1867 4497 2008 4554 talia
2063 4494 2256 4550 edocti
2313 4497 2472 4556 sunt,
2527 4490 2787 4561 taliaque
2852 4488 3144 4552 viderunt,
3207 4487 3353 4543 nihil
3409 4486 3522 4542 illis

1866 4585 2080 4660 profuit
2133 4584 2229 4649 ;si
2279 4589 2332 4637 te
2389 4586 2447 4637 et
2492 4581 2722 4636 Patrem
2777 4584 2945 4634 tuum
2998 4578 3271 4642 oderunt,
3307 4577 3526 4635 similia

1865 4689 2107 4748 quoque
2130 4672 2455 4728 adversum
2473 4685 2585 4724 nos
2605 4665 3117 4732 demonstrabunt,
3136 4681 3322 4738 quam
3345 4665 3526 4737 igitur

1865 4764 1946 4821 ob
1984 4777 2232 4818 causam
2264 4759 2341 4816 ad
2378 4757 2527 4814 tales
2584 4771 2696 4812 nos
2747 4755 2980 4811 mittis?
3036 4754 3264 4812 inducit
3311 4769 3527 4812 conso-

1993 4943 2032 4978 ¹¹
2060 4941 2229 4997 Joan.
2264 4955 2316 5007 γ,
2348 4943 2438 4994 23.
2556 4937 2618 4990 l2
2662 4933 2811 4990 Psal.
2846 4951 2996 5003 cvtu,
3025 4937 3079 4990 2.

1372 5098 1596 5168 Variae
1643 5097 1969 5167 lectiones
2011 5105 2076 5162 et
2116 5103 2317 5161 noue.

249 5274 345 5342 37)
384 5279 568 5326 Μισῶν
598 5268 705 5341 ἐμέ.
740 5275 805 5342 A.

1949 5265 2060 5338 (39)
2096 5261 2419 5338 Hentenius
2460 5259 2704 5338 fortasse
2758 5256 2977 5338 reperit
3033 5274 3148 5308 ανευ
3195 5254 3372 5328 λόγου,
3413 5253 3531 5312 Sed

252 5327 344 5402 58')
376 5345 479 5401 Hic
504 5327 672 5400 addit
695 5340 906 5408 codex,
929 5343 996 5396 Α.
1021 5348 1188 5410 μισεῖ.
1213 5339 1396 5398 Paulo
1420 5344 1549 5413 post
1574 5343 1749 5397 auten

1879 5327 1994 5394 hoc
2019 5327 2263 5408 quoque
2294 5333 2549 5405 probum
2579 5331 2619 5386 i.
2643 5345 2696 5387 e.
2720 5327 3079 5400 οὐκίύλόγως.

142 5417 278 5479 Omi
289 5417 398 5474 ιιίι.

229 5597 352 5671 (qq)
402 5593 477 5653 Ut
504 5625 571 5634 —
610 5592 678 5649 si.
711 5590 1042 5663 Siquidem.

487 5695 718 5750 PATROL.
762 5691 866 5748 Gn.
904 5690 1146 5747 CXXIX.

3145 5673 3216 5731 45
