4022 6232
270 250 295 314 4
307 248 406 314 424

1294 250 1659 317 COMMENT.
1698 256 1774 316 IN
1808 254 2153 315 JOANNEM.
2190 290 2260 301 —
2289 256 2444 318 CAP.
2486 254 2640 315 XVI.

3506 261 3645 322 “92

351 388 451 437 Καὶ
483 414 547 424 -
575 381 682 457 ἐμέ.
733 384 807 437 Δι’
838 382 925 444 οῦς
951 390 1119 436 ταῦτα
1159 385 1546 443 ὑποστήσεσθε.
1589 389 1691 439 Καὶ
1731 383 1880 460 ἀρκεῖ

2066 385 2226 441 Vers.
2282 388 2334 441 3.
2360 385 2526 440 Et—
2582 401 2691 443 me.
2746 386 2991 461 Propter
3040 403 3194 463 quos
3230 389 3360 448 htec
3390 391 3645 450 sustine-

269 474 396 546 ὑμῖν
435 473 503 534 εἰς
533 473 865 549 παράκλησιν
898 476 954 526 τό
989 470 1062 526 δι’
1089 475 1229 546 ἡμᾶς
1259 482 1426 526 ταῦτα
1455 477 1705 547 πάσχειν.
1763 474 1876 527 Ούκ

267 564 505 634 ἔγνωσαν
537 560 597 616 δὲ
621 566 705 615 τόν
742 567 947 636 Πατέρα
997 560 1121 616 οὐδὲ
1161 562 1249 636 ἐμὲ
1296 563 1513 634 ἑκόντες,
1545 567 1610 626 ὡς
1640 563 1875 617 ἐθελοκα-

267 659 498 713 κοῦντες.

345 829 501 886 Ἀλλά
531 865 589 873 -
615 833 757 904 ύμῖν.
785 830 916 897 Ἵνα,
945 833 1065 884 ὅταν
1096 830 1215 904 ἔλθῃ
1248 832 1272 883 ό
1313 834 1499 905 καιρὸς
1526 840 1622 894 τῆς
1653 829 1878 895 διώξεως

266 926 366 973 καὶ
391 920 701 995 ἀναιρέσεως
739 923 901 993 ὑμῶν,
936 924 1289 993 μνημονεύητε
1335 921 1502 973 αὐτῶν
1542 922 1609 972 ὧν
1651 918 1717 979 δὴ
1762 921 1876 992 (44)

265 1009 531 1068 λελάληκα
577 1011 721 1083 ύμῖν,
752 1013 914 1082 ἤγουν
946 1011 1030 1061 ἴνα
1092 1013 1447 1082 μνημονεύητε
1501 1012 1580 1062 ὅτι
1610 1010 1710 1082 ἐγὼ
1738 1007 1878 1062 εἶπον

269 1101 398 1171 ὑμῖν
422 1101 611 1165 πάντα,
645 1102 714 1160 ὡς
744 1101 916 1152 πάντα
954 1095 1124 1165 εἱδώς,
1176 1103 1266 1151 καὶ
1294 1100 1376 1151 ἵνα
1406 1101 1506 1151 ἀπὸ
1545 1107 1636 1159 τῆς
1663 1098 1881 1160 ἀληθοῦς

266 1191 697 1261 προαγορεύσεως
725 1197 825 1240 τῶν
858 1188 970 1259 (45)
1002 1189 1326 1262 σκυθρωπῶν
1368 1190 1575 1258 ἡγῆσθέ
1597 1207 1661 1260 με
1690 1191 1879 1240 πιστόν

264 1281 365 1329 καὶ
390 1276 473 1329 ἐπὶ
519 1284 633 1338 ταῖς
666 1275 883 1348 ἀγαθαῖς
912 1275 1260 1349 ἐπαγγελίαις.
1300 1276 1359 1328 Ὀ
1415 1280 1516 1351 γάρ
1575 1275 1784 1329 ἀπατῶν
1820 1276 1879 1329 ού

266 1365 513 1440 προλέγει
543 1369 610 1418 τὰ
640 1364 907 1437 ἀπάγοντα
929 1373 1025 1428 τῆς
1052 1367 1170 1437 (46)
1208 1364 1431 1431 ἀπάτης,
1466 1364 1594 1418 ἀλλά
1645 1369 1779 1438 μόνα
1815 1368 1881 1418 τά

265 1455 503 1509 ἕλκοντα.

345 1640 521 1687 Ταῦτα
559 1630 619 1687 δε
647 1639 737 1687 καὶ
786 1637 851 1687 τὰ
881 1641 1099 1687 τοιαῦτα
1151 1642 1380 1706 συνεχῶς
1424 1634 1597 1695 αὐτοῖς
1636 1634 1877 1705 ἐπιλέγει,

1984 472 2121 529 bitis
2154 492 2166 529 :
2201 480 2256 530 et
2297 474 2436 530 satis
2475 478 2563 531 est
2608 475 2778 532 vobis
2835 477 2911 533 ad
2954 477 3450 547 consolationem,
3485 481 3645 553 quod

1984 561 2112 617 haec
2143 566 2383 634 propter
2412 577 2522 617 nos
2562 564 2893 634 patiamini.
2934 566 3071 623 Non
3102 574 3393 625 noverunt
3446 573 3644 627 autem

1985 652 2248 715 Patrem,
2280 666 2468 723 neque
2490 666 2599 717 me,
2650 651 2827 726 idque
2852 654 3200 724 voluntarie,
3244 662 3455 730 sponte
3483 658 3645 716 vide-

1984 738 2119 795 licet
2182 740 2471 797 deteriora
2526 745 2839 799 sectantes.

2055 830 2213 883 Vers.
2267 831 2323 885 4.
2353 827 2465 885 Sed
2488 860 2558 870 —
2586 830 2765 887 vobis.
2828 834 2915 903 Ut,
2947 848 3081 890 cum
3119 833 3347 891 venerit
3403 838 3642 908 tempus

1986 917 2411 988 persecutionis
2487 934 2557 975 ac
2624 920 2830 976 mortis
2895 927 3119 990 vestrae,
3173 924 3644 980 reminiscamini

1986 1020 2191 1061 eorum
2220 1021 2358 1079 quae
2398 1006 2670 1064 videlicet
2698 1009 2935 1068 locutus
2960 1028 3093 1068 sum
3123 1012 3291 1069 vobis
3335 1030 3348 1068 :
3391 1013 3533 1080 sive,
3576 1018 3641 1070 ut

1988 1095 2399 1162 recordemini,
2432 1097 2599 1170 quod
2652 1113 2766 1168 ego
2815 1100 3191 1171 praedixerit]:
3235 1101 3409 1158 vobis
3437 1100 3645 1161 omnia

1986 1189 2278 1256 tanquam
2328 1186 2607 1243 universa
2662 1202 3034 1258 cognoscens
3067 1207 3080 1245 :
3114 1195 3171 1245 et
3202 1196 3264 1246 ut
3300 1207 3337 1247 a
3366 1207 3506 1247 vera
3546 1192 3646 1248 tri-

1990 1273 2170 1329 stium
2202 1276 2719 1345 praenuntiatione,
2751 1275 2992 1334 ﬁdelem
3024 1293 3120 1334 me
3148 1277 3425 1335 habeatis
3456 1280 3642 1338 etiam

1987 1363 2048 1418 in
2069 1362 2367 1419 bonorum
2400 1365 2914 1437 promissionibus.
2933 1367 3083 1424 Nam
3108 1368 3390 1441 deceptor
3419 1368 3644 1442 (tt)non

1988 1461 2060 1503 ea
2088 1447 2374 1520 praedicit,
2415 1464 2552 1522 quas
2584 1465 2620 1505 a
2647 1450 2998 1523 deceptione
3046 1451 3379 1521 abducunt,
3434 1453 3542 1510 sed
3571 1469 3643 1511 ea

1989 1539 2217 1591 tantum
2248 1552 2379 1609 quae
2408 1538 2731 1594 attrahunt.

2061 1625 2193 1681 Haec
2224 1641 2362 1681 vero
2392 1632 2448 1683 et
2486 1626 2702 1684 similia
2744 1627 3082 1701 frequenter
3104 1630 3190 1686 eis
3228 1631 3500 1699 inculcat,
3555 1636 3638 1698 ut,

267 1723 382 1791 ἶνα,
415 1725 538 1776 ὅταν
566 1724 826 1794 πάσχωσι
855 1727 927 1795 μὴ
985 1723 1324 1796 θορύϐωνται,
1356 1720 1654 1796 προειδότες
1706 1730 1876 1789 τοῦτο,

2004 1713 2133 1769 ium
2159 1715 2317 1785 passi
2349 1715 2585 1780 fuerint,
2609 1732 2731 1772 non
2753 1717 3080 1782 turbentur,
3110 1735 3251 1775 cum
3266 1720 3380 1777 hoc
3403 1722 3643 1794 praesci-

268 1807 419 1882 μηδε
447 1810 841 1883 μαλακίζωνται
878 1818 1222 1883 γινώσκοντες
1254 1814 1335 1864 ὅτι
1366 1809 1460 1864 δῐά
1488 1815 1574 1864 τόν
1602 1814 1730 1863 Θεὸν
1783 1813 1880 1863 πά-

273 1901 660 1972 σχουσι.Μέγα
684 1903 786 1975 γὰρ
817 1903 1085 1976 φάρμακον
1117 1900 1164 1952 ἐν
1191 1907 1299 1963 τοῖς
1327 1903 1453 1974 ίπέρ
1478 1906 1664 1975 ἀρετῆς
1686 1900 1874 1972 ἀγῶσι,

273 1993 343 2042 τὸ
373 1996 648 2060 γινώσκειν
678 1991 806 2063 ὑπὲρ
859 1995 996 2051 τίνος
1034 1993 1060 2042 ό
1089 1988 1246 2061 ἀγών.
1303 1994 1403 2043 Καὶ
1445 1992 1580 2063 ἡμᾶς
1610 1986 1718 2058 οὖν,
1751 1992 1876 2064 ὑπὲρ

272 2077 442 2130 καλοῦ
471 2080 802 2151 πάσχοντας,
826 2081 1237 2153 παραμυθείσθω
1257 2099 1313 2131 το
1341 2084 1615 2150 γινώσκειν
1641 2080 1721 2131 ὅτι
1750 2080 1877 2153 ὑπὲρ

269 2165 441 2219 καλοῦ
465 2170 745 2241 πάσχομεν
776 2187 789 2200 ’
825 2168 868 2220 εἰ
913 2171 1014 2242 γὰρ
1045 2169 1172 2241 ὑπὲρ
1205 2166 1478 2240 ἀγαπητοῦ
1528 2187 1603 2229 τις
1651 2170 1879 2239 πάσχων

268 2261 482 2331 χαίρει,
546 2256 714 2328 πολλῷ
772 2256 961 2329 μᾶλλον
1017 2258 1145 2330 ὑπερ
1219 2264 1310 2309 τοῦ
1377 2263 1511 2310 Θεοῦ
1584 2261 1674 2307 καὶ
1750 2257 1876 2328 ὑπὲρ

272 2343 436 2419 ἂρετῆ
450 2365 489 2406 ς.

348 2439 531 2487 Ταῦτα
560 2464 629 2474 -
666 2436 828 2505 ἥμην.
868 2433 989 2487 Ὀτι
1040 2434 1154 2506 μεθ’
1200 2435 1345 2507 ὑμῶν
1391 2438 1482 2486 καὶ
1520 2433 1615 2487 οὐκ
1653 2432 1880 2506 ἐμέλλετε

271 2523 415 2575 οὕτω
436 2524 637 2589 παθεῖν,
671 2524 764 2585 ἕως
795 2524 909 2595 μεθ’
938 2525 1080 2596 ὑμῶν
1108 2527 1268 2590 ἤμην.
1301 2529 1409 2575 Νῦν
1437 2519 1495 2575 δὲ
1530 2529 1695 2575 ταῦτα
1724 2523 1874 2593 λέγω,

273 2608 421 2664 διότι
451 2610 943 2685 χωρίζομαιύμῶν,
999 2615 1091 2663 καὶ
1149 2610 1449 2683 ἐγγίζουσιν
1496 2607 1605 2669 ἤδη
1636 2613 1703 2663 τὰ
1734 2608 1879 2663 δεινὰ

275 2699 426 2771 ὑμῖν.

353 2793 454 2841 Καὶ
504 2792 608 2862 μὴν
651 2793 741 2841 καὶ
779 2788 832 2852 ἐξ
861 2787 1059 2863 ἀρχῆς,
1099 2789 1182 2841 ὅτε
1247 2786 1478 2841 ἐκάλεσεν
1536 2788 1740 2853 αύτούς,
1789 2792 1879 2841 καὶ

269 2876 377 2952 [εἰς
426 2878 542 2950 (47)
597 2876 891 2940 ἀποστοξὴν
944 2876 1162 2946 ἕταξεν,]
1220 2873 1355 2929 εἶπεν
1416 2876 1585 2937 αὐτοῖς
1625 2876 1737 2949 (lt-8)
1799 2877 1880 2928 ὅτι

275 2963 422 3021 Ἰδοὺ
475 2966 575 3037 ἐγὼ
617 2964 912 3018 ἀποστέλλω
995 2968 1125 3037 ὑμᾶς
1196 2969 1263 3027 ὡς
1334 2964 1573 3039 πρόϐατα
1627 2964 1676 3016 ἐν
1737 2969 1880 3036 μέσῳ

272 3055 447 3108 λύκων

275 3150 375 3197 καὶ
464 3142 510 3195 ἓν
583 3152 700 3207 ταῖς

278 3233 489 3308 [ὑμᾶς’
550 3233 660 3305 (49)
724 3238 814 3285 καὶ
875 3234 954 3284 ὅτι
1008 3233 1124 3285 Ἐπὶ
1187 3234 1445 3304 ἡγεμόνας
1497 3236 1581 3284 καὶ
1645 3231 1884 3304 βασιλεῖς

278 3320 591 3392 ἀχθήσεσθε
643 3323 801 3375 ἕνεκεν
852 3321 978 3394 ἐμοῦ
1003 3360 1016 3372 .
1050 3326 1140 3374 καὶ
1205 3323 1285 3373 ὅτι
1325 3320 1549 3374 Ἐσεσθε
1577 3324 1883 3393 μισούμενοι

275 3411 385 3462 ὑπὸ
414 3412 613 3462 πάντων
660 3407 753 3463 διὰ
785 3413 844 3463 τό
894 3412 1053 3483 ὄνομά
1084 3429 1183 3482 μου
1215 3429 1227 3441 ·
1260 3415 1350 3461 καὶ
1388 3411 1465 3461 ὅτι
1522 3414 1606 3467 Μὴ
1655 3409 1884 3482 φοϐῆσθε

278 3498 388 3551 ἀπὸ
440 3508 541 3551 τῶν
570 3498 971 3553 ἀποκτεινόντων
1010 3503 1069 3552 τό
1102 3507 1254 3571 σῶμα
1286 3515 1298 3528 ·
1327 3503 1344 3565 ]
1383 3504 1474 3551 καὶ
1518 3498 1680 3552 πολλά
1708 3506 1881 3551 τοιαῦ-

275 3607 371 3642 τα.

358 3683 475 3739 Πῶς
502 3672 589 3730 οὖν
620 3673 754 3730 εἶπεν
784 3679 865 3730 ὅτι
896 3684 1077 3730 Ταῦτα
1114 3678 1235 3750 ύμῖν
1266 3677 1319 3741 ἐξ
1372 3676 1550 3752 ἀρχῆς
1578 3677 1672 3729 οῦκ
1699 3673 1838 3730 εἶπον
1866 3692 1880 3742 ;

789 3151 1122 3215 συναγωγαῖς
1196 3143 1364 3194 αὐτῶν
1451 3148 1881 3215 μαστιγώσουσιν

278 3771 427 3819 Διότι
450 3764 670 3819 ἐνταῦθα
695 3770 752 3818 τό
777 3773 954 3819 Ταῦτα
991 3768 1139 3841 ἔτερα
1174 3767 1294 3842 παρ’
1326 3766 1492 3819 ἐκεῖνα
1548 3763 1721 3830 δηλοῖ,
1751 3770 1884 3839 φημὶ

278 3854 355 3915 δὴ
388 3859 444 3908 τό
476 3873 490 3885 '
520 3855 657 3908 Ἀλλ’
709 3857 923 3927 ἔρχεται
972 3858 1100 3931 ὥρα,
1154 3858 1316 3909 εἴτουν
1363 3855 1594 3926 Ἐγγίζει
1622 3874 1635 3886 ⁸
1664 3860 1754 3906 καὶ
1774 3860 1830 3906 τό
1866 3870 1879 3885 ο

274 3944 395 3999 Ἵνα
421 3950 525 4006 πᾶς
555 3945 580 3996 ὀ
612 3943 915 4007 ἀποκτείνας
951 3946 1082 4017 ὑμᾶς
1102 3941 1256 4017 [δόξῃ
1310 3944 1427 4014 (50)
1457 3944 1691 4016 λατρείαν
1716 3961 1882 4016 προσ-

280 4041 455 4109 φέρειν
481 4042 553 4105 τῷ
580 4034 734 4105 Θεῷ.]
759 4040 939 4087 Ταῦτα
982 4036 1083 4109 γὰρ
1124 4040 1211 4085 νῦν
1257 4029 1390 4085 εἶπεν
1431 4032 1622 4097 αὐτοῖς,
1666 4031 1886 4105 φοϐερώ-

276 4142 411 4195 τερα
438 4122 640 4175 ὶκείνων
668 4127 807 4178 ὄντα.

362 4218 471 4265 Νῦν
528 4244 597 4252 -
650 4211 863 4283 ὑπάγεις
919 4228 932 4278 ;
983 4208 1131 4264 Ἰδὼν
1184 4210 1375 4273 αύτούς
1435 4209 1591 4270 οὕτως
1642 4210 1741 4260 ὑπὸ
1797 4215 1889 4269 τῆς

502 3073 514 3085 ·
556 3060 647 3107 καὶ
687 3057 768 3108 ὅτι
821 3053 1241 3129 Παραὸὡσουσιν
1294 3055 1427 3127 ὑμᾶς
1485 3054 1556 3115 εὶς
1609 3050 1877 3126 συνέδρια,
1916 3095 1954 3148 (η

1246 3143 1256 3148 -
1940 3129 1954 3147 ι

1940 3129 1954 3147 Δ

1987 1804 2175 1859 verint
2214 1820 2227 1859 :
2262 1821 2454 1877 neque
2490 1812 2832 1878 torpescent
2875 1807 3145 1876 scientes,
3196 1812 3360 1882 quod
3399 1817 3643 1884 propter

1988 1894 2177 1950 Deum
2209 1896 2447 1967 passuri
2486 1897 2620 1952 sint.
2662 1899 2940 1968 Magnum
2975 1898 3275 1972 siquidem
3305 1901 3642 1958 remedium

1989 1989 2074 2038 est
2103 1984 2194 2038 bis
2219 1984 2324 2056 qui
2355 2002 2463 2055 pro
2503 1986 2713 2042 virtute
2742 1986 3062 2058 decertant,
3127 1999 3487 2060 cognoscere
3530 2007 3641 2063 pro

1985 2086 2110 2144 quo
2150 2071 2221 2127 sit
2245 2078 2566 2129 certamen.
2601 2076 2669 2130 Et
2697 2075 2874 2132 nobis
2912 2092 3054 2148 ergo
3084 2091 3193 2148 pro
3238 2077 3495 2135 honesto
3533 2095 3643 2152 pa-

1985 2160 2267 2215 tientibus
2293 2163 2683 2218 consolationi
2706 2164 2796 2229 sit,
2826 2180 3187 2235 cognoscere
3207 2166 3375 2239 quod
3396 2183 3506 2239 pro
3536 2168 3641 2224 ho-

1988 2255 2156 2305 nesto
2179 2248 2309 2321 (au)
2349 2251 2631 2322 patimur.
2672 2252 2823 2307 Nam
2850 2254 2897 2307 si
2936 2269 3047 2324 pro
3086 2253 3299 2311 dilecto
3352 2256 3490 2328 quis
3519 2255 3643 2328 pati

1989 2337 2229 2407 gaudet,
2264 2338 2451 2394 multo
2483 2340 2680 2409 magis
2706 2356 2814 2412 pro
2846 2344 2964 2397 Deo
3002 2346 3059 2397 et
3088 2356 3198 2413 pro
3228 2344 3466 2400 virtute.

2060 2428 2218 2482 Vers.
2249 2426 2301 2481 4.
2343 2427 2479 2485 Haec
2506 2459 2578 2469 -
2607 2444 2796 2487 eram.
2849 2431 2993 2495 Quia
3035 2431 3341 2488 vobiscum
3380 2448 3547 2490 eram
3584 2436 3644 2491 et

1987 2515 2068 2572 ita
2107 2518 2345 2588 passuri
2376 2532 2498 2574 non
2528 2519 2724 2586 eratis,
2755 2519 3027 2592 quandiu
3073 2520 3385 2578 vobiscum
3424 2537 3641 2581 essem.

1988 2608 2153 2661 Nunc
2184 2611 2381 2663 autem
2423 2608 2550 2663 haec
2588 2608 2745 2677 dico,
2798 2608 2943 2682 quia
2971 2625 3218 2682 separor
3253 2629 3289 2667 ιι
3338 2611 3533 2679 vobis,
3583 2616 3643 2669 et

1982 2693 2108 2766 jam
2137 2695 2361 2752 instant
2387 2697 2560 2752 vobis
2581 2698 2863 2769 pericula.

2060 2784 2235 2855 Atqui
2265 2784 2446 2840 etiam
2484 2784 2562 2841 ab
2590 2785 2781 2852 initio,
2825 2802 2965 2841 cum
3012 2787 3252 2844 vocavit
3302 2804 3428 2858 eos,
3479 2794 3537 2845 et
3581 2789 3643 2846 in

1990 2872 2393 2942 apostolatum
2425 2873 2744 2939 ordinavit,
2778 2874 2919 2930 dixit
2959 2875 3045 2930 eis
3077 2893 3090 2930 :
3140 2877 3278 2933 Ecce
3325 2893 3431 2947 ego
3472 2878 3642 2934 mitto

1992 2974 2110 3026 vos,
2160 2967 2440 3033 tanquam
2469 2977 2601 3018 oves
2630 2963 2689 3017 in
2725 2963 2913 3019 medio
2940 2964 3219 3033 luporum
3248 2966 3317 3017 ιι.
3346 2968 3415 3022 Et
3445 2984 3459 3019 :
3499 2967 3641 3023 Tra-

1991 3051 2127 3106 dent
2141 3067 2233 3107 vos
2250 3052 2332 3107 ad
2347 3053 2621 3121 concilia,
2636 3059 2691 3110 et
2704 3052 2765 3109 in
2779 3054 3100 3125 synagogis
3119 3056 3244 3111 suis
3262 3055 3645 3113 verberabant

1991 3158 2110 3211 vos,
2136 3145 2187 3197 et
2213 3140 2293 3195 ad
2330 3156 2494 3210 reges
2524 3149 2576 3197 et
2625 3143 2903 3211 prasides
2934 3144 3235 3200 ducemini
3274 3150 3517 3214 propter
3551 3160 3644 3203 me

1990 3236 2044 3291 et
2094 3230 2255 3288 eritis
2310 3232 2440 3286 odio
2493 3231 2684 3287 habiti
2706 3232 2775 3286 ab
2822 3232 3088 3289 omnibus
3127 3240 3375 3304 propter
3430 3250 3641 3291 nomen

1991 3337 2176 3378 meum
2211 3321 2278 3373 ¹⁵.
2316 3325 2575 3392 Itemque
2607 3337 2618 3374 :
2653 3322 2744 3376 Ne
2762 3321 2912 3377 vobis
2945 3322 3022 3379 ab
3052 3322 3143 3378 his
3185 3324 3512 3389 timueritis,
3545 3338 3645 3394 qui

1991 3410 2267 3468 occidunt
2298 3425 2511 3480 corpus
2544 3411 2611 3474 ¹⁶,
2654 3427 2725 3466 ac
2751 3410 2941 3468 multa
2963 3411 3327 3482 hujusm‘odi.

2065 3675 2381 3743 Quomodo
2407 3691 2549 3747 ergo
2578 3677 2660 3732 ait
2687 3691 2699 3729 :
2728 3676 2865 3733 Haec
2887 3677 3050 3734 vobis
3068 3679 3138 3735 ab
3151 3678 3451 3737 initionon
3467 3681 3599 3739 dixi
3610 3680 3647 3736 ’Υ

1994 3769 2144 3833 Quia
2161 3766 2338 3822 dictio
2357 3766 2499 3835 hac,
2520 3766 2580 3821 in
2616 3767 2885 3837 praesenti
2931 3767 3049 3824 alia
3063 3768 3142 3824 ab
3164 3769 3276 3826 illis
3306 3769 3601 3840 signiﬁcat
3631 3785 3644 3826 :

1993 3856 2127 3910 dico
2157 3870 2321 3919 sane,
2351 3854 2457 3909 sed
2488 3854 2652 3911 Venit
2685 3855 2810 3911 sive
2826 3857 3276 3929 appropinquat
3307 3865 3552 3929 tempus,
3581 3865 3646 3916 ut

1996 3943 2257 4014 quisquis
2276 3943 2642 4013 interfecerit
2662 3959 2778 4010 vos,
2808 3945 3087 4001 videatur
3106 3949 3331 4003 cultum
3363 3955 3653 4015 praestare

1999 4033 2113 4086 Deo
2144 4047 2155 4084 :
2177 4047 2319 4085 nam
2332 4031 2459 4086 haec
2480 4030 2821 4098 dixitnunc,
2838 4049 2973 4105 quae
2993 4035 3461 4105 praecedentibus
3482 4041 3651 4093 erant

1995 4118 2485 4175 formidabiliora.

2070 4210 2230 4262 Vers.
2263 4208 2314 4262 5.
2356 4208 2533 4263 Nunc
2561 4239 2625 4247 —
2665 4209 2790 4264 abis
2815 4208 2843 4262 ?
2898 4209 3119 4265 Videns
3157 4226 3259 4266 eos
3298 4211 3357 4266 in
3415 4215 3649 4269 tantum

282 4300 521 4373 ἀθυμίας
576 4301 1117 4365 καταπαλαισθέντας,
1182 4303 1250 4362 ὡς
1322 4298 1552 4373 ἀφώνους
1624 4299 1881 4369 γενέσθαι,

2004 4296 2231 4353 tristitia
2280 4297 2595 4368 absorptos
2629 4296 2759 4367 (vv),
2805 4302 2866 4352 ut
2896 4299 3043 4353 muti
3105 4298 3497 4363 efﬁcerentur,
3542 4317 3650 4357 nec

281 4395 380 4444 καὶ
404 4394 476 4462 μὴ
519 4387 782 4443 δύνασθαι
808 4390 948 4460 αὐτῷ
978 4389 1309 4464 προσλαλεῖν,
1362 4385 1608 4449 ὀνειδίζει
1657 4393 1748 4447 τὴν
1786 4393 1889 4440 απὸ

1517 4484 1626 4532 Νῦν
1677 4477 1790 4550 (si)
1831 4474 1890 4530 δὲ

279 4488 382 4541 τῆς
444 4482 693 4543 τοιαύτης
747 4478 971 4553 ἀθυμίας
1022 4484 1199 4552 σιγὴν,
1248 4479 1404 4552 λέγων
1448 4497 1460 4509 ’

362 4632 409 4667 ¹⁶
447 4631 641 4689 Μαιὼ.
670 4648 731 4697 x,
778 4635 860 4688 l6.
992 4630 1039 4665 ¹⁵
1072 4628 1213 4687 ibid.
1248 4630 1336 4695 l7,
1375 4632 1457 4696 l8,
1487 4633 1576 4687 ‘22.

2001 4400 2356 4458 responsum
2376 4384 2583 4440 eidare
2610 4389 2881 4456 possent,
2905 4385 3222 4457 exprobrat
3249 4386 3331 4442 eis
3353 4387 3650 4445 silentium

2003 4491 2039 4531 a
2066 4473 2168 4531 tali
2213 4474 2447 4529 tristitia
2488 4478 2706 4539 ortum,
2749 4474 2953 4530 dicens
2998 4491 3011 4530 :
3052 4476 3228 4532 Nunc
3282 4481 3477 4533 autem
3507 4477 3651 4534 abeo

1700 4629 1749 4663 ¹⁶
1787 4625 1934 4684 ibid.
1965 4629 2058 4683 '28.

1538 4805 2104 4875 Variaelectioncs
2126 4814 2405 4873 etnotae.

364 4978 483 5047 (4-4)
512 4976 745 5047 Δηλαδή,
771 4979 904 5037 loco
935 4976 1030 5046 δή,
1062 4986 1126 5034 Α.

367 5047 483 5124 (45)
506 5053 734 5125 Ἐκθρῶν
763 5057 959 5118 antea,
984 5051 1091 5108 sed
1120 5065 1193 5107 ex
1228 5048 1592 5106 correctione
1623 5047 1896 5120 ejusdem

289 5139 540 5199 manus,
576 5124 919 5199 σκυθρωπῶν.
952 5129 1010 5178 Β.

363 5197 481 5266 (46)
516 5190 752 5267 ’Δγάπῂς
798 5193 877 5267 in,
900 5198 1178 5251 contextu
1231 5196 1294 5267 et
1344 5208 1520 5267 supra
1553 5190 1802 5267 Δἀπάτης,
1836 5198 1894 5267 Β.

293 5262 630 5340 Utrumque
659 5265 739 5323 ab
779 5266 985 5325 eadem
1013 5280 1225 5322 manu.
1256 5262 1454 5321 Codei
1474 5265 1529 5320 Α
1552 5262 1729 5320 habet
1759 5262 1899 5317 ἀπά-

287 5357 354 5397 τη
366 5359 389 5402 ς
410 5338 665 5396 tantum.

358 5517 464 5586 (tt)
487 5516 794 5584 Deceptor.
829 5516 996 5572 Forte
1021 5513 1181 5584 legit,
1202 5514 1228 5566 ό
1259 5511 1513 5567 ἀπατεὼν.

358 5587 499 5660 (ua)
529 5587 652 5660 Pro
678 5587 934 5660 honeste.
972 5588 1040 5644 In
1068 5589 1266 5643 Graeco
1296 5591 1402 5651 est,
1434 5600 1543 5660 pro
1571 5587 1786 5660 amato.

359 5653 489 5738 (υυ)
518 5657 860 5731 Apsorptos.
893 5657 1167 5715 Graecum
1205 5663 1392 5725 notat,
1426 5653 1582 5714 lucta
1612 5655 1811 5725 victos,
1836 5653 1897 5711 id

2102 5046 2191 5109 48)
2230 5046 2416 5109 Αῦτοίς
2448 5048 2662 5102 omittit
2698 5048 2765 5101 Α.

2098 5118 2188 5189 49)
2264 5117 2499 5189 Inclusa
2563 5117 2779 5173 omittit
2842 5118 2911 5171 A.
2988 5118 3207 5175 Eorum
3258 5118 3391 5176 loco
3450 5122 3653 5176 autem

2002 5188 2187 5246 habet
2214 5194 2304 5241 καὶ
2335 5191 2402 5240 τὰ
2444 5188 2586 5251 ἑξῆς.

2075 5261 2189 5323 (50)
2231 5260 2467 5316 inclusa
2494 5259 2714 5316 absunt
2739 5261 2809 5316 A.

2076 5331 2189 5404 (δι)
2231 5335 2292 5384 Δί
2320 5331 2488 5388 abest
2526 5335 2589 5386 Α.

2100 4979 2165 5031 47
2235 4975 2469 5031 Inclusa
2493 4975 2707 5031 desunt
2732 4976 2798 5029 A.

2102 4976 2191 5117 48;
2230 5046 2416 5109 Αῦτοίς
2448 5048 2662 5102 omittit
2698 5048 2765 5101 Α.

2098 5118 2188 5189 49)
2264 5117 2499 5173 Inclusa
2563 5117 2779 5173 omittit

2075 5211 2084 5244 ι
2131 5196 2187 5244 et
2214 5194 2304 5241 καὶ
2335 5191 2402 5240 τὰ
2444 5188 2586 5244 ἑξῆς.

2005 5512 2110 5579 est,
2153 5512 2501 5583 prostratos.
2535 5509 2827 5583 Interpres
2848 5509 3084 5567 videtur
3111 5510 3410 5569 invenisse
3432 5530 3659 5569 καταποο

2009 5582 2195 5642 θεντας
2215 5585 2312 5636 aut
2340 5582 2863 5645 καταποτινσθέντας.
2916 5596 2923 5599 “
