4022 6232
518 180 656 262 1423

1835 170 2189 247 ΕΟΤΗΥΜῘῙ
2220 172 2556 252 ZIGABENI

3690 182 3789 251 uti

513 325 597 382 ad
625 339 753 383 eum
782 337 886 395 qui
923 318 1081 378 misit
1099 333 1203 387 me,
1236 325 1291 376 et
1321 333 1489 376 nemo
1516 317 1841 390 interrogat
1882 332 1993 382 me,
2046 317 2151 385 Qut

2280 318 2462 391 ὑπάγω
2494 322 2626 394 πρὸς
2676 321 2765 371 τὸν
2795 317 3072 391 πέμψαντά
3120 337 3203 391 με,
3237 322 3325 371 καὶ
3369 315 3530 381 οὐδεὶς
3574 317 3711 394 ἐρωτᾷ
3732 342 3791 393 με,

522 413 769 574 αἱ)Ᾱῖᾳῶ
813 499 1019 555 Petrus
1048 497 1432 567 interrogavit
1457 512 1596 553 eum
1618 496 1825 552 dicens
1858 511 1868 549 :
1904 495 2169 559 Domine,

514 607 626 665 quo
651 589 780 647 abis
826 589 871 624 ¹’¹
900 586 929 642 ?
954 586 1074 643 Sed
1099 586 1181 643 ibi
1207 602 1351 643 sane
1369 590 1570 642 Petrus
1592 586 1819 647 dicens,
1856 585 1976 650 Quo
2001 583 2123 638 abis
2142 582 2172 637 τ

514 683 591 738 de
628 680 762 736 loco
792 675 1218 747 interrOgavit;
1250 676 1346 732 hic
1378 692 1531 741 vero,
1568 676 1692 743 Quo
1722 674 1841 731 abis
1870 672 1898 728 ?
1947 672 2173 743 signiﬁ-

514 776 627 840 cat,
662 767 817 834 Quid
847 765 977 836 agis
1004 766 1030 821 ?
1054 765 1257 821 Solent
1294 780 1557 837 namque
1615 765 1718 836 qui
1749 778 1904 833 aegre
1953 763 2167 827 ferunt,

512 860 594 916 ita
622 872 903 914 revocare
934 870 1094 925 eum,
1127 854 1233 926 qui
1262 861 1505 926 repente
1533 853 1763 926 prosilit
1785 852 1860 908 ad
1893 858 2168 907 mortem.

514 946 786 1020 Oportuit
814 959 956 1013 ergo
988 948 1044 998 et
1072 942 1396 1015 discipulos
1427 943 1644 1008 dicere,
1679 942 1795 1007 Quo
1824 942 1950 997 abis
1971 941 1998 996 ?
2024 940 2169 1014 sive,

511 1036 664 1104 Quid
695 1034 840 1107 agis,
872 1048 985 1088 nos
1024 1032 1367 1103 relinquens
1389 1031 1416 1086 ‘I

579 1128 773 1183 Potest
799 1136 1043 1195 quoque
1073 1128 1129 1176 et
1157 1120 1273 1176 alio
1306 1120 1488 1175 modo
1520 1119 1660 1187 dici,
1693 1119 1860 1192 quod
1899 1135 2035 1174 cum
2067 1118 2168 1174 Pe-

507 1218 599 1271 tro
658 1214 1057 1281 interrogante
1112 1225 1236 1265 non
1290 1209 1713 1282 respondisset,
1781 1224 1904 1281 quo
1957 1208 2165 1272 abiret,

506 1302 770 1376 oportuit
810 1315 879 1354 eo
936 1314 1174 1354 rursum
1220 1298 1601 1367 interrogare.

580 1394 743 1447 Vers.
786 1393 841 1445 6.
872 1388 990 1445 Sed
1021 1418 1076 1429 -
1102 1402 1229 1444 cor.
1263 1387 1607 1443 Admodum
1639 1384 1973 1443 contristati
2004 1384 2162 1450 estis,

504 1485 565 1540 et
590 1483 905 1554 propterea
936 1476 1140 1532 siletis.

575 1571 735 1626 Vers.
798 1573 854 1623 7.
933 1564 1044 1623 Sed
1110 1596 1177 1604 —
1228 1563 1407 1620 vobis.
1468 1564 1673 1635 Utpote
1731 1564 1865 1636 ipsa
1924 1562 2161 1618 veritas.

2281 414 2390 460 Ποῦ
2428 410 2641 479 ὑπάγεις
2674 424 2688 474 ;

2354 503 2455 550 Καὶ
2484 502 2586 570 μὴν
2640 499 2666 549 ὁ
2700 501 2892 569 Πέτρος
2922 497 3188 571 ἠρώτησεν
3240 496 3413 561 αὐτὸν,
3446 496 3581 549 εἰπών
3616 514 3627 525 '
3659 500 3795 570 Kbpu,

2279 593 2380 638 ποῦ
2405 587 2625 657 ὑπάγεις
2652 602 2666 653 ;
2700 586 2834 640 Ἀλλ’
2867 585 2971 639 ἐκεῖ
3111 587 3137 638 ὁ
3170 589 3350 659 Πέτρος
3372 585 3515 637 εἰπών
3544 604 3556 616 ·
3586 591 3676 637 Ποῦ
3700 587 3797 637 ὑπά-

2279 694 2387 745 γεις
2418 692 2431 742 ;
2460 681 2575 746 περὶ
2605 680 2767 727 τόπου
2799 676 3066 749 ἠρώτησεν
3167 676 3383 727 ἐνταῦθα
3409 671 3464 727 δε
3491 678 3562 741 τὸ,
3582 680 3674 726 Ποῦ
3703 674 3802 725 ὑπά-

2278 783 2387 834 γεις
2422 781 2435 831 ;
2466 767 2521 816 τὸ
2550 768 2615 817 Τί
2661 771 2823 825 ποιεῖς
2852 766 3178 834 ςυποφαίνει.
3236 764 3459 816 Εἰώθασι
3492 765 3584 835 γὰρ
3610 765 3653 813 οἱ
3678 758 3799 813 δεινοι

2279 854 2562 914 παθοιῖντες
2589 852 2752 915 οὕτως
2783 852 3048 925 ἐπιφωνεῖν
3096 861 3166 923 τῷ
3209 856 3337 927 πρὸς
3380 854 3579 904 θάνατον
3604 852 3801 924 όρμῶντι.

2279 938 2426 994 Ἔδει
2457 937 2543 993 οὖν
2574 946 2661 994 καὶ
2714 946 2832 1003 τοὺς
2872 943 3113 1014 μαθητὰς
3158 940 3424 1011 ἐπιλέγειν,
3470 947 3568 993 Ποῦ
3596 941 3802 1010 ὑπάγεις

2280 1032 2462 1099 ἤγουν,
2494 1036 2558 1083 Τί
2586 1038 2753 1093 ποιεῖς
2784 1030 3151 1103 ἀπολιμπάνων
3176 1032 3350 1101 ἠμᾱς;

2350 1118 2502 1173 Ἐστι
2538 1116 2597 1172 δε
2625 1124 2716 1172 καὶ
2753 1120 2935 1193 ἑτέρως
2963 1120 3140 1186 εἰπεῖν,
3170 1121 3266 1185 ὅτι,
3299 1115 3473 1176 ἐπειδή
3496 1123 3601 1169 τότε
3628 1124 3704 1168 τοῦ
3731 1120 3805 1168 [li-

2276 1227 2400 1281 τρου
2432 1210 2811 1283 ἐρωτήσαντος,
2844 1211 2939 1260 οὐκ
2979 1208 3308 1284 ἀπεκρίνατο,
3338 1227 3437 1260 που
3464 1208 3655 1277 ὑπάγει,
3677 1204 3805 1277 ἐχρῆν

2275 1297 2463 1360 αὐτοὺς
2487 1297 2637 1350 πάλιν
2668 1297 2944 1371 ἐρωτῆσαι.

2347 1386 2481 1441 ’Δλλ’
2514 1418 2579 1429 --
2610 1385 2857 1462 καρδίαν.
2888 1384 3096 1461 Σφόδρα
3124 1386 3431 1457 ἐλυπήθητε,
3471 1390 3554 1438 καὶ
3588 1381 3670 1438 διὰ
3689 1391 3806 1435 τοῦτο

2275 1483 2477 1549 σιγᾶτε.

2346 1566 2466 1619 Αλλ’
2498 1599 2564 1608 -
2621 1569 2762 1640 ὑμῖν.
2814 1566 2898 1628 Ὠς
2952 1566 3317 1625 αὐτοάλήθεια.
3376 1564 3480 1619 Κᾶν
3518 1566 3610 1637 γὰρ
3659 1564 3807 1635 μνριάο

503 1661 865 1731 Quanquam
904 1655 1066 1711 enim
1092 1653 1251 1709 mille
1276 1652 1470 1709 modis
1493 1653 1653 1709 anxii
1685 1653 1828 1718 sitis,
1858 1652 2151 1707 veritatem

2273 1676 2354 1717 κις
2388 1655 2642 1721 λυπῆσθε,
2695 1660 2788 1715 τὴν
2838 1654 3080 1715 ἀλήθειαν
3131 1655 3284 1726 λέγω,
3325 1660 3417 1707 καὶ
3452 1654 3541 1706 οὐκ
3574 1651 3810 1727 ἀποκρύψω

500 1749 721 1819 dicam,
742 1761 852 1803 nec
878 1743 1068 1799 tristia
1087 1742 1424 1812 occultabo,
1454 1742 1605 1798 sicut
1630 1743 1676 1797 ii
1692 1742 1883 1814 quiad
1909 1741 2163 1810 gratiam

499 1838 850 1912 loquuntur.
882 1832 1105 1889 Deinde
1144 1832 1517 1888 consolando
1558 1832 1817 1888 ostendit
1849 1830 2047 1886 utilem
2078 1828 2163 1885 eis

498 1941 631 1984 esse
690 1940 863 1981 suam
920 1920 1362 1996 profectionem.

570 2016 733 2071 Vers.
767 2019 830 2071 7.
865 2011 1121 2081 Expedit
1149 2040 1217 2053 —
1244 2026 1363 2067 vos.
1397 2011 1513 2066 Vos
1564 2010 1800 2082 quidem
1831 2008 2067 2081 optatis,
2098 2011 2163 2063 ut

497 2118 610 2175 ego
638 2118 836 2160 verser
864 2100 1195 2163 vobiscum,
1236 2115 1443 2154 verum
1471 2098 1634 2154 aliud
1701 2098 1870 2153 vobis
1900 2096 2157 2168 expedit.

495 2190 897 2249 Procuratoris
957 2194 1048 2244 est
1100 2193 1321 2251 autem,
1383 2203 1502 2242 non
1548 2186 1857 2256 indulgere
1903 2184 2153 2249 dilectis,

494 2297 632 2337 cum
662 2278 892 2336 inutilia
921 2276 1378 2347 concupiscunt.
1405 2279 1552 2331 Nam
1600 2275 1745 2346 quia
1791 2274 2049 2344 desuper
2077 2274 2156 2330 ita

492 2373 711 2424 sancta:
740 2365 1002 2422 Trinitati
1030 2364 1222 2420 visum
1252 2369 1361 2430 est,
1397 2369 1459 2418 ut
1489 2363 1658 2419 Pater
1682 2362 1931 2434 quidem
1962 2362 2039 2418 ad
2072 2363 2156 2417 Fi-

489 2456 644 2516 lium
675 2471 778 2512 eos
808 2454 1129 2511 attraheret
1155 2470 1171 2507 :
1204 2452 1381 2508 Filius
1409 2457 1609 2508 autem
1638 2450 1771 2507 illos
1796 2452 2055 2517 doceret,
2085 2467 2154 2507 ac

492 2545 743 2618 Spiritus
773 2543 1199 2614 sanctusipsos
1220 2540 1521 2612 perﬁceret
1553 2556 1565 2595 :
1599 2545 1654 2595 et
1679 2541 1805 2611 jam
1838 2541 1959 2596 duo
1991 2558 2148 2597 com-

489 2633 651 2707 pleta
679 2638 864 2698 erant,
908 2630 1222 2703 oportebat
1261 2636 1315 2685 et
1356 2630 1595 2685 tertium
1622 2629 1845 2702 perﬁci,
1876 2646 2152 2685 consum-

494 2724 821 2780 mationem
855 2720 1128 2777 videlicet
1159 2719 1410 2792 Spiritus
1450 2719 1637 2775 sancti
1669 2718 1823 2790 (xz).
1855 2721 1987 2775 Non
2026 2724 2149 2776 erat

488 2815 691 2870 autem
725 2826 988 2884 aequum,
1024 2815 1088 2865 ut
1116 2808 1230 2864 hoc
1256 2807 1441 2872 ﬁeret,
1474 2808 1587 2863 nisi
1614 2814 1937 2880 postquam
1972 2808 2147 2863 Filius

487 2901 854 2957 recessisset.
870 2899 1119 2968 Expedit
1142 2900 1336 2969 itaque
1348 2897 1510 2953 vobis
1522 2903 1585 2951 ut
1607 2912 1711 2967 ego
1733 2897 1958 2953 abeam.
1987 2898 2147 2954 Sicut

488 2991 669 3058 enim,
701 2989 761 3044 Si
789 3004 883 3058 ego
914 3003 1027 3043 non
1058 2987 1280 3055 abiero,
1312 2986 1659 3042 Paracletus
1696 3002 1816 3040 non
1850 2986 2035 3042 veniet
2067 2987 2149 3042 ad
2176 3033 2189 3073 ε

487 3094 588 3135 vos
622 3078 741 3134 :ita
767 3078 969 3147 etiam,
1022 3077 1073 3132 si
1104 3075 1444 3132 Paracletus
1475 3090 1597 3130 non
1632 3075 1854 3129 venerit
1897 3074 1971 3129 ad
2014 3091 2139 3140 vos,

485 3181 877 3239 nequaquam
933 3163 1341 3238 perﬁciemini.
1393 3167 1636 3219 Necesse
1701 3168 1787 3219 est
1860 3179 2024 3234 ergo,
2079 3170 2144 3220 ut

485 3271 599 3326 ego
655 3254 888 3319 abeam,
943 3253 1243 3325 completo
1295 3252 1418 3323 jam
1471 3268 1671 3325 opere,
1711 3252 1874 3325 quod
1907 3269 2004 3309 me
2056 3252 2141 3308 fa-

486 3359 618 3401 cere
643 3344 926 3417 oportuit,
958 3348 1022 3400 ut
1038 3342 1189 3399 alius
1218 3343 1553 3399 exhortator
1582 3341 1884 3407 adveniat,
1917 3358 2143 3415 vosque

484 3433 781 3506 perﬁciat.

559 3524 718 3578 Vers.
751 3521 805 3577 8.
839 3524 1103 3593 Cumque
1130 3521 1347 3577 venerit
1402 3550 1467 3561 --
1498 3520 1744 3590 judicio.
1794 3551 1861 3561 -—
1895 3521 2141 3590 Arguet,

484 3609 602 3666 hoc
633 3614 742 3674 est,
774 3608 1205 3665 condemnabit
1234 3608 1477 3664 tandem
1510 3608 1639 3679 (νυ)
1662 3608 1873 3674 malos,
1908 3609 2145 3664 inexcu-

486 3697 707 3752 sabiles
757 3697 997 3767 penitus
1054 3696 1509 3761 demonstrabit,
1564 3713 1701 3752 cum
1758 3713 1852 3752 me
1907 3707 2146 3753 mortuo

484 3784 735 3841 eximias
759 3784 1074 3857 apparebit
1102 3784 1427 3844 doctrinas.
1461 3791 1518 3840 et
1548 3790 1609 3840 ut
1632 3785 1806 3854 signa
1842 3784 1990 3841 ﬁant
2020 3802 2140 3842 ma-

483 3873 649 3930 xima
666 3874 742 3929 ad
759 3873 875 3929 mei
891 3873 1152 3929 nominis
1170 3873 1630 3929 invocationem.
1660 3874 1813 3940 Quid
1827 3891 1968 3947 ergo
1986 3881 2146 3947 post-

482 3962 599 4020 hac
627 3962 951 4020 adversum
984 3978 1080 4019 me
1097 3961 1316 4029 dicent,
1340 3964 1506 4035 quod
1558 3963 1632 4019 sit
1654 3964 1867 4019 rationi
1897 3980 2145 4020 consen-

482 4058 728 4113 taneum
756 4052 784 4108 ?
810 4052 990 4123 Cujus
1029 4052 1210 4107 etiam
1244 4052 1460 4108 mortui
1508 4069 1733 4109 nomen
1796 4054 1935 4109 talia
1993 4070 2145 4125 prae-

485 4150 641 4200 stare
675 4142 887 4215 poterit
914 4143 942 4198 ‘I
974 4141 1236 4214 profecto
1265 4142 1427 4196 nihil.
1462 4142 1684 4198 Deinde
1711 4158 1781 4199 ea
1833 4143 2013 4199 etiam
2045 4160 2139 4199 ex-

482 4232 715 4306 planat,
742 4231 819 4287 de
847 4232 1067 4303 quibus
1097 4230 1229 4286 illos
1278 4236 1505 4299 arguet.

554 4322 720 4380 Vers.
747 4324 798 4376 6.
828 4323 909 4377 De
938 4351 1007 4361 —
1038 4335 1145 4377 me.
1180 4322 1322 4375 Nam
1370 4319 1770 4377 irremissibile
1800 4321 1906 4378 erit
1936 4337 2141 4394 pecca-

478 4414 635 4477 tum,
664 4408 865 4466 adhuc
894 4409 957 4465 in
984 4424 1079 4464 me
1124 4424 1244 4464 non
1279 4408 1537 4463 credere.

554 4502 713 4554 Vers.
743 4499 829 4553 iO.
866 4500 948 4554 De
976 4529 1045 4538 ——
1077 4513 1185 4554 me.
1225 4498 1372 4552 Justi
1404 4513 1657 4569 namque
1690 4499 1976 4555 indicium
2029 4506 2139 4570 est,

483 4586 768 4643 accedere
815 4586 894 4641 ad
925 4586 1134 4650 Deum,
1169 4586 1465 4658 simulque
1508 4602 1646 4641 cum
1677 4602 1748 4643 eo
1780 4604 1929 4644 esse.
1990 4592 2137 4647 Nam

479 4675 597 4732 hoc
616 4674 905 4744 signiﬁcat
935 4692 951 4729 :
979 4676 1053 4730 Et
1084 4676 1334 4744 posthac
1354 4691 1473 4731 non
1505 4675 1775 4732 videbitis
1794 4694 1903 4734 me.
1937 4679 2139 4750 Itaque

480 4764 598 4822 nisi
639 4763 838 4835 justus
908 4779 1126 4830 essem,
1182 4779 1307 4820 non
1369 4764 1715 4821 accederem
1762 4767 1839 4822 ad
1901 4769 2134 4825 Deum:

550 4917 719 4976 Joan.
760 4931 882 4989 xm,
914 4918 1005 4973 36.

2192 3026 2215 3044 η

2190 3060 2217 3082 J

2272 1747 2338 1797 τὰ
2393 1744 2622 1819 λυπηρὰ,
2677 1748 2745 1807 ὡς
2795 1746 2844 1797 οἱ
2884 1744 3110 1816 λέγοντες
3161 1748 3292 1817 πρὸς
3348 1744 3525 1815 χάριν,
3568 1738 3665 1793 εἶτα
3710 1759 3811 1813 παρ-

2274 1842 2475 1908 ηγορῶν
2510 1830 2747 1887 δείκνυσι
2786 1833 3156 1887 λυσιτελοῦσαν
3195 1833 3377 1892 αὐτοῖς
3418 1836 3506 1890 τὴν
3559 1826 3809 1903 ἀποδημίαν

2272 1922 2454 1978 αὐτοῦ.

2342 2018 2591 2089 Συμφέρει
2633 2044 2699 2054 -
2758 2015 2912 2086 ὑμᾶς.
2969 2011 3133 2085 Ὑμεῖς
3323 2008 3567 2083 βούλεσθε
3624 2011 3808 2059 συνεῖνιέ

2269 2123 2332 2175 με
2373 2104 2531 2175 ὑμῖν·
2567 2106 2679 2155 ἔστι
2738 2099 2797 2155 δε
2852 2106 2910 2154 τὸ
2966 2104 3225 2175 συμφέρον
3283 2101 3451 2165 ἕτερον
3496 2118 3508 2130 ·
3565 2093 3808 2169 κηδομένου

2271 2189 2329 2244 δὲ
2386 2196 2443 2244 τὸ
2497 2197 2567 2264 μὴ
2626 2188 2898 2264 φείδεσθαι
2961 2200 3060 2243 τῶν
3108 2192 3481 2261 ὴγαπημένων,
3525 2189 3635 2239 ὅταν
3676 2183 3807 2255 ἀσύμ-

2267 2301 2399 2353 φορα
2443 2280 2760 2353 βούλωνται.
2801 2280 2943 2333 Ἐπεὶ
2970 2283 3068 2354 γὰρ
3119 2275 3407 2337 εὐδόκησεν
3460 2277 3632 2329 ἄνωθεν
3661 2276 3686 2331 ἡ
3714 2272 3810 2343 ἁγία

2264 2373 2424 2444 Τριὰς
2473 2374 2561 2423 τὸν
2606 2373 2695 2442 μὲν
2750 2374 2960 2441 Πατὲφα
3034 2368 3246 2421 ἑλκύσαι
3320 2367 3507 2426 αὐτοὺς
3586 2368 3695 2437 πρὸς
3740 2365 3806 2413 τὸν

2264 2461 2382 2511 Υἱὸν
2421 2477 2433 2488 ο
2464 2463 2548 2511 τὸν
2577 2455 2633 2511 δί
2659 2462 2776 2511 Υἶόν
2809 2454 3029 2521 διδάξαι
3060 2457 3251 2517 αὐτούς
3294 2474 3306 2486 ·
3354 2458 3411 2508 τὸ
3472 2451 3529 2507 δε
3566 2460 3742 2523 Πνεῦμα
3763 2453 3806 2501 τὸ

2262 2548 2409 2620 ἅγιον
2452 2547 2724 2600 τελειῶσαι
2772 2547 2963 2609 αὐτούς
3023 2562 3035 2573 ⁸
3074 2550 3164 2598 καὶ
3216 2548 3283 2597 τὰ
3436 2541 3529 2596 δύο
3578 2538 3671 2600 ἤδη
3693 2546 3810 2610 γε’[όο

2260 2656 2409 2688 νασιν
2452 2654 2463 2665 ·
2498 2633 2606 2689 ἔδει
2632 2633 2690 2688 δὲ
2718 2638 2960 2706 γενέσθαι
2990 2640 3078 2687 καὶ
3132 2639 3189 2687 τὸ
3232 2639 3430 2708 τρίτον,
3489 2638 3577 2690 τὴν
3626 2626 3707 2683 διὰ
3740 2634 3809 2679 τοῦ

2260 2726 2413 2796 ἁγίου
2464 2728 2757 2798 Πνεύματος
2804 2724 3065 2777 τελείωσιν
3111 2744 3121 2755 ·
3153 2724 3246 2775 οὐκ
3306 2720 3368 2781 ἦν
3425 2719 3483 2774 δὲ
3528 2721 3652 2779 εἰκὸς
3691 2725 3810 2769 τοῦτο

2258 2812 2437 2871 ἐλθεῖν.
2484 2818 2555 2885 μὴ
2610 2812 2920 2874 ἀπελθόντος
2964 2820 3055 2864 τοῦ
3110 2813 3270 2864 Υἱοῦ·
3326 2815 3486 2881 φησὶν
3526 2810 3602 2860 ὃτι
3650 2808 3809 2877 ivppi-

2255 2922 2334 2976 ρει
2388 2904 2524 2975 ὒμῖν,
2588 2904 2670 2954 ἱνα
2720 2900 2820 2973 ἐγὼ
2878 2900 3101 2965 ἁπίλθω,
3183 2905 3274 2952 καὶ
3333 2902 3402 2951 τὰ
3473 2898 3601 2960 ἑξῆς.
3646 2895 3807 2964 Ὠσπερ

2254 2992 2378 3064 γὰρ,
2429 2990 2546 3043 Ἐὰν
2629 2990 2729 3061 ἐγὼ
2807 2994 2878 3061 μὴ
2959 2987 3183 3055 ἀπέλθω,
3274 2990 3303 3039 ὁ
3364 2986 3685 3060 Παράκλητος
3737 2981 3808 3033 οὐκ

2256 3077 2517 3131 ἐλεύσεται
2546 3084 2676 3154 πρὸς
2701 3080 2830 3151 ὑμᾶς
2855 3097 2867 3107 '
2910 3079 3044 3130 οὕτω
3077 3088 3188 3144 και,
3220 3076 3309 3129 ἐὰν
3351 3079 3377 3128 ὁ
3410 3074 3719 3147 Παράκλητος
3736 3071 3807 3122 οὐκ

2256 3165 2515 3221 ἐλεύσεται
2554 3172 2678 3243 πρὸς
2705 3169 2855 3240 ὑμᾶς,
2882 3166 2943 3219 οὐ
2968 3167 3206 3224 τελειωθὴ
3217 3168 3396 3219 σεσθε.
3439 3167 3722 3235 Ἀναγκαῖον
3739 3155 3806 3211 οὖν

2253 3255 2428 3308 λοιπὸν
2490 3256 2578 3329 ἐμὲ
2632 3255 2883 3321 ἀπελθεῖν,
2957 3256 3341 3328 πεπληρωκότα
3380 3258 3439 3306 τὸ
3484 3258 3618 3326 ἔργον
3658 3252 3680 3302 b
3725 3248 3806 3300 ἔδει

2252 3350 2476 3403 ποιῆσαί
2506 3365 2589 3418 με,
2623 3346 2706 3397 ἵνα
2743 3346 2769 3397 ὀ
2793 3344 2943 3406 ἄλλος
2970 3344 3307 3418 παράκλητος
3339 3343 3460 3416 ἔλθῃ
3493 3347 3577 3394 καὶ
3603 3339 3803 3407 τελειώσῃ

2253 3434 2408 3506 ὑμᾶς.

2329 3528 2428 3576 Καὶ
2479 3521 2633 3576 ἐλθὼν
2683 3554 2746 3563 -
2811 3528 3052 3598 κρίσεως.
3134 3554 3203 3562 -
3286 3522 3535 3593 Ἐλέγξεὶ,

2258 3608 2620 3665 Καταδικάσει
2673 3612 2837 3665 τέλεον
2888 3616 3009 3674 τοὺς
3071 3615 3359 3685 πονηροὺς,
3451 3607 3813 3678 ἀναπολογήτους

2254 3703 2589 3753 παντάπασιν
2639 3703 2754 3770 (52)
2813 3700 3075 3774 ἀποφήνῃ,
3130 3703 3275 3765 ὅταν,
3337 3700 3671 3757 ἀποθανόντος
3715 3712 3810 3766 tua,

2254 3792 2636 3862 παρασκευάσῃ
2696 3789 2905 3860 ὑψηλὰς
2962 3791 3073 3861 (53)
3107 3785 3470 3850 διδασκαλίας
3520 3791 3605 3840 καὶ
3630 3788 3813 3858 μέγιστα

2257 3886 2449 3950 σημεῖα
2501 3877 2845 3932 ἐπιτελεῖσθαι
2898 3879 3017 3950 (54)
3056 3877 3140 3931 ἐπὶ
3194 3887 3255 3951 τῇ
3303 3878 3492 3937 κλήσει
3546 3884 3628 3928 τοὺ
3663 3874 3813 3941 ὀνομα-

2253 3972 2335 4028 τός
2364 3987 2485 4039 μου.
2526 3973 2589 4020 Τί
2636 3971 2735 4040 γὰρ
2790 3966 2994 4040 ἐροῦσιν
3035 3971 3110 4020 ἔτι
3157 3968 3272 4020 κατ’
3321 3968 3449 4040 ἐμοῦ
3500 3967 3687 4035 εὕλοιον
3714 3978 3727 4021 '.
3754 3957 3811 4011 Οὔ

2253 4061 2343 4107 καὶ
2373 4058 2717 4116 ἀποθανόντος
2779 4056 3067 4114 τηλικαῦτα
3095 4054 3323 4108 δύναται
3354 4061 3414 4109 τὸ
3468 4062 3619 4126 ὄνομα
3654 4060 3806 4125 μόνους

2254 4151 2449 4208 Ὄντως
2484 4142 2655 4200 οὐδέν.
2704 4143 2831 4199 Εἶτα
2870 4145 3199 4221 ἐφερμηνεύει
3227 4152 3322 4197 καὶ
3351 4144 3427 4217 ἐφ’
3453 4146 3523 4205 οἷς
3552 4141 3717 4213 δεῖξει
3741 4135 3807 4187 αὖα

2251 4253 2341 4287 του
2352 4256 2391 4297 ς.

2324 4328 2449 4393 Περὶ
2477 4354 2544 4364 -
2575 4322 2685 4396 ἔμε.
2719 4322 2975 4397 Ἀμαρτία
3003 4325 3105 4398 γὰρ
3137 4343 3522 4396 ασυγγνωστος
3548 4325 3601 4373 τὸ
3623 4322 3686 4393 μὴ
3714 4333 3806 4368 πισ-

2249 4416 2411 4465 τεύειν
2440 4415 2517 4465 ἔτι
2548 4413 2618 4475 εἰς
2647 4411 2753 4485 ἐμέ.

2324 4506 2449 4576 Περὶ
2487 4533 2555 4541 -
2604 4520 2688 4575 με.
2718 4506 2932 4554 Δικαὶου
2988 4502 3090 4575 ’γὰρ
3148 4508 3435 4575 γνώρισμα
3462 4505 3518 4554 τὸ
3546 4495 3805 4570 πορεύεσθαι

2248 4594 2375 4664 πρὸς
2424 4594 2511 4643 τὸν
2559 4594 2688 4644 Θεὸν
2736 4597 2827 4644 καὶ
2884 4597 3115 4644 συνεῖναι
3169 4592 3336 4663 αὐτῷ.
3370 4600 3533 4645 Τοῦτο
3560 4593 3650 4663 γὰρ
3687 4582 3805 4640 δηλοῖ

2250 4684 2307 4732 τὸ
2336 4695 2350 4710 ⁶
2387 4685 2489 4733 Καὶ
2530 4680 2705 4733 οὐκέτι
2761 4682 2993 4754 θεωρεῖτέ
3031 4699 3112 4753 με.
3171 4685 3274 4735 Καὶ
3315 4681 3516 4745 λοιπὸν,
3546 4678 3585 4731 εἰ
3603 4680 3667 4750 μή
3694 4677 3800 4743 ἥμην

2250 4767 2476 4839 δίκαιος,
2537 4769 2632 4822 οὐκ
2690 4768 2749 4822 ἂν
2780 4767 3096 4845 ἐπορευόμην
3134 4773 3265 4847 πρὸς
3310 4773 3401 4823 τὸν
3433 4772 3627 4840 Πατέρα
3667 4781 3679 4794 ·
3717 4767 3799 4820 πῶς

3616 3520 3810 3570 τουτέστι

1698 5043 1920 5113 Varias
1976 5046 2306 5118 lectiones
2350 5057 2416 5118 et
2452 5056 2658 5117 notae.

539 5239 704 5321 .(52)‘
734 5238 1010 5321 'A‘ﬂ'quvtz
1067 5238 1512 5311 corrigendum,
1592 5239 1757 5313 quod
1808 5241 2131 5299 Hentenius

477 5310 657 5368 etiam
690 5310 889 5366 habet.

545 5382 662 5455 (53)
718 5384 943 5439 Durum
1014 5382 1151 5448 hoc,
1221 5384 1584 5456 παρασευάσέι
1637 5378 2000 5449 διδασαλὶκσς
2044 5390 2136 5440 καὶ

570 5508 680 5579 xx)
710 5507 975 5575 Spiritus
1000 5504 1216 5563 sancti.
1262 5505 1638 5579 PerSpirtum
1669 5512 1974 5567 sanctum.

611 5583 670 5654 y)
712 5580 993 5639 Tandem.
1030 5579 1299 5637 Prorsus.
1326 5579 1493 5637 Forte
1516 5582 1659 5646 τελος
1699 5582 1979 5653 ;invenit.

2243 5242 2607 5320 ἐπιτελεῖσθαι.
2631 5243 2827 5302 Malim
2848 5258 2991 5318 ergo
3015 5249 3154 5320 post
3179 5240 3555 5311 διδασκαλίας,
3581 5241 3791 5310 interm

2241 5331 2384 5373 nere

2412 5318 2673 5388 γίνεσθαι.

2315 5386 2431 5461 (54)
2460 5387 2729 5443 Τελείσθαι
2768 5394 2824 5442 Β.
