4022 6232
211 286 352 343 1425

1182 281 1556 342 COMMENT.
1604 282 1674 339 IN
1712 280 2064 338 JOANNEM.
2106 312 2176 326 -
2213 279 2374 340 CAP.
2413 281 2558 340 XVI.

3436 280 3576 339 1426

206 413 313 485 γὰρ
363 409 424 462 ἆν
481 407 781 484 ἁμαρτωλὸς
833 411 922 462 καὶ
979 406 1165 469 πλάνος
1222 413 1312 462 καὶ
1358 410 1650 483 παράνομος
1719 413 1804 460 xui

1927 407 2224 481 quomodo
2273 423 2538 481 namque
2600 409 2878 480 peccator
2938 421 3008 464 ac
3068 404 3370 477 seductOr,
3426 408 3574 479 legis

207 499 438 561 ἀντίθεος
467 501 739 573 πορευθείη
775 501 901 574 πρὸς
940 501 1026 551 τὸν
1057 494 1260 550 δίκαιον
1308 503 1399 551 καὶ
1444 497 1683 557 ἀληθινὸν
1721 501 1811 550 καὶ

205 591 493 659 νομοθέτην
513 593 604 642 καὶ
634 592 762 642 Θεὸν
785 604 800 656 ;

188 791 194 794 ·
286 769 387 818 Καὶ
431 765 583 816 πόθεν
623 759 782 822 δῆλον
814 765 894 816 ὅτι
949 765 1082 836 πρὸς
1136 765 1222 815 τὸν
1277 765 1404 816 Θεὸν
1461 761 1574 834 (55)
1614 761 1812 823 ἀπῆλθε

203 859 301 906 καὶ
355 855 590 905 σύνεστιν
656 851 835 922 αὑτῷς
909 854 1103 916 Πόθιν;
1159 853 1290 904 Ἀπὸ
1363 859 1458 914 τῆς
1513 859 1605 905 τοϋ
1655 852 1808 926 ἁγίου

206 945 510 1014 Πνεύματος
559 945 873 1015 μαρτυρίας,
926 949 1017 1002 τῆς
1075 937 1148 993 δι’
1209 939 1507 1014 ἐλλάμψεως
1563 946 1653 993 καὶ
1715 959 1808 998 ση·

201 1035 391 1104 μείων,
447 1033 514 1092 ὡς
553 1035 878 1106 προείρηται,
930 1030 1015 1083 ἐπὶ
1064 1038 1135 1102 τῷ
1184 1029 1397 1103 ὀνόματι
1445 1030 1606 1083 αὐτοῦ
1662 1050 1810 1102 γινο-

201 1124 367 1194 μένης
394 1119 529 1191 (56).

278 1208 472 1262 Οὐκέτι
536 1204 594 1262 δι
653 1210 887 1281 θεωρεῖτέ
951 1228 1032 1281 με,
1093 1211 1224 1280 μετὰ
1268 1216 1364 1270 τῆς
1418 1215 1506 1259 νῦν
1565 1204 1810 1266 δηλονότι

199 1293 430 1360 ἀδοξίας
473 1302 563 1349 xui
594 1295 871 1358 εὐτελείας·
906 1297 1107 1370 ἔμελλον
1155 1300 1255 1371 γὰρ
1302 1297 1457 1350 αὐτὸν
1505 1298 1647 1372 ὁρᾲν,
1699 1295 1809 1349 ἀλλ’

199 1387 314 1459 οὐχ
345 1389 416 1449 ὡς
443 1389 498 1439 τὸ
526 1391 796 1461 πρότερον.

279 1481 408 1548 Περὶ
449 1507 504 1515 —-
531 1480 783 1547 κέκριται.
815 1473 936 1527 Ὀτι
967 1475 992 1526 6
1019 1471 1261 1537 διάϐολος
1309 1480 1681 1549 κατακέκριται
1719 1479 1806 1528 καὶ

200 1564 513 1623 ἐκϐέϐληται
558 1573 654 1627 τῆς
699 1561 1012 1626 δυναστείας
1051 1565 1228 1631 αὐτοῦ,
1278 1569 1467 1638 μηκέτι
1523 1563 1808 1637 δυνάμενος

199 1655 338 1716 ὅλως
381 1659 544 1728 φέρειν
599 1658 657 1706 τὸ
711 1653 830 1726 ἐμὸν
861 1657 1039 1726 ὄνομα,
1085 1653 1214 1706 ἀλλὰ
1264 1658 1566 1727 παραυτίκα
1615 1651 1809 1728 δραπε-

1921 503 2350 571 transgressor,
2426 499 2649 572 Deique
2732 496 3128 565 adversarius,
3234 499 3577 570 perveniret

1921 588 1998 644 ad
2068 604 2206 644 eum
2274 587 2380 661 qui
2443 588 2641 659 justus
2707 593 2816 661 est,
2885 601 3091 652 verax,
3155 587 3460 660 legislator
3502 603 3576 647 ac

1922 680 2076 735 Deus
2096 679 2125 734 ?

1994 768 2108 825 Sed
2147 768 2307 823 unde
2334 768 2712 825 manifestum
2739 768 2866 834 erit,
2885 769 3049 843 quod
3078 768 3158 826 ad
3187 771 3373 826 Deum
3396 767 3574 826 abeat

1920 861 1976 912 et
2002 874 2138 913 cum
2167 873 2237 916 eo
2267 857 2341 912 sit
2367 857 2395 912 ?
2427 859 2607 914 Unde.
2637 858 2683 912 A
2713 859 2960 931 Spiritus
2988 859 3178 915 sancti
3208 857 3570 926 testimonio,

1923 965 2025 1020 per
2057 948 2518 1015 illustrationem,
2569 950 2636 1002 ut
2659 947 2885 1005 dictum
2916 952 3022 1015 est,
3053 963 3126 1004 ac
3187 947 3380 1020 signa,
3435 963 3570 1020 quae

1919 1053 2026 1112 per
2049 1051 2272 1094 nomen
2297 1037 2426 1109 ejus
2451 1036 2722 1094 edentur.

1991 1216 2239 1272 Posthac
2264 1220 2465 1272 autem
2482 1230 2600 1272 non
2620 1214 2896 1273 videbitis
2916 1230 3035 1284 me,
3064 1230 3204 1272 cum
3228 1214 3344 1271 hac
3370 1213 3571 1272 videli-

1919 1310 2011 1360 cet
2040 1305 2363 1375 ignominia
2393 1310 2450 1362 et
2492 1305 2843 1376 abjectione,
2877 1303 3177 1378 siquidem
3218 1302 3406 1360 visuri
3431 1319 3571 1361 eum

1918 1400 2107 1460 erant,
2140 1395 2242 1450 sed
2275 1411 2392 1450 non
2433 1399 2496 1450 ut
2523 1395 2712 1468 prius.

1980 1487 2144 1541 Vers.
2184 1485 2272 1540 11.
2310 1486 2391 1541 De
2414 1516 2480 1525 —
2491 1485 2792 1554 judicatus
2820 1489 2926 1541 est.
2954 1483 3104 1550 Quia
3132 1481 3410 1540 diabolus
3432 1498 3574 1540 con-

1919 1573 2234 1630 demnatus
2271 1578 2382 1638 est,
2417 1578 2473 1630 et
2510 1578 2819 1646 potentatu
2867 1589 2978 1630 suo
3019 1573 3259 1645 ejectus,
3300 1587 3424 1628 non
3466 1587 3572 1645 po-

1915 1666 2046 1721 tens
2077 1664 2324 1734 posthac
2353 1679 2544 1719 meum
2580 1662 2830 1719 omnino
2860 1663 3011 1720 ferre
3039 1677 3282 1728 nomen,
3317 1661 3424 1718 sed
3452 1665 3572 1718 sta-

201 1747 387 1798 τεύων.
442 1750 556 1805 Πῶς
609 1741 664 1795 δ’
720 1745 781 1794 ἄν
837 1749 990 1795 τοῦτο
1043 1747 1306 1808 πέπονθεν,
1352 1744 1396 1796 εἰ
1454 1744 1596 1816 φίλον
1649 1742 1804 1795 αὐτὸν

1927 1752 2025 1810 tim
2069 1753 2301 1826 fugiens
2334 1769 2348 1808 :
2389 1751 2720 1824 quomodo,
2759 1751 3031 1818 obsecro,
3064 1751 3125 1806 id
3162 1751 3241 1807 illi
3267 1751 3571 1820 continge-

201 1829 376 1904 εἶχον,
409 1834 476 1894 ὡς
519 1833 567 1884 οἱ
596 1836 812 1906 πονηροὶ
838 1831 1080 1904 λέγουσιν
1105 1850 1118 1862 °
1153 1835 1234 1886 ὅτι
1280 1832 1328 1885 ἓν
1375 1853 1446 1905 τῳ
1503 1831 1803 1893 Βεελζεϐοὺλ

198 1924 432 1994 ἄρχοντι
461 1929 560 1973 τῶν
603 1917 886 1994 δαιμονίων
925 1919 1150 1973 έκϐάλλω
1185 1926 1252 1975 τὰ
1296 1919 1562 1996 δαιμόνια,
1597 1925 1686 1974 καὶ
1726 1922 1805 1974 ὅτι

200 2008 482 2083 δαιμόνιον
507 2012 634 2082 ἔχω,
668 2014 759 2062 καὶ
783 2012 850 2062 τὰ
878 2017 1096 2063 τοιαῦτα
1119 2028 1133 2076 ;

271 2189 386 2242 Ἵνα
456 2183 514 2240 δε
581 2189 668 2238 τὸν
746 2185 896 2258 λόγον
967 2185 1517 2261 ἁνακεφαλαιώσωμεν,
1595 2188 1803 2255 Ἐλθὼν,

196 2281 390 2349 φησὶν,
438 2278 463 2328 6
533 2275 870 2351 Παράκλητος
920 2276 1109 2348 έλέγξιι
1179 2283 1296 2339 τοὺς
1353 2281 1648 2352 πονηρούςο
1723 2277 1806 2331 ἐπὶ

197 2365 437 2438 ἁμαρτίᾳ
494 2368 583 2437 μὲν
613 2367 695 2418 ὅτι
747 2365 1128 2440 ἁμαρτάνουσι,
1178 2372 1249 2439 μὴ
1310 2370 1634 2428 πιστεύοντες
1691 2371 1802 2420 ἔτιο

199 2454 288 2507 ἐπὶ
318 2450 630 2527 δικαιοσύνη
665 2450 744 2521 δέ,
773 2457 853 2506 ὃτι
885 2451 1092 2518 δίκαιος
1112 2455 1210 2528 ἑγὼ
1241 2461 1329 2509 xui
1355 2457 1460 2528 οὐχ
1486 2456 1802 2529 ἁμαρτωλὸς,

198 2547 272 2604 ὡς
315 2543 466 2595 αὐτοὶ
503 2544 777 2614 λέγουσιν·
833 2541 917 2595 ἐπὶ
956 2548 1129 2616 κρίσει
1187 2540 1246 2596 δε
1301 2548 1418 2603 ἢτοι
1469 2549 1802 2618 κατακρίσει,

199 2633 285 2685 ὅτι
329 2635 703 2707 κατακέκριται
732 2633 758 2684 6
787 2633 970 2708 ἄρχων
999 2641 1098 2685 τῶν
1145 2629 1448 2707 δαιμονίων,
1499 2637 1564 2695 ὡς
1616 2633 1805 2707 ἐχθρὸς

199 2725 296 2774 καὶ
323 2721 380 2774 οὗ
407 2721 552 2794 φίλος
580 2740 702 2794 μου.

273 2899 394 2954 Ἔτι
437 2930 504 2940 -
555 2899 696 2974 ἄρτι.
757 2898 980 2962 ’Δτελεῖς
1034 2903 1168 2962 ὄντες
1217 2903 1311 2967 ἔτι,
1361 2905 1451 2954 καὶ
1493 2907 1652 2974 μήπω
1711 2899 1804 2955 διὰ

197 2997 304 3042 τῶν
359 2989 409 3040 ίν
447 2997 519 3059 τῷ
564 2996 774 3062 σταυρῷ
828 2994 918 3041 καὶ
973 2997 1035 3062 τῇ
1098 2989 1382 3044 ἀναστάσει
1429 3011 1530 3063 μου
1579 3000 1802 3066 φρικτῶν

1917 1847 2022 1907 ret,
2054 1842 2102 1898 si
2142 1843 2396 1899 amicum
2427 1857 2566 1898 eum
2595 1840 2904 1908 haberem,
2936 1839 3117 1897 veluti
3167 1839 3372 1897 dicunt
3402 1839 3562 1907 mali,

1915 1931 2080 2004 quod
2111 1948 2210 2004 per
2248 1930 2553 1988 Beelzebul
2593 1930 2922 2003 principem
2986 1929 3426 1986 daemoniorum
3467 1928 3570 2002 eji-

1915 2021 2069 2078 ciam
2095 2021 2396 2078 daemonia
2427 2022 2496 2088 η,
2515 2019 2798 2094 quodque
2813 2019 3184 2076 dmmonium
3200 2017 3465 2076 habeam
3494 2019 3569 2087 ‘9,

1913 2114 1968 2166 et
1992 2115 2205 2166 csetera
2242 2108 2591 2182 hujusmodi
2614 2109 2644 2164 ?

1988 2202 2057 2256 Ut
2111 2203 2313 2255 autem
2371 2213 2717 2254 sermonem
2771 2197 3121 2254 summatim
3168 2195 3566 2267 colligamus:

1917 2288 2066 2344 Cum
2097 2287 2316 2346 venerit
2370 2286 2730 2351 Paracletus,
2765 2291 2974 2357 arguet
3031 2285 3312 2342 mundum
3343 2286 3415 2342 de
3436 2299 3570 2356 pec-

1915 2383 2067 2442 cato,
2110 2377 2254 2449 quia
2303 2379 2568 2448 peccant,
2601 2375 2706 2448 qui
2758 2374 2957 2432 adhuc
2987 2389 3110 2430 non
3166 2373 3420 2430 credunt
3453 2389 3467 2440 ;
3497 2373 3572 2430 de

1905 2467 2144 2536 justitia
2173 2471 2396 2532 autem,
2424 2465 2567 2538 quia
2589 2465 2789 2536 justus
2821 2478 2932 2534 ego
2963 2478 3098 2519 sum
3129 2466 3186 2518 et
3223 2477 3346 2519 non
3368 2477 3575 2535 pecca-

1915 2559 2025 2619 tor,
2076 2553 2227 2609 sicut
2264 2553 2376 2626 ipsi
2417 2554 2660 2622 dicunt;
2689 2549 3014 2622 dejudicio
3066 2565 3230 2616 vero,
3263 2550 3387 2606 sive
3416 2565 3568 2606 con-

1914 2642 2320 2708 demnatione,
2389 2641 2535 2713 quia
2607 2640 3046 2696 condemnatus
3125 2643 3218 2695 est
3286 2637 3570 2712 princeps

1914 2731 2367 2800 daemoniorum,
2407 2735 2699 2802 tanquam
2745 2727 3049 2794 inimicus,
3082 2730 3141 2784 et
3187 2741 3312 2784 non
3349 2726 3571 2784 amicus

1912 2836 2101 2876 meus.

1982 2909 2148 2967 Vers.
2201 2910 2284 2964 t2.
2330 2907 2531 2964 Adhuc
2567 2936 2636 2946 —
2686 2920 2864 2962 nunc.
2916 2903 3066 2961 Cum
3111 2903 3312 2961 adhuc
3353 2904 3572 2977 imper-

1911 2998 2041 3055 fecti
2074 2997 2219 3065 sitis,
2253 3001 2308 3054 et
2350 2996 2608 3053 necdum
2639 3010 2745 3068 per
2780 2993 3145 3051 horrendam
3198 2992 3306 3066 (zz)
3345 2993 3573 3066 passio-

196 3083 293 3130 xui
323 3074 632 3152 παραδόξων
654 3077 1034 3150 προκόψαντες,
1058 3076 1172 3151 μηδ
1175 3083 1196 3132 ξ
1217 3077 1558 3153 ἐνδυσάμενοι
1579 3078 1800 3155 δύναμιν

1927 3104 2070 3153 Jem,
2103 3103 2174 3144 ac
2212 3086 2586 3158 inopinatam
2625 3083 3114 3141 resurrectionem
3141 3098 3338 3139 meam
3372 3083 3571 3156 profe-

199 3166 256 3230 ἐξ
281 3165 470 3237 ὕψους,

270 3255 434 3308 Ὀταν
507 3287 573 3296 -
624 3253 884 3314 ἀλήθειαν.
959 3257 1045 3318 Εἰς
1109 3260 1167 3308 τὸ
1223 3254 1414 3310 εἰδέναι
1471 3265 1644 3311 πᾶσαν
1707 3264 1801 3318 τὴν

201 3343 449 3402 ἀλήθειαν
515 3353 616 3397 τῶν
697 3347 841 3397 θείων
899 3341 1196 3418 δογμάτων,
1265 3351 1359 3406 τὴν
1429 3353 1801 3420 προσήκουσαν

204 3431 454 3493 δηλονότι
486 3435 842 3506 γνωρισθῆναι
891 3435 1032 3506 ὑμῖν.
1083 3433 1208 3488 Εἶτα
1242 3437 1323 3488 ἱνα
1371 3440 1468 3508 μὴ,
1516 3437 1803 3494 τηλικαῦτα

203 3527 327 3596 περὶ
375 3531 467 3575 τοῦ
528 3523 681 3595 ἁγίου
758 3526 1056 3596 Πνεύματος
1125 3523 1458 3592 ἀκούσαντες,
1521 3527 1700 3600 μεῖζον
1742 3531 1801 3580 τὸ

205 3619 419 3683 Πνεῦμα
442 3617 721 3684 νομίσωσι,
750 3618 838 3664 καὶ
863 3613 934 3674 εἰς
955 3611 1192 3685 ἐσχάτην
1223 3612 1460 3667 ἀσέϐειαν
1486 3613 1799 3687 έμπέσωσιν,

205 3701 393 3771 ίπάγει
428 3702 700 3776 θεραπείαν
728 3707 818 3754 καί
843 3721 1000 3775 φησιν
1025 3721 1037 3736 ο

277 3789 356 3842 Οὐ
395 3821 460 3830 --
497 3789 702 3847 ἑαυτοῦ.
749 3789 949 3865 Ὠσπερ
1003 3788 1118 3845 οὐδ’
1169 3791 1286 3864 έγὼ,
1318 3795 1488 3855 καθὼς
1541 3790 1802 3869 διαφόρως

203 3874 716 3954 προδιεστειλάμην·
763 3877 914 3933 οὐδὲν
969 3884 1070 3956 γὰρ
1122 3877 1260 3934 ἴδιον
1290 3878 1463 3935 οὐδενὶ
1510 3891 1602 3945 τῆς
1653 3883 1805 3956 ἁγίας

199 3964 454 4043 Τριάδος,
498 3967 631 4028 πλὴν
662 3967 990 4041 ἁγεννησίας,
1026 3974 1116 4022 καὶ
1143 3975 1445 4042 γεννήσεως,
1502 3977 1592 4025 καὶ
1646 3971 1803 4025 ἔκπο-

199 4060 450 4132 ρεύσεως,
482 4056 609 4110 ἁ).λὰ
633 4060 781 4110 κοινὰ
809 4060 976 4112 πάντα
1005 4059 1160 4133 αὐτῇ.

273 4323 408 4375 Ἀλλ’
466 4353 532 4365 —
583 4323 819 4383 λαλήσει.
891 4324 1033 4379 Ὅσα
1096 4325 1156 4378 ἃν
1237 4327 1436 4402 ἀκούσῃ
1510 4331 1652 4401 παρὰ
1711 4336 1803 4382 τοῦ

201 4416 429 4487 Πατρός,
463 4413 488 4465 ὁ
526 4418 616 4466 καὶ
673 4419 789 4488 περὶ
819 4414 1044 4487 ἐμαυτοῦ
1084 4416 1325 4478 πολλάκις
1373 4421 1577 4490 εἴρηκα,
1631 4414 1804 4475 δηλῶν

197 4506 256 4554 τὸ
299 4504 601 4575 ὁμοούσιον,
652 4508 741 4556 καὶ
775 4504 1012 4576 ὁμοφυὶς,
1057 4511 1146 4558 xui
1185 4509 1322 4574 ἴσον,
1367 4511 1457 4558 xui
1507 4505 1802 4580 ἀπαράλλα-

200 4611 346 4644 κτον.
377 4591 577 4665 Ὠσπερ
624 4595 725 4666 γὰρ
770 4594 795 4644 ὁ
826 4596 947 4656 Υἱὸς
974 4593 1232 4667 πλήρωμα
1259 4600 1417 4668 νόμου
1471 4602 1562 4647 καὶ
1605 4617 1803 4670 προφη-

203 4688 326 4747 τῶν,
408 4685 472 4734 τὰ
521 4690 748 4743 τυπικῶς
816 4679 1276 4756 προδιαγραφέντα
1347 4682 1640 4756 βεϐαιώσας
1709 4683 1804 4739 διὰ

202 4778 301 4832 τῆς
351 4771 627 4831 ἀληθείαςο
685 4770 819 4822 οὕτω
876 4775 964 4823 xui
1004 4775 1062 4824 τὸ
1113 4773 1244 4824 θεῖον
1285 4779 1493 4846 Πνεῦμα
1542 4773 1803 4850 πλήρωμα

275 4950 326 4986 ³⁸
349 4947 550 5005 Matth.
579 4963 679 5016 xu,
710 4951 799 5003 24.
915 4951 961 4985 ¹⁰
983 4949 1148 5006 Joan.
1172 4965 1268 5022 vu,
1298 4949 1388 5019 20,

1911 3177 2138 3241 ceretis,
2171 3191 2366 3248 neque
2395 3174 2587 3230 induti
2630 3174 2756 3228 sitis
2784 3172 2998 3228 virtute
3029 3187 3100 3228 ex
3131 3171 3253 3228 alto
3285 3173 3356 3226 ὀ.

1982 3267 2146 3321 Vers.
2191 3266 2279 3321 13.
2327 3265 2476 3322 Cum
2519 3293 2588 3305 —
2629 3261 2954 3319 veritatem.
2997 3259 3086 3316 Ad
3134 3261 3268 3328 hoc,
3323 3264 3390 3318 ut
3425 3259 3574 3316 scia-

1910 3354 1985 3412 tis
2011 3370 2256 3411 omnem
2282 3353 2584 3410 veritatem
2609 3351 2950 3407 divinorum
2979 3349 3356 3420 dogmatum,
3383 3366 3573 3423 quam

1908 3442 2182 3500 videlicet
2211 3441 2444 3515 expedit
2467 3441 2639 3498 vobis
2666 3455 3048 3508 cognoscere.
3090 3438 3334 3505 Deinde,
3357 3455 3433 3496 ne
3466 3455 3572 3496 au-

1911 3533 2046 3588 ditis
2077 3532 2296 3589 talibus
2336 3531 2411 3587 de
2440 3530 2661 3603 Spiritu
2688 3533 2916 3597 sancto,
2951 3528 3246 3600 majorem
3272 3528 3570 3586 existima-

1911 3627 2042 3679 rent
2071 3639 2204 3679 esse
2249 3620 2560 3692 Spiritum,
2593 3623 2650 3675 et
2677 3619 2738 3675 in
2760 3622 3087 3675 extremam
3121 3615 3434 3674 inciderint
3458 3617 3574 3674 im-

1912 3713 2212 3785 pietatem,
2265 3709 2561 3766 medelam
2587 3707 2858 3780 adjungit
2886 3706 3095 3764 dicens
3124 3720 3141 3764 :

1983 3801 2146 3857 Vers.
2191 3799 2274 3854 13.
2316 3798 2454 3855 Νοη
2500 3829 2568 3840 -
2621 3797 2946 3867 semetipso.
2995 3795 3158 3853 Sicut
3200 3809 3395 3869 neque
3434 3810 3568 3866 ego,

1911 3887 2432 3961 quemadmodum
2507 3886 2689 3944 variis
2756 3886 2818 3942 in
2908 3885 3055 3942 locis
3119 3884 3568 3957 explicavimus.

1915 3977 2225 4050 Siquidem
2306 3975 2453 4031 nihil
2551 3973 2656 4029 ulli
2738 3977 2960 4029 sancta:
3025 3971 3326 4029 Trinitatis
3401 3988 3570 4044 pers-

1911 4081 2006 4121 nas
2061 4063 2373 4138 proprium
2415 4067 2522 4125 est,
2568 4066 2783 4134 printer
2829 4059 3378 4126 innascibilitatem,
3421 4060 3570 4117 nati-

1913 4155 2154 4210 vitatem
2205 4156 2262 4208 et
2320 4151 2792 4224 processionem,
2853 4148 2958 4204 sed
3003 4148 3212 4206 omnia
3269 4148 3356 4205 eis
3407 4163 3570 4205 com-

1912 4257 2154 4388 ml‘l/er:
2211 4330 2290 4386 13.
2335 4328 2446 4386 Sed
2488 4359 2556 4369 —
2604 4327 2894 4400 loquetur.
2941 4325 3322 4398 Quaecunque
3366 4323 3570 4381 audie-

1911 4420 1988 4476 rit
2016 4437 2052 4476 a
2082 4419 2272 4484 Patre,
2308 4418 2459 4474 sicut
2487 4417 2665 4473 etiam
2692 4415 3032 4489 frequenter
3069 4413 3144 4469 de
3175 4413 3408 4486 meipso
3444 4411 3566 4468 dixi

1914 4509 2258 4579 signiﬁcans
2320 4506 2670 4563 substantias
2731 4521 2800 4561 ac
2884 4508 3110 4560 naturae
3165 4500 3561 4572 identitatem,

1912 4597 2334 4670 aequalitatem,
2433 4611 2504 4652 ac
2595 4591 3014 4650 omnimodam
3089 4590 3562 4650 similitudinem.

1913 4685 2436 4753 Quemadmodum
2483 4684 2644 4741 enim
2713 4681 2893 4738 Filius
2965 4679 3229 4754 impletio
3281 4680 3430 4752 legis
3477 4684 3567 4738 est

1912 4792 1982 4833 ac
2029 4775 2406 4848 prophetam,
2478 4773 2720 4831 veritate
2775 4769 3159 4838 conﬁrmans,
3223 4786 3355 4843 quae
3399 4770 3566 4843 prius

1500 4952 1550 4988 ³ο
1585 4953 1724 5008 Luc.
1753 4967 1920 5023 xxiv,
1945 4951 2039 5010 49.

1421 5155 1639 5224 Variae
1675 5155 2007 5226 lectiones
2037 5165 2103 5223 et
2139 5164 2341 5224 notae.

259 5349 384 5430 (55)
425 5352 510 5407 Ita
538 5354 601 5406 Α.
640 5349 922 5430 Se_d_Cod.
959 5352 997 5430 β
1029 5348 1090 5430 in
1117 5355 1399 5430 contextu
1426 5351 1630 5418 habet,
1665 5354 1800 5430 πρὸς

179 5420 302 5492 τόν,
331 5425 390 5478 et
411 5436 614 5494 supra,
646 5421 734 5480 αὖ.
758 5421 796 5477 i.
831 5437 883 5478 θ.
916 5420 1092 5488 αὐτόν,
1127 5425 1184 5479 et
1209 5427 1359 5478 Θεὸν.

1979 5351 2094 5426 (se)
2135 5354 2415 5428 Γενομένης
2439 5352 2510 5411 Α.

264 5599 379 5676 (ss)
415 5599 534 5676 Pe}:
559 5599 941 5666 horrendam,
975 5605 1086 5658 etc.
1116 5603 1217 5657 Per
1242 5617 1313 5659 ea
1337 5617 1469 5676 quas
1498 5601 1559 5658 in
1595 5619 1766 5661 cruce
1806 5607 1864 5662 et
1887 5605 2318 5662 resurrectione
2347 5616 2488 5660 mea
2535 5600 2809 5661 accident
2835 5587 3139 5659 horrenda
3157 5602 3215 5658 et
3242 5595 3562 5661 mirabilia,

185 5669 595 5747 prOfeceritis.
