4022 6232
531 273 552 329 4
565 275 669 332 427

529 507 644 548 nus
723 491 972 563 Spiritus
1066 490 1325 562 impletio
1379 496 1466 546 est
1522 491 1841 562 Evangelii,
1911 506 1983 548 ea
2058 508 2182 564 quae

529 580 656 638 Filii
687 584 826 636 sunt
853 579 1209 651 adimplens,
1245 579 1399 636 sicut
1430 586 1484 635 et
1520 580 1701 636 Filius
1728 597 1799 637 ea
1828 597 1963 654 quae
1994 579 2184 637 Patris

531 675 689 725 sunt.

598 761 761 815 Vers.
797 760 884 816 13.
914 759 987 815 Ft
1022 791 1092 800 —-
1141 761 1326 816 vobis.
1387 763 1466 816 Ne
1497 760 1733 816 incaute
1758 761 1842 832 (α)
1874 759 2186 832 praecipite-

528 848 694 922 mini,
724 847 902 904 etiam
933 849 1253 921 prophetiae
1279 849 1358 921 (b)
1387 866 1454 906 ac
1480 850 1961 922 praecognitionis
1995 848 2187 921 gratia

529 937 746 1007 dignos
778 937 1007 992 efﬁciet.

600 1028 766 1082 Vers.
801 1028 893 1083 14.
923 1027 1037 1083 Ille
1059 1043 1150 1083 me
1177 1029 1560 1098 gloriﬁcavit.
1588 1029 1690 1084 Per
1720 1043 1941 1084 nomen
1983 1043 2186 1084 meum

526 1114 678 1169 vires
707 1115 1001 1186 praebens,
1045 1133 1190 1171 mete
1222 1117 1646 1173 incarnationis
1680 1118 2030 1188 mysterium
2059 1115 2183 1188 pla-

527 1203 662 1258 nius
687 1204 859 1259 vobis
889 1205 1296 1261 manifestans.

599 1294 761 1348 Vers.
814 1295 900 1348 14.
955 1295 1100 1359 Quia
1155 1326 1221 1334 —
1262 1296 1438 1351 vobis.
1488 1297 1566 1349 De
1622 1311 1756 1350 mea
1811 1293 2077 1363 scientia,
2118 1310 2189 1350 ea

527 1381 816 1445 videlicet,
843 1397 978 1453 qute
1011 1384 1194 1438 Patris
1225 1389 1329 1438 est.
1384 1386 1643 1454 Accipiet
1676 1389 1899 1448 autem,
1949 1384 2064 1440 hoc
2104 1368 2191 1438 est

526 1469 755 1536 Audiet.
785 1471 932 1526 Dicit
958 1476 1156 1527 tamen
1191 1472 1337 1546 haec,
1380 1474 1688 1528 demittens
1721 1489 1846 1528 sese
1898 1473 1974 1528 ad
2015 1472 2188 1527 disci-

529 1559 810 1631 pulorum
849 1560 1333 1616 imbecillitatem.
1369 1562 1515 1618 Nam
1575 1563 1842 1632 accipere
1871 1568 1926 1617 et
1960 1561 2183 1623 audire,

530 1653 936 1705 creaturarum
960 1656 1129 1705 sunt:
1153 1651 1446 1722 siquidem
1468 1651 1731 1707 increata
1754 1651 2004 1706 Trinitas
2026 1651 2186 1706 novit

1844 274 2197 334 EUTHYMII
2237 273 2570 342 ZIGABENI

527 401 838 474 ﬁgurative
903 401 1124 474 scripta
1183 405 1388 458 erant:
1442 400 1521 458 ita
1593 416 1836 474 quoque
1907 405 1966 459 et
2036 402 2182 459 divi-
2213 402 2260 456 A

2287 75 2304 102 \

3703 281 3804 336 ιιεε

2291 407 2383 454 τοῦ
2415 401 2732 474 Εὐαγγελὶου
2788 401 3114 476 ἀναπληροῦν
3167 404 3232 455 τὰ
3281 407 3371 455 τοῦ
3400 405 3534 472 Υἱοῦ,
3576 407 3719 468 καθὼς
3743 415 3809 460 καὶ

2293 487 2437 551 οὗτος
2465 493 2529 543 τὰ
2556 500 2648 544 τοῦ
2681 497 2903 567 Πατρός.

2369 764 2470 812 Καὶ
2522 791 2592 800 -
2647 761 2790 832 ὑμῖν.
2851 761 2931 812 Τὰ
2996 759 3262 831 μέλλοντα,
3293 761 3422 812 ὥστε
3484 764 3548 831 μὴ
3598 766 3814 831 εμπὶπτιιν

2295 849 2431 919 ὑμᾶς
2523 847 2843 922 ἀφυλάκτως,

2297 935 2528 1000 ἀξιώσει.

2930 854 3020 900 καὶ
3092 857 3474 923 προγνωστικού
3539 856 3820 924 χαρίσματος

2367 1027 2588 1090 Ἐκεῖνος
2639 1028 2725 1097 ἐμὲ
2776 1024 3010 1091 δοξάσει.
3077 1029 3157 1080 Ἐν
3211 1035 3280 1098 τῷ
3352 1025 3451 1098 ἐμῷ
3522 1026 3709 1099 ὀνόματι
3749 1032 3821 1094 τὰς

2297 1115 2543 1189 ἐνεργείας
2602 1114 2808 1182 διδοὺς,
2869 1116 3243 1168 ἀποκαλύπτων
3296 1118 3413 1187 ὑμῖν
3476 1122 3740 1190 τρανότερον
3778 1125 3820 1170 τό

2297 1211 2588 1281 μυστήριον
2620 1215 2711 1268 τῆς
2743 1206 2866 1278 ἐμῆς
2897 1206 3344 1276 ἐνανθρωπὴσεως.

2367 1292 2487 1346 ’Ὁτι
2531 1327 2598 1336 —-
2653 1297 2794 1366 ὑμῖν.
2853 1295 2940 1347 Ἐκ
2997 1302 3094 1356 τῆς
3149 1293 3273 1366 ἐμῆς
3326 1299 3569 1364 γνώσεως,
3615 1298 3715 1351 ἦτοι
3760 1303 3827 1354 τῆς

2295 1389 2385 1434 τοῦ
2436 1388 2652 1458 Πατρός.
2716 1384 2947 1454 Λήψεται
3008 1382 3067 1435 δὲ
3131 1382 3242 1434 ἀντὶ
3319 1390 3408 1434 τοῦ
3474 1384 3706 1435 ’Δκούσει.
3769 1387 3827 1435 Τὰ

2295 1481 2512 1525 τοιαῦτα
2543 1469 2601 1525 δὲ
2660 1471 3120 1544 συγκαταϐατικώς
3173 1471 3307 1542 λέγει
3365 1468 3457 1522 διά
3488 1476 3574 1528 τήν
3613 1469 3825 1524 ἀσθένειαν

2294 1569 2391 1612 τῶν
2448 1564 2714 1634 μαθητῶν.
2773 1566 2842 1614 Τὸ
2897 1565 2998 1634 γὰρ
3049 1559 3323 1632 λαμϐάνειν
3391 1565 3478 1611 καὶ
3533 1558 3709 1611 ἀκούειν
3753 1568 3827 1610 τῶν

2295 1660 2518 1702 κτιστῶν
2549 1651 2714 1704 εἰσινο
2770 1653 2799 1708 ἡ
2837 1647 2895 1703 δὲ
2933 1653 3177 1710 οἰκτιστος
3228 1651 3388 1724 Τριὰς
3435 1645 3540 1701 οἶδε
3580 1650 3829 1717 πάντα,καὶ

529 1738 751 1805 omnia,
795 1743 849 1792 et
875 1753 1188 1811 nunquam
1217 1739 1335 1794 ullo
1367 1739 1607 1810 indiget.
1645 1740 1869 1796 Deinde
1900 1740 2180 1811 interpre-

2300 1739 2377 1792 ἐπὶ
2409 1747 2570 1792 πᾶσιν
2625 1737 2862 1802 ἀνενδεὴς
2923 1738 3083 1792 ἐστιν.
3147 1736 3272 1792 Εἶτα
3331 1738 3639 1811 ἐφερμηνεύει
3673 1741 3719 1789 τὸ
3767 1738 3830 1790 ’ἃ

531 1831 706 1896 tatur,
738 1828 898 1900 quod
927 1828 1093 1894 dixit,
1131 1831 1212 1884 De
1249 1845 1373 1885 meo

562 1919 763 1981 _Vers.
831 1921 910 1972 l5.
976 1917 1184 1973 Omnia
1247 1951 1310 1958 —
1371 1919 1547 1975 vobis.
1595 1922 1741 1974 Nam
1793 1935 1928 1975 cum
1979 1918 2185 1975 omnia

531 2021 660 2092 quae
687 2006 870 2061 Patris
898 2012 1037 2062 sunt
1069 2023 1195 2062 mea
1222 2007 1359 2075 sint,
1401 2025 1588 2064 unum
1621 2014 1822 2064 autem
1855 2009 2071 2064 horum
2113 2009 2188 2064 sit

530 2096 657 2151 haec
695 2096 937 2151 scientia
973 2098 1179 2152 merito
1207 2098 1327 2153 dixi
1358 2115 1370 2163 ;
1405 2099 1569 2170 quod
1609 2101 1690 2156 De
1736 2115 1861 2156 meo
1911 2100 2182 2167 accipiet,

529 2186 647 2264 hnc
684 2191 792 2251 est,
834 2186 1179 2242 Conformia
1214 2204 1452 2243 mecum
1476 2193 1532 2243 et
1560 2189 1761 2244 audiet
1782 2195 1836 2244 et
1863 2189 2185 2244 annuntia-

536 2275 616 2329 bit
665 2275 840 2338 vobis,
904 2275 1165 2346 nihilque
1227 2276 1566 2343 dissonum,
1631 2282 1833 2350 utpote
1889 2278 2032 2332 mihi
2083 2293 2187 2348 per

533 2362 732 2418 omnia
771 2362 1039 2433 aequalis.
1090 2365 1471 2436 Quaecunque
1514 2381 1657 2435 ergo
1711 2366 2001 2432 docuerit,
2053 2382 2188 2422 mea

535 2455 692 2517 sunt,
742 2455 794 2508 et
821 2466 1092 2507 meorum
1128 2452 1519 2524 adimpletiva
1565 2470 1909 2511 sermonum
1940 2459 1997 2512 et
2038 2470 2186 2527 ope-

535 2555 691 2605 rum.

608 2631 673 2685 Et
699 2644 886 2702 quare
911 2645 1028 2685 non
1063 2630 1224 2686 venit
1249 2631 1498 2701 Spiritus
1523 2637 1787 2697 sanctus,
1818 2633 1963 2689 dum
1995 2633 2189 2690 adhuc

536 2721 690 2774 esset
713 2733 849 2774 cum
894 2718 979 2774 eis
1019 2718 1240 2775 Filius?
1277 2721 1544 2778 Primum
1583 2721 1849 2794 quidem,
1886 2723 2033 2794 quia
2074 2722 2190 2778 suf-

535 2807 774 2863 ﬁciebat
804 2807 1000 2877 Filius,
1057 2809 1158 2881 qui
1192 2826 1325 2864 cum
1360 2811 1443 2866 eis
1492 2811 1859 2867 versabatur.
1908 2815 2192 2869 Praeterea

534 2912 697 2962 vero,
729 2897 873 2970 quia
912 2897 1171 2952 necdum
1228 2900 1428 2955 occiso
1457 2902 1647 2970 Agno,
1687 2901 1790 2973 qui
1835 2916 1945 2972 pro
1978 2900 2189 2956 mundi

535 2991 782 3057 peccato
797 2986 1137 3042 immolatus
1153 2993 1257 3051 est.
1281 2989 1547 3044 nondum
1567 2989 1829 3045 solutum
1847 2994 1972 3045 erat
1988 3005 2192 3060 pecca-

2295 1837 2385 1880 τοῦ
2426 1827 2570 1901 ἐμοῦ.

2367 1920 2543 1970 Πάντα
2582 1950 2649 1956 -
2681 1919 2821 1990 ὑμῖν.
2866 1919 3009 1970 Ἐπεὶ
3033 1919 3132 1990 γὰρ
3164 1919 3336 1968 πάντα
3393 1919 3489 1968 ὅσα
3534 1919 3631 1987 ἔχει
3679 1917 3700 1966 ὁ
3748 1922 3831 1968 [Ια-

2295 2011 2413 2080 τὴρ,
2458 2006 2554 2079 ἐμοὶ
2602 2006 2764 2071 ἐστιν,
2820 2007 2868 2059 ἓν
2907 2004 2965 2058 δὲ
3012 2010 3205 2058 τούτων
3261 2011 3355 2058 καὶ
3410 2007 3438 2063 ἡ
3487 2014 3662 2076 γνῶσις
3709 2005 3829 2068 αὕτη,

2296 2096 2504 2158 εἰκότως
2570 2093 2701 2149 εἶπεν
2763 2098 2842 2148 ὅτι
2896 2096 2983 2148 Ἐκ
3036 2102 3126 2148 τοῦ
3175 2094 3301 2168 ἐμοῦ
3361 2094 3592 2164 λήψεται,
3646 2099 3834 2145 τουτέστι

2296 2183 2509 2256 Συνῳδοί
2561 2205 2651 2258 μοι
2703 2191 2791 2238 καὶ
2839 2183 3052 2237 ἀκούσει
3110 2189 3199 2236 καὶ
3274 2183 3544 2254 ἀναγγελεῖ
3596 2184 3720 2253 ὑμῖν,
3764 2187 3830 2233 καὶ

2295 2271 2445 2326 οὐδὲν
2509 2272 2731 2345 ἀπᾷδον,
2799 2277 2866 2335 ως
2919 2277 3055 2325 κατά
3116 2276 3286 2325 πάντα
3338 2276 3456 2334 ἶσος
3518 2270 3637 2342 ἐμοί.
3686 2275 3834 2324 Αοιπόν

2295 2368 2486 2428 τοίνυν,
2549 2366 2675 2436 οἱπερ
2733 2363 2792 2416 ἂν
2853 2359 3073 2435 διδάξῃ,
3135 2363 3235 2435 ἐμοί
3292 2363 3428 2426 ἐστι,
3483 2367 3566 2414 καὶ
3615 2370 3700 2411 τῶν
3737 2359 3835 2432 ἐμῶν

2299 2452 2719 2527 ἀναπληρωτικοί.

2373 2631 2498 2704 [Καὶ
2547 2632 2658 2704 (57)
2725 2628 2868 2684 διατί
2915 2631 3008 2684 οὐκ
3058 2629 3178 2691 ἦλθε
3242 2635 3302 2683 τὸ
3370 2637 3572 2702 Πνεῦμα
3621 2632 3670 2682 τό
3707 2627 3837 2697 ἄτιον,

2302 2725 2542 2782 συνόντος
2596 2720 2773 2782 αὐτοῖς
2835 2723 2910 2772 ἔτι
2969 2728 3060 2773 τοῦ
3121 2723 3282 2788 fieri;
3348 2727 3534 2792 Πρῶτα
3592 2723 3693 2787 μὲν,
3736 2713 3840 2768 διότι

2300 2813 2448 2883 ἤρκει
2502 2815 2666 2861 συνὼν
2693 2810 2869 2872 αὐτοῖς
2923 2813 2948 2862 ὁ
2989 2812 3130 2870 Υἱός¹
3189 2812 3372 2862 ἔπειτα
3427 2805 3502 2876 δὲ,
3556 2805 3679 2860 διότι
3721 2810 3840 2877 μήπω

2298 2907 2388 2953 τοῦ
2443 2900 2631 2972 Ἀμνοῦ
2671 2907 2764 2951 τοῦ
2817 2902 3047 2969 αἴροντος
3099 2903 3193 2956 τὴν
3247 2898 3508 2971 ἁμαρτίαν
3564 2904 3646 2948 τοῦ
3686 2899 3840 2964 κόσμον

2300 2991 2557 3054 τυθέντος,
2617 2992 2759 3040 οὔπω
2791 2987 2943 3045 ἐλύθη
2980 2990 3010 3045 ἠ
3063 2986 3334 3060 ἁμαρτία·
3395 2993 3549 3058 μήπω
3602 2983 3655 3037 δε
3696 2989 3844 3039 ταύτης

538 3081 662 3138 tum
689 3090 700 3128 :
734 3075 848 3130 hoc
867 3080 1066 3131 autem
1091 3077 1362 3132 nondum
1391 3077 1609 3144 soluto,
1635 3080 1732 3134 Dei
1756 3095 1898 3148 erga
1920 3079 2190 3134 homines

2301 3078 2566 3138 λυθείσης,
2619 3080 2762 3128 οὔπω
2817 3077 3112 3148 καταλλαγὴ
3155 3084 3244 3128 τοῦ
3280 3085 3417 3130 Θεοῦ
3469 3079 3590 3148 πρός
3637 3078 3738 3134 τοὺς
3779 3070 3841 3122 δα.

536 3163 937 3236 reconciliatio
954 3165 1222 3220 nondum
1245 3165 1392 3223 facta
1410 3172 1535 3222 erat
1563 3183 1574 3223 :
1594 3167 1864 3222 nondum
1891 3184 2030 3223 vero
2047 3167 2196 3224 facta

539 3252 1037 3319 reconciliatione,
1087 3271 1204 3310 non
1255 3257 1520 3327 oportuit
1545 3257 1675 3312 dari
1724 3258 1915 3326 gratia
1951 3259 2196 3330 Spiritus

541 3342 750 3398 sancti.
791 3342 896 3398 Ubi
928 3358 1069 3399 vero
1101 3343 1256 3400 facta
1285 3351 1371 3401 est
1401 3346 1823 3410 reconciliatio,
1853 3353 1909 3403 et
1947 3345 2198 3418 apostoli

542 3431 618 3486 ad
634 3431 900 3503 pericula
917 3432 1322 3498 mittebantur,
1341 3450 1408 3490 ac
1423 3435 1747 3490 certamina
1767 3435 2198 3504 aggredieban-

542 3526 656 3585 tur,
679 3524 738 3576 et
768 3522 1028 3589 urgentis
1051 3527 1176 3577 erat
1192 3524 1586 3589 necessitatis,
1608 3529 1745 3579 tunc
1768 3524 2013 3580 demum
2045 3524 2197 3580 alius

541 3609 703 3664 venit
730 3608 1089 3664 exhortator.

616 3699 681 3749 Et
705 3711 887 3765 quare
919 3713 1040 3773 non
1068 3698 1265 3752 statim
1299 3705 1436 3769 post
1466 3697 1958 3756 resurrectionem
1991 3701 2194 3756 venit?

543 3786 632 3849 Ut,
666 3783 722 3837 in
751 3783 931 3840 multo
962 3785 1122 3840 illius
1140 3787 1319 3857 positi
1343 3788 1657 3854 desiderio,
1683 3805 1820 3846 eum
1844 3790 2029 3846 multa
2057 3807 2195 3846 cum

543 3872 734 3944 gratia
785 3873 1174 3947 susciperent.
1231 3876 1460 3932 Etenim
1515 3878 1706 3934 donec
1746 3895 1882 3934 cum
1931 3880 2013 3934 eis
2071 3886 2198 3935 erat

541 3961 824 4033 Christus,
869 3963 930 4018 in
969 3962 1289 4022 afﬂictione
1326 3981 1440 4021 non
1473 3973 1642 4023 erant
1667 3984 1680 4034 ;
1709 3971 1770 4024 at
1802 3968 1902 4022 ubi
1927 3969 2193 4033 recessit,

541 4053 750 4108 nudati
773 4057 829 4108 et
874 4053 936 4108 in
975 4053 1163 4110 multo
1196 4057 1402 4111 timore
1454 4072 1524 4112 ac
1570 4057 1851 4113 maestitia
1896 4057 2196 4113 constituti

541 4141 732 4204 multa
746 4157 881 4197 cum
904 4142 1198 4200 hilaritate
1223 4160 1292 4201 ac
1310 4146 1685 4217 jucunditate
1717 4147 1999 4220 Spiritum
2029 4162 2198 4202 sanc-

541 4234 672 4286 tum
703 4235 872 4287 erant
901 4233 1244 4304 suscepturi.

614 4320 1140 4387 Quemadmodum
1167 4327 1364 4379 autem
1390 4325 1552 4381 Pater
1571 4341 1638 4381 ea
1657 4341 1792 4398 quae
1817 4325 2034 4381 suntin
2063 4341 2194 4380 esse

2305 3170 2541 3240 θρώπους
2595 3167 2826 3237 ἐγένετο’
2889 3172 3045 3238 μήπω
3116 3163 3174 3217 δὲ
3230 3165 3561 3236 καταλλαγῆς
3607 3164 3842 3233 γενομένης,

2304 3257 2398 3308 οὐκ
2418 3253 2526 3308 ἔδει
2557 3251 2778 3312 δοθῆναι
2810 3259 2902 3312 τὴν
2928 3258 3089 3328 χάριν
3120 3262 3209 3306 τοῦ
3243 3254 3402 3325 ἁγίου
3437 3257 3720 3323 ΙΙνεὺματος.
3754 3248 3844 3300 Ὀτε

2306 3343 2364 3397 δὲ
2430 3350 2518 3396 καὶ
2576 3344 2874 3415 καταλλαγὴ
2935 3349 3133 3414 γέγονε,
3188 3349 3279 3395 καὶ
3338 3346 3388 3395 οἱ
3441 3341 3700 3394 ἀπόστολοι
3749 3343 3844 3408 πρὸς

2304 3431 2574 3494 κινδύνους
2605 3431 2908 3504 ἐπέμποντο,
2939 3438 3028 3484 καὶ
3057 3436 3188 3504 πρὸς
3216 3437 3344 3494 τοὺς
3373 3431 3571 3504 ἀγῶνας
3595 3425 3844 3486 ἀπεδύοντο,

2305 3523 2420 3594 (58)
2474 3529 2562 3574 καὶ
2613 3527 2771 3594 χρεία
2828 3529 2918 3573 τοῦ
2990 3520 3282 3590 ἀλείφοντος
3339 3519 3422 3587 ἧν,
3480 3525 3589 3572 τότε
3637 3515 3842 3568 λοιπόνό

2305 3611 2450 3671 ἄλλος
2478 3609 2807 3684 παράκλητος
2831 3612 3064 3681 ἔρχεται.

2377 3705 2476 3753 Καὶ
2526 3697 2670 3751 (ituri
2701 3703 2771 3770 μὴ
2827 3696 3080 3768 μετατὴν
3123 3697 3417 3750 ἀνάστασιν
3467 3698 3607 3758 εὐθὺς
3648 3699 3840 3766 ἓρχετειις

2300 3789 2430 3854 Ἵνα,
2481 3790 2529 3841 ἐν
2587 3789 2744 3860 πολλῇ
2798 3788 2956 3839 αὑτοῦ
3027 3789 3386 3848 καταστάντες
3443 3785 3692 3856 ἐπιθυμία,
3748 3781 3844 3853 μετὰ

2302 3878 2494 3940 πολλῆς
2552 3878 2704 3930 αὑτὸν
2781 3884 2952 3950 χαρᾶς
3022 3873 3405 3938 ὑποδέξωνται.
3459 3875 3586 3934 "Era;
3644 3892 3719 3942 μεν
3771 3871 3842 3938 γὰρ

2306 3976 2464 4026 συνῆν
2517 3967 2693 4028 αὐτοῖς
2725 3968 2748 4018 ὁ
2779 3969 3030 4039 Χριστός,
3086 3965 3179 4016 οὐκ
3239 3961 3378 4024 ἦσαν
3434 3964 3481 4017 ἐν
3539 3961 3721 4033 θλίψει·
3763 3956 3844 4008 ἐπεὶ

2304 4054 2363 4108 δὲ
2394 4055 2611 4120 ἀπῆλθε,
2642 4057 2991 4126 γυμνωθέντες
3013 4060 3104 4106 καὶ
3131 4053 3179 4105 ἐν
3207 4053 3381 4124 πολλῷ
3415 4052 3551 4125 φόϐῳ
3579 4055 3659 4102 καὶ
3693 4049 3843 4116 tib-apta

2302 4151 2583 4216 γενόμενοι,
2610 4140 2821 4218 σφόδρα
2842 4140 3007 4203 ἡδέως
3025 4142 3224 4215 ἔμελλον
3242 4139 3601 4204 ὑποδέξασθαι
3620 4140 3670 4188 τὸ
3690 4143 3845 4204 [Isrin

2303 4239 2360 4286 τὸ
2393 4235 2538 4305 ἅγιον
2553 4277 2563 4289 .

2373 4322 2574 4395 Ὠσπερ
2606 4318 2665 4374 δὲ
2717 4324 2951 4393 ὁΠατὴρ
3004 4316 3236 4378 ἠδύνατο
3267 4323 3337 4371 τὰ
3393 4324 3516 4371 ὄντα
3560 4317 3841 4389 παραγαγεῖν,

542 4409 731 4481 potuit
751 4409 1100 4482 producere,
1131 4411 1312 4467 Filius
1330 4417 1523 4469 tamen
1544 4429 1614 4470 ea
1633 4414 1934 4486 produxit,
1973 4419 2034 4469 ut
2064 4415 2190 4484 ejus

2306 4413 2330 4464 ὁ
2381 4415 2498 4473 Υἱός
2575 4407 2632 4463 δὲ
2691 4419 2855 4462 ταῦτα
2911 4415 3237 4484 παρήγαγεν,
3317 4411 3403 4460 ἱνα
3460 4408 3682 4479 μάθωμεν
3729 4402 3844 4452 αὑτοῦ

541 4498 842 4555 discamus
883 4500 1212 4570 potentiam
1243 4517 1314 4558 ac
1357 4503 1727 4559 divinitatem
1764 4521 1775 4557 :
1829 4504 1910 4559 ita
1950 4519 2194 4575 quoque

543 4585 718 4642 Filius
745 4593 976 4659 poterat
1005 4605 1136 4662 quae
1161 4589 1401 4648 alterius
1421 4597 1590 4648 erant
1622 4592 1906 4648 Paracleti
1937 4592 1996 4647 in
2027 4591 2194 4647 disci-

2303 4507 2395 4559 τὴν
2440 4497 2660 4572 δύναμιν
2713 4504 2800 4550 καὶ
2860 4501 3113 4556 θεὸτητα¹
3173 4498 3338 4570 [οὕτω
3563 4500 3642 4545 καὶ
3687 4494 3706 4542 ο
3758 4490 3839 4544 Υιὸς

2305 4587 2534 4649 ἠδύνατο
2593 4592 2655 4641 τὰ
2721 4596 2811 4640 τοῦ
2857 4588 3010 4640 ἄλλου
3075 4588 3425 4661 Ιιαρακλήτου
3484 4583 3775 4660 ἐργάσασθαι
3807 4580 3838 4627 ἐν

1753 4797 1979 4865 Variae
2025 4797 2348 4864 lectiones
2391 4807 2444 4861 et
2481 4807 2680 4862 notae.
3963 4823 3968 4865 ε

613 4991 803 5065 (57)
850 4989 1045 5065 verbis
1082 4993 1186 5047 Καὶ
1244 4988 1388 5044 διατί
1416 4992 1493 5049 ad
1547 4989 1680 5052 δήλη
1734 4997 1945 5065 γένηται
1983 4993 2196 5050 desunt

543 5063 751 5121 omnia
780 5064 840 5119 in
867 5063 993 5118 cod.
1044 5069 1111 5118 A.

843 5135 1291 5208 Elegantissime
1407 5133 1720 5197 ἁποδύεςϐαι
1816 5142 1868 5190 et
1973 5135 2193 5208 ἀλείφειν

536 5206 748 5278 junxit.
773 5206 936 5279 Prius
965 5207 1189 5279 restitui
1207 5223 1447 5279 quoque
1462 5208 1632 5263 debet
1659 5208 1904 5261 Libanio
1927 5208 1982 5261 in
2027 5206 2189 5279 epist.

540 5280 666 5333 647.
695 5292 753 5350 p.
786 5277 890 5332 ubi
917 5277 1115 5350 codex_
1150 5277 1459 5350 Moisqfita
1488 5279 1671 5335 habet
1704 5301 1714 5332 :
1760 5281 1982 5340 Ἐλπίζω
2033 5277 2092 5332 δέ
2137 5299 2193 5331 σε

541 5354 632 5402 καὶ
694 5346 934 5425 dicere}?
969 5346 1180 5425 παιδὸς
1244 5346 1459 5425 πολλοὺς
1513 5353 1637 5425 ἡμῖν
1706 5350 2191 5425 ᾇλέγξεινᾳρήτορας

543 5425 708 5485 οὕτως
736 5419 826 5484 ὀξύ
881 5419 1158 5493 βλέποντος
1202 5427 1290 5474 καὶ
1330 5411 1560 5498 ῥέοντος,⁵
1600 5411 1652 5475 ὅν
1698 5411 1873 5493 (Einan
1933 5411 2040 5475 δεῖν
2100 5411 2193 5475 Εὖ-

611 5601 675 5674 (α
730 5599 876 5658 Ante
901 5615 976 5660 ηε
1003 5599 1257 5665 incaute,
1282 5599 1504 5667 omisit,
1535 5599 1785 5658 Futura.

611 5600 700 5748 (bi
725 5673 1056 5744 Prophetas.
1092 5674 1254 5731 Forte
1279 5686 1420 5742 ergo
1444 5671 1602 5744 legit.
1629 5692 1785 5747 προφι

2309 4996 2408 5052 θὺς
2448 4987 2716 5044 ἀποδύντα
2769 4989 2968 5060 [vulgo
3017 4987 3302 5060 unariév'u]
3356 4988 3606 5050 παλαίειν,
3649 4983 3827 5046 ὅπωςξιξ

2305 5065 2621 5136 παρελθόντα
2649 5066 2830 5134 καιρὸν
2860 5065 3113 5137 ζητῶμεν.
3291 5131 3304 5137 _
3569 5118 3572 5119 ν
3594 5128 3604 5137 ἢ

2377 5129 2493 5205 (59)
2527 5138 2664 5200 Qua:
2689 5129 2782 5188 hic
2830 5129 3058 5188 inclusa
3087 5137 3242 5197 sunt,
3291 5131 3568 5205 leguntur
3591 5129 3643 5182 in
3690 5129 3827 5205 [uitri-

2305 5193 2434 5262 cod.
2464 5193 2521 5260 Β.
2541 5193 2583 5259 a
2606 5221 2786 5260 manu
2808 5205 3133 5259 recentiori.
3159 5193 3829 5276 Eicidisseautemviden;

2306 5287 2398 5334 tur
2429 5280 2508 5332 ob
2546 5277 2766 5347 duplex
2810 5279 3050 5333 ϐιότητα.
3104 5278 3220 5343 Ego
3256 5290 3376 5330 non
3435 5271 3684 5347 dubitavi
3726 5274 3827 5347 reci-

2303 5366 2463 5421 pere,
2499 5339 2824 5421 praesertim
2858 5363 2995 5402 cum
3031 5339 3347 5403 Henienius
3379 5345 3558 5403 etiam
3586 5339 3827 5404 habeat!“

2303 5419 2411 5476 Sua
2438 5419 2951 5492 interpretatione.

725 5673 1056 5744 Prophetas.
1092 5674 1254 5731 Forte
1279 5686 1420 5742 ergo
1444 5671 1602 5744 legit.
1629 5681 1956 5747 προφητικῆς
1984 5675 2072 5725 καί
2097 5678 2460 5747 προγποστικῆ
2474 5691 2511 5732 ς.
