4022 6232
177 255 326 316 1429

1167 256 1541 316 COMMENT.
1593 217 1664 312 11v
1703 257 2055 316 JOANNEM.
2097 289 2166 302 —
2206 257 2364 316 CAP.
2406 261 2556 319 XVI.

3416 255 3556 316 1430

177 389 287 444 τοῖς
316 383 598 456 μαθηταῖς
631 385 690 434 τό
737 389 944 455 Πνεῦμα
973 377 1032 434 δὲ
1061 383 1119 435 τὸ
1163 381 1311 454 ἅγιον
1357 381 1658 457 εἰργάσατο,
1703 383 1784 436 ἵνα

1914 385 2048 456 aulis
2101 385 2351 458 operari,
2430 402 2497 442 ea
2561 391 2764 442 tamen
2819 389 3104 459 operatus
3145 388 3238 444 est
3304 387 3553 460 Spiritus

175 474 424 543 μάθωμεν
473 477 563 523 καὶ
609 471 768 524 αὑτοῦ
810 477 904 530 τὴν
946 469 1168 543 δύναμιν
1213 477 1302 523 καὶ
1350 471 1616 543 θεότηταο]
1652 473 1790 526 Ἐπεὶ

173 564 280 633 γὰρ
316 567 432 632 περὶ
461 564 550 632 μὲν
601 567 692 612 τοῦ
733 565 929 635 Πατρός
978 557 1154 622 όὺὃεὶς
1200 559 1506 633 ἀμφέϐαλλε,
1566 565 1684 630 περὶ
1733 557 1790 611 δὲ

173 658 271 702 του
305 652 425 704 Tim}
459 655 549 708 καὶ
600 657 690 702 τοῦ
722 650 874 721 αγίου
909 653 1204 722 Πνεύματος
1233 651 1470 720 ἠγνόουν,
1519 645 1612 701 διὰ
1639 656 1790 700 τοῦτο

173 741 200 790 ό
241 743 337 810 μὲν
370 736 440 791 δι’
482 737 916 812 ἐνανθρωπήσεως
954 739 1120 812 ὁμιλεῖ
1165 739 1359 809 αὐτοῖς,
1404 743 1462 791 τό
1513 735 1572 791 δε
1602 743 1789 812 τρόπον

173 829 348 901 ἕτερον
374 829 696 903 καταρτίζει.

251 1014 356 1063 Καὶ
410 1007 516 1060 ἐπεὶ
569 1013 684 1082 περὶ
730 1011 820 1080 μὲν
900 1017 992 1061 τοῦ
1046 1011 1246 1080 Πατρός
1306 1007 1469 1060 πολλά
1536 1013 1788 1074 ἤκουσαν,

171 1101 261 1151 τὸν
318 1095 377 1151 δε
415 1099 534 1152 Υἰόν
586 1095 831 1158 πολλάκις
890 1094 1028 1150 εἶδον
1071 1101 1359 1169 θεοπρεπῶς
1425 1096 1786 1172 ἐργαζόμενον,

172 1192 271 1245 τήν
322 1183 382 1239 δε
430 1194 521 1239 τοῦ
571 1186 720 1257 ἁγίου
770 1190 1064 1258 “reﬂuum;
1111 1186 1258 1249 ἀξίαν
1314 1189 1432 1239 οὔτε
1483 1184 1554 1240 δι’
1604 1187 1785 1253 ἀκοῆς,

171 1279 297 1328 οὔτε
350 1271 425 1328 δι’
475 1275 642 1345 ὄψεως
694 1273 994 1346 ἐγίνωσκον,
1052 1275 1228 1328 λοιπόν
1288 1279 1430 1348 παρά
1476 1280 1662 1329 τούτου
1711 1296 1788 1329 τε-

167 1364 453 1431 λειοῦνται,
503 1365 586 1416 ἵνα
640 1369 729 1416 καὶ
783 1368 876 1421 τὴν
943 1368 1128 1417 τούτου
1191 1368 1413 1422 θεότητα
1461 1370 1782 1439 γνωρίσωσι.

168 1457 272 1507 Διὰ
304 1461 456 1506 τοῦτο
485 1459 575 1510 καὶ
623 1452 705 1504 ἐπὶ
757 1461 849 1504 τοὺ
895 1455 1034 1506 θείου
1080 1453 1445 1527 βαπτίσματος
1476 1457 1504 1512 ἡ
1549 1455 1785 1527 ζωοπάρ-

169 1564 306 1613 οχος
345 1545 500 1614 Τριὰς
550 1540 1031 1614 παραλαμϐάνεται,
1091 1543 1195 1614 οὐχ
1253 1547 1321 1604 ὡς
1374 1551 1464 1595 τοῦ
1515 1545 1623 1605 ἐνὸς
1683 1548 1784 1614 μό-

168 1652 264 1684 νου
318 1638 386 1703 μὴ
427 1630 702 1706 ἀρκοῦντος
746 1631 814 1692 εἰς
859 1630 1216 1702 ἀναγέννησιν,
1275 1631 1382 1684 ἀλλ’
1433 1633 1515 1685 ἵνα
1557 1629 1591 1685 ὃ
1600 1635 1652 1684 ιὰ
1691 1640 1784 1694 τῆς

1902 478 2166 539 sanctus,
2188 479 2250 530 ut
2275 477 2403 546 ejus
2429 492 2670 548 quoque
2693 475 2997 531 discamus
3023 477 3351 547 potentiam
3376 493 3445 533 ac
3467 477 3551 532 di-

1902 566 2229 621 vinitatem.
2258 570 2405 622 Nam
2437 567 2584 638 quia
2609 567 2682 621 de
2713 567 2884 621 Patre
2914 566 3159 638 quidem
3191 566 3388 622 nullus
3432 571 3552 624 llae-

1902 653 2136 719 sitabat,
2159 654 2230 710 de
2266 655 2404 710 Filio
2435 661 2634 710 autem
2663 671 2731 710 ac
2749 655 2969 727 Spiritu
2990 663 3196 710 sancto
3215 655 3553 726 ignorantia

1900 744 2272 808 tenebantur,
2307 751 2622 816 prOpterea
2646 744 2739 798 ille
2772 761 2915 800 sane
2943 760 3048 816 per
3076 744 3552 802 incarnationem

1902 845 2034 886 cum
2059 832 2143 886 eis
2175 839 2561 889 conversatus
2591 837 2696 900 est,
2723 833 2819 888 hic
2846 848 2982 888 vero
3015 831 3131 888 alio
3185 833 3367 888 modo
3421 849 3551 904 per-

1903 919 2053 978 fecit.

1975 1012 2258 1064 Praeterea
2303 1009 2377 1064 de
2430 1013 2594 1066 Patre
2647 1009 2892 1081 quidem
2945 1009 3133 1064 multa
3188 1009 3547 1065 audierant:

1905 1096 2104 1152 Filium
2133 1114 2373 1170 quoque
2391 1098 2608 1170 saepius
2629 1097 2828 1153 divina
2860 1104 3206 1168 Operantem
3231 1113 3552 1169 conspexe-

1898 1194 2030 1242 rant
2061 1205 2072 1241 :
2111 1187 2364 1257 Spiritus
2395 1188 2578 1243 sancti
2612 1191 2810 1242 autem
2833 1186 3203 1255 dignitatem,
3232 1203 3425 1258 neque
3451 1203 3553 1242 au-

1897 1274 2020 1330 ditu
2047 1292 2254 1347 ,neque
2271 1282 2510 1348 aspectu
2532 1276 2995 1346 cognoscebant.
3013 1276 3100 1330 Ab
3121 1276 3236 1331 hoc
3251 1276 3452 1348 itaque
3476 1276 3549 1347 (ο)

1897 1365 2512 1436 perticiuntur,utejus
2526 1381 2766 1437 quoque
2779 1365 3147 1420 divinitatem
3161 1369 3549 1433 cognoscant.

1895 1456 2212 1525 Propterea
2273 1455 2449 1510 etiam
2498 1455 2558 1510 in
2589 1455 2789 1510 divino
2846 1453 3207 1525 baptismate
3239 1453 3552 1510 viviﬁcans

1896 1542 2153 1599 Trinitas
2170 1544 2498 1600 assumitur
2530 1561 2542 1598 :
2573 1561 2692 1600 non
2714 1544 2880 1616 quod
2902 1560 3022 1599 una
3049 1543 3174 1599 sola
3197 1559 3448 1615 persona
3473 1544 3554 1601 ad

1893 1633 2402 1701 regenerationem
2430 1649 2552 1689 non
2568 1632 2840 1699 sufﬁciat,
2865 1633 2972 1688 sed
2995 1639 3175 1704 utper
3199 1633 3550 1688 invoccatio-

168 1725 447 1782 κοινωνίας
494 1729 592 1773 τῶν
639 1721 950 1780 ἐπικλήσεων
1001 1723 1030 1778 ἡ
1078 1725 1320 1773 κοινωνία
1369 1729 1464 1782 τῆς
1551 1724 1784 1782 θεότητος

1914 1722 1988 1777 iis
2006 1723 2608 1779 communicationem
2633 1721 2869 1778 Deitatis
2887 1721 3348 1778 communicatio
3373 1722 3553 1794 signi-

171 1808 315 1868 δήλη
344 1814 464 1880 γένη
478 1808 606 1882 rem]

246 1902 449 1972 Μικρὸν
479 1928 545 1938 -
576 1917 656 1960 με.
683 1900 1009 1970 Τεθαμμένον
1033 1899 1134 1950 ὑπὸ
1170 1906 1294 1968 γῆν.

249 1991 351 2040 Καὶ
380 2006 461 2059 με.
495 1987 817 2040 Ἀναστάντα
845 1985 900 2040 ἐκ
929 1995 1140 2060 νεκρῶν.

242 2075 367 2127 Ὀτι
420 2106 485 2115 —
541 2080 765 2150 Πατέρα.
822 2075 1071 2128 Διάϐασιν
1126 2084 1402 2147 πανταχοῦ
1460 2079 1516 2128 τό
1563 2095 1785 2149 πραγμα

168 2164 340 2226 καλεῖ,
403 2160 609 2225 δεικνὺς
691 2166 771 2218 ὃτι
841 2165 900 2217 οὐ
975 2167 1433 2236 κατασχεθήσεται
1500 2168 1583 2217 επὶ
1654 2165 1781 2217 πολὺ

167 2255 320 2324 παρά
349 2261 438 2305 τοῦ
479 2256 719 2307 θανάτου.
755 2258 1014 2328 Χαρίεντα
1061 2257 1152 2325 μεν
1205 2249 1291 2306 οὖν
1340 2260 1456 2326 περὶ
1496 2262 1586 2305 τοῦ
1626 2253 1780 2305 ἄλλου

171 2342 523 2416 Παρακλητου
605 2343 1057 2414 ἂπαγγειλάμενος,
1156 2342 1362 2414 λυπηρά
1459 2343 1611 2395 πάλιν
1698 2341 1783 2394 ἐπ-

170 2435 362 2502 ήγαγε.
423 2435 522 2484 Καὶ
564 2430 810 2492 πολλάκις
852 2428 960 2489 ἤδη
1009 2440 1162 2484 τοῦτο
1211 2437 1460 2489 πεποίηκε
1498 2437 1587 2484 καὶ
1622 2438 1780 2496 ποιεῖ,

170 2528 286 2580 τοῖς
336 2523 595 2591 θυμήρεσι
643 2523 708 2572 τὰ
770 2520 1006 2592 θυμαλγῆ
1092 2519 1404 2586 ἀναπλέκων,
1483 2517 1566 2572 οἷα
1631 2529 1782 2572 τοῦτο

169 2612 266 2680 μὲν
333 2617 644 2681 παρηγορῶν
695 2614 1140 2674 καταπίπτοντας,
1195 2618 1348 2662 τοῦτο
1399 2607 1457 2662 δε
1504 2611 1782 2680 γυμνάζων

171 2699 427 2758 ἑστῶτας.
484 2701 549 2751 Oi
587 2701 688 2772 γάρ
747 2697 794 2754 ἄν
845 2706 951 2759 τοῖς
998 2699 1203 2772 ῥήμασι
1245 2701 1311 2750 τὰ
1349 2697 1641 2752 ἀπευκταῖα
1692 2717 1786 2768 με-

170 2789 481 2849 λετήσαντες
528 2787 868 2863 εὐφορώτερον
923 2788 1127 2860 ἔμελλον
1181 2791 1342 2841 οἴσειν
1388 2792 1521 2840 αυτά
1571 2791 1620 2840 ἓν
1676 2794 1783 2849 τοῖς

171 2880 504 2949 πράγμασιν.

250 2964 406 3019 Εἶπον
452 2996 522 3007 -
564 2965 724 3023 λαλεῖ.
768 2962 970 3020 Ἐδόκει
998 2969 1099 3038 γὰρ
1132 2966 1310 3028 αὐτοῖς
1338 2965 1637 3040 παραϐολήν
1667 2985 1784 3017 τινα

171 3055 445 3108 κάνταῦθα
483 3056 662 3128 λέγειν,
696 3059 763 3118 ὡς
792 3062 880 3108 καὶ
906 3056 953 3108 ἐν
985 3065 1055 3126 τῷ
1085 3060 1221 3109 κατά
1247 3059 1511 3109 Ματθαῐον
1546 3061 1784 3130 προειρή-

171 3163 357 3217 καμεν.
391 3144 542 3205 Ἴσως
573 3142 630 3198 δι
660 3149 824 3198 καὶτὸ
859 3142 1084 3216 σφοδοόν
1112 3155 1204 3208 τῆς
1229 3145 1457 3218 ἀθυμίας
1483 3150 1577 3204 τὴν
1605 3145 1783 3197 ἀναισ-

175 3237 372 3293 θησίαν
432 3238 626 3292 ταύτην
665 3233 957 3293 ἐνεποίησεν
1007 3235 1202 3303 αὐτοῖς,
1271 3240 1360 3286 καὶ
1417 3237 1467 3286 οἱ
1540 3235 1786 3297 πολλάκις

170 3333 344 3376 ταῦτα
392 3321 707 3384 ἀκούσαντες
744 3323 878 3375 οὕτω
911 3320 1161 3376 διέκειντο
1206 3326 1269 3384 ὡς
1318 3320 1580 3395 μηδέποτε
1619 3319 1784 3396 μηδεν

171 3417 374 3468 τούτων
402 3412 697 3475 ἀκηκοότες.

251 3591 420 3664 Ἐγνω
450 3623 517 3634 -
541 3611 604 3664 με
629 3609 642 3659 ;
681 3588 805 3646 Εἶτα
837 3587 1162 3662 διερμηνευει
1184 3593 1241 3642 τό
1268 3591 1600 3662 ζητοᾶμενον.

248 3772 423 3843 Ἀμὴν
468 3800 534 3811 -
582 3771 741 3842 ὑμεῖς.
794 3772 880 3826 Μὴ
915 3770 1218 3844 θεωροῦντες
1255 3787 1318 3839 με
1347 3771 1414 3828 ὡς
1472 3769 1783 3839 τεθαμμένον

178 3863 285 3913 ὑπὸ
323 3869 444 3931 γῆν.

247 3950 306 4002 Ὀ
330 3945 390 4001 δὲ
415 3952 608 4020 κόσμος
637 3951 956 4021 χαρήσεται.
992 3948 1057 3999 Οἱ
1083 3951 1319 4019 πονηροὶ,
1347 3948 1416 4006 ὡς
1465 3944 1783 4016 ἀπαλλαγέν-

173 4059 255 4099 τες
283 4057 406 4110 μου.

246 4127 421 4199 Ὑμεῖς
451 4121 511 4179 δε
555 4125 943 4184 λυπηθήσεσθε.
987 4127 1126 4197 Πρὸς
1169 4128 1346 4196 καιρόν
1377 4143 1511 4177 τινα.
1561 4121 1697 4192 Ὀρα
1727 4119 1785 4175 δὴ

173 4226 285 4276 πῶς
328 4213 456 4281 εἶπε,
505 4215 763 4268 κλαύσετε
801 4219 891 4266 καὶ
940 4216 1220 4288 θρηνήσετε
1258 4219 1348 4265 καὶ
1393 4213 1783 4280 λυπηθήσεσθε,

173 4307 459 4376 γυμνάζων
483 4303 670 4364 αὐτοὺς
701 4303 783 4355 ἐπὶ
813 4303 960 4355 πλέον
992 4303 1063 4364 εἰς
1092 4305 1353 4374 ὑπομονὴν
1385 4299 1476 4354 διὰ
1506 4311 1600 4362 τῆς
1659 4321 1784 4352 συν-

178 4399 360 4466 εχείας
390 4397 478 4444 καὶ
503 4391 788 4453 ἐπιτάσεως
819 4401 915 4443 τῶν
950 4391 1284 4462 ἀλγυνόντων.

1819 4449 1863 4502 D

251 4570 392 4622 Ἀλλ’

179 4659 480 4712 ἀναστάντα
527 4660 582 4709 ἐκ
618 4667 806 4732 νεκρῶν
856 4654 987 4716 ἤδη.
1039 4655 1164 4711 Εἶτα
1211 4659 1394 4715 τίθησι
1433 4661 1521 4708 καὶ
1554 4658 1663 4727 (60)
1697 4677 1790 4710 κο-

181 4753 372 4823 σμικόν
404 4747 766 4822 ἀναντίρρητον
815 4743 1158 4822 παράδειγμα
1184 4754 1276 4808 τῆς
1323 4750 1416 4804 τὴν
1463 4744 1629 4804 λύπην
1662 4745 1790 4818 ἀφα-

461 4601 528 4609 -
583 4575 872 4640 γενήσεται.
953 4568 1111 4622 Πάλιν
1198 4570 1518 4642 θεωρούντων
1575 4587 1655 4639 με,
1723 4572 1786 4629 ὠς

175 4839 432 4900 νιζούσης
462 4843 660 4910 χαρᾶς.

1895 1810 2119 1867 licetur.

1967 1901 2132 1956 Vers.
2172 1901 2259 1956 16.
2287 1901 2522 1957 Pusillo
2549 1931 2620 1942 —
2645 1917 2755 1958 me.
2793 1900 2914 1956 Sub
2944 1904 3098 1957 terra
3131 1900 3453 1972 sepultum.

1963 1991 2123 2045 Vers.
2170 1990 2252 2044 l6.
2285 1990 2365 2045 Et
2394 2020 2460 2030 —
2509 2005 2617 2046 me.
2655 1989 2761 2045 Ubi
2793 2006 2830 2046 a
2856 1989 3104 2046 mortuis
3151 2004 3546 2046 resurrexero.

1967 2080 2122 2133 Vers.
2152 2081 2234 2134 16.
2269 2079 2412 2143 Quia
2438 2110 2505 2119 —
2545 2082 2802 2135 Patrem.
2835 2079 3138 2135 Passionis
3194 2077 3552 2150 mysterium

1894 2166 2150 2238 appellat
2187 2167 2408 2240 ubique
2436 2168 2772 2233 transitum,
2824 2167 3166 2232 ostendens,
3229 2166 3383 2238 quod
3432 2181 3554 2222 non

1897 2255 2084 2311 multo
2115 2261 2377 2326 tempore
2407 2255 2584 2311 morti
2615 2256 2722 2310 erit
2768 2256 3096 2324 subjectus.
3128 2257 3333 2328 Itaque
3385 2259 3554 2326 post-

1895 2359 2078 2414 quam
2109 2343 2245 2398 ]aita
2274 2344 2349 2398 de
2395 2343 2583 2399 altero
2614 2343 2919 2399 Paracleto
2971 2343 3258 2413 promisit,
3310 2357 3553 2398 rursum

1895 2432 2081 2486 tristia
2132 2432 2376 2496 inducit,
2429 2431 2610 2503 idque
2659 2431 2997 2504 frequenter
3023 2438 3077 2485 et
3124 2430 3260 2485 fecit
3311 2431 3440 2501 jam
3497 2433 3555 2485 et

1895 2519 2051 2586 facit,
2116 2519 2265 2576 laetis
2323 2522 2515 2578 tristia
2564 2521 2951 2592 permiscens,
3010 2527 3072 2574 ut
3117 2520 3260 2575 hinc
3309 2519 3554 2590 quidem

1895 2609 2235 2665 consoletur
2288 2610 2575 2678 deiectos,
2629 2609 2768 2663 hinc
2820 2624 2956 2662 vero
2985 2612 3208 2664 stantes
3263 2612 3552 2663 exerceat.

1897 2700 2039 2752 Nam
2081 2698 2180 2769 qui
2214 2698 2274 2752 in
2299 2697 2484 2752 verbis
2515 2697 2814 2752 horrenda
2844 2698 3106 2768 primum
3132 2696 3354 2752 medita
3385 2695 3554 2752 tifue-

1893 2792 2049 2856 rant,
2089 2803 2160 2842 ea
2189 2787 2578 2858 postmodum
2610 2786 2668 2841 in
2717 2786 2897 2843 rebus
2957 2785 3323 2841 tolerabilius
3374 2784 3556 2842 laturi

1895 2882 2083 2932 erant.

1970 2966 2127 3020 Vers.
2175 2967 2258 3020 l7.
2299 2965 2596 3022 Dixerunt
2625 2996 2692 3006 —
2721 2965 2886 3021 Vers.
2922 2965 2988 3019 18
3023 2965 3336 3034 .loquatur.
3365 2962 3556 3034 Siqui-

1896 3054 2032 3109 dem
2067 3055 2418 3126 parabolam
2450 3055 2532 3109 eis
2564 3055 2881 3109 videbatur
2913 3054 3178 3125 aliquam
3225 3052 3408 3108 etiam
3458 3052 3555 3108 hic

1896 3142 2108 3207 dicere,
2141 3145 2292 3200 sicut
2321 3150 2374 3199 et
2406 3144 2464 3199 in
2489 3143 2807 3212 Evangelio
2845 3144 3015 3214 juxta
3041 3143 3383 3199 Matthaeum
3431 3158 3554 3213 ρεαδ

1897 3233 2168 3287 diximus.
2203 3233 2492 3288 Fortassis
2531 3237 2731 3287 autem
2767 3239 2822 3286 et
2875 3231 3118 3287 tristitiae
3173 3231 3556 3287 vehementia

1895 3320 2404 3376 insensibilitatem
2443 3321 2596 3376 hanc
2629 3321 2711 3375 eis
2753 3320 3034 3391 injecerat
3067 3338 3078 3374 :
3113 3319 3286 3391 etqui
3311 3319 3556 3391 freqen-

1895 3416 1980 3467 ter
2009 3410 2138 3466 haec
2201 3410 2535 3476 audierant,
2588 3410 2670 3466 sic
2714 3409 2905 3466 aﬁ‘ecti
2939 3413 3125 3474 erant,
3175 3409 3352 3481 quasi
3400 3405 3556 3464 nihil

1895 3515 2162 3571 unquam
2194 3499 2412 3555 horum
2446 3498 2768 3555 audissent.

1963 3589 2134 3646 Vers.
2186 3593 2270 3648 19.
2304 3589 2571 3660 Cognovit
2607 3618 2674 3628 —
2718 3589 2848 3645 me?
2880 3586 3098 3643 Deinde
3125 3584 3292 3659 quod
3320 3598 3555 3657 quaare-

1895 3678 2042 3736 bant
2073 3678 2513 3750 interpretatur.

1967 3769 2128 3824 Vers.
2160 3771 2250 3824 20.
2304 3769 2489 3826 Amen
2526 3799 2583 3809 —
2616 3783 2732 3826 vos.
2775 3767 2905 3825 Non
2945 3766 3212 3824 videntes
3270 3779 3387 3830 me,
3441 3762 3556 3820 sub

1895 3862 2048 3913 terra
2074 3856 2343 3913 videlicet
2374 3857 2696 3929 sepultum.

1965 3948 2126 4001 Vers.
2157 3947 2246 4001 20.
2287 3947 2544 4002 Mundus
2603 3961 2739 4002 vero
2779 3945 3072 4016 gaudebit,
3117 3944 3254 4000 Mali
3312 3943 3554 4006 scilicet.

1895 4037 2184 4104 tanquam
2219 4050 2254 4089 a
2284 4051 2378 4088 me
2404 4034 2655 4089 liberati.

1967 4121 2124 4176 Vers.
2156 4125 2243 4176 20.
2291 4123 2388 4176 Vos
2426 4127 2615 4177 autem
2641 4118 3154 4176 contristabimim’.
3188 4118 3276 4172 Ad
3307 4115 3558 4189 aliquod

1896 4214 2151 4282 tempus.
2191 4210 2329 4265 Vide
2359 4213 2577 4275 autem,
2609 4209 2912 4280 quomodo
2939 4207 3154 4263 dixerit
3183 4222 3195 4260 :
3233 4205 3555 4262 Plorabitis

1897 4301 2428 4357 etlamentabimini
2442 4316 2512 4356 ac
2534 4299 3041 4365 contristabimini,
3065 4297 3144 4353 ad
3175 4295 3555 4353 tolerantiam

1897 4390 2157 4462 amplius
2185 4407 2287 4446 eos
2315 4404 2655 4455 excercens,
2679 4404 2785 4460 per
2805 4387 3318 4444 continuationem
3346 4385 3426 4457 (εἰ)
3452 4399 3555 4441 eo-

1899 4495 2029 4535 rum
2060 4496 2191 4551 quae
2230 4495 2480 4535 maerore
2519 4477 2802 4535 afﬁciant.

1970 4570 2127 4623 Vers.
2164 4572 2249 4624 20.
2282 4567 2392 4624 Sed
2421 4599 2488 4608 —
2521 4571 2798 4624 vertetur.
2832 4565 2982 4621 Cum
3009 4581 3106 4621 me
3133 4565 3346 4620 iterum
3384 4561 3549 4617 vide-

1898 4657 2032 4713 bitis
2060 4673 2128 4712 ex
2154 4659 2402 4713 mortuis
2432 4659 2869 4713 resuscitatum.
2910 4656 3131 4711 Deinde
3161 4654 3332 4728 ponit
3370 4652 3554 4709 etiam

1899 4747 2136 4816 vulgare
2167 4748 2240 4820 (e)
2272 4762 2342 4802 ac
2375 4747 2772 4803 certissimum
2805 4745 3148 4819 exemplum
3188 4744 3262 4801 de
3302 4741 3550 4814 gaudio,

1900 4836 2064 4910 quod
2105 4852 2419 4894 mmrorem
2449 4854 2478 4894 e
2520 4835 2720 4894 medio
2751 4835 2919 4894 tollit.

1422 5038 1650 5108 Variae
1721 5039 2047 5108 lectiones
2097 5047 2161 5108 et
2222 5050 2422 5108 notae.

248 5246 370 5319 (60)
397 5250 616 5319 Μικρὸν,
647 5261 756 5318 pro
794 5248 1048 5318 κοσμικόν
1089 5249 1150 5295 Α.

244 5425 327 5497 (c)
363 5425 450 5479 Ab
481 5424 589 5480 hoc
616 5426 835 5494 itaque.
869 5422 1125 5497 Denique
1153 5421 1234 5477 ab
1261 5422 1392 5497 hoc.

246 5492 334 5568 (α’)
370 5492 897 5568 ϐοηιίηααῑίὸηεηι.
945 5493 1464 5568 Qontinuationem
1505 5496 1560 5549 et
1598 5492 1786 5568 inten-

168 5563 427 5703 tiognem.
461 5570 584 5623 Non
609 5568 840 5627 videtur
868 5566 1112 5636 legisse,
1149 5570 1239 5617 καὶ
1269 5563 1576 5631 inuia-sm,
1609 5565 1669 5620 id
1699 5569 1790 5622 est

169 5663 240 5694 αυ
281 5658 472 5698 ησεως.

1972 5423 2045 5492 (e)
2093 5422 2357 5492 Vulgare.
2394 5425 2456 5477 In
2486 5424 2686 5480 Graeco
2718 5426 2824 5491 est,
2855 5422 3234 5482 mundanum.
3258 5421 3319 5476 id
3349 5423 3458 5485 est,
3481 5434 3556 5476 ex

1899 5494 2100 5559 rebus,
2130 5511 2264 5564 quas
2295 5494 2354 5548 in
2378 5495 2607 5551 mundo
2658 5495 2851 5552 solent
2899 5494 3180 5560 accidere,
3223 5493 3551 5565 repetitum.

1899 5566 2019 5620 Nisi
2059 5571 2226 5617 κοινόν
2263 5565 2489 5638 legerit.
