4022 6232
511 220 636 279 H3l

504 436 803 493 dolorum.

574 528 735 581 Vers.
800 528 887 578 21.
945 524 1092 579 Cum
1149 555 1217 563 —
1278 525 1575 580 mundum.
1631 522 2156 590 Quemadmodum

502 614 701 670 brevis
727 612 820 668 ille
849 628 1087 679 maeror,
1116 614 1219 684 qui
1252 613 1482 669 mulieri
1531 615 1591 668 in
1645 618 1817 685 partu
1860 613 2157 668 laboranti

500 702 773 775 provenit
825 718 859 755 a
902 708 1109 773 partus
1160 703 1487 771 doloribus,
1535 718 1826 775 magnmu
1870 703 2022 774 parit
2083 702 2158 756 de

504 790 663 847 edita
701 790 867 860 prole
896 790 1181 860 gaudium
1228 808 1241 847 :
1283 793 1365 847 ita
1410 807 1654 863 quoque
1710 790 1881 847 vobis
1934 795 2160 862 tempo-

502 879 643 935 ralis
674 879 747 935 de
777 886 968 935 morte
994 895 1130 935 mea
1162 895 1399 945 maeror,
1450 884 1804 951 perpetuum
1863 881 2161 952 generabit

503 968 578 1024 de
614 969 1042 1025 resurrectione
1075 985 1208 1024 mea
1238 970 1549 1038 gaudium.

576 1058 743 1113 Vers.
774 1059 863 1111 22.
892 1057 1065 1113 El—
1119 1058 1297 1113 vobis.
1348 1062 1530 1113 Nemo
1576 1074 1612 1113 θ.
1662 1058 1836 1113 vobis
1885 1056 2157 1113 auferet:

505 1153 649 1203 tunc
676 1147 835 1202 enim
865 1163 985 1202 non
1014 1147 1266 1218 amplius
1310 1147 1546 1211 moriar,
1591 1162 1700 1202 nec
1748 1147 2032 1217 deinceps
2066 1162 2161 1202 me

506 1234 913 1308 privabimini.
949 1236 1263 1300 Quomodo
1319 1240 1518 1291 autem
1578 1236 1647 1291 de
1698 1236 1944 1290 muliere
1993 1235 2160 1300 dixit,

508 1324 665 1396 quod
682 1325 1059 1396 gaudetquia
1082 1329 1256 1380 natus
1279 1331 1365 1379 est
1385 1325 1568 1379 homo
1587 1324 1649 1379 in
1678 1324 1993 1390 mundum,
2023 1340 2161 1379 cum

508 1429 631 1469 non
657 1418 971 1485 propterea
999 1414 1272 1482 gaudeat,
1334 1413 1439 1468 sed
1489 1413 1650 1483 quod
1710 1412 1824 1467 sibi
1851 1419 2029 1468 natus
2091 1412 2162 1467 sit

508 1502 855 1573 puerulus?
895 1506 1013 1559 Hoc
1070 1503 1233 1571 dixit,
1306 1503 1593 1574 quoniam
1661 1502 1739 1557 ab
1792 1502 1963 1557 initio
2022 1502 2165 1557 dixit

512 1593 668 1647 Deus
690 1607 703 1647 :
727 1591 978 1648 Crescite
996 1598 1048 1648 et
1068 1592 1527 1663 multiplicamini
1542 1607 1607 1645 ac
1620 1592 1777 1661 reple
1788 1598 1839 1645 te
1857 1597 2070 1647 terram
2091 1593 2159 1662 '1,

1824 214 2171 272 EUTHYMII
2213 216 2546 271 ZIGABENI
3686 220 3791 278 “32

578 348 741 404 Vers.
782 349 871 402 21.
918 344 1141 401 Mulier
1168 373 1240 386 —
1295 346 1442 416 ejus.
1488 346 1747 417 Tempus
1787 343 2154 402 laboriosum
2183 345 2232 399 Α

2337 344 2395 397 Ἡ
2459 346 2589 416 γυνή
2647 376 2716 384 —
2801 343 2992 406 αὐτῆς.
3058 343 3115 397 Ὀ
3194 346 3365 416 καιρός
3423 352 3515 395 τῶν
3573 342 3792 398 ἐπωδύνων

2266 431 2465 486 ὠδίνων
2499 434 2633 506 (61).

2334 523 2494 575 Ὀταν
2523 555 2592 562 —
2622 527 2837 595 κόσμον.
2863 522 3063 597 Ὠσπερ
3086 530 3149 595 τῇ
3178 518 3433 595 ὡδινούσῃ
3461 526 3691 592 γυναικὶὴ
3721 524 3795 577 ἀπὸ

2265 621 2363 664 τῶν
2385 613 2498 681 (6'2)
2524 608 2724 664 ὠδίνων
2756 610 2991 685 βραχεῖα
3019 612 3155 669 ὶύπη
3185 617 3333 683 γεννᾷ
3361 615 3450 669 τὴν
3473 609 3549 663 ἐπὶ
3575 620 3638 681 τῷ
3662 619 3798 682 7mi-

2266 722 2393 774 ματι
2422 701 2647 773 μεγάλην
2678 704 2872 774 χαράν·
2915 702 3050 753 οὕτω
3080 707 3167 752 καὶ
3198 703 3315 772 ὑμῖν
3363 702 3393 757 ἠ
3433 699 3525 751 ἀπὸ
3561 709 3642 751 τοῦ
3674 703 3797 752 θανά-

2264 811 2355 844 του
2386 811 2489 864 μου
2526 796 2844 863 πρόσκαιρος
2873 790 3008 847 λύπη
3039 796 3271 861 γεννήσει
3297 793 3390 847 τὴν
3419 788 3498 840 ἐπὶ
3620 787 3801 841 ἀναστά-

2272 900 2350 933 σει
2379 901 2478 953 μου
2511 876 2725 939 διηνεκῆ
2760 882 2958 955 χαράν.

2344 1061 2444 1111 Καὶ
2488 1088 2557 1097 —-
2595 1058 2756 1129 ὑμῶν.
2807 1053 3003 1117 Οὐδεὶς
3046 1054 3341 1127 ἀφαιρεῖται
3372 1056 3527 1127 ὑμῶν·
3552 1054 3705 1107 οὐκέτι
3728 1058 3804 1127 γὰρ

2272 1148 2654 1217 ἀποθανοῦμαι,
2712 1146 2887 1198 οὐκέτι
2936 1166 2999 1217 με
3042 1146 3460 1217 ζημιωθήσεσθε.
3510 1150 3612 1204 Πῶς
3646 1140 3697 1195 δε
3721 1150 3808 1217 περὶ

2271 1245 2361 1296 τῆς
2389 1238 2632 1307 γυναικός
2665 1233 2797 1287 εἶπεν
2825 1238 2904 1286 ὅτι
2935 1240 3134 1309 χαίρει,
3172 1231 3309 1286 διότι
3335 1232 3565 1305 ἐγεννήθη
3594 1234 3809 1306 ἄνθρωπος

2271 1326 2343 1386 εἰς
2380 1328 2466 1376 τόν
2497 1330 2732 1394 κόσμον;
2768 1324 2842 1375 Οὐ
2875 1321 2968 1375 διὰ
2994 1332 3145 1375 τοῦτο
3183 1326 3282 1395 γὰρ
3329 1327 3523 1394 χαίρει,
3557 1320 3669 1373 ἀλλὰ
3700 1319 3808 1373 διότι

2271 1413 2512 1484 ἐγεννήθη
2556 1413 2679 1485 αὐτῇ
2734 1410 2974 1465 παιδίον·
3031 1420 3184 1465 τοῦτο
3224 1409 3354 1476 εἶπε,
3384 1408 3515 1463 διότι
3541 1413 3808 1483 καταρχαςό

2272 1506 2400 1564 Θεὸς
2433 1505 2649 1576 εῖρηκεν·
2700 1502 3009 1567 Αὐξάνεσθε,
3059 1506 3147 1553 καὶ
3176 1500 3511 1562 πληθύνεσθε,
3542 1506 3622 1551 καὶ
3648 1500 3811 1573 alapa}-

2275 1610 2399 1643 σατε
2449 1595 2542 1648 τὴν
2588 1599 2704 1662 γῆν.
2758 1596 2858 1644 Καὶ
2900 1594 3301 1664 προηγουμένως
3332 1593 3421 1660 μὲν
3452 1590 3519 1649 εὶς
3545 1588 3622 1640 τόν
3656 1592 3809 1660 κόσμον

510 1686 562 1736 et
614 1682 675 1736 in
728 1680 940 1752 primis
998 1681 1235 1753 quidem
1288 1682 1473 1737 homo
1541 1680 1811 1735 nascitur
1876 1680 1934 1734 in
1995 1695 2163 1735 mun-

2277 1686 2510 1752 γεννᾶται
2540 1682 2565 1731 6
2588 1682 2851 1753 ἅνθρωπος
2878 1680 3146 1752 ἑπομένως,
3179 1676 3237 1732 δε
3262 1683 3353 1731 καὶ
3384 1678 3449 1739 εἰς
3481 1680 3719 1752 θεραπείαν
3738 1688 3812 1729 τῶν

508 1770 678 1837 dum,
706 1785 778 1825 ex
805 1771 1194 1842 consequenti
1216 1786 1352 1827 vero
1382 1770 1559 1826 etiam
1581 1768 1658 1824 ad
1676 1769 2031 1840 obsequium
2062 1785 2165 1841 pa-

503 1863 763 1915 rentum-

580 1947 771 2003 Simul
802 1951 1003 2004 autem
1034 1953 1090 2003 et
1120 1950 1441 2021 mysticum
1472 1949 1768 2020 quiddam
1798 1948 1939 2003 hinc
1972 1946 2163 2018 signi-

508 2037 739 2103 ﬁcatur,
771 2037 937 2109 quod
970 2037 1230 2092 Christus
1262 2053 1361 2108 per
1402 2044 1659 2093 mortem
1715 2039 1951 2109 genitus
1992 2036 2165 2108 quasi

509 2142 617 2199 per
667 2126 997 2199 quemdam
1058 2131 1312 2193 uterum,
1369 2133 1425 2181 et
1469 2127 1675 2181 solutis
1707 2126 1919 2181 mortis
1949 2125 2166 2181 dolori-

509 2216 624 2271 bus
650 2221 820 2270 natus
852 2215 923 2270 sit
949 2231 1141 2269 novus
1192 2215 1377 2270 homo
1420 2216 1481 2269 in
1532 2215 1827 2269 mundum
1876 2230 2106 2270 novum
2150 2235 2163 2267 :

510 2303 944 2377 primogenitus
971 2319 1041 2358 ex
1067 2303 1308 2359 mortuis
1341 2304 1398 2358 in
1438 2318 1691 2373 regnum
1723 2303 2034 2359 calorum.

583 2480 742 2534 Vers.
770 2482 860 2535 23.
888 2480 964 2533 Et
1008 2508 1080 2521 —
1131 2494 1247 2535 non
1276 2479 1618 2550 quidquam.
1676 2508 1739 2521 --
1795 2481 1865 2535 In
1907 2481 2014 2535 illo
2058 2480 2162 2547 die,

512 2569 629 2624 hoc
659 2572 765 2632 est,
798 2584 935 2623 cum
962 2570 1190 2624 venerit
1219 2568 1577 2633 Paracletus,
1608 2585 1726 2625 non
1754 2569 2030 2640 rogabitis
2076 2584 2163 2625 me

514 2657 827 2729 quidquam
847 2672 1052 2712 eorum
1067 2674 1199 2729 quae
1221 2672 1381 2712 nunc
1402 2658 1649 2727 rogatis,
1672 2664 1833 2730 puta,
1856 2658 1979 2725 Quo
1992 2658 2118 2714 abis
2141 2660 2170 2713 i?

514 2752 603 2803 et:
640 2745 891 2803 Ostende
922 2747 1089 2802 nobis
1106 2746 1357 2810 Patrem,
1387 2762 1457 2802 ac
1489 2746 1818 2813 similia,de
1832 2748 2112 2803 omnibus
2133 2764 2171 2803 a

514 2835 814 2892 Paracleto
861 2835 1069 2891 edocti.

584 2924 687 2980 Vel
714 2924 897 2981 etiam
940 2924 1144 2979 aliter:
1201 2923 1327 2980 Non
1366 2940 1605 2980 necesse
1652 2924 1880 2980 habetis
1929 2941 2167 2981 mecum

2272 1773 2613 1843 γεννητόρων.

2343 1950 2486 2022 Ἀμα
2516 1946 2575 2001 δὲ
2617 1954 2706 2001 καὶ
2754 1968 2805 1999 τι
2852 1951 3106 2019 μυστικόν
3155 1945 3383 1999 ἐντεῦθεν
3432 1945 3538 2015 (63)
3581 1941 3817 2001 ὑποδηλοῦ-

2275 2059 2380 2108 ται,
2431 2040 2511 2090 ὅτι
2566 2040 2632 2099 ὡς
2666 2033 2759 2089 διὰ
2812 2041 3014 2111 μήτρας
3045 2039 3203 2101 τινός,
3258 2034 3353 2087 dia
3390 2044 3477 2087 τοῦ
3510 2037 3720 2097 θανάτου,
3761 2054 3819 2085 τε-

2276 2131 2424 2201 χθεὶς
2472 2129 2497 2178 6
2546 2130 2794 2196 Χριστός,
2841 2130 2931 2177 καὶ
2959 2128 3050 2186 τὰς
3081 2122 3277 2186 ὠδῖνας
3307 2132 3399 2177 τοῦ
3442 2126 3642 2175 θανάτου
3671 2122 3816 2183 λύσας,

2276 2218 2517 2289 ἐγεννήθη
2578 2218 2848 2289 ἄνθρωπος
2891 2219 3063 2274 καινός
3118 2215 3189 2275 εἰς
3238 2218 3328 2266 τόν
3386 2218 3572 2286 κόσμον
3622 2216 3695 2264 τόν
3734 2231 3818 2262 και-

2274 2313 2377 2372 νόν,
2441 2310 2769 2378 πρωτότοκος
2821 2304 2875 2356 ἐκ
2927 2312 3115 2377 νεκρῶν
3178 2304 3247 2364 εἰς
3303 2308 3397 2361 την
3452 2302 3699 2375 βασιλείαν
3742 2308 3815 2349 τῶν

2276 2396 2525 2468 οὐρανῶν.

2349 2489 2449 2537 Καὶ
2504 2515 2573 2525 -
2631 2479 2802 2537 οὐδέν.
2862 2512 2927 2522 —
2998 2482 3077 2534 Ἐν
3137 2480 3306 2553 ἐκείνη
3368 2489 3429 2554 τῇ
3486 2482 3656 2551 ἡμέρᾳ,
3704 2497 3817 2529 τοντο

2277 2577 2416 2626 ἐστιν
2460 2572 2687 2632 ἐλθόντος
2735 2579 2825 2623 τοῦ
2905 2571 3271 2644 ΠαρακΗΠου,
3335 2571 3430 2622 οὐκ
3479 2568 3732 2643 ἐρωτήσετέ
3772 2584 3817 2635 με

2277 2659 2427 2715 οὐδὲν
2463 2663 2529 2713 ὧν
2562 2661 2778 2734 ἐρωτᾶτε
2819 2668 2928 2726 νῦν,
2976 2660 3080 2712 οἷον
3116 2667 3221 2712 Ποῦ
3264 2661 3517 2731 ὑπάγεις
3561 2662 3660 2721 καὶ,
3687 2655 3816 2717 Δεῖξον

2278 2754 2397 2823 ὑμῖν
2426 2754 2509 2804 τόν
2543 2754 2769 2825 Πατέρα,
2801 2755 2891 2801 καὶ
2920 2752 2986 2801 τὰ
3015 2757 3253 2813 τοιαῦτα,
3305 2745 3663 2819 διδασκόμενοι
3692 2748 3820 2796 πάντα

2278 2844 2377 2894 ὑπὸ
2404 2849 2494 2893 τοῦ
2525 2840 2865 2915 Παρακλὴτου
2880 2881 2891 2894 .

2354 2930 2446 3003 ΓΗ
2506 2932 2617 3001 (64)
2666 2935 2757 2980 καὶ
2806 2927 3005 3000 ἑτέρως.
3061 2927 3183 2998 Οὐχ
3239 2927 3378 2989 ἕξετε
3432 2931 3602 2999 χρείαν
3636 2923 3820 2992 ἐντυχεῖν

514 3015 742 3071 versari
773 3012 1176 3084 corporaliter,
1217 3029 1360 3069 nam
1406 3013 1520 3068 hoc
1563 3013 1856 3082 signiﬁcat
1888 3032 1900 3069 :
1927 3015 2021 3070 Me
2050 3031 2164 3071 non

2281 3040 2369 3092 μοι
2414 3024 2744 3091 σωματικῶς·
2803 3024 2956 3068 τοῦτο
2985 3019 3086 3088 γὰρ
3121 3012 3281 3073 δηλοῖ
3326 3018 3406 3079 τὸ,
3462 3016 3569 3086 Ἐμὲ
3614 3013 3692 3064 οὐκ
3733 3010 3822 3083 ἐρω-

516 3105 789 3176 rogabitur
805 3101 1149 3174 quidquam,
1177 3102 1282 3158 sed
1312 3108 1541 3158 tantum
1574 3118 1794 3158 nomen
1827 3120 2025 3159 meum
2069 3120 2171 3159 no-

519 3194 836 3257 minantes,
868 3196 1084 3247 cuncta
1114 3191 1440 3263 accipietis,
1482 3207 1617 3265 quae
1650 3192 1933 3260 petieritis

515 3282 711 3356 jungit
741 3282 900 3337 enim
933 3300 945 3340 :

594 3376 753 3429 Vers.
784 3373 873 3427 23.
901 3371 1079 3427 Amen
1116 3401 1186 3412 —
1233 3370 1408 3428 vobis.
1463 3371 1643 3442 Cujus
1696 3376 1895 3428 autem
1951 3388 2174 3429 nomen

522 3468 685 3521 tanta
712 3467 927 3534 potest,
960 3460 1294 3517 certissime
1318 3462 1466 3516 Deus
1494 3466 1602 3519 est.
1647 3461 1785 3517 Ideo
1838 3462 2017 3518 etiam
2061 3466 2176 3518 Da-

520 3552 620 3607 vid
646 3550 820 3607 variis
870 3551 931 3605 in
978 3549 1125 3605 locis
1166 3549 1311 3605 illud
1364 3550 1645 3617 laudans,
1703 3566 1861 3605 nunc
1928 3551 2172 3623 quidem

521 3639 601 3695 ait
632 3658 644 3696 :
687 3640 868 3707 Quam
888 3639 1238 3695 admirabile
1265 3643 1345 3695 est
1391 3655 1595 3695 nomen
1627 3645 1787 3694 tuum
1812 3640 1869 3693 in
1898 3642 2172 3697 universa

524 3736 685 3784 terra
712 3730 759 3763 ³³
788 3726 980 3781 lnunc
1000 3742 1142 3783 vero
1176 3745 1190 3795 ;
1224 3728 1579 3784 Eraltatum
1600 3734 1678 3783 est
1710 3742 1909 3783 nomen
1940 3730 2065 3797 ejus
2092 3744 2175 3784 so-

525 3816 642 3872 lius
672 3816 743 3870 ³³.

592 3903 1032 3961 Advertendum
1059 3907 1147 3959 est
1176 3908 1397 3975 autem,
1416 3903 1583 3977 quod
1605 3903 1901 3960 interdum
1928 3906 2173 3977 quidem

521 3995 829 4052 dationem
867 4010 1074 4050 eorum
1115 4010 1251 4066 quas
1282 3997 1581 4067 petuntur,
1638 3995 1789 4050 Patri
1837 3995 2105 4051 attribuit
2159 4013 2171 4051 :

521 4083 891 4157 quandoque
913 4099 1051 4139 vero
1074 4082 1185 4137 sibi
1206 4082 1337 4155 ipsi,
1365 4083 1517 4138 sicut
1542 4090 1597 4138 et
1618 4082 1735 4139 alia
1753 4100 1917 4149 sane,
1938 4089 2178 4156 prOpter

522 4172 925 4246 aqualitatem
956 4171 1353 4241 eamdemque
1403 4171 1778 4243 potentiam;
1830 4173 1925 4228 hic
1973 4178 2175 4230 autem

524 4267 580 4319 et
608 4262 766 4319 Patri
794 4266 850 4318 et
880 4260 991 4316 sibi
1019 4259 1154 4331 ipsi.
1186 4261 1338 4315 Nam
1362 4260 1441 4315 ait
1477 4278 1489 4315 :
1524 4259 1594 4313 In
1642 4261 1868 4317 nomine
1912 4277 2058 4318 meo.
2113 4265 2177 4317 Et

1978 3212 1989 3251 :
2028 3194 2173 3249 sub-

2280 3113 2465 3166 τήσετε
2493 3104 2662 3159 οὐδέν·
2708 3105 2835 3157 ἀλλὰ
2886 3110 3037 3177 μόνον
3087 3110 3145 3157 τό
3196 3106 3363 3176 ὄνομά
3393 3123 3490 3175 μου
3525 3102 3819 3173 ὀνομάζοντες.

2282 3198 2452 3248 πάντα
2478 3195 2707 3266 λήψεσθε
2731 3198 2797 3246 τὰ
2837 3197 3146 3267 ζητούμενα·
3184 3192 3371 3266 ἐπάγει
3395 3191 3540 3267 γάρ.]

2356 3375 2521 3447 ’Δμὴν
2556 3404 2619 3413 -
2669 3375 2811 3445 ὑμῖν.
2854 3373 2929 3425 Οὖ
2980 3369 3038 3425 δὲ
3084 3376 3142 3424 τό
3188 3376 3352 3443 ὄνομα
3400 3378 3620 3424 τοσαῦτα
3655 3364 3822 3419 δύναται

2286 3466 2412 3525 Θεὸς
2463 3460 2840 3536 ἀναντιρῥήτως
2880 3461 3011 3513 ἐστί·
3066 3466 3153 3514 Διό
3202 3467 3295 3513 καὶ
3350 3463 3375 3513 6
3416 3456 3567 3512 Δαυῐὸ
3614 3454 3821 3526 διαφόρως

2284 3554 2452 3624 ὑμνῶν
2516 3551 2641 3603 αὐτό
2723 3570 2880 3622 φησιν
2946 3558 3032 3602 νὺν
3103 3554 3211 3621 μέν·
3295 3550 3385 3611 Ὠς
3453 3548 3721 3618 θαυμαστόν
3777 3545 3818 3592 τὸ

2285 3642 2443 3712 ὄνομα
2490 3660 2582 3691 σου
2638 3639 2686 3693 ἐν
2744 3642 2889 3712 πάσῃ
2944 3648 3005 3712 τῇ
3040 3648 3127 3711 γῇ·
3162 3646 3249 3691 νῦν
3307 3635 3387 3691 δέ·
3448 3639 3525 3690 ὅτι
3560 3634 3735 3704 Ὺψώθη
3775 3632 3818 3680 τὸ

2285 3734 2443 3803 ὄνομα
2464 3730 2624 3783 αὐτοῦ
2648 3734 2827 3802 μόνον.

2358 3911 2752 3981 Παρατηρητέον
2804 3902 2862 3958 δι
2911 3907 2990 3958 ὃτι
3032 3908 3157 3957 ποτε
3195 3908 3287 3977 μεν
3345 3913 3419 3975 τῷ
3460 3908 3613 3976 Πατρὶ
3655 3904 3730 3957 τήν
3755 3894 3824 3949 δό-

2289 4015 2369 4047 σιν
2414 4004 2512 4047 τῶν
2571 3995 2879 4053 αἰτηθέντων
2938 3993 3237 4063 ἀνατίθησι,
3292 3996 3419 4047 ποτε
3459 3990 3515 4046 δε
3552 3992 3712 4058 ἐαυτῷ,
3745 3988 3822 4036 ὧσ-

2284 4104 2377 4156 περ
2430 4081 2497 4142 δὴ
2548 4090 2636 4136 καὶ
2685 4084 2866 4154 τοΐλλα,
2919 4080 3013 4136 διὰ
3062 4087 3119 4135 τό
3167 4086 3282 4135 ἴσον
3326 4088 3417 4134 καὶ
3464 4082 3725 4153 όμοσθτνίς¹
3764 4072 3819 4123 ἓν·

2286 4175 2455 4226 ταῡθα
2510 4170 2569 4226 δὲ
2622 4178 2711 4225 καὶ
2766 4182 2836 4244 τῷ
2897 4177 3060 4246 Πατρὶ
3128 4176 3217 4223 καὶ
3262 4172 3449 4225 ἐαυτῶ.
3485 4174 3611 4226 Φησὶ
3648 4168 3730 4237 γὰρ
3764 4163 3819 4213 ὅτι

2287 4262 2367 4316 Ἐν
2402 4270 2472 4333 τῷ
2504 4265 2716 4333 ὀνόματί
2746 4277 2866 4335 μου·
2897 4262 3086 4334 ὁμοίως
3119 4258 3177 4314 δὲ
3207 4266 3297 4313 καὶ
3330 4262 3442 4331 (65)
3475 4261 3585 4312 ἔνθα
3622 4256 3673 4306 ὄιν
3703 4260 3818 4303 τοῦτο

525 4351 655 4423 pari
683 4350 863 4407 modo
889 4347 1228 4416 dicendum,
1264 4346 1606 4420 ubicunque
1653 4347 1767 4403 hoc
1827 4349 2164 4421 adjunctum

2288 4352 2400 4422 (66)
2427 4352 2785 4412 συνέζευκται.

563 4445 638 4496 st.

526 4456 638 4497 est.

596 4532 638 4600 -l-
692 4532 1071 4602 Quaecunque
1108 4525 1422 4583 conferunt
1452 4530 1510 4583 et
1538 4526 1701 4582 utilia
1728 4532 1890 4583 sunt.

599 4708 758 4762 Vers.
818 4709 905 4762 24.
963 4707 1270 4763 Hactenus
1328 4720 1469 4762 meo.
1537 4704 1713 4776 Atqui
1771 4706 2020 4777 quando
2074 4724 2175 4762 eos

529 4794 693 4854 misit
720 4794 862 4851 data
885 4798 1174 4865 potestate
1202 4794 1490 4851 adversus
1521 4793 1758 4867 spiritus
1800 4796 2169 4863 immundos,

626 4950 669 4985 ²¹
700 4947 843 5005 Gen.
877 4963 913 5013 ι,
946 4946 1034 5002 28.

2361 4532 2563 4601 [Ὅσα
2620 4531 2731 4601 (67)
2796 4531 2856 4581 οἶν
2923 4529 3193 4587 αἰτήσητε·
3256 4530 3360 4582 ὅσα
3422 4529 3715 4600 συμφέροντα
3753 4522 3814 4570 καὶ

2288 4620 2535 4691 ὠφέλιμα.
2572 4623 2591 4688 ]

2357 4708 2483 4767 "lim;
2537 4711 2656 4781 ἄρτι
2704 4739 2769 4749 -
2823 4728 2944 4780 μου.
3000 4713 3099 4761 Καὶ
3147 4712 3271 4780 μὴν,
3324 4709 3408 4760 ὅτε
3457 4700 3713 4758 ἀπέστειλεν
3750 4693 3812 4746 αὖ·

2285 4802 2418 4868 τοὺς,
2479 4795 2605 4860 δοὺς
2661 4798 2897 4859 ἐξουσίαν
2968 4798 3274 4869 πνευμάτων
3343 4795 3653 4868 ἀκαθάρτων,
3718 4788 3811 4836 ὥστε

1153 4947 1199 4980 ²²
1226 4945 1375 5003 Psal.
1406 4962 1528 5012 vni,
1562 4950 1613 5001 2.
1649 4950 1694 4982 ³²
1722 4946 1877 5004 Psal.
1914 4964 2142 5003 cxrvm.
2203 4950 2291 5005 l3.

1730 5123 1956 5193 Variae
1983 5125 2307 5195 lectiones
2339 5137 2404 5194 et
2444 5136 2643 5195 notae.

625 5299 714 5357 61)
751 5292 985 5349 Ὀδυνῶν
1033 5298 1098 5352 Α.

628 5364 715 5429 625
751 5364 985 5421 Ὀδυνῶν
1016 5368 1082 5423 Β.

626 5440 718 5500 63)
760 5442 1016 5495 Ἐνταῦθα
1043 5440 1110 5495 Α.

603 5511 714 5586 (64)
758 5512 1001 5586 Inclusa
1018 5511 1329 5586 absuntpA.
1547 5584 1553 5586 _
1610 5572 1611 5575 η

605 5580 719 5662 (65)
746 5584 936 5648 Intell.
978 5583 1145 5659 ἑαυτῷ
1183 5583 1270 5637 καὶ
1298 5586 1370 5657 τῷ
1396 5584 1564 5656 Πατρὶ
1605 5580 1902 5641 ἀνατὶθησι.

2505 5300 2574 5350 Τό
2678 5304 2748 5367 τῷ
2779 5294 2995 5368 ὀνόματί
3016 5316 3136 5370 μου.
3168 5295 3283 5353 Sed
3309 5291 3614 5351 Hentenius
3637 5286 3703 5369 ita
3724 5276 3807 5338 red-

2293 5370 2353 5425 di
2403 5375 2461 5435 it,
2503 5385 2573 5424 ac
2605 5385 2649 5422 sn
2684 5373 2817 5438 post
2841 5372 2928 5420 καί
2958 5368 3245 5425 invenerit
3271 5360 3612 5438 tamensed
3641 5358 3690 5414 ld
3720 5353 3807 5408 {or-

2293 5446 2445 5497 tasse
2480 5434 2916 5512 perspicuitatis
2932 5456 3119 5496 causa
3150 5440 3226 5496 de
3253 5455 3359 5495 suo
3384 5434 3617 5512 addidit.

2364 5504 2637 5583 (67)'Haeé
2665 5514 2915 5583 uterque
2945 5512 3136 5570 codex
3162 5512 3224 5569 in
3248 5525 3437 5582 marg.
3469 5504 3646 5564 habet.
