4022 6232
157 254 302 312 H33

1158 250 1528 308 COMMENT.
1573 252 1641 308 IN
1680 253 2033 311 JOANNEM.
2083 286 2150 296 —
2189 254 2344 310 CAP.
2391 253 2533 310 XVI.

3405 253 3545 316 1434

158 380 422 434 ἐκϐάλλειν
492 379 645 446 αὐτὰ,
713 383 804 432 καὶ
877 379 1168 451 θεραπεύειν
1226 386 1400 432 πᾶσαν
1476 384 1628 432 νόσον
1685 384 1767 432 καῖ

1896 385 1948 437 ut
2001 381 2278 452 ejicerent
2326 380 2476 447 illos,
2527 385 2585 436 et
2636 384 2915 437 curarent
2956 397 3202 440 omnem
3260 385 3543 443 morbum

157 478 339 524 πᾶσαν
389 470 668 542 μαλακίαν,
725 468 773 522 ἓν
838 476 910 538 τῷ
978 468 1190 540 ὀνόματι
1243 469 1402 521 αὑτοῦ
1464 467 1710 541 ἐνήργουν
1759 487 1771 500 ’

159 561 296 613 ἀλλὰ
347 565 462 613 τότε
522 559 580 612 ού
631 562 718 611 τόν
779 562 980 632 Πατέρα
1048 559 1265 631 ᾐτοῦντο
1332 557 1380 610 ἐν
1435 567 1506 630 τῷ
1559 558 1774 631 ὀνόματι

158 650 324 703 αὐτοῦ
337 693 350 705 .

237 739 439 794 Αἰτεῖτε
479 769 546 778 -
587 737 980 813 πεπληρωμένη.
1012 735 1140 803 Ἵνα,
1168 740 1372 808 γνόντες
1398 737 1500 789 ὃσα
1523 740 1580 789 τὸ
1608 739 1772 810 ὄνομά

156 849 264 900 μου
327 826 569 896 δύναται,
626 829 801 902 χαρὰν
848 828 1009 898 ἔχητε
1062 825 1274 890 τελείαν,
1328 829 1441 884 ἤτοι
1493 825 1683 886 πολλὴν
1738 832 1768 887 ἦ

157 917 395 972 πλείονα.

233 1013 418 1060 Ταῦτα
493 1037 563 1046 —-
638 1007 781 1078 ύμῖν.
863 1009 1115 1057 Τουτέστι
1175 1008 1607 1078 συνεσκιασμένα,
1683 1011 1772 1058 καὶ

159 1096 221 1149 ού
248 1099 419 1154 πάντη
455 1103 616 1168 σαφῆ,
659 1091 818 1158 διότι,
876 1090 1174 1155 δεδοικότες
1203 1095 1277 1145 ἔτι
1306 1098 1395 1146 καὶ
1438 1093 1769 1166 ἀθυμοῦντες,

158 1186 221 1238 ού
272 1182 506 1238 δύνασθε
544 1188 825 1257 προσέχειν
855 1190 957 1244 τοίς
994 1182 1306 1255 λεγομένοις,
1343 1187 1374 1242 ἦ
1404 1182 1571 1236 πολεῖν
1603 1183 1772 1236 ἐνωτί-

163 1277 388 1328 σασθαι.

237 1363 374 1417 Ἀλλ’
395 1393 464 1402 —
480 1363 623 1434 ύμῖν.
646 1367 898 1436 Ἔρχεται
927 1364 1123 1434 καιρὸς,
1157 1363 1182 1412 ό
1203 1369 1290 1421 τῆς
1317 1361 1648 1423 ἀναστάσεως
1667 1382 1768 1434 μου

160 1448 396 1517 δηλαδὴ,
425 1453 507 1504 ὅτε
533 1449 984 1524 ἀπαρακαλύπτως
1011 1456 1100 1502 καὶ
1133 1459 1307 1522 σαφῶς
1331 1447 1534 1513 διδάξω
1561 1452 1696 1524 ὑμᾶς
1721 1451 1768 1503 ἐν

158 1541 388 1614 εὐθυμία
422 1544 721 1612 γενομένους
756 1535 886 1598 ἤδη.
934 1544 1032 1592 Καὶ
1064 1542 1165 1613 γὰρ
1195 1543 1325 1611 μετὰ
1348 1544 1442 1598 τὴν
1482 1539 1770 1593 ἀνάστασιν

159 1631 248 1682 ἐπὶ
295 1632 687 1704 τεσσαράκοντα
715 1632 907 1701 ἡμέρας
951 1625 1011 1686 ἦν
1054 1628 1390 1701 ὀπτανόμενος
1438 1629 1631 1696 αὐτοῖς,
1681 1634 1770 1683 καὶ

156 1719 321 1791 λέγων
350 1721 418 1771 τὰ
439 1723 559 1792 περὶ
586 1726 678 1780 τῆς
729 1717 1004 1790 βασιλείας
1049 1726 1137 1769 τον
1171 1725 1323 1783 Θεοῦ,
1365 1719 1502 1770 καθά
1550 1738 1706 1790 φησιν
1736 1721 1765 1777 ἡ

161 1807 348 1882 βίϐλος
381 1816 479 1860 τῶν
510 1807 770 1882 Πράξεων.

235 1898 319 1952 Ἐν
347 1928 412 1938 -
445 1897 746 1955 αἰτήσεσθε.
775 1895 994 1968 Ἡμέραι
1033 1899 1122 1947 τόν
1152 1898 1332 1971 καιρὸν
1359 1895 1605 1958 πολλάκις
1625 1899 1770 1950 εἴωθε

154 1988 343 2059 λέγειν.
377 1994 609 2058 Συνεχῶς
648 1983 705 2038 δε
736 1991 852 2060 περὶ
874 1994 968 2047 τῆς
999 1984 1046 2036 ἐν
1084 1994 1154 2055 τῷ
1196 1985 1408 2057 ὀνόματι
1439 1986 1598 2038 αὐτοῦ
1627 1986 1767 2044 αἰτὴο

160 2097 286 2136 σεως
318 2076 474 2147 λέγει,
506 2075 843 2149 πληροφορῶν
875 2074 1066 2135 αύτούς
1095 2079 1212 2147 περὶ
1255 2083 1350 2136 τῆς
1381 2071 1645 2148 δυνάμεως
1681 2075 1770 2127 αύ-

154 2175 272 2232 τοῦ,
295 2171 384 2218 καὶ
407 2167 601 2238 θάρσος
631 2163 910 2236 ἐμϐάλλων.

233 2260 331 2310 Καὶ
361 2286 428 2296 -—
459 2257 619 2327 ύμὼν.
652 2259 751 2307 Καὶ
777 2253 835 2306 οὐ
867 2253 994 2325 λέγω
1020 2255 1140 2325 ὑμῖν
1169 2258 1283 2306 τότε
1327 2255 1405 2306 ὅτι
1433 2255 1570 2326 Ἐγὼ
1597 2273 1768 2329 παρα-

154 2346 360 2398 καλέσω
386 2348 473 2397 τὸν
504 2347 710 2418 Πατέρα
739 2347 858 2416 περὶ
888 2345 1051 2414 ὑμῶν.

233 2433 398 2493 Αὐτός
451 2463 517 2473 -
582 2431 810 2494 ἐξῆλθον.
888 2431 1058 2493 Αῦτός
1131 2433 1232 2506 γὰρ
1299 2433 1324 2484 ὁ
1388 2436 1567 2507 Πατὴρ
1637 2432 1769 2505 φιλεί

157 2523 291 2594 ὑμᾶς
319 2525 454 2590 τότε,
483 2523 552 2582 ὡς
573 2519 694 2591 εγὼ,
734 2519 1040 2593 ἐμμένοντας
1079 2529 1144 2593 τῇ
1190 2524 1315 2596 πρὸς
1359 2520 1444 2593 ἐμὲ
1495 2521 1639 2594 φιλίᾳ
1676 2527 1766 2574 καὶ

155 2616 362 2666 πίστει.

229 2700 478 2763 Ἐξῆλθον
547 2729 612 2738 -
681 2701 904 2773 Πατέρα.
973 2702 1042 2751 Τό
1118 2697 1380 2767 Ἐξῆλθον,

159 2789 314 2852 λυθα,
365 2793 454 2840 καὶ
500 2789 740 2860 Ἀφίημι,
791 2793 882 2840 καὶ
938 2790 1251 2861 Ιιορεύομαι,
1297 2792 1386 2840 καὶ
1438 2789 1502 2839 τὰ
1550 2795 1769 2840 τοιαῦτα

1459 2703 1548 2750 καὶ
1619 2697 1767 2758 Ἐλή-

159 2875 630 2948 συγκαταϐατικῶς
657 2876 794 2947 λέγει
825 2872 918 2928 διὰ
950 2881 1041 2934 τὴν
1089 2875 1353 2928 ἀσθένειαν
1401 2885 1496 2938 τῆς
1537 2873 1768 2938 διανοίας

157 2977 259 3019 τῶν
308 2969 574 3032 μαθητῶν,
609 2969 674 3026 ὡς
723 2962 989 3041 διαφόρως
1021 2966 1317 3038 εἰρήκαμεν.
1352 2966 1436 3028 Ὠς
1467 2970 1568 3040 γὰρ
1615 2971 1764 3033 Θεὸς,

1884 485 2249 542 omnemque
2271 470 2625 541 languorem
2657 470 2726 534 ",
2752 470 2812 525 in
2845 471 3086 526 nomine
3117 472 3305 544 ipsius
3337 490 3546 546 opera-

1885 559 2122 615 bantur.
2140 562 2353 616 Verum
2375 563 2517 615 tunc
2538 575 2658 615 non
2679 560 2962 631 petebant
2977 563 3209 616 Patrem
3227 561 3286 616 in
3300 563 3544 620 nomine

1885 649 2099 720 ipsius.

1957 737 2120 794 Vers.
2163 738 2250 794 24.
2298 740 2480 794 Petite
2509 769 2577 779 —
2619 740 2946 809 impletum.
2979 741 3067 806 Ut,
3091 744 3413 811 postquam
3447 757 3544 796 co-

1883 827 2206 895 gnoveritis
2245 833 2476 900 quanta
2506 828 2693 898 possit
2739 844 2959 884 nomen
2999 844 3224 893 meum,
3250 829 3541 898 gaudium

1881 915 2153 972 habeatis
2206 917 2532 989 perfectum
2593 917 2713 972 sive
2766 917 3021 973 multum
3070 923 3172 974 aut
3218 919 3536 988 copiosius.

1955 1004 2232 1062 Vers.25.
2279 1007 2421 1062 Haec
2447 1036 2517 1047 —
2565 1006 2743 1062 vobis.
2789 1008 2909 1062 Hoc
2940 1012 3048 1074 est,
3091 1007 3442 1064 obumbrata
3485 1011 3542 1063 et

1880 1110 2003 1150 non
2025 1096 2274 1151 omnino
2305 1094 2644 1166 manifesta,
2678 1094 2820 1166 quia
2869 1095 3068 1152 adhuc
3098 1100 3258 1150 metu
3299 1100 3355 1152 et
3399 1113 3542 1152 moe-

1881 1200 2012 1240 rore
2033 1184 2249 1249 affecti,
2286 1185 2380 1241 his
2424 1201 2560 1256 quas
2604 1185 2883 1241 dicuntur
2907 1201 3028 1241 non
3057 1185 3304 1258 potestis
3331 1185 3542 1240 adver-

1881 1280 2022 1340 tere,
2055 1283 2158 1330 aut
2180 1275 2440 1347 amplius
2463 1275 2795 1347 percipere.

1953 1367 2114 1422 Vers.
2149 1369 2236 1420 25.
2270 1366 2390 1422 Sed
2427 1396 2498 1407 --
2548 1365 2715 1420 vobis.
2770 1367 2955 1420 Instat
2984 1369 3237 1436 tempus,
3283 1380 3541 1420 resurre-

1880 1455 2088 1511 ctionis
2124 1469 2272 1510 meae
2293 1454 2584 1520 videlicet,
2607 1453 2854 1525 quando
2886 1460 3086 1525 aperte
3125 1469 3194 1509 ac
3227 1453 3538 1508 manifeste

1879 1540 2100 1596 docebo
2131 1559 2258 1608 vos,
2301 1543 2428 1614 jam
2460 1544 2520 1598 in
2568 1543 2773 1600 laetitia
2811 1543 3186 1598 constitutos.
3235 1541 3533 1611 Siquidem

1879 1636 2015 1702 post
2043 1633 2538 1688 resurrectionem
2568 1647 2672 1704 per
2700 1631 3098 1704 quadraginta
3131 1630 3257 1686 dies
3289 1645 3539 1701 appare-

1878 1719 1982 1776 bat
2005 1720 2108 1786 eis,
2143 1727 2199 1776 et
2223 1721 2479 1778 docebat
2505 1722 2578 1778 de
2606 1737 2789 1795 regno
2821 1721 2942 1788 Dei,
2977 1723 3131 1778 sicut
3158 1726 3363 1777 narrat
3387 1719 3538 1776 liber

1878 1809 2162 1866 Actorum
2191 1811 2261 1865 ³⁵.

1953 1900 2108 1954 Vers.
2150 1903 2240 1957 26.
2271 1901 2338 1955 In
2373 1931 2439 1941 —
2485 1900 2710 1970 patetis.
2761 1899 2922 1956 Diem
2947 1904 3005 1956 et
3049 1899 3262 1955 horam
3293 1899 3367 1972 (f)
3389 1899 3538 1955 solet

1878 1987 2215 2060 frequenter
2235 1990 2432 2062 ipsum
2460 1996 2698 2062 tempus
2724 1989 3041 2062 appellare.
3081 1989 3307 2060 Saepius
3335 1994 3536 2044 autem

1877 2075 1951 2131 de
2003 2078 2284 2148 petitione
2335 2079 2395 2134 in
2447 2081 2692 2135 nomine
2727 2095 2836 2134 suo
2883 2079 3045 2144 dicit,
3102 2077 3380 2134 certiores
3432 2094 3536 2133 eos

1877 2164 2136 2220 reddens
2165 2165 2238 2221 de
2266 2167 2452 2238 ipsius
2484 2167 2698 2223 virtute
2727 2173 2784 2222 et
2815 2167 3098 2222 ﬁduciam
3127 2165 3423 2238 injiciens.

1948 2254 2109 2308 Vers.
2143 2258 2232 2310 26.
2259 2255 2338 2310 Et
2358 2286 2425 2295 —
2457 2256 2640 2312 vobis.
2676 2258 2742 2310 Et
2772 2271 2894 2311 non
2913 2255 3110 2312 dicam
3142 2254 3310 2310 vobis
3349 2261 3489 2309 tunc
3519 2268 3532 2308 :

1879 2342 2171 2398 Precabor
2211 2343 2442 2398 Patrem
2479 2359 2587 2416 pro
2620 2343 2810 2400 vobis.
3422 2349 3426 2352 ’

1951 2431 2110 2487 Vers.
2165 2433 2252 2488 27.
2297 2435 2523 2502 Ipse—
2575 2433 2752 2490 exivi.
2807 2436 2954 2489 Nam
2987 2434 3116 2504 ipse
3169 2431 3341 2488 Pater
3393 2437 3536 2488 tunc

1877 2535 1981 2573 vos
2017 2519 2264 2585 amabit,
2314 2520 2468 2576 sicut
2496 2535 2624 2590 ego,
2684 2525 3106 2593 permanentes
3150 2519 3426 2577 videlicet
3473 2520 3534 2575 in

1877 2624 2082 2664 amore
2121 2625 2189 2664 ac
2218 2609 2336 2664 fide
2354 2624 2496 2680 erga
2523 2625 2639 2664 me.

1949 2698 2110 2753 Vers.
2143 2700 2230 2754 28.
2274 2699 2458 2756 Exivi
2487 2729 2554 2738 -—
2583 2698 2837 2754 Patrem.
2871 2697 3060 2752 Verba
3101 2697 3250 2760 haec,
3284 2695 3460 2752 Exivi
3477 2701 3533 2752 et

1889 2787 2049 2854 Veni,
2080 2788 2370 2859 Relinque
2399 2793 2456 2843 et
2494 2787 2673 2851 Vada,
2709 2802 2777 2842 ac
2809 2785 3041 2850 similia,
3071 2784 3440 2840 demittendo
3471 2800 3532 2841 se

1877 2876 2038 2942 dicit,
2071 2881 2312 2949 propter
2346 2874 2748 2932 infirmitatem
2779 2873 3180 2944 intelligentiae
3210 2873 3534 2945 discipulo-

1877 2982 2032 3031 rum,
2094 2965 2272 3021 veluti
2320 2965 2661 3037 frequenter
2711 2965 2998 3020 diximus.
3050 2967 3194 3019 Nam
3240 2967 3532 3035 tanquam

156 3063 247 3108 και
283 3055 329 3108 ἐν
356 3065 427 3126 τῷ
470 3061 636 3130 Πατρὶ
676 3052 756 3123 ἦν,
803 3061 892 3108 καὶ
941 3054 988 3107 ἐν
1020 3063 1090 3126 τῷ
1122 3060 1302 3128 κόσμῳ
1329 3077 1340 3089 ·
1385 3055 1767 3132 ἀπερίγραπτον

1896 3056 2031 3110 )eus
2062 3061 2118 3111 et
2148 3055 2208 3110 in
2234 3057 2399 3110 Patre
2451 3059 2576 3110 erat
2613 3058 2670 3111 et
2698 3054 2759 3109 in
2803 3052 3032 3109 mundo
3066 3068 3079 3119 ;
3115 3052 3410 3125 siquidem
3437 3067 3532 3108 res

158 3149 259 3220 γὰρ
290 3147 320 3203 ἡ
357 3147 505 3203 θεότη
517 3166 557 3206 ς.

231 3238 248 3307 [
298 3240 368 3287 Τό
417 3239 505 3306 μεν
559 3235 680 3306 (68)
734 3231 842 3299 οὖν,
897 3235 1160 3298 Ἐξῆλθοεν
1219 3237 1362 3308 παρὰ
1392 3243 1483 3288 τοῦ
1543 3239 1766 3308 Πατρός,

158 3320 313 3382 δηλοῖ
367 3327 423 3375 τό
474 3321 603 3375 εἶναι
671 3322 826 3375 αὐτὸν
874 3326 928 3376 ἑκ
987 3333 1078 3384 τῆς
1143 3324 1326 3385 οὐσίας
1398 3331 1489 3376 τοῦ
1548 3327 1766 3398 Πατρός,

157 3417 320 3485 ἤγουν
373 3414 493 3465 Υἱὸν
552 3417 770 3484 γνήσιον
828 3421 918 3464 τοῦ
979 3418 1221 3486 Πατρόςο
1283 3416 1341 3464 τὸ
1398 3409 1456 3464 δὲ
1513 3412 1770 3470 Ἐλήλυθα

158 3502 228 3562 εἰς
310 3505 396 3553 τόν
473 3508 691 3574 κόσμον,
778 3506 1096 3573 σημαντικόν
1172 3508 1264 3562 τῆς
1342 3501 1769 3573 ένανθρωπὴσεως

157 3590 354 3642 αὐτοῦ·
401 3591 590 3663 ὁμοίως
649 3585 707 3642 δὲ
759 3595 848 3642 καὶ
904 3593 961 3641 τό
1024 3590 1241 3660 Ἀφίημι
1290 3596 1374 3641 τόν
1418 3596 1612 3662 κόσμον
1647 3608 1658 3618 ο
1711 3593 1768 3642 τὸ

157 3676 237 3741 δε,
307 3682 601 3754 Πορεύομαι
669 3682 799 3753 πρός
854 3682 940 3730 τόν
1019 3683 1242 3753 Πατέρα,
1307 3683 1602 3751 παρίστησι
1673 3683 1768 3738 τὴν

156 3766 588 3821 ἀποκατάστασιν
655 3776 746 3829 τῆς
819 3772 1073 3842 προτέρας
1149 3766 1386 3830 ἐξουσίας
1450 3772 1541 3820 καὶ
1609 3765 1767 3831 δόξῆς

157 3856 374 3930 αὑτοῦ]

226 3951 463 4018 Λέγουσι
516 3977 583 3986 —
641 3945 822 4018 λέγεις.
873 3976 938 3987 -
993 3953 1099 3999 Νῦν
1155 3955 1376 4020 φανερῶς
1429 3945 1620 4012 λαλεῖς,
1677 3950 1768 3998 καὶ

154 4031 307 4088 οῦδεν
369 4039 806 4108 συνεσκιασμένον
856 4035 1016 4107 λέγεις
1057 4054 1070 4065 ·
1128 4039 1346 4108 ἔγνωμεν
1393 4038 1495 4107 γὰρ
1551 4033 1586 4088 ἃ
1636 4033 1768 4096 εἶπες

152 4132 261 4179 νῦν.

225 4219 333 4267 Νῦν
399 4243 468 4252 —
536 4211 726 4285 ἐρωτᾷ.
803 4221 966 4268 Τοῦτο
1030 4214 1243 4285 λέγουσι
1316 4216 1765 4286 παρηγορηθέντες

153 4303 212 4355 ού
272 4311 470 4375 μικρῶς
523 4301 624 4355 ἀπὸ
681 4310 781 4355 τῶν
833 4304 1088 4378 ῥηθέντων
1144 4303 1328 4376 λόγων,
1395 4307 1458 4365 ὡς
1515 4305 1764 4376 μαθόντες

1877 3143 2010 3199 loco
2036 3160 2155 3200 non
2187 3144 2642 3216 circumscripta
2669 3149 2754 3199 est
2779 3143 3074 3198 divinitas.

1950 3235 2153 3305 Itaque
2177 3234 2346 3288 Exivi
2367 3248 2404 3288 a
2425 3233 2623 3296 Patre,
2649 3231 2950 3301 signiﬁcat
2989 3247 3118 3286 esse
3137 3246 3266 3285 eum
3298 3230 3373 3285 de
3395 3229 3533 3285 sub-

1881 3322 2092 3377 stantia
2129 3321 2332 3386 Patris,
2368 3321 2487 3376 sive
2527 3321 2856 3391 legitimum
2888 3319 3074 3376 Patris
3115 3319 3344 3375 Filium.
3391 3317 3533 3376 Veni

1877 3412 1937 3465 in
1956 3410 2264 3474 mundum,
2285 3408 2734 3480 signiﬁcativum
2753 3414 2842 3465 est
2858 3407 3285 3464 incarnationis
3303 3407 3489 3479 ipsius
3513 3423 3528 3474 ;

1878 3504 1936 3555 et
1959 3498 2224 3554 similiter
2261 3500 2422 3572 quod
2457 3499 2556 3568 ait,
2592 3499 2869 3569 Relinquo
2895 3498 3198 3554 mundum.
3231 3496 3324 3554 Ait
3360 3496 3529 3564 illud,

1889 3589 2041 3646 Vado
2072 3591 2153 3646 ad
2169 3592 2425 3656 Patrem,
2452 3589 2826 3646 demonstrat
2849 3589 3279 3646 restitutionem
3320 3586 3533 3661 prioris

1879 3679 2156 3750 potentias
2189 3695 2258 3736 ac
2288 3679 2490 3750 glorias
2522 3680 2732 3752 ipsrus.

1948 3946 2106 4002 Vers.
2139 3948 2228 4000 29.
2271 3945 2484 4002 Dicunt
2505 3976 2569 3987 —
2591 3945 2758 4000 dicis.
2793 3975 2863 3985 —
2885 3945 3064 4001 Nunc
3103 3943 3416 4014 manifeste
3457 3944 3533 3999 ιο-

1875 4038 2093 4107 queris,
2118 4040 2173 4092 et
2201 4035 2346 4092 nihil
2375 4035 2674 4091 obtectum
2705 4033 2854 4090 dicis
2881 4053 2893 4102 ;
2918 4033 3317 4089 intelleximus
3347 4033 3528 4100 enim,

1875 4141 2012 4198 quae
2042 4140 2202 4180 nunc
2240 4123 2459 4179 dixisti.

1947 4214 2106 4270 Vers.
2138 4217 2224 4270 30.
2266 4213 2446 4269 Nunc
2474 4211 2812 4282 interroget.
2848 4211 2968 4267 Hoc
3000 4210 3220 4273 dicunt.
3256 4209 3532 4267 consola-

1875 4303 2031 4361 tione
2061 4318 2182 4358 non
2206 4302 2443 4358 modica
2466 4306 2712 4372 accepta
2743 4301 2820 4356 ab
2843 4299 2952 4365 his,
2985 4315 3139 4372 quos
3157 4299 3386 4355 locutus
3417 4303 3526 4364 est,

151 4393 234 4444 ὅτι
273 4389 652 4456 ἀναστήσεται,
686 4397 776 4445 καὶ
816 4393 970 4445 πάλιν
1004 4390 1212 4456 διδάξει
1257 4393 1464 4462 αύτούς,
1513 4399 1600 4446 καὶ
1631 4396 1708 4445 ὅτι
1739 4395 1764 4446 ό

1896 4391 2271 4458 ιθτωοηὼιιε,
2339 4394 2539 4462 utpote
2598 4389 3021 4458 intelligentes,
3070 4388 3233 4460 quod
3288 4403 3528 4444 rursum

155 4485 340 4553 Πατὴρ
391 4481 525 4552 φιλεῖ
577 4481 782 4543 αύτούς.
842 4486 911 4535 Τό
970 4485 1059 4554 μεν
1114 4486 1216 4555 γὰρ
1275 4479 1464 4535 έλπὶδα
1518 4481 1765 4554 βοηθείας

151 4577 400 4644 παρεῖχε,
453 4574 512 4621 τό
571 4566 630 4622 δὲ
706 4570 1058 4645 πληροφορίαν
1111 4572 1268 4646 ὀρθῆς
1324 4577 1548 4632 πίστεως
1581 4589 1593 4601 ⁸
1649 4577 1764 4624 τότε

145 4661 254 4731 γὰρ
320 4665 489 4711 ταῦτα
537 4659 769 4731 μάλιστα
829 4666 1120 4719 νενοηκασι.
1183 4666 1344 4714 Φασὶν
1397 4658 1484 4713 οὖν
1529 4662 1610 4713 ὅτι
1656 4668 1763 4714 Νῦν

144 4744 374 4818 οἴδαμεν
426 4748 506 4800 ὅτι
588 4745 738 4810 οἶδας
795 4752 986 4813 πάντα,
1046 4755 1136 4802 καὶ
1213 4753 1279 4802 τὰ
1340 4749 1612 4824 ἀπόρρητα
1666 4759 1763 4802 τῶν

143 4835 460 4911 ἀνθρώπων,
503 4842 593 4890 καὶ
642 4838 701 4890 οῦ
753 4843 939 4912 χρείαν
999 4841 1158 4910 ἔχεις,
1214 4840 1296 4891 ἵνα
1350 4844 1432 4900 τίς
1491 4858 1548 4892 σε
1595 4839 1764 4912 ἐρωτᾷ

142 4931 271 4998 περὶ
344 4924 412 4976 ὧν
484 4924 728 4997 βούλεται
783 4929 987 5000 μαθεῖν,
1061 4926 1189 4980 ἀλλὰ
1248 4930 1554 5001 προφθάνων
1625 4927 1762 4990 λύεις

136 5018 199 5069 τὸ
254 5012 592 5086 ζητούμενον.
641 5021 741 5071 Καὶ
798 5018 944 5089 ἡμῶν
993 5018 1094 5090 γὰρ
1144 5017 1507 5079 συζητούντων
1558 5021 1608 5070 τί
1646 5016 1762 5070 ἐστι

217 5189 275 5226 ³⁴
315 5189 516 5246 Matth.
549 5207 608 5249 ι.
640 5197 687 5247 I.
839 5195 884 5228 ³⁸
906 5193 1031 5249 Act.
1062 5194 1114 5261 1,
1147 5197 1176 5249 3
1201 5208 1371 5267 seqq.

1875 4485 2311 4537 resurrecturus
2353 4484 2530 4548 esset,
2575 4493 2939 4550 rursumque
2979 4494 3080 4534 eos
3115 4477 3438 4534 docturus:
3474 4483 3531 4533 et

1873 4569 2035 4642 quod
2069 4569 2237 4624 Pater
2285 4569 2446 4639 ipsos
2498 4571 2748 4624 amaret.
2782 4566 2929 4622 Illud
2985 4566 3281 4638 siquidem
3328 4564 3532 4622 auxilii

1875 4674 2044 4730 spem
2060 4656 2386 4729 praebebat,
2411 4657 2522 4711 hoc
2535 4661 2733 4712 autem
2753 4655 3077 4711 rectmtidei
3095 4655 3526 4720 certitudinem,

1875 4763 2015 4804 nam
2078 4752 2216 4802 tunc
2250 4745 2632 4818 potissimum
2671 4744 2796 4801 haec
2860 4743 3292 4801 intellexerunt.
3344 4743 3532 4802 Aiunt

1873 4853 2034 4909 ergo,
2089 4836 2264 4892 Nunc
2288 4835 2498 4891 scimus
2538 4833 2686 4905 quod
2734 4835 2843 4890 scis
2872 4836 3088 4901 omnia,
3129 4834 3308 4890 etiam
3343 4833 3532 4889 homi-

1872 4942 2016 4982 num
2045 4940 2267 4982 arcana
2293 4946 2304 4989 ;
2338 4939 2440 4980 nec
2465 4939 2604 4995 opus
2625 4929 2709 4980 est
2737 4923 2864 4988 tibi,
2895 4928 2962 4980 ut
2983 4922 3180 4996 quiste
3206 4922 3531 4993 interroget

1871 5015 1946 5071 de
1975 5015 2066 5072 his
2091 5031 2221 5088 quia
2261 5013 2491 5070 discere
2544 5011 2814 5079 voluerit,
2858 5012 2966 5069 sed
3007 5011 3378 5085 praeveniens
3416 5009 3532 5066 d18-

1389 5317 1608 5386 Variae
1641 5318 1966 5386 lectiones
1995 5327 2057 5383 et
2099 5325 2301 5383 notae.

211 5457 339 5529 (68)
371 5456 604 5514 Inclusa
637 5460 860 5515 absunt
889 5462 954 5515 A.

211 5632 304 5708 ω.
323 5634 400 5691 Et
431 5636 667 5696 horam.
702 5643 803 5693 Καί
830 5645 967 5713 ῷραν
993 5653 1115 5697 non
1141 5639 1310 5696 estin
1342 5638 1570 5696 Grmco.
