4022 6232
551 249 689 305 1435

1906 251 2252 307 EUTHYMII
2294 251 2624 310 ZIGABENI

554 378 734 434 solvis
763 380 924 452 quod
950 380 1179 451 quaarit.
1217 382 1363 435 Nam
1397 384 1453 434 et
1481 378 1656 433 nobis
1688 378 2199 450 eonquirentibus,

2321 383 2367 430 τό
2402 398 2414 411 ·
2457 381 2656 452 Μικρὸν
2688 381 2773 429 καὶ
2806 376 2865 428 οὐ
2897 378 3125 447 θεωρεῖτέ
3155 393 3237 446 με,
3280 378 3365 426 καὶ
3392 373 3524 428 πάλιν
3550 380 3710 448 μικρὸν,
3732 382 3791 431 καὶ

551 469 694 540 quid
727 473 901 531 esset,
946 468 1177 523 Pusillo
1212 477 1470 536 tempore
1499 484 1617 522 non
1661 468 1930 523 videbitis
1982 484 2090 537 me,
2149 473 2203 523 et

551 574 791 612 rursum
818 558 1028 625 pusillo
1048 562 1315 628 tempore,
1347 564 1399 613 et
1437 558 1699 612 videbitis
1733 573 1841 623 me,
1876 563 1930 612 et
1953 562 2200 621 caetera;

551 662 671 700 non
703 647 1101 714 interrogatus
1142 648 1550 717 interpretatus
1592 664 1653 701 es
1684 664 1771 713 ea,
1806 653 1861 702 et
1899 646 2205 719 quiescere

550 734 733 789 fecisti
754 742 1011 791 mentem
1034 742 1320 792 nostram.

626 825 786 879 Vers.
844 830 927 880 30.
962 828 1077 882 Per
1132 827 1241 881 hoc
1296 858 1364 865 —
1417 827 1580 881 Vers.
1625 831 1709 882 3t.
1766 826 2057 882 creditis?
2089 826 2204 897 Ipsi

554 913 849 985 siquidem
882 920 1163 986 tauquam
1210 916 1462 985 gratiam
1506 916 1773 988 aliquam
1813 915 1894 970 illi
1921 920 2205 987 praastan-

553 1008 642 1058 tes
674 1003 949 1059 dixerunt
980 1021 993 1057 ε
1030 1007 1107 1059 Ex
1158 1005 1272 1059 hoc
1306 1004 1558 1074 perfecte
1611 1006 1935 1069 credimus,
1969 1003 2130 1076 quod
2170 1021 2205 1059 a

554 1094 673 1147 Deo
700 1092 919 1147 missus
960 1095 1060 1159 sis,
1090 1094 1252 1166 quod
1294 1094 1470 1149 Filius
1515 1095 1610 1149 Dei
1646 1095 1744 1149 sis.
1779 1095 1908 1165 Ipse
1940 1109 2077 1148 vero
2107 1109 2203 1149 ex-

555 1182 812 1252 probans
832 1182 914 1236 eis
940 1182 1346 1254 imperfectam
1392 1184 1590 1239 adhuc
1616 1184 1819 1248 ﬁdem,
1865 1183 1985 1237 ait:
2032 1183 2203 1238 Modo

551 1272 806 1339 perfecte
820 1272 1347 1328 creditis.Necdum
1364 1274 1795 1343 adhuc,arguet
1808 1274 1963 1327 enim
1981 1290 2047 1327 ac
2068 1288 2205 1327 con-

554 1360 748 1416 vincet
777 1376 880 1415 vos
916 1367 1147 1432 tempus
1170 1363 1330 1434 quod
1354 1363 1478 1433 jam
1506 1363 1700 1417 instat.

623 1450 785 1503 Vers.
846 1453 932 1503 3‘2.
998 1451 1147 1506 Ecce
1210 1452 1681 1521 —retinquatis.
1744 1454 1998 1523 Tempus
2062 1450 2207 1505 dicit

555 1539 808 1610 impetus
842 1555 1047 1594 eorum
1081 1540 1184 1611 qui
1221 1557 1357 1595 cum
1389 1540 1691 1612 proditore
1735 1542 1966 1595 venturi
2015 1545 2203 1605 erant,

555 1645 693 1683 cum
756 1645 966 1685 omnes
1032 1630 1306 1701 discipuli
1364 1631 1491 1701 ejus
1523 1630 1724 1684 relicto
1769 1646 1839 1684 eo
1906 1630 2204 1699 fugerunt,

554 1717 733 1772 veluti
788 1718 1021 1789 scripsit
1068 1718 1375 1773 Matthaaus
1407 1722 1491 1786 ²⁶;
1541 1725 1678 1774 tunc
1706 1721 1864 1774 enim
1904 1719 2071 1774 timor
2099 1718 2206 1773 im-

2321 1722 2458 1778 θαίος
2488 1735 2500 1748 ·

554 1806 878 1878 perfectam
928 1823 1130 1862 eorum
1188 1808 1368 1863 ﬁdem
1424 1809 1699 1873 ostendit,
1759 1825 1896 1863 cum
1952 1808 2029 1863 ad
2084 1823 2207 1863 mo-

555 1896 751 1951 dicum
780 1900 1011 1968 tempus
1028 1896 1454 1952 otfendiculum
1489 1899 1649 1969 passi
1679 1898 1795 1953 sint
1832 1898 1905 1953 de
1933 1897 2207 1970 passione

554 1986 764 2058 ipsius.

631 2077 784 2130 Vers.
830 2080 915 2131 32.
974 2076 1048 2131 Et
1086 2107 1152 2115 —
1200 2082 1301 2132 est.
1334 2078 1578 2149 Semper
1629 2092 1856 2131 mecum
1913 2081 2205 2143 versatur,

558 2167 756 2235 utpote
796 2165 1231 2235 inseparabilis.

630 2256 786 2307 Vers.
822 2258 905 2309 33.
931 2254 1071 2309 Haec
1118 2284 1186 2293 —
1210 2255 1493 2309 habeatis.
1529 2285 1594 2295 —
1623 2255 1760 2310 Haec
1816 2256 2048 2310 locutus
2076 2270 2205 2311 sum

558 2342 737 2405 vobis,
772 2358 887 2396 non
938 2342 1258 2413 perfectam
1303 2343 1464 2397 vobis
1496 2344 1732 2398 tradens
1781 2344 2064 2407 notitiam,
2100 2344 2206 2399 sed

557 2445 631 2484 ne
662 2435 899 2501 propter
920 2430 1304 2498 cogitationes
1325 2432 1631 2502 patiamini
1658 2433 1715 2487 in
1749 2449 1841 2488 me
1882 2432 2204 2487 offendicu-

559 2520 707 2584 lum,
740 2525 842 2573 aut
882 2519 1225 2581 turbemini,
1258 2537 1395 2575 cum
1446 2522 1938 2593 comprehendar,
1978 2521 2211 2591 ligabor

562 2612 617 2663 et
638 2608 922 2678 abducar,
953 2609 1188 2680 aliaque
1215 2610 1483 2665 humano
1512 2627 1674 2666 more
1703 2612 1906 2682 patiar.

632 2698 793 2752 Vers.
828 2702 915 2754 33.
968 2700 1032 2753 In
1077 2730 1145 2741 —
1177 2699 1482 2755 habebitis.
1525 2701 1646 2755 Non
1697 2700 1891 2756 solum
1940 2716 2076 2755 cum
2110 2715 2209 2772 pa-

560 2786 918 2853 tiar,verum
951 2789 1126 2843 etiam
1158 2789 1422 2860 quandiu
1450 2790 1509 2843 in
1544 2791 1771 2845 mundo
1808 2790 1922 2845 hoc
1946 2790 2208 2855 fueritis;

562 2892 702 2931 nam
727 2893 989 2948 prmsens
1014 2877 1133 2932 vita
1159 2878 1415 2933 stadium
1444 2885 1528 2934 est
1554 2896 1622 2933 ac
1644 2878 1809 2934 locus
1841 2879 2213 2935 exercitatio-

561 2965 655 3020 nis
685 2966 1038 3020 athletarum
1076 2968 1191 3031 Dei,
1228 2968 1348 3021 sive
1388 2968 1712 3038 exploratio
1740 2984 1944 3022 eorum
1986 2969 2087 3040 qui
2116 2983 2211 3022 me

2311 468 2499 539 ὄψεσθέ
2529 488 2611 538 με,
2642 472 2733 519 καὶ
2760 470 2815 519 τὸ
2840 466 2955 528 ἑξῆς
2976 485 2988 497 ·
3009 470 3081 535 μὴ
3107 464 3372 539 ἐρωτηθεὶς
3398 466 3793 537 ἡρμήνευσαςαύτὰ,

2309 562 2393 608 καὶ
2424 556 2717 617 ἀνέπαυσας
2751 558 2894 627 ἡμῶν
2928 561 3019 611 τὴν
3052 552 3303 608 διάνοιαν.

2382 829 2462 880 Ἐν
2510 830 2676 897 τούτῳ
2720 856 2787 867 -
2827 827 3130 889 mersura;
3163 822 3317 874 Αὐτοὶ
3362 825 3460 892 μεν,
3509 824 3654 894 ὥσπερ
3688 823 3802 896 χάριν

2308 920 2425 969 τινὰ
2450 921 2761 988 παρέχοντες
2784 915 2945 984 αὐτῷ,
2974 910 3113 965 εἷπον
3132 915 3210 964 ὅτι
3232 913 3355 964 Ἀπὸ
3384 914 3549 963 τούτου
3572 914 3806 981 πιστεύομει

2310 1006 2510 1066 ἐντελῶς
2556 1008 2637 1057 ὅτι
2680 1004 2733 1055 ἐκ
2780 1011 2873 1056 τοῦ
2921 1011 3055 1056 Θεοῦ
3096 1001 3402 1066 ἀπεσταλης,
3448 1002 3520 1051 ὅτι
3553 1002 3653 1060 Υἱὸς
3688 996 3806 1051 εἰτοῦ

2312 1104 2444 1149 Θεοῦ
2480 1113 2490 1125 ·
2536 1095 2692 1155 αὐτὸς
2741 1091 2819 1158 δὲ,
2874 1089 3143 1153 ὀνειδίζων
3187 1092 3363 1151 αὐτοῖς
3405 1089 3537 1147 ἀτελῆ
3579 1092 3639 1141 ἔτι
3664 1095 3808 1151 πίστιν,

2312 1190 2488 1257 φησιν.
2540 1182 2695 1257 "Apri
2737 1185 3002 1235 πιστεύετε
3040 1180 3283 1246 ἐντελῶς
3330 1176 3451 1232 Οὐδ’
3496 1180 3637 1251 ἐρτι·
3676 1176 3813 1245 ἐλὴξιι

2310 1278 2407 1347 γὰρ
2450 1275 2579 1346 ὑμᾶς
2606 1275 2631 1324 ο
2659 1272 2882 1344 ἐφεστως
2907 1268 3013 1329 ἤδη
3047 1275 3247 1342 καιρός.

2384 1448 2526 1505 Ἰδοὺ
2579 1482 2647 1489 —
2715 1448 2896 1521 ἀφῆτε.
2971 1452 3068 1500 Τὸν
3122 1452 3301 1519 καιρὸν
3372 1446 3500 1517 λέγει
3547 1452 3622 1505 τῆς
3679 1441 3816 1513 istim

2314 1550 2411 1593 τῶν
2484 1539 2616 1612 ἀμφὶ
2692 1543 2778 1591 τὸν
2840 1535 3128 1609 προδότην,
3180 1539 3260 1589 ὅτε
3338 1538 3387 1588 οἱ
3452 1537 3653 1606 μαθηταὶ

2314 1635 2501 1691 πάντες
2561 1628 2761 1701 ἀφέντες
2809 1627 2963 1679 αὐτὸν
3022 1630 3226 1698 ἔφυγον,
3287 1627 3353 1685 ὡς
3407 1622 3606 1697 ἔγραψεν
3652 1625 3672 1673 ο
3718 1627 3801 1672 Mur

2551 1724 2663 1770 τοτε
2724 1719 2825 1788 γὰρ
2881 1717 2907 1768 ὁ
2965 1714 3120 1787 φόϐος
3160 1713 3311 1771 ἀτελῆ
3364 1718 3453 1771 τὴν
3504 1718 3658 1764 πίστιν
3700 1712 3819 1762 αὐτῶν

2316 1809 2517 1879 ἤλεγξε,
2552 1804 3031 1860 σκανδαλισθέντων
3065 1808 3250 1878 μικρὸν
3282 1804 3395 1875 (69)
3422 1805 3499 1854 επὶ
3526 1810 3587 1871 τῷ
3617 1802 3737 1853 πάθει
3760 1802 3821 1851 «'3-

2316 1918 2426 1953 του.

2390 2080 2488 2130 Καὶ
2518 2106 2578 2115 -
2612 2076 2744 2129 ἐστι.
2789 2080 2954 2127 Συνών
2980 2093 3069 2146 μοι
3106 2071 3203 2137 ἀεὶ,
3237 2076 3304 2133 ὡς
3331 2071 3628 2148 ἀχώριστος.

2386 2262 2564 2307 Ταῦτα
2594 2287 2661 2294 -
2688 2256 2863 2325 ἔχητε.
2884 2285 2951 2292 -
2980 2259 3157 2305 Ταῦτα
3186 2250 3443 2307 λελάληκα
3465 2251 3592 2321 ὑμῖν,
3619 2247 3668 2300 οὐ
3689 2247 3827 2299 τελείαν

2315 2353 2505 2417 γνῶσιν
2544 2340 2874 2409 παραδιδοὺς
2904 2344 3045 2413 υμῖν,
3094 2340 3199 2392 ἀλλ’
3233 2342 3320 2391 ἱνα
3348 2340 3424 2392 ἐπ’
3453 2339 3556 2411 ἐμοὶ
3580 2343 3641 2409 μὴ
3671 2340 3826 2388 στασιά-

2320 2436 2444 2495 ζητε
2463 2442 2565 2494 τοῖς
2608 2433 2904 2504 λογισμοῖς,
2932 2429 3070 2503 μηδὲ
3100 2432 3465 2504 ταράσσησϐε,
3502 2430 3572 2480 ὅτε
3608 2423 3829 2496 συλὶαμεά-

2317 2544 2471 2595 νομαι
2513 2530 2602 2576 καὶ
2651 2520 2949 2594 δεσμοῡμαι
2979 2527 3068 2573 καὶ
3099 2520 3371 2592 ἀπάγομαι
3395 2524 3497 2587 έκαὶ
3526 2517 3665 2569 tilla
3687 2517 3831 2584 tiqui

2321 2614 2782 2685 ἁνθρωποπρεπώς.

2393 2704 2472 2755 Ἐν
2527 2732 2593 2743 --
2636 2700 2785 2763 ἕξετε.
2849 2698 2959 2751 Οὐκ
3019 2701 3101 2751 ὅτε
3168 2700 3373 2771 πάσχω
3436 2702 3596 2769 μόνον,
3642 2693 3727 2745 ἀλλ’
3770 2693 3833 2749 ἕως

2320 2793 2380 2844 ἂν
2428 2791 2475 2844 ἐν
2529 2799 2600 2861 τῷ
2642 2796 2823 2861 κόσμῳ
2872 2792 3037 2860 τούτῳ
3086 2788 3201 2840 ἔστέ
3228 2804 3242 2818 ·
3287 2784 3501 2839 στάδιόν
3545 2784 3833 2856 γὰρόπαρὼν

2322 2881 2456 2955 βίος,
2525 2885 2615 2932 καὶ
2668 2884 3057 2951 γυμναστήριον
3132 2887 3231 2929 τῶν
3296 2877 3529 2935 ἀθλητῶν
3595 2881 3672 2925 τοῦ
3727 2876 3833 2930 Θεοῦ,

2319 2976 2407 3022 καὶ
2458 2966 2698 3041 δοκίμιον
2756 2976 2854 3019 τῶν
2907 2967 3224 3038 ἀγαπώντων
3278 2986 3362 3038 με.
3421 2965 3720 3039 [Προείρηται
3754 2962 3834 3025 (ῖΟ)

563 3053 835 3122 diligunt.
867 3054 1219 3109 Praedictum
1248 3061 1333 3110 est
1355 3057 1535 3120 enim,
1561 3056 1723 3127 quod
1744 3063 1915 3112 arcta
1930 3064 2011 3111 est
2034 3063 2208 3125 porta

2321 3062 2419 3133 γάρ
2467 3061 2547 3110 ὅτι
2589 3059 2703 3128 (71)
2752 3061 2899 3113 Σττνὴ
2947 3058 2975 3114 ἡ
3028 3055 3162 3113 πύλη
3205 3060 3297 3107 καὶ
3347 3056 3630 3125 τεθλιμμένη
3674 3045 3833 3107 ἠόδος.

563 3149 615 3199 et
642 3144 849 3198 stricta
880 3144 995 3209 via,
1031 3160 1159 3216 quae
1189 3146 1351 3199 ducit
1383 3146 1463 3200 ad
1492 3146 1751 3201 vitam".
1776 3148 1854 3200 Ne
1884 3152 2081 3201 autem
2107 3146 2209 3201 de-

557 3233 836 3303 jiciantur
852 3234 1185 3299 audientes,
1204 3235 1368 3305 quod
1385 3240 1501 3289 tota
1520 3236 1640 3289 vita
1666 3238 1901 3307 passuri
1922 3237 2040 3292 sint
2065 3234 2209 3292 afﬂi-

563 3323 807 3387 ctiones,
852 3323 1145 3379 confortat
1178 3341 1275 3378 eos
1306 3326 1531 3380 dicens.

632 3413 797 3466 Vers.
828 3416 915 3468 33.
945 3413 1063 3469 Sed
1094 3445 1160 3453 —
1203 3414 1509 3470 mundum.
1545 3418 1661 3469 Hoc
1691 3419 1779 3471 est
1822 3415 2107 3471 malitiam
2142 3431 2211 3471 ac

566 3501 789 3557 malum
822 3502 1009 3565 illum,
1036 3503 1138 3574 qui
1168 3504 1341 3574 hujus
1359 3510 1523 3576 pater
1548 3510 1651 3558 est.
1688 3507 1833 3561 Nam
1858 3505 2209 3575 praadictum

564 3594 670 3652 est,
710 3591 873 3660 quod
914 3591 1189 3662 princeps
1230 3594 1435 3646 mundi
1468 3594 1647 3663 hujus
1680 3594 1982 3662 judicatus
2028 3600 2111 3649 est
2140 3597 2208 3659 ’⁸,

565 3679 681 3731 sive
704 3678 968 3732 devictus
1012 3684 1115 3733 est.
1148 3683 1223 3735 Ne
1256 3696 1396 3751 ergo
1449 3682 1756 3736 timueritis
1790 3698 1802 3735 :
1836 3697 2213 3753 consequens

565 3765 722 3819 enirn
766 3771 871 3829 est,
915 3768 1183 3821 vincente
1235 3774 1611 3840 praeceptore,
1656 3770 1832 3824 etiam
1886 3769 2212 3841 discipulos

563 3854 665 3926 qui
698 3870 833 3909 eum
858 3854 1166 3910 imitantur
1196 3856 1422 3911 vicisse.
1446 3857 1553 3925 Qui
1587 3873 1728 3927 ergo
1751 3856 1920 3914 malis
1952 3859 2214 3914 afﬁciunt

564 3947 622 3998 et
651 3942 931 3999 occidunt
958 3960 1195 4015 corpus,
1222 3946 1657 4017 superabuntur
1678 3947 1755 4003 ab
1773 3948 1976 4003 anima
1995 3955 2208 4015 vestra,

564 4036 745 4105 atque
786 4032 861 4099 id,
916 4034 1080 4105 quod
1136 4035 1267 4107 capi
1317 4040 1528 4106 potest,
1586 4036 1791 4091 tollent
1824 4054 1836 4087 :
1866 4036 1943 4092 ab
1973 4053 2045 4093 ea
2076 4053 2213 4093 vero

563 4138 698 4194 quae
727 4123 859 4194 capi
890 4123 1112 4195 nequit,
1161 4125 1471 4181 manifeste
1512 4125 1914 4183 devincentur.

633 4211 790 4267 CAP.
830 4212 998 4268 XVII.
1030 4213 1193 4267 Vers.
1230 4218 1273 4267 t.
1307 4213 1440 4269 Hac
1470 4215 2215 4271 —caelum.Postadmoni-

566 4302 804 4373 tionem,
833 4302 908 4357 ad
927 4304 1273 4367 orationem,
1296 4309 1581 4375 tanquam
1603 4305 1804 4369 homo,
1828 4306 2210 4370 convertitur,

565 4392 864 4446 instruens
886 4391 1173 4459 homines,
1203 4394 1338 4447 utin
1367 4393 1789 4447 tentationibus
1818 4393 1894 4449 ad
1922 4397 2101 4449 Deum
2128 4411 2214 4450 re-
2248 4446 2288 4498 D

565 4482 829 4552 spiciant,
851 4482 1256 4554 omnibusque
1275 4482 1493 4538 relictis
1517 4484 1590 4537 ad
1610 4499 1746 4538 eum
1771 4485 2134 4554 confugiant,
2160 4491 2214 4541 et

567 4571 643 4625 ab
674 4588 744 4625 eo
788 4578 989 4642 petant
1039 4572 1348 4627 auxilium.
1384 4573 1485 4627 Hic
1514 4572 1715 4645 itaque
1751 4590 1987 4628 sursum
2025 4574 2214 4630 elevat

566 4660 790 4722 oculos,
824 4659 1036 4716 docens
1090 4661 1477 4716 intentionem
1511 4677 1579 4715 ac
1611 4662 2120 4718 indistractionem
2152 4664 2213 4718 in

567 4747 950 4802 orationibus.
1004 4750 1151 4803 Alibi
1181 4766 1314 4805 vero
1364 4750 1607 4821 procidit
1638 4750 1694 4804 in
1731 4751 1944 4805 faciem
1977 4754 2046 4819 ’⁸,
2091 4758 2211 4806 sta-

636 4905 685 4945 ”
715 4901 917 4961 Matth.
957 4919 1113 4970 xui,
1146 4904 1232 4960 ὅθ.
1382 4905 1429 4947 ⁸⁷
1468 4903 1664 4963 Matth.
1692 4920 1787 4968 vn,
1822 4908 1903 4961 14.

2052 4906 2100 4941 ’⁸
2129 4904 2300 4962 Joan.
2343 4920 2458 4961 xm.
2492 4905 2579 4962 tt.

2320 3152 2348 3206 ἡ
2409 3148 2687 3219 ἀπάγουσα
2729 3146 2802 3206 εἰς
2839 3151 2931 3203 τὴν
2980 3148 3116 3207 ζωήν
3150 3163 3161 3173 ·
3216 3147 3301 3196 ἵνα
3332 3142 3392 3196 δὲ
3434 3148 3502 3216 μὴ
3548 3143 3836 3193 καταπέσωσιν

2320 3237 2743 3299 ἀκούσωτεςξότι
2766 3232 2800 3287 δ
2806 3238 2859 3286 ιὰ
2889 3233 3011 3307 βίον
3042 3237 3233 3295 παντὸς
3266 3232 3609 3295 Θλιϐἠσονται,
3638 3224 3840 3301 superba}-

2317 3328 2455 3401 ῥυνει
2477 3323 2713 3397 αὐτοὺς]

2391 3414 2548 3468 Ἀλλὰ
2602 3443 2671 3456 -
2713 3416 2936 3485 κόσμον.
2996 3418 3101 3469 Τὴν
3143 3417 3401 3486 πονηρίαν
3439 3416 3525 3463 καὶ
3563 3413 3639 3461 τὸν
3676 3405 3841 3477 πονηρὸν

2320 3509 2406 3557 τὸν
2463 3506 2657 3564 ταύτης
2707 3506 2922 3574 πατέρα.
2986 3508 3302 3576 Προείρηται
3355 3506 3454 3575 γὰρ
3507 3503 3580 3551 ὅτι
3633 3501 3655 3549 ὀ
3710 3497 3841 3566 ἅρχων

2320 3598 2411 3646 τοῦ
2454 3598 2655 3665 κόσμου
2700 3595 2883 3643 τούτου
2930 3596 3184 3664 κέκριται,
3241 3594 3364 3649 ἦτοι
3412 3586 3840 3642 καταπεποῖλαισται.

2320 3688 2405 3742 Μὴ
2463 3682 2691 3754 φοϐῆσθε
2746 3678 2832 3733 οὖν
2868 3700 2880 3711 ’
2921 3687 3013 3732 τοῦ
3073 3676 3406 3733 διδασκάλου
3445 3682 3541 3751 γὰρ
3586 3681 3839 3733 νικήσαντος,

2323 3772 2599 3823 ἀκολουθον
2656 3775 2744 3821 καὶ
2802 3773 2924 3831 τοὺς
2989 3770 3225 3840 μαθητὰς
3282 3779 3517 3833 νικῆσαι,
3573 3765 3846 3838 μιμουμένους

2323 3860 2495 3914 αὐτόν.
2532 3861 2596 3910 Οἱ
2644 3861 2745 3931 γὰρ
2795 3865 3073 3918 κακοῦντες
3115 3863 3204 3910 καὶ
3251 3858 3625 3915 ἀποκτείνοντες
3664 3856 3711 3903 τὸ
3739 3858 3847 3917 σῶμα

2322 3950 2705 4006 ἡττηθήσονται
2756 3956 2846 4007 τῆς
2890 3946 3079 4017 ψυχῆς
3121 3948 3285 4017 ὑμῶν,
3346 3952 3436 3999 καὶ
3481 3950 3537 3997 τὸ
3589 3946 3666 4015 μὲν
3703 3940 3845 3995 in?”

2323 4038 2658 4111 αἱρήσουσιν,
2709 4038 2808 4088 ὑπὸ
2854 4032 2912 4088 δε
2957 4042 3046 4087 τοῦ
3078 4034 3312 4094 ἀλήπτου
3362 4042 3639 4108 περιφανῶς
3664 4045 3847 4081 καταπι-

2321 4126 2510 4184 λαισθὴ
2522 4146 2719 4179 σονται.

2391 4222 2570 4267 Ταῦτα
2642 4246 2710 4254 -
2770 4214 3002 4277 οὐρανόν.
3072 4216 3213 4266 Μετὰ
3289 4219 3384 4273 τὴν
3464 4216 3736 4283 παραίνεσιν
3791 4206 3846 4253 επὶ

2324 4306 2488 4377 εὐχὴν
2546 4309 2807 4378 τρέπεται,
2873 4305 2943 4365 ὡς
3004 4305 3294 4377 ἄνθρωπος,
3354 4299 3608 4356 παιδεύων
3656 4301 3753 4354 τοὺς
3791 4292 3846 4341 ἀν-

2326 4396 2554 4467 θρώπους
2603 4393 2649 4444 ἐν
2703 4401 2809 4454 τοῖς
2862 4400 3171 4465 πειρασμοῖς
3226 4397 3356 4466 πρὸς
3390 4396 3477 4444 τὸν
3518 4396 3633 4443 Θεὸν
3677 4385 3841 4459 βλέπω.

2322 4490 2410 4536 καὶ
2456 4487 2625 4535 πάντα
2674 4481 2885 4545 ἀφέντας
2934 4482 3004 4542 εἰς
3057 4482 3211 4533 αὐτὸν
3260 4485 3612 4553 καταφεύγειν,
3652 4482 3725 4527 καὶ
3760 4470 3844 4539 παρ’

2324 4573 2483 4624 αὑτοῦ
2541 4573 2799 4623 αἰτεῖσθαι
2852 4570 3114 4642 βοήθειαν.
3187 4573 3449 4623 Ἐνταῦθα
3514 4573 3597 4642 μὲν
3651 4562 3723 4617 οὖν
3776 4576 3846 4609 (τιν

2325 4665 2457 4734 αἴρει
2532 4666 2653 4721 τοὺς
2728 4660 3041 4732 ὀφθαλμοὺς,
3105 4657 3381 4713 διδάσκων
3466 4664 3523 4711 τὸ
3586 4656 3744 4711 ἐκτενὲς
3785 4666 3843 4696 ιιι

2324 4752 2711 4826 ἁπερὶσπαστον
2762 4749 2809 4802 ἐν
2859 4757 2975 4811 ταῖς
3006 4750 3121 4820 (72)
3150 4750 3337 4822 εὐχαῖς
3372 4769 3383 4779 '
3423 4749 3662 4822 [ἀλλαχοῦ
3686 4739 3734 4795 δε
3766 4734 3845 4807 (7³)

2728 4904 2775 4939 ’θ
2816 4902 3010 4963 Matth.
3038 4918 3198 4973 τινι,
3238 4906 3326 4960 39.

1766 5083 1985 5149 Variae
2014 5084 2336 5150 lectiones
2364 5093 2427 5149 et
2464 5092 2663 5149 notae.

638 5278 1089 5369 ttiglinterpres
1142 5280 1423 5369 intellexit
1472 5284 1681 5369 χρόνον.
1730 5279 2097 5369 ,Αιὶἱ-ιξιωοιι
2146 5279 2207 5335 in

566 5357 825 5426 mentem
870 5352 1065 5426 venire
1109 5354 1292 5423 possit
1324 5358 1425 5408 aut
1468 5352 1525 5404 ou‘
1587 5356 1791 5426 μικρὸν,
1841 5358 1943 5406 aut
1972 5354 2102 5422 μετὰ
2126 5372 2209 5423 μι-

566 5428 706 5498 κρον,
737 5424 1015 5498 nimirum
1047 5430 1257 5498 χρόνον.

635 5495 747 5561 (70)
769 5494 1001 5551 Inclusa
1023 5494 1235 5551 omittit
1266 5499 1329 5550 Α.

658 5498 726 5550 70
769 5498 1001 5551 Inclusa
1023 5498 1235 5551 omittit
1266 5499 1329 5550 Α.

658 5498 747 5635 7t;
786 5569 862 5621 Ex
890 5568 1148 5624 hocloco
1171 5582 1348 5622 nemo
1370 5566 1623 5637 colligat,
1648 5566 2022 5637 Euthymium
2050 5565 2213 5637 apud

565 5637 897 5695 Matthaaum
932 5638 1187 5712 probare
1227 5639 1327 5710 ὅτι,
1379 5654 1486 5711 pro
1534 5641 1604 5693 τί.
1637 5640 1753 5695 Hoc
1784 5639 1943 5695 enim
1972 5640 2052 5692 ὃτι
2084 5654 2215 5695 cen-

2318 5279 2421 5336 ties
2451 5279 2511 5335 in
2541 5278 2656 5336 hoc
2697 5277 2850 5333 libro
2883 5277 3022 5333 nihil
3052 5277 3165 5333 nisi
3196 5278 3394 5333 locum
3449 5274 3757 5343 Litterarum
3780 5274 3838 5337 ser

2321 5367 2558 5406 orarum
2600 5367 2667 5405 ac
2706 5349 3003 5407 vocabula
3025 5349 3228 5422 aliquo
3260 5347 3441 5404 modo
3468 5343 3690 5401 laudata
3712 5346 3838 5403 ειςοιο

2322 5424 2475 5478 ﬁcaL

2396 5494 2509 5565 (72)
2544 5499 2874 5565 Προσευχαίς
2901 5497 2942 5547 Α
2954 5535 2965 5546 .

2397 5495 2486 5563 (72
2544 5499 2874 5565 Προσευχαίς
2901 5497 2965 5547 Α.

2397 5494 2509 5635 (73;
2538 5566 2802 5629 Omissis,
2847 5579 2987 5635 qua:
3035 5563 3129 5619 hic
3156 5562 3385 5619 inclusa
3418 5566 3567 5626 sunt,
3588 5559 3704 5629 post
3729 5560 3835 5619 πρυτν

2329 5632 2531 5709 ευχαίς,
2560 5635 2715 5707 legit,
2743 5640 2802 5688 τὸ
2834 5632 2893 5688 δί
2922 5635 3159 5693 unus»
3186 5637 3215 5693 ἡ
3249 5636 3443 5708 ὧραιΑ.
3792 5654 3797 5673 ι

3694 74 3933 307 ,τε
