  <div class='ocr_page' id='page_1' title='image "/cluster/home/n/w/nwhite01/storage/ocr_20150623/129/hvd.32044073502395/742.png"; bbox 0 0 4022 6232; ppageno 0'>
   <div class='ocr_carea' id='block_1_1' title="bbox 129 273 280 334">
    <p class='ocr_par' dir='ltr' id='par_1_1' title="bbox 129 273 280 334">
     <span class='ocr_line' id='line_1_1' title="bbox 129 273 280 334; baseline 0.033 -4"><span class='ocrx_word' id='word_1_1' title='bbox 129 273 280 334; x_wconf 64' lang='lat'><strong>“37</strong></span> 
     </span>
    </p>
   </div>
   <div class='ocr_carea' id='block_1_2' title="bbox 1147 269 2542 338">
    <p class='ocr_par' dir='ltr' id='par_1_2' title="bbox 1147 269 2542 338">
     <span class='ocr_line' id='line_1_2' title="bbox 1147 269 2542 338; baseline 0.003 -7"><span class='ocrx_word' id='word_1_2' title='bbox 1147 273 1520 333; x_wconf 85' lang='lat' dir='ltr'><strong>COMMENT.</strong></span> <span class='ocrx_word' id='word_1_3' title='bbox 1563 273 1633 329; x_wconf 88' lang='lat' dir='ltr'><strong>IN</strong></span> <span class='ocrx_word' id='word_1_4' title='bbox 1672 269 2033 338; x_wconf 71' lang='lat' dir='ltr'><strong>JOANNEM.</strong></span> <span class='ocrx_word' id='word_1_5' title='bbox 2072 307 2140 318; x_wconf 89' lang='lat'><strong>--</strong></span> <span class='ocrx_word' id='word_1_6' title='bbox 2172 276 2334 334; x_wconf 85' lang='lat' dir='ltr'><strong>CAP.</strong></span> <span class='ocrx_word' id='word_1_7' title='bbox 2378 278 2542 335; x_wconf 81' lang='lat' dir='ltr'><strong>XVII.</strong></span> 
     </span>
    </p>
   </div>
   <div class='ocr_carea' id='block_1_3' title="bbox 3368 274 3506 334">
    <p class='ocr_par' dir='ltr' id='par_1_3' title="bbox 3368 274 3506 334">
     <span class='ocr_line' id='line_1_3' title="bbox 3368 274 3506 334; baseline 0.014 -2"><span class='ocrx_word' id='word_1_8' title='bbox 3368 274 3506 334; x_wconf 76' lang='grc'><strong>1438</strong></span> 
     </span>
    </p>
   </div>
   <div class='ocr_carea' id='block_1_4' title="bbox 121 399 1739 478">
    <p class='ocr_par' dir='ltr' id='par_1_4' title="bbox 121 399 1739 475">
     <span class='ocr_line' id='line_1_4' title="bbox 121 399 1739 475; baseline -0.001 -21"><span class='ocrx_word' id='word_1_9' title='bbox 121 403 313 462; x_wconf 79' lang='grc' dir='ltr'>πίπτει</span> <span class='ocrx_word' id='word_1_10' title='bbox 368 399 452 455; x_wconf 77' lang='grc' dir='ltr'>ἰπὶ</span> <span class='ocrx_word' id='word_1_11' title='bbox 493 404 792 474; x_wconf 82' lang='grc' dir='ltr'>πρόσωπον,</span> <span class='ocrx_word' id='word_1_12' title='bbox 845 403 1134 475; x_wconf 74' lang='grc' dir='ltr'><strong>νομοθετῶν</strong></span> <span class='ocrx_word' id='word_1_13' title='bbox 1159 405 1472 455; x_wconf 75' lang='grc' dir='ltr'><strong>ταπείνωσιν</strong></span> <span class='ocrx_word' id='word_1_14' title='bbox 1503 404 1592 454; x_wconf 82' lang='grc' dir='ltr'>καὶ</span> <span class='ocrx_word' id='word_1_15' title='bbox 1621 420 1739 454; x_wconf 85' lang='grc' dir='ltr'>συν-</span> 
     </span>
    </p>
   </div>
   <div class='ocr_carea' id='block_1_5' title="bbox 1860 399 3506 478">
    <p class='ocr_par' dir='ltr' id='par_1_5' title="bbox 1860 403 3506 478">
     <span class='ocr_line' id='line_1_5' title="bbox 1860 403 3506 478; baseline 0.001 -20"><span class='ocrx_word' id='word_1_16' title='bbox 1860 404 2024 459; x_wconf 85' lang='lat' dir='ltr'><strong>tuens</strong></span> <span class='ocrx_word' id='word_1_17' title='bbox 2050 403 2443 475; x_wconf 78' lang='lat' dir='ltr'><strong>dejectionem</strong></span> <span class='ocrx_word' id='word_1_18' title='bbox 2472 420 2543 461; x_wconf 89' lang='lat' dir='ltr'><strong>ac</strong></span> <span class='ocrx_word' id='word_1_19' title='bbox 2573 404 2768 462; x_wconf 86' lang='lat' dir='ltr'><strong>cordis</strong></span> <span class='ocrx_word' id='word_1_20' title='bbox 2797 403 3212 462; x_wconf 90' lang='lat' dir='ltr'><strong>contritionem</strong></span> <span class='ocrx_word' id='word_1_21' title='bbox 3238 407 3506 478; x_wconf 90' lang='lat' dir='ltr'><strong>tempore</strong></span> 
     </span>
    </p>
   </div>
   <div class='ocr_carea' id='block_1_6' title="bbox 132 491 1739 568">
    <p class='ocr_par' dir='ltr' id='par_1_6' title="bbox 132 491 1739 568">
     <span class='ocr_line' id='line_1_6' title="bbox 132 491 1739 568; baseline 0 -22"><span class='ocrx_word' id='word_1_22' title='bbox 132 494 325 568; x_wconf 72' lang='grc' dir='ltr'>τριϐὴν</span> <span class='ocrx_word' id='word_1_23' title='bbox 357 491 581 563; x_wconf 86' lang='grc' dir='ltr'>καρδιας</span> <span class='ocrx_word' id='word_1_24' title='bbox 610 493 658 555; x_wconf 68' lang='grc' dir='ltr'>ἐν</span> <span class='ocrx_word' id='word_1_25' title='bbox 698 503 810 556; x_wconf 84' lang='grc' dir='ltr'>ταῖς</span> <span class='ocrx_word' id='word_1_26' title='bbox 843 496 1048 566; x_wconf 70' lang='grc' dir='ltr'>εὐχαῖς.</span> <span class='ocrx_word' id='word_1_27' title='bbox 1090 494 1248 548; x_wconf 81' lang='grc' dir='ltr'>Ἦλθε</span> <span class='ocrx_word' id='word_1_28' title='bbox 1272 497 1371 567; x_wconf 76' lang='grc' dir='ltr'><strong>γαρ</strong></span> <span class='ocrx_word' id='word_1_29' title='bbox 1413 494 1518 566; x_wconf 69' lang='grc' dir='ltr'><strong>οὐχ</strong></span> <span class='ocrx_word' id='word_1_30' title='bbox 1559 494 1739 546; x_wconf 73' lang='grc' dir='ltr'>ἑαυτὸν</span> 
     </span>
    </p>
   </div>
   <div class='ocr_carea' id='block_1_7' title="bbox 130 581 1740 658">
    <p class='ocr_par' dir='ltr' id='par_1_7' title="bbox 130 581 1740 658">
     <span class='ocr_line' id='line_1_7' title="bbox 130 581 1740 658; baseline -0.002 -21"><span class='ocrx_word' id='word_1_31' title='bbox 130 581 312 646; x_wconf 78' lang='grc' dir='ltr'>δεῖξαι</span> <span class='ocrx_word' id='word_1_32' title='bbox 353 590 527 656; x_wconf 80' lang='grc' dir='ltr'>μόνον,</span> <span class='ocrx_word' id='word_1_33' title='bbox 585 583 712 636; x_wconf 80' lang='grc' dir='ltr'>ἀλλὰ</span> <span class='ocrx_word' id='word_1_34' title='bbox 752 590 842 636; x_wconf 84' lang='grc' dir='ltr'>καὶ</span> <span class='ocrx_word' id='word_1_35' title='bbox 873 583 1058 658; x_wconf 78' lang='grc' dir='ltr'>ἀρετὴν</span> <span class='ocrx_word' id='word_1_36' title='bbox 1089 584 1442 657; x_wconf 74' lang='grc' dir='ltr'>παραδοῦναι,</span> <span class='ocrx_word' id='word_1_37' title='bbox 1471 588 1542 655; x_wconf 78' lang='grc' dir='ltr'><strong>μὴ</strong></span> <span class='ocrx_word' id='word_1_38' title='bbox 1586 590 1740 654; x_wconf 78' lang='grc' dir='ltr'>μόνον</span> 
     </span>
    </p>
   </div>
   <div class='ocr_carea' id='block_1_8' title="bbox 130 669 1740 748">
    <p class='ocr_par' dir='ltr' id='par_1_8' title="bbox 130 669 1740 748">
     <span class='ocr_line' id='line_1_8' title="bbox 130 669 1740 748; baseline -0.003 -20"><span class='ocrx_word' id='word_1_39' title='bbox 130 671 228 728; x_wconf 77' lang='grc' dir='ltr'>διὸ</span> <span class='ocrx_word' id='word_1_40' title='bbox 259 675 524 748; x_wconf 78' lang='grc' dir='ltr'><strong>ῥημάτων,</strong></span> <span class='ocrx_word' id='word_1_41' title='bbox 555 672 683 727; x_wconf 79' lang='grc' dir='ltr'>ἀλλὰ</span> <span class='ocrx_word' id='word_1_42' title='bbox 720 679 808 726; x_wconf 75' lang='grc' dir='ltr'>καὶ</span> <span class='ocrx_word' id='word_1_43' title='bbox 860 669 954 726; x_wconf 84' lang='grc' dir='ltr'>διὰ</span> <span class='ocrx_word' id='word_1_44' title='bbox 983 676 1316 745; x_wconf 64' lang='grc' dir='ltr'>πραγμάτων.</span> <span class='ocrx_word' id='word_1_45' title='bbox 1340 680 1505 725; x_wconf 72' lang='grc' dir='ltr'>Τοῦτο</span> <span class='ocrx_word' id='word_1_46' title='bbox 1526 676 1626 745; x_wconf 81' lang='grc' dir='ltr'>γὰρ</span> <span class='ocrx_word' id='word_1_47' title='bbox 1661 669 1740 724; x_wconf 85' lang='grc' dir='ltr'>δι-</span> 
     </span>
    </p>
   </div>
   <div class='ocr_carea' id='block_1_9' title="bbox 133 758 695 824">
    <p class='ocr_par' dir='ltr' id='par_1_9' title="bbox 133 758 695 824">
     <span class='ocr_line' id='line_1_9' title="bbox 133 758 695 824; baseline 0.002 -9"><span class='ocrx_word' id='word_1_48' title='bbox 133 758 171 814; x_wconf 83' lang='grc' dir='ltr'><strong>δ</strong></span> <span class='ocrx_word' id='word_1_49' title='bbox 175 762 412 815; x_wconf 83' lang='grc' dir='ltr'>ασκάλου</span> <span class='ocrx_word' id='word_1_50' title='bbox 453 761 550 822; x_wconf 81' lang='grc' dir='ltr'><strong>ἀλη</strong></span> <span class='ocrx_word' id='word_1_51' title='bbox 560 765 695 824; x_wconf 81' lang='grc' dir='ltr'>θοῡς.</span> 
     </span>
    </p>
   </div>
   <div class='ocr_carea' id='block_1_10' title="bbox 214 850 1742 925">
    <p class='ocr_par' dir='ltr' id='par_1_10' title="bbox 214 850 1742 925">
     <span class='ocr_line' id='line_1_10' title="bbox 214 850 1742 925; baseline -0.001 -22"><span class='ocrx_word' id='word_1_52' title='bbox 214 857 319 908; x_wconf 80' lang='grc' dir='ltr'><strong>Καὶ</strong></span> <span class='ocrx_word' id='word_1_53' title='bbox 359 883 404 892; x_wconf 90' lang='grc'><strong><em>-</em></strong></span> <span class='ocrx_word' id='word_1_54' title='bbox 461 851 617 925; x_wconf 83' lang='grc' dir='ltr'>ὦρα.]</span> <span class='ocrx_word' id='word_1_55' title='bbox 645 851 702 904; x_wconf 80' lang='grc' dir='ltr'><strong>Ἠ</strong></span> <span class='ocrx_word' id='word_1_56' title='bbox 730 858 820 905; x_wconf 87' lang='grc' dir='ltr'>τοῦ</span> <span class='ocrx_word' id='word_1_57' title='bbox 853 853 1067 917; x_wconf 79' lang='grc' dir='ltr'><strong>πάθους,</strong></span> <span class='ocrx_word' id='word_1_58' title='bbox 1098 853 1127 909; x_wconf 76' lang='grc' dir='ltr'>ἡ</span> <span class='ocrx_word' id='word_1_59' title='bbox 1161 858 1252 903; x_wconf 85' lang='grc' dir='ltr'>τοῦ</span> <span class='ocrx_word' id='word_1_60' title='bbox 1285 851 1506 902; x_wconf 87' lang='grc' dir='ltr'>θανάτου</span> <span class='ocrx_word' id='word_1_61' title='bbox 1538 855 1653 923; x_wconf 84' lang='grc' dir='ltr'>περὶ</span> <span class='ocrx_word' id='word_1_62' title='bbox 1679 850 1742 910; x_wconf 78' lang='grc' dir='ltr'><strong>ἧς</strong></span> 
     </span>
    </p>
   </div>
   <div class='ocr_carea' id='block_1_11' title="bbox 132 939 1738 1016">
    <p class='ocr_par' dir='ltr' id='par_1_11' title="bbox 132 939 1738 1016">
     <span class='ocr_line' id='line_1_11' title="bbox 132 939 1738 1016; baseline 0.001 -24"><span class='ocrx_word' id='word_1_63' title='bbox 132 939 326 1012; x_wconf 77' lang='grc' dir='ltr'>ἔλεγεν,</span> <span class='ocrx_word' id='word_1_64' title='bbox 382 943 461 994; x_wconf 82' lang='grc' dir='ltr'>ὅτι</span> <span class='ocrx_word' id='word_1_65' title='bbox 514 941 572 994; x_wconf 83' lang='grc' dir='ltr'>Ὀ</span> <span class='ocrx_word' id='word_1_66' title='bbox 625 945 800 1016; x_wconf 84' lang='grc' dir='ltr'>καιρὸς</span> <span class='ocrx_word' id='word_1_67' title='bbox 842 941 1012 1013; x_wconf 81' lang='grc' dir='ltr'>ὁέμός</span> <span class='ocrx_word' id='word_1_68' title='bbox 1041 944 1182 993; x_wconf 75' lang='grc' dir='ltr'>οὔπω</span> <span class='ocrx_word' id='word_1_69' title='bbox 1209 943 1457 1014; x_wconf 84' lang='grc' dir='ltr'>πάρεστιν</span> <span class='ocrx_word' id='word_1_70' title='bbox 1487 957 1498 970; x_wconf 89' lang='grc'><strong>·</strong></span> <span class='ocrx_word' id='word_1_71' title='bbox 1538 939 1587 1012; x_wconf 86' lang='grc' dir='ltr'><strong>[ὁ</strong></span> <span class='ocrx_word' id='word_1_72' title='bbox 1624 939 1738 1011; x_wconf 72' lang='grc'><strong>(⁸74)</strong></span> 
     </span>
    </p>
   </div>
   <div class='ocr_carea' id='block_1_12' title="bbox 134 1028 1740 1105">
    <p class='ocr_par' dir='ltr' id='par_1_12' title="bbox 134 1028 1740 1105">
     <span class='ocr_line' id='line_1_12' title="bbox 134 1028 1740 1105; baseline 0 -25"><span class='ocrx_word' id='word_1_73' title='bbox 134 1035 344 1102; x_wconf 82' lang='grc' dir='ltr'>καιρός,</span> <span class='ocrx_word' id='word_1_74' title='bbox 375 1029 428 1082; x_wconf 83' lang='grc' dir='ltr'>ὃν</span> <span class='ocrx_word' id='word_1_75' title='bbox 459 1031 485 1082; x_wconf 82' lang='grc' dir='ltr'>ὁ</span> <span class='ocrx_word' id='word_1_76' title='bbox 516 1029 824 1105; x_wconf 78' lang='grc' dir='ltr'>προσλαϐὼν</span> <span class='ocrx_word' id='word_1_77' title='bbox 871 1033 997 1091; x_wconf 79' lang='grc' dir='ltr'>Θεὸς</span> <span class='ocrx_word' id='word_1_78' title='bbox 1030 1032 1188 1102; x_wconf 80' lang='grc' dir='ltr'><strong>ὥρισε</strong></span> <span class='ocrx_word' id='word_1_79' title='bbox 1234 1037 1306 1100; x_wconf 85' lang='grc' dir='ltr'>τῷ</span> <span class='ocrx_word' id='word_1_80' title='bbox 1364 1028 1740 1104; x_wconf 68' lang='grc' dir='ltr'>προσληφθέντι</span> 
     </span>
    </p>
   </div>
   <div class='ocr_carea' id='block_1_13' title="bbox 133 1118 448 1193">
    <p class='ocr_par' dir='ltr' id='par_1_13' title="bbox 133 1118 448 1193">
     <span class='ocr_line' id='line_1_13' title="bbox 133 1118 448 1193; baseline 0.01 -23"><span class='ocrx_word' id='word_1_81' title='bbox 133 1118 448 1193; x_wconf 80' lang='grc' dir='ltr'><strong>ἁνθρὼπῳ.]</strong></span> 
     </span>
    </p>
   </div>
   <div class='ocr_carea' id='block_1_14' title="bbox 209 1208 1739 1282">
    <p class='ocr_par' dir='ltr' id='par_1_14' title="bbox 209 1208 1739 1282">
     <span class='ocr_line' id='line_1_14' title="bbox 209 1208 1739 1282; baseline -0.002 -21"><span class='ocrx_word' id='word_1_82' title='bbox 209 1208 439 1271; x_wconf 83' lang='grc' dir='ltr'>Δόξασόν</span> <span class='ocrx_word' id='word_1_83' title='bbox 478 1228 572 1261; x_wconf 91' lang='grc' dir='ltr'><strong>σου</strong></span> <span class='ocrx_word' id='word_1_84' title='bbox 603 1212 688 1260; x_wconf 88' lang='grc' dir='ltr'><strong>τόν</strong></span> <span class='ocrx_word' id='word_1_85' title='bbox 725 1211 862 1261; x_wconf 85' lang='grc' dir='ltr'>Υἰόν.</span> <span class='ocrx_word' id='word_1_86' title='bbox 893 1214 1014 1270; x_wconf 85' lang='grc' dir='ltr'><strong>Τοῖς</strong></span> <span class='ocrx_word' id='word_1_87' title='bbox 1062 1209 1188 1282; x_wconf 73' lang='grc' dir='ltr'>ὑπὲρ</span> <span class='ocrx_word' id='word_1_88' title='bbox 1227 1215 1318 1260; x_wconf 76' lang='grc' dir='ltr'>τοῦ</span> <span class='ocrx_word' id='word_1_89' title='bbox 1358 1212 1557 1280; x_wconf 76' lang='grc' dir='ltr'>κόσμου</span> <span class='ocrx_word' id='word_1_90' title='bbox 1588 1208 1739 1259; x_wconf 83' lang='grc' dir='ltr'>πάθε-</span> 
     </span>
    </p>
   </div>
   <div class='ocr_carea' id='block_1_15' title="bbox 136 1293 1739 1372">
    <p class='ocr_par' dir='ltr' id='par_1_15' title="bbox 136 1293 1739 1372">
     <span class='ocr_line' id='line_1_15' title="bbox 136 1293 1739 1372; baseline -0.001 -24"><span class='ocrx_word' id='word_1_91' title='bbox 136 1317 213 1349; x_wconf 85' lang='grc' dir='ltr'>σι.</span> <span class='ocrx_word' id='word_1_92' title='bbox 240 1298 376 1360; x_wconf 61' lang='grc' dir='ltr'><strong>⁴Δόξα</strong></span> <span class='ocrx_word' id='word_1_93' title='bbox 417 1300 514 1371; x_wconf 79' lang='grc' dir='ltr'><strong>γὰρ</strong></span> <span class='ocrx_word' id='word_1_94' title='bbox 545 1297 657 1370; x_wconf 75' lang='grc' dir='ltr'>ἐμοὶ</span> <span class='ocrx_word' id='word_1_95' title='bbox 686 1307 756 1368; x_wconf 81' lang='grc' dir='ltr'>τῷ</span> <span class='ocrx_word' id='word_1_96' title='bbox 787 1302 1020 1370; x_wconf 73' lang='grc' dir='ltr'>Δεσπότη</span> <span class='ocrx_word' id='word_1_97' title='bbox 1077 1300 1306 1369; x_wconf 79' lang='grc' dir='ltr'><strong>πάσχειν</strong></span> <span class='ocrx_word' id='word_1_98' title='bbox 1338 1299 1464 1372; x_wconf 74' lang='grc' dir='ltr'>ὑπὲρ</span> <span class='ocrx_word' id='word_1_99' title='bbox 1496 1306 1593 1348; x_wconf 87' lang='grc' dir='ltr'><strong>τῶν</strong></span> <span class='ocrx_word' id='word_1_100' title='bbox 1617 1293 1739 1348; x_wconf 79' lang='grc' dir='ltr'>δού-</span> 
     </span>
    </p>
   </div>
   <div class='ocr_carea' id='block_1_16' title="bbox 128 1385 1737 1460">
    <p class='ocr_par' dir='ltr' id='par_1_16' title="bbox 128 1385 1737 1460">
     <span class='ocr_line' id='line_1_16' title="bbox 128 1385 1737 1460; baseline -0.001 -22"><span class='ocrx_word' id='word_1_101' title='bbox 128 1385 235 1438; x_wconf 85' lang='grc' dir='ltr'><strong>λων</strong></span> <span class='ocrx_word' id='word_1_102' title='bbox 268 1406 392 1458; x_wconf 66' lang='grc' dir='ltr'>μου,</span> <span class='ocrx_word' id='word_1_103' title='bbox 443 1391 532 1438; x_wconf 84' lang='grc' dir='ltr'>καὶ</span> <span class='ocrx_word' id='word_1_104' title='bbox 560 1391 828 1459; x_wconf 73' lang='grc' dir='ltr'>γνωρίζειν</span> <span class='ocrx_word' id='word_1_105' title='bbox 867 1385 1090 1438; x_wconf 57' lang='grc' dir='ltr'>ὼτευθεν</span> <span class='ocrx_word' id='word_1_106' title='bbox 1144 1394 1254 1446; x_wconf 87' lang='grc' dir='ltr'>τοῖς</span> <span class='ocrx_word' id='word_1_107' title='bbox 1294 1388 1599 1460; x_wconf 79' lang='grc' dir='ltr'>ἀνθρώποις,</span> <span class='ocrx_word' id='word_1_108' title='bbox 1627 1387 1737 1437; x_wconf 79' lang='grc' dir='ltr'>οἷαν</span> 
     </span>
    </p>
   </div>
   <div class='ocr_carea' id='block_1_17' title="bbox 131 1472 1735 1549">
    <p class='ocr_par' dir='ltr' id='par_1_17' title="bbox 131 1472 1735 1549">
     <span class='ocr_line' id='line_1_17' title="bbox 131 1472 1735 1549; baseline -0.001 -23"><span class='ocrx_word' id='word_1_109' title='bbox 131 1477 249 1547; x_wconf 79' lang='grc' dir='ltr'><strong>ἔχω</strong></span> <span class='ocrx_word' id='word_1_110' title='bbox 283 1475 692 1549; x_wconf 65' lang='grc' dir='ltr'>φιλανθρωπίαν,</span> <span class='ocrx_word' id='word_1_111' title='bbox 741 1477 876 1528; x_wconf 80' lang='grc' dir='ltr'>ὥστε</span> <span class='ocrx_word' id='word_1_112' title='bbox 904 1472 1264 1549; x_wconf 72' lang='grc' dir='ltr'><strong>προσδραμεῖν</strong></span> <span class='ocrx_word' id='word_1_113' title='bbox 1302 1478 1472 1528; x_wconf 89' lang='grc' dir='ltr'>πάντα</span> <span class='ocrx_word' id='word_1_114' title='bbox 1502 1477 1567 1526; x_wconf 82' lang='grc' dir='ltr'><strong>τὰ</strong></span> <span class='ocrx_word' id='word_1_115' title='bbox 1596 1477 1735 1536; x_wconf 81' lang='grc' dir='ltr'>ἔθνη,</span> 
     </span>
    </p>
   </div>
   <div class='ocr_carea' id='block_1_18' title="bbox 909 1564 1739 1639">
    <p class='ocr_par' dir='ltr' id='par_1_18' title="bbox 909 1564 1739 1639">
     <span class='ocr_line' id='line_1_18' title="bbox 909 1564 1739 1639; baseline -0.004 -21"><span class='ocrx_word' id='word_1_116' title='bbox 909 1564 1070 1637; x_wconf 77' lang='grc' dir='ltr'>[Φησὶ</span> <span class='ocrx_word' id='word_1_117' title='bbox 1121 1566 1232 1635; x_wconf 79' lang='grc'><strong>(75)</strong></span> <span class='ocrx_word' id='word_1_118' title='bbox 1287 1568 1386 1639; x_wconf 82' lang='grc' dir='ltr'>γὰρ</span> <span class='ocrx_word' id='word_1_119' title='bbox 1451 1566 1476 1616; x_wconf 86' lang='grc' dir='ltr'><strong>ό</strong></span> <span class='ocrx_word' id='word_1_120' title='bbox 1540 1564 1739 1626; x_wconf 77' lang='grc' dir='ltr'>ῐιαυλος</span> 
     </span>
    </p>
   </div>
   <div class='ocr_carea' id='block_1_19' title="bbox 133 1651 1736 1729">
    <p class='ocr_par' dir='ltr' id='par_1_19' title="bbox 133 1651 1736 1729">
     <span class='ocr_line' id='line_1_19' title="bbox 133 1651 1736 1729; baseline -0.001 -23"><span class='ocrx_word' id='word_1_121' title='bbox 133 1657 219 1706; x_wconf 82' lang='grc' dir='ltr'>ὅτι</span> <span class='ocrx_word' id='word_1_122' title='bbox 261 1655 444 1717; x_wconf 71' lang='grc' dir='ltr'>Οὕτως</span> <span class='ocrx_word' id='word_1_123' title='bbox 491 1655 762 1726; x_wconf 77' lang='grc' dir='ltr'>ἠγάπησεν</span> <span class='ocrx_word' id='word_1_124' title='bbox 819 1656 980 1727; x_wconf 75' lang='grc' dir='ltr'>ἡμᾶς,</span> <span class='ocrx_word' id='word_1_125' title='bbox 1011 1656 1146 1706; x_wconf 83' lang='grc' dir='ltr'>ὥστε</span> <span class='ocrx_word' id='word_1_126' title='bbox 1196 1651 1528 1729; x_wconf 75' lang='grc' dir='ltr'>παραδοῦναι</span> <span class='ocrx_word' id='word_1_127' title='bbox 1559 1653 1736 1706; x_wconf 81' lang='grc' dir='ltr'>ἑαυτόν</span> 
     </span>
    </p>
   </div>
   <div class='ocr_carea' id='block_1_20' title="bbox 130 1569 831 1638">
    <p class='ocr_par' dir='ltr' id='par_1_20' title="bbox 130 1569 831 1638">
     <span class='ocr_line' id='line_1_20' title="bbox 130 1569 831 1638; baseline 0.001 -23"><span class='ocrx_word' id='word_1_128' title='bbox 130 1571 225 1616; x_wconf 80' lang='grc' dir='ltr'>καὶ</span> <span class='ocrx_word' id='word_1_129' title='bbox 289 1569 481 1636; x_wconf 86' lang='grc' dir='ltr'>γνῶναί</span> <span class='ocrx_word' id='word_1_130' title='bbox 557 1584 620 1638; x_wconf 81' lang='grc' dir='ltr'>με</span> <span class='ocrx_word' id='word_1_131' title='bbox 678 1571 831 1622; x_wconf 77' lang='grc' dir='ltr'>Θεὸν,</span> 
     </span>
    </p>
   </div>
   <div class='ocr_carea' id='block_1_21' title="bbox 137 1744 471 1816">
    <p class='ocr_par' dir='ltr' id='par_1_21' title="bbox 137 1744 471 1816">
     <span class='ocr_line' id='line_1_21' title="bbox 137 1744 471 1816; baseline 0.006 -22"><span class='ocrx_word' id='word_1_132' title='bbox 137 1745 266 1816; x_wconf 65' lang='grc' dir='ltr'>ὓπερ</span> <span class='ocrx_word' id='word_1_133' title='bbox 308 1744 471 1814; x_wconf 68' lang='grc' dir='ltr'>ἡμῶν.</span> 
     </span>
    </p>
   </div>
   <div class='ocr_carea' id='block_1_22' title="bbox 209 1831 1734 1907">
    <p class='ocr_par' dir='ltr' id='par_1_22' title="bbox 209 1831 1734 1907">
     <span class='ocr_line' id='line_1_22' title="bbox 209 1831 1734 1907; baseline -0.001 -22"><span class='ocrx_word' id='word_1_134' title='bbox 209 1832 300 1896; x_wconf 81' lang='grc' dir='ltr'><strong>⁴Η,</strong></span> <span class='ocrx_word' id='word_1_135' title='bbox 361 1832 586 1896; x_wconf 85' lang='grc' dir='ltr'>Δόξασόν</span> <span class='ocrx_word' id='word_1_136' title='bbox 647 1852 728 1905; x_wconf 81' lang='grc' dir='ltr'>με,</span> <span class='ocrx_word' id='word_1_137' title='bbox 781 1841 1134 1907; x_wconf 81' lang='grc' dir='ltr'>τερατουργῶν</span> <span class='ocrx_word' id='word_1_138' title='bbox 1193 1831 1240 1883; x_wconf 84' lang='grc' dir='ltr'>ἐν</span> <span class='ocrx_word' id='word_1_139' title='bbox 1304 1839 1374 1902; x_wconf 82' lang='grc' dir='ltr'>τῷ</span> <span class='ocrx_word' id='word_1_140' title='bbox 1427 1840 1591 1905; x_wconf 82' lang='grc' dir='ltr'>καιρῷ</span> <span class='ocrx_word' id='word_1_141' title='bbox 1642 1838 1734 1883; x_wconf 83' lang='grc' dir='ltr'>τοῦ</span> 
     </span>
    </p>
   </div>
   <div class='ocr_carea' id='block_1_23' title="bbox 139 1917 1738 1996">
    <p class='ocr_par' dir='ltr' id='par_1_23' title="bbox 139 1917 1738 1996">
     <span class='ocr_line' id='line_1_23' title="bbox 139 1917 1738 1996; baseline -0.001 -23"><span class='ocrx_word' id='word_1_142' title='bbox 139 1929 376 1996; x_wconf 77' lang='grc' dir='ltr'>σταυροῦ</span> <span class='ocrx_word' id='word_1_143' title='bbox 424 1925 489 1974; x_wconf 81' lang='grc' dir='ltr'>τὰ</span> <span class='ocrx_word' id='word_1_144' title='bbox 547 1921 736 1996; x_wconf 72' lang='grc' dir='ltr'>φοϐερὰ</span> <span class='ocrx_word' id='word_1_145' title='bbox 805 1927 894 1974; x_wconf 82' lang='grc' dir='ltr'>καὶ</span> <span class='ocrx_word' id='word_1_146' title='bbox 941 1921 1150 1985; x_wconf 82' lang='grc' dir='ltr'>ἐξαίσια</span> <span class='ocrx_word' id='word_1_147' title='bbox 1211 1929 1421 1993; x_wconf 75' lang='grc' dir='ltr'>σημεῖα,</span> <span class='ocrx_word' id='word_1_148' title='bbox 1487 1925 1577 1972; x_wconf 83' lang='grc' dir='ltr'>καὶ</span> <span class='ocrx_word' id='word_1_149' title='bbox 1633 1917 1738 1973; x_wconf 87' lang='grc' dir='ltr'>δει-</span> 
     </span>
    </p>
   </div>
   <div class='ocr_carea' id='block_1_24' title="bbox 135 2005 1738 2082">
    <p class='ocr_par' dir='ltr' id='par_1_24' title="bbox 135 2005 1738 2082">
     <span class='ocr_line' id='line_1_24' title="bbox 135 2005 1738 2082; baseline 0.001 -21"><span class='ocrx_word' id='word_1_150' title='bbox 135 2015 304 2062; x_wconf 72' lang='grc' dir='ltr'>κνύων</span> <span class='ocrx_word' id='word_1_151' title='bbox 361 2013 416 2063; x_wconf 82' lang='grc' dir='ltr'>ἐκ</span> <span class='ocrx_word' id='word_1_152' title='bbox 445 2014 640 2064; x_wconf 84' lang='grc' dir='ltr'>τούτων</span> <span class='ocrx_word' id='word_1_153' title='bbox 673 2014 752 2064; x_wconf 84' lang='grc' dir='ltr'>ὅτι</span> <span class='ocrx_word' id='word_1_154' title='bbox 778 2016 996 2082; x_wconf 78' lang='grc' dir='ltr'>γνήσιος</span> <span class='ocrx_word' id='word_1_155' title='bbox 1022 2013 1141 2071; x_wconf 87' lang='grc' dir='ltr'>Υἰος</span> <span class='ocrx_word' id='word_1_156' title='bbox 1187 2029 1280 2062; x_wconf 88' lang='grc' dir='ltr'><strong>σου</strong></span> <span class='ocrx_word' id='word_1_157' title='bbox 1326 2010 1451 2081; x_wconf 77' lang='grc' dir='ltr'>εἰμί.</span> <span class='ocrx_word' id='word_1_158' title='bbox 1479 2016 1656 2063; x_wconf 70' lang='grc' dir='ltr'>Ταῦτα</span> <span class='ocrx_word' id='word_1_159' title='bbox 1679 2005 1738 2062; x_wconf 71' lang='grc' dir='ltr'>δὲ</span> 
     </span>
    </p>
   </div>
   <div class='ocr_carea' id='block_1_25' title="bbox 136 2096 1736 2174">
    <p class='ocr_par' dir='ltr' id='par_1_25' title="bbox 136 2096 1736 2174">
     <span class='ocr_line' id='line_1_25' title="bbox 136 2096 1736 2174; baseline -0.001 -22"><span class='ocrx_word' id='word_1_160' title='bbox 136 2105 340 2174; x_wconf 77' lang='grc' dir='ltr'>εἴρηται</span> <span class='ocrx_word' id='word_1_161' title='bbox 367 2106 458 2153; x_wconf 87' lang='grc' dir='ltr'><strong>καὶ</strong></span> <span class='ocrx_word' id='word_1_162' title='bbox 503 2103 622 2154; x_wconf 82' lang='grc' dir='ltr'>ἔνθα</span> <span class='ocrx_word' id='word_1_163' title='bbox 659 2108 826 2153; x_wconf 79' lang='grc' dir='ltr'>κεῖται</span> <span class='ocrx_word' id='word_1_164' title='bbox 866 2119 921 2152; x_wconf 92' lang='grc' dir='ltr'><strong>το</strong></span> <span class='ocrx_word' id='word_1_165' title='bbox 965 2119 976 2132; x_wconf 73' lang='grc' dir='ltr'><strong>ο</strong></span> <span class='ocrx_word' id='word_1_166' title='bbox 1007 2107 1113 2153; x_wconf 78' lang='grc' dir='ltr'><strong>Νῦν</strong></span> <span class='ocrx_word' id='word_1_167' title='bbox 1141 2096 1402 2162; x_wconf 73' lang='grc' dir='ltr'>ἐδοξάσθη</span> <span class='ocrx_word' id='word_1_168' title='bbox 1445 2101 1470 2150; x_wconf 89' lang='grc' dir='ltr'><strong>ό</strong></span> <span class='ocrx_word' id='word_1_169' title='bbox 1498 2102 1618 2160; x_wconf 81' lang='grc' dir='ltr'>Υίός</span> <span class='ocrx_word' id='word_1_170' title='bbox 1644 2106 1736 2152; x_wconf 79' lang='grc' dir='ltr'>τοῦ</span> 
     </span>
    </p>
   </div>
   <div class='ocr_carea' id='block_1_26' title="bbox 135 2191 455 2263">
    <p class='ocr_par' dir='ltr' id='par_1_26' title="bbox 135 2191 455 2263">
     <span class='ocr_line' id='line_1_26' title="bbox 135 2191 455 2263; baseline 0.009 -22"><span class='ocrx_word' id='word_1_171' title='bbox 135 2191 455 2263; x_wconf 78' lang='grc' dir='ltr'>ἁνθρώπου.]</span> 
     </span>
    </p>
   </div>
   <div class='ocr_carea' id='block_1_27' title="bbox 205 2275 1734 2349">
    <p class='ocr_par' dir='ltr' id='par_1_27' title="bbox 205 2275 1734 2349">
     <span class='ocr_line' id='line_1_27' title="bbox 205 2275 1734 2349; baseline -0.003 -16"><span class='ocrx_word' id='word_1_172' title='bbox 205 2280 316 2333; x_wconf 83' lang='grc' dir='ltr'>Ἰνα</span> <span class='ocrx_word' id='word_1_173' title='bbox 355 2311 424 2322; x_wconf 93' lang='lat'><strong>--</strong></span> <span class='ocrx_word' id='word_1_174' title='bbox 469 2299 544 2334; x_wconf 89' lang='grc' dir='ltr'>σε.</span> <span class='ocrx_word' id='word_1_175' title='bbox 596 2283 690 2332; x_wconf 82' lang='grc' dir='ltr'><strong>Διὰ</strong></span> <span class='ocrx_word' id='word_1_176' title='bbox 746 2288 835 2340; x_wconf 83' lang='grc' dir='ltr'>τῆς</span> <span class='ocrx_word' id='word_1_177' title='bbox 873 2279 1056 2332; x_wconf 82' lang='grc' dir='ltr'>ἑαυτοῦ</span> <span class='ocrx_word' id='word_1_178' title='bbox 1090 2275 1244 2340; x_wconf 84' lang='grc' dir='ltr'>δόξης</span> <span class='ocrx_word' id='word_1_179' title='bbox 1276 2295 1287 2307; x_wconf 92' lang='grc'>·</span> <span class='ocrx_word' id='word_1_180' title='bbox 1323 2286 1422 2330; x_wconf 90' lang='grc' dir='ltr'><strong>τῶν</strong></span> <span class='ocrx_word' id='word_1_181' title='bbox 1447 2281 1547 2349; x_wconf 83' lang='grc' dir='ltr'><strong>γὰρ</strong></span> <span class='ocrx_word' id='word_1_182' title='bbox 1582 2277 1734 2330; x_wconf 81' lang='grc' dir='ltr'>ἐθνῶν</span> 
     </span>
    </p>
   </div>
   <div class='ocr_carea' id='block_1_28' title="bbox 135 2365 1735 2440">
    <p class='ocr_par' dir='ltr' id='par_1_28' title="bbox 135 2365 1735 2440">
     <span class='ocr_line' id='line_1_28' title="bbox 135 2365 1735 2440; baseline -0.003 -18"><span class='ocrx_word' id='word_1_183' title='bbox 135 2377 485 2422; x_wconf 76' lang='grc' dir='ltr'>πιστευόντων</span> <span class='ocrx_word' id='word_1_184' title='bbox 529 2370 597 2430; x_wconf 89' lang='grc' dir='ltr'><strong>εἰς</strong></span> <span class='ocrx_word' id='word_1_185' title='bbox 655 2371 758 2440; x_wconf 66' lang='grc' dir='ltr'><strong>ἐμὲ,</strong></span> <span class='ocrx_word' id='word_1_186' title='bbox 792 2374 880 2421; x_wconf 82' lang='grc' dir='ltr'>καὶ</span> <span class='ocrx_word' id='word_1_187' title='bbox 935 2373 999 2420; x_wconf 80' lang='grc' dir='ltr'>σὺ</span> <span class='ocrx_word' id='word_1_188' title='bbox 1055 2365 1390 2440; x_wconf 80' lang='grc' dir='ltr'>δοξασθηση.</span> <span class='ocrx_word' id='word_1_189' title='bbox 1448 2372 1545 2420; x_wconf 81' lang='grc' dir='ltr'>Καὶ</span> <span class='ocrx_word' id='word_1_190' title='bbox 1568 2367 1633 2428; x_wconf 84' lang='grc' dir='ltr'><strong>εἰς</strong></span> <span class='ocrx_word' id='word_1_191' title='bbox 1679 2371 1735 2418; x_wconf 68' lang='grc' dir='ltr'><strong>σε</strong></span> 
     </span>
    </p>
   </div>
   <div class='ocr_carea' id='block_1_29' title="bbox 132 2453 1736 2534">
    <p class='ocr_par' dir='ltr' id='par_1_29' title="bbox 132 2453 1736 2534">
     <span class='ocr_line' id='line_1_29' title="bbox 132 2453 1736 2534; baseline -0.002 -23"><span class='ocrx_word' id='word_1_192' title='bbox 132 2463 236 2534; x_wconf 82' lang='grc' dir='ltr'><strong>γὰρ</strong></span> <span class='ocrx_word' id='word_1_193' title='bbox 293 2461 664 2523; x_wconf 82' lang='grc' dir='ltr'>πιστεύσουσι,</span> <span class='ocrx_word' id='word_1_194' title='bbox 709 2464 798 2511; x_wconf 85' lang='grc' dir='ltr'>καὶ</span> <span class='ocrx_word' id='word_1_195' title='bbox 857 2455 1148 2520; x_wconf 84' lang='grc' dir='ltr'>δοξάσουσί</span> <span class='ocrx_word' id='word_1_196' title='bbox 1201 2477 1276 2522; x_wconf 87' lang='grc' dir='ltr'><strong>σε,</strong></span> <span class='ocrx_word' id='word_1_197' title='bbox 1342 2459 1406 2518; x_wconf 83' lang='grc' dir='ltr'>ὡς</span> <span class='ocrx_word' id='word_1_198' title='bbox 1459 2465 1550 2510; x_wconf 82' lang='grc' dir='ltr'>τοῦ</span> <span class='ocrx_word' id='word_1_199' title='bbox 1597 2453 1736 2508; x_wconf 86' lang='grc' dir='ltr'>ἰδίου</span> 
     </span>
    </p>
   </div>
   <div class='ocr_carea' id='block_1_30' title="bbox 139 2545 1733 2620">
    <p class='ocr_par' dir='ltr' id='par_1_30' title="bbox 139 2545 1733 2620">
     <span class='ocr_line' id='line_1_30' title="bbox 139 2545 1733 2620; baseline -0.003 -19"><span class='ocrx_word' id='word_1_200' title='bbox 139 2569 235 2601; x_wconf 81' lang='grc' dir='ltr'><strong>σου</strong></span> <span class='ocrx_word' id='word_1_201' title='bbox 283 2550 407 2601; x_wconf 82' lang='grc' dir='ltr'>Υἰοῡ</span> <span class='ocrx_word' id='word_1_202' title='bbox 455 2552 525 2620; x_wconf 75' lang='grc' dir='ltr'><strong>μὴ</strong></span> <span class='ocrx_word' id='word_1_203' title='bbox 596 2552 898 2620; x_wconf 75' lang='grc' dir='ltr'>φεισάμενον</span> <span class='ocrx_word' id='word_1_204' title='bbox 959 2549 1088 2620; x_wconf 73' lang='grc' dir='ltr'>ὑπὲρ</span> <span class='ocrx_word' id='word_1_205' title='bbox 1158 2547 1346 2613; x_wconf 66' lang='grc' dir='ltr'>αὐτῶν,</span> <span class='ocrx_word' id='word_1_206' title='bbox 1406 2551 1496 2598; x_wconf 84' lang='grc' dir='ltr'>καὶ</span> <span class='ocrx_word' id='word_1_207' title='bbox 1554 2548 1583 2604; x_wconf 82' lang='grc' dir='ltr'><strong>ἠ</strong></span> <span class='ocrx_word' id='word_1_208' title='bbox 1639 2545 1733 2616; x_wconf 75' lang='grc' dir='ltr'><strong>ἐμὴ</strong></span> 
     </span>
    </p>
   </div>
   <div class='ocr_carea' id='block_1_31' title="bbox 139 2631 1735 2710">
    <p class='ocr_par' dir='ltr' id='par_1_31' title="bbox 139 2631 1735 2710">
     <span class='ocr_line' id='line_1_31' title="bbox 139 2631 1735 2710; baseline -0.003 -20"><span class='ocrx_word' id='word_1_209' title='bbox 139 2635 276 2700; x_wconf 83' lang='grc' dir='ltr'>δόξα</span> <span class='ocrx_word' id='word_1_210' title='bbox 319 2640 468 2690; x_wconf 80' lang='grc' dir='ltr'>ἔσται</span> <span class='ocrx_word' id='word_1_211' title='bbox 518 2641 607 2688; x_wconf 84' lang='grc' dir='ltr'>καὶ</span> <span class='ocrx_word' id='word_1_212' title='bbox 667 2641 756 2694; x_wconf 74' lang='grc' dir='ltr'><strong>σή.</strong></span> <span class='ocrx_word' id='word_1_213' title='bbox 794 2636 993 2710; x_wconf 86' lang='grc' dir='ltr'>[Ζητῶν</span> <span class='ocrx_word' id='word_1_214' title='bbox 1026 2637 1138 2707; x_wconf 75' lang='grc'><strong>(76)</strong></span> <span class='ocrx_word' id='word_1_215' title='bbox 1179 2633 1286 2700; x_wconf 75' lang='grc' dir='ltr'>οὖν,</span> <span class='ocrx_word' id='word_1_216' title='bbox 1329 2639 1396 2696; x_wconf 81' lang='grc' dir='ltr'>ὡς</span> <span class='ocrx_word' id='word_1_217' title='bbox 1423 2631 1735 2699; x_wconf 79' lang='grc' dir='ltr'>δεδήλωται,</span> 
     </span>
    </p>
   </div>
   <div class='ocr_carea' id='block_1_32' title="bbox 141 2723 1740 2798">
    <p class='ocr_par' dir='ltr' id='par_1_32' title="bbox 141 2723 1740 2798">
     <span class='ocr_line' id='line_1_32' title="bbox 141 2723 1740 2798; baseline -0.004 -18"><span class='ocrx_word' id='word_1_218' title='bbox 141 2724 489 2791; x_wconf 82' lang='grc' dir='ltr'>δοξασθῆναι,</span> <span class='ocrx_word' id='word_1_219' title='bbox 539 2723 802 2778; x_wconf 85' lang='grc' dir='ltr'>δείκνυσιν</span> <span class='ocrx_word' id='word_1_220' title='bbox 851 2728 931 2778; x_wconf 84' lang='grc' dir='ltr'>ὅτι</span> <span class='ocrx_word' id='word_1_221' title='bbox 970 2725 1053 2777; x_wconf 83' lang='grc' dir='ltr'><strong>ἐπὶ</strong></span> <span class='ocrx_word' id='word_1_222' title='bbox 1095 2729 1180 2777; x_wconf 88' lang='grc' dir='ltr'><strong>τόν</strong></span> <span class='ocrx_word' id='word_1_223' title='bbox 1219 2728 1442 2798; x_wconf 80' lang='grc' dir='ltr'>σταυρόν</span> <span class='ocrx_word' id='word_1_224' title='bbox 1492 2723 1740 2784; x_wconf 73' lang='grc' dir='ltr'><strong>ἑκουσίως</strong></span> 
     </span>
    </p>
   </div>
   <div class='ocr_carea' id='block_1_33' title="bbox 139 2809 1740 2888">
    <p class='ocr_par' dir='ltr' id='par_1_33' title="bbox 139 2809 1740 2888">
     <span class='ocr_line' id='line_1_33' title="bbox 139 2809 1740 2888; baseline -0.004 -19"><span class='ocrx_word' id='word_1_225' title='bbox 139 2820 377 2888; x_wconf 81' lang='grc' dir='ltr'>ἔρχεται.</span> <span class='ocrx_word' id='word_1_226' title='bbox 430 2811 557 2868; x_wconf 83' lang='grc' dir='ltr'>Εἶτα</span> <span class='ocrx_word' id='word_1_227' title='bbox 587 2815 722 2886; x_wconf 76' lang='grc' dir='ltr'>λέγει</span> <span class='ocrx_word' id='word_1_228' title='bbox 752 2820 838 2867; x_wconf 84' lang='grc' dir='ltr'>καὶ</span> <span class='ocrx_word' id='word_1_229' title='bbox 866 2820 958 2874; x_wconf 81' lang='grc' dir='ltr'>τὴν</span> <span class='ocrx_word' id='word_1_230' title='bbox 990 2815 1160 2866; x_wconf 84' lang='grc' dir='ltr'>αἰτίαν</span> <span class='ocrx_word' id='word_1_231' title='bbox 1187 2811 1258 2866; x_wconf 84' lang='grc' dir='ltr'>δι’</span> <span class='ocrx_word' id='word_1_232' title='bbox 1293 2813 1352 2872; x_wconf 80' lang='grc' dir='ltr'><strong>ἢν</strong></span> <span class='ocrx_word' id='word_1_233' title='bbox 1379 2814 1524 2874; x_wconf 80' lang='grc' dir='ltr'>ζητεῖ</span> <span class='ocrx_word' id='word_1_234' title='bbox 1551 2809 1740 2875; x_wconf 86' lang='grc' dir='ltr'>δοξασ-</span> 
     </span>
    </p>
   </div>
   <div class='ocr_carea' id='block_1_34' title="bbox 143 2907 346 2974">
    <p class='ocr_par' dir='ltr' id='par_1_34' title="bbox 143 2907 346 2974">
     <span class='ocr_line' id='line_1_34' title="bbox 143 2907 346 2974; baseline -0.005 -16"><span class='ocrx_word' id='word_1_235' title='bbox 143 2907 346 2974; x_wconf 74' lang='grc' dir='ltr'>θῆναι.]</span> 
     </span>
    </p>
   </div>
   <div class='ocr_carea' id='block_1_35' title="bbox 212 2991 1741 3067">
    <p class='ocr_par' dir='ltr' id='par_1_35' title="bbox 212 2991 1741 3067">
     <span class='ocr_line' id='line_1_35' title="bbox 212 2991 1741 3067; baseline -0.004 -20"><span class='ocrx_word' id='word_1_236' title='bbox 212 2997 397 3056; x_wconf 81' lang='grc' dir='ltr'>Καθὼς</span> <span class='ocrx_word' id='word_1_237' title='bbox 423 3025 486 3033; x_wconf 91' lang='grc'><strong><em>-</em></strong></span> <span class='ocrx_word' id='word_1_238' title='bbox 522 3000 731 3067; x_wconf 79' lang='grc' dir='ltr'>σαρκός.</span> <span class='ocrx_word' id='word_1_239' title='bbox 781 3025 844 3033; x_wconf 93' lang='grc'><strong>-</strong></span> <span class='ocrx_word' id='word_1_240' title='bbox 899 2995 1101 3059; x_wconf 75' lang='grc' dir='ltr'>Καθὼς,</span> <span class='ocrx_word' id='word_1_241' title='bbox 1136 2991 1248 3045; x_wconf 82' lang='grc' dir='ltr'>ἀντὶ</span> <span class='ocrx_word' id='word_1_242' title='bbox 1279 3000 1369 3044; x_wconf 80' lang='grc' dir='ltr'>τοῦ</span> <span class='ocrx_word' id='word_1_243' title='bbox 1392 2996 1551 3044; x_wconf 78' lang='grc' dir='ltr'>Διὸτι.</span> <span class='ocrx_word' id='word_1_244' title='bbox 1577 2994 1741 3048; x_wconf 78' lang='grc' dir='ltr'>Φησὶν</span> 
     </span>
    </p>
   </div>
   <div class='ocr_carea' id='block_1_36' title="bbox 1850 493 3504 566">
    <p class='ocr_par' dir='ltr' id='par_1_36' title="bbox 1850 493 3504 566">
     <span class='ocr_line' id='line_1_36' title="bbox 1850 493 3504 566; baseline 0.001 -18"><span class='ocrx_word' id='word_1_245' title='bbox 1850 493 2158 548; x_wconf 89' lang='lat' dir='ltr'><strong>orationis.</strong></span> <span class='ocrx_word' id='word_1_246' title='bbox 2212 496 2384 550; x_wconf 85' lang='lat' dir='ltr'><strong>Venit</strong></span> <span class='ocrx_word' id='word_1_247' title='bbox 2433 495 2592 550; x_wconf 88' lang='lat' dir='ltr'><strong>enim</strong></span> <span class='ocrx_word' id='word_1_248' title='bbox 2641 510 2762 550; x_wconf 91' lang='lat' dir='ltr'><strong>non</strong></span> <span class='ocrx_word' id='word_1_249' title='bbox 2814 499 3068 559; x_wconf 90' lang='lat' dir='ltr'><strong>tantum,</strong></span> <span class='ocrx_word' id='word_1_250' title='bbox 3119 499 3182 550; x_wconf 92' lang='lat' dir='ltr'><strong>ut</strong></span> <span class='ocrx_word' id='word_1_251' title='bbox 3238 495 3504 566; x_wconf 90' lang='lat' dir='ltr'><strong>seipsum</strong></span> 
     </span>
    </p>
   </div>
   <div class='ocr_carea' id='block_1_37' title="bbox 1850 582 3506 648">
    <p class='ocr_par' dir='ltr' id='par_1_37' title="bbox 1850 582 3506 648">
     <span class='ocr_line' id='line_1_37' title="bbox 1850 582 3506 648; baseline 0.002 -12"><span class='ocrx_word' id='word_1_252' title='bbox 1850 582 2202 648; x_wconf 84' lang='lat' dir='ltr'><strong>ostenderet,</strong></span> <span class='ocrx_word' id='word_1_253' title='bbox 2233 585 2333 638; x_wconf 90' lang='lat' dir='ltr'><strong>sed</strong></span> <span class='ocrx_word' id='word_1_254' title='bbox 2355 589 2409 639; x_wconf 92' lang='lat' dir='ltr'><strong>et</strong></span> <span class='ocrx_word' id='word_1_255' title='bbox 2431 585 2704 640; x_wconf 73' lang='lat' dir='ltr'><strong>virtutem</strong></span> <span class='ocrx_word' id='word_1_256' title='bbox 2733 583 3004 648; x_wconf 85' lang='lat' dir='ltr'><strong>traderet,</strong></span> <span class='ocrx_word' id='word_1_257' title='bbox 3036 599 3154 639; x_wconf 91' lang='lat' dir='ltr'><strong>non</strong></span> <span class='ocrx_word' id='word_1_258' title='bbox 3186 584 3380 638; x_wconf 85' lang='lat' dir='ltr'><strong>verbis</strong></span> <span class='ocrx_word' id='word_1_259' title='bbox 3415 600 3506 640; x_wconf 89' lang='lat' dir='ltr'><strong>so-</strong></span> 
     </span>
    </p>
   </div>
   <div class='ocr_carea' id='block_1_38' title="bbox 1850 670 3503 746">
    <p class='ocr_par' dir='ltr' id='par_1_38' title="bbox 1850 670 3503 746">
     <span class='ocr_line' id='line_1_38' title="bbox 1850 670 3503 746; baseline 0.001 -21"><span class='ocrx_word' id='word_1_260' title='bbox 1850 670 1995 737; x_wconf 90' lang='lat' dir='ltr'><strong>lum,</strong></span> <span class='ocrx_word' id='word_1_261' title='bbox 2029 671 2133 726; x_wconf 89' lang='lat' dir='ltr'><strong>sed</strong></span> <span class='ocrx_word' id='word_1_262' title='bbox 2183 679 2236 728; x_wconf 88' lang='lat' dir='ltr'><strong>et</strong></span> <span class='ocrx_word' id='word_1_263' title='bbox 2263 673 2571 745; x_wconf 78' lang='lat' dir='ltr'><strong>operibus.</strong></span> <span class='ocrx_word' id='word_1_264' title='bbox 2601 674 2752 730; x_wconf 84' lang='lat' dir='ltr'><strong>Nam</strong></span> <span class='ocrx_word' id='word_1_265' title='bbox 2799 674 2914 730; x_wconf 90' lang='lat' dir='ltr'><strong>hoc</strong></span> <span class='ocrx_word' id='word_1_266' title='bbox 2968 672 3089 728; x_wconf 89' lang='lat' dir='ltr'><strong>veri</strong></span> <span class='ocrx_word' id='word_1_267' title='bbox 3124 674 3503 746; x_wconf 67' lang='lat' dir='ltr'><strong>praeceptoris</strong></span> 
     </span>
    </p>
   </div>
   <div class='ocr_carea' id='block_1_39' title="bbox 1851 766 1955 815">
    <p class='ocr_par' dir='ltr' id='par_1_39' title="bbox 1851 766 1955 815">
     <span class='ocr_line' id='line_1_39' title="bbox 1851 766 1955 815; baseline -0.01 0"><span class='ocrx_word' id='word_1_268' title='bbox 1851 766 1955 815; x_wconf 90' lang='lat' dir='ltr'><strong>est.</strong></span> 
     </span>
    </p>
   </div>
   <div class='ocr_carea' id='block_1_40' title="bbox 1921 849 3505 923">
    <p class='ocr_par' dir='ltr' id='par_1_40' title="bbox 1921 849 3505 923">
     <span class='ocr_line' id='line_1_40' title="bbox 1921 849 3505 923; baseline 0.003 -21"><span class='ocrx_word' id='word_1_269' title='bbox 1921 849 2080 903; x_wconf 88' lang='lat' dir='ltr'><strong>Vers.</strong></span> <span class='ocrx_word' id='word_1_270' title='bbox 2110 855 2153 904; x_wconf 80' lang='grc' dir='ltr'><strong>Ι.</strong></span> <span class='ocrx_word' id='word_1_271' title='bbox 2179 850 2251 907; x_wconf 76' lang='lat' dir='ltr'><strong>Et</strong></span> <span class='ocrx_word' id='word_1_272' title='bbox 2278 882 2344 891; x_wconf 95' lang='lat'><strong>—</strong></span> <span class='ocrx_word' id='word_1_273' title='bbox 2364 851 2532 908; x_wconf 85' lang='lat' dir='ltr'><strong>hora.</strong></span> <span class='ocrx_word' id='word_1_274' title='bbox 2551 851 2863 916; x_wconf 84' lang='lat' dir='ltr'><strong>Passionis,</strong></span> <span class='ocrx_word' id='word_1_275' title='bbox 2895 856 3000 906; x_wconf 80' lang='lat' dir='ltr'><strong>aut.</strong></span> <span class='ocrx_word' id='word_1_276' title='bbox 3020 851 3246 920; x_wconf 86' lang='lat' dir='ltr'><strong>mortis,</strong></span> <span class='ocrx_word' id='word_1_277' title='bbox 3278 851 3352 906; x_wconf 91' lang='lat' dir='ltr'><strong>de</strong></span> <span class='ocrx_word' id='word_1_278' title='bbox 3381 867 3505 923; x_wconf 87' lang='lat' dir='ltr'><strong>qua</strong></span> 
     </span>
    </p>
   </div>
   <div class='ocr_carea' id='block_1_41' title="bbox 1850 936 3501 1011">
    <p class='ocr_par' dir='ltr' id='par_1_41' title="bbox 1850 936 3501 1011">
     <span class='ocr_line' id='line_1_41' title="bbox 1850 936 3501 1011; baseline 0.001 -20"><span class='ocrx_word' id='word_1_279' title='bbox 1850 936 2078 992; x_wconf 83' lang='lat' dir='ltr'><strong>dixerat</strong></span> <span class='ocrx_word' id='word_1_280' title='bbox 2111 955 2123 994; x_wconf 91' lang='lat'>:</span> <span class='ocrx_word' id='word_1_281' title='bbox 2157 941 2393 1010; x_wconf 86' lang='lat' dir='ltr'><strong>Tempus</strong></span> <span class='ocrx_word' id='word_1_282' title='bbox 2425 956 2611 997; x_wconf 87' lang='lat' dir='ltr'><strong>meum</strong></span> <span class='ocrx_word' id='word_1_283' title='bbox 2637 940 2897 997; x_wconf 83' lang='lat' dir='ltr'><strong>nondum</strong></span> <span class='ocrx_word' id='word_1_284' title='bbox 2922 940 3077 997; x_wconf 80' lang='lat' dir='ltr'><strong>adest</strong></span> <span class='ocrx_word' id='word_1_285' title='bbox 3106 943 3154 976; x_wconf 83' lang='grc' dir='ltr'><strong>³ο</strong></span> <span class='ocrx_word' id='word_1_286' title='bbox 3183 959 3199 1011; x_wconf 85' lang='grc'>;</span> <span class='ocrx_word' id='word_1_287' title='bbox 3246 945 3501 1011; x_wconf 94' lang='lat' dir='ltr'><strong>tempus,</strong></span> 
     </span>
    </p>
   </div>
   <div class='ocr_carea' id='block_1_42' title="bbox 1849 1027 3504 1103">
    <p class='ocr_par' dir='ltr' id='par_1_42' title="bbox 1849 1027 3504 1103">
     <span class='ocr_line' id='line_1_42' title="bbox 1849 1027 3504 1103; baseline 0.002 -21"><span class='ocrx_word' id='word_1_288' title='bbox 1849 1027 2012 1098; x_wconf 91' lang='lat' dir='ltr'><strong>quod</strong></span> <span class='ocrx_word' id='word_1_289' title='bbox 2035 1029 2188 1082; x_wconf 89' lang='lat' dir='ltr'><strong>Deus</strong></span> <span class='ocrx_word' id='word_1_290' title='bbox 2215 1029 2319 1100; x_wconf 87' lang='lat' dir='ltr'><strong>qui</strong></span> <span class='ocrx_word' id='word_1_291' title='bbox 2347 1029 2917 1103; x_wconf 89' lang='lat' dir='ltr'><strong>assumpsithomini</strong></span> <span class='ocrx_word' id='word_1_292' title='bbox 2957 1033 3268 1101; x_wconf 86' lang='lat' dir='ltr'><strong>assumpto</strong></span> <span class='ocrx_word' id='word_1_293' title='bbox 3299 1029 3504 1086; x_wconf 79' lang='lat' dir='ltr'><strong>defini-</strong></span> 
     </span>
    </p>
   </div>
   <div class='ocr_carea' id='block_1_43' title="bbox 1848 1115 1950 1172">
    <p class='ocr_par' dir='ltr' id='par_1_43' title="bbox 1848 1115 1950 1172">
     <span class='ocr_line' id='line_1_43' title="bbox 1848 1115 1950 1172; baseline -0.02 -2"><span class='ocrx_word' id='word_1_294' title='bbox 1848 1115 1950 1172; x_wconf 90' lang='lat' dir='ltr'><strong>vit.</strong></span> 
     </span>
    </p>
   </div>
   <div class='ocr_carea' id='block_1_44' title="bbox 1919 1205 3504 1278">
    <p class='ocr_par' dir='ltr' id='par_1_44' title="bbox 1919 1205 3504 1278">
     <span class='ocr_line' id='line_1_44' title="bbox 1919 1205 3504 1278; baseline 0.001 -18"><span class='ocrx_word' id='word_1_295' title='bbox 1919 1205 2081 1261; x_wconf 88' lang='lat' dir='ltr'><strong>Vers.</strong></span> <span class='ocrx_word' id='word_1_296' title='bbox 2100 1207 2148 1260; x_wconf 87' lang='grc'><strong>1.</strong></span> <span class='ocrx_word' id='word_1_297' title='bbox 2168 1206 2456 1275; x_wconf 76' lang='lat' dir='ltr'><strong>Glomﬁca</strong></span> <span class='ocrx_word' id='word_1_298' title='bbox 2468 1207 2682 1264; x_wconf 69' lang='lat' dir='ltr'><strong>Filium</strong></span> <span class='ocrx_word' id='word_1_299' title='bbox 2701 1207 3504 1278; x_wconf 80' lang='lat' dir='ltr'><strong>tuum.Afﬂictionibus,quas</strong></span> 
     </span>
    </p>
   </div>
   <div class='ocr_carea' id='block_1_45' title="bbox 1849 1297 3502 1370">
    <p class='ocr_par' dir='ltr' id='par_1_45' title="bbox 1849 1297 3502 1370">
     <span class='ocr_line' id='line_1_45' title="bbox 1849 1297 3502 1370; baseline 0.002 -22"><span class='ocrx_word' id='word_1_300' title='bbox 1849 1310 1956 1366; x_wconf 89' lang='lat' dir='ltr'><strong>pro</strong></span> <span class='ocrx_word' id='word_1_301' title='bbox 1978 1298 2205 1351; x_wconf 91' lang='lat' dir='ltr'><strong>mundo</strong></span> <span class='ocrx_word' id='word_1_302' title='bbox 2227 1297 2537 1369; x_wconf 89' lang='lat' dir='ltr'><strong>perpetiar.</strong></span> <span class='ocrx_word' id='word_1_303' title='bbox 2563 1299 2699 1353; x_wconf 84' lang='lat' dir='ltr'><strong>Nam</strong></span> <span class='ocrx_word' id='word_1_304' title='bbox 2727 1298 2892 1362; x_wconf 90' lang='lat' dir='ltr'><strong>mihi,</strong></span> <span class='ocrx_word' id='word_1_305' title='bbox 2914 1299 3014 1370; x_wconf 89' lang='lat' dir='ltr'><strong>qui</strong></span> <span class='ocrx_word' id='word_1_306' title='bbox 3041 1297 3326 1352; x_wconf 86' lang='lat' dir='ltr'><strong>Dominus</strong></span> <span class='ocrx_word' id='word_1_307' title='bbox 3345 1313 3502 1361; x_wconf 89' lang='lat' dir='ltr'><strong>sum,</strong></span> 
     </span>
    </p>
   </div>
   <div class='ocr_carea' id='block_1_46' title="bbox 1848 1384 3500 1458">
    <p class='ocr_par' dir='ltr' id='par_1_46' title="bbox 1848 1384 3500 1458">
     <span class='ocr_line' id='line_1_46' title="bbox 1848 1384 3500 1458; baseline 0.001 -19"><span class='ocrx_word' id='word_1_308' title='bbox 1848 1384 2036 1453; x_wconf 79' lang='lat' dir='ltr'><strong>gloria</strong></span> <span class='ocrx_word' id='word_1_309' title='bbox 2062 1391 2151 1440; x_wconf 87' lang='lat' dir='ltr'><strong>est</strong></span> <span class='ocrx_word' id='word_1_310' title='bbox 2180 1387 2299 1458; x_wconf 90' lang='lat' dir='ltr'><strong>pati</strong></span> <span class='ocrx_word' id='word_1_311' title='bbox 2331 1402 2438 1458; x_wconf 91' lang='lat' dir='ltr'><strong>pro</strong></span> <span class='ocrx_word' id='word_1_312' title='bbox 2465 1387 2665 1452; x_wconf 84' lang='lat' dir='ltr'><strong>servis,</strong></span> <span class='ocrx_word' id='word_1_313' title='bbox 2701 1392 2761 1442; x_wconf 92' lang='lat' dir='ltr'><strong>ut</strong></span> <span class='ocrx_word' id='word_1_314' title='bbox 2783 1387 2923 1442; x_wconf 92' lang='lat' dir='ltr'><strong>hinc</strong></span> <span class='ocrx_word' id='word_1_315' title='bbox 2961 1385 3303 1442; x_wconf 91' lang='lat' dir='ltr'><strong>hominibus</strong></span> <span class='ocrx_word' id='word_1_316' title='bbox 3334 1386 3500 1441; x_wconf 85' lang='lat' dir='ltr'><strong>inno-</strong></span> 
     </span>
    </p>
   </div>
   <div class='ocr_carea' id='block_1_47' title="bbox 1847 1475 3503 1547">
    <p class='ocr_par' dir='ltr' id='par_1_47' title="bbox 1847 1475 3503 1547">
     <span class='ocr_line' id='line_1_47' title="bbox 1847 1475 3503 1547; baseline 0 -18"><span class='ocrx_word' id='word_1_317' title='bbox 1847 1478 2052 1544; x_wconf 88' lang='lat' dir='ltr'><strong>tescat,</strong></span> <span class='ocrx_word' id='word_1_318' title='bbox 2079 1491 2201 1547; x_wconf 89' lang='lat' dir='ltr'><strong>quo</strong></span> <span class='ocrx_word' id='word_1_319' title='bbox 2219 1475 2467 1532; x_wconf 76' lang='lat' dir='ltr'><strong>affectus</strong></span> <span class='ocrx_word' id='word_1_320' title='bbox 2487 1477 2598 1533; x_wconf 89' lang='lat' dir='ltr'><strong>sim</strong></span> <span class='ocrx_word' id='word_1_321' title='bbox 2622 1475 2935 1532; x_wconf 88' lang='lat' dir='ltr'><strong>hominum</strong></span> <span class='ocrx_word' id='word_1_322' title='bbox 2961 1491 3184 1544; x_wconf 85' lang='lat' dir='ltr'><strong>amore,</strong></span> <span class='ocrx_word' id='word_1_323' title='bbox 3217 1481 3276 1530; x_wconf 92' lang='lat' dir='ltr'><strong>ut</strong></span> <span class='ocrx_word' id='word_1_324' title='bbox 3297 1491 3503 1531; x_wconf 88' lang='lat' dir='ltr'><strong>accur-</strong></span> 
     </span>
    </p>
   </div>
   <div class='ocr_carea' id='block_1_48' title="bbox 1848 1567 3493 1635">
    <p class='ocr_par' dir='ltr' id='par_1_48' title="bbox 1848 1567 3493 1635">
     <span class='ocr_line' id='line_1_48' title="bbox 1848 1567 3493 1635; baseline 0.002 -18"><span class='ocrx_word' id='word_1_325' title='bbox 1848 1570 1982 1620; x_wconf 87' lang='lat' dir='ltr'><strong>rant</strong></span> <span class='ocrx_word' id='word_1_326' title='bbox 2009 1580 2220 1620; x_wconf 90' lang='lat' dir='ltr'><strong>omnes</strong></span> <span class='ocrx_word' id='word_1_327' title='bbox 2255 1571 2482 1635; x_wconf 79' lang='lat' dir='ltr'><strong>gentes,</strong></span> <span class='ocrx_word' id='word_1_328' title='bbox 2511 1572 2568 1621; x_wconf 91' lang='lat' dir='ltr'><strong>et</strong></span> <span class='ocrx_word' id='word_1_329' title='bbox 2598 1582 2692 1621; x_wconf 92' lang='lat' dir='ltr'><strong>me</strong></span> <span class='ocrx_word' id='word_1_330' title='bbox 2724 1567 2912 1621; x_wconf 92' lang='lat' dir='ltr'><strong>Deum</strong></span> <span class='ocrx_word' id='word_1_331' title='bbox 2943 1581 3075 1620; x_wconf 90' lang='lat' dir='ltr'><strong>esse</strong></span> <span class='ocrx_word' id='word_1_332' title='bbox 3107 1570 3493 1634; x_wconf 81' lang='lat' dir='ltr'><strong>cognoscant.</strong></span> 
     </span>
    </p>
   </div>
   <div class='ocr_carea' id='block_1_49' title="bbox 1846 1652 3505 1726">
    <p class='ocr_par' dir='ltr' id='par_1_49' title="bbox 1846 1652 3505 1726">
     <span class='ocr_line' id='line_1_49' title="bbox 1846 1652 3505 1726; baseline 0.001 -18"><span class='ocrx_word' id='word_1_333' title='bbox 1846 1653 1937 1708; x_wconf 80' lang='lat' dir='ltr'><strong>Ait</strong></span> <span class='ocrx_word' id='word_1_334' title='bbox 1963 1654 2120 1709; x_wconf 90' lang='lat' dir='ltr'><strong>enim</strong></span> <span class='ocrx_word' id='word_1_335' title='bbox 2149 1655 2363 1712; x_wconf 83' lang='lat' dir='ltr'><strong>Paulus</strong></span> <span class='ocrx_word' id='word_1_336' title='bbox 2394 1656 2436 1690; x_wconf 83' lang='grc'><strong>³¹</strong></span> <span class='ocrx_word' id='word_1_337' title='bbox 2471 1654 2631 1726; x_wconf 89' lang='lat' dir='ltr'><strong>quod</strong></span> <span class='ocrx_word' id='word_1_338' title='bbox 2659 1655 2740 1710; x_wconf 91' lang='lat' dir='ltr'><strong>sic</strong></span> <span class='ocrx_word' id='word_1_339' title='bbox 2765 1654 2968 1710; x_wconf 77' lang='lat' dir='ltr'><strong>dilexit</strong></span> <span class='ocrx_word' id='word_1_340' title='bbox 2991 1670 3120 1718; x_wconf 90' lang='lat' dir='ltr'><strong>nos,</strong></span> <span class='ocrx_word' id='word_1_341' title='bbox 3159 1660 3220 1710; x_wconf 92' lang='lat' dir='ltr'><strong>ut</strong></span> <span class='ocrx_word' id='word_1_342' title='bbox 3245 1652 3505 1710; x_wconf 79' lang='lat' dir='ltr'><strong>traderet</strong></span> 
     </span>
    </p>
   </div>
   <div class='ocr_carea' id='block_1_50' title="bbox 1776 1742 2473 1814">
    <p class='ocr_par' dir='ltr' id='par_1_50' title="bbox 1776 1742 2473 1814">
     <span class='ocr_line' id='line_1_50' title="bbox 1776 1742 2473 1814; baseline 0.001 -17"><span class='ocrx_word' id='word_1_343' title='bbox 1776 1755 1816 1808; x_wconf 77' lang='grc' dir='ltr'><strong><em>Β</em></strong></span> <span class='ocrx_word' id='word_1_344' title='bbox 1849 1742 2112 1813; x_wconf 90' lang='lat' dir='ltr'><strong>seipsum</strong></span> <span class='ocrx_word' id='word_1_345' title='bbox 2143 1759 2253 1814; x_wconf 92' lang='lat' dir='ltr'><strong>pro</strong></span> <span class='ocrx_word' id='word_1_346' title='bbox 2280 1744 2473 1799; x_wconf 90' lang='lat' dir='ltr'><strong>nobis.</strong></span> 
     </span>
    </p>
   </div>
   <div class='ocr_carea' id='block_1_51' title="bbox 1919 1831 3502 1904">
    <p class='ocr_par' dir='ltr' id='par_1_51' title="bbox 1919 1831 3502 1904">
     <span class='ocr_line' id='line_1_51' title="bbox 1919 1831 3502 1904; baseline -0.001 -17"><span class='ocrx_word' id='word_1_347' title='bbox 1919 1831 2044 1903; x_wconf 91' lang='lat' dir='ltr'><strong>Vel,</strong></span> <span class='ocrx_word' id='word_1_348' title='bbox 2068 1833 2340 1904; x_wconf 81' lang='lat' dir='ltr'><strong>Gloriﬁca</strong></span> <span class='ocrx_word' id='word_1_349' title='bbox 2354 1849 2462 1902; x_wconf 89' lang='lat' dir='ltr'><strong>me,</strong></span> <span class='ocrx_word' id='word_1_350' title='bbox 2489 1834 2672 1890; x_wconf 88' lang='lat' dir='ltr'><strong>edens</strong></span> <span class='ocrx_word' id='word_1_351' title='bbox 2693 1838 2960 1904; x_wconf 90' lang='lat' dir='ltr'><strong>tempore</strong></span> <span class='ocrx_word' id='word_1_352' title='bbox 2978 1833 3278 1904; x_wconf 85' lang='lat' dir='ltr'><strong>passionis</strong></span> <span class='ocrx_word' id='word_1_353' title='bbox 3303 1831 3502 1903; x_wconf 80' lang='lat' dir='ltr'><strong>prodi-</strong></span> 
     </span>
    </p>
   </div>
   <div class='ocr_carea' id='block_1_52' title="bbox 1846 1920 3501 1994">
    <p class='ocr_par' dir='ltr' id='par_1_52' title="bbox 1846 1920 3501 1994">
     <span class='ocr_line' id='line_1_52' title="bbox 1846 1920 3501 1994; baseline -0.001 -18"><span class='ocrx_word' id='word_1_354' title='bbox 1846 1921 1962 1990; x_wconf 86' lang='lat' dir='ltr'><strong>gia,</strong></span> <span class='ocrx_word' id='word_1_355' title='bbox 1997 1938 2067 1978; x_wconf 89' lang='lat' dir='ltr'><strong>ac</strong></span> <span class='ocrx_word' id='word_1_356' title='bbox 2096 1922 2377 1979; x_wconf 89' lang='lat' dir='ltr'><strong>terribilia</strong></span> <span class='ocrx_word' id='word_1_357' title='bbox 2403 1923 2881 1994; x_wconf 86' lang='lat' dir='ltr'><strong>admirandaque</strong></span> <span class='ocrx_word' id='word_1_358' title='bbox 2919 1922 3091 1991; x_wconf 88' lang='lat' dir='ltr'><strong>signa</strong></span> <span class='ocrx_word' id='word_1_359' title='bbox 3125 1943 3138 1977; x_wconf 91' lang='lat'><strong>:</strong></span> <span class='ocrx_word' id='word_1_360' title='bbox 3181 1926 3235 1977; x_wconf 89' lang='lat' dir='ltr'><strong>et</strong></span> <span class='ocrx_word' id='word_1_361' title='bbox 3285 1937 3357 1976; x_wconf 83' lang='lat' dir='ltr'><strong>ex</strong></span> <span class='ocrx_word' id='word_1_362' title='bbox 3407 1920 3501 1976; x_wconf 88' lang='lat' dir='ltr'><strong>his</strong></span> 
     </span>
    </p>
   </div>
   <div class='ocr_carea' id='block_1_53' title="bbox 1844 2011 3502 2084">
    <p class='ocr_par' dir='ltr' id='par_1_53' title="bbox 1844 2011 3502 2084">
     <span class='ocr_line' id='line_1_53' title="bbox 1844 2011 3502 2084; baseline -0.001 -19"><span class='ocrx_word' id='word_1_363' title='bbox 1844 2013 2186 2078; x_wconf 89' lang='lat' dir='ltr'><strong>ostendens,</strong></span> <span class='ocrx_word' id='word_1_364' title='bbox 2202 2012 2366 2084; x_wconf 89' lang='lat' dir='ltr'><strong>quod</strong></span> <span class='ocrx_word' id='word_1_365' title='bbox 2381 2012 2660 2068; x_wconf 88' lang='lat' dir='ltr'><strong>naturalis</strong></span> <span class='ocrx_word' id='word_1_366' title='bbox 2679 2011 2794 2067; x_wconf 89' lang='lat' dir='ltr'><strong>sim</strong></span> <span class='ocrx_word' id='word_1_367' title='bbox 2815 2011 2996 2066; x_wconf 88' lang='lat' dir='ltr'><strong>Filius</strong></span> <span class='ocrx_word' id='word_1_368' title='bbox 3025 2017 3181 2066; x_wconf 88' lang='lat' dir='ltr'><strong>tuus.</strong></span> <span class='ocrx_word' id='word_1_369' title='bbox 3207 2013 3338 2065; x_wconf 63' lang='lat' dir='ltr'><strong>Haec</strong></span> <span class='ocrx_word' id='word_1_370' title='bbox 3355 2025 3502 2081; x_wconf 87' lang='lat' dir='ltr'><strong>quo-</strong></span> 
     </span>
    </p>
   </div>
   <div class='ocr_carea' id='block_1_54' title="bbox 1843 2099 3502 2172">
    <p class='ocr_par' dir='ltr' id='par_1_54' title="bbox 1843 2099 3502 2172">
     <span class='ocr_line' id='line_1_54' title="bbox 1843 2099 3502 2172; baseline 0 -18"><span class='ocrx_word' id='word_1_371' title='bbox 1843 2114 1960 2170; x_wconf 91' lang='lat' dir='ltr'><strong>que</strong></span> <span class='ocrx_word' id='word_1_372' title='bbox 1991 2099 2150 2154; x_wconf 86' lang='lat' dir='ltr'><strong>dicta</strong></span> <span class='ocrx_word' id='word_1_373' title='bbox 2180 2105 2331 2169; x_wconf 89' lang='lat' dir='ltr'><strong>sunt,</strong></span> <span class='ocrx_word' id='word_1_374' title='bbox 2368 2101 2466 2156; x_wconf 93' lang='lat' dir='ltr'><strong>ubi</strong></span> <span class='ocrx_word' id='word_1_375' title='bbox 2497 2100 2771 2165; x_wconf 87' lang='lat' dir='ltr'><strong>habetur,</strong></span> <span class='ocrx_word' id='word_1_376' title='bbox 2802 2102 2980 2158; x_wconf 84' lang='lat' dir='ltr'><strong>Nunc</strong></span> <span class='ocrx_word' id='word_1_377' title='bbox 3016 2100 3385 2172; x_wconf 68' lang='lat' dir='ltr'><strong>glori/ionius</strong></span> <span class='ocrx_word' id='word_1_378' title='bbox 3418 2103 3502 2154; x_wconf 77' lang='lat' dir='ltr'><strong>est</strong></span> 
     </span>
    </p>
   </div>
   <div class='ocr_carea' id='block_1_55' title="bbox 1842 2187 2418 2244">
    <p class='ocr_par' dir='ltr' id='par_1_55' title="bbox 1842 2187 2418 2244">
     <span class='ocr_line' id='line_1_55' title="bbox 1842 2187 2418 2244; baseline 0.002 -2"><span class='ocrx_word' id='word_1_379' title='bbox 1842 2187 2034 2242; x_wconf 75' lang='lat' dir='ltr'><strong>Filius</strong></span> <span class='ocrx_word' id='word_1_380' title='bbox 2069 2189 2317 2244; x_wconf 78' lang='lat' dir='ltr'><strong>hominis</strong></span> <span class='ocrx_word' id='word_1_381' title='bbox 2353 2192 2418 2243; x_wconf 80' lang='grc'><strong>³³.</strong></span> 
     </span>
    </p>
   </div>
   <div class='ocr_carea' id='block_1_56' title="bbox 1917 2275 3502 2348">
    <p class='ocr_par' dir='ltr' id='par_1_56' title="bbox 1917 2275 3502 2348">
     <span class='ocr_line' id='line_1_56' title="bbox 1917 2275 3502 2348; baseline -0.001 -18"><span class='ocrx_word' id='word_1_382' title='bbox 1917 2277 2074 2332; x_wconf 89' lang='lat' dir='ltr'><strong>Vers.</strong></span> <span class='ocrx_word' id='word_1_383' title='bbox 2106 2284 2152 2333; x_wconf 81' lang='lat' dir='ltr'><strong>I.</strong></span> <span class='ocrx_word' id='word_1_384' title='bbox 2183 2278 2252 2334; x_wconf 85' lang='lat' dir='ltr'><strong>Ut</strong></span> <span class='ocrx_word' id='word_1_385' title='bbox 2273 2309 2340 2317; x_wconf 92' lang='lat'><strong>—</strong></span> <span class='ocrx_word' id='word_1_386' title='bbox 2362 2285 2436 2334; x_wconf 84' lang='lat' dir='ltr'><strong>te.</strong></span> <span class='ocrx_word' id='word_1_387' title='bbox 2457 2279 2564 2334; x_wconf 89' lang='lat' dir='ltr'><strong>Per</strong></span> <span class='ocrx_word' id='word_1_388' title='bbox 2585 2294 2756 2334; x_wconf 87' lang='lat' dir='ltr'><strong>suam</strong></span> <span class='ocrx_word' id='word_1_389' title='bbox 2788 2277 3039 2348; x_wconf 80' lang='lat' dir='ltr'><strong>gloriam</strong></span> <span class='ocrx_word' id='word_1_390' title='bbox 3065 2296 3078 2336; x_wconf 93' lang='lat'>:</span> <span class='ocrx_word' id='word_1_391' title='bbox 3106 2292 3242 2332; x_wconf 82' lang='lat' dir='ltr'><strong>nam</strong></span> <span class='ocrx_word' id='word_1_392' title='bbox 3260 2275 3502 2331; x_wconf 89' lang='lat' dir='ltr'><strong>creden-</strong></span> 
     </span>
    </p>
   </div>
   <div class='ocr_carea' id='block_1_57' title="bbox 1845 2363 3500 2438">
    <p class='ocr_par' dir='ltr' id='par_1_57' title="bbox 1845 2363 3500 2438">
     <span class='ocr_line' id='line_1_57' title="bbox 1845 2363 3500 2438; baseline -0.001 -18"><span class='ocrx_word' id='word_1_393' title='bbox 1845 2365 2002 2421; x_wconf 87' lang='lat' dir='ltr'><strong>tibus</strong></span> <span class='ocrx_word' id='word_1_394' title='bbox 2019 2365 2078 2420; x_wconf 90' lang='lat' dir='ltr'><strong>in</strong></span> <span class='ocrx_word' id='word_1_395' title='bbox 2097 2381 2191 2421; x_wconf 93' lang='lat' dir='ltr'><strong>me</strong></span> <span class='ocrx_word' id='word_1_396' title='bbox 2213 2366 2510 2436; x_wconf 83' lang='lat' dir='ltr'><strong>gentibus,</strong></span> <span class='ocrx_word' id='word_1_397' title='bbox 2529 2372 2586 2422; x_wconf 89' lang='lat' dir='ltr'><strong>et</strong></span> <span class='ocrx_word' id='word_1_398' title='bbox 2612 2372 2672 2421; x_wconf 92' lang='lat' dir='ltr'><strong>tu</strong></span> <span class='ocrx_word' id='word_1_399' title='bbox 2698 2365 3151 2438; x_wconf 85' lang='lat' dir='ltr'><strong>gloriﬁcaberis.</strong></span> <span class='ocrx_word' id='word_1_400' title='bbox 3187 2363 3500 2436; x_wconf 88' lang='lat' dir='ltr'><strong>Siqiudem</strong></span> 
     </span>
    </p>
   </div>
   <div class='ocr_carea' id='block_1_58' title="bbox 1843 2451 3501 2526">
    <p class='ocr_par' dir='ltr' id='par_1_58' title="bbox 1843 2451 3501 2526">
     <span class='ocr_line' id='line_1_58' title="bbox 1843 2451 3501 2526; baseline -0.002 -17"><span class='ocrx_word' id='word_1_401' title='bbox 1843 2454 2081 2510; x_wconf 87' lang='lat' dir='ltr'><strong>credent</strong></span> <span class='ocrx_word' id='word_1_402' title='bbox 2113 2455 2172 2509; x_wconf 93' lang='lat' dir='ltr'><strong>in</strong></span> <span class='ocrx_word' id='word_1_403' title='bbox 2201 2461 2254 2510; x_wconf 91' lang='lat' dir='ltr'><strong>te</strong></span> <span class='ocrx_word' id='word_1_404' title='bbox 2284 2461 2340 2511; x_wconf 91' lang='lat' dir='ltr'><strong>et</strong></span> <span class='ocrx_word' id='word_1_405' title='bbox 2369 2455 2779 2526; x_wconf 83' lang='lat' dir='ltr'><strong>gloriﬁcabunt</strong></span> <span class='ocrx_word' id='word_1_406' title='bbox 2819 2461 2894 2520; x_wconf 91' lang='lat' dir='ltr'><strong>te,</strong></span> <span class='ocrx_word' id='word_1_407' title='bbox 2927 2455 3031 2526; x_wconf 86' lang='lat' dir='ltr'><strong>qui</strong></span> <span class='ocrx_word' id='word_1_408' title='bbox 3071 2452 3308 2525; x_wconf 89' lang='lat' dir='ltr'><strong>proprio</strong></span> <span class='ocrx_word' id='word_1_409' title='bbox 3361 2451 3501 2507; x_wconf 87' lang='lat' dir='ltr'><strong>Filio</strong></span> 
     </span>
    </p>
   </div>
   <div class='ocr_carea' id='block_1_59' title="bbox 1844 2539 3502 2616">
    <p class='ocr_par' dir='ltr' id='par_1_59' title="bbox 1844 2539 3502 2616">
     <span class='ocr_line' id='line_1_59' title="bbox 1844 2539 3502 2616; baseline -0.002 -18"><span class='ocrx_word' id='word_1_410' title='bbox 1844 2548 1946 2599; x_wconf 92' lang='lat' dir='ltr'><strong>tuo</strong></span> <span class='ocrx_word' id='word_1_411' title='bbox 1978 2559 2087 2614; x_wconf 91' lang='lat' dir='ltr'><strong>pro</strong></span> <span class='ocrx_word' id='word_1_412' title='bbox 2117 2544 2202 2598; x_wconf 90' lang='lat' dir='ltr'><strong>eis</strong></span> <span class='ocrx_word' id='word_1_413' title='bbox 2230 2559 2350 2599; x_wconf 93' lang='lat' dir='ltr'><strong>non</strong></span> <span class='ocrx_word' id='word_1_414' title='bbox 2382 2546 2718 2616; x_wconf 89' lang='lat' dir='ltr'><strong>peperceris</strong></span> <span class='ocrx_word' id='word_1_415' title='bbox 2775 2563 2786 2600; x_wconf 89' lang='lat'>:</span> <span class='ocrx_word' id='word_1_416' title='bbox 2848 2557 3102 2615; x_wconf 91' lang='lat' dir='ltr'><strong>meaque</strong></span> <span class='ocrx_word' id='word_1_417' title='bbox 3155 2540 3348 2612; x_wconf 88' lang='lat' dir='ltr'><strong>gloria</strong></span> <span class='ocrx_word' id='word_1_418' title='bbox 3395 2539 3502 2595; x_wconf 91' lang='lat' dir='ltr'><strong>erit</strong></span> 
     </span>
    </p>
   </div>
   <div class='ocr_carea' id='block_1_60' title="bbox 1846 2628 3498 2702">
    <p class='ocr_par' dir='ltr' id='par_1_60' title="bbox 1846 2628 3498 2702">
     <span class='ocr_line' id='line_1_60' title="bbox 1846 2628 3498 2702; baseline -0.004 -15"><span class='ocrx_word' id='word_1_419' title='bbox 1846 2639 1898 2687; x_wconf 92' lang='lat' dir='ltr'><strong>et</strong></span> <span class='ocrx_word' id='word_1_420' title='bbox 1921 2637 2040 2688; x_wconf 88' lang='lat' dir='ltr'><strong>tua.</strong></span> <span class='ocrx_word' id='word_1_421' title='bbox 2073 2633 2350 2698; x_wconf 68' lang='lat' dir='ltr'><strong>Quaereris</strong></span> <span class='ocrx_word' id='word_1_422' title='bbox 2369 2649 2530 2702; x_wconf 89' lang='lat' dir='ltr'><strong>ergo,</strong></span> <span class='ocrx_word' id='word_1_423' title='bbox 2563 2638 2622 2688; x_wconf 88' lang='lat' dir='ltr'><strong>ut</strong></span> <span class='ocrx_word' id='word_1_424' title='bbox 2649 2633 3127 2688; x_wconf 87' lang='lat' dir='ltr'><strong>demonstratum</strong></span> <span class='ocrx_word' id='word_1_425' title='bbox 3154 2635 3262 2699; x_wconf 91' lang='lat' dir='ltr'><strong>est,</strong></span> <span class='ocrx_word' id='word_1_426' title='bbox 3285 2628 3498 2698; x_wconf 84' lang='lat' dir='ltr'><strong>glorifi.</strong></span> 
     </span>
    </p>
   </div>
   <div class='ocr_carea' id='block_1_61' title="bbox 1845 2717 3502 2793">
    <p class='ocr_par' dir='ltr' id='par_1_61' title="bbox 1845 2717 3502 2793">
     <span class='ocr_line' id='line_1_61' title="bbox 1845 2717 3502 2793; baseline -0.004 -16"><span class='ocrx_word' id='word_1_427' title='bbox 1845 2722 1984 2787; x_wconf 85' lang='lat' dir='ltr'><strong>cari,</strong></span> <span class='ocrx_word' id='word_1_428' title='bbox 2001 2721 2259 2777; x_wconf 87' lang='lat' dir='ltr'><strong>ostendit</strong></span> <span class='ocrx_word' id='word_1_429' title='bbox 2275 2721 2439 2793; x_wconf 91' lang='lat' dir='ltr'><strong>quod</strong></span> <span class='ocrx_word' id='word_1_430' title='bbox 2461 2721 2536 2778; x_wconf 89' lang='lat' dir='ltr'><strong>ad</strong></span> <span class='ocrx_word' id='word_1_431' title='bbox 2556 2737 2790 2778; x_wconf 91' lang='lat' dir='ltr'><strong>crucem</strong></span> <span class='ocrx_word' id='word_1_432' title='bbox 2810 2725 3018 2791; x_wconf 89' lang='lat' dir='ltr'><strong>sponte</strong></span> <span class='ocrx_word' id='word_1_433' title='bbox 3037 2718 3254 2776; x_wconf 88' lang='lat' dir='ltr'><strong>veniat.</strong></span> <span class='ocrx_word' id='word_1_434' title='bbox 3281 2717 3502 2772; x_wconf 90' lang='lat' dir='ltr'><strong>Deinde</strong></span> 
     </span>
    </p>
   </div>
   <div class='ocr_carea' id='block_1_62' title="bbox 1846 2807 3500 2882">
    <p class='ocr_par' dir='ltr' id='par_1_62' title="bbox 1846 2807 3500 2882">
     <span class='ocr_line' id='line_1_62' title="bbox 1846 2807 3500 2882; baseline -0.003 -17"><span class='ocrx_word' id='word_1_435' title='bbox 1846 2811 2024 2866; x_wconf 86' lang='lat' dir='ltr'><strong>etiam</strong></span> <span class='ocrx_word' id='word_1_436' title='bbox 2042 2826 2287 2866; x_wconf 88' lang='lat' dir='ltr'><strong>causam</strong></span> <span class='ocrx_word' id='word_1_437' title='bbox 2310 2809 2716 2882; x_wconf 88' lang='lat' dir='ltr'><strong>dicit,propter</strong></span> <span class='ocrx_word' id='word_1_438' title='bbox 2730 2826 2913 2880; x_wconf 87' lang='lat' dir='ltr'><strong>quam</strong></span> <span class='ocrx_word' id='word_1_439' title='bbox 2929 2807 3244 2879; x_wconf 82' lang='lat' dir='ltr'><strong>gloriﬁcari</strong></span> <span class='ocrx_word' id='word_1_440' title='bbox 3256 2809 3500 2878; x_wconf 69' lang='lat' dir='ltr'><strong>quaerat.</strong></span> 
     </span>
    </p>
   </div>
   <div class='ocr_carea' id='block_1_63' title="bbox 1923 2986 3505 3060">
    <p class='ocr_par' dir='ltr' id='par_1_63' title="bbox 1923 2986 3505 3060">
     <span class='ocr_line' id='line_1_63' title="bbox 1923 2986 3505 3060; baseline -0.001 -15"><span class='ocrx_word' id='word_1_441' title='bbox 1923 2993 2085 3047; x_wconf 89' lang='lat' dir='ltr'><strong>Vers.</strong></span> <span class='ocrx_word' id='word_1_442' title='bbox 2135 2993 2384 3048; x_wconf 81' lang='lat' dir='ltr'><strong>Sicut—</strong></span> <span class='ocrx_word' id='word_1_443' title='bbox 2431 2991 2653 3048; x_wconf 81' lang='lat' dir='ltr'><strong>carnis.</strong></span> <span class='ocrx_word' id='word_1_444' title='bbox 2705 3021 2776 3032; x_wconf 92' lang='lat'><strong><em>—</em></strong></span> <span class='ocrx_word' id='word_1_445' title='bbox 2812 2990 3001 3054; x_wconf 77' lang='lat' dir='ltr'><strong>Sicut,</strong></span> <span class='ocrx_word' id='word_1_446' title='bbox 3052 3005 3162 3060; x_wconf 92' lang='lat' dir='ltr'><strong>pro</strong></span> <span class='ocrx_word' id='word_1_447' title='bbox 3210 2987 3381 3054; x_wconf 88' lang='lat' dir='ltr'><strong>Quia.</strong></span> <span class='ocrx_word' id='word_1_448' title='bbox 3415 2986 3505 3044; x_wconf 83' lang='lat' dir='ltr'><strong>Ait</strong></span> 
     </span>
    </p>
   </div>
   <div class='ocr_carea' id='block_1_64' title="bbox 137 3078 1739 3161">
    <p class='ocr_par' dir='ltr' id='par_1_64' title="bbox 137 3078 1738 3150">
     <span class='ocr_line' id='line_1_64' title="bbox 137 3078 1738 3150; baseline -0.003 -15"><span class='ocrx_word' id='word_1_449' title='bbox 137 3082 226 3136; x_wconf 71' lang='grc' dir='ltr'>οὖν</span> <span class='ocrx_word' id='word_1_450' title='bbox 261 3103 274 3115; x_wconf 77' lang='grc' dir='ltr'><strong>ο</strong></span> <span class='ocrx_word' id='word_1_451' title='bbox 302 3083 530 3146; x_wconf 82' lang='grc' dir='ltr'>Δόξασὸν</span> <span class='ocrx_word' id='word_1_452' title='bbox 586 3102 679 3134; x_wconf 88' lang='grc' dir='ltr'><strong>σου</strong></span> <span class='ocrx_word' id='word_1_453' title='bbox 730 3086 816 3135; x_wconf 89' lang='grc' dir='ltr'><strong>τόν</strong></span> <span class='ocrx_word' id='word_1_454' title='bbox 847 3085 988 3149; x_wconf 81' lang='grc' dir='ltr'>Υὶόν,</span> <span class='ocrx_word' id='word_1_455' title='bbox 1025 3078 1167 3134; x_wconf 87' lang='grc' dir='ltr'>διότι</span> <span class='ocrx_word' id='word_1_456' title='bbox 1193 3078 1394 3142; x_wconf 80' lang='grc' dir='ltr'>ἔδωκας</span> <span class='ocrx_word' id='word_1_457' title='bbox 1420 3081 1559 3150; x_wconf 73' lang='grc' dir='ltr'>αὐτῷ</span> <span class='ocrx_word' id='word_1_458' title='bbox 1596 3078 1738 3142; x_wconf 80' lang='grc' dir='ltr'>ἐξου-</span> 
     </span>
    </p>
   </div>
   <div class='ocr_carea' id='block_1_65' title="bbox 1860 3078 3502 3161">
    <p class='ocr_par' dir='ltr' id='par_1_65' title="bbox 1860 3078 3502 3152">
     <span class='ocr_line' id='line_1_65' title="bbox 1860 3078 3502 3152; baseline -0.002 -17"><span class='ocrx_word' id='word_1_459' title='bbox 1860 3097 2018 3149; x_wconf 79' lang='lat' dir='ltr'><strong>ergo:</strong></span> <span class='ocrx_word' id='word_1_460' title='bbox 2042 3082 2342 3150; x_wconf 75' lang='lat' dir='ltr'><strong>Gloriﬁeat</strong></span> <span class='ocrx_word' id='word_1_461' title='bbox 2361 3081 2583 3138; x_wconf 71' lang='lat' dir='ltr'><strong>Filiam</strong></span> <span class='ocrx_word' id='word_1_462' title='bbox 2604 3087 2790 3148; x_wconf 79' lang='lat' dir='ltr'><strong>tuum,</strong></span> <span class='ocrx_word' id='word_1_463' title='bbox 2809 3080 2946 3152; x_wconf 88' lang='lat' dir='ltr'><strong>quia</strong></span> <span class='ocrx_word' id='word_1_464' title='bbox 2961 3079 3170 3134; x_wconf 91' lang='lat' dir='ltr'><strong>dedisti</strong></span> <span class='ocrx_word' id='word_1_465' title='bbox 3184 3078 3232 3133; x_wconf 90' lang='lat' dir='ltr'><strong>ei</strong></span> <span class='ocrx_word' id='word_1_466' title='bbox 3247 3081 3502 3150; x_wconf 88' lang='lat' dir='ltr'><strong>potesta-</strong></span> 
     </span>
    </p>
   </div>
   <div class='ocr_carea' id='block_1_66' title="bbox 139 3169 1735 3243">
    <p class='ocr_par' dir='ltr' id='par_1_66' title="bbox 139 3169 1735 3243">
     <span class='ocr_line' id='line_1_66' title="bbox 139 3169 1735 3243; baseline -0.004 -17"><span class='ocrx_word' id='word_1_467' title='bbox 139 3181 259 3226; x_wconf 87' lang='grc' dir='ltr'>σίαν</span> <span class='ocrx_word' id='word_1_468' title='bbox 291 3177 491 3225; x_wconf 82' lang='grc' dir='ltr'>πάντων</span> <span class='ocrx_word' id='word_1_469' title='bbox 527 3181 625 3225; x_wconf 87' lang='grc' dir='ltr'><strong>τῶν</strong></span> <span class='ocrx_word' id='word_1_470' title='bbox 657 3171 832 3236; x_wconf 81' lang='grc' dir='ltr'>ἐθνῶν,</span> <span class='ocrx_word' id='word_1_471' title='bbox 863 3174 996 3224; x_wconf 81' lang='grc' dir='ltr'>ὥστε</span> <span class='ocrx_word' id='word_1_472' title='bbox 1024 3169 1350 3234; x_wconf 76' lang='grc' dir='ltr'>δοξάζεσθαι</span> <span class='ocrx_word' id='word_1_473' title='bbox 1382 3172 1502 3243; x_wconf 85' lang='grc' dir='ltr'>παρ’</span> <span class='ocrx_word' id='word_1_474' title='bbox 1549 3169 1735 3221; x_wconf 72' lang='grc' dir='ltr'>αὐτῶν.</span> 
     </span>
    </p>
   </div>
   <div class='ocr_carea' id='block_1_67' title="bbox 136 3260 1738 3338">
    <p class='ocr_par' dir='ltr' id='par_1_67' title="bbox 136 3260 1738 3338">
     <span class='ocr_line' id='line_1_67' title="bbox 136 3260 1738 3338; baseline -0.004 -22"><span class='ocrx_word' id='word_1_475' title='bbox 136 3271 430 3338; x_wconf 72' lang='grc' dir='ltr'>Γέγραπται</span> <span class='ocrx_word' id='word_1_476' title='bbox 461 3266 558 3338; x_wconf 87' lang='grc' dir='ltr'><strong>γάρ</strong></span> <span class='ocrx_word' id='word_1_477' title='bbox 595 3283 606 3295; x_wconf 93' lang='grc'><strong>·</strong></span> <span class='ocrx_word' id='word_1_478' title='bbox 642 3269 740 3316; x_wconf 77' lang='lat' dir='ltr'><strong>Kal</strong></span> <span class='ocrx_word' id='word_1_479' title='bbox 771 3260 930 3314; x_wconf 79' lang='grc' dir='ltr'>δώσω</span> <span class='ocrx_word' id='word_1_480' title='bbox 989 3267 1072 3314; x_wconf 87' lang='grc' dir='ltr'>σοὶ</span> <span class='ocrx_word' id='word_1_481' title='bbox 1103 3264 1220 3319; x_wconf 85' lang='grc' dir='ltr'>ἔθνη</span> <span class='ocrx_word' id='word_1_482' title='bbox 1279 3266 1371 3320; x_wconf 77' lang='grc' dir='ltr'>τὴν</span> <span class='ocrx_word' id='word_1_483' title='bbox 1397 3261 1738 3334; x_wconf 59' lang='grc' dir='ltr'>κληρονομίαν</span> 
     </span>
    </p>
   </div>
   <div class='ocr_carea' id='block_1_68' title="bbox 135 3354 1735 3423">
    <p class='ocr_par' dir='ltr' id='par_1_68' title="bbox 135 3354 1735 3423">
     <span class='ocr_line' id='line_1_68' title="bbox 135 3354 1735 3423; baseline -0.004 -16"><span class='ocrx_word' id='word_1_484' title='bbox 135 3375 230 3407; x_wconf 89' lang='grc' dir='ltr'><strong>σου</strong></span> <span class='ocrx_word' id='word_1_485' title='bbox 281 3360 370 3406; x_wconf 79' lang='grc' dir='ltr'>καὶ</span> <span class='ocrx_word' id='word_1_486' title='bbox 425 3357 518 3410; x_wconf 80' lang='grc' dir='ltr'>τὴν</span> <span class='ocrx_word' id='word_1_487' title='bbox 570 3354 899 3423; x_wconf 73' lang='grc' dir='ltr'>κατάσχεσιν</span> <span class='ocrx_word' id='word_1_488' title='bbox 961 3371 1054 3404; x_wconf 91' lang='grc' dir='ltr'><strong>σου</strong></span> <span class='ocrx_word' id='word_1_489' title='bbox 1103 3355 1170 3403; x_wconf 84' lang='grc' dir='ltr'>τὰ</span> <span class='ocrx_word' id='word_1_490' title='bbox 1226 3355 1425 3422; x_wconf 86' lang='grc' dir='ltr'>πέρατα</span> <span class='ocrx_word' id='word_1_491' title='bbox 1472 3358 1566 3411; x_wconf 87' lang='grc' dir='ltr'>τῆς</span> <span class='ocrx_word' id='word_1_492' title='bbox 1617 3357 1735 3420; x_wconf 81' lang='grc' dir='ltr'><strong>γῆς.</strong></span> 
     </span>
    </p>
   </div>
   <div class='ocr_carea' id='block_1_69' title="bbox 135 3437 1741 3518">
    <p class='ocr_par' dir='ltr' id='par_1_69' title="bbox 135 3437 1741 3518">
     <span class='ocr_line' id='line_1_69' title="bbox 135 3437 1741 3518; baseline -0.004 -22"><span class='ocrx_word' id='word_1_493' title='bbox 135 3445 389 3518; x_wconf 80' lang='grc' dir='ltr'>[Δόξασόν</span> <span class='ocrx_word' id='word_1_494' title='bbox 446 3461 540 3494; x_wconf 89' lang='grc' dir='ltr'><strong>σου</strong></span> <span class='ocrx_word' id='word_1_495' title='bbox 572 3445 656 3493; x_wconf 85' lang='grc' dir='ltr'><strong>τόν</strong></span> <span class='ocrx_word' id='word_1_496' title='bbox 706 3444 844 3504; x_wconf 83' lang='grc' dir='ltr'>Υἰόν,</span> <span class='ocrx_word' id='word_1_497' title='bbox 898 3438 1038 3493; x_wconf 87' lang='grc' dir='ltr'>διότι</span> <span class='ocrx_word' id='word_1_498' title='bbox 1067 3437 1363 3500; x_wconf 70' lang='grc' dir='ltr'>εὐδόκησας</span> <span class='ocrx_word' id='word_1_499' title='bbox 1387 3441 1741 3513; x_wconf 81' lang='grc' dir='ltr'>γνωρισθῆναι</span> 
     </span>
    </p>
   </div>
   <div class='ocr_carea' id='block_1_70' title="bbox 135 3528 1740 3602">
    <p class='ocr_par' dir='ltr' id='par_1_70' title="bbox 135 3528 1740 3602">
     <span class='ocr_line' id='line_1_70' title="bbox 135 3528 1740 3602; baseline -0.004 -16"><span class='ocrx_word' id='word_1_500' title='bbox 135 3534 292 3586; x_wconf 68' lang='grc' dir='ltr'>αὐτόν</span> <span class='ocrx_word' id='word_1_501' title='bbox 333 3537 423 3584; x_wconf 76' lang='grc' dir='ltr'>καὶ</span> <span class='ocrx_word' id='word_1_502' title='bbox 487 3528 814 3594; x_wconf 82' lang='grc' dir='ltr'>δοξασθῆναι</span> <span class='ocrx_word' id='word_1_503' title='bbox 852 3533 994 3602; x_wconf 76' lang='grc' dir='ltr'>πάσῃ</span> <span class='ocrx_word' id='word_1_504' title='bbox 1049 3538 1109 3599; x_wconf 75' lang='grc' dir='ltr'><strong>τῇ</strong></span> <span class='ocrx_word' id='word_1_505' title='bbox 1172 3530 1468 3601; x_wconf 70' lang='grc' dir='ltr'>οἰκουμένῇ.</span> <span class='ocrx_word' id='word_1_506' title='bbox 1527 3531 1630 3583; x_wconf 82' lang='grc' dir='ltr'><strong>Καὶ</strong></span> <span class='ocrx_word' id='word_1_507' title='bbox 1684 3531 1740 3580; x_wconf 89' lang='grc' dir='ltr'><strong>τό</strong></span> 
     </span>
    </p>
   </div>
   <div class='ocr_carea' id='block_1_71' title="bbox 137 3615 1742 3689">
    <p class='ocr_par' dir='ltr' id='par_1_71' title="bbox 137 3615 1742 3689">
     <span class='ocr_line' id='line_1_71' title="bbox 137 3615 1742 3689; baseline -0.004 -15"><span class='ocrx_word' id='word_1_508' title='bbox 137 3625 312 3684; x_wconf 79' lang='grc' dir='ltr'>ζητεῖν</span> <span class='ocrx_word' id='word_1_509' title='bbox 356 3617 414 3674; x_wconf 71' lang='grc' dir='ltr'>δὲ</span> <span class='ocrx_word' id='word_1_510' title='bbox 464 3617 808 3686; x_wconf 74' lang='grc' dir='ltr'>δοξασθῆναι,</span> <span class='ocrx_word' id='word_1_511' title='bbox 862 3625 950 3671; x_wconf 79' lang='grc' dir='ltr'>καὶ</span> <span class='ocrx_word' id='word_1_512' title='bbox 981 3623 1037 3671; x_wconf 86' lang='grc' dir='ltr'><strong>τό</strong></span> <span class='ocrx_word' id='word_1_513' title='bbox 1079 3619 1218 3689; x_wconf 86' lang='grc' dir='ltr'>λέγεν</span> <span class='ocrx_word' id='word_1_514' title='bbox 1250 3621 1329 3671; x_wconf 83' lang='grc' dir='ltr'>ὅτι</span> <span class='ocrx_word' id='word_1_515' title='bbox 1360 3615 1619 3683; x_wconf 74' lang='grc' dir='ltr'>Ἔδωκας,</span> <span class='ocrx_word' id='word_1_516' title='bbox 1653 3622 1742 3668; x_wconf 80' lang='grc' dir='ltr'>καὶ</span> 
     </span>
    </p>
   </div>
   <div class='ocr_carea' id='block_1_72' title="bbox 137 3707 1738 3779">
    <p class='ocr_par' dir='ltr' id='par_1_72' title="bbox 137 3707 1738 3779">
     <span class='ocr_line' id='line_1_72' title="bbox 137 3707 1738 3779; baseline -0.004 -17"><span class='ocrx_word' id='word_1_517' title='bbox 137 3713 204 3762; x_wconf 80' lang='grc' dir='ltr'>τὰ</span> <span class='ocrx_word' id='word_1_518' title='bbox 235 3719 478 3775; x_wconf 66' lang='grc' dir='ltr'>τοιαῦτα,</span> <span class='ocrx_word' id='word_1_519' title='bbox 537 3708 1007 3779; x_wconf 79' lang='grc' dir='ltr'>συγκαταϐατικῶς</span> <span class='ocrx_word' id='word_1_520' title='bbox 1044 3708 1176 3777; x_wconf 76' lang='grc' dir='ltr'>λέγει</span> <span class='ocrx_word' id='word_1_521' title='bbox 1235 3712 1323 3759; x_wconf 86' lang='grc' dir='ltr'>καὶ</span> <span class='ocrx_word' id='word_1_522' title='bbox 1381 3707 1738 3778; x_wconf 75' lang='grc' dir='ltr'>οἰκονομικῶς,</span> 
     </span>
    </p>
   </div>
   <div class='ocr_carea' id='block_1_73' title="bbox 140 3794 1738 3874">
    <p class='ocr_par' dir='ltr' id='par_1_73' title="bbox 140 3794 1738 3874">
     <span class='ocr_line' id='line_1_73' title="bbox 140 3794 1738 3874; baseline -0.004 -23"><span class='ocrx_word' id='word_1_523' title='bbox 140 3803 208 3860; x_wconf 82' lang='grc' dir='ltr'><strong>ὡς</strong></span> <span class='ocrx_word' id='word_1_524' title='bbox 259 3795 520 3874; x_wconf 74' lang='grc' dir='ltr'>διαφόρως</span> <span class='ocrx_word' id='word_1_525' title='bbox 601 3794 1121 3871; x_wconf 75' lang='grc' dir='ltr'>προδιεστειλάμεθα,</span> <span class='ocrx_word' id='word_1_526' title='bbox 1182 3797 1210 3854; x_wconf 75' lang='grc' dir='ltr'>ἡ</span> <span class='ocrx_word' id='word_1_527' title='bbox 1273 3801 1362 3847; x_wconf 81' lang='grc' dir='ltr'>καὶ</span> <span class='ocrx_word' id='word_1_528' title='bbox 1422 3797 1491 3854; x_wconf 79' lang='grc' dir='ltr'>ὡς</span> <span class='ocrx_word' id='word_1_529' title='bbox 1545 3797 1738 3866; x_wconf 79' lang='grc' dir='ltr'>ἀνθρω·</span> 
     </span>
    </p>
   </div>
   <div class='ocr_carea' id='block_1_74' title="bbox 138 3889 274 3958">
    <p class='ocr_par' dir='ltr' id='par_1_74' title="bbox 138 3889 274 3958">
     <span class='ocr_line' id='line_1_74' title="bbox 138 3889 274 3958; baseline 0.015 -19"><span class='ocrx_word' id='word_1_530' title='bbox 138 3889 274 3958; x_wconf 78' lang='grc' dir='ltr'>πος.]</span> 
     </span>
    </p>
   </div>
   <div class='ocr_carea' id='block_1_75' title="bbox 204 3969 1744 4044">
    <p class='ocr_par' dir='ltr' id='par_1_75' title="bbox 204 3969 1744 4044">
     <span class='ocr_line' id='line_1_75' title="bbox 204 3969 1744 4044; baseline -0.003 -15"><span class='ocrx_word' id='word_1_531' title='bbox 204 3977 410 4030; x_wconf 75' lang='grc' dir='ltr'>ἰνα-</span> <span class='ocrx_word' id='word_1_532' title='bbox 448 3977 650 4028; x_wconf 81' lang='grc' dir='ltr'>αἰώνιον</span> <span class='ocrx_word' id='word_1_533' title='bbox 728 3974 890 4027; x_wconf 84' lang='grc' dir='ltr'>’Ὸσον</span> <span class='ocrx_word' id='word_1_534' title='bbox 943 3977 1002 4028; x_wconf 86' lang='grc' dir='ltr'><strong>τό</strong></span> <span class='ocrx_word' id='word_1_535' title='bbox 1063 3974 1140 4026; x_wconf 75' lang='grc' dir='ltr'><strong>ἐπ’</strong></span> <span class='ocrx_word' id='word_1_536' title='bbox 1198 3974 1359 4044; x_wconf 71' lang='grc' dir='ltr'>αὐτῷ,</span> <span class='ocrx_word' id='word_1_537' title='bbox 1416 3973 1474 4027; x_wconf 85' lang='grc' dir='ltr'>Εἰ</span> <span class='ocrx_word' id='word_1_538' title='bbox 1531 3969 1591 4027; x_wconf 85' lang='grc' dir='ltr'>δέ</span> <span class='ocrx_word' id='word_1_539' title='bbox 1615 3991 1744 4034; x_wconf 78' lang='grc' dir='ltr'>τινες</span> 
     </span>
    </p>
   </div>
   <div class='ocr_carea' id='block_1_76' title="bbox 135 4063 1742 4129">
    <p class='ocr_par' dir='ltr' id='par_1_76' title="bbox 135 4063 1742 4129">
     <span class='ocr_line' id='line_1_76' title="bbox 135 4063 1742 4129; baseline -0.004 -11"><span class='ocrx_word' id='word_1_540' title='bbox 135 4071 255 4118; x_wconf 72' lang='grc' dir='ltr'>οὔτε</span> <span class='ocrx_word' id='word_1_541' title='bbox 275 4065 610 4129; x_wconf 83' lang='grc' dir='ltr'>ἐπιστευσαν,</span> <span class='ocrx_word' id='word_1_542' title='bbox 644 4069 758 4118; x_wconf 68' lang='grc' dir='ltr'>οὔτε</span> <span class='ocrx_word' id='word_1_543' title='bbox 783 4063 960 4117; x_wconf 75' lang='grc' dir='ltr'>ἔλαϐον</span> <span class='ocrx_word' id='word_1_544' title='bbox 990 4065 1126 4125; x_wconf 78' lang='grc' dir='ltr'>ζωὴν</span> <span class='ocrx_word' id='word_1_545' title='bbox 1159 4064 1384 4128; x_wconf 84' lang='grc' dir='ltr'>αἰώνιον,</span> <span class='ocrx_word' id='word_1_546' title='bbox 1427 4072 1524 4115; x_wconf 88' lang='grc' dir='ltr'><strong>τῶν</strong></span> <span class='ocrx_word' id='word_1_547' title='bbox 1573 4064 1742 4114; x_wconf 80' lang='grc' dir='ltr'>τοιού-</span> 
     </span>
    </p>
   </div>
   <div class='ocr_carea' id='block_1_77' title="bbox 134 4149 1742 4227">
    <p class='ocr_par' dir='ltr' id='par_1_77' title="bbox 134 4149 1742 4227">
     <span class='ocr_line' id='line_1_77' title="bbox 134 4149 1742 4227; baseline -0.001 -21"><span class='ocrx_word' id='word_1_548' title='bbox 134 4174 235 4206; x_wconf 83' lang='grc' dir='ltr'><strong>των</strong></span> <span class='ocrx_word' id='word_1_549' title='bbox 275 4153 388 4206; x_wconf 80' lang='grc' dir='ltr'>ἐστὶ</span> <span class='ocrx_word' id='word_1_550' title='bbox 414 4158 472 4206; x_wconf 83' lang='grc' dir='ltr'>τὸ</span> <span class='ocrx_word' id='word_1_551' title='bbox 503 4154 758 4227; x_wconf 77' lang='grc' dir='ltr'>ἔγκλημα.</span> <span class='ocrx_word' id='word_1_552' title='bbox 790 4153 850 4206; x_wconf 78' lang='grc' dir='ltr'><strong>Ὀ</strong></span> <span class='ocrx_word' id='word_1_553' title='bbox 875 4159 964 4226; x_wconf 68' lang='grc' dir='ltr'>μὲν</span> <span class='ocrx_word' id='word_1_554' title='bbox 990 4156 1090 4225; x_wconf 75' lang='grc' dir='ltr'><strong>γὰρ</strong></span> <span class='ocrx_word' id='word_1_555' title='bbox 1125 4159 1305 4226; x_wconf 76' lang='grc' dir='ltr'>Πατὴρ</span> <span class='ocrx_word' id='word_1_556' title='bbox 1335 4149 1618 4210; x_wconf 67' lang='grc' dir='ltr'>εὐδόκησεν</span> <span class='ocrx_word' id='word_1_557' title='bbox 1659 4153 1742 4204; x_wconf 81' lang='grc' dir='ltr'>ἵνα</span> 
     </span>
    </p>
   </div>
   <div class='ocr_carea' id='block_1_78' title="bbox 135 4240 1740 4315">
    <p class='ocr_par' dir='ltr' id='par_1_78' title="bbox 135 4240 1740 4315">
     <span class='ocr_line' id='line_1_78' title="bbox 135 4240 1740 4315; baseline -0.001 -19"><span class='ocrx_word' id='word_1_558' title='bbox 135 4246 340 4296; x_wconf 81' lang='grc' dir='ltr'>πάντων</span> <span class='ocrx_word' id='word_1_559' title='bbox 368 4245 392 4296; x_wconf 88' lang='grc' dir='ltr'><strong>ό</strong></span> <span class='ocrx_word' id='word_1_560' title='bbox 421 4246 541 4304; x_wconf 78' lang='grc' dir='ltr'>Υἱός</span> <span class='ocrx_word' id='word_1_561' title='bbox 568 4243 854 4315; x_wconf 79' lang='grc' dir='ltr'>ἐξουσιάση</span> <span class='ocrx_word' id='word_1_562' title='bbox 899 4240 992 4296; x_wconf 77' lang='grc' dir='ltr'>διὰ</span> <span class='ocrx_word' id='word_1_563' title='bbox 1035 4251 1132 4305; x_wconf 79' lang='grc' dir='ltr'>τῆς</span> <span class='ocrx_word' id='word_1_564' title='bbox 1159 4248 1404 4307; x_wconf 86' lang='grc' dir='ltr'>πίστεως,</span> <span class='ocrx_word' id='word_1_565' title='bbox 1437 4247 1526 4294; x_wconf 86' lang='grc' dir='ltr'>καὶ</span> <span class='ocrx_word' id='word_1_566' title='bbox 1556 4246 1740 4302; x_wconf 71' lang='grc' dir='ltr'>πάντες</span> 
     </span>
    </p>
   </div>
   <div class='ocr_carea' id='block_1_79' title="bbox 134 4331 1738 4404">
    <p class='ocr_par' dir='ltr' id='par_1_79' title="bbox 134 4331 1738 4404">
     <span class='ocr_line' id='line_1_79' title="bbox 134 4331 1738 4404; baseline -0.002 -19"><span class='ocrx_word' id='word_1_567' title='bbox 134 4336 237 4385; x_wconf 77' lang='grc' dir='ltr'>υπό</span> <span class='ocrx_word' id='word_1_568' title='bbox 271 4339 358 4385; x_wconf 87' lang='grc' dir='ltr'><strong>τόν</strong></span> <span class='ocrx_word' id='word_1_569' title='bbox 394 4337 549 4404; x_wconf 81' lang='grc' dir='ltr'>ζυγόν</span> <span class='ocrx_word' id='word_1_570' title='bbox 603 4341 701 4384; x_wconf 86' lang='grc' dir='ltr'><strong>τῶν</strong></span> <span class='ocrx_word' id='word_1_571' title='bbox 760 4331 972 4387; x_wconf 79' lang='grc' dir='ltr'>ἐντολῶν</span> <span class='ocrx_word' id='word_1_572' title='bbox 1017 4333 1178 4384; x_wconf 69' lang='grc' dir='ltr'>αὑτοῦ</span> <span class='ocrx_word' id='word_1_573' title='bbox 1231 4336 1480 4404; x_wconf 74' lang='grc' dir='ltr'>γένωνται</span> <span class='ocrx_word' id='word_1_574' title='bbox 1534 4349 1545 4360; x_wconf 82' lang='grc'>⁶</span> <span class='ocrx_word' id='word_1_575' title='bbox 1599 4331 1738 4382; x_wconf 84' lang='grc' dir='ltr'>καὶὸ</span> 
     </span>
    </p>
   </div>
   <div class='ocr_carea' id='block_1_80' title="bbox 1853 3167 3504 3239">
    <p class='ocr_par' dir='ltr' id='par_1_80' title="bbox 1853 3167 3504 3239">
     <span class='ocr_line' id='line_1_80' title="bbox 1853 3167 3504 3239; baseline -0.002 -13"><span class='ocrx_word' id='word_1_576' title='bbox 1853 3179 1964 3226; x_wconf 89' lang='lat' dir='ltr'><strong>tem</strong></span> <span class='ocrx_word' id='word_1_577' title='bbox 2003 3171 2273 3225; x_wconf 89' lang='lat' dir='ltr'><strong>omnium</strong></span> <span class='ocrx_word' id='word_1_578' title='bbox 2308 3171 2597 3239; x_wconf 90' lang='lat' dir='ltr'><strong>gentium,</strong></span> <span class='ocrx_word' id='word_1_579' title='bbox 2632 3175 2694 3226; x_wconf 88' lang='lat' dir='ltr'><strong>ut</strong></span> <span class='ocrx_word' id='word_1_580' title='bbox 2720 3171 2798 3226; x_wconf 87' lang='lat' dir='ltr'><strong>ab</strong></span> <span class='ocrx_word' id='word_1_581' title='bbox 2829 3169 2911 3226; x_wconf 82' lang='lat' dir='ltr'><strong>eis</strong></span> <span class='ocrx_word' id='word_1_582' title='bbox 2951 3168 3323 3237; x_wconf 85' lang='lat' dir='ltr'><strong>gloriﬁcetur.</strong></span> <span class='ocrx_word' id='word_1_583' title='bbox 3355 3167 3504 3223; x_wconf 87' lang='lat' dir='ltr'><strong>Scri-</strong></span> 
     </span>
    </p>
   </div>
   <div class='ocr_carea' id='block_1_81' title="bbox 1849 3257 3500 3330">
    <p class='ocr_par' dir='ltr' id='par_1_81' title="bbox 1849 3257 3500 3330">
     <span class='ocr_line' id='line_1_81' title="bbox 1849 3257 3500 3330; baseline -0.001 -16"><span class='ocrx_word' id='word_1_584' title='bbox 1849 3267 2014 3330; x_wconf 89' lang='lat' dir='ltr'><strong>ptum</strong></span> <span class='ocrx_word' id='word_1_585' title='bbox 2033 3260 2299 3314; x_wconf 90' lang='lat' dir='ltr'><strong>estenim</strong></span> <span class='ocrx_word' id='word_1_586' title='bbox 2323 3276 2334 3315; x_wconf 89' lang='lat'><strong>:</strong></span> <span class='ocrx_word' id='word_1_587' title='bbox 2361 3259 2628 3316; x_wconf 79' lang='lat' dir='ltr'><strong>dabotibi</strong></span> <span class='ocrx_word' id='word_1_588' title='bbox 2659 3265 2859 3330; x_wconf 84' lang='lat' dir='ltr'><strong>gentes</strong></span> <span class='ocrx_word' id='word_1_589' title='bbox 2895 3257 3293 3314; x_wconf 68' lang='lat' dir='ltr'><strong>[nereditatem</strong></span> <span class='ocrx_word' id='word_1_590' title='bbox 3311 3263 3500 3322; x_wconf 84' lang='lat' dir='ltr'><strong>tuam,</strong></span> 
     </span>
    </p>
   </div>
   <div class='ocr_carea' id='block_1_82' title="bbox 1847 3345 3502 3418">
    <p class='ocr_par' dir='ltr' id='par_1_82' title="bbox 1847 3345 3502 3418">
     <span class='ocr_line' id='line_1_82' title="bbox 1847 3345 3502 3418; baseline -0.002 -13"><span class='ocrx_word' id='word_1_591' title='bbox 1847 3355 1900 3406; x_wconf 82' lang='lat' dir='ltr'><strong>et</strong></span> <span class='ocrx_word' id='word_1_592' title='bbox 1925 3350 2337 3418; x_wconf 81' lang='lat' dir='ltr'><strong>possessionem</strong></span> <span class='ocrx_word' id='word_1_593' title='bbox 2359 3356 2521 3405; x_wconf 80' lang='lat' dir='ltr'><strong>tuam</strong></span> <span class='ocrx_word' id='word_1_594' title='bbox 2546 3349 2819 3404; x_wconf 80' lang='lat' dir='ltr'><strong>terminos</strong></span> <span class='ocrx_word' id='word_1_595' title='bbox 2839 3354 3012 3403; x_wconf 64' lang='lat' dir='ltr'><strong>terra;</strong></span> <span class='ocrx_word' id='word_1_596' title='bbox 3028 3347 3096 3400; x_wconf 82' lang='grc'><strong>³³.</strong></span> <span class='ocrx_word' id='word_1_597' title='bbox 3127 3376 3193 3387; x_wconf 91' lang='grc'><strong>-</strong></span> <span class='ocrx_word' id='word_1_598' title='bbox 3213 3345 3502 3414; x_wconf 75' lang='lat' dir='ltr'><strong>Gloriﬁca</strong></span> 
     </span>
    </p>
   </div>
   <div class='ocr_carea' id='block_1_83' title="bbox 1850 3435 3502 3509">
    <p class='ocr_par' dir='ltr' id='par_1_83' title="bbox 1850 3435 3502 3509">
     <span class='ocr_line' id='line_1_83' title="bbox 1850 3435 3502 3509; baseline -0.003 -16"><span class='ocrx_word' id='word_1_599' title='bbox 1850 3439 2068 3494; x_wconf 80' lang='lat' dir='ltr'><strong>Filium</strong></span> <span class='ocrx_word' id='word_1_600' title='bbox 2089 3443 2274 3504; x_wconf 81' lang='lat' dir='ltr'><strong>tuum,</strong></span> <span class='ocrx_word' id='word_1_601' title='bbox 2295 3438 2437 3509; x_wconf 89' lang='lat' dir='ltr'><strong>quia</strong></span> <span class='ocrx_word' id='word_1_602' title='bbox 2449 3437 2876 3509; x_wconf 86' lang='lat' dir='ltr'><strong>complacitum</strong></span> <span class='ocrx_word' id='word_1_603' title='bbox 2896 3441 2980 3491; x_wconf 89' lang='lat' dir='ltr'><strong>est</strong></span> <span class='ocrx_word' id='word_1_604' title='bbox 2999 3435 3121 3501; x_wconf 91' lang='lat' dir='ltr'><strong>tibi,</strong></span> <span class='ocrx_word' id='word_1_605' title='bbox 3139 3439 3344 3490; x_wconf 84' lang='lat' dir='ltr'><strong>notum</strong></span> <span class='ocrx_word' id='word_1_606' title='bbox 3363 3449 3502 3489; x_wconf 93' lang='lat' dir='ltr'><strong>eum</strong></span> 
     </span>
    </p>
   </div>
   <div class='ocr_carea' id='block_1_84' title="bbox 1848 3525 3498 3596">
    <p class='ocr_par' dir='ltr' id='par_1_84' title="bbox 1848 3525 3498 3596">
     <span class='ocr_line' id='line_1_84' title="bbox 1848 3525 3498 3596; baseline -0.003 -14"><span class='ocrx_word' id='word_1_607' title='bbox 1848 3526 1968 3582; x_wconf 86' lang='lat' dir='ltr'><strong>ﬁeri</strong></span> <span class='ocrx_word' id='word_1_608' title='bbox 1992 3543 2061 3582; x_wconf 88' lang='lat' dir='ltr'><strong>ac</strong></span> <span class='ocrx_word' id='word_1_609' title='bbox 2087 3526 2399 3596; x_wconf 85' lang='lat' dir='ltr'><strong>gloriﬁcari</strong></span> <span class='ocrx_word' id='word_1_610' title='bbox 2445 3527 2725 3582; x_wconf 90' lang='lat' dir='ltr'><strong>universo</strong></span> <span class='ocrx_word' id='word_1_611' title='bbox 2773 3525 2923 3581; x_wconf 91' lang='lat' dir='ltr'><strong>orbi.</strong></span> <span class='ocrx_word' id='word_1_612' title='bbox 2979 3526 3252 3589; x_wconf 58' lang='lat' dir='ltr'><strong>Quaerere</strong></span> <span class='ocrx_word' id='word_1_613' title='bbox 3301 3528 3498 3578; x_wconf 89' lang='lat' dir='ltr'><strong>autem</strong></span> 
     </span>
    </p>
   </div>
   <div class='ocr_carea' id='block_1_85' title="bbox 1850 3611 3505 3687">
    <p class='ocr_par' dir='ltr' id='par_1_85' title="bbox 1850 3611 3505 3687">
     <span class='ocr_line' id='line_1_85' title="bbox 1850 3611 3505 3687; baseline -0.004 -14"><span class='ocrx_word' id='word_1_614' title='bbox 1850 3617 2167 3687; x_wconf 86' lang='lat' dir='ltr'><strong>gloriﬁcari</strong></span> <span class='ocrx_word' id='word_1_615' title='bbox 2187 3634 2256 3673; x_wconf 90' lang='lat' dir='ltr'><strong>ac</strong></span> <span class='ocrx_word' id='word_1_616' title='bbox 2274 3616 2469 3673; x_wconf 88' lang='lat' dir='ltr'><strong>dicere</strong></span> <span class='ocrx_word' id='word_1_617' title='bbox 2487 3616 2778 3673; x_wconf 81' lang='lat' dir='ltr'><strong>Dedistiet</strong></span> <span class='ocrx_word' id='word_1_618' title='bbox 2799 3614 3034 3678; x_wconf 88' lang='lat' dir='ltr'><strong>similia,</strong></span> <span class='ocrx_word' id='word_1_619' title='bbox 3055 3611 3420 3668; x_wconf 82' lang='lat' dir='ltr'><strong>demittenda</strong></span> <span class='ocrx_word' id='word_1_620' title='bbox 3440 3626 3505 3667; x_wconf 89' lang='lat' dir='ltr'><strong>se</strong></span> 
     </span>
    </p>
   </div>
   <div class='ocr_carea' id='block_1_86' title="bbox 1849 3699 3504 3779">
    <p class='ocr_par' dir='ltr' id='par_1_86' title="bbox 1849 3699 3504 3779">
     <span class='ocr_line' id='line_1_86' title="bbox 1849 3699 3504 3779; baseline -0.007 -13"><span class='ocrx_word' id='word_1_621' title='bbox 1849 3706 1989 3766; x_wconf 89' lang='lat' dir='ltr'><strong>dicit</strong></span> <span class='ocrx_word' id='word_1_622' title='bbox 2019 3723 2088 3764; x_wconf 88' lang='lat' dir='ltr'><strong>ac</strong></span> <span class='ocrx_word' id='word_1_623' title='bbox 2119 3707 2571 3779; x_wconf 87' lang='lat' dir='ltr'><strong>dispensatorie,</strong></span> <span class='ocrx_word' id='word_1_624' title='bbox 2620 3705 2788 3760; x_wconf 91' lang='lat' dir='ltr'><strong>sicuti</strong></span> <span class='ocrx_word' id='word_1_625' title='bbox 2837 3704 3016 3759; x_wconf 88' lang='lat' dir='ltr'><strong>variis</strong></span> <span class='ocrx_word' id='word_1_626' title='bbox 3073 3703 3132 3757; x_wconf 92' lang='lat' dir='ltr'><strong>in</strong></span> <span class='ocrx_word' id='word_1_627' title='bbox 3181 3701 3326 3756; x_wconf 92' lang='lat' dir='ltr'><strong>locis</strong></span> <span class='ocrx_word' id='word_1_628' title='bbox 3385 3699 3504 3756; x_wconf 81' lang='lat' dir='ltr'><strong>dis-</strong></span> 
     </span>
    </p>
   </div>
   <div class='ocr_carea' id='block_1_87' title="bbox 1851 3793 3256 3869">
    <p class='ocr_par' dir='ltr' id='par_1_87' title="bbox 1851 3793 3256 3869">
     <span class='ocr_line' id='line_1_87' title="bbox 1851 3793 3256 3869; baseline -0.005 -16"><span class='ocrx_word' id='word_1_629' title='bbox 1851 3798 2212 3869; x_wconf 87' lang='lat' dir='ltr'><strong>putavimus.</strong></span> <span class='ocrx_word' id='word_1_630' title='bbox 2249 3803 2357 3854; x_wconf 79' lang='lat' dir='ltr'><strong>Aut</strong></span> <span class='ocrx_word' id='word_1_631' title='bbox 2385 3797 2563 3853; x_wconf 88' lang='lat' dir='ltr'><strong>etiam</strong></span> <span class='ocrx_word' id='word_1_632' title='bbox 2611 3801 2903 3868; x_wconf 86' lang='lat' dir='ltr'><strong>tanquam</strong></span> <span class='ocrx_word' id='word_1_633' title='bbox 2933 3795 3118 3850; x_wconf 89' lang='lat' dir='ltr'><strong>homo</strong></span> <span class='ocrx_word' id='word_1_634' title='bbox 3158 3793 3256 3848; x_wconf 85' lang='lat' dir='ltr'><strong>ait.</strong></span> 
     </span>
    </p>
   </div>
   <div class='ocr_carea' id='block_1_88' title="bbox 1920 3973 3503 4039">
    <p class='ocr_par' dir='ltr' id='par_1_88' title="bbox 1920 3973 3503 4039">
     <span class='ocr_line' id='line_1_88' title="bbox 1920 3973 3503 4039; baseline -0.004 -7"><span class='ocrx_word' id='word_1_635' title='bbox 1920 3976 2080 4032; x_wconf 91' lang='lat' dir='ltr'><strong>Vers.</strong></span> <span class='ocrx_word' id='word_1_636' title='bbox 2110 3979 2256 4031; x_wconf 84' lang='lat'><strong>2.—.</strong></span> <span class='ocrx_word' id='word_1_637' title='bbox 2293 3977 2361 4032; x_wconf 77' lang='lat' dir='ltr'><strong>Ut</strong></span> <span class='ocrx_word' id='word_1_638' title='bbox 2389 3982 2692 4031; x_wconf 67' lang='lat' dir='ltr'><strong>(sternam.</strong></span> <span class='ocrx_word' id='word_1_639' title='bbox 2727 3975 3025 4039; x_wconf 88' lang='lat' dir='ltr'><strong>Quantum</strong></span> <span class='ocrx_word' id='word_1_640' title='bbox 3056 3973 3115 4027; x_wconf 91' lang='lat' dir='ltr'><strong>in</strong></span> <span class='ocrx_word' id='word_1_641' title='bbox 3145 3987 3205 4026; x_wconf 93' lang='lat' dir='ltr'><strong>se</strong></span> <span class='ocrx_word' id='word_1_642' title='bbox 3224 3975 3329 4026; x_wconf 90' lang='lat' dir='ltr'><strong>est.</strong></span> <span class='ocrx_word' id='word_1_643' title='bbox 3355 3973 3503 4026; x_wconf 84' lang='lat' dir='ltr'><strong>Nam</strong></span> 
     </span>
    </p>
   </div>
   <div class='ocr_carea' id='block_1_89' title="bbox 1848 4061 3502 4136">
    <p class='ocr_par' dir='ltr' id='par_1_89' title="bbox 1848 4061 3502 4136">
     <span class='ocr_line' id='line_1_89' title="bbox 1848 4061 3502 4136; baseline -0.005 -16"><span class='ocrx_word' id='word_1_644' title='bbox 1848 4065 2232 4136; x_wconf 86' lang='lat' dir='ltr'><strong>licetquidam</strong></span> <span class='ocrx_word' id='word_1_645' title='bbox 2251 4079 2372 4119; x_wconf 91' lang='lat' dir='ltr'><strong>non</strong></span> <span class='ocrx_word' id='word_1_646' title='bbox 2399 4062 2778 4128; x_wconf 90' lang='lat' dir='ltr'><strong>crediderint,</strong></span> <span class='ocrx_word' id='word_1_647' title='bbox 2800 4077 2988 4131; x_wconf 81' lang='lat' dir='ltr'><strong>neque</strong></span> <span class='ocrx_word' id='word_1_648' title='bbox 3021 4061 3201 4115; x_wconf 83' lang='lat' dir='ltr'><strong>vitam</strong></span> <span class='ocrx_word' id='word_1_649' title='bbox 3226 4064 3502 4114; x_wconf 71' lang='lat' dir='ltr'><strong>aeternam</strong></span> 
     </span>
    </p>
   </div>
   <div class='ocr_carea' id='block_1_90' title="bbox 1850 4147 3504 4224">
    <p class='ocr_par' dir='ltr' id='par_1_90' title="bbox 1850 4147 3504 4224">
     <span class='ocr_line' id='line_1_90' title="bbox 1850 4147 3504 4224; baseline -0.005 -14"><span class='ocrx_word' id='word_1_650' title='bbox 1850 4153 2270 4224; x_wconf 85' lang='lat' dir='ltr'><strong>acceperint.id</strong></span> <span class='ocrx_word' id='word_1_651' title='bbox 2285 4159 2482 4206; x_wconf 89' lang='lat' dir='ltr'><strong>tamen</strong></span> <span class='ocrx_word' id='word_1_652' title='bbox 2497 4151 2732 4206; x_wconf 87' lang='lat' dir='ltr'><strong>illorum</strong></span> <span class='ocrx_word' id='word_1_653' title='bbox 2752 4149 2930 4220; x_wconf 87' lang='lat' dir='ltr'><strong>culpa</strong></span> <span class='ocrx_word' id='word_1_654' title='bbox 2947 4153 3064 4204; x_wconf 90' lang='lat' dir='ltr'><strong>est:</strong></span> <span class='ocrx_word' id='word_1_655' title='bbox 3087 4147 3383 4219; x_wconf 90' lang='lat' dir='ltr'><strong>siquidem</strong></span> <span class='ocrx_word' id='word_1_656' title='bbox 3406 4149 3504 4202; x_wconf 81' lang='lat' dir='ltr'><strong>Pa-</strong></span> 
     </span>
    </p>
   </div>
   <div class='ocr_carea' id='block_1_91' title="bbox 1851 4235 3504 4312">
    <p class='ocr_par' dir='ltr' id='par_1_91' title="bbox 1851 4235 3504 4312">
     <span class='ocr_line' id='line_1_91' title="bbox 1851 4235 3504 4312; baseline -0.005 -13"><span class='ocrx_word' id='word_1_657' title='bbox 1851 4243 1916 4299; x_wconf 89' lang='lat' dir='ltr'><strong>tri</strong></span> <span class='ocrx_word' id='word_1_658' title='bbox 1939 4241 2356 4312; x_wconf 86' lang='lat' dir='ltr'><strong>complacitum</strong></span> <span class='ocrx_word' id='word_1_659' title='bbox 2385 4247 2472 4294; x_wconf 88' lang='lat' dir='ltr'><strong>est</strong></span> <span class='ocrx_word' id='word_1_660' title='bbox 2498 4244 2561 4294; x_wconf 92' lang='lat' dir='ltr'><strong>ut</strong></span> <span class='ocrx_word' id='word_1_661' title='bbox 2583 4238 2762 4293; x_wconf 85' lang='lat' dir='ltr'><strong>Filius</strong></span> <span class='ocrx_word' id='word_1_662' title='bbox 2787 4235 3313 4293; x_wconf 88' lang='lat' dir='ltr'><strong>haberetomnium</strong></span> <span class='ocrx_word' id='word_1_663' title='bbox 3344 4241 3504 4306; x_wconf 92' lang='lat' dir='ltr'><strong>pote-</strong></span> 
     </span>
    </p>
   </div>
   <div class='ocr_carea' id='block_1_92' title="bbox 1848 4326 3504 4402">
    <p class='ocr_par' dir='ltr' id='par_1_92' title="bbox 1848 4326 3504 4402">
     <span class='ocr_line' id='line_1_92' title="bbox 1848 4326 3504 4402; baseline -0.006 -14"><span class='ocrx_word' id='word_1_664' title='bbox 1848 4337 2058 4388; x_wconf 85' lang='lat' dir='ltr'><strong>statem</strong></span> <span class='ocrx_word' id='word_1_665' title='bbox 2076 4346 2178 4402; x_wconf 90' lang='lat' dir='ltr'><strong>per</strong></span> <span class='ocrx_word' id='word_1_666' title='bbox 2189 4329 2389 4392; x_wconf 87' lang='lat' dir='ltr'><strong>ﬁdem,</strong></span> <span class='ocrx_word' id='word_1_667' title='bbox 2409 4334 2683 4384; x_wconf 88' lang='lat' dir='ltr'><strong>etomnes</strong></span> <span class='ocrx_word' id='word_1_668' title='bbox 2702 4326 2818 4382; x_wconf 92' lang='lat' dir='ltr'><strong>sub</strong></span> <span class='ocrx_word' id='word_1_669' title='bbox 2838 4327 3052 4396; x_wconf 87' lang='lat' dir='ltr'><strong>jugum</strong></span> <span class='ocrx_word' id='word_1_670' title='bbox 3073 4329 3504 4396; x_wconf 81' lang='lat' dir='ltr'><strong>praeceptorum</strong></span> 
     </span>
    </p>
   </div>
   <div class='ocr_carea' id='block_1_93' title="bbox 135 4411 1739 4513">
    <p class='ocr_par' dir='ltr' id='par_1_93' title="bbox 135 4418 1739 4490">
     <span class='ocr_line' id='line_1_93' title="bbox 135 4418 1739 4490; baseline -0.003 -14"><span class='ocrx_word' id='word_1_671' title='bbox 135 4427 258 4483; x_wconf 76' lang='grc' dir='ltr'>Υἱός</span> <span class='ocrx_word' id='word_1_672' title='bbox 305 4420 365 4476; x_wconf 68' lang='grc' dir='ltr'><strong>δε</strong></span> <span class='ocrx_word' id='word_1_673' title='bbox 420 4429 552 4476; x_wconf 81' lang='grc' dir='ltr'>πᾶσι</span> <span class='ocrx_word' id='word_1_674' title='bbox 603 4419 696 4475; x_wconf 81' lang='grc' dir='ltr'><strong>διὰ</strong></span> <span class='ocrx_word' id='word_1_675' title='bbox 744 4431 844 4474; x_wconf 84' lang='grc' dir='ltr'><strong>τῶν</strong></span> <span class='ocrx_word' id='word_1_676' title='bbox 900 4420 1199 4474; x_wconf 82' lang='grc' dir='ltr'>ἀποστόλων</span> <span class='ocrx_word' id='word_1_677' title='bbox 1253 4418 1451 4473; x_wconf 83' lang='grc' dir='ltr'>δέδωκε</span> <span class='ocrx_word' id='word_1_678' title='bbox 1482 4425 1538 4472; x_wconf 81' lang='grc' dir='ltr'><strong>τό</strong></span> <span class='ocrx_word' id='word_1_679' title='bbox 1566 4420 1739 4490; x_wconf 70' lang='grc' dir='ltr'>Εὐαγ-</span> 
     </span>
    </p>
   </div>
   <div class='ocr_carea' id='block_1_94' title="bbox 1860 4411 3502 4513">
    <p class='ocr_par' dir='ltr' id='par_1_94' title="bbox 1860 4411 3502 4493">
     <span class='ocr_line' id='line_1_94' title="bbox 1860 4411 3502 4493; baseline -0.006 -16"><span class='ocrx_word' id='word_1_680' title='bbox 1860 4424 1972 4493; x_wconf 69' lang='lat' dir='ltr'><strong>ejus</strong></span> <span class='ocrx_word' id='word_1_681' title='bbox 2002 4421 2225 4475; x_wconf 89' lang='lat' dir='ltr'><strong>fierent.</strong></span> <span class='ocrx_word' id='word_1_682' title='bbox 2265 4417 2438 4474; x_wconf 85' lang='lat' dir='ltr'><strong>Filius</strong></span> <span class='ocrx_word' id='word_1_683' title='bbox 2481 4431 2724 4488; x_wconf 89' lang='lat' dir='ltr'><strong>quoque</strong></span> <span class='ocrx_word' id='word_1_684' title='bbox 2754 4414 3041 4470; x_wconf 87' lang='lat' dir='ltr'><strong>universis</strong></span> <span class='ocrx_word' id='word_1_685' title='bbox 3067 4429 3173 4486; x_wconf 91' lang='lat' dir='ltr'><strong>per</strong></span> <span class='ocrx_word' id='word_1_686' title='bbox 3197 4411 3502 4484; x_wconf 86' lang='lat' dir='ltr'><strong>apostolos</strong></span> 
     </span>
    </p>
   </div>
   <div class='ocr_carea' id='block_1_95' title="bbox 132 4511 1742 4584">
    <p class='ocr_par' dir='ltr' id='par_1_95' title="bbox 132 4511 1742 4584">
     <span class='ocr_line' id='line_1_95' title="bbox 132 4511 1742 4584; baseline -0.002 -19"><span class='ocrx_word' id='word_1_687' title='bbox 132 4513 328 4584; x_wconf 78' lang='grc' dir='ltr'>γὲλιον,</span> <span class='ocrx_word' id='word_1_688' title='bbox 383 4517 476 4570; x_wconf 80' lang='grc' dir='ltr'>τὴν</span> <span class='ocrx_word' id='word_1_689' title='bbox 531 4514 868 4582; x_wconf 87' lang='grc' dir='ltr'>θεογνωσίαν,</span> <span class='ocrx_word' id='word_1_690' title='bbox 920 4515 1031 4570; x_wconf 76' lang='grc' dir='ltr'>ἣτις</span> <span class='ocrx_word' id='word_1_691' title='bbox 1076 4512 1190 4563; x_wconf 73' lang='grc' dir='ltr'>ἐστὶ</span> <span class='ocrx_word' id='word_1_692' title='bbox 1251 4515 1355 4572; x_wconf 79' lang='grc' dir='ltr'>ζωὴ</span> <span class='ocrx_word' id='word_1_693' title='bbox 1417 4511 1742 4571; x_wconf 79' lang='grc' dir='ltr'>αἰώνιος,ὠς</span> 
     </span>
    </p>
   </div>
   <div class='ocr_carea' id='block_1_96' title="bbox 136 4596 1736 4676">
    <p class='ocr_par' dir='ltr' id='par_1_96' title="bbox 136 4596 1736 4676">
     <span class='ocr_line' id='line_1_96' title="bbox 136 4596 1736 4676; baseline -0.001 -22"><span class='ocrx_word' id='word_1_694' title='bbox 136 4603 382 4676; x_wconf 76' lang='grc' dir='ltr'>πρόξενος</span> <span class='ocrx_word' id='word_1_695' title='bbox 414 4603 548 4662; x_wconf 80' lang='grc' dir='ltr'>ζωῆς</span> <span class='ocrx_word' id='word_1_696' title='bbox 580 4600 846 4672; x_wconf 85' lang='grc' dir='ltr'>αἰωνίου.[</span> <span class='ocrx_word' id='word_1_697' title='bbox 887 4603 953 4652; x_wconf 83' lang='grc' dir='ltr'><strong>Οἱ</strong></span> <span class='ocrx_word' id='word_1_698' title='bbox 997 4596 1056 4652; x_wconf 70' lang='grc' dir='ltr'><strong>δε</strong></span> <span class='ocrx_word' id='word_1_699' title='bbox 1105 4603 1221 4670; x_wconf 80' lang='lat'><strong>(77)</strong></span> <span class='ocrx_word' id='word_1_700' title='bbox 1262 4605 1332 4672; x_wconf 75' lang='grc' dir='ltr'><strong>μὴ</strong></span> <span class='ocrx_word' id='word_1_701' title='bbox 1379 4605 1736 4671; x_wconf 77' lang='grc' dir='ltr'>υποταγέντες,</span> 
     </span>
    </p>
   </div>
   <div class='ocr_carea' id='block_1_97' title="bbox 138 4687 781 4764">
    <p class='ocr_par' dir='ltr' id='par_1_97' title="bbox 138 4687 781 4764">
     <span class='ocr_line' id='line_1_97' title="bbox 138 4687 781 4764; baseline -0.002 -20"><span class='ocrx_word' id='word_1_702' title='bbox 138 4711 212 4764; x_wconf 84' lang='grc' dir='ltr'>μη</span> <span class='ocrx_word' id='word_1_703' title='bbox 222 4688 257 4743; x_wconf 87' lang='grc' dir='ltr'><strong>δ</strong></span> <span class='ocrx_word' id='word_1_704' title='bbox 260 4695 282 4744; x_wconf 76' lang='lat' dir='ltr'><strong>&#39;s</strong></span> <span class='ocrx_word' id='word_1_705' title='bbox 344 4687 781 4764; x_wconf 83' lang='grc' dir='ltr'>παραδεξάμενοι,</span> 
     </span>
    </p>
   </div>
   <div class='ocr_carea' id='block_1_98' title="bbox 140 4776 1738 4852">
    <p class='ocr_par' dir='ltr' id='par_1_98' title="bbox 140 4776 1738 4852">
     <span class='ocr_line' id='line_1_98' title="bbox 140 4776 1738 4852; baseline -0.003 -18"><span class='ocrx_word' id='word_1_706' title='bbox 140 4785 304 4833; x_wconf 83' lang='grc' dir='ltr'>αἰτιοι</span> <span class='ocrx_word' id='word_1_707' title='bbox 337 4797 350 4808; x_wconf 90' lang='grc'><strong>·</strong></span> <span class='ocrx_word' id='word_1_708' title='bbox 385 4776 573 4832; x_wconf 72' lang='grc' dir='ltr'>οὐδένα</span> <span class='ocrx_word' id='word_1_709' title='bbox 599 4782 700 4852; x_wconf 80' lang='grc' dir='ltr'>γὰρ</span> <span class='ocrx_word' id='word_1_710' title='bbox 732 4780 926 4830; x_wconf 80' lang='grc' dir='ltr'>ἄκοντα</span> <span class='ocrx_word' id='word_1_711' title='bbox 963 4779 1365 4850; x_wconf 75' lang='grc' dir='ltr'>καταναγκάζει.</span> <span class='ocrx_word' id='word_1_712' title='bbox 1399 4779 1582 4852; x_wconf 80' lang='grc' dir='ltr'>Αἰρετὴ</span> <span class='ocrx_word' id='word_1_713' title='bbox 1637 4782 1738 4851; x_wconf 81' lang='grc' dir='ltr'><strong>γὰρ</strong></span> 
     </span>
    </p>
   </div>
   <div class='ocr_carea' id='block_1_99' title="bbox 139 4867 418 4944">
    <p class='ocr_par' dir='ltr' id='par_1_99' title="bbox 139 4867 418 4944">
     <span class='ocr_line' id='line_1_99' title="bbox 139 4867 418 4944; baseline 0.007 -21"><span class='ocrx_word' id='word_1_714' title='bbox 139 4874 167 4929; x_wconf 76' lang='grc' dir='ltr'>ἡ</span> <span class='ocrx_word' id='word_1_715' title='bbox 205 4867 418 4944; x_wconf 79' lang='grc' dir='ltr'>ἁρετή’]</span> 
     </span>
    </p>
   </div>
   <div class='ocr_carea' id='block_1_100' title="bbox 209 4955 1736 5031">
    <p class='ocr_par' dir='ltr' id='par_1_100' title="bbox 209 4955 1736 5031">
     <span class='ocr_line' id='line_1_100' title="bbox 209 4955 1736 5031; baseline -0.001 -20"><span class='ocrx_word' id='word_1_716' title='bbox 209 4957 358 5016; x_wconf 78' lang='grc' dir='ltr'>Αῦτη</span> <span class='ocrx_word' id='word_1_717' title='bbox 416 4989 485 4998; x_wconf 91' lang='grc'><strong>-</strong></span> <span class='ocrx_word' id='word_1_718' title='bbox 516 4961 763 5031; x_wconf 81' lang='grc' dir='ltr'>Χριστόν.</span> <span class='ocrx_word' id='word_1_719' title='bbox 818 4962 917 5010; x_wconf 82' lang='grc' dir='ltr'><strong>Καὶ</strong></span> <span class='ocrx_word' id='word_1_720' title='bbox 975 4962 1129 5018; x_wconf 80' lang='grc' dir='ltr'>ὅντως</span> <span class='ocrx_word' id='word_1_721' title='bbox 1187 4955 1386 5017; x_wconf 76' lang='grc' dir='ltr'>αἰώνιος</span> <span class='ocrx_word' id='word_1_722' title='bbox 1415 4957 1522 5017; x_wconf 80' lang='grc' dir='ltr'><strong>ζωὴ</strong></span> <span class='ocrx_word' id='word_1_723' title='bbox 1559 4958 1588 5014; x_wconf 85' lang='grc' dir='ltr'>ἡ</span> <span class='ocrx_word' id='word_1_724' title='bbox 1626 4957 1736 5009; x_wconf 85' lang='grc' dir='ltr'>θεο-</span> 
     </span>
    </p>
   </div>
   <div class='ocr_carea' id='block_1_101' title="bbox 130 5043 1738 5124">
    <p class='ocr_par' dir='ltr' id='par_1_101' title="bbox 130 5043 1738 5124">
     <span class='ocr_line' id='line_1_101' title="bbox 130 5043 1738 5124; baseline -0.003 -22"><span class='ocrx_word' id='word_1_725' title='bbox 130 5052 366 5124; x_wconf 77' lang='grc' dir='ltr'>γνωσία,</span> <span class='ocrx_word' id='word_1_726' title='bbox 396 5055 458 5120; x_wconf 78' lang='grc' dir='ltr'>τῇ</span> <span class='ocrx_word' id='word_1_727' title='bbox 500 5051 676 5100; x_wconf 83' lang='grc' dir='ltr'>πίστει</span> <span class='ocrx_word' id='word_1_728' title='bbox 727 5051 814 5100; x_wconf 82' lang='grc' dir='ltr'>καὶ</span> <span class='ocrx_word' id='word_1_729' title='bbox 859 5055 960 5098; x_wconf 89' lang='grc' dir='ltr'><strong>τῶν</strong></span> <span class='ocrx_word' id='word_1_730' title='bbox 989 5049 1152 5119; x_wconf 79' lang='grc' dir='ltr'>ἔργων</span> <span class='ocrx_word' id='word_1_731' title='bbox 1184 5043 1426 5104; x_wconf 87' lang='grc' dir='ltr'>δηλονότι</span> <span class='ocrx_word' id='word_1_732' title='bbox 1459 5046 1738 5118; x_wconf 80' lang='grc' dir='ltr'>συνεζευγ-</span> 
     </span>
    </p>
   </div>
   <div class='ocr_carea' id='block_1_102' title="bbox 867 4688 1741 4752">
    <p class='ocr_par' dir='ltr' id='par_1_102' title="bbox 867 4688 1741 4752">
     <span class='ocr_line' id='line_1_102' title="bbox 867 4688 1741 4752; baseline -0.002 -10"><span class='ocrx_word' id='word_1_733' title='bbox 867 4689 1014 4743; x_wconf 71' lang='grc' dir='ltr'><strong>αὗτοὶ</strong></span> <span class='ocrx_word' id='word_1_734' title='bbox 1071 4699 1160 4750; x_wconf 79' lang='grc' dir='ltr'>τῆς</span> <span class='ocrx_word' id='word_1_735' title='bbox 1240 4689 1431 4742; x_wconf 77' lang='grc' dir='ltr'>ἑαυτῶν</span> <span class='ocrx_word' id='word_1_736' title='bbox 1483 4688 1741 4752; x_wconf 79' lang='grc' dir='ltr'>ἀπωλείας</span> 
     </span>
    </p>
   </div>
   <div class='ocr_carea' id='block_1_103' title="bbox 201 5224 1778 5297">
    <p class='ocr_par' dir='ltr' id='par_1_103' title="bbox 201 5224 1778 5297">
     <span class='ocr_line' id='line_1_103' title="bbox 201 5224 1778 5297; baseline -0.003 -15"><span class='ocrx_word' id='word_1_737' title='bbox 201 5230 256 5264; x_wconf 73' lang='grc' dir='ltr'><strong>³ο</strong></span> <span class='ocrx_word' id='word_1_738' title='bbox 295 5227 466 5282; x_wconf 88' lang='lat' dir='ltr'><strong>Joan.</strong></span> <span class='ocrx_word' id='word_1_739' title='bbox 500 5241 599 5292; x_wconf 84' lang='lat' dir='ltr'><strong>vn,</strong></span> <span class='ocrx_word' id='word_1_740' title='bbox 629 5228 683 5281; x_wconf 89' lang='lat'><strong>6.</strong></span> <span class='ocrx_word' id='word_1_741' title='bbox 820 5230 877 5282; x_wconf 86' lang='lat'><strong>3|</strong></span> <span class='ocrx_word' id='word_1_742' title='bbox 919 5224 1108 5280; x_wconf 86' lang='lat' dir='ltr'><strong>Galat.</strong></span> <span class='ocrx_word' id='word_1_743' title='bbox 1152 5241 1208 5290; x_wconf 89' lang='grc' dir='ltr'><strong>ιι,</strong></span> <span class='ocrx_word' id='word_1_744' title='bbox 1238 5228 1308 5280; x_wconf 82' lang='grc'><strong>20</strong></span> <span class='ocrx_word' id='word_1_745' title='bbox 1342 5242 1354 5292; x_wconf 89' lang='grc'><strong>;</strong></span> <span class='ocrx_word' id='word_1_746' title='bbox 1392 5225 1602 5297; x_wconf 88' lang='lat' dir='ltr'><strong>Ephes.</strong></span> <span class='ocrx_word' id='word_1_747' title='bbox 1636 5241 1690 5290; x_wconf 89' lang='lat' dir='ltr'><strong>v,</strong></span> <span class='ocrx_word' id='word_1_748' title='bbox 1725 5227 1778 5278; x_wconf 85' lang='lat'><strong>2.</strong></span> 
     </span>
    </p>
   </div>
   <div class='ocr_carea' id='block_1_104' title="bbox 1847 4501 3505 4578">
    <p class='ocr_par' dir='ltr' id='par_1_104' title="bbox 1847 4501 3505 4578">
     <span class='ocr_line' id='line_1_104' title="bbox 1847 4501 3505 4578; baseline -0.007 -11"><span class='ocrx_word' id='word_1_749' title='bbox 1847 4510 2013 4567; x_wconf 88' lang='lat' dir='ltr'><strong>dedit</strong></span> <span class='ocrx_word' id='word_1_750' title='bbox 2058 4506 2464 4578; x_wconf 87' lang='lat' dir='ltr'><strong>Evangelium,</strong></span> <span class='ocrx_word' id='word_1_751' title='bbox 2498 4506 2719 4578; x_wconf 87' lang='lat' dir='ltr'><strong>Deique</strong></span> <span class='ocrx_word' id='word_1_752' title='bbox 2765 4503 3063 4567; x_wconf 88' lang='lat' dir='ltr'><strong>notitiam,</strong></span> <span class='ocrx_word' id='word_1_753' title='bbox 3113 4507 3355 4574; x_wconf 71' lang='lat' dir='ltr'><strong>quaeest</strong></span> <span class='ocrx_word' id='word_1_754' title='bbox 3382 4501 3505 4557; x_wconf 84' lang='lat' dir='ltr'><strong>vita</strong></span> 
     </span>
    </p>
   </div>
   <div class='ocr_carea' id='block_1_105' title="bbox 1848 4591 3500 4669">
    <p class='ocr_par' dir='ltr' id='par_1_105' title="bbox 1848 4591 3500 4669">
     <span class='ocr_line' id='line_1_105' title="bbox 1848 4591 3500 4669; baseline -0.006 -14"><span class='ocrx_word' id='word_1_755' title='bbox 1848 4607 2088 4663; x_wconf 66' lang='lat' dir='ltr'><strong>eterna,</strong></span> <span class='ocrx_word' id='word_1_756' title='bbox 2117 4603 2319 4669; x_wconf 89' lang='lat' dir='ltr'><strong>utpote</strong></span> <span class='ocrx_word' id='word_1_757' title='bbox 2345 4596 2530 4652; x_wconf 87' lang='lat' dir='ltr'><strong>vitam</strong></span> <span class='ocrx_word' id='word_1_758' title='bbox 2551 4593 2880 4650; x_wconf 90' lang='lat' dir='ltr'><strong>concilians</strong></span> <span class='ocrx_word' id='word_1_759' title='bbox 2911 4597 3188 4647; x_wconf 69' lang='lat' dir='ltr'><strong>aeternam</strong></span> <span class='ocrx_word' id='word_1_760' title='bbox 3223 4608 3233 4646; x_wconf 95' lang='lat'>:</span> <span class='ocrx_word' id='word_1_761' title='bbox 3269 4591 3372 4663; x_wconf 91' lang='lat' dir='ltr'><strong>qui</strong></span> <span class='ocrx_word' id='word_1_762' title='bbox 3402 4607 3500 4646; x_wconf 85' lang='lat' dir='ltr'><strong>au-</strong></span> 
     </span>
    </p>
   </div>
   <div class='ocr_carea' id='block_1_106' title="bbox 1849 4678 3504 4756">
    <p class='ocr_par' dir='ltr' id='par_1_106' title="bbox 1849 4678 3504 4756">
     <span class='ocr_line' id='line_1_106' title="bbox 1849 4678 3504 4756; baseline -0.006 -12"><span class='ocrx_word' id='word_1_763' title='bbox 1849 4694 1966 4744; x_wconf 93' lang='lat' dir='ltr'><strong>tem</strong></span> <span class='ocrx_word' id='word_1_764' title='bbox 1987 4703 2102 4743; x_wconf 91' lang='lat' dir='ltr'><strong>non</strong></span> <span class='ocrx_word' id='word_1_765' title='bbox 2120 4691 2258 4741; x_wconf 90' lang='lat' dir='ltr'><strong>sunt</strong></span> <span class='ocrx_word' id='word_1_766' title='bbox 2278 4685 2549 4756; x_wconf 89' lang='lat' dir='ltr'><strong>subjecti,</strong></span> <span class='ocrx_word' id='word_1_767' title='bbox 2572 4698 2763 4755; x_wconf 90' lang='lat' dir='ltr'><strong>neque</strong></span> <span class='ocrx_word' id='word_1_768' title='bbox 2782 4681 2931 4737; x_wconf 91' lang='lat' dir='ltr'><strong>illud</strong></span> <span class='ocrx_word' id='word_1_769' title='bbox 2955 4685 3362 4752; x_wconf 88' lang='lat' dir='ltr'><strong>susceperunt,</strong></span> <span class='ocrx_word' id='word_1_770' title='bbox 3388 4678 3504 4750; x_wconf 90' lang='lat' dir='ltr'><strong>ipsi</strong></span> 
     </span>
    </p>
   </div>
   <div class='ocr_carea' id='block_1_107' title="bbox 1851 4769 3506 4849">
    <p class='ocr_par' dir='ltr' id='par_1_107' title="bbox 1851 4769 3506 4849">
     <span class='ocr_line' id='line_1_107' title="bbox 1851 4769 3506 4849; baseline -0.005 -16"><span class='ocrx_word' id='word_1_771' title='bbox 1851 4777 1963 4833; x_wconf 90' lang='lat' dir='ltr'><strong>sibi</strong></span> <span class='ocrx_word' id='word_1_772' title='bbox 1990 4775 2339 4849; x_wconf 89' lang='lat' dir='ltr'><strong>perditionis</strong></span> <span class='ocrx_word' id='word_1_773' title='bbox 2389 4790 2575 4830; x_wconf 90' lang='lat' dir='ltr'><strong>causa</strong></span> <span class='ocrx_word' id='word_1_774' title='bbox 2602 4776 2755 4838; x_wconf 88' lang='lat' dir='ltr'><strong>sunt,</strong></span> <span class='ocrx_word' id='word_1_775' title='bbox 2809 4770 3102 4826; x_wconf 90' lang='lat' dir='ltr'><strong>neminem</strong></span> <span class='ocrx_word' id='word_1_776' title='bbox 3131 4769 3288 4826; x_wconf 91' lang='lat' dir='ltr'><strong>enim</strong></span> <span class='ocrx_word' id='word_1_777' title='bbox 3327 4769 3506 4840; x_wconf 88' lang='lat' dir='ltr'><strong>cogit-</strong></span> 
     </span>
    </p>
   </div>
   <div class='ocr_carea' id='block_1_108' title="bbox 1850 4859 3035 4922">
    <p class='ocr_par' dir='ltr' id='par_1_108' title="bbox 1850 4859 3035 4922">
     <span class='ocr_line' id='line_1_108' title="bbox 1850 4859 3035 4922; baseline -0.006 0"><span class='ocrx_word' id='word_1_778' title='bbox 1850 4866 2118 4922; x_wconf 89' lang='lat' dir='ltr'><strong>invitum.</strong></span> <span class='ocrx_word' id='word_1_779' title='bbox 2153 4868 2300 4921; x_wconf 89' lang='lat' dir='ltr'><strong>Nam</strong></span> <span class='ocrx_word' id='word_1_780' title='bbox 2343 4863 2524 4919; x_wconf 90' lang='lat' dir='ltr'><strong>virtus</strong></span> <span class='ocrx_word' id='word_1_781' title='bbox 2555 4859 2891 4917; x_wconf 82' lang='lat' dir='ltr'><strong>voluntaria</strong></span> <span class='ocrx_word' id='word_1_782' title='bbox 2930 4864 3035 4915; x_wconf 91' lang='lat' dir='ltr'><strong>est.</strong></span> 
     </span>
    </p>
   </div>
   <div class='ocr_carea' id='block_1_109' title="bbox 1923 4949 3507 5012">
    <p class='ocr_par' dir='ltr' id='par_1_109' title="bbox 1923 4949 3507 5012">
     <span class='ocr_line' id='line_1_109' title="bbox 1923 4949 3507 5012; baseline -0.005 -2"><span class='ocrx_word' id='word_1_783' title='bbox 1923 4957 2080 5012; x_wconf 84' lang='lat' dir='ltr'><strong>Vers.</strong></span> <span class='ocrx_word' id='word_1_784' title='bbox 2115 4959 2166 5011; x_wconf 90' lang='lat'><strong>3.</strong></span> <span class='ocrx_word' id='word_1_785' title='bbox 2188 4955 2332 5010; x_wconf 62' lang='lat' dir='ltr'><strong>Haec</strong></span> <span class='ocrx_word' id='word_1_786' title='bbox 2349 4983 2418 4993; x_wconf 89' lang='lat'><strong>—-</strong></span> <span class='ocrx_word' id='word_1_787' title='bbox 2437 4951 2741 5008; x_wconf 79' lang='lat' dir='ltr'><strong>Christum</strong></span> <span class='ocrx_word' id='word_1_788' title='bbox 2775 4949 3146 5005; x_wconf 75' lang='lat' dir='ltr'><strong>~Etverevita</strong></span> <span class='ocrx_word' id='word_1_789' title='bbox 3174 4951 3392 5004; x_wconf 67' lang='lat' dir='ltr'><strong>aeterna</strong></span> <span class='ocrx_word' id='word_1_790' title='bbox 3417 4950 3507 5003; x_wconf 89' lang='lat' dir='ltr'><strong>est</strong></span> 
     </span>
    </p>
   </div>
   <div class='ocr_carea' id='block_1_110' title="bbox 1853 5036 3506 5116">
    <p class='ocr_par' dir='ltr' id='par_1_110' title="bbox 1853 5036 3506 5116">
     <span class='ocr_line' id='line_1_110' title="bbox 1853 5036 3506 5116; baseline -0.006 -15"><span class='ocrx_word' id='word_1_791' title='bbox 1853 5045 1952 5102; x_wconf 86' lang='lat' dir='ltr'><strong>Dei</strong></span> <span class='ocrx_word' id='word_1_792' title='bbox 1976 5045 2249 5116; x_wconf 77' lang='lat' dir='ltr'><strong>cOgnitio,</strong></span> <span class='ocrx_word' id='word_1_793' title='bbox 2275 5041 2391 5098; x_wconf 86' lang='lat' dir='ltr'><strong>ﬁde</strong></span> <span class='ocrx_word' id='word_1_794' title='bbox 2413 5057 2482 5098; x_wconf 91' lang='lat' dir='ltr'><strong>ac</strong></span> <span class='ocrx_word' id='word_1_795' title='bbox 2505 5039 2791 5112; x_wconf 90' lang='lat' dir='ltr'><strong>operibus</strong></span> <span class='ocrx_word' id='word_1_796' title='bbox 2818 5038 3172 5110; x_wconf 87' lang='lat' dir='ltr'><strong>conjunctis.</strong></span> <span class='ocrx_word' id='word_1_797' title='bbox 3197 5039 3344 5093; x_wconf 88' lang='lat' dir='ltr'><strong>Nam</strong></span> <span class='ocrx_word' id='word_1_798' title='bbox 3362 5036 3506 5105; x_wconf 82' lang='lat' dir='ltr'><strong>ﬁdes</strong></span> 
     </span>
    </p>
   </div>
   <div class='ocr_carea' id='block_1_111' title="bbox 1911 5217 2948 5287">
    <p class='ocr_par' dir='ltr' id='par_1_111' title="bbox 1911 5217 2948 5287">
     <span class='ocr_line' id='line_1_111' title="bbox 1911 5217 2948 5287; baseline -0.008 -8"><span class='ocrx_word' id='word_1_799' title='bbox 1911 5224 1981 5279; x_wconf 86' lang='lat'><strong>3&#39;2</strong></span> <span class='ocrx_word' id='word_1_800' title='bbox 2003 5225 2171 5279; x_wconf 84' lang='lat' dir='ltr'><strong>Joan.</strong></span> <span class='ocrx_word' id='word_1_801' title='bbox 2201 5237 2324 5287; x_wconf 81' lang='lat' dir='ltr'><strong>xui,</strong></span> <span class='ocrx_word' id='word_1_802' title='bbox 2359 5224 2442 5286; x_wconf 80' lang='grc'><strong>33,</strong></span> <span class='ocrx_word' id='word_1_803' title='bbox 2589 5217 2752 5286; x_wconf 83' lang='lat' dir='ltr'><strong>Psal.</strong></span> <span class='ocrx_word' id='word_1_804' title='bbox 2804 5234 2862 5287; x_wconf 89' lang='grc' dir='ltr'><strong>ιι,</strong></span> <span class='ocrx_word' id='word_1_805' title='bbox 2894 5217 2948 5272; x_wconf 92' lang='grc'><strong>8.</strong></span> 
     </span>
    </p>
   </div>
   <div class='ocr_carea' id='block_1_112' title="bbox 1368 5401 2297 5470">
    <p class='ocr_par' dir='ltr' id='par_1_112' title="bbox 1368 5401 2297 5470">
     <span class='ocr_line' id='line_1_112' title="bbox 1368 5401 2297 5470; baseline -0.004 -1"><span class='ocrx_word' id='word_1_806' title='bbox 1368 5402 1594 5470; x_wconf 67' lang='lat' dir='ltr'><strong>Variae</strong></span> <span class='ocrx_word' id='word_1_807' title='bbox 1627 5401 1953 5470; x_wconf 85' lang='lat' dir='ltr'><strong>lectiones</strong></span> <span class='ocrx_word' id='word_1_808' title='bbox 1984 5411 2048 5468; x_wconf 85' lang='lat' dir='ltr'><strong>et.</strong></span> <span class='ocrx_word' id='word_1_809' title='bbox 2088 5407 2297 5467; x_wconf 71' lang='lat' dir='ltr'><strong>notae.</strong></span> 
     </span>
    </p>
   </div>
   <div class='ocr_carea' id='block_1_113' title="bbox 232 5599 944 5659">
    <p class='ocr_par' dir='ltr' id='par_1_113' title="bbox 232 5599 944 5659">
     <span class='ocr_line' id='line_1_113' title="bbox 232 5599 944 5659; baseline 0 -1"><span class='ocrx_word' id='word_1_810' title='bbox 232 5605 334 5659; x_wconf 75' lang='grc'><strong>74)</strong></span> <span class='ocrx_word' id='word_1_811' title='bbox 364 5600 598 5658; x_wconf 82' lang='lat' dir='ltr'><strong>Inclusa</strong></span> <span class='ocrx_word' id='word_1_812' title='bbox 632 5599 852 5656; x_wconf 87' lang='lat' dir='ltr'><strong>omittit</strong></span> <span class='ocrx_word' id='word_1_813' title='bbox 875 5603 944 5658; x_wconf 80' lang='grc' dir='ltr'><strong>Α.</strong></span> 
     </span>
    </p>
   </div>
   <div class='ocr_carea' id='block_1_114' title="bbox 204 5605 938 5749">
    <p class='ocr_par' dir='ltr' id='par_1_114' title="bbox 204 5605 938 5749">
     <span class='ocr_line' id='line_1_114' title="bbox 232 5605 938 5659; baseline -0.001 0"><span class='ocrx_word' id='word_1_814' title='bbox 232 5606 305 5659; x_wconf 74' lang='grc'><strong>74</strong></span> <span class='ocrx_word' id='word_1_815' title='bbox 364 5605 598 5658; x_wconf 77' lang='lat' dir='ltr'><strong>Inclusa</strong></span> <span class='ocrx_word' id='word_1_816' title='bbox 632 5605 852 5656; x_wconf 86' lang='lat' dir='ltr'><strong>omittit</strong></span> <span class='ocrx_word' id='word_1_817' title='bbox 875 5605 938 5658; x_wconf 80' lang='grc' dir='ltr'><strong>Α.</strong></span> 
     </span>
     <span class='ocr_line' id='line_1_115' title="bbox 204 5605 938 5749; baseline -0.005 -19"><span class='ocrx_word' id='word_1_818' title='bbox 204 5605 334 5749; x_wconf 49' lang='grc' dir='ltr'><strong>ξ’ῖὸζ</strong></span> <span class='ocrx_word' id='word_1_819' title='bbox 372 5671 607 5730; x_wconf 88' lang='lat' dir='ltr'><strong>Inclusa</strong></span> <span class='ocrx_word' id='word_1_820' title='bbox 631 5671 848 5730; x_wconf 87' lang='lat' dir='ltr'><strong>absunt</strong></span> <span class='ocrx_word' id='word_1_821' title='bbox 872 5672 938 5726; x_wconf 83' lang='grc' dir='ltr'><strong>Α.</strong></span> 
     </span>
    </p>
   </div>
   <div class='ocr_carea' id='block_1_115' title="bbox 1945 5593 2671 5667">
    <p class='ocr_par' dir='ltr' id='par_1_115' title="bbox 1945 5593 2671 5667">
     <span class='ocr_line' id='line_1_116' title="bbox 1945 5593 2671 5667; baseline -0.004 -16"><span class='ocrx_word' id='word_1_822' title='bbox 1945 5597 2037 5667; x_wconf 88' lang='lat'><strong>&#39;76)</strong></span> <span class='ocrx_word' id='word_1_823' title='bbox 2069 5594 2306 5667; x_wconf 76' lang='lat' dir='ltr'><strong>Inclusa</strong></span> <span class='ocrx_word' id='word_1_824' title='bbox 2350 5593 2571 5667; x_wconf 85' lang='lat' dir='ltr'><strong>desunt</strong></span> <span class='ocrx_word' id='word_1_825' title='bbox 2608 5597 2671 5648; x_wconf 77' lang='grc' dir='ltr'><strong>Δ.</strong></span> 
     </span>
    </p>
   </div>
   <div class='ocr_carea' id='block_1_116' title="bbox 1921 5597 2612 5740">
    <p class='ocr_par' dir='ltr' id='par_1_116' title="bbox 1921 5597 2612 5740">
     <span class='ocr_line' id='line_1_117' title="bbox 1945 5597 2612 5667; baseline -0.004 -16"><span class='ocrx_word' id='word_1_826' title='bbox 1945 5597 2037 5667; x_wconf 88' lang='lat'><strong>‘76)</strong></span> <span class='ocrx_word' id='word_1_827' title='bbox 2069 5597 2306 5650; x_wconf 82' lang='lat' dir='ltr'><strong>Inclusa</strong></span> <span class='ocrx_word' id='word_1_828' title='bbox 2350 5597 2571 5650; x_wconf 85' lang='lat' dir='ltr'><strong>desunt</strong></span> <span class='ocrx_word' id='word_1_829' title='bbox 2608 5638 2612 5648; x_wconf 87' lang='lat'><strong>.</strong></span> 
     </span>
     <span class='ocr_line' id='line_1_118' title="bbox 1921 5597 2612 5740; baseline -0.001 -19"><span class='ocrx_word' id='word_1_830' title='bbox 1921 5597 2033 5740; x_wconf 59' lang='grc' dir='ltr'><strong>ξπ)</strong></span> <span class='ocrx_word' id='word_1_831' title='bbox 2061 5666 2296 5724; x_wconf 77' lang='lat' dir='ltr'><strong>Inclusa</strong></span> <span class='ocrx_word' id='word_1_832' title='bbox 2320 5665 2533 5724; x_wconf 81' lang='lat' dir='ltr'><strong>omittit</strong></span> <span class='ocrx_word' id='word_1_833' title='bbox 2549 5667 2612 5720; x_wconf 79' lang='grc' dir='ltr'><strong>Δ.</strong></span> 
     </span>
    </p>
   </div>
  </div>
