4022 6232
542 229 681 287 1439

1859 230 2207 288 EUTHYMII
2250 231 2582 289 ZIGABENI

3718 229 3821 287 tuo

540 357 751 430 inquit,
784 356 917 413 Sine
941 357 1197 429 operibus
1228 365 1461 416 mortua
1491 366 1573 417 est
1604 360 1671 412 ".
1706 361 1776 415 Ut
1826 362 2196 431 cognoscant

2316 363 2484 412 zs'vow.
2512 358 2571 412 Ἦ
2601 362 2779 420 πίστις
2818 359 2943 432 γὰρ.
2986 361 3137 430 φησὶ,
3170 358 3342 430 χωρὶς
3397 362 3492 408 τῶν
3539 356 3679 430 ἔργων
3709 361 3824 429 νεκρά

542 448 754 515 Deum,
787 452 841 501 te
872 447 1067 502 solum
1101 464 1306 504 verum
1337 452 1518 506 Deum
1548 454 1605 506 et
1647 465 1764 506 me.

610 624 809 679 Solum
836 629 1034 679 autem
1058 641 1263 682 verum
1286 628 1471 683 Deum
1495 628 1642 683 dixit
1659 629 1908 692 Patrem,
1936 626 2012 682 ad
2028 626 2195 683 diffe-

538 714 789 768 rentiam
822 714 969 769 falso
996 715 1287 771 dictorum
1313 718 1562 773 deorum
1589 733 1737 783 ;non
1761 733 2038 772 verorum
2065 717 2194 789 qui-

538 802 698 867 dem,
728 803 830 857 sed
886 809 1081 858 tamen
1124 805 1441 860 dictorum.
1499 809 1621 861 Non
1664 810 1865 862 autem
1923 807 2187 878 seipsum

541 895 694 945 esset
723 891 912 957 clusit,
943 895 1087 963 quin
1120 910 1289 949 verus
1352 898 1502 950 Deus
1532 900 1674 951 Nam
1722 911 1987 967 quonam
2021 899 2193 966 pacto

541 979 601 1034 id
641 979 833 1035 facere
860 982 1062 1052 potuit,
1104 982 1269 1053 quod
1301 1000 1361 1038 se
1392 985 1698 1049 veritatem
1746 990 1922 1039 vocat
1950 985 2191 1039 dicens:

543 1069 662 1139 Ego
673 1084 801 1124 sum
818 1072 1032 1126 veritas
1044 1072 1092 1106 ³³
1110 1077 1185 1137 ;et
1198 1088 1257 1126 se
1273 1073 1422 1128 Patri
1439 1072 1720 1144 praedicat
1733 1072 2194 1145 aequalem,cnm

543 1158 744 1213 multis
767 1159 896 1213 aliis
925 1160 982 1215 in
1006 1160 1165 1227 locis,
1192 1170 1314 1217 tum
1332 1162 1433 1217 ubi
1457 1164 1573 1218 ait:
1598 1164 1718 1233 Ego
1741 1164 1992 1219 etPaler
2015 1179 2195 1218 unum

541 1263 736 1303 sumus
753 1248 838 1304 3°?
855 1252 981 1303 Non
1008 1250 1121 1305 hoc
1136 1267 1277 1319 ergo
1300 1268 1451 1307 nunc
1470 1251 1647 1307 etiam
1673 1253 1748 1306 de
1781 1268 1842 1306 se
1875 1252 2003 1323 ipso
2027 1252 2191 1316 dixit,

545 1340 604 1391 ut
628 1337 781 1407 quod
813 1353 884 1392 ex
910 1338 1001 1393 his
1026 1356 1156 1410 quae
1206 1338 1543 1411 frequenter
1572 1339 1773 1395 docuit
1812 1346 2017 1395 notum
2069 1345 2186 1399 est.

546 1426 849 1496 Siquidem
868 1443 1059 1500 neque
1083 1430 1332 1499 Spiritus
1357 1429 1545 1484 sancti
1563 1429 1659 1484 hic
1681 1429 1971 1494 meminit,
1994 1434 2197 1500 utpote

546 1516 616 1570 de
640 1531 761 1587 quo
790 1517 1221 1586 signiﬁcaverat
1252 1520 1311 1574 in
1336 1520 1427 1574 his
1450 1536 1578 1591 quae
1628 1519 1929 1586 docuerat,
1981 1536 2198 1591 nempe

546 1621 683 1660 cum
715 1607 971 1662 essetille
991 1608 1341 1673 Paracletus,
1362 1610 1464 1682 qui
1488 1609 1730 1664 duceret
1751 1624 1853 1665 eos
1875 1609 1936 1663 in
1955 1625 2197 1665 omnem

544 1695 870 1760 veritatem,
907 1697 1057 1752 sicut
1087 1698 1425 1767 praedictum
1455 1703 1563 1753 est.

620 1785 777 1837 Vers.
792 1787 843 1838 4.
859 1785 982 1855 Ego
1002 1817 1059 1825 -
1080 1794 1325 1843 terram.
1344 1788 1609 1857 —Super
1627 1792 1849 1843 terram
1864 1786 2025 1842 dixit.
2050 1789 2199 1843 Nam

553 1872 613 1928 in
646 1872 795 1928 cmlo
827 1873 1189 1943 gloriﬁcatns
1221 1876 1424 1941 fuerat,
1458 1892 1528 1930 ex
1564 1884 1776 1932 natura
1804 1876 2036 1931 habens
2076 1875 2201 1945 glo-

552 1962 705 2017 riam
728 1963 881 2017 etab
908 1964 1134 2033 angelis
1156 1965 1456 2020 adoratus.
1489 1968 1613 2021 Non
1635 1981 1777 2036 ergo
1796 1965 1863 2020 de
1885 1964 1980 2020 illa
2010 1965 2204 2036 loqui-

554 2054 649 2106 tur
677 2050 886 2121 gloria,
920 2069 1104 2124 quam
1132 2069 1201 2108 ex
1226 2053 1559 2109 substantia
1590 2055 1664 2125 (g)
1694 2070 1802 2110 sua
1832 2054 2205 2110 haereditario

549 2138 681 2209 jure
707 2140 967 2211 possidet
994 2157 1006 2207 ;
1029 2158 1169 2197 nam
1193 2142 1375 2212 illam,
1407 2148 1462 2197 et
1490 2144 1534 2197 si
1558 2159 1735 2198 nemo
1763 2159 1899 2197 eum
1922 2142 2209 2211 gloriﬁcet

556 2226 794 2298 plenam
826 2228 1027 2294 habet,
1062 2230 1167 2285 sed
1198 2230 1352 2285 hanc
1382 2230 1542 2296 dicit,
1574 2247 1710 2302 quae
1760 2230 1837 2286 ab
1894 2230 2207 2286 hominum

556 2315 709 2371 cultu
722 2316 1209 2389 resultat.Nempe
1224 2318 1335 2374 tale
1349 2324 1433 2374 est
1448 2325 1505 2373 et
1519 2319 1971 2387 illud,Gloriﬁca
1983 2321 2207 2375 Filium

558 2409 745 2458 tuum.
776 2407 840 2459 Et
859 2409 923 2460 ut
944 2406 1097 2460 scias
1121 2406 1272 2477 quod
1298 2406 1372 2463 de
1390 2408 1502 2463 hac
1524 2407 1712 2478 gloria
1738 2408 2038 2481 loquatur,
2071 2408 2206 2464 sub-

552 2491 752 2562 jungit
781 2510 794 2548 :

628 2668 793 2725 Vers.
827 2672 877 2725 4.
913 2670 1063 2742 Opus
1086 2703 1154 2711 —
1178 2672 1453 2742 facerem.
1504 2672 1991 2729 Prasdicationem
2022 2673 2212 2730 Evan-

559 2757 717 2827 gelii.
752 2761 928 2831 Atqui
954 2777 1047 2815 res
1070 2760 1265 2816 adhuc
1286 2762 1344 2817 in
1368 2762 1673 2835 principiis
1703 2766 1826 2819 erat
1855 2780 1868 2830 ;
1900 2763 2210 2835 quomodo

559 2863 701 2917 ergo
719 2848 856 2903 dicit
872 2849 1285 2907 Consumman
1298 2854 1325 2907 ?
1343 2852 1491 2916 Quia
1507 2852 1801 2924 quidquid
1821 2868 2065 2907 suarum
2087 2857 2214 2909 erat

558 2938 815 3009 partium
846 2938 967 3011 jam
1018 2940 1389 3012 impleverat.

630 3032 742 3082 Aut
768 3029 1027 3084 futurum
1065 3029 1224 3096 dicit,
1265 3035 1551 3101 tanquam
1582 3030 1967 3102 praeteritum.

633 3114 739 3171 Vel
760 3117 872 3172 hoc
885 3116 1034 3173 dixit
1053 3118 1191 3189 quia
1198 3119 1322 3190 jam
1344 3119 1605 3174 radicem
1620 3119 2208 3190 bodnorumjecerat,

560 3219 696 3277 quae
730 3206 914 3263 onino
952 3207 1201 3263 fructum
1234 3214 1360 3264 erat
1398 3208 1781 3280 productura.

635 3294 769 3366 Ipse
795 3311 934 3365 ergo
963 3298 1191 3352 Patrem
1211 3296 1565 3367 gloriﬁcavit
1586 3298 1644 3352 in
1669 3302 1825 3353 terra
1839 3303 2042 3370 utpote
2072 3298 2215 3356 data

556 3382 685 3453 jam
715 3384 789 3439 de
820 3400 891 3440 eo
922 3386 1128 3441 notitia
1161 3386 1438 3441 universo
1482 3385 1613 3442 orbi
1662 3402 1767 3458 per
1826 3388 2210 3457 Evangelium

560 3473 719 3544 quod
753 3489 856 3544 per
879 3475 1185 3544 apostolos
1215 3475 1273 3529 in
1308 3475 1581 3530 universo
1624 3475 1852 3531 mundo
1884 3477 2215 3547 praedican-

560 3560 707 3615 dum
737 3566 879 3616 erat.
922 3565 1067 3617 Nam
1106 3564 1173 3617 In
1236 3579 1484 3626 omnem,
1520 3564 1733 3634 inquit,
1783 3572 2004 3620 terram
2036 3565 2212 3621 exivit

561 3663 739 3703 sonus
765 3664 986 3712 eorum,
1007 3652 1144 3705 etin
1160 3651 1306 3717 ﬁnes
1328 3652 1482 3706 orbis
1514 3658 1691 3707 terra?
1720 3654 1898 3709 verba
1921 3669 2119 3709 eorum
2142 3656 2211 3708 ⁷³.

564 3737 712 3789 Eum
734 3751 973 3807 quoque
990 3736 1364 3804 gloriﬁcavit,
1392 3739 1600 3796 omnia
1628 3740 1678 3795 ei
1706 3740 2079 3807 ascribendo,
2100 3748 2215 3798 tam

563 3823 866 3881 doctrinas
893 3840 1074 3896 quam
1100 3826 1288 3897 signa.

639 4003 805 4059 Vers.
838 4005 891 4061 5.
923 4005 999 4061 Et
1025 4037 1093 4046 —
1125 4012 1197 4063 te.
1229 4008 1349 4079 Ego
1378 4006 1623 4079 quidem
1660 4006 2005 4081 gloriﬁcavit
2052 4014 2106 4067 te
2155 4010 2215 4066 in

569 4096 746 4158 terra,
775 4099 837 4149 ut
863 4094 1259 4165 signiﬁcatum
1285 4102 1414 4153 est:
1463 4113 1599 4154 vero
1644 4098 1903 4169 gloriﬁca
1946 4115 2041 4155 me
2091 4100 2220 4169 glo-

568 4182 656 4237 ria
676 4181 1021 4255 divinitatis,
1048 4201 1233 4257 quam
1255 4184 1441 4241 habui
1463 4192 1597 4241 ante
1624 4187 1833 4242 mundi
1856 4187 2216 4243 constitutio-

569 4285 727 4326 nem.
757 4270 1031 4328 Gloriﬁca
1061 4289 1156 4328 me
1188 4274 1484 4330 hominem
1516 4277 1679 4347 apud
1707 4275 1984 4346 teipsum,
2036 4276 2219 4346 regali

569 4358 718 4415 solio
734 4359 983 4433 dignum
1009 4362 1171 4432 apud
1187 4368 1238 4418 te
1247 4363 1524 4433 judicans
1555 4364 1784 4435 ;dequo
1797 4364 2216 4436 aitPropheta:

568 4450 735 4505 Dixit
747 4451 1032 4506 Dominus
1046 4450 1281 4507 Domino
1295 4468 1438 4518 meo,
1454 4454 1567 4509 hoc
1585 4457 1695 4519 est,
1716 4457 1881 4509 Pater
1896 4452 2056 4524 Filio,
2072 4454 2223 4511 Sede

570 4539 844 4596 adextris
862 4542 1001 4598 meis
1023 4542 1091 4594 ³⁸.
1113 4540 1381 4598 Glorifica
1412 4559 1505 4598 me
1534 4542 1722 4612 gloria
1739 4559 1923 4614 quam
1948 4543 2134 4599 habui
2158 4548 2221 4600 ut

571 4628 749 4693 Deus,
783 4630 1127 4702 priusquam
1168 4631 1263 4687 hic
1296 4632 1560 4688 mundus
1614 4638 1785 4698 esset,
1830 4632 1992 4704 apud
2054 4636 2217 4690 tuam

643 4832 688 4867 ”
728 4833 848 4898 Jac,
882 4849 936 4899 ιι,
970 4833 1057 4889 20.
1089 4836 1133 4870 ³⁸
1160 4838 1327 4891 Joan.
1368 4852 1485 4901 xw,
1539 4840 1590 4892 6.
1726 4837 1945 4893 “Joan.
1979 4852 2031 4904 x,
2071 4841 2157 4894 30.

2285 4840 2327 4873 ³⁷
2373 4836 2532 4897 Psal.
2590 4854 2748 4906 xvm,
2783 4842 2811 4893 5
2849 4853 2863 4904 ;
2906 4837 3073 4894 Rom.
3103 4852 3158 4901 x,
3224 4837 3306 4891 t8.

2304 451 2463 503 ἐστιν,
2495 448 2605 502 Ἰνα
2626 453 2930 521 γινώσκωσι
2949 452 3097 517 Θεὸν,
3132 450 3188 500 σε
3212 450 3299 499 τὸν
3324 450 3475 519 μόνον
3499 444 3710 504 ἀληθινόν
3732 451 3826 499 Θεὸν

2303 541 2388 589 καὶ
2411 538 2523 609 ἐμέ.

2376 632 2540 680 Μόνον
2570 624 2630 679 δὲ
2667 626 2908 684 ἀληθινὸν
2939 628 3067 678 Θεὸν
3118 622 3224 678 εἶπε
3252 628 3339 676 τόν
3379 628 3577 697 Πατέρα
3601 626 3711 696 πρὸς
3741 618 3829 676 διε-

2307 715 2493 773 στολὴν
2525 724 2624 766 τὼν
2655 712 3008 787 ψευδωνύμων
3062 716 3201 777 θεῶν,
3235 721 3336 764 τῶν
3367 712 3459 764 οὐκ
3488 715 3631 763 ὄντων
3657 715 3748 782 μὲν,
3768 712 3831 763 λι-

2301 808 2529 877 γομένων
2562 800 2641 858 δέ.
2674 803 2750 855 Οὐ
2782 808 2879 875 μην
2929 802 3109 855 ἑαυτὸν
3133 800 3333 865 ἐξέϐαλε
3372 800 3462 853 τοῦ
3502 800 3618 853 εἶναι
3646 798 3832 857 ἀληθινὸν

2306 899 2451 947 Θεόν.
2482 900 2595 954 [Ιὼς
2625 896 2726 964 γάρ
2759 909 2773 959 ;
2806 895 2859 954 ὃς
2880 912 2939 964 γε
2988 892 3229 949 ἀληθειαν
3262 890 3442 943 ἑαυτὸν
3491 888 3642 954 καλεῖ,
3669 889 3795 960 λέγων
3823 908 3833 920 ·

2303 987 2435 1054 Ἐγώ
2451 982 2559 1053 εἰμι
2589 986 2619 1039 ἠ
2649 981 2865 1041 ἀλήθεια
2897 1000 2912 1014 ⁸
2943 987 3034 1035 καὶ
3060 985 3176 1033 ἶσον
3207 981 3387 1033 ἑαυτὸν
3408 999 3477 1051 τῳ
3503 983 3656 1049 Πατρὶ
3690 982 3835 1051 κηρύτ-

2303 1092 2400 1141 τει,
2436 1071 2459 1145 [
2488 1070 2536 1124 ἐν
2557 1072 2728 1134 ἄλλοις
2754 1091 2808 1124 τε
2837 1072 3052 1141 (78-79)
3092 1070 3314 1135 πολλοῖς,
3364 1074 3451 1121 καὶ
3505 1089 3551 1121 εν
3591 1069 3662 1129 οἷς
3698 1073 3837 1139 fucis,

2305 1163 2440 1232 Ἐγὼ
2493 1166 2583 1214 καὶ
2631 1162 2656 1212 ό
2704 1165 2884 1235 Πατὴρ
2923 1162 2973 1213 ἓν
3029 1160 3201 1231 ἐσμεν.
3259 1159 3370 1211 Οὐκ
3427 1155 3555 1210 εἶπεν
3605 1153 3682 1208 οὖν
3724 1163 3839 1207 τοῦτο

2305 1255 2536 1323 καὶπερὶ
2582 1250 2767 1303 ἑαυτοῦ
2800 1258 2910 1317 νῦν,
2960 1253 3024 1310 ὡς
3071 1245 3178 1308 ἤδη
3225 1254 3484 1321 γνώριμον
3532 1246 3608 1319 ἀφ’
3652 1246 3710 1297 ὧν
3748 1245 3839 1296 πολ-

2304 1340 2447 1400 λάκις
2501 1336 2732 1402 ἐδιδαξε.
2770 1344 2870 1392 Καὶ
2917 1342 3017 1412 γὰρ
3078 1334 3201 1390 οὐδὲ
3260 1345 3352 1390 τοῦ
3411 1336 3555 1407 ἁγίου
3602 1337 3840 1406 nmmo;

2308 1428 2679 1501 ἐμνημόνευσεν
2722 1427 2959 1493 ἐνταῦθα,
3017 1430 3087 1489 ὡς
3134 1432 3225 1479 καὶ
3286 1430 3403 1499 περὶ
3427 1428 3603 1477 τούτου
3646 1420 3843 1483 δηλώσας

2310 1518 2393 1591 ἀφ’
2435 1520 2502 1570 ὧν
2534 1514 2761 1588 ἐδίδαξε,
2809 1523 2898 1569 καὶ
2964 1520 3033 1577 ὡς
3078 1516 3239 1567 αὑτοῦ
3288 1523 3382 1566 τοῦ
3423 1512 3731 1586 Παραχλήτον
3749 1508 3842 1567 oin-

2307 1614 2560 1680 γήσοντος
2599 1608 2788 1670 αὐτοὺς
2818 1607 2886 1667 εἰς
2923 1612 3097 1659 πᾶσαν
3148 1610 3238 1663 τὴν
3272 1604 3534 1669 ἀλήθειαν,
3562 1603 3712 1663 καθὼς
3752 1620 3840 1673 προ-

2232 1703 2276 1758 Β
2310 1696 2560 1773 είρηται.]

2384 1786 2516 1857 Ἐγὼ
2572 1817 2637 1827 --
2696 1794 2818 1857 γῆς.
2880 1815 2949 1825 —-
3010 1784 3129 1836 Ἐπὶ
3194 1789 3290 1842 τῆς
3343 1788 3441 1852 γῆς
3500 1776 3618 1844 εἷπε,
3659 1775 3773 1831 διότι
3808 1778 3843 1828 ἐν

2311 1884 2383 1946 τῷ
2426 1875 2625 1949 οὐρανῷ
2666 1870 3003 1938 ίδεδόξαστο,
3052 1874 3100 1925 ἰν
3158 1890 3214 1923 τε
3260 1872 3381 1943 (80)
3422 1873 3563 1941 φύσει
3610 1872 3691 1925 τὴν
3727 1863 3844 1928 δόξαν

2314 1968 2470 2036 ἔχων,
2529 1969 2619 2015 καὶ
2670 1965 2816 2037 παρὰ
2878 1971 2979 2015 τῶν
3033 1959 3261 2032 ἀγγέλων
3316 1960 3741 2031 προσκυνούμενος.
3790 1953 3845 2005 Οὐ

2312 2058 2481 2106 τοίνυν
2528 2058 2646 2127 περὶ
2683 2050 2877 2113 ἐκείνης
2920 2059 3015 2111 τῆς
3074 2046 3233 2112 δόξης
3286 2047 3446 2119 λέγει,
3507 2054 3591 2107 τῆς
3640 2052 3694 2117 τῇ
3730 2042 3846 2113 οὐσίᾳ

2317 2142 2475 2194 αὐτοῦ
2525 2141 3023 2213 συγκεκληρωμένης
3055 2158 3067 2171 ·
3112 2137 3313 2196 ἐκείνην
3370 2140 3493 2211 γὰρ,
3522 2138 3598 2186 καὶ
3645 2134 3681 2185 εἰ
3704 2129 3847 2203 μηδεὶς

2317 2229 2560 2294 ἐδόξαζεν
2582 2231 2756 2300 αὐτόν,
2789 2232 2901 2301 ἔχει
2920 2233 3331 2300 πεπληρωμένην
3354 2246 3367 2259 ο
3395 2224 3519 2278 ἀλλὰ
3544 2225 3711 2280 ταύτην
3733 2226 3844 2293 φησὶ,

2316 2326 2410 2380 τήν
2437 2321 2537 2373 ἀπό
2565 2327 2663 2381 τῆς
2695 2319 2938 2393 λατρείας
2965 2326 3066 2369 τῶν
3097 2316 3387 2390 ἀνθρώπων
3424 2332 3697 2386 γινομενην.
3736 2309 3846 2383 [0‘3-

2317 2418 2438 2462 χοῦν
2465 2411 2578 2479 (8i)
2608 2414 2837 2461 τοιοῦτόν
2856 2407 2968 2460 ἔστι
2993 2411 3083 2459 καὶ
3110 2410 3169 2459 τό
3203 2424 3216 2437 ·
3254 2404 3484 2468 Δόξασόν
3516 2422 3603 2456 σου
3629 2405 3702 2454 τὸν
3730 2402 3839 2454 ram.

2320 2504 2421 2553 Καὶ
2444 2500 2525 2551 ἱνα
2550 2500 2721 2571 μάθῃς
2765 2499 2846 2550 ὃτι
2907 2500 3027 2571 περὶ
3058 2498 3257 2557 ταύτης
3300 2503 3402 2557 τῆς
3448 2490 3597 2556 δόξης
3624 2486 3846 2563 oscinis-

2318 2594 2483 2660 ἠγαγε
2517 2588 2553 2659 ·]
3154 2676 3162 2679 _
3610 2677 3626 2679 Α
3675 2667 3729 2679 _.

2387 2680 2456 2730 Τό
2512 2679 2660 2751 ἔργον
2699 2706 2767 2716 -
2819 2679 3047 2733 ποιήσω.
3100 2676 3172 2727 Τό
3236 2679 3495 2746 κηρυγμα
3546 2677 3628 2722 τοῦ
3675 2674 3847 2751 E5477}-

2319 2766 2452 2818 λίου.
2490 2749 2591 2819 καὶ
2638 2770 2740 2838 μὴν
2791 2763 2967 2838 ἀρχὴν
3020 2765 3095 2815 ἔτι
3147 2765 3204 2815 τό
3260 2768 3487 2835 πρᾶγμα
3529 2756 3647 2830 εἶχε,
3676 2749 3847 2816 πῶςδῶ

2318 2856 2451 2926 λέγει
2495 2854 2797 2908 Ἐτελείωσά
2854 2869 2868 2921 ;
2926 2852 3047 2906 Ὀτι
3102 2857 3201 2905 πᾶν
3266 2855 3329 2904 τὸ
3407 2854 3584 2903 ἔαυτοὺ
3632 2850 3845 2901 πεποὶηκεν

2320 2942 2451 3003 ἤδη.

2251 3060 2290 3115 C
2394 3040 2435 3086 Η
2451 3038 2507 3086 τὸ
2532 3032 2769 3105 ἐσόμενον
2798 3035 2866 3093 ὡς
2891 3034 3223 3103 γεγενημένον
3241 3029 3411 3101 λέγει,

2390 3122 2457 3175 Ἠ
2495 3130 2646 3175 τοῦτο
2674 3120 2806 3174 εἶπεν
2833 3124 2903 3182 ὡς
2932 3125 3025 3178 τὴν
3054 3120 3207 3194 ῥίζαν
3232 3127 3339 3171 τῶν
3372 3117 3572 3189 ἀγαθῶν
3600 3109 3848 3166 καταϐαλλόο

2320 3231 2488 3284 μενος,
2511 3215 2628 3272 ἣτις
2656 3212 2862 3269 πάντως
2892 3208 3061 3280 ἔμελλε
3086 3216 3515 3280 καρποφορῆσαι.

2394 3300 2559 3363 Αὐτός
2584 3296 2671 3352 οὖν
2696 3303 2782 3351 τόν
2817 3302 3022 3371 Πατέρα
3050 3293 3301 3359 ἐδόξασεν
3346 3295 3431 3348 ἐπὶ
3462 3302 3547 3354 τῆς
3569 3300 3676 3363 γῆς.
3703 3282 3847 3349 ὑςῆδη

2319 3394 2577 3462 γνωρίσας
2609 3388 2762 3440 αὐτόν
2791 3389 2936 3459 πάσῃ
2967 3394 3025 3458 τῇ
3060 3386 3340 3457 οἰκουμένῃ
3376 3380 3470 3437 διὰ
3496 3390 3583 3435 τοῦ
3608 3376 3847 3450 Εὐαγγελὲον

2322 3478 2347 3530 ὃ
2377 3477 2545 3550 ἔμελλε
2572 3478 2907 3549 κηρυχθῆναι
2936 3473 2983 3527 ἐν
3010 3474 3109 3545 ὅλῳ
3135 3482 3206 3544 τῷ
3231 3478 3420 3545 κόσμῳ
3447 3469 3483 3525 δ
3487 3474 3537 3522 toi
3568 3478 3655 3522 τῶν
3685 3467 3850 3519 ἀποστό-

2321 3567 2439 3621 λων.
2474 3570 2561 3629 Εἰς
2580 3573 2755 3618 πᾶσαν
2780 3567 2904 3639 γάρ,
2960 3569 3115 3635 φησὶ,
3147 3568 3239 3621 τὴν
3279 3571 3384 3634 γῆν
3414 3560 3609 3625 ἐξῆλθεν
3634 3559 3657 3611 ὁ
3682 3558 3849 3629 φθόγγος

2323 3656 2511 3722 αὐτῶν,
2544 3660 2633 3707 καὶ
2692 3654 2759 3715 εἰς
2796 3656 2863 3706 τὰ
2914 3656 3115 3728 πέρατα
3152 3660 3242 3713 τῆς
3270 3652 3572 3723 οἰκουμένης
3598 3651 3658 3700 τὰ
3694 3647 3849 3718 ῥήματα

2325 3746 2517 3801 αὐτῶν.
2576 3740 2830 3806 Ἐδόξασε
2886 3739 2945 3794 δε
2998 3741 3175 3808 αὐτόν,
3228 3746 3323 3794 καὶ
3382 3743 3447 3801 ὡς
3487 3742 3551 3791 τὰ
3585 3738 3729 3790 πάντα
3750 3730 3849 3796 αὐτῷ

2325 3834 2752 3907 ἐπιγραφόμενος,
2826 3835 2915 3885 καὶ
2978 3832 3074 3891 τὰς
3142 3826 3520 3894 διδασκαλίας,
3571 3824 3742 3878 καὶτὰ
3782 3836 3850 3872 σε·

2325 3930 2465 3997 μεῐα.

2400 4016 2502 4064 Καὶ
2541 4041 2623 4069 -ρ
2668 4014 2771 4063 σοί.
2831 4011 2969 4080 Ἐγὼ
3014 4011 3104 4081 μὶν
3157 4004 3395 4071 ἐδόξασα
3440 4025 3497 4059 σε
3546 4004 3621 4057 ἐπὶ
3661 4004 3845 4066 τῆςγῦς,

2326 4103 2390 4160 ὡς
2418 4096 2756 4158 δεδήλωταισ
2790 4102 2855 4151 σὺ
2914 4093 2973 4150 δι
3022 4093 3250 4160 δόξασόν
3309 4115 3376 4170 με
3427 4096 3566 4169 παρὰ
3620 4089 3845 4156 dicunt???

2329 4186 2456 4263 δόξῃ
2490 4198 2581 4249 τῆς
2611 4190 2868 4253 θεότητος,
2908 4187 2938 4259 ᾖ
2986 4183 3131 4258 εἶχον
3180 4189 3283 4258 πρὸ
3313 4192 3410 4237 τοῦ
3447 4188 3651 4255 κόσμου.
3678 4176 3847 4263 Δόξασόν

2328 4298 2391 4351 με
2428 4281 2514 4330 τὸν
2543 4279 2811 4349 ἄνθρωπον
2839 4278 2981 4349 παρὰ
3040 4281 3263 4344 σεαυτῷ,
3315 4282 3409 4335 τῆς
3456 4275 3589 4345 παρὰ
3638 4273 3705 4320 σοὶ
3738 4262 3845 4335 βπσυ

2327 4367 2478 4429 λιχῆς
2522 4363 2785 4441 καθέδρας
2816 4364 3064 4428 ἁξιωσας,
3106 4369 3224 4439 περὶ
3258 4364 3321 4415 οὗ
3368 4362 3568 4435 φησινό
3598 4360 3841 4430 Προφήτης·

2331 4455 2479 4510 Εἶπεν
2510 4458 2535 4507 ό
2570 4458 2754 4529 Κύριος
2809 4462 2881 4523 τῷ
2942 4457 3114 4528 Κυρίῳ
3168 4471 3294 4524 μου,
3345 4456 3602 4504 τουτέστιν
3647 4449 3669 4497 ό
3718 4444 3843 4529 ll}???

2330 4553 2400 4615 τῷ
2432 4547 2556 4615 Υὶῷ,
2611 4527 2785 4597 Κάθου
2831 4541 2885 4594 ἐκ
2933 4527 3115 4605 δεξιῶν
3160 4560 3261 4614 μου
3288 4558 3301 4569 ·
3330 4537 3550 4604 δόξασόν
3570 4556 3625 4609 με
3659 4540 3709 4604 τῇ
3738 4527 3838 4597 δὸξζ.

2330 4635 2530 4706 ᾖεῖχον
2576 4635 2645 4694 ὡς
2703 4634 2854 4697 Θεὸς,
2908 4634 3007 4706 πρὸ
3059 4638 3150 4683 τοῦ
3188 4634 3274 4683 τὸν
3331 4634 3528 4702 κόσμον
3580 4624 3708 4686 εἶναι,
3746 4632 3839 4683 παρα

3469 4832 3535 4887 38
3572 4820 3836 4883 Ρειι.σιι.ίο

1823 5040 2040 5111 Varia;
2077 5042 2405 5111 lectiones
2448 5050 2515 5110 et
2552 5049 2755 5109 nota.

646 5210 764 5352 £78)
793 5208 907 5284 ('79)
937 5209 1173 5268 Inclusa
1203 5210 1424 5268 absunt
1451 5214 1525 5267 Α.
1795 5282 1805 5293 .

670 5282 761 5349 80)
792 5282 1019 5348 Nescio,
1054 5288 1251 5339 utrum
1285 5283 1599 5339 Hentenius
1629 5283 1805 5352 legari

670 5282 761 5357 80)
792 5282 1019 5357 NeScio,
1054 5288 1251 5357 utrum
1285 5283 1599 5357 Hentenius
1629 5282 1835 5355 legerit
1869 5290 1930 5357 τῇ
1963 5303 2017 5357 τε
2048 5285 2223 5357 φύσει,

577 5367 655 5409 on
708 5355 763 5405 ἔκ
828 5372 881 5407 τε
923 5356 1141 5428 φύσεως.
1203 5354 1429 5427 Conjici
1502 5354 1928 5427 etiam’possit
1979 5354 2069 5409 οἶτὲ
2127 5358 2225 5428 φύ-

2338 5231 2519 5357 m(81)
2549 5281 2777 5341 Inclusa
2804 5282 3015 5338 absunt
3045 5281 3111 5336 A.

652 5529 737 5603 (9)
768 5533 955 5598 Quam
986 5548 1061 5590 ex
1110 5533 1465 5598 substantia,
1513 5535 1623 5588 etc.
1676 5534 1867 5597 Quam
1906 5549 1943 5590 a
1999 5538 2217 5591 natura
2252 5531 2603 5603 adiunctam
2642 5530 2925 5588 habebat.
2960 5529 3025 5585 ln
3072 5523 3367 5585 vocabulo
3424 5522 3713 5596 συγκληροῡν
3752 5518 3826 5565 non

578 5602 802 5674 ubique
832 5605 1096 5678 urgenda
1125 5610 1213 5662 est
1240 5603 1403 5661 notio
1442 5602 1819 5662 hereditatis.
