4022 6232
185 204 298 276 ιλιι

1126 206 1486 281 COMMENT.
1531 225 1601 281 IN
1637 211 1997 284 JOANNEM.
2038 259 2107 270 —
2145 219 2300 287 CAP.
2343 221 2527 293 "xvu.

3378 242 3509 308 1442

182 352 237 417 τῇ
277 351 332 418 σῇ
367 343 600 418 ἕξουσίᾳσ
652 348 756 418 πρὸ
794 352 888 399 τοῦ
929 348 1016 398 τόν
1055 351 1253 420 κόσμον
1290 352 1552 421 γενέσθαι,
1601 370 1722 404 τουι¹

1859 357 2212 424 potestatem
2218 356 2599 430 ;priusquam
2614 360 2710 417 hic
2723 356 2986 420 mundus
2997 361 3246 435 ﬁeret,id
3259 375 3447 438 est,an
3460 384 3509 429 te

181 437 279 486 itm
317 437 408 509 πρὸ
450 436 654 488 πάντων
699 439 790 488 καὶ
833 433 931 488 ἀεί.
974 434 1056 508 [τό
1095 434 1154 490 δε
1185 437 1320 509 (82),
1357 443 1457 491 Καὶ
1485 447 1593 511 νῦν,
1636 438 1748 493 ἀντὶ

178 530 277 591 τοῦ,
302 527 510 576 Λοιπόν.

242 617 326 665 Καὶ
374 613 526 684 ἡμεῖς
575 617 746 666 τοίνυν
791 611 1152 687 ἀπολαύσομεν
1201 617 1394 678 ταύτης
1442 625 1536 679 τῆς
1587 614 1749 680 δόξης

175 699 250 752 ἐὰν
283 703 624 772 μιμησωμεθα
677 701 854 758 αὐτόν,
919 708 1056 761 Φησὶ
1102 706 1202 778 γὰρ
1253 706 1280 756 ό
1332 705 1545 766 Παῦλος.
1592 710 1742 782 Εἴπερ

175 793 552 864 συμπάσχομεν,
651 792 732 843 ἵνα
809 796 899 845 καὶ
990 789 1445 865 συνδοξασθῶμεν.
1533 800 1744 869 Μυρέων

171 879 264 952 οῖρα
297 875 528 951 δακρύων
581 880 718 943 ἄξιοι
747 882 953 944 πάντως
988 883 1056 946 οἱ,
1101 885 1366 948 τοιαύτης,
1411 889 1744 958 προκειμένης

171 963 330 1034 δόξης,
372 967 698 1031 ἐκπίπτοντες
755 969 914 1031 αὐτῆς
963 967 1055 1023 διὰ
1099 971 1383 1045 ῥᾳθυμίαν,
1433 978 1524 1025 καὶ
1589 969 1743 1032 δίκην

165 1061 457 1129 μαινομένων
530 1063 621 1110 καὶ
705 1056 932 1117 ἀνοήτων
1029 1059 1438 1124 ἐπιϐουλεύοντες
1517 1062 1738 1124 ἑαυτοῖς.

169 1150 260 1200 Καὶ
286 1146 324 1198 εἰ
364 1151 435 1218 μὴ
475 1146 691 1209 κόλασις
737 1150 837 1223 γὰρ
890 1145 972 1216 ἦν,
1013 1147 1323 1202 ἀθλιώτατοι
1361 1152 1430 1216 οἱ,
1482 1150 1742 1223 συμϐασι-

163 1234 327 1289 λεῦσαι
372 1240 462 1288 καὶ
519 1233 945 1299 συνδοξασθῆναι
986 1247 1058 1309 τῷ
1117 1241 1220 1308 Υίῷ
1268 1247 1362 1291 τοῦ
1398 1247 1532 1294 Θεοῦ
1574 1244 1740 1314 παρὸν

161 1323 457 1382 τηλικούτων
531 1323 740 1397 ἀγαθῶν
825 1325 1036 1389 ἑαυτούς
1117 1326 1542 1400 ἀποστεροῦντες.
1629 1331 1739 1382 Ούκ

160 1413 275 1476 ἄξια
319 1416 434 1488 γὰρ,
483 1419 638 1486 φησι,
696 1417 763 1468 τὰ
813 1417 1102 1488 παθήματα
1147 1424 1239 1470 τοῦ
1268 1425 1354 1469 νῦν
1384 1427 1570 1492 καιροῦ
1607 1423 1740 1493 πρὸς

157 1506 246 1561 τήν
262 1501 538 1574 μέλλουσαν
577 1498 734 1566 δόξαν
761 1502 1191 1577 ἀποκαλυφθῆναι
1221 1506 1292 1568 εἰς
1315 1508 1498 1580 ripas].

220 1681 538 1754 Ἐφανέρωσά
593 1710 653 1722 --
713 1680 1024 1756 ἀνθρώποις.
1096 1685 1268 1738 Εἰπὼν
1321 1687 1402 1738 ὅτι
1460 1690 1530 1740 Τὸ
1586 1690 1733 1761 ἔργον

153 1769 421 1839 ἔτελείωσα,
480 1768 805 1843 ἕπεξηγεῖται
860 1775 947 1824 τὸν
1017 1773 1187 1845 λόγον.
1265 1779 1364 1828 Καὶ
1445 1781 1549 1848 μὴν
1624 1785 1734 1840 τοῖς

149 1855 412 1920 Ἰουδαίοις
486 1865 898 1934 πεφανερωμένον
999 1858 1060 1921 ἦν
1155 1867 1212 1916 τό
1300 1868 1462 1936 ὄνομα
1549 1865 1729 1920 αὐτοῦ·

148 1944 356 2019 ᾔδεισαν
380 1951 481 2022 γὰρ
508 1950 588 2002 ὃτι
619 1953 749 2011 Θεὸς
778 1948 936 2003 ἐστιν’
962 1950 1091 2004 ἀλλά
1114 1958 1232 2026 περὶ
1253 1961 1350 2006 τῶν
1375 1953 1539 2006 ἄλλων
1579 1953 1732 2009 ἐθνῶν

146 2034 296 2107 λέγει,
319 2034 392 2098 οἷς
424 2037 692 2108 ἄγνωστον
719 2046 869 2091 τοῦτο
901 2036 982 2098 ἦν.

214 2123 280 2179 Ἦ
328 2129 484 2199 ὄνομα
527 2126 662 2199 λέγει
707 2130 763 2180 τό
809 2132 1082 2203 πατρικὸν,
1126 2131 1206 2182 ὅτι
1254 2129 1363 2184 ἐστὶ
1393 2136 1573 2205 Πατὴρ
1607 2135 1730 2185 Υἵοῦ

141 2219 376 2286 γνησίου.
440 2222 604 2268 Τοῦτο
661 2218 763 2290 γὰρ
823 2215 1009 2290 ἀφανες
1059 2219 1236 2281 αὐτοῖς
1283 2224 1335 2272 ό’ν
1383 2221 1505 2294 παρ’
1569 2221 1730 2274 αῦτοῦ

142 2300 418 2375 ἐφανερώθη
429 2343 442 2359 .

210 2391 308 2451 Ούς
333 2422 400 2431 -
421 2387 575 2449 ἦσαν.
609 2390 698 2455 Ὠς
718 2400 872 2450 Θεοῦ.

208 2483 302 2533 Καὶ
346 2510 416 2520 -
475 2476 732 2543 δέδωκας.
787 2481 875 2544 Ὠς
937 2485 1038 2556 ῖσῳ
1107 2489 1230 2559 Περὶ
1277 2492 1376 2536 τῶν
1429 2483 1726 2540 ἀποστόλων

137 2563 196 2621 δε
249 2570 275 2620 ό
327 2567 495 2641 λόγος.
559 2575 798 2622 Δείκνυσι
863 2567 922 2625 δε
981 2570 1245 2626 κάνταῦθα
1296 2575 1376 2625 ὃτι
1427 2574 1520 2626 ούκ
1586 2578 1723 2628 ἔστιν

135 2655 369 2719 ἀντίθεος,
430 2663 520 2710 καὶ
575 2660 656 2711 ὅτι
722 2658 968 2732 βούλημά
1043 2659 1157 2714 ἐστι
1242 2670 1335 2714 τοῦ
1405 2667 1606 2738 Πατρός
1666 2669 1724 2718 τό

132 2748 387 2799 πιστεύειν
457 2747 643 2808 αύτούς
700 2748 769 2810 εἰς
821 2753 910 2802 τόν
981 2755 1119 2803 Υίόνο
1172 2750 1217 2803 εἰ
1280 2754 1402 2825 γὰρ,
1469 2753 1537 2814 ὡς
1591 2773 1724 2814 τινες

129 2833 392 2909 ληροῦσιν,
449 2837 532 2889 ὅτε
575 2832 710 2895 ἦσαν
756 2845 848 2890 τοῦ
909 2843 1128 2912 Πατρός,
1165 2839 1257 2892 ούκ
1287 2837 1421 2898 ἦσαν
1456 2848 1546 2893 τοῦ
1574 2844 1720 2909 Υἱοῦ,

123 2922 320 2990 λοιπόν,
376 2921 504 2987 δούς
550 2925 736 2987 αὐτούς
809 2927 881 2997 τῷ
932 2930 1056 2998 Υἰῷ,
1113 2925 1291 2991 έξέστη
1351 2932 1540 2995 αὐτῶν,
1599 2932 1720 3006 ὅπερ

121 3013 334 3066 οῖτοπον.
379 3009 618 3076 Δέδωκας
666 3011 724 3067 δέ
756 3034 865 3084 μοι,
910 3011 1038 3083 εἶπε,
1088 3016 1202 3069 καθ’
1256 3018 1310 3069 ὃν
1362 3020 1534 3091 εἴρηκε
1569 3018 1720 3091 λόγον

1857 441 2060 497 omnia
2084 447 2140 499 et
2159 459 2416 516 semper.
2439 447 2608 509 Quod
2626 455 2827 506 autem
2851 450 3082 522 dicitur,
3101 457 3174 512 Et
3197 475 3376 527 nunc,
3395 462 3510 519 hoc

1855 535 1961 598 est,
1992 530 2298 605 Deinceps.

1926 619 1992 674 Et
2018 635 2128 675 nos
2156 637 2298 692 ergo
2317 622 2430 679 hac
2452 623 2720 682 fruemur
2749 628 2955 698 gloria,
2991 632 3039 686 si
3061 649 3198 689 eum
3222 634 3508 696 fuerimus

1852 706 2088 762 imitati.
2112 709 2204 766 Ait
2233 710 2392 767 enim
2425 711 2677 774 Paulus:
2707 715 2768 771 Si
2790 729 3184 791 compatimur
3212 731 3274 778 ut
3300 735 3352 782 et
3379 745 3511 786 con-

1850 797 2256 865 gtoriﬁcemur
2285 802 2354 856 ’9.
2391 802 2644 859 Omnino
2663 821 2808 862 sane
2831 808 3160 866 innumeris
3189 813 3350 882 digni
3372 825 3510 874 sunt

1852 883 2143 956 lacrymis,
2171 888 2436 960 quicum
2469 894 2777 964 proposita
2813 897 2885 951 sit
2911 898 3256 969 hujusmodi
3289 905 3504 974 gloria,

1853 988 1963 1029 sua
1987 975 2235 1044 segnitie
2252 976 2330 1032 ab
2347 994 2415 1033 ea
2435 980 2776 1047 exciderint,
2805 992 2860 1040 et
2884 1002 3050 1042 more
3077 988 3505 1052 insanientium

1849 1077 1922 1117 ac
1954 1063 2322 1120 dementium
2355 1067 2470 1123 sibi
2500 1068 2646 1140 ipsis
2675 1072 2922 1129 insidias
2960 1080 3316 1146 paraverint.
3357 1087 3505 1141 Nam

1849 1150 1954 1206 etsi
1979 1151 2212 1226 nullum,
2232 1162 2386 1211 esset
2403 1157 2783 1229 supplicium,
2803 1163 3120 1220 miserrimi
3139 1172 3338 1224 tamen
3353 1171 3509 1242 judi-

1848 1245 2121 1296 carentur
2153 1262 2166 1301 :
2195 1244 2457 1315 quicum
2482 1246 2593 1302 sibi
2615 1255 2891 1320 paratum
2911 1252 3134 1320 fuisset,
3163 1261 3367 1312 utcum
3391 1260 3506 1317 tilio

1847 1328 1946 1384 Dei
1964 1339 2466 1402 conregnarentet
2479 1337 3086 1412 congloriﬁcarentur,
3102 1345 3213 1415 ipsi
3235 1363 3361 1404 sese
3381 1350 3507 1406 tali-

1845 1415 1960 1472 bus
1979 1418 2308 1488 privassent
2325 1421 2658 1481 bonis.Non
2679 1435 2812 1484 sunt
2831 1430 2990 1485 enim
3003 1435 3317 1506 condigme
3341 1439 3506 1508 afﬂi-

1844 1505 2060 1562 ctiones
2072 1508 2244 1580 hujus
2256 1513 2533 1580 temporis
2553 1515 2635 1570 ad
2648 1516 2928 1584 futuram
2964 1505 3506 1597 gloriamque-ma-

1843 1595 2221 1665 nifestabitur
2245 1615 2382 1671 erga
2401 1618 2508 1658 nos
2539 1604 2613 1661 ⁴⁰.

1916 1685 2602 1758 Vers.6.Manifestavi—
2623 1693 2973 1752 hominibus.
2993 1698 3319 1773 Postquam
3333 1706 3500 1764 dixit:

1846 1772 2004 1842 Opus
2021 1779 2446 1846 consummavi,
2468 1781 2751 1853 explanat
2769 1800 2930 1840 nunc
2950 1772 3308 1847 sermonem.
3328 1794 3505 1868 Atqui

1840 1861 2058 1918 Judteis
2090 1866 2537 1924 manifestatum
2592 1878 2718 1928 erat
2741 1889 2963 1931 nomen
3023 1861 3504 1949 ejus;noverant

1842 1951 2000 2042 enim
2021 1953 2182 2042 quod
2214 1957 2366 2011 Deus
2396 1963 2568 2025 esset,
2602 1962 2702 2016 sed
2725 1961 2838 2019 hoc
2864 1963 2938 2020 de
2970 1965 3099 2022 aliis
3130 1969 3271 2026 dicit
3308 1973 3496 2042 genti-

1840 2037 1972 2104 bus,
2008 2041 2230 2114 quibus
2259 2044 2318 2099 id
2353 2045 2621 2116 ignotum
2653 2058 2796 2105 erat.

1912 2133 2022 2184 Aut
2058 2145 2280 2188 nomen
2313 2133 2454 2190 dicit
2481 2143 2819 2208 paternum,
2866 2143 3032 2214 quod
3058 2145 3228 2204 Pater
3263 2150 3340 2206 sit
3371 2152 3493 2209 Filii

1838 2218 2146 2274 naturalis.
2170 2221 2323 2276 Nam
2347 2239 2485 2278 cum
2508 2224 2570 2280 id
2601 2242 2700 2282 eos
2723 2227 2948 2294 lateret,
2983 2231 3060 2287 ab
3088 2232 3220 2304 ipso
3252 2239 3495 2295 manife-

1840 2309 2064 2363 statum
2095 2313 2206 2364 est.

1907 2394 2069 2450 Vers.
2095 2400 2146 2450 6.
2176 2398 2325 2465 Quos
2349 2429 2418 2441 —
2438 2409 2630 2459 erant.
2659 2405 2968 2477 Tanquam
3000 2409 3122 2465 Dei.

1908 2483 2069 2539 Vers.
2091 2488 2142 2538 6.
2169 2487 2243 2541 Et
2267 2519 2332 2528 —
2350 2489 2585 2546 dedisti.
2605 2493 2916 2564 Tanquam
2933 2497 3166 2568 aequali.
3185 2502 3276 2556 Est
3291 2509 3492 2561 autem

1837 2572 1906 2626 de
1932 2573 2220 2643 apostolis
2251 2593 2468 2634 sermo.
2503 2580 2632 2645 Quo
2672 2582 2853 2638 etiam
2886 2584 2981 2640 hic
3025 2589 3299 2657 ostendit,
3329 2595 3492 2662 quod

1833 2677 1955 2717 non
1981 2663 2056 2717 sit
2073 2662 2194 2718 Deo
2216 2667 2570 2734 contrarius,
2590 2671 2875 2742 quodque
2898 2676 3079 2729 Patris
3103 2684 3194 2734 est
3220 2679 3490 2739 voluntas

1836 2756 1899 2804 ut
1926 2750 2172 2807 credant
2194 2753 2252 2807 in
2279 2753 2508 2810 Filium.
2533 2759 2680 2812 Nam
2711 2760 2779 2823 si,
2807 2765 2870 2814 ut
2895 2763 3143 2833 quidam
3169 2776 3486 2839 uagantur,

1832 2854 1972 2894 cum
2005 2840 2192 2895 Patris
2237 2847 2424 2913 erant,
2460 2859 2580 2900 non
2613 2853 2784 2902 erant
2822 2849 2968 2914 Filii,
3004 2867 3378 2926 consequens
3404 2867 3491 2916 est

1831 2933 1915 2992 ut,
1944 2943 2082 2983 cum
2113 2944 2215 2984 eos
2255 2929 2484 2987 dederit
2540 2933 2697 2999 Filio,
2749 2937 3094 2996 alienaverit
3143 2958 3288 3011 eos;
3331 2948 3489 3018 quod

1829 3014 2167 3072 absurdum
2197 3023 2306 3073 est.
2367 3019 2612 3087 Dedisti,
2647 3024 2858 3097 inquit,
2894 3029 3061 3094 mihi,
3095 3031 3272 3103 juxta
3305 3014 3488 3106 quem

118 3105 384 3174 πρότερον·
433 3103 514 3155 ὅτι
572 3083 765 3164 ouem;
814 3100 1036 3156 δύναται
1084 3104 1244 3158 nam
1301 3083 1424 3182 πρὸς
1473 3106 1580 3180 ἐμὲ,
1634 3106 1718 3160 ἐὰν

1850 3106 2082 3161 nodum
2112 3106 2290 3163 etiam
2316 3110 2480 3179 prius
2500 3110 2748 3179 dixerat,
2772 3115 2952 3172 Nemo
2969 3083 3159 3187 potest
3189 3083 3386 3180 venii‘e
3409 3126 3491 3182 ad

113 3195 188 3262 μὴ
217 3192 244 3242 ὀ
279 3195 457 3265 Πατήρ
489 3192 514 3242 ό
540 3191 752 3263 πέμψας
781 3211 844 3264 με
872 3193 1064 3266 ἐλκύσῃ
1095 3193 1270 3248 αύτόν.

184 3278 346 3332 Ἀλλὰ
403 3288 516 3342 πῶς
581 3282 798 3355 εἰρηκενο
867 3280 973 3344 Ούς
1041 3278 1278 3346 δέδωκάς
1349 3303 1438 3356 μοι
1499 3283 1554 3337 ἐκ
1625 3294 1718 3340 τοῦ

109 3372 354 3440 κόσμους
421 3367 692 3443 προλαϐὼν
760 3372 862 3445 γάρ
930 3373 1022 3443 ἔφη
1086 3375 1211 3444 πρὸς
1265 3373 1450 3435 αύτούς
1501 3376 1578 3427 ὅτι
1632 3375 1718 3430 Ἐκ

107 3463 202 3508 τοῦ
259 3461 465 3530 κόσμου
516 3457 610 3509 οῦκ
659 3457 792 3512 ἕστέ.
848 3464 1054 3532 Κόσμον
1103 3458 1204 3513 ἐκεῖ
1252 3465 1343 3533 μεν
1394 3467 1515 3526 τοὺς
1561 3483 1717 3525 πονη-

102 3549 232 3619 ρούς
259 3545 548 3618 ὠνόμασεν,
589 3544 811 3600 ἐνταῦθα
849 3543 908 3601 δε
933 3547 1068 3619 λέγει
1096 3553 1190 3606 τὴν
1218 3555 1392 3603 κτίσιν
1426 3555 1640 3612 ταύτην.

177 3639 287 3687 Καὶ
317 3666 388 3674 -
416 3639 756 3708 τετηρήκασι.
790 3639 859 3690 Τό
913 3637 1108 3709 θέλημά
1157 3659 1251 3691 σου
1294 3640 1711 3714 πεπληρώκασιν,

97 3721 149 3775 ἔν
170 3731 248 3794 τῷ
280 3732 568 3776 πιστεῦσαι
595 3724 669 3786 εἰς
697 3722 802 3796 ἐμέ.

166 3819 285 3864 Νῦν
313 3843 381 3853 -
417 3811 551 3867 ἐστι.
579 3844 646 3853 -
675 3820 804 3882 Νῦν,
838 3817 953 3872 ἤτοι
975 3819 1106 3887 μετά
1132 3820 1190 3868 τό
1217 3820 1418 3890 μαθεῖν,
1445 3817 1712 3890 Ἐγνωσαν

92 3903 176 3953 ὅτι
208 3903 391 3953 πάντα
428 3902 541 3973 (83)
569 3904 669 3955 ὅσα
699 3899 940 3966 δέδωκάς
961 3925 1072 3976 μοι,
1106 3910 1391 3959 τουτέστιν·
1415 3906 1554 3961 "Oa-at
1582 3910 1713 3982 λέγω

89 3995 185 4042 καὶ
219 3987 500 4054 διδάσκω,
547 3989 648 4044 ἀπὸ
702 4000 796 4044 σοῦ
828 3992 951 4062 εἱσι,
994 3997 1062 4046 σά
1115 3996 1246 4047 εἰσιν
1277 3995 1583 4069 ἐντάλματα,
1624 4006 1712 4052 καὶ

85 4075 255 4132 ούδὶν
282 4076 425 4131 ἴδιον
456 4078 570 4152 ἇμοὶ
597 4081 626 4139 ᾖ
663 4079 928 4155 ἀλλότριόν
973 4102 1090 4136 σου.
1122 4081 1250 4137 Εἶτα
1278 4084 1413 4157 λέγει
1437 4091 1527 4139 καὶ
1558 4090 1711 4142 πόθεν

81 4175 254 4221 τοῦτο
283 4170 538 4239 ἔγνωσαν.

153 4346 291 4400 Ὀτι
348 4379 419 4388 -
483 4347 806 4413 ἀπέστειλας.
883 4358 1049 4408 Τοῦτο
1129 4354 1359 4423 ἔγνωσαν
1429 4354 1532 4408 ἀπὸ
1608 4364 1709 4408 τῶν

1827 3209 1938 3258 me,
1972 3195 2086 3249 nisi
2108 3197 2310 3264 Pater,
2338 3199 2437 3269 qui
2466 3201 2626 3256 misit
2653 3218 2763 3266 me,
2798 3207 3047 3262 traxerit
3077 3223 3206 3264 eum
3235 3212 3304 3266 ⁴¹.

1900 3283 2014 3339 Sed
2030 3287 2336 3356 quomodo
2351 3288 2501 3343 dixit
2524 3305 2537 3344 :
2561 3290 2712 3358 Quos
2743 3293 2954 3350 dedisti
2975 3297 3124 3353 mihi
3151 3299 3224 3355 de
3238 3303 3483 3369 mundo,

1827 3387 1962 3427 cum
2001 3374 2166 3444 prius
2207 3375 2422 3432 dixerit
2439 3378 2517 3434 ad
2543 3394 2647 3434 eos
2680 3402 2693 3433 :
2718 3380 2802 3438 De
2830 3385 3053 3440 mundo
3083 3403 3204 3443 non
3230 3391 3364 3445 estis
3390 3391 3438 3426 ⁴²
3458 3391 3486 3446 ‘2

1823 3460 1907 3515 Ibi
1937 3460 2184 3533 quidem
2246 3464 2438 3520 malos
2469 3467 2786 3540 appellavit
2833 3472 3132 3530 mundum
3165 3491 3178 3532 :
3223 3476 3320 3534 hic
3347 3495 3484 3537 vero

1825 3548 2117 3606 fabricam
2148 3551 2348 3623 ipsam
2372 3556 2766 3614 mundialem.

1890 3640 2057 3696 Vers.
2079 3639 2224 3698 6.Et
2239 3674 2308 3683 —
2323 3648 3122 3709 servaverunt.Voluntatem
3139 3659 3304 3712 tuam
3323 3672 3484 3716 com-

1821 3728 2155 3802 pleverunt,
2180 3733 2482 3790 credendo
2519 3735 2580 3791 in
2610 3752 2728 3793 me.

1897 3820 2051 3875 Vers.
2085 3825 2136 3874 7.
2171 3821 2344 3878 Nunc
2370 3855 2440 3865 —-
2465 3831 2624 3881 sunt.
2648 3857 2717 3867 —
2741 3828 2942 3894 Nunc,
2977 3837 3292 3905 postquam
3322 3837 3481 3894 vide-

1820 3904 1951 3961 licet
1964 3907 2724 3982 didicerunt,cognoverunt
2737 3919 2898 3988 quod
2908 3922 3109 3976 omnia
3121 3904 3252 3992 quae
3263 3925 3482 3982 dedisti

1821 3995 1989 4064 mihi,
2032 3995 2148 4050 hoc
2187 4003 2298 4061 est,
2330 4000 2707 4074 Quaecunque
2735 4005 2869 4060 dico
2918 4023 2987 4061 ac
3027 4008 3236 4075 doceo,
3288 4012 3394 4068 abs
3425 4019 3480 4072 te

1819 4089 1981 4152 sunt,
2015 4088 2114 4139 tua
2160 4092 2296 4140 sunt
2343 4095 2662 4160 praecepta,
2691 4096 2742 4146 et
2781 4093 2927 4148 nihil
2989 4095 3133 4151 mihi
3163 4101 3474 4170 proprium

1820 4176 1909 4228 est
1937 4177 2041 4228 aut
2065 4171 2327 4231 alienum
2359 4191 2396 4232 a
2427 4181 2507 4234 te.
2552 4179 2773 4235 Deinde
2802 4181 2986 4238 etiam
3017 4183 3154 4240 dicit
3189 4187 3343 4244 unde
3366 4189 3475 4247 hoc

1819 4265 2250 4330 cognoverunt.

1890 4349 2054 4404 Vers.
2087 4352 2140 4406 8.
2194 4351 2348 4418 Quia
2383 4383 2453 4394 —
2480 4353 2712 4412 misisti.
2773 4357 2894 4414 Hoc
2941 4369 3353 4430 cognoverunt
3403 4383 3476 4424 ex

63 4437 355 4510 ῥημάτων
407 4437 474 4488 ὧν
535 4433 745 4492 δέδωκα
814 4441 1012 4503 αὐτοῖς.
1076 4446 1176 4494 Καὶ
1230 4444 1331 4515 γὰρ
1409 4441 1708 4520 διαρρήδην

1850 4438 2038 4505 'erbis,
2081 4455 2218 4512 quae
2258 4440 2394 4497 dedi
2427 4443 2530 4498 eis.
2573 4443 2878 4515 Siquidem
2933 4459 3135 4520 aperte
3179 4452 3475 4513 docebam

64 4521 393 4577 ἐδίδασκον
447 4526 527 4577 ὃτι
564 4529 632 4578 σά
680 4527 813 4580 εἰσιν
852 4531 954 4582 ὅσα
993 4528 1124 4600 λέγω
1166 4536 1255 4583 καὶ
1313 4527 1580 4604 διδάσκω,
1619 4539 1710 4586 καὶ

60 4613 243 4666 αὐτοὶ
276 4612 465 4667 ἔλαϐον
494 4615 757 4677 εὐπειθῶς.

148 4709 354 4756 Ταῦτα
408 4700 468 4756 δε
530 4710 620 4757 καὶ⁵
685 4708 752 4758 τά
805 4714 1026 4760 τοιαῦτα
1084 4703 1381 4780 διαλέγεται
1435 4714 1566 4785 πρὸς
1620 4715 1708 4764 τόν

53 4795 325 4866 Πατέρα,
381 4789 628 4846 δεικνύων
702 4801 807 4856 τοῖς
867 4798 1126 4868 μαθηταῖς
1173 4798 1278 4849 οἷον
1337 4800 1451 4871 ἔχει
1502 4799 1708 4874 φὶλτρον

48 4881 285 4936 αὐτῶν.
339 4880 404 4934 Ὀ
453 4884 554 4956 γὰρ
604 4887 676 4956 μὴ
736 4888 889 4956 μόνον
933 4887 1000 4938 τὰ
1048 4884 1172 4961 παρ’
1212 4885 1400 4942 ἑαυτοῦ
1436 4893 1706 4965 παρέχων,

45 4969 208 5024 ἀλλὰ
307 4975 406 5023 καὶ
487 4969 637 5024 ἄλλον
716 4973 787 5036 εἰς
862 4980 1014 5027 τοῦτο
1101 4974 1435 5051 παρακαλῶν,
1499 4976 1707 5033 πλείονα

41 5055 320 5115 δεικνύει
348 5061 443 5113 τόν
466 5061 648 5116 πόθον.

132 5204 189 5238 ³ο
244 5202 432 5258 Rom.
467 5217 580 5258 vm.
620 5207 704 5258 17.
817 5204 866 5241 ⁴⁰
890 5204 1036 5264 ibid.
1073 5208 1160 5263 18.

1271 5210 1316 5246 ⁴¹
1349 5209 1523 5267 Joan.
1549 5225 1642 5267 vn.
1675 5209 1767 5268 44.

1819 4532 1920 4584 tua
1947 4539 2077 4584 esse
2099 4545 2483 4603 quaecunque
2505 4531 2783 4591 dicebam
2815 4553 2885 4592 ac
2915 4537 3233 4597 docebam.
3268 4544 3334 4600 Et
3358 4544 3476 4617 ipsi

1819 4625 2194 4690 acceperunt,
2221 4618 2394 4676 facile
2430 4621 2726 4692 persuasi.

1889 4708 2026 4762 Haec
2050 4713 2252 4764 autem
2280 4714 2337 4765 et
2366 4709 2582 4767 similia
2605 4711 2868 4785 loquitur
2892 4717 2967 4772 ad
2990 4716 3246 4790 Patrem,
3279 4728 3474 4782 osten-

1819 4797 1968 4853 dens
1997 4796 2328 4869 discipulis,
2361 4815 2543 4871 quem
2582 4817 2725 4872 erga
2743 4803 2878 4860 illos
2917 4806 3472 4874 haberetamorem.

1818 4887 1968 4942 Nam
1997 4887 2092 4958 qui
2130 4903 2252 4943 non
2282 4892 2515 4945 tantum
2558 4906 2669 4948 sua
2709 4892 2928 4963 tribuit,
2963 4897 3068 4954 sed
3097 4903 3154 4954 et
3182 4899 3370 4957 alium
3395 4905 3473 4962 ad

1816 4974 1931 5032 hoc
1960 4980 2256 5048 precatur,
2300 4977 2896 5040 vehementissimam
2934 4987 3190 5045 ostendit
3231 4988 3472 5048 deside-

1816 5081 1994 5123 l'lllm.

1877 5210 1926 5248 ⁴²
1959 5213 2136 5270 Joan.
2163 5229 2256 5268 xv.
2292 5215 2374 5269 19.
2445 5257 2452 5264 .

1299 5392 1524 5463 Variae
1561 5393 1892 5464 lectiones
1930 5404 1996 5463 et
2047 5405 2249 5464 notas.

109 5552 260 5622 (82)
299 5550 555 5610 Inclusa
584 5553 806 5613 absunt
829 5561 894 5615 A.

103 5627 263 5708 (83)
327 5629 439 5680 Καὶ
485 5625 541 5695 οἶ,
571 5643 683 5703 pro
741 5630 861 5700 ὅσα,
913 5632 977 5689 Β.
1024 5626 1294 5708 Ἐγνωσαν
1321 5637 1550 5704 autem,
1577 5635 1715 5695 loco

1818 5566 2039 5646 ξγνωκαν
2054 5565 2303 5646 versu],
2329 5582 2465 5624 cum
2496 5565 2924 5640 Chrysostomo
2966 5568 3126 5644 legit,
3159 5569 3263 5646 qui
3312 5587 3467 5637 vers.

1875 5583 2039 5618 νωκαν
2054 5583 2228 5621 versu
2264 5583 2303 5636 ι,
2329 5583 2397 5624 οι]

1816 5583 1871 5694 "7
1891 5642 1947 5696 et
1977 5641 2009 5694 8
2038 5636 2330 5710 confudit,
2396 5667 2402 5672 -

3357 5715 3376 5744 Ι
