4022 6232
618 145 755 206 1443

614 367 816 423 homo.
853 369 999 421 Nam
1027 372 1082 421 et
1110 365 1205 421 hic
1236 371 1290 422 et
1319 366 1379 420 in
1410 366 1683 438 sequenti
1717 367 2008 423 sententia
2038 367 2268 440 capitur

617 464 785 528 ερωτῶ
817 470 925 525 pro
950 455 1194 510 obsecro.

686 545 850 599 Vers.
886 548 936 600 9.
968 545 1102 600 Non
1135 577 1200 584 —
1231 551 1388 600 sunt.
1426 548 1550 600 Non
1580 561 1688 618 pro
1728 547 1959 602 mundo
1991 547 2267 602 universo

613 649 844 705 precor,
867 633 971 688 sed
990 649 1097 702 pro
1116 634 1207 689 liis
1227 635 1329 706 qui
1381 635 1632 690 credunt
1668 635 1728 690 in
1763 652 1894 702 me;
1928 647 2069 691 nam
2088 636 2268 708 quiin

613 738 708 777 me
726 737 843 778 non
865 723 1123 787 credunt,
1149 724 1358 779 nolunt
1378 730 1438 779 ut
1457 739 1564 796 pro
1588 723 1674 779 eis
1704 741 1890 780 orem.
1921 727 2270 797 Frequenter

613 819 814 867 autem
872 813 1038 884 ponit
1086 812 1334 868 verbum
1391 813 1619 881 dedisti,
1668 820 1730 868 ut
1761 814 1988 869 ﬁrmius
2014 813 2265 881 discant,

613 901 779 974 quod
827 902 1007 956 Patris
1064 902 1339 957 voluntas
1380 902 1450 958 sit
1483 909 1544 957 ut
1601 903 1877 958 credatur
1941 903 2000 958 in
2036 902 2264 959 Filium.

612 991 827 1046 Verum
856 991 1011 1062 quia,
1046 991 1288 1054 Dedisti,
1325 996 1380 1046 et
1411 992 1517 1048 Tui
1545 998 1704 1057 sunt,
1755 1008 1825 1048 ac
1858 992 2095 1056 similia,
2127 991 2267 1047 insi-

612 1079 908 1152 pientibus
969 1093 1186 1150 pravas
1256 1086 1612 1150 generatura
1643 1088 1811 1137 erant
1869 1081 2265 1152 suspiciones,

611 1183 822 1239 nempe
843 1168 1009 1239 quod
1035 1169 1224 1238 major
1246 1176 1302 1222 et
1332 1168 1633 1240 antiquior
1663 1175 1822 1225 esset
1848 1169 2035 1225 Patris
2064 1175 2267 1240 poten-

613 1258 712 1323 tia,
746 1257 855 1312 has
899 1257 1066 1310 solvit
1092 1256 1296 1311 dicens
1326 1281 1337 1311 :

685 1347 847 1401 Vers.
880 1347 965 1401 10.
1007 1347 1084 1401 Et
1122 1377 1192 1386 —
1220 1361 1370 1402 mea.
1432 1347 1614 1402 Vides
1670 1347 1970 1403 honorum
2023 1347 2265 1419 aequali-

611 1440 787 1491 tatem
830 1436 858 1492 ?
889 1451 1031 1490 nam
1078 1435 1188 1490 hoc
1220 1435 1518 1506 signiﬁcat
1556 1451 1716 1490 nunc
1758 1435 1871 1492 ista
1929 1437 2260 1492 conversio.

612 1524 760 1580 Cum
791 1524 951 1578 enim
984 1523 1148 1587 dixit,
1189 1524 1294 1577 Tui
1313 1531 1466 1589 sunt,
1503 1524 1778 1589 ostendit,
1803 1525 1965 1596 quod
1995 1525 2168 1580 etiam
2203 1524 2262 1580 hi

1951 143 2302 211 EUTHYMII
2339 145 2663 210 ZIGABENI
3727 159 3815 224 till

687 277 849 333 Vers.
881 277 932 331 9.
966 277 1093 347 Ego
1118 308 1184 317 —
1207 291 1363 347 rogo.
1392 275 1499 331 Pro
1527 277 1608 331 eis
1631 279 1684 332 te
1712 291 1942 349 precor,
1979 284 2265 349 tanquam
2300 281 2346 334 Α

2449 279 2584 352 Ἐγὼ
2646 313 2713 320 —
2769 279 2961 356 ἐρωτῶ.
3031 279 3179 355 ’Υπὲρ
3229 280 3385 334 αὐτῶν
3435 287 3663 359 παρακαλῶ
3698 309 3749 356 σι,
3781 296 3822 354 ὡς

2379 367 2437 418 ἂν
2446 371 2618 442 θρωπο
2631 390 2669 430 ς.

2449 548 2523 598 Οὐ
2564 580 2629 589 -
2661 548 2810 602 εἰσιν.
2840 549 2914 600 Οὐ
2947 553 3062 621 περὶ
3103 557 3192 601 τοῦ
3226 554 3411 622 κόσμου
3441 557 3598 614 παντὸς
3624 558 3830 629 παρακαλῶ,

2379 635 2506 688 ἀ).λὰ
2540 642 2656 709 περὶ
2707 646 2806 688 τῶν
2854 647 3201 690 πιστευόντων
3252 639 3320 701 εἰς
3359 639 3453 711 ἐμὲ.
3487 646 3540 693 Οἱ
3577 646 3658 715 γὰρ
3683 651 3734 716 μὴ
3758 665 3836 696 πισ-

2376 728 2604 787 τεύοντες
2637 726 2693 777 οὗ
2728 726 2962 779 θέλουσιν
2993 730 3075 779 ἱνα
3103 733 3218 800 περὶ
3247 729 3399 780 αὐτῶν
3424 732 3672 802 παρακαλῶ.
3701 740 3836 794 Πυινώς

2377 811 2436 866 δὲ
2481 817 2664 872 τίθησι
2722 819 2778 866 τὸ
2828 813 3088 882 Δέὸωκοξς,
3155 819 3236 869 ἵνα
3288 820 3480 889 μάθωσι
3520 818 3840 895 βεϐαιότερονὸτι

2379 903 2577 975 θέλημα
2623 912 2713 956 τοῦ
2773 909 2978 978 ῐῐατρὸς
3037 907 3146 957 ἐστι
3207 910 3262 958 τὸ
3319 910 3549 960 πιστεύειν
3583 909 3638 968 εὶς
3667 914 3840 964 τονϊὶον.

2374 991 2542 1064 [Ἐπεὶ
2584 993 2696 1061 (84)
2745 989 2803 1046 δὲ
2845 997 2898 1045 τὸ
2960 991 3198 1055 Δέδωκάς
3235 1015 3339 1067 μοι,
3375 1001 3530 1049 καὶτὸ
3570 1003 3640 1050 Σοί
3678 999 3843 1067 aia-um

2375 1083 2439 1133 τὰ
2464 1076 2678 1133 τοιαῦτα
2724 1081 2925 1154 ἔμελλον
2967 1081 3254 1154 ἐμποιῆσαι
3302 1091 3397 1144 τοῖς
3438 1083 3662 1147 ἀσυνέτως
3687 1087 3844 1156 ﬁxo-Ibis;

2375 1190 2603 1242 πονηρας
2633 1172 2712 1223 ὅτι
2741 1173 2932 1242 μείζων
2959 1174 2989 1230 ἠ
3018 1171 3229 1234 ἐξουσία
3255 1181 3340 1225 τοῦ
3372 1179 3547 1247 Πατρός
3566 1179 3640 1226 καὶ
3655 1193 3846 1247 1:907er-

2371 1264 2512 1333 τέρα,
2537 1259 2644 1312 λύει
2669 1263 2864 1322 ταύτας
2887 1260 3088 1331 λέγων]

2450 1353 2548 1401 Καὶ
2599 1380 2662 1389 σ-
2711 1348 2825 1420 iw}.
2889 1346 3041 1410 Εἶδες
3097 1349 3355 1422 ἰσοτιμίαν
3396 1367 3408 1416 ;
3460 1359 3592 1402 τοῦτο
3633 1355 3712 1424 γὰρ
3749 1349 3849 1408 (irini

2371 1444 2458 1486 νῦν
2516 1439 2545 1494 ἡ
2609 1439 2946 1511 ἁντιστροφὴ.
3028 1436 3197 1489 Εἰπων
3255 1441 3342 1510 μὲν
3392 1435 3471 1490 οὖν
3520 1440 3588 1490 ὅτι
3635 1444 3703 1491 Σοί
3746 1441 3845 1499 εἰσιν,

2373 1520 2560 1585 ἔδειξεν
2641 1525 2723 1575 ὅτι
2784 1528 2869 1574 καὶ
2923 1520 3155 1585 δοθέντες
3228 1525 3366 1595 αὐτῷ
3435 1535 3518 1586 τῆς
3570 1525 3754 1588 ἐξουσίας
3793 1535 3849 1576 τού

609 1615 710 1686 qui
752 1613 864 1668 sibi
893 1613 1014 1668 dati
1045 1618 1200 1676 sunt,
1229 1617 1491 1684 paternae
1522 1613 1639 1668 sint
1667 1616 1996 1684 potestatis,
2026 1629 2099 1668 ne
2127 1614 2259 1686 quis

2374 1619 2576 1686 Πατρός
2624 1613 2772 1664 εἰσιν.
2835 1611 2946 1666 Ἵνα
2994 1609 3053 1665 δὲ
3106 1618 3178 1685 μὴ
3235 1619 3419 1687 νομίσῃ
3467 1635 3538 1676 τις
3587 1615 3763 1666 ἐντῖᾶθεν
3803 1617 3850 1665 ὁτι

608 1717 750 1772 ergo
773 1703 1159 1773 potentiorem
1191 1706 1426 1773 putaret
1453 1703 1702 1768 Patrem,
1726 1702 1959 1758 addidit
1997 1704 2103 1759 :Et
2134 1719 2260 1760 mea

609 1795 808 1848 omnia
840 1800 940 1847 tua
960 1795 1115 1855 sunt,
1137 1795 1188 1846 et
1209 1797 1309 1847 tua
1328 1806 1454 1847 mea
1473 1797 1631 1846 sunt.
1667 1793 1868 1864 Itaque
1901 1793 2075 1848 etiam
2098 1798 2262 1848 ante-

608 1897 792 1954 quam
820 1882 1120 1945 darentur,
1147 1880 1268 1935 Filii
1300 1885 1488 1946 erant,
1525 1886 1581 1936 et
1605 1885 1928 1953 postquam
1956 1882 2078 1937 dati
2101 1887 2254 1941 sunt.

609 1970 791 2025 Patris
826 1975 1300 2042 permanserunt,
1329 1971 1444 2025 hoc
1487 1974 1590 2034 est,
1646 1987 1883 2042 semper
1914 1971 2256 2037 amborum,

612 2063 814 2131 utpote
852 2059 1175 2130 mqualium
1208 2059 1267 2113 in
1293 2058 1626 2114 honoribus
1658 2065 1713 2114 et
1743 2059 1941 2114 bonis.
1975 2062 2086 2115 Eos
2117 2076 2258 2131 ergo

610 2148 754 2204 mihi
794 2148 1026 2211 dedisti,
1073 2149 1178 2218 qui
1208 2149 1323 2202 mei
1355 2153 1539 2202 erant.
1576 2147 1800 2203 Dedisti
1825 2163 1964 2203 vero
1989 2148 2106 2204 dixi
2141 2150 2258 2204 dis-

605 2235 964 2309 pensatorie,
987 2240 1049 2288 ut
1066 2240 1447 2304 cognoscant,
1480 2235 1646 2306 quod
1671 2251 1790 2291 non
1815 2241 2020 2307 praeter
2047 2237 2261 2294 volun-

608 2328 784 2380 tatem
814 2329 978 2377 tuam
997 2322 1106 2375 hos
1138 2323 1504 2378 attraxerim.

676 2411 838 2467 Vers.
875 2415 955 2465 l0.
993 2411 1067 2466 Et
1092 2443 1158 2449 —
1185 2412 1282 2467 eis.
1317 2411 1504 2467 Etiam
1539 2417 1891 2484 potestatem
1938 2413 2165 2468 habens
2198 2414 2255 2470 in

603 2503 698 2560 his
725 2517 861 2575 quae
893 2507 994 2556 tua
1025 2506 1177 2567 sunt,
1211 2501 1364 2556 sicut
1399 2503 1459 2556 in
1485 2501 1576 2557 his
1607 2518 1740 2574 quae
1766 2519 1900 2558 mea
1934 2503 2261 2574 :quemad-

606 2591 855 2648 modum
883 2595 939 2645 et
968 2595 1030 2645 tu
1080 2590 1141 2645 in
1178 2589 1270 2644 his
1329 2605 1464 2662 qua
1518 2606 1654 2646 mea
1686 2595 1842 2656 sunt,
1888 2591 2038 2647 sicut
2067 2592 2128 2647 in
2167 2591 2259 2648 his

605 2697 737 2753 quae
776 2687 896 2735 tua.

681 2769 798 2836 Vel,
825 2767 1191 2838 gloriﬁcatus
1216 2783 1349 2822 sum
1391 2767 1450 2823 in
1477 2767 1804 2841 discipulis,
1837 2770 1940 2841 qui
1964 2769 2106 2825 mihi
2132 2769 2256 2826 dati

605 2862 762 2925 sunt,
787 2856 1248 2928 agnoscentibus
1269 2872 1362 2912 me
1381 2857 1699 2912 Dominum
1717 2873 1915 2922 suum,
1937 2857 2257 2914 etadoran-

602 2949 760 3005 tibus
787 2962 857 3000 ac
899 2944 1359 3016 praedicantibus
1402 2961 1494 3000 me
1517 2945 1725 3000 Deum.

675 3037 843 3091 Vers.
876 3040 957 3089 11.
991 3036 1066 3088 Ει
1098 3065 1166 3073 —-
1202 3035 1440 3090 mundo.
1498 3033 1683 3090 Paulo
1724 3039 1857 3106 post
1905 3035 2251 3091 moriturus.

605 3129 856 3182 Rursum
888 3127 1083 3180 autem
1125 3138 1462 3178 sermonem
1494 3123 1568 3178 de
1622 3129 1809 3179 morte
1843 3140 1954 3180 sua
2007 3124 2251 3190 inducit,

602 3213 1134 3272 commendaturus
1167 3228 1270 3267 eos
1299 3218 1588 3285 tanquam
1615 3213 1801 3267 homo
1833 3214 1952 3269 Deo
1974 3229 2042 3268 ac
2075 3214 2250 3270 Patri.

603 3307 690 3361 Ait
713 3319 874 3374 ergo,
904 3303 1030 3359 Jam
1058 3319 1177 3358 non
1207 3317 1330 3358 sum
1369 3303 1431 3357 in
1463 3302 1704 3371 mundo,
1754 3301 1906 3358 sicut
1943 3303 2251 3370 hactenus,

602 3411 738 3451 cum
792 3394 877 3449 eis
923 3407 1240 3447 conversar
1296 3396 1351 3446 et
1387 3391 1774 3458 conﬁrmans,
1829 3391 2130 3462 inungens
2188 3409 2254 3448 ac

602 3483 922 3539 consolans
963 3481 1114 3534 illos.

673 3571 835 3625 Vers.
866 3569 951 3622 11.
1004 3568 1080 3622 Et
1137 3598 1206 3607 —
1257 3573 1412 3622 sunt.
1461 3567 1738 3623 Nondum
1789 3569 2133 3632 morientes,
2199 3575 2255 3625 et

601 3662 916 3731 propterea
947 3664 1048 3711 tuo
1079 3661 1255 3724 egent
1305 3654 1544 3711 auxilio.
1579 3657 1720 3710 Cum
1757 3660 1954 3712 autem
1986 3656 2250 3726 dixisset,

597 3749 730 3804 Jam
759 3761 874 3802 non
900 3761 1027 3800 sum
1054 3745 1116 3800 in
1148 3744 1391 3809 mundo,
1424 3744 1840 3815 interpretatur
1865 3745 1978 3800 hoc
2004 3745 2209 3802 dicens
2237 3765 2251 3804 :

670 3836 835 3892 Vers.
878 3835 966 3892 11.
999 3833 1077 3890 Et
1117 3865 1183 3876 —-
1215 3834 1396 3890 venio.
1433 3833 1592 3889 Sicut
1644 3832 1822 3889 Filius
1864 3833 1941 3890 ad
1995 3834 2251 3901 Patrem,

598 3929 1012 3983 consummato
1038 3925 1164 3994 jam
1199 3938 1398 3994 Opere,
1443 3925 1505 3977 ut
1531 3922 1756 3978 dictum
1788 3928 1894 3978 est.

672 4015 837 4072 Vers.
865 4017 952 4069 11.
984 4016 1162 4070 Pater
1198 4043 1266 4052 —
1303 4028 1410 4068 me.
1444 4015 1548 4067 Per
1572 4028 1794 4068 nomen
1845 4018 2013 4068 tuum
2063 4013 2250 4068 omni-

601 4112 837 4178 potens,
869 4102 1031 4176 quod
1077 4108 1132 4158 et
1185 4117 1295 4171 ego
1327 4104 1543 4156 natura
1587 4101 1802 4156 habeo.
1859 4101 2008 4156 Nam
2050 4107 2104 4156 et
2143 4118 2253 4175 ego

603 4198 755 4250 Deus
787 4210 944 4248 sum.
977 4192 1187 4247 Iterum
1205 4195 1404 4246 autem
1435 4190 1534 4256 ait,
1553 4189 1808 4256 donasti,
1843 4205 1915 4245 ne
1949 4190 2066 4246 Deo
2096 4191 2255 4247 vide-

599 4291 760 4340 retur
798 4299 931 4339 esse
958 4279 1307 4337 contrarius.
1342 4279 1464 4349 Vel,
1490 4279 1649 4349 quod
1676 4278 1889 4334 dedisti
1919 4279 2086 4348 mihi,
2127 4285 2253 4336 tan-

601 4389 791 4446 quam
827 4370 1077 4428 homini.

674 4465 836 4517 Vers.
868 4466 919 4516 11
956 4461 1024 4518 Ut
1055 4460 1169 4515 sint
1200 4473 1402 4514 unum.
1432 4456 1665 4512 Unitate
1695 4455 1857 4523 ﬁdei,
1889 4473 2025 4530 quas
2065 4456 2126 4512 in
2159 4469 2254 4514 me

602 4555 707 4614 est,
749 4553 808 4604 et
838 4554 1043 4605 mutua
1072 4548 1406 4613 dilectione,
1443 4545 1518 4602 de
1568 4562 1690 4619 qua
1738 4545 2012 4619 superius
2066 4544 2254 4601 multa

603 4638 687 4694 eis
699 4643 1076 4710 praeceperat.

671 4727 839 4784 Vers.
867 4728 962 4785 11.
991 4726 1158 4783 Sicut
1186 4742 1310 4783 nos.
1342 4723 1612 4781 Praedixit
1637 4725 1819 4796 enim,
1846 4725 1964 4797 Ego
1997 4731 2049 4782 et
2071 4725 2254 4782 Pater

597 4829 787 4876 unum
817 4831 1014 4873 sumus
1043 4817 1112 4872 ⁸³.
1145 4816 1311 4872 Prius
1333 4819 1533 4871 autem
1556 4813 1684 4871 aliis
1710 4815 1770 4870 in
1802 4814 1947 4871 locis
1969 4814 2250 4871 disserui-

675 4974 720 5008 ⁴³
751 4972 919 5028 Joan.
944 4987 1002 5038 x,
1031 4972 1118 5026 30.

2371 1701 2901 1775 ἐξουσιαστικώτερὸς
2957 1701 3098 1753 ἐστιν
3157 1703 3183 1754 ὁ
3239 1708 3437 1777 Πατὴρ,
3489 1705 3743 1775 προσέθηκε·
3789 1709 3850 1753 lia:

2369 1792 2430 1841 τὰ
2473 1789 2570 1862 ἐμὰ
2619 1793 2806 1853 πάντα,
2844 1792 2912 1842 σά
2964 1789 3095 1855 ἐστι,
3159 1795 3247 1843 καὶ
3274 1794 3337 1842 τὰ
3383 1794 3448 1843 σὰ
3487 1791 3588 1861 ἐμοὶ.
3619 1789 3851 1862 [Ὥστεῷἱῆ

2367 1885 2456 1931 καὶ
2513 1882 2612 1954 πρὸ
2668 1887 2759 1931 τοῦ
2813 1876 3033 1936 δοθῆναι
3091 1888 3184 1931 τοῦ
3227 1883 3354 1933 Υξοὺ
3404 1878 3545 1946 ἦσαν,
3584 1887 3656 1931 καὶ
3691 1884 3788 1951 μετά
3817 1898 3851 1928 τε

2369 1965 2590 2026 δοθῆναι
2646 1977 2738 2021 τοῦ
2804 1973 3028 2040 Πατρός,
3093 1973 3361 2022 τουτέστιν
3415 1968 3486 2021 ἀεὶ
3534 1969 3768 2043 ἀμφοτέρων
3811 1969 3854 2026 ὡς

2370 2055 2638 2128 ἰσοτίμων,
2709 2053 2949 2118 Δέδωκας
3016 2052 3104 2108 οὖν
3185 2077 3278 2129 μοι
3335 2062 3448 2119 τοὺς
3506 2058 3648 2128 ἐμούς.
3693 2052 3853 2114 Aidan;

2367 2143 2426 2199 δὲ
2474 2143 2613 2198 εἷπον
2671 2145 3028 2218 οἰκονομικῶς,
3090 2147 3171 2198 ἱνα
3228 2156 3421 2218 γνῶσιν
3469 2149 3542 2200 ὅτι
3586 2146 3634 2198 οὐ
3672 2147 3778 2218 παρα
3816 2148 3853 2194 τς

2369 2239 2458 2287 σὸν
2495 2235 2690 2308 θέλημα
2719 2238 2934 2296 τούτους
2967 2234 3398 2310 ἐπισπασάμην]

2442 2417 2540 2465 Καὶ
2586 2445 2649 2454 --
2680 2413 2877 2475 αὐτοῖς.
2937 2416 3037 2465 Καὶ
3081 2411 3326 2476 ἐξουσίαν
3372 2415 3474 2485 ἔχω
3513 2412 3557 2465 ἐν
3601 2419 3682 2472 τοῖς
3707 2417 3786 2470 σοῖς
3814 2411 3860 2467 ὡς

2369 2501 2526 2574 ἐμοῖς,
2555 2500 2728 2575 ὥσπέρ
2758 2507 2844 2554 καὶ
2879 2505 2943 2554 σύ
2975 2505 3022 2554 ὲν
3056 2511 3166 2564 τοῖς
3196 2502 3343 2575 ἐμοῖς
3369 2505 3432 2563 ὡς
3457 2510 3577 2563 σοῖς.

2435 2765 2524 2834 Ἠ,
2567 2763 2896 2838 δεδόξασμαι
2946 2766 2989 2818 ἰν
3021 2775 3124 2828 τοῖς
3170 2765 3377 2821 δοθείσί
3412 2787 3496 2841 μοι
3531 2769 3748 2840 paterni;
3788 2765 3860 2813 ἒπε-

2363 2865 2549 2928 γνουσι
2623 2859 2711 2927 μὲν
2792 2859 2976 2929 Κύριον
3062 2857 3257 2909 ἑαυτῶν
3306 2864 3394 2910 καὶ
3470 2862 3766 2930 προσκυνοῦσι
3804 2853 3857 2899 καὶ

2292 2986 2331 3044 C
2365 2948 2687 3018 κπρύττουσί
2715 2965 2777 3016 με
2804 2949 2951 2999 Θεὸν.

2440 3038 2537 3087 Καὶ
2591 3066 2652 3074 —
2703 3038 2903 3106 κόσμῳ.
2982 3036 3126 3087 Μετὰ
3194 3038 3385 3109 μικρὸν
3442 3034 3749 3090 ἀποθνήσκων.
3789 3027 3857 3078 Πέ-

2362 3123 2438 3174 λιδ
2467 3125 2574 3193 (86)
2610 3120 2666 3176 δὲ
2705 3123 2905 3196 εἰσάγει
2932 3126 2986 3174 τὸ
3018 3128 3134 3197 περὶ
3179 3131 3275 3175 τοῦ
3311 3126 3524 3176 Θανάτου
3553 3122 3704 3178 αὑτοῦ.
3730 3114 3856 3189 stili-ia:

2364 3213 2573 3274 αὐτοὺς,
2607 3215 2669 3272 ὡς
2695 3214 2981 3284 ἅνθρωπος,
3027 3215 3362 3284 παραθέσθαι
3385 3221 3453 3282 τῷ
3482 3218 3585 3280 Θεῷ
3632 3214 3704 3259 καὶ
3732 3209 3854 3273 nstri.

2364 3305 2528 3359 Φησὶν
2560 3302 2646 3352 οὖν
2673 3302 2751 3353 ὅτι
2798 3302 2986 3353 Οὐκέτι
3018 3304 3131 3368 (87)
3164 3301 3271 3373 εἰμί
3314 3301 3361 3353 ἐν
3393 3309 3462 3370 τῷ
3491 3306 3668 3371 κόσμοι,
3697 3295 3856 3355 καθάπερ

2363 3391 2496 3462 ἄχρι
2552 3397 2658 3458 νῦν,
2699 3394 2884 3455 συνὼν,
2937 3396 3027 3443 καὶ
3080 3391 3370 3464 στηρίζων,
3435 3396 3521 3442 καὶ
3574 3387 3766 3458 ἀλείφων,
3806 3382 3859 3429 καὶ

2364 3488 2670 3554 παρηγορῶν
2694 3478 2874 3539 αὐτούς
2901 3479 3011 3550 (88)
3022 3517 3035 3529 .

2439 3570 2562 3639 [Καὶ
2615 3567 2727 3639 (89)
2775 3600 2842 3609 -
2893 3569 3012 3622 εἰσί.
3065 3573 3240 3626 Μήπω
3287 3567 3692 3625 ἀποθνήσκοντες,
3717 3565 3780 3612 καὶ
3806 3554 3863 3608 διὰ

2364 3665 2516 3709 τοῦτο
2554 3665 2649 3718 τῆς
2699 3665 2793 3717 σῆς
2851 3653 3057 3709 δέονται
3110 3655 3386 3728 βοηθείας.
3435 3657 3592 3710 Εἰπὼν
3629 3650 3676 3705 τῖε
3711 3645 3861 3702 ὃτιΟδκ

2365 3746 2471 3818 εἰμι
2501 3745 2548 3798 ἐν
2578 3753 2647 3815 τῷ
2678 3751 2881 3817 κόσμῳ,
2916 3744 3243 3820 ἐφερμηνεύει
3269 3755 3424 3799 τουτο
3448 3745 3614 3816 λέγων·

2438 3839 2537 3887 Καὶ
2584 3865 2653 3874 —
2699 3833 2967 3907 ἔρχομαι]
3018 3834 3105 3896 Ὠς
3152 3837 3272 3898 Υἱὸς
3301 3839 3434 3908 πρὸς
3474 3837 3675 3904 Πατέρα,
3701 3831 3745 3879 τὸ
3768 3827 3860 3895 ξεγει

2363 3922 2609 3975 “Midiae:
2619 3944 2657 3989 ς,
2691 3926 2754 3983 ὡς
2783 3926 3004 3996 εἴρηται,

2437 4014 2602 4087 Πάτερ
2658 4044 2727 4052 -
2778 4031 2884 4074 μοι.
2930 4014 3024 4064 Διὰ
3071 4019 3162 4064 τοῦ
3215 4012 3471 4086 ὀνόματος
3516 4030 3601 4064 σου
3628 4015 3702 4060 τοῦ
3740 4018 3859 4094 rso-TE-
3926 4003 3927 4020 ‘

2366 4099 2656 4174 δυνάμουὸ
2699 4104 2808 4173 ἔχω
2861 4104 3013 4174 φύσει
3059 4100 3226 4172 κάγώ.
3271 4102 3425 4176 [Θεὸς
3474 4101 3577 4174 (90)
3617 4100 3699 4170 γὰρ
3735 4091 3857 4160 κέηάῆ
3926 4167 3927 4176 γ

2365 4193 2524 4244 Πάλιν
2557 4187 2615 4243 δὲ
2641 4195 2697 4243 τὸ
2738 4187 2993 4256 Δέδωκας,
3024 4193 3106 4243 ἳνα
3135 4195 3208 4262 μὴ
3243 4188 3374 4266 δόξῃ
3410 4191 3640 4250 ἀντίθεος.
3665 4189 3690 4243 ἦ
3716 4176 3859 4235 56:5.-

2365 4283 2460 4342 κάς
2486 4300 2596 4353 μοι,
2624 4283 2691 4342 ὡς
2727 4279 3000 4352 ἀνθρώπῳ.

2432 4456 2544 4510 ,ινα
2587 4454 2712 4509 ὦσιν
2763 4460 2831 4512 ἒν.
2881 4456 2993 4510 Ἰνα
3036 4454 3164 4510 ὦσιν
3195 4459 3265 4525 ἲν,
3315 4465 3380 4530 τῇ
3429 4457 3594 4510 ἑνώσει
3628 4458 3704 4509 τῆς
3732 4445 3779 4502 εἰς

2361 4552 2603 4611 πίστεως,
2655 4551 2745 4598 καὶ
2788 4555 2881 4608 τῆς
2935 4546 3007 4608 εἷς
3039 4545 3284 4608 ἀλλήλους
3320 4546 3546 4619 ἀγάπης,
3579 4543 3699 4616 [περὶ
3723 4535 3802 4606 (91)
3827 4545 3855 4581 ξς

2363 4634 2595 4709 ἀνωτέρω
2617 4635 2778 4688 πολλὰ
2808 4635 2980 4696 αὐτοῖς
3007 4635 3338 4710 futtilem].
3838 4705 3844 4714 ‘

2435 4726 2621 4786 Καθὼς
2693 4727 2863 4797 ἡμεῖς.
2943 4723 3252 4799 [Προείρηκε
3327 4725 3444 4798 (92)
3511 4723 3624 4797 γάρ’
3675 4712 3852 4802 ὅτι-

2361 4817 2452 4867 καὶ
2507 4815 2533 4866 ὁ
2593 4815 2770 4891 Πατὴρ
2832 4811 2880 4868 ἕν
2931 4816 3104 4887 ἔσμεν.
3185 4810 3676 4889 Προδιεστειλάμιθα
3729 4799 3771 4853 ἃ
3800 4799 3849 4843 τε
3921 4827 3924 4856 ι

1781 5091 2003 5161 Variae
2051 5091 2379 5161 lectiones
2437 5099 2502 5158 et
2541 5101 2739 5160 notae.

673 5264 789 5340 (84)
818 5265 1056 5340 Inclusa
1089 5263 1305 5340 omittit
1328 5264 1396 5340 ᾼ.

698 5334 787 5396 85)
812 5339 1051 5396 Inclusa
1076 5337 1300 5393 absunt
1329 5334 1397 5390 A.

698 5343 787 5412 85)
812 5343 1051 5396 Inclusa
1076 5343 1297 5393 absunt

809 5409 1202 5486 _Ha‘)tt‘lréﬂ'dr']£t
1232 5409 1297 5486 AA.

663 5482 790 5554 ’(87)
808 5482 929 5537 Ὀτι
959 5485 1053 5537 οὐκ
1084 5484 1190 5553 εἰμί
1260 5484 1323 5534 Δ.

672 5543 788 5641 (88)
834 5555 971 5614 Post
1021 5543 1234 5621 Δύτούς,
1293 5547 1464 5608 addit
1514 5548 1563 5604 A
1611 5551 1729 5605 :Té
1759 5543 1821 5602 δὲ
1849 5551 1941 5602 καὶ
1989 5549 2088 5620 ἐγὼ
2124 5547 2258 5623 πρὸς

2369 5261 2427 5314 σὲ
2457 5261 2706 5332 ἔρχομαι.

2457 5280 2478 5312 ε
2513 5279 2706 5332 χομαι.

2440 5279 2552 5404 (809)
2584 5331 2820 5404 inclusa
2858 5331 3080 5404 absunt
3115 5333 3182 5387 A.

2452 5402 2529 5460 '90
2585 5403 2820 5459 Inclusa
2844 5403 3193 5460 exciderunt
3223 5402 3293 5458 A.

2459 5475 2522 5529 91
2582 5474 2818 5532 Inclusa
2855 5474 3080 5531 absunt
3116 5477 3185 5530 Α.

2437 5404 2552 5619 ΞΜ)
2587 5546 2830 5604 inclusa
2865 5545 3086 5604 absent
3121 5551 3185 5603 Δ.

2582 5474 2818 5532 Inclusa
2855 5474 3080 5531 absunt
3116 5477 3185 5530 Α.

2463 5545 2552 5622 92)
2584 5546 2830 5628 inclusa
2865 5545 3086 5604 absent
3121 5551 3185 5603 Δ.

2532 5404 2552 5622 l
