4022 6232
173 249 310 311 1445
1160 239 1518 306 COMMENT.
1563 248 1633 302 lN
1671 245 1755 304 J0

1949 237 2027 302 Μ.
2072 279 2137 287 -
2178 245 2334 302 CAP.
2378 236 2551 304 XVll.
3399 248 3537 310 1446

171 381 219 434 ἓν
265 380 444 442 ἄλλοις
472 380 555 432 ὅτι
582 382 643 432 τὸ
695 380 880 438 Καθὼς
918 379 1104 430 καὶτὰ
1142 384 1362 429 τοιαῦτα
1409 374 1493 428 ἐπὶ
1548 378 1636 447 μὲν
1684 381 1746 434 τῆ

1955 390 2041 439 us,
2063 371 2226 445 quod
2247 374 2422 436 καθὼς
2440 373 2611 439 sicut,
2631 376 2687 429 et
2705 373 2940 439 similia,
2960 375 3033 432 de
3055 383 3266 433 sancta
3290 379 3536 450 quidem

170 472 320 543 ἁγίας
366 466 592 544 Τριάὸος
650 469 870 526 ἰσότητα
925 463 1197 530 δηλοῦσιν,
1255 466 1337 518 ἐπὶ
1395 462 1452 517 δὲ
1512 472 1644 517 Θεοῦ
1692 484 1758 514 κα

1949 463 2163 518 ’ἱηὶῐᾶῐθ
2209 461 2385 526 dicta,
2437 461 2840 534 aequalitatem
2885 465 3260 534 significent;
3300 468 3373 522 de
3419 469 3537 524 Deo

171 559 455 634 ἀνθρώπων
513 560 762 631 ὁμοίωσίν
828 577 963 611 τινα.
1022 555 1108 608 Ἓν
1183 551 1270 606 οὖν
1325 554 1456 606 εἰσιν
1517 555 1542 605 6
1600 557 1759 627 Πατὴι

1951 567 2026 607 ιΙὉ
2043 555 2100 606 et
2123 550 2487 615 hominibus,
2511 551 2959 607 similitudinem
2977 555 3323 624 quamdam.
3345 557 3539 613 Unum

171 654 259 701 καὶ
288 651 314 700 6
341 647 512 720 Υἱός],
543 649 717 721 ὥσπερ
749 654 810 718 τῇ
846 645 1002 717 οὐσίᾳ
1047 649 1136 696 καὶ
1167 651 1277 705 τοῖς
1309 643 1501 707 (ἣλοις,
1528 643 1662 694 οὕτω
1691 663 1759 695 κα

1956 657 2032 709 go
2058 645 2194 694 sunt
2229 640 2394 695 Pater
2417 644 2474 695 et
2510 639 2698 707 Filius,
2731 641 2877 696 sicut
2902 644 3156 698 essentia
3187 652 3242 698 et
3273 644 3422 711 aliis,
3462 647 3541 702 ita

173 746 234 810 τῇ
267 740 497 809 ὁμονοίᾳ.
538 739 730 790 Λοιπὸν
761 731 848 787 οὖν
873 738 956 803 τὸ,
984 737 1167 795 Καθὼς
1187 735 1354 806 ἡμεῖς,
1386 729 1478 785 διὰ
1511 735 1568 784 τό
1600 729 1761 784 ἀδιαί-

1953 731 2069 784 iam
2103 728 2438 785 concordia.
2495 728 2641 784 Dicit
2687 730 2907 802 itaque,
2946 731 3104 788 Sicut
3143 750 3266 797 nos,
3301 741 3541 807 propter

172 846 318 902 ρετον
347 831 437 878 καὶ
460 822 830 899 ἀδιάῤῥηχτον.

1887 817 2301 874 indivisiouem
2331 833 2400 873 ac
2429 817 3019 888 inseparabilitatem.

244 915 368 968 ’Ὁτε
395 947 460 954 -
493 934 608 968 σου.
644 912 767 966 "On
792 917 932 985 ἤμην
965 911 1011 964 ἐν
1043 920 1116 982 τῷ
1156 916 1337 983 κόσμῳ
1364 913 1430 972 ὡς
1462 910 1729 984 ἅνθρωπος
1765 930 1777 942 ο

1967 906 2126 962 Vers.
2164 910 2246 962 t2.
2278 906 2420 962 Cum
2471 912 2738 962 —tuum.
2769 909 2917 964 Cum
2962 925 3154 965 essem
3179 911 3238 967 in
3291 913 3536 978 mundo,

174 1004 256 1058 ἀεὶ
282 1007 382 1076 γὰρ
435 1003 541 1075 εἰμι
571 1006 638 1064 ὡς
688 1008 814 1062 Θεὸς
843 1018 856 1031 ·
887 1003 970 1054 ὅτε
1008 1000 1106 1072 ἐγὼ
1153 1000 1368 1074 ἐτήρουν
1399 1000 1588 1060 αὐτοὺς
1619 998 1666 1050 ἐν
1715 1007 1762 1071 τῇ

1983 996 2187 1060 homo,
2220 995 2325 1068 qui
2350 1010 2577 1066 semper
2600 995 2664 1051 in
2689 1012 2760 1052 eo
2792 1015 2946 1062 sum,
2977 1006 3040 1054 ut
3077 1002 3247 1065 Deus,
3274 1006 3412 1058 tunc
3434 1019 3543 1074 ego

176 1091 398 1165 δυνάμει
443 1112 559 1159 σου,
605 1095 767 1162 ἤγουν
818 1089 867 1142 ἐν
915 1095 1041 1142 σοί·
1081 1091 1111 1148 ἡ
1155 1088 1250 1162 ἐμὴ
1288 1091 1388 1164 γὰρ
1441 1085 1658 1160 δύναμις
1689 1093 1754 1146 σὴ

1959 1083 2200 1140 rvabam
2233 1101 2334 1140 eos
2356 1100 2462 1156 per
2485 1085 2768 1143 virtutem
2803 1091 2985 1156 tuam,
3009 1089 3132 1144 sive
3160 1105 3263 1158 per
3295 1096 3346 1146 te
3367 1109 3380 1158 ;
3401 1108 3542 1149 nam

176 1188 266 1234 καὶ
295 1181 395 1254 ἐγὼ
423 1187 513 1233 καὶ
546 1184 610 1233 σὺ
637 1181 686 1233 ἓν
715 1179 893 1253 ἐσμεν,

1892 1191 2026 1230 mea
2051 1175 2230 1230 virtus
2263 1180 2362 1230 tua
2393 1178 2499 1239 est,
2531 1181 2584 1231 et
2616 1190 2728 1245 ego
2757 1183 2813 1231 et
2846 1182 2903 1232 tu
2929 1193 3103 1232 unum
3139 1196 3361 1234 sumus.

253 1277 354 1325 Καὶ
403 1273 473 1332 ὡς
520 1271 790 1342 ἅνθρωπος
835 1266 894 1321 δὲ
946 1273 1231 1321 ταῦτακαὶ
1282 1270 1347 1320 τά
1399 1273 1619 1318 τοιαῦτα
1668 1263 1785 1318 δια-

1965 1265 2102 1319 Haec
2124 1268 2325 1319 autem
2341 1269 2397 1318 et
2417 1263 2632 1319 similia
2652 1263 2930 1336 loquitur,
2956 1271 3011 1322 et
3029 1273 3314 1340 tanquam
3338 1269 3542 1338 homo,

175 1361 400 1432 λέγεται,
440 1364 532 1412 καὶ
581 1356 674 1412 διὰ
703 1364 795 1415 την
847 1357 1114 1410 ἀσθένειαν
1159 1365 1258 1408 τῶν
1288 1358 1553 1429 μαθητῶν.
1617 1354 1760 1428 [Ἑπε

1981 1358 2222 1425 propter
2259 1352 2696 1424 discipulorum
2722 1354 3202 1412 imbecillitatem.
3237 1357 3543 1428 Siquidem

175 1453 280 1525 γὰρ
347 1451 486 1520 (93),
562 1447 724 1500 πολλά
789 1452 908 1520 περὶ
964 1455 1059 1508 τῆς
1121 1448 1242 1520 παρ’
1315 1446 1475 1498 αὐτοῦ
1534 1444 1763 1518 βοηθείαη

1955 1445 2034 1498 tia
2083 1442 2284 1497 multis
2326 1441 2400 1498 de
2443 1443 2573 1513 ejus
2633 1444 2856 1500 auxilio
2899 1446 3137 1512 auditis,
3186 1453 3240 1502 et
3275 1468 3287 1502 :
3330 1449 3543 1503 Iterum

179 1539 516 1604 ἀκούσαντες,
611 1541 700 1588 καὶ
785 1538 864 1588 ὅτι
935 1535 1094 1588 Πάλιν
1176 1535 1374 1607 ὄψομαι
1456 1536 1610 1604 ὑμᾶς,
1694 1553 1762 1586 κα

1955 1532 2089 1589 debo
2136 1546 2254 1593 vos.
2309 1535 2361 1587 et
2398 1532 2667 1601 gaudebit
2716 1549 2818 1588 cor
2861 1542 3130 1602 vestrum,
3167 1543 3224 1592 et
3269 1540 3543 1607 gaudium

176 1634 482 1702 χαρήσεται
537 1629 679 1699 ὑμῶν
736 1627 766 1684 ἠ
842 1622 1060 1700 καρδία,
1111 1630 1200 1677 καὶ
1261 1629 1354 1682 τὴν
1411 1627 1584 1696 χαρὰν
1642 1625 1764 1696 ὑμώτ

1956 1628 2143 1676 stram
2171 1635 2330 1676 nemo
2367 1621 2530 1675 tollet
2556 1636 2593 1676 a
2624 1621 2781 1677 vobis
2813 1623 2878 1687 t‘,
2913 1625 3183 1678 nondum
3217 1627 3469 1696 perfecte
3509 1644 3544 1683 a

176 1713 356 1778 οὐδεὶς
407 1720 541 1790 αἴρει
617 1714 704 1787 ἀφ’
761 1717 902 1787 ὑμῶν
937 1733 948 1743 '
1014 1714 1107 1766 οὐκ
1192 1712 1571 1785 ἀπηλλάγησαν
1641 1714 1764 1764 οὗπο

1961 1726 2148 1765 mrore
2171 1710 2396 1765 liberati
2415 1716 2608 1766 erant:
2635 1711 2789 1767 Patri
2813 1711 3092 1784 deinceps
3118 1729 3224 1784 pro
3255 1716 3338 1770 eis
3357 1715 3545 1788 loqui-

175 1815 272 1867 τῆς
303 1805 528 1878 ἀθυμίας
565 1803 727 1857 τέλεον
763 1823 773 1833 ·
807 1812 879 1875 τῷ
911 1809 1080 1876 Πατρὶ
1111 1803 1286 1855 λοιπόν
1319 1804 1444 1876 ὑπὲρ
1475 1803 1642 1854 αὐτῶν
1670 1799 1763 1854 δια

1953 1815 2005 1870 η’,
2027 1804 2088 1855 ut
2101 1798 2248 1854 Patri
2261 1814 2504 1870 quoque
2517 1800 2920 1867 commendati,
2940 1801 3099 1858 bono
3113 1806 3541 1863 essentanimo.

176 1897 402 1967 λέγεται,
441 1897 523 1946 ἱνα
551 1894 645 1946 κᾶν
685 1900 809 1964 γοῦν
839 1902 912 1964 τῷ
963 1898 1129 1966 Πατρὶ
1161 1895 1560 1966 παρατιθέμενοι
1587 1891 1764 1967 θαῤῥήι

1957 1905 2045 1944 1m
2075 1888 2233 1943 enim
2269 1888 2612 1960 imperfecti,
2659 1897 2874 1956 essent,
2905 1907 3024 1946 non
3066 1893 3143 1947 ita
3185 1894 3545 1951 sublimibus

181 2003 369 2037 σωσιν.
422 1983 634 2043 Ἀτελιίς
661 1985 763 2056 γὰρ
791 1985 929 2043 ὄντες
978 1983 1082 2054 οὐχ
1129 1983 1273 2034 οὖπω
1313 1988 1417 2042 τοῖς
1447 1980 1668 2052 ὑψηλοῖς
1698 2001 1765 2032 κα

1958 1996 1965 2032 :
1987 1977 2203 2032 divinis
2224 1977 2421 2032 verbis
2445 1978 2783 2044 credebant,
2808 1981 3323 2051 quemadmodum
3353 1984 3546 2040 humi-

179 2075 487 2146 θεοπρεπέσι
508 2073 742 2146 ῥήμασιν
781 2074 1049 2123 ἐπίστευον
1080 2073 1149 2132 ὡς
1171 2078 1280 2132 τοῖς
1304 2073 1680 2143 ταπεινοτέροις
1697 2089 1764 2121 κα

1375 2073 1786 2143 πεινοτέροιςκαὶ
1895 2066 2143 2123 lioribus
2181 2082 2253 2122 ac
2281 2083 2448 2123 more
2478 2068 2746 2124 humano
2776 2068 2963 2125 dictis.

175 2162 239 2214 ἀν
247 2161 694 2234 θρωποπρεπέσιν]
708 2202 720 2214 .

254 2249 364 2312 Οὓς
405 2281 467 2292 -—
511 2247 784 2308 ἀπωλείας.
829 2245 1055 2311 Ἰούδας,
1113 2250 1138 2301 6
1187 2245 1470 2321 προδότης,
1527 2249 1554 2299 6
1607 2246 1783 2319 φίλτα-

1968 2245 2130 2299 Vers.
2189 2249 2268 2300 l2.
2322 2244 2476 2310 Quos
2523 2276 2592 2284 —
2633 2247 2985 2316 perditionis
3031 2249 3214 2306 ludas
3261 2252 3541 2322 proditor,

176 2359 272 2402 τος
330 2346 422 2397 τῆς
503 2336 774 2400 ἀπωλείας,
853 2339 878 2388 6
938 2337 1169 2409 φιληθεὶς
1226 2337 1356 2409 αὐτῇ
1412 2342 1501 2388 καὶ
1563 2335 1758 2408 φιλήσοι

1957 2333 2345 2387 nantissimus
2371 2333 2734 2400 perditionis,
2761 2336 3009 2390 dilectus
3030 2337 3108 2392 ab
3143 2353 3233 2406 ea,
3261 2339 3545 2410 illamque

177 2429 376 2486 αὐτὴν,
433 2427 710 2480 Ἀπωλειαν
760 2423 818 2479 δὲ
855 2431 957 2479 νόει
1003 2431 1097 2485 τὴν
1148 2425 1247 2478 ἀπὸ
1277 2434 1368 2478 τοῦ
1417 2432 1549 2478 Θεοῦ
1594 2427 1765 2477 ἔκπτωι

1963 2421 2172 2493 ligens.
2203 2421 2606 2477 Perditionem
2640 2439 2775 2478 vero
2801 2424 3057 2494 intellige
3095 2442 3294 2481 casum
3326 2434 3382 2482 et
3413 2429 3548 2483 alie-

184 2523 268 2570 σίν
321 2535 376 2569 τε
429 2521 519 2568 καὶ
568 2514 927 2591 ἀλλοτρίωσιν,
999 2518 1029 2573 ἤ
1102 2520 1192 2566 και
1255 2518 1339 2566 τὸν
1407 2511 1646 2566 διάϐολον
1717 2516 1772 2575 ὡς

1957 2511 2198 2565 itionem
2222 2526 2258 2565 a
2281 2510 2421 2575 Deo,
2445 2517 2547 2565 aut
2567 2511 2743 2566 etiam
2772 2511 3080 2568 diabolum
3103 2517 3318 2585 ipsum,
3347 2523 3545 2588 utpote

179 2605 501 2659 ἀπολλύοντα
558 2608 678 2666 τοὺς
731 2605 1060 2676 πειθομένους
1114 2604 1269 2673 αὐτῷ.
1330 2602 1613 2675 [Ἃπώλετο
1663 2604 1767 2673 (94

1957 2598 2238 2654 :rdentem
2269 2599 2398 2654 illos
2419 2600 2521 2670 qui
2549 2600 2600 2654 ei
2625 2601 2927 2656 obediunt.
2953 2603 3118 2657 Periit
3143 2611 3340 2658 autem
3362 2607 3545 2661 Judas

177 2699 282 2770 γὰρ
327 2696 354 2746 6
398 2690 607 2754 Ἰούδας
655 2693 904 2754 ἑκουσίως
950 2689 1044 2744 διὰ
1089 2692 1390 2764 φαυλότητα
1418 2695 1762 2765 προαιρέσεως

1955 2693 2238 2752 ιοηῑεωοθ,
2283 2694 2524 2759 propter
2574 2688 2898 2744 voluntatis
2947 2692 3316 2761 pravitatem.
3370 2695 3543 2765 Atqui

184 2791 288 2838 Καὶ
335 2789 438 2856 μὴν
486 2789 576 2836 καὶ
633 2782 778 2835 ἄλλοι
827 2782 929 2834 ἀπὸ
984 2791 1082 2834 τῶν
1132 2780 1490 2854 ἐϐδομήκοντα
1540 2784 1772 2854 μαθητὼι

1956 2777 2072 2831 iam
2089 2775 2185 2831 alii
2203 2776 2276 2831 de
2290 2776 2670 2847 septuaginta
2686 2780 3005 2848 perierunt,
3019 2795 3228 2836 verum
3246 2797 3366 2836 non
3386 2788 3544 2849 tunc,

181 2874 465 2939 ἀπώλοντο,
501 2873 608 2925 ἀλλ’
640 2873 699 2925 οὐ
731 2878 866 2938 τότε,
912 2871 1020 2924 ἀλλ’
1051 2872 1289 2948 ὕστερον.
1325 2876 1449 2924 Τότε
1488 2868 1547 2924 δὲ
1576 2878 1731 2944 μόνος
1759 2876 1769 2923 ε

1325 2876 1449 2924 Τότε
1488 2868 1547 2924 δὲ
1576 2878 1731 2944 μόνος
1759 2873 1784 2923 ό
1893 2882 2038 2923 nam
2072 2866 2234 2922 solus
2263 2867 2533 2938 proditor
2558 2872 2696 2924 tunc
2727 2871 2899 2940 periit

179 2960 450 3038 προδότης
481 2960 735 3034 ἀπώλετο]
749 3005 760 3014 .

251 3059 361 3105 Ἰνα
389 3055 418 3111 ἠ
473 3057 645 3126 Γραφὴ
702 3051 972 3123 πληρωθῇ
1016 3049 1073 3102 Ἠ
1119 3055 1394 3115 Δαυῐτικὴ,
1425 3052 1455 3108 ἡ
1515 3049 1784 3121 πολλαχοῦ
1819 3057 1839 3112 (

1965 3045 2128 3100 Vers.
2173 3046 2260 3100 12,
2317 3046 2389 3102 Ut
2438 3045 2752 3115 Scriptura
2795 3051 3195 3118 compteretur.
3243 3051 3542 3119 Davidica,

177 3147 301 3216 περὶ
327 3151 420 3203 τῆς
450 3139 706 3201 ἀπωλείας
737 3139 898 3192 αὐτοῦ
927 3137 1380 3212 διαλαμϐάνουσα,
1411 3145 1500 3192 καὶ
1525 3139 1713 3211 μᾶλλον
1737 3137 1765 3189 ἐγ

1959 3151 2029 3189 ιω
2061 3134 2397 3206 frequenter
2418 3135 2491 3190 de
2518 3136 2645 3206 ejus
2669 3136 2999 3207 perditione
3016 3138 3295 3210 loquitur,
3320 3149 3372 3197 et
3399 3158 3547 3214 prtia»

175 3251 252 3302 τῳ
284 3230 543 3300 ἑκατοστῷ
574 3225 743 3300 ὀγδόῳ
763 3228 974 3300 ψαλμῷ.
1005 3227 1285 3282 Κάνταῦθα
1303 3233 1473 3281 τοίνυν
1502 3232 1562 3280 τό
1594 3229 1676 3280 ἵνα
1692 3228 1763 3279 ou':

1958 3239 2066 3295 pue
2093 3223 2326 3296 psalmo
2361 3227 2688 3280 centesimo
2714 3233 2946 3280 octavo.
2983 3229 3046 3280 Et
3075 3227 3170 3282 hic
3200 3245 3342 3299 ergo
3369 3232 3546 3288 dictio

176 3319 352 3380 αἰτίας
381 3323 490 3372 ἐστὶ
526 3315 833 3382 δηλωτικὸν,
869 3316 998 3370 ἀλλά
1027 3326 1119 3371 τοῦ
1163 3321 1365 3378 πάντως
1409 3321 1672 3390 ἐσομένου,
1705 3319 1762 3369 ὃτ

1960 3354 1974 3378 ,
2017 3329 2138 3368 non
2187 3319 2274 3368 est
2330 3329 2527 3369 causas
2565 3314 2978 3385 signiﬁcativa,
3030 3316 3134 3371 sed
3181 3318 3334 3388 ejus,
3387 3323 3547 3392 quod

176 3406 355 3481 μέλλει
379 3409 407 3465 ἡ
445 3412 620 3479 Γραφὴ
648 3405 1009 3480 πληρωθῆναι.

1959 3405 2140 3458 nnino
2191 3402 2458 3458 futurum
2486 3410 2628 3475 erat,
2670 3410 2814 3476 puta
2861 3405 3030 3477 quod
3057 3405 3359 3478 Scriptura
3387 3425 3547 3466 com-

1936 3492 2170 3548 teretur.

256 3590 364 3636 Νῦν
422 3615 491 3624 -
565 3585 810 3658 ἔρχομαι.
885 3583 1042 3636 Πάλιν
1103 3587 1160 3636 τὸ
1215 3587 1350 3656 Πρός
1405 3603 1461 3637 σε
1535 3586 1781 3660 ἔρχομαι,

1961 3508 2170 3548 eretur.

1965 3581 2129 3636 Vers.
2153 3580 2238 3646 13,
2256 3579 2441 3641 Nunc
2456 3611 2524 3620 —-
2545 3582 2735 3639 venio.
2755 3584 3009 3638 Rursum
3026 3584 3238 3656 repetit
3257 3585 3364 3659 (li),
3387 3587 3476 3642 Ad
3495 3593 3549 3645 te

178 3675 361 3747 ὥσπερ
418 3677 510 3725 καὶ
561 3676 619 3724 τὸ
693 3675 838 3745 [Ιαρά
894 3680 984 3725 τοῦ
1061 3680 1194 3725 Θεοῦ
1252 3673 1483 3736 ἐξῆλθον,
1554 3678 1643 3724 καὶ
1721 3676 1766 3725 τε

1961 3670 2079 3736 nio,
2105 3671 2259 3725 sicut
2280 3675 2357 3738 et,
2375 3671 2421 3725 A
2443 3669 2560 3726 Deo
2582 3671 2761 3737 exivi,
2785 3671 2913 3728 haec
2935 3673 3414 3746 frequentissime
3435 3677 3549 3732 illis

178 3771 421 3826 τοιαῦτα,
456 3771 516 3835 τῇ
552 3769 800 3834 συνεχείᾳ
830 3765 1033 3824 πάντως
1062 3765 1145 3815 ἐπὶ
1183 3763 1331 3814 πλέον
1360 3761 1582 3835 βεϐαιῶν
1611 3763 1762 3813 αὗτοῖ

1961 3760 2286 3825 ιΠῙῘΓωᾶΠΒ,
2336 3758 2514 3814 simul
2543 3761 2720 3816 etiam
2757 3763 3227 3821 consolationem
3258 3765 3395 3821 hinc
3434 3782 3549 3822 non

177 3859 372 3920 ταῦτα,
417 3856 506 3903 καὶ
534 3851 646 3923 ἅμα
675 3853 1013 3925 παραμυθίαν
1044 3853 1270 3903 ἐντεῦθεν
1301 3851 1360 3902 οὐ
1391 3857 1484 3908 τὴν
1515 3860 1765 3922 τυχουσαε

942 3857 1013 3903 ίαν
1044 3853 1270 3903 ἐντεῦθεν
1301 3851 1360 3902 οὐ
1391 3857 1484 3908 τὴν
1515 3860 1787 3922 τυχοῦσαν
1897 3849 2208 3918 vulgarem
2241 3849 2530 3907 tribuens.

174 3945 452 4014 παρέχων.

257 4034 360 4080 Καὶ
415 4059 486 4070 -—-
555 4029 751 4090 αὐτοῖς.
805 4036 982 4082 Ταῦτα
1036 4028 1193 4093 λαλῶ,
1254 4031 1302 4081 ἓν
1360 4037 1432 4099 τῷ
1480 4033 1662 4102 κόσμῳ
1720 4035 1786 4082 ὧν

1969 4025 2130 4080 Vers.
2177 4028 2266 4081 13.
2317 4028 2392 4079 Et
2436 4054 2507 4067 --
2556 4026 2892 4096 semetipsis.
2947 4028 3076 4084 Hinc
3124 4029 3356 4101 loquor,
3410 4047 3549 4088 cum

177 4119 281 4171 ἔτι.
343 4124 541 4179 Ταῦτα,
608 4125 776 4184 ποῖα;
826 4123 916 4183 Τὸ,
980 4122 1116 4192 Πρός
1172 4122 1228 4170 σὲ
1279 4121 1526 4192 ἔρχομαι,
1585 4124 1762 4172 καὶτὸ

1959 4114 2096 4170 lhuc
2113 4115 2173 4170 in
2196 4115 2424 4170 muudo
2448 4131 2615 4182 sum;
2639 4116 2785 4182 haec,
2816 4132 3096 4188 quasnam
3120 4118 3146 4172 ?
3174 4121 3270 4173 Ad
3290 4128 3342 4174 te
3371 4123 3547 4188 venio,

173 4213 427 4279 Τήρησον
490 4207 694 4268 αὐτούς.
781 4215 959 4259 Ταῦτα
1031 4205 1139 4272 οὖν,
1214 4212 1393 4278 φησὶν,
1475 4206 1632 4271 λαλῶ,
1707 4208 1761 4258 iw

1965 4207 2178 4270 ,Serva
2211 4219 2323 4260 eos.
2354 4208 2482 4260 Haec
2505 4220 2666 4275 ergo,
2695 4205 2906 4277 inquit,
2930 4205 3163 4278 loquor,
3192 4214 3252 4261 ut
3287 4209 3553 4266 habeant

177 4299 359 4366 ἐχωσι
389 4300 479 4352 τὴν
520 4299 695 4371 χαρὰν
739 4300 832 4354 τὴν
879 4301 996 4367 περὶ
1045 4296 1166 4368 ἐμοῦ
1195 4296 1418 4361 ὁλοτελῆ,
1455 4295 1765 4371 πληροφορη·

1962 4293 2185 4349 tudium
2201 4294 2274 4348 de
2298 4309 2392 4349 me
2417 4313 2429 4349 :
2458 4295 2714 4366 perfecte
2737 4296 3016 4350 certiores
3045 4295 3234 4351 effecti
3261 4297 3424 4368 quod
3456 4313 3550 4353 me

178 4387 352 4445 θέντες
383 4387 461 4436 ὅτι
499 4391 590 4436 καὶ
619 4388 705 4457 ἐμὲ
752 4385 809 4437 οὗ
855 4385 1060 4446 καθέξει
1109 4386 1134 4435 6
1183 4382 1336 4454 ᾅδης,
1384 4391 1472 4436 καί
1507 4405 1564 4437 σε
1615 4386 1766 4447 ἓξουσ

1959 4398 2020 4438 )n
2051 4383 2318 4438 retinebit
2347 4383 2628 4450 infernus,
2675 4389 2731 4438 et
2770 4389 2822 4439 te
2852 4384 3164 4440 habebunt
3192 4386 3547 4457 adjutorem.

181 4472 408 4546 βοηθόν.
445 4475 498 4526 Ei
525 4476 649 4546 γὰρ,
681 4473 967 4540 ἐπίστευον,
1001 4471 1148 4540 ἀλλά,
1172 4479 1331 4544 μήπω
1362 4477 1762 4548 καταρτισθέντε

1965 4487 2256 4544 lanquam
2277 4473 2436 4528 enim
2459 4473 2799 4540 credebant,
2830 4473 3103 4530 nondum
3131 4480 3331 4530 tamen
3358 4482 3553 4532 mente

175 4568 280 4615 καὶ
310 4561 642 4635 ἐκυμαίνοντο
672 4570 782 4625 τοῖς
810 4562 1079 4635 λογισμοῖς
1103 4563 1276 4629 πάλιν,
1309 4568 1398 4615 καὶ
1439 4564 1646 4638 ἠρεμεῖν
1696 4563 1763 4616 οὐ;

1967 4562 2232 4632 μωροεὶιὶ,
2279 4562 2733 4634 cogitationibus
2773 4564 2968 4619 adhuc
3009 4562 3402 4632 ﬂuctuabant,
3443 4579 3555 4622 nec

176 4648 470 4711 ἠδύναντο.

1900 4651 2205 4724 quiescere
2236 4656 2534 4724 poterant.

264 4737 358 4812 ['H
386 4740 519 4814 (95),
553 4743 728 4796 Ταῦτα
755 4739 912 4806 λαλῶ,
943 4743 1010 4793 τὰ
1040 4742 1258 4793 ταπεινά
1299 4746 1390 4794 καὶ
1430 4739 1794 4817 ἀνθρωποπρε-

1974 4739 2095 4807 Vel,
2125 4740 2260 4796 Haec
2310 4741 2520 4815 loquor
2547 4740 2799 4798 humilia
2840 4758 2911 4798 ac
2943 4758 3109 4801 more
3156 4744 3428 4804 humano
3467 4750 3555 4818 ut,

175 4837 288 4894 πῆ,
339 4829 441 4897 ἵνα,
500 4828 890 4904 ἀναπαυομένης
946 4838 1043 4893 τῆς
1086 4828 1334 4892 ἀσθενοῦς
1384 4833 1506 4893 τέως
1559 4827 1763 4885 διανοία

1967 4835 2163 4888 :seante
2192 4831 2259 4904 (τ)
2291 4831 2528 4888 interim
2561 4831 2899 4888 inﬁrmitate
2944 4835 3159 4891 mentis
3185 4851 3419 4900 eorum,
3447 4837 3555 4892 ab-

255 5007 308 5044 “
333 5007 502 5064 Joan.
535 5007 753 5077 “1,22.

1432 5135 1647 5206 Variae
1695 5137 2017 5208 lectiones
2050 5149 2114 5205 et
2146 5148 2345 5208 notae.

258 5314 380 5459 (93g
416 5313 647 5372 Inclusa
677 5313 900 5373 absunt
933 5319 998 5373 Δ.
1973 5317 2088 5391 (95)
2123 5316 2351 5373 inclusa
2381 5317 2596 5374 absunt
2623 5319 2692 5374 A.

259 5388 354 5458 (94
422 5387 654 5444 Inclusa
683 5387 906 5446 absunt
935 5391 1003 5444 Α.
1383 5398 1390 5404 ’

259 5387 380 5458 (94)
422 5387 654 5444 Inclusa
683 5387 906 5446 absunt
935 5391 1003 5444 Α.
1383 5398 1390 5404 ’

255 5561 348 5711 ἑή)
374 5563 626 5634 Repetit,
654 5579 775 5620 non
805 5567 894 5621 est
917 5565 977 5620 in
1000 5564 1222 5621 Graeco.
1904 5565 2019 5622 huc
2054 5569 2250 5622 mente
2279 5580 2511 5647 eorum,
2555 5565 2724 5638 plene
2751 5565 3051 5642 (perfecte)
3099 5567 3423 5640 gaudeant,
3460 5582 3558 5630 me

282 5635 325 5708 ἱ)
361 5635 432 5693 Ut
463 5644 743 5704 cessante,
768 5642 880 5696 etc.
905 5639 974 5694 Ut
1001 5637 1416 5711 acquiescente
1434 5635 1674 5696 inﬁrma
1691 5637 1798 5696 ad—
1903 5651 2025 5696 non
2061 5645 2357 5694 contrario
2387 5643 2714 5711 apparente
2755 5643 2894 5698 Deo.

282 5635 333 5711 ί)
361 5635 432 5693 Ut
463 5644 743 5704 cessante,
768 5642 880 5696 etc.
905 5639 974 5694 Ut
1001 5637 1416 5713 acquiescente
1434 5635 1674 5696 inﬁrma
1691 5637 1798 5696 ad—
1903 5651 2025 5696 non
2061 5639 2357 5694 contrario
2387 5635 2714 5713 apparentes
2755 5635 2894 5698 lico.
