4022 6232
579 198 713 258 1447

1888 189 2233 251 EUTHYMII
2276 184 2609 252 ZIGABENI
3701 198 3786 260 {uti

575 329 766 385 solute
784 325 1106 397 gaudeant,
1137 337 1211 377 ne
1235 337 1330 378 me
1349 318 1471 377 Deo
1496 318 1863 376 contrarium
1892 336 2023 376 esse
2042 321 2208 393 suspi

2342 322 2527 391 αὐτῶν,
2562 325 2829 393 χαίρωσιν
2861 318 3086 393 ἐντελῶς,
3130 322 3193 383 ὡς
3218 327 3287 395 μή
3318 320 3559 387 δοκοῦντος
3597 330 3672 398 μὸν
3706 328 3797 381 imi-

573 422 800 472 centur.

644 508 800 561 Vers.
868 504 947 558 14.
979 503 1100 572 Ego
1122 531 1191 541 ——
1219 500 1462 556 mundo.
1512 499 1744 555 Tradidi
1775 499 1857 554 eis
1889 514 2227 555 sermonem

572 600 741 650 tuum
796 592 1231 663 evangelicum,
1265 596 1320 645 et
1372 588 1517 644 mali
1567 589 1972 659 oderunteos,
2030 594 2092 642 ut
2124 588 2225 660 qui

571 700 691 739 non
723 684 839 737 sint
892 698 961 736 ex
998 680 1165 752 ipsis,
1198 685 1493 751 quantum
1547 677 1625 733 ad
1668 678 2075 732 innocentiam
2128 684 2227 731 aut

571 771 1031 844 simplicitatem.
1068 772 1210 824 Nam
1243 775 1298 822 et
1340 769 1399 822 in
1441 766 1917 839 praecedentibus
1967 767 2111 820 dixit
2149 767 2221 821 ad

570 878 673 916 eos
710 877 721 914 :
755 860 817 915 Si
860 861 932 916 de
974 858 1181 914 mundo
1219 858 1504 926 fuissetis,
1556 856 1807 910 mundus
1858 856 2023 926 quod
2056 871 2225 910 suum

570 956 729 1016 esset,
758 949 1028 1018 diligeret
1061 948 1126 1001 ‘5.
1156 946 1324 1010 Nam,
1358 945 1659 1009 mundum,
1707 951 1763 999 et
1808 944 1889 999 ibi
1921 948 1977 999 et
1999 943 2097 998 hic
2128 960 2226 998 vo-

568 1045 663 1095 cat
687 1038 901 1101 malos,
928 1040 1166 1107 propter
1189 1034 1388 1089 mundi
1422 1050 1491 1089 ac
1520 1033 1891 1104 voluptatum
1925 1048 2220 1087 amorem.

566 1129 768 1199 Itaque
783 1141 920 1181 cum
935 1128 1173 1196 propter
1185 1136 1510 1177 sermonem
1528 1128 1695 1176 tuum
1710 1120 1848 1176 odio
1863 1121 2219 1185 habeantur,

567 1215 797 1272 custodi
826 1214 979 1271 illos.

638 1305 796 1357 Vers.
843 1303 924 1355 15.
967 1300 1100 1354 Non
1126 1329 1193 1336 —
1230 1298 1409 1352 malo.
1454 1295 1785 1351 Orationem
1837 1300 2080 1365 propter
2120 1310 2222 1350 eos

566 1391 869 1464 explanat,
894 1386 1383 1443 utconﬁdentiori
1403 1385 1596 1456 magis
1619 1386 1735 1440 sint
1760 1385 1985 1451 animo,
2018 1389 2221 1455 utpote

565 1497 687 1537 non
719 1480 916 1535 statim
958 1476 1249 1542 morituri,
1279 1475 1630 1547 priusquam
1662 1473 2130 1546 prmdicaverint,
2164 1480 2222 1529 et

564 1569 737 1642 quasi
778 1567 959 1623 Patris
991 1564 1261 1621 custodia
1290 1564 1541 1619 fruituri.
1578 1562 1645 1619 Et
1670 1562 1764 1618 hic
1804 1561 1965 1637 ἐρατῶ
1994 1562 2217 1631 signiﬁ-

565 1663 660 1715 cat
687 1656 958 1713 obsecro.

640 1748 797 1801 Vers.
832 1745 917 1799 16.
952 1746 1034 1799 De
1060 1773 1128 1784 —
1159 1747 1311 1799 sunt.
1345 1741 1507 1797 Idem
1542 1741 1736 1796 adhuc
1767 1742 1839 1810 (j)
1879 1740 2218 1812 frequenter

564 1836 722 1902 dicit,
765 1835 887 1890 sive
928 1832 1046 1889 ulla
1076 1832 1487 1887 immutatione
1527 1831 1691 1902 prius
1722 1830 1836 1885 illis
1876 1830 2215 1895 testiﬁcans,

562 1942 637 1981 ne
672 1925 1001 1987 turbentur,
1032 1920 1083 1976 si
1132 1921 1266 1977 odio
1298 1920 1656 1984 habeantur,
1688 1920 1938 1975 scientes
1968 1919 2215 1975 omnino

561 2015 921 2071 contrariam
981 2029 1106 2069 esse
1175 2010 1373 2066 virtuti
1428 2009 1743 2065 malitiam.
1808 2008 1997 2063 Simul
2070 2024 2217 2080 quo-

562 2120 679 2177 que
705 2103 910 2159 laudat
931 2118 1029 2157 eos
1059 2100 1221 2173 apud
1248 2100 1500 2167 Patrem,
1529 2098 1705 2153 etiam
1732 2098 1871 2153 hinc
1897 2097 2215 2153 ostendens

561 2193 673 2248 illis
706 2192 1077 2247 dilectionem
1112 2205 1289 2244 suam
1320 2204 1460 2257 erga
1486 2188 1661 2259 ipsos.
1697 2186 1842 2241 Dicit
1870 2202 2011 2257 ergo
2042 2186 2211 2241 coele-

561 2286 679 2336 stes
710 2296 811 2336 eos
832 2294 963 2335 esse
990 2278 1162 2345 cives,
1192 2292 1313 2333 non
1339 2276 1669 2343 mundana,
1700 2275 1804 2330 sed
1826 2274 2093 2331 cmlestia
2123 2291 2215 2330 sa-

603 2370 805 2424 ientes.

603 2387 805 2424 nentes.

559 2387 789 2513 pVers.
852 2459 942 2513 16.
1020 2456 1179 2511 Sicut
1252 2484 1321 2495 —
1391 2469 1542 2509 sum.
1622 2453 1805 2508 Etiam
1870 2452 2215 2509 consolatur

561 2564 663 2605 eos
693 2545 1073 2602 similitudine
1128 2544 1205 2599 ad
1257 2544 1546 2616 seipsum,
1599 2548 1654 2598 et
1705 2542 1784 2598 ad
1836 2542 2210 2599 tolerantiam

556 2638 789 2693 excitat.

626 2726 796 2782 Vers.
850 2726 933 2780 Π.
1009 2722 1325 2791 Sanctiﬁca
1370 2752 1436 2761 —
1496 2728 1669 2778 tuam.
1733 2723 1979 2778 Sanctos
2032 2719 2210 2778 facito

552 2818 715 2891 ipsos
763 2832 866 2888 per
920 2814 1201 2886 Spiritum
1258 2811 1720 2876 sanctissimum,
1771 2826 1874 2883 per
1902 2815 2207 2867 veritatem

552 2906 907 2977 dogmatum
972 2921 984 2958 :
1055 2918 1198 2957 nam
1271 2917 1411 2956 vera
1487 2900 1771 2970 dogmata
1836 2899 2207 2955 sanctiﬁcant

551 2995 879 3051 hominem.
934 2992 1151 3047 Deinde
1200 2989 1558 3060 manifestat,
1607 2988 1754 3062 quid
1813 2989 1986 3055 dicat,
2051 2989 2208 3045 Veri-
2245 3034 2282 3062 μ

553 3089 747 3141 tatem.

621 3173 785 3228 Vers.
819 3172 906 3225 17.
947 3171 1143 3227 Sermo
1170 3200 1236 3209 —
1274 3174 1375 3224 est.
1416 3169 1622 3225 Sermo
1660 3166 2010 3236 dogmatum
2044 3171 2201 3232 tuus,

550 3262 670 3317 sive
702 3277 737 3316 a
768 3266 823 3316 te
864 3275 968 3331 per
998 3259 1283 3331 Spiritum
1313 3260 1597 3313 sanctum
1630 3255 1744 3311 illis
1782 3256 2027 3311 infusus.
2062 3258 2203 3310 Nam

548 3350 820 3423 superius
851 3348 990 3405 dixit
1007 3348 1261 3418 Spiritus
1290 3346 1557 3403 veritatis
1584 3345 1757 3402 ducet
1778 3361 1880 3401 vos
1897 3345 1961 3401 in
1987 3359 2203 3400 omnem

547 3441 847 3498 veritatem
876 3438 945 3491 ⁴⁶.

616 3617 792 3671 Aliter
822 3630 1066 3686 quoque
1100 3613 1403 3683 intelligite
1432 3629 1443 3666 :
1469 3612 1786 3681 Sancti/ica
1810 3628 1899 3667 eos
1922 3628 2031 3681 per
2053 3613 2204 3669 veri-

545 3710 723 3761 tatem
773 3711 959 3766 tuam,
1002 3702 1115 3757 hoc
1155 3706 1263 3771 est,
1328 3704 1585 3772 Segrega
1635 3717 1737 3756 eos
1792 3716 1898 3772 per
1937 3704 2199 3772 Evange-

542 3792 688 3847 lium
716 3794 885 3845 tuum
913 3805 927 3855 ;
950 3789 1142 3845 Sermo
1172 3804 1420 3859 namque
1445 3794 1599 3853 tuus,
1627 3792 1773 3860 puta
1797 3788 2197 3859 evangelicus,

546 3881 763 3938 veritas
792 3886 894 3937 est.

616 3969 800 4026 Patris
834 3973 1036 4027 autem
1069 3967 1148 4022 ait
1177 3983 1304 4022 esse
1348 3982 1709 4033 sermonem,
1743 3966 1893 4023 sicut
1927 3966 2105 4023 etiam
2137 3968 2195 4022 in

540 4060 1014 4135 przecedentibus
1075 4057 1222 4113 dixit
1262 4075 1277 4113 :
1317 4058 1441 4127 Ego
1501 4072 1575 4113 ex
1626 4057 1845 4126 meipso
1888 4074 2007 4113 non
2068 4074 2196 4114 sum

542 4152 791 4219 locutus,
813 4150 913 4205 sed
926 4151 1123 4211 Pater,
1148 4147 1253 4219 qui
1267 4145 1835 4215 misitme,ipsemihi
1846 4154 2195 4216 praeceptum

539 4240 692 4296 dedit
718 4238 864 4310 quid
891 4237 1080 4293 dicam
1113 4242 1167 4291 et
1192 4236 1339 4307 quid
1365 4236 1577 4306 loquar
1606 4236 1673 4289 ‘7.

612 4331 773 4384 Vers.
806 4331 889 4384 18.
929 4325 1087 4382 Sicut
1116 4325 1511 4379 —mundum.
1560 4323 1723 4378 Sicut
1769 4329 1828 4379 tu
1877 4322 2192 4380 hominum
2227 4310 2271 4365 ί)

538 4418 785 4491 cupiens
837 4416 1111 4484 salutem,
1167 4430 1263 4469 me
1306 4413 1517 4469 misisti
1576 4428 1589 4467 :
1648 4413 1731 4468 ita
1778 4416 1833 4468 et
1864 4429 1975 4483 ego
2031 4413 2191 4469 illam

538 4508 811 4578 cupiens,
840 4505 971 4562 misi
1025 4520 1149 4561 eos.
1179 4502 1280 4558 Vel
1330 4501 1482 4557 sicut
1531 4507 1611 4568 tu,
1663 4502 1766 4575 qui
1816 4504 1982 4559 Pater
2026 4520 2193 4560 meus

540 4610 623 4660 es,
657 4594 873 4650 misisti
913 4610 1029 4663 me,
1078 4593 1159 4651 ita
1199 4596 1253 4648 et
1282 4606 1413 4662 ego,
1438 4590 1537 4663 qui
1576 4590 1748 4647 Pater
1791 4606 1999 4649 eorum
2033 4610 2190 4659 sum,

610 4771 659 4809 ιι
681 4771 854 4828 Joan.
885 4786 986 4836 xv,
1022 4775 1108 4827 19.
1294 4771 1341 4806 “
1368 4770 1543 4827 Joan.
1570 4784 1690 4835 xw,
1725 4772 1810 4826 13.

2341 411 2501 483 6:06].

2408 498 2543 568 Ἐγώ
2576 531 2643 540 —
2667 505 2889 570 κόσμου.
2942 498 3152 554 Δίδωκα
3192 503 3359 566 αὐτοῖς
3399 508 3476 556 τόν
3501 504 3623 575 λόγον
3646 525 3715 557 σου
3745 514 3801 558 τὸν

2337 586 2681 658 εὐαγγελικὸν,
2726 595 2815 641 καὶ
2862 592 2909 641 οἱ
2954 597 3167 665 πονηροὶ
3212 592 3453 663 ἐμίσησαν
3491 594 3640 653 αὐτοὺς
3674 598 3723 654 ὡς
3755 601 3799 665 μὴ

2335 680 2480 736 ὄντας
2521 676 2572 740 ἐξ
2621 678 2787 729 αὐτῶν
2837 682 2957 730 ὅσον
3008 683 3177 752 ἐπὶ
3238 680 3433 754 ἀκακία.
3486 688 3569 734 Καὶ
3616 682 3806 755 προλαϐὼν

2333 769 2431 837 γὰρ
2482 764 2589 818 εἷπε
2628 772 2757 841 πρὸς
2798 769 2989 829 αὐτοὺς
3019 772 3098 821 ὅτι
3140 770 3198 823 Εἰ
3241 774 3293 821 ἐκ
3339 780 3419 823 τοῦ
3463 778 3629 841 κόσμον
3673 769 3752 835 ἦτε,
3792 777 3807 821 ὁ

2334 860 2525 926 κόσμος
2554 854 2614 906 ἂν
2658 860 2716 907 τό
2760 852 2896 909 ἴδιον
2941 856 3117 929 ἐφίλει.
3170 864 3364 930 Κόσμον
3403 862 3492 932 γαρ
3531 864 3603 910 καὶ
3648 857 3726 910 ἐκεῖ
3752 866 3813 910 καὶ

2333 941 2550 995 ἐνταῦθα
2591 949 2706 1005 τοὺς
2754 950 3012 1019 πονηροὺς
3067 946 3212 998 καλεί
3253 944 3340 999 διὰ
3384 952 3435 999 τό
3480 949 3733 1019 φιλόκοσμον
3755 956 3813 1000 mi

2333 1029 2621 1102 φιλήδονον.
2656 1039 2755 1086 Καὶ
2770 1034 2965 1098 λοιπόν,
2995 1037 3059 1096 ως
3082 1032 3175 1087 διὰ
3197 1036 3436 1107 τὸνλόγον
3458 1056 3540 1088 σου
3565 1040 3815 1109 μισηθέντας,

2333 1116 2647 1193 διαφύλαξον
2679 1123 2883 1184 αὐτούς.

2402 1300 2512 1351 Οὐκ
2548 1332 2613 1340 -
2646 1310 2888 1375 πονηροῦ.
2942 1307 3215 1369 Σαφηνίζει
3264 1308 3354 1360 τὴν
3384 1302 3527 1374 εὐχὴν
3571 1300 3631 1355 δι’
3672 1304 3822 1365 αὖτοὺς,

2331 1389 2414 1440 ἶνα
2445 1388 2606 1464 θαῤῥὴ
2618 1410 2753 1443 σωσι
2776 1390 2987 1463 μᾶλλον,
3011 1394 3079 1454 ως
3112 1393 3204 1444 οὐκ
3227 1393 3409 1444 αὐτίκα
3435 1392 3733 1463 τεθνηξόμενοι
3754 1394 3823 1463 πρὸ
3960 1410 3961 1483 γ

2326 1485 2416 1529 τοῦ
2454 1478 2700 1552 κηρύξαι,
2747 1478 2874 1532 ἀλλά
2902 1486 2992 1533 καὶ
3020 1489 3111 1541 τῆς
3154 1485 3298 1554 παρά
3329 1489 3415 1534 τοῦ
3456 1485 3630 1554 Πατρός
3656 1481 3827 1551 φυλακῆς
3960 1478 3961 1531 l

2329 1565 2723 1628 ἀπολαύσοντες.
2762 1567 3039 1621 Κάνταῦθα
3069 1566 3128 1622 δὲ
3170 1572 3199 1627 ἠ
3242 1568 3481 1642 ἐρώτησις
3518 1574 3599 1627 τήν
3624 1568 3826 1641 παρακλη-
3960 1560 3961 1603 Ῑ

2251 1683 2289 1736 Β
2330 1676 2411 1707 σιν
2447 1662 2708 1728 σημαίνει.

2399 1746 2484 1797 Ἐκ
2533 1778 2600 1785 —
2649 1746 2771 1801 εἰσι.
2825 1754 3057 1817 Συνεχῶς
3108 1752 3197 1799 καὶ
3248 1755 3401 1800 τοῦτο
3443 1747 3583 1817 λέγει,
3628 1764 3830 1817 προσμαρ-

2324 1843 2491 1907 τυρῶν
2531 1835 2707 1897 αὐτοῖς
2752 1839 2809 1887 τό
2860 1835 3140 1908 ἀπόνηρον,
3188 1836 3273 1888 ἶνα
3327 1835 3654 1908 βεϐαιωθὼσιν
3702 1834 3756 1893 εἰς
3792 1838 3832 1884 τι

2323 1930 2394 1995 μὴ
2454 1922 2786 1997 θορυϐεῖσθαι
2846 1928 3172 1997 μισούμενοι,
3251 1922 3445 1987 εἰδότες
3495 1927 3564 1976 ότι
3623 1923 3832 1973 ἀντίκειται

2322 2021 2385 2083 τῇ
2442 2011 2595 2087 ἀρετῇ
2657 2017 2856 2075 πάντως
2908 2017 2936 2072 ἡ
2996 2020 3176 2069 κακία.
3244 2014 3390 2087 "Apta
3448 2011 3501 2066 δὲ
3571 2018 3647 2065 καὶ
3694 2012 3835 2063 ἐπαινεῖ

2324 2102 2512 2164 αὐτοὺς
2572 2105 2711 2177 παρά
2754 2111 2825 2172 τῷ
2881 2109 3069 2177 Πατρὶ,
3128 2101 3379 2156 δεικνύων
3427 2104 3584 2162 αὐτοῖς
3632 2100 3834 2151 κάντεῦθεν

2322 2197 2415 2249 τὴν
2452 2192 2523 2253 εἰς
2564 2192 2749 2253 αὐτοὺς
2800 2194 3009 2263 ἀγάπην
3060 2193 3239 2245 αὐτοῦ.
3286 2198 3447 2251 Φησὶν
3501 2188 3579 2243 οὖν
3623 2193 3686 2242 ὅτι
3728 2188 3834 2261 οὖρα

2322 2280 2588 2333 νοπολίται
2607 2281 2721 2351 (96)
2754 2281 2905 2345 εἰσίν,
2930 2282 2989 2333 οὐ
3016 2285 3250 2354 κοσμιχά
3273 2289 3575 2358 φρονοῦντες,
3731 2277 3838 2349 οὖρά-

2322 2390 2427 2424 νια.

2397 2460 2580 2521 Καθὼς
2608 2490 2674 2499 -
2706 2459 2832 2531 εἰμί.
2864 2464 2965 2513 Καὶ
2993 2469 3055 2532 τῇ
3088 2464 3219 2533 πρὸς
3240 2460 3427 2513 ἑαυτὸν
3452 2460 3688 2531 ὁμοιότητι
3710 2472 3835 2527 παρη·

2318 2556 2463 2619 γορεῖ
2489 2551 2672 2601 τούτου
2684 2568 2722 2613 ς,
2758 2553 2845 2600 καὶ
2879 2545 3122 2622 διεγείρει
3147 2552 3282 2625 πρὸς
3308 2551 3581 2621 ὑπομονήν.

2386 2726 2634 2797 Ἃγίασον
2674 2758 2739 2766 —
2773 2745 2888 2778 σου.
2915 2725 3116 2798 Ἀγίους
3147 2731 3371 2783 ποίησον
3408 2722 3499 2777 διὰ
3541 2729 3624 2775 τοῦ
3650 2723 3839 2788 namque

2319 2820 2615 2887 Πνεύματος
2642 2815 2690 2867 ἐν
2717 2823 2778 2887 τῇ
2815 2815 3033 2887 ἀληθείᾳ
3056 2824 3154 2867 τῶν
3178 2813 3460 2886 δογμάτων
3493 2832 3504 2843 ·
3537 2816 3594 2865 τὰ
3614 2814 3699 2883 γὰρ
3722 2808 3842 2865 ἀληθῆ

2318 2901 2559 2976 δόγματα
2602 2904 2886 2975 ἁγιάζονσι
2933 2908 3019 2958 τόν
3058 2907 3355 2979 ἄνθρωπον.
3410 2901 3531 2957 Εἶτα
3574 2898 3778 2968 διασαφεί
3812 2902 3843 2945 τί

2315 2993 2449 3064 λέγει
2473 2992 2766 3051 Ἀλήθειαν.

2388 3090 2429 3134 Ο
2468 3082 2615 3153 λόγος
2656 3113 2723 3122 -
2773 3081 2933 3136 ἐστιν.
2987 3080 3044 3134 Ὀ
3091 3081 3259 3152 λόγος,

2316 3175 2427 3238 σός,
2483 3175 2644 3241 ἤγουν
2710 3172 2735 3222 6
2788 3172 2930 3243 ποιρά
2986 3178 3080 3223 σοῦ
3131 3168 3224 3222 διά
3282 3179 3376 3223 τοῦ
3430 3170 3572 3241 ἁγίου
3622 3174 3847 3231 “mpura;

2314 3260 2658 3331 ἐνηχούμενος
2721 3260 2915 3320 αὐτοῖς.
2984 3263 3173 3331 Εἶρηκε
3218 3263 3327 3332 γὰρ
3405 3259 3623 3331 ἀνωτέρω
3688 3257 3753 3305 ὅτι
3800 3253 3845 3301 Τὲ

2317 3357 2523 3422 Πνεῦμα
2573 3358 2661 3410 τῆς
2710 3349 2943 3410 ἀληθείας
2998 3346 3261 3421 ὁδηγήσει
3326 3350 3465 3421 ὑμᾶς
3492 3348 3559 3408 εἰς
3600 3352 3746 3397 πᾶσαν

2315 3435 2407 3495 ἀλὴ
2419 3439 2575 3493 θειαν.

3337 3084 3363 3133 6
3412 3089 3509 3133 τῶν
3552 3074 3843 3149 aquitani

2382 3614 2594 3688 [Νοείτα
2625 3615 2734 3688 (97)
2769 3611 2829 3667 δὲ
2856 3619 2946 3667 καὶ
2978 3614 3156 3690 ἑτέρως
3184 3618 3245 3667 τὸ
3285 3615 3538 3688 Ἀγίασον
3564 3612 3725 3669 αὐτοὺς
3748 3607 3787 3659 ἰν

2310 3703 2526 3776 ἀληθείᾳ
2558 3724 2674 3771 σου,
2709 3703 2820 3755 ἀντὶ
2846 3712 2958 3773 τοῦ,
2990 3704 3269 3778 ’Δφόρισον
3298 3705 3486 3764 αὐτοὺς
3507 3703 3554 3754 ἐν
3590 3709 3654 3769 τῷ
3682 3698 3850 3765 Εὐαγγεο

2308 3793 2402 3865 λίῳ
2431 3813 2544 3847 σου.
2574 3793 2633 3845 '0
2658 3792 2809 3865 λόγος
2832 3795 2933 3865 γὰρ
2966 3794 2993 3844 ό
3024 3797 3134 3857 σός,
3170 3796 3343 3845 εἶτουν
3372 3794 3398 3844 6
3420 3790 3740 3863 εὖαγγελικὸς,
3767 3783 3835 3839 ἁλὶ

2311 3883 2422 3934 θειά
2452 3880 2584 3935 ἐστι.
2956 3940 2957 3947 γ

2377 3978 2479 4023 Τοῦ
2532 3975 2739 4044 Πατρός
2784 3966 2842 4023 δί
2892 3975 2979 4023 τὸν
3024 3970 3174 4041 λόγον
3224 3969 3364 4023 εἶναί
3411 3990 3563 4043 φησι,
3608 3968 3754 4024 καθὼς
3792 3967 3855 4012 καὶ

2306 4059 2575 4133 προλαϐὼν
2608 4057 2741 4113 εἶπεν
2772 4062 2851 4111 ὅτι
2880 4061 3013 4130 Ἐγώ
3043 4059 3095 4122 ἐξ
3124 4063 3361 4132 ἐμαυτοῦ
3402 4061 3497 4113 οὐκ
3537 4057 3750 4121 ἐλάλησα,

2307 4150 2331 4200 6
2376 4148 2581 4221 πέμψας
2610 4168 2673 4220 με
2704 4154 2903 4222 Πατὴρ,
2937 4149 3092 4211 αὑτός
3119 4169 3210 4221 μοι
3242 4148 3461 4208 ἐντολὴν
3490 4145 3661 4211 ἔδωκε,
3696 4148 3739 4195 τί
3766 4142 3855 4193 sim

2304 4242 2393 4290 καὶ
2423 4243 2474 4290 τί
2502 4237 2629 4296 λαλὴ
2641 4237 2764 4311 σω].

2379 4330 2563 4388 Καθὼς
2617 4360 2662 4369 -
2726 4332 2941 4400 κόσμον.
2997 4329 3181 4389 Καθὼς
3233 4332 3326 4395 σὺ,
3388 4328 3543 4380 θελων
3600 4329 3682 4382 τὴν
3730 4336 3855 4373 aur:-

2302 4422 2419 4491 ρίαν
2484 4426 2583 4469 τῶν
2640 4416 2941 4490 ἀνθρώπων,
3009 4416 3096 4489 ἔμε
3154 4415 3521 4479 ἀπέστειλας·
3572 4416 3693 4467 οὕτω
3748 4408 3855 4475 3:517?ﬂ

2305 4506 2457 4559 θελων
2507 4506 2670 4564 αὐτὴν
2708 4505 2985 4559 ἀπέστειλα
3032 4506 3222 4567 αὐτούς
3247 4523 3260 4535 ⁸
3298 4510 3331 4564 ἦ
3386 4508 3563 4567 καθὼς
3608 4505 3686 4565 σὺ,
3715 4499 3852 4567 Πατήρ

2300 4615 2400 4668 μου
2461 4599 2542 4661 ὗν,
2600 4594 2685 4668 ἐμὲ
2737 4593 3037 4657 ἀπέστειλας
3079 4609 3094 4625 ⁶
3131 4597 3265 4647 οὕτω
3316 4594 3472 4668 κᾶγώ
3521 4598 3689 4664 Πατὴρ
3732 4589 3854 4641 αὐτῶν

1995 4770 2042 4807 ἰτ
2068 4770 2243 4840 Joan,
2274 4785 2368 4837 xu,
2406 4773 2492 4828 49.

1736 4930 1959 5000 Variae
1999 4931 2326 5000 lectiones
2377 4942 2443 5000 et
2494 4941 2692 5000 notae.

609 5107 721 5179 (96)
754 5106 1053 5177 Chrysost.
1097 5107 1137 5179 ι.
1186 5102 1421 5179 Vlll,_p.
1638 5102 1700 5179 ξ).
1740 5101 1975 5179 dixerat
2021 5121 2031 5160 :
2080 5104 2190 5179 Τῶν

534 5172 762 5255 οὐρανῶν
785 5172 1283 5255 γεγόνασιΔπολξ-ται.
1315 5172 1564 5255 ωηο-1111
1597 5172 1996 5254 οὖρανοπολῐται
2027 5174 2188 5244 apud

531 5246 861 5324 ’l‘lieophyli
903 5263 966 5320 p.
999 5247 1122 5303 801.
1154 5246 1261 5303 ﬁn.
1319 5246 1476 5317 apud
1529 5251 1808 5302 Ammon.
1866 5246 1927 5300 in
1983 5247 2184 5301 Caten.

604 5441 674 5512 (j)
704 5440 864 5495 Idem
890 5437 1107 5500 adhuc,
1143 5437 1251 5490 etc.
1286 5432 1576 5512 Continuo
1615 5432 1729 5512 hoc
1760 5447 1995 5512 qudque
2021 5431 2183 5512 dicit,

530 5504 753 5584 testans
784 5526 885 5567 eos
916 5523 1101 5584 puros
1139 5520 1270 5584 esse
1303 5522 1336 5584 τι
1365 5505 1612 5575 malitia,
1645 5510 1708 5561 ut
1737 5504 2186 5584 conﬁrmentur,

526 5598 602 5644 ne
632 5576 960 5648 turbentur,
1018 5581 1065 5635 si
1117 5576 1278 5635 odio.
1315 5580 1466 5634 L000
1494 5584 1908 5652 προσμαρτυρῶν
1956 5576 2188 5632 videtur

2302 5102 2530 5168 Corder,
2567 5118 2626 5173 p.
2660 5101 2785 5158 413.

2371 5176 2481 5245 (97)
2520 5167 2755 5231 inclusa
2779 5172 3004 5246 absunt
3032 5178 3096 5246 Α.
3125 5173 3464 5231 Hentenius
3498 5190 3600 5246 per
3614 5167 3851 5229 confusio-

2300 5262 2437 5301 nem
2470 5246 2760 5301 vocalium
2788 5244 3021 5301 videtur
3050 5244 3259 5317 legisse
3288 5254 3486 5302 νοεῖτε.

2294 5430 2933 5574 ἒῗὲὶῗὲἓέτιρὲμαρτυρῶν.
2963 5429 3117 5497 Quid
3144 5446 3278 5489 vero
3308 5430 3457 5489 loco
3485 5430 3726 5504 ἀπόνηρον
3742 5424 3849 5495 1836'
