  <div class='ocr_page' id='page_1' title='image "/cluster/home/n/w/nwhite01/storage/ocr_20150623/129/hvd.32044073502395/748.png"; bbox 0 0 4022 6232; ppageno 0'>
   <div class='ocr_carea' id='block_1_1' title="bbox 151 183 290 248">
    <p class='ocr_par' dir='ltr' id='par_1_1' title="bbox 151 183 290 248">
     <span class='ocr_line' id='line_1_1' title="bbox 151 183 290 248; baseline -0.022 0"><span class='ocrx_word' id='word_1_1' title='bbox 151 183 290 248; x_wconf 66' lang='grc'>1449</span> 
     </span>
    </p>
   </div>
   <div class='ocr_carea' id='block_1_2' title="bbox 1113 177 2510 247">
    <p class='ocr_par' dir='ltr' id='par_1_2' title="bbox 1113 177 2510 247">
     <span class='ocr_line' id='line_1_2' title="bbox 1113 177 2510 247; baseline 0.002 -4"><span class='ocrx_word' id='word_1_2' title='bbox 1113 180 1484 245; x_wconf 84' lang='lat' dir='ltr'>COMMENT.</span> <span class='ocrx_word' id='word_1_3' title='bbox 1536 187 1605 244; x_wconf 95' lang='lat' dir='ltr'>IN</span> <span class='ocrx_word' id='word_1_4' title='bbox 1641 177 1986 244; x_wconf 75' lang='lat' dir='ltr'>JOANNEM.</span> <span class='ocrx_word' id='word_1_5' title='bbox 2028 219 2092 228; x_wconf 96' lang='lat'><strong>—</strong></span> <span class='ocrx_word' id='word_1_6' title='bbox 2133 183 2292 247; x_wconf 83' lang='lat' dir='ltr'>CAP.</span> <span class='ocrx_word' id='word_1_7' title='bbox 2349 182 2510 246; x_wconf 85' lang='lat' dir='ltr'><strong>XVII.</strong></span> 
     </span>
    </p>
   </div>
   <div class='ocr_carea' id='block_1_3' title="bbox 3372 187 3512 258">
    <p class='ocr_par' dir='ltr' id='par_1_3' title="bbox 3372 187 3512 258">
     <span class='ocr_line' id='line_1_3' title="bbox 3372 187 3512 258; baseline 0.014 -2"><span class='ocrx_word' id='word_1_8' title='bbox 3372 187 3512 258; x_wconf 68' lang='lat'>4430</span> 
     </span>
    </p>
   </div>
   <div class='ocr_carea' id='block_1_4' title="bbox 154 312 1769 392">
    <p class='ocr_par' dir='ltr' id='par_1_4' title="bbox 154 313 1748 386">
     <span class='ocr_line' id='line_1_4' title="bbox 154 313 1748 386; baseline -0.001 -19"><span class='ocrx_word' id='word_1_9' title='bbox 154 319 222 367; x_wconf 85' lang='grc' dir='ltr'>ὧν</span> <span class='ocrx_word' id='word_1_10' title='bbox 252 314 534 368; x_wconf 83' lang='grc' dir='ltr'>ἀπέστειλα</span> <span class='ocrx_word' id='word_1_11' title='bbox 564 314 773 376; x_wconf 80' lang='grc' dir='ltr'>αὐτούς.</span> <span class='ocrx_word' id='word_1_12' title='bbox 804 313 963 368; x_wconf 87' lang='grc' dir='ltr'>Ἀλλά</span> <span class='ocrx_word' id='word_1_13' title='bbox 993 317 1058 366; x_wconf 81' lang='grc' dir='ltr'>σὺ</span> <span class='ocrx_word' id='word_1_14' title='bbox 1085 316 1172 386; x_wconf 70' lang='grc' dir='ltr'>μὲν</span> <span class='ocrx_word' id='word_1_15' title='bbox 1198 319 1378 386; x_wconf 75' lang='grc' dir='ltr'>Πατήρ</span> <span class='ocrx_word' id='word_1_16' title='bbox 1410 334 1508 385; x_wconf 89' lang='grc' dir='ltr'>μου</span> <span class='ocrx_word' id='word_1_17' title='bbox 1543 317 1691 386; x_wconf 75' lang='grc' dir='ltr'>φύσει</span> <span class='ocrx_word' id='word_1_18' title='bbox 1732 331 1748 347; x_wconf 80' lang='grc' dir='ltr'><strong>ο</strong></span> 
     </span>
    </p>
   </div>
   <div class='ocr_carea' id='block_1_5' title="bbox 1888 312 3506 392">
    <p class='ocr_par' dir='ltr' id='par_1_5' title="bbox 1888 312 3506 392">
     <span class='ocr_line' id='line_1_5' title="bbox 1888 312 3506 392; baseline 0.008 -24"><span class='ocrx_word' id='word_1_19' title='bbox 1888 312 1993 368; x_wconf 79' lang='lat' dir='ltr'>nisi</span> <span class='ocrx_word' id='word_1_20' title='bbox 2025 329 2144 370; x_wconf 90' lang='lat' dir='ltr'>eos.</span> <span class='ocrx_word' id='word_1_21' title='bbox 2200 315 2314 370; x_wconf 85' lang='lat' dir='ltr'>Sed</span> <span class='ocrx_word' id='word_1_22' title='bbox 2348 318 2407 368; x_wconf 93' lang='lat' dir='ltr'>tu</span> <span class='ocrx_word' id='word_1_23' title='bbox 2435 314 2677 386; x_wconf 85' lang='lat' dir='ltr'>quidem</span> <span class='ocrx_word' id='word_1_24' title='bbox 2733 321 2948 375; x_wconf 88' lang='lat' dir='ltr'>natura</span> <span class='ocrx_word' id='word_1_25' title='bbox 3002 323 3168 378; x_wconf 86' lang='lat' dir='ltr'>Pater</span> <span class='ocrx_word' id='word_1_26' title='bbox 3207 340 3377 380; x_wconf 92' lang='lat' dir='ltr'>meus</span> <span class='ocrx_word' id='word_1_27' title='bbox 3426 343 3506 392; x_wconf 89' lang='lat' dir='ltr'>es,</span> 
     </span>
    </p>
   </div>
   <div class='ocr_carea' id='block_1_6' title="bbox 152 402 1752 479">
    <p class='ocr_par' dir='ltr' id='par_1_6' title="bbox 152 402 1752 479">
     <span class='ocr_line' id='line_1_6' title="bbox 152 402 1752 479; baseline -0.002 -22"><span class='ocrx_word' id='word_1_28' title='bbox 152 405 249 476; x_wconf 82' lang='grc' dir='ltr'>ἐγὼ</span> <span class='ocrx_word' id='word_1_29' title='bbox 287 402 344 457; x_wconf 70' lang='grc' dir='ltr'>δὲ</span> <span class='ocrx_word' id='word_1_30' title='bbox 393 409 573 479; x_wconf 77' lang='grc' dir='ltr'>Πατὴρ</span> <span class='ocrx_word' id='word_1_31' title='bbox 606 404 792 472; x_wconf 72' lang='grc' dir='ltr'>αὐτῶν,</span> <span class='ocrx_word' id='word_1_32' title='bbox 825 406 889 464; x_wconf 87' lang='grc' dir='ltr'>ὡς</span> <span class='ocrx_word' id='word_1_33' title='bbox 927 408 1143 463; x_wconf 79' lang='grc' dir='ltr'>κτίστης</span> <span class='ocrx_word' id='word_1_34' title='bbox 1181 407 1268 455; x_wconf 82' lang='grc' dir='ltr'>καὶ</span> <span class='ocrx_word' id='word_1_35' title='bbox 1321 408 1607 477; x_wconf 81' lang='grc' dir='ltr'>προνοητὴς</span> <span class='ocrx_word' id='word_1_36' title='bbox 1663 407 1752 454; x_wconf 86' lang='grc' dir='ltr'>καὶ</span> 
     </span>
    </p>
   </div>
   <div class='ocr_carea' id='block_1_7' title="bbox 154 488 1753 566">
    <p class='ocr_par' dir='ltr' id='par_1_7' title="bbox 154 488 1753 566">
     <span class='ocr_line' id='line_1_7' title="bbox 154 488 1753 566; baseline -0.003 -20"><span class='ocrx_word' id='word_1_37' title='bbox 154 491 499 554; x_wconf 82' lang='grc' dir='ltr'>διδάσκαλος.</span> <span class='ocrx_word' id='word_1_38' title='bbox 527 493 616 554; x_wconf 84' lang='grc' dir='ltr'>Ὠς</span> <span class='ocrx_word' id='word_1_39' title='bbox 644 495 848 566; x_wconf 84' lang='grc' dir='ltr'>γεγονὸς</span> <span class='ocrx_word' id='word_1_40' title='bbox 881 490 940 545; x_wconf 70' lang='grc' dir='ltr'>δὲ</span> <span class='ocrx_word' id='word_1_41' title='bbox 981 492 1116 564; x_wconf 84' lang='grc' dir='ltr'>λέγει</span> <span class='ocrx_word' id='word_1_42' title='bbox 1146 495 1203 544; x_wconf 92' lang='grc' dir='ltr'><strong>τό</strong></span> <span class='ocrx_word' id='word_1_43' title='bbox 1259 497 1621 564; x_wconf 85' lang='grc' dir='ltr'>γενησόμενον,</span> <span class='ocrx_word' id='word_1_44' title='bbox 1661 488 1753 542; x_wconf 74' lang='grc' dir='ltr'>διὰ</span> 
     </span>
    </p>
   </div>
   <div class='ocr_carea' id='block_1_8' title="bbox 152 579 1750 655">
    <p class='ocr_par' dir='ltr' id='par_1_8' title="bbox 152 579 1750 655">
     <span class='ocr_line' id='line_1_8' title="bbox 152 579 1750 655; baseline 0 -20"><span class='ocrx_word' id='word_1_45' title='bbox 152 587 206 635; x_wconf 85' lang='grc' dir='ltr'>τὸ</span> <span class='ocrx_word' id='word_1_46' title='bbox 290 579 396 641; x_wconf 75' lang='grc' dir='ltr'>ἤδη</span> <span class='ocrx_word' id='word_1_47' title='bbox 491 582 690 655; x_wconf 87' lang='grc' dir='ltr'>με’λλειν</span> <span class='ocrx_word' id='word_1_48' title='bbox 770 581 1077 635; x_wconf 80' lang='grc' dir='ltr'>ἀποστεῖλαι</span> <span class='ocrx_word' id='word_1_49' title='bbox 1149 582 1335 642; x_wconf 76' lang='grc' dir='ltr'>αύτούς</span> <span class='ocrx_word' id='word_1_50' title='bbox 1414 584 1544 653; x_wconf 80' lang='grc' dir='ltr'>μετὰ</span> <span class='ocrx_word' id='word_1_51' title='bbox 1639 579 1750 652; x_wconf 86' lang='grc'>(98)</span> 
     </span>
    </p>
   </div>
   <div class='ocr_carea' id='block_1_9' title="bbox 153 677 360 745">
    <p class='ocr_par' dir='ltr' id='par_1_9' title="bbox 153 677 360 745">
     <span class='ocr_line' id='line_1_9' title="bbox 153 677 360 745; baseline 0.014 -21"><span class='ocrx_word' id='word_1_52' title='bbox 153 677 360 745; x_wconf 81' lang='grc' dir='ltr'>μικρὸν.</span> 
     </span>
    </p>
   </div>
   <div class='ocr_carea' id='block_1_10' title="bbox 230 758 1747 833">
    <p class='ocr_par' dir='ltr' id='par_1_10' title="bbox 230 758 1747 833">
     <span class='ocr_line' id='line_1_10' title="bbox 230 758 1747 833; baseline -0.001 -19"><span class='ocrx_word' id='word_1_53' title='bbox 230 766 326 814; x_wconf 80' lang='grc' dir='ltr'>Καὶ</span> <span class='ocrx_word' id='word_1_54' title='bbox 361 793 427 802; x_wconf 87' lang='grc'><strong>--</strong></span> <span class='ocrx_word' id='word_1_55' title='bbox 478 760 719 833; x_wconf 78' lang='grc' dir='ltr'>ἐμαυτόν.</span> <span class='ocrx_word' id='word_1_56' title='bbox 755 759 887 832; x_wconf 84' lang='grc' dir='ltr'>Ἐγὼ</span> <span class='ocrx_word' id='word_1_57' title='bbox 932 765 1176 821; x_wconf 87' lang='grc' dir='ltr'>εκουσίως</span> <span class='ocrx_word' id='word_1_58' title='bbox 1225 762 1462 822; x_wconf 83' lang='grc' dir='ltr'>θυσιάζω</span> <span class='ocrx_word' id='word_1_59' title='bbox 1509 758 1747 832; x_wconf 85' lang='grc' dir='ltr'>ἐμαυτόν.</span> 
     </span>
    </p>
   </div>
   <div class='ocr_carea' id='block_1_11' title="bbox 148 847 1751 924">
    <p class='ocr_par' dir='ltr' id='par_1_11' title="bbox 148 847 1751 924">
     <span class='ocr_line' id='line_1_11' title="bbox 148 847 1751 924; baseline -0.004 -20"><span class='ocrx_word' id='word_1_60' title='bbox 148 849 442 923; x_wconf 77' lang='grc' dir='ltr'>Ἀγιασμὸν</span> <span class='ocrx_word' id='word_1_61' title='bbox 482 852 584 924; x_wconf 85' lang='grc' dir='ltr'>γὰρ</span> <span class='ocrx_word' id='word_1_62' title='bbox 614 850 835 902; x_wconf 75' lang='grc' dir='ltr'>ἐνταῦθα</span> <span class='ocrx_word' id='word_1_63' title='bbox 867 853 951 902; x_wconf 88' lang='grc' dir='ltr'>τὸν</span> <span class='ocrx_word' id='word_1_64' title='bbox 1010 851 1303 922; x_wconf 85' lang='grc' dir='ltr'>θυσιασμόν</span> <span class='ocrx_word' id='word_1_65' title='bbox 1354 848 1509 920; x_wconf 87' lang='grc' dir='ltr'>λέγει.</span> <span class='ocrx_word' id='word_1_66' title='bbox 1571 847 1751 919; x_wconf 76' lang='grc' dir='ltr'>Ἀγιον</span> 
     </span>
    </p>
   </div>
   <div class='ocr_carea' id='block_1_12' title="bbox 151 937 1751 1015">
    <p class='ocr_par' dir='ltr' id='par_1_12' title="bbox 151 937 1751 1015">
     <span class='ocr_line' id='line_1_12' title="bbox 151 937 1751 1015; baseline -0.004 -22"><span class='ocrx_word' id='word_1_67' title='bbox 151 944 254 1015; x_wconf 78' lang='grc' dir='ltr'>γὰρ</span> <span class='ocrx_word' id='word_1_68' title='bbox 293 940 484 1012; x_wconf 68' lang='grc' dir='ltr'>λεγεται</span> <span class='ocrx_word' id='word_1_69' title='bbox 525 943 616 991; x_wconf 81' lang='grc' dir='ltr'>καὶ</span> <span class='ocrx_word' id='word_1_70' title='bbox 646 940 676 996; x_wconf 79' lang='grc' dir='ltr'>ἡ</span> <span class='ocrx_word' id='word_1_71' title='bbox 727 939 902 1010; x_wconf 88' lang='grc' dir='ltr'>θυσία,</span> <span class='ocrx_word' id='word_1_72' title='bbox 934 943 1022 991; x_wconf 83' lang='grc' dir='ltr'>καὶ</span> <span class='ocrx_word' id='word_1_73' title='bbox 1074 937 1187 1009; x_wconf 84' lang='grc'>(99)</span> <span class='ocrx_word' id='word_1_74' title='bbox 1233 937 1390 990; x_wconf 74' lang='grc' dir='ltr'>πολλά</span> <span class='ocrx_word' id='word_1_75' title='bbox 1423 941 1665 1010; x_wconf 77' lang='grc' dir='ltr'>σημαίνει</span> <span class='ocrx_word' id='word_1_76' title='bbox 1694 939 1751 988; x_wconf 83' lang='grc' dir='ltr'>τὸ</span> 
     </span>
    </p>
   </div>
   <div class='ocr_carea' id='block_1_13' title="bbox 152 1031 324 1102">
    <p class='ocr_par' dir='ltr' id='par_1_13' title="bbox 152 1031 324 1102">
     <span class='ocr_line' id='line_1_13' title="bbox 152 1031 324 1102; baseline 0.012 -20"><span class='ocrx_word' id='word_1_77' title='bbox 152 1031 324 1102; x_wconf 80' lang='grc' dir='ltr'>ἅγιον.</span> 
     </span>
    </p>
   </div>
   <div class='ocr_carea' id='block_1_14' title="bbox 227 1204 1754 1279">
    <p class='ocr_par' dir='ltr' id='par_1_14' title="bbox 227 1204 1754 1279">
     <span class='ocr_line' id='line_1_14' title="bbox 227 1204 1754 1279; baseline -0.003 -18"><span class='ocrx_word' id='word_1_78' title='bbox 227 1209 435 1262; x_wconf 85' lang='grc' dir='ltr'>Ἶνα-</span> <span class='ocrx_word' id='word_1_79' title='bbox 479 1206 712 1279; x_wconf 80' lang='grc' dir='ltr'>ἀληθείᾳ.</span> <span class='ocrx_word' id='word_1_80' title='bbox 767 1206 877 1259; x_wconf 83' lang='grc' dir='ltr'>Ἱνα</span> <span class='ocrx_word' id='word_1_81' title='bbox 904 1211 994 1258; x_wconf 83' lang='grc' dir='ltr'>καὶ</span> <span class='ocrx_word' id='word_1_82' title='bbox 1047 1205 1195 1258; x_wconf 87' lang='grc' dir='ltr'>αύτοὶ</span> <span class='ocrx_word' id='word_1_83' title='bbox 1251 1204 1352 1258; x_wconf 83' lang='grc' dir='ltr'>ὦσι</span> <span class='ocrx_word' id='word_1_84' title='bbox 1411 1205 1754 1278; x_wconf 59' lang='grc' dir='ltr'>τεθυμὼοιέν</span> 
     </span>
    </p>
   </div>
   <div class='ocr_carea' id='block_1_15' title="bbox 154 1292 1755 1371">
    <p class='ocr_par' dir='ltr' id='par_1_15' title="bbox 154 1292 1755 1371">
     <span class='ocr_line' id='line_1_15' title="bbox 154 1292 1755 1371; baseline -0.003 -20"><span class='ocrx_word' id='word_1_85' title='bbox 154 1298 374 1370; x_wconf 77' lang='grc' dir='ltr'>ἀληθινῇ</span> <span class='ocrx_word' id='word_1_86' title='bbox 407 1299 586 1368; x_wconf 83' lang='grc' dir='ltr'>θυσίᾳ.</span> <span class='ocrx_word' id='word_1_87' title='bbox 625 1296 682 1348; x_wconf 83' lang='grc' dir='ltr'><strong><em>Ἠ</em></strong></span> <span class='ocrx_word' id='word_1_88' title='bbox 727 1298 829 1371; x_wconf 79' lang='grc' dir='ltr'>γὰρ</span> <span class='ocrx_word' id='word_1_89' title='bbox 891 1300 1077 1368; x_wconf 79' lang='grc' dir='ltr'>νομικὴ</span> <span class='ocrx_word' id='word_1_90' title='bbox 1132 1297 1291 1348; x_wconf 81' lang='grc' dir='ltr'>θυσία</span> <span class='ocrx_word' id='word_1_91' title='bbox 1345 1298 1500 1356; x_wconf 81' lang='grc' dir='ltr'>τύπος</span> <span class='ocrx_word' id='word_1_92' title='bbox 1549 1292 1630 1364; x_wconf 76' lang='grc' dir='ltr'>ἧν,</span> <span class='ocrx_word' id='word_1_93' title='bbox 1662 1297 1755 1347; x_wconf 76' lang='grc' dir='ltr'>οὐκ</span> 
     </span>
    </p>
   </div>
   <div class='ocr_carea' id='block_1_16' title="bbox 156 1381 1754 1458">
    <p class='ocr_par' dir='ltr' id='par_1_16' title="bbox 156 1381 1754 1458">
     <span class='ocr_line' id='line_1_16' title="bbox 156 1381 1754 1458; baseline -0.003 -17"><span class='ocrx_word' id='word_1_94' title='bbox 156 1388 392 1447; x_wconf 78' lang='grc' dir='ltr'>ἀλήθεια.</span> <span class='ocrx_word' id='word_1_95' title='bbox 419 1385 530 1439; x_wconf 81' lang='grc' dir='ltr'>Ἵνα</span> <span class='ocrx_word' id='word_1_96' title='bbox 556 1382 614 1438; x_wconf 71' lang='grc' dir='ltr'>δὲ</span> <span class='ocrx_word' id='word_1_97' title='bbox 658 1381 758 1437; x_wconf 83' lang='grc' dir='ltr'>ὦσι</span> <span class='ocrx_word' id='word_1_98' title='bbox 784 1387 1070 1458; x_wconf 77' lang='grc' dir='ltr'>τεθυμένοι,</span> <span class='ocrx_word' id='word_1_99' title='bbox 1128 1387 1192 1446; x_wconf 81' lang='grc' dir='ltr'>ὡς</span> <span class='ocrx_word' id='word_1_100' title='bbox 1219 1391 1313 1445; x_wconf 84' lang='grc' dir='ltr'>τῆς</span> <span class='ocrx_word' id='word_1_101' title='bbox 1339 1383 1558 1457; x_wconf 76' lang='grc' dir='ltr'>κεφαλῆς</span> <span class='ocrx_word' id='word_1_102' title='bbox 1587 1388 1754 1437; x_wconf 71' lang='grc' dir='ltr'>αὐτῶν</span> 
     </span>
    </p>
   </div>
   <div class='ocr_carea' id='block_1_17' title="bbox 152 1481 417 1537">
    <p class='ocr_par' dir='ltr' id='par_1_17' title="bbox 152 1481 417 1537">
     <span class='ocr_line' id='line_1_17' title="bbox 152 1481 417 1537; baseline -0.008 -5"><span class='ocrx_word' id='word_1_103' title='bbox 152 1481 417 1537; x_wconf 83' lang='grc' dir='ltr'>τυθείσης.</span> 
     </span>
    </p>
   </div>
   <div class='ocr_carea' id='block_1_18' title="bbox 226 1563 1754 1638">
    <p class='ocr_par' dir='ltr' id='par_1_18' title="bbox 226 1563 1754 1638">
     <span class='ocr_line' id='line_1_18' title="bbox 226 1563 1754 1638; baseline -0.002 -20"><span class='ocrx_word' id='word_1_104' title='bbox 226 1572 294 1618; x_wconf 84' lang='grc' dir='ltr'><strong>Ἤ</strong></span> <span class='ocrx_word' id='word_1_105' title='bbox 354 1569 418 1626; x_wconf 85' lang='grc' dir='ltr'>ὡς</span> <span class='ocrx_word' id='word_1_106' title='bbox 508 1569 598 1616; x_wconf 81' lang='grc' dir='ltr'>καὶ</span> <span class='ocrx_word' id='word_1_107' title='bbox 653 1563 800 1616; x_wconf 73' lang='grc' dir='ltr'>αὐτοὶ</span> <span class='ocrx_word' id='word_1_108' title='bbox 876 1565 1131 1637; x_wconf 84' lang='grc' dir='ltr'>θυόμενοι.</span> <span class='ocrx_word' id='word_1_109' title='bbox 1205 1563 1580 1636; x_wconf 74' lang='grc' dir='ltr'>Ἐλογίσθημὲν</span> <span class='ocrx_word' id='word_1_110' title='bbox 1653 1566 1754 1638; x_wconf 82' lang='grc' dir='ltr'>γὰρ</span> 
     </span>
    </p>
   </div>
   <div class='ocr_carea' id='block_1_19' title="bbox 158 1652 1120 1728">
    <p class='ocr_par' dir='ltr' id='par_1_19' title="bbox 158 1652 1120 1728">
     <span class='ocr_line' id='line_1_19' title="bbox 158 1652 1120 1728; baseline -0.003 -21"><span class='ocrx_word' id='word_1_111' title='bbox 158 1659 338 1728; x_wconf 77' lang='grc' dir='ltr'>φησὶν,</span> <span class='ocrx_word' id='word_1_112' title='bbox 406 1656 476 1716; x_wconf 85' lang='grc' dir='ltr'>ὡς</span> <span class='ocrx_word' id='word_1_113' title='bbox 539 1652 776 1728; x_wconf 82' lang='grc' dir='ltr'>πρόϐατα</span> <span class='ocrx_word' id='word_1_114' title='bbox 839 1661 1041 1725; x_wconf 80' lang='grc' dir='ltr'>σφαγῆς</span> <span class='ocrx_word' id='word_1_115' title='bbox 1107 1669 1120 1684; x_wconf 85' lang='grc'><strong>·</strong></span> 
     </span>
    </p>
   </div>
   <div class='ocr_carea' id='block_1_20' title="bbox 500 1741 1754 1815">
    <p class='ocr_par' dir='ltr' id='par_1_20' title="bbox 500 1741 1754 1815">
     <span class='ocr_line' id='line_1_20' title="bbox 500 1741 1754 1815; baseline -0.001 -21"><span class='ocrx_word' id='word_1_116' title='bbox 500 1744 577 1813; x_wconf 85' lang='grc' dir='ltr'>(Ι)</span> <span class='ocrx_word' id='word_1_117' title='bbox 653 1744 816 1815; x_wconf 81' lang='grc' dir='ltr'>ὑμῶν,</span> <span class='ocrx_word' id='word_1_118' title='bbox 896 1744 1082 1794; x_wconf 78' lang='grc' dir='ltr'>θυσίαν</span> <span class='ocrx_word' id='word_1_119' title='bbox 1158 1743 1354 1802; x_wconf 76' lang='grc' dir='ltr'>ζῶσαν.</span> <span class='ocrx_word' id='word_1_120' title='bbox 1434 1741 1585 1796; x_wconf 79' lang='grc' dir='ltr'>Ἔστι</span> <span class='ocrx_word' id='word_1_121' title='bbox 1658 1746 1754 1815; x_wconf 80' lang='grc' dir='ltr'>γὰρ</span> 
     </span>
    </p>
   </div>
   <div class='ocr_carea' id='block_1_21' title="bbox 160 1828 1754 1904">
    <p class='ocr_par' dir='ltr' id='par_1_21' title="bbox 160 1828 1754 1904">
     <span class='ocr_line' id='line_1_21' title="bbox 160 1828 1754 1904; baseline -0.002 -18"><span class='ocrx_word' id='word_1_122' title='bbox 160 1835 380 1886; x_wconf 85' lang='grc' dir='ltr'>θύεσθαι</span> <span class='ocrx_word' id='word_1_123' title='bbox 463 1837 554 1884; x_wconf 85' lang='grc' dir='ltr'>καὶ</span> <span class='ocrx_word' id='word_1_124' title='bbox 617 1828 756 1904; x_wconf 77' lang='grc' dir='ltr'>δίχα</span> <span class='ocrx_word' id='word_1_125' title='bbox 834 1839 1062 1904; x_wconf 77' lang='grc' dir='ltr'>σφαγῆς.</span> <span class='ocrx_word' id='word_1_126' title='bbox 1131 1831 1240 1884; x_wconf 78' lang='grc' dir='ltr'>Ἵνα</span> <span class='ocrx_word' id='word_1_127' title='bbox 1316 1828 1375 1884; x_wconf 71' lang='grc' dir='ltr'>δὲ</span> <span class='ocrx_word' id='word_1_128' title='bbox 1436 1837 1507 1904; x_wconf 81' lang='grc' dir='ltr'>μὴ</span> <span class='ocrx_word' id='word_1_129' title='bbox 1565 1837 1754 1904; x_wconf 79' lang='grc' dir='ltr'>νομίσῃ</span> 
     </span>
    </p>
   </div>
   <div class='ocr_carea' id='block_1_22' title="bbox 161 1919 1754 1996">
    <p class='ocr_par' dir='ltr' id='par_1_22' title="bbox 161 1919 1754 1996">
     <span class='ocr_line' id='line_1_22' title="bbox 161 1919 1754 1996; baseline -0.001 -23"><span class='ocrx_word' id='word_1_130' title='bbox 161 1941 242 1984; x_wconf 87' lang='grc' dir='ltr'>τις</span> <span class='ocrx_word' id='word_1_131' title='bbox 273 1923 398 1996; x_wconf 67' lang='grc' dir='ltr'>ὑπερ</span> <span class='ocrx_word' id='word_1_132' title='bbox 450 1929 546 1973; x_wconf 83' lang='grc' dir='ltr'>τῶν</span> <span class='ocrx_word' id='word_1_133' title='bbox 593 1919 890 1973; x_wconf 80' lang='grc' dir='ltr'>ἀποστόλων</span> <span class='ocrx_word' id='word_1_134' title='bbox 946 1926 1111 1993; x_wconf 84' lang='grc' dir='ltr'>μόνων</span> <span class='ocrx_word' id='word_1_135' title='bbox 1168 1929 1335 1973; x_wconf 81' lang='grc' dir='ltr'>ταῦτα</span> <span class='ocrx_word' id='word_1_136' title='bbox 1389 1920 1546 1992; x_wconf 82' lang='grc' dir='ltr'>λέγειν</span> <span class='ocrx_word' id='word_1_137' title='bbox 1583 1925 1754 1986; x_wconf 75' lang='grc' dir='ltr'>αὐτὸν,</span> 
     </span>
    </p>
   </div>
   <div class='ocr_carea' id='block_1_23' title="bbox 164 2015 346 2083">
    <p class='ocr_par' dir='ltr' id='par_1_23' title="bbox 164 2015 346 2083">
     <span class='ocr_line' id='line_1_23' title="bbox 164 2015 346 2083; baseline 0.005 -20"><span class='ocrx_word' id='word_1_138' title='bbox 164 2015 346 2083; x_wconf 66' lang='grc' dir='ltr'>φησίν.</span> 
     </span>
    </p>
   </div>
   <div class='ocr_carea' id='block_1_24' title="bbox 234 2095 1755 2173">
    <p class='ocr_par' dir='ltr' id='par_1_24' title="bbox 234 2095 1755 2173">
     <span class='ocr_line' id='line_1_24' title="bbox 234 2095 1755 2173; baseline -0.001 -23"><span class='ocrx_word' id='word_1_139' title='bbox 234 2098 310 2150; x_wconf 74' lang='grc' dir='ltr'>Οὐ</span> <span class='ocrx_word' id='word_1_140' title='bbox 336 2129 404 2139; x_wconf 92' lang='grc'><strong>-</strong></span> <span class='ocrx_word' id='word_1_141' title='bbox 432 2095 579 2154; x_wconf 83' lang='grc' dir='ltr'>ὦσιν.</span> <span class='ocrx_word' id='word_1_142' title='bbox 621 2097 764 2172; x_wconf 84' lang='grc' dir='ltr'>Ἀμα</span> <span class='ocrx_word' id='word_1_143' title='bbox 788 2103 877 2151; x_wconf 81' lang='grc' dir='ltr'>καὶ</span> <span class='ocrx_word' id='word_1_144' title='bbox 929 2100 1336 2173; x_wconf 75' lang='grc' dir='ltr'>παρεμυθήσατο</span> <span class='ocrx_word' id='word_1_145' title='bbox 1368 2098 1555 2161; x_wconf 75' lang='grc' dir='ltr'>αὐτοὺς</span> <span class='ocrx_word' id='word_1_146' title='bbox 1583 2098 1755 2164; x_wconf 85' lang='grc' dir='ltr'>πάλιν,</span> 
     </span>
    </p>
   </div>
   <div class='ocr_carea' id='block_1_25' title="bbox 162 2183 1761 2261">
    <p class='ocr_par' dir='ltr' id='par_1_25' title="bbox 162 2183 1761 2261">
     <span class='ocr_line' id='line_1_25' title="bbox 162 2183 1761 2261; baseline 0.001 -22"><span class='ocrx_word' id='word_1_147' title='bbox 162 2183 340 2249; x_wconf 85' lang='grc' dir='ltr'>δείξας</span> <span class='ocrx_word' id='word_1_148' title='bbox 368 2187 448 2239; x_wconf 65' lang='grc' dir='ltr'>ὅτι</span> <span class='ocrx_word' id='word_1_149' title='bbox 475 2183 569 2240; x_wconf 82' lang='grc' dir='ltr'>διὰ</span> <span class='ocrx_word' id='word_1_150' title='bbox 594 2195 685 2240; x_wconf 81' lang='grc' dir='ltr'>τοῦ</span> <span class='ocrx_word' id='word_1_151' title='bbox 715 2190 1047 2261; x_wconf 72' lang='grc' dir='ltr'>κηρύγματος</span> <span class='ocrx_word' id='word_1_152' title='bbox 1072 2187 1238 2239; x_wconf 70' lang='grc' dir='ltr'>αὐτῶν</span> <span class='ocrx_word' id='word_1_153' title='bbox 1269 2193 1358 2240; x_wconf 87' lang='grc' dir='ltr'>καὶ</span> <span class='ocrx_word' id='word_1_154' title='bbox 1387 2187 1530 2240; x_wconf 78' lang='grc' dir='ltr'>ἄλλοι</span> <span class='ocrx_word' id='word_1_155' title='bbox 1556 2190 1761 2240; x_wconf 77' lang='grc' dir='ltr'>ἔσονται</span> 
     </span>
    </p>
   </div>
   <div class='ocr_carea' id='block_1_26' title="bbox 158 2278 414 2348">
    <p class='ocr_par' dir='ltr' id='par_1_26' title="bbox 158 2278 414 2348">
     <span class='ocr_line' id='line_1_26' title="bbox 158 2278 414 2348; baseline 0 -20"><span class='ocrx_word' id='word_1_156' title='bbox 158 2278 414 2348; x_wconf 85' lang='grc' dir='ltr'>μαθηταί.</span> 
     </span>
    </p>
   </div>
   <div class='ocr_carea' id='block_1_27' title="bbox 157 1743 1354 1816">
    <p class='ocr_par' dir='ltr' id='par_1_27' title="bbox 157 1743 1354 1816">
     <span class='ocr_line' id='line_1_27' title="bbox 157 1743 1354 1816; baseline 0 -20"><span class='ocrx_word' id='word_1_157' title='bbox 157 1748 222 1796; x_wconf 85' lang='grc' dir='ltr'>τά</span> <span class='ocrx_word' id='word_1_158' title='bbox 297 1743 422 1816; x_wconf 83' lang='grc' dir='ltr'>μέλη</span> <span class='ocrx_word' id='word_1_159' title='bbox 500 1744 577 1813; x_wconf 85' lang='grc' dir='ltr'>(Ι)</span> <span class='ocrx_word' id='word_1_160' title='bbox 653 1744 816 1815; x_wconf 81' lang='grc' dir='ltr'>ὑμῶν,</span> <span class='ocrx_word' id='word_1_161' title='bbox 896 1744 1082 1794; x_wconf 84' lang='grc' dir='ltr'>θυσίαν</span> <span class='ocrx_word' id='word_1_162' title='bbox 1158 1743 1354 1802; x_wconf 76' lang='grc' dir='ltr'>ζῶσαν.</span> 
     </span>
    </p>
   </div>
   <div class='ocr_carea' id='block_1_28' title="bbox 232 2453 1758 2530">
    <p class='ocr_par' dir='ltr' id='par_1_28' title="bbox 232 2453 1758 2530">
     <span class='ocr_line' id='line_1_28' title="bbox 232 2453 1758 2530; baseline 0 -21"><span class='ocrx_word' id='word_1_163' title='bbox 232 2458 415 2516; x_wconf 78' lang='grc' dir='ltr'>Καθὼς</span> <span class='ocrx_word' id='word_1_164' title='bbox 478 2486 546 2496; x_wconf 89' lang='grc'><strong>-</strong></span> <span class='ocrx_word' id='word_1_165' title='bbox 618 2453 738 2508; x_wconf 83' lang='grc' dir='ltr'>ὦσι.</span> <span class='ocrx_word' id='word_1_166' title='bbox 793 2458 970 2516; x_wconf 82' lang='grc' dir='ltr'>Καθὼς</span> <span class='ocrx_word' id='word_1_167' title='bbox 1027 2460 1093 2509; x_wconf 83' lang='grc' dir='ltr'>σὺ</span> <span class='ocrx_word' id='word_1_168' title='bbox 1149 2455 1198 2507; x_wconf 87' lang='grc' dir='ltr'>ἐν</span> <span class='ocrx_word' id='word_1_169' title='bbox 1281 2465 1342 2529; x_wconf 75' lang='grc' dir='ltr'>τῇ</span> <span class='ocrx_word' id='word_1_170' title='bbox 1401 2455 1494 2529; x_wconf 74' lang='grc' dir='ltr'>ἐμῇ</span> <span class='ocrx_word' id='word_1_171' title='bbox 1562 2456 1758 2530; x_wconf 74' lang='grc' dir='ltr'>ἀγάπη,</span> 
     </span>
    </p>
   </div>
   <div class='ocr_carea' id='block_1_29' title="bbox 160 2543 1757 2619">
    <p class='ocr_par' dir='ltr' id='par_1_29' title="bbox 160 2543 1757 2619">
     <span class='ocr_line' id='line_1_29' title="bbox 160 2543 1757 2619; baseline 0.001 -22"><span class='ocrx_word' id='word_1_172' title='bbox 160 2543 308 2616; x_wconf 80' lang='grc' dir='ltr'>κάγὼ</span> <span class='ocrx_word' id='word_1_173' title='bbox 339 2544 387 2596; x_wconf 75' lang='grc' dir='ltr'>ἐν</span> <span class='ocrx_word' id='word_1_174' title='bbox 438 2553 500 2618; x_wconf 76' lang='grc' dir='ltr'>τῇ</span> <span class='ocrx_word' id='word_1_175' title='bbox 536 2552 627 2618; x_wconf 77' lang='grc' dir='ltr'>σῇ,</span> <span class='ocrx_word' id='word_1_176' title='bbox 661 2548 743 2597; x_wconf 80' lang='grc' dir='ltr'>ἵνα</span> <span class='ocrx_word' id='word_1_177' title='bbox 790 2550 878 2597; x_wconf 85' lang='grc' dir='ltr'>καὶ</span> <span class='ocrx_word' id='word_1_178' title='bbox 908 2545 1056 2597; x_wconf 67' lang='grc' dir='ltr'>αὐτοὶ</span> <span class='ocrx_word' id='word_1_179' title='bbox 1084 2544 1130 2596; x_wconf 86' lang='grc' dir='ltr'>ἐν</span> <span class='ocrx_word' id='word_1_180' title='bbox 1179 2547 1321 2617; x_wconf 76' lang='grc' dir='ltr'>ἡμῖν,</span> <span class='ocrx_word' id='word_1_181' title='bbox 1383 2550 1544 2618; x_wconf 78' lang='grc' dir='ltr'>ἤγουν</span> <span class='ocrx_word' id='word_1_182' title='bbox 1608 2545 1654 2598; x_wconf 86' lang='grc' dir='ltr'>ἐν</span> <span class='ocrx_word' id='word_1_183' title='bbox 1697 2555 1757 2619; x_wconf 76' lang='grc' dir='ltr'>τῇ</span> 
     </span>
    </p>
   </div>
   <div class='ocr_carea' id='block_1_30' title="bbox 163 2632 1765 2709">
    <p class='ocr_par' dir='ltr' id='par_1_30' title="bbox 163 2632 1765 2709">
     <span class='ocr_line' id='line_1_30' title="bbox 163 2632 1765 2709; baseline 0 -22"><span class='ocrx_word' id='word_1_184' title='bbox 163 2635 238 2696; x_wconf 85' lang='grc' dir='ltr'>εἰς</span> <span class='ocrx_word' id='word_1_185' title='bbox 297 2636 435 2707; x_wconf 74' lang='grc' dir='ltr'>ἡμᾶς</span> <span class='ocrx_word' id='word_1_186' title='bbox 498 2639 696 2700; x_wconf 85' lang='grc' dir='ltr'>πίστει,</span> <span class='ocrx_word' id='word_1_187' title='bbox 761 2635 809 2686; x_wconf 83' lang='grc' dir='ltr'>ἓν</span> <span class='ocrx_word' id='word_1_188' title='bbox 845 2632 992 2689; x_wconf 81' lang='grc' dir='ltr'>ὦσιν.</span> <span class='ocrx_word' id='word_1_189' title='bbox 1043 2633 1224 2696; x_wconf 84' lang='grc' dir='ltr'>Ὀντες</span> <span class='ocrx_word' id='word_1_190' title='bbox 1289 2638 1391 2709; x_wconf 78' lang='grc' dir='ltr'>γὰρ</span> <span class='ocrx_word' id='word_1_191' title='bbox 1468 2634 1514 2686; x_wconf 84' lang='grc' dir='ltr'>ἐν</span> <span class='ocrx_word' id='word_1_192' title='bbox 1571 2643 1632 2707; x_wconf 71' lang='grc' dir='ltr'>τῇ</span> <span class='ocrx_word' id='word_1_193' title='bbox 1693 2636 1765 2697; x_wconf 91' lang='grc' dir='ltr'>εἰς</span> 
     </span>
    </p>
   </div>
   <div class='ocr_carea' id='block_1_31' title="bbox 163 2722 1766 2796">
    <p class='ocr_par' dir='ltr' id='par_1_31' title="bbox 163 2722 1766 2796">
     <span class='ocr_line' id='line_1_31' title="bbox 163 2722 1766 2796; baseline 0.001 -22"><span class='ocrx_word' id='word_1_194' title='bbox 163 2726 306 2795; x_wconf 78' lang='grc' dir='ltr'>ἡμᾶς</span> <span class='ocrx_word' id='word_1_195' title='bbox 387 2723 564 2776; x_wconf 87' lang='grc' dir='ltr'>πίστέι</span> <span class='ocrx_word' id='word_1_196' title='bbox 627 2722 696 2792; x_wconf 81' lang='grc' dir='ltr'>ἓν,</span> <span class='ocrx_word' id='word_1_197' title='bbox 775 2726 977 2775; x_wconf 79' lang='grc' dir='ltr'>ἔσονται</span> <span class='ocrx_word' id='word_1_198' title='bbox 1029 2729 1118 2775; x_wconf 86' lang='grc' dir='ltr'>καὶ</span> <span class='ocrx_word' id='word_1_199' title='bbox 1166 2724 1215 2775; x_wconf 86' lang='grc' dir='ltr'>ἐν</span> <span class='ocrx_word' id='word_1_200' title='bbox 1265 2732 1327 2796; x_wconf 73' lang='grc' dir='ltr'>τῇ</span> <span class='ocrx_word' id='word_1_201' title='bbox 1385 2723 1454 2785; x_wconf 79' lang='grc' dir='ltr'>εἰς</span> <span class='ocrx_word' id='word_1_202' title='bbox 1517 2723 1766 2786; x_wconf 74' lang='grc' dir='ltr'>ἀλλήλους</span> 
     </span>
    </p>
   </div>
   <div class='ocr_carea' id='block_1_32' title="bbox 169 2811 1766 2887">
    <p class='ocr_par' dir='ltr' id='par_1_32' title="bbox 169 2811 1766 2887">
     <span class='ocr_line' id='line_1_32' title="bbox 169 2811 1766 2887; baseline 0 -22"><span class='ocrx_word' id='word_1_203' title='bbox 169 2813 374 2884; x_wconf 74' lang='grc' dir='ltr'>ἀγάπῃ,</span> <span class='ocrx_word' id='word_1_204' title='bbox 424 2813 498 2868; x_wconf 82' lang='grc' dir='ltr'>ἓν.</span> <span class='ocrx_word' id='word_1_205' title='bbox 537 2811 752 2885; x_wconf 80' lang='grc' dir='ltr'>[Εἵρηκε</span> <span class='ocrx_word' id='word_1_206' title='bbox 803 2812 880 2882; x_wconf 66' lang='grc'>(9)</span> <span class='ocrx_word' id='word_1_207' title='bbox 928 2814 1026 2887; x_wconf 78' lang='grc' dir='ltr'>γὰρ</span> <span class='ocrx_word' id='word_1_208' title='bbox 1084 2814 1162 2864; x_wconf 88' lang='grc' dir='ltr'>ὁτι</span> <span class='ocrx_word' id='word_1_209' title='bbox 1187 2812 1246 2863; x_wconf 69' lang='grc' dir='ltr'><strong>Ὀ</strong></span> <span class='ocrx_word' id='word_1_210' title='bbox 1275 2815 1409 2884; x_wconf 84' lang='grc' dir='ltr'>ἔχων</span> <span class='ocrx_word' id='word_1_211' title='bbox 1441 2817 1533 2874; x_wconf 82' lang='grc' dir='ltr'>τὰς</span> <span class='ocrx_word' id='word_1_212' title='bbox 1564 2812 1766 2874; x_wconf 84' lang='grc' dir='ltr'>ἐντολάς</span> 
     </span>
    </p>
   </div>
   <div class='ocr_carea' id='block_1_33' title="bbox 169 2904 1276 2975">
    <p class='ocr_par' dir='ltr' id='par_1_33' title="bbox 169 2904 1276 2975">
     <span class='ocr_line' id='line_1_33' title="bbox 169 2904 1276 2975; baseline 0.001 -22"><span class='ocrx_word' id='word_1_213' title='bbox 169 2921 272 2975; x_wconf 88' lang='grc' dir='ltr'>μου</span> <span class='ocrx_word' id='word_1_214' title='bbox 372 2905 463 2952; x_wconf 83' lang='grc' dir='ltr'>καὶ</span> <span class='ocrx_word' id='word_1_215' title='bbox 555 2910 724 2974; x_wconf 81' lang='grc' dir='ltr'>τηρῶν</span> <span class='ocrx_word' id='word_1_216' title='bbox 819 2904 997 2966; x_wconf 70' lang='grc' dir='ltr'>αὐτὰς,</span> <span class='ocrx_word' id='word_1_217' title='bbox 1088 2904 1276 2963; x_wconf 85' lang='grc' dir='ltr'>ἐκεῖνός</span> 
     </span>
    </p>
   </div>
   <div class='ocr_carea' id='block_1_34' title="bbox 819 2901 1766 2973">
    <p class='ocr_par' dir='ltr' id='par_1_34' title="bbox 819 2901 1766 2973">
     <span class='ocr_line' id='line_1_34' title="bbox 819 2901 1766 2973; baseline 0.001 -21"><span class='ocrx_word' id='word_1_218' title='bbox 819 2901 997 2966; x_wconf 75' lang='grc' dir='ltr'>αύτάς,</span> <span class='ocrx_word' id='word_1_219' title='bbox 1088 2904 1276 2963; x_wconf 84' lang='grc' dir='ltr'>ἐκεῖνός</span> <span class='ocrx_word' id='word_1_220' title='bbox 1369 2901 1510 2954; x_wconf 77' lang='grc' dir='ltr'>ἐστιν</span> <span class='ocrx_word' id='word_1_221' title='bbox 1559 2904 1584 2954; x_wconf 91' lang='grc' dir='ltr'>ὁ</span> <span class='ocrx_word' id='word_1_222' title='bbox 1642 2901 1766 2973; x_wconf 80' lang='grc' dir='ltr'>ἀγα-</span> 
     </span>
    </p>
   </div>
   <div class='ocr_carea' id='block_1_35' title="bbox 1861 402 3512 485">
    <p class='ocr_par' dir='ltr' id='par_1_35' title="bbox 1861 402 3512 485">
     <span class='ocr_line' id='line_1_35' title="bbox 1861 402 3512 485; baseline 0.008 -28"><span class='ocrx_word' id='word_1_223' title='bbox 1861 417 1971 472; x_wconf 85' lang='lat' dir='ltr'>ego</span> <span class='ocrx_word' id='word_1_224' title='bbox 1999 418 2133 458; x_wconf 89' lang='lat' dir='ltr'>vero</span> <span class='ocrx_word' id='word_1_225' title='bbox 2161 402 2329 458; x_wconf 83' lang='lat' dir='ltr'>Pater</span> <span class='ocrx_word' id='word_1_226' title='bbox 2352 418 2582 469; x_wconf 89' lang='lat' dir='ltr'>eorum,</span> <span class='ocrx_word' id='word_1_227' title='bbox 2607 409 2890 476; x_wconf 85' lang='lat' dir='ltr'>tanquam</span> <span class='ocrx_word' id='word_1_228' title='bbox 2909 415 3139 466; x_wconf 83' lang='lat' dir='ltr'>creator</span> <span class='ocrx_word' id='word_1_229' title='bbox 3165 416 3220 468; x_wconf 93' lang='lat' dir='ltr'>et</span> <span class='ocrx_word' id='word_1_230' title='bbox 3240 414 3512 485; x_wconf 84' lang='lat' dir='ltr'>provisor</span> 
     </span>
    </p>
   </div>
   <div class='ocr_carea' id='block_1_36' title="bbox 1861 491 3509 575">
    <p class='ocr_par' dir='ltr' id='par_1_36' title="bbox 1861 491 3509 575">
     <span class='ocr_line' id='line_1_36' title="bbox 1861 491 3509 575; baseline 0.009 -30"><span class='ocrx_word' id='word_1_231' title='bbox 1861 507 1932 545; x_wconf 91' lang='lat' dir='ltr'>ac</span> <span class='ocrx_word' id='word_1_232' title='bbox 1972 491 2271 560; x_wconf 82' lang='lat' dir='ltr'>magister.</span> <span class='ocrx_word' id='word_1_233' title='bbox 2309 493 2477 558; x_wconf 89' lang='lat' dir='ltr'>Quod</span> <span class='ocrx_word' id='word_1_234' title='bbox 2519 500 2720 549; x_wconf 90' lang='lat' dir='ltr'>autem</span> <span class='ocrx_word' id='word_1_235' title='bbox 2775 496 3035 554; x_wconf 83' lang='lat' dir='ltr'>futurum</span> <span class='ocrx_word' id='word_1_236' title='bbox 3071 506 3180 570; x_wconf 91' lang='lat' dir='ltr'>est,</span> <span class='ocrx_word' id='word_1_237' title='bbox 3219 507 3509 575; x_wconf 86' lang='lat' dir='ltr'>tanquam</span> 
     </span>
    </p>
   </div>
   <div class='ocr_carea' id='block_1_37' title="bbox 1861 577 3512 660">
    <p class='ocr_par' dir='ltr' id='par_1_37' title="bbox 1861 577 3512 660">
     <span class='ocr_line' id='line_1_37' title="bbox 1861 577 3512 660; baseline 0.009 -28"><span class='ocrx_word' id='word_1_238' title='bbox 1861 577 2086 634; x_wconf 85' lang='lat' dir='ltr'>factum</span> <span class='ocrx_word' id='word_1_239' title='bbox 2125 579 2286 645; x_wconf 84' lang='lat' dir='ltr'>dicit,</span> <span class='ocrx_word' id='word_1_240' title='bbox 2315 596 2386 636; x_wconf 90' lang='lat' dir='ltr'>eo</span> <span class='ocrx_word' id='word_1_241' title='bbox 2429 582 2593 654; x_wconf 91' lang='lat' dir='ltr'>quod</span> <span class='ocrx_word' id='word_1_242' title='bbox 2635 584 2763 655; x_wconf 91' lang='lat' dir='ltr'>jam</span> <span class='ocrx_word' id='word_1_243' title='bbox 2795 585 2975 657; x_wconf 91' lang='lat' dir='ltr'>paulo</span> <span class='ocrx_word' id='word_1_244' title='bbox 3025 593 3163 660; x_wconf 90' lang='lat' dir='ltr'>post</span> <span class='ocrx_word' id='word_1_245' title='bbox 3211 596 3362 647; x_wconf 86' lang='lat' dir='ltr'>esset</span> <span class='ocrx_word' id='word_1_246' title='bbox 3411 609 3512 648; x_wconf 87' lang='lat' dir='ltr'>eos</span> 
     </span>
    </p>
   </div>
   <div class='ocr_carea' id='block_1_38' title="bbox 1862 683 2177 723">
    <p class='ocr_par' dir='ltr' id='par_1_38' title="bbox 1862 683 2177 723">
     <span class='ocr_line' id='line_1_38' title="bbox 1862 683 2177 723; baseline 0.01 -3"><span class='ocrx_word' id='word_1_247' title='bbox 1862 683 2177 723; x_wconf 83' lang='lat' dir='ltr'>mlssurus.</span> 
     </span>
    </p>
   </div>
   <div class='ocr_carea' id='block_1_39' title="bbox 1937 756 3514 834">
    <p class='ocr_par' dir='ltr' id='par_1_39' title="bbox 1937 756 3514 834">
     <span class='ocr_line' id='line_1_39' title="bbox 1937 756 3514 834; baseline 0.01 -24"><span class='ocrx_word' id='word_1_248' title='bbox 1937 756 2092 812; x_wconf 90' lang='lat' dir='ltr'>Vers.</span> <span class='ocrx_word' id='word_1_249' title='bbox 2126 757 2210 812; x_wconf 78' lang='grc'>19.</span> <span class='ocrx_word' id='word_1_250' title='bbox 2240 759 2318 814; x_wconf 89' lang='lat' dir='ltr'>Et</span> <span class='ocrx_word' id='word_1_251' title='bbox 2346 789 2412 803; x_wconf 96' lang='lat'><strong><em>—</em></strong></span> <span class='ocrx_word' id='word_1_252' title='bbox 2435 761 2736 830; x_wconf 83' lang='lat' dir='ltr'>meipsum.</span> <span class='ocrx_word' id='word_1_253' title='bbox 2761 764 2881 834; x_wconf 86' lang='lat' dir='ltr'>Ego</span> <span class='ocrx_word' id='word_1_254' title='bbox 2908 766 3243 823; x_wconf 81' lang='lat' dir='ltr'>voluntarie</span> <span class='ocrx_word' id='word_1_255' title='bbox 3271 769 3514 826; x_wconf 91' lang='lat' dir='ltr'>immolo</span> 
     </span>
    </p>
   </div>
   <div class='ocr_carea' id='block_1_40' title="bbox 1865 845 3514 916">
    <p class='ocr_par' dir='ltr' id='par_1_40' title="bbox 1865 845 3514 916">
     <span class='ocr_line' id='line_1_40' title="bbox 1865 845 3514 916; baseline 0.009 -16"><span class='ocrx_word' id='word_1_256' title='bbox 1865 845 2177 916; x_wconf 90' lang='lat' dir='ltr'>meipsum.</span> <span class='ocrx_word' id='word_1_257' title='bbox 2203 851 2348 905; x_wconf 88' lang='lat' dir='ltr'>Nam</span> <span class='ocrx_word' id='word_1_258' title='bbox 2389 849 2504 906; x_wconf 87' lang='lat' dir='ltr'>hoc</span> <span class='ocrx_word' id='word_1_259' title='bbox 2533 851 2592 906; x_wconf 93' lang='lat' dir='ltr'>in</span> <span class='ocrx_word' id='word_1_260' title='bbox 2624 851 2752 908; x_wconf 93' lang='lat' dir='ltr'>loco</span> <span class='ocrx_word' id='word_1_261' title='bbox 2789 855 3091 912; x_wconf 82' lang='lat' dir='ltr'>victimam</span> <span class='ocrx_word' id='word_1_262' title='bbox 3124 857 3268 913; x_wconf 89' lang='lat' dir='ltr'>dicit</span> <span class='ocrx_word' id='word_1_263' title='bbox 3299 860 3514 915; x_wconf 88' lang='lat' dir='ltr'>sancti-</span> 
     </span>
    </p>
   </div>
   <div class='ocr_carea' id='block_1_41' title="bbox 1861 933 3510 1017">
    <p class='ocr_par' dir='ltr' id='par_1_41' title="bbox 1861 933 3510 1017">
     <span class='ocr_line' id='line_1_41' title="bbox 1861 933 3510 1017; baseline 0.009 -28"><span class='ocrx_word' id='word_1_264' title='bbox 1861 933 2220 992; x_wconf 84' lang='lat' dir='ltr'>ﬁcationem.</span> <span class='ocrx_word' id='word_1_265' title='bbox 2271 938 2553 996; x_wconf 90' lang='lat' dir='ltr'>Sanctum</span> <span class='ocrx_word' id='word_1_266' title='bbox 2585 941 2745 998; x_wconf 89' lang='lat' dir='ltr'>enim</span> <span class='ocrx_word' id='word_1_267' title='bbox 2777 943 2988 1000; x_wconf 91' lang='lat' dir='ltr'>dicitur</span> <span class='ocrx_word' id='word_1_268' title='bbox 3017 950 3073 1000; x_wconf 85' lang='lat' dir='ltr'>et</span> <span class='ocrx_word' id='word_1_269' title='bbox 3119 947 3253 1017; x_wconf 89' lang='lat' dir='ltr'>ipsa</span> <span class='ocrx_word' id='word_1_270' title='bbox 3281 948 3510 1004; x_wconf 90' lang='lat' dir='ltr'>hostia:</span> 
     </span>
    </p>
   </div>
   <div class='ocr_carea' id='block_1_42' title="bbox 1865 1023 3513 1107">
    <p class='ocr_par' dir='ltr' id='par_1_42' title="bbox 1865 1023 3513 1107">
     <span class='ocr_line' id='line_1_42' title="bbox 1865 1023 3513 1107; baseline 0.01 -30"><span class='ocrx_word' id='word_1_271' title='bbox 1865 1023 2052 1080; x_wconf 89' lang='lat' dir='ltr'>multa</span> <span class='ocrx_word' id='word_1_272' title='bbox 2093 1041 2336 1098; x_wconf 88' lang='lat' dir='ltr'>quoque</span> <span class='ocrx_word' id='word_1_273' title='bbox 2367 1027 2646 1086; x_wconf 91' lang='lat' dir='ltr'>dicuntur</span> <span class='ocrx_word' id='word_1_274' title='bbox 2679 1037 2906 1098; x_wconf 88' lang='lat' dir='ltr'>sancta,</span> <span class='ocrx_word' id='word_1_275' title='bbox 2942 1039 3233 1106; x_wconf 87' lang='lat' dir='ltr'>tanquam</span> <span class='ocrx_word' id='word_1_276' title='bbox 3276 1037 3513 1107; x_wconf 90' lang='lat' dir='ltr'>signum</span> 
     </span>
    </p>
   </div>
   <div class='ocr_carea' id='block_1_43' title="bbox 1867 1111 2212 1169">
    <p class='ocr_par' dir='ltr' id='par_1_43' title="bbox 1867 1111 2212 1169">
     <span class='ocr_line' id='line_1_43' title="bbox 1867 1111 2212 1169; baseline 0.006 -3"><span class='ocrx_word' id='word_1_277' title='bbox 1867 1111 2212 1169; x_wconf 84' lang='lat' dir='ltr'>sanctitatis.</span> 
     </span>
    </p>
   </div>
   <div class='ocr_carea' id='block_1_44' title="bbox 1935 1203 3515 1284">
    <p class='ocr_par' dir='ltr' id='par_1_44' title="bbox 1935 1203 3515 1284">
     <span class='ocr_line' id='line_1_44' title="bbox 1935 1203 3515 1284; baseline 0.009 -29"><span class='ocrx_word' id='word_1_278' title='bbox 1935 1203 2094 1258; x_wconf 86' lang='lat' dir='ltr'>Vers.</span> <span class='ocrx_word' id='word_1_279' title='bbox 2143 1204 2228 1260; x_wconf 79' lang='grc'>19,</span> <span class='ocrx_word' id='word_1_280' title='bbox 2284 1206 2355 1261; x_wconf 89' lang='lat' dir='ltr'>Ut</span> <span class='ocrx_word' id='word_1_281' title='bbox 2401 1239 2467 1246; x_wconf 96' lang='lat'><strong>—</strong></span> <span class='ocrx_word' id='word_1_282' title='bbox 2509 1206 2822 1265; x_wconf 75' lang='lat' dir='ltr'>veritatem.</span> <span class='ocrx_word' id='word_1_283' title='bbox 2866 1213 2935 1267; x_wconf 92' lang='lat' dir='ltr'>Ut</span> <span class='ocrx_word' id='word_1_284' title='bbox 2970 1215 3029 1267; x_wconf 90' lang='lat' dir='ltr'>et</span> <span class='ocrx_word' id='word_1_285' title='bbox 3069 1211 3183 1284; x_wconf 88' lang='lat' dir='ltr'>ipsi</span> <span class='ocrx_word' id='word_1_286' title='bbox 3225 1214 3515 1270; x_wconf 87' lang='lat' dir='ltr'>immolati</span> 
     </span>
    </p>
   </div>
   <div class='ocr_carea' id='block_1_45' title="bbox 1865 1290 3516 1373">
    <p class='ocr_par' dir='ltr' id='par_1_45' title="bbox 1865 1290 3516 1373">
     <span class='ocr_line' id='line_1_45' title="bbox 1865 1290 3516 1373; baseline 0.01 -29"><span class='ocrx_word' id='word_1_287' title='bbox 1865 1290 1981 1346; x_wconf 91' lang='lat' dir='ltr'>sint</span> <span class='ocrx_word' id='word_1_288' title='bbox 2007 1308 2111 1363; x_wconf 88' lang='lat' dir='ltr'>per</span> <span class='ocrx_word' id='word_1_289' title='bbox 2140 1309 2344 1350; x_wconf 84' lang='lat' dir='ltr'>veram</span> <span class='ocrx_word' id='word_1_290' title='bbox 2375 1295 2634 1352; x_wconf 90' lang='lat' dir='ltr'>hostiam</span> <span class='ocrx_word' id='word_1_291' title='bbox 2664 1316 2677 1353; x_wconf 89' lang='lat'>:</span> <span class='ocrx_word' id='word_1_292' title='bbox 2712 1298 2914 1369; x_wconf 81' lang='lat' dir='ltr'>legalis</span> <span class='ocrx_word' id='word_1_293' title='bbox 2959 1301 3249 1373; x_wconf 86' lang='lat' dir='ltr'>siquidem</span> <span class='ocrx_word' id='word_1_294' title='bbox 3275 1303 3516 1360; x_wconf 85' lang='lat' dir='ltr'>victima</span> 
     </span>
    </p>
   </div>
   <div class='ocr_carea' id='block_1_46' title="bbox 1863 1379 3514 1461">
    <p class='ocr_par' dir='ltr' id='par_1_46' title="bbox 1863 1379 3514 1461">
     <span class='ocr_line' id='line_1_46' title="bbox 1863 1379 3514 1461; baseline 0.01 -28"><span class='ocrx_word' id='word_1_295' title='bbox 1863 1379 2058 1450; x_wconf 83' lang='lat' dir='ltr'>ﬁgura</span> <span class='ocrx_word' id='word_1_296' title='bbox 2100 1387 2243 1448; x_wconf 88' lang='lat' dir='ltr'>erat,</span> <span class='ocrx_word' id='word_1_297' title='bbox 2291 1400 2413 1439; x_wconf 91' lang='lat' dir='ltr'>non</span> <span class='ocrx_word' id='word_1_298' title='bbox 2461 1387 2693 1451; x_wconf 88' lang='lat' dir='ltr'>veritas,</span> <span class='ocrx_word' id='word_1_299' title='bbox 2735 1391 2795 1443; x_wconf 92' lang='lat' dir='ltr'>ut</span> <span class='ocrx_word' id='word_1_300' title='bbox 2828 1393 2884 1444; x_wconf 90' lang='lat' dir='ltr'>et</span> <span class='ocrx_word' id='word_1_301' title='bbox 2930 1389 3036 1460; x_wconf 89' lang='lat' dir='ltr'>ipsi</span> <span class='ocrx_word' id='word_1_302' title='bbox 3066 1391 3355 1448; x_wconf 87' lang='lat' dir='ltr'>immolati</span> <span class='ocrx_word' id='word_1_303' title='bbox 3380 1394 3514 1461; x_wconf 86' lang='lat' dir='ltr'>sint,</span> 
     </span>
    </p>
   </div>
   <div class='ocr_carea' id='block_1_47' title="bbox 1866 1468 3017 1545">
    <p class='ocr_par' dir='ltr' id='par_1_47' title="bbox 1866 1468 3017 1545">
     <span class='ocr_line' id='line_1_47' title="bbox 1866 1468 3017 1545; baseline 0.01 -23"><span class='ocrx_word' id='word_1_304' title='bbox 1866 1468 2059 1539; x_wconf 88' lang='lat' dir='ltr'>capite</span> <span class='ocrx_word' id='word_1_305' title='bbox 2089 1470 2365 1527; x_wconf 83' lang='lat' dir='ltr'>videlicet</span> <span class='ocrx_word' id='word_1_306' title='bbox 2395 1473 2666 1545; x_wconf 88' lang='lat' dir='ltr'>ipsorum</span> <span class='ocrx_word' id='word_1_307' title='bbox 2689 1477 3017 1534; x_wconf 89' lang='lat' dir='ltr'>immolato.</span> 
     </span>
    </p>
   </div>
   <div class='ocr_carea' id='block_1_48' title="bbox 1941 1558 3516 1636">
    <p class='ocr_par' dir='ltr' id='par_1_48' title="bbox 1941 1558 3516 1636">
     <span class='ocr_line' id='line_1_48' title="bbox 1941 1558 3516 1636; baseline 0.009 -25"><span class='ocrx_word' id='word_1_308' title='bbox 1941 1558 2042 1612; x_wconf 89' lang='lat' dir='ltr'>Vel</span> <span class='ocrx_word' id='word_1_309' title='bbox 2071 1559 2272 1625; x_wconf 89' lang='lat' dir='ltr'>etiam,</span> <span class='ocrx_word' id='word_1_310' title='bbox 2301 1565 2590 1634; x_wconf 87' lang='lat' dir='ltr'>tanquam</span> <span class='ocrx_word' id='word_1_311' title='bbox 2621 1568 2675 1619; x_wconf 89' lang='lat' dir='ltr'>et</span> <span class='ocrx_word' id='word_1_312' title='bbox 2702 1564 2817 1636; x_wconf 88' lang='lat' dir='ltr'>ipsi</span> <span class='ocrx_word' id='word_1_313' title='bbox 2851 1567 3159 1623; x_wconf 87' lang='lat' dir='ltr'>immolati.</span> <span class='ocrx_word' id='word_1_314' title='bbox 3189 1569 3398 1625; x_wconf 84' lang='lat' dir='ltr'>Habiti</span> <span class='ocrx_word' id='word_1_315' title='bbox 3425 1587 3516 1625; x_wconf 86' lang='lat' dir='ltr'>su-</span> 
     </span>
    </p>
   </div>
   <div class='ocr_carea' id='block_1_49' title="bbox 1191 1646 1769 1728">
    <p class='ocr_par' dir='ltr' id='par_1_49' title="bbox 1191 1658 1758 1728">
     <span class='ocr_line' id='line_1_49' title="bbox 1191 1658 1758 1728; baseline 0.004 -24"><span class='ocrx_word' id='word_1_316' title='bbox 1191 1659 1280 1706; x_wconf 81' lang='grc' dir='ltr'><strong>καί</strong></span> <span class='ocrx_word' id='word_1_317' title='bbox 1326 1673 1337 1686; x_wconf 88' lang='grc'><strong>·</strong></span> <span class='ocrx_word' id='word_1_318' title='bbox 1376 1658 1624 1728; x_wconf 83' lang='grc' dir='ltr'>Παραστή</span> <span class='ocrx_word' id='word_1_319' title='bbox 1635 1673 1758 1706; x_wconf 85' lang='grc' dir='ltr'>σατε</span> 
     </span>
    </p>
   </div>
   <div class='ocr_carea' id='block_1_50' title="bbox 1888 1646 3520 1728">
    <p class='ocr_par' dir='ltr' id='par_1_50' title="bbox 1888 1646 3520 1724">
     <span class='ocr_line' id='line_1_50' title="bbox 1888 1646 3520 1724; baseline 0.01 -25"><span class='ocrx_word' id='word_1_320' title='bbox 1888 1661 2011 1711; x_wconf 85' lang='lat' dir='ltr'>nus,</span> <span class='ocrx_word' id='word_1_321' title='bbox 2031 1646 2239 1718; x_wconf 90' lang='lat' dir='ltr'>inquit,</span> <span class='ocrx_word' id='word_1_322' title='bbox 2253 1649 2403 1704; x_wconf 84' lang='lat' dir='ltr'>sicut</span> <span class='ocrx_word' id='word_1_323' title='bbox 2418 1666 2548 1707; x_wconf 88' lang='lat' dir='ltr'>oves</span> <span class='ocrx_word' id='word_1_324' title='bbox 2563 1653 2705 1708; x_wconf 67' lang='lat' dir='ltr'>caedi</span> <span class='ocrx_word' id='word_1_325' title='bbox 2720 1654 3018 1723; x_wconf 71' lang='lat' dir='ltr'>deputata;-</span> <span class='ocrx_word' id='word_1_326' title='bbox 3033 1657 3108 1724; x_wconf 61' lang='lat'>‘8;</span> <span class='ocrx_word' id='word_1_327' title='bbox 3131 1661 3214 1712; x_wconf 91' lang='lat' dir='ltr'>et:</span> <span class='ocrx_word' id='word_1_328' title='bbox 3234 1658 3520 1715; x_wconf 72' lang='lat' dir='ltr'>Exhibete</span> 
     </span>
    </p>
   </div>
   <div class='ocr_carea' id='block_1_51' title="bbox 1870 1738 3515 1818">
    <p class='ocr_par' dir='ltr' id='par_1_51' title="bbox 1870 1738 3515 1818">
     <span class='ocr_line' id='line_1_51' title="bbox 1870 1738 3515 1818; baseline 0.009 -30"><span class='ocrx_word' id='word_1_329' title='bbox 1870 1738 2122 1794; x_wconf 84' lang='lat' dir='ltr'>membra</span> <span class='ocrx_word' id='word_1_330' title='bbox 2175 1742 2365 1795; x_wconf 81' lang='lat' dir='ltr'>vestra</span> <span class='ocrx_word' id='word_1_331' title='bbox 2411 1740 2662 1798; x_wconf 80' lang='lat' dir='ltr'>hostiam</span> <span class='ocrx_word' id='word_1_332' title='bbox 2695 1744 2972 1800; x_wconf 77' lang='lat' dir='ltr'>viventem</span> <span class='ocrx_word' id='word_1_333' title='bbox 3003 1747 3070 1796; x_wconf 70' lang='grc' dir='ltr'>η.</span> <span class='ocrx_word' id='word_1_334' title='bbox 3127 1751 3321 1818; x_wconf 89' lang='lat' dir='ltr'>potest</span> <span class='ocrx_word' id='word_1_335' title='bbox 3359 1749 3515 1803; x_wconf 92' lang='lat' dir='ltr'>enim</span> 
     </span>
    </p>
   </div>
   <div class='ocr_carea' id='block_1_52' title="bbox 1869 1826 3521 1907">
    <p class='ocr_par' dir='ltr' id='par_1_52' title="bbox 1869 1826 3521 1907">
     <span class='ocr_line' id='line_1_52' title="bbox 1869 1826 3521 1907; baseline 0.008 -28"><span class='ocrx_word' id='word_1_336' title='bbox 1869 1826 2048 1880; x_wconf 88' lang='lat' dir='ltr'>etiam</span> <span class='ocrx_word' id='word_1_337' title='bbox 2124 1828 2248 1883; x_wconf 89' lang='lat' dir='ltr'>sine</span> <span class='ocrx_word' id='word_1_338' title='bbox 2311 1830 2472 1885; x_wconf 74' lang='lat' dir='ltr'>caede</span> <span class='ocrx_word' id='word_1_339' title='bbox 2547 1830 2848 1888; x_wconf 88' lang='lat' dir='ltr'>immolari</span> <span class='ocrx_word' id='word_1_340' title='bbox 2936 1834 3158 1892; x_wconf 88' lang='lat' dir='ltr'>hostia.</span> <span class='ocrx_word' id='word_1_341' title='bbox 3236 1839 3314 1891; x_wconf 87' lang='lat' dir='ltr'>Ne</span> <span class='ocrx_word' id='word_1_342' title='bbox 3389 1837 3521 1907; x_wconf 91' lang='lat' dir='ltr'>quis</span> 
     </span>
    </p>
   </div>
   <div class='ocr_carea' id='block_1_53' title="bbox 1869 1919 3516 1996">
    <p class='ocr_par' dir='ltr' id='par_1_53' title="bbox 1869 1919 3516 1996">
     <span class='ocr_line' id='line_1_53' title="bbox 1869 1919 3516 1996; baseline 0.008 -28"><span class='ocrx_word' id='word_1_343' title='bbox 1869 1919 2070 1970; x_wconf 89' lang='lat' dir='ltr'>autem</span> <span class='ocrx_word' id='word_1_344' title='bbox 2102 1931 2241 1972; x_wconf 90' lang='lat' dir='ltr'>eum</span> <span class='ocrx_word' id='word_1_345' title='bbox 2269 1922 2502 1990; x_wconf 85' lang='lat' dir='ltr'>putaret</span> <span class='ocrx_word' id='word_1_346' title='bbox 2530 1919 2658 1976; x_wconf 78' lang='lat' dir='ltr'>haec</span> <span class='ocrx_word' id='word_1_347' title='bbox 2687 1937 2796 1992; x_wconf 90' lang='lat' dir='ltr'>pro</span> <span class='ocrx_word' id='word_1_348' title='bbox 2823 1921 2963 1978; x_wconf 91' lang='lat' dir='ltr'>solis</span> <span class='ocrx_word' id='word_1_349' title='bbox 2988 1925 3274 1996; x_wconf 89' lang='lat' dir='ltr'>apostolis</span> <span class='ocrx_word' id='word_1_350' title='bbox 3302 1924 3516 1992; x_wconf 91' lang='lat' dir='ltr'>dicere,</span> 
     </span>
    </p>
   </div>
   <div class='ocr_carea' id='block_1_54' title="bbox 1869 2003 2119 2062">
    <p class='ocr_par' dir='ltr' id='par_1_54' title="bbox 1869 2003 2119 2062">
     <span class='ocr_line' id='line_1_54' title="bbox 1869 2003 2119 2062; baseline 0.024 -6"><span class='ocrx_word' id='word_1_351' title='bbox 1869 2003 2072 2060; x_wconf 88' lang='lat' dir='ltr'>subdit</span> <span class='ocrx_word' id='word_1_352' title='bbox 2097 2024 2119 2062; x_wconf 67' lang='grc' dir='ltr'>ε</span> 
     </span>
    </p>
   </div>
   <div class='ocr_carea' id='block_1_55' title="bbox 1941 2092 3522 2176">
    <p class='ocr_par' dir='ltr' id='par_1_55' title="bbox 1941 2092 3522 2176">
     <span class='ocr_line' id='line_1_55' title="bbox 1941 2092 3522 2176; baseline 0.009 -31"><span class='ocrx_word' id='word_1_353' title='bbox 1941 2092 2103 2149; x_wconf 85' lang='lat' dir='ltr'>Vers.</span> <span class='ocrx_word' id='word_1_354' title='bbox 2150 2093 2246 2152; x_wconf 73' lang='grc'>20.</span> <span class='ocrx_word' id='word_1_355' title='bbox 2278 2097 2411 2153; x_wconf 88' lang='grc' dir='ltr'>Νοη</span> <span class='ocrx_word' id='word_1_356' title='bbox 2442 2128 2509 2138; x_wconf 87' lang='grc'><strong>-</strong></span> <span class='ocrx_word' id='word_1_357' title='bbox 2537 2097 2696 2154; x_wconf 87' lang='lat' dir='ltr'>Vers.</span> <span class='ocrx_word' id='word_1_358' title='bbox 2731 2102 2820 2156; x_wconf 76' lang='grc'>21.</span> <span class='ocrx_word' id='word_1_359' title='bbox 2867 2099 3004 2157; x_wconf 86' lang='lat' dir='ltr'>sint.</span> <span class='ocrx_word' id='word_1_360' title='bbox 3062 2103 3246 2159; x_wconf 91' lang='lat' dir='ltr'>Simul</span> <span class='ocrx_word' id='word_1_361' title='bbox 3286 2119 3522 2176; x_wconf 84' lang='lat' dir='ltr'>quoque</span> 
     </span>
    </p>
   </div>
   <div class='ocr_carea' id='block_1_56' title="bbox 1871 2182 3524 2264">
    <p class='ocr_par' dir='ltr' id='par_1_56' title="bbox 1871 2182 3524 2264">
     <span class='ocr_line' id='line_1_56' title="bbox 1871 2182 3524 2264; baseline 0.008 -29"><span class='ocrx_word' id='word_1_362' title='bbox 1871 2195 1974 2235; x_wconf 89' lang='lat' dir='ltr'>eos</span> <span class='ocrx_word' id='word_1_363' title='bbox 2050 2182 2260 2239; x_wconf 88' lang='lat' dir='ltr'>iterum</span> <span class='ocrx_word' id='word_1_364' title='bbox 2330 2186 2676 2242; x_wconf 89' lang='lat' dir='ltr'>consolatus</span> <span class='ocrx_word' id='word_1_365' title='bbox 2767 2197 2875 2255; x_wconf 90' lang='lat' dir='ltr'>est,</span> <span class='ocrx_word' id='word_1_366' title='bbox 2944 2191 3266 2247; x_wconf 89' lang='lat' dir='ltr'>ostendens</span> <span class='ocrx_word' id='word_1_367' title='bbox 3355 2194 3524 2264; x_wconf 89' lang='lat' dir='ltr'>quod</span> 
     </span>
    </p>
   </div>
   <div class='ocr_carea' id='block_1_57' title="bbox 1870 2273 3525 2350">
    <p class='ocr_par' dir='ltr' id='par_1_57' title="bbox 1870 2273 3525 2350">
     <span class='ocr_line' id='line_1_57' title="bbox 1870 2273 3525 2350; baseline 0.007 -27"><span class='ocrx_word' id='word_1_368' title='bbox 1870 2283 1977 2339; x_wconf 91' lang='lat' dir='ltr'>per</span> <span class='ocrx_word' id='word_1_369' title='bbox 2004 2283 2214 2326; x_wconf 92' lang='lat' dir='ltr'>eorum</span> <span class='ocrx_word' id='word_1_370' title='bbox 2243 2273 2728 2344; x_wconf 66' lang='lat' dir='ltr'>praedicationem</span> <span class='ocrx_word' id='word_1_371' title='bbox 2757 2276 2856 2333; x_wconf 89' lang='lat' dir='ltr'>alii</span> <span class='ocrx_word' id='word_1_372' title='bbox 2903 2294 3141 2350; x_wconf 91' lang='lat' dir='ltr'>quoque</span> <span class='ocrx_word' id='word_1_373' title='bbox 3180 2282 3323 2335; x_wconf 89' lang='lat' dir='ltr'>ﬁent</span> <span class='ocrx_word' id='word_1_374' title='bbox 3350 2279 3525 2336; x_wconf 90' lang='lat' dir='ltr'>disci-</span> 
     </span>
    </p>
   </div>
   <div class='ocr_carea' id='block_1_58' title="bbox 1872 2357 2016 2428">
    <p class='ocr_par' dir='ltr' id='par_1_58' title="bbox 1872 2357 2016 2428">
     <span class='ocr_line' id='line_1_58' title="bbox 1872 2357 2016 2428; baseline 0.014 -16"><span class='ocrx_word' id='word_1_375' title='bbox 1872 2357 2016 2428; x_wconf 91' lang='lat' dir='ltr'>puli.</span> 
     </span>
    </p>
   </div>
   <div class='ocr_carea' id='block_1_59' title="bbox 1943 2447 3526 2528">
    <p class='ocr_par' dir='ltr' id='par_1_59' title="bbox 1943 2447 3526 2528">
     <span class='ocr_line' id='line_1_59' title="bbox 1943 2447 3526 2528; baseline 0.006 -25"><span class='ocrx_word' id='word_1_376' title='bbox 1943 2447 2105 2504; x_wconf 89' lang='lat' dir='ltr'>Vers.</span> <span class='ocrx_word' id='word_1_377' title='bbox 2158 2455 2252 2508; x_wconf 83' lang='lat' dir='ltr'>2t.</span> <span class='ocrx_word' id='word_1_378' title='bbox 2311 2451 2472 2508; x_wconf 81' lang='lat' dir='ltr'>Sicut</span> <span class='ocrx_word' id='word_1_379' title='bbox 2517 2453 2752 2511; x_wconf 85' lang='lat' dir='ltr'>—sint.</span> <span class='ocrx_word' id='word_1_380' title='bbox 2803 2454 2959 2511; x_wconf 92' lang='lat' dir='ltr'>Sicut</span> <span class='ocrx_word' id='word_1_381' title='bbox 3001 2456 3148 2512; x_wconf 91' lang='lat' dir='ltr'>tuin</span> <span class='ocrx_word' id='word_1_382' title='bbox 3180 2458 3296 2512; x_wconf 89' lang='lat' dir='ltr'>mei</span> <span class='ocrx_word' id='word_1_383' title='bbox 3335 2461 3392 2513; x_wconf 90' lang='lat' dir='ltr'>et</span> <span class='ocrx_word' id='word_1_384' title='bbox 3417 2473 3526 2528; x_wconf 85' lang='lat' dir='ltr'>ego</span> 
     </span>
    </p>
   </div>
   <div class='ocr_carea' id='block_1_60' title="bbox 1871 2537 3526 2616">
    <p class='ocr_par' dir='ltr' id='par_1_60' title="bbox 1871 2537 3526 2616">
     <span class='ocr_line' id='line_1_60' title="bbox 1871 2537 3526 2616; baseline 0.004 -23"><span class='ocrx_word' id='word_1_385' title='bbox 1871 2539 1931 2593; x_wconf 92' lang='lat' dir='ltr'>iu</span> <span class='ocrx_word' id='word_1_386' title='bbox 1959 2537 2046 2592; x_wconf 90' lang='lat' dir='ltr'>tui</span> <span class='ocrx_word' id='word_1_387' title='bbox 2072 2538 2407 2606; x_wconf 90' lang='lat' dir='ltr'>dilectione,</span> <span class='ocrx_word' id='word_1_388' title='bbox 2433 2550 2495 2596; x_wconf 89' lang='lat' dir='ltr'>ut</span> <span class='ocrx_word' id='word_1_389' title='bbox 2515 2548 2570 2598; x_wconf 92' lang='lat' dir='ltr'>et</span> <span class='ocrx_word' id='word_1_390' title='bbox 2589 2543 2701 2614; x_wconf 89' lang='lat' dir='ltr'>ipsi</span> <span class='ocrx_word' id='word_1_391' title='bbox 2724 2544 2783 2598; x_wconf 92' lang='lat' dir='ltr'>in</span> <span class='ocrx_word' id='word_1_392' title='bbox 2803 2544 3000 2609; x_wconf 89' lang='lat' dir='ltr'>nobis,</span> <span class='ocrx_word' id='word_1_393' title='bbox 3030 2546 3150 2600; x_wconf 88' lang='lat' dir='ltr'>sive</span> <span class='ocrx_word' id='word_1_394' title='bbox 3173 2545 3236 2600; x_wconf 92' lang='lat' dir='ltr'>in</span> <span class='ocrx_word' id='word_1_395' title='bbox 3256 2545 3373 2600; x_wconf 83' lang='lat' dir='ltr'>ﬁde</span> <span class='ocrx_word' id='word_1_396' title='bbox 3392 2562 3526 2616; x_wconf 60' lang='lat' dir='ltr'>quae</span> 
     </span>
    </p>
   </div>
   <div class='ocr_carea' id='block_1_61' title="bbox 1873 2628 3527 2705">
    <p class='ocr_par' dir='ltr' id='par_1_61' title="bbox 1873 2628 3527 2705">
     <span class='ocr_line' id='line_1_61' title="bbox 1873 2628 3527 2705; baseline 0.004 -23"><span class='ocrx_word' id='word_1_397' title='bbox 1873 2628 2035 2682; x_wconf 92' lang='lat' dir='ltr'>estin</span> <span class='ocrx_word' id='word_1_398' title='bbox 2058 2643 2190 2698; x_wconf 91' lang='lat' dir='ltr'>nos,</span> <span class='ocrx_word' id='word_1_399' title='bbox 2235 2645 2421 2684; x_wconf 89' lang='lat' dir='ltr'>unum</span> <span class='ocrx_word' id='word_1_400' title='bbox 2455 2631 2588 2686; x_wconf 91' lang='lat' dir='ltr'>sint.</span> <span class='ocrx_word' id='word_1_401' title='bbox 2635 2633 2784 2688; x_wconf 89' lang='lat' dir='ltr'>Nam</span> <span class='ocrx_word' id='word_1_402' title='bbox 2816 2635 2912 2703; x_wconf 89' lang='lat' dir='ltr'>qui</span> <span class='ocrx_word' id='word_1_403' title='bbox 2939 2634 2998 2689; x_wconf 92' lang='lat' dir='ltr'>in</span> <span class='ocrx_word' id='word_1_404' title='bbox 3024 2634 3162 2698; x_wconf 92' lang='lat' dir='ltr'>ﬁde,</span> <span class='ocrx_word' id='word_1_405' title='bbox 3190 2649 3323 2705; x_wconf 79' lang='lat' dir='ltr'>quae</span> <span class='ocrx_word' id='word_1_406' title='bbox 3353 2639 3439 2689; x_wconf 90' lang='lat' dir='ltr'>est</span> <span class='ocrx_word' id='word_1_407' title='bbox 3467 2634 3527 2688; x_wconf 89' lang='lat' dir='ltr'>in</span> 
     </span>
    </p>
   </div>
   <div class='ocr_carea' id='block_1_62' title="bbox 1875 2721 3527 2792">
    <p class='ocr_par' dir='ltr' id='par_1_62' title="bbox 1875 2721 3527 2792">
     <span class='ocr_line' id='line_1_62' title="bbox 1875 2721 3527 2792; baseline 0.003 -22"><span class='ocrx_word' id='word_1_408' title='bbox 1875 2731 1985 2771; x_wconf 91' lang='lat' dir='ltr'>nos</span> <span class='ocrx_word' id='word_1_409' title='bbox 2019 2732 2202 2771; x_wconf 91' lang='lat' dir='ltr'>unum</span> <span class='ocrx_word' id='word_1_410' title='bbox 2238 2723 2396 2783; x_wconf 90' lang='lat' dir='ltr'>sunt,</span> <span class='ocrx_word' id='word_1_411' title='bbox 2428 2724 2598 2774; x_wconf 90' lang='lat' dir='ltr'>erunt</span> <span class='ocrx_word' id='word_1_412' title='bbox 2652 2737 2894 2792; x_wconf 91' lang='lat' dir='ltr'>quoque</span> <span class='ocrx_word' id='word_1_413' title='bbox 2927 2721 2985 2776; x_wconf 92' lang='lat' dir='ltr'>in</span> <span class='ocrx_word' id='word_1_414' title='bbox 3027 2728 3239 2777; x_wconf 90' lang='lat' dir='ltr'>mutua</span> <span class='ocrx_word' id='word_1_415' title='bbox 3277 2724 3424 2776; x_wconf 90' lang='lat' dir='ltr'>inter</span> <span class='ocrx_word' id='word_1_416' title='bbox 3465 2737 3527 2776; x_wconf 90' lang='lat' dir='ltr'>se</span> 
     </span>
    </p>
   </div>
   <div class='ocr_carea' id='block_1_63' title="bbox 1875 2804 3529 2880">
    <p class='ocr_par' dir='ltr' id='par_1_63' title="bbox 1875 2804 3529 2880">
     <span class='ocr_line' id='line_1_63' title="bbox 1875 2804 3529 2880; baseline 0.004 -21"><span class='ocrx_word' id='word_1_417' title='bbox 1875 2804 2190 2860; x_wconf 87' lang='lat' dir='ltr'>dilectione</span> <span class='ocrx_word' id='word_1_418' title='bbox 2219 2822 2428 2861; x_wconf 91' lang='lat' dir='ltr'>unum.</span> <span class='ocrx_word' id='word_1_419' title='bbox 2467 2807 2618 2862; x_wconf 78' lang='lat' dir='ltr'>Dixit</span> <span class='ocrx_word' id='word_1_420' title='bbox 2643 2809 2800 2864; x_wconf 89' lang='lat' dir='ltr'>enim</span> <span class='ocrx_word' id='word_1_421' title='bbox 2835 2832 2847 2863; x_wconf 86' lang='lat'><strong>:</strong></span> <span class='ocrx_word' id='word_1_422' title='bbox 2884 2810 2995 2875; x_wconf 84' lang='lat' dir='ltr'>Qui</span> <span class='ocrx_word' id='word_1_423' title='bbox 3017 2810 3204 2880; x_wconf 62' lang='lat' dir='ltr'>jhabet</span> <span class='ocrx_word' id='word_1_424' title='bbox 3234 2816 3529 2879; x_wconf 70' lang='lat' dir='ltr'>praecepta</span> 
     </span>
    </p>
   </div>
   <div class='ocr_carea' id='block_1_64' title="bbox 1879 2896 3530 2968">
    <p class='ocr_par' dir='ltr' id='par_1_64' title="bbox 1879 2896 3530 2968">
     <span class='ocr_line' id='line_1_64' title="bbox 1879 2896 3530 2968; baseline 0.005 -21"><span class='ocrx_word' id='word_1_425' title='bbox 1879 2909 2002 2949; x_wconf 90' lang='lat' dir='ltr'>mea</span> <span class='ocrx_word' id='word_1_426' title='bbox 2035 2900 2087 2950; x_wconf 88' lang='lat' dir='ltr'>et</span> <span class='ocrx_word' id='word_1_427' title='bbox 2119 2901 2314 2950; x_wconf 84' lang='lat' dir='ltr'>servat</span> <span class='ocrx_word' id='word_1_428' title='bbox 2346 2910 2430 2958; x_wconf 87' lang='lat' dir='ltr'>ea,</span> <span class='ocrx_word' id='word_1_429' title='bbox 2467 2896 2561 2952; x_wconf 87' lang='lat' dir='ltr'>hic</span> <span class='ocrx_word' id='word_1_430' title='bbox 2591 2903 2672 2952; x_wconf 89' lang='lat' dir='ltr'>est</span> <span class='ocrx_word' id='word_1_431' title='bbox 2714 2899 2812 2968; x_wconf 79' lang='lat' dir='ltr'>qui</span> <span class='ocrx_word' id='word_1_432' title='bbox 2827 2898 3018 2968; x_wconf 79' lang='lat' dir='ltr'>diligit</span> <span class='ocrx_word' id='word_1_433' title='bbox 3043 2915 3127 2955; x_wconf 87' lang='lat' dir='ltr'>me</span> <span class='ocrx_word' id='word_1_434' title='bbox 3156 2901 3203 2934; x_wconf 82' lang='grc' dir='ltr'>⁵ο</span> <span class='ocrx_word' id='word_1_435' title='bbox 3229 2915 3242 2965; x_wconf 88' lang='lat'><strong>;</strong></span> <span class='ocrx_word' id='word_1_436' title='bbox 3271 2903 3329 2954; x_wconf 88' lang='lat' dir='ltr'>et</span> <span class='ocrx_word' id='word_1_437' title='bbox 3361 2916 3373 2953; x_wconf 88' lang='lat'><strong>:</strong></span> <span class='ocrx_word' id='word_1_438' title='bbox 3409 2899 3530 2955; x_wconf 83' lang='lat' dir='ltr'>Hoc</span> 
     </span>
    </p>
   </div>
   <div class='ocr_carea' id='block_1_65' title="bbox 169 2987 1769 3079">
    <p class='ocr_par' dir='ltr' id='par_1_65' title="bbox 169 2988 1768 3062">
     <span class='ocr_line' id='line_1_65' title="bbox 169 2988 1768 3062; baseline 0.011 -20"><span class='ocrx_word' id='word_1_439' title='bbox 169 2999 279 3042; x_wconf 77' lang='grc' dir='ltr'>τεῶν</span> <span class='ocrx_word' id='word_1_440' title='bbox 301 3009 363 3062; x_wconf 83' lang='grc' dir='ltr'>με</span> <span class='ocrx_word' id='word_1_441' title='bbox 393 3007 405 3020; x_wconf 74' lang='grc'><strong><em>⁸</em></strong></span> <span class='ocrx_word' id='word_1_442' title='bbox 435 2994 524 3042; x_wconf 88' lang='grc' dir='ltr'>καί</span> <span class='ocrx_word' id='word_1_443' title='bbox 565 3007 577 3019; x_wconf 82' lang='grc'><em>’</em></span> <span class='ocrx_word' id='word_1_444' title='bbox 601 2989 746 3048; x_wconf 78' lang='grc' dir='ltr'>Αὕτη</span> <span class='ocrx_word' id='word_1_445' title='bbox 789 2989 930 3042; x_wconf 80' lang='grc' dir='ltr'>ἐστὶν</span> <span class='ocrx_word' id='word_1_446' title='bbox 988 2992 1018 3048; x_wconf 85' lang='grc' dir='ltr'>ἡ</span> <span class='ocrx_word' id='word_1_447' title='bbox 1071 2988 1241 3048; x_wconf 81' lang='grc' dir='ltr'>ἐντολὴ</span> <span class='ocrx_word' id='word_1_448' title='bbox 1272 2992 1300 3049; x_wconf 77' lang='grc' dir='ltr'>ἦ</span> <span class='ocrx_word' id='word_1_449' title='bbox 1331 2990 1447 3062; x_wconf 74' lang='grc' dir='ltr'>ἐμὴ,</span> <span class='ocrx_word' id='word_1_450' title='bbox 1511 2994 1594 3042; x_wconf 78' lang='grc' dir='ltr'>ἶνα</span> <span class='ocrx_word' id='word_1_451' title='bbox 1639 2990 1768 3062; x_wconf 80' lang='grc' dir='ltr'>ἀγά-</span> 
     </span>
    </p>
   </div>
   <div class='ocr_carea' id='block_1_66' title="bbox 1888 2987 3527 3079">
    <p class='ocr_par' dir='ltr' id='par_1_66' title="bbox 1888 2987 3527 3058">
     <span class='ocr_line' id='line_1_66' title="bbox 1888 2987 3527 3058; baseline 0.002 -20"><span class='ocrx_word' id='word_1_452' title='bbox 1888 2989 1962 3038; x_wconf 78' lang='lat' dir='ltr'>est</span> <span class='ocrx_word' id='word_1_453' title='bbox 1991 2990 2328 3052; x_wconf 82' lang='lat' dir='ltr'>preceplum</span> <span class='ocrx_word' id='word_1_454' title='bbox 2368 3000 2576 3051; x_wconf 85' lang='lat' dir='ltr'>meum,</span> <span class='ocrx_word' id='word_1_455' title='bbox 2619 2994 2679 3042; x_wconf 84' lang='lat' dir='ltr'>ut</span> <span class='ocrx_word' id='word_1_456' title='bbox 2731 2987 2996 3058; x_wconf 82' lang='lat' dir='ltr'>diligatis</span> <span class='ocrx_word' id='word_1_457' title='bbox 3043 3004 3137 3044; x_wconf 87' lang='lat' dir='ltr'>vos</span> <span class='ocrx_word' id='word_1_458' title='bbox 3178 2989 3423 3045; x_wconf 83' lang='lat' dir='ltr'>invicem</span> <span class='ocrx_word' id='word_1_459' title='bbox 3457 2990 3527 3042; x_wconf 69' lang='grc' dir='ltr'>δι.</span> 
     </span>
    </p>
   </div>
   <div class='ocr_carea' id='block_1_67' title="bbox 171 3077 1770 3152">
    <p class='ocr_par' dir='ltr' id='par_1_67' title="bbox 171 3077 1770 3152">
     <span class='ocr_line' id='line_1_67' title="bbox 171 3077 1770 3152; baseline -0.001 -21"><span class='ocrx_word' id='word_1_460' title='bbox 171 3086 300 3131; x_wconf 79' lang='grc' dir='ltr'>πᾶτε</span> <span class='ocrx_word' id='word_1_461' title='bbox 349 3077 616 3139; x_wconf 77' lang='grc' dir='ltr'>ἀλλήλους.</span> <span class='ocrx_word' id='word_1_462' title='bbox 675 3079 764 3131; x_wconf 86' lang='grc' dir='ltr'>Ἐκ</span> <span class='ocrx_word' id='word_1_463' title='bbox 818 3086 912 3141; x_wconf 85' lang='grc' dir='ltr'>τῆς</span> <span class='ocrx_word' id='word_1_464' title='bbox 957 3078 1161 3150; x_wconf 83' lang='grc' dir='ltr'>ἀγάπης</span> <span class='ocrx_word' id='word_1_465' title='bbox 1190 3083 1359 3131; x_wconf 81' lang='grc' dir='ltr'>τοίνυν</span> <span class='ocrx_word' id='word_1_466' title='bbox 1413 3085 1502 3132; x_wconf 83' lang='grc' dir='ltr'>καὶ</span> <span class='ocrx_word' id='word_1_467' title='bbox 1531 3081 1770 3152; x_wconf 78' lang='grc' dir='ltr'>ὁμονοίας</span> 
     </span>
    </p>
   </div>
   <div class='ocr_carea' id='block_1_68' title="bbox 176 3169 1768 3243">
    <p class='ocr_par' dir='ltr' id='par_1_68' title="bbox 176 3169 1768 3243">
     <span class='ocr_line' id='line_1_68' title="bbox 176 3169 1768 3243; baseline -0.001 -23"><span class='ocrx_word' id='word_1_468' title='bbox 176 3169 482 3243; x_wconf 79' lang='grc' dir='ltr'>ἀρξάμενος,</span> <span class='ocrx_word' id='word_1_469' title='bbox 537 3169 609 3231; x_wconf 88' lang='grc' dir='ltr'>εἰς</span> <span class='ocrx_word' id='word_1_470' title='bbox 668 3171 865 3226; x_wconf 80' lang='grc' dir='ltr'>ταύτην</span> <span class='ocrx_word' id='word_1_471' title='bbox 919 3169 1071 3221; x_wconf 81' lang='grc' dir='ltr'>πάλιν</span> <span class='ocrx_word' id='word_1_472' title='bbox 1131 3169 1427 3221; x_wconf 84' lang='grc' dir='ltr'>κατέκλεισε</span> <span class='ocrx_word' id='word_1_473' title='bbox 1476 3169 1768 3236; x_wconf 81' lang='grc' dir='ltr'>τὸνλόγον,</span> 
     </span>
    </p>
   </div>
   <div class='ocr_carea' id='block_1_69' title="bbox 177 3256 1774 3333">
    <p class='ocr_par' dir='ltr' id='par_1_69' title="bbox 177 3256 1774 3333">
     <span class='ocr_line' id='line_1_69' title="bbox 177 3256 1774 3333; baseline 0 -23"><span class='ocrx_word' id='word_1_474' title='bbox 177 3256 379 3319; x_wconf 76' lang='grc' dir='ltr'>δεικνύς</span> <span class='ocrx_word' id='word_1_475' title='bbox 465 3259 548 3310; x_wconf 71' lang='grc' dir='ltr'>ὅτε</span> <span class='ocrx_word' id='word_1_476' title='bbox 615 3257 839 3330; x_wconf 69' lang='grc' dir='ltr'>θεοφιλὲς</span> <span class='ocrx_word' id='word_1_477' title='bbox 895 3263 985 3310; x_wconf 86' lang='grc' dir='ltr'>καὶ</span> <span class='ocrx_word' id='word_1_478' title='bbox 1037 3256 1496 3333; x_wconf 81' lang='grc' dir='ltr'>περισπούδαστον</span> <span class='ocrx_word' id='word_1_479' title='bbox 1548 3260 1578 3316; x_wconf 82' lang='grc' dir='ltr'><strong>ἠ</strong></span> <span class='ocrx_word' id='word_1_480' title='bbox 1638 3257 1774 3330; x_wconf 85' lang='grc' dir='ltr'>ἀγά-</span> 
     </span>
    </p>
   </div>
   <div class='ocr_carea' id='block_1_70' title="bbox 173 3346 320 3420">
    <p class='ocr_par' dir='ltr' id='par_1_70' title="bbox 173 3346 320 3420">
     <span class='ocr_line' id='line_1_70' title="bbox 173 3346 320 3420; baseline 0.007 -15"><span class='ocrx_word' id='word_1_481' title='bbox 173 3346 320 3420; x_wconf 78' lang='grc' dir='ltr'>πη].</span> 
     </span>
    </p>
   </div>
   <div class='ocr_carea' id='block_1_71' title="bbox 242 3435 1778 3504">
    <p class='ocr_par' dir='ltr' id='par_1_71' title="bbox 242 3435 1778 3504">
     <span class='ocr_line' id='line_1_71' title="bbox 242 3435 1778 3504; baseline 0 -15"><span class='ocrx_word' id='word_1_482' title='bbox 242 3435 354 3490; x_wconf 79' lang='grc' dir='ltr'>Ἵνα</span> <span class='ocrx_word' id='word_1_483' title='bbox 384 3469 452 3477; x_wconf 91' lang='grc'><strong>-</strong></span> <span class='ocrx_word' id='word_1_484' title='bbox 490 3435 816 3498; x_wconf 83' lang='grc' dir='ltr'>ἀπέστειλας.</span> <span class='ocrx_word' id='word_1_485' title='bbox 867 3468 936 3476; x_wconf 93' lang='grc'><strong><em>-</em></strong></span> <span class='ocrx_word' id='word_1_486' title='bbox 975 3435 1102 3504; x_wconf 84' lang='grc' dir='ltr'>Ἰνα,</span> <span class='ocrx_word' id='word_1_487' title='bbox 1153 3439 1442 3498; x_wconf 84' lang='grc' dir='ltr'>πιστεύσας</span> <span class='ocrx_word' id='word_1_488' title='bbox 1486 3444 1594 3500; x_wconf 85' lang='grc' dir='ltr'>τοῖς</span> <span class='ocrx_word' id='word_1_489' title='bbox 1647 3436 1778 3490; x_wconf 88' lang='grc' dir='ltr'>ἀπο-</span> 
     </span>
    </p>
   </div>
   <div class='ocr_carea' id='block_1_72' title="bbox 180 3525 1777 3598">
    <p class='ocr_par' dir='ltr' id='par_1_72' title="bbox 180 3525 1777 3598">
     <span class='ocr_line' id='line_1_72' title="bbox 180 3525 1777 3598; baseline -0.001 -19"><span class='ocrx_word' id='word_1_490' title='bbox 180 3525 401 3592; x_wconf 84' lang='grc' dir='ltr'>στόλοις,</span> <span class='ocrx_word' id='word_1_491' title='bbox 465 3527 726 3598; x_wconf 78' lang='grc' dir='ltr'>πιστεύσῃ</span> <span class='ocrx_word' id='word_1_492' title='bbox 791 3526 871 3578; x_wconf 87' lang='grc' dir='ltr'>ὅτι</span> <span class='ocrx_word' id='word_1_493' title='bbox 936 3527 1000 3577; x_wconf 86' lang='grc' dir='ltr'>σύ</span> <span class='ocrx_word' id='word_1_494' title='bbox 1066 3545 1128 3598; x_wconf 86' lang='grc' dir='ltr'>με</span> <span class='ocrx_word' id='word_1_495' title='bbox 1205 3525 1529 3588; x_wconf 83' lang='grc' dir='ltr'>ἀπέστειλας.</span> <span class='ocrx_word' id='word_1_496' title='bbox 1615 3533 1777 3579; x_wconf 88' lang='grc' dir='ltr'>Τοῦτο</span> 
     </span>
    </p>
   </div>
   <div class='ocr_carea' id='block_1_73' title="bbox 173 3612 1778 3690">
    <p class='ocr_par' dir='ltr' id='par_1_73' title="bbox 173 3612 1778 3690">
     <span class='ocr_line' id='line_1_73' title="bbox 173 3612 1778 3690; baseline 0 -22"><span class='ocrx_word' id='word_1_497' title='bbox 173 3619 276 3690; x_wconf 77' lang='grc' dir='ltr'>γὰρ</span> <span class='ocrx_word' id='word_1_498' title='bbox 335 3615 580 3688; x_wconf 81' lang='grc' dir='ltr'>μέλλουσι</span> <span class='ocrx_word' id='word_1_499' title='bbox 627 3617 918 3687; x_wconf 81' lang='grc' dir='ltr'>κηρύττειν.</span> <span class='ocrx_word' id='word_1_500' title='bbox 986 3612 1152 3668; x_wconf 70' lang='grc' dir='ltr'>Οὐδὲν</span> <span class='ocrx_word' id='word_1_501' title='bbox 1201 3619 1300 3690; x_wconf 81' lang='grc' dir='ltr'>γαρ</span> <span class='ocrx_word' id='word_1_502' title='bbox 1357 3616 1517 3676; x_wconf 75' lang='grc' dir='ltr'>οὕτως</span> <span class='ocrx_word' id='word_1_503' title='bbox 1582 3615 1778 3689; x_wconf 78' lang='grc' dir='ltr'>ἔμελλεν</span> 
     </span>
    </p>
   </div>
   <div class='ocr_carea' id='block_1_74' title="bbox 177 3702 1780 3779">
    <p class='ocr_par' dir='ltr' id='par_1_74' title="bbox 177 3702 1780 3779">
     <span class='ocr_line' id='line_1_74' title="bbox 177 3702 1780 3779; baseline -0.001 -20"><span class='ocrx_word' id='word_1_504' title='bbox 177 3703 481 3779; x_wconf 78' lang='grc' dir='ltr'>ἐμποδίζειν</span> <span class='ocrx_word' id='word_1_505' title='bbox 535 3713 606 3775; x_wconf 84' lang='grc' dir='ltr'>τῷ</span> <span class='ocrx_word' id='word_1_506' title='bbox 686 3707 987 3778; x_wconf 83' lang='grc' dir='ltr'>κηρύγματι</span> <span class='ocrx_word' id='word_1_507' title='bbox 1052 3707 1116 3765; x_wconf 87' lang='grc' dir='ltr'>ὡς</span> <span class='ocrx_word' id='word_1_508' title='bbox 1190 3708 1247 3756; x_wconf 89' lang='grc' dir='ltr'>τὸ</span> <span class='ocrx_word' id='word_1_509' title='bbox 1300 3702 1615 3776; x_wconf 73' lang='grc' dir='ltr'>διεσχίσθαι</span> <span class='ocrx_word' id='word_1_510' title='bbox 1665 3710 1780 3766; x_wconf 85' lang='grc' dir='ltr'>τοὺς</span> 
     </span>
    </p>
   </div>
   <div class='ocr_carea' id='block_1_75' title="bbox 179 3791 1781 3870">
    <p class='ocr_par' dir='ltr' id='par_1_75' title="bbox 179 3791 1781 3870">
     <span class='ocr_line' id='line_1_75' title="bbox 179 3791 1781 3870; baseline -0.001 -23"><span class='ocrx_word' id='word_1_511' title='bbox 179 3802 437 3870; x_wconf 78' lang='grc' dir='ltr'>κήρυκας,</span> <span class='ocrx_word' id='word_1_512' title='bbox 472 3802 533 3866; x_wconf 74' lang='grc' dir='ltr'>τῇ</span> <span class='ocrx_word' id='word_1_513' title='bbox 576 3813 630 3846; x_wconf 84' lang='grc' dir='ltr'>τε</span> <span class='ocrx_word' id='word_1_514' title='bbox 685 3791 913 3867; x_wconf 77' lang='grc' dir='ltr'>διαφορᾴ</span> <span class='ocrx_word' id='word_1_515' title='bbox 956 3801 1046 3854; x_wconf 84' lang='grc' dir='ltr'>τῆς</span> <span class='ocrx_word' id='word_1_516' title='bbox 1102 3799 1346 3858; x_wconf 86' lang='grc' dir='ltr'>πίστεως,</span> <span class='ocrx_word' id='word_1_517' title='bbox 1410 3799 1499 3845; x_wconf 86' lang='grc' dir='ltr'>καὶ</span> <span class='ocrx_word' id='word_1_518' title='bbox 1544 3802 1603 3865; x_wconf 78' lang='grc' dir='ltr'>τῇ</span> <span class='ocrx_word' id='word_1_519' title='bbox 1657 3799 1781 3865; x_wconf 83' lang='grc' dir='ltr'>πρὸς</span> 
     </span>
    </p>
   </div>
   <div class='ocr_carea' id='block_1_76' title="bbox 180 3879 1777 3955">
    <p class='ocr_par' dir='ltr' id='par_1_76' title="bbox 180 3879 1777 3955">
     <span class='ocr_line' id='line_1_76' title="bbox 180 3879 1777 3955; baseline -0.002 -19"><span class='ocrx_word' id='word_1_520' title='bbox 180 3884 432 3945; x_wconf 72' lang='grc' dir='ltr'>ἀλλήλους</span> <span class='ocrx_word' id='word_1_521' title='bbox 528 3883 804 3955; x_wconf 78' lang='grc' dir='ltr'>ἀπεχθείᾳ,</span> <span class='ocrx_word' id='word_1_522' title='bbox 877 3879 1082 3947; x_wconf 77' lang='grc' dir='ltr'>ἐπειδὴ,</span> <span class='ocrx_word' id='word_1_523' title='bbox 1149 3885 1482 3954; x_wconf 77' lang='grc' dir='ltr'>μαχομένων,</span> <span class='ocrx_word' id='word_1_524' title='bbox 1552 3881 1777 3955; x_wconf 78' lang='grc' dir='ltr'>ἐροῦσιν,</span> 
     </span>
    </p>
   </div>
   <div class='ocr_carea' id='block_1_77' title="bbox 179 3968 1779 4048">
    <p class='ocr_par' dir='ltr' id='par_1_77' title="bbox 179 3968 1779 4048">
     <span class='ocr_line' id='line_1_77' title="bbox 179 3968 1779 4048; baseline -0.003 -21"><span class='ocrx_word' id='word_1_525' title='bbox 179 3975 274 4027; x_wconf 80' lang='grc' dir='ltr'>ούκ</span> <span class='ocrx_word' id='word_1_526' title='bbox 328 3974 588 4048; x_wconf 82' lang='grc' dir='ltr'>εἰρηνικοῦ</span> <span class='ocrx_word' id='word_1_527' title='bbox 649 3969 775 4025; x_wconf 73' lang='grc' dir='ltr'>εἶναι</span> <span class='ocrx_word' id='word_1_528' title='bbox 831 3972 1185 4044; x_wconf 74' lang='grc' dir='ltr'>μαθητάςοεί</span> <span class='ocrx_word' id='word_1_529' title='bbox 1244 3968 1302 4024; x_wconf 73' lang='grc' dir='ltr'>δὲ</span> <span class='ocrx_word' id='word_1_530' title='bbox 1351 3972 1444 4024; x_wconf 78' lang='grc' dir='ltr'>ούκ</span> <span class='ocrx_word' id='word_1_531' title='bbox 1499 3971 1779 4046; x_wconf 81' lang='grc' dir='ltr'>ἐίρηνικοῡ,</span> 
     </span>
    </p>
   </div>
   <div class='ocr_carea' id='block_1_78' title="bbox 179 4057 1784 4134">
    <p class='ocr_par' dir='ltr' id='par_1_78' title="bbox 179 4057 1784 4134">
     <span class='ocr_line' id='line_1_78' title="bbox 179 4057 1784 4134; baseline -0.002 -18"><span class='ocrx_word' id='word_1_532' title='bbox 179 4063 305 4116; x_wconf 65' lang='grc' dir='ltr'>οὐδὲ</span> <span class='ocrx_word' id='word_1_533' title='bbox 353 4066 496 4134; x_wconf 83' lang='grc' dir='ltr'>ποιρά</span> <span class='ocrx_word' id='word_1_534' title='bbox 553 4068 648 4114; x_wconf 79' lang='grc' dir='ltr'>σοῦ</span> <span class='ocrx_word' id='word_1_535' title='bbox 706 4061 1077 4122; x_wconf 79' lang='grc' dir='ltr'>ἀποσταλέντες</span> <span class='ocrx_word' id='word_1_536' title='bbox 1129 4079 1140 4090; x_wconf 88' lang='grc'><strong>·</strong></span> <span class='ocrx_word' id='word_1_537' title='bbox 1192 4063 1683 4133; x_wconf 84' lang='grc' dir='ltr'>ὁμογνωμονούντων</span> <span class='ocrx_word' id='word_1_538' title='bbox 1725 4057 1784 4112; x_wconf 72' lang='grc' dir='ltr'>δὲ</span> 
     </span>
    </p>
   </div>
   <div class='ocr_carea' id='block_1_79' title="bbox 178 4149 1786 4222">
    <p class='ocr_par' dir='ltr' id='par_1_79' title="bbox 178 4149 1786 4222">
     <span class='ocr_line' id='line_1_79' title="bbox 178 4149 1786 4222; baseline -0.004 -16"><span class='ocrx_word' id='word_1_539' title='bbox 178 4155 406 4213; x_wconf 77' lang='grc' dir='ltr'>καὶτὰς</span> <span class='ocrx_word' id='word_1_540' title='bbox 470 4150 674 4213; x_wconf 79' lang='grc' dir='ltr'>ἐντολάς</span> <span class='ocrx_word' id='word_1_541' title='bbox 733 4170 832 4222; x_wconf 93' lang='grc' dir='ltr'>μου</span> <span class='ocrx_word' id='word_1_542' title='bbox 894 4149 1265 4222; x_wconf 76' lang='grc' dir='ltr'>φυλαττόντων,</span> <span class='ocrx_word' id='word_1_543' title='bbox 1314 4155 1602 4221; x_wconf 85' lang='grc' dir='ltr'>γνώσονται</span> <span class='ocrx_word' id='word_1_544' title='bbox 1661 4151 1786 4202; x_wconf 86' lang='grc' dir='ltr'>πάν-</span> 
     </span>
    </p>
   </div>
   <div class='ocr_carea' id='block_1_80' title="bbox 179 4237 1785 4312">
    <p class='ocr_par' dir='ltr' id='par_1_80' title="bbox 179 4237 1785 4312">
     <span class='ocr_line' id='line_1_80' title="bbox 179 4237 1785 4312; baseline -0.004 -17"><span class='ocrx_word' id='word_1_545' title='bbox 179 4261 265 4302; x_wconf 84' lang='grc' dir='ltr'>τες</span> <span class='ocrx_word' id='word_1_546' title='bbox 310 4243 391 4293; x_wconf 85' lang='grc' dir='ltr'>ὁτι</span> <span class='ocrx_word' id='word_1_547' title='bbox 443 4239 556 4312; x_wconf 79' lang='grc' dir='ltr'>ἐμοὶ</span> <span class='ocrx_word' id='word_1_548' title='bbox 610 4242 844 4312; x_wconf 88' lang='grc' dir='ltr'>μαθηταί</span> <span class='ocrx_word' id='word_1_549' title='bbox 892 4239 1014 4310; x_wconf 82' lang='grc' dir='ltr'>εἰσι,</span> <span class='ocrx_word' id='word_1_550' title='bbox 1047 4244 1135 4292; x_wconf 82' lang='grc' dir='ltr'>καὶ</span> <span class='ocrx_word' id='word_1_551' title='bbox 1191 4240 1272 4291; x_wconf 87' lang='grc' dir='ltr'>ὅτι</span> <span class='ocrx_word' id='word_1_552' title='bbox 1323 4241 1388 4292; x_wconf 89' lang='grc' dir='ltr'>σύ</span> <span class='ocrx_word' id='word_1_553' title='bbox 1437 4258 1499 4312; x_wconf 87' lang='grc' dir='ltr'>με</span> <span class='ocrx_word' id='word_1_554' title='bbox 1548 4237 1785 4292; x_wconf 85' lang='grc' dir='ltr'>ἀπέστει-</span> 
     </span>
    </p>
   </div>
   <div class='ocr_carea' id='block_1_81' title="bbox 178 4332 294 4392">
    <p class='ocr_par' dir='ltr' id='par_1_81' title="bbox 178 4332 294 4392">
     <span class='ocr_line' id='line_1_81' title="bbox 178 4332 294 4392; baseline -0.017 -8"><span class='ocrx_word' id='word_1_555' title='bbox 178 4332 294 4392; x_wconf 79' lang='grc' dir='ltr'>λας.</span> 
     </span>
    </p>
   </div>
   <div class='ocr_carea' id='block_1_82' title="bbox 1883 3073 3526 3148">
    <p class='ocr_par' dir='ltr' id='par_1_82' title="bbox 1883 3073 3526 3148">
     <span class='ocr_line' id='line_1_82' title="bbox 1883 3073 3526 3148; baseline 0.002 -22"><span class='ocrx_word' id='word_1_556' title='bbox 1883 3073 2030 3127; x_wconf 88' lang='lat' dir='ltr'>Cum</span> <span class='ocrx_word' id='word_1_557' title='bbox 2079 3087 2220 3144; x_wconf 87' lang='lat' dir='ltr'>ergo</span> <span class='ocrx_word' id='word_1_558' title='bbox 2285 3089 2320 3128; x_wconf 90' lang='lat' dir='ltr'>a</span> <span class='ocrx_word' id='word_1_559' title='bbox 2375 3073 2688 3130; x_wconf 88' lang='lat' dir='ltr'>dilectione</span> <span class='ocrx_word' id='word_1_560' title='bbox 2742 3081 2798 3131; x_wconf 89' lang='lat' dir='ltr'>et</span> <span class='ocrx_word' id='word_1_561' title='bbox 2841 3077 3162 3133; x_wconf 86' lang='lat' dir='ltr'>concordia</span> <span class='ocrx_word' id='word_1_562' title='bbox 3222 3077 3526 3148; x_wconf 88' lang='lat' dir='ltr'>inceperit,</span> 
     </span>
    </p>
   </div>
   <div class='ocr_carea' id='block_1_83' title="bbox 1883 3162 3532 3230">
    <p class='ocr_par' dir='ltr' id='par_1_83' title="bbox 1883 3162 3532 3230">
     <span class='ocr_line' id='line_1_83' title="bbox 1883 3162 3532 3230; baseline 0.004 -16"><span class='ocrx_word' id='word_1_563' title='bbox 1883 3176 2119 3216; x_wconf 87' lang='lat' dir='ltr'>rursum</span> <span class='ocrx_word' id='word_1_564' title='bbox 2159 3163 2221 3217; x_wconf 91' lang='lat' dir='ltr'>in</span> <span class='ocrx_word' id='word_1_565' title='bbox 2282 3162 2395 3218; x_wconf 87' lang='lat' dir='ltr'>hac</span> <span class='ocrx_word' id='word_1_566' title='bbox 2444 3163 2735 3219; x_wconf 90' lang='lat' dir='ltr'>conclusit</span> <span class='ocrx_word' id='word_1_567' title='bbox 2791 3181 3149 3230; x_wconf 86' lang='lat' dir='ltr'>sermonem,</span> <span class='ocrx_word' id='word_1_568' title='bbox 3210 3166 3532 3221; x_wconf 90' lang='lat' dir='ltr'>ostendens</span> 
     </span>
    </p>
   </div>
   <div class='ocr_carea' id='block_1_84' title="bbox 1883 3251 3534 3324">
    <p class='ocr_par' dir='ltr' id='par_1_84' title="bbox 1883 3251 3534 3324">
     <span class='ocr_line' id='line_1_84' title="bbox 1883 3251 3534 3324; baseline 0.002 -19"><span class='ocrx_word' id='word_1_569' title='bbox 1883 3251 2048 3322; x_wconf 87' lang='lat' dir='ltr'>quod</span> <span class='ocrx_word' id='word_1_570' title='bbox 2082 3252 2202 3307; x_wconf 89' lang='lat' dir='ltr'>Deo</span> <span class='ocrx_word' id='word_1_571' title='bbox 2233 3251 2418 3308; x_wconf 86' lang='lat' dir='ltr'>chara</span> <span class='ocrx_word' id='word_1_572' title='bbox 2438 3253 2509 3308; x_wconf 89' lang='lat' dir='ltr'>sit</span> <span class='ocrx_word' id='word_1_573' title='bbox 2531 3269 2600 3308; x_wconf 89' lang='lat' dir='ltr'>ac</span> <span class='ocrx_word' id='word_1_574' title='bbox 2621 3269 2844 3324; x_wconf 89' lang='lat' dir='ltr'>magno</span> <span class='ocrx_word' id='word_1_575' title='bbox 2866 3254 3062 3310; x_wconf 87' lang='lat' dir='ltr'>studio</span> <span class='ocrx_word' id='word_1_576' title='bbox 3086 3254 3419 3311; x_wconf 77' lang='lat' dir='ltr'>atfectanda</span> <span class='ocrx_word' id='word_1_577' title='bbox 3446 3254 3534 3308; x_wconf 86' lang='lat' dir='ltr'>di-</span> 
     </span>
    </p>
   </div>
   <div class='ocr_carea' id='block_1_85' title="bbox 1886 3340 2084 3398">
    <p class='ocr_par' dir='ltr' id='par_1_85' title="bbox 1886 3340 2084 3398">
     <span class='ocr_line' id='line_1_85' title="bbox 1886 3340 2084 3398; baseline 0.02 -4"><span class='ocrx_word' id='word_1_578' title='bbox 1886 3340 2084 3398; x_wconf 85' lang='lat' dir='ltr'>lectio.</span> 
     </span>
    </p>
   </div>
   <div class='ocr_carea' id='block_1_86' title="bbox 1957 3429 3530 3503">
    <p class='ocr_par' dir='ltr' id='par_1_86' title="bbox 1957 3429 3530 3503">
     <span class='ocr_line' id='line_1_86' title="bbox 1957 3429 3530 3503; baseline 0.001 -19"><span class='ocrx_word' id='word_1_579' title='bbox 1957 3429 2124 3484; x_wconf 90' lang='lat' dir='ltr'>Vers.</span> <span class='ocrx_word' id='word_1_580' title='bbox 2156 3431 2246 3484; x_wconf 80' lang='grc'>21.</span> <span class='ocrx_word' id='word_1_581' title='bbox 2279 3431 2348 3487; x_wconf 90' lang='lat' dir='ltr'>Ut</span> <span class='ocrx_word' id='word_1_582' title='bbox 2376 3429 2794 3487; x_wconf 86' lang='lat' dir='ltr'>—miseris.—</span> <span class='ocrx_word' id='word_1_583' title='bbox 2829 3434 2918 3499; x_wconf 90' lang='lat' dir='ltr'>Ut,</span> <span class='ocrx_word' id='word_1_584' title='bbox 2944 3432 3194 3488; x_wconf 89' lang='lat' dir='ltr'>credens</span> <span class='ocrx_word' id='word_1_585' title='bbox 3217 3430 3530 3503; x_wconf 88' lang='lat' dir='ltr'>apostolis,</span> 
     </span>
    </p>
   </div>
   <div class='ocr_carea' id='block_1_87' title="bbox 1888 3518 3534 3593">
    <p class='ocr_par' dir='ltr' id='par_1_87' title="bbox 1888 3518 3534 3593">
     <span class='ocr_line' id='line_1_87' title="bbox 1888 3518 3534 3593; baseline 0.001 -19"><span class='ocrx_word' id='word_1_586' title='bbox 1888 3518 2087 3575; x_wconf 83' lang='lat' dir='ltr'>credat</span> <span class='ocrx_word' id='word_1_587' title='bbox 2119 3521 2272 3589; x_wconf 85' lang='lat' dir='ltr'>quod</span> <span class='ocrx_word' id='word_1_588' title='bbox 2298 3525 2361 3574; x_wconf 88' lang='lat' dir='ltr'>tu</span> <span class='ocrx_word' id='word_1_589' title='bbox 2392 3536 2480 3574; x_wconf 88' lang='lat' dir='ltr'>me</span> <span class='ocrx_word' id='word_1_590' title='bbox 2527 3521 2768 3576; x_wconf 79' lang='lat' dir='ltr'>miseris.</span> <span class='ocrx_word' id='word_1_591' title='bbox 2803 3524 2948 3577; x_wconf 87' lang='lat' dir='ltr'>Nam</span> <span class='ocrx_word' id='word_1_592' title='bbox 2987 3521 3102 3577; x_wconf 88' lang='lat' dir='ltr'>hoc</span> <span class='ocrx_word' id='word_1_593' title='bbox 3132 3521 3534 3593; x_wconf 76' lang='lat' dir='ltr'>praedicaturi,</span> 
     </span>
    </p>
   </div>
   <div class='ocr_carea' id='block_1_88' title="bbox 1889 3608 3538 3682">
    <p class='ocr_par' dir='ltr' id='par_1_88' title="bbox 1889 3608 3538 3682">
     <span class='ocr_line' id='line_1_88' title="bbox 1889 3608 3538 3682; baseline 0.002 -20"><span class='ocrx_word' id='word_1_594' title='bbox 1889 3612 2032 3663; x_wconf 90' lang='lat' dir='ltr'>sunt</span> <span class='ocrx_word' id='word_1_595' title='bbox 2073 3624 2084 3663; x_wconf 94' lang='lat'><strong>:</strong></span> <span class='ocrx_word' id='word_1_596' title='bbox 2115 3614 2172 3664; x_wconf 90' lang='lat' dir='ltr'>et</span> <span class='ocrx_word' id='word_1_597' title='bbox 2198 3608 2342 3664; x_wconf 90' lang='lat' dir='ltr'>nihil</span> <span class='ocrx_word' id='word_1_598' title='bbox 2363 3609 2516 3664; x_wconf 89' lang='lat' dir='ltr'>adeo</span> <span class='ocrx_word' id='word_1_599' title='bbox 2547 3610 2655 3664; x_wconf 87' lang='lat' dir='ltr'>erit</span> <span class='ocrx_word' id='word_1_600' title='bbox 2684 3610 3113 3682; x_wconf 88' lang='lat' dir='ltr'>impedimento</span> <span class='ocrx_word' id='word_1_601' title='bbox 3136 3610 3538 3682; x_wconf 66' lang='lat' dir='ltr'>prmdicationi</span> 
     </span>
    </p>
   </div>
   <div class='ocr_carea' id='block_1_89' title="bbox 1889 3698 3540 3770">
    <p class='ocr_par' dir='ltr' id='par_1_89' title="bbox 1889 3698 3540 3770">
     <span class='ocr_line' id='line_1_89' title="bbox 1889 3698 3540 3770; baseline 0.001 -17"><span class='ocrx_word' id='word_1_602' title='bbox 1889 3699 2042 3753; x_wconf 89' lang='lat' dir='ltr'>sicut</span> <span class='ocrx_word' id='word_1_603' title='bbox 2069 3698 2293 3754; x_wconf 88' lang='lat' dir='ltr'>divisos</span> <span class='ocrx_word' id='word_1_604' title='bbox 2337 3714 2468 3754; x_wconf 89' lang='lat' dir='ltr'>esse</span> <span class='ocrx_word' id='word_1_605' title='bbox 2508 3699 2946 3770; x_wconf 64' lang='lat' dir='ltr'>praedicatores,</span> <span class='ocrx_word' id='word_1_606' title='bbox 3007 3700 3145 3755; x_wconf 89' lang='lat' dir='ltr'>ﬁdei</span> <span class='ocrx_word' id='word_1_607' title='bbox 3195 3701 3540 3755; x_wconf 87' lang='lat' dir='ltr'>diversitate</span> 
     </span>
    </p>
   </div>
   <div class='ocr_carea' id='block_1_90' title="bbox 1890 3789 3542 3845">
    <p class='ocr_par' dir='ltr' id='par_1_90' title="bbox 1890 3789 3542 3845">
     <span class='ocr_line' id='line_1_90' title="bbox 1890 3789 3542 3845; baseline 0.001 -3"><span class='ocrx_word' id='word_1_608' title='bbox 1890 3804 1959 3842; x_wconf 90' lang='lat' dir='ltr'>ac</span> <span class='ocrx_word' id='word_1_609' title='bbox 2025 3793 2234 3844; x_wconf 89' lang='lat' dir='ltr'>mutua</span> <span class='ocrx_word' id='word_1_610' title='bbox 2276 3789 2426 3844; x_wconf 90' lang='lat' dir='ltr'>inter</span> <span class='ocrx_word' id='word_1_611' title='bbox 2473 3805 2534 3843; x_wconf 88' lang='lat' dir='ltr'>se</span> <span class='ocrx_word' id='word_1_612' title='bbox 2579 3789 2906 3845; x_wconf 89' lang='lat' dir='ltr'>inimicitia.</span> <span class='ocrx_word' id='word_1_613' title='bbox 2959 3789 3014 3845; x_wconf 90' lang='lat' dir='ltr'>Si</span> <span class='ocrx_word' id='word_1_614' title='bbox 3076 3791 3234 3845; x_wconf 91' lang='lat' dir='ltr'>enim</span> <span class='ocrx_word' id='word_1_615' title='bbox 3287 3790 3436 3845; x_wconf 85' lang='lat' dir='ltr'>inter</span> <span class='ocrx_word' id='word_1_616' title='bbox 3480 3804 3542 3843; x_wconf 87' lang='lat' dir='ltr'>se</span> 
     </span>
    </p>
   </div>
   <div class='ocr_carea' id='block_1_91' title="bbox 1892 3877 3542 3949">
    <p class='ocr_par' dir='ltr' id='par_1_91' title="bbox 1892 3877 3542 3949">
     <span class='ocr_line' id='line_1_91' title="bbox 1892 3877 3542 3949; baseline 0.001 -21"><span class='ocrx_word' id='word_1_617' title='bbox 1892 3877 2308 3946; x_wconf 83' lang='lat' dir='ltr'>pugnaverint,</span> <span class='ocrx_word' id='word_1_618' title='bbox 2341 3877 2536 3933; x_wconf 89' lang='lat' dir='ltr'>dicent</span> <span class='ocrx_word' id='word_1_619' title='bbox 2565 3893 2668 3933; x_wconf 90' lang='lat' dir='ltr'>eos</span> <span class='ocrx_word' id='word_1_620' title='bbox 2707 3894 2822 3932; x_wconf 88' lang='lat' dir='ltr'>non</span> <span class='ocrx_word' id='word_1_621' title='bbox 2863 3895 2994 3933; x_wconf 90' lang='lat' dir='ltr'>esse</span> <span class='ocrx_word' id='word_1_622' title='bbox 3024 3878 3255 3949; x_wconf 90' lang='lat' dir='ltr'>paciﬁci</span> <span class='ocrx_word' id='word_1_623' title='bbox 3281 3877 3542 3946; x_wconf 84' lang='lat' dir='ltr'>magistri</span> 
     </span>
    </p>
   </div>
   <div class='ocr_carea' id='block_1_92' title="bbox 1892 3963 3534 4036">
    <p class='ocr_par' dir='ltr' id='par_1_92' title="bbox 1892 3963 3534 4036">
     <span class='ocr_line' id='line_1_92' title="bbox 1892 3963 3534 4036; baseline 0.003 -21"><span class='ocrx_word' id='word_1_624' title='bbox 1892 3963 2248 4034; x_wconf 88' lang='lat' dir='ltr'>discipulos:</span> <span class='ocrx_word' id='word_1_625' title='bbox 2291 3966 2453 4036; x_wconf 91' lang='lat' dir='ltr'>quod</span> <span class='ocrx_word' id='word_1_626' title='bbox 2482 3966 2529 4018; x_wconf 89' lang='lat' dir='ltr'>si</span> <span class='ocrx_word' id='word_1_627' title='bbox 2572 3982 2691 4020; x_wconf 89' lang='lat' dir='ltr'>non</span> <span class='ocrx_word' id='word_1_628' title='bbox 2716 3967 2966 4036; x_wconf 88' lang='lat' dir='ltr'>paciﬁci,</span> <span class='ocrx_word' id='word_1_629' title='bbox 3008 3982 3116 4020; x_wconf 90' lang='lat' dir='ltr'>nec</span> <span class='ocrx_word' id='word_1_630' title='bbox 3165 3971 3284 4020; x_wconf 90' lang='lat' dir='ltr'>ate</span> <span class='ocrx_word' id='word_1_631' title='bbox 3342 3965 3534 4020; x_wconf 90' lang='lat' dir='ltr'>missi.</span> 
     </span>
    </p>
   </div>
   <div class='ocr_carea' id='block_1_93' title="bbox 1895 4053 3546 4124">
    <p class='ocr_par' dir='ltr' id='par_1_93' title="bbox 1895 4053 3546 4124">
     <span class='ocr_line' id='line_1_93' title="bbox 1895 4053 3546 4124; baseline -0.001 -17"><span class='ocrx_word' id='word_1_632' title='bbox 1895 4053 1948 4108; x_wconf 92' lang='lat' dir='ltr'>Si</span> <span class='ocrx_word' id='word_1_633' title='bbox 1973 4068 2110 4107; x_wconf 88' lang='lat' dir='ltr'>vero</span> <span class='ocrx_word' id='word_1_634' title='bbox 2133 4054 2455 4107; x_wconf 89' lang='lat' dir='ltr'>concordes</span> <span class='ocrx_word' id='word_1_635' title='bbox 2478 4053 2754 4107; x_wconf 84' lang='lat' dir='ltr'>fuerintet</span> <span class='ocrx_word' id='word_1_636' title='bbox 2774 4059 3071 4124; x_wconf 73' lang='lat' dir='ltr'>praecepta</span> <span class='ocrx_word' id='word_1_637' title='bbox 3103 4070 3235 4108; x_wconf 89' lang='lat' dir='ltr'>mea</span> <span class='ocrx_word' id='word_1_638' title='bbox 3257 4053 3546 4107; x_wconf 89' lang='lat' dir='ltr'>custodie-</span> 
     </span>
    </p>
   </div>
   <div class='ocr_carea' id='block_1_94' title="bbox 1893 4141 3548 4213">
    <p class='ocr_par' dir='ltr' id='par_1_94' title="bbox 1893 4141 3548 4213">
     <span class='ocr_line' id='line_1_94' title="bbox 1893 4141 3548 4213; baseline 0.001 -18"><span class='ocrx_word' id='word_1_639' title='bbox 1893 4141 2029 4206; x_wconf 91' lang='lat' dir='ltr'>rint,</span> <span class='ocrx_word' id='word_1_640' title='bbox 2053 4156 2264 4196; x_wconf 90' lang='lat' dir='ltr'>omnes</span> <span class='ocrx_word' id='word_1_641' title='bbox 2295 4142 2838 4212; x_wconf 87' lang='lat' dir='ltr'>cognoscentquod</span> <span class='ocrx_word' id='word_1_642' title='bbox 2872 4142 2986 4196; x_wconf 89' lang='lat' dir='ltr'>mei</span> <span class='ocrx_word' id='word_1_643' title='bbox 3016 4143 3130 4198; x_wconf 89' lang='lat' dir='ltr'>sint</span> <span class='ocrx_word' id='word_1_644' title='bbox 3163 4141 3457 4213; x_wconf 86' lang='lat' dir='ltr'>discipuli,</span> <span class='ocrx_word' id='word_1_645' title='bbox 3492 4145 3548 4196; x_wconf 89' lang='lat' dir='ltr'>et</span> 
     </span>
    </p>
   </div>
   <div class='ocr_carea' id='block_1_95' title="bbox 1896 4229 2580 4301">
    <p class='ocr_par' dir='ltr' id='par_1_95' title="bbox 1896 4229 2580 4301">
     <span class='ocr_line' id='line_1_95' title="bbox 1896 4229 2580 4301; baseline 0.001 -16"><span class='ocrx_word' id='word_1_646' title='bbox 1896 4229 2061 4301; x_wconf 90' lang='lat' dir='ltr'>quod</span> <span class='ocrx_word' id='word_1_647' title='bbox 2095 4235 2156 4285; x_wconf 90' lang='lat' dir='ltr'>tu</span> <span class='ocrx_word' id='word_1_648' title='bbox 2189 4245 2286 4286; x_wconf 87' lang='lat' dir='ltr'>me</span> <span class='ocrx_word' id='word_1_649' title='bbox 2326 4229 2580 4286; x_wconf 86' lang='lat' dir='ltr'>miseris.</span> 
     </span>
    </p>
   </div>
   <div class='ocr_carea' id='block_1_96' title="bbox 258 4379 1769 4490">
    <p class='ocr_par' dir='ltr' id='par_1_96' title="bbox 258 4414 1769 4490">
     <span class='ocr_line' id='line_1_96' title="bbox 258 4414 1769 4490; baseline -0.003 -18"><span class='ocrx_word' id='word_1_650' title='bbox 258 4423 362 4473; x_wconf 79' lang='grc' dir='ltr'>Καὶ</span> <span class='ocrx_word' id='word_1_651' title='bbox 390 4450 460 4458; x_wconf 90' lang='grc'><strong><em>-</em></strong></span> <span class='ocrx_word' id='word_1_652' title='bbox 506 4418 702 4481; x_wconf 84' lang='grc' dir='ltr'>αύτοῑς.</span> <span class='ocrx_word' id='word_1_653' title='bbox 749 4421 854 4477; x_wconf 75' lang='grc' dir='ltr'>Τὴν</span> <span class='ocrx_word' id='word_1_654' title='bbox 909 4416 1008 4470; x_wconf 84' lang='grc' dir='ltr'>ἀπὸ</span> <span class='ocrx_word' id='word_1_655' title='bbox 1041 4426 1140 4470; x_wconf 80' lang='grc' dir='ltr'>τῶν</span> <span class='ocrx_word' id='word_1_656' title='bbox 1181 4414 1526 4490; x_wconf 79' lang='grc' dir='ltr'>διδαγμάτων</span> <span class='ocrx_word' id='word_1_657' title='bbox 1554 4422 1644 4469; x_wconf 87' lang='grc' dir='ltr'>καὶ</span> <span class='ocrx_word' id='word_1_658' title='bbox 1689 4425 1769 4468; x_wconf 69' lang='grc' dir='ltr'>τὼτ</span> 
     </span>
    </p>
   </div>
   <div class='ocr_carea' id='block_1_97' title="bbox 1888 4379 3551 4490">
    <p class='ocr_par' dir='ltr' id='par_1_97' title="bbox 1969 4407 3551 4475">
     <span class='ocr_line' id='line_1_97' title="bbox 1969 4407 3551 4475; baseline -0.003 -9"><span class='ocrx_word' id='word_1_659' title='bbox 1969 4413 2128 4468; x_wconf 87' lang='lat' dir='ltr'>Vers.</span> <span class='ocrx_word' id='word_1_660' title='bbox 2159 4409 2347 4465; x_wconf 61' lang='lat' dir='ltr'>2%.Et</span> <span class='ocrx_word' id='word_1_661' title='bbox 2385 4441 2450 4452; x_wconf 88' lang='lat'>——</span> <span class='ocrx_word' id='word_1_662' title='bbox 2491 4409 2591 4466; x_wconf 89' lang='lat' dir='ltr'>eis.</span> <span class='ocrx_word' id='word_1_663' title='bbox 2621 4411 2757 4475; x_wconf 60' lang='lat' dir='ltr'>Qum</span> <span class='ocrx_word' id='word_1_664' title='bbox 2789 4426 2826 4466; x_wconf 91' lang='lat' dir='ltr'>a</span> <span class='ocrx_word' id='word_1_665' title='bbox 2867 4409 3138 4466; x_wconf 91' lang='lat' dir='ltr'>doctrina</span> <span class='ocrx_word' id='word_1_666' title='bbox 3167 4413 3223 4464; x_wconf 89' lang='lat' dir='ltr'>et</span> <span class='ocrx_word' id='word_1_667' title='bbox 3248 4407 3551 4464; x_wconf 85' lang='lat' dir='ltr'>miraculis</span> 
     </span>
    </p>
   </div>
   <div class='ocr_carea' id='block_1_98' title="bbox 184 4505 1790 4582">
    <p class='ocr_par' dir='ltr' id='par_1_98' title="bbox 184 4505 1790 4582">
     <span class='ocr_line' id='line_1_98' title="bbox 184 4505 1790 4582; baseline -0.003 -20"><span class='ocrx_word' id='word_1_668' title='bbox 184 4509 490 4582; x_wconf 81' lang='grc' dir='ltr'>θαυμάτων,</span> <span class='ocrx_word' id='word_1_669' title='bbox 527 4507 549 4581; x_wconf 93' lang='grc'>[</span> <span class='ocrx_word' id='word_1_670' title='bbox 581 4508 610 4566; x_wconf 79' lang='grc' dir='ltr'><strong>ἣ</strong></span> <span class='ocrx_word' id='word_1_671' title='bbox 658 4508 735 4580; x_wconf 84' lang='grc'>(3)</span> <span class='ocrx_word' id='word_1_672' title='bbox 789 4511 875 4560; x_wconf 83' lang='grc' dir='ltr'>καὶ</span> <span class='ocrx_word' id='word_1_673' title='bbox 905 4512 994 4564; x_wconf 82' lang='grc' dir='ltr'>τὴν</span> <span class='ocrx_word' id='word_1_674' title='bbox 1043 4505 1144 4559; x_wconf 82' lang='grc' dir='ltr'>ἀπὸ</span> <span class='ocrx_word' id='word_1_675' title='bbox 1198 4515 1289 4568; x_wconf 77' lang='grc' dir='ltr'>τῆς</span> <span class='ocrx_word' id='word_1_676' title='bbox 1347 4509 1604 4580; x_wconf 88' lang='grc' dir='ltr'>ὁμονοίας.</span> <span class='ocrx_word' id='word_1_677' title='bbox 1631 4505 1652 4579; x_wconf 93' lang='grc'>]</span> <span class='ocrx_word' id='word_1_678' title='bbox 1681 4506 1790 4558; x_wconf 80' lang='grc' dir='ltr'>Ούκ</span> 
     </span>
    </p>
   </div>
   <div class='ocr_carea' id='block_1_99' title="bbox 180 4592 1793 4672">
    <p class='ocr_par' dir='ltr' id='par_1_99' title="bbox 180 4592 1793 4672">
     <span class='ocr_line' id='line_1_99' title="bbox 180 4592 1793 4672; baseline -0.004 -20"><span class='ocrx_word' id='word_1_679' title='bbox 180 4601 398 4653; x_wconf 79' lang='grc' dir='ltr'>ἔλαττον</span> <span class='ocrx_word' id='word_1_680' title='bbox 423 4599 523 4672; x_wconf 80' lang='grc' dir='ltr'>γὰρ</span> <span class='ocrx_word' id='word_1_681' title='bbox 557 4595 611 4649; x_wconf 87' lang='grc' dir='ltr'>ἐκ</span> <span class='ocrx_word' id='word_1_682' title='bbox 636 4599 832 4658; x_wconf 81' lang='grc' dir='ltr'>ταύτης</span> <span class='ocrx_word' id='word_1_683' title='bbox 863 4597 892 4655; x_wconf 81' lang='grc' dir='ltr'><strong>ἣ</strong></span> <span class='ocrx_word' id='word_1_684' title='bbox 918 4595 972 4648; x_wconf 79' lang='grc' dir='ltr'>ἐκ</span> <span class='ocrx_word' id='word_1_685' title='bbox 993 4599 1186 4649; x_wconf 84' lang='grc' dir='ltr'>τούτων</span> <span class='ocrx_word' id='word_1_686' title='bbox 1206 4593 1535 4660; x_wconf 83' lang='grc' dir='ltr'>δοξάζονται.</span> <span class='ocrx_word' id='word_1_687' title='bbox 1580 4592 1793 4648; x_wconf 72' lang='grc' dir='ltr'>Δέὃωκα</span> 
     </span>
    </p>
   </div>
   <div class='ocr_carea' id='block_1_100' title="bbox 182 4683 1787 4760">
    <p class='ocr_par' dir='ltr' id='par_1_100' title="bbox 182 4683 1787 4760">
     <span class='ocr_line' id='line_1_100' title="bbox 182 4683 1787 4760; baseline -0.004 -18"><span class='ocrx_word' id='word_1_688' title='bbox 182 4686 248 4742; x_wconf 73' lang='grc' dir='ltr'>δὲ</span> <span class='ocrx_word' id='word_1_689' title='bbox 291 4687 421 4751; x_wconf 76' lang='grc' dir='ltr'>εἷπε,</span> <span class='ocrx_word' id='word_1_690' title='bbox 450 4683 770 4760; x_wconf 78' lang='grc' dir='ltr'>παραδηλῶν</span> <span class='ocrx_word' id='word_1_691' title='bbox 801 4684 1068 4738; x_wconf 80' lang='grc' dir='ltr'>κάνταῦθα</span> <span class='ocrx_word' id='word_1_692' title='bbox 1092 4690 1181 4738; x_wconf 89' lang='grc' dir='ltr'>καὶ</span> <span class='ocrx_word' id='word_1_693' title='bbox 1237 4689 1295 4738; x_wconf 88' lang='grc' dir='ltr'>τὸ</span> <span class='ocrx_word' id='word_1_694' title='bbox 1341 4686 1521 4738; x_wconf 79' lang='grc' dir='ltr'>ἑαυτοῦ</span> <span class='ocrx_word' id='word_1_695' title='bbox 1566 4684 1787 4757; x_wconf 75' lang='grc' dir='ltr'>ἀξίὼμα,</span> 
     </span>
    </p>
   </div>
   <div class='ocr_carea' id='block_1_101' title="bbox 175 4774 1792 4853">
    <p class='ocr_par' dir='ltr' id='par_1_101' title="bbox 175 4774 1792 4853">
     <span class='ocr_line' id='line_1_101' title="bbox 175 4774 1792 4853; baseline -0.004 -21"><span class='ocrx_word' id='word_1_696' title='bbox 175 4782 278 4832; x_wconf 81' lang='grc' dir='ltr'>καὶ</span> <span class='ocrx_word' id='word_1_697' title='bbox 309 4779 371 4829; x_wconf 87' lang='grc' dir='ltr'>τὸ</span> <span class='ocrx_word' id='word_1_698' title='bbox 416 4780 550 4852; x_wconf 83' lang='grc' dir='ltr'>πρὸς</span> <span class='ocrx_word' id='word_1_699' title='bbox 578 4779 664 4829; x_wconf 86' lang='grc' dir='ltr'>τὸν</span> <span class='ocrx_word' id='word_1_700' title='bbox 692 4780 896 4853; x_wconf 87' lang='grc' dir='ltr'>Πατέρα</span> <span class='ocrx_word' id='word_1_701' title='bbox 924 4777 1194 4850; x_wconf 84' lang='grc' dir='ltr'>ὁμότιμον,</span> <span class='ocrx_word' id='word_1_702' title='bbox 1227 4777 1399 4852; x_wconf 82' lang='grc' dir='ltr'>ὥσπερ</span> <span class='ocrx_word' id='word_1_703' title='bbox 1421 4780 1510 4829; x_wconf 83' lang='grc' dir='ltr'>καὶ</span> <span class='ocrx_word' id='word_1_704' title='bbox 1537 4774 1585 4827; x_wconf 84' lang='grc' dir='ltr'>ἐν</span> <span class='ocrx_word' id='word_1_705' title='bbox 1623 4774 1792 4836; x_wconf 81' lang='grc' dir='ltr'>ἄλλοις</span> 
     </span>
    </p>
   </div>
   <div class='ocr_carea' id='block_1_102' title="bbox 173 4866 454 4927">
    <p class='ocr_par' dir='ltr' id='par_1_102' title="bbox 173 4866 454 4927">
     <span class='ocr_line' id='line_1_102' title="bbox 173 4866 454 4927; baseline -0.018 -3"><span class='ocrx_word' id='word_1_706' title='bbox 173 4866 454 4927; x_wconf 83' lang='grc' dir='ltr'>πολλάκις.</span> 
     </span>
    </p>
   </div>
   <div class='ocr_carea' id='block_1_103' title="bbox 260 4991 1352 5060">
    <p class='ocr_par' dir='ltr' id='par_1_103' title="bbox 260 4991 1352 5060">
     <span class='ocr_line' id='line_1_103' title="bbox 260 4991 1352 5060; baseline -0.001 -12"><span class='ocrx_word' id='word_1_707' title='bbox 260 4992 310 5028; x_wconf 65' lang='grc' dir='ltr'>ιε</span> <span class='ocrx_word' id='word_1_708' title='bbox 345 4991 500 5049; x_wconf 89' lang='lat' dir='ltr'>Psal.</span> <span class='ocrx_word' id='word_1_709' title='bbox 527 5008 680 5060; x_wconf 82' lang='lat' dir='ltr'>mu,</span> <span class='ocrx_word' id='word_1_710' title='bbox 713 4992 799 5049; x_wconf 72' lang='grc'>22.</span> <span class='ocrx_word' id='word_1_711' title='bbox 916 4994 961 5028; x_wconf 80' lang='grc'>⁴⁹</span> <span class='ocrx_word' id='word_1_712' title='bbox 996 4994 1139 5049; x_wconf 79' lang='lat' dir='ltr'>Rom</span> <span class='ocrx_word' id='word_1_713' title='bbox 1168 5009 1266 5058; x_wconf 78' lang='lat' dir='ltr'>xu,</span> <span class='ocrx_word' id='word_1_714' title='bbox 1302 4993 1352 5047; x_wconf 84' lang='grc'>1.</span> 
     </span>
    </p>
   </div>
   <div class='ocr_carea' id='block_1_104' title="bbox 1468 4988 1975 5054">
    <p class='ocr_par' dir='ltr' id='par_1_104' title="bbox 1468 4988 1975 5054">
     <span class='ocr_line' id='line_1_104' title="bbox 1468 4988 1975 5054; baseline -0.014 -6"><span class='ocrx_word' id='word_1_715' title='bbox 1468 4993 1516 5027; x_wconf 71' lang='grc' dir='ltr'>⁸ο</span> <span class='ocrx_word' id='word_1_716' title='bbox 1540 4993 1708 5047; x_wconf 83' lang='lat' dir='ltr'>Joan.</span> <span class='ocrx_word' id='word_1_717' title='bbox 1740 5005 1856 5054; x_wconf 77' lang='lat' dir='ltr'>xiv,</span> <span class='ocrx_word' id='word_1_718' title='bbox 1888 4988 1975 5042; x_wconf 86' lang='lat' dir='ltr'>2t.</span> 
     </span>
    </p>
   </div>
   <div class='ocr_carea' id='block_1_105' title="bbox 1900 4496 3554 4574">
    <p class='ocr_par' dir='ltr' id='par_1_105' title="bbox 1900 4496 3554 4574">
     <span class='ocr_line' id='line_1_105' title="bbox 1900 4496 3554 4574; baseline -0.002 -19"><span class='ocrx_word' id='word_1_719' title='bbox 1900 4499 2189 4574; x_wconf 87' lang='lat' dir='ltr'>procedit,</span> <span class='ocrx_word' id='word_1_720' title='bbox 2218 4503 2476 4571; x_wconf 66' lang='lat' dir='ltr'>autquaa</span> <span class='ocrx_word' id='word_1_721' title='bbox 2498 4515 2534 4554; x_wconf 89' lang='lat' dir='ltr'>a</span> <span class='ocrx_word' id='word_1_722' title='bbox 2566 4499 2886 4554; x_wconf 88' lang='lat' dir='ltr'>concordia</span> <span class='ocrx_word' id='word_1_723' title='bbox 2915 4514 3139 4570; x_wconf 89' lang='lat' dir='ltr'>;neque</span> <span class='ocrx_word' id='word_1_724' title='bbox 3155 4498 3310 4552; x_wconf 90' lang='lat' dir='ltr'>enim</span> <span class='ocrx_word' id='word_1_725' title='bbox 3340 4513 3406 4552; x_wconf 87' lang='lat' dir='ltr'>ex</span> <span class='ocrx_word' id='word_1_726' title='bbox 3441 4496 3554 4552; x_wconf 85' lang='lat' dir='ltr'>hac</span> 
     </span>
    </p>
   </div>
   <div class='ocr_carea' id='block_1_106' title="bbox 1900 4585 3558 4661">
    <p class='ocr_par' dir='ltr' id='par_1_106' title="bbox 1900 4585 3558 4661">
     <span class='ocr_line' id='line_1_106' title="bbox 1900 4585 3558 4661; baseline -0.003 -15"><span class='ocrx_word' id='word_1_727' title='bbox 1900 4590 2290 4661; x_wconf 89' lang='lat' dir='ltr'>minusquam</span> <span class='ocrx_word' id='word_1_728' title='bbox 2304 4605 2376 4644; x_wconf 81' lang='lat' dir='ltr'>ex</span> <span class='ocrx_word' id='word_1_729' title='bbox 2409 4588 2519 4644; x_wconf 88' lang='lat' dir='ltr'>illis</span> <span class='ocrx_word' id='word_1_730' title='bbox 2549 4587 2973 4658; x_wconf 89' lang='lat' dir='ltr'>gloriﬁcantur.</span> <span class='ocrx_word' id='word_1_731' title='bbox 3008 4589 3157 4642; x_wconf 81' lang='lat' dir='ltr'>Dedi</span> <span class='ocrx_word' id='word_1_732' title='bbox 3186 4591 3384 4642; x_wconf 87' lang='lat' dir='ltr'>autem</span> <span class='ocrx_word' id='word_1_733' title='bbox 3408 4585 3558 4641; x_wconf 81' lang='lat' dir='ltr'>dixit</span> 
     </span>
    </p>
   </div>
   <div class='ocr_carea' id='block_1_107' title="bbox 1904 4677 3559 4748">
    <p class='ocr_par' dir='ltr' id='par_1_107' title="bbox 1904 4677 3559 4748">
     <span class='ocr_line' id='line_1_107' title="bbox 1904 4677 3559 4748; baseline -0.002 -12"><span class='ocrx_word' id='word_1_734' title='bbox 1904 4680 2086 4738; x_wconf 90' lang='lat' dir='ltr'>etiam</span> <span class='ocrx_word' id='word_1_735' title='bbox 2107 4679 2224 4745; x_wconf 89' lang='lat' dir='ltr'>hic,</span> <span class='ocrx_word' id='word_1_736' title='bbox 2254 4685 2309 4734; x_wconf 90' lang='lat' dir='ltr'>et</span> <span class='ocrx_word' id='word_1_737' title='bbox 2340 4693 2510 4734; x_wconf 88' lang='lat' dir='ltr'>suam</span> <span class='ocrx_word' id='word_1_738' title='bbox 2534 4678 2848 4734; x_wconf 90' lang='lat' dir='ltr'>insinuans</span> <span class='ocrx_word' id='word_1_739' title='bbox 2881 4677 3251 4748; x_wconf 84' lang='lat' dir='ltr'>dignitatem,</span> <span class='ocrx_word' id='word_1_740' title='bbox 3281 4681 3337 4732; x_wconf 91' lang='lat' dir='ltr'>et</span> <span class='ocrx_word' id='word_1_741' title='bbox 3363 4691 3559 4748; x_wconf 63' lang='lat' dir='ltr'>aequa-</span> 
     </span>
    </p>
   </div>
   <div class='ocr_carea' id='block_1_108' title="bbox 1898 4766 3561 4841">
    <p class='ocr_par' dir='ltr' id='par_1_108' title="bbox 1898 4766 3561 4841">
     <span class='ocr_line' id='line_1_108' title="bbox 1898 4766 3561 4841; baseline -0.002 -15"><span class='ocrx_word' id='word_1_742' title='bbox 1898 4769 2016 4826; x_wconf 90' lang='lat' dir='ltr'>lem</span> <span class='ocrx_word' id='word_1_743' title='bbox 2039 4785 2175 4825; x_wconf 91' lang='lat' dir='ltr'>cum</span> <span class='ocrx_word' id='word_1_744' title='bbox 2193 4769 2358 4824; x_wconf 86' lang='lat' dir='ltr'>Patre</span> <span class='ocrx_word' id='word_1_745' title='bbox 2379 4768 2668 4825; x_wconf 88' lang='lat' dir='ltr'>honorem</span> <span class='ocrx_word' id='word_1_746' title='bbox 2693 4784 2710 4824; x_wconf 91' lang='lat'><strong><em>:</em></strong></span> <span class='ocrx_word' id='word_1_747' title='bbox 2732 4766 3250 4841; x_wconf 88' lang='lat' dir='ltr'>quemadmodum</span> <span class='ocrx_word' id='word_1_748' title='bbox 3287 4766 3561 4841; x_wconf 86' lang='lat' dir='ltr'>frequen-</span> 
     </span>
    </p>
   </div>
   <div class='ocr_carea' id='block_1_109' title="bbox 1896 4857 2435 4918">
    <p class='ocr_par' dir='ltr' id='par_1_109' title="bbox 1896 4857 2435 4918">
     <span class='ocr_line' id='line_1_109' title="bbox 1896 4857 2435 4918; baseline -0.006 -1"><span class='ocrx_word' id='word_1_749' title='bbox 1896 4865 1985 4918; x_wconf 88' lang='lat' dir='ltr'>ter</span> <span class='ocrx_word' id='word_1_750' title='bbox 2014 4859 2146 4917; x_wconf 88' lang='lat' dir='ltr'>aliis</span> <span class='ocrx_word' id='word_1_751' title='bbox 2166 4859 2226 4914; x_wconf 91' lang='lat' dir='ltr'>in</span> <span class='ocrx_word' id='word_1_752' title='bbox 2269 4857 2435 4915; x_wconf 90' lang='lat' dir='ltr'>locis.</span> 
     </span>
    </p>
   </div>
   <div class='ocr_carea' id='block_1_110' title="bbox 2091 4987 2601 5054">
    <p class='ocr_par' dir='ltr' id='par_1_110' title="bbox 2091 4987 2601 5054">
     <span class='ocr_line' id='line_1_110' title="bbox 2091 4987 2601 5054; baseline 0 -13"><span class='ocrx_word' id='word_1_753' title='bbox 2091 4987 2135 5023; x_wconf 82' lang='grc'>⁵¹</span> <span class='ocrx_word' id='word_1_754' title='bbox 2163 4987 2342 5042; x_wconf 88' lang='lat' dir='ltr'>Joan.</span> <span class='ocrx_word' id='word_1_755' title='bbox 2385 5001 2480 5054; x_wconf 85' lang='lat' dir='ltr'>xv,</span> <span class='ocrx_word' id='word_1_756' title='bbox 2516 4988 2601 5042; x_wconf 79' lang='lat' dir='ltr'>l2.</span> 
     </span>
    </p>
   </div>
   <div class='ocr_carea' id='block_1_111' title="bbox 1438 5141 2336 5214">
    <p class='ocr_par' dir='ltr' id='par_1_111' title="bbox 1438 5141 2336 5214">
     <span class='ocr_line' id='line_1_111' title="bbox 1438 5141 2336 5214; baseline -0.01 0"><span class='ocrx_word' id='word_1_757' title='bbox 1438 5143 1658 5214; x_wconf 68' lang='lat' dir='ltr'>Variae</span> <span class='ocrx_word' id='word_1_758' title='bbox 1685 5141 2010 5210; x_wconf 80' lang='lat' dir='ltr'>lectiones</span> <span class='ocrx_word' id='word_1_759' title='bbox 2044 5149 2106 5208; x_wconf 88' lang='lat' dir='ltr'>ct</span> <span class='ocrx_word' id='word_1_760' title='bbox 2138 5149 2336 5207; x_wconf 68' lang='lat' dir='ltr'>notae.</span> 
     </span>
    </p>
   </div>
   <div class='ocr_carea' id='block_1_112' title="bbox 262 5288 873 5364">
    <p class='ocr_par' dir='ltr' id='par_1_112' title="bbox 262 5288 873 5364">
     <span class='ocr_line' id='line_1_112' title="bbox 262 5288 873 5364; baseline -0.005 -18"><span class='ocrx_word' id='word_1_761' title='bbox 262 5288 384 5364; x_wconf 84' lang='grc'>(98)</span> <span class='ocrx_word' id='word_1_762' title='bbox 428 5289 574 5364; x_wconf 52' lang='grc' dir='ltr'>βατὰ</span> <span class='ocrx_word' id='word_1_763' title='bbox 602 5293 785 5364; x_wconf 71' lang='grc' dir='ltr'>μικρὸν</span> <span class='ocrx_word' id='word_1_764' title='bbox 798 5361 806 5364; x_wconf 17' lang='grc' dir='ltr'><strong>Α</strong></span> <span class='ocrx_word' id='word_1_765' title='bbox 820 5292 873 5344; x_wconf 87' lang='grc' dir='ltr'>Β.</span> 
     </span>
    </p>
   </div>
   <div class='ocr_carea' id='block_1_113' title="bbox 263 5357 1805 5432">
    <p class='ocr_par' dir='ltr' id='par_1_113' title="bbox 263 5357 1805 5432">
     <span class='ocr_line' id='line_1_113' title="bbox 263 5357 1805 5432; baseline -0.002 -14"><span class='ocrx_word' id='word_1_766' title='bbox 263 5357 386 5432; x_wconf 80' lang='lat'>(99)</span> <span class='ocrx_word' id='word_1_767' title='bbox 428 5357 722 5431; x_wconf 81' lang='lat' dir='ltr'>Interpres</span> <span class='ocrx_word' id='word_1_768' title='bbox 748 5361 846 5416; x_wconf 87' lang='lat' dir='ltr'>hic</span> <span class='ocrx_word' id='word_1_769' title='bbox 877 5376 1124 5432; x_wconf 83' lang='lat' dir='ltr'>prorsus</span> <span class='ocrx_word' id='word_1_770' title='bbox 1155 5357 1434 5432; x_wconf 80' lang='lat' dir='ltr'>dissentit</span> <span class='ocrx_word' id='word_1_771' title='bbox 1471 5376 1506 5416; x_wconf 89' lang='lat' dir='ltr'>a</span> <span class='ocrx_word' id='word_1_772' title='bbox 1549 5359 1682 5414; x_wconf 89' lang='lat' dir='ltr'>meis</span> <span class='ocrx_word' id='word_1_773' title='bbox 1706 5375 1805 5415; x_wconf 91' lang='lat' dir='ltr'>co-</span> 
     </span>
    </p>
   </div>
   <div class='ocr_carea' id='block_1_114' title="bbox 173 5431 1445 5502">
    <p class='ocr_par' dir='ltr' id='par_1_114' title="bbox 173 5431 1445 5502">
     <span class='ocr_line' id='line_1_114' title="bbox 173 5431 1445 5502; baseline -0.006 -11"><span class='ocrx_word' id='word_1_774' title='bbox 173 5431 461 5495; x_wconf 73' lang='lat' dir='ltr'>diCibus.</span> <span class='ocrx_word' id='word_1_775' title='bbox 508 5432 617 5488; x_wconf 88' lang='lat' dir='ltr'>Sed</span> <span class='ocrx_word' id='word_1_776' title='bbox 652 5432 780 5488; x_wconf 66' lang='lat' dir='ltr'>haec</span> <span class='ocrx_word' id='word_1_777' title='bbox 803 5431 976 5488; x_wconf 81' lang='lat' dir='ltr'>lectio</span> <span class='ocrx_word' id='word_1_778' title='bbox 1006 5432 1199 5502; x_wconf 85' lang='lat' dir='ltr'>magis</span> <span class='ocrx_word' id='word_1_779' title='bbox 1230 5431 1445 5502; x_wconf 86' lang='lat' dir='ltr'>placet.</span> 
     </span>
    </p>
   </div>
   <div class='ocr_carea' id='block_1_115' title="bbox 266 5448 1803 5578">
    <p class='ocr_par' dir='ltr' id='par_1_115' title="bbox 266 5448 1803 5578">
     <span class='ocr_line' id='line_1_115' title="bbox 266 5448 1445 5502; baseline -0.006 -12"><span class='ocrx_word' id='word_1_780' title='bbox 266 5448 461 5490; x_wconf 72' lang='lat' dir='ltr'>sinus.</span> <span class='ocrx_word' id='word_1_781' title='bbox 508 5448 617 5488; x_wconf 62' lang='lat' dir='ltr'>seu</span> <span class='ocrx_word' id='word_1_782' title='bbox 652 5448 780 5488; x_wconf 62' lang='lat' dir='ltr'>naso</span> <span class='ocrx_word' id='word_1_783' title='bbox 803 5448 976 5488; x_wconf 83' lang='lat' dir='ltr'>iecuo</span> <span class='ocrx_word' id='word_1_784' title='bbox 1006 5448 1100 5487; x_wconf 88' lang='lat' dir='ltr'>ma</span> <span class='ocrx_word' id='word_1_785' title='bbox 1151 5448 1199 5486; x_wconf 81' lang='grc' dir='ltr'>ιε</span> <span class='ocrx_word' id='word_1_786' title='bbox 1230 5448 1445 5502; x_wconf 74' lang='lat' dir='ltr'>placet.</span> 
     </span>
     <span class='ocr_line' id='line_1_116' title="bbox 266 5448 1803 5578; baseline -0.003 -18"><span class='ocrx_word' id='word_1_787' title='bbox 266 5505 356 5578; x_wconf 87' lang='lat'>(1)</span> <span class='ocrx_word' id='word_1_788' title='bbox 400 5503 484 5560; x_wconf 87' lang='lat' dir='ltr'>Ita</span> <span class='ocrx_word' id='word_1_789' title='bbox 521 5519 592 5559; x_wconf 85' lang='lat' dir='ltr'>ex</span> <span class='ocrx_word' id='word_1_790' title='bbox 641 5503 1069 5576; x_wconf 87' lang='lat' dir='ltr'>Chrysostomo</span> <span class='ocrx_word' id='word_1_791' title='bbox 1108 5448 1355 5568; x_wconf 43' lang='lat' dir='ltr'>gaudat,</span> <span class='ocrx_word' id='word_1_792' title='bbox 1387 5507 1531 5560; x_wconf 89' lang='lat' dir='ltr'>tom.</span> <span class='ocrx_word' id='word_1_793' title='bbox 1568 5501 1711 5573; x_wconf 83' lang='lat' dir='ltr'><strong>VIII,</strong></span> <span class='ocrx_word' id='word_1_794' title='bbox 1743 5519 1803 5575; x_wconf 90' lang='lat' dir='ltr'>p.</span> 
     </span>
    </p>
   </div>
   <div class='ocr_carea' id='block_1_116' title="bbox 530 5599 1192 5657">
    <p class='ocr_par' dir='ltr' id='par_1_116' title="bbox 530 5599 1192 5657">
     <span class='ocr_line' id='line_1_117' title="bbox 530 5599 1192 5657; baseline -0.003 -3"><span class='ocrx_word' id='word_1_795' title='bbox 530 5601 766 5656; x_wconf 72' lang='lat' dir='ltr'>PATBOL.</span> <span class='ocrx_word' id='word_1_796' title='bbox 810 5599 914 5657; x_wconf 78' lang='lat' dir='ltr'>Gn.</span> <span class='ocrx_word' id='word_1_797' title='bbox 951 5599 1192 5656; x_wconf 86' lang='lat' dir='ltr'>CXXIX.</span> 
     </span>
    </p>
   </div>
   <div class='ocr_carea' id='block_1_117' title="bbox 1913 5284 2100 5340">
    <p class='ocr_par' dir='ltr' id='par_1_117' title="bbox 1913 5284 2100 5340">
     <span class='ocr_line' id='line_1_118' title="bbox 1913 5284 2100 5340; baseline -0.005 0"><span class='ocrx_word' id='word_1_798' title='bbox 1913 5284 2019 5340; x_wconf 70' lang='grc'>484</span> <span class='ocrx_word' id='word_1_799' title='bbox 2063 5287 2100 5339; x_wconf 88' lang='lat' dir='ltr'>C</span> 
     </span>
    </p>
   </div>
   <div class='ocr_carea' id='block_1_118' title="bbox 1988 5353 2690 5426">
    <p class='ocr_par' dir='ltr' id='par_1_118' title="bbox 1988 5353 2690 5426">
     <span class='ocr_line' id='line_1_119' title="bbox 1988 5353 2690 5426; baseline 0 -17"><span class='ocrx_word' id='word_1_800' title='bbox 1988 5359 2063 5426; x_wconf 74' lang='grc'>(2)</span> <span class='ocrx_word' id='word_1_801' title='bbox 2109 5354 2343 5410; x_wconf 89' lang='lat' dir='ltr'>Inclusa</span> <span class='ocrx_word' id='word_1_802' title='bbox 2382 5353 2690 5426; x_wconf 75' lang='lat' dir='ltr'>absuntA.</span> 
     </span>
    </p>
   </div>
   <div class='ocr_carea' id='block_1_119' title="bbox 1988 5359 2688 5500">
    <p class='ocr_par' dir='ltr' id='par_1_119' title="bbox 1988 5359 2688 5500">
     <span class='ocr_line' id='line_1_120' title="bbox 1988 5359 2688 5426; baseline 0 -17"><span class='ocrx_word' id='word_1_803' title='bbox 1988 5359 2041 5426; x_wconf 74' lang='grc'>(2</span> <span class='ocrx_word' id='word_1_804' title='bbox 2109 5359 2343 5410; x_wconf 89' lang='lat' dir='ltr'>Inclusa</span> <span class='ocrx_word' id='word_1_805' title='bbox 2382 5359 2688 5410; x_wconf 82' lang='lat' dir='ltr'>absuntA.</span> 
     </span>
     <span class='ocr_line' id='line_1_121' title="bbox 1988 5359 2688 5500; baseline 0.004 -20"><span class='ocrx_word' id='word_1_806' title='bbox 1988 5359 2064 5500; x_wconf 53' lang='lat'>(3;</span> <span class='ocrx_word' id='word_1_807' title='bbox 2105 5427 2336 5482; x_wconf 90' lang='lat' dir='ltr'>Inclusa</span> <span class='ocrx_word' id='word_1_808' title='bbox 2374 5425 2588 5481; x_wconf 88' lang='lat' dir='ltr'>absunt</span> <span class='ocrx_word' id='word_1_809' title='bbox 2617 5431 2688 5484; x_wconf 86' lang='lat' dir='ltr'>A.</span> 
     </span>
    </p>
   </div>
   <div class='ocr_carea' id='block_1_120' title="bbox 3189 5591 3259 5649">
    <p class='ocr_par' dir='ltr' id='par_1_120' title="bbox 3189 5591 3259 5649">
     <span class='ocr_line' id='line_1_122' title="bbox 3189 5591 3259 5649; baseline 0.071 -5"><span class='ocrx_word' id='word_1_810' title='bbox 3189 5591 3259 5649; x_wconf 76' lang='grc'>46</span> 
     </span>
    </p>
   </div>
  </div>
