4022 6232
593 140 728 212 ιιει
1910 144 2255 207 EUTHYMII
2295 144 2625 206 ZIGABENI
3736 150 3821 208 is:

663 281 810 337 Vers
837 282 926 335 22.
967 280 1039 336 Ut
1066 309 1133 319 —
1169 293 1384 335 sumus.
1421 279 1540 335 Hoc
1580 276 1860 350 superius
1885 291 2129 349 quoque
2157 275 2243 330 di-
2275 275 2322 327 Α

592 374 752 427 ctum
779 385 850 425 ac
877 368 1243 425 declaratum
1273 373 1361 424 est
1388 384 1400 423 :
1429 372 1485 423 et
1509 382 1670 423 nunc
1695 366 1853 422 idem
1881 365 2040 430 dicit,
2070 365 2244 421 vehe-

591 463 821 516 menter
843 457 1090 530 cupiens
1116 457 1378 530 imprimi
1406 456 1686 513 cordibus
1707 471 1935 521 eorum,
1960 459 2242 525 tanquam

591 546 852 605 maxime
891 546 1316 603 necessarium.

665 637 826 692 Vers.
862 639 951 691 23.
980 636 1096 706 Ego
1125 666 1195 676 —
1222 650 1324 692 me.
1361 635 1483 705 Ego
1504 634 1566 690 in
1595 634 1678 690 eis
1712 648 1950 703 maneo,
1990 638 2050 688 et
2079 637 2141 688 tu
2181 631 2241 687 in

588 740 707 791 me,
738 724 855 781 hoc
879 729 983 795 est,
1016 739 1127 795 ego
1171 729 1225 780 et
1256 730 1316 780 tu
1347 724 1405 780 in
1437 724 1520 779 eis
1562 739 1891 788 manemus,
1937 721 2239 794 quomodo

589 829 733 886 ergo
759 829 883 870 non
913 829 1015 870 eos
1043 812 1573 870 conservabimus?
1602 812 1756 868 Alibi
1782 826 2019 884 quoque
2049 809 2196 865 dixit
2223 828 2235 865 :

589 903 650 960 Si
676 904 803 976 quis
822 903 1014 975 diligit
1031 919 1140 969 me,
1154 917 1473 960 sermonem
1489 918 1677 959 meum
1699 902 1970 966 servabit,
1985 908 2037 957 et
2057 902 2242 957 Pater

586 1007 739 1049 meus
767 992 968 1063 diliget
988 1008 1139 1059 eum,
1160 1000 1211 1049 et
1226 994 1304 1048 ad
1316 1007 1448 1049 eum
1472 991 1765 1049 veniemus
1788 1006 1859 1047 ac
1879 989 2237 1046 mansionem

587 1083 753 1151 apud
773 1097 899 1138 eum
918 1081 1207 1150 faciemus
1220 1083 1287 1135 ⁵³.
1316 1081 1428 1138 Sed
1451 1095 1563 1149 ego
1582 1079 1829 1152 quidem
1855 1080 1915 1134 in
1927 1079 2010 1133 eis
2033 1078 2239 1134 divino

586 1170 770 1227 modo
798 1173 1042 1242 propter
1068 1170 1271 1237 ﬁdem,
1304 1175 1367 1226 tu
1396 1184 1537 1226 vero
1558 1169 1621 1225 in
1654 1184 1748 1224 me
1774 1173 2026 1241 paterno
2054 1167 2237 1223 modo

586 1263 827 1334 propter
855 1263 1154 1317 naturam.

2423 273 2534 327 Ἵνα
2619 305 2690 314 —
2763 271 2936 344 ἐσμέν.
3011 279 3175 325 Τοῦτο
3245 278 3331 325 καὶ
3400 271 3607 348 ἀνωτέρω
3670 277 3825 347 εἴρηται,

2351 368 2438 415 καὶ
2468 365 2809 438 ἡρμήνευται,
2856 362 2873 433 [
2927 366 3028 415 Καὶ
3064 369 3153 413 νῦν
3179 363 3253 433 (4)
3307 358 3364 414 δὲ
3406 370 3541 414 τοῦτο
3589 362 3717 433 λέγει,
3748 372 3831 435 σφι-

2353 448 2457 524 δρα
2490 459 2643 504 τοῦτο
2674 450 2982 525 βουλόμενος
3029 450 3209 504 ἱνείνάι
3254 456 3442 518 αὐτοῖς,
3486 454 3548 512 ὡς
3574 448 3834 524 iamcum-

2352 560 2435 593 τον
2445 580 2457 593 ο

2420 631 2550 701 Ἐγὼ
2596 661 2659 670 -—
2712 629 2845 701 ἐμοί.
2898 629 3031 700 Ἐγώ
3088 628 3136 681 ἐν
3189 628 3359 689 αὐτοῖς
3407 632 3544 701 μένω,
3596 634 3673 681 καὶ
3714 632 3763 681 σὺ
3806 629 3839 682 ἐν

2350 716 2481 790 ἐμοὶ,
2515 722 2805 783 τουτέστιν,
2835 716 2935 789 ἐγὼ
2980 722 3070 769 καὶ
3112 722 3177 770 σὺ
3225 717 3271 769 ἐν
3325 718 3487 779 αὐτοῖς
3546 722 3740 789 μένομεν,
3783 728 3841 770 καὶ

2348 816 2453 869 πῶς
2495 808 2555 859 οὐ
2594 811 2986 879 συντηρήσομεν
3021 806 3098 878 (5)
3147 810 3327 868 αὐτούς
3366 823 3379 873 ;
3425 806 3542 879 [Καὶ
3581 805 3773 877 ἄλλοιχού
3804 803 3844 858 δε

2350 898 2548 969 εἴρηκεν
2621 912 2634 927 ⁸
2694 897 2813 949 Ἐάν
2886 916 2967 957 τις
3045 894 3224 968 ἀγαπᾷ
3299 914 3379 968 με,
3464 899 3542 947 τόν
3596 894 3724 966 λόγον
3776 915 3848 965 μου

2347 992 2587 1061 τηρήσει,
2657 991 2748 1039 καὶ
2805 987 2830 1038 ό
2905 990 3087 1059 Πατήρ
3143 1005 3241 1058 μου
3295 983 3536 1054 ἀγαπήσει
3588 984 3736 1049 αὑτὸν,
3786 988 3846 1034 καὶ

2347 1079 2473 1150 πρὸς
2552 1075 2704 1128 αὐτὸν
2766 1074 3100 1147 ἐλευσόμεθα,
3189 1080 3276 1126 καὶ
3356 1077 3502 1145 μονὴν
3572 1074 3679 1146 παρ’
3749 1072 3851 1139 αὐτῷ

2348 1169 2654 1236 ποιήσομεν.
2709 1162 2847 1219 Ἀλλ’
2927 1162 3027 1235 ἐγὼ
3267 1165 3316 1214 ὲν
3364 1165 3524 1220 αὐτοῖς
3608 1163 3849 1224 θεοπρεπῶς,

2351 1250 2445 1306 διὰ
2484 1258 2576 1312 τὴν
2622 1258 2803 1306 πίστιν
2829 1269 2841 1281 ·
2878 1256 2943 1304 σὺ
2971 1250 3031 1305 δὲ
3059 1251 3109 1304 ἐν
3138 1251 3251 1324 ἐμοὶ
3279 1258 3640 1325 πατροπρεπῶς,
3682 1245 3758 1302 διὰ
3786 1254 3853 1307 τὴν

2350 1342 2556 1416 φύσιν.)

2418 1432 2529 1485 Ἱνα
2566 1464 2634 1473 —
2673 1433 2744 1487 ἓν.
2830 1432 2912 1493 Εἰς

2349 1524 2450 1597 γὰρ
2517 1524 2547 1580 ἡ
2633 1524 2838 1584 στάσις
2897 1518 3099 1574 διαλύει
3142 1519 3326 1584 οὕτως,

654 1439 818 1493 Vers.
869 1436 957 1491 23.
991 1438 1061 1493 Ut
1087 1468 1156 1478 —
1205 1453 1416 1495 unum.
1447 1437 1511 1492 In
1542 1436 1851 1503 unitatem,
1892 1435 1954 1491 in
1997 1450 2234 1493 concor-

2418 1432 2529 1485 Ἱνα
2566 1464 2634 1473 -
2673 1433 2744 1487 ἓν.
2830 1432 2912 1493 Εἰς
2978 1432 3179 1497 ἕνωσιν,
3257 1429 3329 1490 εἰς
3406 1430 3641 1500 ὁμόνοιαν.
3705 1426 3856 1498 Ὠσπερ

585 1523 761 1581 diam.
792 1525 1308 1590 Quemadmodum
1325 1525 1485 1581 enim
1512 1524 1720 1581 seditio
1749 1523 2037 1591 dissolvit,
2073 1524 2154 1581 sic
2185 1530 2243 1581 et

584 1614 905 1671 concordia
929 1620 1274 1686 congregat.

650 1704 811 1759 Vers.
837 1703 923 1759 23.
967 1704 1041 1759 Et
1083 1734 1151 1744 —-
1193 1705 1423 1760 miseris
1460 1704 1569 1775 (Η-
1613 1703 1891 1775 Superius
1928 1704 2106 1759 etiam
2150 1702 2241 1757 di-

579 1797 746 1848 xerat
781 1808 792 1847 :
827 1793 899 1849 Ut
925 1794 1176 1848 mundus
1198 1794 1421 1859 credat,
1451 1809 1542 1850 me
1562 1808 1599 1849 a
1633 1799 1688 1849 te
1712 1793 1951 1848 missum
1976 1806 2097 1848 esse
2117 1794 2187 1846 ⁸³.
2223 1807 2244 1878 )

582 1881 800 1937 Iterum
832 1897 972 1953 ergo
1021 1882 1184 1937 idem
1220 1881 1382 1947 dicit,
1413 1887 1477 1937 ut
1506 1883 1735 1938 ﬁrmius
1774 1882 2102 1937 concordes
2127 1882 2243 1936 sint

579 1971 855 2027 certiores
880 1969 1069 2027 eﬂ'ecti
1100 1971 1263 2042 quod
1290 1988 1360 2028 ac
1384 1972 1645 2028 maxime
1673 1970 1749 2027 ad
1778 1971 1955 2025 ﬁdem
1982 1967 2243 2026 attrahat

577 2059 873 2116 homines.

651 2148 812 2204 Vers.
846 2148 933 2205 23.
967 2149 1127 2206 Et—
1155 2150 1439 2207 dilexisti.
1475 2152 1625 2206 Nam
1660 2149 1897 2222 signum
1926 2148 2034 2204 fuit
2064 2147 2242 2203 dilec-

580 2239 753 2294 tionis
781 2253 1006 2305 eorum,
1060 2240 1225 2311 quod
1271 2255 1379 2294 nec
1406 2239 1651 2312 proprio
1698 2239 1836 2293 Filio
1870 2243 1973 2294 tuo
2002 2243 2241 2309 propter

578 2341 680 2382 eos
709 2327 1063 2399 peperceris.
1097 2327 1197 2383 Hic
1216 2344 1459 2401 quoque
1481 2328 1661 2384 dictio
1690 2328 1866 2391 sicut,
1898 2341 2019 2382 non
2042 2341 2239 2399 aequa-

578 2414 822 2475 litatem.
875 2415 980 2471 sed
1033 2415 1479 2473 similitudinem
1537 2416 1872 2489 quamdam
1920 2414 2236 2485 signiﬁcat,

578 2504 1162 2575 quemadmodumin
1193 2505 1669 2579 praecedentibus
1694 2504 2084 2561 ostendimus.
2114 2506 2241 2561 Fre-

578 2597 829 2666 quenter
858 2599 1060 2651 autem
1092 2595 1206 2652 hoc
1230 2596 1420 2668 ponit,
1455 2594 1779 2651 consolans
1817 2610 1919 2650 eos
1951 2609 2058 2665 per
2080 2594 2237 2649 simi-

577 2682 889 2740 litudinem
909 2700 1095 2756 quam
1109 2685 1461 2757 ergaipsum
1476 2684 1700 2741 habent
1719 2688 1774 2740 et
1786 2682 2069 2740 ﬁduciam
2086 2698 2233 2755 pree-

575 2771 745 2828 hens.

649 2861 741 2916 Ad
783 2860 945 2918 hunc
984 2878 1178 2936 usque
1212 2862 1409 2919 locum
1447 2862 1522 2918 de
1552 2862 1863 2918 dilectione
1894 2878 1963 2919 ac
1994 2879 2233 2919 concor-

578 2949 677 3006 dia
708 2966 1044 3007 sermonem
1075 2953 1376 3008 extendit:
1407 2952 1688 3024 deinceps
1731 2968 1873 3007 vero
1904 2952 1978 3007 de
2012 2951 2230 3008 braviis
2272 2989 2311 3045 Ο

574 3055 816 3112 quoque
830 3045 885 3095 et
902 3043 1139 3097 coronis
1152 3041 1408 3107 disserit,
1425 3058 1556 3114 quas
1570 3057 1680 3113 por
1691 3045 2028 3110 presentem
2046 3041 2229 3097 vitam

577 3126 691 3183 illis
741 3130 1006 3201 reposita
1060 3135 1217 3200 sunt,
1266 3135 1327 3187 ut
1370 3130 1723 3203 ampliorem
1774 3134 2017 3187 sumant
2076 3129 2226 3186 ﬁdu-

576 3233 727 3274 ciam
739 3260 752 3274 .

648 3309 806 3365 Vers.
848 3308 937 3364 24.
966 3309 1152 3366 Pater
1196 3340 1267 3351 —
1315 3324 1563 3366 meeum.
1622 3309 1684 3363 In
1724 3323 1912 3380 regno
1959 3307 2231 3365 videlicet

574 3401 1013 3469 conregnantes
1032 3398 1197 3454 mihi.

644 3487 806 3542 Vers.
834 3488 930 3544 24.
968 3488 1039 3544 Ut
1064 3519 1132 3529 —
1160 3486 1326 3544 mihi.
1356 3486 1612 3543 Gloriam
1656 3484 2003 3552 divinitatis,
2043 3500 2228 3557 quam

572 3574 790 3632 dedisti
840 3575 1006 3641 mihi,
1054 3592 1175 3631 non
1216 3580 1500 3648 tanquam
1541 3575 1756 3631 minori
1797 3580 1897 3630 aut
1934 3575 2229 3646 posterius

573 3663 792 3733 genito,
823 3663 927 3717 sed
974 3667 1266 3736 tanquam
1318 3663 1702 3736 principium,
1748 3664 1873 3718 sive
1923 3662 1973 3717 is
1998 3664 2100 3734 qui
2135 3679 2229 3719 me

572 3751 794 3821 genuit.
835 3751 1088 3816 Quando
1116 3758 1316 3807 autem
1345 3751 1505 3806 dedit
1532 3751 1560 3806 ?
1592 3750 1842 3816 Quando
1875 3750 2093 3807 scilicet
2131 3767 2227 3821 ge-

569 3841 716 3896 nuit.
750 3840 1001 3907 Quando
1027 3856 1169 3896 vero
1204 3841 1460 3912 genuit?
1520 3840 1781 3906 Quaestio
1832 3842 2075 3913 quando
2113 3841 2228 3897 hoc

571 3928 761 3997 fuerit,
784 3945 1122 3986 sermonem
1140 3928 1996 4001 habetincomprehensibilem
2018 3946 2031 3997 ;
2050 3930 2158 3986 sim
2170 3940 2226 3996 ιη

570 4019 728 4075 enim
775 4024 832 4076 et
877 4024 1002 4076 erat
1049 4024 1106 4076 et
1159 4019 1406 4089 genuit:
1453 4035 1561 4074 nec
1612 4018 1721 4073 fuit
1781 4022 2041 4089 tempus,
2105 4036 2226 4092 quo

570 4108 744 4165 Pater
758 4114 904 4180 erat,
935 4114 990 4166 et
1016 4124 1137 4165 non
1165 4113 1291 4164 erat
1321 4113 1508 4164 Pater.
1556 4108 1705 4173 Quia
1744 4112 1944 4163 autem
1974 4108 2224 4164 verbum

570 4198 819 4265 Dedisti,
839 4214 977 4255 cum
992 4199 1065 4254 sit
1077 4213 1207 4253 sese
1221 4197 1604 4262 demittentis,
1623 4196 1988 4269 quibusdam
2005 4200 2226 4269 paritu-

567 4302 705 4343 rum
735 4292 861 4344 erat
876 4286 1322 4352 offendiculum,
1354 4302 1475 4358 quo
1506 4285 1799 4341 videretur
1826 4285 2224 4342 minoritatem

569 4376 792 4433 addere
821 4376 984 4443 Filio,
1025 4374 1164 4432 huic
1205 4390 1447 4448 quoque
1478 4375 1746 4430 medetur
1770 4373 1976 4430 dicens
2004 4390 2017 4429 :

641 4466 811 4522 Vers.
835 4468 929 4523 24.
970 4465 1117 4532 Quia
1148 4496 1210 4507 -—
1236 4464 1541 4522 mundum.
1564 4466 1680 4519 Hoc
1703 4467 1791 4519 est
1822 4469 1956 4520 ante
1982 4464 2219 4520 saecula.

573 4556 723 4610 Nam
762 4555 844 4611 ita
888 4554 1220 4625 signiﬁcare
1269 4553 1418 4610 solet
1467 4553 1761 4624 Scriptura
1804 4553 2217 4612 aeternitatem.

571 4644 700 4699 Non
729 4642 877 4699 dixit
924 4649 1145 4710 autem,
1181 4645 1250 4700 Ut
1294 4643 1409 4699 sint
1433 4640 1755 4715 participes
1796 4641 1997 4712 gloriae
2047 4659 2212 4709 meae,

570 4730 676 4787 sed
705 4731 778 4789 Ut
803 4732 1064 4789 videant.
1094 4732 1244 4788 Illud
1274 4748 1534 4805 namque
1564 4746 1746 4803 supra
1770 4730 2007 4787 illorum
2031 4730 2214 4788 facul-

568 4824 752 4879 tatem
786 4824 909 4877 erat
942 4840 955 4882 :
989 4821 1098 4878 hoc
1127 4837 1264 4878 vero
1291 4826 1414 4878 tota
1435 4821 1669 4877 illorum
1699 4820 1896 4878 fruitio
1913 4825 2019 4888 est,
2046 4820 2214 4895 quod

3407 1520 3433 1575 ὁ
3487 1522 3725 1589 συμφωνία
3767 1534 3858 1585 συγ-

2279 1634 2323 1686 B
2351 1618 2542 1685 κροτεῖ.

2427 1705 2527 1753 Καὶ
2557 1730 2623 1741 --
2669 1697 2992 1759 απεστειλας.
3047 1697 3175 1771 [Καὶ
3217 1696 3295 1769 (6)
3363 1695 3579 1769 ἀνωτέρω
3613 1692 3725 1747 εἶπεν
3752 1694 3860 1745 ’Ἵνα

2354 1793 2598 1862 όκόσμος
2625 1792 2881 1861 πιστεύσῃ
2913 1789 2992 1839 ὅτι
3033 1790 3099 1839 σύ
3138 1805 3203 1858 με
3265 1783 3573 1845 ἀπέστειλας.
3600 1784 3616 1854 ]
3648 1782 3777 1835 Πάλιν
3796 1778 3858 1832 οὖν

2352 1884 2411 1932 τό
2443 1879 2569 1931 αὐτό
2600 1896 2758 1950 φησιν
2793 1876 2921 1950 [ἶνα
2954 1874 3177 1948 βεϐαίως
3205 1875 3283 1942 (7)
3315 1875 3577 1945 ὀμονοῶσι,
3606 1871 3861 1945 πληροφορπ·

2355 1970 2514 2029 θέντες
2546 1969 2626 2019 ὅτι
2656 1974 2805 2019 τοῦτο
2849 1964 3037 2038 μᾶλλον
3072 1968 3202 2039 πρός
3228 1968 3407 2016 πίστιν
3455 1961 3755 2013 ἐπισπάσεται
3777 1964 3859 2017 τοὺς

2353 2054 2700 2131 ἁνθρὼπους.]

2423 2150 2619 2198 Καὶ-
2656 2145 2960 2215 ἠγάπησας.
3005 2145 3299 2216 Τεκμήριον
3327 2142 3424 2212 γὰρ
3480 2146 3569 2199 τῆς
3607 2136 3855 2208 icimur}-

2348 2243 2469 2300 τῶν,
2503 2238 2561 2287 τό
2609 2229 2747 2307 μηδέ
2775 2239 2863 2285 τοῦ
2906 2228 3046 2284 ἰδίου
3081 2250 3175 2283 σου
3206 2232 3334 2282 Υὶοῦ
3368 2228 3632 2302 φείσασθαι
3657 2227 3758 2297 ὑπερ
3795 2223 3858 2275 αὖ·

2347 2332 2464 2377 τῶν.
2502 2321 2781 2376 Κάνταῦθα
2807 2318 2864 2375 δὲ
2901 2324 2956 2372 τό
2987 2322 3177 2390 καθὼς,
3213 2319 3313 2370 οὐκ
3345 2318 3574 2384 ἰσότητα²
3608 2314 3696 2366 ἀλλ’
3722 2316 3852 2384 ὁμοίως

2350 2418 2430 2467 σίν
2471 2433 2587 2465 τινα
2617 2409 2791 2476 δηλοῖ,
2844 2412 3078 2484 καθάπερ
3127 2407 3472 2483 προλαϐόντες
3510 2403 3849 2477 «spectatissi-

2346 2505 2499 2576 μεθα.
2534 2501 2751 2568 [Τίθησι
2781 2500 2858 2571 (8)
2901 2495 2958 2553 δὲ
2983 2506 3134 2551 τοῦτο
3177 2506 3438 2569 συνεχῶς,
3486 2494 3855 2567 παραμαϐσὲξιενθς

2346 2590 2534 2653 αὐτοὺς
2566 2587 2661 2643 διὰ
2685 2598 2775 2651 τῆς
2804 2592 2931 2664 πρὸς
2963 2588 3144 2641 ἑαυτὸν
3176 2588 3475 2659 ὁμοιώσεως
3496 2588 3580 2636 καὶ
3606 2580 3769 2656 θαρρεῖν
3790 2595 3858 2628 πα-

2344 2684 2536 2754 ρέχων.

2414 2861 2591 2932 Μέχρι
2621 2859 2806 2909 τούτου
2837 2857 2903 2908 τὰ
2938 2859 3056 2929 περὶ
3105 2874 3319 2926 αγαπης
3343 2858 3434 2906 καὶ
3458 2854 3673 2924 ὁμονοίας
3689 2850 3859 2921 περατόν

2346 2966 2461 3011 σας,
2493 2944 2790 3018 διαλέγεται
2807 2945 2986 2997 λοιπὸν
3008 2948 3097 2995 καὶ
3111 2949 3225 3016 περὶ
3260 2952 3362 2995 τῶν
3393 2944 3518 3015 μετὰ
3544 2944 3627 2997 τὴν
3654 2942 3859 3011 παροῦσαν

2345 3038 2481 3098 ζωὴν
2513 3034 2857 3107 ἀποκειμένων
2904 3034 3082 3096 αὐτοῖς
3125 3032 3392 3108 βραϐεἰων
3420 3035 3506 3084 καὶ
3536 3029 3772 3101 στεφάναι,
3803 3026 3861 3075 ἶνα

2340 3125 2488 3179 πλέον
2522 3124 2874 3201 θαρρήσουσι]

2412 3306 2578 3379 Πάτερ
2607 3334 2675 3344 —
2704 3302 2848 3376 ἐμοῦ.
2878 3303 2960 3356 Ἐν
2983 3309 3044 3374 τῇ
3071 3299 3326 3375 βασιλείᾳ
3355 3320 3471 3365 σου,
3502 3296 3733 3363 δηλονότι,
3760 3311 3861 3361 σιμ·

2340 3392 2696 3454 ϐασιλεύοντές
2724 3411 2835 3465 μοι.

2408 3481 2519 3535 Ἵνα
2550 3514 2616 3522 -—
2639 3501 2752 3555 μοι.
2799 3485 2905 3539 Τὴν
2951 3476 3111 3542 δόξαν
3169 3486 3275 3543 τῆς
3306 3481 3561 3539 θεότητος,
3600 3475 3652 3533 ἣν
3688 3469 3863 3527 δέδωκάς

2338 3590 2445 3643 μοι,
2480 3571 2585 3644 οὐχ
2641 3573 2711 3631 ὡς
2758 3569 2983 3622 ἐλάττονι
3020 3569 3050 3628 ἣ
3083 3570 3434 3641 ὑστέρα-γένεϊ,
3476 3565 3576 3619 ἀλλ’
3624 3567 3683 3625 ὡς
3728 3562 3860 3617 αἴτιος,

2288 3674 2295 3682 ”
2340 3665 2505 3713 εἶτουν
2556 3663 2621 3721 ὡς
2658 3678 2912 3732 γεννησας
2944 3676 3026 3731 με.
3072 3658 3229 3727 [Πότε
3263 3658 3342 3730 (9)
3400 3653 3459 3709 δε
3500 3651 3702 3708 δέδωκεν
3734 3667 3746 3715 ;
3775 3648 3863 3698 Ὀτε

2339 3747 2580 3808 δηλονότι
2643 3754 2913 3821 γεγέννηκε
2972 3764 2990 3782 ο
3055 3752 3178 3800 πότε
3247 3744 3312 3799 δε
3367 3749 3647 3818 γεγέννηκεν
3700 3737 3861 3806 ς’ϊπὲρ

2338 3844 2395 3892 τὸ
2448 3846 2569 3892 πότι
2626 3842 2683 3892 τὸ
2757 3841 3018 3912 ἐρώτημα,
3085 3840 3173 3888 καὶ
3210 3836 3239 3888 ὁ
3278 3835 3434 3908 λόγος
3473 3833 3730 3906 ἀνέφικτος.
3763 3826 3866 3897 ita»:

2335 3933 2436 4005 γὰρ
2485 3933 2574 3981 καὶ
2634 3925 2715 3995 ἧν,
2766 3930 2851 3979 καὶ
2903 3930 3194 3999 γεγέννηκε,
3280 3931 3374 3977 καὶ
3428 3924 3520 3976 οὐκ
3574 3919 3645 3988 ἦν,
3693 3920 3760 3971 ὅτι
3796 3912 3862 3966 οὐκ

2337 4016 2398 4077 ἦν
2457 4023 2632 4090 Πατὴρ
2690 4018 2716 4068 ό
2770 4021 2971 4090 Πατήρ.
3030 4016 3175 4068 Ἐπεὶ
3268 4011 3332 4067 δε
3387 4016 3444 4066 τὸ
3497 4009 3726 4077 ..ὶέὃωκιις⁷
3778 4023 3865 4090 rq-

2334 4107 2682 4161 καταϐατικόν
2739 4106 2815 4173 ὃν,
2878 4102 3048 4178 ἔμελλέ
3095 4123 3209 4156 τισι
3255 4109 3450 4156 τίκτειν
3509 4095 3779 4161 σκάνδαλον,
3804 4088 3864 4143 δο-

2334 4206 2457 4251 κοῦν
2514 4197 2793 4250 ἐλάττωσιν
2838 4195 3138 4268 περιάπτειν
3172 4200 3247 4265 τῷ
3307 4195 3437 4265 Υἱῷ,
3483 4191 3723 4266 θεραπεύει
3752 4188 3862 4235 wife

2256 4352 2302 4407 Β
2333 4286 2491 4359 )έγων
2530 4287 2567 4357 ⁸]

2402 4465 2523 4519 Ὀτι
2572 4495 2642 4507 --
2691 4468 2912 4536 κόσμου.
2962 4465 3235 4530 Τουτέστι,
3307 4463 3411 4534 πρὸ
3496 4459 3691 4512 αἰώνων.
3752 4450 3861 4504 03:»

2330 4557 2432 4629 ’γὰρ
2479 4557 2508 4613 ἦ
2552 4557 2726 4628 Γραφὴ
2758 4549 2915 4611 δηλοῖ
2938 4555 2996 4604 τὸ
3028 4547 3235 4612 ἆὶδὶως.
3270 4551 3389 4604 Οὐκ
3420 4546 3525 4603 εἶπε
3548 4544 3620 4614 δε,
3650 4546 3721 4597 ἵνα
3759 4540 3857 4614 μετέ-

2326 4663 2473 4715 χωσι
2515 4652 2606 4705 τῆς
2651 4639 2807 4705 δόξης
2862 4649 2957 4704 τῆς
3004 4639 3153 4713 ipsa,
3204 4638 3318 4691 ἀλλ’
3377 4639 3491 4694 Ἵνα
3550 4640 3768 4709 θεωρῶσι.
3808 4629 3853 4677 τε

2324 4737 2414 4806 μεν
2456 4736 2555 4806 γὰρ
2622 4734 2747 4804 ὑπὲρ
2793 4731 2983 4792 αὐτοὺς
3030 4727 3111 4793 ἦν,
3193 4731 3254 4781 τὸ
3337 4725 3398 4783 δέ
3449 4734 3591 4783 πᾶσα
3634 4719 3853 4776 ἀπόλαυσις

2324 4821 2515 4889 αὐτοῖς,
2546 4821 2571 4875 ὃ
2597 4826 2686 4876 καὶ
2717 4820 2920 4884 Παῦλος
2968 4837 3122 4894 φησιν
3166 4832 3182 4849 ⁸
3236 4818 3713 4890 ’Δνακεκαλυμμένῳ
3734 4822 3849 4881 spee-

640 4975 882 5032 σηοω.
911 4989 1032 5039 xw,
1072 4973 1161 5028 23.
1280 4976 1327 5009 ⁵³
1370 4974 1541 5031 Joan.
1573 4989 1711 5038 xvu,
1746 4977 1833 5028 2i.

1763 5151 1988 5222 Variae
2036 5152 2363 5223 lectiones
2405 5163 2470 5222 et
2522 5162 2723 5222 notae.

2514 5347 2748 5405 Inclusa
2778 5346 3005 5404 absunt
3042 5346 3109 5402 A.

2528 5419 2765 5476 Inclusa
2804 5418 3024 5475 absunt
3051 5420 3120 5476 Α.

2524 5492 2759 5551 Inclusa
2784 5491 3002 5549 absunt
3024 5491 3094 5549 Α.

2429 5350 2457 5403 7

638 5352 715 5425 (4)
743 5350 973 5409 Inclusa
1016 5347 1234 5406 omittit
1265 5352 1331 5404 A.

638 5425 714 5493 (5)
796 5427 1202 5493 Συντηρήσωμεν
1277 5424 1343 5475 Α.
1418 5419 1578 5476 Idem
1654 5437 1798 5478 mox
1862 5417 2081 5479 omittit
2129 5422 2221 5479 in-
2406 5350 2426 5493 (

1418 5419 1578 5476 Idem
1654 5437 1798 5478 mox
1862 5417 2081 5479 omittit
2129 5422 2221 5479 in-

638 5425 714 5498 (5)
796 5427 1202 5499 Συντηρήσωμεν
1277 5424 1343 5475 Α.

565 5494 729 5651 01%;;
737 5537 977 5629 Inclusa
1007 5564 1291 5624 omiserat
1316 5562 1674 5624 Hentenius’
