4022 6232
180 262 324 330 1453
1158 266 1520 328 COMMENT.
1564 270 1632 325 IN
1670 266 2024 325 JOANNEM.
2068 299 2134 309 —
2174 265 2329 325 CAP.
2368 254 2571 326 xvm.
3413 268 3544 328 ιιδε

180 420 306 471 ωπῳ
382 404 478 459 τὴν
564 395 723 462 δόξαν
827 403 1021 471 Κυρίου
1112 397 1593 471 κατοπτριζόμενοι.
1680 401 1768 449 Ms

1954 402 2073 458 iam
2099 401 2242 459 dicit
2268 403 2485 459 Paulus
2517 420 2531 459 :
2563 405 2793 461 Detecta
2820 403 2971 475 facie
2994 403 3246 476 gloriam
3275 404 3380 462 Dei
3409 422 3540 462 con-

178 491 342 559 γέστη
414 490 518 561 γὰρ
587 492 740 551 ὅντως
816 484 966 555 δόξα,
1049 490 1107 540 τό
1185 489 1387 561 θεωρεῖν
1443 490 1537 543 τὴν
1623 480 1766 547 δόξαι

1953 493 2235 563 mplantes
2266 492 2334 548 εδ.
2370 492 2673 565 Siquidem
2704 508 2841 551 vere
2887 493 3155 550 maxima
3197 499 3283 550 est
3333 495 3541 566 gloria,

181 575 367 633 αὐτοῦ.

1895 580 2025 652 ejus
2057 580 2251 636 videre
2283 580 2557 651 gloriam.

259 668 428 739 Πάτερ
488 661 676 721 δίκαιε.
738 670 944 720 Δίκαιον
1002 665 1157 718 αὐτὸν
1210 664 1347 737 λέγει
1401 670 1511 727 νῦν,
1588 664 1653 723 ὡς
1710 663 1787 714 θέ-

1968 671 2125 725 Vers.
2158 673 2247 725 25.
2290 670 2467 726 Pater
2489 673 2669 741 juste.
2720 672 2956 727 Justum
3001 687 3140 728 eum
3180 688 3335 728 nunc
3382 673 3542 741 dicit,

180 752 355 821 λοντα,
414 759 486 827 μὴ
541 760 720 828 μόνοις
765 752 1068 820 Ἰουδαίοις,
1107 754 1235 807 ἀλλὰ
1280 759 1442 807 πᾶσιν
1500 751 1768 827 ἅνθρωποι.

1959 762 2095 831 pote
2124 758 2426 815 volentem
2458 775 2580 816 non
2610 776 2647 816 a
2676 760 2817 816 solis
2844 762 3086 830 Judaais,
3120 776 3328 817 verum
3366 762 3546 819 etiam

185 839 594 914 ἐπιγνωσθῆναι,
637 846 721 898 ἵνα
773 846 953 906 πάντες
1007 844 1298 911 σώζωνται,
1355 847 1445 894 καὶ
1490 837 1673 914 μηδεὶς
1712 837 1773 893 δι

1958 847 2287 904 )omnibus
2326 848 2676 905 hominibus
2719 849 2992 920 agnosci,
3039 853 3104 906 ut
3144 865 3358 905 omnes
3397 850 3546 907 salvi

183 933 402 1004 ἄγνοιαν
431 931 709 992 ἀπόληται.
741 941 905 988 Τοῦτο
932 933 1043 1006 (10)
1064 935 1166 1008 γὰρ
1196 931 1488 1008 ἀκροτάτης
1515 928 1771 984 δικαιοσύ‹

1959 941 2118 1002 irent,
2167 940 2227 992 et
2254 937 2453 993 nullus
2498 954 2605 1010 per
2652 937 3053 1009 ignorantiam
3102 938 3358 1011 periret:
3402 955 3547 996 nam

184 1040 280 1082 νης
300 1025 391 1073 καὶ
422 1020 766 1094 ἁγαθότητος.

1895 1025 1953 1082 id
1984 1031 2258 1082 extremae
2282 1026 2522 1096 justitiae
2552 1031 2639 1083 est
2670 1042 2739 1083 ac
2769 1027 3073 1083 bonitatis.

265 1114 458 1164 Καὶ-
487 1113 635 1184 ἱγνω.
673 1110 755 1185 [⁸0
800 1115 893 1186 μὶν
945 1112 1094 1176 ἄλλος
1123 1113 1234 1185 (li)
1292 1116 1506 1185 κόσμος,
1560 1105 1676 1163 οὐδ’
1731 1110 1786 1162 ὅ·

1967 1116 2128 1171 Vers.
2170 1116 2259 1172 25.
2281 1116 2363 1171 Et
2389 1146 2455 1155 —
2495 1116 2774 1188 cognovit.
2815 1115 3065 1173 Gentiles
3108 1115 3350 1188 quidem
3387 1115 3547 1173 nullo

184 1198 288 1262 λως
316 1199 456 1272 (12)’
487 1202 535 1253 οἱ
566 1197 626 1255 δε
660 1198 907 1255 Ἰουδαῖοι
961 1202 1095 1276 (13),
1153 1206 1359 1276 Πατέρα
1410 1220 1532 1274 μου,
1585 1195 1679 1252 διὰ
1728 1200 1772 1251 τί

1962 1203 2103 1273 odo,
2125 1220 2264 1260 cum
2286 1203 2542 1261 adorent
2572 1204 2770 1277 idola;
2801 1205 2990 1261 Judaei
3021 1220 3159 1261 vero
3180 1220 3298 1260 non
3334 1220 3547 1276 cogno-

187 1286 556 1363 έθελοκακεῖν.]

1960 1298 2105 1350 ιτυειῑ
2135 1297 2209 1359 te,
2241 1293 2389 1367 quia
2408 1297 2621 1367 sponte
2650 1298 2992 1367 peccantes,
3020 1298 3244 1366 negant
3264 1298 3319 1350 te
3344 1309 3548 1351 meum

1898 1397 2024 1439 esse
2056 1384 2313 1440 Patrem.

264 1468 406 1542 Ἐγὼ
431 1502 498 1510 -
525 1472 697 1542 ἔγνων.
732 1473 910 1528 Φύσει.
1302 1517 1306 1521 .

1968 1473 2128 1528 Vers.
2160 1473 2249 1529 25.
2279 1472 2402 1543 Ego
2433 1505 2501 1515 —
2533 1474 2798 1545 cognovi.
2830 1475 3072 1529 Natura.

266 1564 368 1612 Καὶ
406 1591 474 1601 -
502 1558 823 1621 ἀπέστειλας,
854 1562 921 1614 Οἱ
949 1562 1184 1633 μαθηταί
1226 1580 1326 1635 μου
1359 1562 1586 1633 ἔγνωσαν
1616 1566 1786 1629 τοῦτο,

1968 1560 2129 1617 Vers.
2158 1561 2247 1616 25.
2274 1561 2349 1616 Et
2374 1593 2443 1601 —
2472 1562 2699 1619 misisti.
2731 1561 3007 1633 Discipuli
3037 1561 3155 1618 mei
3183 1562 3299 1618 hoc
3326 1576 3550 1632 cogno-

188 1646 278 1721 ἀφ’
309 1649 378 1701 ὧν
405 1647 545 1702 εἶπον
573 1655 664 1702 καί⁵
693 1649 891 1725 ἔπραξα
921 1651 1232 1726 θεοπρεπῶς.

1963 1655 2113 1706 :runt
2140 1666 2209 1706 ex
2242 1650 2337 1707 his
2364 1667 2498 1724 quae
2529 1667 2633 1708 eos
2660 1651 2859 1717 docui,
2887 1655 2945 1707 et
2973 1651 3176 1708 divino
3202 1651 3383 1708 modo
3412 1667 3551 1725 ope-

1824 1745 1871 1802 B
1899 1744 2066 1795 ratus
2092 1755 2250 1795 sum.

268 1831 372 1881 Καὶ
415 1859 484 1868 -
540 1847 654 1883 σου.
704 1831 774 1881 Τό
822 1835 918 1891 τῆς
976 1832 1314 1902 πατρότητος.
1348 1835 1528 1882 Ταῦτα
1564 1829 1677 1898 (14)
1732 1825 1791 1882 δε

1971 1829 2134 1884 Vers.
2161 1830 2251 1885 26.
2299 1829 2379 1885 Et
2407 1860 2476 1869 —
2507 1835 2696 1885 tuum.
2738 1831 2967 1886 Nomen
2996 1829 3384 1902 paternitatis.
3420 1832 3553 1886 Haec

190 1920 287 1969 καὶ
342 1915 577 1993 ἀνωτέρω
634 1920 827 1992 εἴρηκέ,
881 1922 971 1972 καὶ
1020 1925 1108 1970 νῦν
1135 1917 1273 1990 λέγει
1309 1917 1462 1972 πάλιν
1493 1916 1778 1991 ἐπαναλαμ-

1967 1922 2102 1973 item
2132 1918 2311 1974 etiam
2349 1918 2627 1992 superius
2657 1917 2825 1984 dixit,
2867 1921 2925 1973 et
2953 1932 3114 1974 nunc
3142 1920 3355 1975 iterum
3391 1933 3555 1989 repe-

192 2005 382 2061 Gaium.

1902 2011 2085 2064 tendo
2114 2006 2273 2064 dicit.

271 2100 372 2149 Καὶ
420 2100 681 2170 γνωρίσω.
742 2096 861 2149 Ἐπὶ
909 2096 1056 2150 πλέον
1116 2093 1210 2150 διὰ
1259 2104 1352 2150 τοῦ
1422 2096 1574 2169 ἁγίου
1643 2099 1817 2150 ῐ1νεύ-’

1976 2096 2144 2151 Vers.
2168 2095 2257 2153 26.
2289 2098 2353 2151 Et
2370 2096 2831 2167 notum/aviam.
2848 2096 3117 2168 Amplius
3144 2110 3248 2169 per
3271 2095 3556 2169 Spiritum

192 2204 379 2259 ματος.
404 2183 562 2260 Ὁρᾷς
611 2186 691 2237 ὅτι
731 2187 905 2259 ὥσπερ
937 2188 962 2238 ὁ
998 2192 1175 2261 [[ατήρ
1210 2185 1346 2258 λέγει
1377 2182 1471 2238 διὰ
1519 2194 1611 2238 τοῦ
1642 2185 1780 2256 ἁγίοι

1970 2189 2201 2240 ,nctum.
2255 2185 2449 2252 Vides,
2499 2185 2666 2258 quod
2723 2186 2873 2241 sicut
2926 2188 3095 2241 Pater
3147 2185 3411 2257 loquitur
3452 2200 3558 2256 per

196 2277 517 2347 Πνεύματος,
574 2275 709 2327 οὕτω
759 2279 848 2327 καὶ
903 2276 929 2326 ὁ
986 2277 1107 2337 Υἱός
1142 2276 1387 2347 γνωρίζει
1437 2271 1511 2327 δι’
1562 2274 1721 2327 αὐτοῦ
1764 2274 1784 2325 ὁ

1972 2272 2183 2329 >ἱτί1υω
2228 2278 2521 2339 sanctum,
2573 2274 2654 2329 ita
2694 2277 2748 2328 et
2797 2273 2975 2328 Filius
3020 2277 3232 2328 notum
3276 2272 3418 2329 facit
3458 2288 3560 2344 per

195 2361 445 2438 βούλεται
485 2369 594 2424 τοῖς
621 2364 901 2434 μαθηταῖς.
937 2361 1048 2436 ’Δφ⁹
1078 2364 1145 2415 ὧν
1186 2361 1332 2425 αὖθις
1360 2366 1419 2416 τὸ
1444 2363 1679 2436 ἰσότιμον
1710 2366 1783 2416 καῖ

1975 2378 2108 2418 sum
2157 2361 2459 2433 discipulis
2507 2378 2644 2435 quae
2693 2361 2941 2417 voluerit
2979 2362 3008 2417 ‘I
3051 2377 3121 2416 ex
3172 2361 3393 2433 quibus
3440 2376 3563 2416 rur-

196 2454 475 2527 σύμφωνον
500 2458 592 2512 τῆς
619 2450 774 2522 ἁγίας
796 2448 967 2525 Τριάδ
971 2472 1026 2515 ος
1056 2449 1343 2506 δείκνυται.

1976 2468 2045 2508 .m
2076 2451 2320 2508 honoris
2350 2451 2662 2524 aequalitas
2691 2466 2761 2508 ac
2791 2450 3113 2507 concordia
3138 2455 3358 2507 sanctae
3383 2449 3564 2506 Trini-

1909 2542 2046 2598 tatis
2073 2542 2427 2598 ostenditur.

270 2630 382 2686 Ἰνα
429 2662 499 2674 -
660 2635 925 2706 Γνωρίσω.
972 2636 1151 2704 φησὶν,
1212 2632 1381 2694 αὐτοῖς
1428 2632 1512 2687 ἐπὶ
1553 2632 1702 2686 πλέον
1741 2635 1800 2686 τὸ

1981 2632 2144 2687 Vers.
2190 2634 2277 2685 26.
2316 2629 2391 2688 Ut
2419 2661 2488 2670 —
2516 2630 2613 2686 sit.
2659 2633 2877 2687 Notum
2913 2629 3154 2694 faciam,
3184 2627 3400 2701 inquit,
3441 2643 3566 2684 am-

199 2723 363 2794 ὅνομά
426 2740 543 2789 σου,
590 2721 674 2773 ἱνα
718 2728 871 2773 τοῦτο
927 2730 1102 2794 σαφῶς
1146 2724 1509 2797 γνωρισάντων
1548 2726 1637 2775 καὶ
1686 2719 1787 2775 διας

1978 2719 2070 2774 ius
2110 2734 2332 2775 nomen
2364 2723 2555 2788 tuum,
2609 2725 2673 2774 ut
2702 2735 2840 2774 cum
2892 2719 3007 2773 hoc
3050 2716 3445 2787 cognoverint
3497 2732 3566 2772 ac

201 2815 450 2882 γνόντων,
506 2811 583 2863 ὅτι
627 2815 843 2882 γνήσιος
892 2813 1014 2872 Υἱὸς
1060 2810 1161 2883 ἐγώ
1213 2812 1326 2883 (15)
1386 2831 1479 2864 σου
1524 2817 1613 2864 καὶ
1653 2814 1789 2884 φύσει

1980 2807 2231 2864 dicerint
2250 2807 2414 2880 quod
2436 2807 2726 2863 naturalis
2748 2808 2860 2862 sim
2890 2806 3064 2862 Filius
3086 2810 3246 2872 tuus,
3274 2811 3331 2861 et
3350 2810 3568 2861 natura

202 2900 496 2973 ἀγαπητός,
537 2901 567 2959 ἡ
617 2902 834 2957 τοιαύτη
879 2898 1077 2971 ἀγάπη,
1124 2901 1153 2959 ἡ
1204 2905 1401 2972 γνησία
1429 2906 1519 2953 καὶ
1550 2903 1720 2974 φύσει,
1756 2899 1790 2952 ἐι

1979 2895 2188 2966 lectus,
2217 2896 2565 2968 hujusmodi
2608 2896 2864 2962 dilectio,
2909 2911 3045 2967 quae
3082 2894 3348 2966 ingenua
3391 2898 3480 2950 est
3508 2897 3564 2950 et

200 2988 381 3049 αὐτοῖς
411 2991 488 3047 εῖη
516 2988 888 3061 γνωριζομένη.

1915 3000 2023 3059 per
2047 2989 2341 3053 naturam,
2377 2986 2444 3041 sit
2476 2986 2537 3042 in
2562 2986 2645 3041 eis
2670 3001 2777 3056 per
2807 2984 3231 3054 cognitionem.

281 3075 441 3149 Κάγὼ
489 3075 540 3129 ἐν
586 3077 782 3141 αὐτοῖς.
827 3076 984 3151 Κάγὼ
1050 3076 1099 3130 έν
1161 3077 1338 3141 αὐτοῖς
1393 3075 1432 3129 ὦ
1489 3079 1657 3145 πλέον,
1714 3075 1869 3158 διὰ(

1990 3076 2149 3131 Vers.
2194 3080 2282 3132 26.
2319 3076 2394 3131 Et
2422 3090 2516 3147 ego
2543 3076 2601 3131 in
2634 3076 2737 3132 eis.
2778 3074 2846 3130 Et
2873 3089 2982 3145 ego
3011 3073 3072 3129 in
3104 3072 3187 3129 eis
3230 3072 3425 3144 magis
3458 3072 3572 3128 sim

208 3171 438 3229 πίστεως
508 3166 763 3239 μείζονος,
816 3168 906 3220 οἵτε
957 3167 1335 3244 γνωριζόμενος
1389 3167 1567 3229 αὐτοῖς
1623 3168 1796 3221 ἐντελέα

1985 3181 2029 3218 ει·
2066 3163 2248 3220 fidem
2290 3163 2604 3235 majorem,
2647 3168 2847 3234 utpote
2891 3161 3208 3234 perfectius
3248 3161 3333 3216 eis
3375 3164 3573 3216 notus.

208 3274 413 3330 στερον.
448 3255 609 3309 Πάλιν
661 3251 748 3308 οὖν
783 3255 851 3318 εἰς
907 3256 1114 3329 ἀγάπην
1144 3257 1407 3322 κατέληξε,
1452 3260 1646 3315 ταύτην
1702 3255 1796 3310 ἐπι-

1989 3269 2145 3309 arum
2172 3268 2316 3323 ergo
2346 3253 2406 3308 in
2431 3251 2808 3308 dilectionem
2837 3250 3183 3316 terminavit,
3206 3249 3364 3305 hanc
3388 3250 3577 3320 impo-

209 3347 314 3407 θεὶς
340 3352 413 3415 τῷ
451 3343 588 3417 λόγῳ
624 3343 907 3399 τελείωσιν.
946 3345 1249 3405 Τελειωτικη
1280 3349 1382 3420 γὰρ
1426 3354 1525 3399 τῶν
1563 3343 1797 3422 ἀρετῶνὶ

1994 3360 2070 3397 ωε
2092 3341 2355 3398 sermoni
2376 3340 2977 3397 consummationem.
2997 3342 3144 3395 Nam
3169 3337 3450 3411 perfectio
3468 3336 3582 3393 vir-

208 3433 416 3506 ἀγάπη.

1925 3436 2120 3489 tutum
2152 3436 2240 3487 est
2261 3430 2517 3486 dilectio.

282 3530 467 3577 Ταῦτα
501 3554 553 3565 -
590 3523 773 3582 αὐτοῦ.
819 3527 1057 3582 Ζήτησον
1088 3526 1137 3577 ἓν
1185 3532 1257 3595 τῷ
1297 3524 1560 3597 ἑξηκοστῷ
1588 3525 1815 3599 τετάρτῳ

1998 3521 2153 3578 CAP.
2204 3520 2386 3576 XVIII.
2420 3522 2579 3575 Vers.
2618 3524 2639 3575 t
2688 3518 2826 3575 Hac
2871 3550 2939 3557 —
2972 3520 3122 3588 ejus.
3163 3518 3368 3583 Quaere
3414 3530 3580 3572 sexa-

207 3612 478 3686 κεφαλαίῳ
506 3620 599 3666 τοῦ
623 3616 757 3667 κατὰ
776 3615 1044 3667 Ματθαίον
1070 3618 1127 3667 τό
1161 3631 1174 3644 ’
1205 3619 1307 3667 Καὶ
1334 3616 1648 3687 ὑμνήσαντες
1675 3613 1794 3677 έςῆλ

1990 3612 2155 3667 :simo
2191 3615 2403 3683 quarto
2428 3609 2622 3682 capite
2672 3606 2963 3678 Evangelii
3004 3608 3176 3679 juxta
3215 3605 3578 3671 Matthaeum,

214 3705 306 3756 θον
338 3701 409 3763 εἰς
433 3706 493 3755 τὸ
548 3707 661 3779 ὅρος
685 3711 785 3756 τῶν
839 3702 1077 3761 Ἐλαιῶν,
1134 3704 1269 3756 Ἐκεῖ
1303 3706 1404 3776 γὰρ
1462 3702 1688 3775 έξηγήθη
1730 3722 1800 3754 κα

1994 3702 2033 3756 )i
2060 3701 2298 3774 ponitur
2326 3716 2339 3756 :
2363 3700 2440 3755 Et
2459 3699 2630 3756 dictis
2658 3698 2931 3755 laudibus
2949 3698 3222 3753 exierunt
3252 3696 3311 3751 in
3331 3701 3582 3751 montem

210 3795 341 3867 περὶ
404 3795 621 3847 τούτων.
681 3792 835 3846 Ἀλλὰ
903 3796 993 3845 καὶ
1034 3797 1153 3867 περὶ
1216 3800 1315 3845 τῶν
1348 3791 1464 3855 ἑξῆς
1509 3791 1798 3866 πλατύτερόί

2005 3793 2238 3847 ivarum
2256 3790 2303 3825 ⁸⁸
2326 3812 2336 3856 ;
2354 3804 2496 3846 nam
2515 3788 2593 3844 ibi
2611 3786 2685 3843 de
2702 3786 2795 3842 his
2814 3790 3158 3843 enarratum
3180 3788 3288 3840 est.
3310 3784 3423 3838 Sed
3444 3786 3500 3838 et
3512 3783 3586 3837 de

212 3901 273 3934 τε
321 3885 415 3934 καὶ
446 3879 806 3956 ἀκριϐέστερον
836 3880 884 3934 ἐν
927 3880 1093 3954 ἐνείνῳ
1121 3889 1191 3953 τῷ
1223 3880 1559 3954 εὐαγγελιστῇ
1596 3876 1692 3933 διδ
1696 3880 1800 3938 ηλὼ

1999 3895 2160 3950 ιᾳυω
2206 3883 2561 3949 sequuntur,
2593 3876 2771 3932 latius
2815 3880 2872 3931 et
2901 3874 3163 3930 exactius
3192 3874 3254 3928 in
3283 3872 3385 3927 illo
3412 3886 3587 3927 evan-

210 3989 403 4043 καμεν.

1934 3966 2144 4037 gelista
2172 3965 2659 4035 signiﬁcavimus.

293 4056 457 4113 Ἠδει
484 4089 554 4102 -
584 4064 760 4113 τόπον.
795 4059 924 4114 Εἶτα
945 4059 1100 4134 λέγει,
1141 4065 1231 4113 καὶ
1256 4060 1409 4114 πόθεν
1438 4066 1614 4112 τοῦτον
1655 4057 1828 4128 ἐγίνω-

2006 4054 2172 4109 Vers.
2230 4058 2282 4107 2.
2336 4053 2560 4109 Sciebat
2610 4082 2667 4091 —
2696 4052 2899 4108 locum.
2962 4048 3184 4106 Deinde
3234 4047 3412 4103 etiam
3443 4047 3588 4106 dicit

221 4168 370 4204 σκεν.

1937 4144 2095 4200 unde
2124 4142 2239 4197 hoc
2265 4140 2510 4197 sciebat.

294 4235 420 4292 Ὀτι
449 4270 519 4281 -
549 4237 736 4297 αὐτοῦ.
777 4239 1027 4301 Πολλάκις
1058 4238 1281 4300 ηὐλίσθη
1316 4237 1435 4293 ίκεῖ.

2008 4231 2176 4288 Vers.
2210 4235 2262 4286 2.
2295 4230 2453 4297 Quod
2475 4256 2537 4265 —
2567 4244 2704 4285 suis.
2739 4230 3095 4300 Frequenter
3120 4228 3455 4282 versaretur
3484 4222 3588 4279 ibi.

298 4325 363 4380 '0
405 4324 491 4380 οὖν
514 4325 723 4392 Ἰούδας
748 4360 816 4370 -—
845 4329 1031 4386 ὃπλων.
1066 4331 1143 4383 Τὰ
1190 4328 1323 4382 ὅπλα
1347 4327 1617 4400 ἐπήγοντο,
1652 4321 1833 4377 δεδοι-

2010 4322 2176 4379 Vers.
2206 4328 2235 4378 3
2266 4320 2454 4376 ludas
2493 4334 2621 4392 ergo
2653 4350 2719 4359 —
2745 4320 2950 4375 armis.
2980 4318 3162 4372 Arma
3192 4315 3590 4381 adduxerunt,

222 4422 383 4479 κότες
411 4421 532 4480 τοὺς
564 4417 835 4491 ἑπομένους
875 4418 1035 4490 αὐτῷ.
1091 4419 1187 4471 Διὰ
1240 4426 1392 4471 τοῦτο
1447 4418 1548 4492 γὰρ
1575 4418 1665 4467 καὶ
1704 4411 1808 4489 ἀωρ

2008 4416 2219 4467 nentes
2247 4426 2349 4466 eos
2377 4409 2480 4481 qui
2506 4406 2914 4480 sequebantur
2937 4405 3142 4460 Jesum
3177 4420 3190 4460 :
3215 4420 3359 4460 nam
3389 4406 3449 4457 et
3467 4417 3596 4473 pro-

2188 4500 2199 4510 .
2254 4505 2262 4513 .
2486 4499 2517 4513 ..
2672 4512 2675 4513 ν
2772 4497 2806 4513 .-
2889 4498 3149 4513 huc”-
3206 4492 3572 4513 _J__-____-_.

220 4515 330 4561 τῶν
356 4514 555 4560 νυκτῶν
582 4505 818 4567 ἐπῆλθον.

2003 4516 2150 4558 ιθτεει
2185 4499 2602 4571 intempestivo
2650 4497 2842 4554 noctis
2888 4498 3155 4567 tempore
3202 4492 3591 4549 advenerunt.

299 4595 389 4650 Ἐν
439 4604 513 4668 τῷ
565 4596 828 4669 ἑξηκοστῷ
874 4592 933 4650 δέ
983 4600 1200 4669 πέμπτῳ
1247 4595 1499 4669 κεφαλαίῳ
1556 4601 1648 4647 τοῦ
1702 4594 1838 4646 κατά

2016 4591 2095 4646 De
2115 4589 2205 4645 his
2226 4592 2428 4645 autem
2458 4587 2683 4643 dictum
2705 4590 2794 4642 est
2814 4583 3186 4655 sexagesimo
3200 4581 3408 4655 quinto
3425 4580 3597 4651 juxta

229 4685 517 4742 Ματθαίον
566 4683 759 4761 έῤῥήθη
833 4690 952 4759 περὶ
1019 4687 1234 4751 τούτων,
1310 4683 1455 4757 [ἔνθα
1505 4683 1620 4756 (16)
1670 4688 1817 4734 κείτα

2008 4679 2285 4736 atthaeuin
2300 4678 2513 4750 capite,
2530 4676 2629 4732 ubi
2650 4675 2863 4732 dicitur
2887 4691 2899 4731 :
2923 4675 2999 4729 Et
3022 4673 3221 4731 adhuc
3233 4689 3293 4728 eo
3308 4673 3596 4761 loquente,

225 4780 295 4829 τό
351 4789 372 4807 ⁶
426 4778 529 4829 Καὶ
586 4759 663 4829 ἔτι
717 4774 877 4829 αὐτοῦ
950 4772 1245 4845 λαλοῦντος,
1317 4770 1453 4842 ἰδοὺ,
1526 4767 1732 4834 Ἰούδας
1772 4768 1813 4825 εἰ

2010 4784 2076 4827 ’σε
2092 4768 2282 4826 Iudas
2306 4782 2465 4824 unus
2488 4766 2560 4825 de
2582 4765 2875 4822 duodecim
2904 4762 3061 4821 venit
3092 4762 3139 4800 ⁵⁸
3169 4778 3184 4831 ;
3210 4777 3356 4820 nam
3383 4775 3513 4833 quae
3539 4759 3598 4816 in

310 4982 365 5020 ἰ
391 4980 439 5039 ΙΙ
470 4980 600 5041 Cor.
630 4997 713 5051 ιιι,
749 4985 839 5040 18.
959 4983 1008 5019 ⁵⁵
1037 4981 1235 5041 Matth.
1264 4998 1419 5050 XXV],
1443 4985 1530 5040 30.
1643 4982 1691 5018 ⁸⁸
1720 4979 1866 5038 ibid.
1889 4978 1980 5037 47.

1447 5185 1666 5259 Variae
1704 5184 2037 5257 lectiones
2095 5189 2164 5253 et
2200 5192 2401 5252 notae.

343 5387 932 5465 16)Δέ,ιοοογάρ,Α.
1044 5463 1051 5465 Α
1156 5457 1201 5465 _
1289 5461 1298 5465 _
1387 5455 1419 5465 η
1628 5455 1640 5465 Α
1749 5456 1808 5465 η

2031 5381 2143 5465 (L3)
2177 5382 2299 5465 9'37,
2343 5376 2963 5465 6);,inte‘rp9nendum
3013 5374 3265 5439 videtur,
3293 5376 3355 5430 ut
3400 5370 3474 5431 sit
3504 5365 3607 5445 οὐχ

312 5386 431 5534 (10)
463 5390 543 5459 Ai,
568 5389 699 5447 loco
716 5390 835 5465 γάρ,
872 5394 932 5445 Α.
1387 5455 1419 5468 η
1628 5455 1640 5470 δ
1797 5456 1808 5468 ε

350 5462 432 5534 tt)
464 5464 699 5519 Inclusa
758 5464 979 5519 absunt
1024 5463 1096 5519 Δ.
1153 5457 1426 5517 Hentenu
1487 5473 1683 5516 verene
1749 5456 1849 5514 hic

2031 5386 2143 5455 (t3)
2177 5386 2299 5454 Οὐχ
2343 5386 2431 5452 ὡς,
2462 5386 2897 5451 interponendu

1316 5455 1426 5516 enii
1487 5455 1683 5516 versio
1749 5456 1849 5514 hic
1958 5459 2265 5534 uulturios:
2285 5473 2404 5534 μου,
2439 5451 2632 5534 ἰῐὶξςὶὶὶ.Δ
2655 5453 2904 5522 ἔγνωσαν.

246 5519 443 5595 etiam
473 5534 765 5591 dissentit.

319 5605 438 5668 (12)
476 5606 670 5664 Intell.
716 5607 868 5668 ἔγνω.
908 5605 1074 5660 Forte
1106 5602 1426 5660 Hentenius
1448 5601 1544 5659 hic
1577 5599 1834 5659 additur:

2030 5526 2145 5668 (14)
2175 5519 2300 5598 Pup;
2334 5525 2465 5579 loco
2496 5519 2573 5587 δὲ,
2607 5528 2671 5578 Α.

1106 5602 1426 5660 Hentenius
1448 5601 1544 5659 hic
1577 5599 1851 5659 additum
2057 5596 2146 5668 15)
2176 5594 2400 5668 Σουνέγώ
2430 5596 2495 5649 Α.
2535 5664 2544 5668 _
2602 5664 2612 5668 _

319 5605 449 5681 (t2)_
476 5606 670 5681 Intell.
694 5607 880 5681 (ἔγνω.Δ
908 5605 1074 5681 ιῖοιιῑο
1106 5602 1426 5660 Hentenius
1448 5601 1544 5659 hic
1577 5599 1851 5659 additum

908 5605 1074 5681 t'forte
1106 5602 1426 5660 Hentenius
1448 5601 1544 5659 hic
1577 5599 1851 5659 additum
2176 5596 2400 5681 .Eov‘iyo'i
2430 5596 2494 5649 A.

234 5664 497 5747 invenit,
529 5673 625 5731 διὰ
651 5679 710 5730 τὸ
742 5664 1150 5754 ίὶδωλολατρείν.

1145 5717 1150 5732 .
2030 5664 2145 5743 (16)
2176 5664 2409 5725 Inclusa
2426 5664 2641 5723 omittit
2668 5666 2733 5721 Α.
