4022 6232
528 196 668 259 1455

1847 194 2189 256 EUTHYMII
2230 196 2561 256 ZlGABENl
3684 203 3780 272 ηδε

524 329 725 385 medio
758 332 919 392 sunt,
944 325 1319 399 praetermisit
1339 325 1628 391 Joannes,
1654 330 1941 397 tanquam
1970 325 2049 380 ab
2069 325 2183 380 alii:

2309 334 2408 378 τῶν
2459 322 2671 379 δώδεκα
2708 324 2847 386 ἦλθε.
2878 331 2955 381 Τὰ
2998 333 3096 404 γὰρ
3142 329 3189 382 ἐν
3249 341 3315 404 τῷ
3351 339 3479 407 μέσῳ
3504 335 3792 413 παρέδραμενδ

526 422 826 483 enarrata,
860 415 1027 488 quod
1060 415 1399 486 frequenter
1429 430 1499 470 ac
1532 412 1733 470 multis
1762 413 1904 470 facit
1934 414 1994 470 in
2027 413 2193 480 locis,

598 594 762 650 Vers.
795 596 848 648 4.
885 593 1055 648 Jesus
1100 622 1169 633 —
1240 592 1402 647 Vers.
1455 595 1506 647 6.
1557 593 1619 647 in
1674 598 1918 649 terram.
1966 591 2193 653 Sciens,

530 687 824 754 tanquam
856 680 1027 750 Deus,
1059 679 1339 736 universa.
1367 696 1502 752 quae
1532 686 1784 737 ventura
1815 687 1982 737 erant
2013 697 2194 753 super

448 804 455 817 ς
528 786 611 837 se,
671 786 944 841 egressus
994 769 1289 841 intrepide
1320 770 1709 841 interrogavit
1737 786 1860 837 eos,
1896 777 2189 843 tanquam

537 860 743 915 homo.
774 860 980 916 Stabat
1005 865 1205 914 autem
1253 864 1307 913 et
1363 859 1630 931 proditor
1671 876 1809 915 eum
1864 859 2007 931 ipsis
2066 876 2079 915 :
2136 864 2192 915 et

534 965 731 1022 neque
749 950 841 1004 hic
869 948 1059 1020 potuit
1083 963 1220 1002 eum
1249 947 1513 1004 indicare
1543 964 1665 1020 prae
1698 949 2059 1004 conscientia
2083 950 2188 1019 (k),

526 1044 630 1095 aut
658 1044 896 1110 propter
921 1038 1050 1107 ejus
1080 1053 1313 1094 vocem.
1347 1038 1631 1103 Ostendit,
1675 1039 1839 1110 quod
1886 1038 2187 1094 nolentem

523 1142 649 1184 non
670 1126 866 1182 solum
888 1141 1008 1181 non
1034 1131 1281 1198 possent
1307 1142 1445 1181 eum
1469 1126 1940 1198 apprehendere,
1965 1127 2067 1182 sed
2090 1143 2189 1182 ne-

525 1232 643 1288 que
672 1215 924 1271 omnino
954 1214 1170 1269 videre.
1201 1215 1491 1270 Prmdicto
1530 1221 1727 1270 autem
1759 1216 1952 1288 capite
1992 1217 2064 1272 de
2094 1217 2190 1273 his

525 1320 765 1377 quoque
794 1308 1019 1359 mentio
1049 1309 1485 1376 consequenter
1510 1303 1664 1360 facta
1685 1309 1794 1360 est.

599 1395 755 1448 Vers.
813 1399 865 1446 7.
897 1394 1120 1449 Iterum
1166 1424 1234 1431 —
1263 1392 1423 1448 Vers.
1473 1393 1525 1448 8.
1562 1394 1692 1449 sim.
1743 1395 1873 1466 Ipse
1924 1394 2187 1468 seipsum

528 1483 885 1547 manifestat,
963 1482 1182 1537 docens
1270 1482 1619 1554 discipulos,
1698 1499 1895 1556 neque
1957 1486 2017 1540 in
2090 1501 2189 1557 pe-

526 1571 731 1628 riculis
766 1571 1199 1637 mentiendum,
1250 1577 1307 1627 et
1361 1572 1640 1628 certiores
1696 1573 1969 1641 reddens,
2024 1574 2189 1646 quod

528 1664 858 1733 spontanee
890 1659 1159 1732 seipsum
1191 1661 1391 1717 tradat
1419 1661 1700 1717 inimicis.

600 1751 759 1805 Vers.
786 1750 838 1804 8.
863 1749 924 1804 Si
945 1781 1012 1789 —
1035 1748 1194 1804 Vers.
1228 1750 1281 1805 9.
1305 1765 1669 1821 quemquam.
1700 1752 1769 1807 Ut
1799 1753 2188 1821 compleretur

527 1854 729 1905 sermo,
754 1839 867 1894 hoc
886 1854 922 1895 a
948 1837 1147 1911 seipso
1164 1839 1304 1894 dicit
1329 1839 1720 1909 evangelista.
1741 1843 1890 1896 Nam
1914 1844 2187 1913 superius

529 1927 607 1984 ad
638 1930 869 1983 Patrem
901 1927 1170 1999 loquens,
1197 1928 1424 1983 dixerat
1455 1928 1871 1994 :Quoddedisti
1893 1930 2039 1985 mihi
2065 1946 2187 1986 cus-

529 2016 733 2084 todivi,
750 2022 980 2072 etnemo
992 2031 1064 2072 ex
1082 2017 1222 2085 ipsis
1233 2015 1723 2086 periit,nisiﬁtius
1740 2018 2093 2088 perditionis
2114 2020 2184 2074 ⁵⁷.

531 2109 736 2177 Itaque
758 2106 1059 2162 Neminem
1085 2121 1160 2163 ea:
1185 2106 1265 2163 eis
1281 2107 1538 2174 perdidi,
1566 2109 1942 2163 tantumdem
1962 2108 2187 2180 signiﬁ-

531 2199 627 2249 cat
650 2195 837 2251 sicut:
866 2196 1047 2251 Nemo
1071 2210 1147 2252 ca:
1174 2195 1309 2266 ipsis
1331 2198 1531 2265 periit.
1557 2199 1741 2251 Nemo
1763 2197 1943 2262 enim,
1974 2197 2184 2269 inquit,

531 2283 704 2355 periit
729 2299 861 2338 mea
886 2299 1083 2350 causa,
1114 2285 1228 2339 hoc
1257 2288 1364 2349 est,
1398 2300 1520 2340 non
1551 2284 1785 2356 perdidi
1814 2301 2186 2358 quemquam

530 2388 603 2428 ex
632 2372 718 2428 eis
749 2388 885 2429 mea
914 2388 1117 2429 causa.

604 2551 773 2608 Vers.
808 2555 892 2608 10.
919 2550 1117 2608 Simon
1147 2584 1216 2593 —
1245 2553 1541 2611 Malchus.
1568 2556 1633 2609 In
1664 2553 1762 2611 illo
1789 2556 1981 2628 capite
2007 2557 2187 2613 etiam

533 2640 608 2697 de
632 2641 725 2696 his
754 2640 980 2696 dictum
1026 2646 1131 2711 est,
1165 2641 1267 2698 ubi
1304 2641 1561 2698 habetur
1598 2660 1610 2698 :
1656 2645 1718 2698 Et
1744 2660 1872 2701 ecce
1915 2662 2069 2701 unus
2112 2662 2188 2702 ex

534 2730 624 2787 his
638 2733 743 2802 qui
756 2734 923 2787 erant
942 2746 1071 2787 cum
1090 2731 1220 2787 Jesu
1233 2739 1469 2788 extenta
1488 2748 1688 2797 manu,
1704 2735 1919 2789 exemit
1932 2734 2185 2805 gladium

531 2835 698 2875 suum
740 2821 808 2874 ⁵³.
842 2819 1088 2876 Addidit
1118 2825 1318 2875 autem
1349 2822 1609 2876 Joannes
1640 2828 1696 2878 et
1726 2839 1949 2879 nomen
1982 2825 2182 2880 vulne-

531 2910 661 2971 rati,
696 2914 1043 2981 partemque
1087 2908 1480 2975 vulneratam,
1528 2912 1607 2965 ob
1636 2914 1718 2966 rei
1758 2912 2186 2969 manifestatio-

531 3015 711 3055 nem:
747 3013 869 3053 non
916 2998 1132 3064 solum,
1180 2998 1344 3072 quod
1389 3005 1628 3072 repente
1680 3002 1969 3058 curaverit
2017 3001 2182 3059 illum

529 3088 719 3156 Jesus,
762 3088 913 3143 sicut
954 3104 987 3143 a
1032 3090 1186 3143 Luca
1234 3087 1549 3144 didicimus
1603 3090 1669 3155 ⁸ο,
1726 3106 1928 3146 verum
1979 3094 2180 3157 etiam,

530 3178 691 3249 quod
727 3177 902 3249 paulo
917 3181 1051 3249 post
1067 3182 1373 3233 esseteum
1391 3177 1567 3251 alapa
1606 3194 2015 3252 percussurus,
2033 3182 2183 3238 sicut

531 3265 889 3337 signiﬁcavit
916 3266 1397 3338 Chrysostomus.

602 3448 758 3502 Vers.
794 3447 881 3501 11.
915 3446 1072 3503 Dicit
1093 3476 1162 3487 —
1186 3446 1251 3502 id
1280 3447 1309 3500 ἵ
1334 3445 1638 3513 Poculum,
1678 3451 1933 3505 mortem
1980 3446 2185 3504 videli-

531 3540 640 3591 cet.
668 3535 815 3590 Dicit
860 3550 1019 3605 ergo,
1063 3536 1279 3591 Annon
1323 3535 1651 3607 suscipiam
1695 3541 1948 3592 mortem
1995 3552 2180 3609 quam

529 3623 797 3694 permisit
840 3623 1005 3678 Pater
1047 3622 1247 3677 inferri
1296 3624 1440 3678 mihi
1466 3624 1494 3679 ?
1537 3640 1678 3679 nam
1716 3624 1831 3679 hoc
1862 3625 2177 3694 signiﬁcat,

527 3711 699 3767 Dedit
742 3710 913 3777 mihi,
956 3726 1021 3765 ac
1053 3711 1100 3765 si
1141 3710 1302 3766 dicat
1341 3727 1353 3765 :
1396 3711 1513 3766 Imo
1562 3713 1846 3776 maxime,
1892 3720 2178 3786 tanquam

528 3799 737 3855 eadem
775 3798 1006 3862 volens,
1048 3814 1183 3870 quas
1224 3799 1411 3854 Pater.
1454 3800 1516 3854 In
1559 3799 1711 3855 dicto
1746 3808 1946 3857 autem
1992 3804 2179 3873 capite

527 3892 963 3961 consequenter
985 3888 1163 3943 etiam
1189 3888 1263 3944 de
1292 3887 1384 3944 his
1416 3888 1831 3945 disseruimus.

597 3979 760 4035 Vers.
796 3981 877 4032 12.
923 3976 1141 4033 Cohors
1169 3977 1357 4047 igitur
1384 4010 1447 4018 —
1478 3977 1641 4033 Vers.
1699 3982 1782 4035 13.
1830 3980 2017 4037 illius.
2052 3980 2178 4037 Prte

526 4066 833 4138 voluptate
881 4066 959 4122 de
1003 4067 1117 4122 hac
1169 4083 1230 4121 re
1270 4066 1697 4138 gloriabantur,
1761 4073 2047 4141 tanquam
2104 4072 2178 4127 de

529 4160 756 4227 tropaeo
794 4156 1134 4212 constituto.
1166 4157 1241 4211 Et
1293 4156 1678 4213 abduxerunt
1735 4172 1864 4213 eum
1918 4160 2174 4227 primum

529 4246 869 4312 adAnnam,
887 4245 1063 4318 utqui
1078 4261 1112 4301 a
1127 4246 1349 4316 Caipha
1366 4246 1495 4316 ejus
1511 4246 1653 4302 anni
1673 4246 1968 4318 pontiﬁce,
2005 4250 2177 4321 quasi

525 4341 694 4407 pater
730 4334 1165 4403 honorabatur,
1212 4339 1449 4405 propter
1478 4334 1844 4391 afﬁnitatem.
1882 4337 2088 4401 Quaere
2118 4338 2179 4394 in

525 4429 984 4496 praememorato
1014 4424 1225 4495 capite,
1255 4423 1354 4478 ubi
1400 4422 1654 4479 habetur
1680 4441 1695 4478 :
1744 4426 1820 4480 At
1851 4425 1947 4481 illi
1974 4442 2182 4496 appre-

528 4512 765 4569 hensum
782 4514 971 4569 Jesum
985 4512 1361 4569 abduxerunt
1376 4511 1449 4567 ad
1466 4512 1751 4582 Caipham
1763 4514 2095 4585 pontiﬁcem
2110 4517 2176 4582 ⁸ο,

527 4604 583 4656 et
609 4599 738 4672 lege
768 4602 1026 4671 positam
1055 4601 1133 4657 ibi
1163 4599 1626 4658 enarrationem.

599 4725 644 4762 ⁸⁷
677 4727 848 4782 Joan.
878 4742 1016 4798 xvn,
1051 4726 1130 4783 12.
1244 4728 1292 4763 ⁵⁸
1314 4726 1520 4784 Matth.
1548 4743 1703 4793 xxvr,
1736 4729 1822 4783 51.

1935 4730 1983 4764 ²⁹
2016 4728 2154 4787 Luc.
2187 4748 2323 4796 XXII,
2348 4733 2435 4788 51.

2306 415 2565 485 Ἰωάννης,
2598 419 2667 477 ὡς
2693 424 2797 478 τοῖς
2831 417 3003 481 ἄλλοις
3038 420 3381 494 ἱστορηθέντα,
3412 425 3435 475 ὁ
3460 425 3684 499 πολλαχοὺ
3714 430 3795 481 πο).-

2304 506 2449 565 λάκις
2473 512 2632 562 ποιεῖ.
2665 504 2687 579 ]

2378 594 2578 655 Ἰησοῦς
2606 626 2671 634 —
2695 600 2893 667 χαμαί.
2920 593 3086 661 Εἰδὼς
3117 600 3185 662 ὡς
3210 604 3329 662 Θεὸς
3348 604 3501 655 πάντα
3526 606 3582 656 τὰ
3603 603 3797 678 ἐρχόμεθα

2302 680 2376 734 ἐπ’
2410 683 2587 747 αὐτὸν,
2657 682 2865 746 ἐξελθὼν
2927 684 3207 760 ἀταράχως
3270 690 3515 764 ἠρώτησεν
3557 693 3711 757 αὐτοὺς
3752 698 3800 757 ὡς

2301 771 2593 844 ἄνθρωπος.
2654 772 2899 831 Eia-nixa
2931 771 2991 827 δὲ
3020 781 3109 828 καὶ
3162 778 3187 828 6
3225 775 3468 853 προδότης
3517 783 3611 852 μετ’
3635 783 3797 835 αὐτῶν·

2300 864 2389 912 καὶ
2419 856 2543 913 οὐδὲ
2581 861 2736 925 οὗτος
2770 859 3011 922 ἠδυνήθη
3058 871 3308 941 γνωρίσαι
3344 869 3501 934 αὑτὸν,
3556 870 3582 929 ἧ
3634 869 3714 923 ἀπὸ
3737 881 3801 924 τοῦ

2301 947 2476 1013 εἴδους
2527 951 2554 1009 ἡ
2587 950 2687 1003 ἀπὸ
2740 960 2830 1013 τῆς
2888 963 3077 1026 φωνῆς.
3121 952 3341 1019 Ἐδειξεν
3369 954 3448 1010 οὖν
3477 961 3547 1011 ὅτι
3570 965 3631 1029 μὴ
3667 959 3801 1032 βουλό·

2300 1059 2445 1112 μενον
2477 1040 2535 1092 οὗ
2575 1046 2728 1111 μόνον
2777 1043 2871 1094 οὐκ
2920 1040 3179 1102 ὴδυναντο
3225 1044 3496 1118 κατασχεῖν
3546 1048 3693 1115 αὐτὸν,
3728 1049 3803 1102 ἀλλ’

2301 1124 2423 1180 οὐδὲ
2478 1128 2605 1190 ὅλως
2661 1126 2810 1185 ἰδεῖν.
2843 1130 2953 1204 [Ἐν
2986 1140 3057 1202 τῷ
3114 1133 3225 1205 (1⁸7)
3271 1136 3461 1209 ῥηθέντι
3513 1134 3565 1189 δὲ
3608 1139 3806 1211 κεφαλαίῳ

2299 1217 2516 1280 καθεξῆς
2542 1223 2629 1270 καὶ
2662 1224 2778 1294 περὶ
2808 1224 3003 1273 τούτων
3034 1221 3428 1297 ἐμνημονεύθη.]

2374 1396 2533 1449 Πάλιν
2561 1430 2628 1437 —
2663 1399 2787 1471 εἰμι.
2839 1399 3006 1460 Αὐτός
3062 1398 3325 1472 ἐμφανίζει
3381 1402 3563 1470 ἑαυτὸν,
3608 1401 3811 1456 παιδεύων

2298 1505 2353 1538 τε
2404 1490 2524 1547 τοὺς
2574 1489 2812 1559 μαθητὰς
2861 1486 3000 1559 μηδέ
3061 1489 3112 1541 ἐν
3169 1487 3389 1562 κινδύνῳ
3440 1489 3709 1563 ψεύδεσθαι,
3750 1500 3813 1545 καὶ

2300 1573 2638 1651 πληροφορῶν
2656 1579 2737 1629 ὅτι
2764 1577 3016 1640 ἑκουσίως
3042 1576 3352 1632 ἐπιδίδωσιν
3380 1580 3545 1633 ἑαυτὸν
3571 1588 3663 1642 τοῖς
3686 1590 3813 1653 φονεῦ-

2226 1671 2271 1726 Β
2303 1683 2405 1717 σιν.

2374 1753 2432 1804 Εἰ
2484 1785 2544 1793 —
2605 1750 2813 1811 οὐδένα.
2890 1759 2960 1807 Τὸ
3021 1755 3129 1809 Ἵνα
3185 1756 3429 1830 πληρωθῇ
3487 1760 3510 1810 6
3566 1758 3707 1830 λόγος,
3752 1758 3812 1830 ἄρ’

2299 1841 2483 1894 ἑαυτοῦ
2528 1862 2686 1914 φησιν
2749 1845 2774 1895 6
2826 1843 3208 1916 εὖαγγελιστής.
3283 1847 3527 1921 Ἀνωτέρω
3590 1851 3674 1920 γὰρ
3720 1853 3813 1921 πρὸς

2296 1934 2384 1983 τὸν
2430 1936 2639 2006 Πατέρα
2678 1929 3045 2006 διαλεγόμενος
3092 1938 3293 2010 εἶρηκεν
3325 1954 3336 1965 ·
3371 1938 3447 1989 ὅτι
3500 1936 3590 1998 Οὓς
3634 1934 3814 1998 δέδωκάς

2297 2041 2387 2093 μοι
2435 2020 2681 2093 ἐφύλαξα,
2763 2027 2852 2075 καὶ
2935 2021 3105 2085 οὐδεὶς
3190 2024 3243 2088 ἐξ
3324 2026 3484 2077 αὐτῶν
3542 2026 3747 2096 ἀπώλετο,
3788 2026 3817 2077 εἰ

2299 2115 2369 2181 μὴ
2433 2111 2458 2161 6
2517 2112 2633 2171 Υἱὸς
2680 2119 2773 2172 τῆς
2834 2110 3104 2174 ἀπωλείας.
3138 2116 3209 2166 Τὸ
3239 2121 3364 2185 ογοῦν
3414 2111 3600 2169 Οὐδένα
3621 2115 3663 2176 εξ
3696 2117 3818 2166 αὐτῶν

2302 2197 2561 2264 ἀπώλεσα,
2592 2203 2780 2253 ταὺτον
2813 2199 2923 2253 ἐστι
2961 2221 3032 2272 τῳ
3064 2198 3261 2264 Οὗδεὶς
3320 2201 3372 2266 ἐξ
3418 2203 3572 2255 αὐτῶν
3620 2202 3814 2257 ἀπώλετο.

2304 2286 2497 2351 Οὐδεὶς
2552 2291 2677 2364 γὰρ,
2732 2295 2913 2362 φησὶν,
2968 2289 3021 2353 ἐξ
3070 2290 3235 2343 αὐτῶν
3285 2290 3506 2345 ἀπώλετο
3576 2293 3681 2364 παρ’
3729 2292 3820 2363 ἐμὴν

2306 2378 2496 2445 αἰτίαν,
2539 2382 2830 2448 τουτέστιν,
2865 2379 2958 2432 οὐκ
3007 2378 3257 2433 ἀπώλεσα
3322 2380 3374 2444 ἐξ
3421 2381 3573 2433 αὐτῶν
3615 2377 3759 2432 οὐδὴα
3780 2380 3822 2442 ἐξ

2306 2465 2435 2539 ἐμῆς
2464 2467 2657 2530 αἰτίας.

2372 2561 2537 2629 Σίμων
2589 2589 2659 2598 --
2711 2556 2950 2629 Μάλχος.
3011 2558 3091 2610 Ἑν
3144 2559 3325 2632 ἐκείνῳ
3368 2567 3437 2630 τῷ
3500 2559 3716 2631 κεφαλαίῳ
3758 2562 3821 2608 καὶ

2298 2650 2415 2718 περὶ
2467 2649 2661 2697 τούτων
2720 2644 2934 2721 ἐρρήθη,
2995 2649 3114 2700 ἔνθα
3152 2651 3209 2700 τὸ
3297 2667 3310 2678 ’
3367 2653 3464 2702 Καὶ
3515 2645 3617 2701 ἰδοὺ
3658 2650 3712 2709 εἰς
3753 2656 3822 2699 τὼν

2298 2737 2430 2807 μετὰ
2487 2735 2693 2800 Ἰησοῦ,
2758 2738 2984 2798 ἐκτείνας
3040 2741 3132 2795 τὴν
3226 2746 3413 2810 χεῖρα,
3489 2736 3720 2790 ἀπέσπασε
3756 2742 3819 2793 τὴν

2295 2826 2569 2899 μάχαιραν
2627 2824 2803 2879 αὑτοῦ.
2864 2824 3189 2900 [Προσέθηκε
3278 2829 3390 2899 (18)
3460 2823 3513 2879 δὲ
3563 2828 3585 2879 6
3643 2827 3823 2886 Ἰωάννης

2294 2916 2465 2965 καὶτὸ
2517 2918 2678 2986 ὄνομα
2728 2921 2819 2965 τοῦ
2873 2916 3176 2985 πληγέντος,
3233 2922 3329 2968 καὶ
3379 2920 3432 2968 τὸ
3488 2916 3656 2987 πληγὲν
3693 2920 3819 2986 μέρος,

2296 2999 2387 3055 διά
2414 3005 2472 3055 τὸ
2505 3005 2770 3077 περιφανὲς
2822 3010 2912 3053 τοῦ
2958 3005 3268 3077 πράγματος
3315 3024 3327 3035 ·
3358 3004 3415 3057 οὗ
3470 3008 3607 3077 μόνον
3654 3005 3719 3055 ὅτι
3749 3002 3820 3054 E6:-

2291 3094 2546 3166 ράπευσεν
2594 3091 2748 3143 αὐτὸν
2774 3092 2799 3142 6
2843 3092 3043 3152 Ἰησοῦς
3095 3092 3311 3158 αὐτικά,
3344 3097 3408 3154 ὡς
3448 3094 3541 3144 ἀπὸ
3571 3102 3648 3145 τον
3691 3097 3823 3145 Λονκᾱ

2292 3182 2683 3253 μεμαθήκαμεν,
2727 3179 2836 3231 ἀλλ’
2886 3182 2967 3233 ὅτι
2996 3186 3085 3233 καὶ
3118 3181 3227 3254 (19)
3266 3182 3507 3256 μέλλοντα
3533 3185 3690 3255 μικρὸν
3716 3180 3823 3232 ὑστε-

2291 3289 2379 3344 ρον
2411 3269 2525 3341 (20)
2562 3270 2798 3343 ῥαπίζειν
2830 3270 3006 3341 αὐτὸν,
3041 3272 3152 3331 ὡςό
3180 3272 3303 3344 (21)
3338 3277 3684 3344 Χρυσόστομος
3707 3288 3824 3342 παρε-

2295 3364 2650 3431 σημειώσατο.

2363 3445 2515 3501 Εἶπεν
2548 3479 2606 3487 ——
2648 3447 2773 3499 αὐτὸ
2809 3464 2914 3514 ;-
2934 3451 3003 3500 Τὸ
3041 3453 3317 3522 ποτήριον,
3351 3454 3406 3503 τὸ
3428 3458 3513 3503 τοῦ
3542 3450 3729 3503 θανάτου
3754 3443 3825 3502 ὃς·

2291 3537 2479 3592 λονότι.
2514 3541 2668 3609 Λέγει
2699 3533 2759 3589 δὲ
2790 3538 2869 3588 ὅτι
2898 3540 2996 3589 Τὸν
3030 3539 3249 3590 θάνατον
3296 3539 3350 3591 ὃν
3382 3545 3718 3613 παρεχώρησεν
3742 3538 3824 3586 ἑπε-

2291 3628 2543 3698 νεχθῆναί
2572 3645 2662 3698 μοι
2689 3627 2714 3678 6
2744 3631 2922 3699 Πατήρ
2959 3645 2970 3655 ’
3003 3635 3152 3679 τοῦτο
3190 3631 3300 3703 ’γὰρ
3351 3624 3503 3688 δηλοῖ
3532 3632 3585 3680 τὸ
3613 3624 3824 3680 Δέδωκεν’

2292 3716 2349 3767 οὐ
2376 3720 2446 3788 μὴ
2483 3712 2698 3787 δέξομαι
2732 3732 2745 3781 ;
2802 3716 2943 3768 Πάνυ
2986 3719 3075 3788 μὲν
3107 3712 3215 3784 οὖν,
3253 3721 3324 3780 ὡς
3354 3722 3417 3770 τὰ
3470 3719 3595 3769 αὐτὰ
3616 3724 3676 3785 τῷ
3699 3716 3821 3783 Πατρέ

2293 3804 2624 3878 βουλόμενος.
2659 3803 2764 3876 [Ἐν
2825 3810 2895 3874 τῷ
2928 3804 3177 3877 εἰρημένῳ
3241 3803 3304 3859 δὲ
3362 3805 3607 3880 κεφαλαίῳ
3640 3803 3825 3874 καὶπερὶ

2288 3894 2478 3944 τούτων
2512 3890 2811 3964 διελάϐοριεν
2852 3891 3035 3965 ἐφεξῆς
3064 3894 3207 3965 (22).
3242 3893 3267 3967 ]

2359 3981 2415 4033 Ἡ
2449 3977 2535 4033 οὖν
2560 3988 2748 4053 σπεῖρα
2787 4013 2853 4022 -
2907 3980 3119 4036 ἐκείνου.
3154 3982 3171 4053 [
3202 3982 3330 4037 Ὑπὸ
3377 3988 3472 4046 τὴς
3526 3984 3626 4056 ('23)
3676 3976 3824 4039 ἡδονῆς

2289 4068 2625 4142 ἐνεπόρπευον
2655 4079 2726 4141 τῷ
2758 4072 3050 4145 πράγματι,
3079 4072 3147 4133 ὡς
3177 4078 3428 4144 τρόπαιον
3461 4080 3729 4131 στήσαντες.
3754 4071 3821 4120 Καὶ

2291 4157 2561 4231 ἀπήγαγον
2602 4159 2755 4211 αὐτὸν
2788 4162 2916 4231 πρὸς
2946 4157 3131 4211 Ἀνναν
3178 4169 3404 4234 πρῶτον,
3465 4164 3528 4224 ὡς
3589 4157 3669 4212 ἶσα
3704 4164 3826 4227 Πατρι

2291 4253 2572 4320 τιμώμενον
2602 4250 2700 4301 ὑπὸ
2724 4256 2815 4300 τοῦ
2840 4250 3068 4321 Κάῑάφα,
3110 4256 3201 4301 τοῦ
3234 4259 3526 4308 τηνικαῦτα
3580 4249 3821 4321 ἀρχιερέως,

2292 4333 2387 4390 διὰ
2411 4341 2468 4389 τὸ
2508 4334 2693 4399 κῆδος.
2726 4336 2746 4410 ]
2779 4342 3012 4396 Ζήτησον
3040 4336 3088 4389 ἐν
3110 4346 3180 4408 τῷ
3203 4341 3601 4412 μνημονευθέντι
3623 4333 3825 4407 κεφαλαίῳ

2291 4434 2345 4480 τό
2376 4445 2388 4459 ·
2441 4428 2505 4479 Οἱ
2561 4422 2619 4479 δὲ
2669 4430 3021 4501 κρατήσαντες
3062 4430 3147 4478 τὸν
3180 4426 3391 4485 Ἰησοῦν
3448 4427 3692 4499 ἀπήγαγον
3731 4424 3823 4494 πρὸς

2294 4517 2528 4588 Καϊάφαν
2551 4519 2635 4567 τὸν
2662 4514 2933 4591 ἀρχιερέα,
2966 4519 3055 4567 καὶ
3095 4514 3357 4589 ἀνάγνωθι
3387 4520 3479 4575 τὴν
3505 4514 3602 4568 ἐκεῖ
3625 4513 3817 4589 finitimi

2289 4604 2560 4677 ἐξήγησιν.

2550 4731 2598 4767 ⁶⁰
2621 4730 2820 4788 Matth.
2852 4747 3012 4797 xxvr,
3038 4735 3124 4788 57.

1758 4906 1974 4975 Variae
2003 4906 2330 4977 lectiones
2362 4916 2430 4976 et
2461 4917 2666 4977 notae.

601 5106 720 5176 (17)
755 5104 988 5161 Inclusa
1018 5102 1242 5176 absunt
1270 5105 1333 5164 Α,

632 5175 716 5233 181
749 5177 937 5232 Etiam
970 5177 1099 5232 hmo
1127 5175 1343 5231 omittit
1372 5178 1437 5230 A.

632 5181 691 5233 18
749 5180 937 5232 Etiam
970 5180 1099 5232 hmo
1127 5180 1343 5231 omittit
1372 5180 1437 5230 A.

600 5180 716 5323 £19;
771 5247 1092 5323 ﬂentenius
1141 5247 1242 5323 ita,
1274 5264 1342 5323 ac
1388 5248 1437 5302 si
1465 5247 1671 5323 legerit
1722 5245 1937 5323 ἔμελλεν.
1989 5249 2174 5304 Minus

531 5318 673 5377 sane
704 5322 832 5377 haec
864 5320 1181 5391 cohaerent.
1217 5318 1328 5375 Sed
1359 5335 1429 5374 ex
1462 5319 1638 5391 priori
1670 5318 1942 5375 membro
1974 5324 2173 5376 tamen

528 5391 773 5463 intelligi
796 5398 987 5464 potest
1017 5389 1374 5463 ἐθεράπευσεν,

601 5517 683 5590 (lc)
708 5517 981 5590 Indicare
1007 5530 1135 5584 prae
1175 5514 1541 5590 conscientia,
1576 5520 1687 5571 etc.
1718 5514 1972 5590 Nascere
1996 5519 2171 5590 aut_a

529 5586 722 5648 forma
744 5588 977 5663 (habitu
999 5587 1283 5662 corporis,
1300 5586 1513 5661 specie)
1539 5591 1643 5642 aut
1662 5603 1696 5642 a
1717 5602 1878 5643 voce.
1904 5586 2169 5644 Ostendit

2362 5107 2477 5179 (20)
2522 5106 2793 5179 ltespicit,
2814 5121 3053 5179 versum
3078 5110 3174 5165 22.

2362 5177 2474 5250 (-21)
2511 5177 2670 5234 rom;
2707 5178 2840 5250 VIII,
2874 5194 2935 5249 p.
2966 5177 3067 5235 491
3102 5179 3164 5233 B.

2359 5249 2476 5319 (22')
2521 5250 2754 5305 Inclusa
2785 5249 3009 5305 absunt
3032 5251 3099 5303 Α.

2357 5322 2476 5393 (23)
2520 5322 2753 5377 Inclusa
2792 5319 3014 5377 absunt
3049 5322 3115 5375 Α.

2280 5441 2463 5512 igitur
2489 5444 2666 5514 quod.
2695 5439 2998 5505 Συνειδότος
3022 5442 3157 5499 loco
3177 5439 3356 5505 εἴδους
3380 5443 3603 5500 videtur
3631 5437 3804 5510 legisse.

2278 5516 2440 5573 Male.
2474 5517 2602 5572 Mox
2640 5521 2750 5583 est,
2782 5530 2961 5588 neque
2991 5517 3219 5574 omnino
3241 5518 3467 5573 videre.
