4022 6232
232 299 251 354 1
264 299 368 355 457

1217 302 1577 359 COMMENT.
1622 304 1690 360 IN
1732 302 2082 362 JOANNEM.
2129 338 2193 347 —
2234 307 2388 363 CAP.
2432 305 2629 367 XVIII.

3450 311 3588 369 1458

294 424 392 479 Ἠν
434 457 499 466 -
548 425 693 481 λαοῦ.
728 426 837 481 Ἰνα
869 431 964 500 μὴ,
1007 426 1234 489 ἀκούσας
1272 432 1297 482 ὁ
1340 428 1599 501 ἀκροατὴς
1632 426 1814 503 δεσμὰ1

2009 434 2166 488 Vers.
2220 434 2305 489 14.
2358 433 2508 490 Erat
2546 464 2616 475 —
2651 434 2883 504 populo.
2934 438 3015 492 Ne
3076 436 3313 495 auditor
3352 438 3591 499 vincula

226 514 518 591 θορυϐηθῇ,
579 514 959 590 ἀναμιμνήσκει
1006 527 1189 571 τοῦτον
1242 527 1330 579 τῆς
1381 524 1697 591 προφητείας
1734 527 1825 570 τοῦ

226 607 457 678 Καῖάφα,
493 601 664 663 δηλῶν
710 608 791 658 ὅτι
821 606 905 659 ἐπὶ
943 612 1255 680 συμφέροντι
1304 616 1395 660 τοῦ
1442 608 1567 659 λαού
1608 607 1826 667 ἀπέθνη-

224 712 364 762 σκεν,
397 698 558 765 ἤγουν
590 694 672 748 ἐπὶ
704 702 939 772 σωτηρίᾳ
968 706 1067 749 τῶν
1099 696 1398 772 ἀνθρώπων,
1436 700 1502 759 ὡς
1535 699 1560 749 ὁ
1590 700 1825 770 Καῐάφας

220 789 414 857 προεφή
424 803 620 838 τευσεν.

291 872 595 925 Ἠκολούθει
636 904 702 914 -
741 876 1003 946 μαθητής.
1048 875 1212 937 Αύτός
1240 874 1379 928 ἐστιν
1420 877 1445 926 ὁ
1471 874 1621 935 ἄλλος
1650 877 1825 946 μαθη-

217 966 334 1024 τής.
373 960 638 1035 [Ζήτησον
672 963 784 1034 (24)
819 966 866 1015 ἐν
898 973 969 1034 τῷ
994 967 1210 1035 τοιούτῳ
1240 963 1497 1037 κεφαλαίῳ
1520 968 1612 1021 τὴν
1640 962 1822 1035 ἐξηγη-

222 1069 306 1103 σιν
329 1060 456 1103 τού⁹
482 1050 540 1103 Ὀ
568 1048 627 1105 δὲ
673 1056 860 1127 Πέτρος
904 1052 1169 1111 ἠκολούθει
1219 1055 1358 1124 αύτῷ
1401 1052 1501 1105 ἀπὸ
1541 1055 1819 1128 μακρόθεν,

216 1142 309 1202 ἕως
333 1150 428 1202 τῆς
458 1141 619 1203 αὐλῆς
645 1150 737 1194 τοῦ
778 1141 1111 1216 ἀρχιερέως]

287 1230 346 1283 Ὀ
393 1227 452 1283 δὲ
499 1232 736 1302 μαθητὴς
788 1263 853 1272 -
898 1231 1011 1294 ἔξω.
1062 1232 1197 1306 Ὀρα
1236 1238 1679 1309 μετριοφροσύνην
1732 1241 1821 1289 καὶ

214 1317 573 1393 φιλαδελφίαν.
604 1320 715 1374 Ἰνα
755 1324 856 1396 γὰρ
899 1327 1031 1394 μήτε
1070 1322 1223 1374 αὐτόν
1254 1342 1334 1385 τις
1380 1322 1558 1398 ἐπαινῇ
1612 1346 1819 1379 συνεισ-

214 1408 446 1474 ελθόντα,
487 1414 617 1481 μήτε
671 1414 758 1462 τὸν
814 1415 1003 1483 Πέτρον
1055 1410 1215 1484 ψέγῃ,
1264 1417 1510 1485 μείναντα
1552 1414 1667 1484 ἔξω,
1714 1435 1819 1487 φη-

215 1504 301 1552 σὶν
332 1502 413 1552 ὅτι
436 1500 576 1569 αύτῷ
605 1502 695 1572 μεν
726 1502 791 1561 ὡς
820 1507 1063 1575 γνωρίμῳ
1093 1509 1185 1554 τοῦ
1216 1500 1500 1576 ἀρχιερέως
1538 1524 1818 1580 παρεχωρ-

210 1591 315 1648 ηθη
350 1591 378 1648 ἠ
418 1586 623 1650 εἴσοδος
658 1607 669 1618 ·
703 1598 773 1660 τῷ
826 1593 1001 1665 Πέτρῳ
1043 1587 1101 1643 δὲ
1139 1594 1207 1651 ὡς
1257 1595 1327 1663 μὴ
1377 1597 1620 1667 γνωρίμῳ
1658 1592 1815 1646 ἁπεκ-

207 1678 414 1737 λείσθη.
453 1683 552 1732 Καὶ
599 1680 737 1751 ὅμως
780 1681 855 1732 ἔτι
912 1684 1187 1754 παρέμενεν
1244 1680 1432 1753 (25),ὂ
1480 1687 1567 1734 καὶ
1624 1683 1814 1754 μᾶλλον

207 1767 465 1841 ἐγκώμιον
489 1775 580 1821 τού
618 1773 831 1842 Πέτρου.
1850 1788 1889 1843 Β

281 1948 521 2012 Ἐξῆλθεν
578 1980 647 1990 -
699 1948 825 2021 εἰμί.
895 1950 1022 2022 Εύρε
1094 1948 1141 2001 ἐν
1208 1957 1281 2020 τῷ
1348 1951 1489 2021 αύτῷ
1554 1952 1811 2026 κεφαλαίῳ

204 2044 265 2092 το
295 2055 308 2068 °
374 2043 476 2092 Καὶ
529 2037 767 2090 εἰσελθὼν
820 2040 921 2090 ἔσω
973 2036 1196 2096 ἐκάθητο
1265 2042 1395 2112 μετὰ
1451 2048 1549 2092 τῶν
1614 2042 1812 2115 ὑπηρε-

203 2136 328 2193 τῶν,
390 2124 521 2180 ίδεῖν
583 2130 639 2179 τὸ
696 2126 887 2188 τέλος⁶’·
942 2132 1031 2179 καὶ
1084 2126 1341 2199 ἀνάγνωθι
1416 2129 1527 2201 (26)
1586 2132 1651 2181 τὰ
1712 2129 1815 2183 ἐκεῖ

199 2219 427 2292 ῥηθέντα
481 2215 868 2289 ἀναγκαιότατα
922 2218 1270 2287 τυγχάνοντα.
1334 2222 1433 2270 Καὶ
1480 2223 1581 2290 μὴν
1620 2223 1710 2271 καὶ
1763 2217 1812 2270 ἓν

200 2315 276 2377 τῷ
329 2306 594 2378 ἑξηκοστῷ
638 2307 766 2376 ἕκτῳ
811 2313 902 2357 τοῦ
953 2305 1112 2357 αὐτοῦ
1153 2306 1521 2377 εὐαγγελιστοῦ
1561 2311 1653 2365 τήν
1694 2307 1812 2370 ἐξὴ-

200 2416 367 2468 γησιν
429 2403 565 2446 τοῦ·
623 2394 683 2447 Ὀ
765 2391 823 2447 δὲ
890 2398 1081 2462 Πέτρος
1168 2394 1261 2457 ἔξω
1336 2394 1556 2453 ἐκάθητο
1623 2394 1671 2447 ἐν
1745 2404 1807 2469 τῇ

202 2486 361 2557 αὐλῇ,
424 2489 514 2537 καὶ
576 2484 864 2557 προσῆλθεν
912 2484 1052 2555 αύτῷ
1100 2488 1197 2556 μία
1242 2480 1527 2547 παιδίσκη,
1597 2490 1685 2538 καὶ
1747 2488 1813 2538 τὰ

203 2575 347 2638 ἑξῆς.

277 2665 621 2722 Εἱστήκεισαν
654 2694 721 2702 —
770 2664 1183 2735 θερμαινόμενος.
1226 2667 1491 2714 Δείκννσιν
1536 2665 1614 2715 ὅτι
1658 2664 1812 2726 αύτὸς

198 2756 293 2824 μὲν
336 2754 472 2804 κατά
517 2757 608 2809 την
650 2747 918 2824 ἐνδοτέραν
966 2751 1126 2809 αὐλὴν
1177 2755 1340 2803 συνὼν
1381 2760 1452 2821 τῷ
1500 2748 1812 2824 διδασκάλῳ

202 2841 345 2913 ἑώρα
376 2842 547 2892 πάντα
575 2844 661 2892 καὶ
707 2844 887 2898 ἤκουεν
922 2857 934 2869 °
966 2841 991 2890 ὁ
1024 2835 1081 2891 δὲ
1114 2843 1308 2915 Πέτρος
1353 2842 1486 2891 κατά
1514 2844 1607 2898 τὴν
1638 2839 1811 2903 ἐξωτέ-

200 2949 302 3004 ραν
332 2930 419 2997 ὡν,
450 2925 599 2981 οὐδὲν
622 2931 816 2981 τούτων
855 2926 1148 2999 ἐγίνωσκεν.

273 3018 337 3070 Ὀ
398 3013 486 3069 οὖν
540 3016 820 3092 ἀρχιερεύς
875 3048 943 3057 -
998 3016 1179 3074 αὐτοῦ.
1241 3022 1365 3091 Περὶ
1413 3026 1511 3069 τῶν
1564 3020 1811 3091 μαθητῶν

200 3111 319 3180 μὲν,
378 3114 479 3159 ποῦ
532 3107 635 3159 εἰσι
705 3111 795 3159 καὶ
859 3110 997 3168 τίνος
1070 3107 1229 3159 ἕνεκεν
1291 3106 1545 3170 συνέλεξεν
1624 3108 1812 3168 αύτούς
1847 3118 1886 3175 ρ

202 3202 326 3269 περὶ
369 3204 459 3257 τῆς
504 3192 742 3268 διδαχῆς
786 3192 865 3261 δὲ,
902 3200 954 3247 τί
999 3191 1248 3248 διδάσκει
1295 3202 1384 3248 καὶ
1420 3193 1602 3252 δια-τίς
1635 3205 1814 3250 Ταῦτα

201 3284 265 3340 δὲ
336 3287 624 3359 ἠρώτησεν,
699 3284 897 3357 ἐλέγξαι
964 3283 1275 3358 βουλόμενος
1351 3285 1506 3337 αύτὸν
1572 3306 1810 3359 νεωτερο-

199 3379 357 3429 ποιόν
385 3380 475 3427 καὶ
504 3380 854 3442 στασιαστὴν,
884 3378 947 3435 ὡς
977 3378 1427 3448 παρασυναγωγὰς
1452 3384 1700 3428 ποιοῦντα
1720 3380 1809 3428 καὶ

200 3467 365 3518 καινὰ
397 3460 809 3537 δογματίζοντα,
863 3468 1036 3516 καίτοι
1088 3463 1331 3526 πολλάκις
1377 3463 1610 3526 ἀκούσας
1653 3466 1811 3518 αὐτοῦ

202 3552 582 3616 διδάσκοντος.

276 3733 563 3807 Ἀπεκρίθη
591 3764 659 3772 —
679 3736 878 3804 κόσμῳ.
912 3730 1170 3805 [Φανερῶς
1197 3732 1307 3802 (27)
1339 3728 1564 3795 ἐδίδαξα
1586 3736 1671 3785 τὸν
1690 3733 1812 3786 λαὸν

198 3824 437 3892 ἅπαντα,
470 3822 527 3874 ού
555 3824 706 3893 μένον
731 3825 853 3882 τούς
871 3823 1111 3893 μαθητάς
1140 3820 1288 3893 pom]

280 3911 418 3980 Ἐγὼ
449 3940 512 3951 —
545 3906 713 3964 οὐδέν.
748 3906 915 3961 Οὐδὲν
957 3910 1062 3961 οἷον
1088 3908 1482 3980 ὑπολαμϐάνεις,
1519 3905 1811 3970 στασιῶδες

197 4004 296 4051 καὶ
340 3997 631 4073 ἀπαρέσκον
658 3994 793 4069 Θεῷ.
825 4003 888 4050 Τί
910 3994 1017 4062 οὖν,
1047 3998 1170 4069 ούχὶ
1203 4003 1291 4050 καὶ
1313 4002 1539 4071 κρυφίως
1573 3997 1812 4058 πολλάκις

200 4086 447 4159 ὡμίλησε
475 4095 580 4148 τοῖς
609 4090 905 4159 μαθηταῖςὶ)
935 4090 1039 4139 Ναί
1069 4104 1080 4116 ·
1118 4085 1224 4138 ἀλλ’
1255 4083 1405 4139 οὐδὲν
1443 4093 1675 4139 τοιοῦτον
1707 4088 1810 4139 οἷον

197 4179 230 4229 ὀ
266 4175 547 4251 ἀρχιερεύς
572 4181 717 4249 ᾤετο.

278 4270 347 4318 Τί
384 4296 451 4308 -
496 4266 612 4338 ἐγώ.
657 4266 768 4320 Ούκ
812 4262 1264 4336 αὖθαδιαζομένον
1315 4266 1378 4317 τὰ
1415 4265 1645 4340 ῥήματα,
1686 4263 1813 4317 ἀλλὰ

203 4354 523 4430 θαρροῦντος
562 4364 623 4427 τῇ
675 4354 891 4428 ἀληθείᾳ
932 4363 1030 4407 τῶν
1075 4350 1437 4426 διδαγμάτων.
1478 4358 1540 4405 Τί
1581 4352 1665 4420 ἐμὲ
1703 4352 1813 4405 ἐπε-

198 4450 420 4520 ρωτᾲς;
454 4444 746 4519 ἐρωτησον
771 4449 885 4505 τούς
930 4443 1237 4512 ἀκηκοότας⁹
1272 4447 1342 4515 μὴ
1393 4446 1515 4503 τούς
1552 4444 1808 4514 μαθητὰς,
1844 4466 1889 4521 D

198 4533 341 4586 ἀλλὰ
371 4537 487 4596 τούς
519 4533 697 4594 ἄλλους
722 4538 842 4596 τούς
864 4531 1001 4606 μηδὲ
1032 4534 1429 4592 πιστεύσαντας.

279 4630 460 4675 Ταύτα
526 4620 586 4675 δε
639 4623 799 4674 αύτου
872 4623 1101 4682 εἰπόντος
1172 4652 1238 4661 -
1295 4619 1568 4695 ἁρχιερεί;
1628 4620 1810 4695 Φρίξον

198 4711 415 4786 ούρανε,
472 4713 689 4770 ἓκστηθι
736 4718 831 4783 γῆ,
870 4719 933 4784 τῇ
972 4729 1025 4762 τε
1079 4718 1179 4761 τῶν
1232 4705 1428 4761 δούλων
1469 4707 1806 4783 ἀγνωμοσύνη

195 4805 300 4853 καὶ
364 4808 425 4871 τῇ
483 4807 573 4852 τοῦ
640 4804 900 4853 Δεσπότου
968 4799 1323 4872 μακροθυμίᾳ.
1380 4796 1449 4849 Ἴ).
1506 4797 1808 4871 πάντολμεῑ

194 4894 257 4943 τί
327 4886 551 4950 αὔθαδες
614 4887 1116 4964 ἀπεκρίνατο;ούχὶ
1192 4886 1379 4958 μᾶλλον
1450 4884 1663 4958 ἐτίμησε
1719 4891 1812 4945 τὴν

198 4978 636 5054 ἀρχιερωσύνην,
695 4983 765 5051 μὴ
826 4977 1032 5050 ἐλέγξας
1089 4979 1174 5028 τὸν
1236 4976 1487 5049 ἀρχιερέα
1541 4977 1814 5036 κακοήθως

1428 5156 1472 5188 ⁸³
1504 5151 1646 5208 ibid.
1669 5154 1755 5207 69.

279 5160 325 5194 οι
362 5156 556 5214 Matth.
581 5173 740 5223 τινι,
773 5158 863 5212 58.
978 5157 1025 5191 ⁶²
1048 5153 1192 5211 ibid.
1227 5157 1312 5211 58.

1938 521 2188 577 audiens
2226 522 2502 588 turbetur,
2532 524 2661 594 ejus
2688 525 3041 581 memoriam
3074 526 3152 582 ad
3178 526 3419 599 Caiphas
3442 531 3590 587 vati-

1935 610 2156 667 cinium
2186 617 2446 675 revocat,
2484 612 2850 682 signiﬁcans,
2890 615 3057 686 quod
3088 616 3455 673 moriebatur
3484 634 3585 690 pro

1932 715 2004 754 eo
2034 700 2198 772 quod
2230 700 2455 773 populo
2483 701 2857 773 expediebat,
2887 704 3011 759 sive
3040 720 3150 776 pro
3177 704 3365 761 salute
3394 706 3586 763 homi-

1932 804 2098 854 num,
2132 790 2315 846 veluti
2348 790 2605 862 Caiphas
2628 791 3104 863 prephetaverat.

2001 880 2159 933 Vers.
2198 880 2280 934 15.
2311 880 2678 951 Sequebatur
2707 912 2772 921 —
2802 881 3143 951 discipulus.
3165 883 3295 955 Ipse
3322 888 3413 940 est
3433 885 3586 941 alius

1927 963 2025 1019 ille
2042 965 2393 1038 discipulus.
2429 969 2635 1033 Quaere
2658 968 2888 1024 indicto
2925 970 3115 1041 capite
3146 973 3584 1029 enarrationem

1928 1052 2085 1110 illius
2144 1056 2450 1112 sententias
2490 1073 2503 1111 :
2542 1058 2753 1113 Petrus
2801 1062 2994 1114 autem
3050 1061 3395 1131 sequebatur
3452 1078 3582 1118 eum

1922 1144 2133 1214 procul
2154 1160 2334 1215 usque
2359 1145 2437 1199 ad
2460 1146 2683 1201 atrium
2713 1147 3007 1215 principis
3039 1150 3405 1205 sacerdotum
3440 1152 3507 1204 σι.

2002 1233 2159 1288 Vers.
2216 1235 2298 1287 15.
2364 1234 2700 1304 Discipulus
2723 1242 2922 1292 autem
2967 1268 3035 1276 —
3073 1239 3231 1292 Vers.
3278 1238 3368 1295 26.
3404 1240 3579 1307 foris.

1928 1321 2071 1378 Vide
2100 1322 2454 1379 modestiam
2495 1339 2563 1379 ac
2612 1324 2938 1381 fraternum
2995 1341 3286 1382 amorem.
3337 1330 3415 1384 Ne
3448 1329 3582 1400 quis

1926 1410 2088 1466 enim
2116 1416 2217 1468 aut
2246 1413 2445 1484 ipsum
2473 1412 2695 1479 laudet,
2736 1414 2892 1485 quod
2930 1414 3107 1470 simul
3146 1415 3453 1486 introierit,
3480 1421 3584 1473 aut

1927 1500 2165 1556 Petrum
2189 1502 2494 1574 vituperet,
2528 1501 2694 1574 quod
2737 1502 2877 1558 foris
2922 1505 3223 1573 manserit,
3252 1505 3392 1561 dicit
3416 1507 3581 1578 quod

1925 1589 2039 1645 sibi
2070 1591 2315 1662 quidem
2358 1597 2648 1663 tanquam
2672 1591 2954 1649 familiari
3006 1594 3301 1663 pontiﬁcis
3332 1595 3580 1666 permis-

1925 1695 2028 1733 sus
2059 1679 2130 1734 sit
2159 1680 2429 1736 introitus
2458 1696 2470 1735 :
2508 1681 2710 1736 Petrus
2747 1697 2890 1737 vero
2922 1686 3209 1754 tanquam
3240 1684 3580 1754 incognitus

1924 1767 2196 1824 exclusus
2210 1774 2317 1836 est,
2332 1774 2389 1825 et
2406 1773 2606 1825 tamen
2620 1770 2819 1827 adhuc
2833 1770 2909 1827 ad
2928 1771 3148 1827 ostium
3163 1774 3574 1844 permanebat,

1921 1857 2082 1930 quod
2114 1857 2285 1914 Petro
2325 1858 2522 1929 potius
2553 1857 2729 1915 datur
2757 1858 2940 1915 laudi.

1993 1949 2157 2004 Vers.
2203 1947 2284 2003 16.
2319 1948 2516 2005 Εωίυίε
2550 1979 2612 1988 —
2652 1948 2814 2003 Vers.
2844 1949 2932 2005 l7.
2987 1965 3132 2005 sum.
3182 1950 3389 2016 Quaere
3430 1967 3579 2022 prte-

1920 2035 2078 2091 dicto
2105 2036 2295 2108 capite
2330 2052 2342 2091 :
2367 2036 2442 2091 Et
2457 2038 2743 2107 ingressus
2771 2037 2928 2092 intro
2962 2037 3195 2094 sedebat
3224 2054 3353 2095 cum
3379 2039 3579 2095 minis-

1925 2126 2031 2180 tris
2056 2132 2122 2180 ut
2152 2126 2368 2181 videret
2385 2127 2563 2193 ﬁnem
2583 2128 2629 2161 ⁸³
2660 2130 2750 2191 ;et
2779 2124 2929 2195 lege,
2954 2142 3088 2198 quae
3121 2126 3202 2182 ibi
3231 2126 3390 2183 dicta
3412 2132 3571 2194 sunt,

1922 2230 2056 2269 cum
2097 2214 2213 2270 sint
2268 2215 2531 2270 maxime
2580 2215 2943 2271 necessaria.
2996 2215 3286 2272 Praeterea
3332 2232 3576 2290 quoque

1921 2304 2293 2371 sexagesimo
2333 2308 2500 2358 sexto
2527 2303 2715 2373 capite
2733 2302 2888 2358 illius
2919 2303 3224 2359 sententiae
3253 2307 3577 2361 enarratio-

1920 2406 2057 2446 nem
2084 2407 2096 2444 :
2117 2391 2321 2447 Petrus
2341 2397 2537 2447 autem
2556 2392 2792 2447 sedebat
2806 2392 2960 2460 foris
2975 2392 3036 2447 in
3058 2391 3235 2457 atrio,
3260 2398 3314 2448 et
3332 2395 3576 2450 accessit

1920 2481 2001 2536 ad
2026 2495 2155 2537 eum
2189 2496 2310 2536 una
2333 2480 2559 2537 ancilla
2587 2483 2655 2546 ⁸³,
2683 2485 2739 2536 et
2770 2485 3001 2537 caetera.

1990 2656 2157 2713 Vers.
2208 2661 2291 2713 18.
2342 2657 2598 2713 Stabant
2644 2687 2714 2699 —
2763 2657 3118 2728 calefaciens
3156 2673 3233 2713 se.
3288 2659 3574 2729 Ostendit,

1920 2745 2083 2818 quod
2111 2745 2234 2817 ipse
2270 2745 2328 2800 in
2379 2745 2639 2801 interiori
2679 2745 2829 2801 atrio
2873 2761 3011 2801 cum
3050 2751 3411 2817 praeceptore
3451 2763 3577 2803 ver—

1922 2851 2086 2900 sans,
2110 2834 2312 2891 omnia
2334 2834 2579 2892 videbat
2604 2839 2659 2890 et
2684 2834 2962 2891 audiebat
2996 2852 3008 2900 ;
3038 2835 3246 2890 Petrus
3270 2851 3407 2891 vero
3435 2851 3573 2892 cum

1922 2928 2073 2979 esset
2101 2923 2160 2978 in
2192 2923 2485 2987 exteriori,
2514 2922 2659 2979 nihil
2689 2923 2901 2979 horum
2934 2924 3177 2980 sciebat.

1992 3014 2153 3068 Vers.
2208 3016 2287 3087 lg.
2320 3013 2606 3083 Pontifex
2645 3013 2840 3084 itaque
2864 3044 2930 3053 —
2975 3016 3125 3084 ejus.
3157 3014 3238 3069 De
3265 3014 3573 3087 discipulis

1921 3102 2187 3175 quidem,
2220 3074 2463 3157 dbinam
2499 3107 2713 3171 essent,
2744 3106 2799 3158 et
2829 3118 3014 3175 quam
3045 3102 3124 3158 ob
3155 3118 3401 3159 causam
3433 3120 3576 3159 con-

1922 3196 2230 3263 gregasset
2259 3207 2401 3247 eos:
2452 3190 2526 3245 de
2564 3190 2836 3246 doctrina
2879 3207 3039 3257 vero,
3073 3192 3219 3262 quid
3258 3192 3497 3248 doceret
3521 3196 3579 3248 et

1921 3296 2127 3353 quare.
2144 3281 2281 3336 Hinc
2295 3286 2493 3336 autem
2526 3279 3147 3347 interrogavit,,volens
3162 3297 3300 3336 eum
3326 3295 3578 3350 arguere

1922 3374 2200 3442 tanquam
2216 3385 2386 3425 novae
2408 3368 2490 3425 rei
2512 3368 2881 3424 inventorem
2911 3384 2981 3425 ac
3000 3368 3371 3433 seditiosum,
3404 3370 3578 3442 quasi

1921 3457 2316 3515 conciliabula
2329 3457 2610 3531 quaedam
2629 3456 2962 3523 facientem,
2996 3473 3274 3531 novaque
3290 3460 3579 3530 dogmata

1922 3548 2289 3603 inferentem.
2324 3547 2503 3620 Atqui
2544 3546 2880 3618 frequenter
2925 3563 3064 3603 eum
3113 3546 3428 3604 docentem
3474 3563 3578 3603 au-

1921 3636 2127 3693 dierat.

1992 3726 2157 3783 Vers.
2191 3726 2278 3782 20.
2311 3758 2380 3766 —
2419 3726 2739 3795 Respondit
2762 3756 2826 3766 —
2853 3726 3090 3782 mundo.
3120 3725 3420 3782 Manifeste
3450 3740 3579 3782 om-

1922 3832 2058 3871 nem
2089 3816 2267 3871 docui
2298 3814 2609 3887 pOpulum,
2645 3830 2766 3870 non
2789 3816 2984 3870 solum
3011 3812 3358 3885 discipulos.

1993 3904 2153 3959 Vers.
2184 3908 2276 3960 20.
2301 3906 2427 3974 Ego
2450 3936 2515 3944 —
2538 3904 2711 3959 nihil.
2740 3903 2909 3970 Nihil,
2932 3902 3111 3974 quale
3142 3908 3200 3958 tu
3226 3904 3575 3975 suspicaris,

1921 3993 2272 4049 seditiosum
2305 3992 2533 4062 etquod
2562 3993 2813 4045 Dconon
2846 3991 2919 4045 sit
2943 3995 3200 4059 gratum.
3232 3992 3382 4055 Quid
3410 4007 3573 4059 ergo,

1922 4098 1998 4138 an
2033 4096 2151 4136 non
2190 4079 2530 4151 frequenter
2566 4078 2794 4133 occulte
2829 4077 3183 4150 loquebatur
3212 4078 3523 4151 discipulis
3548 4081 3576 4115 ⁸⁷

1921 4171 2151 4243 Utique,
2180 4169 2283 4223 sed
2316 4166 2460 4223 nihil
2491 4166 2603 4221 tale
2634 4166 2812 4238 quale
2841 4166 3101 4238 pontifex
3128 4166 3393 4239 putabat.

1989 4262 2149 4315 Vers.
2201 4260 2287 4313 2t.
2325 4256 2565 4326 Quid-—
2620 4271 2742 4326 ego.
2792 4258 2916 4311 Non
2967 4255 3337 4311 contumacis
3388 4257 3575 4311 verba

1921 4355 2080 4415 sunt,
2112 4347 2214 4402 sed
2246 4346 2319 4402 de
2347 4346 2700 4415 dogmatum
2741 4346 2979 4399 veritate
3019 4344 3391 4400 conﬁdentis.
3425 4344 3576 4410 Quid

1922 4454 2011 4494 me
2048 4442 2369 4506 interrogas
2398 4435 2426 4489 ?
2450 4434 2762 4503 Interroga
2806 4448 2893 4490 eos
2924 4434 3027 4503 qui
3065 4433 3382 4487 audierunt
3409 4451 3419 4489 :
3452 4448 3573 4488 non

1922 4524 2270 4597 discipulos,
2312 4522 2602 4580 sed‘alios
2629 4523 2827 4585 etiam,
2868 4520 2971 4593 qui
3016 4536 3137 4575 non
3174 4519 3571 4576 crediderunt.

1994 4618 2153 4670 Vers.
2195 4618 2289 4669 22.
2332 4614 2479 4669 Cum
2506 4616 2703 4667 autem
2747 4610 2863 4665 haec
2892 4610 3139 4667 dixisset
3168 4639 3236 4650 —
3266 4609 3525 4680 pontiﬁci
3547 4609 3576 4665 ‘1’

1924 4707 2164 4760 Horreto
2202 4702 2433 4767 caalum,
2478 4704 2747 4771 stupesce
2770 4704 2924 4754 terra
2953 4717 2965 4757 :
3003 4701 3129 4753 tum
3153 4698 3233 4754 ob
3264 4714 3574 4755 servorum

1923 4792 2256 4867 perfidiam,
2289 4795 2418 4846 tum
2443 4789 2521 4844 ob
2551 4788 2783 4845 Domini
2803 4786 3198 4844 clementiam.
3231 4787 3274 4844 Ο
3297 4787 3575 4843 audacis-

1924 4884 2096 4950 sime,
2144 4880 2435 4954 quidnam
2459 4877 2767 4950 respondit
2822 4878 3235 4933 contumacius
3271 4875 3300 4930 ?
3350 4892 3427 4932 an
3451 4891 3572 4931 non

1922 4971 2118 5045 potius
2143 4970 2433 5026 honorem
2458 4964 2669 5024 detulit
2684 4964 3077 5039 pontiﬁcatui,
3104 4965 3207 5037 qui
3228 4964 3572 5036 pontiﬁcem

1410 5330 1636 5400 Variae
1692 5329 2016 5398 lectiones
2071 5336 2136 5395 et
2176 5336 2375 5394 notas.

295 5536 392 5601 24)
436 5531 669 5588 Inclusa
698 5532 918 5588 absunt
945 5532 1012 5585 A.

295 5536 392 5601 24)
436 5536 669 5588 Inclusa
698 5536 918 5588 absunt
945 5536 1012 5585 A.

269 5536 393 5678 {'25)
437 5608 741 5679 Παρέριεινεν
773 5607 831 5659 Β.
1034 5676 1043 5679 Α
1237 5671 1308 5679 ΜΔ
1673 5674 1682 5679 _
1761 5669 1772 5679 '

269 5671 394 5752 (26)
437 5671 704 5751 Λνᾶγνωθι
781 5680 875 5735 τὴν
957 5676 1153 5727 τούτων
1229 5671 1498 5743 ἐξήγησιν,
1580 5671 1809 5726 cmteris

1918 5524 2170 5587 omissis,
2196 5529 2255 5576 Α.

1992 5596 2104 5666 (27)
2124 5594 2356 5650 Inclusa
2382 5593 2606 5649 absunt
2637 5594 2712 5651 A.
