4022 6232
495 231 634 289 1459

1829 226 2183 285 EUTHYMII
2216 224 2543 284 ZIGABENI
3670 237 3763 295 um

494 358 755 429 maligne
775 355 849 414 de
870 356 964 414 his
990 372 1122 429 quae
1144 357 1389 412 noverat
1408 353 1869 426 interrogantem
1900 369 2025 410 non
2045 369 2142 411 ar-

2261 353 2520 428 ἓρωτῶντα
2572 358 2692 427 περὶ
2747 353 2815 406 ὧν
2861 349 3018 426 ciris;
3060 355 3340 428 Δυνάμενος
3384 353 3466 411 οὖν
3517 366 3666 414 σεῖσαι
3704 370 3768 418 καὶ

496 448 735 521 guerit?
766 450 913 503 Cum
933 462 1072 517 ergo
1112 451 1318 518 posset
1341 461 1552 501 omnes
1595 451 1904 502 concutere
1956 449 2013 500 et
2040 445 2146 501 ob-

495 554 687 609 ruere,
747 541 851 593 aut
898 536 1013 592 alio
1042 534 1260 590 acerbo
1291 534 1476 593 modo
1531 534 1797 606 perdere,
1858 535 2148 607 patienter

495 628 624 695 fert,
679 626 985 699 verbaque
1016 624 1406 697 proloquitur,
1458 640 1588 697 quae
1627 639 1870 680 omnem
1915 624 2150 697 possint

497 716 824 773 dissolvere
850 715 1155 779 feritatem,
1179 729 1531 787 quanquam
1558 730 1678 770 non
1704 729 1840 770 eam
1860 729 1996 786 quae
2026 713 2149 769 illo-

497 822 631 862 rum
669 809 820 861 erat.

569 898 731 952 Vers.
773 898 862 952 23.
903 894 1220 964 Respondit
1260 924 1325 934 —
1366 893 1590 951 caedis?
1644 894 1847 950 Profer
1886 893 2148 949 testimo-

497 986 688 1052 nium,
729 985 842 1041 hoc
868 988 973 1051 est,
1015 984 1284 1051 ostende,
1336 984 1484 1056 quid
1527 984 1600 1040 sit
1629 984 1783 1040 male
1823 983 2146 1055 prolatum,

499 1091 685 1145 argue
725 1090 862 1130 eum
893 1078 995 1147 qui
1027 1075 1101 1129 sit
1130 1073 1284 1130 male
1311 1073 1571 1131 locutus.

574 1168 1061 1233 Quaeruntautem
1082 1162 1355 1236 quidam,
1369 1162 1679 1235 quomodo
1697 1178 1814 1218 non
1830 1162 2152 1218 obverterit

501 1255 758 1311 Christus
784 1258 838 1309 et
862 1253 1109 1309 alteram
1150 1252 1461 1311 maxillam
1498 1252 1854 1325 impingenti
1886 1253 2147 1325 alapam,

500 1344 651 1398 sicut
680 1342 966 1414 apostolis
1010 1341 1350 1399 faciendum
1396 1348 1782 1414 prmeeperat,
1822 1342 1927 1398 sed
1954 1343 2151 1414 potius

500 1432 844 1503 indignatus
871 1432 1152 1487 est?Nos
1219 1436 1418 1487 autem
1467 1431 1742 1501 dicimus,
1799 1431 1965 1504 quod
2004 1431 2151 1487 illud

499 1525 866 1595 praeceptum
897 1521 971 1576 de
1019 1536 1139 1576 non
1172 1521 1510 1577 ulciscendo
1541 1520 1650 1576 fuit
1681 1522 1989 1577 inductum
2013 1536 2150 1592 pro-

500 1616 632 1684 pter
669 1610 1007 1671 seditiones,
1034 1627 1169 1683 quae
1192 1611 1324 1666 inde
1349 1612 1694 1672 oriebantur
1725 1627 1920 1667 :nunc
1950 1616 2151 1668 tamen

503 1716 696 1774 neque
724 1700 985 1757 Christus
1013 1716 1149 1756 eum
1177 1700 1335 1756 ultus
1364 1706 1468 1766 est,
1498 1702 1601 1775 qui
1623 1702 1863 1773 alapam
1895 1702 2153 1774 impege—
2184 1725 2229 1781 Β

501 1795 614 1854 rat,
651 1791 793 1857 quin
824 1791 1037 1862 potius,
1065 1807 1203 1846 cum
1251 1790 1418 1846 illum
1458 1807 1579 1846 non
1623 1790 1927 1864 repulerit,
1960 1807 2155 1863 neque

501 1879 632 1951 ipse
670 1878 956 1941 resilierit,
990 1878 1067 1935 ad
1089 1879 1237 1935 alias
1255 1894 1491 1952 quoque
1511 1879 1722 1951 plagas
1745 1886 1987 1952 paratus
2015 1885 2152 1951 erat,

504 1968 611 2024 sed
644 1972 839 2040 partes
867 1984 1007 2023 suas
1031 1967 1314 2033 defendit,
1340 1985 1410 2024 ne
1433 1969 1742 2040 quomodo
1770 1969 1816 2025 si
1855 1969 2153 2035 tacuisset,

503 2064 825 2113 contumax
874 2055 1188 2122 videretur,
1218 2057 1292 2113 de
1348 2074 1472 2129 quo
1514 2059 1695 2113 etiam
1735 2058 2154 2114 accusabatur.

574 2149 737 2201 Vers.
798 2147 886 2201 24.
960 2146 1121 2201 Misit
1168 2178 1238 2188 —
1293 2147 1450 2202 Vers.
1508 2147 1595 2203 27.
1647 2148 1870 2203 Petrus.
1908 2150 2158 2219 Sexage-

504 2235 656 2290 simo
694 2235 905 2306 quinto
933 2235 1235 2304 Evangelii
1273 2235 1445 2305 juxta
1484 2236 1825 2291 Matthaaum
1856 2235 2050 2307 capite
2080 2235 2156 2290 de

501 2322 594 2379 his
663 2322 970 2391 diligenter
1021 2322 1383 2393 disputatum
1431 2329 1536 2388 est,
1592 2323 1695 2379 ubi
1728 2323 2018 2379 habetur:
2075 2326 2154 2379 Et

502 2414 790 2482 ingressus
815 2414 974 2467 intro
1002 2411 1228 2468 sedebat
1254 2428 1386 2469 cum
1406 2412 1720 2479 ministris,
1746 2419 1811 2469 ut
1839 2414 2066 2471 videret
2081 2416 2154 2485 ﬁ-

501 2516 633 2558 nem
660 2502 729 2554 σι.

575 2591 738 2647 Vers.
780 2590 868 2646 27.
900 2591 1226 2663 Statimque
1260 2591 1458 2663 gallus
1485 2592 1707 2649 cecinit.
1747 2594 1950 2659 Quaere
1981 2609 2152 2650 sexa-

503 2681 732 2751 gesimo
758 2686 922 2736 sexto
947 2680 1085 2737 dicti
1116 2681 1495 2752 evangelista!
1526 2682 1719 2752 capite
1749 2683 1851 2738 ubi
1884 2682 2152 2739 similiter

501 2770 718 2826 dicitur
757 2793 768 2825 :
825 2769 1145 2844 Statimque
1180 2771 1367 2842 gallus
1407 2773 1619 2829 cecinit
1667 2774 1713 2808 ⁸⁵
1744 2788 1757 2839 ;
1785 2788 1925 2829 nam
1968 2771 2051 2828 ibi
2075 2772 2151 2828 de

500 2859 615 2915 hoc
642 2857 950 2916 manifeste
972 2859 1192 2915 dictum
1223 2864 1330 2917 est.

575 2950 729 3004 Vers.
764 2953 851 3005 28.
876 2951 1109 3005 Ducunt
1132 2981 1200 2990 —
1218 2950 1463 3006 Pascha.
1490 2953 1711 3006 Horum
1734 2965 1967 3023 quoque
1994 2949 2151 3007 facta

502 3041 592 3093 est
624 3038 845 3093 mentio
876 3038 935 3093 in
966 3037 1082 3093 ﬁne
1125 3039 1515 3111 praecedentis
1563 3039 1643 3094 ibi
1674 3037 1903 3111 capias,
1937 3039 2037 3093 ubi
2067 3039 2152 3094 di-

478 3127 651 3183 -citur
680 3146 693 3183 :
720 3128 898 3183 Mane
934 3133 1128 3185 autem
1153 3130 1310 3199 facta
1328 3129 1638 3185 consilium
1663 3130 1927 3185 inierunt
1955 3144 2152 3186 omnes

500 3216 803 3286 principes
833 3217 1200 3273 sacerdotum
1243 3233 1313 3273 ac
1368 3218 1616 3274 seniores
1641 3217 1852 3288 populi
1881 3218 2151 3275 adversus

504 3306 722 3373 Jesum,
753 3312 819 3361 ut
854 3322 983 3362 eum
1021 3307 1197 3362 morti
1220 3307 1524 3363 traderent
1551 3309 1620 3361 ⁸⁵.

575 3395 739 3450 Vers.
761 3399 849 3451 29.
864 3396 1067 3452 Exibit
1080 3427 1145 3437 —
1165 3398 1321 3451 Vers.
1347 3398 1407 3452 31
1423 3439 1434 3450 .
1450 3412 1600 3452 eum.
1629 3399 1761 3453 Haec
1776 3412 2017 3470 quoque
2031 3413 2154 3453 om-

503 3482 600 3538 nia
638 3484 717 3539 ibi
748 3484 1054 3540 declarata
1076 3490 1213 3540 sunt
1238 3484 1507 3557 sequenti
1525 3486 1736 3557 capite,
1769 3486 1865 3541 ubi
1890 3487 2152 3558 positum

505 3577 591 3626 est
611 3590 623 3626 :
640 3574 837 3628 .lesum
857 3580 1053 3629 autem
1066 3575 1225 3629 stetit
1237 3590 1431 3629 coram
1444 3576 1697 3643 praeside
1708 3577 1755 3611 ’7
1769 3593 1786 3646 ;
1801 3575 1931 3643 lege
1943 3590 2084 3642 ergo
2098 3580 2154 3631 et

504 3659 624 3713 illa.
649 3659 763 3714 Sed
788 3660 1272 3731 quomodo,cum
1295 3661 1645 3717 dicanteum
1661 3678 1788 3718 esse
1814 3663 2152 3719 malefacto-

502 3761 647 3810 rem,
678 3747 871 3802 tacet?
896 3747 1044 3811 Quia
1060 3747 1129 3803 de
1151 3747 1263 3804 hoc
1285 3748 1896 3820 noninterrogabatur
1917 3767 1930 3818 ;
1950 3750 2153 3824 itaque

502 3833 786 3906 patienter
816 3835 1084 3891 sustinet.

575 3924 736 3981 Vers.
762 3928 823 3981 31
841 3970 853 3983 .
882 3925 1182 3982 Dixerunt
1196 3957 1265 3967 —
1277 3942 1650 3999 quemquam.
1667 3929 1848 3986 Cruce
1864 3929 2153 3988 videlicet.

505 4013 629 4068 Hoc
671 4018 869 4070 autem
922 4014 1220 4081 dixerunt,
1262 4031 1383 4072 non
1418 4021 1648 4073 tantum
1686 4018 1860 4091 quasi
1904 4018 2156 4091 subjecti

503 4102 774 4159 dominio
798 4106 1215 4168 Romanorum,
1236 4110 1293 4160 et
1321 4107 1563 4177 propria
1584 4106 1797 4178 privati
1820 4113 2110 4179 potestate
2139 4125 2152 4164 :

503 4197 792 4264 quantum
845 4193 1111 4249 volentes
1143 4194 1435 4250 Christum
1487 4211 1661 4251 cruce
1699 4196 1914 4263 occidi,
1957 4197 2157 4253 miser-

502 4281 652 4338 rima
681 4281 902 4338 scilicet
927 4298 994 4338 ac
1022 4281 1593 4351 ignominiosissima
1626 4290 1836 4353 morte,
1867 4285 2032 4358 quod
2062 4286 2157 4343 lex

503 4370 587 4426 eis
613 4386 735 4426 non
764 4371 1157 4441 permittebat.
1190 4374 1338 4428 Nam
1366 4373 1531 4445 quod
1565 4372 1683 4429 alio
1703 4374 1886 4431 modo
1911 4375 2159 4447 perime-

503 4463 652 4526 rent,
681 4459 939 4517 ostendit
965 4460 1302 4533 Stephanus
1330 4460 1658 4534 lapidatus.

574 4636 735 4691 Vers.
769 4641 856 4694 32.
893 4641 962 4695 Ut
993 4647 1213 4697 —esset
1238 4642 1582 4699 moriturus.
1625 4643 1746 4699 Hoc
1766 4642 2062 4711 dixerunt,
2097 4649 2162 4702 ut

504 4724 1273 4800 sermoJesucompleretur.
1304 4731 1709 4803 Complendus
1734 4732 1893 4789 enim
1908 4737 2053 4798 erat,
2071 4734 2162 4789 in-

503 4812 650 4886 quit,
668 4828 863 4870 sermo
876 4815 924 4885 ej
936 4831 1211 4889 us,quem
1226 4818 1461 4876 locutus
1474 4820 1666 4877 fuerat
1679 4821 1882 4877 dicens
1898 4822 2170 4880 :Siexal-

504 4906 661 4961 tatus
671 4904 840 4974 fuero
853 4918 889 4961 a
902 4907 1284 4973 terra,omnes
1296 4909 1528 4966 traham
1542 4910 1624 4967 ad
1634 4912 1918 4981 meipsum
1933 4912 2170 4977 “,‘sicut

574 5049 620 5083 ⁸⁸
652 5046 851 5107 Matth.
877 5063 1039 5121 xxw,
1080 5049 1167 5106 58.
1281 5052 1328 5088 ⁸⁸
1369 5051 1515 5109 ibid.
1541 5058 1628 5110 74.

1742 5055 1789 5090 ⁶⁶
1823 5054 2025 5110 Matth.
2059 5070 2233 5122 xxvn,
2270 5059 2321 5111 l.

2258 452 2576 515 καταχῶσαι
2596 444 2809 506 πάντας,
2851 447 2881 503 ἣ
2913 448 3004 497 καὶ
3034 448 3219 516 τρόπον
3248 447 3407 519 ἕτερον
3436 456 3609 520 πικρῶς
3631 448 3771 506 dum.

2259 552 2369 597 σαι,
2411 535 2740 609 μακροθυμεῖ
2773 538 2864 586 καὶ
2915 535 3191 606 φθέγγεται
3238 535 3458 611 ῥήματα,
3506 544 3655 590 πᾶσαν
3691 545 3773 609 (28)

2257 620 2500 674 ἐκλύοντα
2539 617 2852 695 θηριωδίαν,
2881 621 2925 676 εἰ
2952 626 3041 674 καὶ
3070 628 3140 696 μὴ
3167 627 3255 682 τὴν
3295 622 3507 678 ἐκείνων.

2333 890 2612 964 ’Δπεκρίθη
2664 921 2733 931 -
2783 887 3022 965 δαίρεις;
3072 921 3140 933 —
3186 893 3518 967 Μαρτύρησον
3572 901 3674 968 περὶ
3715 906 3781 949 τοῦ

2258 988 2442 1047 κακοῦ,
2474 983 2762 1045 τουτέστιν,
2797 976 3099 1044 Ἀπόδειξον
3138 984 3195 1033 τὸ
3224 989 3387 1043 κακῶς
3412 981 3627 1051 λαληθεν,
3656 982 3782 1056 [ελεγι

2261 1070 2344 1133 ξον
2377 1070 2486 1137 (29)
2518 1079 2691 1132 κακῶς
2718 1070 3070 1141 lauacrum].

2331 1166 2562 1217 Ζητοῡσι
2608 1163 2697 1232 μὲν
2750 1156 2836 1212 οὖν
2888 1179 3019 1221 τινες
3064 1166 3170 1221 πῶς
3220 1160 3313 1212 οὐκ
3350 1160 3552 1237 ἔστρεψε
3597 1169 3673 1216 καὶ
3716 1168 3785 1222 τὴν

2260 1249 2417 1308 ἄλλην
2458 1254 2681 1321 σιαγόνα
2722 1250 2747 1301 6
2786 1253 3017 1324 Χριστὸς
3057 1258 3129 1321 τῷ
3171 1251 3464 1324 ῥαπίσαντι,
3512 1253 3662 1316 καθὼς
3707 1262 3789 1315 τοῖς

2262 1338 2568 1400 ἀποστόλοις
2640 1338 2915 1391 ἐνετεΰιατο
2972 1347 3156 1405 ποιεῖν,
3219 1338 3344 1393 ἀλλὰ
3398 1340 3573 1413 μᾶλλον
3632 1343 3788 1413 ἠγανά-

2260 1448 2456 1496 κτησε;
2495 1433 2719 1501 Λέγομεν
2783 1424 2842 1481 δὲ
2897 1430 3049 1502 ἡμεῖς
3105 1430 3184 1481 ὅτι
3236 1434 3326 1482 καὶ
3376 1431 3405 1488 ἠ
3463 1429 3620 1490 ἐντολή
3663 1429 3787 1489 ἐκείνη

2260 1521 2317 1570 τὸ
2369 1522 2437 1590 μή
2476 1516 2763 1590 ἀμύνεσθαι
2803 1517 3128 1589 εἰσηγήσατο
3169 1515 3264 1570 διὰ
3313 1520 3399 1579 τὰς
3448 1518 3648 1573 ἐντεῦθεν
3698 1525 3792 1573 στά-

2268 1624 2409 1669 σεις·
2444 1613 2535 1660 καὶ
2571 1615 2658 1658 νῦν
2704 1604 2764 1660 δι
2807 1608 2831 1659 6
2879 1611 3107 1679 Χριστὸς
3150 1608 3244 1660 οὐκ
3295 1608 3518 1680 ἠμύνατο
3560 1613 3633 1661 τὸν
3670 1611 3792 1684 ῥαπί-

2268 1717 2430 1750 σαντα
2460 1714 2472 1726 ⁸
2540 1696 2729 1769 μᾶλλον
2809 1700 2897 1768 μὲν
2967 1693 3074 1762 οὖν,
3130 1701 3199 1757 μὴ
3258 1699 3612 1770 παρωσάμενος
3656 1700 3791 1761 αὐτὸν,

2264 1783 2395 1859 μηδ’
2428 1783 2803 1855 ἀποπηδήσας,
2842 1787 3041 1857 ἕτοιμος
3097 1782 3158 1844 ἦν
3196 1791 3288 1838 καὶ
3340 1790 3468 1860 πρὸς
3498 1787 3651 1859 ἑτέρας
3688 1787 3793 1844 πλη-

2262 1876 2379 1945 γάς.
2408 1871 2910 1946 Ἐδικαιολογήσατο
2936 1872 2993 1927 δι
3025 1875 3109 1927 ἵνα
3130 1878 3203 1948 μὴ
3239 1894 3507 1937 σιωπησας
3534 1872 3649 1950 δόξῃ
3674 1876 3794 1929 αὐθά-

2264 1958 2378 2029 δης,
2413 1962 2438 2015 ὃ
2469 1968 2558 2015 καὶ
2588 1962 2829 2037 ᾐτιάθη]

2336 2140 2659 2195 Ἀπέστειλεν
2709 2171 2776 2182 —-
2826 2145 3036 2214 Πέτρος.
3088 2142 3169 2195 Ἐν
3217 2149 3293 2213 τῷ
3336 2142 3585 2215 ἑξηκοστῳ
3627 2147 3795 2214 πέμπτῳ

2261 2230 2517 2302 κεφαλαίῳ
2560 2237 2653 2283 τοῦ
2701 2234 2836 2283 κατὰ
2882 2232 3148 2285 Ματθαῑον
3195 2231 3572 2305 ἠκριϐολογήθη
3601 2233 3697 2304 (30)
3731 2237 3797 2284 καὶ

2261 2324 2379 2394 περὶ
2400 2324 2613 2389 τούτων,
2647 2322 2767 2372 ἔνθα
2791 2328 2960 2373 κεῖται
2979 2325 3035 2373 τό
3061 2338 3072 2350 ·
3102 2325 3201 2374 Καὶ
3223 2320 3463 2374 εἰσελθὼν
3490 2324 3582 2374 ἔσω
3601 2320 3795 2394 [ἐκάθητο

2260 2411 2389 2482 μετὰ
2412 2418 2511 2461 τῶν
2539 2410 2805 2484 ὑπηρετῶν
2838 2406 2968 2463 ἰδεῖν
2994 2413 3052 2462 τὸ
3081 2409 3276 2484 τέλος]

2333 2594 2433 2643 Καὶ
2473 2589 2653 2651 εὐθέως
2682 2588 2903 2663 ἀλέκτωρ
2936 2587 3182 2662 ἐφώνησε.
3218 2588 3482 2663 [Ζήτησον
3510 2588 3553 2642 ἄν
3578 2596 3640 2661 τῷ
3662 2587 3795 2652 Eiuro-

2262 2688 2368 2743 στῷ
2390 2681 2518 2752 ἕκτῳ
2557 2679 2813 2753 κεφαλαίῳ
2834 2686 2923 2732 τοῦ
2952 2680 3193 2755 ῥηθέντος
3224 2680 3585 2752 εὐαγγελιστοῦ
3614 2683 3663 2731 τό
3682 2698 3693 2711 ⁸
3723 2683 3796 2731 Καὶ

2261 2768 2442 2830 εὐθέως
2468 2767 2693 2842 ἀλέκτωρ
2726 2767 3000 2841 ἐφώνησεν.
3035 2770 3178 2824 Ἐκεῖ
3216 2773 3323 2843 γὰρ
3369 2769 3549 2845 ἐρρήθη
3578 2772 3679 2841 περὶ
3707 2768 3794 2818 τού-

2258 2878 2350 2911 του
2385 2858 2605 2933 σαφῶς.]

2330 2946 2586 3020 ’Ἄγουσιν
2609 2978 2675 2991 -
2694 2949 2912 3019 Πάσχα.
2936 2947 3325 3020 Ἐμνημονεύθη
3336 2967 3428 3000 σαν
3448 2949 3555 3019 (3i)
3578 2951 3796 3000 καὶταῦτα

2190 3076 2230 3133 C
2262 3035 2311 3089 ἓν
2339 3046 2411 3108 τῷ
2438 3036 2565 3090 τέλει
2600 3044 2689 3089 τοῦ
2717 3033 3038 3097 δηλωθεντος
3061 3036 3368 3109 κεφαλαίου,
3395 3039 3517 3091 ὅπου
3538 3043 3608 3089 τοο
3638 3037 3799 3107 Πρωῖας

2265 3122 2299 3179 δ
2303 3129 2324 3179 'e
2347 3131 2636 3198 γενομένης,
2667 3125 2980 3199 συμϐούλιον
3001 3124 3178 3178 ἔλαϐον
3204 3129 3390 3187 πάντες
3409 3129 3457 3178 οἱ
3486 3124 3713 3199 ἀρχιερεῖς
3731 3128 3798 3173 καὶ

2261 3218 2310 3267 οἱ
2340 3215 2679 3289 πρεσϐύτεροι
2720 3223 2809 3268 τοῦ
2839 3215 2964 3268 λαοῦ
2997 3218 3132 3268 κατὰ
3175 3223 3272 3267 τοῦ
3304 3216 3500 3281 Ἰησοῦ,
3541 3218 3655 3267 ὥστε
3685 3215 3797 3266 θανα-

2261 3304 2429 3357 τῶσαι
2455 3304 2629 3359 αὐτόν.

2332 3393 2570 3457 Ἐξῆλθεν
2623 3425 2689 3433 -
2729 3393 2904 3448 αὐτόν.
2993 3398 3090 3447 Καὶ
3153 3401 3327 3447 ταῦτα
3396 3395 3558 3447 πάντα
3620 3387 3797 3462 διηρμηε

2260 3485 2517 3542 νεύθησαν
2548 3482 2668 3547 ἐκεῖ,
2706 3482 2753 3535 ἐν
2786 3491 2856 3553 τῷ
2893 3481 3065 3554 ἑφεξῆς
3109 3483 3392 3555 κεφαλαίῳ,
3436 3484 3550 3535 ἔνθα
3581 3485 3644 3534 τό.
3671 3479 3719 3531 ’0
3756 3473 3798 3528 δι

2264 3573 2471 3633 Ἰησοῦς
2500 3575 2622 3630 ἔστη
2657 3574 2944 3645 ἔμπροσθεν
2976 3579 3066 3623 τοῦ
3096 3572 3366 3643 ἡγεμόνος.
3405 3570 3687 3642 [Ἃνάγνωθι
3711 3565 3797 3639 (3'2)

2262 3658 2349 3713 οὖν
2389 3659 2619 3716 κάκεῖνα.
2662 3659 2819 3713 Ἀλλὰ
2850 3669 2975 3727 πῶς,
3008 3660 3253 3713 εἰπόντων
3285 3664 3368 3713 ὅτι
3405 3664 3664 3720 κακοποιὸς
3696 3656 3795 3717 ἐστι,

2266 3758 2434 3823 σιγᾷς
2477 3754 2616 3803 Διότι
2668 3749 2762 3803 οὐκ
2809 3750 3056 3823 ἠρωτήθη
3126 3754 3249 3823 περὶ
3304 3753 3504 3803 τούτου.
3546 3746 3798 3810 ’Δνεξικακεί

2265 3835 2396 3910 οὖν,]

2338 3925 2491 3982 Εἶπον
2549 3961 2616 3969 -
2663 3925 2869 3983 οὐδένα.
2936 3936 3148 4003 Σταυρῷ
3211 3930 3329 4002 (33)
3394 3925 3636 3986 δηλονότι.
3678 3927 3797 3976 Τοῦτο

2264 4020 2365 4092 γὰρ
2422 4014 2561 4070 εἶπον
2631 4018 2690 4070 οὐ
2761 4024 3006 4071 τοσοῦτον
3072 4020 3141 4080 ὡς
3199 4023 3428 4091 κείμενοι
3478 4019 3568 4069 ὑπὸ
3617 4019 3695 4071 τὴν
3740 4006 3798 4062 δε·

2269 4112 2514 4159 σποτείαν
2565 4115 2665 4158 τῶν
2715 4106 2977 4179 Ῥωμαίων
3024 4112 3113 4159 καὶ
3162 4105 3485 4181 ἀφῃρημένοι
3532 4108 3611 4162 τὴν
3652 4100 3797 4153 cinia?

2266 4194 2525 4262 ἐξουσίαν,
2568 4198 2688 4249 ὅσον
2736 4197 2801 4257 ὡς
2849 4194 3156 4268 βουλόμενοι
3185 4196 3306 4268 (34)
3351 4202 3550 4269 σταυρῷ
3585 4194 3658 4244 τὸν
3696 4195 3796 4259 Χρι-

2268 4288 2389 4338 στὸν
2447 4285 2798 4359 ἀναιρεθῆναι,
2842 4293 2915 4356 τῷ
2962 4285 3323 4357 χαλεπωτάτῳ
3389 4289 3477 4337 καὶ
3524 4274 3795 4342 ἐπονειδίστῳ

2269 4377 2490 4445 θανάτῳ,
2555 4377 2675 4449 ὅπερ
2736 4376 2762 4427 6
2815 4379 2970 4448 νόμος
3018 4374 3113 4428 οὐκ
3173 4373 3443 4451 ἐπέτρεπεν
3496 4371 3667 4431 αὐτοῖς.
3713 4363 3797 4416 Ὀτι

2265 4466 2366 4538 γὰρ
2430 4463 2610 4539 ἑτέρως
2668 4462 2888 4537 ἀνῄρουν
2945 4460 3210 4517 δείκνυσιν
3286 4465 3313 4517 6
3367 4466 3599 4535 στέφανος
3640 4454 3796 4514 λιθαζά’

2267 4572 2438 4626 μενος.

2338 4641 2449 4696 Ἵνα
2504 4674 2564 4682 -
2645 4641 2841 4715 ἔμελλεν
2917 4640 3287 4701 ἀποθνήσκειν.
3347 4648 3507 4695 Τοῦτο
3572 4635 3688 4691 εἶπον
3738 4632 3797 4681 ἵνα

2270 4732 2296 4784 6
2348 4731 2502 4804 λόγος
2546 4739 2637 4785 τοῦ
2691 4731 2867 4790 Ἰησοῦ
2920 4730 3193 4805 πληρωθῇ.
3251 4730 3467 4805 Ἔμελλε
3512 4729 3623 4801 γὰρ,
3662 4723 3796 4796 φησὶη

2278 4825 2303 4876 6
2368 4822 2518 4893 λόγος
2596 4821 2756 4874 αὐτοῦ
2811 4819 3168 4895 πληρωθῆναι,
3236 4819 3290 4872 ὃν
3357 4817 3482 4886 εἷπε,
3530 4816 3699 4887 λίγωνο
3742 4808 3793 4859 ὅτι

2276 4913 2392 4967 Ἐὰν
2471 4911 2664 4983 ὑψωθῶ
2740 4908 2795 4963 ἐκ
2846 4919 2935 4972 τῆς
3011 4917 3133 4981 γῆς,
3198 4911 3395 4970 πάντας
3484 4905 3659 4960 ἑλκύσω
3709 4897 3795 4973 ερὲς

2436 5057 2481 5092 ⁸⁷
2515 5054 2655 5111 ibid.
2690 5055 2779 5112 11.
2895 5054 2943 5089 ⁸⁸
2983 5053 3154 5109 Joan.
3188 5068 3285 5125 xu,
3316 5050 3410 5109 32.

1697 5232 1923 5303 Variae
1966 5233 2301 5304 lectiones
2347 5244 2408 5303 et
2466 5241 2668 5303 notae.

596 5436 686 5501 28)
718 5433 899 5485 Πᾶσαν
945 5425 1211 5501 κωλύοντα
1233 5428 1301 5485 Α.
1333 5428 1341 5443 ³

596 5437 686 5501 28)
718 5437 899 5485 Πᾶσαν
945 5437 1211 5480 κωλυοντα
1233 5437 1300 5485 Α.

573 5437 685 5575 ξὲθ)
723 5501 959 5575 Inclusa
989 5498 1205 5555 absunt
1233 5502 1300 5575 ᾼ.

575 5507 665 5575 ('29
723 5507 959 5558 Inclusa
989 5507 1205 5555 absunt
1233 5507 1269 5554 Α

570 5507 685 5646 (3οζ
712 5571 1156 5647 Ἰἰκριϐολόγηται
1187 5571 1269 5647 A_.’

570 5639 681 5721 (31)
715 5639 1183 5718 Εμνημονεύθησαν
1210 5640 1258 5695 ἐν
1289 5649 1356 5715 τῷ
1382 5642 1511 5695 τέλει
1548 5649 1641 5697 τοῦ
1681 5639 1935 5702 δηλωθέν-

2266 5451 2352 5494 τος
2373 5430 2673 5504 κεφαλαίου,
2708 5430 2943 5504 caeteris
2966 5427 3232 5497 omissis,
3273 5427 3347 5485 Α.

2336 5501 2447 5575 (32)
2493 5502 2723 5558 inclusa
2757 5501 2974 5559 omittit
3003 5504 3083 5560 Α.

2490 5582 2795 5647 Σταυρῶσαι
2874 5615 2887 5627 .

2362 5645 2450 5716 34)
2491 5645 2799 5722 Σταυρῶσαι
2824 5645 2889 5700 Α.
