4022 6232
166 301 300 359 4461

1187 300 1551 360 COMMENT.
1593 304 1667 360 IN
1701 303 2045 362 JOANNEM.
2083 339 2151 347 —
2182 306 2335 365 CAP.
2378 310 2530 367 XIX.

3397 325 3536 382 1462

165 426 414 502 ἆμαυτὸν,
452 429 524 491 ὡς
551 433 642 483 καὶ
688 428 792 483 ἐκεῖ
828 431 855 483 6
897 428 1263 501 εὐαγγελιστὴς
1299 435 1738 504 παρεσημειώσατ

1880 435 2062 493 etiam
2080 437 2163 495 ibi
2190 441 2546 514 signiﬁcavit
2567 447 2950 518 evangelista,
2965 450 3214 521 addens,
3233 455 3400 527 quod
3426 457 3533 514 hoc

161 524 288 595 περὶ
315 522 523 584 τούτου,
557 518 826 592 [προσθεὶς
872 518 983 592 (35)
1015 520 1095 571 ὃτι
1125 527 1279 570 τοῦτο
1327 519 1462 591 ὒεγε
1504 525 1768 593 σημαίνων

161 627 301 680 ποιῳ
344 610 544 681 θανάτῳ
581 608 778 681 ἔμελλεν
827 607 1191 672 ἀποθνήσκειν,
1240 612 1502 661 τουτέστιν
1541 610 1768 663 αἰνιττό-

161 717 317 770 μενος
340 700 429 750 τὸν
457 696 731 772 σταυρόν.]

234 787 489 848 Εἰσῆλθεν
550 819 616 828 -
666 786 799 860 ἐμοί.
854 787 955 859 [Ἐν
1008 786 1178 859 ἐκείνῳ
1232 787 1347 859 (36)
1385 797 1459 859 τῷ
1510 788 1765 861 κεφαλαίῳ

157 876 385 940 καθεξῆς
415 879 656 951 εὑρήσεις
684 881 775 928 καὶ
800 881 919 950 περὶ
946 879 1162 951 τούτων,
1194 879 1242 929 ἐν
1285 885 1346 949 τῇ
1377 876 1623 949 ἐξηγήσει
1652 887 1761 931 τοῦ·

162 971 269 1020 Καὶ
294 966 628 1039 ἐπηρώτησεν
672 966 828 1019 αὐτὸν
870 967 896 1018 6
922 967 1122 1038 ἡγεμὼν
1162 965 1340 1037 λέγων’
1374 971 1440 1019 Σύ
1468 965 1516 1020 εἰ
1539 969 1564 1019 ό
1597 966 1764 1041 βασι-

156 1055 273 1117 λεὺς
301 1065 402 1109 τῶν
429 1052 697 1109 Ἰουδαίων
710 1056 752 1127 ς]

230 1150 391 1198 Τί-
566 1145 706 1197 Ἐκεῖ
737 1148 828 1197 καὶ
865 1151 1033 1197 ταῦτα
1074 1148 1431 1216 τετυχήκασιν
1470 1144 1764 1219 ἐξηγήσεως

156 1233 472 1294 ἀκολούθως.

230 1324 370 1396 Ἐγὼ
406 1352 473 1362 —
525 1322 759 1394 ἀληθείᾳ.
788 1321 1177 1397 Ἐρωτήσαντος
1216 1321 1263 1374 ἓν
1320 1321 1464 1397 ἀρχῇ
1514 1332 1606 1376 τού
1665 1332 1763 1378 Πι-

154 1412 340 1479 λάτου,
397 1416 463 1465 Σύ
521 1410 568 1465 εἶ
617 1413 643 1463 6
702 1410 946 1484 βασιλεὺς
1009 1419 1110 1464 τῶν
1163 1408 1455 1478 Ἰουδαίων,
1510 1418 1598 1466 καὶ
1636 1413 1761 1468 ἀπο·

156 1503 427 1572 κριθέντος
484 1510 574 1553 τού
627 1506 820 1575 Κυρίου
880 1502 957 1553 ὅτι
1007 1500 1064 1554 Ἠ
1115 1499 1361 1573 βασιλεία
1420 1505 1449 1561 ἠ
1516 1501 1610 1567 ἐμὴ
1666 1505 1760 1556 οὐκ

153 1594 301 1643 ἔστιν
372 1589 426 1642 ἐκ
507 1597 598 1642 τοῦ
646 1594 847 1662 κόσμου
904 1593 1113 1658 τούτου,
1175 1595 1264 1642 καὶ
1326 1589 1549 1664 βασιλέα
1598 1591 1760 1647 ἐντεῦ-

153 1681 241 1731 θεν
291 1680 646 1752 ὑποφήναντος
698 1679 897 1747 ἑαυτὸν,
946 1679 989 1732 εἰ
1031 1685 1122 1731 καὶ
1176 1684 1247 1751 μὴ
1304 1678 1527 1751 ἐπίγειον
1558 1699 1569 1710 ·
1604 1682 1757 1735 πάλιν

1879 530 2126 597 dicebat,
2145 534 2481 604 signiﬁcans
2492 553 2607 608 qua
2624 546 2812 598 morte
2825 548 2970 600 esset
2986 544 3316 603 moriturus
3329 548 3399 615 ⁸9,
3418 546 3532 606 hoc

1877 622 1983 683 est,
2007 623 2374 696 zenigmatice
2395 631 2647 684 mortem
2677 630 3029 701 designans.

1946 804 2109 862 Vers.
2149 808 2234 861 33.
2278 807 2583 879 Ingressus
2614 841 2680 852 —
2718 813 2879 869 Vers.
2914 815 3002 870 35.
3036 816 3205 873 mihi.
3239 818 3405 877 Dicto
3435 836 3527 878 ca-

1874 890 1993 961 pite
2031 894 2209 950 etiam
2248 896 2323 951 de
2358 897 2450 953 his
2491 914 2596 970 per
2633 901 2907 959 ordinem
2938 902 3225 974 invenies,
3260 908 3322 964 in
3361 908 3521 965 illius

1873 980 2011 1036 dicti
2050 985 2422 1041 enarratione
2464 1005 2477 1040 :
2509 990 2590 1043 Et
2618 989 3004 1061 interrogavit
3033 1008 3163 1051 eum
3188 1011 3405 1066 praeses
3440 1000 3527 1055 di-

1873 1085 2019 1135 cens,
2047 1074 2132 1127 Tu
2157 1088 2216 1129 es
2246 1090 2350 1130 rex
2375 1076 2713 1135 Judavorum
2752 1081 2800 1116 7°
2830 1081 2858 1135 ?

1942 1160 2112 1216 Vers.
2143 1162 2232 1217 35.
2269 1162 2422 1230 Quid
2459 1196 2528 1205 —
2556 1167 2718 1222 Vers.
2761 1168 2852 1224 37.
2886 1186 3004 1241 ego.
3048 1171 3136 1229 Ibi
3176 1174 3355 1231 etiam
3394 1176 3524 1233 haec

1870 1256 2305 1322 consequenter
2333 1254 2536 1310 sortita
2567 1260 2706 1312 sunt
2740 1261 3202 1321 enarrationem.

1939 1338 2106 1393 Vers.
2140 1342 2227 1395 37.
2256 1341 2382 1410 Ego
2411 1373 2480 1382 —
2501 1345 2755 1400 veritati.
2791 1347 2934 1402 Cum
2960 1364 2996 1405 a
3026 1349 3318 1423 principio
3344 1352 3520 1411 inter-

1869 1431 2133 1495 rogasset
2152 1428 2396 1496 Pilatus,
2433 1433 2514 1487 Tu
2540 1447 2597 1490 es
2626 1449 2737 1491 rex
2754 1436 3106 1494 Judworum
3128 1441 3157 1494 ?
3186 1456 3256 1498 ac
3281 1457 3522 1515 respon-

1867 1514 2047 1571 disset
2062 1517 2631 1592 Dominus:Regnum
2644 1538 2838 1581 meum
2851 1542 2969 1583 non
2982 1535 3059 1584 est
3070 1514 3518 1599 exhocmundo,

1869 1607 1921 1660 et
1950 1604 2212 1676 seipsum
2242 1622 2443 1677 regem
2471 1612 2850 1682 ostendisset,
2883 1632 3232 1689 quanquam
3263 1635 3383 1677 non
3412 1627 3519 1678 ter-

1867 1709 2101 1761 renum,
2136 1712 2376 1753 rursum
2408 1698 2796 1771 interrogavit
2824 1704 3044 1762 Pilatus
3076 1724 3093 1762 :
3122 1708 3279 1764 Num
3308 1711 3519 1782 Itaque

149 1767 492 1842 ἐπηρώτησεν
563 1769 588 1820 6
652 1768 890 1833 Πιλᾶτος,
965 1768 1166 1821 Ούκοῦν
1244 1767 1494 1841 βασιλεὺς
1547 1768 1594 1824 εἷ
1645 1776 1710 1825 σύ

1871 1799 1975 1840 νεα)
2006 1799 2063 1841 es
2092 1792 2155 1840 tu
2192 1786 2220 1842 ἱ)
2258 1803 2328 1843 ac
2366 1788 2646 1863 deinceps
2676 1808 2739 1848 se
2784 1793 2998 1852 iterum
3030 1812 3162 1853 esse
3192 1801 3515 1870 respondit.

146 1863 240 1910 καὶ
292 1857 472 1910 λοιπόν
524 1859 915 1931 προσαπεκρίθη
979 1859 1059 1909 ὅτι
1132 1860 1290 1913 ἐστίν.
1348 1856 1474 1912 Εἶτα
1530 1859 1754 1933 βεϐαιῶν

145 1948 225 1999 ὅτι
271 1945 530 2012 ἀληθεύει,
577 1951 729 2019 φησί.
765 1949 860 2000 Διὰ
888 1954 1037 2000 τοῦτο
1082 1951 1409 2021 γεγέννημαι,
1455 1945 1550 2001 διὰ
1603 1957 1753 2002 τοῦτο

144 2034 529 2111 ἐνηνθρώπησα
555 2040 646 2088 καὶ
677 2033 831 2095 ἦλθον
863 2035 934 2097 εἰς
958 2039 1044 2088 τὸν
1075 2040 1269 2109 κόσμον
1300 2045 1479 2090 τοῦτον
1509 2039 1611 2109 [ἱνα
1639 2038 1749 2111 (37)

144 2121 359 2189 διδάξω
384 2130 478 2184 την
510 2123 771 2183 ἀλήθειαν.
804 2124 1002 2199 Ὠσπερ
1035 2122 1122 2178 οὖν
1148 2124 1381 2184 ἀληθεύω
1410 2126 1585 2197 τᾶλλα,
1614 2129 1749 2181 ούτω

145 2213 214 2274 δὴ
250 2220 343 2268 καὶ
373 2223 542 2269 τοῦτο.

213 2304 285 2357 Ἦ
346 2304 435 2365 Εἰς
483 2312 636 2357 τοῦτο
690 2308 1023 2376 γεγέννημαι,
1076 2302 1189 2356 ἀντὶ
1240 2312 1330 2356 τοῦ
1379 2304 1629 2365 Βασιλεὺς
1680 2312 1746 2358 ὧν

138 2394 211 2454 εἰς
249 2397 309 2447 τὸ
340 2392 635 2466 βασιλεύειν
665 2391 1059 2464 ἑνηνθρώπησα,
1090 2397 1180 2445 καὶ
1203 2389 1297 2445 διὰ
1321 2402 1473 2446 τοῦτο
1496 2392 1649 2453 ἦλθον
1676 2396 1748 2459 εἰς

138 2485 229 2533 τόν
260 2487 461 2554 κόσμον
500 2483 582 2533 ἱνα
624 2477 828 2544 διδάξω
876 2487 968 2539 την
1001 2480 1261 2552 ἀλήθειαν,
1297 2485 1372 2534 ὅτι
1404 2482 1649 2555 βασιλεὺς
1679 2491 1745 2537 ὤν

138 2568 321 2633 ἀίδιος
352 2571 727 2647 ἇνηνθρωπησα
753 2571 826 2632 εἰς
857 2574 916 2623 τό
945 2569 1238 2644 βασιλεύειν
1271 2580 1369 2623 τῶν
1399 2579 1746 2626 πιστευόντων

132 2660 204 2720 εἰς
233 2658 370 2733 ἐμὰ]

210 2755 324 2811 Πᾶς
371 2780 437 2791 -—
468 2757 658 2821 φωνῆς.
704 2754 808 2810 Πᾶς
852 2749 878 2800 6
926 2752 994 2799 ὧν
1032 2746 1086 2799 ἐκ
1114 2755 1205 2808 τῆς
1231 2745 1494 2815 ἀληθείας,
1527 2751 1552 2801 6
1589 2758 1743 2822 φιλῶν

139 2843 238 2897 τὴν
284 2837 528 2897 ἀλήθειαν
568 2840 800 2890 πείθεταί
830 2856 930 2909 μου
970 2846 1041 2908 τῷ
1073 2835 1229 2907 λόγῳ,
1275 2840 1510 2889 πιστεύει
1549 2858 1650 2910 μου
1680 2848 1739 2913 τῇ

133 2924 488 2999 διδασκαλίᾳ.

206 3021 367 3085 Λέγει
445 3047 513 3055 -
594 3013 841 3083 ἀληθεία;
920 3016 1113 3067 Μαθεῖν
1190 3013 1501 3088 βουλόμενος
1579 3014 1741 3091 ἐρωτᾷ

127 3111 194 3160 Τί
226 3106 372 3159 ἐστιν
417 3102 655 3173 ἀλήθεια,
714 3101 742 3163 ἦ
776 3111 1076 3179 μαρτυρεῖς,
1119 3103 1178 3162 ἣν
1221 3101 1499 3165 διδάσκεις
1532 3122 1544 3134 ⁸
1586 3111 1738 3167 Γνοὺς

127 3194 190 3250 δε
222 3199 307 3248 ὅτι
338 3203 526 3267 καιροῦ
557 3191 726 3247 δεῖται
770 3197 827 3246 τό
868 3194 1114 3266 ἐρώτημα
1145 3199 1293 3268 πρὸς,
1335 3200 1393 3247 τό
1437 3204 1735 3267 κατεπεῖγον

127 3288 366 3346 ἰσταται,
404 3287 488 3336 καὶ
517 3283 704 3336 αὐτίκα
732 3282 939 3346 ἐξελθὼν
963 3279 1255 3344 σπουδάζει
1280 3291 1457 3336 τοῦτον
1480 3283 1736 3347 ἐξελέσθαι

120 3383 222 3436 τῆς
247 3381 354 3427 τῶν
382 3369 651 3426 Ἰουδαίων
678 3373 810 3445 ὀρμῆ
822 3391 861 3433 ς.
884 3371 1021 3447 Ὅρα
1038 3374 1161 3447 γάρ.

194 3557 302 3607 Καὶ
327 3583 398 3593 -—-
422 3551 583 3623 αύτῷ.
611 3551 696 3606 Ἐν
742 3558 814 3621 τῷ
868 3547 1256 3623 προδηλωθέντι
1290 3551 1549 3627 κεφαλαίῳ
1580 3555 1730 3608 πάλιν

112 3642 387 3714 ἀνάγνωθι
417 3644 510 3700 τὴν
542 3640 791 3711 ἐξήγησιν
820 3647 913 3692 τού
947 3656 958 3669 ·
1006 3644 1104 3692 Καὶ
1143 3643 1475 3714 ἐπηρώτησεν
1519 3644 1673 3697 αὐτόν
1703 3648 1728 3699 ό

109 3735 332 3803 ἡγεμὼν
367 3729 552 3803 [λέγων
588 3730 699 3801 (38)
729 3747 741 3760 ·
769 3733 835 3782 Σύ
867 3727 911 3781 εἰ
941 3730 966 3780 6
1000 3726 1242 3801 βασιλεὺς
1285 3738 1383 3781 τῶν
1416 3731 1722 3799 Ἰουδαίων;

109 3820 159 3873 ἐν
192 3822 228 3878 ἦ
260 3824 357 3872 καὶ
383 3821 521 3894 ῥητὰ
558 3825 650 3872 τοῦ
694 3824 881 3872 Λουκᾶ
908 3816 1378 3890 ἐμνημονεύθησαν,
1423 3819 1509 3891 ἀφ’
1538 3821 1605 3873 ὧν
1635 3829 1724 3877 καὶ

106 3915 165 3964 τό
197 3913 376 3983 παρόν
409 3906 865 3981 διαγινώσκεται.]

184 4000 354 4055 Ἔστι
377 4029 448 4039 -
475 3994 781 4060 Ἰουδαίωνς
816 4002 1054 4055 Ζήτησον
1086 3995 1133 4048 ἓν
1164 3997 1305 4066 αύτῷ
1337 4002 1395 4050 τό
1428 4017 1440 4031 '
1488 4004 1628 4053 Κατὰ
1662 3998 1721 4055 δε

106 4090 301 4161 ἑορτὴν
328 4087 496 4139 εἰώθει
539 4088 566 4138 6
609 4088 814 4158 ἡγεμὼν
860 4084 1120 4156 [ἀπολύειν
1160 4087 1270 4157 (39)
1322 4087 1408 4139 ἕνα
1458 4097 1529 4159 τῷ
1575 4089 1718 4162 ὄχλῳ

104 4175 359 4249 δέσμιον,
409 4175 461 4228 ὃν
492 4174 691 4234 ηθελον.
740 4174 877 4228 Ἐκεῖ
915 4177 1016 4247 γὰρ
1058 4172 1249 4249 ἐρρήθη
1296 4181 1385 4229 καὶ
1438 4182 1555 4253 περὶ
1596 4182 1719 4232 τού-

101 4265 254 4340 του.]

175 4358 556 4429 Ἐκραύγασαν
595 4385 664 4395 -
709 4353 916 4427 λῃστής.
954 4355 1064 4424 [Ἐν
1103 4352 1274 4425 ἐκείνῳ
1306 4355 1418 4424 (4οὶ
1456 4364 1529 4427 τῷ
1558 4377 1713 4429 κεφα-

98 4447 240 4517 λαίῳ
271 4451 435 4517 φησὶν
464 4446 490 4497 ό
520 4445 788 4505 Ματθαίος
817 4462 829 4476 ⁸
874 4445 940 4496 Οἱ
971 4440 1031 4495 δὲ
1070 4442 1335 4518 ἀρχιερεῖς
1363 4450 1447 4498 καὶ
1479 4450 1527 4498 οἱ
1558 4467 1714 4521 πρεσο

1865 1873 2107 1939 Deinde,
2140 1875 2508 1934 confirmans
2537 1897 2598 1935 se
2628 1896 2769 1937 vera
2796 1882 2978 1955 loqui,
3011 1885 3093 1942 ait
3132 1904 3145 1942 :
3198 1887 3517 1961 Propterea

1864 1967 2035 2019 natus
2080 1980 2236 2031 sum,
2267 1971 2583 2038 propterea
2610 1978 2955 2028 incarnatus
2988 1991 3140 2041 sum,
3183 1981 3240 2033 et
3267 1977 3405 2033 veni
3452 1978 3514 2036 in

1858 2051 2019 2107 hunc
2042 2053 2360 2121 mundum,
2385 2061 2448 2112 ut
2468 2057 2720 2115 doceam
2740 2062 3081 2122 veritatem.
3113 2065 3268 2122 Sicut
3285 2080 3427 2138 ergo
3448 2067 3511 2124 in

1858 2141 2084 2196 caeteris
2114 2157 2257 2199 vera
2287 2143 2519 2216 loquor,
2549 2146 2638 2204 ita
2674 2164 2812 2206 sane
2841 2157 2900 2207 et
2929 2152 2992 2208 in
3019 2153 3160 2211 hoc.

1928 2318 2030 2374 Vel
2056 2319 2154 2375 Ad
2184 2320 2294 2378 hoc
2318 2328 2493 2379 natus
2519 2340 2668 2389 sum,
2688 2326 2805 2383 hoc
2833 2332 2940 2393 est,
2969 2330 3119 2386 Cum
3142 2347 3243 2389 rex
3270 2334 3406 2401 sim,
3434 2335 3514 2391 ad

1855 2409 2233 2477 regnandum
2273 2411 2617 2469 incarnatus
2649 2431 2806 2481 sum,
2849 2420 2907 2473 et
2936 2424 3245 2489 propterea
3274 2423 3408 2478 veni
3450 2425 3512 2480 in

1855 2497 2167 2567 mundum,
2197 2505 2259 2556 ut
2287 2501 2534 2558 doceam
2562 2504 2890 2575 veritatem,
2912 2509 3079 2579 quod
3101 2527 3239 2566 cum
3265 2512 3378 2568 sim
3410 2529 3510 2571 rex

1856 2586 2276 2657 sempiternus,
2296 2589 2643 2647 incarnatus
2661 2610 2820 2659 sum,
2839 2599 2904 2652 ut
2922 2612 3102 2669 super
3117 2614 3219 2655 eos
3238 2615 3506 2671 regnem,

1858 2674 1960 2746 qui
1986 2675 2237 2732 credunt
2260 2676 2320 2732 in
2352 2694 2470 2734 me.

1928 2765 2087 2819 Vers.
2138 2768 2224 2820 37.
2281 2765 2480 2823 Omnis
2528 2798 2598 2810 —
2640 2786 2853 2829 vocem.
2911 2772 3119 2830 Omnis
3163 2777 3266 2848 qui
3304 2781 3393 2835 est
3434 2795 3507 2836 ex

1855 2852 2113 2919 veritate,
2145 2854 2253 2926 qui
2287 2861 2451 2913 amat
2480 2858 2774 2915 veritatem
2831 2878 2845 2914 :
2881 2861 3088 2921 obedit
3114 2866 3295 2923 verbo
3346 2884 3502 2939 meo,

1853 2941 2040 2998 credit
2068 2941 2349 3000 doctrina:
2380 2961 2551 3002 meae.

1923 3030 2085 3086 Vers.
2118 3035 2207 3088 38.
2240 3034 2342 3088 Ait
2362 3065 2432 3078 —
2448 3037 2666 3094 ueritas
2690 3039 2718 3094 ?
2738 3038 2967 3097 Discere
2988 3042 3235 3112 cupiens
3250 3044 3505 3104 interro-

1849 3124 1951 3190 gat
1978 3137 1991 3177 :
2019 3122 2173 3189 Quid
2192 3131 2275 3179 est
2296 3126 2535 3192 veritas,
2560 3128 2655 3183 cui
2681 3132 2744 3183 tu
2775 3130 3182 3189 testimonium
3197 3135 3500 3207 perhibes,

1847 3225 2033 3282 quam
2060 3210 2240 3267 doces
2266 3214 2294 3268 ?
2319 3213 2522 3270 Sciens
2540 3220 2759 3284 autem,
2781 3220 2946 3290 quod
2973 3236 3144 3277 mora
3168 3238 3320 3292 opus
3345 3232 3501 3283 esset

1846 3299 1924 3354 ad
1948 3300 2369 3370 quaestionem,
2398 3304 2475 3359 ad
2506 3320 2692 3377 quam
2719 3306 3089 3377 hortabatur,
3123 3311 3395 3369 subsistit
3425 3314 3499 3370 ab

1843 3386 2304 3457 interrogatione
2333 3407 2345 3447 :
2374 3395 2433 3447 et
2452 3393 2763 3451 confestim
2794 3412 3075 3467 egressus
3105 3401 3307 3457 nititur
3336 3402 3499 3458 hunc

1845 3476 1922 3532 ab
1952 3477 2180 3549 impetu
2208 3480 2552 3538 Iudaeorum
2583 3483 2856 3542 liberare.
2888 3487 3033 3543 Vide
3071 3489 3231 3545 enim
3277 3505 3288 3544 :

1915 3565 2084 3622 Vers.
2113 3568 2199 3623 38.
2222 3570 2303 3624 Et
2330 3599 2400 3611 -—
2424 3587 2507 3627 eo.
2557 3572 2817 3629 Rursum
2844 3575 3129 3644 praedicto
3152 3578 3344 3650 capite
3365 3580 3493 3653 lege

1840 3653 1995 3711 illius
2007 3655 2145 3712 dicti
2159 3659 2612 3717 enarrationem.
2634 3664 2701 3717 Et
2717 3663 3248 3735 interrogaviteum
3270 3684 3493 3741 praeses

1837 3743 2042 3801 dicens
2076 3764 2088 3802 :
2122 3749 2206 3803 Tu
2228 3765 2282 3804 es
2304 3765 2413 3807 rex
2435 3752 2782 3810 Judzorum
2809 3755 2854 3791 τί
2877 3756 2905 3811 ?
2925 3754 2985 3810 in
3009 3773 3132 3829 qua
3155 3759 3322 3815 Lucas
3343 3776 3492 3833 quo-

1834 3848 1951 3902 que
1975 3835 2295 3893 verborum
2315 3838 2469 3896 facta
2486 3845 2574 3896 est
2594 3842 2841 3911 mentio,
2859 3859 2963 3915 per
2978 3860 3115 3916 quae
3141 3847 3322 3904 etiam
3342 3865 3491 3920 pras-

1833 3935 1970 3975 sens
2002 3923 2228 3979 dictum
2258 3929 2659 3996 cognoscitur.

1901 4009 2063 4064 Vers.
2105 4015 2193 4067 39.
2228 4014 2334 4068 Est
2372 4045 2439 4054 —
2477 4016 2817 4072 Judworum
2860 4016 2886 4070 ?
2925 4020 3132 4083 Quaare
3160 4020 3219 4075 in
3249 4022 3483 4089 eodem,

1830 4097 1933 4153 ubi
1966 4098 2181 4155 dicitur
2239 4117 2252 4155 :
2294 4101 2364 4157 In
2415 4104 2570 4172 festo
2609 4111 2802 4161 autem
2855 4117 3242 4165 consueverat
3270 4126 3484 4180 praeses

1828 4187 2125 4245 absolvere
2140 4190 2331 4246 turbae
2353 4206 2538 4247 unum
2562 4193 2833 4260 vinctum,
2859 4211 3031 4267 quem
3057 4197 3374 4256 voluissent
3392 4203 3437 4237 ⁷³
3466 4217 3479 4269 ;

1825 4274 1909 4330 ibi
1940 4276 2099 4332 enim
2131 4277 2203 4333 de
2234 4277 2349 4334 hoc
2377 4295 2620 4352 quoque
2650 4282 2873 4338 dictum
2907 4288 3017 4342 est.

1898 4366 2059 4420 Vers.
2115 4370 2200 4421 40.
2238 4366 2663 4427 Clamaverunt
2707 4403 2774 4412 —
2804 4372 2976 4429 latro.
3011 4373 3234 4431 Eodem
3287 4379 3480 4450 capite

1825 4453 2031 4509 scribit
2059 4455 2362 4511 Matthaaus
2399 4473 2411 4511 :
2453 4459 2761 4527 Principes
2792 4468 2979 4519 autem
3017 4465 3385 4523 sacerdotum
3424 4476 3480 4526 et

96 4535 319 4609 ϐύτεροι
366 4538 572 4587 ἔπεισαν
609 4536 693 4587 τόν
727 4534 840 4605 (41)
890 4532 1067 4604 ὄχλον,
1124 4533 1205 4583 ἵνα
1261 4534 1575 4593 αἰτήσωνται
1626 4542 1712 4590 τὸν

1871 4542 2075 4599 miores
2089 4553 2508 4613 persuaserunt
2533 4520 2740 4615 turbis,
2760 4557 2822 4606 ut
2843 4557 3108 4619 peterent
3129 4553 3472 4625 Barabbam,

96 4621 408 4697 Βαραϐϐᾶν,
453 4627 541 4675 τόν
589 4619 647 4676 δὲ
695 4622 901 4680 Ἰησοῦν
950 4620 1246 4674 ἀπολέσωσι
1279 4642 1291 4654 ·
1324 4628 1414 4676 καὶ
1458 4623 1713 4697 ἀνάγνωθι

92 4719 198 4773 τήν
230 4711 484 4784 ἐξήγησιν
507 4711 718 4785 αύτού.]

166 4806 307 4856 Τότε
366 4832 435 4841 —
485 4802 814 4877 ῥαπίσματα.
879 4799 963 4852 Ἐν
1039 4807 1110 4870 τῷ
1180 4805 1399 4874 τοιούτῳ
1451 4804 1709 4878 κεφαλαίῳ

90 4890 336 4954 καθεξῆς
383 4895 472 4944 καὶ
520 4897 683 4944 ταῦτα
722 4891 893 4943 πάντα
947 4898 1083 4961 σαφῆ
1134 4895 1384 4961 γεγόνασι
1437 4896 1572 4946 κατὰ
1622 4895 1707 4947 λό-

166 5096 222 5132 ο⁹
264 5095 441 5151 Joan.
471 5110 577 5159 xu,
610 5098 697 5152 33.
826 5096 875 5131 ⁷ο
912 5094 1116 5151 Matth.
1161 5104 1338 5155 xxvn‘.
1373 5102 1461 5152 tl.

1571 5101 1615 5135 τί
1651 5100 1791 5158 ibid.

1820 4631 2012 4688 Iesum
2030 4649 2158 4688 vero
2174 4634 2484 4704 perderent
2506 4638 2555 4672 ⁷³
2577 4656 2590 4705 ;
2615 4645 2671 4694 et
2687 4638 2842 4696 illius
2862 4639 2994 4712 lege
3009 4645 3445 4705 enarrationem
3457 4688 3470 4703 .

1892 4809 2047 4865 CAP.
2092 4810 2234 4866 XIX.
2265 4812 2427 4868 Vers.
2472 4814 2527 4871 1.
2582 4815 2768 4874 Tunc.
2820 4846 2886 4858 —
2921 4818 3089 4878 Vers.
3141 4821 3195 4878 3.
3241 4825 3470 4895 alapas.

1822 4897 1986 4955 Dicto
2029 4899 2223 4972 capite
2254 4906 2687 4973 consequenter
2732 4905 2908 4964 etiam
2963 4907 3091 4966 haec
3139 4912 3346 4970 omnia
3393 4914 3471 4971 ad

1919 5105 1966 5139 ⁷⁵
2004 5103 2149 5160 ibid.
2184 5109 2267 5160 l5.
2390 5107 2438 5141 ⁷³
2462 5106 2608 5164 ibid.
2641 5112 2728 5165 20.

1354 5293 1575 5362 Variae
1597 5295 1923 5367 lectiones
1955 5308 2021 5366 et
2050 5309 2248 5367 notae.

153 5485 289 5568 (ἓξ)
331 5483 567 5568 inclusa
596 5484 817 5568 omittit
840 5487 904 5568 ᾼ.

156 5556 287 5631 (36)
331 5556 568 5631 l_nclusa
602 5557 823 5631 absunt
846 5559 914 5613 A.

152 5627 288 5699 (‘37)
330 5629 523 5685 Etiam
550 5627 681 5685 haec
716 5630 939 5688 absunt
962 5633 1029 5686 A.

152 5698 289 5777 (38)
332 5698 571 5758 Inclusa
598 5700 815 5758 omittit
842 5702 910 5758 Α.

1913 5494 2000 5557 39)
2040 5495 2275 5552 Inclusa
2303 5496 2521 5554 absunt
2546 5504 2606 5553 Α.

1912 5567 2000 5637 40)
2034 5568 2220 5622 Etiam
2250 5567 2375 5624 haec
2401 5569 2620 5626 absunt
2644 5572 2712 5629 A.

1914 5638 2022 5719 41)_
2060 5640 2123 5719 in
2172 5645 2452 5719 contentu
2482 5641 2664 5719 Codd.
2692 5643 3017 5719 “Euthymii
3066 5646 3293 5707 habent
3352 5649 3456 5719 ibi,

1819 5711 1958 5770 τούς.
1991 5710 2204 5782 ὄχλους.
2239 5716 2324 5769 lta
2351 5711 2449 5769 hic
2479 5712 2657 5771 etiam
2689 5710 3030 5775 Hentehius.
