4022 6232
602 314 733 372 1463

1952 318 2297 377 EUTHYMII
2338 317 2670 376 ZIGABENI
3719 330 3803 386 ηδ(

594 449 846 506 verbum
906 449 1290 507 manifestata
1342 454 1497 506 sunt.
1566 452 1685 507 Ista
1733 454 1934 507 autem
1981 450 2242 506 Joannes

2361 464 2465 515 γον.
2530 444 2637 515 [Ἑν
2696 442 2913 515 ἐπιτομῇ
2975 443 3081 513 (42)
3158 440 3216 497 δὲ
3263 450 3344 498 καὶ
3390 454 3531 499 ταῦτα
3577 445 3808 513 διέξιισωὸ

596 554 731 593 cum
754 539 1038 594 brevitate
1055 546 1274 603 narrat,
1298 544 1585 612 tanquam
1606 540 1683 596 ab
1696 540 1964 610 aliisjam
1984 540 2241 611 scripta:

599 628 843 681 studens
892 634 948 682 et
993 628 1087 682 hic
1128 630 1390 693 recitare,
1441 646 1576 701 quae
1618 630 1914 701 praeterita
1952 636 2139 685 erant.
2183 634 2249 686 Et

599 733 705 770 cur
757 717 939 771 onino
992 734 1198 773 eorum
1246 718 1537 783 meminit,
1570 736 1701 790 quas
1734 720 1810 774 ab
1851 720 1980 775 aliis
2014 736 2247 774 memo-

598 809 727 860 rata
770 810 902 860 sunt
932 804 958 859 ?
993 808 1140 869 Quia
1171 808 1333 862 aliter
1372 824 1757 880 nequaquam
1807 816 1942 881 apte
1992 808 2247 865 scribere

598 899 827 965 poterat
856 912 990 967 quae
1024 896 1243 968 scripta
1274 913 1394 952 non
1427 904 1614 953 erant.

668 987 828 1038 Vers.
862 985 913 1038 4.
948 986 1151 1041 Exivi!
1179 1018 1245 1025 —
1276 988 1468 1055 foras.
1509 990 1623 1042 Hoc
1656 991 1762 1055 est,
1807 992 1974 1043 extra
2036 992 2248 1059 praeto-

598 1089 771 1128 I‘Illm.

670 1163 829 1217 Vers.
885 1167 935 1218 4.
1000 1165 1072 1219 Ut
1110 1196 1178 1205 —-—
1234 1165 1557 1223 inveniam.
1620 1167 1741 1222 Hoc
1802 1167 1961 1232 dicit,
2016 1170 2246 1222 tentans

596 1256 847 1306 mentem
913 1269 1141 1309 eorum.
1214 1264 1218 1268 '

668 1341 832 1395 Vers.
888 1347 939 1397 5.
1004 1344 1206 1400 Exivi:
1268 1376 1331 1385 —
1389 1348 1808 1402 vestimentum.
1855 1347 2071 1402 Eduxit
2110 1364 2247 1404 eum

594 1430 835 1485 ludibrii
867 1432 1019 1487 stola
1056 1435 1334 1489 vestitum
1373 1453 1384 1490 :
1421 1442 1483 1490 ut
1510 1436 1671 1491 hunc
1698 1438 1759 1491 in
1791 1442 1953 1493 tanto
1982 1438 2249 1493 videntes

597 1521 936 1591 opprobrio,
976 1524 1327 1579 satairentur
1357 1541 1425 1580 ac
1467 1526 1862 1597 placarentur.

670 1700 827 1754 Vers.
862 1700 915 1753 5.
959 1701 1030 1755 Et
1062 1731 1130 1742 —
1156 1702 1347 1757 homo.
1384 1703 1574 1759 Homo
1605 1704 1749 1759 dixit
1798 1721 1914 1776 prae
1971 1721 2243 1777 compas-

598 1789 781 1853 sione,
818 1796 879 1844 ut
908 1796 963 1845 et
999 1791 1110 1862 ipsi
1144 1794 1564 1864 compassione
1597 1800 1993 1851 moverentur.

667 1880 829 1933 Vers.
873 1880 923 1933 6.
975 1882 1121 1936 Cum
1154 1914 1219 1921 —
1260 1898 1403 1939 eum.
1453 1887 1761 1956 Tanquam
1806 1884 1909 1940 feri
1942 1900 2141 1947 canes,
2175 1901 2245 1939 eo

596 1968 791 2023 solum
851 1970 998 2034 viso,
1056 1970 1374 2027 furibunde
1418 1974 1823 2043 oblatrabant,
1874 1975 2050 2046 quasi
2108 1976 2243 2029 ferae

594 2056 816 2123 bestiae,
850 2075 983 2130 quae
1014 2066 1327 2116 venatores
1359 2063 1425 2133 (ι)
1461 2064 1781 2119 sentientes
1818 2065 2018 2119 statim
2052 2065 2240 2119 incur-

595 2152 733 2200 runt
764 2164 775 2200 :
812 2163 951 2202 nam
993 2148 1218 2205 invidia
1249 2152 1414 2219 ebrii,
1446 2151 1507 2206 in
1540 2152 1764 2207 caedem
1797 2154 2084 2208 adversus
2106 2170 2243 2208 eum

595 2234 1141 2291 debaccbabantur.

666 2325 829 2378 Vers.
860 2327 911 2379 6.
946 2328 1050 2381 Ait
1081 2359 1147 2365 —
1178 2329 1426 2385 crimen.
1478 2330 1613 2395 Vos,
1647 2331 1863 2403 inquit,
1897 2332 1995 2403 qui
2038 2332 2243 2403 injusti

595 2413 757 2468 estis.
792 2415 1074 2470 Permittit
1104 2422 1300 2471 autem
1330 2434 1538 2473 eorum
1570 2422 1865 2490 potestati,
1900 2420 2245 2491 indignatus

595 2500 667 2556 de
703 2502 980 2559 violentia
1008 2521 1077 2560 ac
1118 2507 1489 2577 impudentia
1520 2509 1777 2565 illorum.

673 2594 828 2647 Vers.
896 2599 948 2649 7.
1004 2596 1448 2662 Responderunt
1518 2630 1586 2637 —
1675 2602 1834 2671 fecit.
1906 2600 2244 2656 Naturalem

596 2680 885 2736 videlicet.
919 2686 1033 2738 Hoc
1075 2688 1274 2739 autem
1335 2686 1609 2743 dixerunt
1655 2689 2006 2760 injustitiam
2057 2691 2242 2762 repel-

596 2768 804 2827 lentes.
839 2773 1039 2843 Itaque
1096 2790 1333 2830 rursum
1365 2776 1433 2829 ad
1473 2776 1649 2832 aliam
1694 2779 2057 2834 transierunt
2082 2797 2241 2835 accu-

595 2862 907 2916 sationem.
961 2862 1115 2927 Quid
1165 2880 1306 2933 ergo
1340 2864 1608 2921 Christus
1639 2867 1667 2921 Ῡ
1708 2869 1848 2922 Cum
1899 2870 1969 2923 de
2024 2868 2244 2923 talibus

597 2964 735 3003 eum
767 2958 1135 3017 accusarent,
1170 2954 1418 3021 tacebat,
1472 2956 1697 3011 dictum
1748 2958 2056 3030 complens
2110 2974 2243 3029 pro-

595 3038 897 3109 pheticum
929 3057 940 3093 :
972 3042 1109 3096 Non
1141 3046 1371 3111 aperuit
1411 3060 1471 3099 os
1501 3061 1661 3100 suum
1692 3047 1760 3099 π.

668 3128 834 3182 Vers.
865 3130 917 3183 8.
955 3130 1095 3185 Cum
1123 3161 1183 3172 —
1220 3131 1430 3187 timuit.
1466 3136 1543 3188 Ne
1574 3136 1881 3206 quomodo
1914 3137 1973 3191 in
2002 3136 2245 3193 veritate
2279 3168 2318 3224 ρ

600 3219 748 3271 Deus
770 3223 943 3283 esset,
978 3225 1033 3273 et
1053 3235 1191 3275 eum
1221 3222 1605 3293 disperderet,
1636 3224 1714 3280 ita
1736 3225 1813 3280 ab
1837 3226 1968 3298 ipso
1997 3226 2244 3283 affectus

598 3307 978 3363 contumelia.

670 3396 835 3451 Vers.
865 3402 915 3452 9.
960 3399 1041 3453 Et
1074 3430 1137 3438 —
1170 3407 1233 3455 tu
1284 3402 1311 3456 ?
1366 3404 1495 3457 Jam
1528 3419 1649 3458 non
1702 3404 2044 3475 interrogat,
2102 3405 2250 3470 Quid

598 3486 793 3555 fecisti
809 3488 855 3522 ⁷⁵
877 3487 903 3541 ?
921 3489 1037 3551 sed,
1066 3490 1221 3545 Unde
1238 3507 1293 3545 es
1321 3497 1383 3545 tu
1403 3492 1430 3544 ?
1450 3508 1479 3545 e
1504 3494 1673 3558 caelo,
1696 3510 1771 3548 an
1790 3500 1992 3550 eterra
2009 3496 2036 3549 ?

673 3574 835 3628 Vers.
869 3577 921 3631 9.
967 3578 1131 3631 Jesus
1164 3586 1354 3633 autem
1400 3611 1468 3620 —
1512 3581 1580 3635 ei.
1618 3584 1763 3636 Nam
1808 3585 1971 3654 quod
2020 3583 2248 3639 discere

603 3663 831 3729 quaerit,
864 3664 990 3732 jam
1022 3665 1327 3731 didicerat,
1362 3672 1606 3738 quando
1638 3670 1909 3724 audierat
1955 3687 1967 3725 :
2001 3673 2248 3741 Regnum

604 3763 791 3803 meum
820 3766 937 3805 non
967 3759 1047 3805 est
1074 3768 1149 3808 ex
1169 3756 1276 3809 hoc
1306 3757 1536 3811 mundo.
1564 3760 1626 3811 Et
1655 3758 1805 3812 sicut
1833 3764 1970 3814 tunc
1999 3760 2253 3816 molliter

603 3836 848 3893 affectus
872 3840 1015 3895 nihil
1038 3856 1173 3896 eum
1195 3843 1449 3913 juverat,
1480 3845 1561 3901 ita
1581 3850 1638 3900 et
1659 3862 1818 3901 nunc
1840 3847 2104 3903 futurum
2127 3855 2251 3905 erat

604 3930 667 3981 ut
688 3926 832 3983 nihil
853 3928 1111 3999 juvaret,
1134 3948 1269 3987 cum
1298 3933 1553 4003 ignavus
1582 3940 1733 3991 esset
1760 3952 1827 3992 ac
1848 3938 2247 3994 meticulosus.

677 4107 837 4162 Vers.
880 4112 959 4163 10.
984 4109 1083 4163 Ait
1132 4141 1197 4149 —
1242 4115 1289 4164 te
1318 4110 1345 4164 ?
1376 4114 1438 4166 Et
1472 4116 1716 4169 terretur
1769 4119 1823 4171 et
1872 4119 2089 4181 terret;
2130 4117 2253 4171 irri-

606 4200 759 4251 tatus
812 4197 970 4251 enim
1002 4198 1162 4269 quod
1214 4199 1327 4253 sibi
1374 4217 1447 4255 ne
1481 4201 1675 4272 ipsum
1732 4204 1976 4276 quidem
2027 4206 2250 4261 foventi

605 4285 982 4356 respondeat,
1023 4287 1303 4359 deinceps
1330 4290 1523 4345 vibrat
1549 4296 1921 4361 potestatem.
1960 4293 2071 4349 Sed
2102 4310 2137 4349 o
2164 4295 2249 4349 in-

606 4380 836 4428 sensate
869 4375 880 4428 !
916 4375 961 4428 si
1005 4379 1357 4446 potestatem
1410 4378 1600 4434 habes
1653 4380 1850 4452 ipsum
1881 4381 2247 4447 absolvendi,

2698 536 2762 593 ὡς
2832 540 2940 594 τοῖς
3015 533 3183 594 calci;
3264 536 3575 595 ἱστορηθέντα,
3649 541 3811 595 σπεῦδον

2357 622 2666 695 ἀπαγγεῖλαι
2723 621 2987 673 κάνταῦθα
3039 625 3105 673 τὰ
3154 624 3569 696 παραλελειμμένα.
3608 635 3686 680 Καὶ
3722 629 3814 684 διατι

2359 535 2616 600 Ἰωάννης,
2698 536 2762 593 ὡς
2832 540 2940 594 τοῖς
3015 535 3183 594 ἄλλοις
3264 536 3575 608 ἱστορηθέντα,

2357 713 2483 774 ὅλως
2513 714 2817 783 μνημονεύει
2848 720 2943 762 τῶν
2970 714 3401 783 μνημονευθέντων
3428 722 3521 775 τοῖς
3547 716 3709 782 ἀλλοις
3731 727 3817 773 Atia

2357 802 2450 855 οὐκ
2480 801 2540 853 ἂν
2572 802 2753 873 ἑτέρως
2800 800 2997 872 ἔμελλεν
3048 798 3309 875 ἁρμοδίως
3356 805 3595 875 ἱστορῆσαι
3633 810 3685 857 τὰ
3725 807 3818 860 (λοιπ-

2358 890 2603 964 τόρητα.]

2428 979 2666 1042 Ἐξῆλθεν
2695 1010 2758 1019 -
2791 979 2903 1041 ἔξω.
2934 978 3066 1041 ’Ἐξω
3096 986 3186 1030 τοῦ
3232 985 3542 1055 πραιτωρίον.
3566 987 3623 1035 Τό
3662 981 3705 1036 δὲ
3736 984 3821 1051 Ἴδε,

2360 1070 2472 1123 ἀντὶ
2509 1079 2601 1122 τοῦ
2629 1067 2792 1124 Ἰδού.

2426 1160 2536 1213 Ἵνα
2566 1191 2627 1200 ——
2657 1161 2902 1232 εὑρίσκω.
2933 1165 3096 1211 Τοῦτο
3126 1160 3241 1231 (43)
3270 1158 3395 1230 λέγει
3418 1168 3501 1221 τῆς
3524 1167 3695 1233 γνώμης
3717 1164 3829 1215 thin

2360 1248 2621 1321 ἀποπειρῶ
2626 1268 2744 1321 μενο
2756 1268 2795 1309 ς.
3732 1260 3739 1269 ³

2432 1337 2665 1399 Ἐξῆλθεν
2714 1368 2782 1377 —
2839 1340 3060 1409 ἱμάτιον.
3109 1335 3406 1409 [Ἐξήγαγεν
3475 1340 3573 1409 (44)
3624 1340 3745 1390 αὐτὸν
3782 1360 3837 1391 πι-

2357 1426 2717 1500 ριϐεϐλημένον
2771 1431 2864 1484 τὴν
2925 1426 3111 1483 στολὴν
3178 1434 3273 1488 τῆς
3321 1427 3518 1497 χλεύης,
3572 1430 3639 1478 ἱνα
3693 1427 3728 1478 ἐν
3768 1427 3836 1479 ἀτι-

2358 1522 2453 1589 μίᾳ
2485 1519 2714 1588 τοσαύτη
2768 1523 2945 1567 τοῦτον
2988 1512 3187 1577 ἰδόντες
3237 1518 3513 1589 κορεσθώσι
3542 1522 3619 1570 καὶ
3663 1514 3841 1572 δνσωπξο

2361 1606 2544 1678 θῶσμ]

2432 1700 2616 1748 Καὶ-
2639 1697 2926 1769 ἄνθρωπος.
2953 1694 3011 1746 Ὀ
3028 1696 3297 1767 ἅνθρωπος
3328 1700 3452 1747 εἶπεν
3472 1696 3561 1747 ὑπὸ
3585 1698 3842 1767 συμπαθείας,

2288 1819 2325 1871 Β
2359 1787 2439 1836 ἵνα
2478 1790 2566 1837 καὶ
2595 1785 2743 1837 αὐτοὶ
2776 1786 3225 1856 συμπαθήσωσιν.

2425 1874 2547 1927 "Ora
2604 1906 2671 1915 —
2718 1874 2891 1925 αὐτόν.
2938 1873 3021 1933 Ὠς
3077 1873 3323 1947 ἀνήμεροι
3380 1876 3535 1941 κύνες,
3587 1869 3745 1933 ἱδόντις
3780 1892 3846 1941 μο-

2356 1984 2437 2016 νον
2462 1965 2596 2035 (45),
2622 1963 2857 2035 ἐμμανώς
2886 1962 3310 2027 καθυλάκτησαν,
3334 1962 3421 2035 [ὡς
3443 1964 3705 2035 (Mihi/pm
3727 1963 3845 2031 θῆρες,

2356 2054 2660 2125 αἰσθόμενοι
2735 2061 2825 2104 τοῦ
2886 2054 3210 2123 θηράματος,
3288 2051 3436 2113 ὀξέως
3496 2047 3753 2126 ἐπέδραμον.
3793 2056 3847 2117 τῷ

2357 2146 2523 2215 φθόνῳ
2556 2144 2656 2216 γὰρ
2685 2144 3013 2215 μεθύσαντες,
3039 2142 3110 2202 εἰς
3140 2145 3225 2192 τὸν
3256 2142 3370 2193 κατ’
3402 2140 3547 2192 αὑτοῦ
3564 2160 3685 2211 φονον
3710 2137 3852 2200 ἐξεϐα-

2354 2231 2675 2304 leuandum]

2426 2324 2580 2392 Λέγει
2609 2352 2673 2362 -—
2705 2320 2895 2372 αἰτίαν.
2929 2318 3118 2391 Ὑμεῖς,
3148 2324 3329 2391 φησὶν,
3350 2321 3399 2371 οἱ
3422 2316 3855 2389 ἄδικοιᾚαραχωρεί

2357 2407 2415 2462 δὲ
2446 2413 2645 2471 τούτοις
2670 2418 2760 2469 τῆς
2790 2409 3047 2479 ἐξουσίας,
3085 2405 3494 2481 δυσανασχετῶν
3518 2407 3591 2459 ἐπὶ
3618 2416 3667 2478 τῇ
3704 2405 3775 2477 βίᾳ
3796 2410 3857 2454 ui

2357 2498 2710 2570 ἀναισχυντίᾳ
2737 2498 2923 2551 αὐτῶν.

2424 2589 2814 2660 Ἀπεκρίθησαν
2894 2618 2961 2625 --
3060 2584 3297 2643 ἐποίησε.
3394 2591 3597 2642 Γνήσιον
3670 2580 3859 2639 δηλονότι.

2357 2675 2781 2750 Ἀποτριϐόμενοι
2828 2672 2886 2727 δὲ
2936 2680 3022 2733 τὴν
3076 2671 3318 2742 ἀδικίαν,
3382 2683 3524 2727 τοῦτο
3578 2671 3713 2726 εἶπον.
3756 2672 3863 2723 [lim

2356 2762 2442 2817 οὖν
2496 2765 2571 2837 ἐφ’
2646 2765 2818 2838 ἑτέραν
2872 2760 3247 2835 μετεπήδησαν
3306 2768 3607 2837 κατηγορίαν
3669 2760 3736 2812 ὑπ’
3781 2759 3863 2809 ἁπο-

2354 2860 2487 2928 ρίας,
2506 2860 2569 2906 Τί
2586 2850 2672 2906 οὖν
2695 2856 2719 2905 ό
2743 2857 2967 2927 Χριστός
2986 2872 2999 2917 ;
3021 2860 3254 2905 Τοιαῦτα
3270 2856 3682 2925 κατηγορούντων,
3706 2850 3862 2905 Emam,

2356 2943 2562 3015 πληρῶν
2619 2947 2677 2995 τὸ
2736 2947 3055 3015 προφητικὸν
3090 2944 3209 2994 ’ὅτι
3258 2943 3373 2994 Οὐκ
3425 2947 3604 3012 ανοίγει
3654 2944 3700 2991 τὸ
3746 2942 3863 3006 στόμα

2358 3032 2539 3089 αὐτοῦ.

2426 3122 2547 3174 "Ora
2580 3153 2639 3162 -
2678 3120 2925 3192 ἐφοϐήθη.
2960 3124 3171 3178 Μήποτε
3198 3129 3261 3194 τῇ
3296 3122 3408 3193 (47)
3440 3120 3636 3190 ἀληθείᾳ
3663 3124 3765 3178 Θιός
3793 3118 3863 3185 (48]

2358 3212 2491 3275 ἐστι,
2536 3216 2625 3263 καὶ
2658 3210 2994 3283 ἐξολοθρεύσρ
3027 3217 3226 3275 τοῦτον,
3274 3212 3439 3273 οὕτως
3466 3209 3752 3285 ὑϐριζόμενος
3786 3202 3863 3275 καί

2360 3302 2470 3373 (49)
2501 3301 2659 3372 αὐτῷ.

2430 3391 2533 3444 Καὶ
2571 3421 2625 3430 -
2661 3393 2725 3440 σὺ
2754 3405 2766 3455 ;
2803 3389 2990 3440 Οὐκέτι
3024 3388 3206 3462 ἐρωτᾷ.
3245 3393 3313 3442 Τί
3344 3388 3599 3458 ἐποίησας,
3631 3385 3736 3437 ἀλλὰ
3760 3384 3866 3435 Ποθῖι

2361 3480 2403 3532 εἰ
2440 3484 2526 3547 σὺ,
2568 3478 2619 3541 ἐξ
2648 3478 2866 3546 οὐρανοῦ
2896 3482 2925 3536 ἦ
2958 3477 3013 3530 ἐκ
3043 3487 3139 3548 γῆς
3167 3497 3182 3548 ;

2430 3568 2487 3619 Ὀ
2523 3564 2579 3620 δὲ
2612 3568 2813 3627 Ἰησοῦς
2865 3599 2931 3606 -
2982 3567 3140 3637 αὐτῷ,
3198 3572 3343 3619 Διότι
3397 3570 3512 3641 ὅπερ
3552 3565 3700 3625 ἐζήτει
3748 3562 3869 3635 μαῧεῐι

2361 3660 2564 3729 ἔμαθεν,
2620 3659 2698 3707 ὅτε
2748 3659 2969 3714 ἤκουσεν
3049 3659 3129 3708 ὁτι
3192 3657 3249 3708 Ἠ
3316 3656 3558 3730 βασιλεία
3610 3658 3635 3713 ἡ
3694 3653 3770 3723 ἐμὴ
3816 3658 3873 3697 οὐκ

3416 3746 3538 3818 [Καὶ
3606 3744 3705 3812 (50)
3757 3742 3872 3803 ὥσπερ

2362 3843 2490 3901 τότε,
2534 3834 2777 3907 μαλακῶς
2824 3832 3242 3905 ἀντιποιούμενος
3293 3836 3427 3905 (51),
3491 3830 3631 3885 οὐδὲν
3670 3828 3875 3902 dignitas].

2362 3751 2499 3799 ἔστιν
2571 3744 2624 3796 ἐκ
2697 3752 2788 3796 τοῦ
2850 3750 3050 3816 κόσμου
3114 3749 3325 3800 τούτου.

2362 3924 2521 3983 οὕτως
2565 3918 2687 3975 οὐδὲ
2727 3930 2813 3974 νῦν
2845 3922 3040 3994 ἔμελλεν
3086 3922 3392 3994 ὠφελήσειν,
3449 3918 3684 3993 ἄνανδρος
3725 3922 3779 3967 ὧν
3816 3916 3874 3963 ut

2361 4008 2593 4083 ψοφοδεὴ
2608 4010 2675 4083 ς.]

2434 4103 2587 4171 Λέγει
2642 4132 2709 4139 -—
2766 4117 2863 4165 ac;
2901 4106 2999 4153 Καὶ
3053 4099 3289 4172 φοϐεῖται
3340 4106 3430 4153 καὶ
3484 4100 3630 4173 φοϐεῖ.
3683 4092 3875 4165 Παροξνν·

2364 4191 2468 4250 θεὶς
2511 4191 2611 4263 γὰρ
2660 4186 2798 4241 διότι
2846 4186 2968 4241 οὐδὲ
3021 4189 3161 4260 αὐτῷ
3212 4197 3287 4259 τῷ
3352 4190 3591 4242 θοίλποντι
3631 4186 3758 4239 αὐτὸν
3797 4198 3876 4232 ειπε-

2361 4279 2538 4350 κρίθη,
2571 4278 2746 4329 λοιπὸν
2776 4276 3006 4330 ἐπέσεισι
3032 4283 3119 4336 τὴν
3146 4277 3412 4340 ἐξουσίαν.
3470 4276 3616 4344 Ἀλλ’,
3652 4273 3686 4325 ὦ
3714 4272 3875 4324 ἀνόητε-

2365 4366 2406 4415 εἰ
2442 4365 2677 4427 ἐξουσίαν
2723 4369 2861 4438 ἔχεις
2911 4366 3169 4418 ἀπολῦσαι
3214 4367 3395 4433 αὐτὸν,
3432 4376 3538 4428 πῶς
3581 4366 3663 4417 οὐκ
3692 4358 3878 4413 ambit-i-
3948 4428 3949 4435 γ

604 4462 913 4533 quomodo
943 4478 1063 4518 non
1091 4463 1370 4530 absolvis,
1399 4482 1537 4522 cum
1566 4450 1716 4522 scias
1744 4484 1881 4524 eum
1908 4486 2106 4526 carere
2147 4472 2248 4526 cri-

2365 4450 2517 4515 εἰδὼς
2584 4453 2834 4521 ἀναίτιον,
2884 4460 2972 4507 καὶ
3030 4452 3292 4529 διαφόρως
3347 4462 3501 4509 τοῦτο
3550 4453 3875 4529 προσμαρτνῇὧκ

606 4551 786 4618 mine,
837 4556 893 4606 et
936 4552 1273 4625 frequenter
1314 4554 1421 4610 hoc
1461 4557 1865 4614 testimonium
1906 4559 1975 4615 de
2006 4575 2077 4617 eo
2126 4575 2254 4632 per-

606 4636 888 4694 hibueris.

677 4825 725 4861 τι
766 4829 878 4881 lsa.
914 4843 1024 4891 Lm,
1060 4834 1118 4886 7.
1252 4833 1300 4867 ⁷⁵
1331 4833 1502 4889 Joan.
1535 4849 1693 4899 xvm,
1730 4838 1818 4891 36.

2366 4547 2507 4613 αὐτῷ
2533 4560 2547 4609 ;

1786 5016 2002 5084 Varia
2044 5017 2368 5086 lectiones
2401 5028 2465 5086 et
2498 5029 2674 5087 notae

677 5156 789 5228 (42)
830 5155 1061 5212 Inclusa
1090 5157 1306 5213 desunt
1334 5158 1402 5210 A.

680 5228 791 5300 (43)
812 5230 941 5283 Haec
968 5228 1265 5299 prioribus
1291 5230 1485 5300 jungit
1511 5233 1583 5287 A.

679 5302 791 5367 (44)
817 5301 949 5354 Haec
980 5300 1199 5357 absunt
1229 5306 1293 5356 A.

681 5372 794 5443 (45)
829 5372 1010 5423 Αὐτόν.

677 5446 793 5507 (46)
838 5444 1076 5499 Inclusa
1105 5444 1319 5500 desunt
1345 5444 1409 5500 Λ.

683 5515 791 5584 (47)
830 5516 902 5588 Τῇ
938 5516 1155 5571 omittit
1194 5522 1259 5569 Α.

681 5640 746 5707 (l)
785 5639 1109 5699 Venatores.
1146 5643 1205 5697 In
1242 5644 1405 5698 GI‘EBO
1437 5644 1519 5696 est
1555 5643 1784 5718 θῂραμα,
1833 5660 1949 5699 non
2006 5646 2251 5718 θηρατῄς.

610 5714 839 5783 Θὴραμα
870 5727 1004 5767 vero
1036 5721 1119 5769 est
1150 5730 1239 5771 res
1291 5728 1415 5783 quae
1465 5715 1727 5783 capitur.
1781 5718 1948 5785 Ergo,
1986 5714 2253 5785 praedam

2437 5164 2553 5233 (48)
2594 5162 2783 5219 Malim

2439 5236 2548 5305 (49)
2590 5236 2757 5290 Forte
2789 5234 2910 5306 παρ’
2942 5234 3121 5287 αὐτοῦ.

2464 5308 2548 5374 50)
2592 5306 2822 5361 Inclusa
2848 5305 3067 5359 absunt
3096 5308 3161 5359 Α.
3486 5371 3499 5374 Α
3761 5372 3764 5374 Α
3810 5362 3815 5365 .

2464 5308 2548 5374 50)
2592 5308 2822 5361 Inclusa
2848 5308 3067 5359 absunt
3096 5308 3161 5359 Α.
3810 5362 3815 5365 _

2436 5308 2552 5443 (51)
2593 5377 2867 5447 Intellige,
2895 5385 2985 5449 τοῦ
3017 5377 3192 5435 Ἰησοῦ
3215 5383 3323 5437 τοῖς
3354 5371 3664 5449 Ἰουδαίοις..
3686 5372 3874 5449 ,κωδίω-

2366 5446 2610 5517 pliciter,
2640 5443 2845 5504 contra
2876 5448 3090 5513 nitens,
3132 5464 3193 5503 se
3222 5462 3547 5519 opponens
3574 5443 3773 5500 Iudaeis.

2364 5651 2697 5721 sentientes.
2715 5645 2802 5701 Sic
2831 5646 2989 5721 verbi
3007 5662 3212 5721 causa,
3227 5632 3867 5721 cumlupusovent

2366 5718 2653 5789 impetum
2686 5718 2741 5772 in
2784 5734 2918 5773 eam
2947 5718 3101 5774 facit.
3150 5710 3265 5773 llOc
3288 5710 3557 5787 ergo'est
3583 5710 3689 5785 lupi
3712 5710 3869 5779 9:???"
