4022 6232
237 332 375 387 146ὅ

1231 334 1601 392 COMMENT.
1645 336 1712 391 IN
1751 336 2102 393 JOANNEM.
2152 369 2218 376 —
2257 336 2411 393 CAP.
2456 336 2602 390 XIX.

3475 340 3491 392 l
3504 335 3605 391 466

305 455 586 531 Ἀπεκρίθη
612 489 679 500 -
717 460 927 514 ἄνωθεν.
954 459 1258 534 Ἀπεκρίθη,
1292 469 1574 514 κατασπῶν
1605 467 1698 520 τὴν
1730 460 1818 514 ἀπὶ

2015 466 2178 521 Vers.
2195 465 2254 518 Η
2271 507 2284 522 .
2303 462 2628 531 Respondit
2661 461 3020 534 —supernis.
3040 462 3363 534 Respondit
3377 461 3599 518 fastum

227 555 327 608 τῆς
356 546 594 609 ἐξουσίας
622 549 779 620 ὀφρύν
823 548 1004 615 αὑτοῦ,
1044 555 1134 601 καί
1155 569 1312 620 φησιν
1340 567 1353 580 ·
1385 551 1495 603 Οὐκ
1525 549 1666 622 εἶχες
1695 549 1834 613 ἕξου-

227 642 350 687 σίαν
375 633 625 708 οὐδεμίαν
659 639 770 689 κατ’
800 636 944 709 ἐμοῦ,
977 638 1018 690 εἰ
1049 643 1119 710 μὴ
1155 635 1215 697 ἧν
1248 659 1332 691 σοι
1363 645 1831 713 συγκεχωρημένον

223 724 284 776 ἐκ
317 734 472 784 Θεου.
509 722 709 798 [δηλῶν
753 727 864 798 (5'2)
915 727 1030 780 κατ’
1082 728 1376 800 οἰκονομίαν
1430 748 1543 779 τινα
1576 731 1831 802 θειοτέραν

222 816 477 885 πάσχειν.
510 814 620 868 Ἱνα
651 811 710 868 δὲ
735 823 804 886 μη
841 815 1070 879 ἀκούσας
1095 825 1245 869 τούτο
1267 822 1457 890 νομίσῃ
1493 816 1830 890 ἀπηλλάχθαι

221 903 575 976 ἐγκλήματος,
607 903 836 977 ἐπήγαγε

298 1085 394 1134 Διὰ
418 1089 568 1134 τούτο
589 1113 656 1123 -
682 1085 813 1154 ἔχει.
848 1089 990 1136 Διότι
1014 1083 1251 1147 ἐξουσίαν
1280 1087 1442 1157 ἔχεις,
1468 1091 1556 1138 καὶ
1581 1086 1675 1137 οὐκ
1703 1084 1828 1137 ἁπο-

219 1170 364 1233 λύεις
383 1191 466 1244 με,
503 1171 596 1224 οὐκ
617 1171 932 1225 ἀπολεὶυσαι
963 1172 1242 1248 ἁμαρτίας,
1268 1175 1312 1227 εἰ
1336 1180 1425 1227 καὶ
1449 1173 1707 1235 ἐλάττονος
1732 1184 1827 1236 τῆς

219 1269 325 1313 τῶν
352 1257 692 1334 παραδόντων
719 1265 782 1334 μέ
822 1281 926 1318 σοι.
962 1267 1058 1316 Καὶ
1087 1266 1188 1337 γὰρ
1246 1264 1386 1316 οὗτοι
1418 1267 1507 1336 μὲν
1537 1268 1824 1337 μιαιφόνοι,

222 1355 294 1403 σύ
327 1347 386 1404 δε
415 1349 613 1413 ἁπαλὸς
639 1357 726 1404 καὶ
757 1351 1074 1424 εύρίπιστος.

300 1529 386 1580 Ἐκ
406 1560 476 1568 -
507 1529 681 1584 αὐτόν.
719 1527 1110 1602 [Καταπλαγεὶς
1136 1530 1248 1601 (53)
1275 1534 1398 1592 τοὺς
1425 1529 1612 1601 λόγους
1642 1531 1822 1585 αὐτού.

219 1615 480 1670 Ἰουδαῖοι
511 1614 589 1683 δε,
625 1623 714 1670 καὶ
747 1620 999 1692 θεοπρεπῆ
1037 1626 1230 1691 σημεῖα
1261 1619 1421 1672 αὑτοῦ
1451 1619 1613 1672 πολλά
1641 1623 1827 1673 θεασά-

217 1725 387 1777 μενοι,
420 1706 610 1778 μᾶλλον
638 1707 926 1778 ἐμαίνοντο.
960 1707 980 1780 ]

1943 554 2292 626 objurgans,
2326 554 2429 624 qui
2456 553 2535 607 illi
2567 552 2646 608 ob
2688 556 3040 622 potestatem
3069 552 3440 607 accrescebat
3475 554 3602 626 (γη),

1943 651 1999 700 et
2035 644 2115 699 ait
2147 661 2159 699 :
2189 645 2320 699 Non
2367 643 2602 699 haberes
2647 645 2992 710 potestatem
3050 641 3236 696 ullam
3295 641 3596 698 aduersum

1942 751 2050 800 me,
2092 735 2207 789 nisi
2262 739 2400 790 esset
2453 732 2560 787 tibi
2610 732 2870 786 datume
2915 732 3203 799 supernis,
3255 731 3598 800 signiﬁcans

1940 822 2145 878 divina
2177 823 2439 895 quadem
2480 819 2922 892 dispensatione
2964 835 3024 875 se
3067 819 3206 890 pati.
3241 823 3320 876 Ne
3372 825 3596 887 autem,

1939 913 2053 968 hoc
2129 912 2354 977 audito,
2410 911 2795 967 arbitraretur
2853 925 2982 965 sese
3034 908 3262 965 absolvi
3332 910 3598 982 crimine,

1940 1001 2267 1072 subjunxit.

2010 1093 2168 1147 Vers.
2204 1092 2284 1145 tl.
2342 1091 2654 1158 Propterea
2707 1087 2988 1144 —habet.
3043 1086 3192 1152 Quia
3241 1092 3596 1158 potestatem

1937 1180 2270 1245 habes,nec
2297 1179 2559 1235 absolvis
2590 1192 2703 1242 me,
2733 1193 2855 1232 non
2869 1193 2931 1232 es
2953 1176 3238 1232 immunis
3263 1192 3297 1231 a
3324 1183 3596 1248 peccato,

1937 1285 2289 1342 quanquam
2315 1268 2513 1324 minus
2543 1267 2615 1322 sit
2665 1271 2908 1339 peccato
2966 1281 3174 1322 eorum
3223 1265 3326 1337 qui
3359 1281 3454 1320 me
3489 1267 3596 1322 tibi

1938 1358 2308 1414 tradiderunt
2337 1356 2665 1428 :siquidem
2703 1355 2780 1411 illi
2807 1354 3118 1410 homicidas
3148 1360 3284 1408 sunt
3307 1353 3594 1420 scelerati,

1941 1452 2006 1504 tu
2037 1464 2176 1504 vero
2209 1446 2402 1503 mollis
2429 1445 2717 1517 facileque
2749 1444 3050 1500 credulus.

2009 1538 2178 1591 Vers.
2209 1537 2403 1592 l2.E.1:
2425 1533 3054 1592 —eum.Sermonibus
3081 1532 3209 1602 ejus
3224 1533 3594 1604 perterritus.

1935 1626 2118 1682 Judaei
2151 1642 2308 1691 vero,
2349 1625 2446 1698 qui
2479 1624 2685 1680 divina
2725 1624 2853 1694 ejus
2884 1624 3058 1691 signa
3089 1622 3425 1694 frequenter
3457 1637 3595 1678 con-

1938 1720 2280 1787 spexerant,
2311 1714 2570 1786 amplius
2603 1711 3002 1768 insanicbant.

297 1798 362 1848 Οἱ
395 1792 454 1848 δε
503 1792 753 1850 Ἰουδαῖοι
785 1829 854 1837 -
888 1801 1141 1870 Καίσαρι,
1182 1794 1406 1860 Ἰδόντες
1446 1797 1689 1858 ἀνόνητον
1738 1805 1818 1853 τόν

2011 1808 2165 1861 Vers.
2205 1808 2285 1859 1'2.
2317 1805 2516 1860 Judmi
2569 1810 2763 1860 autem
2796 1833 2861 1841 —
2913 1802 3155 1858 Caesari.
3201 1800 3397 1856 lntuiti
3431 1801 3592 1873 obje-

216 1883 580 1957 προϐληθέντα
633 1889 806 1957 νόμον,
855 1891 946 1938 καὶ
983 1892 1184 1958 γνόντες
1232 1889 1312 1939 ὅτι
1365 1889 1515 1949 ζητεί
1565 1888 1825 1942 ἀπολῦσαι

217 1974 402 2037 αὐτόν,
433 1973 587 2026 πάλιν
613 1973 696 2028 ἐπὶ
726 1979 813 2033 τὴν
852 1980 1170 2049 κατηγορίαν
1204 1985 1294 2036 τῆς
1323 1974 1632 2050 τυραννίδος
1671 1997 1826 2050 μετα-

215 2070 515 2136 χωροῦσιν,
539 2066 608 2124 ὡς
637 2065 695 2116 ού
723 2069 1011 2137 παροπτέαν
1029 2074 1100 2136 τῷ
1129 2065 1354 2137 Πιλάτῳ,
1376 2063 1469 2118 διὰ
1497 2070 1584 2119 τόν
1611 2066 1711 2120 ἀπὸ
1734 2077 1824 2120 τοῦ

218 2157 486 2226 Καίσαρος
507 2151 679 2225 φόϐον.
711 2154 821 2206 Ούκ
852 2151 899 2207 εἴ
921 2153 1083 2226 φίλος,
1123 2158 1288 2207 εἶτουν
1320 2159 1512 2218 εὔνους.
1545 2155 1823 2228 Ἀντιλέγει

216 2237 301 2308 δὲ,
329 2246 450 2300 ἦτοι
473 2245 752 2318 ’Δνταίρει.

293 2428 396 2475 Καὶ
425 2431 524 2475 πού
565 2424 716 2486 οὗτος
768 2422 1077 2500 τυραννίδος
1128 2427 1239 2498 (54)
1277 2425 1408 2478 ἑάλω
1450 2428 1646 2492 ;πόθεν
1675 2429 1822 2499 ἔχετε

214 2507 392 2574 δεῖξαι
418 2520 569 2565 τοῦτο
600 2531 613 2580 ;
644 2511 744 2565 ἀπὸ
764 2522 857 2576 τῆς
888 2511 1198 2588 ἁλουργίδος
1227 2534 1240 2582 ;
1275 2514 1376 2568 ἀπὸ
1407 2523 1498 2568 τοῦ
1554 2513 1823 2588 διαδήμα-

212 2620 302 2661 τος
335 2618 348 2668 ;
378 2600 478 2653 ἀπὸ
506 2610 596 2654 του
623 2601 898 2676 ὀχήματος
930 2620 942 2670 ;
977 2603 1077 2656 ἀπὸ
1133 2613 1224 2666 τῆς
1282 2605 1441 2667 ἄλλης
1491 2615 1822 2677 παρασκευῆς

210 2695 304 2742 καὶ
332 2699 432 2742 τῶν
457 2696 785 2764 παρασήμων
820 2693 916 2759 ;ού
949 2694 1118 2745 πάντα
1149 2689 1208 2751 ἦν
1240 2693 1441 2754 εὐτελὴς
1487 2700 1576 2746 καὶ
1630 2699 1821 2766 τροφὴν

210 2785 306 2831 καὶ
334 2779 526 2838 στολὴν
585 2787 674 2832 καὶ
704 2784 911 2838 οἴκησιν
941 2787 1032 2834 καὶ
1080 2786 1146 2834 τά
1187 2781 1343 2834 λοιπά
1376 2800 1390 2848 ;
1419 2786 1551 2854 μετὰ
1611 2779 1823 2835 δώδεκα

209 2871 383 2938 μόνων
411 2873 804 2941 περιερχόμενος
833 2870 1102 2941 μαθητῶν,
1135 2875 1222 2922 καὶ
1252 2873 1444 2923 τούτων
1468 2869 1683 2944 οἰκτρῶν
1711 2887 1724 2900 ⁸
1760 2874 1823 2922 τὰ

211 2954 376 3008 πλείω
399 2951 433 3008 δ
437 2959 458 3008 'c
487 2962 662 3029 μόνος.

287 3224 349 3277 Ὀ
374 3222 461 3277 οὖν
493 3225 705 3287 Πιλάτος
741 3257 804 3268 -
835 3227 1066 3282 Γαϐαθᾶ.
1100 3233 1336 3300 Νομίσας
1378 3231 1722 3303 προσκρούειν
1749 3237 1819 3298 τῷ

211 3316 473 3388 Καίσαρι,
507 3321 594 3367 καὶ
614 3311 1000 3382 κινδυνύεειν,εἰ
1018 3315 1240 3390 παρίδοι
1270 3322 1356 3376 τὴν
1382 3321 1629 3375 τοιαύτην
1656 3337 1821 3376 κατη-

206 3408 401 3476 γορίαν
433 3403 781 3476 ἀνεξέταστον,
822 3409 1013 3478 ἤγαγεν
1057 3407 1151 3470 ἔξω
1210 3407 1321 3478 (55)
1375 3415 1470 3468 τῆς
1519 3407 1706 3468 πόλεως
1734 3412 1818 3460 τὸν

209 3494 444 3558 Ἰησοῦν,
468 3499 557 3546 καί
578 3492 812 3547 ἐκάθισεν
845 3494 926 3547 ἐπὶ
969 3494 1206 3568 Ι,ὅὴματος
1229 3493 1485 3568 δημοσίᾳ,
1512 3498 1593 3549 ἵνα
1621 3499 1818 3559 πάντας

203 3587 336 3655 ἔχοι
365 3585 632 3658 μάρτυρας
662 3593 753 3645 τῆς
779 3583 1076 3647 ἐξετάσεως.

283 3761 384 3814 Ἤν
421 3793 487 3801 —-
540 3763 684 3819 ἕκτη.
732 3769 1211 3835 Παρεσημειώσατο
1241 3769 1329 3816 καὶ
1364 3769 1455 3821 τὴν
1504 3766 1697 3836 ἡμέραν
1729 3769 1816 3814 καὶ

203 3856 309 3909 τὴν
343 3852 498 3924 ὤραν,
535 3847 784 3904 δεικνύων
815 3854 891 3904 ὅτι
930 3853 988 3904 ού
1046 3857 1197 3925 μόνον
1238 3851 1285 3904 ἐν
1337 3853 1465 3924 αὐτῇ
1527 3861 1586 3924 τῇ
1651 3855 1818 3923 ἡμέρα

203 3948 303 3992 τοῦ
339 3942 555 4011 Πάσχα,
594 3938 720 3992 ἀλλὰ
749 3947 838 3992 καὶ
885 3950 982 4001 τῆς
1038 3943 1232 4015 ἡμέρας
1272 3937 1378 3998 ἤδη
1413 3940 1685 3999 κλινούσης
1733 3945 1819 3990 καὶ

208 4029 537 4100 ὶγγιζούσης
566 4037 627 4102 τῇ
651 4028 844 4103 ἑσπέρᾳ
867 4037 961 4092 τῆς
989 4029 1186 4104 ἑορτῆς,
1221 4031 1302 4082 ὅτε
1333 4033 1388 4082 τὸ
1422 4032 1621 4101 Πάσχα
1647 4031 1815 4096 ἔθυον,

210 4116 565 4191 δικαστήριον
627 4121 980 4190 θανατηφόρον
1031 4124 1388 4192 συνεκρότουν,
1427 4121 1474 4171 οἱ
1531 4116 1817 4201 1:96.59“-

205 4213 345 4280 χέος
373 4211 606 4280 μιασμόν
664 4210 990 4280 ἡγησάμενοι
1040 4213 1096 4261 τό
1141 4207 1378 4268 ἐπιϐῆναι
1417 4216 1509 4261 τού
1559 4205 1817 4265 δικαστη-

204 4317 358 4372 ριου.

1935 1900 2094 1953 ctam
2133 1896 2325 1965 legem
2365 1895 2546 1952 fuisse
2580 1893 2868 1961 inutilem,
2899 1895 2956 1947 et
3003 1891 3394 1961 intelligentes
3425 1891 3590 1963 quod

1935 2001 2075 2041 eum
2107 1985 2279 2040 vellet
2309 1983 2632 2047 absolvere,
2677 1981 2755 2036 ad
2781 1979 3219 2035 accusationem
3255 1978 3468 2034 iterum
3500 1985 3594 2051 ty-

1934 2075 2201 2130 rannidis
2285 2074 2602 2139 divertunt,
2687 2087 2871 2142 quam
2913 2067 3391 2124 timoreCaasaris
3467 2084 3588 2123 non

1934 2169 2136 2235 posset
2165 2163 2334 2234 parvi
2366 2161 2627 2234 pendere
2665 2160 2894 2215 Pilatus.
2926 2160 3060 2214 Non
3109 2173 3168 2214 es
3203 2159 3438 2223 amicus,
3471 2157 3590 2212 sive

1934 2251 2276 2308 benevolus.
2333 2250 2706 2307 Contradicit
2766 2265 2926 2314 vero,
2991 2249 3102 2303 hoc
3154 2252 3264 2313 est,
3307 2248 3592 2304 Adversa-

1934 2346 2048 2396 tur.
2074 2343 2184 2414 (η).

2007 2430 2246 2498 Verum,
2273 2427 2587 2502 quomodo
2626 2427 2722 2483 hic
2797 2425 3177 2499 tyrannidem
3210 2424 3532 2480 meditatur
3562 2425 3590 2481 ?

1937 2520 2091 2576 unde
2117 2520 2231 2575 hoc
2263 2518 2512 2591 potestis
2540 2515 2849 2572 ostendere
2873 2516 2991 2571 ?an
3017 2518 3223 2570 aveste
3239 2528 3542 2586 purpurea
3563 2513 3591 2568 ?

1935 2627 1971 2666 a
2037 2608 2426 2664 diademate?
2478 2606 2556 2661 ab
2613 2606 2877 2660 habitu?
2917 2604 3102 2659 aliove
3148 2608 3452 2674 apparatu,
3487 2607 3592 2657 aut

1936 2698 2270 2766 insignibus
2300 2698 2327 2752 ?
2381 2710 2578 2751 annon
2634 2695 2839 2749 omnia
2883 2693 3232 2763 abjectionis
3286 2694 3455 2745 erant
3488 2690 3585 2759 (0),

1934 2788 2056 2842 sive
2088 2786 2463 2850 alimentum,
2500 2784 2622 2838 sive
2649 2783 3018 2848 indumenta,
3077 2781 3201 2835 sive
3242 2780 3484 2834 domum
3517 2794 3588 2833 ac

1933 2875 2443 2932 conversationem
2477 2877 2580 2928 aut
2601 2879 2812 2927 cratera
2838 2871 3109 2940 spectetis
3135 2868 3163 2922 ‘P
3192 2885 3328 2924 cum
3360 2867 3588 2923 duode-

1933 2965 2050 3022 cim
2101 2971 2332 3020 tantum
2365 2961 2722 3018 circumiens
2753 2958 3080 3031 discipulis,
3137 2958 3329 3030 iisque
3378 2957 3588 3014 admo-

1931 3054 2076 3110 dum
2137 3052 2456 3109 humilibus
2495 3055 2570 3116 et,
2633 3049 2899 3122 abjectis,
2955 3049 3077 3104 imo
3117 3053 3174 3104 et
3230 3047 3586 3119 plerumque

1934 3143 2117 3199 solus.

1949 3265 1957 3305 ;
2000 3235 2162 3288 Vers.
2201 3233 2285 3289 13.
2343 3232 2572 3287 Pilatus
2613 3245 2744 3301 ergo
2777 3260 2842 3269 —
2895 3227 3192 3283 Gabatha.
3256 3224 3585 3281 Arbitratus

1929 3337 2056 3377 sese
2117 3321 2484 3377 offensurum
2530 3321 2816 3375 Caesarem
2877 3333 2947 3372 ac
2998 3314 3487 3388 periclitaturum,
3533 3314 3582 3369 si

1927 3410 2272 3482 hujusmodi
2288 3411 2730 3466 accusationem
2747 3407 3149 3462 indiscussam
3171 3405 3585 3477 praetereundo

1928 3505 2351 3564 contemneret,
2413 3499 2578 3554 duxit
2622 3501 2823 3554 Jesum
2883 3501 3051 3551 extra
3090 3494 3450 3566 praetorium,
3513 3509 3582 3548 ac

1927 3589 2164 3662 publice
2199 3589 2347 3644 sedit
2379 3605 2482 3660 pro
2534 3586 2836 3651 tribunali,
2897 3591 2958 3641 ut
2992 3585 3297 3640 universos
3335 3582 3584 3638 haberet

1930 3696 2054 3735 suae
2081 3678 2479 3751 inquisitionis
2525 3681 2724 3732 testes.

2000 3769 2162 3825 Vers.
2200 3771 2284 3824 14.
2321 3769 2469 3824 Erat
2500 3799 2567 3806 —
2597 3771 2785 3823 sexta.
2844 3764 3007 3820 Diem
3062 3779 3130 3818 ac
3161 3763 3371 3818 horam
3406 3761 3582 3831 signi-

1926 3860 2145 3923 ﬁcavit,
2161 3859 2480 3915 ostendens
2503 3856 2668 3929 quod
2693 3872 2805 3911 non
2840 3855 3035 3910 solum
3060 3854 3191 3925 ipso
3211 3853 3305 3908 die
3321 3851 3578 3918 Paschea,

1927 3963 2130 4002 verum
2161 3949 2337 4002 etiam
2393 3946 2489 4001 die
2516 3947 2642 4015 jam
2662 3944 3018 4006 declinante,
3050 3943 3299 4013 festique
3332 3955 3581 4011 vespera

1927 4032 2723 4106 appropinquante,quando
2737 4031 2960 4085 Pascha
2979 4027 3394 4090 immolabant,
3416 4027 3580 4080 fune-

1927 4128 2085 4178 stum
2117 4121 2378 4177 tribunal
2437 4119 2878 4185 convocabant,
2912 4117 3012 4188 qui
3078 4116 3257 4188 paulo
3289 4120 3426 4170 ante
3451 4113 3577 4170 loco

1928 4210 2145 4284 piaculi
2179 4209 2498 4272 habebant,
2540 4205 2883 4278 hujusmodi
2912 4205 3172 4261 tribunal
3204 4204 3506 4259 accedere.

290 4389 392 4438 Καὶ
442 4416 504 4424 —
545 4387 706 4458 ὑμῶν.
745 4389 920 4458 Ἀφιὶς
978 4385 1214 4450 ἐξετάσαι
1258 4386 1412 4439 πάλιν
1468 4391 1541 4448 εὶς
1597 4391 1654 4439 τὸ
1687 4383 1817 4440 δυσ-

1999 4389 2160 4444 Vers.
2197 4388 2275 4442 14.
2304 4387 2380 4442 Ει
2415 4417 2479 4426 -
2508 4390 2713 4441 vester.
2736 4383 2954 4438 Relicta
2971 4380 3341 4436 discussione
3366 4380 3575 4437 iterum

201 4484 429 4534 ωπῆσαι
475 4477 687 4536 τούτους
718 4474 984 4550 ἐτράπετο.
1015 4473 1152 4550 [Ἴδε
1377 4479 1501 4549 γὰρ,
1556 4481 1735 4550 φησὶν,
1796 4480 1820 4529 ό

1931 4478 2008 4535 ad
2043 4476 2406 4550 placandum
2460 4490 2560 4530 eos
2617 4470 2967 4528 convertitur
2997 4487 3008 4526 :
3043 4472 3205 4533 Ecce,
3236 4469 3446 4542 inquit,
3471 4484 3579 4526 rex

1431 4655 1650 4724 Variae
1681 4655 2011 4724 lectiones
2043 4666 2106 4723 et
2149 4662 2356 4723 notae.

311 4923 402 4980 53)
430 4923 666 4978 lnclusa
705 4923 923 4979 absunt
951 4926 1021 4980 Α.

311 4991 404 5065 54)
431 4991 747 5067 Τυραννίδος
777 4993 1084 5048 ἁλίσκεσθαι
1105 4997 1190 5067 est
1207 4993 1456 5050 affectati
1486 4997 1645 5066 regni
1679 5010 1812 5050 con-

202 5068 394 5193 ;nnci.
430 5065 634 5122 Nescio
662 5081 823 5136 ergo,
859 5067 1016 5122 unde
1070 5066 1141 5122 sit
1180 5065 1510 5138 interpretis
1561 5065 1812 5123 ’medita-

235 5153 338 5193 ur.

235 5153 338 5193 ur.

313 4854 379 4907 52
433 4849 663 4906 Inclusa
688 4850 897 4908 desunt
935 4854 1009 4909 A.

311 4923 380 4978 53
430 4923 666 4978 lnclusa
705 4923 923 4979 absunt
951 4926 996 4978 Α

285 4851 404 5065 ἓῗήξ
431 4991 694 5065 Τυραννίδ
697 5013 747 5054 ος
777 4993 1009 5048 ἁλίσκεσέ

283 5306 388 5377 (m)
421 5307 822 5365 Acerescebat.
852 5309 975 5362 Non
1003 5313 1092 5363 est
1114 5308 1172 5362 in
1203 5307 1422 5363 Graeco.
1459 5307 1624 5362 Forte
1655 5327 1814 5378 προς-

199 5381 446 5448 φύουσαν
481 5379 720 5434 invenit.
751 5378 946 5434 Redde
977 5395 988 5433 :
1019 5379 1348 5448 respondit,
1389 5384 1452 5432 ut
1483 5380 1608 5446 ejus
1641 5394 1676 5433 a
1707 5395 1811 5446 po-

199 5450 400 5508 tentia
425 5449 778 5522 (sublatum)
807 5452 1188 5522 supercilium
1215 5451 1567 5506 detraheret.
1608 5450 1814 5506 Poten-

199 5523 357 5579 tiam
386 5522 544 5576 enim
576 5538 678 5577 seu
707 5527 1056 5593 potestatem
1093 5521 1376 5582 habebat.
1411 5527 1471 5593 ut
1498 5536 1736 5591 praeses.

285 5594 370 5662 (n)
404 5592 790 5665 Adversatnr.
828 5595 888 5665 ln
917 5593 1120 5649 Graeco
1143 5593 1392 5665 ibtaipgt
1423 5592 1552 5665 plus
1583 5598 1685 5648 est.
1724 5593 1812 5648 Di-

201 5665 366 5721 citur
387 5665 545 5720 enim
578 5664 836 5738 ἀνταίρειν
857 5664 930 5720 de
958 5666 1029 5720 iis
1049 5664 1163 5738 qui
1180 5663 1434 5738 principi
1461 5679 1530 5718 ac
1556 5665 1812 5738 regisuo

205 5682 366 5721 citur
387 5682 545 5720 enim
578 5685 836 5738 ανταιρειν
857 5682 930 5720 ne
958 5682 1029 5720 us
1049 5682 1151 5737 qui
1223 5682 1434 5733 rincipi
1461 5682 1530 5718 ac
1556 5682 1676 5732 regi
1702 5682 1810 5720 suo

205 5752 276 5792 se
317 5742 634 5810 opponunt
659 5737 911 5809 ideoque
935 5682 1312 5809 tyrannidem
1344 5734 1642 5792 affectant.
1667 5735 1810 5792 llinc

1995 4853 2107 4924 (55)
2139 4852 2452 4924 Hentenius
2495 4867 2506 4906 :
2551 4855 2890 4924 πραιτωρίου.
2942 4847 3142 4924 noua,
3199 4852 3353 4904 certe
3378 4847 3576 4924 locum

1925 4918 2044 4980 non
2065 4918 2264 4981 habet.
2283 4918 2730 4980 Condemnatus
2749 4918 2909 4977 enim
2923 4920 3165 4976 demum
3179 4924 3343 4976 extra
3365 4918 3576 4974 urbem

1923 4996 2160 5052 dicitur.
2211 4995 2428 5066 Conjici
2483 4992 2692 5066 possit,
2733 4998 2827 5056 τὴς
2863 4991 3032 5053 πύλης
3084 4996 3187 5048 aut
3216 4996 3307 5042 τοῦ
3354 4988 3578 5049 πυλῶνος

1923 5075 2014 5120 τού
2044 5073 2384 5140 πραιτωρίου.

1997 5139 2109 5211 (56)
2153 5139 2343 5195 Incisa
2374 5139 2589 5196 absunt
2616 5143 2681 5196 A.

1922 5307 2363 5434 gubztantivum
2418 5307 2689 5383 ἀντάρτης.
2747 5309 2888 5365 Vide
2965 5309 3269 5380 Chrysost.
3327 5311 3366 5362 t.
3420 5307 3481 5369 V,
3514 5322 3573 5379 p.

2092 5396 2146 5434 n.

2092 5396 2146 5434 Π.

1996 5450 2074 5521 (ο)
2100 5451 2316 5522 Annon
2346 5454 2544 5522 omnia
2583 5451 2926 5522 abjectionis
2975 5457 3141 5506 erant
3168 5451 3196 5504 ?
3222 5454 3300 5522 Ae
3343 5448 3390 5503 si
3423 5449 3576 5519 lege-

1923 5519 2112 5596 rit,_0_'0'
2144 5523 2312 5596 πάντα
2339 5519 2398 5580 ἦν
2427 5519 2694 5587 εύτε)εῑας,
2729 5527 2820 5576 καί
2851 5528 3038 5596 τροφὴ,
3073 5542 3124 5574 κ.
3157 5541 3207 5575 τ.
3235 5521 3281 5574 λ.

1923 5592 2121 5676 Redde
2142 5614 2165 5676 σε
2191 5594 2404 5676 Nonne
2427 5595 2488 5650 in
2508 5597 2776 5676 omnibus
2791 5591 2917 5652 erat
2942 5591 3072 5650 uitis
3101 5599 3194 5662 (ac
3223 5592 3488 5659 humliis)
3513 5591 3574 5647 in

1925 5672 2102 5729 victu,
2132 5672 2191 5720 in
2231 5672 2455 5731 vestitu,
2485 5672 2596 5724 etc.
