4022 6232
486 284 505 338 1
516 280 619 337 467

1802 284 2146 343 EUTHYMII
2185 283 2521 342 ZIGABENI

3650 284 3751 339 i468

479 414 672 468 vester
694 428 708 467 :
732 425 867 467 ecce
899 413 1012 467 stat
1053 415 1397 479 accusatus,
1430 427 1553 468 non
1586 415 1673 468 est
1701 410 2033 479 absolutus,
2066 427 2135 467 ne

2253 408 2501 484 βασιλεὺς
2552 410 2713 482 ὑμῶν,
2773 405 2892 461 ἰδοὺ
2963 408 3175 465 ἕστηκεν
3243 410 3269 459 ό
3336 407 3447 477 (57)
3503 426 3755 481 κατηγορονο

479 496 834 558 formidetis.
874 503 940 556 Et
976 517 1327 573 quanquam
1371 501 1560 558 littera
1600 501 1822 558 habeat
1848 498 1952 567 ἴδε,
1984 502 2136 568 vide,

477 587 815 661 frequenter
854 592 1058 646 tamen
1107 590 1416 662 Scriptura
1473 591 1640 662 ponit
1704 588 1785 644 ἰδε
1838 606 1946 663 pro
1997 587 2137 658 ἰδοὺ,

478 692 645 749 ecce;
688 678 839 734 sicut
885 681 1061 735 etiam
1102 680 1399 751 superius,
1432 696 1571 735 cum
1598 680 1755 736 dixit
1786 699 1799 736 :
1832 682 2004 746 Ecce,
2039 680 2143 737 ad-

477 766 635 823 duco
665 768 836 823 vobis
864 784 1001 824 eum
1029 768 1188 825 foras
1208 769 1316 841 (p).

548 858 707 912 Vers.
764 856 846 912 15.
879 858 956 912 At
998 859 1093 914 illi
1132 890 1198 899 —
1249 874 1402 915 eum;
1436 858 1482 915 Ο
1538 859 1952 916 incredibilem
2012 858 2144 916 feri‘

482 949 666 1002 tatem
697 961 766 1002 ac
797 946 1097 1003 insaniam
1127 948 1140 1004 ι

550 1035 709 1091 Vers.
744 1037 831 1090 15.
892 1036 989 1091 Ait
1016 1069 1085 1077 —
1138 1038 1483 1109 cruciﬁgam
1516 1039 1544 1095 ‘I
1582 1042 1699 1095 Hoc
1755 1039 1919 1105 dixit,
1968 1029 2141 1110 quasi

483 1123 874 1182 subnannans
897 1125 1214 1194 Christum,
1241 1133 1303 1183 ut
1345 1128 1694 1184 Judaeorum
1747 1131 1982 1185 curaret
2013 1127 2142 1183 feri-

482 1217 686 1269 tatem.

549 1302 715 1357 Vers.
740 1303 826 1359 15.
853 1303 1297 1373 Responderunt
1319 1337 1386 1345 —
1420 1305 1727 1363 Caesarem.
1745 1306 1897 1372 Quia
1917 1306 2140 1363 Christi

477 1406 727 1461 regnum
748 1392 1116 1464 repellentes,
1139 1396 1377 1450 Caesaris
1406 1400 1760 1467 potestatem
1786 1396 2092 1466 elegerunt
2119 1413 2132 1451 :

477 1480 865 1551 postmodum
880 1482 1083 1537 divina
1096 1483 1424 1539 visitatione
1443 1500 1512 1540 ac
1528 1486 1889 1556 protectione
1905 1484 2137 1549 nudati,

477 1568 677 1624 traditi
709 1574 848 1626 sunt
886 1571 963 1627 ad
993 1571 1478 1636 internecionem,
1527 1575 1707 1647 idque
1740 1590 1977 1629 rursum
2008 1574 2140 1646 ipso

478 1657 720 1714 Paschae
749 1658 864 1726 die,
898 1677 1020 1729 quo
1051 1661 1461 1720 clamaverunt
1493 1681 1506 1719 :
1533 1663 1666 1721 Non
1730 1664 2009 1721 habemus
2047 1678 2137 1721 re-

476 1761 609 1817 gem
650 1748 768 1803 nisi
798 1749 1103 1805 Cmsarem.

552 1835 713 1892 Vers.
758 1839 843 1894 16.
884 1840 1048 1895 Tunc
1080 1870 1147 1879 —
1187 1842 1655 1911 cruciﬁgeretur.
1705 1843 1903 1898 Victus
1929 1857 2136 1898 eorum

480 1924 727 1981 instanti
779 1929 1176 1985 contentione.
1246 1935 1312 1987 At
1355 1930 1574 2003 quibus
1635 1949 1770 1987 eum
1830 1930 2139 1987 tradidit?

480 2013 690 2087 Utique
724 2017 1147 2075 contaminatis
1204 2034 1272 2075 ac
1302 2020 1567 2092 perﬁdis,
1623 2021 1919 2077 seditiosis
1949 2028 2006 2079 et
2031 2022 2136 2078 ho-

476 2103 733 2160 micidis.

548 2194 715 2248 Vers.
753 2194 837 2249 16.
862 2196 1222 2265 Acceperunt
1253 2229 1321 2237 —
1341 2200 1698 2266 praetorium.
1735 2201 1942 2264 Quaere
1972 2215 2138 2257 sexa-

480 2282 709 2352 gesimo
740 2284 1166 2355 septimojnxta
1200 2286 1534 2342 Mattliaeum
1573 2289 1786 2358 capite,
1827 2288 1928 2344 ubi
1955 2290 2139 2345 habe-

478 2374 610 2425 tur:
641 2371 716 2425 Et
743 2378 1050 2443 postquam
1066 2374 1389 2430 illuserunt
1408 2377 1477 2441 ei,
1501 2380 1796 2432 exuerunt
1816 2393 1946 2434 eum
1970 2378 2135 2438 chla-

477 2459 672 2530 myde,
694 2466 750 2516 et
785 2461 1109 2518 induerunt
1131 2479 1259 2519 eum
1283 2464 1634 2521 vestimentis
1664 2466 1787 2521 suis
1805 2468 1853 2501 ’⁷⁸
1883 2483 1896 2530 ;
1922 2483 1990 2522 ac
2008 2466 2137 2538 lege

488 2549 951 2606 enarrationem.

551 2637 719 2693 Vers.
755 2643 837 2694 17.
894 2641 1079 2712 Atque
1109 2672 1178 2684 —-
1216 2642 1378 2698 Vers.
1416 2647 1497 2699 l8.
1550 2645 1997 2716 cruciﬁxerunt.
2054 2646 2137 2703 lbi

476 2724 695 2783 horum
747 2743 984 2801 quoque
1024 2731 1083 2785 in
1115 2731 1501 2804 sequentibus
1540 2732 1699 2789 facta
1755 2738 1842 2789 est
1888 2736 2133 2797 mentio,

477 2812 742 2889 dataque
772 2819 1132 2891 explanatio.
1178 2821 1424 2877 Ferebat
1448 2828 1647 2878 autem
1674 2838 1911 2879 crucem
1945 2823 2000 2879 in
2027 2825 2137 2880 hu-

476 2905 678 2971 meris,
699 2914 987 2979 tanquam
1008 2914 1285 2965 strenuus
1304 2909 1471 2966 miles
1494 2910 1786 2978 lanceam,
1819 2928 1942 2984 qua
1966 2911 2132 2983 deje-

476 2997 676 3049 cturus
702 3002 827 3052 erat
851 2998 1290 3055 adversarium.

547 3083 706 3138 Vers.
742 3086 826 3141 18.
863 3087 939 3142 Et
965 3119 1032 3127 —
1060 3090 1279 3145 Jesum.
1352 3090 1415 3144 In
1443 3088 1541 3145 illo
1594 3090 1789 3163 capite
1833 3090 2012 3147 etiam
2057 3090 2131 3147 de

2250 520 2419 573 μενος,
2470 500 2564 552 οὐκ
2629 498 2958 563 ἁπολέλυται,
3032 502 3103 569 μὴ
3171 492 3403 549 δειλιᾶτε.
3456 502 3677 570 Γνώριμον
3716 495 3757 551 δε

2248 591 2454 650 πάντως
2489 591 2570 642 ὃτι
2598 592 2658 642 τὸ
2686 584 2796 643 Ἴδε
2822 588 3068 650 πολλάκις
3099 586 3211 640 ἀντὶ
3236 593 3328 639 τοῦ
3373 581 3504 640 Ἰδοὺ
3545 587 3757 645 τίθησινή

2251 679 2498 753 Γραφή.]

2319 861 2385 911 Οἱ
2411 855 2471 912 δὲ
2501 890 2567 900 -
2592 858 2765 912 αὐτόν.
2797 857 2866 911 Ὢ
2889 862 3074 931 μανίας
3101 854 3467 929 ἀνυπερϐλήτου
3494 854 3507 910 l

2324 1042 2476 1109 Λέγει
2506 1067 2575 1079 -
2622 1041 2913 1113 σταυρώσω
2955 1052 2970 1097 ;
3015 1036 3199 1107 [Τοῦτο
3254 1032 3359 1087 εἷπε
3410 1033 3517 1103 (58)
3549 1031 3767 1104 χλευάζων

2251 1123 2406 1185 δῆθεν
2431 1132 2519 1180 τὸν
2548 1129 2800 1201 Χριστὸν,
2854 1126 2930 1187 εἰς
2964 1127 3233 1199 θεραπείαν
3280 1131 3375 1185 τῆς
3424 1130 3517 1174 τῶν
3551 1118 3770 1174 Ἰουδαίων

2250 1215 2518 1278 ἀπηνείας.
2542 1217 2564 1290 ]

2318 1306 2708 1381 Ἀπεκρίθησαν
2754 1336 2807 1347 -
2843 1309 3105 1377 Καίσαρα.
3138 1302 3300 1369 Ἐπεὶ,
3328 1306 3418 1359 τὴν
3456 1308 3540 1353 τοῦ
3583 1304 3773 1371 Χριστοῦ

2249 1394 2522 1467 βασιλείαν
2546 1394 2900 1467 ἀπωσάμενοι,
2944 1398 3039 1451 τὴν
3073 1397 3332 1465 Καίσαρος
3357 1390 3577 1453 ἐξουσίαν
3604 1388 3770 1451 sila-aro,

2246 1485 2444 1548 λοιπὸν,
2466 1487 2821 1556 γυμνωθέντες
2846 1490 2941 1544 τῆς
2968 1484 3107 1543 θείας
3130 1485 3430 1541 ἐπισκοπῆς,
3447 1478 3775 1548 τοῖςῬωμαίοις

2247 1571 2619 1647 παρεδόθησαν
2667 1573 2740 1636 εὶς
2786 1570 3160 1645 πανωλεθρίαν,
3191 1568 3307 1621 κατ’
3361 1568 3515 1626 αὐτὴν
3556 1562 3681 1625 αὖθις
3707 1568 3775 1620 τὴν

2249 1665 2444 1739 ἡμέραν
2482 1670 2575 1716 τοῦ
2603 1664 2823 1735 Πάσχα,
2853 1660 2970 1714 καθ’
2996 1660 3059 1720 ἦν
3089 1658 3417 1733 ἐκραύγασαν
3450 1661 3504 1709 τό
3530 1675 3541 1686 ·
3576 1656 3779 1726 0131520-

2248 1772 2337 1826 μεν
2370 1751 2595 1825 βασιλέα
2625 1751 2762 1824 εἰμὴ
2799 1756 3062 1825 Καίσαρα.

2316 1847 2442 1896 Τότε
2474 1873 2540 1882 -
2572 1842 2879 1913 σταυρωθῇ.
2908 1839 3178 1899 Ἦττηθεὶς
3207 1848 3300 1897 τῆς
3336 1836 3606 1894 ἐνστάσεως
3629 1831 3775 1884 αὐτῶν.

2245 1937 2369 1985 Τίσι
2402 1928 2463 1984 δὲ
2501 1938 2680 1983 τοῦτον
2712 1925 2981 2001 παρέδωκε
3037 1944 3051 1993 ;
3104 1934 3213 1989 τοῖς
3269 1920 3539 1985 Ἰουδαίοις
3587 1919 3778 1978 δηλονότι

2250 2026 2336 2075 καὶ
2360 2027 2473 2083 τοῖς
2497 2026 2873 2095 στρατιώταις.

2322 2196 2620 2273 Παρέλαϐοη
2650 2228 2719 2237 -
2748 2200 3082 2271 πραιτώριον.
3116 2198 3362 2251 Ζήτησον
3400 2190 3509 2263 (59)
3536 2188 3599 2250 εἰς
3629 2185 3778 2249 uti».

2246 2292 2432 2341 κοστὸν
2463 2284 2683 2359 ἕϐδομον
2712 2284 2984 2358 κεφαλαιον
3013 2295 3102 2337 τοι)
3132 2286 3270 2335 κατὰ
3317 2283 3568 2336 Ματθαῑον
3593 2284 3642 2330 τὸ
3665 2298 3675 2309 ·
3703 2282 3776 2329 Καὶ

2247 2380 2326 2430 ὅτε
2351 2375 2618 2440 ἐνέπαιξαν
2650 2374 2791 2444 αὐτῷ
2822 2374 2960 2446 (60),
3000 2369 3252 2435 ἇξέδυσαν
3306 2370 3460 2422 αὐτὸν
3496 2373 3580 2426 τὴν
3619 2366 3773 2438 χλαμύ-

2250 2464 2283 2519 3
2287 2487 2338 2533 α,
2366 2471 2467 2518 καὶ
2486 2461 2734 2517 ἐνέδυσαν
2765 2463 2919 2515 αὐτὸν
2948 2464 3012 2515 τὰ
3044 2464 3231 2533 ἱμάτια
3260 2460 3440 2526 αὐτοῦ,
3472 2463 3555 2510 καὶ
3578 2455 3776 2524 ἀνάγνωθι

2246 2561 2340 2615 τὴν
2367 2555 2639 2627 ἐξήγησιν.

2322 2650 2421 2698 Καὶ
2449 2674 2519 2685 -
2550 2642 2909 2716 ἐσταύρωσαν.
2938 2641 3074 2695 Ἐκεῖ
3102 2644 3193 2691 καὶ
3250 2646 3415 2692 ταῦτα
3455 2636 3502 2688 ἄν
3534 2644 3625 2695 τοῖς
3650 2632 3781 2706 ἑφεξῆς

2245 2734 2698 2807 εμνημονεύθησαν
2750 2737 2842 2783 καὶ
2892 2729 3358 2802 ἐσαφηνίσθησαν.
3425 2726 3592 2798 Ἐφερε
3622 2720 3673 2774 τῖε
3714 2724 3779 2772 τὸν

2246 2826 2472 2894 σταυρὸν
2502 2821 2585 2875 ἐπὶ
2615 2829 2716 2873 τῶν
2745 2825 2918 2892 ὤμων,
2964 2818 3047 2871 οἷά
3077 2838 3157 2879 τις
3220 2816 3465 2891 ἀριστεὺς
3502 2810 3636 2886 δορυ,
3661 2807 3781 2864 διὀὗ

2240 2911 2547 2965 καταϐαλεῖν
2576 2910 2749 2983 ἔμελλε
2778 2913 2865 2963 τὸν
2888 2908 3097 2983 ἐχθρὸν.

2316 3095 2415 3144 Καὶ
2448 3120 2514 3130 -
2545 3089 2772 3147 Ἰησοῦν.
2830 3087 2911 3142 Ἐν
2947 3086 3120 3157 ἐκείνῳ
3167 3094 3243 3155 τῷ
3288 3083 3539 3157 κεφαλαίῳ
3580 3085 3656 3132 καὶ
3695 3082 3781 3148 περὶ

475 3169 710 3228 duobus
742 3173 837 3230 his
896 3176 1200 3233 manifeste
1257 3176 1481 3234 dictum
1538 3185 1644 3244 est,
1673 3150 1800 3235 .ubi
1844 3180 2133 3252 ponitur:

2246 3190 2343 3233 τῶν
2376 3176 2473 3232 δύο
2502 3181 2696 3231 τούτων
2721 3175 2911 3252 ἐρρήθη
2946 3184 3141 3247 σαφῶς,
3176 3175 3304 3226 ἔνθα
3322 3178 3381 3226 τό
3413 3191 3427 3204 ·
3448 3177 3563 3225 Τότε
3583 3174 3781 3241 στανροῡο

483 3261 643 3318 Tunc
664 3266 1089 3337 cruciﬁguntur
1104 3283 1236 3322 cum
1249 3282 1314 3324 eo
1331 3268 1447 3323 duo
1476 3270 1752 3333 latrones,
1769 3285 1919 3325 unus
1940 3285 1977 3325 a
1997 3271 2138 3327 dex-

480 3352 608 3416 tris,
636 3358 690 3409 et
720 3354 871 3409 alter
901 3369 938 3411 a
965 3355 1216 3411 sinistris
1242 3357 1311 3419 ⁷⁷,

548 3442 737 3499 Judaei
753 3444 957 3518 itaque
972 3445 1132 3502 hunc
1148 3446 1325 3501 simul
1342 3463 1476 3502 cum
1494 3447 1781 3504 maleﬁcis
1801 3448 2139 3519 cruciﬁgere

480 3532 857 3599 studuerunt,
893 3541 956 3590 ut
995 3538 1539 3592 communicatione
1569 3538 1841 3609 supplicii
1901 3539 2133 3593 bonam

477 3619 655 3690 hujus
679 3623 926 3687 famam,
957 3624 1115 3678 mala
1135 3624 1369 3679 illorum
1390 3625 1549 3680 fama
1569 3628 1926 3694 (lenigraret.
1950 3628 2135 3699 Hujus

476 3712 676 3763 autem
716 3709 981 3779 gloriain
1018 3716 1246 3766 tantum
1281 3712 1600 3783 splenduit,
1621 3720 1681 3768 ut
1702 3731 1840 3770 cum
1872 3722 2138 3787 trespen-

475 3796 1463 3873 derent,cumstupendaillasigna
1492 3802 1647 3859 facta
1670 3809 1825 3868 sunt,
1860 3804 1968 3859 soli
1999 3805 2137 3861 huic

474 3902 681 3943 omnes
710 3887 811 3944 illa
842 3888 1222 3961 ascripserint
1254 3906 1265 3944 :
1317 3894 1672 3964 tantumque
1721 3891 1930 3960 abfuit,
1966 3899 2028 3950 ut
2069 3893 2130 3949 il-

472 3975 665 4032 lorum
696 3977 1075 4051 participaret
1131 3979 1556 4051 suspicionem,
1623 3987 1687 4035 ut
1714 3982 1909 4053 potius
1942 3998 2131 4037 unum

474 4081 686 4122 eorum
724 4066 801 4122 ad
836 4083 1008 4122 suam
1040 4066 1220 4122 ﬁdem
1274 4070 1594 4135 attraxerit,
1627 4075 1682 4124 et
1705 4085 1884 4125 omne
1913 4072 2137 4127 machi-

474 4161 829 4212 namentum
873 4155 934 4211 in
966 4156 1505 4228 caputludaeorum
1537 4174 1894 4214 conversum
1919 4160 2009 4226 sit,
2032 4175 2135 4232 pa-

475 4249 753 4319 tremque
785 4261 989 4303 eorum
1018 4245 1353 4302 diabolum.

542 4425 704 4480 Vers.
739 4426 826 4482 19.
860 4425 1190 4494 Scripsit—
1219 4426 1377 4481 Vers.
1433 4429 1521 4480 22.
1561 4427 1792 4496 scripsi.
1854 4426 2131 4483 Similiter

472 4516 529 4568 et
548 4512 677 4570 hinc
699 4514 915 4585 pariter
935 4513 1138 4570 omnia
1155 4513 1214 4569 in
1236 4513 1335 4570 illo
1366 4514 1559 4586 capite
1580 4529 1905 4583 congruam
1932 4516 2133 4571 sortita
2165 4498 2210 4553 D

474 4604 617 4657 sunt
638 4603 1209 4675 interpretationem,
1258 4603 1362 4659 ubi
1406 4603 1622 4660 dicitur
1653 4618 1666 4658 :
1698 4605 1774 4659 Et
1814 4612 2133 4671 posuerunt

541 4780 591 4815 ⁷⁸
620 4778 821 4836 Matth.
850 4795 1026 4845 xxvu,
1058 4784 1147 4837 31.
1262 4783 1306 4818 ⁷⁷
1340 4780 1485 4838 ibid.
1519 4785 1607 4838 38.

2246 3289 2357 3321 νται
2392 3273 2485 3321 σὺν
2508 3268 2646 3339 αὐτῷ
2668 3262 2766 3319 δύο
2789 3263 3076 3339 λησταὶ,εἶς
3096 3263 3151 3316 ἐκ
3169 3260 3359 3327 δεξιῶν
3384 3268 3469 3314 καὶ
3491 3263 3557 3322 εἷς
3574 3260 3618 3321 ἐξ
3643 3257 3784 3310 εὐωνύ-

2245 3379 2352 3432 μων
2362 3398 2374 3410 ο

2320 3449 2384 3500 Οἰ
2414 3450 2504 3518 μὲν
2526 3443 2613 3499 οὖν
2638 3441 2887 3499 Ἰουδαῖοι
2910 3452 3294 3518 συστανρῶσαι
3317 3448 3595 3500 τοῦτοντοῑς
3614 3438 3783 3505 stante}?-

2247 3557 2357 3609 γοις
2406 3531 2764 3601 ἓσπούδασαν,
2826 3536 2906 3585 ἵνα
2952 3541 3015 3605 τῇ
3078 3537 3327 3604 κοινωνίᾳ
3377 3539 3467 3591 τῆς
3510 3529 3724 3600 πονηρίας
3762 3541 3784 3576 τι

2246 3627 2449 3698 πονηρὰ
2501 3622 2702 3675 ἐκείνων
2750 3627 2895 3694 φήμη
2941 3626 3034 3680 τὴν
3083 3620 3292 3692 ἀγαθὴν
3338 3623 3518 3672 τούτου
3546 3616 3785 3682 queritis;-

2255 3712 2491 3786 Ἐλαμψε
2536 3709 2595 3765 δι
2624 3720 2871 3765 τοσοῦτον
2913 3713 2943 3769 ἡ
2978 3708 3112 3774 δόξα
3163 3710 3349 3775 αὐτοῦ,
3382 3710 3461 3761 ὅτι
3489 3707 3592 3775 (6-1)
3618 3707 3693 3755 καὶ
3714 3708 3782 3750 τῶν

2249 3811 2402 3875 τριῶν
2453 3804 2582 3875 ὁμοῦ
2635 3805 2985 3875 κρεμαμένων,
3046 3802 3129 3851 ὅτε
3173 3802 3242 3850 τὰ
3295 3796 3484 3869 φοϐερὰ
3513 3792 3788 3889 σημεῖα

2245 3910 2407 3956 νοντο,
2464 3896 2604 3964 μόνῳ
2647 3892 2813 3961 τούτῳ
2865 3897 3034 3941 ταῦτα
3080 3891 3267 3948 πάντες
3320 3886 3590 3959 ἐπέγραφον
3614 3898 3627 3910 ·
3652 3884 3722 3931 καὶ
3745 3884 3786 3926 οὐ

2245 3985 2398 4054 μόνον
2457 3981 2514 4033 οὐ
2574 3983 2800 4052 μετέσχε
2856 3987 2945 4039 τῆς
2997 3977 3199 4031 ἐκείνων
3227 3975 3545 4045 ὑπολήψεως,
3598 3968 3785 4022 ἀλλὰκαὶ

2246 4070 2435 4142 μᾶλλον
2500 4072 2633 4142 πρὸς
2688 4073 2782 4127 τὴν
2840 4068 2908 4129 εἰς
2954 4067 3109 4119 αὐτὸν
3152 4072 3341 4119 πίστιν
3401 4068 3485 4117 τόν
3514 4063 3592 4115 ἕνα
3636 4061 3782 4110 τούτων

2245 4158 2597 4224 ἐπεσπάσατο,
2657 4162 2745 4210 καὶ
2796 4162 2852 4209 τὸ
2900 4163 3001 4209 πᾶν
3053 4159 3335 4227 τέχνασμα
3368 4152 3655 4228 περιετράπη
3684 4162 3783 4198 κατι

2243 4256 2338 4310 τῆς
2367 4247 2591 4320 κεφαλῆς
2617 4255 2718 4299 τῶν
2767 4241 3040 4298 Ἰουδαίων
3071 4250 3158 4297 καὶ
3188 4251 3285 4297 τοῦ
3318 4247 3516 4318 Πατρός
3549 4243 3689 4291 αὐτῶν
3715 4239 3780 4284 τοῦ

2245 4334 2298 4390 δν
2307 4335 2493 4389 αϐό).ου
2502 4374 2515 4386 .

2311 4425 2547 4499 Ἔγραψε
2628 4455 2698 4465 -
2773 4428 3028 4497 γέγραφα.
3107 4420 3332 4494 Ὁμοίως
3402 4418 3452 4472 ἄν
3518 4417 3663 4483 ἐκείνῳ
3729 4416 3782 4475 τῷ

2242 4515 2500 4587 κεφαλαίῳ
2577 4518 2667 4566 καὶ
2721 4521 2887 4565 ταῦτα
2942 4514 3071 4584 ὁμοῦ
3128 4513 3304 4563 πάντα
3368 4518 3457 4569 τῆς
3510 4501 3781 4578 ἁρμοζούσΐὲ

2245 4608 2435 4677 ἔτυχον
2513 4603 2806 4677 ἑρμηνείας,
2877 4603 2996 4655 ἔνθα
3069 4604 3126 4653 τό
3156 4616 3169 4631 ‘
3215 4606 3319 4654 Καὶ
3372 4599 3611 4654 ἐπέθηκαν
3654 4589 3780 4642 ἐπάνω

1674 4960 1898 5031 Variae
1935 4959 2262 5032 lectiones
2304 4970 2369 5030 et
2408 4967 2608 5029 noue.

567 5164 630 5214 57
694 5157 890 5214 Malim
920 5158 1121 5215 tollere
1154 5160 1199 5214 6.

567 5159 656 5299 58;
681 5230 869 5286 Etiam
898 5229 1028 5287 haec
1049 5231 1199 5287 absu

567 5164 630 5214 57
694 5160 890 5214 Malim
920 5160 1121 5215 tollere
1154 5160 1199 5214 6.

538 5160 656 5373 $58;
681 5230 869 5286 Etiam
898 5229 1028 5312 haec
1049 5231 1276 5288 absunt
1294 5233 1361 5287 Α.

567 5303 654 5373 59)
698 5307 786 5364 Εὶς
816 5306 1029 5358 omittit
1066 5308 1132 5358 A.

567 5303 654 5364 59)
698 5307 786 5364 Εὶς
816 5302 1029 5358 omittit
1066 5308 1132 5358 A.

542 5303 631 5373 (59
698 5307 786 5364 Εὶς
816 5303 1029 5358 omittit
1066 5308 1132 5358 A.

542 5303 861 5446 (minus,
931 5377 1025 5446 καὶ
1092 5373 1209 5436 ἑξῆς
1266 5374 1362 5446 ἕως
1412 5378 1470 5446 ῖό
1525 5392 1538 5407 ο
1600 5378 1728 5428 Τότε
1784 5382 2130 5445 σταυροῦνται

472 5447 566 5496 σὺν
611 5443 752 5517 αὐτῷ
784 5443 882 5500 δύο
928 5445 1144 5520 λῃσταὶ,
1196 5446 1262 5507 εἷς
1308 5444 1362 5498 ἐκ
1422 5444 1604 5509 δεξιῶν
1651 5452 1740 5500 καὶ
1790 5448 1859 5510 εἷς
1905 5443 1958 5509 ἔξ
2009 5446 2107 5498 εὐω

2237 5163 2427 5232 νύμων,
2462 5158 2565 5225 sic,
2606 5156 2848 5215 omissis
2891 5156 3135 5224 caeteris,
3168 5167 3352 5234 usque
3399 5149 3474 5207 ad
3520 5146 3666 5201 αὐτῶν
3707 5141 3768 5188 τοῦ

2238 5228 2507 5285 διαϐόλου.
2544 5228 2645 5284 ubi
2674 5228 2915 5285 sianum
2947 5226 3128 5284 stellas
3163 5237 3473 5285 posuimus
3492 5221 3556 5275 A.
3726 5276 3749 5285 η

2279 5241 2507 5293 mission,
2544 5241 2645 5284 uDl
2674 5243 2915 5298 signum
2947 5241 3128 5284 statim
3163 5241 3473 5298 posuimus
3492 5241 3565 5300 Α..
3726 5276 3749 5286 η

2279 5302 2431 5385 ,(δξ).
2462 5300 2870 5385 "matorium
2904 5290 3770 5385 Pluribus.siésiehjz‘itﬂhf‘tlli

2241 5363 2529 5430 cientibus
2575 5373 2729 5439 ὥστε,
2760 5363 2926 5444 quod
2956 5376 3112 5427 recte
3151 5368 3329 5426 etiam
3358 5363 3655 5421 indicativo
3674 5363 3754 5423 Jun

2247 5446 2402 5515 gitur
2414 5488 2428 5501 .

540 5606 627 5677 (p)
660 5606 724 5660 Et
747 5621 1081 5679 quanquam
1110 5606 1380 5676 —foras.
1404 5609 1537 5664 Heio
1582 5621 1692 5679 pro
1718 5605 1963 5665 arbitrio
1994 5605 2252 5664 mutavit
2277 5602 2624 5662 Hentenius.
2682 5603 2827 5668 Quae
2872 5615 3015 5659 vero
3040 5602 3101 5659 in
3128 5599 3243 5657 ﬁne
3265 5596 3464 5666 habet,
3491 5606 3560 5649 ea
3579 5588 3633 5644 in
3651 5576 3766 5639 ωιΠο

472 5691 745 5736 meorum
776 5678 1107 5735 adduntur.
