4022 6232
110 277 274 337 1469

1112 284 1489 344 COMMENT.
1538 284 1611 341 IN
1647 284 1999 343 JOANNEM.
2040 317 2111 328 —
2147 284 2307 343 CAP.
2350 288 2503 347 XIX.

3358 286 3498 343 1470

111 415 219 469 τῆς
266 406 490 480 κεφαλῆς
568 408 731 462 αὐτοῦ
808 410 922 483 [τὴν
1011 410 1184 465 αἰτίαν
1256 411 1366 486 (62)
1423 412 1581 467 αὐτοῦ
1632 432 1721 486 γε-

1853 429 2019 483 super
2033 415 2350 486 caputejus
2378 429 2617 473 causam
2627 413 2813 486 ipsius
2834 413 3139 485 scriptam,
3162 414 3262 472 Hic
3282 422 3363 473 est
3389 429 3489 472 rex

111 516 431 571 γραμμενην
487 516 500 530 ⁸
560 499 727 562 Οὗτός
798 497 935 553 ἔστιν
1007 502 1032 553 ὁ
1107 499 1361 574 βασιλεὺς
1434 511 1534 555 τῶν
1586 502 1725 557 Ἰου-

116 583 339 658 δαίων]

196 677 270 728 Οἱ
295 672 384 728 οὖν
414 683 732 749 στρατιῶται
762 709 830 719 —
859 676 1073 753 κλῆρον,
1123 679 1238 735 Ἔτι
1273 686 1363 734 καὶ
1389 688 1576 747 ταῦτα,
1610 683 1730 734 ἔνθα

114 771 209 819 τό·
274 771 676 840 Σταυρὼσαντες
732 763 791 820 δὲ
841 767 1020 838 αὐτόν,
1047 765 1409 843 διεμερίσαντο
1435 773 1501 823 τὰ
1549 772 1733 843 ἱμάτια

117 854 313 920 αὐτοῦ,
375 853 645 927 βάλλοντες
698 855 905 931 κλῆρον.
965 863 1065 912 Καὶ
1107 857 1385 923 ἀνελλιπῶς
1423 858 1526 914 ἐκεῖ
1562 861 1732 913 πάντα

121 940 597 1018 διηρμηνεύθησαν
637 945 771 1018 (63).

199 1036 271 1087 Oi
335 1037 426 1107 μεν
510 1030 596 1087 οὖν
677 1044 995 1111 στρατιῶται
1058 1069 1127 1079 —
1194 1036 1546 1110 Μαγδαληνή.
1629 1044 1726 1093 Καὶ

118 1127 232 1196 μὴν
274 1128 557 1195 μονογενὴς
600 1120 661 1182 ἦν
701 1126 730 1184 ἠ
778 1130 1049 1188 Θεοτόκος·
1093 1126 1202 1180 ἀλλ’
1250 1127 1362 1181 ἐπεὶ
1405 1128 1598 1202 Ἰωσὴφ
1640 1132 1730 1180 καὶ

116 1212 341 1274 Κλοπᾶς
387 1208 621 1285 ἀδελφοὶ,
684 1216 799 1275 ἔθος
865 1212 925 1268 δὲ
992 1215 1113 1288 παρ’
1170 1215 1425 1292 Ἑϐραίοις
1480 1222 1567 1270 καὶ
1635 1219 1730 1279 τὰς

117 1310 224 1353 τῶν
307 1297 542 1374 ἀδελφῶν
616 1310 869 1374 γυναῖκας
949 1301 1170 1378 ἀδελφὰς
1246 1308 1731 1382 προσαγορεύεσθαι

118 1386 221 1442 διὰ
260 1394 352 1448 τὴν
407 1398 506 1442 τῶν
546 1387 746 1465 ἀνδρῶν
820 1389 1164 1465 ἀδελφότητα,
1214 1394 1391 1448 λοιπὸν
1443 1400 1537 1455 τὴν
1612 1399 1730 1450 σύν-

114 1499 320 1553 νυμφον
372 1479 555 1547 αὐτῆς,
587 1476 814 1552 ἀδελφὴν
882 1482 1164 1555 ὠνόμασεν.
1223 1484 1360 1539 Ἀλλ’
1429 1486 1585 1544 Ἰωσή
1638 1489 1727 1558 μεν

115 1575 212 1623 καὶ
264 1568 494 1633 Κλοπᾱς,
541 1571 590 1623 οὶ
645 1566 828 1643 ἄνδρες
885 1571 1073 1639 αὐτῶν,
1112 1576 1264 1645 φύσει
1307 1571 1542 1647 ἀδελφοίο
1573 1574 1728 1628 αὐταὶ

117 1655 201 1725 δὲ,
248 1660 309 1711 αἱ
365 1661 559 1711 τούτων
613 1666 870 1730 γυναῖκες,
926 1663 1217 1736 ἀγχιστεία
1250 1659 1491 1733 ἀδελφαί.
1533 1666 1726 1721 Εἰστή-

117 1768 305 1801 κεισαν
357 1744 416 1801 δε
465 1749 610 1821 παρὰ
645 1757 718 1819 τῷ
765 1758 994 1821 σταυρῷ,
1033 1746 1217 1804 οἷδειαν
1267 1753 1515 1825 εὑροῦσαι
1579 1772 1727 1811 τηνι-

117 1844 315 1889 καῦτα.
373 1843 583 1910 Πρῶτον
638 1840 739 1913 γὰρ
797 1845 965 1891 πᾶσαι
1008 1838 1062 1891 αἰ
1125 1842 1413 1913 μαθήτριαι
1479 1840 1581 1895 ἀπὸ
1629 1862 1727 1915 μα-

117 1926 305 1997 κρόθεν
363 1924 634 2001 ἕθεώρουν,
700 1928 765 1987 ὡς
830 1928 877 1979 οἱ
942 1926 1087 1980 ἄλλοι
1140 1925 1392 1993 ὶδίδαξαν
1454 1931 1721 2005 εὐαγγελι-

124 2034 272 2068 σταε.

191 2103 644 2178 [⁹Ανάγνωθι(ϐ4)
680 2103 730 2157 ἐν
771 2112 843 2176 τῷ
871 2105 1013 2178 αὐτῷ
1043 2106 1299 2180 κεφαλαίῳ
1329 2112 1422 2167 τὴν
1466 2107 1721 2181 ἐξήγησιν

117 2200 235 2245 τοῦ·
265 2191 329 2250 Ὀ
370 2190 430 2247 δε
459 2195 687 2262 Ἰησοῦς,
715 2195 870 2248 πάλιν
908 2195 1100 2271 κράξας
1142 2206 1279 2270 φωνῇ
1310 2198 1531 2271 μεγάλη,
1561 2197 1726 2271 ἀφῆκε

117 2284 175 2333 τὸ
209 2283 462 2355 πνεῦμα]

192 2372 402 2433 Ἰησοῦς
425 2403 494 2412 -
525 2373 724 2444 ἠγάπα.
756 2378 883 2428 Τότε
917 2376 1017 2451 γὰρ
1047 2379 1136 2429 καὶ
1163 2375 1319 2438 αὐτὸς
1351 2381 1719 2451 συμπαρέστη,

114 2468 221 2513 τῶν
247 2460 456 2533 ἐχθρῶν
481 2458 751 2516 Ἰουδαίων
782 2460 855 2523 ἥδ
859 2484 888 2523 η
918 2463 1351 2540 ἀναχωρούντων.

186 2644 348 2711 Λέγει
411 2671 481 2679 -
536 2660 651 2696 σου.
734 2639 878 2701 Ἤδη
966 2642 1307 2703 ἀποθνήσκων
1381 2648 1723 2719 παρατίθεται

112 2732 214 2787 τὴν
261 2733 466 2803 μητέρα
510 2737 583 2800 τῷ
629 2733 862 2805 μαθητῇ,
915 2738 1009 2792 τὴν
1067 2735 1407 2806 ἠγαπημένην
1463 2744 1536 2805 τῷ
1594 2736 1720 2806 ἠγα-

113 2822 355 2891 πημένῳ,
406 2823 493 2877 τὴν
532 2822 779 2893 παρθένον
831 2830 903 2893 τῷ
958 2824 1221 2895 παρθένων
1271 2821 1535 2877 παιδεύων
1583 2827 1724 2896 ἡμᾶς

118 2908 415 2981 φροντίςειν
472 2917 570 2961 τῶν
640 2914 825 2982 γονέων
890 2913 1054 2986 ἄχρις
1135 2911 1365 2984 ἔσχάτης
1441 2910 1721 2977 ἀναπνοῆς,

118 2998 145 3049 ὃ
208 3017 271 3050 αν
327 2997 386 3051 οὐ
442 3002 594 3071 μόνον
651 3000 745 3052 οὐκ
795 3001 911 3073 (65)
963 2998 1324 3075 ὶμποδίζωσιν
1381 3004 1452 3065 εἰς
1512 3002 1721 3079 ἀρετὴν,

1837 503 2180 562 Iudaeorum
2208 506 2278 560 τε.

1911 682 2074 737 Vers.
2093 685 2181 738 23.
2203 682 2418 739 Milites
2429 697 2569 752 ergo
2593 713 2653 723 -—
2669 682 2839 738 Vers.
2863 682 2951 739 24.
2967 687 3198 739 sortem.
3213 682 3496 739 Praeterea

1839 771 2052 836 etbaac,
2080 770 2184 828 ubi
2207 771 2421 828 dicitur
2445 790 2458 827 :
2479 773 2744 843 Cumque
2770 772 3203 842 cruciﬁxissent
3224 786 3371 838 eum,
3403 770 3496 827 di-

1840 860 2107 918 viserunt
2146 861 2488 918 vestimenta
2518 864 2642 932 ejus
2672 863 2719 897 “'9
2737 879 2755 933 ;
2790 877 2932 919 nam
2964 860 3045 917 ibi
3089 861 3294 918 omnia
3327 859 3492 916 nullo

1840 952 2234 1024 praetermisso
2257 950 2570 1007 enucleata
2598 955 2756 1007 sunt.

1910 1042 2069 1095 Vers.
2101 1041 2191 1095 24.
2222 1039 2440 1096 Milites
2467 1040 2671 1112 itaque
2705 1069 2773 1080 —
2796 1040 2954 1094 Vers.
2992 1042 3086 1094 25.
3123 1039 3484 1108 Hagdalene.

1838 1128 2017 1202 Atqui
2056 1128 2359 1198 unigenita
2396 1133 2521 1184 erat
2548 1127 2649 1183 Dei
2681 1130 2860 1183 Mater
2892 1143 2906 1182 :
2940 1142 3150 1184 verum
3178 1127 3399 1197 JOseph
3437 1129 3493 1184 et

1841 1218 2081 1291 Cleopas
2114 1218 2323 1275 fratres
2353 1221 2540 1274 erant.
2583 1216 2753 1274 Moris
2783 1221 2983 1273 autem
3034 1221 3157 1272 erat
3194 1214 3359 1287 apud
3390 1217 3495 1270 He-

1837 1307 2056 1373 braeos,
2097 1306 2348 1363 fratrum
2377 1323 2617 1380 quoque
2655 1322 2888 1371 uxores,
2928 1304 3229 1378 appellare
3260 1318 3496 1360 sorores

1841 1401 2080 1469 propter
2093 1396 2356 1453 virorum
2383 1396 2826 1452 fraternitatem.
2849 1398 3053 1467 Itaque
3067 1410 3222 1459 eam,
3237 1409 3368 1466 quae
3382 1408 3493 1464 pa-

1839 1486 1976 1542 riter
1996 1502 2135 1541 cnm
2159 1502 2230 1541 ea
2253 1502 2402 1541 uxor
2426 1490 2551 1541 erat
2570 1485 2678 1556 (a),
2705 1500 2974 1540 sororem
2998 1482 3347 1540 nominavit.
3373 1481 3491 1538 Sed

1837 1575 2053 1647 Joseph
2065 1575 2312 1648 quidem
2333 1581 2388 1630 et
2409 1574 2657 1646 Cleopas
2676 1572 2782 1628 viri
2795 1588 3023 1638 earum,
3043 1577 3258 1628 natura
3281 1570 3491 1626 fratres

1837 1672 2006 1721 erant
2034 1682 2047 1720 :
2085 1666 2231 1738 ipsae
2271 1671 2472 1721 autem
2498 1680 2706 1720 eorum
2735 1679 2969 1729 uxores,
3002 1661 3291 1717 afﬁnitate
3321 1674 3490 1715 soro-

1758 1752 1797 1806 B
1837 1771 1948 1811 res.
1986 1754 2232 1811 Stabant
2258 1770 2392 1811 vero
2421 1754 2594 1826 juxta
2623 1768 2881 1815 crucem,
2921 1756 3060 1806 tunc
3089 1754 3281 1805 nactae
3322 1764 3493 1804 secu-

1836 1843 2074 1900 ritatem
2107 1861 2119 1899 :
2151 1844 2410 1916 primum
2442 1844 2600 1899 enim
2643 1857 2856 1898 omnes
2904 1838 3212 1911 discipulae
3257 1839 3489 1893 eminus

1835 1932 2305 2006 conspiciebant,
2356 1931 2534 1988 veluti
2573 1930 2767 1987 caeteri
2806 1929 3138 1986 docuerant
3192 1925 3489 1996 evangeli-

1836 2028 1966 2080 stm.

1908 2115 2057 2184 Lege
2087 2116 2142 2169 et
2170 2111 2382 2169 eodem
2414 2111 2602 2183 capite
2632 2109 2768 2165 dicti
2798 2108 2955 2164 illius
3000 2105 3429 2162 enarrationem
3474 2121 3488 2159 :

1834 2201 1997 2258 Jesus
2010 2208 2230 2266 autem,
2246 2216 2379 2257 cum
2400 2201 2610 2256 iterum
2623 2200 2927 2256 clamasset
2941 2211 3078 2254 voce
3093 2209 3335 2266 magna,
3356 2192 3494 2250 emi-

1833 2291 1908 2347 sit
1936 2291 2213 2360 spiritum
2246 2290 2315 2344 ⁸ο.

1906 2383 2064 2437 Vers.
2094 2380 2183 2437 26.
2207 2381 2389 2437 Jesus-
2407 2410 2474 2420 —
2497 2377 2799 2447 diligebat.
2828 2377 2986 2431 Tunc
3008 2374 3171 2429 enim
3191 2376 3250 2429 et
3268 2372 3397 2445 ipse
3421 2370 3496 2426 si-

1835 2469 1960 2525 mul
2008 2468 2262 2535 astabat,
2329 2484 2468 2524 cum
2529 2468 2657 2540 jam
2719 2466 2919 2521 hostes
2975 2462 3164 2519 Judaei
3228 2459 3494 2517 discede-

1834 2571 1985 2617 rent.

1903 2647 2063 2703 Vers.
2089 2651 2178 2704 26.
2234 2646 2488 2702 Dicit—
2519 2646 2679 2700 Vers.
2711 2647 2802 2699 27.
2859 2646 2981 2698 tua.
3036 2642 3170 2697 Jam
3228 2638 3493 2694 moriens

1835 2739 2075 2792 Matrem
2088 2735 2474 2792 commendat
2490 2732 3050 2806 discipulo,summe
3067 2729 3492 2794 dilectam,ma-

1832 2826 1994 2881 xime
2025 2825 2243 2881 dilecto
2272 2843 2286 2893 ;
2318 2824 2624 2893 Virginem
2646 2821 2858 2893 virgini
2897 2837 2909 2875 :
2940 2820 3244 2874 instruens
3268 2832 3403 2884 nos,
3431 2819 3494 2873 ut

1835 2931 2042 2972 curam
2066 2914 2397 2971 habeamus
2430 2918 2748 2984 parentum
2802 2910 2878 2967 ad
2918 2912 3251 2964 extremum
3297 2920 3493 2978 usque

1835 3004 2129 3076 spiritum,
2167 3003 2413 3076 quando
2452 3017 2573 3058 non
2618 3002 2810 3057 solum
2860 3015 2981 3054 non
3030 3001 3170 3053 sunt
3208 2995 3285 3052 ad
3317 2994 3493 3051 virtu-

118 3085 255 3139 ἀλλὰ
296 3092 385 3141 καὶ
421 3087 612 3160 μᾶλλον
669 3090 1128 3164 συμφιλοσοφοῦσιν
1181 3094 1305 3164 ἡμῖν
1348 3095 1415 3145 τὰ
1464 3098 1719 3168 σωτήρια.

1856 3094 2412 3166 emimpedimento,
2429 3092 2551 3147 imo
2565 3090 2763 3163 potius
2777 3089 3092 3145 nobiscum
3112 3086 3188 3143 ad
3209 3082 3494 3141 salutaria

114 3175 272 3249 [“Ὀτε
328 3178 439 3248 (66)
493 3180 582 3251 μὲν
645 3181 745 3253 γὰρ
799 3178 1033 3251 ἀκαίρως
1084 3181 1333 3252 ἠνώχλει,
1383 3181 1520 3253 Fam
1577 3197 1591 3211 '
1661 3187 1725 3235 Ti

113 3263 238 3337 ἐμοὶ
274 3271 367 3318 καὶ
412 3271 518 3334 σοὶ,
551 3269 740 3338 γύναι;
771 3273 882 3322 καὶο
930 3274 1023 3332 Τίς
1074 3268 1214 3323 ἐστιν
1262 3273 1292 3329 ἡ
1352 3275 1528 3345 μήτηρ
1574 3289 1717 3342 μους

108 3362 205 3406 νῦν
265 3350 327 3407 δὲ
382 3354 575 3414 πολλὴν
644 3352 997 3411 ἐπιδείκνυται
1062 3357 1448 3433 γιλοστοργίαν.
1510 3357 1621 3414 Ἴδε
1696 3361 1721 3413 ὁ

107 3447 231 3506 υἱός
287 3451 404 3511 σου,
462 3450 751 3499 τουτέστιν.
810 3447 961 3510 οὗτος
1033 3451 1181 3501 ἓσται
1249 3468 1334 3501 σοι
1394 3448 1501 3501 ἀντ’
1571 3449 1717 3521 ἐμοῦ·

102 3530 265 3588 Ἰδοὺ
304 3535 336 3592 ἠ
381 3540 557 3609 μήτηρ
599 3554 714 3605 σου,
765 3539 948 3608 ἤγουν,
979 3541 1043 3591 σὺ
1095 3539 1188 3611 ἴση
1222 3541 1383 3612 ταύτῃ
1415 3536 1521 3590 ἀντ’
1568 3537 1714 3611 ἐμοῦ,

103 3621 351 3695 ὀφείλεις,
419 3627 487 3687 ὡς
535 3629 730 3698 μητρός
786 3645 902 3694 σου,
956 3628 1154 3689 ταύτης
1215 3627 1569 3701 φροντίζειν.]
1622 3635 1730 3691 Τῆς

1834 3188 2183 3240 exercentur
2208 3182 2305 3254 (r).
2340 3185 2486 3238 Nam
2516 3180 2763 3253 quando
2794 3177 3205 3250 intempestive
3243 3173 3494 3230 molesta

1832 3279 1975 3339 erat,
2005 3272 2275 3329 dicebat:
2309 3271 2460 3339 Quid
2488 3269 2703 3326 militet
2736 3268 2844 3324 tibi
2871 3274 2975 3333 est,
3007 3266 3225 3322 mulier
3256 3265 3299 3300 ³¹
3334 3264 3363 3321 7
3390 3266 3444 3317 et
3476 3278 3489 3318 :

1833 3363 1968 3428 Quae
1997 3369 2079 3419 est
2100 3369 2292 3418 mater
2309 3376 2440 3418 mea
2460 3360 2506 3395 ⁸²
2533 3361 2561 3417 ?
2584 3363 2749 3416 Nunc
2770 3374 2906 3413 vero
2930 3370 3220 3425 magnum
3243 3352 3496 3409 demon-

1832 3456 1979 3507 strat
2003 3466 2276 3508 amorem
2319 3466 2330 3506 :
2366 3452 2499 3506 Ecce
2543 3450 2709 3521 ﬁlius
2755 3456 2911 3512 tuus,
2944 3446 3058 3502 hoc
3089 3448 3195 3509 est,
3225 3442 3322 3498 hic
3357 3456 3495 3497 meo

1828 3531 1959 3597 loco
1993 3540 2096 3596 tibi
2126 3540 2252 3596 erit.
2288 3540 2442 3597 Ecce
2472 3546 2660 3595 mater
2684 3541 2808 3603 tua,
2854 3536 2998 3601 sive,
3026 3539 3088 3589 tu
3129 3531 3247 3588 eris
3297 3531 3353 3586 ei
3386 3546 3494 3597 pro

1846 3648 1940 3687 me
1966 3652 1977 3696 ;
2002 3635 2232 3703 oportet
2260 3632 2315 3684 te
2347 3629 2526 3700 hujus
2561 3628 2715 3682 sicut
2758 3625 2961 3681 matris
3009 3624 3230 3679 habere
3261 3634 3491 3676 curam.

104 3715 203 3783 μὲν
236 3711 328 3765 οὖν
370 3716 570 3785 μητρὸς
608 3712 890 3787 ippon-tor
946 3718 1032 3769 τόν
1086 3713 1146 3769 δὲ
1202 3718 1445 3788 μαθητὴν
1509 3722 1726 3790 ἐτίμησε

1853 3720 2038 3777 Matris
2068 3720 2270 3792 itaque
2310 3735 2518 3775 curam
2546 3716 2777 3781 habuit,
2820 3711 3180 3786 discipulum
3214 3724 3354 3766 vero
3393 3708 3497 3764 ho-

104 3806 275 3874 τιμήν
333 3806 425 3861 τὴν
474 3807 746 3875 μεγίστην,
792 3808 882 3857 καὶ
936 3814 1033 3867 τῆς
1067 3814 1376 3879 παραμονῆς
1417 3814 1578 3858 τοῦτο
1612 3809 1732 3877 (67)

107 3892 312 3963 μισθόν
346 3895 473 3954 τέως
504 3888 723 3947 δέδωκε.

185 3984 344 4033 Διατί
392 3977 452 4034 δὲ
506 3985 578 4053 μὴ
632 3987 721 4035 καὶ
760 3989 855 4044 τῆς
908 3982 1063 4044 ἄλλῆς
1101 3985 1369 4056 ἐφρόντισε
1434 3988 1731 4055 “prauos;

108 4068 242 4123 Ὀτι
271 4068 438 4128 ἐκείνη
479 4072 569 4142 μὲν
626 4078 739 4142 εἶχε
782 4067 1068 4143 κηδεμόνα,
1101 4073 1132 4130 ἡ
1194 4068 1252 4124 δὲ
1299 4076 1473 4146 μήτηρ
1504 4069 1731 4126 οὐδένα.

112 4164 210 4211 καὶ
266 4162 353 4210 ’ἱνα
402 4167 599 4230 γνῶμεν
655 4162 733 4212 ὅτι
768 4165 880 4232 χρὴ
928 4164 1047 4221 τοὺς
1100 4163 1366 4223 τοιούτους
1417 4166 1737 4235 γεννήτορας

1842 3826 1985 3866 nore
2018 3810 2284 3865 maximo
2313 3807 2648 3873 honoravit,
2684 3820 2749 3861 ac
2779 3802 3013 3861 interim
3039 3802 3195 3857 hanc
3225 3796 3498 3868 longani-

1840 3898 2060 3955 mitatis
2089 3898 2159 3970 (ε)
2181 3898 2347 3955 dedit
2366 3895 2722 3954 mercedem.

1914 3989 2105 4052 Quare
2155 3992 2355 4042 autem
2399 3985 2637 4040 alterius
2687 3997 2930 4054 quoque
2972 3977 3235 4034 mulieris
3285 3990 3493 4031 curam

1847 4089 1966 4129 non
1982 4072 2186 4128 habuit
2201 4070 2229 4114 9
2248 4072 2397 4136 Quia
2416 4070 2517 4125 illa
2539 4074 2977 4140 procuratorem
2997 4062 3279 4130 habebat,
3307 4065 3497 4115 mater

1846 4177 1987 4219 vero
2011 4160 2311 4217 neminem
2333 4163 2436 4226 :et,
2461 4163 2522 4213 ut
2543 4157 2810 4212 sciamus
2822 4153 2984 4227 quod
3003 4154 3274 4223 oporteat
3292 4147 3495 4220 hujus-

113 4252 386 4322 προτιμᾷν
432 4256 530 4300 τῶν
587 4248 748 4300 ἄλλων
804 4247 914 4302 ἀνθ’
969 4250 1036 4301 ὧν
1080 4252 1268 4318 ἔτεκον,
1324 4248 1435 4302 ἀνθ’
1495 4251 1563 4301 ὧν
1624 4249 1726 4304 ἀνέ-

1853 4250 2011 4308 modi
2031 4253 2308 4323 parentes
2330 4263 2453 4320 prae
2480 4246 2706 4303 creteris
2730 4244 3046 4307 honorare,
3079 4239 3224 4312 quia
3253 4251 3498 4310 pepere-

113 4336 322 4409 θρεεξιαν
352 4336 489 4408 (68),
531 4334 639 4389 ἀνθ’
666 4336 733 4388 ὧν
762 4342 928 4413 μυρία
966 4335 1111 4392 δεινὰ
1135 4340 1444 4393 πεπόνθασι.

186 4550 241 4587 το
274 4547 479 4607 Matth.
512 4566 690 4617 xxvu,
727 4556 814 4609 37.
928 4554 976 4588 7°
1006 4551 1154 4611 ibid.
1195 4554 1289 4610 35.

1409 4554 1457 4590 ⁸ο
1498 4553 1642 4610 ibid.
1679 4558 1767 4611 50.

1843 4346 2002 4409 runt,
2055 4338 2198 4412 quia
2254 4336 2546 4400 aluerunt,
2603 4334 2746 4407 quia
2799 4330 2956 4388 mille
3006 4326 3268 4402 pericula
3334 4326 3495 4398 passi

1844 4434 2002 4486 sunt.

1882 4555 1925 4592 ⁸1
1958 4555 2131 4612 Joan.
2159 4570 2223 4623 ιι,
2254 4556 2308 4609 4.
2423 4552 2469 4587 ³³
2497 4549 2692 4608 Matth.
2725 4563 2825 4617 xu,
2858 4549 2947 4603 48.

1353 4731 1578 4800 Variae
1615 4732 1943 4802 lectiones
1973 4744 2036 4801 et
2076 4742 2277 4800 notae.

222 4900 318 4958 62)
350 4900 581 4957 Inclusa
607 4900 827 4958 absunt
851 4903 915 4958 Α.

220 4968 320 5043 63)
351 4977 440 5049 Γρ.
469 4968 942 5049 διηυκρινήθμησαι.
974 4975 1041 5049 In
1081 4989 1269 5049 marg.
1298 4976 1362 5049 Β.
1392 4979 1726 5049 Δειηυκρινή-

112 5048 323 5119 βῃσαν,
355 5043 415 5119 in
456 5043 736 5119 contextu
779 5044 959 5101 habet
1015 5048 1081 5102 Α.
1131 5043 1321 5119 Atque
1351 5047 1432 5102 ita
1478 5043 1727 5103 fortasse

112 5113 455 5172 Hentenius
483 5116 723 5186 reperit.

194 5186 316 5260 (64)
343 5187 577 5260 luciusa
605 5186 823 5243 desunt
845 5190 912 5243 A.

191 5255 319 5332 (65)
359 5255 770 5331 Ἐμποδίζουσιν
798 5262 860 5312 Α.

190 5409 450 5485 (ςλρυεε
469 5409 700 5478 Pariter
727 5416 961 5485 A—Aerat.
991 5413 1283 5485 Σύννυμφον
1326 5426 1485 5468 nunc
1524 5411 1725 5485 appel.

108 5484 213 5555 latr
230 5481 499 5555 afﬁnem,
516 5486 614 5555 ,τὴν
642 5482 759 5555 κατ’
790 5481 1072 5555 ίπιγαμίαν
1099 5481 1348 5555 συγγενῆ.

190 5553 409 5638 (τ’).Αᾴ
431 5553 1125 5638 εμιαιανίαηεωειδρειιιᾳν.
1156 5553 1448 5638 salutaria
1457 5558 1735 5638 tractant

109 5625 400 5700 (salutari
419 5628 476 5680 et
495 5625 854 5697 evangelicae
873 5626 1159 5685 doctrinae
1176 5625 1427 5699 vitaque
1453 5625 1736 5684 Christia-

113 5696 225 5756 nae
255 5696 408 5753 dant
431 5696 722 5769 operam).

1911 4905 2022 4973 (66)
2054 4901 2288 4958 Inclusa
2319 4901 2541 4973 absunt
2568 4902 2614 4954 A

1934 4966 2025 5045 67)
2055 4981 2249 5045 Τοῦτον
2276 4973 2509 5028 videtur
2529 4972 2741 5045 legisse
2773 4966 3115 5045 Hentenius.

1935 4981 1998 5030 67
2055 4981 2247 5028 Τοῦτον
2276 4977 2509 5028 videtur
2529 4977 2741 5045 legisse
2774 4977 3115 5027 Hentenius.

1935 4977 2029 5117 68;
2068 5043 2327 5117 Ἐθρεψαν
2359 5047 2423 5117 Α.
2477 5046 2597 5099 Hoc
2650 5047 2738 5099 est
2783 5042 2956 5107 alere,
2997 5044 3061 5096 ut
3115 5035 3297 5117 habet
3347 5036 3495 5117 Hen-

1839 5106 2033 5174 tenius
2081 5133 2093 5171 :
2146 5106 2303 5187 istud
2340 5115 2594 5172 educare
2648 5131 2661 5181 ;
2712 5106 3064 5187 quanquam
3114 5106 3361 5182 simplex
3414 5106 3495 5161 ita

1837 5188 2020 5246 etiam
2055 5186 2361 5261 accipitur.

1908 5410 1982 5483 (ε)
2030 5408 2551 5483 Ῑιοηθαῃίηιιεαιίε.
2598 5413 2879 5483 Παραμονή
2911 5405 3159 5483 {aonnis
3192 5402 3495 5483 e_s_t,.q_uod

1836 5473 2095 5556 captum,
2155 5473 2485 5537 abductum
2535 5495 2613 5556 ac
2653 5473 2811 5556 cruci
2876 5478 3127 5556 affixam
3197 5473 3492 5556 Qhriétqm

1848 5546 2040 5609 fuerat
2064 5556 2318 5614 secutus,
2346 5567 2486 5607 cum
2513 5551 2723 5622 reliqui
2750 5549 3025 5623 discipuli
3042 5564 3179 5604 eum
3203 5546 3494 5603 deseruis-

1847 5628 1999 5682 sent.
2031 5626 2182 5696 Ergo
2203 5621 2671 5696 perseverantiae,
2705 5621 3061 5684 constantiae.
