4022 6232
568 241 593 294 1
608 241 701 296 471

634 367 955 424 Considera
979 372 1201 432 autem,
1235 366 1398 441 quod
1444 370 1579 424 ante
1609 368 1953 441 passionem
1986 369 2235 442 quidem

567 459 950 513 vehementer
979 457 1334 526 angebatur,
1366 474 1537 512 nunc
1571 473 1708 514 vero
1738 459 1864 513 sine
1898 459 2236 515 turbatione

567 548 921 619 alloquitur:
954 548 1250 618 siqui-lem
1274 547 1354 601 ibi
1385 555 1614 602 naturae
1643 547 1981 614 infirmitas,
2007 549 2100 603 hic
2125 565 2233 603 an-

559 646 675 695 tem
700 637 990 708 patientiae
1013 637 1389 691 vehementia
1415 654 1530 708 app
1547 643 1689 692 aret.
1709 637 2229 700 Quemadmodum

558 725 717 780 enim
748 724 1292 795 concupiscentiam
1324 725 1762 780 commistiouis
1794 741 2135 796 corporum,
2167 727 2229 780 li-

561 818 652 869 cet
681 814 1058 869 vehementer
1090 815 1264 869 nobis
1293 814 1366 868 ad
1396 814 1838 870 successionem
1874 816 2120 884 generis
2153 815 2232 870 in-

562 903 756 970 sitam,
802 903 1189 975 philos0pliiae
1234 903 1410 957 dediti
1456 904 1523 972 (ι)
1573 903 2012 972 exstinguimus
2074 921 2085 959 :
2155 905 2236 958 ita

564 1007 804 1065 quoque
826 993 947 1047 vita:
969 993 1380 1064 cupiditatem,
1407 1009 1756 1065 quanquam
1783 995 2118 1064 plurimam,
2159 1010 2233 1050 ne

562 1082 1194 1153 nosipsosinterimam
1206 1098 1290 1144 us,
1311 1081 1476 1135 nobis
1496 1081 1819 1153 inditam,p
1837 1083 2232 1153 hilosophiam

559 1175 876 1244 sequentes
909 1171 1300 1226 Christianam
1325 1169 1682 1237 frangimus:
1706 1177 1759 1225 et
1780 1178 1927 1225 tunc
1955 1172 2228 1226 turbatio.

560 1277 694 1333 quin
711 1277 779 1315 ex
810 1259 995 1315 nimio
1021 1261 1146 1314 vita:
1172 1275 1377 1314 amore
1399 1259 1768 1329 procedebat,
1788 1276 1823 1315 a
1845 1261 2229 1332 philosophia

560 1349 891 1407 Christiana
926 1350 1339 1421 supprimitur,
1391 1365 1459 1403 ac
1492 1348 1570 1403 ita
1599 1350 1659 1404 fit
1687 1355 1745 1404 ut
1784 1350 2094 1406 vincantur
2123 1365 2225 1420 pe-

561 1438 772 1494 ricula.

636 1526 784 1583 Nihil
815 1533 1011 1583 autem
1040 1528 1292 1598 amplius
1318 1533 1667 1583 testamento
1690 1527 1843 1584 cavit
1873 1529 1982 1599 (τι).
2009 1527 2222 1599 partim

560 1617 821 1688 quidem,
870 1622 1099 1688 propter
1132 1622 1415 1688 temporis
1441 1619 1770 1690 angustiam
1816 1636 1831 1671 :
1872 1618 2086 1690 partim
2124 1634 2225 1672 au-

1895 243 2246 300 EUTHYMII
2291 244 2622 302 ZIGABENI

3730 255 3814 313 mi

2269 375 2312 424 A
2422 377 2602 426 Σκόπει
2636 370 2696 427 δὲ
2726 382 2829 435 πῶς
2877 378 2976 448 πρὸ
3015 377 3103 447 μὲν
3142 381 3232 426 τοῦ
3269 376 3463 437 πάθους
3488 376 3754 446 ﬁnitimam
3786 380 3822 434 δὲ

2351 460 2634 534 ἀταράχως
2689 461 2984 536 διαλέγεται
3012 485 3023 496 °
3085 467 3189 516 ἐκεῖ
3234 468 3320 536 μὲν
3370 468 3464 537 γὰρ
3513 469 3538 523 ἡ
3583 476 3657 527 τῆς
3696 473 3826 540 φύσεως

2349 551 2603 618 ἀσθένεια,
2672 553 2892 606 ἐνταῦθα
2960 551 3016 607 δὲ
3077 557 3106 611 ἡ

3185 564 3244 613 τῆ
3257 576 3273 616 ς
3349 557 3586 626 ὑπομονῆς
3631 569 3830 628 περιουσία

2349 647 2599 712 φαίνεται.
2665 642 2887 718 [Ὥσπερ
2975 645 3091 715 (69)
3160 647 3257 716 γὰρ
3331 649 3419 700 τὴν
3492 644 3724 717 ἐπιθυμέω

2346 731 2529 802 μίξεως
2582 741 2681 784 τῶν
2748 735 3022 804 σωμάτων,
3073 738 3244 785 καίτοι
3295 731 3516 805 σφοδρὰν
3555 735 3660 804 ἡμῖν
3707 736 3832 788 ἐκσπα-

2344 827 2523 892 ρεῖσαν
2563 826 2687 893 πρὸς
2717 819 2989 894 διαδοχήν
3039 830 3129 874 τοῦ
3168 827 3361 892 γένους.
3395 823 3736 893 φιλοσοῖνοῦντες
3773 846 3834 892 ρία-

2345 913 2581 981 ραίνομεν
2615 928 2627 939 ⁸
2691 911 2824 962 οὕτω
2899 917 2987 962 καὶ
3065 915 3157 968 τὴν
3233 910 3497 982 ἐπιθυμίαν
3578 919 3659 972 τῆς
3725 914 3834 974 ζωῆς,

2347 1003 2514 1050 καίτοι
2563 999 2745 1058 πολλὴν
2796 1002 2921 1071 ἡμῖν
2969 999 3252 1053 ἐντεθεῖσαν
3303 1004 3427 1072 πρὸς
3471 1003 3523 1050 τὸ
3581 1005 3642 1071 μὴ
3674 1003 3836 1073 ἀναιρεῖν

2344 1087 2570 1158 ἑαυτοὺς,
2632 1089 3027 1160 φιλοσοφοῦντες
3082 1088 3394 1161 ἁμϐλύνομεν
3438 1108 3450 1121 ·
3513 1094 3592 1140 καὶ
3647 1089 3837 1141 λοιπονὸ

2341 1177 2397 1228 ἐκ
2477 1177 2752 1249 φιλοζωίας
2819 1180 3056 1251 τάραχος
3123 1180 3222 1228 ὑπὸ
3289 1177 3569 1249 φιλοσοφίας
3630 1180 3838 1230 ’.αἴας-τέ),

2339 1266 2500 1326 λεται,
2579 1272 2669 1319 καὶ
2723 1268 2858 1319 οὕτω
2893 1272 3233 1342 προσγίνεται
3287 1270 3344 1318 τὸ
3410 1269 3730 1338 περιγίνεσθαι
3773 1277 3838 1318 τῶν

2340 1353 2539 1410 δεινῶν.

2408 1535 2574 1589 Οὐδὲν
2617 1533 2676 1589 δὲ
2714 1537 2884 1590 πλεῖον
2935 1535 3214 1605 ἐπέσκηψε,
3245 1543 3395 1586 τοῦτο
3537 1532 3620 1586 διὰ
3645 1541 3691 1586 τὸ
3720 1541 3839 1587 στι-ιον

2335 1633 2426 1678 τοῦ
2479 1635 2686 1698 καιροῦ,
2718 1633 2869 1678 τοῦτο
2928 1622 2987 1678 δε
3030 1630 3118 1676 καὶ
3168 1628 3226 1676 τὸ
3266 1625 3382 1695 (70)
3413 1621 3500 1676 δια
3545 1623 3751 1696 βιωτικον
3782 1629 3840 1696 μὲν

562 1711 700 1769 tem,
739 1707 882 1776 quia
914 1707 1239 1779 temporale
1270 1707 1514 1779 quidem
1550 1707 1693 1762 nihil
1726 1707 1954 1772 habuit,
1998 1707 2070 1761 de
2105 1707 2210 1778 spi-

2335 1713 2501 1786 μηδὲν
2540 1718 2704 1787 ἔχειν,
2735 1719 2853 1790 περὶ
2881 1711 2940 1766 δε
2977 1723 3073 1766 τῶν
3105 1721 3460 1785 πνευματικῶν
3502 1713 3841 1785 προεντεῦαςθει

562 1795 873 1852 ritualibus
908 1812 1043 1852 vero
1083 1796 1246 1867 prius
1276 1798 1672 1852 communiter
1702 1795 1982 1851 omnibus
2009 1812 2219 1866 praece-

563 1891 749 1955 perat.

637 1974 798 2030 Vers.
863 1981 948 2030 27.
1010 1977 1090 2031 Et
1149 2008 1214 2016 —
1266 1992 1390 2031 sua.
1448 1976 1625 2030 Juxta
1684 1974 1946 2045 magistri
2007 1991 2219 2046 praece-

562 2069 753 2135 ptum.

633 2153 798 2207 Vers.
840 2153 926 2208 28.
967 2155 1166 2210 Postra
1197 2187 1264 2193 —
1295 2159 1691 2210 consummata
1717 2157 1926 2210 essent.
1976 2153 2219 2225 Reliqua

562 2243 787 2306 omnia,
823 2259 958 2313 quae
993 2259 1113 2296 suae
1148 2248 1308 2298 erant
1341 2242 1822 2312 dispensationis.

635 2330 798 2384 Vers.
825 2334 912 2384 28.
941 2331 1012 2385 Ut
1034 2330 1269 2384 —Vers.
1297 2335 1382 2386 29.
1409 2332 1500 2385 ori
1529 2333 1674 2399 ejus.
1698 2333 1840 2385 Nam
1873 2329 2067 2383 solum
2100 2329 2214 2385 hoc

561 2417 855 2488 reliquam
879 2425 1020 2472 erat.
1051 2419 1412 2489 Scripturam
1443 2423 1642 2473 autem
1675 2419 1811 2472 dicit
1837 2418 2181 2473 Davidicam
2201 2461 2213 2482 ,

559 2521 696 2578 quae
718 2507 828 2561 ait:
859 2507 935 2561 Et
951 2508 1242 2563 dederunt
1259 2508 1316 2562 in
1334 2523 1522 2563 escam
1543 2523 1728 2563 meam
1748 2509 1855 2576 fet,
1883 2514 1934 2564 et
1957 2507 2034 2561 ad
2051 2508 2214 2563 sitim

558 2611 739 2652 meam
764 2601 1114 2664 potaverunt
1144 2613 1230 2652 me
1261 2605 1420 2653 aceto
1452 2598 1518 2649 ⁸³.

631 2687 838 2751 Quaere
872 2692 1069 2740 autem
1104 2687 1384 2757 praedicto
1408 2686 1602 2756 capite
1631 2687 1984 2742 sententiam
2013 2686 2172 2742 illam
2197 2703 2208 2740 :

564 2775 857 2830 Dederunt
871 2775 1009 2831 eiad
1023 2776 1332 2830 bibendum
1352 2780 1579 2830 acetum
1596 2791 1728 2830 cum
1741 2776 1883 2844 felle
1901 2778 2022 2830 mist
2031 2793 2125 2831 um
2144 2777 2210 2840 διε

561 2871 616 2920 et
640 2864 927 2937 lege,qua3
945 2865 1023 2918 ibi
1045 2865 1198 2918 dicta
1227 2872 1382 2918 sunt.
1406 2868 1670 2936 Hyssopo
1690 2880 1831 2920 vero
1853 2865 2210 2936 appositam,

561 2953 679 3007 sive
698 2953 942 3024 hyssopi
968 2953 1266 3018 arundini,
1288 2970 1464 3024 quam
1482 2953 1556 3007 ad
1574 2969 1822 3008 manum
1839 2958 2208 3024 repererunt:

559 3043 739 3114 idque
767 3049 1011 3114 propter
1040 3044 1229 3098 crucis
1260 3043 1621 3098 altitudinem
1651 3042 1730 3114 (v)
1756 3041 2080 3098 llludebant
2106 3057 2216 3096 au-

560 3136 675 3186 tem
705 3131 755 3186 ei
786 3131 1104 3187 offerentes
1135 3137 1381 3187 acetum.

631 3220 791 3276 Vers.
833 3225 920 3276 30.
974 3222 1118 3276 Cum
1159 3252 1216 3262 ——
1269 3228 1721 3276 consummatum
1774 3226 1878 3276 est.
1921 3220 2214 3275 Omnibus

557 3318 824 3374 numeris
852 3319 1151 3391 completa
1173 3325 1306 3375 sunt
1327 3320 1552 3388 omnia,
1578 3320 1679 3383 sic,
1714 3325 1777 3374 ut
1799 3320 1923 3390 jam
1953 3318 2093 3374 nihil
2117 3318 2215 3373 de-

558 3407 730 3463 ﬁciat.

630 3499 783 3552 Vers.
819 3501 906 3553 30.
937 3498 1014 3552 Et
1053 3527 1121 3538 —-—
1149 3498 1438 3567 spiritum.
1484 3501 1630 3563 Non,
1664 3503 1973 3569 postquam
2023 3498 2217 3568 exspi-

557 3586 727 3647 ravit,
759 3593 938 3656 caput
985 3585 1308 3649 inclinavit,
1342 3585 1505 3656 quod
1538 3586 1594 3639 in
1631 3585 1802 3640 nobis
1829 3586 2077 3640 accidit:
2110 3586 2217 3640 sed

563 3681 882 3745 postquam
914 3674 1215 3728 inclinavit
1235 3681 1431 3744 caput,
1459 3676 1746 3746 expiravit
1777 3692 1788 3729 :
1818 3681 1880 3729 ut
1904 3674 2216 3729 discamus

567 3762 755 3833 quod,
774 3762 1025 3832 quando
1048 3761 1252 3826 voluit,
1275 3767 1541 3816 mortuus
1563 3768 1670 3825 est,
1704 3779 1838 3817 cum
1855 3765 2061 3818 omnia
2083 3780 2217 3818 con-

559 3855 864 3906 summata
905 3856 1119 3919 essent,
1161 3853 1302 3905 tunc
1362 3850 1629 3922 spiritum
1679 3852 1738 3906 in
1789 3868 2001 3906 manus
2036 3853 2216 3907 Patris

559 3940 813 4005 tradidit,
836 3940 1012 3996 veluti
1043 3940 1396 4009 signiﬁcavit
1417 3940 1610 3995 Lucas
1641 3942 2009 4009 octogesimo
2036 3942 2214 4012 primo

561 4030 769 4100 capite,
803 4037 857 4085 et
883 4030 938 4084 in
973 4046 1042 4086 eo
1087 4033 1215 4098 lege
1246 4030 1405 4086 illius
1439 4032 1744 4085 sententias
1785 4030 2213 4103 interpretatio-

560 4135 692 4175 nem
729 4136 741 4174 :
781 4121 857 4175 Et
890 4121 1158 4175 clamans
1190 4135 1327 4175 voce
1357 4135 1562 4191 magna
1593 4121 1774 4185 Iesus,
1824 4121 1905 4175 ait
1949 4138 1959 4174 :
2015 4121 2209 4187 Pater,

557 4209 619 4264 in
652 4225 856 4266 manus
879 4215 1007 4264 tuas
1039 4209 1461 4265 commendado
1482 4210 1756 4278 spiritum
1789 4225 1978 4264 meum
1999 4211 2066 4261 ⁸⁵.

629 4390 785 4442 Vers.
831 4391 918 4443 3t.
965 4387 1157 4458 Igitur
1193 4387 1381 4441 Judaei
1410 4418 1476 4426 —
1516 4387 1760 4441 Sabbati.
1815 4390 1873 4441 ln
1917 4388 2210 4482 cujusque
2248 4428 2293 4482 Ι)

557 4493 752 4535 cruce.
781 4480 925 4532 Nam
956 4478 1100 4549 quia
1130 4479 1451 4531 Parasceve
1483 4480 1628 4538 erat,
1656 4477 1701 4530 si
1729 4481 1864 4532 tunc
1890 4491 2012 4531 non
2055 4475 2212 4530 tolle-

557 4564 798 4630 bantur,
827 4566 1092 4622 futurum
1117 4570 1242 4622 erat
1265 4570 1324 4621 ut
1356 4571 1412 4621 et
1437 4564 1693 4620 Sabbato
1715 4565 1775 4621 in
1800 4580 1974 4620 cruce
2021 4581 2212 4620 rema-

627 4743 672 4776 ⁸³
706 4741 861 4798 Psal.
905 4759 1108 4814 vaui,
1141 4743 1230 4797 22.
1345 4743 1391 4778 3‘
1419 4741 1617 4797 Matth.
1649 4757 1817 4807 xxvu,
1851 4741 1944 4799 34.

2333 1813 2476 1877 κοινῇ
2512 1804 2721 1877 πᾶσιν.]

2405 1983 2508 2036 Καὶ
2561 2013 2627 2020 --
2668 1978 2804 2032 ἴδια.
2865 1983 3010 2033 Κατὰ
3058 1985 3151 2038 τὴν
3210 1981 3323 2051 (7i)
3383 1978 3576 2036 ἐντολὴν
3611 1985 3688 2029 τοῦ
3723 1975 3837 2029 διδα-

2332 2071 2551 2122 σκάλου.

2403 2162 2546 2213 Μετὰ
2576 2167 2728 2210 τοῦτο
2767 2191 2833 2198 -
2866 2189 2931 2198 —-
2963 2158 3276 2210 τετέλεσται.
3323 2160 3493 2210 Πάντα
3531 2155 3686 2222 τᾶλλα,
3713 2157 3760 2205 τὰ

2328 2247 2642 2318 οἰκονομίας.

2397 2337 2507 2390 Ἵνα
2559 2337 2719 2388 αὐτοῦ
2763 2344 2834 2405 τῷ
2899 2340 3140 2402 στόματι.
3175 2335 3368 2407 [Τοῦτο
3399 2337 3509 2406 (72)
3533 2338 3620 2405 γὰρ
3643 2337 3759 2404 μόνον
3787 2334 3837 2382 ἔτι

2327 2425 2560 2478 ἐνέλειπε.
2597 2430 2804 2498 Γραφὴν
2837 2422 2896 2478 δὲ
2925 2425 3058 2496 λέγει
3089 2429 3182 2482 τὴν
3217 2428 3513 2486 Δαυῐτικήν,
3542 2429 3592 2474 τὸ
3622 2439 3632 2451 ·
3662 2416 3835 2474 Καὶἔδυ·

2326 2535 2420 2567 καν
2462 2518 2530 2578 εἰς
2562 2519 2619 2567 τὸ
2649 2514 2836 2588 βρῶμά
2863 2535 2962 2586 μου
3005 2514 3191 2586 χολὴν,
3226 2520 3319 2566 καὶ
3371 2514 3439 2574 εἰς
3481 2518 3566 2569 τὴν
3611 2509 3737 2581 δίψαν
3769 2528 3836 2580 ρον

2327 2608 2570 2656 ἑπότισαν
2602 2624 2664 2676 με
2698 2604 2859 2676 ὄξος.]

2396 2699 2632 2751 Ζήτησον
2693 2692 2752 2745 δὲ
2802 2693 2849 2744 ἐν
2906 2701 2979 2762 τῷ
3033 2689 3480 2766 προδιαληφθέντι
3517 2691 3735 2762 κεφαλαίῳ
3773 2693 3833 2737 36'

2327 2779 2568 2835 Ἔδωκαν
2633 2782 2774 2852 αὐτῷ
2847 2789 2980 2833 πιεῖν
3051 2780 3165 2842 ὄξος
3238 2783 3372 2852 μετὰ
3444 2780 3598 2851 χολῆς
3655 2779 3836 2850 μεμιγμέ-

2325 2891 2431 2923 νον·
2485 2877 2573 2923 καὶ
2645 2869 2903 2941 ἀνάγνωθι
2968 2877 3027 2921 τα
3082 2871 3310 2944 ρηθέντα
3371 2869 3489 2924 ἐκεῖ.
3542 2867 3751 2934 ’Υσσώπῳ
3802 2860 3838 2914 δὲ

2327 2962 2638 3035 περιθέντες,
2714 2964 2878 3012 εἶτουν
2959 2962 3212 3011 ὑσσώπου
3306 2959 3535 3030 καλάμῳ,
3619 2959 3837 3028 προχείρως

2257 3069 2294 3123 C
2327 3051 2602 3123 εὑρεθέντι,
2653 3046 2748 3101 διὰ
2804 3053 2862 3100 τὸ
2902 3049 3035 3119 ὖῲος
3087 3056 3177 3100 τοῦ
3232 3055 3484 3119 σταυροῦ.
3517 3046 3764 3104 Ἐνέπαιξω
3801 3039 3837 3092 is

2326 3138 2487 3209 αὐτῷ,
2516 3143 2887 3213 προσφέροντες
2919 3138 3052 3200 ὅξος.

2393 3226 2516 3280 "Ora
2588 3259 2656 3268 —
2726 3228 3038 3280 τετέλεσται.
3119 3225 3497 3300 ’Λπήρτισται,
3595 3220 3720 3276 οὐδὲν
3783 3220 3835 3270 ἐ).-

2323 3316 2504 3371 λείπει.

2401 3501 2499 3548 Καὶ
2552 3526 2621 3535 -
2677 3502 2897 3566 πνεῦμα.
2941 3495 3072 3559 Οὐκ,
3128 3491 3315 3552 ἐπειδὴ
3396 3492 3682 3555 ἐξέπνευσεν,
3729 3487 3835 3539 ἔκλινε

2326 3589 2419 3642 τὴν
2459 3583 2702 3655 κεφαλὴν,
2762 3587 2882 3658 ὅπερ
2930 3583 3000 3656 ἐφ’
3063 3586 3211 3654 ἡμῶν
3269 3589 3463 3654 γίνεται
3518 3599 3528 3610 ·
3576 3579 3667 3632 ἀλλ’
3709 3571 3833 3630 ἐπείὲὲ

2329 3673 2486 3726 ἔκλινε
2557 3678 2651 3730 τὴν
2732 3673 2975 3744 κεφαλὴν,
3038 3672 3359 3736 ἐξέπνευσεν,
3417 3673 3498 3722 ἱνα
3533 3671 3737 3742 priamus»
3771 3666 3830 3718 ὅτι.

2328 3765 2409 3814 ὅτε
2482 3762 2725 3824 ἠθέλησε,
2795 3767 2909 3814 τότε
3001 3761 3249 3813 ἀπέθανεν
3301 3779 3315 3791 ·
3376 3763 3457 3812 ὅτε
3520 3761 3669 3810 πάντα
3734 3752 3834 3804 5:21.5-

2329 3853 2554 3919 σθησαν,
2609 3856 2723 3903 τότε
2775 3849 3040 3923 παρέδωκε
3084 3854 3140 3901 τὸ
3213 3858 3423 3922 πνεῦμα
3473 3850 3538 3909 εἰς
3586 3854 3739 3917 χεῖρας
3779 3848 3834 3889 705

2327 3944 2548 4013 Πατρός,
2611 3943 2674 4000 ὡς
2728 3937 2984 3997 ἐδήλωσεν
3030 3941 3055 3990 ὁ
3105 3945 3318 4000 Λουκᾶς
3373 3937 3422 3990 ἐν
3469 3945 3536 4006 τῷ
3576 3931 3834 4005 ὀγδοηκοστῲ

2325 4035 2512 4102 πρώτῳ
2564 4028 2823 4100 κεφαλαίῳ
2884 4029 2993 4098 [καὶ
3048 4031 3163 4095 (73)
3214 4027 3475 4099 ἀνάγνωθι
3536 4025 3577 4077 ἐν
3623 4022 3737 4089 αὖτῷ
3777 4036 3834 4070 πθ

2325 4120 2592 4191 ἑρμηνείαν
2637 4126 2760 4170 τοῦ·
2817 4123 2914 4170 Καὶ
2959 4121 3203 4189 φωνήσας
3240 4126 3384 4189 φωνῇ
3418 4115 3598 4189 usa/sila
3627 4113 3648 4162 ὸ
3677 4112 3831 4165 Ἰηπάἔι

2325 4206 2450 4260 εἶπε·
2531 4210 2713 4281 Πάτερ,
2789 4207 2859 4267 εἰς
2937 4208 3119 4278 χεῖράς
3206 4223 3304 4257 σου
3397 4205 3734 4277 παραθήσομαι
3798 4211 3833 4241 τα

2324 4298 2522 4368 πνεῦμά
2561 4316 2680 4367 μου.

2397 4388 2460 4437 Οἱ
2528 4382 2614 4438 οὖν
2685 4381 2935 4438 Ἰουδαῖοι
2991 4382 3282 4438 Σαϐϐάτου.
3366 4385 3484 4436 Ἐπὶ
3530 4388 3608 4433 τοῦ
3669 4376 3830 4445 σταυροῦ

2325 4475 2564 4529 ἑκάστου.
2635 4475 2775 4527 Ἐπεὶ
2840 4477 2940 4549 γὰρ
3005 4478 3314 4546 παρασκευὴ
3397 4470 3475 4535 ἦν,
3542 4471 3578 4523 εἰ
3648 4471 3706 4537 μὴ
3759 4476 3829 4511 τθτε

2325 4566 2587 4639 ἤρθησαν›
2647 4563 2847 4636 ἔμελλον
2895 4567 3058 4635 μένειν
3112 4561 3196 4614 ἐπὶ
3247 4570 3339 4614 τοῦ
3383 4567 3596 4635 σταυροῦ
3622 4559 3696 4608 καὶ
3730 4567 3827 4603 rita

2065 4743 2111 4776 ⁸⁵
2140 4743 2268 4796 Luc.
2303 4757 2464 4806 χχιιι,
2493 4743 2581 4796 46.

1720 4937 1936 5005 Varia:
1968 4937 2294 5004 lectiones
2328 4947 2392 5004 et
2424 4944 2622 5004 nota.

650 5176 739 5247 70)
781 5179 1000 5247 Malim,
1042 5180 1245 5235 ordine
1277 5180 1531 5244 inverso,
1565 5184 1654 5232 καὶ
1687 5176 1778 5231 διὰ
1806 5184 1883 5232 τό.

650 5112 715 5166 69
768 5107 992 5163 inclusa
1014 5108 1232 5164 absunt
1253 5111 1317 5163 A.

650 5109 739 5252 70)
781 5179 1000 5252 Malim,
1042 5180 1245 5252 ordine
1277 5180 1317 5236 ix

650 5112 715 5166 69
768 5110 992 5163 inclusa
1014 5110 1232 5164 absunt

624 5110 739 5310 Emi
781 5179 1000 5247 Malim,
1042 5180 1236 5235 ordine

649 5257 734 5319 Ἠ)
779 5253 903 5304 Κατ’
937 5250 1139 5309 ἐντολήν
1172 5257 1236 5307 Α.

625 5436 690 5502 (t)
719 5432 1107 5501 Philosophiae
1120 5432 1326 5486 dediti.
1348 5432 1451 5485 Per
1467 5431 1908 5502 philosophiam
1933 5431 2207 5486 Christia-

553 5520 717 5559 nam.
748 5504 1044 5577 φιλοσοφεῖν
1073 5510 1351 5577 nuncrest
1382 5518 1735 5577 compescere
1778 5503 2096 5577 libidinem.

622 5576 707 5642 (ιι)
749 5575 1105 5634 Testamento
1129 5576 1299 5631 cavit.
1323 5575 1523 5640 Jussit,
1556 5575 1882 5629 mandavit.

625 5645 704 5718 (v)
763 5647 935 5721 quue
983 5651 1219 5717 propter
1271 5647 1464 5703 crucis
1525 5646 1919 5703 altitudinem.
1982 5644 2206 5702 Scilicet

2409 5109 2498 5173 72)
2528 5106 2763 5162 Inclusa
2795 5105 3015 5162 absunt
3055 5107 3121 5160 A.

2409 5109 2498 5173 72)
2528 5107 2763 5162 Inclusa
2795 5107 3015 5162 absunt
3055 5107 3119 5160 A.

2385 5107 2500 5250 $73)
2534 5177 2770 5234 Inclusa
2797 5177 3015 5234 absunt
3052 5181 3119 5233 A.

2317 5428 2637 5501 Spongiam
2662 5427 2797 5501 ideo
2819 5426 3093 5482 arundini
3122 5427 3540 5501 imposuerunt,
3567 5425 3621 5476 ut
3647 5418 3707 5473 ita
3726 5406 3813 5501 fati.-

2314 5483 2428 5556 liiis
2441 5483 2754 5571 pendentis
2776 5498 2835 5571 in
2853 5514 3031 5571 cruce
3052 5498 3139 5571 ori
3164 5483 3482 5553 admovere
3499 5483 3614 5548 eam
3630 5483 3806 5562 possent

2316 5569 2482 5644 quod
2511 5571 2652 5626 solis
2677 5569 2960 5626 manibus
2995 5570 3118 5626 ﬁeri
3153 5585 3271 5626 nou
3303 5571 3548 5640 poterat.
