4022 6232
120 234 268 293 M73

1097 239 1472 305 COMMENT.
1519 182 1589 301 li‘i
1627 235 1981 301 JOANNEM.
2025 274 2092 286 -
2131 242 2290 303 CAP.
2331 242 2481 303 XIX.

1250 6 1279 11 π
1334 0 3997 43 -“-“*-’--·--*ι⁵ῖιῖ¹ἱ-ῖν---Ἥ.τ

3088 90 3097 115 t

3359 256 3501 311 1474

110 361 394 435 Σαϐϐάτῳ,
455 369 543 418 καὶ
614 365 810 438 ἔμελλεν
895 366 1182 440 ἐπιφθάσαι
1239 370 1372 423 αὐτὰ
1434 374 1722 445 κρεμάμινα

1847 375 2065 433 tierent,
2096 370 2310 444 illaque
2340 373 2660 444 pendendo
2692 377 3062 447 pervenirent
3088 378 3165 435 ad
3196 380 3340 438 illud
3357 381 3501 438 Sab-

110 452 284 506 ἐκεῖνο
335 456 393 506 τὸ
439 453 719 528 Σαϐϐατον,
779 461 865 508 καὶ
944 454 1115 510 ἐδόκει
1173 458 1398 513 ἐντεῦθεν
1479 460 1728 534 ἀτιμάζε-

112 544 273 597 σθαι

188 632 439 704 Μεγάλην
484 628 543 685 δὲ
586 638 678 692 τὴν
708 636 902 707 ἡμέραν
952 634 1142 689 ἐκείνου
1191 645 1282 690 τοῦ
1316 640 1428 707 (74)
1460 637 1727 691 Σαϐϐάτου

114 726 307 791 φησιν,
370 723 451 773 ὅτι
493 721 552 774 οὐ
601 726 754 795 μόνον
808 721 919 795 εἶχε
974 728 1033 777 τὸ
1084 730 1272 797 τίμιον,
1326 728 1391 786 ὡς
1441 726 1726 796 Σάϐϐατον,

114 808 254 861 ἀλλὰ
303 816 394 863 καὶ
449 813 514 872 ὡς
572 811 749 884 ἑορτῆς
807 812 854 864 ἐν
922 814 1062 884 αὐτῷ
1115 815 1411 888 λαχούσης,
1478 825 1573 878 τῆς
1629 826 1730 869 τῶν

115 898 388 971 Ἀζύμων.
442 899 539 953 Ἠν
598 903 699 974 γὰρ
758 898 917 960 διπλῆ
980 902 1147 976 ἑορτή.
1224 907 1300 957 Τὰ
1373 913 1592 958 τοιαῦτα
1672 901 1731 958 δὲ

116 987 370 1040 Σάϐϐατα
432 989 698 1062 ὠνόμαζον
755 989 997 1044 Σάϐϐατα
1054 992 1348 1060 Σαϐϐάτων,
1408 995 1514 1047 οἷον
1580 1000 1731 1067 τίμια

113 1083 330 1148 τιμίων,
366 1078 543 1151 ἑορτὰς
588 1079 792 1155 ἑορτῶν,
825 1077 919 1133 διὰ
960 1086 1019 1133 16
1052 1079 1268 1136 διπλοῦν
1300 1092 1395 1145 τῆς
1427 1084 1629 1157 ἑορτῆς,
1662 1087 1729 1147 ὡς

117 1169 349 1241 εἰρηται.

194 1254 421 1327 [Ἄλλως
451 1256 562 1328 Ti)
593 1276 647 1310 τε
676 1263 765 1311 καὶ
802 1263 860 1311 τὸ
905 1265 1295 1334 Δευτιρονόμιον
1340 1261 1580 1323 ἐθέσπιζε
1608 1267 1727 1337 περὶ

114 1354 210 1395 τον
258 1348 647 1418 σταυρωθέντος
685 1348 787 1416 ὅτι,
832 1348 943 1401 Οὐκ
973 1347 1444 1422 ἐπικοιμηθήσεται
1471 1354 1531 1403 τὸ
1577 1360 1731 1424 σῶμα

115 1434 283 1486 αὐτοῦ
311 1433 394 1487 ἐπὶ
424 1443 516 1487 τοῦ
547 1434 721 1500 ξύλου,
752 1435 879 1489 ἀλλὰ
908 1446 1041 1511 ταφῇ
1073 1439 1261 1510 θάψετι
1290 1439 1444 1492 αὐτὸν
1476 1442 1524 1492 ἓν
1560 1438 1723 1513 ἐκείνῃ

115 1530 179 1594 τῇ
212 1522 433 1599 ἡμέρῳ]

190 1611 504 1685 Ἠρώτησαν
576 1645 645 1654 -
710 1613 934 1687 ἀρθῶσι.
1010 1618 1392 1691 Παρικάλεσαν,
1463 1620 1726 1691 ᾐτήσαντο

1838 458 2069 523 batum,
2103 465 2160 515 et
2188 459 2327 516 inde
2360 461 2657 519 videretur
2689 463 2892 520 haberi
2923 470 3310 541 contemptui.

1911 635 2194 706 Magnam
2227 642 2428 695 autem
2460 638 2598 695 dicit
2639 640 2797 697 diem
2831 642 2996 699 illum
3025 644 3290 715 Sabbati,
3324 651 3492 721 quod

1841 742 1962 781 non
1984 726 2175 781 solum
2200 727 2671 786 honorareturut
2696 731 3051 799 Sabbatum,
3070 751 3279 792 verum
3311 738 3493 794 etiam

1840 821 2082 885 propter
2112 814 2316 871 festum
2345 816 2729 886 Azymorum,
2762 820 2929 891 quod
2967 838 3114 879 casu
3161 824 3222 879 in
3255 841 3325 881 eo
3358 842 3499 882 con-

1842 905 2072 972 tigerat,
2113 908 2170 959 et
2199 903 2279 960 ita
2310 905 2533 977 duplex
2579 906 2794 963 festum
2825 915 2970 966 erat.
3009 911 3354 982 Hnjusmodi
3384 931 3498 972 au-

1840 997 1958 1046 tem
2019 992 2282 1049 Sabbata
2347 992 2692 1051 dicebantur
2744 997 3006 1055 Sabbata
3067 1000 3491 1071 Sabbatorum,

1843 1086 2129 1153 tanquam
2146 1084 2485 1139 veneranda
2500 1085 3003 1157 venerandorum,
3021 1088 3172 1145 festa
3183 1089 3497 1159 festorum,

1837 1168 1918 1224 ob
1945 1168 2075 1224 festi
2103 1168 2533 1242 duplicitatem,
2571 1178 2632 1228 ut
2659 1173 2885 1230 dictum
2917 1183 3031 1232 est.

1908 1258 1994 1327 -Η-
2016 1258 2306 1315 Praeterea
2325 1261 2846 1319 Deuteronomium
2865 1264 3043 1320 etiam
3052 1264 3227 1335 jussit
3241 1267 3315 1324 de
3330 1270 3497 1326 cruci

1838 1344 2018 1401 afﬁxo
2052 1362 2064 1401 :
2086 1347 2224 1403 Non
2249 1347 2496 1405 dormiet
2511 1365 2729 1419 corpus
2744 1353 2868 1422 ejus
2884 1369 3059 1425 super
3081 1355 3264 1427 ligno,
3289 1358 3392 1414 sed
3420 1374 3500 1415 se-

1835 1436 2083 1503 pultura
2112 1436 2396 1506 sepelietis
2426 1452 2557 1495 eum
2588 1439 2787 1496 eodem
2825 1441 2921 1498 die
2958 1441 3030 1496 ⁸⁸.

1909 1614 2073 1670 Vers.
2107 1619 2164 1671 3t
2181 1657 2194 1669 .
2222 1618 2601 1687 Rogaverunt
2620 1649 2689 1659 —
2714 1621 3093 1679 tollerentur.
3130 1625 3229 1680 Hic
3255 1639 3496 1681 rursum

116 1702 202 1752 ἱνα
242 1701 544 1755 θλασθῶσιν
589 1704 757 1756 αὐτῶν
807 1707 872 1756 τὰ
922 1705 1075 1764 σκέλη
1110 1710 1235 1779 πρὸς
1277 1711 1335 1760 τὸ
1377 1710 1562 1761 θᾶττον
1596 1706 1723 1760 ἀπο·
1760 1719 1802 1774 Β
1839 1704 2119 1778 ᾑρώτησαν
2151 1705 2449 1774 significat
2492 1724 2506 1761 ε
2539 1709 2777 1765 Ρνϐεαεί
2822 1717 2970 1776 εαητ,
3026 1712 3382 1782 ΡείῘνΘῘἮΠῘ»
3434 1719 3501 1771 ιη

117 1792 311 1843 Θανεῖν.

186 1968 380 2023 Ἦλθον
423 1968 511 2023 οὖν
559 1974 608 2024 οἱ
658 1982 996 2045 στρατιῶται.
1056 1976 1122 2027 Οἱ
1178 1982 1329 2029 τοῦτο
1372 1976 1723 2038 κελιυσθέντις

114 2063 260 2134 παρά
297 2067 392 2111 τοῦ
436 2060 684 2118 Πιλάτου.

191 2152 294 2200 Καὶ
325 2178 392 2189 -
421 2148 599 2208 σκέλη.
631 2156 733 2203 Τοῦ
765 2151 879 2223 (76)
906 2150 953 2203 ἐν
986 2148 1135 2223 δεξιᾴ
1164 2161 1255 2205 τοῦ
1296 2161 1526 2228 Χριστοῦ
1560 2173 1721 2207 σταυ-

112 2239 394 2309 ρωθέντος.

189 2330 294 2379 Kal
329 2357 395 2370 —
428 2326 588 2399 αὐτῷ.
622 2327 728 2401 [Τῶ
756 2329 870 2400 (77)
898 2337 1113 2404 Χριστῷ
1143 2326 1433 2405 δηλονοτι.]

184 2416 408 2469 Ἐπὶ-
457 2416 636 2475 σκέλη.
684 2417 983 2472 Τιλιυταῖον
1044 2416 1198 2477 ἦλθον
1246 2419 1322 2473 ἐπ’
1381 2421 1560 2487 αὑτὸν,
1612 2420 1721 2473 ἔνυ-

109 2503 301 2576 ϐρίσαι
366 2506 516 2559 πλέον
598 2504 903 2580 βουλόμενοι
976 2511 1107 2583 πρὸς
1180 2512 1343 2585 χάριν
1412 2519 1510 2563 τῶν
1585 2510 1720 2564 Ἰου-

113 2590 298 2648 δαίων.

184 2682 328 2736 Ἀλλ’
403 2715 472 2724 -
556 2681 722 2760 ὕδωρ.
798 2683 1075 2761 ’Υπερφυὶις
1171 2689 1229 2739 τὸ
1304 2693 1543 2759 πρᾶγμα,
1633 2691 1722 2740 καὶ

107 2781 312 2845 τρανῶς
366 2769 627 2826 διδάσκον
692 2776 773 2827 ὅτι
823 2776 951 2850 ὑπὲρ
990 2777 1259 2848 ἄνθρωπον
1318 2778 1343 2827 ὁ
1394 2781 1586 2848 νυγεὶς.
1635 2778 1723 2828 Ἐκ

109 2870 296 2936 νεκροῦ
338 2865 441 2935 γὰρ
490 2862 782 2938 ἀνθρώπου,
835 2864 929 2916 κᾶν
983 2866 1232 2939 μυριάκις
1283 2864 1407 2937 νύξῃ
1467 2886 1565 2935 τις,
1628 2865 1723 2917 οὐκ

110 2949 432 3012 ἐξελεύσεται
504 2954 654 3025 αἷμα.
741 2956 998 3006 Νύττεται
1067 2958 1158 3026 μὲν
1223 2949 1310 3006 οὖν
1383 2953 1554 3027 λόγχῃ
1629 2959 1722 3013 τὴν

109 3040 340 3114 πλευρὰν
397 3043 423 3093 ὁ
481 3046 655 3114 Σωτὴρ
740 3038 834 3095 διὰ
911 3047 1004 3101 τὴν
1060 3050 1304 3114 νυγείσαν
1361 3052 1422 3116 τῇ
1492 3042 1723 3117 ἁμαρτίᾳ

109 3128 337 3205 πλευρὰν
376 3138 468 3183 τοῦ
518 3127 713 3203 Ἀδὰμ,
766 3135 926 3203 ἤγουν
970 3136 1061 3190 τὴν
1102 3135 1257 3197 Εὔαν,
1304 3140 1364 3203 τῇ
1417 3131 1589 3204 πληγῇ
1627 3140 1722 3193 τῆς

109 3222 341 3295 πλευρᾶς
400 3224 492 3278 τὴν
540 3219 745 3292 πληγὴν
798 3229 894 3281 τῆς
953 3219 1171 3294 πλευρᾶς
1240 3220 1470 3293 ἰώμενος.
1532 3220 1722 3282 Βλύζει

111 3309 173 3364 δὲ
212 3311 351 3383 αἷμα
391 3314 480 3361 καὶ
526 3305 692 3383 ὕδωρ,
740 3305 837 3362 δύο
881 3308 1228 3382 βαπτίσματα
1274 3318 1616 3384 καινουργῶν,
1662 3314 1720 3363 τὸ

108 3397 186 3452 δι’
252 3400 475 3472 αἳματος
526 3403 837 3474 μαρτυρίου,
890 3402 979 3451 καὶ
1030 3402 1088 3450 16
1139 3395 1211 3450 δι’
1269 3395 1460 3459 ὕδατος
1514 3397 1721 3470 ἀναγιν-

102 3494 329 3556 νὴσεως,
362 3492 449 3539 καὶ
501 3494 562 3559 τῇ
602 3487 697 3561 ῥοῇ
750 3489 944 3539 τούτων
996 3492 1090 3546 τὴν
1142 3488 1268 3561 ῥοὴν
1313 3495 1408 3550 τῆς
1460 3487 1721 3563 ἁμαρτίας

103 3575 450 3637 κατακλύζει.

177 3756 309 3829 [Καὶ
354 3753 535 3827 ἑτέρως
584 3755 692 3827 (78)
749 3751 828 3823 δὲ,
884 3753 982 3808 δύο
1026 3756 1257 3827 πηγάζει
1319 3759 1568 3832 κρουνούς
1602 3774 1614 3788 '
1648 3766 1721 3828 τῷ

104 3842 274 3897 ὕδατι
325 3847 416 3917 μὲν
487 3845 747 3918 καθαίρων
803 3849 897 3904 τὴν
974 3846 1309 3915 Ἐκκλησίαν,
1384 3855 1455 3917 τῷ
1537 3849 1726 3918 αἵματι

105 3931 167 3987 δὲ
216 3938 410 4009 τρέφων
454 3931 638 3992 αὑτήν.
678 3933 753 3985 Δι’
785 3930 981 3995 ὕδατος
1027 3938 1116 4007 μὲν
1168 3938 1266 4010 γὰρ
1309 3932 1719 4006 ἁναγιννώμεθα,

106 4019 184 4074 δι’
245 4024 469 4094 αἵματος
527 4019 585 4075 δι
642 4027 730 4075 καὶ
783 4027 978 4097 σαρκὸς
1040 4026 1349 4096 τρεφομεθα,
1413 4032 1512 4075 τῶν
1574 4025 1720 4075 θείων

104 4116 201 4163 καὶ
248 4120 540 4183 μυστικῶν.
588 4115 780 4165 Λοιπὸν
838 4109 947 4181 οὖν,
1001 4114 1120 4164 ὅταν
1160 4118 1433 4187 προσέρχῃ
1475 4120 1548 4182 τῷ
1607 4131 1722 4186 φρι-

103 4208 219 4270 κτῷ
278 4204 534 4273 ποτηρίῳ,
592 4205 807 4253 πέπιισο
857 4201 990 4272 (79),
1048 4200 1136 4253 ἀπ’
1174 4202 1331 4261 αὐτῆς
1384 4200 1576 4271 μελλιις
1628 4204 1723 4252 πί-

103 4307 211 4340 νειν
241 4296 341 4350 τῆς
369 4295 685 4351 Δισποτικῆς
714 4290 953 4363 πλευρᾶς,
998 4295 1086 4342 καὶ
1128 4290 1263 4342 οὕτω
1294 4286 1553 4345 διάκεισο.
1596 4286 1721 4342 Εἶτα

107 4377 270 4430 θέλων
298 4374 591 4450 βεϐαιῶσαι
616 4384 670 4431 16
700 4386 933 4431 τοιοῦτον
967 4380 1164 4452 θαῦμα,
1196 4377 1376 4451 φησί’]

182 4561 290 4610 Καὶ
332 4587 403 4597 -
430 4559 843 4631 μεμαρτύρηκεν.
882 4557 940 4610 Ὀ
978 4564 1146 4609 ταῦτα
1193 4558 1504 4631 θεασάμενος
1549 4563 1719 4609 ταῦτα

98 4652 389 4722 γέγραφεν,
414 4647 473 4699 οὐ
498 4647 620 4722 παρ’
648 4646 821 4726 ἑτέρου
841 4650 976 4711 τινὸς
1010 4646 1263 4709 ἀκούσας.

177 4828 230 4865 ⁸⁸
276 4828 444 4884 Deut.
478 4843 597 4895 xxx,
626 4829 714 4885 23.

1837 1792 2369 1864 conﬂ‘ringerentur
2429 1811 2639 1853 eorum
2696 1815 2871 1855 crura
2926 1815 3050 1872 quo
3095 1802 3266 1858 citius
3297 1818 3497 1859 more-

1835 1888 2066 1940 rentur.

1911 1974 2069 2027 Vers.
2103 1972 2194 2027 32.
2239 1973 2533 2032 Venerunt
2562 1991 2705 2048 ergo
2734 1977 2965 2035 milites.
3001 1979 3230 2045 Quibus
3256 1980 3317 2037 id
3344 1996 3382 2038 a
3407 1981 3490 2037 Pi-

1833 2060 1955 2117 lato
1974 2061 2216 2132 jussum
2247 2068 2393 2120 erat.

1842 2214 1845 2215 ν
1904 2150 2068 2205 Vers.
2097 2154 2184 2207 32.
2226 2152 2305 2207 Et
2330 2184 2397 2193 —
2427 2168 2629 2212 crura.
2656 2154 2765 2222 Qui
2797 2157 2854 2212 in
2881 2156 3091 2216 dextra
3121 2158 3330 2217 Christi
3360 2175 3492 2217 crn-

1832 2238 2047 2294 ciﬁxus
2082 2244 2233 2297 erat.

1905 2330 2062 2383 Vers.
2090 2328 2178 2383 32.
2223 2329 2300 2383 Et
2338 2360 2405 2371 —
2434 2345 2518 2388 eo.
2552 2332 2779 2389 Christo
2832 2335 3130 2392 videlicet.

1898 2417 2061 2472 Vers.
2094 2420 2181 2473 33.
2211 2419 2308 2473 Ad
2339 2450 2406 2459 —
2445 2436 2645 2477 crura.
2676 2422 2978 2480 Postremo
3016 2424 3094 2481 ad
3124 2441 3263 2483 eum
3302 2442 3475 2484 vene-

1830 2512 1985 2571 runt,
2015 2506 2224 2578 majori
2246 2509 2628 2577 contumelia,
2647 2509 2708 2567 in
2729 2512 2985 2582 gratiam
3011 2513 3372 2582 Iudaeorum,
3405 2516 3491 2589 ip—

1831 2611 1967 2650 sum
1997 2595 2257 2651 volentes
2306 2596 2559 2653 adicere.

1900 2683 2064 2737 Vers.
2096 2683 2189 2739 34.
2226 2685 2346 2740 Sed
2373 2716 2441 2726 —
2470 2701 2651 2757 aqua.
2682 2688 2795 2743 Res
2839 2705 3026 2760 supra
3064 2696 3367 2757 naturam,
3418 2711 3489 2750 ac

1829 2771 2142 2826 manifeste
2169 2772 2391 2828 docens
2421 2775 2585 2846 quod
2627 2776 2822 2846 major
2868 2794 3050 2849 quam
3096 2779 3280 2836 homo
3309 2789 3486 2848 esset,

1830 2859 1933 2931 qui
1950 2859 2140 2915 fuerat
2160 2861 2540 2929 vulneratus;
2566 2864 2865 2936 siquidem
2891 2882 2927 2923 a
2956 2872 3191 2924 mortuo
3216 2869 3486 2937 homine,

1829 2948 2061 3004 etiamsi
2117 2950 2326 3006 millies
2377 2951 2513 3023 quis
2561 2968 2700 3008 eum
2760 2956 3101 3027 pupugerit,
3130 2973 3251 3013 non
3306 2959 3489 3015 exibit

1831 3039 2090 3107 sanguis.
2123 3039 2361 3094 Foditur
2392 3042 2593 3114 itaque
2644 3041 2851 3099 lancea
2889 3043 2948 3098 in
2982 3045 3159 3101 latere
3191 3047 3483 3115 Salvator,

1829 3127 1971 3198 quia
1998 3134 2241 3199 peccato
2282 3133 2655 3186 vulneratum
2687 3138 2774 3187 est
2814 3133 2968 3189 latus
2993 3134 3135 3191 Adae
3185 3152 3198 3191 :
3253 3137 3378 3193 sive
3426 3143 3489 3195 ut

1833 3216 2014 3272 Evam
2042 3220 2140 3289 (ω),
2172 3217 2370 3274 lateris
2400 3220 2491 3274 sui
2519 3220 2774 3285 vulnere,
2804 3237 2841 3277 a
2870 3222 3042 3294 plaga
3079 3223 3280 3280 lateris
3311 3242 3491 3283 sana-

1829 3310 1941 3362 ret.
1988 3305 2354 3376 Sanguinem
2382 3314 2580 3365 autem
2621 3316 2677 3365 et
2723 3326 2946 3382 aquam
2998 3313 3282 3369 scaturire
3324 3314 3486 3379 facit,

1830 3393 1953 3450 duo
1994 3395 2322 3467 designans
2376 3398 2784 3469 baptismata:
2816 3416 3008 3457 unum
3056 3401 3329 3473 quidem,
3383 3419 3489 3475 per

1833 3484 2143 3553 sanguinis
2172 3484 2257 3556 (y)
2293 3486 2666 3559 martyrium,
2696 3487 2950 3544 alterum
2982 3505 3141 3559 vero,
3174 3507 3280 3564 per
3309 3508 3485 3565 aqua:

1829 3575 2340 3645 regenerationem
2381 3596 2393 3635 :
2454 3581 2634 3649 atque
2672 3578 2884 3635 horum
2930 3578 3095 3636 ﬂuxu
3126 3580 3352 3653 peccati
3381 3581 3489 3638 llu-

1828 3678 1975 3718 xum
2014 3664 2329 3735 demergit.

1903 3753 2191 3809 Praeterea
2240 3759 2295 3809 et
2363 3754 2548 3812 aliter.
2604 3758 2752 3813 Nam
2792 3755 2948 3813 duos
3001 3758 3285 3815 scaturire
3341 3758 3487 3816 facit

1829 3839 2023 3897 fontes
2038 3859 2218 3914 :aqua
2230 3844 2474 3915 quidem
2488 3845 2812 3917 puriﬁcans
2828 3846 3167 3914 Ecclesiam,
3190 3850 3486 3918 sanguine

1830 3943 1968 3984 vero
1997 3946 2127 3985 eam
2150 3932 2474 3987 enutriens.
2502 3934 2811 4004 Siquidem
2841 3951 2945 4005 per
2968 3951 3196 4007 aquam
3228 3937 3491 3992 renasci-

1831 4033 1980 4080 mur,
2016 4033 2116 4088 per
2141 4020 2492 4089 sanguinem
2532 4028 2731 4075 autem
2780 4027 2836 4075 et
2865 4038 3109 4079 carnem
3155 4023 3482 4094 pascimur,

1830 4122 1959 4178 quae
1977 4106 2174 4160 divina
2195 4113 2330 4161 sunt
2351 4123 2420 4162 ac
2447 4108 2719 4178 mystica.
2750 4108 2953 4180 Itaque
2977 4127 3110 4165 cum
3142 4111 3215 4165 ad
3234 4117 3489 4168 tremen-

1829 4197 1976 4251 dum
1998 4196 2315 4250 accesseris
2343 4195 2645 4267 poculum,
2669 4197 3033 4268 persuadeto
3058 4199 3180 4265 tibi,
3216 4201 3383 4272 quod
3413 4216 3486 4256 ex

1832 4283 2141 4340 Dominico
2193 4283 2351 4340 bibis
2395 4284 2595 4350 latere,
2649 4291 2706 4340 et
2758 4301 2827 4341 eo
2878 4287 3060 4342 modo
3088 4288 3168 4343 sis
3199 4287 3479 4350 aﬂectus.

1752 4399 1795 4453 ι)
1830 4372 2051 4428 Deinde
2078 4371 2285 4428 volens
2310 4371 2660 4444 hujusmodi
2705 4373 3064 4431 conﬁrmare
3098 4376 3482 4450 miraculum,

1830 4467 2064 4610 altvers.
2096 4557 2183 4610 35.
2210 4554 2276 4608 Et
2305 4583 2375 4593 -—
2403 4553 2800 4608 testimonium
2835 4554 3162 4623 perhibuit.
3198 4556 3307 4622 Qui
3340 4555 3488 4613 vidit

1825 4643 1976 4710 haec,
2008 4642 2244 4716 sc‘ripsit
2267 4642 2402 4708 ista,
2435 4656 2557 4698 non
2582 4640 2748 4715 quod
2790 4642 2868 4699 ab
2922 4642 3127 4717 aliquo
3173 4644 3453 4703 audierit.

1360 4920 1586 4990 Variae
1615 4920 1945 4991 lectiones
1976 4929 2041 4990 et
2070 4929 2275 4988 notae.

203 5114 301 5176 74)
330 5122 433 5170 Τοῦ
460 5114 725 5170 Σαϐϐάτου
751 5115 941 5171 ἑκείνου
972 5117 1047 5176 Α.

203 5116 276 5172 ’74
330 5122 433 5170 Τοῦ
460 5116 725 5170 Σαϐϐάτου
751 5116 941 5171 ἓκιίνου
972 5117 1047 5176 Α.

172 5116 301 5261 (75;
328 5188 460 5245 Haec
491 5194 732 5262 uterque
761 5191 951 5246 codex
976 5191 1036 5246 in
1068 5190 1360 5260 margine.
1394 5188 1715 5247 Hentenius

89 5260 231 5317 non
259 5260 555 5330 agnoscit.
640 5260 657 5262 ⁷
690 5314 697 5325 ,

198 5328 494 5403 76)'Ante
522 5339 633 5399 τοῦ,
665 5331 841 5389 habet
872 5339 963 5397 τοῦ
996 5328 1055 5385 δὲ
1083 5338 1289 5409 πρῶτον
1321 5334 1387 5389 Α.

170 5508 264 5579 (τε)
304 5505 441 5564 Sive
462 5514 525 5563 ut
551 5508 762 5573 Evam,
790 5513 899 5565 etc.
926 5509 1057 5565 Sive
1090 5511 1293 5572 Evam,
1328 5512 1387 5564 ut
1418 5508 1634 5564 lateris.

170 5510 243 5579 (τε
304 5508 441 5564 Sive
462 5514 525 5563 ut
551 5508 762 5573 Evam,
790 5513 899 5565 etc.
926 5509 1057 5565 Sive
1090 5511 1293 5572 Evam,
1328 5512 1387 5564 ut
1418 5508 1634 5564 lateris.

167 5508 283 5652 ty;
304 5582 425 5636 Per
447 5580 778 5650 sanguinis,
801 5586 910 5652 etc.
941 5581 1045 5636 Per
1063 5581 1418 5652 sanguinem
1443 5579 1709 5652 martyrii

87 5650 413 5734 (intelligis,
427 5651 1030 5729 baptisma),alterum
1043 5650 1299 5728 veroper
1310 5650 1533 5726 aquam
1545 5650 1707 5723 rege-

1900 5118 2010 5190 (77)
2053 5120 2184 5190 Haec
2225 5116 2450 5190 absunt
2485 5114 2552 5170 Α.

1900 5120 1986 5190 (77
2053 5120 2184 5173 Haec
2225 5118 2450 5172 absunt
2485 5118 2552 5170 Α.

1894 5118 2010 5262 (7οἶ
2040 5187 2544 5262 _lnclusa-absunt
2599 5192 2665 5262 A_.

1893 5256 2157 5332 (79)"01:
2196 5258 2546 5315 addendum
2588 5256 2839 5313 videtur.

1815 5504 2189 5585 narrationis.
2222 5509 2415 5579 Neque
2448 5521 2583 5585 vero
2624 5504 2843 5585 mirum
2891 5501 3482 5585 caedem-martyrum

1813 5580 1931 5635 dici
1955 5580 2275 5650 baptisma,
2321 5576 2460 5634 cum
2510 5577 2773 5635 Christus
2823 5578 2949 5653 ipse
2977 5576 3059 5635 ita
3088 5576 3164 5635 de
3205 5592 3267 5634 se
3304 5576 3490 5635 dixe-

1813 5651 1905 5706 rit.
1948 5654 2079 5706 Luc.
2126 5667 2227 5706 x11.
2264 5650 2350 5706 50.

1811 5654 1905 5708 rit.
1948 5654 2079 5709 Luc.
2126 5667 2227 5721 ιιι,
2264 5654 2350 5708 50.
