4022 6232
542 198 549 205 ’
602 217 740 275 4475

602 434 821 506 quibus
840 436 1106 494 testatur,
1129 435 1183 485 et
1205 431 1562 502 praesentim,
1586 430 1689 503 qui
1717 431 1791 485 de
1816 430 2080 499 magistri
2115 430 2249 486 scri-

603 523 687 579 bit
718 520 1096 577 contumelia.
1135 522 1277 575 Nam
1312 520 1659 575 cortumelia
1692 524 1817 575 erat
1841 519 2041 575 lateris
2085 536 2250 592 aper-

604 615 703 677 tio,
722 627 1072 683 quanquam
1095 611 1169 665 ad
1188 610 1342 665 hanc
1364 616 1628 664 secutum
1647 610 1716 664 sit
1734 609 2107 665 miraculum.

676 700 839 753 Vers.
892 700 979 753 333.
1038 700 1111 753 Et
1160 698 1255 753 ille
1308 699 1486 753 dicat.
1552 702 1759 753 Exacte
1816 714 1938 753 rem
1996 697 2254 763 novit,ut

603 789 706 861 qui
742 795 879 843 tunc
926 804 1188 859 praesens
1232 787 1403 842 fuerit
1447 791 1501 843 et
1528 786 1754 850 viderit,
1802 787 2033 842 etiamsi
2066 787 2252 842 Judaai

605 893 743 933 eum
776 878 1009 933 mentiri
1041 877 1339 947 objicient,

680 966 839 1022 Vers.
874 972 960 1022 35.
995 967 1109 1022 Sed
1143 998 1194 1007 —
1230 966 1501 1022 credatis.
1559 966 1671 1021 Sed
1716 966 1842 1021 haec
1888 965 2140 1038 scripsit,
2188 970 2253 1021 ut

606 1072 728 1121 vos,
758 1058 861 1127 qui
894 1056 1101 1111 ﬁdeles
1133 1056 1293 1119 estis,
1326 1056 1502 1110 etiam
1532 1054 1604 1109 dc
1634 1056 1746 1110 hoc
1774 1055 2044 1110 credatis.

678 1146 840 1200 Vers.
892 1147 979 1198 36.
1030 1147 1209 1200 Facta
1258 1148 1389 1198 sunt
1438 1175 1501 1182 —
1542 1145 1948 1213 compteretur.
2008 1145 2148 1209 Quae
2193 1142 2250 1197 in

602 1234 857 1289 Mosaica
881 1233 1009 1302 lege
1040 1229 1257 1303 scripta
1287 1236 1391 1295 est,
1421 1237 1477 1287 et
1507 1232 1585 1286 ait
1628 1248 1643 1286 :

680 1322 841 1378 Vers.
879 1326 965 1377 36.
1002 1322 1072 1377 Os
1102 1353 1167 1362 —
1193 1338 1274 1379 eo.
1312 1324 1457 1376 Nam
1489 1321 1616 1376 licet
1647 1322 1720 1375 dc
1752 1321 2066 1391 ﬁgurativo
2098 1336 2252 1391 agno

604 1412 887 1483 scriptum
917 1428 1044 1466 esse
1091 1412 1382 1477 videatur,
1424 1411 1498 1465 de
1552 1427 1687 1465 vero
1720 1416 1921 1466 tamen
1970 1414 2252 1483 scriptum

604 1507 747 1566 erat,
777 1501 1154 1572 praesignans
1194 1501 1251 1555 id
1283 1499 1447 1571 quod
1488 1516 1647 1555 nunc
1681 1500 1899 1555 factum
1932 1506 2037 1556 est.

676 1592 837 1646 Vers.
869 1596 952 1646 37.
984 1591 1352 1660 Rursumque
1392 1622 1456 1630 —
1488 1590 1630 1645 dicit
1672 1590 2037 1661 Prophetica.

673 1683 715 1751 ~1-
756 1680 1073 1735 Verisimile
1106 1686 1209 1744 est,
1241 1681 1462 1733 dictum
1497 1680 1609 1735 hoc
1658 1696 1693 1733 a
1730 1679 1947 1734 Iudaeis
1997 1680 2251 1751 ejectum
2290 1704 2333 1759 Β

604 1787 735 1826 esse
762 1776 895 1842 post
922 1770 1299 1840 przedicatum
1328 1769 1712 1837 Evangelium
1739 1792 1749 1823 :
1782 1770 2073 1840 siquidem
2096 1784 2255 1823 nunc

606 1875 899 1931 nusquam
935 1859 1271 1913 invenitur:
1320 1858 1626 1913 autaliam
1672 1858 1814 1912 dicit
1864 1858 2250 1929 Scripturam,

605 1948 889 2004 librorum
932 1948 1033 2019 qui
1065 1947 1394 2019 apocryphi
1422 1954 1755 2002 censentur.

678 2039 836 2092 Vers.
898 2038 983 2091 37.
1058 2036 1341 2092 Videbunt
1397 2068 1466 2076 —
1510 2043 1906 2105 pupugerunt,
1956 2035 2256 2091 Videbunt

604 2127 805 2198 ipsum
821 2126 892 2180 de
908 2126 1055 2181 coelo
1073 2126 1488 2180 descendetem
1506 2126 1561 2179 in
1579 2126 1671 2179 die
1694 2126 1913 2194 iudicii.
1948 2126 2251 2190 Videbunt,

606 2216 821 2286 inquit,
854 2215 1071 2268 Filium
1109 2215 1359 2269 hominis
1392 2215 1702 2269 venientem
1750 2216 1807 2270 in
1836 2213 2091 2270 nubibus
2120 2214 2256 2270 σιεζὶ

603 2320 734 2359 cum
759 2309 1043 2371 potestate
1073 2310 1122 2357 et
1156 2303 1352 2372 gloria
1382 2309 1576 2358 multa
1610 2305 1675 2356 ⁸⁷.

746 2480 897 2535 CAP.
932 2480 1113 2535 XVIII.
1135 2480 1219 2535 De
1230 2480 1518 2548 petitione
1535 2482 1796 2551 corporis
1821 2480 2073 2537 Domini.

679 2660 837 2716 Vers.
856 2663 942 2716 38.
960 2661 1099 2715 Post
1120 2660 1243 2715 hac
1258 2661 1476 2715 —.lesu
1506 2660 1659 2729 Lege
1674 2676 1806 2732 quae
1823 2667 1959 2716 sunt
1981 2666 2255 2718 enarrata

607 2750 666 2805 in
688 2750 804 2805 ﬁne
823 2749 1259 2822 priememorati
1284 2750 1633 2818 sexagesimi
1659 2750 1892 2820 septimi
1916 2751 2255 2822 capitis,ubi

606 2840 861 2895 habetur
895 2861 905 2891 :
927 2840 1075 2898 Cum
1098 2854 1291 2893 serum
1317 2846 1511 2893 autem
1536 2839 1760 2905 factum
1778 2846 1935 2905 esset,
1967 2841 2121 2897 venit
2158 2842 2255 2897 lio-

605 2944 699 2984 mo
730 2929 890 2983 dives
916 2928 985 2982 ab
1010 2928 1378 2982 Arimathaea
1401 2928 1631 2982 nomine
1655 2927 1852 2998 Joseph
1876 2929 1943 2984 ⁸⁸.

681 3109 841 3162 Vers.
883 3108 969 3162 38.
1000 3108 1075 3161 Et
1110 3138 1160 3147 —
1196 3106 1352 3161 Vers.
1407 3106 1493 3161 40.
1542 3106 1799 3176 sepelire.
1875 3108 2257 3177 Sexagesimo

609 3197 799 3270 capite
820 3195 1121 3265 Evangelii
1144 3195 1472 3250 secundum
1504 3196 1837 3251 Matthaeum
1865 3212 1965 3268 per
1991 3198 2257 3253 ordinem

607 3286 682 3341 de
702 3285 790 3340 his
818 3286 996 3342 etiam
1016 3286 1285 3340 omnibus
1306 3284 1591 3340 invenies.
1612 3286 1925 3350 Quamado
1944 3294 2143 3342 autem
2165 3286 2261 3342 Ni-

612 3375 901 3430 codemus
934 3375 1154 3429 venerit
1181 3374 1258 3428 ad
1282 3375 1484 3429 Jesum
1518 3380 1710 3441 nocte,
1741 3374 1969 3430 dictum
1992 3381 2075 3430 est
2090 3377 2260 3431 tertio

612 3466 808 3536 capite
848 3463 1158 3536 prtesentis
1200 3462 1519 3532 Evangelii.

682 3555 1043 3623 flmitemur
1074 3552 1334 3607 nobilem
1367 3553 1525 3607 hunc
1554 3557 1911 3616 senatorem,
1947 3569 2050 3608 seu
2078 3554 2262 3609 consi-

608 3642 851 3697 liarium
894 3642 989 3711 (ε),
1024 3640 1250 3695 nobilia
1273 3641 1648 3696 consuleutes
1680 3659 1747 3697 ac
1783 3642 2167 3697 decernentes
2188 3644 2261 3699 de

612 3730 902 3785 Dominici
938 3730 1199 3800 corporis
1244 3730 1683 3800 participatione
1726 3747 1738 3785 :
1773 3737 1827 3785 et
1867 3730 2126 3802 pretiose
2158 3748 2263 3787 un-

610 3824 813 3888 gentes
845 3819 1011 3873 suavi
1055 3820 1334 3872 virtutum
1366 3818 1569 3881 odore,
1602 3820 1909 3874 mundade
1952 3820 2260 3876 conscien-

610 3908 699 3963 tiae
719 3907 970 3964 sindone
993 3908 1135 3963 illud
1154 3907 1541 3975 involventes,
1560 3924 1627 3963 ac
1647 3909 1842 3963 cordis
1871 3917 2261 3966 monumento

610 4014 770 4055 novo
805 4000 1088 4071 omnique
1118 3996 1499 4052 immunditia
1532 3997 1859 4069 puriﬁcalo,
1890 3999 2259 4071 sepelientes.

684 4181 849 4235 Vers.
899 4180 988 4235 41.
1048 4179 1196 4234 Erat
1250 4206 1317 4217 —
1364 4177 1519 4231 Vers.
1571 4180 1658 4232 40.
1714 4178 1923 4234 Jesum.
1980 4178 2263 4235 Prmdicto

615 4270 808 4342 capite
842 4268 1138 4336 Evangelii
1166 4266 1335 4337 juxta
1367 4266 1700 4321 Matthaaum
1743 4266 1816 4321 de
1867 4269 1977 4323 hoc
2026 4285 2263 4341 quoque

616 4359 900 4431 scriptum
933 4364 1039 4413 est.
1072 4355 1357 4411 Volebant
1390 4356 1587 4426 itaque
1620 4356 1775 4411 hunc
1797 4357 1855 4411 in
1888 4357 2003 4413 alio
2033 4357 2261 4429 dignio-

688 4566 729 4599 ⁸⁷
775 4562 971 4621 Matth.
1012 4578 1171 4630 xx1v,
1214 4565 1303 4618 30.
1423 4561 1469 4596 ⁸⁸
1503 4560 1703 4618 Matth.
1731 4578 1910 4629 xxvn,
1940 4568 2030 4621 57.

1922 210 2269 270 EUTHYMII
2305 210 2640 277 ZIGABENI
3732 232 3818 292 ltiti

678 348 831 399 Vers.
871 348 957 399 35.
988 342 1061 396 Et
1096 373 1161 381 —
1208 340 1625 397 testimonium.
1659 342 1729 395 Ut
1754 340 1859 411 qui
1889 356 1960 396 ea
1984 340 2127 397 vidit
2180 339 2253 394 de
2286 349 2329 402 Α

2436 348 2536 395 Καὶ
2563 373 2629 385 -
2654 350 2938 419 μαρτυρία.
2973 344 3059 407 Ὠς
3100 342 3294 409 ἰδόντος
3333 349 3392 400 τὰ
3418 356 3518 423 περὶ
3545 353 3599 402 ὧν
3631 368 3825 431 μαρτδριὶ,

2362 436 2450 482 καὶ
2500 434 2564 492 ὡς
2606 438 3007 506 προηγουμένως
3058 440 3171 508 περὶ
3226 435 3410 508 ὕϐρεως
3459 448 3537 490 τοῦ
3585 438 3829 499 διδασκαλον

2360 522 2665 594 γράφοντος.
2694 522 2873 595 Ὕϐρις
2901 526 3002 597 γὰρ
3042 526 3071 583 ἠ
3114 524 3252 587 νύξις
3280 534 3367 587 τῆς
3408 528 3601 603 πλευρᾶς
3639 533 3774 597 αὑτοῦ,
3806 539 3831 587 εἰ

2361 614 2449 661 καὶ
2483 612 2658 681 θαῦμα
2688 614 2849 685 ταύτῃ
2884 612 3284 671 ἐπηκολούθησε.

2435 699 2674 760 Κάκεῖνος
2714 732 2780 741 —
2811 700 2964 771 λέγει.
3011 701 3279 777 [Ἀκριϐῶς
3315 712 3454 757 τοῦτο
3494 707 3589 777 (80)
3630 706 3754 775 οἶδεν,
3782 712 3838 763 οἷο

2363 793 2537 862 παρὼν
2568 793 2703 854 τότε,
2736 794 2825 842 καὶ
2853 791 3004 864 ὁρῶν,
3034 791 3075 843 εἱ
3105 796 3191 843 καὶ
3219 789 3452 845 Ἰουδαῖοι
3475 793 3717 866 ψεύδεσθαι
3733 800 3838 851 αὐτὸν

2364 878 2699 948 ἐνίστανται.]

2433 966 2567 1017 Ἀλλ’
2592 998 2660 1008 —-
2677 969 3017 1026 πιστεύσητε.
3043 968 3197 1022 Ἀλλά
3213 978 3371 1022 ταῦτα
3392 976 3631 1045 γέγραφεν,
3648 976 3715 1024 ἱνα
3726 977 3839 1045 ὑμεῖς,

2362 1056 2410 1107 οἱ
2436 1061 2637 1125 πιστοὶ,
2665 1059 2986 1115 πιστεύσητε
3015 1065 3104 1111 καὶ
3126 1064 3244 1131 περὶ
3274 1064 3465 1114 τούτου.

2434 1144 2659 1215 Ἐγένετο
2690 1177 2756 1185 -
2802 1146 3072 1219 πληρωθῃ.
3127 1148 3204 1219 [Η
3246 1154 3549 1223 γεγραμμένη
3596 1152 3689 1221 (8i)
3730 1152 3765 1203 ἐν
3800 1164 3846 1221 τῷ

2362 1241 2630 1304 Μωσαῑκῷ
2660 1240 2818 1307 νόμῳ,
2860 1241 2950 1288 καὶ
2968 1236 3243 1310 λέγουσαν]

2433 1324 2654 1375 Ὀστοῦν
2692 1355 2752 1364 -
2774 1325 2953 1377 αὐτοῦ.
2986 1326 3041 1377 Εἰ
3070 1330 3171 1400 γὰρ
3189 1331 3277 1379 καὶ
3298 1331 3407 1399 περὶ
3429 1336 3511 1379 τοῦ
3532 1337 3715 1380 τυπικοῦ
3738 1328 3849 1401 ἀμνοῦ

2363 1408 2531 1464 ἐδόκει
2576 1415 2889 1486 γεγράφθαι,
2938 1413 3068 1466 ἀλλὰ
3112 1420 3229 1489 περὶ
3260 1423 3348 1467 τοῦ
3379 1416 3599 1473 ἀληθινοῦ
3625 1419 3849 1491 ἓγέγραπο,

2363 1499 2705 1575 προδηλοῦσα
2727 1506 2783 1554 τὸ
2814 1508 3148 1577 γεγενημένον
3177 1512 3284 1559 νῦν,

2438 1596 2535 1643 Καὶ
2566 1592 2717 1643 πάλιν
2748 1625 2816 1632 —-
2840 1592 2991 1663 λέγει.
3025 1599 3345 1667 Προφητικὴ.

2439 1680 2606 1751 [Εἰκὸς
2661 1681 2769 1751 (82)
2826 1678 2884 1734 δὲ
2936 1687 3081 1734 τουτὶ
3132 1687 3188 1735 τὸ
3250 1685 3402 1757 ῥητὸν
3465 1682 3729 1742 ἐκϐληθῆναι
3771 1687 3852 1756 παρ’

2366 1765 2637 1819 Ἰουδαὶων
2667 1771 2798 1840 μετά
2819 1773 2875 1820 τό
2908 1769 3235 1840 Εὑαγγέλιον.
3260 1768 3502 1842 Οὗδαμοῦ
3524 1774 3613 1843 γὰρ
3638 1774 3854 1842 εὑρίσκεται

2362 1865 2449 1907 νῦν
2483 1858 2594 1928 (83)
2634 1879 2647 1890 ·
2681 1861 2709 1915 ἦ
2742 1858 2913 1933 ἑτέραν
2946 1864 3151 1931 Γραφήν
3181 1858 3337 1929 λέγει,
3364 1868 3459 1911 τῶν
3481 1859 3718 1932 λεγομενων
3740 1860 3855 1911 ἀποκ-

2362 1948 2533 2019 ρύφων
2562 1944 2798 2017 βίϐλων.]

2434 2034 2692 2106 ’Ὄψονται
2717 2068 2775 2078 -
2806 2036 3031 2099 ἐξεκέντη
3043 2058 3157 2092 σαν.
3184 2038 3441 2109 ’Ὁψονται
3465 2039 3604 2090 αὐτὸν
3637 2037 3679 2101 ἐξ
3702 2039 3855 2108 οὐρανςῦ

2363 2131 2739 2198 κατερχόμενον
2784 2124 2829 2177 ἐν
2884 2134 2945 2199 τῇ
2999 2130 3167 2201 ἡμέρᾳ
3221 2136 3314 2187 τῆς
3369 2133 3610 2201 κρίσεωςυ
3655 2128 3853 2197 [Ὀρονται

2367 2216 2477 2285 (84)
2506 2219 2627 2286 γὰρ,
2670 2221 2819 2287 φησὶ,
2848 2220 2934 2268 τόν
2974 2219 3090 2268 Υἰόν
3134 2224 3225 2269 τοῦ
3262 2216 3523 2289 ἀνθρώπου
3554 2215 3773 2291 ἐρχόμενον
3803 2216 3856 2266 ἐπὶ

2364 2312 2462 2354 τὼν
2506 2304 2715 2376 νεφελῶν
2771 2313 2864 2357 τοῦ
2905 2305 3123 2378 οὐρανοῦ
3170 2308 3306 2378 μετὰ
3355 2303 3605 2378 δυνάμεως
3644 2312 3712 2357 καὶ
3750 2302 3853 2365 icit;

2365 2392 2599 2466 πολλῆς]

2368 2489 2513 2538 ΚΕΦ.
2608 2483 2718 2539 III’.
2803 2489 2925 2559 Περὶ
3012 2492 3101 2545 τῆς
3187 2484 3443 2545 αἰτήσεως
3522 2491 3604 2537 τοῦ
3671 2488 3852 2557 Restm}

3034 2580 3299 2646 σώματος.

2436 2662 2579 2715 Μετά
2631 2669 2797 2713 ταῦτα
2850 2693 2915 2702 -
2976 2662 3173 2720 Ἰησοῦ.
3228 2694 3300 2703 —
3359 2664 3614 2735 Ἠρώτησε
3654 2661 3741 2730 (85)
3779 2658 3857 2730 παρ’

2365 2750 2619 2805 εκάλεσεν.
2666 2751 2951 2822 ’Δνάγνωθι
2998 2755 3062 2803 τὰ
3114 2751 3436 2822 ἐξηγηθέντα
3471 2751 3514 2802 ἐν
3559 2760 3618 2820 τῷ
3666 2750 3763 2801 tim
3802 2756 3859 2797 τω

2364 2843 2902 2914 προμνημονευθέντος
3003 2842 3289 2903 ἑξηκοστοῦ
3376 2838 3586 2913 ἑϐδόμου
3664 2838 3861 2909 κεραλαιευ

2366 2932 2483 2981 ἔνθα
2527 2935 2583 2982 τό
2618 2945 2629 2957 ⁸
2678 2929 2865 3000 Ὀψίας
2909 2929 3019 3001 (86)
3067 2927 3126 2982 δὲ
3159 2936 3457 3003 γενομένης,
3505 2927 3634 2987 ἦλθεν
3676 2928 3863 2997 ἱνθρωπςς

2366 3018 2612 3081 πλούσιος
2643 3018 2743 3071 ἀπό
2769 3020 3110 3094 Ἀριμαθαίας
3140 3018 3361 3091 ὀνόματι
3380 3022 3578 3090 Ἰωσήφ.

2442 3114 2541 3161 Καὶ
2593 3141 2659 3149 -
2715 3107 3051 3181 ἐνταφιάζειν.
3108 3109 3190 3161 Ἑν
3248 3118 3323 3180 τῷ
3365 3109 3608 3176 ἑξηκοστῷ
3654 3102 3789 3176 ὀγδόῳ
3819 3121 3869 3151 κεο

2372 3197 2569 3270 φαλαίῳ
2601 3206 2692 3250 τοῦ
2723 3200 2857 3249 κατά
2901 3200 3006 3253 Μαι
3022 3199 3162 3249 θαῖον
3219 3197 3443 3261 καθεξῆς
3482 3202 3563 3249 καὶ
3599 3200 3697 3269 περὶ
3738 3194 3869 3245 τούτων

2370 3290 2573 3339 πάντων
2618 3290 2864 3360 εὑρήσεις.
2913 3292 3039 3339 Πότε
3071 3284 3128 3339 δε
3168 3288 3193 3338 ό
3226 3284 3530 3359 Νικόδημος
3556 3282 3662 3344 ἦλθε
3696 3287 3796 3356 πρὸς
3816 3284 3869 3329 τόν

2374 3380 2602 3449 Χριστόν
2633 3380 2832 3443 νυκτός,
2867 3379 3069 3449 εἴρηται
3118 3375 3165 3427 ἐν
3228 3386 3306 3448 τῷ
3360 3382 3512 3451 τρίτῳ
3560 3372 3774 3446 κεφαλαίῳ
3814 3374 3871 3419 755

2370 3471 2622 3537 παρόντος
2650 3465 3031 3536 εὐαγγελιστοῦ.

2442 3554 2835 3627 [Μιμησὼμεθα
2912 3555 3023 3625 (87)
3100 3557 3184 3606 τὸν
3274 3554 3575 3627 εὐσχήμονα
3649 3549 3869 3624 βουλευτήν.

2372 3644 2717 3717 εὐσχημόνως
2778 3642 3140 3716 βουλευόμενοι
3183 3650 3306 3719 περὶ
3359 3652 3449 3705 τῆς
3504 3642 3783 3715 μεταλήψεως
3817 3642 3870 3686 τεῦ

2373 3741 2687 3786 Δεσποτικοῡ
2779 3739 3035 3805 σώματος,
3130 3739 3221 3785 καὶ
3316 3734 3607 3808 μνρίζοντες
3683 3728 3869 3801 (εὐσήμως

2374 3822 2619 3885 ταῖςάπὸ
2665 3831 2763 3874 τῶν
2814 3820 3003 3896 ἀρετῶν
3052 3820 3321 3888 εὐωδίαις,
3373 3829 3460 3874 καὶ
3520 3824 3700 3893 καθαρᾲ
3739 3812 3875 3869 enim

2377 3909 2717 3972 συνειδήσεως
2794 3911 3077 3971 ἰλίσσοντες
3156 3912 3308 3979 αὐτὸ,
3390 3918 3476 3964 καὶ
3517 3918 3659 3979 καινῷ
3713 3912 3875 3977 me“?!

2373 3999 2599 4074 καρδίας
2628 4007 2717 4053 καὶ
2755 4004 2931 4062 πάσης
2970 4000 3303 4077 ἀκαθαρσίας
3345 4000 3691 4073 ἀπηλλαγμένῳ
3715 3996 3877 4048 ἐναποτι·

2378 4091 2616 4162 θέμενοι]

2446 4178 2541 4231 Ἦν
2602 4211 2668 4220 —
2718 4180 2943 4237 Ἰησοῦν.
3006 4180 3088 4231 Ἐν
3139 4187 3209 4250 τῷ
3292 4181 3501 4255 ῥηθέντι
3568 4174 3781 4247 κεφαλαίῳ
3822 4174 3877 4219 to}

2374 4271 2507 4320 κοιτά
2568 4270 2835 4321 Ματθαῐον
2886 4273 2974 4320 καὶ
3016 4274 3133 4341 περὶ
3169 4271 3360 4322 τούτου
3422 4272 3686 4342 ἱστόρηται.
3738 4259 3876 4331 [Ἐξελ-

2374 4357 2517 4410 λοντο
2558 4362 2649 4430 μὲν
2701 4361 2814 4429 (88)
2868 4354 2954 4410 οὖν
3008 4356 3055 4409 ἐν
3113 4357 3267 4431 ἑτέρῳ
3311 4358 3671 4432 ἀξιολογωτέρῳ
3714 4366 3873 4424 ﬁngi“?

1850 4742 2067 4811 Variae
2099 4742 2425 4812 lectiones
2458 4755 2525 4812 et
2549 4755 2750 4813 notae.

715 4939 807 4996 80)
847 4937 1081 4994 Inclusa
1120 4936 1342 4993 absunt
1380 4939 1453 4996 A.

715 4942 781 4995 80
847 4941 1081 4994 Inclusa
1120 4941 1342 4993 absunt
1380 4941 1453 4996 A.

690 4941 811 5084 (81)
853 5012 1038 5084 Etiam
1068 5010 1193 5065 haec
1226 5010 1445 5064 absunt
1470 5012 1537 5065 A.

720 5080 812 5153 82)
856 5083 989 5137 Haec
1022 5088 1265 5153 uterque
1305 5084 1363 5136 in
1406 5081 1677 5150 margine
1706 5080 1912 5137 habet.

720 5086 786 5137 82
856 5086 989 5137 Haec
1022 5088 1265 5153 uterque
1305 5086 1363 5136 in
1406 5086 1677 5150 margine
1707 5086 1912 5137 habet.

696 5086 812 5225 (83)
848 5160 993 5208 Ante
1034 5156 1085 5224 ᾖ,
1120 5154 1193 5207 de
1216 5169 1324 5208 suo
1349 5154 1697 5223 interposuit
1730 5154 2052 5209 Hentenius
2090 5153 2218 5210 haec
2250 5168 2263 5209 :

618 5226 769 5281 Dicit
787 5226 875 5281 hic
893 5241 1181 5294 nusquam
1208 5225 1266 5279 in
1278 5224 1469 5280 veniri
1497 5226 1638 5295 quia
1662 5226 1703 5279 G
1726 5241 1871 5280 rzece
1886 5228 2075 5281 solum
2102 5242 2268 5282 nove-

619 5306 715 5354 rat
747 5314 759 5363 ;
780 5312 954 5367 porro
974 5296 1035 5349 in
1056 5295 1253 5351 Graeca.
1272 5296 2072 5367 translationeSeptuaginta
2096 5298 2270 5353 inter-

617 5377 981 5439 pretumnon
1006 5368 1289 5437 habetur;
1313 5370 1553 5437 tegimus
1586 5376 1775 5423 tamen
1796 5369 2026 5424 ittuctin
2058 5370 2270 5425 Latina

2378 4957 2454 4999 ea:
2477 4941 2730 4999 Hebrwo
2761 4940 3156 4999 translatione
3182 4942 3501 4999 Zacharia:
3526 4936 3816 4996 duodecimo.

2451 5014 2562 5089 (813)
2594 5014 2825 5089 Inclusa
2849 5014 3071 5089 absunt
3100 5016 3168 5089 Α.
3335 5085 3346 5089 _
3405 5084 3416 5089 _
3475 5084 3517 5089 __
3601 5087 3607 5089 _
3680 5079 3691 5089 θ

2452 5084 2563 5155 (85)
2595 5086 2727 5139 Haec
2753 5086 2871 5140 duo
2896 5085 3189 5142 vocabula
3225 5084 3445 5141 omittit
3474 5084 3769 5138 Hentenius.

2450 5155 2565 5229 (86)
2601 5156 2785 5226 Ὀψίας
2814 5160 3105 5229 γενομένης,
3139 5156 3364 5212 caeteris
3388 5155 3638 5216 omissis,
3666 5155 3721 5206 Α.

2452 5227 2562 5297 (87)
2598 5230 2722 5282 Haec
2750 5227 2994 5299 uterque
3026 5229 3086 5284 in
3113 5229 3406 5299 margine.

2453 5300 2568 5369 (88)
2608 5299 2840 5356 Inclusa
2869 5299 3085 5356 absunt
3114 5301 3187 5357 A.

688 5549 761 5625 (ε)
802 5548 933 5625 §eu_
951 5545 1368 5625 consiliarium.
1403 5547 1521 5601 Hoc
1552 5545 1685 5625 ideo
1716 5548 2152 5622 perspicuitatis
2182 5565 2366 5608 causa
2398 5549 2629 5607 addidit
2667 5550 2975 5625 interpres,
3018 5550 3184 5625 quod
3213 5564 3349 5607 mox
3392 5566 3465 5607 ex
3516 5541 3762 5606 vocabulo
3787 5531 3858 5607 ιὲεθ

617 5617 774 5675 Irim
808 5617 1163 5691 Euthymius
1203 5623 1673 5693 argumentatur.
