4022 6232
148 173 297 235 1477
1186 165 1559 230 COMMENT.
1601 166 1671 226 IN
1710 165 2072 230 JOANNEM.
2112 202 2176 213 —
2211 169 2373 231 CAP.
2418 168 2537 230 XX.
3388 179 3528 236 H78

144 311 333 360 τοῦτον
379 304 542 355 θεῖναι
595 299 903 376 πορρωτέρω
963 308 1058 360 τῆς
1113 298 1305 360 πόλεως
1372 316 1385 331 ο
1440 293 1532 349 διὰ
1581 294 1639 350 δὲ
1664 300 1757 355 τὴν

1887 311 1932 351 ’θ
1964 299 2378 364 monumento,
2408 297 2576 370 quod
2627 297 2863 371 longius
2888 314 2921 355 a
2981 298 3214 358 cintate
3243 300 3524 377 distabat,

147 396 493 467 παρασκευὴν
545 398 646 442 τῶν
706 386 998 454 Ἰουδαίων,
1054 392 1216 460 ἤγουν
1268 391 1363 445 τὴν
1418 405 1755 460 παρατετηρη

148 486 308 555 μένην
340 483 467 553 πρὸς
495 479 717 551 ἄσπέραν
748 485 852 539 τοῖς
883 474 1185 539 Ἰουδαίοις.
1217 478 1300 529 ὅτε
1339 476 1432 528 ούκ
1474 472 1534 533 ἧν
1560 477 1701 547 θέμις
1726 476 1755 533 ἦ

148 568 466 646 πορρωτέρω
494 565 761 641 βαδίζειν,
804 569 833 627 ἡ
892 570 966 620 ἔτι
1023 566 1336 641 ἐργάζεσθαι
1369 583 1382 598 ·
1427 570 1516 617 καὶ
1547 564 1757 636 μᾶλλον,

150 662 235 714 ὅτι
263 664 357 712 καὶ
404 661 464 711 τὸ
500 660 698 730 Πάσχα
744 662 859 710 τότε
910 654 1205 721 κατέλαϐεν,
1246 655 1313 715 εἰς
1360 657 1419 706 τὸ
1465 653 1760 713 πλησιάζον

151 751 349 807 ἔθηκαν
387 748 565 814 αὐτὸν,
605 756 699 808 τῆς
761 748 900 808 θείας
930 750 1172 818 προνοίας
1213 744 1376 805 οὕτως
1406 742 1759 815 οἰκονομησά-

155 858 278 903 σης,
312 840 397 889 ἶνα
432 841 524 889 καὶ
551 837 606 889 αἰ
635 837 927 909 μαθήτριαι
953 837 1261 907 θεωρήσωσι
1287 840 1386 885 ποῦ
1422 834 1641 897 τίθεται,
1671 836 1760 884 καὶ

150 930 199 981 οἱ
267 928 503 999 μαθηταὶ
564 922 817 978 δύνωνται
843 923 1191 997 ἀπέρχεσθαι,
1222 918 1315 975 διὰ
1345 927 1437 980 τὴν
1477 920 1755 993 ἐγγύτητα,

148 1020 239 1069 καὶ
270 1017 501 1068 θεαθῶσι
519 1016 584 1067 τὰ
611 1016 743 1088 μετὰ
768 1020 922 1067 τοῦτο
961 1013 1437 1087 τερατουργηθέντα
1464 1009 1569 1063 ἐκεῖ
1594 1014 1759 1085 παρά-

153 1103 341 1179 duim]

221 1202 300 1267 Τῇ
331 1190 392 1246 δε
442 1198 541 1265 μιᾷ
595 1200 693 1245 των
753 1190 1047 1244 Σαϐϐάτων.
1082 1190 1210 1263 [Ἐν
1267 1198 1339 1261 τῷ
1368 1189 1607 1261 λεχθέντι
1641 1189 1758 1258 (89)

151 1285 437 1359 κεφαλαίῳ,
479 1285 600 1336 ἔνθα
646 1289 815 1335 κεῖται
875 1285 935 1333 τό
969 1298 982 1310 ’
1021 1280 1147 1351 Ὀψὲ
1204 1278 1478 1332 Σαϐϐάτων
1533 1285 1595 1349 τῇ
1652 1276 1761 1329 ἐπι-

153 1376 440 1447 φωσκούσῇ
493 1371 560 1432 εἰς
598 1375 721 1445 μίαν
778 1368 1051 1424 Σαϐϐάτων
1094 1385 1107 1399 ·
1161 1367 1421 1440 ἀνάγνωθι
1466 1369 1532 1421 τὰ
1575 1365 1760 1438 ἐξηγη-

155 1466 325 1517 θέντα.
355 1465 375 1531 ]

227 1554 410 1625 Μαρία
440 1580 505 1592 -—
536 1548 710 1605 αὐτόν.
762 1547 1041 1602 Κάνταῦθα
1088 1550 1155 1599 τὰ
1204 1549 1295 1619 μὲν
1342 1550 1460 1620 περὶ
1522 1553 1623 1598 τῶν
1666 1544 1761 1597 αἴλ-

1871 385 2159 441 collocare
2186 407 2197 439 :
2221 387 2325 441 sed
2353 392 2593 459 propter
2618 386 2987 444 Parasceven
3013 389 3370 460 Judaeorum,
3394 409 3530 466 quas

1870 473 2144 530 videlicet
2171 491 2209 531 a
2236 474 2456 532 Judaeis
2476 475 2555 531 ad
2595 491 2908 548 vesperam
2934 479 3382 549 observabatur,
3405 498 3529 556 quo

1872 567 2130 635 tempore
2160 563 2251 620 fas
2276 580 2398 620 non
2438 570 2563 620 erat
2608 570 2713 620 aut
2758 565 2998 637 longius
3047 568 3380 637 ambulare,
3428 577 3532 628 aut

1873 651 2133 723 amplius
2153 653 2405 725 operari,
2432 654 2626 724 magis
2653 658 2851 710 autem
2874 655 3016 728 quia
3036 660 3093 711 et
3114 658 3339 714 Pascha
3356 660 3533 717 adve-

1871 747 2038 796 nerat
2053 742 2113 796 in
2133 742 2475 814 propinquo
2492 747 2827 815 posuerunt
2845 760 3004 810 eum,
3023 745 3225 802 divina
3244 749 3435 819 gratia
3449 749 3531 806 ita

1871 830 2277 902 dispensante,
2307 837 2370 887 ut
2393 831 2701 904 discipulae
2733 832 3145 906 conspicerent
3164 835 3261 891 ubi
3283 853 3531 909 ponere-

1871 923 1966 975 tur
2020 926 2077 975 et
2122 920 2399 993 discipuli
2438 926 2684 993 possent
2729 928 2974 995 propter
3017 925 3528 998 propinquitatem

1870 1008 2186 1080 proﬁcisci,
2221 1025 2291 1066 ac
2329 1010 2595 1067 viderent
2623 1026 2752 1083 quas
2785 1013 3173 1083 postmodum
3203 1014 3361 1073 facta
3392 1021 3530 1075 sunt

1870 1097 2180 1154 miracula.

1944 1188 2087 1259 Cap.
2110 1189 2210 1246 XX.
2234 1187 2398 1243 Vers.
2427 1192 2474 1242 t.
2499 1188 2626 1245 Uno
2647 1193 2843 1245 autem
2859 1187 3265 1249 Sabbatarum.
3294 1193 3359 1248 In
3381 1208 3530 1265 prm-

1869 1275 2029 1331 dicto
2054 1276 2244 1348 capite
2277 1276 2379 1332 ubi
2404 1275 2619 1332 dicitur
2649 1294 2663 1333 :
2733 1278 2983 1347 Vespera
3026 1288 3216 1338 autem
3250 1281 3530 1341 Sabbato-

1870 1380 2001 1420 rum
2017 1365 2085 1435 ³⁸,
2105 1380 2234 1437 qua
2246 1366 2519 1423 luscescit
2535 1366 2596 1423 in
2616 1382 2796 1424 unum
2807 1368 3228 1427 Sabbatorum:
3248 1371 3379 1443 lege
3391 1388 3523 1446 quae

1871 1458 2009 1509 sunt
2030 1459 2336 1512 enarrata.

1940 1542 2106 1598 Vers.
2144 1549 2189 1600 t.
2221 1544 2476 1601 Mariam
2502 1577 2555 1588 —
2581 1546 2744 1602 Vers.
2768 1548 2822 1603 2.
2847 1562 3000 1603 eum.
3028 1548 3149 1604 Hoc
3168 1550 3349 1606 etiam
3374 1551 3526 1618 loco,

154 1642 252 1694 λων
302 1647 561 1712 γυναικῶν
607 1634 960 1713 παρέδραμεν,
1019 1639 1088 1697 ὡς
1147 1636 1589 1708 προϊστορηθέντα
1649 1642 1759 1697 τοῖς

1887 1647 2006 1704 {uas
2035 1633 2193 1689 circa
2239 1633 2389 1689 alias
2450 1634 2727 1690 mulieres
2780 1640 2914 1693 acta
2939 1643 3079 1693 sunt
3135 1640 3525 1709 praetermisit.

158 1730 333 1792 ἄλλοις
362 1747 376 1759 '
415 1731 484 1782 τὰ
534 1725 593 1781 δὲ
621 1730 757 1781 κατὰ
804 1731 900 1785 τὴν
953 1722 1309 1797 Μαγδαληνὴν
1353 1723 1629 1790 ἐκτίθεται,
1689 1726 1757 1787 ὡς

156 1819 361 1879 έκείνοις
434 1821 818 1881 σεσιωπημένα.
887 1819 1082 1868 Λοιπὸν
1134 1810 1221 1867 οὖν
1279 1813 1538 1886 ἀνάγνωθι
1581 1811 1629 1865 έν
1685 1821 1757 1884 τῷ

154 1910 407 1981 εἰρημένῳ
459 1909 716 1978 κεφαλαίῳ
761 1904 861 1958 ἀπὸ
901 1912 991 1958 τού
1018 1920 1031 1935 ⁸
1059 1903 1192 1974 Ὀψὲ
1239 1901 1513 1956 Σαϐϐάτων
1553 1910 1614 1960 τῆ
1648 1900 1757 1953 ἑπι-

155 2000 439 2071 φωσκούση
478 1996 548 2056 εἰς
585 2000 707 2068 μίαν
739 1993 1031 2049 Σαϐϐάτων.
1056 1996 1192 2067 ἄχρι
1215 2000 1308 2045 τού
1342 2009 1355 2022 ’
1391 1993 1457 2044 Οἱ
1488 1989 1547 2043 δε
1576 1987 1758 2043 ἕνδεκα

156 2088 392 2159 μαθηταὶ
440 2083 791 2157 ἐπορεύθησαν
831 2084 903 2146 εἰς
939 2088 1033 2142 τὴν
1081 2082 1357 2135 Γαλιλαίαν
1404 2100 1416 2113 ·
1480 2084 1570 2132 καὶ
1615 2079 1758 2150 εὑρή-

158 2194 264 2236 σεις
288 2176 455 2227 πάντα
480 2176 615 2226 κατὰ
638 2173 788 2245 λόγον
817 2175 1195 2245 ἡρμηνευμένα,
1247 2175 1337 2223 καὶ
1358 2170 1606 2243 ἁρμονίαν
1632 2173 1757 2240 μίαν

161 2273 261 2316 τῶν
302 2265 560 2337 τεσσάρων
602 2262 993 2335 εύαγγελιστῶν,
1047 2266 1133 2313 καὶ
1180 2269 1335 2333 σῶμα
1378 2267 1472 2321 τῆς
1523 2260 1756 2333 ἱστορίας

165 2354 234 2407 ἓν.

227 2449 309 2511 Τῷ
333 2444 506 2515 Πέτρῳ
537 2437 596 2494 δὲ
624 2445 714 2493 καὶ
751 2448 822 2511 τῷ
852 2441 1053 2512 Ἰωάννῃ
1085 2436 1378 2512 διαλέγεται
1404 2440 1432 2498 ἡ
1468 2433 1758 2510 Μαγδαλη-

153 2538 238 2597 νὴ,
276 2540 351 2602 τῷ
383 2534 472 2603 μὲν
497 2532 563 2591 ὡς
613 2534 899 2603 κορυφαίῳ,
930 2538 1002 2600 τῷ
1024 2526 1084 2582 δε
1109 2531 1177 2589 ὡς
1204 2529 1540 2600 ἠγαπημένῳ,
1572 2531 1662 2579 καὶ
1690 2528 1757 2587 ὡς

158 2623 325 2675 πλεῖον
349 2629 451 2674 τῶν
486 2620 648 2674 ἄλλων
687 2620 933 2691 ἀγαπῶσι
962 2621 1049 2671 τὸν
1084 2622 1293 2693 Κύριον.
1347 2623 1448 2671 Καὶ
1470 2620 1571 2691 γὰρ
1611 2621 1759 2688 μόνοι

154 2715 320 2783 τούτῳ
361 2709 745 2775 ἠκολούθησαν,
804 2707 1112 2781 ἀπαγομένῳ
1144 2705 1346 2780 δεσμίῳ
1397 2710 1523 2781 πρὸς
1571 2705 1758 2759 ’Ἄνναν

160 2805 251 2854 καὶ
279 2802 542 2873 Καεάφαν.

1871 1727 2161 1795 tanquam
2182 1723 2260 1778 ab
2284 1722 2413 1779 aliis
2426 1723 2585 1780 dicta
2609 1742 2621 1782 :
2641 1740 2777 1797 quin
2798 1740 2934 1782 vero
2952 1726 3146 1783 Mariae
3161 1728 3529 1799 Magdalenen

1868 1813 2215 1869 acciderunt
2253 1818 2453 1885 utpote
2504 1814 2583 1869 ab
2608 1814 2739 1870 aliis
2778 1814 3012 1871 silentio
3065 1818 3382 1888 praeterita,
3424 1834 3527 1873 ex-

1869 1908 2193 1975 ponuntur.
2219 1905 2365 1973 Lege
2395 1904 2597 1976 itaque
2631 1904 2917 1977 praedicto
2939 1906 3133 1979 capite
3153 1907 3231 1964 ab
3261 1924 3332 1965 eo
3358 1908 3525 1966 loco:

1878 1991 2333 2062 Vesperaaulem
2353 1992 2808 2061 Sabbatorum",
2831 2010 2959 2065 qua
2991 1997 3230 2054 lucescit
3255 1998 3318 2053 in
3349 2014 3530 2054 unum

1868 2081 2283 2152 Sabbatorum,
2298 2081 2617 2153 usquedum
2646 2082 2892 2139 dicitur:
2914 2084 3195 2142 Undecim
3217 2101 3350 2143 vero
3362 2087 3532 2143 disci-

1868 2170 1999 2239 puti
2008 2169 2268 2239 profecti
2285 2177 2424 2225 sunt
2445 2173 2507 2226 in
2541 2170 2851 2229 Galilaeam
2879 2174 2922 2208 ⁹¹
2947 2189 2959 2228 :
2989 2178 3046 2229 et
3076 2175 3283 2230 omnia
3306 2177 3385 2232 ad
3404 2191 3531 2233 ver-

1870 2258 2017 2313 bum
2031 2257 2351 2329 explanata
2365 2260 2645 2323 invenies,
2664 2276 2800 2316 eam
2814 2261 3069 2333 demque
3081 2268 3333 2332 quatuor
3344 2280 3531 2320 evan-

1871 2346 2214 2418 gelistarum
2230 2349 2712 2415 consonantiam,
2729 2365 2799 2405 ac
2811 2365 3029 2422 corpus
3039 2350 3303 2408 historiae
3318 2368 3528 2409 unum.

1945 2437 2117 2492 Petro
2142 2441 2342 2493 autem
2381 2442 2439 2493 et
2476 2437 2691 2493 Joanni
2729 2435 2993 2510 loquitur
3022 2440 3403 2512 Magdalene:
3448 2424 3532 2498 illi

1871 2525 2139 2597 quidem,
2174 2529 2460 2597 tanquam
2483 2528 2756 2582 omnium
2774 2544 3035 2593 summo,
3061 2530 3198 2585 huic
3229 2547 3367 2587 vero
3396 2536 3526 2588 tan-

1872 2630 2059 2687 quam
2084 2614 2320 2681 dilecto,
2350 2621 2407 2671 et
2432 2615 2532 2686 qui
2572 2616 2833 2687 amplius
2890 2634 3075 2689 quam
3106 2620 3296 2675 caeteri
3327 2619 3531 2691 dilige-

1871 2706 2021 2759 bant
2048 2703 2250 2759 Jesum
2285 2722 2298 2772 ;
2327 2704 2437 2760 soli
2463 2706 2625 2760 enim
2662 2704 2814 2761 inter
2844 2721 3054 2762 omnes
3084 2707 3266 2764 secuti
3298 2708 3532 2767 fuerant

1872 2807 2034 2861 eum,
2059 2808 2198 2848 cum
2222 2792 2438 2865 ligatus
2469 2793 2880 2852 abducebatur
2908 2795 2987 2851 ad
3007 2798 3243 2853 Annam
3270 2803 3327 2854 et
3364 2797 3532 2857 Caia-

1873 2882 2075 2955 pham.

229 2978 471 3042 Ἐξῆλθεν
497 3010 566 3020 —
604 2986 870 3051 μνημεῖον.
905 2973 1108 3037 Μηδενὶ
1158 2978 1246 3049 μὲν
1271 2983 1371 3028 τῶν
1399 2974 1562 3027 ἄλλων
1595 2970 1759 3046 μηδὲν

1942 2972 2107 3029 Vers.
2142 2976 2193 3027 3.
2222 2971 2420 3028 Exivit
2459 3003 2527 3013 —
2592 2978 3056 3031 monumentum.
3088 2974 3240 3031 Nulli
3271 2976 3531 3034 aliorum

154 3070 400 3131 εἰπόντες,
425 3072 910 3141 καταφρονήσαντες
932 3063 966 3120 δ
970 3071 991 3120 ε
1013 3071 1098 3120 καὶ
1132 3074 1232 3119 τῶν
1252 3061 1529 3120 Ἰουδαίων
1552 3068 1642 3116 καὶ
1664 3072 1762 3115 τῶν

150 3160 394 3233 φυλάκων
420 3160 522 3211 ὑπὸ
550 3159 767 3232 θερμότη
776 3176 831 3210 το
841 3177 887 3217 ς.

226 3247 477 3321 Ἐτρεχον
508 3278 577 3288 -
603 3248 753 3320 ὁμοῦ.
780 3244 877 3319 [Τῇ
904 3247 1062 3318 ὁμοία
1092 3245 1206 3318 (90)
1232 3246 1512 3319 θερμότητι
1545 3240 1764 3315 ἁμιλλὼ-

153 3356 324 3411 μενοι.
356 3335 379 3410 ]

234 3432 338 3480 Καὶ
367 3457 434 3467 --
462 3434 726 3499 μνημεῖον.
767 3425 850 3486 Ὠς
876 3422 1211 3500 ἀκμαιότερος
1241 3426 1327 3477 τὸν
1352 3428 1496 3477 τόνον
1526 3432 1622 3477 τοῦ
1664 3428 1765 3476 σώ-

161 3533 352 3588 ματος.

242 3606 342 3656 Καὶ
373 3631 424 3643 -
453 3602 642 3659 ὀθόνια.
666 3606 744 3657 Τὰ
782 3602 1015 3675 ἐντάφια,
1048 3608 1142 3661 την
1168 3600 1404 3659 σινδόνα.

229 3784 307 3838 Ou’
336 3786 511 3858 μέντοι
551 3783 775 3843 εἰσῆλθε.
810 3784 1016 3858 Φρίξας,
1047 3785 1075 3844 ἣ
1110 3784 1402 3859 ἀρκεσθείς.

227 3962 493 4035 ’Ἔρχεται
523 3992 592 4003 -—
612 3969 880 4035 μνημεῖον.
909 3966 995 4021 Μὴ
1017 3958 1052 4014 δ
1056 3961 1310 4027 ειλιάσας,
1340 3963 1424 4013 ἶνα
1454 3963 1511 4014 τὸ
1529 3969 1623 4021 τῆς
1640 3979 1765 4034 προ-

148 4058 311 4129 τέρας
332 4049 528 4112 δειλίας
557 4050 914 4127 ἀποτρίψηται
942 4051 1054 4122 (91)
1094 4050 1347 4123 ἔγκλημα,
1404 4051 1435 4110 ἣ
1470 4048 1764 4123 ἀκριϐέστε-

150 4161 244 4216 ρον
300 4139 573 4216 έρευνῆσαι
637 4138 968 4213 βουλόμενος.
1051 4140 1293 4201 Ἰωάννης
1356 4142 1446 4211 μὲν
1510 4146 1583 4208 τῷ
1652 4139 1763 4210 (92)

146 4226 482 4305 προδραμεῖν
552 4247 564 4260 ·
613 4232 806 4303 Πέτρος
864 4225 924 4282 δε
984 4237 1056 4301 τῷ
1109 4228 1349 4282 εἰσελθεῖν
1400 4228 1471 4290 εἰς
1523 4230 1584 4280 τὸ
1636 4246 1764 4300 μνη-

146 4326 324 4394 μεῖον.

230 4409 492 4479 [Ζήτησον
549 4409 658 4479 (93)
711 4412 802 4460 καὶ
832 4404 879 4459 ἐν
910 4414 983 4478 τῷ
1014 4403 1357 4479 ὀγδοηκοστῷ
1404 4402 1630 4481 δευτέρῳ
1678 4426 1762 4460 κε-

148 4498 361 4572 φαλαίῳ
389 4505 479 4550 τοῦ
536 4499 671 4549 κατὰ
714 4502 920 4549 Λουκᾶν
945 4501 1002 4549 τό
1038 4512 1052 4526 ⁶
1100 4495 1159 4548 Ὀ
1218 4492 1277 4549 δε
1301 4500 1490 4570 Πέτρος
1532 4495 1763 4560 ἀναστὰς

148 4584 384 4661 ἔδραμεν
431 4584 515 4639 έπὶ
576 4589 630 4638 τὸ
684 4592 953 4658 μνημεῖον,
1007 4589 1097 4637 καὶ
1136 4582 1395 4657 ἀνάγνωθι
1452 4588 1519 4638 τὰ
1570 4585 1764 4659 ἐξηγη-

1871 3061 2208 3135 quidquam
2238 3061 2533 3129 dicentes;
2560 3062 2801 3135 insuper
2822 3069 2877 3119 et
2896 3063 3136 3121 Judaaos
3158 3082 3228 3123 ac
3250 3066 3530 3124 custodes

1872 3167 1990 3224 prae
2024 3151 2251 3208 fervore
2294 3157 2764 3209 contemnentes.

1946 3240 2104 3296 Vers.
2137 3243 2191 3295 4.
2231 3240 2562 3297 Currebant
2597 3272 2668 3283 —
2727 3242 2920 3298 simul.
2977 3243 3161 3301 Simili
3208 3243 3441 3302 fervore
3469 3250 3527 3303 et

1873 3344 1935 3386 se
1974 3334 2031 3386 et
2058 3334 2274 3386 caetera
2311 3330 2701 3402 despicientes
2745 3333 2889 3403 (aa).

1941 3421 2101 3475 Vers.
2133 3419 2186 3474 4.
2228 3420 2397 3475 Ει-
2442 3428 2903 3478 monumentum.
2952 3421 3269 3496 Tanquam
3312 3424 3533 3484 robus-

1873 3510 1987 3568 tior
2014 3509 2218 3580 vigore
2248 3509 2532 3582 corporis.

1942 3601 2107 3657 Vers.
2142 3605 2194 3656 5.
2220 3600 2294 3654 Et
2326 3631 2389 3642 —-
2420 3600 2775 3658 linteamina.
2826 3602 3153 3671 Funeralia,
3201 3609 3366 3677 puta,
3416 3604 3531 3662 sin-

1873 3690 2116 3747 donem.

1946 3780 2102 3836 Vers.
2129 3784 2178 3835 5.
2212 3779 2345 3836 Non
2363 3787 2558 3838 tamen
2602 3779 2893 3838 introivit.
2918 3782 3193 3839 Tremore
3228 3782 3532 3853 detentus,

1872 3873 1976 3923 aut
2000 3869 2092 3923 his
2114 3869 2243 3939 jam
2271 3876 2604 3926 contentus.

1943 3958 2098 4011 Vers.
2132 3957 2187 4011 6.
2228 3957 2389 4012 Venit
2428 3989 2487 4000 —-
2526 3964 2985 4015 monumentum.
3014 3958 3185 4015 Nullo
3210 3960 3341 4031 jam
3372 3966 3533 4018 metu

1871 4059 2215 4116 oppressus,
2239 4060 2361 4117 quo
2374 4045 2588 4117 prioris
2615 4046 2855 4117 culpam
2892 4046 3221 4102 timiditatis
3236 4047 3534 4119 absterge-

1869 4138 1975 4201 ret,
2006 4133 2501 4205 autdiligentibus
2526 4135 2773 4191 scrutari
2790 4134 3011 4190 volens.
3038 4135 3295 4192 Invicem
3331 4137 3532 4210 itaque

1870 4240 1933 4280 se
1963 4223 2147 4280 ambo
2178 4224 2445 4279 vicerunt
2476 4223 2774 4279 :Joannes
2802 4222 3051 4294 quidem
3078 4226 3526 4297 princurrendo,

1788 4349 1835 4404 Β
1871 4313 2074 4369 Petrus
2108 4328 2249 4369 vero
2279 4312 2339 4368 in
2371 4317 2832 4369 monumentum
2863 4311 3241 4370 introeundo.

1944 4403 2152 4469 Quare
2169 4403 2348 4459 etiam
2369 4400 2739 4474 octogesimo
2758 4399 3026 4457 secundo
3049 4401 3349 4472 Evangelii
3356 4402 3527 4474 juxta

1871 4494 2091 4550 Lucam
2115 4492 2322 4564 capite,
2350 4492 2451 4547 ubi
2483 4490 2732 4549 dicitur:
2766 4490 2975 4546 Petrus
3011 4504 3149 4547 vero
3180 4507 3536 4563 surgenscu-

1871 4584 2062 4642 currit
2080 4582 2161 4641 ad
2170 4586 2614 4639 monumentum
2631 4581 2675 4616 ⁹¹
2694 4596 2708 4648 ;
2728 4595 2798 4637 ac
2814 4582 3265 4639 enarrationem
3280 4581 3411 4655 lege
3436 4599 3534 4640 su-

232 4766 282 4802 ”
308 4766 461 4821 Matt.
486 4779 683 4835 xxvm,
718 4764 767 4819 1.
882 4764 930 4800 ⁹⁰
961 4762 1104 4820 ibid.
1218 4765 1264 4800 οι
1299 4762 1439 4820 ibid.
1476 4767 1563 4822 16.
1683 4765 1756 4802 ον
1783 4765 1922 4823 Luc.
1977 4778 2132 4830 xxxv,
2168 4765 2253 4820 l2.

1234 4915 1455 4986 Variae
1502 4916 1830 4986 lectiones
1867 4927 1932 4986 et
1967 4920 2169 4986 notae.

254 5116 348 5185 89)
393 5113 581 5172 Etiam
608 5112 737 5171 hac
768 5110 983 5173 desunt
1009 5117 1074 5171 Α.

250 5188 344 5257 90)
385 5186 624 5242 Inclusa
653 5187 872 5243 absunt
892 5190 957 5242 Α.

251 5255 350 5329 91)
390 5257 777 5333 Ἀποῤῥιψηται
814 5260 880 5313 Λ.
931 5257 1083 5314 Illud
1111 5256 1432 5314 Hentenius
1480 5255 1640 5329 legit.
1670 5257 1762 5314 At-

224 5434 351 5509 (aa)
377 5436 468 5509 Et,
491 5451 552 5509 se
577 5468 642 5478 —
668 5434 1067 5509 despicientes.
1093 5438 1243 5492 Inter
1268 5453 1329 5492 se
1355 5438 1756 5509 certantes._ln-

134 5507 388 5578 terpres
419 5508 650 5564 videtur
686 5508 896 5578 legisse
949 5514 1034 5561 καὶ
1064 5509 1255 5562 ἑαυτῶν
1311 5513 1400 5561 καὶ
1454 5515 1552 5561 τῶν
1594 5507 1757 5559 ἄλλων

140 5578 483 5659 αμελοῦντες.
530 5578 643 5636 Sed
697 5596 833 5654 quas
891 5580 1136 5637 inferius
1188 5580 1471 5653 leguntur
1518 5595 1580 5655 p.
1627 5580 1753 5648 627,

1872 5128 1989 5188 que
2008 5112 2089 5188 ita
2117 5111 2294 5188 etiam
2326 5115 2414 5169 est
2439 5109 2518 5169 ad
2548 5109 2716 5169 Joan.
2752 5126 2873 5180 xxx,
2906 5109 2963 5169 7.

1945 5185 2056 5259 (92)
2082 5184 2302 5259 ᾼραμεῖν
2334 5191 2391 5259 Β.

1940 5257 2048 5328 (93)
2081 5255 2318 5313 Inclusa
2346 5255 2571 5312 absunt
2612 5263 2672 5313 A.

1867 5449 2024 5499 vers,
2072 5434 2153 5489 12.
2186 5432 2428 5492 ἐνίκησαν
2481 5430 2592 5505 οὖν,
2630 5456 2679 5491 κ.
2704 5453 2752 5490 τ.
2795 5434 2865 5507 λ.,
2900 5433 3208 5495 lectionem
3244 5449 3521 5497 meorum

1866 5506 2043 5564 codd.
2086 5506 2159 5563 tir
2174 5511 2363 5562 ment.
