4022 6232
573 152 592 205 -Ι
607 151 711 206 479

1888 136 2236 197 EU’I'HYMII
2276 137 2607 198 ZlGABENl

3794 149 3907 207 1480

570 292 675 350 per
699 275 755 332 id
772 273 929 347 quod
944 273 1197 328 habetur
1216 288 1227 325 :
1248 269 1961 340 .tdmiransquodfactum
1994 275 2123 325 erat
2148 271 2207 337 ".

2333 270 2482 321 θέντα
2543 269 2614 331 εἰς
2647 274 2704 322 τό
2737 287 2749 301 ⁸
2782 271 3084 343 Θαυμάζων
3131 274 3187 323 τὸ
3228 275 3454 344 γεγονὸς,
3484 276 3617 327 πάνυ
3674 275 3909 347 ἀναγκαῖα

569 365 645 422 ad
673 366 830 421 hunc
870 364 1069 418 locum
1102 363 1361 415 maxime
1402 360 1823 415 necessariam.

638 458 795 509 Vers.
821 458 875 508 6.
920 452 993 506 Et
1024 481 1093 491 --
1114 450 1275 504 Vers.
1300 455 1351 503 7.
1376 450 1589 504 locum.
1617 449 1880 516 Quorum
1898 452 2219 519 utrumque

567 544 809 613 signum
838 542 1013 596 etiam
1040 545 1165 595 erat
1192 538 1488 594 infallibile
1506 537 1976 593 resurrectionis.
2019 540 2217 608 Neque

564 634 747 697 enim,
793 632 839 685 si
876 630 1012 702 quis
1055 646 1189 683 eum
1221 629 1706 699 trausposuisset,
1752 634 1909 682 certe
1940 626 2214 681 denudas

564 727 652 777 set
694 738 705 775 ε
742 736 934 791 neque
967 721 1013 774 si
1046 719 1274 773 futurus
1298 724 1465 783 esset,
1491 734 1690 771 curam
1728 717 2035 772 habuisset
2075 721 2136 770 ut
2161 720 2217 770 et

566 810 877 865 sudarium
930 808 1265 872 involveret,
1306 813 1628 877 oneretque
1664 807 1721 860 in
1778 822 1964 860 unum
1996 804 2213 867 locum,

565 898 685 953 sive
717 900 775 953 in
807 896 1601 953 alternumalinteaminibus
1616 900 1977 967 separatum,
1998 893 2101 949 sed
2136 894 2215 948 ita

562 996 623 1044 ut
654 989 833 1043 situm
860 992 985 1041 erat
1017 1002 1257 1057 corpus,
1294 993 1394 1041 aut
1424 985 1907 1056 transposuisset,
1942 982 2215 1039 autfura-

561 1083 655 1133 tus
686 1077 893 1131 fuisset
925 1092 936 1131 :
972 1076 1189 1129 veritus
1217 1075 1331 1145 (οὐ)
1365 1074 1733 1145 superﬂuum
1767 1080 2001 1143 tempus
2036 1073 2093 1126 in
2116 1088 2214 1127 ne-

561 1166 717 1236 gotio
751 1180 1125 1231 consumere,
1150 1180 1221 1218 ne
1256 1180 1377 1235 quo
1402 1164 1583 1217 modo
1612 1164 1667 1216 in
1705 1162 1857 1217 furto
1884 1162 2215 1234 deprehen-

2327 363 2448 409 ὄντα
2488 364 2613 433 πρὸς
2644 363 2710 412 τὰ
2750 359 3027 433 παρόντα.]

2400 454 2500 501 Καὶ
2550 481 2616 489 -—
2672 455 2846 501 τόπον.
2906 449 2969 501 Ἀ
3026 454 3115 502 καὶ
3173 452 3327 524 ἄμφω
3384 460 3577 525 σημεῖα
3652 452 3784 513 ἦσαν
3836 468 3903 519 τῆς

2328 536 2659 601 ἀναστάσεως
2692 538 3043 613 ἀναντίρρητα
3077 580 3088 591 .
3134 544 3268 592 Οὔτε
3318 544 3444 616 γὰρ,
3497 543 3540 594 εἰ
3570 547 3814 614 μετέθηκέ
3849 568 3903 605 τις

2327 627 2500 691 αὑτὸν,
2535 626 2827 699 ἐγύμνωσεν
2860 628 2937 693 ἀν,
2998 632 3113 681 οὔτε
3159 630 3202 681 εἰ
3251 629 3478 702 ἔκλεψεν,
3512 631 3803 703 ἐφρόντισεν
3841 638 3900 695 ἃ),

2328 720 2459 769 ὥστε
2488 722 2576 769 καὶ
2625 722 2681 770 τό
2718 714 3005 791 σουδάριον
3055 717 3302 789 ἐπιμελῶς
3331 718 3591 783 ἐντυλίξαι
3638 729 3725 774 καὶ
3768 726 3897 776 Θείναι

2327 806 2396 867 εἰς
2455 810 2539 858 ἕνα
2590 811 2766 871 τόπον,
2798 811 2959 878 ἤγουν
3008 812 3075 867 εἱς
3120 811 3284 869 ἕτερον
3342 812 3483 884 παρὰ
3534 814 3624 861 τόν
3670 820 3765 863 τῶν
3803 813 3898 865 ὀθο-

2323 901 2441 946 νίων
2474 916 2486 928 ο
2538 896 2646 948 ἀλλ’
2700 897 2875 959 οὕτως,
2922 898 2987 957 ὡς
3037 898 3170 967 εἶχε,
3205 902 3262 949 τό
3324 906 3473 970 σῶμα
3510 902 3790 972 μετέθηκεν
3834 904 3894 971 ἂν,

2326 986 2353 1043 ἡ
2412 985 2607 1056 ἔκλεψε,

2323 1080 2542 1149 πρᾶγμα
2570 1079 2829 1148 περιττὸν,
2863 1079 3063 1147 μήποτε
3105 1078 3408 1149 κατάφωρος
3454 1097 3679 1149 γενηται
3716 1084 3799 1131 καὶ
3826 1100 3894 1137 την

2689 982 2879 1046 δεδιὼς
2935 994 3183 1038 τοσοῦτον
3268 985 3529 1040 ἀναλῶσαι
3606 995 3784 1063 καιρὸν
3846 996 3894 1052 si;

2324 1164 2561 1235 ἐσχάτην
2593 1164 2747 1238 ὑφέξη
2781 1161 2935 1222 δίκην
2951 1209 2962 1220 .

558 1256 811 1322 deretur,
838 1260 1287 1324 extremumque
1321 1253 1503 1307 lueret
1544 1252 1924 1323 supplicium.

630 1348 907 1400 Praeterea
948 1344 1147 1407 etiam,
1192 1360 1325 1397 cum
1360 1342 1604 1413 myrrha
1634 1358 1770 1397 cum
1804 1358 1925 1413 qua
1948 1342 2212 1413 sepultus

559 1440 683 1491 erat
710 1434 969 1489 maxime
998 1438 1151 1487 esset
1182 1433 1231 1486 ei
1272 1432 1660 1500 agglutinata,
1702 1437 1757 1486 et
1789 1432 2101 1487 sindonem
2133 1436 2210 1487 te-

556 1524 871 1579 nacissime
902 1523 952 1577 ei
984 1522 1267 1577 adherere
1311 1522 1545 1585 faceret,
1581 1520 1683 1585 sic,
1720 1527 1781 1575 ut
1816 1522 1941 1590 jam
1973 1521 2206 1585 coalita,

557 1612 721 1667 nullo
738 1612 917 1666 modo
948 1610 1367 1683 possetavelli;
1404 1616 1714 1681 propterea
1746 1610 1871 1663 haec
1896 1610 2140 1663 seorsim
2175 1624 2207 1663 a

2326 1630 2474 1671 στω;’
2533 1609 2625 1663 διά
2664 1619 2817 1663 τοῦτο
2846 1608 2969 1682 γοῦν
3022 1619 3188 1663 ταῦτα
3234 1617 3398 1685 χωρὶς
3430 1611 3669 1671 ἀλλήλων
3714 1620 3883 1672 ἔκειντο.

559 1716 620 1755 se
643 1701 895 1755 invicem
927 1700 1114 1770 posita
1155 1702 1338 1762 erant,
1402 1705 1457 1753 et
1520 1698 1831 1752 sudarium
1878 1697 2209 1752 involutum

556 1794 680 1844 erat
702 1794 765 1843 ut
800 1790 1158 1843 disceremus
1188 1788 1351 1859 quod
1384 1804 1520 1842 cum
1553 1788 1896 1842 auctoritate
1928 1787 2209 1857 omnique

557 1877 869 1933 securitate
898 1884 1250 1931 surrexerat.
1297 1876 1610 1931 Sudarium
1644 1882 1840 1929 autem
1872 1879 1993 1929 erat
2023 1889 2210 1945 parva

557 1967 835 2038 quaedam
869 1966 1136 2033 fasciola,
1166 1965 1328 2038 quali
1388 1967 1564 2020 etiam
1622 1964 1800 2019 faeies
1857 1964 2072 2031 Lazari,
2104 1964 2207 2035 qui

558 2055 750 2111 fuerat
775 2062 1062 2125 mortuus,
1090 2061 1215 2111 erat
1260 2056 1563 2109 obvincta.

630 2144 790 2200 Vers.
824 2148 876 2199 8.
919 2147 1081 2201 Tunc
1102 2175 1170 2186 —
1195 2147 1652 2200 monumentum.
1679 2146 1930 2199 Vocatus
1958 2160 1990 2197 a
2014 2142 2204 2197 Petro.

2392 1342 2589 1403 Ἀλλως
2653 1363 2707 1396 τε
2760 1347 2848 1396 καὶ
2904 1353 2997 1406 τῆς
3059 1346 3292 1419 σμύρνης
3358 1342 3787 1407 κολλωὸεστάτης
3834 1356 3893 1399 οῧο

2326 1452 2443 1495 σης,
2499 1433 2609 1504 μεθ’
2664 1434 2726 1494 ἧς
2758 1430 2818 1490 ἦν
2880 1432 3361 1505 ἀντεταφιασμένος,
3402 1439 3493 1486 καὶ
3550 1439 3657 1492 τὴν
3715 1433 3890 1488 σινδόνα

2324 1522 2731 1596 προσκολλώσης
2785 1522 2924 1591 αὐτῷ
2995 1522 3108 1573 λίαν
3169 1531 3417 1594 συμρυῶς
3480 1529 3570 1576 καὶ
3631 1524 3890 1577 ἀναποσπάο

2319 1707 2408 1753 καὶ
2465 1706 2521 1752 τό
2578 1698 2864 1773 σουδάριον
2914 1701 3026 1773 (94)
3086 1700 3390 1763 ὶτετυλικτο,
3441 1705 3527 1752 ἶνα
3557 1706 3788 1775 μάθωμεν
3826 1708 3883 1756 ὁτι

2319 1790 2433 1841 κατ’
2485 1789 2726 1851 ἐξουσίαν
2785 1788 2971 1848 ἀνέστη
3022 1795 3110 1841 καὶ
3160 1797 3333 1841 πᾶσαν
3383 1788 3593 1843 ἄδειαν.
3631 1798 3693 1845 T6
3724 1791 3877 1845 σουδά-

2315 1896 2427 1951 ριον
2484 1876 2542 1930 δὲ
2595 1875 2654 1937 ἦν
2706 1879 2968 1951 φακιόλιὸν
2998 1898 3047 1931 τι
3073 1882 3277 1953 μικρὸν,
3323 1883 3414 1949 οἵῳ
3454 1885 3547 1931 καὶ
3587 1884 3613 1933 ὁ
3669 1885 3876 1943 τεθνηκὼς

2320 1970 2562 2040 Λάζαρος
2588 1973 2675 2025 την
2708 1967 2825 2039 ὄψιν
2857 1964 3206 2042 περιεδέδετο.

2386 2150 2511 2198 Τότε
2599 2178 2667 2188 -
2742 2155 3011 2219 μνημεῖον.
3084 2146 3329 2219 [κληθεὶς

2318 2234 2561 2309 [limam]

2388 2325 2496 2377 Καὶ
2527 2356 2587 2365 -
2623 2324 2913 2381 ἐπίστευσε.
2950 2327 3282 2399 (θεασάμενος
3314 2334 3491 2398 σημεῖα
3537 2334 3625 2385 τῆς
3668 2325 3873 2377 ἀναστάο

3405 2149 3518 2220 (95)
3602 2152 3721 2222 παρὰ
3787 2156 3854 2198 τοῦ

627 2323 790 2378 Vers.
820 2325 870 2378 8.
898 2323 977 2375 Et
1007 2322 1352 2378 —credidit.
1389 2324 1532 2377 Cum
1556 2320 2001 2378 resurrectionis
2031 2322 2207 2391 signa

552 2411 793 2467 vidisset
821 2411 1173 2467 indubitata.

623 2504 781 2556 Vers.
810 2504 863 2556 9.
916 2502 1187 2557 Nondum
1228 2533 1292 2540 —
1351 2516 1662 2571 resurgere.
1707 2502 1960 2556 Causam
2016 2500 2208 2556 reddit

553 2606 658 2646 cur
680 2591 843 2662 prius
868 2606 989 2646 non
1028 2590 1399 2646 crediderent
1428 2590 1799 2656 mulieribus,
1841 2606 1975 2662 qua:
2007 2590 2091 2644 eis
2121 2606 2207 2643 re-

552 2680 972 2736 surrectionem
1006 2680 1523 2745 annuntiaverant,
1563 2680 1663 2733 sed
1695 2680 1822 2735 visa
1845 2685 1980 2733 sunt
2001 2695 2202 2733 coram

550 2769 695 2841 ipsis
719 2775 999 2841 tanquam
1028 2770 1487 2824 deliramentum
1514 2769 1693 2824 verba
1719 2785 1922 2824 earum
1958 2770 2066 2837 9";
2102 2768 2205 2822 sed

551 2874 745 2930 neque
777 2859 1016 2913 duobus
1050 2876 1117 2914 ex
1151 2858 1234 2913 eis
1265 2860 1365 2929 qui
1399 2858 1665 2913 abierant
1698 2875 1794 2913 rus
1823 2860 1892 2922 93,
1949 2864 2003 2913 et
2042 2857 2201 2922 dicit,

549 2950 712 3020 quod
754 2950 1021 3003 nondum
1087 2948 1491 3017 intelligebant
1523 2949 1906 3019 Scripturam,
1954 2948 2025 3002 de
2076 2948 2204 3018 ejus

2326 2955 2415 3002 Καὶ
2477 2968 2634 3022 φησιν
2684 2948 2786 3022 ὅτι]
2820 2954 2963 3001 οὔπω
3016 2949 3183 3001 ἐνόουν
3232 2955 3325 3007 τὴν
3388 2955 3618 3022 Γραφήν,
3658 2956 3739 3007 τὴν
3788 2955 3885 3020 περὶ

548 3038 974 3093 resurrectione
994 3038 1307 3092 docentem
1342 3037 1506 3091 :brec
1534 3044 1729 3091 autem
1766 3037 2068 3108 multiplex
2096 3040 2202 3104 est,

2326 3048 2404 3100 τῆς
2457 3038 2786 3099 ἀναστάσεως
2842 3039 2999 3091 αὐτοῦ
3059 3036 3427 3092 διδάσκουσαν
3492 3060 3504 3070 ·
3564 3037 3798 3111 διάφορος
3840 3034 3887 3089 δὲ

544 3125 603 3180 in
628 3126 875 3181 diversis
905 3127 1151 3199 psalmis
1186 3126 1477 3182 Davidicis
1519 3126 2011 3198 sermonibusque
2071 3140 2205 3197 pro-

546 3214 797 3285 pheticis
831 3232 1057 3287 sparsa.

620 3307 775 3361 Vers.
818 3310 898 3361 10.
924 3306 1189 3363 Abierant
1218 3337 1281 3346 —
1310 3304 1605 3375 discipuli.
1631 3305 1719 3361 Ad
1738 3322 1917 3361 suum
1944 3304 2201 3361 diverso

542 3395 721 3451 rium.

616 3485 775 3540 Vers.
838 3486 922 3540 11.
984 3486 1183 3541 Maria
1226 3516 1294 3526 -
1343 3486 1517 3555 foris.
1579 3486 1827 3539 Venerat
1867 3483 2026 3539 enim
2068 3487 2201 3555 post

548 3574 784 3628 Petrum
800 3578 855 3627 et
884 3576 1194 3637 Joannem,
1214 3590 1349 3627 cum
1382 3590 1498 3628 nou
1535 3574 1822 3645 potuisset
1852 3572 2029 3626 simul
2061 3588 2196 3626 cum

545 3661 629 3715 eis
660 3677 915 3723 currere,
950 3665 1003 3714 et
1030 3676 1137 3715 nec
1183 3660 1615 3715 revertentibus
1665 3661 1907 3725 occurit,
1942 3666 2004 3715 ut
2036 3662 2197 3731 quip-

544 3748 695 3819 piam
727 3749 958 3803 tirmius
998 3749 1175 3803 etiam
1199 3748 1327 3819 ipsa
1357 3749 1626 3805 disceret.

614 3839 772 3893 Vers.
813 3843 895 3895 11.
930 3839 1083 3893 Dum
1118 3870 1182 3877 —
1211 3838 1370 3893 Vers.
1414 3839 1493 3891 12.
1527 3838 1694 3893 albis.
1752 3837 1946 3893 l’alliis
1998 3838 2199 3895 videli-

542 3931 631 3983 cet
662 3945 673 3982 :
707 3928 765 3983 hi
799 3934 998 3983 autem
1049 3933 1234 3993 erant,
1268 3928 1370 3999 qui
1399 3928 1579 3983 etiam
1610 3929 1774 3999 prius
1832 3930 1883 3981 ei
1912 3944 2199 4000 apparue-

543 4022 691 4081 rant,
722 4022 777 4072 et
808 4018 877 4072 iis
921 4034 1055 4089 quia
1087 4034 1224 4071 cum
1266 4033 1336 4072 ea
1395 4023 1580 4072 erant.
1627 4018 1943 4083 Quomodo
1972 4034 2114 4087 ergo
2137 4018 2197 4073 hi

539 4122 661 4162 non
688 4113 1096 4178 apparuerunt
1136 4108 1303 4161 Petro
1335 4111 1391 4161 et
1420 4106 1634 4161 Joanni
1665 4108 1691 4161 ?
1745 4107 1895 4173 Quia
1937 4106 2196 4161 futurum
2307 4115 2396 4162 χαὶ

539 4200 683 4261 erat,
710 4202 769 4251 ut
787 4196 897 4250 illis
921 4203 1204 4267 tanquam
1226 4195 1711 4267 prudentioribus
1736 4195 1855 4250 adﬁ
1878 4194 2014 4250 dem
2039 4195 2198 4249 sufﬁ-

2326 4203 2487 4251 τίστιν
2519 4197 2553 4249 ἆ
2582 4200 2874 4265 ἐθεάσαντο,
2921 4205 3279 4273 συνετωτέροις
3313 4198 3453 4253 οὖσι.

541 4290 741 4341 cerent
777 4301 844 4339 ea
874 4301 1009 4356 quae
1049 4284 1337 4339 viderant.
2231 4321 2273 4373 Β

611 4376 767 4430 Vers.
846 4376 928 4428 12.
990 4372 1253 4429 Sedentes
1296 4404 1364 4412 —
1408 4374 1575 4428 Jesu.
1618 4372 1911 4429 Sedebant
1950 4374 2196 4446 quidem

538 4469 781 4536 propter
826 4480 961 4519 eam
1006 4480 1019 4530 ;
1079 4462 1374 4535 splendidi
1445 4477 1581 4517 vero
1640 4462 1912 4517 alacriter
1962 4469 2197 4536 propter

538 4554 852 4623 gaudium.

2320 2434 2449 2476 σεως
2485 2413 2824 2487 ἀναμφίϐολα.

2391 2501 2614 2556 Οὐδέπω
2648 2536 2713 2545 -
2744 2503 3053 2564 ἀναστῆναι.
3105 2536 3169 2545 --
3224 2502 3600 2577 [Ἀπολογεῖται
3626 2504 3747 2573 (96),
3775 2512 3875 2563 πῶς

2317 2594 2409 2646 οὐκ
2457 2593 2771 2647 ἐπίστευσαν
2826 2599 3071 2669 πρότερον
3140 2602 3253 2656 ταῖς
3319 2595 3581 2665 γυναιξὶν,
3648 2593 3881 2663 dar/75).:-

2319 2689 2565 2755 σαμέναις
2636 2683 2813 2745 αὐτοῖς
2881 2689 2975 2742 τὴν
3052 2682 3339 2735 ἀνάστασιν
3408 2706 3420 2717 ο
3496 2683 3607 2734 ἀλλ’
3655 2683 3883 2755 ἐφάνησαν

2315 2771 2525 2823 ἐνώπιον
2575 2772 2741 2823 αὐτῶν
2797 2775 2919 2823 ὡσεὶ
2969 2772 3123 2843 λῆρος
3172 2775 3234 2823 τὰ
3276 2774 3491 2845 ῥήματα
3540 2774 3701 2823 αὐτῶν
3741 2786 3754 2798 ·
3795 2770 3884 2820 ἀλλ’

2315 2857 2437 2913 οὐδὲ
2490 2868 2593 2921 τοὶς
2661 2864 3018 2933 πορευομένοις
3070 2863 3140 2921 εἰς
3198 2860 3354 2935 ἀγρόν
3410 2856 3569 2913 δυσὶν
3621 2860 3670 2923 ἐξ
3721 2860 3885 2925 αὶτὼν,

2315 3130 2465 3191 αὕτη,
2522 3128 2569 3179 ἐν
2620 3126 2890 3203 διαφόροις
2948 3128 3171 3201 ψαλμοῖς
3237 3136 3536 3189 Δαυῐτικοίς
3586 3135 3672 3180 καὶ
3735 3128 3887 3197 λόγοις

2313 3225 2652 3293 προφητικοίς
2679 3223 3073 3291 κατεσπαρμένη
3090 3264 3101 3275 ,

2385 3307 2640 3366 Ἀπῆλθον
2722 3341 2788 3351 --
2854 3310 3103 3380 μαθηταί.
3178 3310 3313 3374 Πρὸς
3392 3311 3456 3365 τὴ
3556 3308 3740 3359 ἑαυτῶν
3813 3326 3889 3355 κα-

2310 3403 2549 3468 ταγωγήν
2564 3439 2574 3450 .

2384 3487 2567 3559 Μαρία
2624 3518 2690 3525 -
2742 3486 2853 3557 ἔξω.
2924 3486 3203 3558 ’Υστέρησε
3258 3489 3360 3558 γὰρ
3414 3494 3506 3539 τοῦ
3580 3492 3766 3559 Πέτρου
3814 3488 3886 3534 καὶ

2310 3577 2568 3639 Ἰωάννου,
2646 3582 2716 3647 μὴ
2807 3572 3096 3633 δυνηθεῖσα
3202 3580 3502 3648 συντρέχειν
3567 3575 3732 3633 αὐτοῖς
3807 3580 3889 3623 καὶ

2310 3662 2432 3717 οὐδὲ
2464 3666 2576 3735 (97)
2599 3669 2954 3737 στρεφομένοις
2982 3670 3273 3723 συνήντησε
3302 3668 3508 3729 τούτοῐς,
3534 3666 3611 3713 ἱνα
3630 3667 3708 3713 καὶ
3736 3664 3881 3732 μάθῃ

2310 3775 2361 3807 τι
2390 3752 2738 3827 βεϐαιότερον.

2378 3843 2463 3903 Ὠς
2521 3874 2588 3883 —
2639 3842 2858 3903 λευκοῖς.
2894 3842 3280 3916 Περιϐλὴμασι,
3330 3840 3577 3899 δηλονότι.
3626 3840 3792 3892 Οὗτοι
3839 3837 3893 3892 δέ

2309 3929 2443 3990 ἦσαν
2472 3935 2519 3983 οὶ
2550 3936 2638 3983 καὶ
2669 3938 2910 4007 πρότερον
2943 3934 3055 4003 (98)
3101 3932 3329 4002 ὀφθέντες
3359 3931 3489 4003 αὐτῇ
3547 3949 3599 3981 τι
3642 3935 3732 3981 καὶ
3790 3936 3894 3986 ταῖς

2310 4022 2402 4073 συν
2435 4025 2584 4093 αὐτῇ.
2633 4022 2736 4074 Καὶ
2780 4030 2882 4081 πῶς
2940 4021 3031 4072 οὐκ
3092 4020 3352 4093 ἐφάνησαν
3407 4020 3551 4072 οὗτοι
3602 4028 3671 4089 τῷ
3724 4022 3889 4091 Πέτρῳ

2472 4110 2735 4182 Ἰωάννη;
2795 4110 2913 4161 "Ott
2962 4109 3173 4172 ἐκείνοις
3252 4110 3454 4181 ἔμελλον
3541 4109 3712 4181 ἀρκεῖν
3783 4114 3897 4180 πρὸς

2383 4375 2767 4447 Καθεζομένους
2810 4407 2873 4415 -
2926 4376 3124 4433 Ἰησοῦ.
3160 4375 3443 4432 Ἑκάϐηντο
3469 4378 3562 4447 μέν
3597 4371 3669 4427 δι’
3699 4374 3857 4432 αὐτὴν
3887 4390 3894 4399 ’

2307 4462 2522 4541 φαιδροὶ
2552 4462 2609 4518 δὲ
2640 4468 2755 4536 (99)
2788 4461 3037 4541 φαιδρῶς,
3068 4462 3161 4517 διὰ
3192 4469 3283 4524 τὴν
3313 4468 3514 4539 χαράν.
3938 4510 3939 4555 ι

609 4741 656 4777 θ’
685 4740 823 4797 Luc.
851 4757 1003 4807 niv,
1043 4746 1123 4799 12.
1239 4741 1310 4777 9"
1342 4740 1485 4799 ibid.
1521 4742 1606 4797 11.
1722 4743 1767 4776 ³³
1795 4741 1937 4797 ibid.
1989 4746 2046 4798 13
2078 4757 2250 4816 seqq.

1778 4947 1995 5017 Variae
2042 4946 2372 5016 lectiones
2401 4955 2692 5016 etnotae.

2381 5145 2492 5217 (97)
2551 5144 2719 5199 Forte
2796 5142 3275 5218 ἀναστρεφομένοις,
3359 5147 3463 5202 aut
3521 5144 3895 5225 131700-795”?

2306 5235 2493 5357 νοιῶὃ)
2526 5290 2725 5361 Πέτρῳ,
2755 5302 2863 5361 pro
2892 5292 3153 5361 πρότερον,
3186 5292 3245 5340 Α.
3272 5287 3441 5344 Male.

2381 5362 2492 5430 (99)
2522 5356 2689 5415 Forte
2722 5356 2965 5432 aipod‘pdi;
2987 5356 3127 5429 legit
3156 5362 3487 5416 llentenius.

609 5148 721 5221 (94)
764 5144 1082 5200 Ἐνετύλικτο
1113 5145 1176 5221 ἢ.
1230 5144 1502 5221 Fortasse
1544 5158 1685 5214 ergo
1733 5144 2049 5213 legendum
2101 5143 2198 5197 ἓνε-

535 5218 766 5285 nsum,
803 5224 865 5273 ut
894 5233 1032 5289 pag.
1063 5218 1183 5281 6‘27,
1218 5233 1370 5272 vers.
1402 5220 1491 5271 24.

611 5295 722 5365 (95)
760 5290 993 5365 Inclusa
1018 5289 1235 5365 absunt
1269 5291 1335 5342 Λ.

610 5360 725 5437 (96)
758 5365 936 5418 Etiam
964 5362 1090 5417 haec
1122 5360 1361 5416 absunt.

607 5544 718 5621 (οὐ)
772 5544 1020 5605 Veritus,
1056 5543 1165 5597 etc.
1198 5537 1430 5595 Veritus
1456 5542 1686 5595 tantum
1720 5538 2008 5612 temporis
2038 5535 2384 5611 impendere
2414 5537 2653 5611 negotio
2680 5536 3003 5612 superﬂuo,
3032 5552 3204 5595 vano.
