4022 6232
106 5838 123 5863 9

164 277 291 338 1481

1228 271 1574 332 COMMENT
1614 272 1682 332 IN
1720 272 2068 333 JOANNEM.
2110 304 2179 318 —-—
2215 277 2372 333 CAP.
2416 271 2537 333 XX.

3380 285 3517 345 1482

230 407 320 479 [οί
346 408 424 479 (1)
453 411 525 476 τῷ
546 405 689 478 τάφῳ
710 411 801 457 τοῦ
831 409 1062 476 Χριστοῦ
1086 399 1521 476 προσεδρεύοντες
1552 401 1767 473 ἄγγελοι

1948 402 1990 471 -ι-
2030 401 2239 457 Christi
2268 401 2544 474 sepulcro
2574 403 3075 476 assistuntangeli
3101 408 3177 464 ad
3213 408 3524 466 credulita-

164 499 292 570 πρὸς
316 500 576 549 πίστωσιν
604 499 885 569 παρέμενον
911 496 1001 544 καὶ
1043 487 1398 544 διδασκαλίαν
1419 498 1508 543 τοῦ
1548 490 1765 563 ἐγηγέρ-

161 600 265 651 θαι,
295 584 424 637 ἀλλὰ
452 588 523 657 μη
566 583 835 656 κεκλέφθαι
863 585 951 635 τόν
983 580 1216 654 Κύριοι]

233 680 335 729 Καὶ
371 705 442 714 -
473 672 700 739 κλαίεις;
739 673 845 743 [Μὴ
877 669 1155 743 τολμώσης
1309 668 1474 731 αὐτῆς
1502 667 1766 742 ἐρωτῆσαι

162 764 361 833 αὐτούς,
406 762 553 816 αύτοὶ
586 758 1117 833 ὸιαλέγονταιαύτῇ]

229 858 387 925 Λέγει
416 883 485 894 —
510 851 685 906 αὐτόν.
708 849 863 923 ’ῼετο
887 852 988 923 γὰρ
1011 850 1112 901 ὑπὸ
1135 856 1235 900 τῶν
1255 846 1527 919 θαψάντων
1553 866 1763 921 μετατε-

168 946 318 1002 θῆναι
342 941 518 995 αὐτόν.

229 1036 334 1085 Καὶ
380 1062 449 1071 —
501 1030 720 1085 ἑστῶτα.
773 1032 873 1082 Καὶ
919 1035 1050 1093 πῶς,
1096 1032 1254 1100 μήπω
1305 1022 1471 1099 μηδὲν
1519 1028 1764 1099 μαθοῦσα

163 1123 305 1195 παρὰ
374 1128 474 1173 τῶν
553 1117 947 1192 ἓρωτησοίντων,
1037 1112 1292 1189 αἰφνίδιον
1381 1114 1609 1190 ἐστράφη
1691 1115 1763 1177 εἰς

162 1214 224 1263 τὰ
275 1209 442 1262 ὀπίσω
473 1208 654 1277 ;Ὀτι,
702 1202 793 1260 τοῦ
837 1211 1073 1281 Χριστοῦ
1119 1206 1262 1277 ἄφνω
1317 1209 1552 1277 φανέντος
1593 1203 1762 1256 ὀπίσω

164 1300 341 1366 αὐτῆς,
376 1300 426 1350 οἰ
458 1296 689 1369 ἄγγελοι,
737 1299 822 1348 τόν
874 1300 1137 1352 Δεσπότην
1190 1293 1382 1347 ἑαυτῶν
1416 1290 1631 1359 ἰδόντες,
1679 1292 1761 1345 εύ-

168 1391 290 1450 θέως
383 1386 731 1450 ἐξανέστησαν
822 1387 1123 1458 σύντρομοι,
1200 1380 1570 1458 δουλοπρεπῶς
1645 1381 1760 1435 ἀτε-

162 1479 385 1538 νίζοντες
432 1475 500 1536 ιὶς
542 1475 713 1528 αὐτόν.
766 1473 1030 1548 Ἐστράφη
1078 1469 1165 1525 οὖν
1216 1468 1346 1525 ἰδεῖν
1400 1477 1480 1534 τίς
1519 1474 1544 1524 6
1591 1476 1763 1544 φανεὶς

166 1568 359 1628 αὐτοῖς.

235 1660 335 1710 Καὶ
366 1685 432 1696 -
462 1652 622 1708 ἐστιν.
653 1651 867 1726 [Ἐφανη
908 1651 987 1724 (3)
1022 1654 1123 1725 γὰρ
1156 1651 1287 1724 αὐτῇ
1321 1650 1369 1703 ἐν
1395 1649 1542 1726 ἑτέρᾳ
1566 1659 1759 1725 μορφῇ,

1878 493 1996 547 tem
2026 496 2439 561 permanentes
2480 509 2493 546 :
2530 497 2711 565 utque
2751 495 3071 552 surrexisse
3114 497 3415 563 docerent,
3469 504 3521 556 et

1874 593 1996 634 non
2025 579 2177 634 furto
2203 580 2505 637 sublatum
2531 598 2681 638 esse.

1946 667 2109 723 Vers.
2160 668 2240 724 13.
2273 670 2339 724 Et
2368 701 2432 710 —
2464 671 2667 741 ploras
2705 672 2733 727 ?
2762 672 2905 729 Cum
2937 674 3071 747 ipsa
3100 691 3218 731 non
3279 677 3544 734 auderet'

1873 756 2373 827 eosinterrogare,
2402 758 2484 814 illi
2509 759 2558 815 ei
2581 759 2929 833 loquuntur.

1944 847 2102 902 Vers.
2149 851 2231 903 13.
2261 848 2361 903 Ait
2391 879 2460 887 —
2486 863 2638 905 eum.
2670 850 2927 907 Putabat
2968 852 3147 924 enim,
3182 852 3259 910 ab
3297 853 3392 910 his
3420 856 3524 928 qui

1874 934 2247 1007 sepelierant,
2281 952 2413 992 eum
2443 937 2624 994 fuisse
2652 941 3100 1011 transpositam.

1942 1022 2106 1080 Vers.
2162 1025 2244 1081 14.
2292 1026 2374 1081 Et
2415 1058 2486 1066 —
2530 1034 2804 1085 stantem.
2852 1031 2919 1085 Et
2954 1031 3284 1102 quomodo,
3333 1032 3525 1104 prius-

1872 1129 2055 1186 quam
2089 1113 2275 1170 ullum
2305 1116 2631 1187 accepisset
2656 1133 3015 1190 responsum
3040 1121 3111 1175 ab
3130 1120 3223 1175 his
3255 1122 3357 1192 qui
3387 1137 3522 1177 eam

1870 1202 2393 1273 interrogaverant,
2425 1208 2659 1277 repente
2692 1221 2981 1263 conversa
3022 1214 3108 1264 est
3136 1215 3464 1265 retrorsum
3495 1210 3523 1265 ‘i

1872 1292 2020 1357 Quia
2056 1292 2252 1348 subito
2295 1298 2622 1365 apparente
2662 1295 2888 1352 Christo
2923 1302 3062 1368 post
3103 1313 3260 1366 eam,
3303 1299 3521 1369 angeli,

1870 1379 1998 1437 viso
2019 1380 2273 1437 Domino
2300 1398 2430 1449 suo,
2464 1384 2661 1439 statim
2687 1391 3067 1442 surrexerunt
3096 1402 3225 1442 cum
3249 1391 3522 1452 tremore,

1873 1484 2039 1525 more
2077 1486 2387 1526 servorum
2430 1471 2491 1527 in
2541 1488 2679 1527 eum
2729 1474 3049 1530 intuentes.
3098 1477 3393 1533 Conversa
3436 1481 3525 1533 est

1871 1575 2035 1631 ergo,
2076 1564 2141 1615 ut
2177 1560 2414 1629 videret,
2456 1561 2590 1633 quis
2621 1560 2738 1616 illis
2769 1564 3171 1634 apparuisset.

1942 1649 2104 1705 Vers.
2144 1650 2225 1705 14.
2257 1650 2337 1704 Et
2367 1680 2433 1691 —
2464 1659 2630 1707 esset.
2665 1654 2958 1724 Apparuit
2982 1656 3140 1710 enim
3165 1655 3217 1710 ei
3248 1642 3523 1728 aliaspe-

169 1751 252 1799 καὶ
277 1743 326 1797 ἓν
356 1741 688 1817 εύτελεστέρῳ
719 1748 806 1794 καὶ
840 1760 995 1813 κοινῳ
1027 1746 1292 1813 σχήματι,
1336 1741 1419 1792 ἶνα
1464 1745 1535 1813 μὴ
1578 1738 1762 1812 ἀθρόον

1892 1738 1982 1805 :ie,
2023 1743 2079 1795 et
2109 1738 2299 1795 viliori
2328 1755 2399 1796 ac
2443 1741 2845 1798 communiori
2892 1742 3123 1809 habitu,
3173 1760 3248 1801 ne
3281 1752 3524 1816 repente

168 1833 469 1906 καταπλαγῇ

238 1926 389 1994 Λέγει
425 1952 496 1964 -
533 1919 659 1995 ἀρῶ.
718 1919 846 1972 Ἀπό
897 1938 951 1972 τε
997 1922 1089 1971 τόῠ
1148 1925 1322 1971 κοινοῦ
1362 1923 1639 1990 σχήματος
1675 1922 1764 1970 καὶ

168 2020 255 2065 τοῦ
305 2007 431 2064 εἶναι
488 2008 537 2062 ἓν
605 2017 677 2080 τῷ
734 2014 888 2079 κήπῳ
944 2006 1189 2060 ὑπελαϐεν
1260 2008 1339 2059 ὅτι
1405 2009 1430 2059 6
1501 2012 1764 2080 κηπουρός

171 2102 323 2156 ἐστιν.
363 2096 503 2153 Ούδε
543 2101 645 2172 γὰρ
692 2102 788 2156 τήν
828 2102 996 2169 φωνην
1046 2097 1206 2148 αὐτοῦ
1254 2096 1548 2170 ἐγνώρισεν,
1600 2096 1763 2149 ἀσυν-

174 2193 271 2251 ήθη
313 2189 681 2262 ἒνηχηθεῖσαν.
721 2186 875 2258 ’ᾯετο
921 2182 1000 2252 δὲ,
1046 2189 1115 2248 ὡς
1162 2189 1382 2260 εἴρηται,
1422 2188 1765 2256 μετατεθῆναι

176 2284 264 2353 μεν
294 2278 433 2331 αὐτόν
466 2277 531 2338 εἰς
560 2277 727 2349 ἕτερον
775 2279 928 2327 τόπον
957 2273 1354 2347 ἀσφαλέστερον,
1388 2272 1765 2346 βασταχθῆναι

175 2365 231 2421 δὲ
260 2369 395 2443 παρὰ
423 2373 516 2419 τοῦ
558 2370 846 2437 κηπουροῦ,
880 2363 1025 2430 [Εἰπέ
1048 2383 1137 2435 μοι
1179 2362 1255 2433 (4)
1287 2359 1396 2428 οὖν,
1439 2367 1618 2436 φησὶν,
1662 2370 1764 2415 ποῦ

170 2459 354 2518 ἔθηκας
381 2455 553 2520 αὐτὸν,
585 2452 731 2525 κάγὼ
759 2452 912 2504 αὐτόν
943 2451 1071 2525 ἀρῶ,
1106 2454 1178 2513 εἰς
1207 2451 1355 2504 ἄλλον
1386 2454 1767 2511 καταθήσουσα

169 2551 319 2599 τόπον
350 2543 931 2615 ἀνεπιϐου).ευτότερον.]

234 2634 317 2704 ΓΟ
363 2638 528 2706 μόνων
576 2631 655 2703 (5)
708 2639 809 2683 τῶν
857 2630 905 2680 ἐν
961 2635 1109 2700 γενεᾷ
1155 2634 1245 2682 καὶ
1307 2631 1474 2704 φθορᾲ
1512 2626 1767 2706 δημιουρ-

164 2727 255 2796 γόν
308 2727 398 2774 καὶ
463 2725 751 2794 προνοητην
798 2719 1022 2792 νομίζων
1074 2722 1160 2771 τόν
1219 2721 1428 2792 Κύριον,
1485 2720 1629 2780 οὗτος
1694 2719 1765 2782 εἰς

166 2814 428 2885 κηπουρὸν
472 2810 859 2885 παραγνωρίζει
915 2808 1065 2860 αὐτόν
1096 2825 1107 2838 °
1156 2805 1242 2860 διὸ
1290 2814 1380 2861 καὶ
1420 2812 1593 2881 φεύγει
1649 2811 1764 2860 τού-

97 2964 115 2975 .
164 2921 255 2954 του
300 2905 387 2953 καὶ
441 2899 519 2970 (6)
569 2903 661 2957 τὴν
719 2898 852 2970 ἁφὴν
898 2899 923 2949 6
972 2902 1257 2965 Δεσπότης,
1313 2900 1376 2958 ὡς
1418 2903 1570 2970 μήπω
1642 2897 1765 2970 παρ’

166 2991 305 3062 αὐτῷ
365 2987 555 3049 ἀναϐὰς
622 2989 757 3061 πρὸς
806 2991 865 3039 τό
947 2985 1152 3059 ἀξίωμα
1218 2991 1308 3038 καὶ
1382 2992 1469 3045 τὴν
1548 2986 1768 3044 ἰσότητα

160 3086 254 3132 τοῦ
282 3083 498 3153 Πατρός.
532 3077 762 3139 Ἀνάξιοι
784 3078 887 3149 γὰρ
909 3075 1070 3127 αὐτοῦ
1092 3077 1140 3127 οἱ
1159 3078 1288 3147 μετὰ
1316 3078 1561 3138 τοιαύτης
1578 3075 1768 3135 ὑπολή-
1796 3109 1837 3165 C

163 3168 304 3239 ψιως
334 3167 470 3238 αύτῷ
499 3164 964 3242 προσερχόμενοι.]

238 3260 389 3327 Λέγει
438 3286 510 3297 —-
566 3250 887 3310 Διδάσκαλε.
952 3261 1080 3321 Νῦν,
1128 3258 1466 3314 καταστήσας
1512 3258 1606 3312 τὴν
1661 3275 1767 3326 φω-

164 3350 257 3403 νήν
288 3349 374 3396 καὶ
402 3348 496 3402 τὴν
544 3346 745 3416 μορφὴν
796 3347 889 3395 καὶ
936 3345 994 3394 τό
1050 3350 1242 3414 σχῆμα
1292 3345 1421 3416 πρὸς
1465 3346 1524 3395 τὸ
1573 3363 1767 3417 γνωρι-

168 3438 414 3503 μώτερον,
443 3427 665 3485 δέδωκεν
710 3430 840 3502 αὐτῇ
893 3432 1144 3489 αἴσθησιν
1200 3429 1389 3497 αὐτῶν,
1438 3436 1527 3483 καὶ
1578 3431 1770 3484 αὐτίκα

172 3529 353 3574 τοῦτον
416 3519 712 3593 ἆπιγνοῦσα,
786 3519 997 3578 ἐϐόησεν
1072 3521 1173 3572 ὑπό
1234 3525 1573 3596 περιχαρείας
1607 3538 1620 3550 °
1677 3527 1766 3573 Δι-

177 3607 421 3665 δάσκαλε.
479 3608 660 3681 [Ἀλλὰ
689 3608 768 3682 (7)
814 3617 923 3673 πῶς
969 3616 1260 3684 στραφεῖσα
1294 3608 1449 3682 λέγει,
1496 3614 1602 3683 εῖγε
1639 3630 1768 3685 προς

167 3699 321 3752 αὐτόν
393 3695 689 3771 διελέγετο;
743 3702 884 3750 Διότι
967 3698 1188 3751 εἰποῦσα
1242 3700 1363 3774 ὅπερ
1437 3696 1561 3770 εἷπε,
1626 3719 1769 3772 μετε-

168 3792 372 3864 στράφη
432 3792 560 3862 πρὸς
627 3791 749 3850 τοὺς
821 3786 1071 3859 ἀγγελους
1155 3784 1283 3840 ἰδεῖν
1377 3788 1422 3839 εἰ
1505 3790 1765 3861 πάρεισιν,

163 3884 193 3938 ἦ
258 3877 517 3951 ἐρωτῆσαι
562 3881 644 3938 τίς
706 3876 732 3928 6
789 3874 1046 3938 ἐκπλήξας
1096 3876 1318 3936 αύτούς·
1379 3875 1527 3936 εὐθὺς
1566 3872 1624 3928 δὲ
1680 3883 1769 3927 τοῦ

160 3973 402 4042 Χριστοῦ
476 3965 785 4027 καλέσαντος
862 3968 1045 4033 αὐτὴν,
1115 3962 1345 4038 ἐστράφη
1422 3965 1574 4018 πάλιν
1638 3968 1768 4038 πρὸς

161 4057 367 4128 αὐτόν]

138 4200 147 4205 ,
233 4151 393 4219 Λέγει
441 4176 510 4187 -
557 4149 628 4217 μή
692 4163 794 4218 μου
844 4144 1030 4196 ἅπτου.
1087 4142 1327 4218 Ὠρμησε
1378 4145 1477 4219 γὰρ
1529 4142 1771 4215 ἅψασθαι

158 4245 263 4290 τῶν
288 4231 466 4289 ποδῶν
495 4234 676 4297 αὑτοῦ,
710 4236 779 4296 ὡς
809 4233 998 4289 εἰώθει.
1028 4232 1225 4287 Κωλύει
1265 4230 1324 4287 δε
1353 4233 1515 4292 αὐτὴν
1546 4236 1774 4305 προσφέ-

157 4327 351 4400 ρεσθαι
377 4324 517 4395 αύτῷ
545 4330 637 4375 τοῦ
661 4322 864 4389 λοιποῦ,
905 4324 1079 4384 καθὼς
1114 4325 1174 4375 τὸ
1212 4327 1476 4399 πρότερον,
1515 4324 1772 4398 θειοτέρας

159 4411 273 4472 ἤδη
304 4419 399 4475 τῆς
430 4415 625 4485 σαρκός
646 4411 805 4464 αὐτοῦ
828 4415 1119 4483 γενομένης.

1873 1833 2372 1885 consternaretur.

1946 1920 2107 1973 Vers.
2144 1922 2226 1974 t5.
2270 1919 2423 1975 Dicit
2450 1950 2518 1960 --
2560 1920 2791 1978 tollam.
2851 1925 2889 1973 Α
2942 1921 3244 1977 communi
3290 1921 3518 1986 habitu,

1873 2010 1928 2062 et
1973 2006 2117 2077 quia
2160 2007 2221 2062 in
2263 2007 2435 2064 horto
2480 2015 2626 2075 erat,
2669 2009 2960 2067 arbitrata
2997 2014 3089 2067 est
3138 2010 3524 2067 hortulanum

1871 2110 2023 2150 esse.
2054 2098 2251 2169 Neque
2291 2098 2449 2153 enim
2495 2113 2702 2154 vocem
2743 2099 2870 2170 ejus
2918 2100 3183 2171 agnovit,
3239 2116 3403 2157 more
3439 2101 3526 2156 in-

1873 2188 2041 2240 sueto
2093 2185 2408 2256 prolatam.
2459 2186 2714 2244 Putabat
2761 2193 2985 2256 autem,
3038 2194 3101 2245 ut
3138 2189 3362 2245 dictum
3411 2194 3520 2254 est,

1875 2275 2305 2345 transpositum
2336 2291 2474 2331 eum
2506 2293 2631 2332 esse
2668 2277 2731 2332 in
2769 2278 3045 2334 tutiorem
3086 2278 3269 2334 alium
3299 2278 3522 2343 locum,

1873 2368 1931 2419 et
1962 2363 2040 2418 ab
2070 2363 2389 2419 hortulano
2420 2372 2819 2437 asportatum.
2856 2367 2959 2423 Dic
2984 2367 3151 2433 mihi,
3178 2367 3391 2439 inquit,
3425 2366 3529 2422 ubi

1871 2452 2138 2522 posueris
2169 2467 2318 2522 eum,
2351 2458 2405 2509 et
2435 2470 2535 2525 ego
2574 2470 2704 2511 eum
2745 2455 2965 2523 tollam,
2998 2456 3061 2511 in
3091 2456 3277 2513 alium
3307 2455 3529 2528 reposi-

1875 2548 2004 2598 tura
2035 2541 2256 2607 locum,
2289 2542 2367 2597 ab
2405 2543 2635 2599 insidiis
2684 2544 2981 2601 tutiorem.

1944 2631 1986 2700 -ἰ-
2051 2629 2160 2689 Qui
2216 2630 2641 2701 generabilium
2697 2637 2925 2687 tantum
2965 2635 3019 2687 et
3051 2631 3528 2704 corruptibilium

1875 2722 2202 2773 creatorem
2229 2734 2299 2773 ac
2331 2720 2698 2790 provisorem
2732 2724 2900 2790 putat
2929 2720 3261 2784 Dominum,
3293 2720 3390 2774 hic
3422 2736 3525 2790 pro

1873 2806 2191 2864 hortulano
2216 2823 2351 2862 eum
2375 2808 2699 2877 cognoscit.
2739 2807 2958 2863 Idcirco
2976 2808 3154 2863 etiam
3180 2808 3359 2878 hujus
3387 2823 3526 2862 con-

1876 2900 2097 2952 tactum
2146 2896 2295 2968 fugit
2341 2896 2629 2951 Dominus
2660 2896 2820 2969 quod
2863 2898 3019 2968 apud
3049 2897 3220 2951 illum
3252 2896 3522 2951 nondum

1877 2984 2212 3040 ascenderit
2243 2983 2319 3039 ad
2350 2983 2703 3052 dignitatem
2754 3000 2823 3040 ac
2870 2984 3264 3055 aequalitatem
3297 2983 3477 3039 Patris
3511 3001 3525 3040 :

1877 3072 2171 3145 siquidem
2198 3088 2268 3128 eo
2292 3071 2524 3142 indigni
2555 3078 2715 3139 sunt,
2744 3073 2843 3143 qui
2864 3090 2999 3130 cum
3031 3074 3376 3145 hujusmodi
3404 3073 3529 3146 opi-

1877 3163 2053 3218 nione
2083 3161 2157 3217 ad
2184 3178 2320 3216 eum
2349 3161 2659 3217 accedunt.

1947 3251 2110 3305 Vers.
2170 3251 2248 3304 t6.
2308 3250 2562 3305 Dz'cit—
2600 3251 2895 3321 Magister.
2974 3254 3141 3307 Nunc
3193 3251 3529 3324 composita

1875 3354 2042 3405 voce,
2094 3339 2288 3412 specie
2319 3346 2373 3395 et
2409 3338 2640 3405 habitu,
2679 3344 2740 3395 ut
2775 3339 3011 3396 facilius
3044 3346 3524 3410 cognosceretur,

1877 3428 2039 3485 dedit
2068 3429 2120 3484 ei
2150 3428 2366 3484 horum
2399 3428 2687 3496 notitiam,
2722 3429 3041 3499 statimque
3067 3428 3224 3483 illum
3258 3429 3527 3499 agnovit,

1878 3519 2142 3573 clamans
2183 3534 2303 3589 prae
2334 3516 2554 3580 laetitia,
2585 3518 2879 3588 Magister.
2912 3518 3026 3572 Sed
3052 3518 3360 3589 quomodo
3392 3533 3529 3573 con-

1882 3623 2052 3663 versa
2076 3607 2235 3671 dicit,
2271 3606 2318 3661 si
2344 3608 2471 3677 jam
2494 3623 2631 3661 eum
2660 3623 2732 3663 eo
2763 3606 3163 3679 loquebatur?
3195 3607 3363 3674 Quia,
3389 3623 3528 3662 cum

1878 3696 1939 3752 id
1979 3696 2243 3762 dixisset,
2309 3696 2474 3768 quod
2530 3695 2911 3768 loquebatur,
2966 3711 3260 3751 conversa
3308 3700 3396 3751 est
3450 3695 3529 3751 ad

1879 3784 2145 3855 angelos,
2182 3790 2243 3839 ut
2265 3785 2491 3839 videret
2517 3799 2593 3839 an
2639 3784 2935 3848 adessent,
2978 3783 3070 3839 vel
3104 3788 3164 3840 ut
3209 3784 3529 3853 interroga-

1881 3879 1965 3927 ret
1991 3874 2134 3944 quid
2170 3873 2300 3928 illos
2332 3874 2391 3928 in
2425 3878 2735 3945 stuporem
2768 3872 3117 3928 adduxisset
3150 3889 3161 3926 :
3208 3875 3529 3945 statimque

1881 3961 2109 4017 Christo
2127 3977 2261 4017 eam
2279 3966 2544 4026 vocante,
2561 3977 2769 4015 rursus
2788 3962 2865 4016 ad
2881 3961 3078 4032 ipsum
3119 3976 3407 4015 conversa
3421 3967 3526 4014 est.

1951 4139 2113 4193 Vers.
2152 4141 2234 4191 I7.
2268 4136 2425 4192 Dicit
2470 4164 2535 4175 —
2576 4135 2700 4190 noli
2728 4149 2819 4191 me
2865 4138 3117 4205 tangere.
3162 4137 3311 4190 Nam
3351 4150 3412 4188 se
3453 4134 3531 4189 ad

1885 4226 2252 4297 tangendum
2316 4225 2495 4297 pedes
2548 4225 2673 4295 ejus
2733 4224 3003 4296 aptabat,
3068 4224 3217 4278 sicut
3272 4222 3522 4279 solebat.

1882 4317 2161 4373 Prohibet
2176 4320 2373 4371 autem
2394 4330 2467 4369 ne
2488 4313 2770 4385 deinceps
2793 4313 3040 4368 accedat
3064 4311 3140 4367 ad
3168 4327 3305 4367 eum
3326 4311 3526 4374 modo,

1884 4423 2005 4481 quo
2020 4404 2493 4478 prius,cumjam
2512 4403 2769 4458 divinior
2786 4401 2945 4458 facta
2976 4402 3198 4456 sitcaro
3239 4400 3387 4471 ejus.

237 4504 402 4553 Οὔπω
453 4530 523 4543 —-
584 4520 705 4573 μου.
764 4507 930 4553 Τοῦτο
980 4497 1088 4552 εἶπε
1143 4500 1215 4552 δι’
1270 4497 1421 4554 οὐδὲν
1469 4501 1656 4572 ἕτερον,
1710 4503 1767 4561 ὡς

1956 4494 2122 4550 Vers.
2176 4496 2261 4549 17.
2311 4493 2580 4549 Nondum
2629 4522 2697 4531 -—
2747 4507 2956 4547 meum.
3009 4487 3130 4544 Hoc
3179 4489 3257 4543 ad
3302 4487 3531 4544 nullum

161 4592 189 4642 6
238 4592 621 4666 Χρυσόστομός
661 4608 821 4663 φησιν
850 4588 945 4660 (8),
974 4592 1005 4649 ἣ
1050 4592 1203 4661 μόνον
1240 4589 1326 4642 ἶνα
1354 4598 1456 4662 γνῷ
1509 4591 1589 4643 ὅτι
1631 4589 1775 4662 ὑψη-

157 4680 374 4753 λότερός
429 4680 542 4731 ἑστι
592 4684 683 4732 καὶ
740 4675 1163 4753 αἰδεσιμὼτερος.
1220 4678 1279 4731 Ὀ
1337 4682 1440 4754 γὰρ
1497 4682 1630 4753 μετὰ
1683 4687 1773 4731 τού

162 4773 415 4841 σώματος
514 4754 752 4821 σπεύδων
834 4766 1121 4820 ἀναϐαίνειν
1216 4771 1347 4842 πρὸς
1418 4772 1505 4820 τόν
1576 4772 1778 4843 Πατέρα

155 4863 257 4911 καὶ
285 4860 418 4911 Θεὸν
442 4853 705 4932 πρόδηλον
736 4858 816 4909 ὃτι
844 4860 901 4910 τό
940 4865 1032 4910 τοῦ
1085 4862 1323 4931 σώματος
1365 4856 1609 4934 ἐπίκηρον
1653 4858 1779 4911 ἁπε-

159 4946 352 5000 ϐάλετο
365 4988 380 5004 .

237 5039 345 5089 Καὶ
374 5038 480 5111 μὴν
526 5037 628 5112 πρὸ
660 5032 897 5109 βραχέος
935 5036 1067 5095 αύτη
1101 5054 1153 5088 τε
1196 5038 1285 5088 καὶ
1337 5036 1367 5094 ἡ
1423 5034 1548 5093 ἄλλη
1596 5038 1777 5108 Μαρία

1884 4584 2067 4641 alium
2098 4582 2242 4639 dixit
2270 4583 2477 4651 tinem,
2508 4586 2568 4636 ut
2589 4582 2667 4637 ait
2692 4580 3181 4652 Chrysostomus,
3212 4576 3319 4633 nisi
3353 4584 3412 4632 ut
3444 4595 3535 4633 so-

1883 4673 2008 4730 lum
2039 4671 2565 4743 intelligeretquod
2584 4669 2895 4725 sublimior
2923 4668 2997 4723 sit
3025 4666 3334 4740 magisque
3367 4683 3533 4723 vene-

1883 4764 2126 4821 randus.
2160 4764 2310 4817 Nam
2348 4760 2453 4832 qui
2505 4759 2710 4816 nititur
2739 4774 2878 4814 cum
2931 4774 3178 4831 corpore
3223 4757 3295 4813 ad
3346 4757 3533 4812 Deum

1888 4868 1955 4911 ac
1987 4854 2216 4907 Patrem
2248 4848 2591 4918 ascendere,
2617 4847 2997 4903 manifestum
3021 4852 3110 4904 est
3139 4846 3303 4920 quod
3326 4861 3536 4917 corpo-

1885 4944 1965 4999 ris
1994 4940 2366 5010 fragilitatem
2399 4938 2716 5009 abjecerat.

1959 5030 2137 5104 Atqui
2167 5028 2350 5105 paulo
2383 5033 2519 5085 ante
2559 5026 2685 5101 ipsa
2723 5030 2779 5085 et
2809 5026 2993 5084 altera
3016 5024 3197 5084 Maria
3227 5025 3538 5082 tenuerant

1404 5213 1613 5286 Variae
1648 5212 1973 5282 lectiones
2016 5220 2082 5278 et
2120 5217 2323 5277 notae.

228 5393 314 5470 (t)
353 5395 483 5470 [hac
507 5397 757 5470 uterque
788 5392 848 5453 in
875 5396 1167 5468 margine.

228 5467 316 5533 (’2)
360 5467 598 5524 Inclusa
624 5467 920 5524 desuntA.
992 5490 997 5497 η

256 5538 316 5609 3)
361 5541 550 5597 Etiam
579 5538 711 5595 haec
733 5540 953 5598 absunt
981 5542 1045 5596 A.

255 5613 320 5684 4)
363 5611 597 5668 Inclusa
625 5610 847 5668 absunt
873 5616 941 5667 A.

210 5754 273 5801 λ
290 5729 313 5739 -υ
490 5707 729 5766 Parnm»
773 5707 877 5766 Gn.
914 5708 1156 5768 CXXXI.

1961 5391 2038 5462 (5)
2080 5390 2143 5443 In
2169 5384 2441 5462 margine
2459 5384 2596 5462 haec
2625 5382 2809 5441 habet
2835 5383 3020 5441 codex
3056 5387 3321 5455 uterque.

1959 5457 2036 5531 (6)
2080 5464 2183 5531 Καὶ,
2210 5458 2427 5531 omittit
2457 5457 2514 5510 Β.

1957 5528 2035 5604 (7)
2070 5528 2543 5604 Inclusaabsunt
2560 5534 2635 5604 ra.

1960 5600 2040 5672 (8)
2078 5604 2221 5660 Tom
2254 5600 2395 5666 VIII,
2420 5614 2480 5673 p.
2512 5600 2634 5655 515.

3154 5691 3219 5753 4ἳ
