4022 6232
548 100 569 153 ’1
582 99 686 154 479

1862 84 2211 146 EU'I‘HYMII
2252 86 2583 147 ZIGABENI

3776 98 3897 155 “80

547 240 651 297 per
676 223 731 279 id
747 221 905 295 quod
920 220 1173 276 habetur
1192 235 1203 272 :
1225 217 1936 288 Admiransquodfactum
1970 224 2098 274 erat
2123 219 2171 252 ⁹²

2309 218 2458 269 θέντα
2519 217 2589 280 εἰς
2623 222 2680 271 τό
2712 235 2724 249 ⁸
2757 220 3060 292 Θαυμάζων
3106 224 3162 273 τό
3203 225 3429 293 γεγονὸς,
3460 225 3593 277 πάνυ
3647 224 3899 296 ἀναγκαῖα

544 314 621 369 ad
649 314 806 368 hunc
846 311 1045 366 locum
1078 310 1337 363 maxime
1378 308 1799 363 necessariam.

614 405 771 456 Vers.
797 406 851 455 6.
896 399 969 453 Et
1000 429 1069 438 —-
1088 398 1251 452 Vers.
1276 403 1327 451 '7.
1352 399 1564 452 locum.
1593 397 1855 464 Quorum
1874 400 2194 467 utrumque

543 492 785 560 signum
814 490 988 543 etiam
1015 493 1141 542 erat
1168 486 1464 541 infallibile
1481 486 1952 541 resurrectionis.
1994 488 2193 557 Neque

540 582 723 645 enim,
769 579 816 633 si
851 578 987 649 quis
1030 593 1165 631 eum
1196 577 1682 647 transposuisset,
1728 582 1884 631 certe
1916 576 2190 629 denudas

540 674 627 724 set
669 685 680 722 :
718 683 909 739 neque
942 668 988 721 si
1022 666 1249 721 futurus
1274 672 1441 730 esset,
1466 682 1665 720 curam
1704 665 2010 721 habuisset
2050 669 2112 719 ut
2137 668 2193 719 et

541 757 853 813 sudarium
905 756 1240 819 involveret,
1282 761 1603 825 oneretque
1640 754 1698 808 in
1754 770 1941 808 unum
1972 753 2188 817 locum,

540 846 660 901 sive
692 847 749 901 in
782 843 1576 901 alternumalinteaminibus
1592 848 1953 915 separatum,
1974 842 2077 896 sed
2110 843 2190 896 ita

538 944 599 991 ut
629 936 809 990 situm
836 939 960 989 erat
992 950 1232 1004 corpus,
1269 940 1370 988 aut
1399 933 1882 1004 transposuisset,
1918 930 2190 987 autt'ura-

537 1030 630 1081 tus
661 1025 868 1079 fuisset
900 1040 911 1078 ξ
948 1023 1164 1077 veritus
1192 1023 1307 1093 (ὁὸ)
1341 1022 1710 1093 superﬂuum
1742 1028 1977 1092 tempus
2011 1022 2069 1075 in
2092 1036 2189 1076 ne-

536 1113 693 1183 gotio
727 1127 1100 1179 consumere,
1124 1127 1197 1165 ne
1231 1128 1353 1182 quo
1377 1112 1559 1165 modo
1587 1112 1644 1165 in
1680 1110 1833 1165 furto
1861 1110 2190 1182 deprehen-

533 1203 787 1269 deretur,
814 1207 1263 1272 extremumque
1295 1201 1479 1255 lueret
1520 1200 1899 1271 supplicium.

605 1296 883 1347 Praeterea
923 1292 1122 1355 etiam,
1166 1308 1300 1345 cum
1334 1290 1580 1361 myrrha
1610 1307 1745 1345 cum
1780 1307 1901 1361 qua
1923 1290 2187 1362 sepultus

534 1388 658 1439 erat
685 1382 945 1436 maxime
973 1386 1126 1435 esset
1157 1381 1207 1434 ei
1247 1379 1635 1449 agglutinata,
1678 1385 1733 1434 et
1764 1380 2077 1435 sindonem
2108 1385 2186 1435 te-

532 1471 846 1527 nacissime
878 1471 927 1525 ei
960 1470 1243 1524 adherere
1286 1470 1521 1533 faceret,
1556 1469 1658 1533 sic,
1695 1475 1756 1524 ut
1791 1470 1916 1538 jam
1949 1468 2181 1533 coalita,

532 1560 695 1615 nullo
712 1560 892 1614 modo
924 1558 1341 1631 possetavelli;
1379 1565 1689 1630 propterea
1722 1558 1847 1611 haec
1872 1558 2115 1612 seorsim
2150 1573 2185 1611 a
2223 1562 2263 1616 Β
2299 1579 2449 1619 am;-

534 1663 595 1702 se
617 1648 870 1702 invicem
902 1648 1089 1718 posita
1129 1651 1314 1710 erant,
1377 1654 1431 1701 et
1495 1647 1806 1701 sudarium
1852 1645 2183 1701 involutum

532 1742 655 1791 erat
677 1742 740 1790 ut
775 1738 1133 1791 disceremus
1164 1736 1327 1807 quod
1360 1752 1495 1790 cum
1529 1736 1871 1790 auctoritate
1903 1735 2184 1806 omnique

532 1825 844 1880 securitate
873 1831 1225 1879 surrexerat.
1272 1825 1585 1880 Sudarium
1618 1830 1815 1877 autem
1847 1828 1967 1878 erat
1998 1838 2185 1894 parva

532 1915 810 1985 quaedam
845 1914 1111 1981 fasciola,
1141 1913 1303 1986 quali
1362 1915 1539 1969 etiam
1597 1912 1774 1967 facies
1832 1912 2047 1979 Lazari,
2079 1912 2182 1984 qui

533 2002 725 2059 fuerat
750 2010 1037 2072 mortuus,
1065 2010 1190 2059 erat
1236 2004 1538 2058 obvincta.

604 2092 765 2148 Vers.
799 2095 851 2148 8.
894 2096 1056 2149 Tunc
1078 2123 1145 2134 —
1170 2096 1627 2147 monumentum.
1654 2093 1905 2147 Vocatus
1933 2107 1965 2145 a
1988 2090 2178 2146 Petro.

602 2271 765 2326 Vers.
795 2274 845 2326 8.
874 2271 953 2324 Et
982 2270 1327 2326 —credidit.
1365 2272 1506 2326 Cum
1531 2270 1975 2326 resurrectionis
2006 2270 2181 2340 signa

528 2359 769 2415 vidisset
796 2359 1149 2415 indubitata.

598 2452 756 2504 Vers.
785 2452 838 2504 9.
890 2450 1163 2505 Nondum
1203 2481 1267 2488 —
1325 2464 1637 2520 resurgere.
1682 2450 1935 2505 Causam
1990 2448 2182 2504 reddit

528 2554 632 2593 cur
655 2539 817 2610 prius
843 2555 964 2594 non
1002 2538 1373 2594 crediderent
1403 2538 1773 2604 mulieribus,
1816 2554 1950 2610 quas
1981 2538 2065 2592 eis
2095 2554 2181 2591 re-

527 2628 946 2683 surrectionem
981 2628 1497 2693 annuntiaverant,
1538 2627 1639 2681 sed
1669 2628 1796 2683 visa
1820 2633 1955 2681 sunt
1976 2643 2177 2682 coram

525 2717 670 2789 ipsis
694 2722 974 2789 tanquam
1004 2718 1461 2773 deliramentum
1489 2717 1667 2772 verba
1694 2733 1897 2772 earum
1932 2718 2040 2785 9";
2076 2716 2179 2771 sed

526 2822 720 2878 neque
751 2806 991 2861 duobus
1024 2823 1091 2862 ex
1126 2806 1208 2861 eis
1240 2808 1339 2877 qui
1373 2806 1639 2862 abierant
1672 2823 1769 2861 rus
1797 2808 1866 2870 9³,
1923 2812 1978 2862 et
2016 2805 2175 2871 dicit,

2303 312 2424 358 ὄντα
2462 313 2589 381 πρός
2621 312 2685 360 τὰ
2725 309 3001 382 παρόντα]

2377 402 2475 449 Καὶ
2526 430 2592 437 -
2648 404 2821 451 τόπον.
2882 398 2943 451 Ἀ
3002 405 3090 451 καὶ
3148 402 3303 473 ἄμφω
3359 410 3550 475 σημεῖα
3624 402 3768 463 ἦσαν
3824 418 3895 466 τῆς

2304 485 2635 549 ἀναστάσεως
2668 486 3020 562 ἀναντίῤῥητα
3051 528 3063 540 .
3109 493 3243 541 Οὔτε
3293 494 3419 565 γὰρ,
3472 492 3513 544 εἰ
3542 496 3800 564 μετέθηκέ
3838 517 3894 555 τις

2303 576 2475 641 αὐτόν,
2511 575 2802 648 ἐγύμνωσεν
2836 577 2913 641 ἂν,
2974 580 3089 629 οὔτε
3134 579 3176 630 εἰ
3225 578 3452 651 ἔκλεψεν,
3486 580 3789 653 ἐφρόντισεν
3832 585 3893 647 in,

2303 668 2434 717 ὥστε
2464 671 2551 718 καὶ
2600 670 2657 719 τό
2694 663 2979 740 σουδάριον
3030 666 3277 739 ἐπιμελῶς
3306 667 3562 732 ἑντυλίξαι
3607 678 3705 723 καὶ
3750 675 3891 726 θεῖναι

2302 755 2373 816 εἰς
2430 758 2514 807 ἕνα
2565 760 2741 819 τόπον,
2773 760 2934 827 ἤγουν
2984 762 3051 817 εἰς
3094 759 3259 819 ἕτερον
3315 762 3457 833 παρὰ
3506 764 3592 811 τόν
3638 770 3748 812 τῶν
3790 762 3892 814 ὀθο-

2299 850 2416 895 νίων
2450 865 2461 876 ·
2513 845 2621 896 ἀλλ’
2675 846 2849 909 οὕτως,
2897 847 2963 906 ὡς
3013 846 3145 916 εἶχε,
3178 851 3236 898 τὸ
3298 856 3447 919 σῶμα
3485 852 3775 921 μετέθηκεν
3824 853 3888 920 ἂν,

2301 934 2329 991 ἦ
2387 934 2535 1004 Exin):
2545 954 2582 998 ε,

2298 1030 2517 1097 πρᾶγμα
2546 1028 2803 1097 περιττόν,
2838 1029 3038 1096 μήποτε
3080 1026 3383 1098 κατάφωρος
3428 1046 3645 1098 γενηται
3689 1035 3785 1081 καὶ
3813 1038 3887 1087 τὴν

2300 1112 2536 1183 ἐσχάτην
2568 1113 2723 1186 ὑφέξῃ
2756 1110 2910 1171 δίκην
2925 1158 2937 1169 .

2665 931 2854 995 δεδιὼς
2910 943 3158 987 τοσοῦτον
3243 934 3504 989 ἀναλῶσαι
3574 944 3769 1013 καιρὸν
3836 944 3888 1001 εις

2368 1291 2565 1352 Ἄλλως
2629 1312 2683 1345 τε
2735 1296 2823 1345 καὶ
2878 1302 2973 1355 τῆς
3034 1296 3265 1368 σμύρνης
3332 1291 3771 1357 κολλωδεστάτης
3822 1304 3886 1349 οὔ·

2301 1400 2418 1445 σης,
2475 1381 2584 1453 μεθ’
2639 1383 2701 1443 ἧς
2732 1379 2793 1439 ἧν
2854 1380 3336 1454 ἀντεταφιασμένος,
3376 1388 3466 1435 καὶ
3524 1389 3625 1442 τὴν
3691 1383 3884 1438 σινδόνα

2299 1471 2707 1545 προσκολλώσης
2760 1471 2900 1540 αὐτῷ
2970 1470 3083 1522 λίαν
3144 1480 3391 1543 συμφυῶς
3453 1479 3543 1525 καὶ
3598 1473 3885 1527 ἁναποσπάο

2508 1558 2600 1611 διά
2639 1568 2791 1612 τοῦτο
2821 1557 2944 1631 γοῦν
2997 1568 3162 1612 ταῦτα
3208 1566 3372 1634 χωρὶς
3404 1560 3640 1619 ἀλλήλων
3690 1569 3877 1629 ἔκειντο,

2294 1656 2383 1701 καὶ
2439 1654 2497 1701 τό
2554 1647 2840 1722 σουδάριον
2889 1651 3001 1721 (94)
3061 1649 3363 1713 infula-:0,
3414 1654 3500 1701 ’ἱνα
3531 1656 3773 1725 μάθωμεν
3814 1658 3879 1706 ὁτι

2294 1738 2407 1789 κατ’
2461 1738 2701 1800 ἐξουσίαν
2760 1738 2946 1797 ἀνέστη
2996 1744 3085 1790 καὶ
3135 1745 3308 1790 πᾶσαν
3356 1737 3566 1791 ἄδειαν.
3600 1746 3668 1793 Τό
3703 1741 3869 1795 σουδάο

2290 1845 2402 1899 ριον
2459 1824 2517 1879 δὲ
2570 1824 2629 1885 ἦν
2681 1828 2941 1899 φακιόλιόν
2972 1848 3023 1879 τι
3048 1832 3251 1901 μικρὸν,
3297 1832 3387 1899 οἵω
3428 1834 3520 1881 καὶ
3560 1833 3586 1882 ὁ
3644 1834 3870 1893 τεθνηκὼς

2294 1918 2537 1988 Λάζαρος
2563 1922 2650 1974 τὴν
2683 1916 2799 1987 ὄψιν
2832 1913 3180 1991 περιεδέδετο.

2360 2099 2485 2147 Τότε

2292 2183 2535 2257 Πέτρου.]

2362 2274 2471 2326 Καὶ
2502 2305 2562 2313 -
2597 2272 2888 2329 ἐπίστευσε.
2924 2276 3255 2347 Θεασάμενός
3288 2283 3466 2347 σημεῖα
3513 2284 3601 2334 τῆς
3646 2274 3866 2327 ἀναστά-

2574 2126 2642 2137 -
2718 2102 2985 2168 μνημεῖον.
3058 2094 3303 2168 [κληθεὶς
3377 2097 3490 2169 (95)
3577 2102 3703 2173 παρὰ
3772 2105 3847 2149 τοῦ

2295 2382 2423 2425 σεως
2459 2362 2799 2436 ἀναμφίϐολα.

2365 2449 2588 2505 Οὐδέπω
2623 2485 2687 2493 —
2718 2452 3027 2513 ἀναστῆναι,
3080 2485 3144 2493 —
3198 2451 3575 2525 [Ἀπολογεῖται
3600 2454 3726 2523 (96),
3756 2462 3868 2513 πως

2292 2543 2383 2594 οὐκ
2432 2541 2745 2595 ἐπίστευσαν
2800 2548 3045 2618 πρότερον
3114 2550 3228 2604 ταῖς
3294 2544 3555 2615 γυναιξὶν,
3624 2543 3874 2613 vir/7:11-

2293 2637 2539 2704 σαμέναις
2610 2632 2788 2694 αὐτοῖς
2856 2637 2949 2690 τὴν
3027 2631 3314 2684 ἀνάστασιν
3383 2655 3395 2666 ·
3470 2632 3581 2684 ἀλλ’
3630 2633 3877 2705 ἐφάνησαν

2290 2719 2499 2771 ἐνώπιον
2549 2720 2716 2772 αὐτῶν
2772 2724 2893 2772 ὡσεὶ
2943 2720 3097 2793 λῆρος
3146 2724 3209 2771 τά
3251 2723 3467 2795 ῥήματα
3516 2723 3678 2772 αὐτῶν
3719 2736 3733 2749 ·
3780 2720 3879 2771 ἐι).ὶ’

3623 2811 3647 2843 r

2290 2806 2411 2861 οὐδὲ
2464 2818 2567 2869 τοῖς
2634 2814 2992 2882 πορευομένοις
3044 2812 3113 2869 εἰς
3172 2809 3329 2884 ἀγρόν
3384 2806 3543 2862 δυσὶν
3596 2810 3647 2871 ἐξ
3699 2810 3879 2871 αὐτῶν,

523 2897 687 2967 quod
728 2898 995 2951 nondum
1062 2896 1465 2966 intelligebant
1498 2897 1880 2968 Scripturam,
1928 2896 1999 2950 de
2050 2897 2178 2966 ejus

2309 2903 2390 2951 (ai
2451 2917 2608 2970 φησιν
2658 2897 2760 2971 ὅτι]
2795 2902 2937 2950 οὔπω
2990 2898 3157 2950 ἐνόουν
3206 2904 3300 2957 τὴν
3362 2904 3592 2971 Γραφήν,
3634 2906 3718 2956 τήν
3772 2906 3880 2971 περὶ

522 2986 948 3040 resurrectione
969 2986 1281 3040 docentem
1317 2985 1481 3039 :haac
1509 2992 1703 3040 autem
1740 2985 2043 3056 multiplex
2070 2990 2176 3053 est,

518 3073 577 3127 in
602 3073 849 3129 diversis
880 3075 1125 3146 psalmis
1160 3074 1452 3130 Davidicis
1493 3075 1986 3147 sermonibusque
2046 3089 2178 3145 pro-

520 3162 771 3233 pheticis
805 3180 1031 3235 sparsa.

594 3254 749 3308 Vers.
792 3258 872 3309 tO.
898 3254 1164 3310 Abierant
1192 3286 1255 3294 —
1285 3253 1579 3324 discipuli.
1605 3253 1693 3309 Ad
1712 3270 1891 3310 suum
1917 3253 2175 3309 diverso-

516 3342 695 3399 rium.

590 3433 749 3487 Vers.
812 3434 896 3488 11.
958 3434 1157 3489 Maria
1201 3464 1269 3473 —
1317 3434 1491 3502 foris.
1553 3434 1801 3487 Venerat
1841 3432 1999 3487 enim
2041 3435 2175 3503 post

522 3522 759 3576 Petrum
774 3527 829 3575 et
857 3524 1323 3585 Joannem,cum
1356 3538 1473 3576 non
1509 3522 1796 3593 potuisset
1827 3520 2004 3575 simul
2034 3537 2171 3574 cum

519 3608 603 3663 eis
634 3624 889 3669 currere,
924 3613 977 3663 et
1004 3624 1112 3663 nec
1158 3609 1589 3663 revertentibus
1640 3610 1881 3673 occurit,
1916 3614 1978 3663 ut
2010 3610 2170 3680 quip-

519 3696 670 3767 piam
702 3696 932 3750 ﬁrmius
972 3697 1149 3751 etiam
1172 3696 1301 3767 ipsa
1332 3697 1601 3754 disceret.

588 3786 746 3841 Vers.
788 3790 870 3843 tt.
903 3787 1059 3840 Dum
1092 3818 1156 3825 —
1184 3787 1344 3841 Vers.
1388 3787 1467 3839 12.
1502 3787 1669 3841 albis.
1726 3786 1920 3842 l’alliis
1970 3786 2173 3843 videli-

516 3879 605 3931 cet
636 3892 648 3930 :
680 3875 739 3931 hi
774 3882 972 3931 autem
1023 3880 1208 3942 erant,
1242 3876 1343 3948 qui
1373 3876 1553 3931 etiam
1585 3877 1748 3948 prius
1806 3878 1855 3930 ei
1884 3893 2172 3949 apparue-

518 3970 665 4029 rant,
696 3970 751 4020 et
782 3966 851 4020 iis
895 3982 1030 4037 quae
1061 3981 1198 4020 cum
1240 3982 1310 4020 ea
1369 3972 1555 4020 erant.
1601 3966 1916 4031 Quomodo
1946 3982 2087 4035 ergo
2110 3966 2171 4021 hi

513 4070 635 4111 non
662 4061 1071 4126 apparuerunt
1110 4055 1277 4109 Petro
1309 4059 1365 4109 et
1394 4054 1608 4109 Joanni
1639 4057 1665 4109 ?
1719 4054 1869 4121 Quia
1910 4054 2170 4110 futurum

512 4147 657 4208 erat,
684 4150 743 4199 ut
762 4144 871 4198 illis
894 4150 1178 4215 tanquam
1201 4143 1685 4215 prudentioribus
1710 4144 1829 4199 adﬁ
1852 4143 1987 4199 dem
2012 4143 2171 4199 sufﬁ-

514 4238 714 4288 cerent
751 4249 818 4287 ea
848 4249 983 4304 quae
1022 4232 1311 4287 viderant.

584 4324 741 4377 Vers.
820 4324 901 4376 12.
963 4320 1227 4377 Sedenles
1270 4352 1338 4360 —
1382 4322 1548 4377 Jesu.
1592 4320 1885 4377 Sedebant
1924 4322 2169 4394 quidem

512 4417 753 4483 propter
800 4428 934 4467 eam
980 4427 993 4477 ;
1053 4410 1348 4482 splendidi
1418 4426 1555 4465 vero
1614 4411 1885 4466 alacriter
1935 4417 2170 4484 propter

511 4501 825 4570 gaudium.

583 4689 630 4725 θ’
658 4688 797 4745 Luc.
824 4705 977 4755 xnv,
1016 4694 1096 4746 12.
1214 4688 1285 4725 ⁹¹¹
1315 4688 1459 4745 ibid.
1494 4690 1580 4745 11.

1696 4692 1741 4725 οδ
1769 4688 1911 4746 ibid.
1963 4694 2019 4746 13
2051 4706 2224 4765 seqq.

2288 2997 2379 3049 τῆς
2432 2986 2759 3047 ἀναστάσεως
2815 2988 2973 3040 αὑτοῦ
3033 2985 3401 3041 διδάσκουσαν
3464 3009 3477 3020 ο
3536 2986 3782 3060 διάφορος
3828 2985 3881 3040 δὲ

2289 3079 2439 3139 αὕτη,
2496 3076 2543 3128 ἓν
2594 3074 2864 3151 διαφόροις
2921 3077 3145 3150 ψαλμοῖς
3213 3085 3509 3139 Δαυῑτικοῐς
3558 3084 3649 3130 καὶ
3712 3078 3881 3148 λόγοις

2287 3174 2627 3242 προφητικοῖς
2653 3172 3049 3239 κατεσπαρμένη
3066 3213 3077 3224 ,

2359 3255 2615 3313 Ἀπῆλθον
2695 3289 2763 3300 --
2828 3258 3081 3329 μαθηταί,
3157 3259 3289 3322 Πρός
3365 3259 3427 3313 τὴ
3521 3256 3720 3307 ἑαυτῶν
3801 3277 3885 3306 xz-

2284 3351 2523 3416 ταγωγήν
2538 3387 2548 3399 .

2358 3435 2541 3507 Μαρία
2598 3466 2663 3474 -
2716 3434 2828 3506 ἔξω.
2898 3435 3178 3507 ’Υστέρησε
3234 3438 3337 3507 γὰρ
3390 3443 3480 3487 τοῦ
3554 3440 3748 3508 Πέτρου
3802 3440 3879 3486 καὶ

2283 3525 2541 3587 Ἰωάννου,
2620 3530 2690 3595 μὴ
2782 3521 3069 3581 δυνηθεῖσα
3174 3528 3476 3597 συντρέχειν
3542 3525 3710 3582 αὐτοῖς
3793 3530 3884 3575 καὶ

2282 3610 2406 3666 οὐδὲ
2438 3614 2550 3684 (97)
2574 3618 2928 3686 στρεφομένοις
2957 3619 3246 3671 συνήντησε
3276 3617 3486 3677 τούτοῐς,
3513 3615 3590 3663 ἵνα
3610 3617 3689 3663 καὶ
3717 3615 3874 3683 μάθῃ

2284 3724 2335 3755 τι
2364 3701 2712 3776 βεϐαιότερον.

2352 3792 2437 3851 Ὠς
2495 3823 2562 3831 —
2613 3792 2832 3852 λευκοῖς.
2869 3791 3253 3865 Περιϐᾙξμασι,
3304 3789 3555 3849 δηλονότι.
3605 3790 3777 3842 Οὗτοι
3829 3787 3888 3843 δέ

2283 3877 2417 3938 ἦσαν
2446 3884 2492 3932 οἱ
2525 3885 2613 3932 καὶ
2643 3886 2884 3955 πρότερον
2919 3882 3028 3952 (98)
3074 3881 3304 3951 ὀφθέντες
3333 3881 3464 3953 αὐτῇ
3522 3898 3575 3931 τε
3621 3884 3712 3931 καὶ
3774 3888 3888 3937 ταῖς

2284 3970 2376 4021 συν
2409 3974 2557 4041 αὐτῇ.
2607 3971 2709 4023 Καὶ
2753 3979 2856 4029 πῶς
2913 3970 3006 4021 οὐχ
3066 3970 3326 4042 ἐφάνησαν
3381 3969 3525 4021 οὗτοι
3578 3977 3649 4039 τῷ
3704 3973 3883 4041 Πέτρῳ

2281 4064 2370 4110 καὶ
2445 4058 2708 4131 Ἰωάννῃς
2768 4058 2887 4110 "Ott
2936 4058 3145 4120 ἐκείνοις
3226 4059 3427 4130 ἔμελλον
3514 4058 3688 4131 ἀρκεῖν
3764 4064 3893 4131 πρὸς

2280 4152 2461 4199 πίστιν
2493 4146 2526 4197 ἆ
2555 4149 2849 4215 ἐθεάσαντο,
2896 4153 3253 4221 συνετωτέροις
3287 4147 3425 4201 οὖσι.

2356 4324 2741 4396 Καθεζομένους
2784 4356 2847 4364 -
2900 4324 3097 4382 Ἰησοῦ.
3134 4324 3416 4380 Ἐκάθηντο
3442 4326 3534 4396 μεν
3568 4320 3645 4376 δι’
3676 4324 3849 4383 αὐτὴν
3883 4341 3892 4351 ·

2281 4410 2495 4489 φαιδροὶ
2525 4410 2582 4466 δὲ
2613 4416 2728 4485 (99)
2762 4410 3011 4489 φαιδρῶς,
3042 4409 3135 4465 διὰ
3165 4418 3256 4472 τὴν
3287 4416 3485 4488 χαράν.

1752 4896 1969 4964 Variae
2016 4894 2345 4964 lectiones
2374 4906 2438 4964 et
2462 4903 2665 4965 nota.

582 5094 694 5169 (94)
737 5092 1055 5147 Ἐνετύλικτο
1086 5093 1149 5169 B_.
1204 5092 1476 5169 Fortasse
1517 5106 1659 5162 ergo
1707 5092 2023 5161 legendum
2074 5090 2171 5145 ἐνε-

509 5166 739 5231 τύλικτο,
776 5172 838 5221 ut
868 5180 1005 5237 pag.
1036 5166 1157 5229 627,
1191 5181 1343 5219 vers.
1375 5167 1464 5219 24.

584 5243 694 5317 (95)
732 5238 965 5317 l_n_clusz_1
991 5237 1208 5317 absunt
1243 5239 1309 5317 Α.

583 5308 697 5385 (96)
732 5313 909 5366 Etiam
938 5310 1064 5365 hanc
1094 5308 1334 5364 absunt.

2354 5094 2465 5165 (97)
2524 5093 2692 5149 Forte
2769 5090 3249 5167 ἀναστρεφομένοις,
3333 5096 3437 5150 aut
3493 5094 3897 5175 ὑποστριφομε.

2280 5184 2466 5305 νωἶόδ)
2499 5240 2698 5310 Πέτρῳ,
2726 5251 2835 5310 prs
2864 5240 3126 5310 πράτερον·
3160 5241 3218 5289 Α·
3244 5235 3415 5293 Μ⁸¹⁸’

2354 5311 2465 5379 (99)
2495 5306 2663 5364 Forte
2696 5306 2937 5382 6706965;
2960 5306 3100 5379 legit
3129 5310 3460 5365 llentenius.

578 5492 691 5570 (οὺ)
746 5490 993 5554 Veritus,
1028 5492 1138 5545 etc.
1171 5485 1403 5543 Veritus
1429 5491 1660 5543 tantum
1694 5487 1982 5560 temporis
2011 5484 2357 5560 impendere
2388 5486 2628 5560 negotio
2654 5486 2975 5561 superﬂuo,
3004 5502 3176 5544 vano.
