4022 6232
171 272 309 332 4481

1249 270 1596 331 COMMENT
1635 270 1703 331 IN
1741 270 2089 334 JOANNEM.
2131 308 2199 319 —-
2237 279 2393 335 CAP.
2437 274 2558 336 XX.

3399 290 3537 351 4482

240 402 338 474 [οἰ
365 402 444 474 (l)
474 408 546 472 τῷ
567 402 709 473 τάφῳ
730 407 821 454 τοῦ
853 407 1083 473 Χριστοῦ
1106 397 1542 474 προσεδρεύοντες
1573 401 1780 473 ἄγγελοι

1969 404 2011 472 -ι-
2050 402 2258 459 Christi
2289 404 2563 476 sepulcro
2595 407 3096 480 assistuntangeli
3120 412 3198 469 ad
3233 414 3544 472 credulita-

170 494 309 565 πρὸς
334 495 596 544 πίστωσιν
625 495 905 565 παρέμενον
931 494 1021 541 καὶ
1063 486 1419 542 διδασκαλίαν
1440 498 1529 543 τοῦ
1569 489 1785 564 ἐγηγέρ-

166 594 279 646 θαι,
310 579 443 633 ἀλλὰ
472 584 544 653 μὴ
587 579 855 653 καλέφθαι
883 583 972 632 τόν
1004 578 1236 651 Κύριον]

244 675 353 724 Καὶ
390 701 461 709 -
493 668 720 736 κλαίεις;
758 669 865 740 [Μὴ
897 666 1175 740 τολμώσης
1329 668 1495 730 αὐτῆς
1522 667 1786 742 ἐρωτῆσαι

166 759 380 829 αὐτοὺς,
425 758 574 812 αὐτοὶ
606 756 932 830 διαλέγονται
951 755 1137 829 αῦτῇ.]

241 853 405 921 Λέγει
435 878 504 890 -
530 847 704 902 αὐτὸν.
728 846 882 919 ’ᾯετο
906 848 1007 921 γάρ
1030 847 1131 898 ὑπὸ
1155 854 1254 898 τῶν
1274 845 1546 917 θαψάντων
1572 866 1783 919 μετατε-

174 940 233 997 95
241 958 334 991 ναι
359 937 536 990 αὐτόν.

242 1032 351 1081 Καὶ
398 1057 469 1066 -—-
519 1026 739 1081 ἑστῶτα.
791 1029 892 1078 Καὶ
938 1030 1068 1089 πῶς,
1115 1030 1273 1097 μήπω
1323 1021 1489 1097 μηδὲν
1537 1027 1782 1097 μαθοῦσα

169 1118 319 1190 παρά
391 1124 493 1168 τῶν
572 1113 965 1189 ἔρωτησάντων,
1056 1110 1310 1185 αἰφνίδιον
1399 1112 1628 1189 ἐστράφη
1708 1115 1782 1176 εἰς

168 1209 237 1258 τὰ
287 1204 460 1258 ὀπίσω
490 1204 673 1274 ;”Οτι,
721 1198 811 1256 τοῦ
856 1209 1091 1278 Χριστοῦ
1138 1203 1280 1275 ἄφνω
1335 1208 1570 1276 φανέντος
1612 1202 1780 1255 ὀπίσω

171 1295 358 1362 αὐτῆς,
393 1296 444 1346 οἰ
476 1293 707 1365 ἄγγελοι,
754 1295 840 1344 τόν
892 1297 1155 1349 Δεσπότην
1209 1291 1399 1344 ἑαυτῶν
1433 1289 1649 1359 ἰδόντες,
1697 1291 1780 1344 εῦ-

175 1386 303 1445 θέως
400 1381 644 1445 ἐξανέστη
654 1402 749 1435 σαν

169 1474 402 1533 νίζοντες
449 1471 517 1533 εἰς
561 1471 731 1525 αὐτόν.
784 1469 1047 1545 Ἐστράφη
1096 1467 1183 1522 οὖν
1234 1466 1363 1524 ἰδεῖν
1417 1476 1498 1533 τίς
1536 1473 1561 1523 6
1608 1476 1780 1543 φανεὶς

840 1384 1141 1455 σύντρομοι,
1218 1377 1588 1457 δουλοπρεπῶς
1662 1380 1778 1434 ἀτεο

173 1582 374 1624 αυτοις.

246 1656 350 1705 Καὶ
382 1680 449 1692 --
480 1648 639 1704 ἐστιν.
670 1648 883 1722 [Ἐφάνη
1039 1651 1140 1723 γὰρ
1173 1648 1303 1722 αὐτῇ
1338 1648 1386 1701 ἐν
1412 1648 1559 1724 ἑτέρᾳ
1583 1658 1776 1725 μορφῇ,

1898 494 2016 547 tem
2049 498 2459 562 permanentes
2500 512 2513 549 :
2552 501 2731 568 utque
2771 499 3091 556 surrexisse
3134 502 3434 568 docerent,
3489 510 3541 562 et

1895 594 2018 634 non
2044 580 2197 636 furto
2223 582 2524 638 sublatum
2551 600 2701 640 esse.

1966 668 2129 724 Vers.
2178 670 2260 725 13.
2292 673 2359 725 Et
2388 703 2451 712 —
2483 674 2686 743 ploras
2725 676 2751 731 ?
2781 675 2924 732 Cum
2956 678 3090 751 ipsa
3118 695 3238 736 non
3298 682 3564 740 auderet‘

1893 756 2392 830 eosinterrogare,
2423 760 2504 817 illi
2529 762 2577 817 ei
2600 762 2947 836 loquuntur.

1964 847 2122 902 Vers.
2169 851 2250 904 13.
2280 849 2379 904 Ait
2411 881 2479 889 —
2504 866 2656 908 eum.
2690 853 2945 912 Putabat
2987 856 3165 928 enim,
3201 857 3277 915 ab
3315 858 3411 916 his
3438 861 3543 933 qui

1893 934 2267 1007 sepelierant,
2300 954 2430 994 eum
2461 939 2642 997 fuisse
2671 945 3119 1015 transpositum.

1961 1022 2125 1080 Vers.
2181 1026 2264 1081 14.
2313 1028 2393 1083 Et
2434 1060 2504 1068 —-
2549 1037 2823 1088 stantem.
2871 1035 2937 1087 Et
2972 1035 3302 1105 quomodo,
3352 1037 3543 1108 prius-

1890 1129 2075 1186 quam
2107 1114 2294 1171 ullum
2325 1118 2650 1189 accepisset
2674 1136 3033 1193 responsum
3058 1125 3129 1179 ab
3149 1124 3240 1179 his
3273 1127 3375 1197 qui
3404 1142 3540 1182 eam

1889 1202 2411 1274 interrogaveram,
2444 1211 2679 1279 repente
2710 1224 2999 1266 conversa
3040 1218 3126 1267 est
3155 1219 3482 1270 retrorsum
3512 1216 3541 1270 ?

1889 1291 2037 1358 Quia
2075 1292 2271 1349 subito
2314 1301 2640 1367 apparente
2679 1298 2905 1355 Christo
2941 1305 3080 1371 post
3121 1316 3278 1371 eam,
3320 1304 3538 1373 angeli,

1887 1380 2016 1437 viso
2037 1381 2291 1438 Domino
2318 1400 2448 1451 suo,
2481 1387 2679 1442 statim
2705 1395 3084 1445 surrexerunt
3114 1406 3243 1445 cum
3266 1395 3539 1456 tremore,

1890 1485 2056 1526 more
2094 1487 2404 1527 servorum
2448 1474 2508 1528 in
2558 1491 2695 1530 eum
2747 1476 3065 1533 intuentes.
3115 1481 3410 1537 Conversa
3452 1486 3542 1538 est

1888 1574 2052 1631 ergo,
2094 1564 2158 1616 ut
2195 1561 2432 1631 videret,
2473 1563 2607 1635 quis
2637 1563 2755 1619 illis
2786 1568 3187 1637 apparuisset.

1959 1649 2121 1706 Vers.
2160 1651 2242 1706 14.
2274 1652 2355 1706 Et
2384 1682 2449 1693 —
2481 1660 2646 1709 esset.
2683 1657 2974 1727 Apparuit
2998 1660 3156 1714 enim
3181 1659 3234 1714 ei
3264 1647 3539 1733 alia'spe-

176 1746 264 1794 καὶ
289 1738 340 1792 ἐν
370 1737 706 1813 εὐτελεστέρῳ
736 1744 823 1791 καὶ
857 1757 1011 1810 κοινῳ
1043 1743 1309 1811 σχήματι,
1353 1739 1434 1791 ἵνα
1480 1743 1552 1812 μὴ
1595 1738 1778 1811 ἀθρόον

1906 1738 1998 1805 sie,
2039 1744 2096 1796 et
2125 1739 2315 1796 viliori
2346 1756 2416 1798 ac
2459 1743 2861 1801 communiori
2908 1746 3138 1812 habitu,
3189 1764 3264 1804 ne
3296 1757 3540 1821 repente

176 1827 533 1902 καταπλαγῇ]

247 1922 405 1990 Λέγει
442 1948 513 1959 -
551 1915 675 1990 ἀρῶ.
735 1916 862 1969 ’Λπό
913 1934 967 1969 τε
1012 1919 1104 1968 τόῦ
1165 1924 1338 1968 κοινοῦ
1378 1922 1655 1989 σχήματος
1691 1921 1781 1969 καὶ

176 2014 266 2061 τοῦ
316 2003 447 2059 εἶναι
504 2004 553 2058 ἓν
621 2013 693 2077 τῷ
750 2010 903 2077 κήπῳ
960 2004 1205 2057 ὑπελαϐεν
1276 2006 1355 2058 ὅτι
1420 2008 1445 2057 6
1516 2011 1780 2079 κηπουρός

179 2098 336 2151 ἐστιν.
377 2092 519 2149 Οὐδὲ
558 2097 660 2168 γὰρ
709 2099 803 2153 τήν
842 2099 1012 2166 φωνὴν
1062 2094 1222 2147 αὐτοῦ
1270 2093 1563 2168 ἐγνώρισεν,
1615 2095 1777 2148 ἀσυν-

182 2189 282 2246 ήθη
326 2184 695 2257 ἐνηχηθεῖσαν.
736 2183 890 2256 ’.ῼετο
937 2179 1015 2249 δὲ,
1061 2186 1130 2245 ὡς
1178 2186 1397 2258 εἴρηται,
1436 2187 1779 2255 μετατεθῆναι

185 2279 274 2349 μὶν
303 2274 447 2326 αὐτόν
479 2272 546 2334 εἰς
574 2273 742 2346 ἕτερον
789 2276 944 2324 τόπον
973 2270 1369 2346 ἀσφαλέστερον,
1402 2271 1780 2345 βασταχθῆναι

184 2361 241 2417 δὲ
268 2365 410 2438 παρὰ
438 2369 530 2415 τοῦ
572 2368 860 2434 κηπουροῦ.
895 2360 1039 2427 [Εἰπέ
1062 2380 1152 2432 μοι
1194 2360 1269 2431 (4)
1302 2357 1411 2426 οὖν,
1454 2366 1632 2434 φησὶν,
1677 2369 1778 2415 ποῦ

177 2454 367 2514 ἔθηκας
395 2450 566 2517 αὐτόν,
600 2448 745 2521 κάγὼ
773 2449 926 2501 αὐτόν
957 2448 1085 2521 ἀρῶ,
1120 2451 1192 2510 εἱς
1221 2448 1370 2502 ἄλλον
1400 2452 1781 2510 καταθήσουσα

177 2547 331 2595 τόπον
363 2538 945 2611 ἀνεπιϐουλεντότερον.]

244 2629 329 2701 ΓΟ
376 2634 542 2701 μόνων
590 2627 668 2700 (5)
722 2636 823 2678 τῶν
871 2627 918 2677 ἐν
975 2632 1122 2697 γενεᾷ
1168 2632 1258 2679 καὶ
1321 2628 1487 2701 φθορᾷ
1526 2625 1780 2704 δημιουρ-

172 2723 265 2791 γόν
320 2723 411 2770 καὶ
477 2721 764 2790 προνοητὴν
811 2716 1035 2788 νομίζων
1087 2720 1173 2767 τὸν
1233 2719 1442 2789 Κύριον,
1498 2718 1642 2778 οὗτος
1708 2718 1778 2782 εἰς

176 2810 441 2881 κηπουρὸν
485 2805 871 2881 παραγνωρίζει
928 2805 1078 2856 αὐτόν
1108 2822 1120 2834 ⁸
1169 2802 1255 2857 διὸ
1304 2811 1393 2858 καὶ
1433 2809 1607 2879 φεύγει
1661 2810 1777 2859 τού-

103 2960 119 2970 ,
172 2916 265 2949 του
311 2901 400 2948 καὶ
454 2896 532 2967 (6)
582 2900 674 2954 τὴν
731 2895 865 2967 ἁφὴν
911 2896 936 2946 6
984 2899 1270 2962 Δεσπότης,
1325 2898 1389 2956 ὡς
1431 2901 1583 2967 μήπω
1655 2897 1778 2970 παρ’

176 2986 316 3056 αὐτῷ
378 2983 568 3045 ἀναϐὰς
634 2986 769 3057 πρὸς
818 2987 877 3036 τὸ
959 2982 1164 3056 ἀξίωμα
1230 2989 1321 3036 καὶ
1394 2990 1481 3044 τὴν
1561 2986 1780 3043 ἰσότητα

1889 1844 1997 1885 con
2007 1834 2389 1886 sterneretur.

1962 1920 2123 1973 Vers.
2160 1924 2242 1974 t5.
2286 1921 2439 1977 Dicit
2466 1952 2533 1962 -—
2576 1923 2807 1980 tollam.
2866 1929 2904 1976 A
2957 1926 3259 1982 communi
3306 1926 3534 1992 habitu,

1888 2010 1943 2062 et
1988 2007 2132 2078 quia
2176 2008 2237 2062 in
2279 2008 2451 2065 horto
2496 2017 2642 2076 erat,
2684 2012 2974 2070 arbitrata
3012 2019 3104 2071 est
3152 2015 3539 2072 hortulanum

1887 2110 2039 2151 esse.
2068 2099 2266 2169 Neque
2306 2099 2464 2154 enim
2510 2116 2716 2155 vocem
2757 2101 2885 2172 ejus
2932 2104 3197 2174 agnovit,
3253 2121 3417 2161 more
3454 2106 3541 2161 in-

1888 2189 2055 2240 sueto
2108 2185 2423 2257 prolatam.
2473 2187 2728 2246 Putabat
2776 2196 2999 2258 autem,
3052 2197 3115 2248 ut
3152 2193 3375 2250 dictum
3425 2199 3534 2260 est,

1890 2276 2319 2345 transpositum
2351 2293 2488 2332 eum
2520 2294 2646 2333 esse
2682 2278 2745 2335 in
2782 2280 3059 2337 tutiorem
3100 2282 3283 2336 alium
3315 2282 3536 2348 locum,

1887 2369 1945 2419 et
1976 2363 2053 2418 ab
2084 2363 2403 2420 hortulano
2434 2373 2833 2437 asportatum.
2869 2369 2973 2424 Dic
2998 2370 3165 2437 mihi,
3192 2370 3405 2443 inquit,
3440 2371 3543 2426 ubi

1885 2452 2151 2521 posueris
2183 2468 2332 2522 eum,
2365 2459 2419 2510 et
2449 2471 2549 2526 ego
2588 2472 2718 2512 eum
2758 2458 2979 2525 tollam,
3011 2458 3073 2514 in
3105 2459 3290 2514 alium
3321 2460 3543 2533 reposi-

1889 2547 2018 2596 tura
2048 2541 2269 2608 locum,
2303 2543 2380 2599 ab
2419 2544 2648 2600 insidiis
2697 2547 2995 2603 tutiorem.

1958 2631 2000 2700 -ιν
2064 2628 2174 2689 Qui
2230 2631 2654 2701 generabilium
2710 2639 2937 2689 tantum
2977 2638 3033 2691 et
3064 2636 3542 2708 corruptibilium

1888 2721 2215 2773 creatorem
2242 2735 2312 2774 ac
2344 2721 2711 2791 provisorem
2745 2728 2913 2793 putat
2942 2724 3274 2789 Dominum,
3308 2725 3403 2779 hic
3434 2741 3539 2795 pro

1886 2806 2204 2864 hortulano
2228 2823 2363 2863 eum
2388 2810 2711 2879 cognoscit.
2750 2810 2971 2867 Idcirco
2989 2812 3167 2867 etiam
3194 2812 3372 2883 hujus
3400 2828 3538 2867 con-

1889 2900 2109 2952 tactum
2158 2896 2308 2969 fugit
2352 2898 2641 2953 Dominus
2673 2899 2831 2971 quod
2875 2901 3031 2972 apud
3061 2900 3232 2955 illum
3266 2902 3535 2957 nondum

1889 2985 2224 3040 ascenderit
2255 2985 2332 3040 ad
2362 2985 2715 3055 dignitatem
2765 3003 2835 3043 ac
2881 2988 3277 3058 aequalitatem
3309 2989 3489 3044 Patris
3524 3007 3537 3046 :

169 3082 263 3127 τοῦ
290 3078 510 3148 Πατρός.
544 3073 773 3135 Ἀνοίξιοι
796 3074 898 3146 γὰρ
921 3072 1082 3125 ἀύτοῦ
1104 3074 1152 3125 οἱ
1170 3077 1300 3145 μετὰ
1328 3077 1574 3137 τοιαύτης
1590 3075 1780 3135 ὑπολήο

1906 3072 2182 3146 siquidem
2209 3089 2280 3130 eo
2304 3073 2535 3144 indigni
2567 3081 2726 3142 sunt,
2754 3076 3010 3147 quicum
3042 3077 3388 3149 hujusmodi
3416 3078 3541 3151 opi-

171 3163 315 3235 ψεως
345 3162 482 3234 αὐτῷ
511 3160 976 3237 προσερχόμενοι.]

246 3256 401 3323 Λέγει
450 3282 521 3293 —
577 3246 899 3307 Διδάσκαλε.
964 3258 1092 3318 Νῦν,
1140 3257 1478 3313 καταστήσας
1524 3257 1617 3312 τὴν
1672 3274 1778 3326 φω-

173 3347 267 3399 νην
298 3345 387 3393 καὶ
414 3344 508 3398 τήν
556 3343 756 3413 μορφὴν
808 3344 900 3392 καὶ
947 3343 1006 3391 τὸ
1061 3348 1253 3412 σχῆμα
1303 3345 1432 3414 πρὸς
1476 3346 1535 3394 τὸ
1584 3362 1778 3417 γνωρι-

177 3435 427 3500 μώτερον,
457 3424 676 3481 δέδωκεν
720 3427 851 3501 αὐτῇ
904 3429 1155 3487 αἴσθησιν
1211 3428 1401 3497 αὐτῶν,
1449 3436 1539 3483 καὶ
1590 3430 1781 3485 αὐτίκα

181 3525 365 3570 τοῦτον
429 3515 723 3589 ἐπιγνοῦσα,
796 3516 1008 3575 ἐϐόησεν
1084 3519 1183 3570 ὑπὸ
1245 3524 1631 3594 περιχαρείας·
1688 3526 1777 3573 Δι-

185 3603 432 3661 δάσκαλε.
490 3604 670 3678 [Ἀλλά
699 3607 779 3679 (7)
824 3614 934 3670 πῶς
981 3613 1270 3682 στραφεῖσα
1304 3608 1459 3681 λέγει,
1506 3614 1612 3682 εἴγε
1649 3630 1779 3686 προς

176 3696 332 3749 αὐτὸν
403 3691 700 3767 διελέγετο;
754 3700 895 3748 Διότι
976 3696 1197 3749 εἰποῦσα
1252 3698 1373 3773 ὅπερ
1447 3695 1572 3770 εἷπε,
1636 3719 1779 3772 μετε-

176 3788 383 3859 στράφη
443 3789 570 3859 πρὸς
637 3788 760 3847 τοῦς
832 3784 1081 3856 ἀγγέλους
1165 3783 1293 3838 ίδείν
1387 3787 1432 3838 εἰ
1514 3790 1774 3861 πάρεισιν,

172 3879 205 3934 ἣ
267 3873 527 3947 ἐρωτῆσαι
572 3878 654 3935 τίς
717 3874 743 3924 6
799 3871 1056 3937 ἐκπλήξας
1106 3875 1328 3936 αὐτούς·
1388 3875 1536 3936 εὐθὺς
1576 3872 1634 3928 δὲ
1689 3883 1779 3926 τοῦ

169 3969 412 4038 Χριστοῦ
486 3962 795 4024 καλέσαντος
872 3967 1054 4032 αῦτήν,
1124 3962 1354 4037 ἐστράφη
1432 3964 1583 4018 πάλιν
1647 3968 1777 4037 πρὸς

170 4053 376 4124 αὐτόν.]

144 4196 159 4201 _
244 4146 402 4214 Λέγει
450 4173 520 4183 -
567 4146 637 4214 μή
701 4161 803 4215 μου
854 4142 1040 4195 ἅπτου.
1096 4141 1336 4217 Ὠρμησε
1386 4145 1486 4218 γὰρ
1539 4142 1779 4215 ἅψασθαι

168 4241 273 4285 τῶν
299 4227 476 4285 ποδῶν
504 4230 686 4295 αὐτοῦ,
719 4233 788 4293 ὡς
818 4231 1007 4288 εἰώθει.
1038 4231 1233 4285 κωλύει
1274 4229 1332 4285 δε
1361 4232 1524 4291 αὐτὴν
1554 4236 1782 4305 προσφέ-

166 4323 359 4396 ρεσθαι
386 4319 526 4392 αὐτῷ
554 4328 646 4373 τοῦ
670 4319 873 4387 λοιποῦ,
915 4321 1088 4383 καθὼς
1124 4324 1183 4373 τὸ
1221 4325 1485 4397 πρότερον,
1524 4324 1780 4397 θειοτέρας

167 4406 283 4469 ἤδη
313 4416 408 4471 τῆς
440 4412 634 4481 σαρκὸς
654 4409 815 4461 αὐτοῦ
837 4413 1127 4482 γενομένης.

1888 3163 2065 3219 nione
2094 3162 2169 3219 ad
2195 3179 2333 3219 eum
2360 3163 2671 3220 accedunt.

1959 3252 2121 3306 Vers.
2180 3253 2260 3306 t6.
2318 3252 2573 3307 Dicit—
2611 3255 2904 3324 Magister.
2986 3257 3152 3311 Nunc
3204 3255 3540 3329 composita

1885 3355 2054 3405 voce,
2105 3341 2300 3414 specie
2330 3348 2385 3396 et
2419 3341 2651 3409 habitu,
2690 3347 2751 3398 ut
2786 3342 3020 3399 facilius
3054 3350 3536 3414 cognosceretur,

1888 3429 2050 3486 dedit
2079 3430 2131 3485 ei
2159 3430 2377 3486 horum
2410 3430 2697 3499 notitiam,
2732 3433 3051 3503 statimque
3078 3432 3235 3488 illum
3268 3434 3538 3503 agnovit,

1888 3520 2153 3575 clamans
2194 3536 2313 3591 prae
2344 3519 2564 3583 laetitia,
2595 3521 2888 3590 Magister.
2922 3521 3036 3577 Sed
3062 3522 3371 3594 quomodo
3402 3538 3541 3577 con-

1893 3623 2062 3664 versa
2086 3608 2245 3673 dicit,
2282 3608 2328 3663 si
2355 3610 2481 3679 jam
2505 3625 2640 3664 eum
2671 3626 2741 3665 eo
2772 3610 3172 3682 loquebatur?
3204 3611 3373 3678 Quia,
3400 3627 3539 3665 cum

1888 3697 1950 3753 id
1989 3697 2253 3763 dixisset,
2319 3698 2484 3771 quod
2540 3698 2921 3771 loquebatur,
2976 3715 3270 3755 conversa
3318 3704 3407 3763 est
3461 3699 3540 3755 ad

1889 3786 2155 3856 angelos,
2192 3791 2253 3841 ut
2276 3787 2500 3842 videret
2526 3802 2604 3842 an
2649 3787 2945 3852 adessent,
2987 3787 3078 3843 vel
3113 3792 3173 3843 ut
3220 3788 3540 3857 interroga-

1890 3880 1975 3928 ret
2000 3875 2143 3945 quid
2179 3876 2309 3930 illos
2341 3876 2400 3930 in
2434 3880 2745 3947 stuporem
2777 3876 3125 3931 adduxisset
3160 3893 3170 3929 :
3217 3879 3539 3949 statimque

1891 3961 2118 4017 Christo
2136 3978 2271 4018 eam
2289 3968 2554 4028 vocante,
2571 3980 2779 4018 rursus
2797 3965 2873 4019 ad
2888 3964 3086 4035 ipsum
3128 3980 3417 4020 conversa
3431 3971 3535 4019 est.

1960 4139 2121 4193 Vers.
2160 4141 2244 4192 17.
2276 4138 2434 4193 Dicit
2478 4166 2543 4176 —
2585 4137 2708 4192 noli
2737 4151 2827 4192 me
2873 4140 3125 4208 tangere.
3171 4141 3319 4194 Nam
3360 4154 3421 4192 se
3462 4138 3540 4194 ad

1893 4226 2260 4298 [augendum
2323 4226 2504 4299 pedes
2557 4226 2682 4296 ejus
2742 4226 3011 4298 aptabat,
3076 4228 3225 4282 sicut
3280 4226 3531 4284 solebat.

1891 4318 2381 4372 Prohibetautem
2403 4331 2475 4370 ne
2497 4315 2778 4387 deinceps
2801 4316 3048 4371 accedat
3072 4315 3148 4370 ad
3176 4331 3313 4370 eum
3334 4315 3534 4379 modo,

1891 4405 2502 4480 quoprius,cumjam
2521 4405 2778 4460 divinior
2794 4404 2951 4460 facta
2984 4405 3206 4459 sitcaro
3246 4404 3395 4474 ejus.

247 4500 412 4550 Οὔπω
462 4528 532 4540 —-
592 4517 714 4571 μου.
773 4505 938 4552 Τοῦτο
988 4495 1097 4551 εἷπε
1151 4498 1223 4551 δι’
1279 4495 1429 4552 οὐδὲν
1478 4500 1664 4571 ἕτερον,
1718 4503 1780 4560 ὡς

1964 4494 2129 4550 Vers.
2184 4496 2269 4549 17.
2319 4494 2588 4549 Nondum
2637 4524 2705 4533 —
2754 4510 2963 4549 meum.
3016 4491 3138 4547 Hoc
3188 4492 3264 4548 ad
3309 4492 3539 4549 nullum

169 4589 200 4639 6
247 4590 629 4662 Χρυσόστομός
669 4606 829 4660 φησιν
858 4586 952 4659 (8),
983 4590 1012 4647 ἧ
1058 4591 1211 4660 μόνον
1248 4587 1334 4640 ἲνα
1363 4597 1465 4661 γνῷ
1517 4590 1596 4641 ὅτι
1638 4588 1783 4660 ὑψη-

167 4677 383 4749 λότερός
438 4677 551 4729 ἑστι
601 4683 691 4731 καὶ
748 4673 1170 4752 αἰδεσιμώτερος.
1228 4677 1287 4730 Ὀ
1345 4681 1447 4753 γὰρ
1505 4680 1636 4751 μετά
1690 4685 1781 4730 τοῦ

171 4783 424 4836 σωματος

166 4859 267 4908 καὶ
295 4858 426 4908 Θεὸν
450 4851 712 4928 πρόδηλον
743 4856 823 4908 ὅτι
851 4858 909 4908 τό
948 4863 1039 4909 τοῦ
1092 4861 1330 4930 σώματος
1372 4855 1615 4933 ἐπίκηρον
1660 4856 1786 4910 ἀπε-

167 4942 360 4997 ϐάλετο
373 4985 388 5000 .

246 5035 353 5085 Καὶ
381 5035 487 5107 μὴν
534 5035 636 5109 πρὸ
668 5030 905 5107 βραχέος
942 5034 1074 5094 αὕτη
1108 5053 1161 5088 τε
1203 5037 1291 5087 καὶ
1344 5035 1374 5093 ἡ
1429 5033 1555 5092 ἄλλη
1602 5038 1784 5108 Μαρία

522 4762 761 4818 σπεύδων
841 4764 1128 4819 ἀναϐαίνειν
1224 4770 1355 4841 πρός
1426 4770 1513 4819 τὸν
1583 4771 1786 4842 Πατέρα

1892 4584 2074 4640 alium
2104 4583 2249 4638 dixit
2278 4583 2485 4651 tinem,
2517 4583 2675 4639 utait
2700 4582 3188 4654 Chrysostomus,
3219 4580 3327 4636 nisi
3360 4588 3420 4637 ut
3452 4599 3543 4637 so-

1890 4673 2015 4730 lum
2047 4671 2573 4743 intelligeretquod
2592 4671 2903 4726 sublimior
2931 4671 3005 4725 sit
3032 4670 3341 4743 magisque
3372 4688 3541 4726 vene-

1891 4764 2133 4820 randus.
2166 4764 2317 4817 Nam
2356 4761 2461 4833 qui
2513 4760 2719 4817 nititur
2748 4776 2886 4816 cum
2939 4776 3185 4833 corpore
3231 4759 3302 4816 ad
3353 4761 3540 4816 Deum

1895 4868 1962 4910 ac
1994 4855 2224 4908 Patrem
2255 4849 2598 4919 ascendere,
2626 4848 3006 4905 manifestum
3029 4854 3118 4907 est
3146 4849 3310 4923 quod
3333 4865 3543 4921 corpo-

1893 4944 1972 4999 ris
2001 4940 2373 5010 fragilitatem
2406 4939 2723 5011 abjecerat.

1966 5031 2143 5105 Atqui
2174 5028 2357 5104 paulo
2390 5035 2527 5087 ante
2566 5029 2693 5102 ipsa
2731 5032 2786 5087 et
2817 5028 3000 5086 altera
3024 5028 3203 5086 Maria
3234 5030 3545 5085 tenuerant

1410 5212 1619 5285 Variae
1654 5212 1980 5283 lectiones
2023 5221 2089 5279 et
2127 5218 2329 5279 notae.

239 5388 323 5467 (1)
358 5390 489 5467 [jac
514 5394 764 5467 uterque
796 5389 855 5451 in
881 5394 1172 5467 margine.

238 5464 324 5529 ('2)
365 5464 604 5522 Inclusa
630 5464 841 5522 desunt
859 5469 927 5522 A.
998 5488 1003 5493 ι

266 5536 324 5596 3)
366 5538 556 5593 Etiam
585 5536 717 5593 haec
739 5538 960 5596 absunt
987 5540 1051 5595 A.

265 5609 327 5680 4)
369 5608 603 5665 Inclusa
630 5608 853 5666 absunt
880 5615 948 5666 A.

220 5750 283 5797 ί
300 5726 319 5733 ··
495 5705 735 5764 Parnm.
779 5705 882 5764 Gn.
920 5706 1161 5767 CXXXI.

1967 5391 2043 5463 (5)
2087 5391 2149 5445 In
2176 5386 2448 5463 margine
2467 5386 2602 5463 haec
2631 5386 2815 5444 habet
2841 5386 3027 5444 codex
3062 5390 3327 5457 uterque.

1965 5459 2041 5531 (6)
2086 5466 2186 5514 Καὶ
2217 5460 2433 5531 omittit
2465 5459 2520 5512 Β.

1965 5466 2019 5531 (6
2086 5466 2186 5514 Καὶ
2217 5463 2433 5515 omittit
2465 5463 2520 5512 Β.

1963 5463 2041 5605 (‘7)
2076 5529 2549 5605 Inclusaabsunt
2578 5536 2640 5605 ᾼ.

1965 5601 2046 5673 (8⁷)
2084 5605 2227 5661 Τοω
2258 5602 2400 5668 VIII,
2427 5616 2486 5675 p.
2518 5601 2641 5657 515.

3159 5694 3224 5755 4⁵1
