  <div class='ocr_page' id='page_1' title='image "/cluster/home/n/w/nwhite01/storage/ocr_20150623/129/hvd.32044073502395/767.png"; bbox 0 0 4022 6232; ppageno 0'>
   <div class='ocr_carea' id='block_1_1' title="bbox 516 201 649 260">
    <p class='ocr_par' dir='ltr' id='par_1_1' title="bbox 516 201 649 260">
     <span class='ocr_line' id='line_1_1' title="bbox 516 201 649 260; baseline 0.03 -3"><span class='ocrx_word' id='word_1_1' title='bbox 516 201 649 260; x_wconf 75' lang='grc'>1483</span> 
     </span>
    </p>
   </div>
   <div class='ocr_carea' id='block_1_2' title="bbox 1835 196 2553 258">
    <p class='ocr_par' dir='ltr' id='par_1_2' title="bbox 1835 196 2553 258">
     <span class='ocr_line' id='line_1_2' title="bbox 1835 196 2553 258; baseline 0.001 -2"><span class='ocrx_word' id='word_1_2' title='bbox 1835 199 2174 256; x_wconf 79' lang='lat' dir='ltr'><strong>EUTHYMII</strong></span> <span class='ocrx_word' id='word_1_3' title='bbox 2226 196 2553 258; x_wconf 77' lang='lat' dir='ltr'><strong>ZIGABENI</strong></span> 
     </span>
    </p>
   </div>
   <div class='ocr_carea' id='block_1_3' title="bbox 3746 207 3872 263">
    <p class='ocr_par' dir='ltr' id='par_1_3' title="bbox 3746 207 3872 263">
     <span class='ocr_line' id='line_1_3' title="bbox 3746 207 3872 263; baseline 0.016 -1"><span class='ocrx_word' id='word_1_4' title='bbox 3746 207 3872 263; x_wconf 68' lang='grc'><strong>1484</strong></span> 
     </span>
    </p>
   </div>
   <div class='ocr_carea' id='block_1_4' title="bbox 509 324 2137 405">
    <p class='ocr_par' dir='ltr' id='par_1_4' title="bbox 509 324 2137 404">
     <span class='ocr_line' id='line_1_4' title="bbox 509 324 2137 404; baseline -0.004 -18"><span class='ocrx_word' id='word_1_5' title='bbox 509 330 693 404; x_wconf 86' lang='lat' dir='ltr'><strong>pedes</strong></span> <span class='ocrx_word' id='word_1_6' title='bbox 745 329 877 400; x_wconf 88' lang='lat' dir='ltr'><strong>ejus</strong></span> <span class='ocrx_word' id='word_1_7' title='bbox 920 327 1073 382; x_wconf 89' lang='lat' dir='ltr'><strong>sicut</strong></span> <span class='ocrx_word' id='word_1_8' title='bbox 1121 326 1358 399; x_wconf 81' lang='lat' dir='ltr'><strong>scripsit</strong></span> <span class='ocrx_word' id='word_1_9' title='bbox 1395 326 1695 383; x_wconf 74' lang='lat' dir='ltr'><strong>Matthaaus</strong></span> <span class='ocrx_word' id='word_1_10' title='bbox 1737 327 1807 391; x_wconf 71' lang='lat'><strong>9‘,</strong></span> <span class='ocrx_word' id='word_1_11' title='bbox 1864 324 1966 380; x_wconf 84' lang='lat' dir='ltr'><strong>sed</strong></span> <span class='ocrx_word' id='word_1_12' title='bbox 2016 331 2137 380; x_wconf 81' lang='lat' dir='ltr'><strong>tum</strong></span> 
     </span>
    </p>
   </div>
   <div class='ocr_carea' id='block_1_5' title="bbox 2262 324 3866 405">
    <p class='ocr_par' dir='ltr' id='par_1_5' title="bbox 2267 326 3866 405">
     <span class='ocr_line' id='line_1_5' title="bbox 2267 326 3866 405; baseline 0.003 -28"><span class='ocrx_word' id='word_1_13' title='bbox 2267 326 2560 402; x_wconf 79' lang='grc' dir='ltr'>ἐκράτησαν</span> <span class='ocrx_word' id='word_1_14' title='bbox 2587 328 2744 380; x_wconf 69' lang='grc' dir='ltr'>αὐτοῦ</span> <span class='ocrx_word' id='word_1_15' title='bbox 2775 333 2892 391; x_wconf 73' lang='grc' dir='ltr'>τοὺς</span> <span class='ocrx_word' id='word_1_16' title='bbox 2921 327 3099 396; x_wconf 76' lang='grc' dir='ltr'>πόδας,</span> <span class='ocrx_word' id='word_1_17' title='bbox 3125 333 3190 392; x_wconf 78' lang='grc' dir='ltr'>ὡς</span> <span class='ocrx_word' id='word_1_18' title='bbox 3217 335 3495 405; x_wconf 73' lang='grc' dir='ltr'><strong>ἱστόρησεν</strong></span> <span class='ocrx_word' id='word_1_19' title='bbox 3519 333 3544 383; x_wconf 86' lang='grc' dir='ltr'><strong><em>ὁ</em></strong></span> <span class='ocrx_word' id='word_1_20' title='bbox 3565 334 3834 393; x_wconf 61' lang='grc' dir='ltr'>λιατθαίος</span> <span class='ocrx_word' id='word_1_21' title='bbox 3857 365 3866 375; x_wconf 78' lang='grc' dir='ltr'><strong>ι</strong></span> 
     </span>
    </p>
   </div>
   <div class='ocr_carea' id='block_1_6' title="bbox 505 416 2156 494">
    <p class='ocr_par' dir='ltr' id='par_1_6' title="bbox 505 416 2156 494">
     <span class='ocr_line' id='line_1_6' title="bbox 505 416 2156 494; baseline -0.004 -17"><span class='ocrx_word' id='word_1_22' title='bbox 505 421 754 494; x_wconf 84' lang='lat' dir='ltr'><strong>quidem</strong></span> <span class='ocrx_word' id='word_1_23' title='bbox 781 433 902 474; x_wconf 91' lang='lat' dir='ltr'><strong>non</strong></span> <span class='ocrx_word' id='word_1_24' title='bbox 932 416 1254 488; x_wconf 82' lang='lat' dir='ltr'><strong>prohibuit,</strong></span> <span class='ocrx_word' id='word_1_25' title='bbox 1287 417 1635 489; x_wconf 79' lang='lat' dir='ltr'><strong>permittens</strong></span> <span class='ocrx_word' id='word_1_26' title='bbox 1666 420 1730 470; x_wconf 90' lang='lat' dir='ltr'><strong>ut</strong></span> <span class='ocrx_word' id='word_1_27' title='bbox 1755 416 1960 472; x_wconf 84' lang='lat' dir='ltr'><strong>ﬁerent</strong></span> <span class='ocrx_word' id='word_1_28' title='bbox 2000 420 2156 471; x_wconf 85' lang='lat' dir='ltr'><strong>tactu</strong></span> 
     </span>
    </p>
   </div>
   <div class='ocr_carea' id='block_1_7' title="bbox 506 505 2154 578">
    <p class='ocr_par' dir='ltr' id='par_1_7' title="bbox 506 505 2154 578">
     <span class='ocr_line' id='line_1_7' title="bbox 506 505 2154 578; baseline -0.004 -12"><span class='ocrx_word' id='word_1_29' title='bbox 506 509 804 575; x_wconf 80' lang='lat' dir='ltr'><strong>certiores,</strong></span> <span class='ocrx_word' id='word_1_30' title='bbox 853 522 971 562; x_wconf 92' lang='lat' dir='ltr'><strong>non</strong></span> <span class='ocrx_word' id='word_1_31' title='bbox 1001 522 1128 561; x_wconf 92' lang='lat' dir='ltr'><strong>esse</strong></span> <span class='ocrx_word' id='word_1_32' title='bbox 1174 507 1556 578; x_wconf 82' lang='lat' dir='ltr'><strong>phantasma.</strong></span> <span class='ocrx_word' id='word_1_33' title='bbox 1591 505 1757 560; x_wconf 92' lang='lat' dir='ltr'><strong>Nunc</strong></span> <span class='ocrx_word' id='word_1_34' title='bbox 1789 511 1986 561; x_wconf 89' lang='lat' dir='ltr'><strong>autem</strong></span> <span class='ocrx_word' id='word_1_35' title='bbox 2036 520 2154 560; x_wconf 91' lang='lat' dir='ltr'><strong>non</strong></span> 
     </span>
    </p>
   </div>
   <div class='ocr_carea' id='block_1_8' title="bbox 505 594 2155 672">
    <p class='ocr_par' dir='ltr' id='par_1_8' title="bbox 505 594 2155 672">
     <span class='ocr_line' id='line_1_8' title="bbox 505 594 2155 672; baseline -0.003 -18"><span class='ocrx_word' id='word_1_36' title='bbox 505 598 790 672; x_wconf 78' lang='lat' dir='ltr'><strong>permittit</strong></span> <span class='ocrx_word' id='word_1_37' title='bbox 813 596 959 668; x_wconf 87' lang='lat' dir='ltr'><strong>quia</strong></span> <span class='ocrx_word' id='word_1_38' title='bbox 988 599 1042 651; x_wconf 86' lang='lat' dir='ltr'><strong>et</strong></span> <span class='ocrx_word' id='word_1_39' title='bbox 1071 594 1318 651; x_wconf 80' lang='lat' dir='ltr'><strong>visionis</strong></span> <span class='ocrx_word' id='word_1_40' title='bbox 1359 601 1416 652; x_wconf 91' lang='lat' dir='ltr'><strong>et</strong></span> <span class='ocrx_word' id='word_1_41' title='bbox 1442 600 1632 652; x_wconf 89' lang='lat' dir='ltr'><strong>tactus</strong></span> <span class='ocrx_word' id='word_1_42' title='bbox 1652 595 1836 652; x_wconf 89' lang='lat' dir='ltr'><strong>oblita</strong></span> <span class='ocrx_word' id='word_1_43' title='bbox 1866 600 2010 659; x_wconf 90' lang='lat' dir='ltr'><strong>erat,</strong></span> <span class='ocrx_word' id='word_1_44' title='bbox 2046 610 2155 650; x_wconf 92' lang='lat' dir='ltr'><strong>nec</strong></span> 
     </span>
    </p>
   </div>
   <div class='ocr_carea' id='block_1_9' title="bbox 504 687 857 744">
    <p class='ocr_par' dir='ltr' id='par_1_9' title="bbox 504 687 857 744">
     <span class='ocr_line' id='line_1_9' title="bbox 504 687 857 744; baseline -0.014 0"><span class='ocrx_word' id='word_1_45' title='bbox 504 687 857 744; x_wconf 86' lang='lat' dir='ltr'><strong>crediderat.</strong></span> 
     </span>
    </p>
   </div>
   <div class='ocr_carea' id='block_1_10' title="bbox 574 773 2152 848">
    <p class='ocr_par' dir='ltr' id='par_1_10' title="bbox 574 773 2152 848">
     <span class='ocr_line' id='line_1_10' title="bbox 574 773 2152 848; baseline -0.001 -16"><span class='ocrx_word' id='word_1_46' title='bbox 574 777 740 832; x_wconf 89' lang='lat' dir='ltr'><strong>Vers.</strong></span> <span class='ocrx_word' id='word_1_47' title='bbox 779 780 867 832; x_wconf 86' lang='lat' dir='ltr'><strong>l7.</strong></span> <span class='ocrx_word' id='word_1_48' title='bbox 928 773 1043 831; x_wconf 85' lang='lat' dir='ltr'><strong>Sed</strong></span> <span class='ocrx_word' id='word_1_49' title='bbox 1083 775 1322 832; x_wconf 82' lang='lat' dir='ltr'><strong>vade—</strong></span> <span class='ocrx_word' id='word_1_50' title='bbox 1360 781 1632 832; x_wconf 74' lang='lat' dir='ltr'><strong>vestrum.</strong></span> <span class='ocrx_word' id='word_1_51' title='bbox 1669 775 1844 848; x_wconf 86' lang='lat' dir='ltr'><strong>Atqui</strong></span> <span class='ocrx_word' id='word_1_52' title='bbox 1886 791 2005 830; x_wconf 91' lang='lat' dir='ltr'><strong>non</strong></span> <span class='ocrx_word' id='word_1_53' title='bbox 2039 779 2152 830; x_wconf 92' lang='lat' dir='ltr'><strong>sta-</strong></span> 
     </span>
    </p>
   </div>
   <div class='ocr_carea' id='block_1_11' title="bbox 502 865 2150 938">
    <p class='ocr_par' dir='ltr' id='par_1_11' title="bbox 502 865 2150 938">
     <span class='ocr_line' id='line_1_11' title="bbox 502 865 2150 938; baseline -0.003 -13"><span class='ocrx_word' id='word_1_54' title='bbox 502 868 610 925; x_wconf 89' lang='lat' dir='ltr'><strong>tim</strong></span> <span class='ocrx_word' id='word_1_55' title='bbox 657 880 1013 924; x_wconf 74' lang='lat' dir='ltr'><strong>ascensurus</strong></span> <span class='ocrx_word' id='word_1_56' title='bbox 1043 871 1186 932; x_wconf 91' lang='lat' dir='ltr'><strong>erat,</strong></span> <span class='ocrx_word' id='word_1_57' title='bbox 1229 865 1333 921; x_wconf 91' lang='lat' dir='ltr'><strong>sed</strong></span> <span class='ocrx_word' id='word_1_58' title='bbox 1360 871 1497 938; x_wconf 90' lang='lat' dir='ltr'><strong>post</strong></span> <span class='ocrx_word' id='word_1_59' title='bbox 1525 865 1927 938; x_wconf 83' lang='lat' dir='ltr'><strong>quadraginta</strong></span> <span class='ocrx_word' id='word_1_60' title='bbox 1979 865 2104 920; x_wconf 90' lang='lat' dir='ltr'><strong>dies</strong></span> <span class='ocrx_word' id='word_1_61' title='bbox 2135 884 2150 932; x_wconf 86' lang='lat'><strong>;</strong></span> 
     </span>
    </p>
   </div>
   <div class='ocr_carea' id='block_1_12' title="bbox 500 954 2150 1030">
    <p class='ocr_par' dir='ltr' id='par_1_12' title="bbox 500 954 2150 1030">
     <span class='ocr_line' id='line_1_12' title="bbox 500 954 2150 1030; baseline -0.003 -17"><span class='ocrx_word' id='word_1_62' title='bbox 500 955 804 1030; x_wconf 92' lang='lat' dir='ltr'><strong>quomodo</strong></span> <span class='ocrx_word' id='word_1_63' title='bbox 834 970 975 1026; x_wconf 88' lang='lat' dir='ltr'><strong>ergo</strong></span> <span class='ocrx_word' id='word_1_64' title='bbox 996 955 1135 1009; x_wconf 89' lang='lat' dir='ltr'><strong>dicit</strong></span> <span class='ocrx_word' id='word_1_65' title='bbox 1173 973 1186 1008; x_wconf 91' lang='lat'><strong>:</strong></span> <span class='ocrx_word' id='word_1_66' title='bbox 1220 956 1483 1011; x_wconf 85' lang='lat' dir='ltr'><strong>Ascendo</strong></span> <span class='ocrx_word' id='word_1_67' title='bbox 1511 957 1535 1011; x_wconf 77' lang='lat'><strong>‘?</strong></span> <span class='ocrx_word' id='word_1_68' title='bbox 1562 954 1771 1027; x_wconf 87' lang='lat' dir='ltr'><strong>Utique</strong></span> <span class='ocrx_word' id='word_1_69' title='bbox 1794 960 1858 1010; x_wconf 92' lang='lat' dir='ltr'><strong>ut</strong></span> <span class='ocrx_word' id='word_1_70' title='bbox 1887 954 2150 1025; x_wconf 87' lang='lat' dir='ltr'><strong>amplius</strong></span> 
     </span>
    </p>
   </div>
   <div class='ocr_carea' id='block_1_13' title="bbox 499 1043 2145 1114">
    <p class='ocr_par' dir='ltr' id='par_1_13' title="bbox 499 1043 2145 1114">
     <span class='ocr_line' id='line_1_13' title="bbox 499 1043 2145 1114; baseline -0.002 -12"><span class='ocrx_word' id='word_1_71' title='bbox 499 1051 760 1102; x_wconf 86' lang='lat' dir='ltr'><strong>mentem</strong></span> <span class='ocrx_word' id='word_1_72' title='bbox 792 1045 922 1114; x_wconf 90' lang='lat' dir='ltr'><strong>ejus</strong></span> <span class='ocrx_word' id='word_1_73' title='bbox 953 1045 1011 1098; x_wconf 91' lang='lat' dir='ltr'><strong>in</strong></span> <span class='ocrx_word' id='word_1_74' title='bbox 1041 1043 1294 1099; x_wconf 88' lang='lat' dir='ltr'><strong>sublime</strong></span> <span class='ocrx_word' id='word_1_75' title='bbox 1323 1046 1590 1114; x_wconf 81' lang='lat' dir='ltr'><strong>erigeret,</strong></span> <span class='ocrx_word' id='word_1_76' title='bbox 1623 1050 1678 1100; x_wconf 92' lang='lat' dir='ltr'><strong>et</strong></span> <span class='ocrx_word' id='word_1_77' title='bbox 1717 1044 1907 1100; x_wconf 89' lang='lat' dir='ltr'><strong>adhuc</strong></span> <span class='ocrx_word' id='word_1_78' title='bbox 1938 1043 2145 1099; x_wconf 83' lang='lat' dir='ltr'><strong>conﬁr-</strong></span> 
     </span>
    </p>
   </div>
   <div class='ocr_carea' id='block_1_14' title="bbox 499 1133 2150 1198">
    <p class='ocr_par' dir='ltr' id='par_1_14' title="bbox 499 1133 2150 1198">
     <span class='ocr_line' id='line_1_14' title="bbox 499 1133 2150 1198; baseline -0.002 -6"><span class='ocrx_word' id='word_1_79' title='bbox 499 1151 673 1192; x_wconf 91' lang='lat' dir='ltr'><strong>mans</strong></span> <span class='ocrx_word' id='word_1_80' title='bbox 705 1149 767 1188; x_wconf 91' lang='lat' dir='ltr'><strong>se</strong></span> <span class='ocrx_word' id='word_1_81' title='bbox 796 1133 1204 1188; x_wconf 87' lang='lat' dir='ltr'><strong>sublimiorem</strong></span> <span class='ocrx_word' id='word_1_82' title='bbox 1235 1149 1304 1188; x_wconf 91' lang='lat' dir='ltr'><strong>ac</strong></span> <span class='ocrx_word' id='word_1_83' title='bbox 1334 1134 1678 1189; x_wconf 88' lang='lat' dir='ltr'><strong>diviniorem</strong></span> <span class='ocrx_word' id='word_1_84' title='bbox 1711 1149 1857 1198; x_wconf 89' lang='lat' dir='ltr'><strong>esse,</strong></span> <span class='ocrx_word' id='word_1_85' title='bbox 1910 1149 1979 1188; x_wconf 87' lang='lat' dir='ltr'><strong>ac</strong></span> <span class='ocrx_word' id='word_1_86' title='bbox 2030 1139 2150 1188; x_wconf 87' lang='lat' dir='ltr'><strong>stu-</strong></span> 
     </span>
    </p>
   </div>
   <div class='ocr_carea' id='block_1_15' title="bbox 499 1221 2146 1292">
    <p class='ocr_par' dir='ltr' id='par_1_15' title="bbox 499 1221 2146 1292">
     <span class='ocr_line' id='line_1_15' title="bbox 499 1221 2146 1292; baseline -0.002 -12"><span class='ocrx_word' id='word_1_87' title='bbox 499 1223 650 1280; x_wconf 87' lang='lat' dir='ltr'><strong>dens</strong></span> <span class='ocrx_word' id='word_1_88' title='bbox 697 1227 762 1278; x_wconf 92' lang='lat' dir='ltr'><strong>ut</strong></span> <span class='ocrx_word' id='word_1_89' title='bbox 809 1221 1089 1292; x_wconf 90' lang='lat' dir='ltr'><strong>deinceps</strong></span> <span class='ocrx_word' id='word_1_90' title='bbox 1137 1222 1351 1292; x_wconf 90' lang='lat' dir='ltr'><strong>majori</strong></span> <span class='ocrx_word' id='word_1_91' title='bbox 1405 1239 1540 1278; x_wconf 89' lang='lat' dir='ltr'><strong>cum</strong></span> <span class='ocrx_word' id='word_1_92' title='bbox 1594 1222 1973 1279; x_wconf 89' lang='lat' dir='ltr'><strong>veneratione</strong></span> <span class='ocrx_word' id='word_1_93' title='bbox 2023 1222 2146 1277; x_wconf 87' lang='lat' dir='ltr'><strong>ani-</strong></span> 
     </span>
    </p>
   </div>
   <div class='ocr_carea' id='block_1_16' title="bbox 499 1310 1606 1368">
    <p class='ocr_par' dir='ltr' id='par_1_16' title="bbox 499 1310 1606 1368">
     <span class='ocr_line' id='line_1_16' title="bbox 499 1310 1606 1368; baseline -0.003 1"><span class='ocrx_word' id='word_1_94' title='bbox 499 1329 668 1368; x_wconf 92' lang='lat' dir='ltr'><strong>mum</strong></span> <span class='ocrx_word' id='word_1_95' title='bbox 691 1312 740 1368; x_wconf 90' lang='lat' dir='ltr'><strong>ei</strong></span> <span class='ocrx_word' id='word_1_96' title='bbox 768 1310 1101 1366; x_wconf 88' lang='lat' dir='ltr'><strong>intenderet</strong></span> <span class='ocrx_word' id='word_1_97' title='bbox 1129 1320 1186 1366; x_wconf 92' lang='lat' dir='ltr'><strong>et</strong></span> <span class='ocrx_word' id='word_1_98' title='bbox 1225 1310 1606 1368; x_wconf 89' lang='lat' dir='ltr'><strong>auscultaret.</strong></span> 
     </span>
    </p>
   </div>
   <div class='ocr_carea' id='block_1_17' title="bbox 569 1399 2144 1472">
    <p class='ocr_par' dir='ltr' id='par_1_17' title="bbox 569 1399 2144 1472">
     <span class='ocr_line' id='line_1_17' title="bbox 569 1399 2144 1472; baseline 0 -16"><span class='ocrx_word' id='word_1_99' title='bbox 569 1399 855 1458; x_wconf 67' lang='lat' dir='ltr'><strong>Praeterea</strong></span> <span class='ocrx_word' id='word_1_100' title='bbox 893 1399 1140 1456; x_wconf 89' lang='lat' dir='ltr'><strong>verbum</strong></span> <span class='ocrx_word' id='word_1_101' title='bbox 1169 1400 1457 1465; x_wconf 80' lang='lat' dir='ltr'><strong>Ascendo,</strong></span> <span class='ocrx_word' id='word_1_102' title='bbox 1491 1401 1785 1472; x_wconf 81' lang='lat' dir='ltr'><strong>signiﬁcat</strong></span> <span class='ocrx_word' id='word_1_103' title='bbox 1814 1400 2144 1457; x_wconf 85' lang='lat' dir='ltr'><strong>Ascendere</strong></span> 
     </span>
    </p>
   </div>
   <div class='ocr_carea' id='block_1_18' title="bbox 495 1489 2142 1564">
    <p class='ocr_par' dir='ltr' id='par_1_18' title="bbox 495 1489 2142 1564">
     <span class='ocr_line' id='line_1_18' title="bbox 495 1489 2142 1564; baseline -0.003 -16"><span class='ocrx_word' id='word_1_104' title='bbox 495 1491 653 1557; x_wconf 87' lang='lat' dir='ltr'><strong>volo,</strong></span> <span class='ocrx_word' id='word_1_105' title='bbox 715 1489 880 1564; x_wconf 89' lang='lat' dir='ltr'><strong>quod</strong></span> <span class='ocrx_word' id='word_1_106' title='bbox 933 1495 1132 1546; x_wconf 88' lang='lat' dir='ltr'><strong>tamen</strong></span> <span class='ocrx_word' id='word_1_107' title='bbox 1182 1489 1261 1546; x_wconf 90' lang='lat' dir='ltr'><strong>ad</strong></span> <span class='ocrx_word' id='word_1_108' title='bbox 1312 1489 1553 1558; x_wconf 82' lang='lat' dir='ltr'><strong>longius</strong></span> <span class='ocrx_word' id='word_1_109' title='bbox 1619 1496 1860 1562; x_wconf 90' lang='lat' dir='ltr'><strong>tempus</strong></span> <span class='ocrx_word' id='word_1_110' title='bbox 1915 1489 2142 1546; x_wconf 86' lang='lat' dir='ltr'><strong>extendi</strong></span> 
     </span>
    </p>
   </div>
   <div class='ocr_carea' id='block_1_19' title="bbox 492 1584 704 1656">
    <p class='ocr_par' dir='ltr' id='par_1_19' title="bbox 492 1584 704 1656">
     <span class='ocr_line' id='line_1_19' title="bbox 492 1584 704 1656; baseline -0.009 -18"><span class='ocrx_word' id='word_1_111' title='bbox 492 1584 704 1656; x_wconf 90' lang='lat' dir='ltr'><strong>potest.</strong></span> 
     </span>
    </p>
   </div>
   <div class='ocr_carea' id='block_1_20' title="bbox 564 1668 2221 1742">
    <p class='ocr_par' dir='ltr' id='par_1_20' title="bbox 564 1668 2221 1742">
     <span class='ocr_line' id='line_1_20' title="bbox 564 1668 2221 1742; baseline -0.001 -17"><span class='ocrx_word' id='word_1_112' title='bbox 564 1668 884 1742; x_wconf 90' lang='lat' dir='ltr'><strong>Discipulis</strong></span> <span class='ocrx_word' id='word_1_113' title='bbox 915 1674 1114 1725; x_wconf 90' lang='lat' dir='ltr'><strong>autem</strong></span> <span class='ocrx_word' id='word_1_114' title='bbox 1148 1668 1224 1725; x_wconf 93' lang='lat' dir='ltr'><strong>ad</strong></span> <span class='ocrx_word' id='word_1_115' title='bbox 1247 1669 1598 1725; x_wconf 90' lang='lat' dir='ltr'><strong>memoriam</strong></span> <span class='ocrx_word' id='word_1_116' title='bbox 1625 1672 1866 1725; x_wconf 89' lang='lat' dir='ltr'><strong>revocat</strong></span> <span class='ocrx_word' id='word_1_117' title='bbox 1892 1669 1952 1724; x_wconf 91' lang='lat' dir='ltr'><strong>id</strong></span> <span class='ocrx_word' id='word_1_118' title='bbox 1979 1670 2141 1741; x_wconf 92' lang='lat' dir='ltr'><strong>quod</strong></span> <span class='ocrx_word' id='word_1_119' title='bbox 2182 1686 2221 1740; x_wconf 77' lang='grc' dir='ltr'>Β</span> 
     </span>
    </p>
   </div>
   <div class='ocr_carea' id='block_1_21' title="bbox 495 1757 2141 1832">
    <p class='ocr_par' dir='ltr' id='par_1_21' title="bbox 495 1757 2141 1832">
     <span class='ocr_line' id='line_1_21' title="bbox 495 1757 2141 1832; baseline 0 -18"><span class='ocrx_word' id='word_1_120' title='bbox 495 1761 848 1832; x_wconf 80' lang='lat' dir='ltr'><strong>frequenter,</strong></span> <span class='ocrx_word' id='word_1_121' title='bbox 897 1759 1251 1830; x_wconf 87' lang='lat' dir='ltr'><strong>priusquam</strong></span> <span class='ocrx_word' id='word_1_122' title='bbox 1297 1757 1547 1814; x_wconf 86' lang='lat' dir='ltr'><strong>traditus</strong></span> <span class='ocrx_word' id='word_1_123' title='bbox 1601 1762 1772 1829; x_wconf 82' lang='lat' dir='ltr'><strong>esset,</strong></span> <span class='ocrx_word' id='word_1_124' title='bbox 1825 1757 1936 1813; x_wconf 92' lang='lat' dir='ltr'><strong>illis</strong></span> <span class='ocrx_word' id='word_1_125' title='bbox 1985 1758 2141 1814; x_wconf 83' lang='lat' dir='ltr'><strong>dixe-</strong></span> 
     </span>
    </p>
   </div>
   <div class='ocr_carea' id='block_1_22' title="bbox 492 1846 2143 1919">
    <p class='ocr_par' dir='ltr' id='par_1_22' title="bbox 492 1846 2143 1919">
     <span class='ocr_line' id='line_1_22' title="bbox 492 1846 2143 1919; baseline -0.001 -13"><span class='ocrx_word' id='word_1_126' title='bbox 492 1855 602 1906; x_wconf 88' lang='lat' dir='ltr'><strong>rat.</strong></span> <span class='ocrx_word' id='word_1_127' title='bbox 638 1851 865 1905; x_wconf 86' lang='lat' dir='ltr'><strong>Fratres</strong></span> <span class='ocrx_word' id='word_1_128' title='bbox 896 1862 1036 1902; x_wconf 93' lang='lat' dir='ltr'><strong>vero</strong></span> <span class='ocrx_word' id='word_1_129' title='bbox 1067 1862 1207 1902; x_wconf 90' lang='lat' dir='ltr'><strong>suos</strong></span> <span class='ocrx_word' id='word_1_130' title='bbox 1234 1846 1587 1917; x_wconf 86' lang='lat' dir='ltr'><strong>nominavit,</strong></span> <span class='ocrx_word' id='word_1_131' title='bbox 1621 1853 1899 1919; x_wconf 89' lang='lat' dir='ltr'><strong>tanquam</strong></span> <span class='ocrx_word' id='word_1_132' title='bbox 1928 1852 1984 1902; x_wconf 91' lang='lat' dir='ltr'><strong>et</strong></span> <span class='ocrx_word' id='word_1_133' title='bbox 2013 1848 2143 1919; x_wconf 91' lang='lat' dir='ltr'><strong>ipse</strong></span> 
     </span>
    </p>
   </div>
   <div class='ocr_carea' id='block_1_23' title="bbox 493 1937 2003 2006">
    <p class='ocr_par' dir='ltr' id='par_1_23' title="bbox 493 1937 2003 2006">
     <span class='ocr_line' id='line_1_23' title="bbox 493 1937 2003 2006; baseline -0.004 -12"><span class='ocrx_word' id='word_1_134' title='bbox 493 1939 695 2002; x_wconf 88' lang='lat' dir='ltr'><strong>homo,</strong></span> <span class='ocrx_word' id='word_1_135' title='bbox 727 1941 783 1993; x_wconf 89' lang='lat' dir='ltr'><strong>et</strong></span> <span class='ocrx_word' id='word_1_136' title='bbox 807 1942 1098 2006; x_wconf 84' lang='lat' dir='ltr'><strong>cognatus</strong></span> <span class='ocrx_word' id='word_1_137' title='bbox 1118 1951 1326 1991; x_wconf 89' lang='lat' dir='ltr'><strong>eorum</strong></span> <span class='ocrx_word' id='word_1_138' title='bbox 1352 1937 1524 2006; x_wconf 81' lang='lat' dir='ltr'><strong>juxta</strong></span> <span class='ocrx_word' id='word_1_139' title='bbox 1549 1937 2003 1991; x_wconf 85' lang='lat' dir='ltr'><strong>humanitatem.</strong></span> 
     </span>
    </p>
   </div>
   <div class='ocr_carea' id='block_1_24' title="bbox 568 2024 2142 2090">
    <p class='ocr_par' dir='ltr' id='par_1_24' title="bbox 568 2024 2142 2090">
     <span class='ocr_line' id='line_1_24' title="bbox 568 2024 2142 2090; baseline -0.001 -8"><span class='ocrx_word' id='word_1_140' title='bbox 568 2027 686 2082; x_wconf 78' lang='lat' dir='ltr'><strong>Alio</strong></span> <span class='ocrx_word' id='word_1_141' title='bbox 713 2029 914 2081; x_wconf 85' lang='lat' dir='ltr'><strong>tamen</strong></span> <span class='ocrx_word' id='word_1_142' title='bbox 951 2024 1133 2081; x_wconf 91' lang='lat' dir='ltr'><strong>modo</strong></span> <span class='ocrx_word' id='word_1_143' title='bbox 1163 2027 1391 2080; x_wconf 90' lang='lat' dir='ltr'><strong>Patrem</strong></span> <span class='ocrx_word' id='word_1_144' title='bbox 1417 2024 1564 2080; x_wconf 88' lang='lat' dir='ltr'><strong>dixit</strong></span> <span class='ocrx_word' id='word_1_145' title='bbox 1594 2025 1828 2080; x_wconf 86' lang='lat' dir='ltr'><strong>Patrem</strong></span> <span class='ocrx_word' id='word_1_146' title='bbox 1861 2041 2059 2090; x_wconf 87' lang='lat' dir='ltr'><strong>suum,</strong></span> <span class='ocrx_word' id='word_1_147' title='bbox 2089 2029 2142 2081; x_wconf 91' lang='lat' dir='ltr'><strong>et</strong></span> 
     </span>
    </p>
   </div>
   <div class='ocr_carea' id='block_1_25' title="bbox 495 2112 2142 2185">
    <p class='ocr_par' dir='ltr' id='par_1_25' title="bbox 495 2112 2142 2185">
     <span class='ocr_line' id='line_1_25' title="bbox 495 2112 2142 2185; baseline -0.002 -13"><span class='ocrx_word' id='word_1_148' title='bbox 495 2117 613 2173; x_wconf 89' lang='lat' dir='ltr'><strong>alio</strong></span> <span class='ocrx_word' id='word_1_149' title='bbox 661 2112 1090 2185; x_wconf 90' lang='lat' dir='ltr'><strong>discipulorum</strong></span> <span class='ocrx_word' id='word_1_150' title='bbox 1144 2132 1157 2169; x_wconf 92' lang='lat'><strong>:</strong></span> <span class='ocrx_word' id='word_1_151' title='bbox 1210 2130 1384 2168; x_wconf 92' lang='lat' dir='ltr'><strong>suum</strong></span> <span class='ocrx_word' id='word_1_152' title='bbox 1432 2115 1673 2185; x_wconf 90' lang='lat' dir='ltr'><strong>quidem</strong></span> <span class='ocrx_word' id='word_1_153' title='bbox 1731 2120 1964 2182; x_wconf 88' lang='lat' dir='ltr'><strong>natura,</strong></span> <span class='ocrx_word' id='word_1_154' title='bbox 2018 2119 2142 2170; x_wconf 89' lang='lat' dir='ltr'><strong>tan-</strong></span> 
     </span>
    </p>
   </div>
   <div class='ocr_carea' id='block_1_26' title="bbox 495 2203 2138 2280">
    <p class='ocr_par' dir='ltr' id='par_1_26' title="bbox 495 2203 2138 2280">
     <span class='ocr_line' id='line_1_26' title="bbox 495 2203 2138 2280; baseline -0.002 -18"><span class='ocrx_word' id='word_1_155' title='bbox 495 2221 678 2280; x_wconf 89' lang='lat' dir='ltr'><strong>quam</strong></span> <span class='ocrx_word' id='word_1_156' title='bbox 743 2203 1013 2274; x_wconf 89' lang='lat' dir='ltr'><strong>ejusdem</strong></span> <span class='ocrx_word' id='word_1_157' title='bbox 1054 2204 1400 2258; x_wconf 78' lang='lat' dir='ltr'><strong>substantiae</strong></span> <span class='ocrx_word' id='word_1_158' title='bbox 1452 2221 1464 2269; x_wconf 93' lang='lat'>;</span> <span class='ocrx_word' id='word_1_159' title='bbox 1507 2203 1939 2273; x_wconf 89' lang='lat' dir='ltr'><strong>discipulorum</strong></span> <span class='ocrx_word' id='word_1_160' title='bbox 1975 2219 2138 2270; x_wconf 88' lang='lat' dir='ltr'><strong>vero,</strong></span> 
     </span>
    </p>
   </div>
   <div class='ocr_carea' id='block_1_27' title="bbox 491 2291 2140 2363">
    <p class='ocr_par' dir='ltr' id='par_1_27' title="bbox 491 2291 2140 2363">
     <span class='ocr_line' id='line_1_27' title="bbox 491 2291 2140 2363; baseline -0.001 -14"><span class='ocrx_word' id='word_1_161' title='bbox 491 2294 719 2350; x_wconf 89' lang='lat' dir='ltr'><strong>ratione</strong></span> <span class='ocrx_word' id='word_1_162' title='bbox 751 2291 1062 2346; x_wconf 88' lang='lat' dir='ltr'><strong>creationis</strong></span> <span class='ocrx_word' id='word_1_163' title='bbox 1107 2307 1177 2346; x_wconf 89' lang='lat' dir='ltr'><strong>ac</strong></span> <span class='ocrx_word' id='word_1_164' title='bbox 1202 2291 1612 2363; x_wconf 68' lang='lat' dir='ltr'><strong>providentiae,</strong></span> <span class='ocrx_word' id='word_1_165' title='bbox 1648 2298 1934 2363; x_wconf 88' lang='lat' dir='ltr'><strong>tanquam</strong></span> <span class='ocrx_word' id='word_1_166' title='bbox 1981 2308 2140 2348; x_wconf 87' lang='lat' dir='ltr'><strong>crea-</strong></span> 
     </span>
    </p>
   </div>
   <div class='ocr_carea' id='block_1_28' title="bbox 489 2380 2138 2452">
    <p class='ocr_par' dir='ltr' id='par_1_28' title="bbox 489 2380 2138 2452">
     <span class='ocr_line' id='line_1_28' title="bbox 489 2380 2138 2452; baseline -0.001 -12"><span class='ocrx_word' id='word_1_167' title='bbox 489 2387 758 2440; x_wconf 89' lang='lat' dir='ltr'><strong>turarum</strong></span> <span class='ocrx_word' id='word_1_168' title='bbox 777 2397 845 2437; x_wconf 89' lang='lat' dir='ltr'><strong>ac</strong></span> <span class='ocrx_word' id='word_1_169' title='bbox 867 2380 1240 2452; x_wconf 87' lang='lat' dir='ltr'><strong>providentia</strong></span> <span class='ocrx_word' id='word_1_170' title='bbox 1268 2380 1610 2451; x_wconf 88' lang='lat' dir='ltr'><strong>dignorum.</strong></span> <span class='ocrx_word' id='word_1_171' title='bbox 1641 2383 1826 2437; x_wconf 91' lang='lat' dir='ltr'><strong>Deum</strong></span> <span class='ocrx_word' id='word_1_172' title='bbox 1857 2386 2051 2438; x_wconf 89' lang='lat' dir='ltr'><strong>autem</strong></span> <span class='ocrx_word' id='word_1_173' title='bbox 2081 2388 2138 2439; x_wconf 89' lang='lat' dir='ltr'><strong>et</strong></span> 
     </span>
    </p>
   </div>
   <div class='ocr_carea' id='block_1_29' title="bbox 489 2469 1822 2542">
    <p class='ocr_par' dir='ltr' id='par_1_29' title="bbox 489 2469 1822 2542">
     <span class='ocr_line' id='line_1_29' title="bbox 489 2469 1822 2542; baseline -0.003 -14"><span class='ocrx_word' id='word_1_174' title='bbox 489 2488 667 2528; x_wconf 90' lang='lat' dir='ltr'><strong>suum</strong></span> <span class='ocrx_word' id='word_1_175' title='bbox 692 2475 749 2527; x_wconf 89' lang='lat' dir='ltr'><strong>et</strong></span> <span class='ocrx_word' id='word_1_176' title='bbox 773 2469 1225 2542; x_wconf 91' lang='lat' dir='ltr'><strong>discipulorum,</strong></span> <span class='ocrx_word' id='word_1_177' title='bbox 1255 2475 1456 2542; x_wconf 88' lang='lat' dir='ltr'><strong>utpote</strong></span> <span class='ocrx_word' id='word_1_178' title='bbox 1488 2470 1822 2526; x_wconf 89' lang='lat' dir='ltr'><strong>hominum.</strong></span> 
     </span>
    </p>
   </div>
   <div class='ocr_carea' id='block_1_30' title="bbox 559 2559 2138 2634">
    <p class='ocr_par' dir='ltr' id='par_1_30' title="bbox 559 2559 2138 2634">
     <span class='ocr_line' id='line_1_30' title="bbox 559 2559 2138 2634; baseline 0.001 -18"><span class='ocrx_word' id='word_1_179' title='bbox 559 2562 626 2618; x_wconf 90' lang='lat' dir='ltr'><strong>Et</strong></span> <span class='ocrx_word' id='word_1_180' title='bbox 667 2575 853 2634; x_wconf 88' lang='lat' dir='ltr'><strong>quare</strong></span> <span class='ocrx_word' id='word_1_181' title='bbox 883 2575 1008 2615; x_wconf 89' lang='lat' dir='ltr'><strong>non</strong></span> <span class='ocrx_word' id='word_1_182' title='bbox 1065 2559 1414 2632; x_wconf 90' lang='lat' dir='ltr'><strong>simpliciter</strong></span> <span class='ocrx_word' id='word_1_183' title='bbox 1463 2560 1645 2616; x_wconf 88' lang='lat' dir='ltr'><strong>dixit:</strong></span> <span class='ocrx_word' id='word_1_184' title='bbox 1691 2563 1755 2616; x_wconf 86' lang='lat' dir='ltr'><strong>Et</strong></span> <span class='ocrx_word' id='word_1_185' title='bbox 1803 2562 1988 2616; x_wconf 91' lang='lat' dir='ltr'><strong>Deum</strong></span> <span class='ocrx_word' id='word_1_186' title='bbox 2037 2577 2138 2617; x_wconf 91' lang='lat' dir='ltr'><strong>no-</strong></span> 
     </span>
    </p>
   </div>
   <div class='ocr_carea' id='block_1_31' title="bbox 488 2649 2137 2719">
    <p class='ocr_par' dir='ltr' id='par_1_31' title="bbox 488 2649 2137 2719">
     <span class='ocr_line' id='line_1_31' title="bbox 488 2649 2137 2719; baseline -0.001 -12"><span class='ocrx_word' id='word_1_187' title='bbox 488 2655 699 2719; x_wconf 91' lang='lat' dir='ltr'><strong>strum,</strong></span> <span class='ocrx_word' id='word_1_188' title='bbox 729 2649 836 2706; x_wconf 87' lang='lat' dir='ltr'><strong>sed</strong></span> <span class='ocrx_word' id='word_1_189' title='bbox 866 2650 1044 2705; x_wconf 88' lang='lat' dir='ltr'><strong>etiam</strong></span> <span class='ocrx_word' id='word_1_190' title='bbox 1076 2649 1170 2704; x_wconf 91' lang='lat' dir='ltr'><strong>hic</strong></span> <span class='ocrx_word' id='word_1_191' title='bbox 1225 2649 1489 2705; x_wconf 87' lang='lat' dir='ltr'><strong>distinxit</strong></span> <span class='ocrx_word' id='word_1_192' title='bbox 1517 2650 1544 2703; x_wconf 70' lang='lat'><strong>‘2</strong></span> <span class='ocrx_word' id='word_1_193' title='bbox 1576 2650 1738 2716; x_wconf 86' lang='lat' dir='ltr'><strong>Quia,</strong></span> <span class='ocrx_word' id='word_1_194' title='bbox 1791 2651 1923 2706; x_wconf 91' lang='lat' dir='ltr'><strong>licet</strong></span> <span class='ocrx_word' id='word_1_195' title='bbox 1953 2651 2137 2706; x_wconf 87' lang='lat' dir='ltr'><strong>homo</strong></span> 
     </span>
    </p>
   </div>
   <div class='ocr_carea' id='block_1_32' title="bbox 485 2738 2133 2804">
    <p class='ocr_par' dir='ltr' id='par_1_32' title="bbox 485 2738 2133 2804">
     <span class='ocr_line' id='line_1_32' title="bbox 485 2738 2133 2804; baseline -0.001 -7"><span class='ocrx_word' id='word_1_196' title='bbox 485 2741 676 2797; x_wconf 88' lang='lat' dir='ltr'><strong>factus</strong></span> <span class='ocrx_word' id='word_1_197' title='bbox 725 2743 813 2795; x_wconf 92' lang='lat' dir='ltr'><strong>est</strong></span> <span class='ocrx_word' id='word_1_198' title='bbox 842 2743 898 2795; x_wconf 89' lang='lat' dir='ltr'><strong>et</strong></span> <span class='ocrx_word' id='word_1_199' title='bbox 945 2738 1124 2794; x_wconf 88' lang='lat' dir='ltr'><strong>frater</strong></span> <span class='ocrx_word' id='word_1_200' title='bbox 1154 2754 1381 2804; x_wconf 90' lang='lat' dir='ltr'><strong>eorum,</strong></span> <span class='ocrx_word' id='word_1_201' title='bbox 1439 2744 1654 2795; x_wconf 87' lang='lat' dir='ltr'><strong>natura</strong></span> <span class='ocrx_word' id='word_1_202' title='bbox 1694 2739 2084 2795; x_wconf 88' lang='lat' dir='ltr'><strong>humanitatis</strong></span> <span class='ocrx_word' id='word_1_203' title='bbox 2120 2757 2133 2795; x_wconf 91' lang='lat'>:</span> 
     </span>
    </p>
   </div>
   <div class='ocr_carea' id='block_1_33' title="bbox 484 2827 2136 2900">
    <p class='ocr_par' dir='ltr' id='par_1_33' title="bbox 484 2827 2136 2900">
     <span class='ocr_line' id='line_1_33' title="bbox 484 2827 2136 2900; baseline -0.002 -14"><span class='ocrx_word' id='word_1_204' title='bbox 484 2829 712 2886; x_wconf 91' lang='lat' dir='ltr'><strong>honore</strong></span> <span class='ocrx_word' id='word_1_205' title='bbox 747 2835 944 2884; x_wconf 89' lang='lat' dir='ltr'><strong>tamen</strong></span> <span class='ocrx_word' id='word_1_206' title='bbox 978 2827 1299 2900; x_wconf 91' lang='lat' dir='ltr'><strong>plurimum</strong></span> <span class='ocrx_word' id='word_1_207' title='bbox 1329 2827 1406 2883; x_wconf 91' lang='lat' dir='ltr'><strong>ab</strong></span> <span class='ocrx_word' id='word_1_208' title='bbox 1437 2827 1520 2883; x_wconf 89' lang='lat' dir='ltr'><strong>eis</strong></span> <span class='ocrx_word' id='word_1_209' title='bbox 1545 2827 1878 2895; x_wconf 81' lang='lat' dir='ltr'><strong>differebat,</strong></span> <span class='ocrx_word' id='word_1_210' title='bbox 1914 2834 1967 2885; x_wconf 91' lang='lat' dir='ltr'><strong>et</strong></span> <span class='ocrx_word' id='word_1_211' title='bbox 1990 2829 2136 2884; x_wconf 87' lang='lat' dir='ltr'><strong>divi—</strong></span> 
     </span>
    </p>
   </div>
   <div class='ocr_carea' id='block_1_34' title="bbox 485 2917 1598 2988">
    <p class='ocr_par' dir='ltr' id='par_1_34' title="bbox 485 2917 1598 2988">
     <span class='ocr_line' id='line_1_34' title="bbox 485 2917 1598 2988; baseline -0.005 -13"><span class='ocrx_word' id='word_1_212' title='bbox 485 2919 688 2975; x_wconf 87' lang='lat' dir='ltr'><strong>nitatis</strong></span> <span class='ocrx_word' id='word_1_213' title='bbox 721 2919 941 2973; x_wconf 89' lang='lat' dir='ltr'><strong>unione</strong></span> <span class='ocrx_word' id='word_1_214' title='bbox 982 2933 1051 2972; x_wconf 91' lang='lat' dir='ltr'><strong>ac</strong></span> <span class='ocrx_word' id='word_1_215' title='bbox 1082 2917 1598 2988; x_wconf 89' lang='lat' dir='ltr'><strong>impeccabilitate.</strong></span> 
     </span>
    </p>
   </div>
   <div class='ocr_carea' id='block_1_35' title="bbox 557 3006 2207 3092">
    <p class='ocr_par' dir='ltr' id='par_1_35' title="bbox 557 3006 2207 3092">
     <span class='ocr_line' id='line_1_35' title="bbox 557 3006 2207 3092; baseline 0 -30"><span class='ocrx_word' id='word_1_216' title='bbox 557 3008 720 3062; x_wconf 85' lang='lat' dir='ltr'><strong>Vers.</strong></span> <span class='ocrx_word' id='word_1_217' title='bbox 756 3009 838 3061; x_wconf 88' lang='grc'><strong>18.</strong></span> <span class='ocrx_word' id='word_1_218' title='bbox 881 3007 1044 3063; x_wconf 84' lang='lat' dir='ltr'><strong>Venit</strong></span> <span class='ocrx_word' id='word_1_219' title='bbox 1069 3037 1136 3048; x_wconf 91' lang='lat'><strong>-—</strong></span> <span class='ocrx_word' id='word_1_220' title='bbox 1167 3007 1298 3060; x_wconf 85' lang='lat' dir='ltr'><strong>sibi.</strong></span> <span class='ocrx_word' id='word_1_221' title='bbox 1333 3009 1397 3061; x_wconf 89' lang='lat' dir='ltr'><strong>Et</strong></span> <span class='ocrx_word' id='word_1_222' title='bbox 1427 3007 1589 3078; x_wconf 90' lang='lat' dir='ltr'><strong>quod</strong></span> <span class='ocrx_word' id='word_1_223' title='bbox 1617 3021 1689 3062; x_wconf 91' lang='lat' dir='ltr'><strong>ea</strong></span> <span class='ocrx_word' id='word_1_224' title='bbox 1722 3006 1836 3061; x_wconf 88' lang='lat' dir='ltr'><strong>sibi</strong></span> <span class='ocrx_word' id='word_1_225' title='bbox 1867 3007 2130 3071; x_wconf 83' lang='lat' dir='ltr'><strong>dixisset,</strong></span> <span class='ocrx_word' id='word_1_226' title='bbox 2167 3036 2207 3092; x_wconf 66' lang='grc' dir='ltr'><strong>ρ</strong></span> 
     </span>
    </p>
   </div>
   <div class='ocr_carea' id='block_1_36' title="bbox 483 3095 2135 3170">
    <p class='ocr_par' dir='ltr' id='par_1_36' title="bbox 483 3095 2135 3170">
     <span class='ocr_line' id='line_1_36' title="bbox 483 3095 2135 3170; baseline -0.001 -18"><span class='ocrx_word' id='word_1_227' title='bbox 483 3113 619 3170; x_wconf 72' lang='lat' dir='ltr'><strong>qum</strong></span> <span class='ocrx_word' id='word_1_228' title='bbox 646 3095 919 3151; x_wconf 85' lang='lat' dir='ltr'><strong>videlicet</strong></span> <span class='ocrx_word' id='word_1_229' title='bbox 964 3097 1014 3151; x_wconf 91' lang='lat' dir='ltr'><strong>ei</strong></span> <span class='ocrx_word' id='word_1_230' title='bbox 1043 3097 1276 3152; x_wconf 89' lang='lat' dir='ltr'><strong>locutus</strong></span> <span class='ocrx_word' id='word_1_231' title='bbox 1318 3096 1527 3166; x_wconf 81' lang='lat' dir='ltr'><strong>fuerat,</strong></span> <span class='ocrx_word' id='word_1_232' title='bbox 1561 3100 1617 3151; x_wconf 91' lang='lat' dir='ltr'><strong>et</strong></span> <span class='ocrx_word' id='word_1_233' title='bbox 1647 3095 1788 3167; x_wconf 88' lang='lat' dir='ltr'><strong>quia</strong></span> <span class='ocrx_word' id='word_1_234' title='bbox 1820 3096 2135 3152; x_wconf 86' lang='lat' dir='ltr'><strong>verisimile</strong></span> 
     </span>
    </p>
   </div>
   <div class='ocr_carea' id='block_1_37' title="bbox 483 3185 2133 3258">
    <p class='ocr_par' dir='ltr' id='par_1_37' title="bbox 483 3185 2133 3258">
     <span class='ocr_line' id='line_1_37' title="bbox 483 3185 2133 3258; baseline -0.002 -16"><span class='ocrx_word' id='word_1_235' title='bbox 483 3190 608 3242; x_wconf 89' lang='lat' dir='ltr'><strong>erat</strong></span> <span class='ocrx_word' id='word_1_236' title='bbox 639 3185 980 3258; x_wconf 87' lang='lat' dir='ltr'><strong>discipulos,</strong></span> <span class='ocrx_word' id='word_1_237' title='bbox 1026 3201 1163 3240; x_wconf 89' lang='lat' dir='ltr'><strong>cum</strong></span> <span class='ocrx_word' id='word_1_238' title='bbox 1191 3185 1321 3240; x_wconf 60' lang='lat' dir='ltr'><strong>haec</strong></span> <span class='ocrx_word' id='word_1_239' title='bbox 1349 3185 1675 3250; x_wconf 88' lang='lat' dir='ltr'><strong>audissent,</strong></span> <span class='ocrx_word' id='word_1_240' title='bbox 1705 3191 1806 3240; x_wconf 89' lang='lat' dir='ltr'><strong>aut</strong></span> <span class='ocrx_word' id='word_1_241' title='bbox 1847 3201 1967 3241; x_wconf 91' lang='lat' dir='ltr'><strong>non</strong></span> <span class='ocrx_word' id='word_1_242' title='bbox 2015 3201 2133 3241; x_wconf 92' lang='lat' dir='ltr'><strong>cre-</strong></span> 
     </span>
    </p>
   </div>
   <div class='ocr_carea' id='block_1_38' title="bbox 482 3275 2134 3346">
    <p class='ocr_par' dir='ltr' id='par_1_38' title="bbox 482 3275 2134 3346">
     <span class='ocr_line' id='line_1_38' title="bbox 482 3275 2134 3346; baseline -0.001 -15"><span class='ocrx_word' id='word_1_243' title='bbox 482 3277 621 3331; x_wconf 88' lang='lat' dir='ltr'><strong>dere</strong></span> <span class='ocrx_word' id='word_1_244' title='bbox 699 3275 951 3340; x_wconf 89' lang='lat' dir='ltr'><strong>mulieri,</strong></span> <span class='ocrx_word' id='word_1_245' title='bbox 1016 3275 1165 3331; x_wconf 86' lang='lat' dir='ltr'><strong>sicut</strong></span> <span class='ocrx_word' id='word_1_246' title='bbox 1222 3289 1331 3329; x_wconf 92' lang='lat' dir='ltr'><strong>nec</strong></span> <span class='ocrx_word' id='word_1_247' title='bbox 1388 3275 1553 3346; x_wconf 86' lang='lat' dir='ltr'><strong>prius</strong></span> <span class='ocrx_word' id='word_1_248' title='bbox 1607 3291 1623 3328; x_wconf 88' lang='lat'><strong><em>:</em></strong></span> <span class='ocrx_word' id='word_1_249' title='bbox 1675 3281 1776 3330; x_wconf 89' lang='lat' dir='ltr'><strong>aut</strong></span> <span class='ocrx_word' id='word_1_250' title='bbox 1830 3275 2134 3330; x_wconf 88' lang='lat' dir='ltr'><strong>credentes</strong></span> 
     </span>
    </p>
   </div>
   <div class='ocr_carea' id='block_1_39' title="bbox 481 3363 2134 3438">
    <p class='ocr_par' dir='ltr' id='par_1_39' title="bbox 481 3363 2134 3438">
     <span class='ocr_line' id='line_1_39' title="bbox 481 3363 2134 3438; baseline -0.002 -18"><span class='ocrx_word' id='word_1_251' title='bbox 481 3366 724 3438; x_wconf 89' lang='lat' dir='ltr'><strong>(nempe</strong></span> <span class='ocrx_word' id='word_1_252' title='bbox 777 3381 914 3420; x_wconf 90' lang='lat' dir='ltr'><strong>cum</strong></span> <span class='ocrx_word' id='word_1_253' title='bbox 967 3368 1235 3420; x_wconf 83' lang='lat' dir='ltr'><strong>narraret</strong></span> <span class='ocrx_word' id='word_1_254' title='bbox 1284 3364 1617 3420; x_wconf 90' lang='lat' dir='ltr'><strong>conformia</strong></span> <span class='ocrx_word' id='word_1_255' title='bbox 1662 3363 1756 3418; x_wconf 92' lang='lat' dir='ltr'><strong>bis</strong></span> <span class='ocrx_word' id='word_1_256' title='bbox 1802 3380 1933 3435; x_wconf 70' lang='lat' dir='ltr'><strong>qua:</strong></span> <span class='ocrx_word' id='word_1_257' title='bbox 1975 3364 2134 3418; x_wconf 86' lang='lat' dir='ltr'><strong>vide-</strong></span> 
     </span>
    </p>
   </div>
   <div class='ocr_carea' id='block_1_40' title="bbox 479 3452 2136 3524">
    <p class='ocr_par' dir='ltr' id='par_1_40' title="bbox 479 3452 2136 3524">
     <span class='ocr_line' id='line_1_40' title="bbox 479 3452 2136 3524; baseline -0.001 -16"><span class='ocrx_word' id='word_1_258' title='bbox 479 3460 614 3510; x_wconf 88' lang='lat' dir='ltr'><strong>rant</strong></span> <span class='ocrx_word' id='word_1_259' title='bbox 641 3457 839 3510; x_wconf 89' lang='lat' dir='ltr'><strong>Petrus</strong></span> <span class='ocrx_word' id='word_1_260' title='bbox 866 3458 922 3508; x_wconf 87' lang='lat' dir='ltr'><strong>et</strong></span> <span class='ocrx_word' id='word_1_261' title='bbox 949 3454 1213 3509; x_wconf 84' lang='lat' dir='ltr'><strong>Joannes</strong></span> <span class='ocrx_word' id='word_1_262' title='bbox 1246 3452 1378 3524; x_wconf 87' lang='lat' dir='ltr'><strong>(cc),</strong></span> <span class='ocrx_word' id='word_1_263' title='bbox 1412 3452 1636 3516; x_wconf 92' lang='lat' dir='ltr'><strong>dolore,</strong></span> <span class='ocrx_word' id='word_1_264' title='bbox 1665 3453 1827 3524; x_wconf 88' lang='lat' dir='ltr'><strong>quod</strong></span> <span class='ocrx_word' id='word_1_265' title='bbox 1866 3454 1992 3524; x_wconf 93' lang='lat' dir='ltr'><strong>ipse</strong></span> <span class='ocrx_word' id='word_1_266' title='bbox 2032 3453 2136 3508; x_wconf 93' lang='lat' dir='ltr'><strong>hu-</strong></span> 
     </span>
    </p>
   </div>
   <div class='ocr_carea' id='block_1_41' title="bbox 477 3541 2129 3613">
    <p class='ocr_par' dir='ltr' id='par_1_41' title="bbox 477 3541 2129 3613">
     <span class='ocr_line' id='line_1_41' title="bbox 477 3541 2129 3613; baseline -0.001 -16"><span class='ocrx_word' id='word_1_267' title='bbox 477 3542 736 3613; x_wconf 87' lang='lat' dir='ltr'><strong>jusmodi</strong></span> <span class='ocrx_word' id='word_1_268' title='bbox 767 3547 1006 3612; x_wconf 84' lang='lat' dir='ltr'><strong>aspectu</strong></span> <span class='ocrx_word' id='word_1_269' title='bbox 1033 3542 1198 3610; x_wconf 87' lang='lat' dir='ltr'><strong>digni</strong></span> <span class='ocrx_word' id='word_1_270' title='bbox 1225 3541 1412 3596; x_wconf 84' lang='lat' dir='ltr'><strong>habiti</strong></span> <span class='ocrx_word' id='word_1_271' title='bbox 1444 3558 1564 3596; x_wconf 90' lang='lat' dir='ltr'><strong>non</strong></span> <span class='ocrx_word' id='word_1_272' title='bbox 1597 3541 1846 3603; x_wconf 86' lang='lat' dir='ltr'><strong>fuissent</strong></span> <span class='ocrx_word' id='word_1_273' title='bbox 1879 3558 1890 3594; x_wconf 92' lang='lat'><strong>:</strong></span> <span class='ocrx_word' id='word_1_274' title='bbox 1921 3541 2129 3596; x_wconf 88' lang='lat' dir='ltr'><strong>eodem</strong></span> 
     </span>
    </p>
   </div>
   <div class='ocr_carea' id='block_1_42' title="bbox 482 3629 2127 3701">
    <p class='ocr_par' dir='ltr' id='par_1_42' title="bbox 482 3629 2127 3701">
     <span class='ocr_line' id='line_1_42' title="bbox 482 3629 2127 3701; baseline -0.002 -15"><span class='ocrx_word' id='word_1_275' title='bbox 482 3632 578 3686; x_wconf 90' lang='lat' dir='ltr'><strong>die</strong></span> <span class='ocrx_word' id='word_1_276' title='bbox 606 3631 784 3686; x_wconf 90' lang='lat' dir='ltr'><strong>etiam</strong></span> <span class='ocrx_word' id='word_1_277' title='bbox 817 3631 928 3685; x_wconf 89' lang='lat' dir='ltr'><strong>illis</strong></span> <span class='ocrx_word' id='word_1_278' title='bbox 959 3634 1223 3701; x_wconf 85' lang='lat' dir='ltr'><strong>apparet.</strong></span> <span class='ocrx_word' id='word_1_279' title='bbox 1253 3629 1452 3684; x_wconf 87' lang='lat' dir='ltr'><strong>Primo</strong></span> <span class='ocrx_word' id='word_1_280' title='bbox 1478 3645 1741 3700; x_wconf 88' lang='lat' dir='ltr'><strong>namque</strong></span> <span class='ocrx_word' id='word_1_281' title='bbox 1768 3629 2127 3684; x_wconf 88' lang='lat' dir='ltr'><strong>desiderium</strong></span> 
     </span>
    </p>
   </div>
   <div class='ocr_carea' id='block_1_43' title="bbox 479 3717 2131 3775">
    <p class='ocr_par' dir='ltr' id='par_1_43' title="bbox 479 3717 2131 3775">
     <span class='ocr_line' id='line_1_43' title="bbox 479 3717 2131 3775; baseline -0.001 0"><span class='ocrx_word' id='word_1_282' title='bbox 479 3735 689 3775; x_wconf 88' lang='lat' dir='ltr'><strong>eorum</strong></span> <span class='ocrx_word' id='word_1_283' title='bbox 734 3718 968 3774; x_wconf 86' lang='lat' dir='ltr'><strong>exacuit</strong></span> <span class='ocrx_word' id='word_1_284' title='bbox 1026 3734 1038 3772; x_wconf 91' lang='lat'><strong>:</strong></span> <span class='ocrx_word' id='word_1_285' title='bbox 1094 3717 1305 3772; x_wconf 90' lang='lat' dir='ltr'><strong>deinde</strong></span> <span class='ocrx_word' id='word_1_286' title='bbox 1349 3718 1434 3771; x_wconf 88' lang='lat' dir='ltr'><strong>eis</strong></span> <span class='ocrx_word' id='word_1_287' title='bbox 1486 3717 1945 3772; x_wconf 89' lang='lat' dir='ltr'><strong>desiderabilius</strong></span> <span class='ocrx_word' id='word_1_288' title='bbox 2004 3735 2131 3774; x_wconf 89' lang='lat' dir='ltr'><strong>sese</strong></span> 
     </span>
    </p>
   </div>
   <div class='ocr_carea' id='block_1_44' title="bbox 480 3805 1734 3883">
    <p class='ocr_par' dir='ltr' id='par_1_44' title="bbox 480 3805 1734 3883">
     <span class='ocr_line' id='line_1_44' title="bbox 480 3805 1734 3883; baseline -0.004 -18"><span class='ocrx_word' id='word_1_289' title='bbox 480 3807 754 3883; x_wconf 68' lang='lat' dir='ltr'><strong>prmbuit,</strong></span> <span class='ocrx_word' id='word_1_290' title='bbox 779 3808 906 3879; x_wconf 89' lang='lat' dir='ltr'><strong>jam</strong></span> <span class='ocrx_word' id='word_1_291' title='bbox 937 3805 1135 3862; x_wconf 84' lang='lat' dir='ltr'><strong>videre</strong></span> <span class='ocrx_word' id='word_1_292' title='bbox 1157 3806 1734 3877; x_wconf 87' lang='lat' dir='ltr'><strong>concupiscentibus.</strong></span> 
     </span>
    </p>
   </div>
   <div class='ocr_carea' id='block_1_45' title="bbox 553 3896 2130 3966">
    <p class='ocr_par' dir='ltr' id='par_1_45' title="bbox 553 3896 2130 3966">
     <span class='ocr_line' id='line_1_45' title="bbox 553 3896 2130 3966; baseline -0.002 -12"><span class='ocrx_word' id='word_1_293' title='bbox 553 3898 718 3954; x_wconf 86' lang='lat' dir='ltr'><strong>Vers.</strong></span> <span class='ocrx_word' id='word_1_294' title='bbox 773 3901 856 3954; x_wconf 85' lang='grc'>19.</span> <span class='ocrx_word' id='word_1_295' title='bbox 903 3896 1052 3953; x_wconf 85' lang='lat' dir='ltr'><strong>Cum</strong></span> <span class='ocrx_word' id='word_1_296' title='bbox 1099 3911 1238 3966; x_wconf 86' lang='lat' dir='ltr'><strong>ergo</strong></span> <span class='ocrx_word' id='word_1_297' title='bbox 1283 3901 1426 3951; x_wconf 84' lang='lat' dir='ltr'><strong>esset</strong></span> <span class='ocrx_word' id='word_1_298' title='bbox 1473 3927 1540 3934; x_wconf 93' lang='lat'><strong>—</strong></span> <span class='ocrx_word' id='word_1_299' title='bbox 1593 3896 1802 3952; x_wconf 83' lang='lat' dir='ltr'><strong>medio.</strong></span> <span class='ocrx_word' id='word_1_300' title='bbox 1857 3896 1948 3954; x_wconf 84' lang='lat' dir='ltr'><strong>Ad</strong></span> <span class='ocrx_word' id='word_1_301' title='bbox 2008 3913 2130 3951; x_wconf 87' lang='lat' dir='ltr'><strong>ves-</strong></span> 
     </span>
    </p>
   </div>
   <div class='ocr_carea' id='block_1_46' title="bbox 478 3985 2128 4062">
    <p class='ocr_par' dir='ltr' id='par_1_46' title="bbox 478 3985 2128 4062">
     <span class='ocr_line' id='line_1_46' title="bbox 478 3985 2128 4062; baseline -0.002 -17"><span class='ocrx_word' id='word_1_302' title='bbox 478 4004 684 4062; x_wconf 87' lang='lat' dir='ltr'><strong>peram</strong></span> <span class='ocrx_word' id='word_1_303' title='bbox 714 3988 894 4056; x_wconf 88' lang='lat' dir='ltr'><strong>venit,</strong></span> <span class='ocrx_word' id='word_1_304' title='bbox 927 3987 1174 4059; x_wconf 90' lang='lat' dir='ltr'><strong>quando</strong></span> <span class='ocrx_word' id='word_1_305' title='bbox 1221 3986 1414 4055; x_wconf 86' lang='lat' dir='ltr'><strong>magis</strong></span> <span class='ocrx_word' id='word_1_306' title='bbox 1442 3985 1736 4041; x_wconf 86' lang='lat' dir='ltr'><strong>timebant</strong></span> <span class='ocrx_word' id='word_1_307' title='bbox 1782 3990 1840 4040; x_wconf 92' lang='lat' dir='ltr'><strong>et</strong></span> <span class='ocrx_word' id='word_1_308' title='bbox 1886 4003 2023 4042; x_wconf 91' lang='lat' dir='ltr'><strong>cum</strong></span> <span class='ocrx_word' id='word_1_309' title='bbox 2057 3988 2128 4042; x_wconf 87' lang='lat' dir='ltr'><strong>si-</strong></span> 
     </span>
    </p>
   </div>
   <div class='ocr_carea' id='block_1_47' title="bbox 477 4075 2131 4148">
    <p class='ocr_par' dir='ltr' id='par_1_47' title="bbox 477 4075 2131 4148">
     <span class='ocr_line' id='line_1_47' title="bbox 477 4075 2131 4148; baseline -0.002 -13"><span class='ocrx_word' id='word_1_310' title='bbox 477 4079 605 4135; x_wconf 92' lang='lat' dir='ltr'><strong>mul</strong></span> <span class='ocrx_word' id='word_1_311' title='bbox 628 4083 830 4134; x_wconf 85' lang='lat' dir='ltr'><strong>essent</strong></span> <span class='ocrx_word' id='word_1_312' title='bbox 855 4076 1218 4147; x_wconf 86' lang='lat' dir='ltr'><strong>congregati,</strong></span> <span class='ocrx_word' id='word_1_313' title='bbox 1254 4081 1309 4130; x_wconf 90' lang='lat' dir='ltr'><strong>et</strong></span> <span class='ocrx_word' id='word_1_314' title='bbox 1330 4075 1573 4146; x_wconf 89' lang='lat' dir='ltr'><strong>quidem</strong></span> <span class='ocrx_word' id='word_1_315' title='bbox 1598 4076 1815 4146; x_wconf 85' lang='lat' dir='ltr'><strong>januas</strong></span> <span class='ocrx_word' id='word_1_316' title='bbox 1847 4092 1968 4131; x_wconf 89' lang='lat' dir='ltr'><strong>non</strong></span> <span class='ocrx_word' id='word_1_317' title='bbox 2003 4077 2131 4148; x_wconf 91' lang='lat' dir='ltr'><strong>pul-</strong></span> 
     </span>
    </p>
   </div>
   <div class='ocr_carea' id='block_1_48' title="bbox 479 4164 2126 4238">
    <p class='ocr_par' dir='ltr' id='par_1_48' title="bbox 479 4164 2126 4238">
     <span class='ocr_line' id='line_1_48' title="bbox 479 4164 2126 4238; baseline -0.003 -15"><span class='ocrx_word' id='word_1_318' title='bbox 479 4169 651 4238; x_wconf 88' lang='lat' dir='ltr'><strong>savit,</strong></span> <span class='ocrx_word' id='word_1_319' title='bbox 701 4183 775 4223; x_wconf 90' lang='lat' dir='ltr'><strong>ne</strong></span> <span class='ocrx_word' id='word_1_320' title='bbox 828 4166 1231 4230; x_wconf 88' lang='lat' dir='ltr'><strong>turbarentur,</strong></span> <span class='ocrx_word' id='word_1_321' title='bbox 1261 4165 1365 4219; x_wconf 92' lang='lat' dir='ltr'><strong>sed</strong></span> <span class='ocrx_word' id='word_1_322' title='bbox 1391 4165 1606 4220; x_wconf 90' lang='lat' dir='ltr'><strong>clausis</strong></span> <span class='ocrx_word' id='word_1_323' title='bbox 1665 4164 1778 4220; x_wconf 90' lang='lat' dir='ltr'><strong>illis</strong></span> <span class='ocrx_word' id='word_1_324' title='bbox 1846 4165 2126 4231; x_wconf 83' lang='lat' dir='ltr'><strong>introivit,</strong></span> 
     </span>
    </p>
   </div>
   <div class='ocr_carea' id='block_1_49' title="bbox 475 4255 2130 4330">
    <p class='ocr_par' dir='ltr' id='par_1_49' title="bbox 475 4255 2130 4330">
     <span class='ocr_line' id='line_1_49' title="bbox 475 4255 2130 4330; baseline -0.002 -16"><span class='ocrx_word' id='word_1_325' title='bbox 475 4263 766 4330; x_wconf 88' lang='lat' dir='ltr'><strong>tanquam</strong></span> <span class='ocrx_word' id='word_1_326' title='bbox 811 4259 983 4324; x_wconf 89' lang='lat' dir='ltr'><strong>Deus,</strong></span> <span class='ocrx_word' id='word_1_327' title='bbox 1037 4259 1092 4310; x_wconf 90' lang='lat' dir='ltr'><strong>et</strong></span> <span class='ocrx_word' id='word_1_328' title='bbox 1141 4255 1310 4326; x_wconf 87' lang='lat' dir='ltr'><strong>quasi</strong></span> <span class='ocrx_word' id='word_1_329' title='bbox 1343 4269 1590 4326; x_wconf 91' lang='lat' dir='ltr'><strong>corpore</strong></span> <span class='ocrx_word' id='word_1_330' title='bbox 1636 4271 1743 4310; x_wconf 88' lang='lat' dir='ltr'><strong>suo</strong></span> <span class='ocrx_word' id='word_1_331' title='bbox 1770 4255 1880 4309; x_wconf 90' lang='lat' dir='ltr'><strong>levi</strong></span> <span class='ocrx_word' id='word_1_332' title='bbox 1908 4255 2027 4325; x_wconf 89' lang='lat' dir='ltr'><strong>jam</strong></span> <span class='ocrx_word' id='word_1_333' title='bbox 2074 4262 2130 4311; x_wconf 83' lang='lat' dir='ltr'><strong>et</strong></span> 
     </span>
    </p>
   </div>
   <div class='ocr_carea' id='block_1_50' title="bbox 477 4343 2124 4404">
    <p class='ocr_par' dir='ltr' id='par_1_50' title="bbox 477 4343 2124 4404">
     <span class='ocr_line' id='line_1_50' title="bbox 477 4343 2124 4404; baseline -0.001 -2"><span class='ocrx_word' id='word_1_334' title='bbox 477 4347 678 4404; x_wconf 90' lang='lat' dir='ltr'><strong>subtili</strong></span> <span class='ocrx_word' id='word_1_335' title='bbox 709 4363 779 4403; x_wconf 89' lang='lat' dir='ltr'><strong>ac</strong></span> <span class='ocrx_word' id='word_1_336' title='bbox 810 4343 1133 4400; x_wconf 87' lang='lat' dir='ltr'><strong>immortali</strong></span> <span class='ocrx_word' id='word_1_337' title='bbox 1154 4343 1380 4399; x_wconf 79' lang='lat' dir='ltr'><strong>effecto.</strong></span> <span class='ocrx_word' id='word_1_338' title='bbox 1411 4345 1575 4399; x_wconf 88' lang='lat' dir='ltr'><strong>Stetit</strong></span> <span class='ocrx_word' id='word_1_339' title='bbox 1603 4349 1799 4399; x_wconf 85' lang='lat' dir='ltr'><strong>autem</strong></span> <span class='ocrx_word' id='word_1_340' title='bbox 1832 4343 1888 4399; x_wconf 92' lang='lat' dir='ltr'><strong>in</strong></span> <span class='ocrx_word' id='word_1_341' title='bbox 1915 4345 2124 4400; x_wconf 87' lang='lat' dir='ltr'><strong>medio.</strong></span> 
     </span>
    </p>
   </div>
   <div class='ocr_carea' id='block_1_51' title="bbox 478 4433 1429 4504">
    <p class='ocr_par' dir='ltr' id='par_1_51' title="bbox 478 4433 1429 4504">
     <span class='ocr_line' id='line_1_51' title="bbox 478 4433 1429 4504; baseline -0.002 -14"><span class='ocrx_word' id='word_1_342' title='bbox 478 4441 542 4490; x_wconf 90' lang='lat' dir='ltr'><strong>ut</strong></span> <span class='ocrx_word' id='word_1_343' title='bbox 563 4435 846 4490; x_wconf 92' lang='lat' dir='ltr'><strong>omnibus</strong></span> <span class='ocrx_word' id='word_1_344' title='bbox 869 4439 1026 4490; x_wconf 90' lang='lat' dir='ltr'><strong>esset</strong></span> <span class='ocrx_word' id='word_1_345' title='bbox 1046 4433 1429 4504; x_wconf 86' lang='lat' dir='ltr'><strong>conspicuus.</strong></span> 
     </span>
    </p>
   </div>
   <div class='ocr_carea' id='block_1_52' title="bbox 549 4520 2124 4586">
    <p class='ocr_par' dir='ltr' id='par_1_52' title="bbox 549 4520 2124 4586">
     <span class='ocr_line' id='line_1_52' title="bbox 549 4520 2124 4586; baseline 0.001 -9"><span class='ocrx_word' id='word_1_346' title='bbox 549 4526 710 4581; x_wconf 92' lang='lat' dir='ltr'><strong>Vers.</strong></span> <span class='ocrx_word' id='word_1_347' title='bbox 760 4524 843 4579; x_wconf 82' lang='lat' dir='ltr'><strong>l9.</strong></span> <span class='ocrx_word' id='word_1_348' title='bbox 891 4523 968 4578; x_wconf 81' lang='lat' dir='ltr'><strong>Et</strong></span> <span class='ocrx_word' id='word_1_349' title='bbox 1006 4553 1076 4564; x_wconf 90' lang='lat'><strong><em>—</em></strong></span> <span class='ocrx_word' id='word_1_350' title='bbox 1115 4522 1293 4578; x_wconf 85' lang='lat' dir='ltr'><strong>vobis.</strong></span> <span class='ocrx_word' id='word_1_351' title='bbox 1346 4523 1464 4576; x_wconf 85' lang='lat' dir='ltr'><strong>Iloc</strong></span> <span class='ocrx_word' id='word_1_352' title='bbox 1512 4524 1618 4586; x_wconf 91' lang='lat' dir='ltr'><strong>est,</strong></span> <span class='ocrx_word' id='word_1_353' title='bbox 1664 4536 1734 4576; x_wconf 88' lang='lat' dir='ltr'><strong>ne</strong></span> <span class='ocrx_word' id='word_1_354' title='bbox 1782 4520 2124 4580; x_wconf 88' lang='lat' dir='ltr'><strong>turbemini.</strong></span> 
     </span>
    </p>
   </div>
   <div class='ocr_carea' id='block_1_53' title="bbox 476 4609 2126 4683">
    <p class='ocr_par' dir='ltr' id='par_1_53' title="bbox 476 4609 2126 4683">
     <span class='ocr_line' id='line_1_53' title="bbox 476 4609 2126 4683; baseline -0.001 -17"><span class='ocrx_word' id='word_1_355' title='bbox 476 4609 662 4666; x_wconf 86' lang='lat' dir='ltr'><strong>Etiam</strong></span> <span class='ocrx_word' id='word_1_356' title='bbox 698 4613 958 4667; x_wconf 92' lang='lat' dir='ltr'><strong>moriens</strong></span> <span class='ocrx_word' id='word_1_357' title='bbox 989 4627 1191 4683; x_wconf 88' lang='lat' dir='ltr'><strong>pacem</strong></span> <span class='ocrx_word' id='word_1_358' title='bbox 1236 4610 1349 4665; x_wconf 83' lang='lat' dir='ltr'><strong>illis</strong></span> <span class='ocrx_word' id='word_1_359' title='bbox 1393 4610 1710 4682; x_wconf 88' lang='lat' dir='ltr'><strong>reliquerat</strong></span> <span class='ocrx_word' id='word_1_360' title='bbox 1742 4627 1754 4665; x_wconf 94' lang='lat'><strong>:</strong></span> <span class='ocrx_word' id='word_1_361' title='bbox 1785 4611 2010 4676; x_wconf 87' lang='lat' dir='ltr'><strong>Pacem,</strong></span> <span class='ocrx_word' id='word_1_362' title='bbox 2042 4611 2126 4665; x_wconf 90' lang='lat' dir='ltr'><strong>in-</strong></span> 
     </span>
    </p>
   </div>
   <div class='ocr_carea' id='block_1_54' title="bbox 474 4699 2122 4774">
    <p class='ocr_par' dir='ltr' id='par_1_54' title="bbox 474 4699 2122 4774">
     <span class='ocr_line' id='line_1_54' title="bbox 474 4699 2122 4774; baseline 0.001 -20"><span class='ocrx_word' id='word_1_363' title='bbox 474 4700 621 4774; x_wconf 88' lang='lat' dir='ltr'><strong>quit,</strong></span> <span class='ocrx_word' id='word_1_364' title='bbox 651 4715 834 4757; x_wconf 89' lang='lat' dir='ltr'><strong>meam</strong></span> <span class='ocrx_word' id='word_1_365' title='bbox 856 4701 1125 4772; x_wconf 83' lang='lat' dir='ltr'><strong>relinquo</strong></span> <span class='ocrx_word' id='word_1_366' title='bbox 1156 4699 1305 4757; x_wconf 86' lang='lat' dir='ltr'><strong>vobis</strong></span> <span class='ocrx_word' id='word_1_367' title='bbox 1337 4701 1402 4754; x_wconf 71' lang='lat'><strong>95.</strong></span> <span class='ocrx_word' id='word_1_368' title='bbox 1434 4699 1773 4755; x_wconf 87' lang='lat' dir='ltr'><strong>Mulieribus</strong></span> <span class='ocrx_word' id='word_1_369' title='bbox 1799 4715 1960 4769; x_wconf 89' lang='lat' dir='ltr'><strong>ergo,</strong></span> <span class='ocrx_word' id='word_1_370' title='bbox 1987 4717 2122 4773; x_wconf 80' lang='lat' dir='ltr'><strong>quae</strong></span> 
     </span>
    </p>
   </div>
   <div class='ocr_carea' id='block_1_55' title="bbox 473 4789 2122 4864">
    <p class='ocr_par' dir='ltr' id='par_1_55' title="bbox 473 4789 2122 4864">
     <span class='ocr_line' id='line_1_55' title="bbox 473 4789 2122 4864; baseline -0.001 -17"><span class='ocrx_word' id='word_1_371' title='bbox 473 4790 778 4864; x_wconf 83' lang='lat' dir='ltr'><strong>discipulae</strong></span> <span class='ocrx_word' id='word_1_372' title='bbox 809 4793 995 4855; x_wconf 88' lang='lat' dir='ltr'><strong>erant,</strong></span> <span class='ocrx_word' id='word_1_373' title='bbox 1033 4789 1323 4859; x_wconf 84' lang='lat' dir='ltr'><strong>gaudium</strong></span> <span class='ocrx_word' id='word_1_374' title='bbox 1353 4793 1489 4845; x_wconf 86' lang='lat' dir='ltr'><strong>ante</strong></span> <span class='ocrx_word' id='word_1_375' title='bbox 1519 4805 1762 4846; x_wconf 90' lang='lat' dir='ltr'><strong>omnem</strong></span> <span class='ocrx_word' id='word_1_376' title='bbox 1795 4805 2122 4846; x_wconf 84' lang='lat' dir='ltr'><strong>sermonem</strong></span> 
     </span>
    </p>
   </div>
   <div class='ocr_carea' id='block_1_56' title="bbox 544 4941 1776 5010">
    <p class='ocr_par' dir='ltr' id='par_1_56' title="bbox 544 4941 1776 5010">
     <span class='ocr_line' id='line_1_56' title="bbox 544 4941 1776 5010; baseline -0.002 -12"><span class='ocrx_word' id='word_1_377' title='bbox 544 4945 591 4979; x_wconf 76' lang='lat'><em>&quot;</em></span> <span class='ocrx_word' id='word_1_378' title='bbox 630 4943 838 5002; x_wconf 87' lang='lat' dir='ltr'><strong>Matth.</strong></span> <span class='ocrx_word' id='word_1_379' title='bbox 887 4959 1084 5010; x_wconf 83' lang='lat' dir='ltr'><strong>xxvm,</strong></span> <span class='ocrx_word' id='word_1_380' title='bbox 1118 4944 1171 4998; x_wconf 85' lang='lat'><strong>9.</strong></span> <span class='ocrx_word' id='word_1_381' title='bbox 1205 4944 1250 4978; x_wconf 71' lang='grc'><strong>9⁵</strong></span> <span class='ocrx_word' id='word_1_382' title='bbox 1287 4941 1500 4998; x_wconf 85' lang='lat' dir='ltr'><strong>Joann.</strong></span> <span class='ocrx_word' id='word_1_383' title='bbox 1535 4959 1656 5007; x_wconf 77' lang='lat' dir='ltr'><strong>xxv,</strong></span> <span class='ocrx_word' id='word_1_384' title='bbox 1689 4946 1776 4996; x_wconf 77' lang='lat'><strong>27.</strong></span> 
     </span>
    </p>
   </div>
   <div class='ocr_carea' id='block_1_57' title="bbox 2268 416 3870 494">
    <p class='ocr_par' dir='ltr' id='par_1_57' title="bbox 2268 416 3870 494">
     <span class='ocr_line' id='line_1_57' title="bbox 2268 416 3870 494; baseline 0.003 -27"><span class='ocrx_word' id='word_1_385' title='bbox 2268 416 2396 468; x_wconf 79' lang='grc' dir='ltr'>ἀλλὰ</span> <span class='ocrx_word' id='word_1_386' title='bbox 2419 423 2534 469; x_wconf 84' lang='grc' dir='ltr'>τότε</span> <span class='ocrx_word' id='word_1_387' title='bbox 2560 421 2649 489; x_wconf 77' lang='grc' dir='ltr'>μὲν</span> <span class='ocrx_word' id='word_1_388' title='bbox 2677 417 2771 469; x_wconf 68' lang='grc' dir='ltr'><strong>οὐκ</strong></span> <span class='ocrx_word' id='word_1_389' title='bbox 2798 416 3113 487; x_wconf 79' lang='grc' dir='ltr'>ἁπεκώλυσε,</span> <span class='ocrx_word' id='word_1_390' title='bbox 3135 426 3384 493; x_wconf 75' lang='grc' dir='ltr'><strong>παρέχων</strong></span> <span class='ocrx_word' id='word_1_391' title='bbox 3409 421 3870 494; x_wconf 71' lang='grc' dir='ltr'>πλ.ηροφορηθῆναι</span> 
     </span>
    </p>
   </div>
   <div class='ocr_carea' id='block_1_58' title="bbox 2267 502 3866 582">
    <p class='ocr_par' dir='ltr' id='par_1_58' title="bbox 2267 502 3866 582">
     <span class='ocr_line' id='line_1_58' title="bbox 2267 502 3866 582; baseline 0.009 -31"><span class='ocrx_word' id='word_1_392' title='bbox 2267 502 2361 557; x_wconf 71' lang='grc' dir='ltr'><strong>διὰ</strong></span> <span class='ocrx_word' id='word_1_393' title='bbox 2389 515 2484 569; x_wconf 82' lang='grc' dir='ltr'><strong>τῆς</strong></span> <span class='ocrx_word' id='word_1_394' title='bbox 2514 507 2643 579; x_wconf 71' lang='grc' dir='ltr'><em>ἁφῆς</em></span> <span class='ocrx_word' id='word_1_395' title='bbox 2676 509 2754 559; x_wconf 87' lang='grc' dir='ltr'>ὅτι</span> <span class='ocrx_word' id='word_1_396' title='bbox 2786 507 2881 558; x_wconf 71' lang='grc' dir='ltr'><strong>οὐκ</strong></span> <span class='ocrx_word' id='word_1_397' title='bbox 2929 512 3041 560; x_wconf 86' lang='grc' dir='ltr'>ἔστι</span> <span class='ocrx_word' id='word_1_398' title='bbox 3089 513 3271 582; x_wconf 74' lang='grc' dir='ltr'>φάσμα</span> <span class='ocrx_word' id='word_1_399' title='bbox 3302 527 3318 544; x_wconf 90' lang='grc'><strong>·</strong></span> <span class='ocrx_word' id='word_1_400' title='bbox 3349 518 3438 562; x_wconf 83' lang='grc' dir='ltr'>νῦν</span> <span class='ocrx_word' id='word_1_401' title='bbox 3471 507 3531 562; x_wconf 75' lang='grc' dir='ltr'><strong>δὲ</strong></span> <span class='ocrx_word' id='word_1_402' title='bbox 3561 511 3624 562; x_wconf 65' lang='grc' dir='ltr'>οὐ</span> <span class='ocrx_word' id='word_1_403' title='bbox 3659 530 3866 581; x_wconf 80' lang='grc' dir='ltr'>συγχω-</span> 
     </span>
    </p>
   </div>
   <div class='ocr_carea' id='block_1_59' title="bbox 2263 592 3866 672">
    <p class='ocr_par' dir='ltr' id='par_1_59' title="bbox 2263 592 3866 672">
     <span class='ocr_line' id='line_1_59' title="bbox 2263 592 3866 672; baseline 0.002 -26"><span class='ocrx_word' id='word_1_404' title='bbox 2263 603 2359 669; x_wconf 81' lang='grc' dir='ltr'>ρεῖ,</span> <span class='ocrx_word' id='word_1_405' title='bbox 2396 592 2535 648; x_wconf 83' lang='grc' dir='ltr'><strong>διότι</strong></span> <span class='ocrx_word' id='word_1_406' title='bbox 2571 605 2666 658; x_wconf 83' lang='grc' dir='ltr'><strong>τῆς</strong></span> <span class='ocrx_word' id='word_1_407' title='bbox 2709 599 2968 660; x_wconf 82' lang='grc' dir='ltr'><strong>ὀπτασίας</strong></span> <span class='ocrx_word' id='word_1_408' title='bbox 3008 598 3201 660; x_wconf 77' lang='grc' dir='ltr'><strong>ἐκείνης</strong></span> <span class='ocrx_word' id='word_1_409' title='bbox 3247 604 3335 652; x_wconf 79' lang='grc' dir='ltr'><strong>καὶ</strong></span> <span class='ocrx_word' id='word_1_410' title='bbox 3384 609 3480 662; x_wconf 84' lang='grc' dir='ltr'><strong>τῆς</strong></span> <span class='ocrx_word' id='word_1_411' title='bbox 3521 600 3662 672; x_wconf 63' lang='grc' dir='ltr'><strong>ἁφῆς</strong></span> <span class='ocrx_word' id='word_1_412' title='bbox 3704 599 3866 651; x_wconf 69' lang='grc' dir='ltr'>ἐπελάσ</span> 
     </span>
    </p>
   </div>
   <div class='ocr_carea' id='block_1_60' title="bbox 2267 687 2813 744">
    <p class='ocr_par' dir='ltr' id='par_1_60' title="bbox 2267 687 2813 744">
     <span class='ocr_line' id='line_1_60' title="bbox 2267 687 2813 744; baseline 0.004 -7"><span class='ocrx_word' id='word_1_413' title='bbox 2267 687 2379 737; x_wconf 87' lang='grc' dir='ltr'>θετο</span> <span class='ocrx_word' id='word_1_414' title='bbox 2409 691 2498 737; x_wconf 83' lang='grc' dir='ltr'><strong>καὶ</strong></span> <span class='ocrx_word' id='word_1_415' title='bbox 2527 687 2728 744; x_wconf 82' lang='grc' dir='ltr'>ἡπίστη</span> <span class='ocrx_word' id='word_1_416' title='bbox 2739 706 2813 739; x_wconf 89' lang='grc' dir='ltr'><strong>σε.</strong></span> 
     </span>
    </p>
   </div>
   <div class='ocr_carea' id='block_1_61' title="bbox 2335 772 3862 850">
    <p class='ocr_par' dir='ltr' id='par_1_61' title="bbox 2335 772 3862 850">
     <span class='ocr_line' id='line_1_61' title="bbox 2335 772 3862 850; baseline 0.001 -24"><span class='ocrx_word' id='word_1_417' title='bbox 2335 778 2563 848; x_wconf 76' lang='grc' dir='ltr'><strong>Πορεύου</strong></span> <span class='ocrx_word' id='word_1_418' title='bbox 2592 772 2650 827; x_wconf 73' lang='grc' dir='ltr'><strong>δὲ</strong></span> <span class='ocrx_word' id='word_1_419' title='bbox 2681 807 2750 816; x_wconf 96' lang='lat'><em>—</em></span> <span class='ocrx_word' id='word_1_420' title='bbox 2792 777 2953 848; x_wconf 73' lang='grc' dir='ltr'>ὑμῶν.</span> <span class='ocrx_word' id='word_1_421' title='bbox 3005 781 3105 830; x_wconf 83' lang='grc' dir='ltr'>Καὶ</span> <span class='ocrx_word' id='word_1_422' title='bbox 3155 783 3257 850; x_wconf 80' lang='grc' dir='ltr'>μὴν</span> <span class='ocrx_word' id='word_1_423' title='bbox 3295 779 3389 830; x_wconf 70' lang='grc' dir='ltr'><strong>οὐκ</strong></span> <span class='ocrx_word' id='word_1_424' title='bbox 3439 778 3632 838; x_wconf 74' lang='grc' dir='ltr'>εὐθέως</span> <span class='ocrx_word' id='word_1_425' title='bbox 3679 778 3862 850; x_wconf 64' lang='grc' dir='ltr'>ἔμελλεν</span> 
     </span>
    </p>
   </div>
   <div class='ocr_carea' id='block_1_62' title="bbox 2262 861 3862 940">
    <p class='ocr_par' dir='ltr' id='par_1_62' title="bbox 2262 861 3862 940">
     <span class='ocr_line' id='line_1_62' title="bbox 2262 861 3862 940; baseline 0.001 -26"><span class='ocrx_word' id='word_1_426' title='bbox 2262 861 2571 930; x_wconf 80' lang='grc' dir='ltr'>ἀναϐαίνειν,</span> <span class='ocrx_word' id='word_1_427' title='bbox 2619 863 2746 916; x_wconf 80' lang='grc' dir='ltr'>ἀλλὰ</span> <span class='ocrx_word' id='word_1_428' title='bbox 2794 868 2924 937; x_wconf 78' lang='grc' dir='ltr'>μετὰ</span> <span class='ocrx_word' id='word_1_429' title='bbox 2968 869 3352 938; x_wconf 82' lang='grc' dir='ltr'>τεσσαράκοντα</span> <span class='ocrx_word' id='word_1_430' title='bbox 3381 870 3605 940; x_wconf 72' lang='grc' dir='ltr'>ἡμέρας,</span> <span class='ocrx_word' id='word_1_431' title='bbox 3651 877 3755 928; x_wconf 77' lang='grc' dir='ltr'><strong>πῶς</strong></span> <span class='ocrx_word' id='word_1_432' title='bbox 3784 866 3862 919; x_wconf 74' lang='grc' dir='ltr'>οὖν</span> 
     </span>
    </p>
   </div>
   <div class='ocr_carea' id='block_1_63' title="bbox 2258 952 3861 1027">
    <p class='ocr_par' dir='ltr' id='par_1_63' title="bbox 2258 952 3861 1027">
     <span class='ocr_line' id='line_1_63' title="bbox 2258 952 3861 1027; baseline 0.001 -21"><span class='ocrx_word' id='word_1_433' title='bbox 2258 952 2547 1006; x_wconf 78' lang='grc' dir='ltr'>Ἀναϐαίνω</span> <span class='ocrx_word' id='word_1_434' title='bbox 2612 954 2780 1024; x_wconf 87' lang='grc' dir='ltr'>λέγει;</span> <span class='ocrx_word' id='word_1_435' title='bbox 2841 957 3053 1017; x_wconf 87' lang='grc' dir='ltr'>Πάντως</span> <span class='ocrx_word' id='word_1_436' title='bbox 3111 955 3192 1006; x_wconf 68' lang='grc' dir='ltr'><strong>ἐπὶ</strong></span> <span class='ocrx_word' id='word_1_437' title='bbox 3253 956 3396 1008; x_wconf 84' lang='grc' dir='ltr'>πλέον</span> <span class='ocrx_word' id='word_1_438' title='bbox 3445 956 3666 1027; x_wconf 77' lang='grc' dir='ltr'>ἀνάγων</span> <span class='ocrx_word' id='word_1_439' title='bbox 3717 958 3861 1016; x_wconf 69' lang='grc' dir='ltr'>αὐτῆς</span> 
     </span>
    </p>
   </div>
   <div class='ocr_carea' id='block_1_64' title="bbox 2258 1039 3859 1117">
    <p class='ocr_par' dir='ltr' id='par_1_64' title="bbox 2258 1039 3859 1117">
     <span class='ocr_line' id='line_1_64' title="bbox 2258 1039 3859 1117; baseline 0.002 -24"><span class='ocrx_word' id='word_1_440' title='bbox 2258 1047 2350 1100; x_wconf 80' lang='grc' dir='ltr'>τὴν</span> <span class='ocrx_word' id='word_1_441' title='bbox 2391 1039 2648 1107; x_wconf 70' lang='grc' dir='ltr'>διάνοιαν,</span> <span class='ocrx_word' id='word_1_442' title='bbox 2695 1049 2784 1096; x_wconf 80' lang='grc' dir='ltr'><strong>καὶ</strong></span> <span class='ocrx_word' id='word_1_443' title='bbox 2815 1047 2889 1096; x_wconf 82' lang='grc' dir='ltr'>ἑτι</span> <span class='ocrx_word' id='word_1_444' title='bbox 2917 1045 2994 1115; x_wconf 85' lang='grc'>(9)</span> <span class='ocrx_word' id='word_1_445' title='bbox 3035 1042 3261 1116; x_wconf 72' lang='grc' dir='ltr'>βεϐαιῶν</span> <span class='ocrx_word' id='word_1_446' title='bbox 3293 1049 3369 1097; x_wconf 80' lang='grc' dir='ltr'>ὅτι</span> <span class='ocrx_word' id='word_1_447' title='bbox 3398 1045 3732 1117; x_wconf 69' lang='grc' dir='ltr'>ὑψηλότερος</span> <span class='ocrx_word' id='word_1_448' title='bbox 3762 1045 3859 1098; x_wconf 83' lang='grc' dir='ltr'>ἐστι</span> 
     </span>
    </p>
   </div>
   <div class='ocr_carea' id='block_1_65' title="bbox 2259 1130 3860 1209">
    <p class='ocr_par' dir='ltr' id='par_1_65' title="bbox 2259 1130 3860 1209">
     <span class='ocr_line' id='line_1_65' title="bbox 2259 1130 3860 1209; baseline 0.002 -26"><span class='ocrx_word' id='word_1_449' title='bbox 2259 1136 2345 1184; x_wconf 85' lang='grc' dir='ltr'><strong>καὶ</strong></span> <span class='ocrx_word' id='word_1_450' title='bbox 2379 1134 2506 1184; x_wconf 75' lang='grc' dir='ltr'>θειὸτ</span> <span class='ocrx_word' id='word_1_451' title='bbox 2520 1152 2647 1204; x_wconf 87' lang='grc' dir='ltr'>ερος,</span> <span class='ocrx_word' id='word_1_452' title='bbox 2683 1139 2768 1185; x_wconf 76' lang='grc' dir='ltr'><strong>καὶ</strong></span> <span class='ocrx_word' id='word_1_453' title='bbox 2796 1136 2983 1186; x_wconf 78' lang='grc' dir='ltr'>πείθων</span> <span class='ocrx_word' id='word_1_454' title='bbox 3014 1130 3415 1209; x_wconf 77' lang='grc' dir='ltr'>αἰδεσιμώτερον</span> <span class='ocrx_word' id='word_1_455' title='bbox 3451 1135 3598 1206; x_wconf 67' lang='grc' dir='ltr'>αὐτῷ</span> <span class='ocrx_word' id='word_1_456' title='bbox 3645 1144 3736 1188; x_wconf 71' lang='grc' dir='ltr'>τοῦ</span> <span class='ocrx_word' id='word_1_457' title='bbox 3766 1136 3860 1186; x_wconf 81' lang='grc' dir='ltr'>λοι-</span> 
     </span>
    </p>
   </div>
   <div class='ocr_carea' id='block_1_66' title="bbox 2257 1225 2688 1294">
    <p class='ocr_par' dir='ltr' id='par_1_66' title="bbox 2257 1225 2688 1294">
     <span class='ocr_line' id='line_1_66' title="bbox 2257 1225 2688 1294; baseline 0.007 -21"><span class='ocrx_word' id='word_1_458' title='bbox 2257 1228 2358 1273; x_wconf 81' lang='grc' dir='ltr'>ποῦ</span> <span class='ocrx_word' id='word_1_459' title='bbox 2387 1225 2688 1294; x_wconf 77' lang='grc' dir='ltr'><strong>προσέχειν.</strong></span> 
     </span>
    </p>
   </div>
   <div class='ocr_carea' id='block_1_67' title="bbox 2327 1396 3854 1472">
    <p class='ocr_par' dir='ltr' id='par_1_67' title="bbox 2327 1396 3854 1472">
     <span class='ocr_line' id='line_1_67' title="bbox 2327 1396 3854 1472; baseline -0.001 -19"><span class='ocrx_word' id='word_1_460' title='bbox 2327 1399 2524 1462; x_wconf 76' lang='grc' dir='ltr'>Ἀλλως</span> <span class='ocrx_word' id='word_1_461' title='bbox 2575 1420 2628 1452; x_wconf 87' lang='grc' dir='ltr'><strong>τε</strong></span> <span class='ocrx_word' id='word_1_462' title='bbox 2677 1402 2787 1472; x_wconf 88' lang='grc'>(10)</span> <span class='ocrx_word' id='word_1_463' title='bbox 2837 1405 2893 1452; x_wconf 88' lang='grc' dir='ltr'>τὸ</span> <span class='ocrx_word' id='word_1_464' title='bbox 2943 1399 3229 1452; x_wconf 70' lang='grc' dir='ltr'>Ἀναϐαίνω</span> <span class='ocrx_word' id='word_1_465' title='bbox 3275 1396 3432 1458; x_wconf 87' lang='grc' dir='ltr'>δηλοῖ</span> <span class='ocrx_word' id='word_1_466' title='bbox 3474 1407 3562 1453; x_wconf 73' lang='grc' dir='ltr'><strong>καὶ</strong></span> <span class='ocrx_word' id='word_1_467' title='bbox 3631 1406 3694 1454; x_wconf 85' lang='grc' dir='ltr'>τὸ</span> <span class='ocrx_word' id='word_1_468' title='bbox 3750 1405 3854 1453; x_wconf 78' lang='grc' dir='ltr'>Βού-</span> 
     </span>
    </p>
   </div>
   <div class='ocr_carea' id='block_1_68' title="bbox 2255 1488 3857 1564">
    <p class='ocr_par' dir='ltr' id='par_1_68' title="bbox 2255 1488 3857 1564">
     <span class='ocr_line' id='line_1_68' title="bbox 2255 1488 3857 1564; baseline -0.001 -22"><span class='ocrx_word' id='word_1_469' title='bbox 2255 1490 2404 1561; x_wconf 80' lang='grc' dir='ltr'>λομαι</span> <span class='ocrx_word' id='word_1_470' title='bbox 2456 1489 2765 1554; x_wconf 78' lang='grc' dir='ltr'>ἀναϐαίνειν,</span> <span class='ocrx_word' id='word_1_471' title='bbox 2800 1488 3083 1562; x_wconf 77' lang='grc' dir='ltr'>δυνάμενον</span> <span class='ocrx_word' id='word_1_472' title='bbox 3116 1489 3187 1552; x_wconf 79' lang='grc' dir='ltr'><strong>εἰς</strong></span> <span class='ocrx_word' id='word_1_473' title='bbox 3223 1489 3432 1542; x_wconf 87' lang='grc' dir='ltr'>πλείονα</span> <span class='ocrx_word' id='word_1_474' title='bbox 3474 1496 3668 1564; x_wconf 75' lang='grc' dir='ltr'>καιρὸν</span> <span class='ocrx_word' id='word_1_475' title='bbox 3717 1491 3857 1543; x_wconf 77' lang='grc' dir='ltr'>ἐκτεί·</span> 
     </span>
    </p>
   </div>
   <div class='ocr_carea' id='block_1_69' title="bbox 2254 1581 2454 1631">
    <p class='ocr_par' dir='ltr' id='par_1_69' title="bbox 2254 1581 2454 1631">
     <span class='ocr_line' id='line_1_69' title="bbox 2254 1581 2454 1631; baseline 0 -3"><span class='ocrx_word' id='word_1_476' title='bbox 2254 1581 2454 1631; x_wconf 80' lang='grc' dir='ltr'>νεσθαι.</span> 
     </span>
    </p>
   </div>
   <div class='ocr_carea' id='block_1_70' title="bbox 2327 1662 3846 1738">
    <p class='ocr_par' dir='ltr' id='par_1_70' title="bbox 2327 1662 3846 1738">
     <span class='ocr_line' id='line_1_70' title="bbox 2327 1662 3846 1738; baseline 0 -19"><span class='ocrx_word' id='word_1_477' title='bbox 2327 1666 2736 1737; x_wconf 80' lang='grc' dir='ltr'>Ἀναμιμνὴσκει</span> <span class='ocrx_word' id='word_1_478' title='bbox 2785 1662 2845 1718; x_wconf 75' lang='grc' dir='ltr'><strong>δὲ</strong></span> <span class='ocrx_word' id='word_1_479' title='bbox 2892 1670 3010 1727; x_wconf 73' lang='grc' dir='ltr'>τοὺς</span> <span class='ocrx_word' id='word_1_480' title='bbox 3041 1667 3277 1738; x_wconf 86' lang='grc' dir='ltr'>μαθητὰς</span> <span class='ocrx_word' id='word_1_481' title='bbox 3328 1666 3387 1718; x_wconf 80' lang='grc' dir='ltr'>οὗ</span> <span class='ocrx_word' id='word_1_482' title='bbox 3430 1666 3691 1727; x_wconf 75' lang='grc' dir='ltr'>πολλάκις</span> <span class='ocrx_word' id='word_1_483' title='bbox 3730 1667 3846 1720; x_wconf 79' lang='grc' dir='ltr'>εἶπεν</span> 
     </span>
    </p>
   </div>
   <div class='ocr_carea' id='block_1_71' title="bbox 2255 1751 3840 1827">
    <p class='ocr_par' dir='ltr' id='par_1_71' title="bbox 2255 1751 3840 1827">
     <span class='ocr_line' id='line_1_71' title="bbox 2255 1751 3840 1827; baseline 0.001 -21"><span class='ocrx_word' id='word_1_484' title='bbox 2255 1755 2425 1815; x_wconf 67' lang='grc' dir='ltr'>αὐτοῖς</span> <span class='ocrx_word' id='word_1_485' title='bbox 2455 1759 2553 1827; x_wconf 87' lang='grc' dir='ltr'>πρὸ</span> <span class='ocrx_word' id='word_1_486' title='bbox 2583 1763 2672 1806; x_wconf 82' lang='grc' dir='ltr'>τοῦ</span> <span class='ocrx_word' id='word_1_487' title='bbox 2702 1751 3090 1827; x_wconf 79' lang='grc' dir='ltr'>παραδοθῆναι.</span> <span class='ocrx_word' id='word_1_488' title='bbox 3119 1751 3397 1826; x_wconf 73' lang='grc' dir='ltr'>Ἀδελφοὺς</span> <span class='ocrx_word' id='word_1_489' title='bbox 3425 1752 3485 1807; x_wconf 74' lang='grc' dir='ltr'>δε</span> <span class='ocrx_word' id='word_1_490' title='bbox 3515 1757 3702 1818; x_wconf 66' lang='grc' dir='ltr'>αὐτοὺς</span> <span class='ocrx_word' id='word_1_491' title='bbox 3734 1758 3840 1808; x_wconf 55' lang='lat' dir='ltr'><strong>avs-</strong></span> 
     </span>
    </p>
   </div>
   <div class='ocr_carea' id='block_1_72' title="bbox 2253 1844 3834 1918">
    <p class='ocr_par' dir='ltr' id='par_1_72' title="bbox 2253 1844 3834 1918">
     <span class='ocr_line' id='line_1_72' title="bbox 2253 1844 3834 1918; baseline 0 -22"><span class='ocrx_word' id='word_1_492' title='bbox 2253 1864 2436 1918; x_wconf 66' lang='grc' dir='ltr'>μασεν,</span> <span class='ocrx_word' id='word_1_493' title='bbox 2472 1848 2536 1905; x_wconf 80' lang='grc' dir='ltr'>ὡς</span> <span class='ocrx_word' id='word_1_494' title='bbox 2574 1849 2662 1896; x_wconf 79' lang='grc' dir='ltr'><strong>καὶ</strong></span> <span class='ocrx_word' id='word_1_495' title='bbox 2708 1844 2864 1905; x_wconf 67' lang='grc' dir='ltr'>αὐτὸς</span> <span class='ocrx_word' id='word_1_496' title='bbox 2903 1846 3191 1917; x_wconf 75' lang='grc' dir='ltr'>ἄνθρωπος,</span> <span class='ocrx_word' id='word_1_497' title='bbox 3246 1851 3334 1896; x_wconf 82' lang='grc' dir='ltr'><strong>καὶ</strong></span> <span class='ocrx_word' id='word_1_498' title='bbox 3391 1853 3654 1916; x_wconf 61' lang='grc' dir='ltr'>συγγενὴς</span> <span class='ocrx_word' id='word_1_499' title='bbox 3696 1846 3834 1898; x_wconf 64' lang='grc' dir='ltr'>αὐτῶν</span> 
     </span>
    </p>
   </div>
   <div class='ocr_carea' id='block_1_73' title="bbox 2253 1934 2824 2004">
    <p class='ocr_par' dir='ltr' id='par_1_73' title="bbox 2253 1934 2824 2004">
     <span class='ocr_line' id='line_1_73' title="bbox 2253 1934 2824 2004; baseline 0.004 -18"><span class='ocrx_word' id='word_1_500' title='bbox 2253 1937 2386 1986; x_wconf 79' lang='grc' dir='ltr'>κατά</span> <span class='ocrx_word' id='word_1_501' title='bbox 2407 1937 2464 1985; x_wconf 88' lang='grc' dir='ltr'>τὸ</span> <span class='ocrx_word' id='word_1_502' title='bbox 2492 1934 2824 2004; x_wconf 79' lang='grc' dir='ltr'>ἀνθρώπινον.</span> 
     </span>
    </p>
   </div>
   <div class='ocr_carea' id='block_1_74' title="bbox 2322 2019 3824 2098">
    <p class='ocr_par' dir='ltr' id='par_1_74' title="bbox 2322 2019 3824 2098">
     <span class='ocr_line' id='line_1_74' title="bbox 2322 2019 3824 2098; baseline -0.001 -23"><span class='ocrx_word' id='word_1_503' title='bbox 2322 2023 2537 2096; x_wconf 83' lang='grc' dir='ltr'><strong>Ἑτέρως</strong></span> <span class='ocrx_word' id='word_1_504' title='bbox 2595 2019 2653 2075; x_wconf 69' lang='grc' dir='ltr'><strong>δὲ</strong></span> <span class='ocrx_word' id='word_1_505' title='bbox 2713 2026 2917 2095; x_wconf 82' lang='grc' dir='ltr'>Πατέρα</span> <span class='ocrx_word' id='word_1_506' title='bbox 2970 2023 3151 2075; x_wconf 81' lang='grc' dir='ltr'>ἑαυτοῦ</span> <span class='ocrx_word' id='word_1_507' title='bbox 3194 2027 3280 2074; x_wconf 79' lang='grc' dir='ltr'>τὸν</span> <span class='ocrx_word' id='word_1_508' title='bbox 3337 2027 3551 2098; x_wconf 88' lang='grc' dir='ltr'>Πατέρα</span> <span class='ocrx_word' id='word_1_509' title='bbox 3602 2023 3716 2088; x_wconf 76' lang='grc' dir='ltr'>εἷπε,</span> <span class='ocrx_word' id='word_1_510' title='bbox 3754 2031 3824 2075; x_wconf 74' lang='grc' dir='ltr'>καί</span> 
     </span>
    </p>
   </div>
   <div class='ocr_carea' id='block_1_75' title="bbox 2255 2112 3817 2187">
    <p class='ocr_par' dir='ltr' id='par_1_75' title="bbox 2255 2112 3817 2187">
     <span class='ocr_line' id='line_1_75' title="bbox 2255 2112 3817 2187; baseline -0.001 -22"><span class='ocrx_word' id='word_1_511' title='bbox 2255 2114 2430 2187; x_wconf 78' lang='grc' dir='ltr'><strong>ἑτέρως</strong></span> <span class='ocrx_word' id='word_1_512' title='bbox 2477 2121 2575 2164; x_wconf 86' lang='grc' dir='ltr'>τῶν</span> <span class='ocrx_word' id='word_1_513' title='bbox 2623 2114 2868 2184; x_wconf 81' lang='grc' dir='ltr'><strong>μαθητῶν</strong></span> <span class='ocrx_word' id='word_1_514' title='bbox 2899 2132 2910 2142; x_wconf 93' lang='grc'><strong>·</strong></span> <span class='ocrx_word' id='word_1_515' title='bbox 2956 2112 3140 2164; x_wconf 76' lang='grc' dir='ltr'>ἑαυτοῦ</span> <span class='ocrx_word' id='word_1_516' title='bbox 3199 2116 3288 2184; x_wconf 68' lang='grc' dir='ltr'>μὲν</span> <span class='ocrx_word' id='word_1_517' title='bbox 3339 2117 3493 2184; x_wconf 70' lang='grc' dir='ltr'>φύσει</span> <span class='ocrx_word' id='word_1_518' title='bbox 3547 2118 3616 2176; x_wconf 78' lang='grc' dir='ltr'><strong>ὡς</strong></span> <span class='ocrx_word' id='word_1_519' title='bbox 3664 2117 3817 2185; x_wconf 77' lang='grc' dir='ltr'>ομοον-</span> 
     </span>
    </p>
   </div>
   <div class='ocr_carea' id='block_1_76' title="bbox 2257 2198 3830 2276">
    <p class='ocr_par' dir='ltr' id='par_1_76' title="bbox 2257 2198 3830 2276">
     <span class='ocr_line' id='line_1_76' title="bbox 2257 2198 3830 2276; baseline 0 -23"><span class='ocrx_word' id='word_1_520' title='bbox 2257 2205 2396 2266; x_wconf 90' lang='grc' dir='ltr'>σίου,</span> <span class='ocrx_word' id='word_1_521' title='bbox 2429 2210 2528 2252; x_wconf 85' lang='grc' dir='ltr'>τῶν</span> <span class='ocrx_word' id='word_1_522' title='bbox 2574 2203 2818 2273; x_wconf 80' lang='grc' dir='ltr'>μαθητῶν</span> <span class='ocrx_word' id='word_1_523' title='bbox 2851 2198 2910 2253; x_wconf 75' lang='grc' dir='ltr'><strong>δὲ</strong></span> <span class='ocrx_word' id='word_1_524' title='bbox 2941 2202 3177 2273; x_wconf 76' lang='grc' dir='ltr'>τῷλόγῳ</span> <span class='ocrx_word' id='word_1_525' title='bbox 3223 2210 3319 2262; x_wconf 84' lang='grc' dir='ltr'><strong>τῆς</strong></span> <span class='ocrx_word' id='word_1_526' title='bbox 3371 2199 3713 2276; x_wconf 67' lang='grc' dir='ltr'><strong>δημιουργίας</strong></span> <span class='ocrx_word' id='word_1_527' title='bbox 3755 2213 3830 2253; x_wconf 75' lang='grc' dir='ltr'>και</span> 
     </span>
    </p>
   </div>
   <div class='ocr_carea' id='block_1_77' title="bbox 2252 2287 3827 2366">
    <p class='ocr_par' dir='ltr' id='par_1_77' title="bbox 2252 2287 3827 2366">
     <span class='ocr_line' id='line_1_77' title="bbox 2252 2287 3827 2366; baseline 0 -24"><span class='ocrx_word' id='word_1_528' title='bbox 2252 2295 2496 2366; x_wconf 74' lang='grc' dir='ltr'>προνοίας</span> <span class='ocrx_word' id='word_1_529' title='bbox 2540 2293 2609 2351; x_wconf 79' lang='grc' dir='ltr'>ὡς</span> <span class='ocrx_word' id='word_1_530' title='bbox 2661 2287 3143 2364; x_wconf 77' lang='grc' dir='ltr'>δημιουργημάτων</span> <span class='ocrx_word' id='word_1_531' title='bbox 3197 2297 3289 2342; x_wconf 82' lang='grc' dir='ltr'><strong>καὶ</strong></span> <span class='ocrx_word' id='word_1_532' title='bbox 3330 2297 3565 2365; x_wconf 78' lang='grc' dir='ltr'>προνοίας</span> <span class='ocrx_word' id='word_1_533' title='bbox 3605 2293 3827 2362; x_wconf 67' lang='grc' dir='ltr'>ἀξιουμέ-</span> 
     </span>
    </p>
   </div>
   <div class='ocr_carea' id='block_1_78' title="bbox 2251 2377 3817 2452">
    <p class='ocr_par' dir='ltr' id='par_1_78' title="bbox 2251 2377 3817 2452">
     <span class='ocr_line' id='line_1_78' title="bbox 2251 2377 3817 2452; baseline 0 -22"><span class='ocrx_word' id='word_1_534' title='bbox 2251 2401 2346 2430; x_wconf 87' lang='grc' dir='ltr'><strong>νων</strong></span> <span class='ocrx_word' id='word_1_535' title='bbox 2379 2397 2390 2409; x_wconf 82' lang='grc'><em>’</em></span> <span class='ocrx_word' id='word_1_536' title='bbox 2423 2379 2570 2452; x_wconf 86' lang='grc' dir='ltr'><strong>[Θεὸν</strong></span> <span class='ocrx_word' id='word_1_537' title='bbox 2615 2380 2728 2451; x_wconf 76' lang='grc'>(11)</span> <span class='ocrx_word' id='word_1_538' title='bbox 2759 2377 2817 2432; x_wconf 69' lang='grc' dir='ltr'><strong>δὲ</strong></span> <span class='ocrx_word' id='word_1_539' title='bbox 2848 2385 2936 2431; x_wconf 83' lang='grc' dir='ltr'><strong>καὶ</strong></span> <span class='ocrx_word' id='word_1_540' title='bbox 2969 2380 3154 2432; x_wconf 82' lang='grc' dir='ltr'>ἑαυτοῦ</span> <span class='ocrx_word' id='word_1_541' title='bbox 3203 2386 3292 2432; x_wconf 81' lang='grc' dir='ltr'><strong>καὶ</strong></span> <span class='ocrx_word' id='word_1_542' title='bbox 3334 2389 3422 2432; x_wconf 75' lang='grc' dir='ltr'>τῶν</span> <span class='ocrx_word' id='word_1_543' title='bbox 3465 2383 3718 2451; x_wconf 73' lang='grc' dir='ltr'>μαθητῶν,</span> <span class='ocrx_word' id='word_1_544' title='bbox 3756 2385 3817 2439; x_wconf 72' lang='grc' dir='ltr'>ὡς</span> 
     </span>
    </p>
   </div>
   <div class='ocr_carea' id='block_1_79' title="bbox 2253 2467 2551 2540">
    <p class='ocr_par' dir='ltr' id='par_1_79' title="bbox 2253 2467 2551 2540">
     <span class='ocr_line' id='line_1_79' title="bbox 2253 2467 2551 2540; baseline 0.01 -22"><span class='ocrx_word' id='word_1_545' title='bbox 2253 2467 2309 2518; x_wconf 78' lang='grc' dir='ltr'>ἀν</span> <span class='ocrx_word' id='word_1_546' title='bbox 2319 2471 2551 2540; x_wconf 78' lang='grc' dir='ltr'>θρώπων.</span> 
     </span>
    </p>
   </div>
   <div class='ocr_carea' id='block_1_80' title="bbox 2325 2556 3833 2630">
    <p class='ocr_par' dir='ltr' id='par_1_80' title="bbox 2325 2556 3833 2630">
     <span class='ocr_line' id='line_1_80' title="bbox 2325 2556 3833 2630; baseline -0.001 -20"><span class='ocrx_word' id='word_1_547' title='bbox 2325 2564 2422 2610; x_wconf 81' lang='grc' dir='ltr'><strong>Καὶ</strong></span> <span class='ocrx_word' id='word_1_548' title='bbox 2471 2567 2580 2618; x_wconf 84' lang='grc' dir='ltr'>πῶς</span> <span class='ocrx_word' id='word_1_549' title='bbox 2631 2557 2736 2628; x_wconf 70' lang='grc' dir='ltr'>οὐχ</span> <span class='ocrx_word' id='word_1_550' title='bbox 2785 2557 2957 2618; x_wconf 80' lang='grc' dir='ltr'>ἁπλῶς</span> <span class='ocrx_word' id='word_1_551' title='bbox 3001 2556 3127 2623; x_wconf 81' lang='grc' dir='ltr'>εἶπε,</span> <span class='ocrx_word' id='word_1_552' title='bbox 3174 2565 3273 2610; x_wconf 79' lang='grc' dir='ltr'><strong>Καὶ</strong></span> <span class='ocrx_word' id='word_1_553' title='bbox 3323 2561 3451 2611; x_wconf 78' lang='grc' dir='ltr'>Θεὸν</span> <span class='ocrx_word' id='word_1_554' title='bbox 3503 2561 3666 2630; x_wconf 73' lang='grc' dir='ltr'>ἡμῶν,</span> <span class='ocrx_word' id='word_1_555' title='bbox 3715 2558 3833 2609; x_wconf 66' lang='grc' dir='ltr'>ἄλλα</span> 
     </span>
    </p>
   </div>
   <div class='ocr_carea' id='block_1_81' title="bbox 2247 2644 3836 2721">
    <p class='ocr_par' dir='ltr' id='par_1_81' title="bbox 2247 2644 3836 2721">
     <span class='ocr_line' id='line_1_81' title="bbox 2247 2644 3836 2721; baseline 0.001 -23"><span class='ocrx_word' id='word_1_556' title='bbox 2247 2646 2512 2699; x_wconf 78' lang='grc' dir='ltr'>κάνταῦθα</span> <span class='ocrx_word' id='word_1_557' title='bbox 2561 2644 2837 2699; x_wconf 78' lang='grc' dir='ltr'>διέστειλεν</span> <span class='ocrx_word' id='word_1_558' title='bbox 2879 2647 3095 2712; x_wconf 81' lang='grc' dir='ltr'>ἑαυτόν;</span> <span class='ocrx_word' id='word_1_559' title='bbox 3126 2654 3285 2713; x_wconf 84' lang='grc' dir='ltr'>Διοτι,</span> <span class='ocrx_word' id='word_1_560' title='bbox 3338 2648 3381 2699; x_wconf 79' lang='grc' dir='ltr'>εἰ</span> <span class='ocrx_word' id='word_1_561' title='bbox 3435 2653 3528 2700; x_wconf 80' lang='grc' dir='ltr'><strong>καὶ</strong></span> <span class='ocrx_word' id='word_1_562' title='bbox 3585 2651 3836 2721; x_wconf 72' lang='grc' dir='ltr'>ἄνθρωπος</span> 
     </span>
    </p>
   </div>
   <div class='ocr_carea' id='block_1_82' title="bbox 2247 2733 3836 2812">
    <p class='ocr_par' dir='ltr' id='par_1_82' title="bbox 2247 2733 3836 2812">
     <span class='ocr_line' id='line_1_82' title="bbox 2247 2733 3836 2812; baseline 0 -24"><span class='ocrx_word' id='word_1_563' title='bbox 2247 2741 2423 2808; x_wconf 86' lang='grc' dir='ltr'>γέγονε</span> <span class='ocrx_word' id='word_1_564' title='bbox 2469 2742 2555 2788; x_wconf 83' lang='grc' dir='ltr'><strong>καὶ</strong></span> <span class='ocrx_word' id='word_1_565' title='bbox 2591 2733 2808 2808; x_wconf 74' lang='grc' dir='ltr'><strong>ἀδελφὸς</strong></span> <span class='ocrx_word' id='word_1_566' title='bbox 2855 2736 3020 2789; x_wconf 67' lang='grc' dir='ltr'>αὐτῶν</span> <span class='ocrx_word' id='word_1_567' title='bbox 3070 2745 3131 2809; x_wconf 75' lang='grc' dir='ltr'><strong>τῇ</strong></span> <span class='ocrx_word' id='word_1_568' title='bbox 3185 2740 3333 2808; x_wconf 72' lang='grc' dir='ltr'>φύσει</span> <span class='ocrx_word' id='word_1_569' title='bbox 3373 2746 3470 2798; x_wconf 82' lang='grc' dir='ltr'><strong>τῆς</strong></span> <span class='ocrx_word' id='word_1_570' title='bbox 3522 2737 3836 2812; x_wconf 63' lang='grc' dir='ltr'>ἀνθρωποπ-</span> 
     </span>
    </p>
   </div>
   <div class='ocr_carea' id='block_1_83' title="bbox 2245 2823 3836 2899">
    <p class='ocr_par' dir='ltr' id='par_1_83' title="bbox 2245 2823 3836 2899">
     <span class='ocr_line' id='line_1_83' title="bbox 2245 2823 3836 2899; baseline -0.001 -21"><span class='ocrx_word' id='word_1_571' title='bbox 2245 2846 2349 2890; x_wconf 84' lang='grc' dir='ltr'>τος,</span> <span class='ocrx_word' id='word_1_572' title='bbox 2386 2825 2512 2877; x_wconf 82' lang='grc' dir='ltr'><strong>ἀλλά</strong></span> <span class='ocrx_word' id='word_1_573' title='bbox 2555 2825 2682 2877; x_wconf 72' lang='grc' dir='ltr'>πολὺ</span> <span class='ocrx_word' id='word_1_574' title='bbox 2733 2823 2959 2899; x_wconf 70' lang='grc' dir='ltr'>διέφερεν</span> <span class='ocrx_word' id='word_1_575' title='bbox 2999 2826 3162 2876; x_wconf 66' lang='grc' dir='ltr'>αὐτῶν</span> <span class='ocrx_word' id='word_1_576' title='bbox 3206 2833 3266 2897; x_wconf 71' lang='grc' dir='ltr'>τῇ</span> <span class='ocrx_word' id='word_1_577' title='bbox 3314 2835 3442 2897; x_wconf 74' lang='grc' dir='ltr'>τιμῇ</span> <span class='ocrx_word' id='word_1_578' title='bbox 3493 2825 3587 2879; x_wconf 74' lang='grc' dir='ltr'>διά</span> <span class='ocrx_word' id='word_1_579' title='bbox 3640 2847 3690 2879; x_wconf 87' lang='grc' dir='ltr'><strong>τε</strong></span> <span class='ocrx_word' id='word_1_580' title='bbox 3747 2832 3836 2884; x_wconf 68' lang='grc' dir='ltr'>τὴν</span> 
     </span>
    </p>
   </div>
   <div class='ocr_carea' id='block_1_84' title="bbox 2247 2911 3565 2989">
    <p class='ocr_par' dir='ltr' id='par_1_84' title="bbox 2247 2911 3565 2989">
     <span class='ocr_line' id='line_1_84' title="bbox 2247 2911 3565 2989; baseline 0.002 -22"><span class='ocrx_word' id='word_1_581' title='bbox 2247 2917 2426 2967; x_wconf 80' lang='grc' dir='ltr'>ἕνωσιν</span> <span class='ocrx_word' id='word_1_582' title='bbox 2458 2925 2552 2976; x_wconf 82' lang='grc' dir='ltr'><strong>τῆς</strong></span> <span class='ocrx_word' id='word_1_583' title='bbox 2575 2917 2814 2975; x_wconf 78' lang='grc' dir='ltr'>θεότητος</span> <span class='ocrx_word' id='word_1_584' title='bbox 2836 2920 2921 2966; x_wconf 82' lang='grc' dir='ltr'><strong>καὶ</strong></span> <span class='ocrx_word' id='word_1_585' title='bbox 2955 2911 3048 2967; x_wconf 79' lang='grc' dir='ltr'><strong>διὰ</strong></span> <span class='ocrx_word' id='word_1_586' title='bbox 3072 2918 3128 2966; x_wconf 84' lang='grc' dir='ltr'>τὸ</span> <span class='ocrx_word' id='word_1_587' title='bbox 3157 2915 3565 2989; x_wconf 78' lang='grc' dir='ltr'>ἀναμάρτητον.]</span> 
     </span>
    </p>
   </div>
   <div class='ocr_carea' id='block_1_85' title="bbox 2317 3003 3828 3080">
    <p class='ocr_par' dir='ltr' id='par_1_85' title="bbox 2317 3003 3828 3080">
     <span class='ocr_line' id='line_1_85' title="bbox 2317 3003 3828 3080; baseline -0.001 -24"><span class='ocrx_word' id='word_1_588' title='bbox 2317 3004 2571 3080; x_wconf 77' lang='grc' dir='ltr'>’Ἔρχεται</span> <span class='ocrx_word' id='word_1_589' title='bbox 2626 3036 2689 3044; x_wconf 93' lang='grc'><strong>-</strong></span> <span class='ocrx_word' id='word_1_590' title='bbox 2753 3005 2906 3076; x_wconf 67' lang='grc' dir='ltr'>αὐτῇ.</span> <span class='ocrx_word' id='word_1_591' title='bbox 2969 3010 3066 3056; x_wconf 85' lang='grc' dir='ltr'><strong>Καὶ</strong></span> <span class='ocrx_word' id='word_1_592' title='bbox 3122 3007 3200 3055; x_wconf 86' lang='grc' dir='ltr'>ὅτι</span> <span class='ocrx_word' id='word_1_593' title='bbox 3261 3013 3427 3056; x_wconf 70' lang='grc' dir='ltr'>ταῦτα</span> <span class='ocrx_word' id='word_1_594' title='bbox 3502 3003 3632 3058; x_wconf 82' lang='grc' dir='ltr'>εἶπεν</span> <span class='ocrx_word' id='word_1_595' title='bbox 3707 3014 3828 3075; x_wconf 55' lang='lat' dir='ltr'><strong>auri?</strong></span> 
     </span>
    </p>
   </div>
   <div class='ocr_carea' id='block_1_86' title="bbox 2244 3091 3833 3166">
    <p class='ocr_par' dir='ltr' id='par_1_86' title="bbox 2244 3091 3833 3166">
     <span class='ocr_line' id='line_1_86' title="bbox 2244 3091 3833 3166; baseline 0.001 -21"><span class='ocrx_word' id='word_1_596' title='bbox 2244 3095 2278 3145; x_wconf 84' lang='grc' dir='ltr'><em>ἂ</em></span> <span class='ocrx_word' id='word_1_597' title='bbox 2340 3091 2582 3151; x_wconf 77' lang='grc' dir='ltr'>δηλονότι</span> <span class='ocrx_word' id='word_1_598' title='bbox 2648 3093 2916 3150; x_wconf 72' lang='grc' dir='ltr'>λελάληκεν</span> <span class='ocrx_word' id='word_1_599' title='bbox 2971 3094 3122 3165; x_wconf 70' lang='grc' dir='ltr'>αὐτῇ.</span> <span class='ocrx_word' id='word_1_600' title='bbox 3182 3092 3349 3165; x_wconf 79' lang='grc' dir='ltr'>[Ἐπεὶ</span> <span class='ocrx_word' id='word_1_601' title='bbox 3404 3094 3521 3166; x_wconf 77' lang='grc'>(12)</span> <span class='ocrx_word' id='word_1_602' title='bbox 3580 3091 3636 3146; x_wconf 79' lang='grc' dir='ltr'>δε</span> <span class='ocrx_word' id='word_1_603' title='bbox 3688 3095 3833 3156; x_wconf 79' lang='grc' dir='ltr'><strong>εἰκὸς,</strong></span> 
     </span>
    </p>
   </div>
   <div class='ocr_carea' id='block_1_87' title="bbox 2245 3179 3832 3256">
    <p class='ocr_par' dir='ltr' id='par_1_87' title="bbox 2245 3179 3832 3256">
     <span class='ocr_line' id='line_1_87' title="bbox 2245 3179 3832 3256; baseline -0.001 -20"><span class='ocrx_word' id='word_1_604' title='bbox 2245 3188 2365 3244; x_wconf 78' lang='grc' dir='ltr'>τοὺς</span> <span class='ocrx_word' id='word_1_605' title='bbox 2405 3185 2644 3256; x_wconf 81' lang='grc' dir='ltr'>μαθητὰς</span> <span class='ocrx_word' id='word_1_606' title='bbox 2677 3181 3001 3242; x_wconf 73' lang='grc' dir='ltr'>ἀκούσαντας</span> <span class='ocrx_word' id='word_1_607' title='bbox 3029 3190 3196 3233; x_wconf 74' lang='grc' dir='ltr'>ταῦτα</span> <span class='ocrx_word' id='word_1_608' title='bbox 3222 3186 3250 3239; x_wconf 79' lang='grc' dir='ltr'><strong>ἣ</strong></span> <span class='ocrx_word' id='word_1_609' title='bbox 3291 3179 3592 3235; x_wconf 76' lang='grc' dir='ltr'>διαπιστεῖν</span> <span class='ocrx_word' id='word_1_610' title='bbox 3636 3192 3693 3256; x_wconf 67' lang='grc' dir='ltr'><strong>τῇ</strong></span> <span class='ocrx_word' id='word_1_611' title='bbox 3735 3203 3832 3253; x_wconf 82' lang='grc' dir='ltr'>γν-</span> 
     </span>
    </p>
   </div>
   <div class='ocr_carea' id='block_1_88' title="bbox 2243 3274 3837 3345">
    <p class='ocr_par' dir='ltr' id='par_1_88' title="bbox 2243 3274 3837 3345">
     <span class='ocr_line' id='line_1_88' title="bbox 2243 3274 3837 3345; baseline 0 -23"><span class='ocrx_word' id='word_1_612' title='bbox 2243 3277 2404 3341; x_wconf 81' lang='grc' dir='ltr'>ναικὶ,</span> <span class='ocrx_word' id='word_1_613' title='bbox 2458 3274 2689 3345; x_wconf 81' lang='grc' dir='ltr'>καθάπερ</span> <span class='ocrx_word' id='word_1_614' title='bbox 2743 3276 2831 3323; x_wconf 83' lang='grc' dir='ltr'><strong>καὶ</strong></span> <span class='ocrx_word' id='word_1_615' title='bbox 2888 3277 3154 3345; x_wconf 83' lang='grc' dir='ltr'>πρότερον,</span> <span class='ocrx_word' id='word_1_616' title='bbox 3211 3276 3239 3328; x_wconf 81' lang='grc' dir='ltr'>ἧ</span> <span class='ocrx_word' id='word_1_617' title='bbox 3303 3276 3707 3338; x_wconf 79' lang='grc' dir='ltr'>πιστεύσαντας,</span> <span class='ocrx_word' id='word_1_618' title='bbox 3757 3275 3837 3324; x_wconf 77' lang='grc' dir='ltr'><strong>οἱα</strong></span> 
     </span>
    </p>
   </div>
   <div class='ocr_carea' id='block_1_89' title="bbox 2243 3357 3835 3437">
    <p class='ocr_par' dir='ltr' id='par_1_89' title="bbox 2243 3357 3835 3437">
     <span class='ocr_line' id='line_1_89' title="bbox 2243 3357 3835 3437; baseline 0 -26"><span class='ocrx_word' id='word_1_619' title='bbox 2243 3366 2331 3412; x_wconf 83' lang='grc' dir='ltr'>καὶ</span> <span class='ocrx_word' id='word_1_620' title='bbox 2377 3357 2466 3413; x_wconf 66' lang='grc' dir='ltr'>τοῦ</span> <span class='ocrx_word' id='word_1_621' title='bbox 2520 3366 2712 3437; x_wconf 82' lang='grc' dir='ltr'>Πέτρου</span> <span class='ocrx_word' id='word_1_622' title='bbox 2766 3365 2855 3412; x_wconf 80' lang='grc' dir='ltr'><strong>καὶ</strong></span> <span class='ocrx_word' id='word_1_623' title='bbox 2911 3361 3144 3413; x_wconf 84' lang='grc' dir='ltr'>Ἰωάννου</span> <span class='ocrx_word' id='word_1_624' title='bbox 3197 3363 3589 3433; x_wconf 66' lang='grc' dir='ltr'>συντιθεμένων,</span> <span class='ocrx_word' id='word_1_625' title='bbox 3648 3362 3728 3433; x_wconf 59' lang='grc' dir='ltr'><strong>ἀφ’</strong></span> <span class='ocrx_word' id='word_1_626' title='bbox 3770 3363 3835 3412; x_wconf 74' lang='grc' dir='ltr'>ὧν</span> 
     </span>
    </p>
   </div>
   <div class='ocr_carea' id='block_1_90' title="bbox 2245 3447 3830 3522">
    <p class='ocr_par' dir='ltr' id='par_1_90' title="bbox 2245 3447 3830 3522">
     <span class='ocr_line' id='line_1_90' title="bbox 2245 3447 3830 3522; baseline 0 -20"><span class='ocrx_word' id='word_1_627' title='bbox 2245 3447 2381 3502; x_wconf 75' lang='grc' dir='ltr'>εἶδον</span> <span class='ocrx_word' id='word_1_628' title='bbox 2415 3449 2604 3522; x_wconf 82' lang='grc' dir='ltr'>ἀλγεῖν,</span> <span class='ocrx_word' id='word_1_629' title='bbox 2655 3452 2734 3502; x_wconf 83' lang='grc' dir='ltr'>ὅτι</span> <span class='ocrx_word' id='word_1_630' title='bbox 2783 3450 2930 3502; x_wconf 69' lang='grc' dir='ltr'>αὐτοὶ</span> <span class='ocrx_word' id='word_1_631' title='bbox 2965 3450 3057 3502; x_wconf 69' lang='grc' dir='ltr'><strong>οὐκ</strong></span> <span class='ocrx_word' id='word_1_632' title='bbox 3102 3451 3404 3512; x_wconf 72' lang='grc' dir='ltr'>ἠξιώθησαν</span> <span class='ocrx_word' id='word_1_633' title='bbox 3445 3451 3609 3521; x_wconf 59' lang='grc' dir='ltr'>ὅψεως</span> <span class='ocrx_word' id='word_1_634' title='bbox 3662 3453 3830 3521; x_wconf 67' lang='grc' dir='ltr'>αὐτοῦ,</span> 
     </span>
    </p>
   </div>
   <div class='ocr_carea' id='block_1_91' title="bbox 2245 3538 3826 3614">
    <p class='ocr_par' dir='ltr' id='par_1_91' title="bbox 2245 3538 3826 3614">
     <span class='ocr_line' id='line_1_91' title="bbox 2245 3538 3826 3614; baseline 0 -24"><span class='ocrx_word' id='word_1_635' title='bbox 2245 3539 2535 3614; x_wconf 65' lang='grc' dir='ltr'>αὐθημερὸν</span> <span class='ocrx_word' id='word_1_636' title='bbox 2591 3539 2923 3610; x_wconf 63' lang='grc' dir='ltr'>ἐμφανίζεται</span> <span class='ocrx_word' id='word_1_637' title='bbox 2971 3543 3059 3590; x_wconf 82' lang='grc' dir='ltr'><strong>καὶ</strong></span> <span class='ocrx_word' id='word_1_638' title='bbox 3105 3538 3299 3600; x_wconf 64' lang='grc' dir='ltr'>αὐτοῖς.</span> <span class='ocrx_word' id='word_1_639' title='bbox 3349 3546 3545 3611; x_wconf 79' lang='grc' dir='ltr'>Πρῶτον</span> <span class='ocrx_word' id='word_1_640' title='bbox 3587 3542 3680 3608; x_wconf 76' lang='grc' dir='ltr'>μὲν</span> <span class='ocrx_word' id='word_1_641' title='bbox 3728 3544 3826 3614; x_wconf 58' lang='grc' dir='ltr'><strong>γάρ</strong></span> 
     </span>
    </p>
   </div>
   <div class='ocr_carea' id='block_1_92' title="bbox 2245 3624 3816 3700">
    <p class='ocr_par' dir='ltr' id='par_1_92' title="bbox 2245 3624 3816 3700">
     <span class='ocr_line' id='line_1_92' title="bbox 2245 3624 3816 3700; baseline -0.001 -20"><span class='ocrx_word' id='word_1_642' title='bbox 2245 3627 2500 3700; x_wconf 80' lang='grc' dir='ltr'>ἐγύμνασε</span> <span class='ocrx_word' id='word_1_643' title='bbox 2547 3632 2632 3680; x_wconf 85' lang='grc' dir='ltr'>τὸν</span> <span class='ocrx_word' id='word_1_644' title='bbox 2678 3629 2834 3680; x_wconf 80' lang='grc' dir='ltr'>πόθον</span> <span class='ocrx_word' id='word_1_645' title='bbox 2883 3628 3069 3694; x_wconf 74' lang='grc' dir='ltr'>αὐτῶν,</span> <span class='ocrx_word' id='word_1_646' title='bbox 3115 3624 3226 3679; x_wconf 85' lang='grc' dir='ltr'>εἶτα</span> <span class='ocrx_word' id='word_1_647' title='bbox 3271 3631 3598 3700; x_wconf 68' lang='grc' dir='ltr'>ποθεινότερον</span> <span class='ocrx_word' id='word_1_648' title='bbox 3643 3627 3816 3678; x_wconf 79' lang='grc' dir='ltr'>ἑαυτὸν</span> 
     </span>
    </p>
   </div>
   <div class='ocr_carea' id='block_1_93' title="bbox 2243 3713 3358 3791">
    <p class='ocr_par' dir='ltr' id='par_1_93' title="bbox 2243 3713 3358 3791">
     <span class='ocr_line' id='line_1_93' title="bbox 2243 3713 3358 3791; baseline 0.001 -22"><span class='ocrx_word' id='word_1_649' title='bbox 2243 3722 2507 3791; x_wconf 85' lang='grc' dir='ltr'>παρέσχεν</span> <span class='ocrx_word' id='word_1_650' title='bbox 2531 3717 2726 3785; x_wconf 74' lang='grc' dir='ltr'>αὐτοῖς,</span> <span class='ocrx_word' id='word_1_651' title='bbox 2758 3713 2989 3788; x_wconf 73' lang='grc' dir='ltr'>διψῶσιν</span> <span class='ocrx_word' id='word_1_652' title='bbox 3019 3713 3126 3775; x_wconf 69' lang='grc' dir='ltr'><strong>ἤδη</strong></span> <span class='ocrx_word' id='word_1_653' title='bbox 3157 3718 3358 3788; x_wconf 51' lang='lat' dir='ltr'><strong>acii-am]</strong></span> 
     </span>
    </p>
   </div>
   <div class='ocr_carea' id='block_1_94' title="bbox 2315 3892 3834 3966">
    <p class='ocr_par' dir='ltr' id='par_1_94' title="bbox 2315 3892 3834 3966">
     <span class='ocr_line' id='line_1_94' title="bbox 2315 3892 3834 3966; baseline -0.001 -18"><span class='ocrx_word' id='word_1_654' title='bbox 2315 3899 2496 3956; x_wconf 69' lang='grc' dir='ltr'>Οὔσης</span> <span class='ocrx_word' id='word_1_655' title='bbox 2543 3893 2628 3947; x_wconf 74' lang='grc' dir='ltr'>οὖν</span> <span class='ocrx_word' id='word_1_656' title='bbox 2683 3895 2838 3966; x_wconf 70' lang='grc' dir='ltr'>ὀψίας</span> <span class='ocrx_word' id='word_1_657' title='bbox 2887 3926 2956 3934; x_wconf 89' lang='grc'><strong>--</strong></span> <span class='ocrx_word' id='word_1_658' title='bbox 3007 3899 3185 3965; x_wconf 84' lang='grc' dir='ltr'>μέσον.</span> <span class='ocrx_word' id='word_1_659' title='bbox 3239 3900 3494 3966; x_wconf 77' lang='grc' dir='ltr'>Ἐσπέρας</span> <span class='ocrx_word' id='word_1_660' title='bbox 3553 3892 3717 3958; x_wconf 67' lang='grc' dir='ltr'>ἦλθεν,</span> <span class='ocrx_word' id='word_1_661' title='bbox 3753 3899 3834 3946; x_wconf 76' lang='grc' dir='ltr'>ὅτε</span> 
     </span>
    </p>
   </div>
   <div class='ocr_carea' id='block_1_95' title="bbox 2245 3985 3837 4058">
    <p class='ocr_par' dir='ltr' id='par_1_95' title="bbox 2245 3985 3837 4058">
     <span class='ocr_line' id='line_1_95' title="bbox 2245 3985 3837 4058; baseline -0.001 -22"><span class='ocrx_word' id='word_1_662' title='bbox 2245 3985 2429 4058; x_wconf 78' lang='grc' dir='ltr'>μᾶλλον</span> <span class='ocrx_word' id='word_1_663' title='bbox 2491 3985 2763 4057; x_wconf 76' lang='grc' dir='ltr'>ἐφοϐοῦντο</span> <span class='ocrx_word' id='word_1_664' title='bbox 2811 3988 2900 4035; x_wconf 83' lang='grc' dir='ltr'><strong>καὶ</strong></span> <span class='ocrx_word' id='word_1_665' title='bbox 2952 3986 3033 4036; x_wconf 81' lang='grc' dir='ltr'>ὅτε</span> <span class='ocrx_word' id='word_1_666' title='bbox 3093 3990 3400 4054; x_wconf 73' lang='grc' dir='ltr'>συνήγοντο.</span> <span class='ocrx_word' id='word_1_667' title='bbox 3446 3989 3548 4036; x_wconf 72' lang='grc' dir='ltr'><strong>Καὶ</strong></span> <span class='ocrx_word' id='word_1_668' title='bbox 3605 3987 3696 4044; x_wconf 72' lang='grc' dir='ltr'>τὰς</span> <span class='ocrx_word' id='word_1_669' title='bbox 3748 3990 3837 4056; x_wconf 79' lang='grc' dir='ltr'><strong>μεν</strong></span> 
     </span>
    </p>
   </div>
   <div class='ocr_carea' id='block_1_96' title="bbox 2245 4071 3837 4147">
    <p class='ocr_par' dir='ltr' id='par_1_96' title="bbox 2245 4071 3837 4147">
     <span class='ocr_line' id='line_1_96' title="bbox 2245 4071 3837 4147; baseline -0.001 -21"><span class='ocrx_word' id='word_1_670' title='bbox 2245 4076 2398 4147; x_wconf 78' lang='grc' dir='ltr'>θύρας</span> <span class='ocrx_word' id='word_1_671' title='bbox 2443 4073 2499 4125; x_wconf 68' lang='grc' dir='ltr'>οὐ</span> <span class='ocrx_word' id='word_1_672' title='bbox 2555 4073 2816 4138; x_wconf 72' lang='grc' dir='ltr'>ἐπάταξεν,</span> <span class='ocrx_word' id='word_1_673' title='bbox 2861 4075 2943 4124; x_wconf 80' lang='grc' dir='ltr'>ἵνα</span> <span class='ocrx_word' id='word_1_674' title='bbox 2997 4077 3067 4143; x_wconf 81' lang='grc' dir='ltr'>μὴ</span> <span class='ocrx_word' id='word_1_675' title='bbox 3113 4071 3494 4146; x_wconf 72' lang='grc' dir='ltr'>θορυϐηθωσιν,</span> <span class='ocrx_word' id='word_1_676' title='bbox 3547 4073 3837 4144; x_wconf 73' lang='grc' dir='ltr'>κεκλεισμέ-</span> 
     </span>
    </p>
   </div>
   <div class='ocr_carea' id='block_1_97' title="bbox 2239 4159 3840 4229">
    <p class='ocr_par' dir='ltr' id='par_1_97' title="bbox 2239 4159 3840 4229">
     <span class='ocr_line' id='line_1_97' title="bbox 2239 4159 3840 4229; baseline 0 -17"><span class='ocrx_word' id='word_1_677' title='bbox 2239 4184 2334 4214; x_wconf 85' lang='grc' dir='ltr'><strong>νων</strong></span> <span class='ocrx_word' id='word_1_678' title='bbox 2390 4159 2448 4215; x_wconf 78' lang='grc' dir='ltr'><strong>δὲ</strong></span> <span class='ocrx_word' id='word_1_679' title='bbox 2503 4163 2735 4221; x_wconf 78' lang='grc' dir='ltr'>εἰσῆλθεν</span> <span class='ocrx_word' id='word_1_680' title='bbox 2787 4164 2854 4223; x_wconf 80' lang='grc' dir='ltr'>ὡς</span> <span class='ocrx_word' id='word_1_681' title='bbox 2909 4167 3054 4229; x_wconf 74' lang='grc' dir='ltr'>Θεὸς,</span> <span class='ocrx_word' id='word_1_682' title='bbox 3105 4167 3193 4212; x_wconf 79' lang='grc' dir='ltr'>καὶ</span> <span class='ocrx_word' id='word_1_683' title='bbox 3242 4165 3312 4222; x_wconf 80' lang='grc' dir='ltr'><strong>ὡς</strong></span> <span class='ocrx_word' id='word_1_684' title='bbox 3363 4161 3548 4213; x_wconf 74' lang='grc' dir='ltr'>λεπτοῦ</span> <span class='ocrx_word' id='word_1_685' title='bbox 3609 4159 3712 4219; x_wconf 69' lang='grc' dir='ltr'><strong>ἤδη</strong></span> <span class='ocrx_word' id='word_1_686' title='bbox 3751 4168 3840 4214; x_wconf 78' lang='grc' dir='ltr'><strong>καὶ</strong></span> 
     </span>
    </p>
   </div>
   <div class='ocr_carea' id='block_1_98' title="bbox 2239 4251 3838 4325">
    <p class='ocr_par' dir='ltr' id='par_1_98' title="bbox 2239 4251 3838 4325">
     <span class='ocr_line' id='line_1_98' title="bbox 2239 4251 3838 4325; baseline -0.001 -22"><span class='ocrx_word' id='word_1_687' title='bbox 2239 4255 2429 4324; x_wconf 76' lang='grc' dir='ltr'>κούφου</span> <span class='ocrx_word' id='word_1_688' title='bbox 2479 4257 2567 4304; x_wconf 82' lang='grc' dir='ltr'><strong>καὶ</strong></span> <span class='ocrx_word' id='word_1_689' title='bbox 2613 4251 2875 4325; x_wconf 78' lang='grc' dir='ltr'>ἀκηράτου</span> <span class='ocrx_word' id='word_1_690' title='bbox 2920 4255 3188 4322; x_wconf 76' lang='grc' dir='ltr'>γενομένου</span> <span class='ocrx_word' id='word_1_691' title='bbox 3237 4258 3329 4302; x_wconf 79' lang='grc' dir='ltr'>τοῦ</span> <span class='ocrx_word' id='word_1_692' title='bbox 3381 4257 3621 4321; x_wconf 81' lang='grc' dir='ltr'>σώματος</span> <span class='ocrx_word' id='word_1_693' title='bbox 3660 4251 3838 4302; x_wconf 63' lang='grc' dir='ltr'>αὐτοῦ.</span> 
     </span>
    </p>
   </div>
   <div class='ocr_carea' id='block_1_99' title="bbox 2242 4338 3522 4413">
    <p class='ocr_par' dir='ltr' id='par_1_99' title="bbox 2242 4338 3522 4413">
     <span class='ocr_line' id='line_1_99' title="bbox 2242 4338 3522 4413; baseline -0.002 -20"><span class='ocrx_word' id='word_1_694' title='bbox 2242 4341 2402 4400; x_wconf 66' lang='lat' dir='ltr'><strong>&quot;Eam</strong></span> <span class='ocrx_word' id='word_1_695' title='bbox 2439 4338 2496 4393; x_wconf 76' lang='grc' dir='ltr'><strong>δὲ</strong></span> <span class='ocrx_word' id='word_1_696' title='bbox 2527 4342 2596 4401; x_wconf 82' lang='grc' dir='ltr'><strong>εἰς</strong></span> <span class='ocrx_word' id='word_1_697' title='bbox 2627 4346 2683 4392; x_wconf 84' lang='grc' dir='ltr'>τὸ</span> <span class='ocrx_word' id='word_1_698' title='bbox 2705 4346 2878 4413; x_wconf 80' lang='grc' dir='ltr'>μέσον,</span> <span class='ocrx_word' id='word_1_699' title='bbox 2919 4341 3000 4391; x_wconf 88' lang='grc' dir='ltr'><strong>ἱνα</strong></span> <span class='ocrx_word' id='word_1_700' title='bbox 3029 4345 3188 4392; x_wconf 81' lang='grc' dir='ltr'>πᾶσιν</span> <span class='ocrx_word' id='word_1_701' title='bbox 3217 4343 3292 4396; x_wconf 81' lang='grc' dir='ltr'><strong>εἴη</strong></span> <span class='ocrx_word' id='word_1_702' title='bbox 3319 4342 3522 4400; x_wconf 72' lang='grc' dir='ltr'>θεατάς.</span> 
     </span>
    </p>
   </div>
   <div class='ocr_carea' id='block_1_100' title="bbox 2311 4516 3845 4592">
    <p class='ocr_par' dir='ltr' id='par_1_100' title="bbox 2311 4516 3845 4592">
     <span class='ocr_line' id='line_1_100' title="bbox 2311 4516 3845 4592; baseline -0.001 -20"><span class='ocrx_word' id='word_1_703' title='bbox 2311 4525 2408 4573; x_wconf 81' lang='grc' dir='ltr'><strong>Καὶ</strong></span> <span class='ocrx_word' id='word_1_704' title='bbox 2453 4550 2523 4560; x_wconf 91' lang='grc'><strong>-</strong></span> <span class='ocrx_word' id='word_1_705' title='bbox 2565 4522 2704 4592; x_wconf 75' lang='grc' dir='ltr'>ὑμῖν.</span> <span class='ocrx_word' id='word_1_706' title='bbox 2747 4519 3041 4592; x_wconf 83' lang='grc' dir='ltr'>[Τουτέστι,</span> <span class='ocrx_word' id='word_1_707' title='bbox 3093 4516 3210 4588; x_wconf 88' lang='grc'><strong>(13)</strong></span> <span class='ocrx_word' id='word_1_708' title='bbox 3247 4522 3318 4589; x_wconf 80' lang='grc' dir='ltr'>μὴ</span> <span class='ocrx_word' id='word_1_709' title='bbox 3354 4519 3681 4591; x_wconf 80' lang='grc' dir='ltr'>ταράχθητε.</span> <span class='ocrx_word' id='word_1_710' title='bbox 3743 4525 3845 4570; x_wconf 69' lang='grc' dir='ltr'><strong>Καὶ</strong></span> 
     </span>
    </p>
   </div>
   <div class='ocr_carea' id='block_1_101' title="bbox 2237 4606 3844 4681">
    <p class='ocr_par' dir='ltr' id='par_1_101' title="bbox 2237 4606 3844 4681">
     <span class='ocr_line' id='line_1_101' title="bbox 2237 4606 3844 4681; baseline -0.002 -20"><span class='ocrx_word' id='word_1_711' title='bbox 2237 4609 2578 4667; x_wconf 82' lang='grc' dir='ltr'>ἀποθνήσκων</span> <span class='ocrx_word' id='word_1_712' title='bbox 2628 4606 2686 4660; x_wconf 76' lang='grc' dir='ltr'><strong>δὲ</strong></span> <span class='ocrx_word' id='word_1_713' title='bbox 2766 4608 2970 4680; x_wconf 81' lang='grc' dir='ltr'>εἰρήνην</span> <span class='ocrx_word' id='word_1_714' title='bbox 3052 4606 3242 4678; x_wconf 70' lang='grc' dir='ltr'>ἀφῆκεν</span> <span class='ocrx_word' id='word_1_715' title='bbox 3321 4607 3496 4668; x_wconf 70' lang='grc' dir='ltr'>αὐτοῖς</span> <span class='ocrx_word' id='word_1_716' title='bbox 3534 4623 3548 4637; x_wconf 76' lang='grc'><strong><em>³</em></strong></span> <span class='ocrx_word' id='word_1_717' title='bbox 3616 4606 3844 4681; x_wconf 68' lang='grc' dir='ltr'>Εἰρήνην</span> 
     </span>
    </p>
   </div>
   <div class='ocr_carea' id='block_1_102' title="bbox 2234 4696 3844 4771">
    <p class='ocr_par' dir='ltr' id='par_1_102' title="bbox 2234 4696 3844 4771">
     <span class='ocr_line' id='line_1_102' title="bbox 2234 4696 3844 4771; baseline -0.003 -20"><span class='ocrx_word' id='word_1_718' title='bbox 2234 4703 2355 4770; x_wconf 78' lang='grc' dir='ltr'>γὰρ,</span> <span class='ocrx_word' id='word_1_719' title='bbox 2400 4704 2577 4771; x_wconf 77' lang='grc' dir='ltr'>φησὶν,</span> <span class='ocrx_word' id='word_1_720' title='bbox 2624 4696 2813 4770; x_wconf 66' lang='grc' dir='ltr'>ἀφίημι</span> <span class='ocrx_word' id='word_1_721' title='bbox 2869 4698 3013 4768; x_wconf 79' lang='grc' dir='ltr'>ὑμῖν.</span> <span class='ocrx_word' id='word_1_722' title='bbox 3070 4703 3191 4756; x_wconf 81' lang='grc' dir='ltr'><strong>Ταῖς</strong></span> <span class='ocrx_word' id='word_1_723' title='bbox 3239 4701 3328 4768; x_wconf 70' lang='grc' dir='ltr'>μὲν</span> <span class='ocrx_word' id='word_1_724' title='bbox 3379 4697 3468 4748; x_wconf 77' lang='grc' dir='ltr'>οὖν</span> <span class='ocrx_word' id='word_1_725' title='bbox 3528 4698 3844 4768; x_wconf 78' lang='grc' dir='ltr'>μαθητρίαις</span> 
     </span>
    </p>
   </div>
   <div class='ocr_carea' id='block_1_103' title="bbox 2234 4781 3842 4861">
    <p class='ocr_par' dir='ltr' id='par_1_103' title="bbox 2234 4781 3842 4861">
     <span class='ocr_line' id='line_1_103' title="bbox 2234 4781 3842 4861; baseline -0.002 -22"><span class='ocrx_word' id='word_1_726' title='bbox 2234 4791 2407 4861; x_wconf 78' lang='grc' dir='ltr'>χαρὰν</span> <span class='ocrx_word' id='word_1_727' title='bbox 2447 4791 2546 4861; x_wconf 86' lang='grc' dir='ltr'>πρὸ</span> <span class='ocrx_word' id='word_1_728' title='bbox 2577 4791 2767 4848; x_wconf 86' lang='grc' dir='ltr'>παντὸς</span> <span class='ocrx_word' id='word_1_729' title='bbox 2790 4786 2945 4858; x_wconf 88' lang='grc' dir='ltr'>λόγου</span> <span class='ocrx_word' id='word_1_730' title='bbox 2993 4781 3221 4838; x_wconf 73' lang='grc' dir='ltr'>δέδωκεν</span> <span class='ocrx_word' id='word_1_731' title='bbox 3269 4785 3474 4846; x_wconf 65' lang='grc' dir='ltr'>αὐταῖς.</span> <span class='ocrx_word' id='word_1_732' title='bbox 3525 4787 3713 4843; x_wconf 67' lang='grc' dir='ltr'>Λύπην</span> <span class='ocrx_word' id='word_1_733' title='bbox 3745 4791 3842 4858; x_wconf 69' lang='grc' dir='ltr'>γὰρ</span> 
     </span>
    </p>
   </div>
   <div class='ocr_carea' id='block_1_104' title="bbox 1776 5119 2675 5190">
    <p class='ocr_par' dir='ltr' id='par_1_104' title="bbox 1776 5119 2675 5190">
     <span class='ocr_line' id='line_1_104' title="bbox 1776 5119 2675 5190; baseline -0.002 -2"><span class='ocrx_word' id='word_1_734' title='bbox 1776 5119 2001 5188; x_wconf 71' lang='lat' dir='ltr'><strong>Variae</strong></span> <span class='ocrx_word' id='word_1_735' title='bbox 2037 5120 2362 5190; x_wconf 88' lang='lat' dir='ltr'><strong>lectiones</strong></span> <span class='ocrx_word' id='word_1_736' title='bbox 2380 5127 2446 5189; x_wconf 89' lang='lat' dir='ltr'><strong>et</strong></span> <span class='ocrx_word' id='word_1_737' title='bbox 2473 5131 2675 5189; x_wconf 78' lang='lat' dir='ltr'><strong>notae.</strong></span> 
     </span>
    </p>
   </div>
   <div class='ocr_carea' id='block_1_105' title="bbox 543 5289 1459 5365">
    <p class='ocr_par' dir='ltr' id='par_1_105' title="bbox 543 5289 1459 5365">
     <span class='ocr_line' id='line_1_105' title="bbox 543 5289 1459 5365; baseline -0.007 -18"><span class='ocrx_word' id='word_1_738' title='bbox 543 5293 619 5365; x_wconf 84' lang='lat'><strong>(9)</strong></span> <span class='ocrx_word' id='word_1_739' title='bbox 653 5289 1012 5357; x_wconf 79' lang='grc' dir='ltr'>Ἐπιϐεϐαιῶν,</span> <span class='ocrx_word' id='word_1_740' title='bbox 1045 5291 1268 5348; x_wconf 87' lang='lat' dir='ltr'><strong>omisso</strong></span> <span class='ocrx_word' id='word_1_741' title='bbox 1294 5292 1369 5365; x_wconf 77' lang='grc' dir='ltr'>ἔτι</span> 
     </span>
    </p>
   </div>
   <div class='ocr_carea' id='block_1_106' title="bbox 566 5362 1456 5433">
    <p class='ocr_par' dir='ltr' id='par_1_106' title="bbox 566 5362 1456 5433">
     <span class='ocr_line' id='line_1_106' title="bbox 566 5362 1456 5433; baseline -0.008 -10"><span class='ocrx_word' id='word_1_742' title='bbox 566 5362 653 5433; x_wconf 86' lang='grc'>10)</span> <span class='ocrx_word' id='word_1_743' title='bbox 688 5369 770 5429; x_wconf 74' lang='lat' dir='ltr'><strong>Ai,</strong></span> <span class='ocrx_word' id='word_1_744' title='bbox 805 5371 943 5433; x_wconf 83' lang='lat' dir='ltr'><strong>post</strong></span> <span class='ocrx_word' id='word_1_745' title='bbox 967 5384 1018 5416; x_wconf 80' lang='grc' dir='ltr'><strong>τε</strong></span> <span class='ocrx_word' id='word_1_746' title='bbox 1040 5362 1363 5433; x_wconf 86' lang='lat' dir='ltr'><strong>interponit</strong></span> <span class='ocrx_word' id='word_1_747' title='bbox 1391 5364 1456 5416; x_wconf 85' lang='lat' dir='ltr'><strong>A.</strong></span> 
     </span>
    </p>
   </div>
   <div class='ocr_carea' id='block_1_107' title="bbox 539 5370 1272 5510">
    <p class='ocr_par' dir='ltr' id='par_1_107' title="bbox 539 5370 1272 5510">
     <span class='ocr_line' id='line_1_107' title="bbox 566 5370 1272 5433; baseline -0.007 -10"><span class='ocrx_word' id='word_1_748' title='bbox 566 5370 653 5433; x_wconf 90' lang='grc'>10)</span> <span class='ocrx_word' id='word_1_749' title='bbox 688 5370 770 5429; x_wconf 72' lang='lat' dir='ltr'><strong>Ai,</strong></span> <span class='ocrx_word' id='word_1_750' title='bbox 805 5371 943 5433; x_wconf 83' lang='lat' dir='ltr'><strong>post</strong></span> <span class='ocrx_word' id='word_1_751' title='bbox 967 5384 1018 5416; x_wconf 80' lang='grc' dir='ltr'><strong>τε</strong></span> <span class='ocrx_word' id='word_1_752' title='bbox 1040 5370 1272 5433; x_wconf 89' lang='lat' dir='ltr'><strong>interpo</strong></span> 
     </span>
     <span class='ocr_line' id='line_1_108' title="bbox 539 5370 1272 5510; baseline -0.007 -17"><span class='ocrx_word' id='word_1_753' title='bbox 539 5370 653 5510; x_wconf 69' lang='grc'>(11)</span> <span class='ocrx_word' id='word_1_754' title='bbox 701 5437 933 5495; x_wconf 89' lang='lat' dir='ltr'><strong>Inclusa</strong></span> <span class='ocrx_word' id='word_1_755' title='bbox 964 5438 1272 5494; x_wconf 80' lang='lat' dir='ltr'><strong>absuntA.</strong></span> 
     </span>
    </p>
   </div>
   <div class='ocr_carea' id='block_1_108' title="bbox 2304 5288 3015 5364">
    <p class='ocr_par' dir='ltr' id='par_1_108' title="bbox 2304 5288 3015 5364">
     <span class='ocr_line' id='line_1_109' title="bbox 2304 5288 3015 5364; baseline -0.003 -20"><span class='ocrx_word' id='word_1_756' title='bbox 2304 5290 2422 5364; x_wconf 71' lang='lat'><strong>(12)</strong></span> <span class='ocrx_word' id='word_1_757' title='bbox 2449 5289 2682 5364; x_wconf 69' lang='lat' dir='ltr'><strong>inclusa</strong></span> <span class='ocrx_word' id='word_1_758' title='bbox 2705 5288 2926 5364; x_wconf 80' lang='lat' dir='ltr'><strong>desunt</strong></span> <span class='ocrx_word' id='word_1_759' title='bbox 2948 5290 3015 5364; x_wconf 72' lang='grc' dir='ltr'>Α.</span> 
     </span>
    </p>
   </div>
   <div class='ocr_carea' id='block_1_109' title="bbox 2307 5361 3016 5433">
    <p class='ocr_par' dir='ltr' id='par_1_109' title="bbox 2307 5361 3016 5433">
     <span class='ocr_line' id='line_1_110' title="bbox 2307 5361 3016 5433; baseline -0.007 -14"><span class='ocrx_word' id='word_1_760' title='bbox 2307 5361 2420 5433; x_wconf 83' lang='grc'>(13)</span> <span class='ocrx_word' id='word_1_761' title='bbox 2447 5362 2682 5419; x_wconf 89' lang='lat' dir='ltr'><strong>Inclusa</strong></span> <span class='ocrx_word' id='word_1_762' title='bbox 2713 5361 2922 5417; x_wconf 91' lang='lat' dir='ltr'><strong>desunt</strong></span> <span class='ocrx_word' id='word_1_763' title='bbox 2948 5363 3016 5415; x_wconf 84' lang='grc' dir='ltr'>Λ.</span> 
     </span>
    </p>
   </div>
   <div class='ocr_carea' id='block_1_110' title="bbox 538 5609 3408 5706">
    <p class='ocr_par' dir='ltr' id='par_1_110' title="bbox 538 5609 3408 5706">
     <span class='ocr_line' id='line_1_111' title="bbox 538 5609 3408 5706; baseline -0 -39"><span class='ocrx_word' id='word_1_764' title='bbox 538 5616 642 5706; x_wconf 76' lang='grc' dir='ltr'>(σο)</span> <span class='ocrx_word' id='word_1_765' title='bbox 682 5611 900 5690; x_wconf 82' lang='lat' dir='ltr'><strong>Nempe</strong></span> <span class='ocrx_word' id='word_1_766' title='bbox 921 5648 986 5658; x_wconf 91' lang='lat'><strong>—-</strong></span> <span class='ocrx_word' id='word_1_767' title='bbox 1015 5617 1290 5676; x_wconf 85' lang='lat' dir='ltr'><strong>Joannes.</strong></span> <span class='ocrx_word' id='word_1_768' title='bbox 1325 5614 1531 5689; x_wconf 87' lang='lat' dir='ltr'><strong>Utpote</strong></span> <span class='ocrx_word' id='word_1_769' title='bbox 1571 5611 1738 5671; x_wconf 85' lang='lat' dir='ltr'><strong>Petro</strong></span> <span class='ocrx_word' id='word_1_770' title='bbox 1769 5613 1948 5672; x_wconf 89' lang='lat' dir='ltr'><strong>etiam</strong></span> <span class='ocrx_word' id='word_1_771' title='bbox 1980 5617 2037 5671; x_wconf 87' lang='lat' dir='ltr'><strong>et</strong></span> <span class='ocrx_word' id='word_1_772' title='bbox 2063 5615 2291 5672; x_wconf 86' lang='lat' dir='ltr'><strong>Joanne</strong></span> <span class='ocrx_word' id='word_1_773' title='bbox 2317 5612 2882 5689; x_wconf 86' lang='lat' dir='ltr'><strong>comprobantibus,</strong></span> <span class='ocrx_word' id='word_1_774' title='bbox 2915 5609 3408 5674; x_wconf 78' lang='lat' dir='ltr'><strong>asentientibus.</strong></span> 
     </span>
    </p>
   </div>
  </div>
