4022 6232
101 2904 157 2933 δ

227 216 361 273 1485

1310 212 1681 271 COMMENT.
1721 214 1791 270 IN
1828 214 2183 275 JOANNEM.
2214 246 2282 258 -
2308 206 2463 273 CAP.
2494 218 2615 275 XX.

3382 256 3386 261 λ
3450 222 3592 279 1486

219 343 278 392 τὸ
313 342 461 412 γένος
482 337 644 392 ἆκείνο
683 341 1014 413 κατεκέκριτο
1047 357 1059 371 ·
1091 345 1201 401 τοῖς
1218 335 1278 392 δὲ
1300 341 1560 411 μαθηταῖς
1589 339 1794 414 εἰρήνην

1933 342 2134 400 tribuit
2162 341 2311 415 (άιί),
2354 358 2425 400 eo
2452 343 2610 416 quod
2635 343 2715 401 ad
2742 358 3060 401 maerorem
3082 358 3274 415 genus
3303 342 3450 403 illud
3465 344 3590 403 fue-

220 425 312 483 διὰ
341 429 456 501 (14)
498 433 584 481 τὸν
628 429 1041 500 ὑποπτευόμενον
1071 427 1289 501 πόλεμον
1334 427 1434 481 ἀπό
1465 447 1519 481 τε
1547 426 1819 482 Ἰουδαίων

216 524 305 572 καὶ
336 518 588 577 Ἑλλήνων
602 560 614 573 .

293 614 391 663 Καὶ
416 639 486 649 -—
517 607 700 660 αὐτοῦ.
733 610 973 665 Ζήτησον
1029 606 1079 658 ἐν
1106 614 1178 677 τῷ
1240 606 1512 679 τελευταίῳ
1560 606 1819 679 κεφαλαίῳ

221 706 308 751 τοῦ
353 700 487 750 κατὰ
544 703 752 751 Λουκᾶν
785 701 862 748 τοο
899 701 996 749 Καὶ
1045 695 1195 748 αὐτοὶ
1239 693 1518 767 ἐξηγοῦντο
1565 700 1631 749 τὰ
1666 699 1713 749 ἐν
1752 704 1814 769 τῇ

220 785 354 858 ὁδῷ,
381 792 472 859 καὶ
497 788 563 839 τὰ
593 785 724 851 ἑξῆς,
763 784 924 858 [ἄχρι
955 784 1068 857 (15)
1091 792 1180 837 τοῦ
1211 802 1222 814 ·
1248 784 1366 839 Ἔτι
1389 781 1447 838 δὲ
1465 783 1818 838 ἀπιστούντων

219 876 387 928 αὐτῶν
416 874 517 928 ἀπὸ
565 882 661 937 τῆς
689 881 867 949 χαρᾶς
895 879 984 927 καὶ
1025 874 1394 947 θαυμαζόντων
1430 891 1442 902 '
1472 875 1495 947 ]
1542 880 1631 927 καὶ
1663 873 1818 945 ἀνάγ-

217 968 341 1018 νωθι
373 968 467 1026 τὰς
492 963 769 1035 ἐξηγήσεις
821 964 1008 1031 αὐτῶν,
1057 965 1190 1018 πάνυ
1220 966 1659 1038 χρησιμενούσας
1690 969 1818 1038 πρὸς

217 1058 281 1107 τὰ
309 1058 541 1129 παρόντα
553 1098 565 1111 .

291 1234 595 1306 Ἐχάρησαν
624 1263 694 1275 -
726 1235 937 1303 Κύριον.
980 1231 1134 1307 Ὁρᾷς
1202 1231 1286 1285 ἐπὶ
1346 1241 1443 1285 τῶν
1482 1235 1643 1307 ἔργων
1691 1238 1813 1296 τοὺς

209 1322 395 1394 λόγους
416 1321 761 1383 ἐκϐαίνοντας.
800 1325 905 1393 Πρὸ
936 1328 1025 1373 τοῦ
1076 1329 1305 1394 σταυροῦ
1335 1324 1435 1398 γὰρ
1473 1321 1609 1375 εἶπεν
1634 1322 1812 1385 αὐτοῖς

207 1415 290 1465 ὅτι
327 1411 486 1465 Πάλιν
517 1410 714 1483 ὄψομαι
765 1411 922 1483 ὑμᾶς,
972 1416 1063 1463 καὶ
1115 1416 1418 1484 χαρήσεται
1457 1414 1597 1484 ὑμῶν
1624 1414 1653 1470 ἡ
1687 1432 1809 1485 καρο

210 1499 325 1557 δία.

282 1588 430 1645 Εἶπεν
460 1621 527 1629 -
567 1591 706 1660 ὑμῖν.
741 1591 887 1645 Μετὰ
939 1592 994 1642 τὸ
1049 1596 1227 1661 φαγεῖν
1280 1593 1338 1642 τὸ
1390 1586 1625 1644 ἐπιδοθὲν
1667 1591 1806 1643 αὐτώ

1930 437 2021 489 rat
2043 432 2548 490 condemnatum:
2584 431 2893 505 discipulis
2922 449 3057 490 vero
3086 448 3321 505 pacem,
3344 439 3589 509 propter

1931 526 2272 593 suspectum
2303 521 2529 578 bellum
2561 538 2598 579 a
2633 521 2854 578 Iudaeis
2892 538 2964 578 ac
3002 521 3298 593 gentibus.

2002 612 2163 667 Vers.
2219 611 2306 666 20.
2366 612 2441 668 Ει
2491 643 2559 653 -
2612 627 2805 668 suum.
2892 613 3094 677 Quaere
3159 611 3365 668 ultimo
3415 612 3588 684 juxta

1930 702 2147 758 Lucam
2184 701 2397 774 capite,
2447 701 2612 773 quod
2664 700 2922 757 dicitur:
2975 701 3053 757 Et
3091 699 3207 770 ipsi
3246 701 3586 758 narrabant

1929 806 2060 863 quae
2096 798 2264 862 gesta
2313 797 2489 848 erant
2512 792 2575 846 in
2625 790 2742 855 via,
2772 795 2825 847 et
2851 794 3080 858 caetera,
3123 805 3316 861 usque
3339 788 3414 845 ad
3445 805 3584 848 eum

1929 880 2125 936 locum
2153 881 2520 937 ubihabetur
2552 901 2564 934 :
2590 880 2798 936 Adhuc
2839 884 3034 935 autem
3061 878 3182 935 illis
3200 894 3321 934 non
3346 879 3586 935 creden~

1927 970 2079 1026 tibus
2110 985 2237 1040 pra:
2273 969 2493 1039 gaudio
2541 975 2595 1025 et
2635 967 3075 1025 admirantibus
3114 968 3205 1033 9°;
3252 972 3309 1023 et
3341 966 3581 1025 illorum

1924 1058 2054 1129 lege
2106 1060 2518 1116 enarrationes
2572 1056 2652 1114 ad
2695 1055 3015 1129 praesentia
3059 1055 3218 1112 dicta
3248 1055 3582 1114 admodum

1924 1148 2120 1206 utiles.

1995 1238 2168 1296 Vers.
2202 1241 2291 1293 20.
2325 1236 2517 1293 Gavisi
2534 1241 2676 1294 sunt
2708 1266 2773 1276 —
2803 1234 3061 1292 Domino.
3096 1233 3269 1290 Vides
3299 1234 3580 1307 operibus

1921 1326 2306 1384 conﬁrmatos
2336 1343 2467 1382 esse
2507 1340 2820 1382 sermones
2849 1326 2878 1383 ?
2918 1323 3226 1397 Siquidem
3266 1328 3403 1381 ante
3437 1339 3583 1397 pas-

1920 1418 2149 1473 sionem
2173 1418 2402 1473 dixerat
2432 1416 2515 1472 eis
2542 1432 2555 1471 :
2584 1417 2806 1472 Iterum
2839 1414 3039 1472 videbo
3060 1430 3180 1482 vos,
3211 1419 3264 1470 et
3299 1414 3578 1485 gaudebit

1918 1522 2021 1563 cor
2038 1514 2293 1563 vestrum
2331 1508 2401 1559 97.

1989 1596 2150 1652 Vers.
2180 1600 2267 1653 21.
2331 1595 2588 1653 Dixit—
2629 1594 2814 1652 vobis.
2869 1594 3193 1666 Postquam
3236 1592 3578 1651 comederat

211 1682 399 1753 ἰχθύος
429 1679 589 1731 ὀπτοῦ
619 1684 795 1751 μέρος,
826 1683 915 1732 καὶ
947 1677 1048 1731 ἀπὸ
1078 1679 1377 1751 μελισσείου
1395 1685 1603 1752 κηρίον,
1633 1682 1795 1741 καθὼς

1923 1687 2122 1742 datam
2149 1685 2265 1742 sibi
2284 1690 2513 1759 partem
2540 1684 2719 1757 piscis
2743 1682 2870 1741 assi
2892 1686 2950 1739 et
2970 1682 3045 1738 de
3064 1682 3202 1738 favo
3227 1681 3479 1754 apiario,
3502 1682 3576 1738 si-

206 1769 405 1843 ἔγραψε
436 1774 658 1831 Λουκᾶς,
692 1766 1219 1841 ἐπληροφορὴθησαν,
1248 1774 1339 1821 καὶ
1356 1768 1533 1821 λοιπὸν
1558 1770 1655 1821 ὑπὸ
1687 1769 1807 1821 πολ-

204 1857 296 1919 λῆς
313 1864 505 1932 χαρᾶς,
537 1858 602 1917 ὡς
623 1855 1133 1932 εἰκὸς,θορυϐοῦντας
1162 1857 1495 1911 καταστέλλει
1532 1859 1615 1912 ἱνα
1640 1878 1807 1933 προσ-

207 1952 404 2019 έχωσιν
431 1948 506 2009 οἷς
536 1946 704 2018 μέλλει
741 1946 891 2021 ἐρεῖν.

285 2038 460 2097 Καθὼς
487 2067 556 2076 -
583 2037 739 2108 ὑμᾶς.
778 2041 877 2088 Καὶ
925 2040 1024 2108 πρὸ
1062 2043 1150 2089 τοῦ
1183 2045 1413 2110 σταυροῦ
1470 2041 1641 2110 εἴρηκε
1680 2042 1803 2112 πρὸς

206 2129 296 2177 τὸν
326 2129 532 2200 Πατέρα
561 2127 641 2178 ὅτι
674 2127 853 2185 Καθὼς
880 2124 964 2197 ius
1004 2124 1303 2186 ἀπέστειλας
1334 2126 1401 2187 εἰς
1448 2131 1533 2179 τὸν
1582 2131 1798 2200 κόσμον,

207 2212 355 2284 κάγὼ
374 2213 649 2267 ἀπέστειλα
673 2215 862 2277 αὐτοὺς
893 2214 965 2276 εἰς
1005 2218 1093 2266 τόν
1140 2218 1335 2287 κόσμον
1361 2215 1473 2289 [καὶ
1505 2218 1618 2285 (161
1646 2216 1802 2290 ἀνάγ-

206 2305 329 2355 νωθι
354 2306 418 2355 τὰ
447 2303 547 2356 ἐκεῖ
574 2303 815 2378 ρηθέντα.
850 2305 1068 2376 Ἐπῆρεν
1099 2301 1186 2356 οὖν
1216 2305 1382 2356 αὐτῶν
1441 2309 1531 2367 τὰς
1589 2306 1797 2378 ψυχὰς,

200 2390 502 2465 ἐγχειρίσας
523 2392 696 2452 αὐτοῖς
725 2396 783 2445 τὸ
812 2389 950 2445 ἴδιον
990 2395 1158 2465 ἔργον,
1191 2398 1279 2445 καὶ
1305 2400 1649 2458 καταστήσας
1680 2393 1797 2449 δια-

200 2476 398 2551 δόχονς
429 2481 664 2554 ἐαυτοῦ.]

270 2575 371 2623 Καὶ
396 2600 463 2610 -
485 2573 851 2639 κεκράτηνται.
881 2576 980 2624 Καὶ
1019 2575 1122 2643 μὴν
1154 2570 1323 2624 ὀπίσω
1349 2575 1546 2644 εἴρηκεν
1573 2574 1652 2625 ὅτι
1677 2575 1795 2628 Ἐὰν

194 2658 295 2731 ἐγὼ
321 2664 395 2732 μη
429 2658 650 2725 ἀπελθω,
685 2661 710 2712 6
744 2659 1078 2734 Παράκλητος
1105 2661 1198 2713 οὐκ
1216 2659 1477 2714 ἐλεύσεται
1493 2664 1792 2737 πρόςὺμᾱςο

191 2756 305 2809 πῶς
353 2744 442 2801 οὖν
494 2747 713 2801 ἐνταῦθα
752 2745 949 2802 δίδωσι
1006 2757 1215 2822 Πνεῦμα
1252 2750 1401 2821 ἅγιον
1436 2769 1447 2817 ;
1485 2751 1796 2824 Ἐνεφύσησε

192 2842 287 2910 μέν
326 2838 551 2909 ἐμπνέων
587 2837 760 2899 αὐτοῖς
788 2841 948 2913 χάριν
981 2835 1226 2897 δεκτικὴν
1255 2845 1347 2891 τοῦ
1377 2839 1528 2910 ἁγίου
1558 2843 1791 2914 Πνεύμα-

193 2946 213 2979 τ
227 2946 300 2992 ος,
330 2931 419 2979 καὶ
440 2928 843 2991 κατασκευάξων
871 2925 1198 2989 ἐπιτηδείους
1229 2928 1295 2989 εἰς
1314 2925 1591 3000 ὑποδοχὴν
1611 2930 1790 2983 αὐτοῦ.

195 3016 330 3087 λέγει
361 3013 440 3087 δε,
484 3015 679 3070 Λάϐετε
713 3024 920 3090 Πνεῦμα
939 3017 1108 3089 ἅγιον,
1137 3018 1195 3071 οὗ
1224 3022 1355 3083 τότε,
1379 3017 1484 3069 ἀλλ’
1516 3020 1598 3072 ὅτε
1618 3021 1793 3073 κατέλ-
1824 3050 1864 3106 C

196 3108 286 3179 es.

271 3201 331 3248 'H
368 3203 574 3268 Πνεῦμα
595 3196 744 3267 ἅγιον
776 3195 981 3250 ἐκάλεσε
1001 3200 1058 3249 τὸ
1072 3200 1416 3268 πνευματικὸν
1432 3201 1684 3270 χάρισμα
1700 3206 1792 3250 τοῦ

189 3283 396 3357 ἀφιέναι
424 3290 514 3337 καὶ
547 3282 758 3357 δεσμεῖν
778 3285 1054 3358 ἁμαρτίας.
1079 3291 1343 3360 Διαφόρων
1374 3290 1475 3360 γὰρ
1504 3291 1657 3339 ὄντων
1679 3288 1792 3358 (17)

188 3383 553 3445 πνευματικῶν
600 3376 972 3447 χαρισμάτων,
1012 3394 1167 3427 τουτο
1220 3382 1509 3434 τηνικαῦτα
1560 3371 1787 3429 δέδωκεν

191 3462 389 3525 αὐτοῖς,
419 3461 616 3534 [μεῖξον
629 3462 739 3534 (18)
766 3463 820 3515 ὃν
842 3468 932 3516 καὶ
957 3471 1055 3515 τῶν
1075 3468 1321 3535 σημείων.
1346 3472 1429 3535 Τῷ
1450 3463 1786 3539 παραλυτικῴ

183 3553 290 3623 γάρ
320 3551 541 3612 εἰπόντος
571 3569 584 3582 ·
621 3553 903 3623 Ἀφέωνταί
954 3571 1038 3605 σοι
1069 3555 1123 3604 αἱ
1153 3552 1402 3625 ἁμαρτίαι
1431 3573 1524 3605 σου
1560 3571 1572 3583 '
1616 3552 1784 3625 ΰιεγον

179 3642 230 3692 οἱ
264 3647 590 3714 Γραμματεῑς
616 3656 629 3673 ⁸
658 3645 750 3701 Τίς
800 3637 1020 3693 δύναται
1071 3641 1273 3714 ἀφιέναι
1304 3642 1583 3716 ἁμαρτίας,
1627 3643 1670 3695 εἰ
1708 3648 1779 3715 μὴ

175 3731 254 3791 εἰς
285 3730 311 3780 6
344 3733 493 3790 Θεός.

254 3824 355 3871 Καὶ
381 3822 484 3890 μὴν
510 3822 599 3870 καὶ
636 3822 735 3893 πρὸ
766 3827 857 3870 τοῦ
892 3827 1118 3894 σταυροὺ
1161 3823 1359 3894 εἴρηκεν
1390 3819 1563 3879 αὐτοῖς
1592 3838 1604 3850 ο
1640 3818 1783 3872 "oce:

173 3907 265 3959 ἐὰν
298 3904 500 3966 δήσητε
538 3906 623 3959 ἐπὶ
649 3915 742 3969 τῆς
776 3916 890 3978 γῆς,
924 3912 1071 3961 ἔσται
1103 3905 1355 3980 δεδεμένα
1378 3906 1427 3959 ἐν
1456 3917 1527 3978 τῷ
1559 3908 1775 3980 οὐρανῷ·

173 4001 270 4049 καὶ
300 3998 402 4049 ὅσα
420 3999 506 4048 ἑὰν
533 3996 725 4054 λύσητε
752 3997 835 4049 ἐπὶ
860 4005 953 4058 τῆς
995 4006 1112 4068 γῆς,
1145 4001 1294 4050 ἔσται
1329 3995 1576 4068 λελυμένα
1613 3997 1661 4047 ἐν
1709 4005 1780 4066 τῷ

172 4085 382 4156 οὐρανῴ
423 4101 435 4114 ·
464 4083 592 4137 ἀλλά
616 4089 731 4137 τότε
759 4088 848 4157 μεν
878 4087 1138 4157 ὑπέσχετο
1170 4087 1347 4148 αὐτοῖς
1389 4093 1562 4154 τοῦτο,
1593 4093 1680 4137 νῦν
1722 4081 1781 4138 δὲ

103 4162 121 4178 ⁴
175 4170 406 4227 δίδωσι.

249 4267 492 4321 Ζήτησον
530 4259 588 4316 δὲ
616 4268 733 4337 περὶ
768 4266 834 4316 τὰ
862 4268 999 4335 μέσα
1028 4272 1117 4316 τοῦ
1149 4266 1326 4317 ἐνάτου
1366 4263 1642 4336 κεφαλαίου
1686 4271 1779 4316 τοῦ

172 4357 433 4425 παρόντος
459 4353 827 4424 εὐαγγελιστοῦ
859 4357 915 4406 τό
949 4371 959 4382 ·
998 4357 1157 4406 Οὔπω
1185 4357 1286 4428 γὰρ
1318 4351 1377 4412 ἦν
1406 4362 1612 4425 Πνεῦμα
1629 4354 1777 4425 άγιον

168 4442 259 4492 ὅτι
300 4440 508 4502 Ἰησοῦς
539 4439 745 4495 οὐδέπω
771 4438 1034 4505 ἐδοξάσθη
1063 4460 1073 4471 ’
1108 4448 1197 4496 καὶ
1249 4442 1509 4515 ἀνάγνωθι
1538 4447 1630 4502 τὴν
1656 4443 1776 4502 ὃλην

166 4530 433 4601 ἐξήγησιν
463 4531 649 4586 αὐτῶν.

244 4618 564 4691 Ἐνεφύσησε
592 4624 682 4692 μὲν
714 4616 800 4672 οὖν
841 4623 907 4682 ὡς
938 4624 1083 4691 πηγὴ
1137 4622 1510 4694 χαρισμάτων,
1574 4626 1663 4674 καὶ
1695 4624 1778 4675 ἶνα

160 4710 419 4780 μάθωμεν
462 4707 731 4762 κάντεῦθεν
779 4710 859 4760 ὅτι
899 4709 1053 4771 αὐτός
1114 4708 1254 4761 ἐστιν
1312 4711 1337 4761 6
1395 4716 1485 4762 καὶ
1538 4713 1594 4762 τὸ
1637 4719 1775 4782 πρῶ-

162 4816 259 4849 τον
289 4801 383 4849 καὶ
434 4800 650 4860 ζωτικὸν
709 4800 996 4871 ἐμφύσημα
1043 4803 1353 4871 ἐμφυσήσας
1409 4808 1479 4869 τῷ
1533 4796 1774 4873 Ἀδάμ.]

1808 4397 1853 4451 1)

962 4952 1009 4986 ⁸⁷
1034 4951 1332 5017 Joan.xv1,
1352 4955 1440 5006 22.

1054 5024 1076 5057 ⁴
1109 5022 1313 5081 Matth.
1352 5039 1504 5089 xvm,
1543 5026 1621 5078 18.

239 4950 291 4985 96
326 4949 465 5004 Luc.
496 4966 649 5015 xxxv,
665 4949 816 5007 35-41
836 4995 847 5006 .

157 5037 251 5091 ιι,
302 5025 357 5076 2.
437 5020 758 5092 'Marc.n,
792 5028 843 5089 5,
891 5024 943 5077 7.

1555 4953 1601 4986 οδ
1622 4952 2038 5017 Luc.xx1v,42.

1735 5024 1758 5058 ⁵
1781 5023 1954 5079 Joan.
1994 5039 2045 5088 ν,
2087 5026 2175 5078 39.

1917 1780 2015 1829 cut
2042 1774 2278 1846 scripsit
2309 1776 2491 1830 Lucas
2516 1774 2588 1841 9⁸,
2638 1773 2918 1829 certiores
2976 1772 3113 1828 facti
3150 1775 3292 1828 sunt
3324 1789 3337 1827 :
3371 1775 3427 1827 et
3456 1786 3574 1844 prae

1916 1863 2139 1934 gaudio
2165 1866 2315 1934 jam,
2350 1869 2414 1919 ut
2456 1862 2772 1918 verisimile
2823 1865 2932 1928 est,
2980 1860 3254 1918 turbatos
3277 1858 3569 1934 reprimit,

1917 1957 1977 2008 ut
2001 1952 2095 2009 his
2125 1968 2260 2024 quae
2290 1952 2556 2008 dicturus
2587 1956 2680 2007 est
2708 1949 2979 2007 animum
3001 1948 3336 2007 advertant.

1984 2041 2146 2097 Vers.
2175 2042 2263 2096 21.
2307 2041 2473 2098 Sicut
2527 2069 2593 2081 -—-
2648 2055 2763 2096 vos.
2818 2039 3005 2095 Etiam
3063 2043 3201 2094 ante
3228 2036 3569 2110 passionem

1912 2129 2060 2185 dixit
2105 2130 2183 2186 ad
2233 2131 2467 2186 Patrem
2504 2153 2516 2184 :
2576 2130 2746 2187 Sicut
2788 2146 2864 2184 me
2885 2127 3098 2184 misisti
3142 2127 3207 2183 in
3251 2127 3565 2193 mundum,

1910 2223 1963 2276 et
1980 2234 2089 2289 ego
2109 2219 2243 2275 misi
2274 2221 2411 2275 illos
2460 2219 2523 2274 in
2575 2218 2865 2274 mundum
2901 2218 2948 2252 9°
2984 2235 2997 2285 ;
3049 2222 3107 2273 et
3137 2216 3268 2286 lege
3307 2231 3444 2288 qum
3483 2214 3566 2271 ibi

1908 2309 2067 2364 dicta
2094 2313 2253 2364 sunt.
2294 2308 2538 2363 Animos
2586 2308 2786 2378 itaque
2814 2304 3051 2362 illorum
3090 2306 3296 2370 erexit,
3326 2304 3567 2361 tradens

1908 2396 1991 2453 eis
2016 2412 2171 2470 opus
2202 2413 2401 2463 suum,
2427 2412 2496 2454 ac
2526 2395 2633 2451 sibi
2659 2408 3029 2451 successores
3055 2408 3156 2449 eos
3173 2392 3561 2451 constituens.

1978 2576 2137 2631 Vers.
2166 2579 2253 2630 22.
2290 2576 2371 2631 Et
2422 2604 2491 2615 —
2538 2576 2696 2628 Vers.
2746 2575 2834 2629 23.
2895 2574 3124 2628 retenta
3174 2576 3331 2627 sunt.
3387 2571 3565 2642 Atqui

1907 2664 2175 2735 superius
2224 2663 2454 2718 dixerat
2483 2679 2496 2717 :
2529 2661 2667 2717 Nisi
2708 2675 2805 2731 ego
2826 2660 3042 2730 abiero,
3075 2659 3409 2726 paracletus
3439 2675 3559 2715 non

1904 2753 2094 2810 veniet
2134 2752 2216 2808 ad
2260 2767 2358 2808 vos
2390 2751 2406 2786 ί
2444 2766 2457 2816 ;
2508 2749 2818 2820 quomodo
2847 2763 2990 2818 ergo
3021 2748 3124 2804 dat
3150 2747 3247 2803 hic
3277 2746 3559 2820 Spiritum

1905 2846 2175 2897 sanctum
2201 2842 2228 2897 ?
2255 2838 2582 2895 Insufﬂavit
2603 2838 2869 2910 quidem,
2900 2836 3055 2893 dans
3082 2836 3336 2907 gratiam
3365 2851 3560 2891 susce-

1905 2930 2131 3003 ptivam
2161 2930 2406 3002 Spiritus
2436 2926 2644 2991 sancti,
2680 2931 2973 2999 aptosque
3003 2925 3267 2982 efﬁciens
3315 2924 3394 2983 ad
3425 2926 3556 2997 ejus

1904 3020 2344 3093 susceptionem
2379 3034 2393 3085 ;
2414 3017 2555 3074 dicit
2574 3020 2776 3072 autem
2796 3035 2809 3072 :
2832 3015 3099 3087 Accipite
3111 3014 3406 3085 Spiritum
3422 3028 3559 3071 san-

1902 3114 2059 3165 ctum
2090 3131 2100 3174 ;
2130 3122 2253 3164 non
2279 3122 2462 3177 nunc,
2494 3104 2601 3161 sed
2638 3102 2882 3177 quando
2911 3102 3302 3159 descenderit.

1970 3200 2081 3252 Aut
2113 3197 2398 3268 Spiritum
2426 3199 2701 3252 sanctum
2735 3192 2968 3250 vocavit
2994 3191 3250 3262 gratiam
3280 3190 3554 3263 spiritua-

1897 3285 2016 3342 lem
2046 3285 2383 3343 remittendi
2405 3300 2475 3340 ac
2500 3282 2721 3354 ligandi
2742 3285 3019 3354 peccata;
3044 3286 3101 3336 et
3129 3280 3239 3337 hoc
3268 3285 3408 3335 tunc
3440 3278 3554 3335 illis

1899 3374 2113 3443 tribuit,
2162 3374 2329 3449 quod
2384 3379 2441 3431 et
2473 3371 2781 3429 miraculis
2813 3370 3005 3442 majus
3066 3374 3212 3426 erat.
3246 3372 3395 3426 Nam
3418 3385 3552 3425 cum

1896 3464 2224 3535 paralytico
2255 3462 2508 3519 dixisset
2530 3483 2544 3519 :
2566 3460 2816 3517 Remissa
2832 3464 2970 3515 sunt
2997 3459 3106 3514 tibi
3131 3464 3347 3529 pecata
3375 3465 3480 3515 tua
3508 3464 3550 3522 ³,

1893 3553 2171 3609 dixerunt
2215 3552 2433 3608 Scribee
2471 3570 2483 3605 :
2532 3550 2671 3618 Quis
2721 3554 2914 3619 potest
2935 3548 3235 3606 remittere
3275 3552 3547 3618 peccata,

1890 3644 2010 3699 nisi
2038 3658 2208 3708 unus,
2229 3656 2436 3712 nempe
2459 3642 2602 3697 Deus
2622 3642 2644 3675 ³
2668 3638 2696 3695 ?

1965 3735 2175 3788 Verum
2208 3737 2267 3787 et
2305 3735 2440 3787 ante
2468 3728 2813 3803 passionem
2851 3726 3086 3784 dixerat
3112 3726 3196 3783 eis
3222 3743 3234 3781 :
3266 3727 3551 3795 Quacun-

1889 3836 2001 3890 que
2031 3820 2347 3891 lzgaveritis
2371 3835 2551 3889 super
2578 3824 2823 3881 terram,
2845 3821 3018 3873 erunt
3055 3815 3243 3887 ligata
3269 3815 3332 3872 in
3363 3817 3509 3871 coelo
3534 3832 3548 3881 ;

1890 3915 1943 3964 et
1973 3925 2327 3981 quacunque
2346 3909 2636 3965 solveritis
2665 3921 2846 3976 super
2878 3911 3120 3970 terram,
3153 3912 3327 3961 erunt
3352 3906 3548 3962 soluta

1890 3998 1953 4052 in
1976 3999 2124 4053 ccelo
2156 3999 2176 4032 θ
2202 4013 2215 4063 ;
2244 3997 2349 4051 sed
2378 4002 2517 4053 tunc
2537 3993 2921 4067 quidemhoc
2944 3991 3057 4049 illis
3078 3991 3548 4069 promisit,nunc

1890 4090 2087 4144 autem
2135 4085 2355 4142 tribuit.

1959 4266 2167 4331 Quaere
2206 4266 2406 4319 autem
2455 4261 2608 4317 circa
2647 4258 2915 4316 medium
2961 4257 3105 4315 noni
3157 4258 3368 4329 capitis
3396 4274 3543 4332 prea-

1887 4354 2068 4409 sentis
2098 4351 2420 4421 Evangelii,
2461 4350 2565 4406 ubi
2603 4348 2819 4405 dicitur
2850 4348 3155 4405 :Nondum
3195 4352 3322 4403 erat
3352 4346 3544 4418 Spiri-

1887 4447 1981 4499 tus
2009 4446 2264 4507 sanctus,
2290 4442 2432 4513 quia
2461 4441 2614 4496 Iesus
2639 4438 2895 4494 nondum
2923 4443 3047 4494 erat
3077 4435 3453 4506 gloriﬁcatus
3479 4439 3499 4474 ⁵
3526 4454 3540 4505 ;

1885 4538 1942 4589 et
1968 4531 2096 4603 lege
2124 4536 2309 4587 totam
2346 4528 2584 4586 illorum
2612 4526 3070 4584 enarrationem.

1956 4617 2274 4675 Insufﬂavit
2300 4619 2521 4691 itaque,
2578 4623 2864 4688 tanquam
2893 4614 3029 4671 fons
3073 4612 3418 4685 gratiarum,
3461 4620 3539 4686 et,

1884 4715 1949 4766 ut
1995 4708 2175 4765 etiam
2205 4708 2345 4764 hinc
2398 4707 2707 4763 discamus
2732 4705 2931 4777 ipsum
2959 4704 3245 4777 essetqui
3288 4704 3537 4778 primum

1885 4815 1955 4856 ac
1977 4798 2153 4855 vitate
2187 4796 2555 4871 spiraculum
2611 4792 2933 4852 insuﬂlavit
2961 4792 3025 4849 in
3067 4792 3276 4851 Adam.
3331 4795 3538 4851 Reten-

2775 4948 2984 5003 1Joan.
3006 4962 3122 5011 xvi,
3144 4950 3177 5000 7
3291 4948 3313 4983 ³
3336 4944 3534 5005 Matth.

2147 4952 2193 4986 ’9
2219 4951 2388 5015 Joan,
2420 4965 2548 5013 xvu,
2578 4951 2663 5005 18.

1395 5144 1611 5214 Variae
1647 5144 1979 5213 lectiones
2020 5154 2086 5211 et
2124 5152 2325 5212 notae.

227 5287 354 5432 (14)
387 5288 532 5343 Ante
567 5283 660 5341 διά
697 5289 743 5343 Α
773 5287 968 5353 habet,
999 5287 1204 5362 εἰρήνην
1232 5283 1419 5349 διδοὺς
1442 5286 1634 5348 αὐτοῖς.

260 5358 353 5429 15)
386 5358 620 5432 Inclusa
648 5358 872 5432 absunt
900 5362 966 5414 Α.

260 5358 353 5429 15)
386 5358 620 5416 Inclusa
648 5358 872 5416 absunt
900 5362 966 5414 Α.

224 5429 353 5503 (16)
386 5429 620 5487 Inclusa
643 5431 862 5487 absunt
886 5434 957 5488 A.

1959 5287 2071 5358 (17)
2101 5292 2214 5358 Τῶν
2246 5284 2411 5358 addit
2440 5286 2507 5340 A.

1946 5355 2062 5429 (t8)
2098 5355 2336 5414 Inclusa
2363 5355 2580 5413 desunt
2608 5358 2674 5411 Α.

225 5554 362 5629 (de!)
397 5555 648 5612 Tribuit.
675 5557 789 5611 Aut
822 5569 964 5625 ergo
1018 5554 1306 5626 interpres
1335 5552 1537 5620 αὐταῖς,
1570 5555 1728 5629 quod
1760 5570 1832 5611 ex
1863 5554 2214 5612 Hebraismo
2238 5551 2335 5609 hic
2378 5550 2651 5608 additum
2705 5554 2810 5619 est,
2839 5567 2962 5610 non
3008 5551 3168 5623 legit,
3201 5555 3304 5609 aut
3333 5552 3394 5610 id
3418 5567 3524 5611 nec

138 5626 341 5699 glexit
