4022 6232
483 228 505 284 1
516 228 618 285 487

1826 223 2176 282 EU’I‘HYMII
2214 224 2550 285 ZlGABENl

3718 227 3824 284 1488

480 354 703 410 tionem
733 365 876 409 vero
902 348 1161 423 intellige
1185 348 1547 420 Iigationem,
1565 347 1754 405 venite
1779 351 2128 406 carentiam.

2258 356 2510 428 (ράτησιν
2537 348 2595 406 δὲ
2613 356 2716 407 νόει
2736 356 2831 411 τὴν
2863 348 3043 419 δῆσεν,
3075 356 3170 411 τὴν
3193 350 3643 427 ἁσυγχωρησίαν.
3677 353 3824 405 Raed-

481 444 791 515 Tanquam
818 456 919 495 rex
950 454 1113 509 ergo,
1156 439 1341 495 duces
1373 440 1668 495 exercitus
1694 439 2022 504 destinans,
2056 440 2136 496 ita

481 530 810 603 discipulos
839 544 958 601 prae
980 528 1283 593 omnibus,
1333 528 1685 600 hujusmodi
1737 528 1918 601 stipat
1943 534 2138 602 potes‘

481 625 618 676 tate.

553 712 595 780 +
626 707 733 775 Qui
765 711 1005 781 propter
1024 708 1355 763 daemonum
1376 711 1655 764 terrorem
1688 709 1746 763 in
1775 709 2135 764 sublimitate

480 798 821 853 divinarum
838 797 1411 868 contemplationum
1429 796 2135 861 firmiterconﬁrmantur,

485 891 539 942 et
565 903 776 942 sensus
810 886 887 941 ad
935 886 1185 940 modum
1235 886 1527 941 ostiorum
1578 887 1879 952 claudunt,
1932 887 2137 955 ignoto

484 974 663 1032 modo
711 974 1089 1030 accedentem
1120 975 1416 1045 excipiunt
1444 975 1713 1031 divinum
1775 990 2136 1036 sermonem,

486 1064 716 1136 absque
764 1063 1045 1118 sensitiva
1088 1063 1435 1134 operatione
1477 1064 1562 1118 eis
1622 1071 2026 1135 apparentem,
2083 1068 2140 1118 et

486 1154 648 1224 pacis
695 1152 941 1224 quidem
988 1153 1231 1208 nomine
1262 1153 1743 1209 immobilitatem
1773 1154 1848 1207 ad
1891 1153 2139 1208 affectus

484 1242 844 1297 tribuentem
886 1255 899 1296 :
934 1240 1354 1297 insufﬂationis
1402 1258 1564 1308 vero,
1612 1244 1837 1312 gratias
1887 1241 2137 1313 Spiritus

486 1330 694 1401 sancti,
754 1345 821 1385 ac
867 1329 1288 1401 mysteriorum
1332 1345 1578 1387 suorum
1635 1332 1806 1401 signa
1861 1330 2141 1386 demons-

483 1423 760 1476 trantem.

558 1510 716 1565 Vers.
750 1510 838 1564 24.
872 1508 1116 1564 Thomas
1155 1540 1223 1550 —-
1251 1509 1427 1565 Jesus.
1473 1510 1796 1566 Verisimile
1835 1510 1994 1566 enim
2029 1515 2136 1575 est,

488 1614 625 1654 cum
669 1614 704 1654 a
734 1602 1000 1670 tempore
1029 1614 1151 1670 quo
1190 1598 1442 1670 dispersi
1482 1599 1716 1656 fuerant
1750 1598 2039 1672 discipuli,
2070 1615 2140 1654 ac

2240 462 2333 519 περ
2365 440 2453 495 οὖν
2485 441 2755 516 βασιλεὺς,
2791 444 3114 517 στρατηγοὺς
3170 442 3283 514 (19)
3316 440 3674 507 ἀποστέλλοιιν,
3713 441 3820 494 οὔτε

2239 537 2360 594 τοὺς
2388 534 2625 605 μαθητὰς
2647 532 2759 604 (20)
2795 529 3107 605 παραϐάλλει
3161 534 3261 606 πρὸ
3292 533 3510 584 πάντων
3538 537 3599 602 τῇ
3634 533 3819 601 τοιαύτς

2245 621 2487 695 δυνάμει.

2314 714 2407 786 [Οἱ
2434 711 2546 782 (21)
2571 708 2664 764 διὰ
2687 714 2774 763 τὸν
2805 709 2958 775 φόϐον
2997 718 3098 763 τῶν
3129 706 3391 782 δαιμόνων
3420 709 3474 762 ἐν
3505 716 3579 779 τῷ
3610 708 3724 780 ὕψει
3746 718 3823 760 τῶν

2247 805 2391 856 θείων
2452 803 2797 875 θεωρημάτων
2838 799 3082 873 ἀσφαλῶς
3135 798 3442 872 βεϐηκότες,
3504 804 3618 863 καὶ,
3682 801 3823 874 θυρῶν

2246 888 2422 955 δίκην,
2477 893 2570 952 τὰς
2598 890 2871 950 αἰσθήσεις
2901 892 3176 956 μύσαντες,
3204 893 3628 964 παραγινόμενον
3656 886 3823 959 ἀγνώσ-

2245 1000 2341 1040 τως
2363 975 2613 1050 δέχονται
2642 982 2730 1030 τὸν
2776 985 2870 1030 τοῦ
2897 985 3029 1031 Θεοῦ
3059 976 3231 1048 λόγον,
3283 979 3402 1030 ἄνευ
3450 985 3555 1038 τῆς
3584 977 3696 1028 κατ’
3728 980 3821 1027 αἰσ-

2249 1072 2399 1127 θησιν
2439 1068 2685 1141 ἐνεργείας
2711 1066 3097 1140 ἐπιφαινόμενον
3126 1067 3326 1130 αὐτοῖς,
3379 1071 3479 1119 καὶ
3526 1063 3821 1138 δωρούμενον

2247 1158 2498 1211 ἀπάθειαν
2520 1162 2610 1229 μὲν
2641 1153 2734 1208 διὰ
2754 1164 2849 1217 τῆς
2876 1156 3097 1230 εἰρήνης,
3120 1158 3420 1228 Πνεύματος
3474 1152 3511 1208 δ
3516 1158 3539 1208 ξ
3567 1156 3716 1226 ἁγίου
3742 1158 3822 1224 χά-

2246 1268 2327 1321 ριν
2360 1245 2453 1300 διὰ
2481 1256 2576 1307 τῆς
2628 1245 2969 1318 έμπνεύσεως,
3014 1250 3103 1298 καὶ
3142 1242 3452 1298 δεικνύοντα
3494 1246 3566 1297 τὰ
3620 1241 3822 1315 σύμϐοὶι

2246 1346 2345 1389 τῶν
2375 1339 2675 1409 μυστηρίων
2705 1334 2912 1408 αὐτοῦ.)

2320 1521 2509 1587 Θωμᾶς
2538 1545 2605 1555 -
2632 1512 2857 1575 Ἰησοῦς.
2891 1510 3060 1572 Ἐἰκὸς
3082 1513 3182 1584 γὰρ
3222 1510 3378 1563 αὐτὸν
3409 1513 3550 1583 μετὰ
3579 1514 3634 1562 τὸ
3681 1506 3819 1563 διασ-

2247 1606 2598 1678 κορπισθῆναι
2627 1606 2748 1665 τοὺς
2772 1603 3030 1675 μαθητὰς,
3060 1599 3271 1673 ἀφέντας
3286 1604 3373 1653 τὸν
3400 1596 3727 1653 διδάσκαλον
3746 1604 3818 1651 καὶ

484 1688 684 1744 relicto
749 1691 1113 1760 praeceptore
1160 1687 1455 1758 fugerant,
1524 1690 1796 1745 nondum
1841 1706 1980 1746 cum
2026 1688 2139 1744 illis

2258 1699 2524 1767 ρυγόντας,
2557 1698 2715 1766 μήπω
2738 1690 2994 1744 συνελθεῖν
3025 1690 3224 1752 αὐτοῖς.

489 1795 597 1833 con
607 1779 859 1833 venisse.

557 1868 600 1937 ’ί-
632 1867 992 1939 Quanquam
1025 1866 1229 1922 aberat
1257 1866 1531 1932 Thomas,
1562 1872 1758 1923 tamen
1795 1884 1899 1939 per
1929 1868 2139 1923 fratres

488 1956 793 2028 apostolos
822 1957 1108 2027 particeps
1140 1961 1196 2012 et
1224 1957 1350 2028 ipse
1382 1956 1486 2012 fuit
1517 1958 1716 2027 gratias
1761 1957 2047 2013 insufﬂati
2080 1956 2141 2012 in

489 2046 620 2102 illos
649 2047 895 2118 Spiritus
941 2046 1150 2111 sancti,
1183 2048 1336 2102 sicut
1362 2047 1441 2103 ait
1465 2048 1642 2102 divus
1690 2046 1955 2118 Cyrillus.
2008 2047 2143 2111 Qui-

488 2135 629 2191 dam
663 2140 863 2191 tamen
906 2136 1111 2191 dicunt
1149 2137 1316 2208 quod
1365 2137 1771 2207 postmodum,
1814 2145 2143 2208 postquam

488 2224 635 2278 vidit
673 2241 890 2280 manus
916 2241 984 2280 ac
1014 2225 1167 2279 latus
1197 2225 1536 2291 Salvatoris,
1567 2231 1623 2280 et
1650 2225 1809 2281 circa
1852 2242 2140 2280 resurrec-

489 2314 710 2368 tionem
734 2313 1000 2379 credidit,
1042 2319 1180 2367 tunc
1234 2314 1462 2385 accepit
1510 2319 1564 2369 et
1608 2315 1737 2385 ipse
1788 2314 2137 2385 hujusmodi

488 2401 763 2471 gratiam,
788 2406 851 2457 ut
878 2401 935 2456 in
976 2401 1140 2457 nullo
1177 2401 1390 2458 horum
1433 2402 1676 2459 inferior
1726 2412 1880 2459 esset
1924 2418 2138 2475 coapo-

487 2490 676 2547 stolis.

558 2581 723 2636 Vers.
751 2584 839 2636 25.
896 2580 1189 2637 Dixerunt
1228 2610 1298 2622 —
1343 2582 1680 2639 Dominum.
1731 2580 2016 2639 Dixerunt
2060 2582 2135 2649 ei,

490 2686 628 2727 cum
650 2669 727 2725 ad
754 2686 853 2725 eos
904 2672 1171 2725 venisset.

559 2762 722 2815 Vers.
751 2762 839 2814 25.
878 2761 987 2816 Ille
1020 2791 1080 2800 -—
1121 2760 1379 2817 credam.
1415 2761 1941 2826 Quemadmodum
1981 2761 2138 2832 vulgi

490 2865 655 2905 more
688 2865 755 2905 ac
788 2853 1003 2904 temere
1042 2849 1302 2915 credere,
1332 2849 1586 2906 levitatis
1617 2856 1706 2906 est
1740 2869 1752 2906 :
1786 2852 1866 2907 ita
1895 2867 2139 2924 quoque

490 2940 646 2995 ultra
677 2939 925 2993 modum
956 2938 1261 3007 sciscitari,
1283 2955 1352 2994 ac
1379 2940 1550 2995 nimis
1580 2943 1810 2996 curiose
1830 2942 2137 3010 indagare,

2322 1783 2490 1836 Εἱκαὶ
2522 1782 2656 1841 ἀπῆν
2690 1782 2717 1833 ὁ
2766 1787 2981 1853 Θωμᾶς,
3013 1780 3146 1850 ὅμως
3187 1775 3281 1831 διὰ
3334 1779 3442 1830 τῶν
3476 1776 3814 1850 ἀδελφῶν

2248 1881 2348 1925 τῶν
2382 1871 2683 1925 ἀποστόλων
2726 1869 2969 1943 μετέλαϐε
3021 1875 3112 1921 καὶ
3168 1869 3325 1930 αὐτὸς
3376 1877 3482 1930 τῆς
3512 1871 3714 1943 χάριτος
3737 1873 3810 1919 τοῦ

2251 1964 2634 2036 ἐμφυσηθέντος
2666 1962 2838 2021 αὐτοῖς
2882 1960 3035 2032 ἁγίου
3064 1962 3374 2025 Πνεύματος,
3401 1961 3479 2021 ὡς
3513 1961 3539 2012 ὁ
3590 1958 3635 2011 έν
3672 1959 3811 2027 ἁγίοις

2254 2053 2497 2128 Κύριλλος
2525 2052 2638 2123 (23)
2660 2055 2851 2126 εἶρηκε.
2896 2052 3034 2110 Τινὲς
3086 2045 3146 2101 δι
3191 2048 3434 2119 λέγουσιν
3486 2050 3568 2101 ὃτι
3608 2048 3801 2119 ὕστερον,

2250 2146 2381 2215 μετὰ
2408 2146 2466 2194 τὸ
2499 2137 2626 2194 ἰδεῖν
2665 2144 2753 2200 τὰς
2781 2147 2968 2211 χεῖρας
3019 2144 3109 2190 καὶ
3139 2142 3234 2196 τὴν
3272 2139 3499 2211 πλευρὰν
3546 2145 3631 2189 τοῦ
3666 2142 3798 2192 2911'-

2248 2252 2360 2307 ρος,
2409 2236 2499 2284 καὶ
2536 2237 2818 2284 πιστεῦσαι
2848 2234 2966 2302 περὶ
3009 2237 3101 2288 τῆς
3147 2226 3500 2291 ἀναστάσεως,
3554 2224 3693 2279 ἔλαϐε
3731 2230 3808 2275 κει

2250 2322 2403 2382 αὐτὸς
2428 2326 2522 2379 τὴν
2547 2322 2795 2377 τοιαύτην
2824 2321 3007 2393 χάριν,
3042 2319 3125 2369 ἶνα
3153 2312 3286 2388 μηδ’
3313 2314 3361 2368 ἓν
3388 2319 3545 2387 τούτῳ
3590 2314 3805 2369 λείπηται

2249 2420 2347 2463 τῶν
2379 2412 2492 2483 (24)
2515 2407 2965 2477 συναποστόλων.]

2319 2589 2526 2661 Ἔλεγον
2558 2618 2623 2630 -—
2668 2590 2880 2663 Κύριον.
2929 2586 3137 2659 Ἔλεγον
3165 2586 3279 2658 (25)
3306 2584 3442 2655 αὐτῷ
3486 2583 3669 2636 ἰλθὰντι
3693 2582 3811 2656 πρὸς

2249 2682 2405 2732 αὐτού
2415 2700 2435 2740 ς
2443 2721 2455 2733 .

2317 2768 2376 2821 Ὀ
2458 2798 2527 2811 -—
2603 2769 2891 2820 πιστεύσω.
2967 2764 3165 2840 Ὠσπερ
3234 2767 3291 2817 τὸ
3356 2762 3532 2826 ἁπλῶς
3603 2765 3686 2814 καὶ
3755 2761 3816 2820 ὣς

2249 2861 2406 2930 ἔτυχε
2456 2860 2718 2909 πιστεύειν
2774 2854 3002 2916 εὐκολίας
3060 2854 3195 2907 έστίν
3227 2873 3242 2886 ’
3270 2854 3407 2905 οὕτω
3448 2858 3540 2905 καὶ
3593 2854 3647 2904 τὸ
3699 2852 3817 2922 πέρα
3868 2910 3882 2919 ς

2249 2955 2340 3000 τοῦ
2420 2949 2608 3019 μέτρου
2696 2945 3130 3019 περιεργάζεσθαι
3219 2949 3309 2996 καὶ
3394 2943 3819 3017 πολυπραγμονεῖν

489 3044 699 3084 crassae
726 3027 937 3083 mentis
970 3035 1071 3081 est.
1107 3028 1424 3100 Propterea
1450 3029 1627 3085 etiam
1657 3031 1914 3086 Thomas
1946 3033 2141 3103 argui-

2258 3038 2562 3109 παχυτάτης
2615 3032 2842 3096 διανοίας
2882 3033 3014 3087 ἐστί.
3070 3036 3165 3087 Διά
3218 3040 3372 3085 τοῦτο
3424 3038 3517 3085 καὶ
3579 3034 3604 3083 ὁ
3648 3033 3822 3101 Θωμᾶς

492 3124 602 3173 tur.
637 3120 782 3173 Nam
816 3133 952 3171 cum
983 3117 1101 3172 ﬁde
1127 3117 1291 3187 digni
1320 3123 1517 3172 essent
1555 3119 1965 3191 condiscipuli,
1992 3138 2140 3177 rem-

490 3222 609 3278 que
639 3206 1083 3271 conﬁrmarent,
1103 3221 1225 3261 non
1251 3205 1527 3262 credidit:
1553 3223 1675 3263 non
1707 3213 1935 3266 tantum
1958 3210 2139 3266 ﬁdem

491 3293 603 3351 illis
631 3310 752 3349 non
788 3299 1100 3367 praestans,
1133 3300 1427 3364 quantum
1462 3296 1889 3369 impossibilem
1916 3300 2142 3355 ducens

489 3384 643 3439 hanc
691 3383 1201 3448 resurrectionem,
1242 3384 1542 3456 siquidem
1604 3386 1729 3458 ipse
1769 3403 1906 3442 eum
1947 3388 2142 3444 videre

491 3473 701 3545 quaerit
735 3489 745 3525 :
776 3488 885 3528 nec
924 3472 982 3527 id
1030 3477 1284 3538 tantum,
1332 3474 1433 3529 sed
1482 3480 1539 3530 et
1590 3476 1901 3546 vestigium
1949 3477 2144 3534 clavo-

491 3578 624 3616 rum
660 3578 672 3627 ;
707 3577 899 3633 neque
929 3562 1218 3616 hactenus
1250 3562 1398 3617 sistit
1430 3564 1760 3629 curiositas,
1799 3565 1899 3620 sed
1932 3571 1987 3620 et
2014 3567 2145 3621 mit-

492 3654 610 3704 tere
637 3648 891 3717 digitum
938 3648 997 3703 in
1055 3649 1364 3718 vestigium
1394 3650 1720 3716 clavorum,
1773 3669 2144 3725 manumque

490 3737 550 3791 in
582 3735 737 3791 latus
771 3735 919 3805 ejus,
953 3751 1026 3791 ne
1057 3735 1202 3791 forte
1259 3737 1622 3808 phantasma
1657 3745 1831 3796 esset.
1872 3741 2147 3799 Audierat

492 3825 673 3890 enim,
714 3829 780 3880 ut
808 3829 1075 3897 apparet,
1109 3840 1143 3880 a
1162 3825 1607 3898 condiscipulis,
1634 3828 1800 3900 quod
1828 3845 2044 3886 manus
2076 3847 2147 3887 ac

491 3914 650 3971 latus
683 3931 857 3970 suum
898 3914 980 3970 eis
1006 3915 1378 3972 ostendisset.
1413 3918 1657 3973 Tactum
1684 3917 1883 3991 itaque
1915 3918 2031 3975 ﬁde
2061 3920 2145 3976 di-

495 4005 759 4076 gniorem
793 4005 955 4062 ducit
989 4009 1254 4078 aspectu.

566 4183 726 4238 Vers.
758 4186 848 4239 26.
892 4183 968 4238 Et
986 4213 1052 4224 —
1070 4183 1170 4239 eis.
1201 4186 1386 4254 Intus,
1414 4183 1472 4239 in
1493 4184 1839 4253 diversorio,
1860 4187 1961 4243 ubi
1979 4193 2146 4245 erant

495 4270 859 4342 congregati.

566 4361 729 4416 Vers.
763 4365 850 4417 26.
902 4360 1066 4453 Venit
1094 4392 1163 4402 —
1190 4362 1451 4453 clausas:
1479 4362 1642 4417 Venit
1668 4364 1976 4421 certiorem
2016 4366 2146 4422 red-
2175 4398 2218 4453 ο

495 4450 727 4506 diturus
758 4466 893 4505 eum
949 4450 1047 4522 qui
1080 4465 1201 4506 non
1260 4450 1541 4507 credebat
1573 4470 1585 4506 :
1618 4457 1675 4507 et
1729 4469 1924 4527 neque
1957 4471 2143 4512 unum

494 4539 764 4612 despicit,
819 4540 956 4596 licet
1010 4543 1204 4595 mente
1270 4541 1527 4596 crassior
1576 4547 1729 4598 esset
1780 4545 2019 4600 caeteris.
2080 4549 2147 4601 Et

494 4644 681 4699 quare
696 4633 967 4684 nontunc
994 4628 1127 4685 fecit
1152 4629 1317 4685 illum
1350 4630 1660 4688 certiorem
1690 4648 1702 4699 ;
1737 4649 1873 4689 cum
1890 4635 2145 4691 Thomas

493 4716 775 4789 praedicta
801 4717 1156 4789 requirebat,
1216 4719 1319 4775 sed
1342 4724 1476 4793 post
1503 4720 1653 4777 dites
1692 4728 1825 4779 octo
1847 4722 1875 4777 ?
1913 4727 1980 4781 Ut
2003 4726 2142 4781 inte-

493 4806 608 4863 rim
648 4823 684 4863 a
710 4804 1131 4877 condiscipulis
1160 4808 1503 4877 instructus,
1539 4810 1766 4868 facilius
1800 4814 2145 4884 persuaderi

494 4900 699 4971 posset
723 4895 801 4955 ad
831 4895 1028 4952 ﬁdem.

2250 3125 2562 3196 ἐγκαλεῖται,
2656 3131 2778 3185 Τοῖς
2867 3126 2969 3195 γὰρ
3046 3123 3443 3194 συμμαθητάς,
3530 3120 3823 3183 ἆξεοπίοτοις

2252 3212 2392 3278 οὖσι,
2445 3219 2533 3266 καὶ
2599 3210 3101 3284 διαϐεϐαιουμένοις,
3168 3211 3262 3263 οὐκ
3350 3213 3650 3263 ἐπίστευσεν
3708 3222 3724 3237 ⁸
3768 3206 3819 3258 ον

2251 3311 2497 3357 τοσοῦτον
2553 3301 2762 3363 ἐκείνοις
2792 3301 3044 3367 ἀπιστῶν,
3096 3301 3218 3352 ὅσον
3266 3296 3527 3352 ἀδύνατον
3583 3303 3671 3356 τήν
3714 3295 3822 3348 ἁνεί-

2255 3413 2440 3445 στασιν
2464 3395 2658 3449 ταύτην
2714 3395 2961 3463 νομίζων.
3010 3398 3161 3445 Ζητεῑ
3206 3394 3307 3461 γὰρ
3352 3389 3516 3450 αὐτὸς
3565 3384 3687 3440 ἰδεῖν
3740 3386 3822 3436 αὖ·

2253 3485 2359 3547 τὸν,
2409 3486 2499 3533 καὶ
2537 3481 2595 3532 οὐ
2648 3488 2800 3532 τοῦτο
2858 3485 3030 3552 μόνον,
3085 3477 3213 3530 ἀλλά
3268 3482 3358 3529 καὶ
3400 3481 3487 3530 τὸν
3536 3480 3688 3528 τύπον
3732 3483 3825 3526 τῶν

2513 3574 2601 3621 καὶ
2646 3569 2703 3621 οὐ
2756 3573 2919 3642 μέχρι
2971 3571 3164 3620 τούτων
3219 3569 3401 3624 ἰστησι
3444 3569 3499 3617 τό
3546 3570 3816 3635 περίεργον,

2256 3657 2384 3710 ἀλλὰ
2426 3663 2515 3710 καὶ
2566 3655 2740 3729 βαλεῖν
2804 3661 2891 3710 τὸν
2947 3654 3202 3710 δάκτυλον
3261 3656 3333 3718 εἰς
3390 3657 3469 3705 τὸν
3511 3656 3664 3704 τύπον
3716 3658 3813 3701 τῶν

2256 3748 2408 3809 ἡλων,
2440 3752 2530 3799 καὶ
2561 3751 2653 3805 τὴν
2683 3754 2842 3821 χεῖρα
2882 3746 2952 3807 εἰς
3007 3750 3102 3803 τὴν
3157 3744 3381 3820 πλευρὰν
3411 3742 3587 3808 αὐτοῦ,
3633 3745 3817 3813 μήποτε

2255 3570 2387 3629 ἥλων
2445 3588 2457 3599 ·

2255 3839 2437 3909 φάσμα
2489 3839 2588 3893 εἴη.
2638 3836 2919 3907 Μεμοὶθηκε
2966 3838 3092 3908 γὰρ,
3178 3838 3247 3895 ὡς
3317 3836 3467 3896 ἔοικε,
3522 3834 3662 3907 παρὰ
3736 3838 3829 3882 τῶν

2255 3927 2610 3997 συμμαθητῶν
2655 3926 2736 3977 ὅτι
2791 3921 2979 3987 ἔδειξεν
3018 3924 3193 3984 αὐτοῖς
3239 3925 3329 3982 τὰς
3372 3929 3561 3997 χεῖρας
3611 3924 3698 3972 καὶ
3748 3924 3832 3976 τὴν

2252 4015 2472 4089 πλευρὰν
2495 4014 2681 4071 αὐτοῦ,
2715 4017 2819 4072 Τὴν
2841 4013 2974 4085 ἁφὴν
3003 4009 3090 4065 οὖν
3133 4015 3441 4084 πιστοτέραν
3492 4017 3714 4063 ποιεῖται
3749 4016 3838 4069 τῆς

2252 4102 2435 4175 ὄψεως.

2328 4198 2427 4246 Καὶ
2458 4223 2525 4232 —
2564 4190 2750 4246 αὐτῶν.
2788 4196 2931 4243 Ἐσω
2980 4198 3070 4243 τοῦ
3094 4194 3431 4262 κατὰγωγίου
3486 4188 3676 4253 αὐτῶν,
3722 4189 3842 4240 ὅπου

2255 4286 2561 4352 συνήγοντο.

2325 4369 2577 4445 Ἔρχεται
2639 4400 2706 4410 —
2793 4367 3180 4442 κεκλεισμένων.
3268 4368 3524 4440 Ἔρχεται
3592 4367 3845 4442 πληροφοο

2252 4464 2428 4535 ρὴσων
2471 4462 2557 4511 τὸν
2608 4457 2947 4523 ἀπιστοῦντα,
2992 4459 3101 4530 [καὶ
3154 4462 3270 4527 (26)
3317 4453 3443 4510 οὐδὲ
3493 4460 3581 4509 τόν
3632 4460 3719 4509 ἕνα
3762 4472 3849 4507 πε-

2252 4555 2423 4624 ριορᾷ,
2471 4553 2645 4600 καίτοι
2698 4556 2796 4601 τῶν
2857 4547 3020 4599 ἄλλων
3063 4551 3186 4599 ὄντα
3247 4549 3546 4619 παχύτερον
3595 4546 3675 4608 εἰς
3734 4541 3848 4598 διά·

2252 4637 2442 4711 νοιαν.]
2505 4642 2604 4691 Καὶ
2660 4642 2795 4699 τίνος
2842 4639 2999 4689 ἕνεκεν
3056 4636 3181 4708 οὐχ,
3228 4638 3311 4688 ὅτε
3358 4634 3589 4697 ἐζήτησε
3644 4639 3715 4688 τὰ
3767 4635 3850 4709 ρη-

2258 4730 2402 4781 θέντα
2453 4728 2478 4778 ὁ
2527 4732 2739 4798 Θωμᾶς,
2812 4730 2928 4778 τότε
2977 4733 3156 4779 τοῦτον
3214 4724 3663 4800 έπληροφὸρησεν,
3734 4723 3852 4776 ἀλλὰ

2255 4816 2368 4889 μεθ’
2410 4818 2608 4888 ἡμέρας
2657 4815 2789 4867 ὀκτώ
2822 4814 2969 4886 ;”1να
3013 4812 3061 4866 έν
3126 4823 3197 4885 τῷ
3249 4818 3395 4886 μέσῳ
3449 4818 3852 4888 κατηχούμενος

2256 4908 2354 4958 υπὸ
2384 4914 2483 4957 των
2513 4906 2758 4977 μαθητῶν
2785 4904 3163 4980 εὐπειθέστερος
3187 4906 3319 4977 πρὸς
3342 4907 3525 4956 πίστιν
3557 4905 3681 4976 (27)
3708 4908 3854 4976 γέντ-

2258 5014 2362 5054 ται,

1692 5143 1917 5212 Variae
1973 5145 2301 5215 lectiones
2353 5156 2418 5214 et
2456 5157 2665 5216 nota.

564 5285 681 5356 (t9)
728 5285 808 5340 Ex
860 5282 1169 5356 Hentenio,
1203 5282 1467 5355 suspicio
1517 5285 1662 5341 mihi
1718 5286 1925 5353 oritur,
1970 5287 2143 5345 illum

492 5354 704 5428 legisse
729 5354 1090 5429 περιστελλων,
1116 5354 1177 5411 id
1207 5354 1329 5422 est,
1346 5358 1780 5430 παρασκευάζων,
1810 5359 2140 5425 εὐτρεπίζων,

496 5448 559 5482 συ
570 5436 816 5502 γκροτῶν.

494 5498 677 5624 ϐ,(30)
730 5498 1048 5573 Προσεάλλει
1099 5506 1159 5553 Α.
1210 5502 1493 5556 Neutrum
1538 5499 1749 5573 placet.
1794 5503 1961 5559 Forte
2007 5523 2146 5577 περι-

529 5592 561 5624 a
612 5592 684 5624 λι.

529 5592 684 5627 αλιει.

563 5645 680 5712 (21)
709 5643 842 5699 Haec
870 5646 1116 5718 uterque
1149 5643 1210 5701 in
1240 5644 1509 5715 margine
1538 5643 1800 5703 exhibet.

2350 5291 2439 5356 22)
2469 5295 2579 5342 Τῶν
2608 5287 2777 5345 abest
2805 5289 2869 5344 Α.

2350 5362 2440 5431 23)
2471 5360 2637 5415 Τοω.
2681 5360 2770 5426 IV,
2805 5361 3111 5432 ρ.110οΑ,
3146 5359 3234 5432 P.
3262 5360 3390 5416 “Ol
3436 5362 3505 5417 Α.

2326 5430 2436 5504 (24)
2468 5431 2695 5504 Inclusa
2733 5430 2922 5504 codex
2953 5437 3199 5504 uterque
3222 5430 3284 5487 in
3331 5433 3610 5504 margine
3654 5433 3853 5491 habet.

2326 5503 2436 5571 (25')
2465 5507 2526 5575 Δέ
2551 5503 2868 5575 interponit
2903 5504 2970 5558 Α.

2329 5575 2441 5646 (26)
2482 5573 2715 5629 Inclusa
2744 5575 2965 5631 absunt
2998 5575 3066 5627 Α.

2326 5648 2450 5717 (27)
2478 5650 2692 5706 Γίνηται
2720 5652 2783 5700 Α.
