4022 6232
217 268 240 322 1
255 267 362 322 489

1236 261 1604 319 COMMENT.
1649 262 1718 317 ΙΝ
1759 261 2104 318 JUANNEM.
2152 295 2212 303 -—
2257 262 2416 318 CAP.
2458 262 2582 318 XX.

3443 262 3582 318 1490

291 394 392 444 Καὶ
422 419 484 430 -
517 389 658 461 ὑμῖν.
695 386 916 461 [”Ωσπερ
950 386 1062 459 (‘28)
1096 391 1182 439 καὶ
1209 391 1474 462 πρότερον.
1515 388 1689 448 Πάντα
1716 388 1816 459 γὰρ

1997 388 2158 444 Vers.
2208 391 2293 444 26.
2350 388 2431 443 Et
2480 419 2549 427 ——
2587 387 2766 444 vobis.
2821 387 2980 443 Sicut
3026 390 3082 443 et
3111 385 3291 458 prius.
3320 386 3578 442 Rursum

212 485 356 530 ποιεῖ
391 477 545 530 πάλιν
566 479 666 530 ὅσα
695 482 783 528 καὶ
813 475 1033 537 ἀπόντος
1056 476 1214 528 αὐτοῦ
1245 476 1570 549 πεποίηκεν.]

288 565 416 621 Εἶτα
458 597 526 607 -
557 587 677 640 μου.
720 562 898 623 Μηδὲν
944 566 1173 627 εἰπόντος
1215 573 1306 617 τοῦ
1359 570 1534 637 Θωμᾱ,
1583 565 1819 639 προλαμ-

213 656 380 724 ϐάνει,
434 660 525 708 καὶ
567 656 695 730 οἷπερ
742 654 914 715 ἐζήτει
955 651 1172 718 δίδωσι,
1225 651 1429 716 δεικνὺς
1471 657 1551 706 ὅτι
1605 658 1694 706 καὶ
1742 657 1820 706 ὅτε

211 752 383 798 ταῦτα
424 745 580 816 ἔλεγε,
616 753 784 819 παρῆν
827 763 878 795 τε
910 748 1000 795 καὶ
1039 747 1222 801 ἤκουεν
1257 745 1321 803 ὡς
1361 747 1506 803 Θεός.
1537 745 1661 813 [Καὶ
1703 743 1816 814 ('29)

211 838 316 906 γὰρ
347 842 452 894 τοῖς
478 833 650 896 αὐτοῖς
683 833 949 904 ἐχρήσατο
974 832 1222 906 ῥήμασι]

291 1018 391 1066 Καὶ
419 1045 485 1052 -
510 1015 714 1072 πιστός.
745 1014 1079 1083 Μεμφόμενος
1109 1014 1256 1062 τοῦτό
1279 1028 1457 1083 φησιν,
1488 1012 1554 1072 ὡς
1581 1009 1633 1074 ἐξ
1664 1009 1819 1063 ἀπισ-

213 1107 350 1171 τίας,
381 1101 476 1154 ούκ
507 1101 559 1163 ἐξ
577 1099 838 1174 ἀκριϐείας
869 1098 1256 1160 ἀντιτείνοντος.

291 1285 488 1334 Καὶ-
532 1299 653 1351 μου.
704 1276 850 1332 Ἰδὼν
907 1277 957 1330 ἐν
1006 1285 1120 1340 ταῖς
1160 1282 1348 1351 χερσὶν
1379 1277 1540 1330 αὐτοῦ
1592 1280 1678 1330 τὸν
1722 1280 1817 1328 τύ-

214 1389 311 1422 πον
356 1378 456 1421 τῶν
504 1368 657 1431 ἥλων,
701 1373 788 1420 καὶ
847 1372 938 1426 τήν
984 1367 1207 1439 πλευρὰν
1277 1366 1437 1418 αὐτοῦ
1489 1371 1816 1438 νενυγμένην,

214 1458 410 1510 αὐτίκα
457 1456 748 1522 ἐπίστευσε,
815 1461 884 1529 μὴ
952 1455 1220 1527 ἀναμείνας
1268 1455 1606 1526 ψηλαφῆσαι.
1668 1456 1819 1517 Τινὲς

217 1545 280 1600 δέ
304 1567 461 1620 φασιν
508 1548 589 1599 ὅτι
611 1545 926 1618 ψηλαφήσας
955 1545 1184 1603 ἐϐόησεν.
1215 1544 1274 1597 Ὀ
1317 1548 1507 1617 Κύριός
1533 1563 1632 1617 μου
1664 1549 1752 1596 καὶ
1793 1546 1818 1596 6

216 1642 348 1697 Θεὸς
367 1656 492 1710 μου.

1928 479 2084 533 enim
2113 478 2320 533 omnia
2359 478 2498 533 facit
2539 492 2908 549 quascunque
2943 491 3014 532 eo
3066 476 3312 532 absente
3343 476 3576 532 fecerat.

1998 569 2166 622 Vers.
2213 570 2299 623 27.
2349 567 2566 624 Deinde
2608 599 2672 606 —
2711 583 2919 623 meum.
2951 567 3098 621 Cum
3138 565 3288 620 nihil
3325 567 3582 622 Thomas

1927 657 2161 723 diceret,
2194 657 2478 725 anticipat
2508 673 2666 719 eum,
2718 655 2993 728 praebens
3022 671 3158 726 qua:
3192 655 3289 709 ille
3333 655 3583 726 petierat

1928 763 1997 802 ac
2027 747 2353 802 ostendens
2395 746 2561 818 quod
2600 745 2778 800 etiam
2827 750 2966 800 tunc
3011 759 3264 816 praesens
3305 743 3479 798 fuerit
3525 750 3582 798 et

1928 836 2196 902 audierit,
2236 842 2527 907 tanquam
2564 838 2732 900 Deus,
2762 851 2897 890 cum
2927 834 3049 889 haec
3079 833 3178 889 ille
3201 832 3578 906 loquebatur.

1929 925 2235 997 Siquidem
2263 925 2490 980 eisdem
2517 940 2758 996 quoque
2793 940 2939 979 usus
2961 928 3047 979 est
3076 922 3293 978 verbis.

2001 1015 2168 1070 Vers.
2209 1017 2296 1068 27.
2376 1015 2452 1069 Et
2482 1043 2550 1054 —
2585 1013 2790 1084 ﬁdelis.
2869 1012 3216 1084 Indignatus
3263 1012 3377 1068 hoc
3415 1011 3577 1082 dicit,

1926 1103 2099 1176 quasi
2130 1119 2244 1158 non
2278 1118 2348 1159 ex
2380 1102 2698 1172 diligentia,
2741 1101 2848 1157 sed
2888 1117 2954 1157 ex
2990 1100 3394 1156 incredulitate
3438 1116 3581 1158 con-

1929 1193 2254 1248 tradixerit.

1999 1283 2160 1338 Vers.
2183 1287 2270 1338 28.
2306 1283 2470 1337 Et—
2515 1297 2692 1339 meus.
2740 1281 2959 1336 Videns
3009 1280 3067 1335 in
3130 1278 3415 1335 manibus
3453 1280 3582 1350 ejus

1933 1371 2242 1442 vestigium
2261 1371 2585 1435 clavorum,
2615 1371 2842 1427 etlatus
2859 1370 3047 1442 ipsius
3068 1373 3364 1442 apertum,
3399 1369 3582 1424 conti-

1927 1476 2050 1516 nuo
2075 1459 2341 1526 credidit,
2384 1476 2504 1518 non
2549 1465 2902 1533 exspectans
2937 1459 3082 1514 dum
3132 1461 3580 1515 contrectasset.

292 1731 445 1798 Λέγει
509 1755 580 1764 —-
652 1726 1041 1784 πιστεύσαντες.
1101 1722 1166 1775 "0
1226 1742 1277 1776 τε
1339 1725 1437 1798 γάρ
1495 1726 1683 1795 Πέτρος
1731 1726 1819 1774 καὶ

1999 1730 2162 1784 Vers.
2196 1731 2284 1784 29.
2319 1730 2463 1785 Dicit
2489 1729 2963 1785 -crediderunt.
2999 1728 3142 1783 Cum
3175 1727 3334 1782 enim
3373 1727 3578 1782 Petrus

210 1815 466 1876 Ἰωάννης,
512 1816 670 1885 μήπω
702 1809 900 1874 ἰδόντες
927 1812 1106 1882 αὐτὸν,
1139 1813 1276 1884 ὅμως
1316 1811 1416 1864 ἀπὸ
1464 1819 1564 1864 τῶν
1606 1812 1816 1864 ὀθονίων

212 1910 304 1956 καὶ
354 1910 446 1956 τοῦ
506 1897 792 1975 σουδαρίου
859 1902 1172 1954 ἐπίστευσαν
1228 1904 1309 1954 ὅτι
1363 1900 1574 1959 ἀνέστη.
1630 1905 1730 1954 Καὶ
1769 1903 1819 1952 οἱ

213 1993 359 2046 ἄλλοι
411 1989 470 2045 δὲ
527 1993 761 2062 μαθηταὶ
815 1992 948 2062 μετὰ
993 1997 1164 2056 τοῦτο,
1215 1998 1307 2043 τοῦ
1364 1995 1558 2066 Πέτρου
1616 1987 1819 2052 ἰδόντος

217 2083 370 2135 αύτὸν
423 2085 513 2133 καὶ
569 2079 962 2152 ἀναγγείλαντος
1020 2080 1216 2148 αὐτοῖς,
1267 2085 1425 2151 μήπω
1479 2077 1675 2142 ἰδόντες
1724 2080 1821 2131 αύ-

215 2174 303 2221 τόν
350 2169 678 2224 ἐπίστευσαν.
732 2169 894 2244 Εὗρον
945 2171 1068 2241 γὰρ,
1128 2174 1284 2240 φησὶν
1339 2171 1364 2220 ό
1416 2175 1646 2238 Λουκᾶς,
1699 2188 1819 2220 συν-

220 2261 586 2333 ηθροισμένους
655 2262 773 2319 τοὺς
853 2254 1052 2326 ἕνδεκα,
1127 2263 1216 2310 καὶ
1295 2262 1411 2318 τοὺς
1481 2262 1575 2310 σὺν
1643 2257 1821 2320 αύτοῐς

215 2348 450 2418 λέγοντας
513 2349 593 2400 ὅτι
654 2349 871 2422 Ἠγέρθη
939 2348 964 2397 6
1046 2349 1228 2420 Κύριος
1277 2351 1452 2414 ὅντως,
1526 2351 1616 2400 καὶ
1672 2349 1817 2419 ὤφθη

214 2442 424 2509 Σίμωνι.

289 2527 413 2592 [Καὶ
454 2526 564 2594 (30)
606 2534 734 2590 πῶς,
781 2526 862 2578 ὅτε
911 2524 1065 2597 ἐφάνη
1119 2525 1314 2596 αύτοίς,
1365 2530 1523 2598 φησὶν
1583 2527 1608 2578 6
1665 2523 1820 2587 αὐτὸς

211 2613 587 2683 εύαγγελιστής
665 2616 741 2665 ὅτι
825 2617 1133 2674 Πτοηθὲντες
1214 2620 1304 2667 καὶ
1381 2613 1595 2686 ἔμφοϐοι
1674 2618 1819 2685 γενό-

209 2719 374 2770 μενοι,
435 2698 648 2753 ἐδόκουν
711 2710 910 2775 πνεῦμα
971 2705 1194 2778 θεωρεῖν,
1257 2708 1347 2756 καὶ
1406 2706 1473 2754 τὰ
1525 2703 1680 2771 ἐξῆς;
1732 2709 1821 2756 καὶ

214 2791 293 2842 ὅτι
351 2789 468 2843 Ἔτι
527 2789 878 2844 ἀπιστούντων
934 2795 1102 2844 αὐτῶν
1162 2791 1264 2844 ἀπὸ
1343 2800 1433 2852 τῆς
1503 2799 1679 2865 χαρᾶς
1734 2806 1820 2852 καὶ

215 2881 605 2951 θαυμαζόντων,
711 2880 845 2932 εἶπεν
953 2886 1130 2942 αὐτοῖς
1181 2899 1192 2910 ·
1246 2881 1436 2953 Ἔχετέ
1514 2901 1565 2934 τι
1677 2880 1819 2956 βρω-

1185 2977 1328 3023 Διοτι
1364 2978 1532 3022 ταῦτα
1574 2975 1690 3023 τότε
1733 2991 1819 3024 πε-

711 2878 845 2932 εἶπεν
953 2886 1130 2942 αὐτοῖς
1181 2899 1192 2910 ·
1246 2881 1436 2953 Ἔχετέ
1514 2901 1565 2934 τι

219 2988 369 3039 σιμον
422 2966 624 3034 ἐνθάδε,
684 2975 774 3022 καὶ
829 2973 894 3022 τά
935 2970 1136 3036 λοιπά;

1930 1824 1984 1875 et
2013 1819 2267 1875 Joannes
2286 1819 2554 1873 nondum
2586 1834 2724 1872 eum
2751 1817 3065 1879 vidissent,
3092 1815 3580 1871 alinteaminibus

1927 1913 2129 1964 tamen
2179 1923 2249 1962 ac
2301 1907 2541 1962 sudario
2595 1906 2980 1962 resurrexisse
3029 1904 3426 1960 crediderunt.
3467 1903 3578 1958 Alii

1928 2013 2168 2070 quoque
2200 1996 2491 2066 discipuli,
2526 2012 2661 2052 cum
2689 1994 3076 2067 postmodum
3100 1997 3297 2048 Petrus
3327 2009 3466 2048 eum
3499 1992 3584 2046 vi-

1927 2087 2135 2151 disset,
2163 2086 2395 2156 illisque
2426 2085 2841 2148 renuntiasset,
2875 2085 3140 2139 nondum
3173 2082 3438 2138 videntes
3459 2097 3581 2136 cre-

1928 2175 2220 2230 diderunt.
2237 2175 2615 2239 Invenerunt,
2645 2175 2836 2246 inquit
2853 2175 3062 2241 Lucas,
3087 2177 3459 2243 congregatos
3480 2187 3582 2226 un-

1929 2265 2110 2320 decim
2133 2271 2186 2320 et
2219 2280 2306 2320 eos
2331 2265 2435 2335 qui
2469 2279 2596 2319 cum
2628 2263 2745 2318 illis
2772 2269 2963 2326 erant,
2991 2262 3242 2317 dicentes
3269 2278 3282 2316 :
3310 2260 3578 2316 Surrexit

1930 2355 2203 2410 Dominus
2237 2369 2383 2420 vere,
2411 2359 2465 2409 et
2495 2354 2643 2408 visus
2674 2360 2752 2408 est
2781 2367 2816 2407 a
2859 2351 3088 2407 Simone
3109 2352 3150 2404 ⁸.

2001 2534 2069 2586 Et
2083 2531 2391 2604 quomodo
2406 2530 2547 2585 dicit
2562 2531 2720 2585 idem
2737 2528 3115 2597 evangelista,
3132 2527 3295 2600 quod
3314 2527 3459 2581 dum
3478 2541 3582 2598 ap-

1930 2623 2127 2695 paruit
2156 2622 2258 2691 eis,
2301 2620 2676 2688 expavefacti
2709 2627 2761 2675 et
2802 2619 3110 2674 conterriti
3159 2615 3578 2672 existimabant

1929 2713 2206 2782 spiritum
2236 2726 2296 2766 se
2319 2710 2514 2764 videre
2533 2710 2576 2771 ⁷,
2608 2712 2888 2762 etczetera
2916 2707 2944 2760 ‘?
2965 2712 3019 2761 et
3039 2704 3203 2777 quod
3232 2705 3432 2760 adhuc
3456 2703 3576 2759 illis

1930 2817 2049 2858 non
2062 2799 2421 2856 credentibus
2435 2812 2552 2868 prce
2563 2797 2863 2866 gaudio,et
2875 2793 3295 2849 admirantibus
3305 2792 3459 2849 dixit
3473 2793 3574 2856 eis,

1929 2891 2162 2947 Habetis
2187 2890 2278 2944 hic
2307 2887 2538 2959 aliquid
2562 2885 2748 2941 edulii
2777 2888 2817 2948 ⁸,
2847 2888 2903 2939 et
2947 2887 3154 2937 caetera
3182 2881 3211 2936 ?
3247 2882 3398 2950 Quia
3442 2887 3582 2937 tunc

1927 2981 2056 3036 haec
2075 2979 2232 3050 passi
2255 2984 2412 3042 sunt,
2429 2992 2548 3031 non
2568 2975 2728 3048 quod
2747 2990 2884 3028 eum
2905 2971 3293 3028 resurrexisse
3323 2986 3438 3026 non
3461 2986 3584 3026 cre-

215 3059 483 3121 πόνθασιν,
545 3058 638 3109 ούκ
691 3057 1029 3120 ἀπιστοῦντες
1088 3061 1165 3112 ὅτι
1231 3058 1442 3126 ἀνέστη,
1503 3059 1610 3111 ἀλλ’
1663 3059 1816 3133 ἀμφι·

1944 3068 2152 3132 ierent,
2186 3066 2287 3121 sed
2319 3064 2480 3136 quod
2505 3063 2860 3127 dubitarent,
2897 3066 3087 3116 utrum
3120 3059 3250 3130 ipse
3280 3062 3454 3123 esset,
3478 3056 3582 3130 qui

217 3145 480 3207 ϐάλλοντες
526 3146 569 3198 εἰ
599 3147 750 3208 αύτός
779 3147 917 3200 ἐστιν
949 3150 973 3200 6
1004 3153 1301 3221 φαινόμενος
1334 3149 1527 3215 αὐτοῖς,
1559 3153 1649 3201 καὶ
1676 3147 1820 3222 ἀκρι-

216 3235 624 3309 ϐολογούμενοι.]

287 3324 786 3400 Συμπαραλαμϐάνει
818 3321 876 3377 δὲ
908 3327 932 3376 6
962 3329 1298 3398 μακαρισμὸς
1341 3331 1430 3378 καὶ
1461 3331 1580 3388 τούς
1612 3323 1706 3379 διὰ
1730 3334 1821 3378 τοῦ

215 3417 553 3486 κηρύγματος
591 3417 945 3474 πιστεύοντας.
991 3413 1150 3465 Ὀταν
1199 3411 1286 3466 οὖν
1320 3435 1400 3476 τις
1440 3416 1564 3488 λέγῃ
1593 3459 1604 3470 .
1638 3417 1820 3468 Μακά-

220 3523 326 3576 ριοι
355 3506 405 3555 οἱ
437 3503 548 3555 κατ’
595 3502 814 3565 ἐκείνους
867 3508 986 3565 τούς
1035 3508 1250 3576 καιρούς
1296 3509 1454 3572 ὄντες,
1487 3510 1576 3557 καὶ
1628 3501 1823 3564 ἰδόντες

219 3595 308 3643 τὸν
348 3596 588 3664 Χριστόν,
623 3592 849 3645 ἐννοείτω
880 3595 959 3644 ότι
989 3595 1254 3666 Μακάριοι
1299 3596 1348 3646 οἱ
1383 3599 1455 3666 μὴ
1493 3591 1688 3657 ἰδόντες
1735 3589 1825 3648 καὶ

217 3683 606 3742 πιστεύσαντες.

287 3769 446 3822 Ἀλλά
471 3779 575 3831 πῶς
607 3779 757 3842 σῶμα
786 3772 1048 3844 ἄφθαρτον
1089 3774 1285 3832 τύπους
1325 3769 1437 3842 εἶχε
1467 3773 1696 3844 πληγῶν,
1732 3781 1820 3827 καὶ

213 3859 320 3930 ἀφῇ
369 3859 658 3925 ύπέπιπτε;
701 3867 816 3919 Πῶς
849 3878 860 3925 ;
900 3860 1189 3931 ’Υπερφυῶς
1235 3879 1288 3912 τε
1317 3866 1407 3911 καὶ
1438 3861 1770 3933 οἰκονομικῶς
1807 3885 1820 3896 ο

213 3952 302 3999 καὶ
343 3950 444 4019 γὰρ
485 3952 574 3999 καὶ
626 3951 774 4020 ἔφαγε
831 3955 919 4001 καὶ
973 3951 1082 4001 ἔπιε
1138 3952 1267 4022 πρὸς
1319 3948 1672 4026 πληροφορίαν
1721 3960 1818 4003 τῶν

215 4039 488 4107 μαθητῶν.

292 4126 459 4178 Πολλὰ
511 4157 577 4167 —-
627 4129 816 4199 τούτῳ.
876 4129 954 4180 Τὰ
1004 4131 1135 4200 μετά
1190 4133 1284 4186 τὴν
1342 4127 1628 4181 ἀνάστασιν
1695 4132 1819 4182 πάν-

217 4233 318 4276 τως
345 4214 500 4286 Mysi.
533 4218 629 4268 Διά
657 4223 806 4268 τούτο
855 4219 956 4289 γὰρ
998 4215 1132 4269 εἶπεν
1180 4219 1257 4270 ὅτι
1305 4217 1515 4270 ἐνώπιον
1567 4227 1667 4269 τῶν
1712 4239 1818 4291 μα-

220 4306 388 4360 θητῶν
436 4303 613 4358 αύτού.
645 4303 844 4380 Ὠσπερ
901 4309 1002 4379 γὰρ
1051 4311 1151 4379 πρὸ
1198 4315 1292 4367 τῆς
1330 4306 1661 4370 ἀναστάσεως
1715 4305 1816 4362 ἔδει

1926 3157 2012 3213 eis
2038 3153 2357 3228 apparebat
2385 3173 2396 3212 :
2434 3170 2502 3208 ac
2527 3150 2866 3223 diligentius
2901 3149 3365 3205 considerarent.

2001 3244 2454 3313 Comprehendit
2497 3246 2695 3298 autem
2732 3239 3030 3296 beatitudo
3057 3238 3184 3293 haec
3217 3238 3390 3292 etiam
3423 3236 3579 3303 illos,

1929 3335 2030 3407 qui
2057 3351 2162 3407 per
2181 3333 2665 3405 prtedicationem
2689 3330 2955 3385 credunt.
2978 3331 3120 3385 Cum
3151 3343 3293 3398 ergo
3314 3327 3452 3382 dicit
3483 3325 3583 3381 ali-

1930 3423 2063 3497 quis
2106 3439 2117 3476 :
2151 3422 2304 3477 Beati
2327 3421 2430 3493 qui
2471 3418 2835 3491 temporibus
2874 3417 2988 3472 illis
3034 3416 3284 3480 fuerunt,
3317 3431 3386 3471 ac
3428 3413 3582 3471 Chri-

1933 3517 2088 3568 stum
2109 3511 2401 3570 viderunt.
2426 3508 2776 3577 consideret,
2794 3506 2958 3579 quod
2979 3505 3148 3561 Beati
3171 3504 3273 3576 qui
3292 3520 3403 3560 non
3427 3503 3584 3560 vide-

1932 3607 2067 3658 runt
2099 3606 2152 3657 et
2185 3599 2592 3656 crediderunt.

2003 3779 2115 3836 Sed
2148 3778 2454 3850 quomodo
2485 3791 2702 3847 corpus
2729 3772 3172 3845 ineorruptibile
3207 3771 3452 3840 vestigia
3483 3771 3582 3826 ba-

1925 3868 2107 3924 bebat
2133 3867 2469 3938 plagarum,
2505 3880 2575 3920 ac
2603 3864 2780 3919 tactui
2804 3862 3156 3932 subjacebat
3187 3861 3214 3915 ?
3237 3859 3584 3926 Quomodo?

1929 3955 2464 4025 Supernaturaliter
2481 3958 2535 4006 et
2555 3951 3017 4020 dispensatorie;
3046 3948 3259 4003 edebat
3286 3947 3581 4020 siquidem

1927 4059 1995 4099 ac
2022 4043 2267 4098 bibebat
2293 4040 2368 4097 ad
2390 4041 2668 4110 majorem
2693 4037 3113 4108 discipulorum
3147 4035 3577 4090 certitudinem.

1996 4135 2154 4187 Vers.
2187 4131 2276 4187 30.
2310 4129 2496 4186 Multa
2523 4160 2592 4168 —
2624 4127 2746 4184 hoc.
2787 4129 2863 4182 De
2896 4127 2988 4182 his
3019 4124 3268 4180 omnino
3293 4123 3579 4195 loquitur,

1926 4238 2060 4293 quia
2092 4226 2227 4292 post
2271 4215 2762 4275 resurrectionem
2813 4215 2966 4270 facta
3018 4217 3155 4268 sunt
3206 4229 3222 4266 :
3265 4217 3581 4283 propterea

1928 4325 2189 4382 namque
2218 4308 2389 4375 dixit,
2421 4309 2484 4364 in
2516 4312 2827 4374 conspectu
2857 4304 3287 4374 discipulorum
3313 4316 3575 4356 suorum.

217 4391 379 4445 πολλὰ
414 4396 676 4464 γενέσθαι,
726 4397 808 4446 ἱνα
851 4395 1206 4448 πιστεύσωσιν
1253 4398 1332 4448 ὃτι
1381 4399 1500 4458 Υἱός
1547 4395 1687 4449 ἔστιν
1727 4406 1819 4450 τοῦ

1944 4400 2194 4465 )uemad
2206 4399 2451 4454 modum
2469 4397 2626 4452 enim
2653 4399 2790 4450 ante
2808 4393 3302 4450 resurrectionem
3323 4389 3582 4462 plurima

217 4488 354 4533 Θεοῦ
386 4499 398 4511 ·
433 4483 567 4534 οὕτω
597 4488 686 4536 καὶ
727 4487 857 4557 μετά
895 4489 988 4543 τὴν
1019 4484 1327 4549 ἀνάστασιν,
1363 4487 1444 4538 ἵνα
1486 4485 1821 4561 πληροφορη-

219 4571 381 4622 Θῶσιν
411 4573 490 4623 ὅτι
522 4569 730 4631 ἀνέστη.

291 4746 358 4800 Ἦ
389 4753 478 4800 καὶ
514 4752 680 4812 κοινὸς
717 4751 742 4802 ὁ
774 4750 918 4822 λόγος
953 4756 1068 4826 περί
1111 4771 1163 4804 τε
1193 4760 1290 4803 τῶν
1321 4755 1420 4827 πρὸ
1462 4759 1551 4812 τῆς
1595 4750 1817 4804 ἀναστά-

218 4855 350 4898 σεως
379 4842 468 4890 καὶ
498 4843 614 4913 περὶ
645 4848 744 4892 τῶν
773 4844 902 4910 μετά
933 4845 1024 4900 τὴν
1045 4842 1355 4896 ἀνάστασιν.

289 5021 468 5067 Ταῦτα
506 5046 572 5054 -
622 5024 774 5070 Θεοῦ.
821 5016 896 5069 Ού
942 5020 1070 5089 πρὸς
1096 5015 1410 5090 φιλοτιμίαν,
1443 5023 1620 5090 φησιν,
1667 5018 1817 5094 ἐγρά-

901 5197 921 5231 ⁷
948 5195 1092 5253 ibid.
1125 5199 1210 5253 37.

292 5197 313 5228 ⁶
340 5192 480 5248 Luc.
511 5209 666 5264 xxxv,
699 5195 784 5251 33.
901 5197 921 5231 ⁷
948 5195 1092 5253 ibid.
1125 5199 1210 5253 37.
1327 5199 1347 5233 ³
1369 5194 1515 5253 ibid.
1565 5199 1656 5252 41.

1927 4489 2049 4544 ﬁeri
2083 4489 2364 4560 oportuit,
2401 4491 2462 4542 ut
2508 4485 2812 4540 crederent
2851 4498 2989 4538 eum
3041 4497 3170 4536 esse
3204 4479 3410 4536 Filium
3443 4479 3576 4534 Dei:

1927 4577 2009 4634 ita
2052 4584 2108 4634 et
2159 4583 2294 4650 post
2343 4573 2860 4636 resurrectionem,
2917 4577 2978 4626 ut
3033 4569 3312 4626 certiores
3370 4568 3582 4625 ﬁerent

1925 4665 2091 4738 quod
2127 4667 2557 4721 resurrexisset.

1996 4759 2109 4809 Aut
2133 4755 2309 4809 etiam
2335 4768 2532 4809 sermo
2549 4749 2878 4807 communis
2895 4753 2981 4804 est
3008 4765 3018 4802 :
3040 4753 3093 4802 et
3115 4747 3187 4802 de
3210 4746 3301 4802 his
3327 4747 3578 4819 loquens

1924 4858 2061 4915 quin
2093 4848 2229 4900 ante
2261 4841 2769 4904 resurrectionem,
2803 4841 2859 4895 et
2887 4837 2960 4894 de
2992 4837 3082 4894 his
3111 4851 3245 4908 quae
3278 4841 3414 4908 post
3444 4851 3577 4890 eam

1927 4932 2078 4990 facta
2104 4937 2257 4989 sunt.

1996 5022 2161 5078 Vers.
2195 5021 2283 5078 3t.
2313 5025 2466 5079 ‘Ila'c
2495 5053 2562 5062 —
2591 5020 2712 5077 Dei.
2768 5019 2918 5085 Non,
2953 5017 3158 5088 inquit,
3201 5014 3277 5071 ad
3310 5013 3558 5070 ambitio

1437 5403 1661 5473 Variae
1691 5403 2012 5474 lectiones
2038 5420 2103 5472 et
2135 5414 2334 5472 notae.

288 5594 402 5664 (28)
434 5595 670 5652 Inclusa
694 5595 909 5653 absunt
937 5600 1002 5652 A.

287 5666 404 5737 (‘29)
437 5669 622 5724 Etiam
648 5667 776 5724 haec
801 5668 1020 5727 absunt
1050 5671 1123 5724 A.

1999 5599 2113 5672 (30)
2139 5598 2372 5658 Inclusa
2402 5599 2625 5657 absunt
2656 5605 2718 5658 Α.
