4022 6232
498 119 632 177 1491

493 355 630 394 cum
672 338 859 395 multa
887 343 1088 394 essent
1144 356 1155 392 :
1192 338 1295 394 sed
1336 338 1412 395 ad
1472 339 1659 395 solam
1710 338 2142 404 necessitatem,

492 433 558 484 ut
586 429 838 484 credatis
868 427 1033 500 quod
1063 428 1159 483 hic
1189 431 1361 484 Jesus
1394 434 1479 483 est
1510 429 1775 485 Christus
1810 429 1989 484 Filius
2019 427 2141 499 Dei,

489 517 646 590 quia
668 517 973 589 prophetis
999 518 1388 573 annuntiatus
1418 523 1523 573 est.

564 607 724 662 Vers.
756 607 846 662 3t.
878 608 949 662 Et
986 638 1045 647 —
1075 608 1222 674 ejus.
1254 607 1374 662 Hoc
1404 613 1511 673 est,
1539 624 1644 679 per
1670 623 1990 674 cum,nam
2018 606 2143 677 ipse

490 694 613 763 vita
659 696 1013 765 est;vitam,
1060 696 1333 768 inquam,
1381 698 1808 770 sempiternam
1847 696 2139 752 habeatis.

563 787 705 857 Cap.
747 787 875 841 XXI.
924 786 1086 839 Vers.
1130 791 1175 841 t.
1209 789 1421 843 Postea
1454 820 1516 828 —
1556 786 1901 842 Tiberiadis.
1944 789 2141 858 Neque

490 873 648 928 enim
682 874 963 930 continue
1010 892 1136 930 cum
1179 876 1263 930 eis
1302 876 1673 941 versabatur,
1719 880 1779 931 ut
1817 875 2003 947 prius,
2037 874 2143 930 sed

490 978 597 1034 per
626 968 964 1035 temporum
1005 962 1312 1020 intervalla
1343 964 1679 1020 accedebat.
1728 963 1899 1030 Quod
1939 969 2141 1020 autem

489 1051 721 1115 dicitur,
773 1052 1205 1121 Mani/estavit,
1257 1058 1314 1110 et
1369 1054 1691 1123 Apparuit,
1739 1059 1795 1109 et
1849 1054 2012 1109 Visus
2057 1060 2141 1109 est

490 1156 560 1196 ac
616 1140 851 1205 similia,
906 1141 1234 1198 Ostendunt
1289 1143 1453 1214 quod
1503 1144 1672 1212 juxta
1726 1148 2001 1199 naturam
2056 1144 2139 1198 iu-

487 1229 994 1301 corruptibilitatis
1050 1232 1335 1302 corporis,
1397 1232 1708 1287 invisibilis
1766 1237 1889 1289 erat
1942 1248 2136 1288 corru-

487 1318 790 1391 ptibilibus
836 1319 1020 1375 oculis
1070 1337 1083 1375 :
1132 1337 1340 1375 verum
1387 1320 1756 1377 dcmittendo
1797 1338 1861 1377 se
1909 1326 1965 1378 et
2017 1321 2141 1377 dis-

483 1407 823 1479 pensatorie
867 1408 1383 1464 manifestabatur.
1432 1411 1552 1465 Hoc
1593 1416 1796 1465 autem
1860 1426 2024 1465 mare
2076 1409 2137 1464 in

488 1496 731 1552 Galilaaa
747 1501 871 1553 erat
894 1514 907 1563 ;
932 1499 1133 1554 animo
1153 1498 1443 1571 siquidem
1464 1505 1783 1572 resumpto,
1809 1515 1878 1555 eo
1895 1498 2138 1571 profecti

488 1591 646 1642 sunt.

557 1677 720 1730 Vers.
754 1676 805 1730 1.
834 1676 1243 1747 Manifestavit
1265 1685 1453 1734 autem
1482 1679 1586 1734 sic.
1605 1680 1672 1734 Ut
1705 1694 1860 1734 nunc
1879 1678 2138 1735 dicturus

490 1768 598 1821 est.

558 1852 716 1908 Vers.
740 1858 789 1908 2.
813 1855 1002 1910 Erant
1030 1886 1090 1895 —
1116 1857 1276 1910 Vers.
1300 1860 1354 1912 3.
1383 1862 1591 1912 tecum.
1611 1859 1757 1912 Nam
1784 1873 1918 1912 cum
1942 1872 2138 1930 neque

484 1957 722 2014 semper
741 1959 878 1999 cum
901 1946 983 2000 eis
1001 1950 1154 2001 esset
1176 1945 1463 2010 Salvator,
1494 1952 1553 2002 ut
1575 1946 1803 2001 dictum
1821 1952 1926 2012 est,
1946 1963 2137 2019 neque

483 2030 635 2087 alius
658 2032 997 2089 advenisset
1018 2034 1586 2106 Paracletus,neque
1608 2036 1861 2106 perfecte
1882 2036 1967 2091 eis
1981 2052 2129 2091 com-

482 2121 662 2176 missa
675 2126 825 2177 esset
843 2122 1348 2192 praedicatio,cum
1365 2124 1510 2179 nihil
1525 2130 1677 2180 esset
1691 2125 1854 2197 quod
1870 2130 2133 2193 agerent,

479 2208 703 2279 reliquo
731 2214 998 2280 tempore
1038 2212 1446 2283 piscabantur,
1496 2214 1750 2285 priorem
1797 2221 2136 2271 exercentes

482 2302 670 2352 artem
705 2314 1090 2371 :quanquam
1138 2316 1258 2355 non
1290 2317 1494 2356 amore
1522 2301 1665 2356 lucri
1720 2308 1782 2356 ut
1816 2303 1990 2373 prius.

554 2386 711 2442 Vers.
736 2391 787 2443 3.
816 2389 1106 2444 Exierunt
1136 2404 1275 2460 ergo
1303 2420 1365 2430 -
1396 2392 1621 2446 statim.
1651 2392 1791 2457 Quae
1815 2391 1965 2448 Petri
1987 2396 2131 2458 erat,

485 2479 588 2530 aut
610 2474 871 2533 ﬁliorum
892 2478 1176 2543 Zebedaai,
1210 2484 1312 2535 aut
1332 2479 1587 2551 alicujus
1614 2496 1823 2536 eorum
1854 2496 2008 2553 quos
2028 2497 2135 2537 no-

485 2570 714 2622 verant.

565 2659 775 2714 Vers.3
810 2658 887 2714 Et
934 2687 1002 2699 —
1044 2658 1219 2715 nihil.
1266 2658 1703 2732 Dispensatorie
1761 2658 1874 2716 hoc
1916 2659 2136 2716 factum

492 2749 599 2810 est,
625 2745 799 2801 veluti
831 2746 888 2801 in
931 2748 1315 2819 sequentibus
1358 2748 1648 2804 dicemus.
1699 2748 2024 2804 Verisimile
2054 2753 2142 2803 est

490 2839 710 2901 autem,
729 2835 873 2891 alios
885 2853 1129 2908 quoque
1142 2837 1462 2909 discipulos
1477 2839 1734 2896 terrestri
1748 2838 1951 2893 itinere
1962 2836 2141 2892 fuisse

1839 112 2128 179 EUTHYM

2267 119 2545 178 [GABENI
3736 129 3820 185 1491

496 263 632 307 nam
654 247 782 305 haec
796 248 1160 321 scripsimus,
1188 248 1270 304 ita
1291 248 1450 305 enim
1473 254 1528 305 et
1544 249 1661 307 alia
1678 248 2133 323 scripsissemus,

2267 246 2425 322 φαμεν
2456 271 2468 282 ·
2500 245 2529 309 ἦ
2558 252 2662 323 γὰρ
2703 247 2762 301 ἂν
2793 253 2882 302 καὶ
2925 248 3055 302 ἄλλα
3082 248 3399 325 ὶγράψαμεν,
3435 251 3631 306 πολλῶν
3691 256 3825 306 ama

3820 364 3831 407 ἱ

3820 634 3831 662 ι

3820 810 3832 839 Ι

3820 974 3836 1019 ι

3826 1084 3833 1117 1

3820 1169 3833 1195 3

2258 336 2383 390 ἀλλὰ
2425 343 2552 410 πρὸς
2602 344 2788 412 χρείαν
2835 343 3016 411 μόνην,
3068 342 3150 392 ἶνα
3178 344 3497 400 πιστεύσητε
3528 345 3610 395 ὁτι
3662 342 3831 407 dum};

2255 427 2405 489 οὗτος
2435 427 2575 480 ἐστιν
2603 430 2894 501 ὀΧριστός,
2926 430 2952 480 ὁ
2982 431 3101 491 Υἱὸς
3128 437 3220 482 τοῦ
3251 437 3404 496 Θεοῦ,
3440 432 3465 483 ὁ
3487 432 3587 484 υπὸ
3615 441 3724 484 τῶν
3750 452 3829 495 πςςς

2256 524 2426 588 φητὼν
2456 516 2949 590 καταγγελλομενος.

2336 612 2435 661 Καὶ
2466 607 2647 659 αὐτοῦ.
2670 611 2924 660 Τουτέστι
2950 607 3063 679 (31)
3094 603 3166 659 δι’
3188 609 3347 661 αὐτοῦ
3372 630 3383 643 ·
3419 609 3579 671 αὐτὸς
3601 613 3702 682 γὰρ
3734 608 3831 663 Em

2253 698 2282 755 ἠ
2319 698 2425 757 ζωή
2464 716 2477 729 ·
2512 696 2650 756 ζωὴν
2674 692 2733 748 δὲ
2757 698 2922 768 ἔχητε
2949 702 3041 755 τὴν
3069 697 3293 753 αἰώνιον,

2323 787 2468 838 Μετὰ
2509 792 2677 837 ταῦτα
2723 816 2791 824 -—
2828 781 3157 858 Τιϐεριάδος.
3210 786 3283 837 Οὐ
3330 790 3431 858 γὰρ
3478 783 3662 839 διόλου
3708 798 3832 841 συνῆ

2252 878 2445 941 αὐτοῖς,
2502 877 2570 937 ὡς
2615 879 2675 926 τὸ
2727 880 2996 947 πρότερον,
3052 873 3159 927 ἀλλ’
3211 874 3265 928 ἐκ
3321 872 3703 948 διαλείμματος
3754 878 3831 929 ita

2253 960 2431 1036 δημει.
2499 967 2569 1016 Τὸ
2646 960 2704 1016 δὲ
2766 963 3085 1036 Ἐφανέρωσε
3143 964 3278 1035 (32),
3348 970 3433 1016 καὶ
3511 967 3713 1037 Ἐφάνη
3771 974 3836 1019 καὶ

2249 1055 2422 1126 Ὠφθη
2476 1057 2566 1105 καὶ
2623 1055 2689 1104 τὰ
2737 1059 2957 1104 τοιαῦτα
3002 1053 3376 1125 ὑποφαίνουσιν
3432 1055 3513 1106 ὅτι
3566 1058 3711 1106 κατὰ
3751 1058 3833 1123 (33ε

2249 1147 2343 1198 τὴν
2393 1144 2549 1214 φύσιν
2594 1150 2690 1203 τῆς
2735 1139 3034 1215 ἀφθαρσίας
3089 1150 3181 1194 τοῦ
3240 1149 3481 1215 σώματος
3540 1143 3747 1216 ἀφανὴς
3796 1142 3833 1197 in

2251 1232 2496 1303 φθαρτοῖς
2527 1230 2808 1302 ὀφθαλμοῖς
2843 1250 2855 1262 ο
2894 1230 3362 1302 συγκαταϐατιχῶς
3392 1228 3452 1285 δε
3483 1238 3578 1284 καὶ
3612 1234 3835 1304 οἰκονομι·

2249 1330 2353 1382 κῶς
2373 1319 2696 1394 ἐφανεροῦτο.
2727 1318 2785 1373 Ἠ
2821 1319 3061 1372 θάλασσα
3087 1317 3144 1374 δὲ
3171 1322 3301 1378 αὓτη
3326 1319 3373 1373 ὶν
3492 1321 3749 1394 Γαλιλαία
3774 1319 3834 1379 ἦν.

2252 1408 2734 1484 Ἀναθαῤῥήσαντες
2755 1411 2858 1480 γὰρ
2891 1408 3120 1469 ἀπῆλθον
3150 1410 3273 1464 ἐκεῖ.

2322 1679 2636 1752 Ἐφανέρωσε
2664 1673 2722 1730 δὲ
2752 1677 2932 1738 οὕτως.
2959 1676 3048 1740 Ὠς
3077 1676 3198 1750 ἐρεῖ.

2317 1857 2486 1910 Ἦσαν
2541 1888 2606 1898 -
2667 1858 2760 1909 σύν
2815 1875 2918 1910 σοι.
2978 1862 3124 1915 Μήτε
3156 1859 3258 1930 γὰρ
3309 1866 3402 1910 τοῦ
3450 1865 3694 1932 Σωτῆρος
3740 1855 3838 1911 διο·

3051 1912 3059 1915 -
3164 1912 3179 1928 ,
3230 1912 3239 1930 ,
3583 1912 3615 1932 η
3678 1912 3691 1920 ,

2247 1947 2335 1999 λου
2404 1951 2648 2008 συνόντος
2704 1945 2900 2012 αὐτοῖς,
2959 1949 3031 2007 ὡς
3078 1949 3299 2021 εἴρηται,
3356 1952 3494 2019 μήτε
3546 1957 3636 2000 τοῦ
3700 1947 3839 2000 ἄλλον

2250 2036 2593 2111 Παρακλήτου
2644 2035 2886 2098 ἐλθόντος,
2948 2040 3081 2107 μήτε
3126 2044 3217 2088 τοῦ
3272 2040 3609 2111 κηρύγματος
3650 2036 3841 2096 ἐντελῶς
3912 2070 3913 2085 κ

2248 2124 2663 2199 ἐγχειρισθέντος
2691 2125 2888 2188 αὐτοῖς,
2930 2122 3082 2177 οὐδεν
3133 2127 3341 2196 ἔχοντες
3369 2128 3628 2200 πράττειν,
3676 2126 3841 2177 λοιπὸν

2247 2216 2471 2283 ἠλίευον,
2512 2219 2604 2271 τὴν
2636 2219 2885 2288 προτέραν
2915 2217 3289 2290 μιτερχὸμενοι
3333 2220 3537 2286 τέχνην,
3581 2214 3625 2265 εἰ
3649 2218 3737 2265 καί
3762 2217 3837 2283 μή

2248 2300 2565 2376 φιλοκερδώς
2596 2305 2661 2362 ὡς
2692 2306 2748 2354 τὸ
2773 2308 2916 2377 πρίν.

2320 2392 2559 2455 Ἐξῆλθον
2583 2388 2669 2443 οὖν
2706 2423 2756 2431 -ι
2787 2391 2964 2452 εὐθὺς.
3006 2391 3095 2452 Εἰς
3119 2395 3177 2443 τὸ
3208 2402 3296 2445 τοῦ
3326 2395 3529 2462 Πέτρου,
3571 2390 3619 2460 [ἦ
3652 2393 3710 2442 τὸ
3735 2397 3839 2440 τῶν

2249 2484 2361 2554 (3i)
2393 2484 2517 2533 υἱῶν
2546 2476 2850 2546 Ζεϐεδαίου,
2882 2485 2912 2539 ἧ
2946 2500 3081 2541 τινος
3109 2490 3210 2532 τῶν
3234 2479 3546 2553 γννιιρίμων.]

2324 2665 2424 2713 Καὶ
2457 2658 2628 2713 οὐδέν.
2669 2691 2725 2700 -
2747 2659 2871 2713 Κατ’
2903 2660 3219 2730 οἰκονομίαν,
3242 2661 3311 2718 ὡς
3332 2656 3548 2732 ἐροῦμεν
3570 2661 3848 2729 προῖόντες.

2251 2749 2398 2809 Εἰκὸς
2429 2745 2487 2801 δὲ
2516 2754 2605 2801 καὶ
2632 2753 2753 2809 τοὺς
2776 2748 2957 2809 ἄλλους
2996 2749 3254 2820 μαθητὰς,
3303 2750 3370 2807 ὡς
3417 2748 3444 2798 ὁ
3481 2750 3854 2820 Χρυσόστομος

2252 2840 2366 2908 (35)
2395 2840 2615 2908 εἴρηκεν,
2650 2838 2744 2900 ἔξω
2775 2838 2888 2908 (36)
2918 2836 3232 2901 ἀκολουθεῖν,
3269 2838 3434 2909 χάριν
3460 2855 3513 2888 τε
3534 2835 3741 2906 ἀγάπης
3768 2842 3855 2886 καὶ

489 2930 747 2989 secutos,
768 2923 919 2979 sicut
941 2926 1018 2983 ait
1046 2926 1527 2998 Chrysostomus,
1557 2926 1782 2982 amoris
1812 2927 2022 2996 gratia,
2057 2934 2133 2980 ut-

2267 2930 2367 2989 ὶίας
2407 2931 2499 2984 τὴν
2542 2926 2742 2998 σχολὴν
2792 2921 2843 2979 εὖ
2886 2922 3290 2997 διατιθεμένους,
3352 2929 3447 2977 καὶ
3496 2921 3856 2978 συνδιανυκτεσ

486 3028 603 3083 que
628 3017 991 3085 spectatores
1013 3020 1231 3081 essent,
1255 3032 1323 3071 ac
1344 3015 1527 3087 probe
1549 3015 1737 3071 otium
1758 3015 2137 3081 collocarent,

485 3106 542 3156 et
567 3101 742 3157 simul
778 3118 917 3158 cum
948 3104 1032 3159 eis
1064 3108 1492 3175 pornoctarent.

558 3192 718 3247 Vers.
741 3196 790 3248 4.
806 3193 988 3250 Mane
1008 3224 1072 3233 —
1092 3201 1252 3250 esset.
1276 3193 1751 3267 Fortassis,quod
1776 3193 2135 3265 splendidio-

480 3279 531 3335 ri
544 3288 858 3354 appareret
876 3283 1089 3354 specie.
1104 3288 1344 3355 prOpter
1360 3283 1437 3338 im
1450 3283 1889 3350 mortalitatem,
1903 3290 2005 3339 aut
2023 3284 2137 3339 dis-

482 3372 820 3441 pensatorie
849 3372 927 3427 ab
960 3372 1044 3426 eis
1074 3373 1349 3442 cognitus
1377 3389 1497 3428 non
1530 3378 1636 3427 est.

554 3460 716 3514 Vers.
746 3461 799 3515 5.
833 3461 978 3515 Dicit
1007 3493 1072 3501 —
1095 3462 1321 3517 habetis
1344 3464 1371 3516 ?
1421 3458 1641 3527 Παιδία,
1688 3462 1744 3516 id
1776 3468 1881 3526 est,
1920 3478 2137 3534 pueros

483 3547 613 3604 illos
648 3550 871 3603 vocavit
896 3550 1067 3618 juxta
1097 3551 1604 3605 consuetudinem.
1639 3552 1809 3605 Moris
1838 3550 2132 3622 siquidem

484 3635 1850 3709 eratitaoperariosappellare,propterillorum
1872 3640 2135 3695 roburac

485 3723 891 3780 strenuitatem
918 3726 994 3780 ad
1020 3725 1257 3781 labores
1286 3764 1299 3779 .
1328 3727 1606 3799 Loquitur
1636 3733 1834 3782 autem
1863 3742 2001 3783 cum
2028 3744 2134 3797 eis,

483 3814 662 3886 quasi
682 3813 882 3869 volens
913 3813 1133 3886 aliquid
1154 3815 1227 3870 ab
1248 3816 1330 3870 eis
1350 3832 1564 3870 emere.

561 3905 716 3959 Vers.
743 3908 794 3959 ὅ.
826 3904 1375 3974 Responderunt.-—
1401 3904 1561 3961 Vers.
1590 3906 1643 3960 6.
1663 3905 1987 3962 invenietis.
2021 3909 2136 3961 Nec

483 3992 681 4049 adhuc
714 3998 1118 4063 cognoverunt
1147 4010 1284 4049 eum
1315 4009 1463 4058 esse,
1495 3994 1661 4065 quod
1692 3999 1888 4050 tamen
1920 4011 2022 4050 eos
2052 3996 2137 4050 in-

482 4081 738 4152 telligere
759 4084 1041 4155 oportuit.
1064 4084 1216 4139 Nam
1232 4084 1539 4154 quomodo
1559 4083 1818 4151 vulgaris
1837 4083 2019 4139 homo
2033 4091 2135 4139 aut

482 4172 686 4228 socius
718 4172 777 4228 id
818 4188 993 4227 nosse
1024 4171 1333 4243 potuisset,
1377 4172 1539 4245 quod
1576 4172 1864 4243 jacientes
1897 4172 1955 4227 in
1996 4173 2136 4228 dex-

2247 3020 2412 3091 ρεύειν
2443 3016 2640 3077 αὐτοῖς.

2320 3201 2521 3265 ΙΙρωίας
2558 3225 2619 3233 -
2650 3191 2807 3245 ἐστιν.
2841 3192 2997 3253 Ἴσως
3026 3199 3118 3244 τοῦ
3149 3187 3323 3253 εἶδονς
3362 3191 3529 3244 αὐτοῦ
3565 3192 3861 3265 λαμπροτέ-

2245 3303 2338 3356 ρου
2366 3286 2668 3355 φαινομένου
2715 3279 2809 3335 διὰ
2849 3287 2943 3340 τὴν
2989 3280 3305 3355 ἀφθαρσίαν,
3336 3284 3368 3338 ἣ
3416 3282 3530 3333 κατ’
3563 3280 3860 3352 οἰκονομίαν

2248 3372 2591 3444 ἀγνοουμένου
2624 3371 2817 3432 αὐτοῖς.

2317 3466 2466 3532 Λέγει
2551 3492 2618 3502 --
2690 3463 2872 3532 Exire;
2932 3456 3131 3513 Παιδία
3208 3460 3426 3519 τούτους
3480 3456 3711 3520 ἐκάλεσε,
3793 3466 3857 3528 τῇ

2249 3552 2495 3621 συνηθείᾳ
2563 3551 2914 3622 χρησάμενος.
2984 3547 3140 3608 Ἐθος
3193 3549 3296 3621 γὰρ
3361 3549 3469 3606 τοὺς
3532 3544 3855 3616 ἐργατικοὺς

2246 3640 2402 3699 οὕτως
2432 3639 2700 3711 ὀνομάζειν
2732 3636 2825 3691 διὰ
2871 3641 2930 3690 τὸ
2961 3641 3091 3710 πρὸς
3121 3640 3244 3698 τοὺς
3294 3640 3471 3695 πόνους
3517 3632 3750 3707 ἀκμαῖον
3800 3654 3853 3686 τε

2245 3733 2334 3780 καὶ
2374 3731 2601 3780 νεανικὸν
2648 3727 2837 3781 αὐτῶν.
2887 3726 3186 3798 Διαλέγεται
3231 3721 3291 3777 δι
3338 3725 3532 3793 αὐτοῖς,
3581 3727 3651 3784 ὡς
3706 3722 3865 3777 θέλων

2246 3815 2403 3875 δῆθεν
2432 3817 2554 3891 παρ’
2587 3817 2754 3869 αὐτῶν
2794 3817 3038 3868 ὠνεῖσθαί
3067 3834 3137 3870 τι.

2318 3906 2704 3981 Ἀπεκρίθησαν
2758 3937 2823 3946 -
2856 3907 3119 3978 εὑρήσετε.
3176 3909 3274 3957 Καὶ
3312 3905 3460 3955 οὔπω
3503 3911 3747 3963 συνῆκαν
3793 3904 3874 3956 ὁτι

2246 3995 2397 4056 αὐτὸς
2442 3994 2601 4047 ἔστιν.
2661 3995 2859 4066 Ἐχρῆν
2892 3990 2953 4046 δι
2998 3997 3242 4046 συνιέναι.
3285 3998 3402 4052 Πῶς
3430 3993 3537 4065 γὰρ
3582 3991 3647 4042 ἂν
3700 3997 3878 4053 κοινὸς

2245 4084 2513 4158 ἄνθρωπος
2543 4080 2705 4142 εἰδείη
2757 4085 2838 4135 ὃτι
2878 4081 3145 4155 βάλλοντες
3186 4081 3258 4141 εἰς
3308 4084 3376 4134 τὰ
3406 4077 3569 4143 δεξιὰ
3609 4084 3748 4155 μέρη
3787 4088 3881 4133 τοῦ

2247 4174 2428 4227 πλοίου
2451 4174 2739 4248 εὑρήσουσι
2764 4189 2777 4239 ;
2809 4171 2995 4233 Ῥητῶς
3026 4167 3085 4223 δε
3116 4170 3183 4231 εἰς
3199 4172 3264 4221 τὰ
3291 4165 3440 4233 δεξιὰ
3474 4168 3670 4243 βαλεῖν
3699 4168 3881 4223 ἑπέτα·

479 4265 666 4317 teram
715 4260 941 4331 navigii
971 4266 1218 4333 partem,
1251 4260 1542 4317 inventuri
1574 4267 1765 4317 essent
1789 4262 1816 4318 ?
1848 4265 2133 4334 Expresso

2267 4264 2347 4329 ξεν,
2378 4265 2460 4315 ἱνα
2486 4267 2557 4334 μὴ
2587 4264 2721 4315 κατὰ
2750 4264 2922 4333 τύχην
2953 4262 2983 4319 η
3018 4261 3157 4335 ἄγρα
3186 4255 3338 4331 δόξῃ.

477 4356 678 4407 autem
701 4353 776 4407 ad
794 4350 1099 4407 dexteram
1108 4351 1305 4422 jacere
1324 4351 1703 4423 praecepit,ne
1723 4350 1960 4408 fortuita
1978 4351 2135 4408 vide-

470 4444 632 4495 retur
650 4446 919 4512 captura.

550 4529 711 4585 Vers.
737 4534 789 4584 6.
812 4528 1085 4586 Jecerunt
1112 4529 1324 4599 itaque.
1350 4528 1697 4600 Simpliciter
1717 4529 2131 4601 obtemperam

480 4621 597 4672 tes:
628 4622 733 4673 aut
752 4618 1035 4685 arbitrati,
1061 4617 1235 4683 signo
1252 4619 1534 4691 quapiam
1554 4618 1717 4674 illum
1742 4634 1920 4674 nosse
1942 4620 2133 4690 pisces

483 4704 717 4777 aliquos
740 4706 820 4764 ibi
844 4715 1069 4773 natare,
1112 4708 1167 4779 (1'
1209 4714 1311 4765 aut
1356 4709 1535 4764 etiam
1583 4707 1797 4763 vidisse
1834 4707 2135 4765 exsultan-

479 4797 609 4868 tes).

2320 4527 2475 4581 Ἐϐαλ
2504 4548 2557 4581 ον
2589 4525 2697 4581 οὖν.
2759 4527 2999 4601 [Ἀπλὼς’
3037 4530 3150 4595 (36)
3197 4527 3636 4597 ὑπακούσαντες,
3700 4532 3734 4586 ἦ
3800 4534 3895 4580 χαὶ

2245 4619 2659 4679 ὑποπτεύσαντες
2736 4617 2891 4669 αὐτὸν
2967 4619 3228 4688 τεκμηρίῳ
3292 4619 3399 4667 τινὶ
3463 4621 3684 4687 γνῶναί
3745 4636 3897 4677 τινας

2248 4707 2439 4779 ἰχθύας
2471 4706 2574 4759 ἐκεῖ
2603 4703 3038 4779 διανηχομένους,
3080 4708 3110 4763 ἧ
3170 4703 3280 4775 (38)
3329 4709 3424 4757 καὶ
3481 4702 3629 4758 ἰδεῖν
3684 4704 3900 4766 ἆναπη.

2239 4792 2273 4848 δ
2278 4801 2306 4853 ἡ
2317 4797 2553 4869 σαντας.]

1702 4999 1923 5068 νοτίδι
1954 5000 2280 5068 lectiones
2330 5009 2394 5068 et
2433 5010 2633 5067 notae.

551 5174 663 5246 (31)
688 5176 819 5230 Haec
850 5173 1038 5231 codex
1065 5174 1109 5228 A
1138 5173 1219 5230 ita
1248 5171 1543 5230 contrahit
1568 5189 1579 5227 :
1616 5168 1689 5224 δι’
1716 5171 1875 5224 αὐτοῦ
1904 5167 1961 5224 δέ
1983 5167 2132 5224 δίδο-

480 5265 566 5298 ται
591 5251 681 5298 καὶ
714 5251 823 5307 ςωὴ
852 5246 1078 5308 αἰώνιος.

551 5317 663 5393 (ἓὲ)
702 5319 1028 5393 Ἐφανερώθη
1073 5325 1135 5373 A-

573 5389 663 5449 33)
690 5389 794 5449 Τήν
822 5389 994 5447 abest
1020 5394 1085 5444 A.

573 5396 638 5443 33
690 5396 794 5449 Τήν
822 5396 994 5447 abest
1020 5396 1085 5444 A.

547 5396 665 5529 E34;
700 5463 946 5519 Omissis
973 5477 1109 5529 quas
1138 5459 1236 5515 hic
1279 5459 1506 5516 inclusa
1553 5461 1714 5524 sunt,
1755 5472 1952 5514 eorum
1999 5457 2133 5514 loco

482 5533 718 5589 tantum
743 5533 925 5589 habet
962 5533 1136 5587 πλοῖον
1176 5535 1246 5586 Α.

2342 5174 2433 5238 35)
2467 5169 2529 5225 T.
2563 5170 2705 5230 Vlll,
2736 5183 2795 5240 p.
2831 5172 2923 5223 52:
2963 5170 3025 5222 A.

2340 5242 2427 5309 36)
2457 5240 2677 5303 ’Ἐξωθεν
2707 5246 2763 5296 Β.

2314 5311 2424 5379 (3‘7)
2453 5314 2687 5367 Inclusa
2716 5311 2935 5367 absunt
2964 5312 3028 5379 Α.

2289 5377 2429 5468 ,(38)
2481 5383 2568 5440 Ab
2611 5386 2642 5441 ἦ
2700 5384 2779 5439 ad
2814 5377 3255 5441 ἀναπηδήσαντας
3312 5377 3629 5441 omiserat
3687 5386 3905 5442 Hente-

2245 5472 2398 5513 mus.
