4022 6232
1628 4 1775 13 _.—-.

113 280 282 341 1493

198 414 318 462 Καὶ
349 410 443 462 οὐκ
472 412 545 461 ἔτι
574 440 642 448 -
671 408 891 480 ἰχόύων.
947 406 1190 465 Ἀπόντος
1243 407 1331 476 μεν
1367 412 1458 456 τοῦ
1487 411 1744 476 Σωτῆρος,
1777 404 1820 457 Α

50 492 61 499 “
114 495 295 551 οὐδὲν
327 498 572 568 ἐπίασαν,
614 502 867 571 παρόντος
912 493 991 561 δὲ,
1036 494 1232 555 πλῆθος
1289 493 1639 559 συνέκλεισαν,
1665 495 1747 545 ἶνα

50 582 71 591 λλ
114 596 341 660 γνῶμεν
373 590 453 640 ὅτι
477 592 647 663 χωρὶς
698 590 786 659 μὲν
832 588 992 638 αὑτοῦ
1041 581 1191 636 οὐδὲν
1225 583 1473 654 ὠφέλιμον
1507 581 1744 655 ἁνύομεν,

117 680 233 727 σὺν
270 677 417 748 αὐτῷ
449 673 527 741 δι,
556 676 740 731 πολλά,
802 680 914 748 Χρὴ
948 679 1119 726 τοίνυν
1173 680 1284 732 ταῖς
1314 670 1535 733 ἐντολαῖς
1582 672 1745 723 αὐτοῦ

116 768 482 838 πειθομένους
521 773 688 819 πονεῖν
708 770 797 817 καὶ
827 763 1035 837 βάλλειν
1061 763 1132 824 εἰς
1162 765 1228 814 τὰ
1259 758 1405 824 δεξιά
1425 780 1437 790 ·
1472 769 1624 814 τοῦτο
1644 764 1742 835 γὰρ

116 858 183 906 τὸ
201 861 376 928 βρος
405 854 683 907 ἐπαινετόν.

208 1030 492 1104 [Ζήτησον
521 1031 637 1103 (39)
667 1035 757 1083 καὶ
801 1029 848 1081 ἐν
906 1038 978 1100 τῷ
1025 1024 1283 1099 ἑνδεκάτῳ
1338 1027 1596 1099 κεφαλαίῳ
1653 1034 1743 1079 τοῦ

117 1125 281 1174 κατὰ
346 1127 550 1174 Λουκᾶν
616 1124 674 1173 τό
719 1139 732 1152 ο
790 1119 1015 1191 Ὀριοίως
1063 1115 1123 1170 δὲ
1199 1122 1291 1168 καὶ
1351 1116 1591 1169 Ἰάκωϐον
1653 1122 1743 1167 καὶ

52 1218 63 1223 “
116 1212 415 1275 Ἰωάννην,
486 1213 629 1272 υἱοὺς
693 1206 998 1276 Ζεϐεδαίου,
1054 1207 1101 1259 οἲ
1169 1203 1304 1264 ἦσαν
1370 1212 1604 1258 κοινωνοὶ
1670 1214 1742 1276 τῷ

54 1310 61 1316 ”
120 1304 360 1372 Σίμωνι,
390 1304 479 1353 καὶ
504 1302 570 1352 τὰ
595 1299 728 1369 ἑξῆς,
750 1302 840 1350 καὶ
865 1296 1126 1369 ἀνάγνωθι
1150 1300 1244 1354 τὴν
1275 1294 1525 1366 ὶξὴγησιν
1552 1295 1740 1350 αὐτῶν.

58 1422 71 1427 -
119 1392 403 1462 Εὐρὴσεις
430 1391 531 1463 γὰρ
563 1387 857 1460 ἀναγωγὴν,
889 1389 1024 1439 πάνυ
1050 1394 1159 1446 τοῖς
1188 1392 1446 1457 παροῦσιν
1488 1385 1746 1460 ἁρμόζου-

58 1477 320 1551 .m]

202 1571 373 1638 Λέγει
400 1598 466 1607 -
498 1565 633 1621 ἔστι.
677 1573 854 1619 Ταῦτα
900 1569 1064 1625 συνεὶς
1102 1563 1201 1616 ἀπὸ
1230 1570 1326 1625 τῆς
1352 1564 1621 1635 εὐτυχίας,
1656 1570 1746 1617 καὶ

119 1663 225 1708 τοῦ
264 1654 668 1726 συγκεκλεῖσθαι
700 1654 811 1726 (40)
848 1659 968 1716 τοὺς
1010 1654 1219 1726 ἰχθῦας,
1246 1656 1419 1726 ὥσπερ
1452 1652 1505 1716 ἐξ
1534 1652 1744 1725 ἐπιτάγ-

122 1764 329 1817 ματος.

205 1838 389 1905 Σίμων
416 1865 483 1874 -
528 1832 814 1887 θάλασσαν.
849 1838 1277 1905 Διορατικωτερος
1308 1834 1396 1904 μιν
1427 1834 1452 1884 6
1511 1834 1746 1893 Ἰωάννης

129 1927 429 1997 περιουσίᾳ
471 1924 839 1997 καθαρότητος,
882 1924 1183 1995 θερμότερος
1232 1918 1291 1973 δὲ
1338 1923 1363 1972 ὁ
1396 1926 1588 1995 Πέτρος
1619 1941 1747 1995 σφο-

125 2010 375 2085 δρότητι
405 2011 636 2084 φῦτρου.
690 2015 775 2063 Διό
802 2015 1046 2084 γνωρίζει
1094 2014 1182 2083 μὲν
1223 2010 1377 2063 αὑτὸν
1409 2012 1434 2062 6
1485 2013 1741 2077 Ἰωάννης,

124 2104 239 2169 πρὸ
271 2108 368 2152 τοῦ
404 2104 594 2175 Πέτρου
625 2120 636 2132 ·
672 2100 829 2163 ἔξεισι
856 2098 915 2153 δε
966 2105 1096 2173 πρὸς
1126 2100 1281 2151 αὐτόν
1336 2101 1360 2151 6
1421 2105 1611 2174 Πέτρος
1641 2105 1741 2173 πρὸ

125 2191 513 2243 τοῦἹωάννου.
545 2188 802 2249 Ἀκούσας
838 2192 937 2263 γὰρ
986 2193 1137 2262 μόνον
1196 2191 1276 2240 ὅτι
1315 2190 1339 2240 6
1384 2192 1568 2264 Κύριός
1608 2193 1740 2259 ἐστι,

125 2281 317 2353 ῥίπτει
338 2281 404 2331 τὰ
433 2278 480 2330 ἐν
505 2283 694 2353 χερσὶν
717 2281 920 2340 εὐθέως,
953 2283 1133 2351 καὶμὴ
1165 2278 1440 2347 ἀναμείνας
1473 2287 1539 2349 τῷ
1567 2278 1744 2331 πλοια-

121 2373 237 2443 ρίῳ
268 2367 500 2433 ἐξελθεῖν,
539 2367 719 2441 βάλλει
776 2367 955 2419 ἑαυτὸν
987 2367 1056 2429 εἰς
1087 2372 1181 2423 τὴν
1235 2367 1502 2419 θάλασσαν
1553 2365 1645 2420 διὰ
1683 2374 1740 2421 τὸ

122 2461 193 2510 τά
195 2475 311 2528 χος
340 2466 436 2517 τῆς
464 2456 778 2519 ἑξελεύσεως.

200 2548 311 2602 Τόν
343 2542 623 2604 ἐπενδύτην
654 2543 711 2599 δὲ
739 2550 986 2617 χιτώνιόν
1014 2550 1066 2597 τὶ
1098 2565 1253 2617 φασιν
1286 2546 1397 2616 (41)
1452 2542 1741 2619 ἁχειρίδω-

123 2656 219 2689 τον
253 2636 398 2710 ἄχρι
425 2637 650 2706 γονάτων
702 2634 1045 2708 περιστέλλον.
1083 2636 1295 2694 Σύνηθες
1352 2630 1409 2685 δὲ
1452 2642 1602 2685 τοῦτο
1633 2640 1742 2694 τοῖς

125 2723 575 2791 θαλαττεύουσιν,
606 2723 905 2781 εὐκινησίαν
944 2723 1055 2795 άμα
1082 2728 1172 2775 καὶ
1206 2722 1615 2794 εὐσχημοσύνην
1641 2722 1740 2773 αὖ-

121 2821 249 2874 τοῖς
289 2815 436 2886 παρὰ
469 2822 539 2883 τῷ
570 2809 729 2865 ὕδατι
753 2815 1193 2887 περιποιούμενον.
1225 2815 1425 2883 Pup-J6;
1454 2814 1542 2881 μὲν
1573 2807 1659 2862 οὖν
1683 2807 1743 2868 ἧν

121 2911 233 2964 τῆς
267 2901 429 2964 ἄλλης
457 2902 639 2962 στολῆς
670 2901 849 2967 αὐτοῦ,
883 2910 1060 2954 τοῦτον
1092 2898 1150 2954 6":
1195 2908 1348 2974 μόνον
1398 2899 1481 2952 ἐπὶ
1520 2907 1611 2952 τοῦ
1645 2905 1745 2952 σώ-

123 3011 306 3066 ματος
338 2987 608 3043 ἐνεδέδυτο
664 2992 903 3051 ἄζωστον
937 3009 950 3020 ·
985 2989 1189 3053 ἀνάξιον
1246 2992 1344 3065 γὰρ
1405 2986 1534 3042 εἶναι
1587 2989 1742 3041 αὐτόν

126 3082 314 3138 πάντη
351 3084 546 3152 γυμνόν
579 3076 672 3133 διὰ
692 3084 784 3137 τὴν
812 3078 1217 3152 ἀσχημοσύνην.
1271 3080 1518 3139 Εζὼσατο
1552 3075 1609 3131 δὲ
1641 3078 1739 3131 αὖ·
1776 3107 1813 3162 C

125 3173 227 3223 τὸν
265 3165 410 3221 αἰδοῖ
430 3176 522 3221 τοῦ
565 3175 777 3243 Κυρίου.

213 3349 288 3400 Oi.
318 3344 378 3400 δὲ
406 3345 551 3399 ἄλλοι
574 3378 641 3386 -
671 3346 890 3418 ἰχθύων.
922 3345 1113 3399 Ἦλθον
1144 3345 1467 3419 ἐφελκόμενοι
1504 3349 1626 3408 τοὺς
1653 3349 1746 3398 σύ-

126 3457 333 3513 ροντας
367 3440 422 3487 τό
452 3432 662 3489 δίκτυον
689 3440 962 3506 σχοίνους.

203 3527 300 3586 Ὠς
333 3556 401 3565 —
426 3526 599 3599 ἄρτον.
630 3528 700 3577 T6
731 3527 820 3596 μὲν
862 3524 1078 3598 ὀψάριον
1108 3532 1170 3596 τῇ
1218 3523 1469 3597 ἁνθρακίᾳ
1495 3522 1750 3597 ἐπικείμε-

124 3637 247 3682 νον,
282 3618 372 3667 τόν
405 3610 465 3666 δε
488 3615 641 3687 ἄρτον
666 3611 783 3686 ἰδίᾳ
811 3618 1201 3687 παρακείμενον,
1236 3613 1289 3676 ἐξ
1317 3618 1411 3666 οὐκ
1442 3617 1597 3665 ὄντων
1622 3616 1751 3665 πάν-

124 3727 203 3759 τοι
223 3705 439 3765 πάντως
477 3705 805 3777 παρηγμὲνα,
838 3705 921 3755 ἵνα
967 3702 1237 3756 κάντεῦθεν
1284 3700 1427 3777 δείξῃ
1461 3707 1553 3762 τὴν
1584 3699 1750 3755 δύνα-

121 3816 229 3869 μιν
278 3792 460 3854 αὐτοῦ,
493 3796 582 3844 καὶ
618 3796 969 3853 πεπονηκότας
999 3792 1187 3852 αὐτοὺς
1213 3789 1574 3849 ἀνακτήσηται
1602 3792 1750 3864 φιλο-

127 3887 390 3956 στόργως
418 3876 511 3931 διὰ
539 3889 752 3954 τροφῆς.

208 3975 381 4041 Λέγει
433 3999 501 4008 —
546 3975 650 4023 νῦν.
703 3968 788 4030 Ὠς
823 3966 974 4031 εἰδὼς
1029 3969 1108 4020 ὅτι
1161 3966 1380 4020 ἐπίασαν
1424 3967 1576 4039 λέγει.
1651 3972 1751 4021 Καὶ

122 4064 245 4135 γὰρ
307 4062 400 4110 καὶ
452 4061 572 4129 πρὶν
621 4060 690 4119 ὡς
738 4055 888 4119 εἰδὼς
944 4059 1024 4110 ὅτι
1080 4060 1363 4109 πιάσουσιν
1395 4052 1749 4109 ιῖπε⁸Βάλετε

124 4151 213 4211 εἰς
283 4151 354 4199 τὰ
418 4143 566 4209 δεξιὰ
637 4150 765 4219 μέρη
838 4154 928 4199 τοι)
988 4146 1169 4199 πλοίου
1257 4149 1315 4199 τὸ
1366 4142 1599 4210 δίκτυον,
1660 4149 1749 4197 καὶ

125 4239 418 4313 εὑρήσετε,
469 4239 559 4287 καὶ
588 4233 671 4286 ⁴ίνα
702 4239 769 4307 μὴ
801 4239 1064 4307 φαντασία
1107 4231 1238 4307 δόξῃ
1290 4237 1349 4287 τό
1399 4241 1638 4307 πρᾶγμα,
1661 4239 1751 4286 καὶ

124 4330 288 4387 ὅπως
318 4320 516 4386 ἰδόντες
542 4329 627 4375 καὶ
662 4328 717 4376 τό
746 4324 942 4386 πλῆθος
970 4329 1056 4377 καὶ
1090 4327 1147 4375 τό
1169 4326 1385 4395 μέγεθος
1417 4333 1514 4375 τῶν
1551 4323 1750 4395 ἰχθύων

124 4416 339 4469 καὶτὸ
383 4421 493 4474 πῶς
548 4412 641 4465 οὐκ
690 4411 923 4485 ἐσχίσθη
1003 4416 1061 4465 τό
1129 4409 1367 4478 δίκτυον,
1433 4413 1752 4484 θαυμάσωσι

124 4505 300 4560 πλέον
309 4546 320 4556 .

214 4589 407 4650 Ἀνέϐη
454 4596 620 4663 Σίμων
658 4597 868 4666 Πέτρος.
916 4590 1145 4663 [Ἂνέϐη
1202 4592 1317 4663 (42)
1368 4591 1437 4653 εἰς
1462 4593 1521 4643 τό
1551 4589 1748 4654 πλοῖον,

125 4686 206 4743 ὡς
262 4679 641 4755 ἔμπειρότερος,
702 4681 953 4754 ἑπομένων
1002 4681 1143 4751 αὐτῷ
1208 4686 1298 4733 καὶ
1364 4680 1526 4732 ἄλλων
1598 4677 1751 4736 δηλο-

122 4768 307 4842 νότι.]

218 4864 331 4912 Καὶ
359 4858 561 4911 εἵλκυσε
616 4890 683 4899 -
748 4868 921 4933 τριῶν.
968 4863 1106 4913 Φασί
1154 4879 1289 4921 τινες
1338 4855 1432 4911 διὰ
1477 4865 1579 4908 τῶν
1635 4855 1750 4909 ἑκα-

123 4952 235 5004 τὸν
283 4949 378 5021 μὲν
428 4945 826 5008 ὑποδηλοῦσθαι
880 4952 1004 5012 τοὺς
1050 4947 1105 5012 ἐξ
1160 4947 1313 5001 ἐθνῶν
1360 4946 1751 5019 σαγηνευθησο-

214 5094 243 5131 ⁹
289 5093 429 5150 Luc.
471 5108 527 5158 v,
566 5095 648 5149 to.

1294 274 1663 336 COMMENT.
1707 272 1777 333 IN
1814 270 2166 334 JOANNEM.
2209 308 2275 319 —
2315 276 2473 337 CAP.
2515 274 2663 338 XXI.

2558 0 2814 23 *ππ-ν
2818 0 2943 23 :‘r
2936 16 2949 19 _
2964 0 3182 33 ﬂi—q'm'
3104 0 3133 1 7'
3166 0 3173 1 ί
3195 16 3261 23 ...η-
3282 16 3919 39 ῇ--η-ν-Ἶ--ητᾚ
3930 22 3963 29 ..ς

3376 278 3514 341 1494
3534 300 3535 309 ‘

1932 402 2089 459 Vers.
2125 407 2157 459 6
2194 404 2273 459 Et
2293 406 2422 475 jam
2444 420 2561 461 non
2582 437 2651 447 —
2670 407 2939 477 piscium.
2977 406 3232 465 Absente
3263 408 3511 481 quidem

1855 492 2159 548 Salvatore
2190 494 2334 549 nihil
2366 503 2669 566 ceperunt,
2695 501 2990 568 praesente
3021 513 3156 552 vero
3191 498 3513 555 multitudi-

1855 596 1993 636 nem
2025 582 2463 647 concluserunt,
2498 591 2558 639 ut
2587 600 3026 653 cogDOscamus
3053 586 3219 657 quod
3256 588 3381 642 sine
3408 586 3508 645 illo

1855 668 2178 741 nihilquod
2198 672 2332 726 utile
2359 671 2447 742 sit,
2481 672 2850 743 perticimus:
2880 689 3015 729 cum
3038 688 3110 728 eo
3127 679 3352 741 autem,
3381 676 3512 747 plu-

1854 757 2028 813 rima.
2054 760 2293 829 Oportet
2310 775 2453 826 ergo
2479 766 2542 815 ut
2568 763 2876 832 praeceptis
2898 762 3028 832 ejus
3052 762 3394 819 obedientes
3428 764 3512 820 la-

1855 848 2157 915 boremus,
2181 857 2237 903 et
2261 849 2338 903 ad
2361 848 2665 905 dexteram
2685 849 2984 920 jaciamus
3013 866 3027 916 ;
3054 867 3195 907 nam
3224 852 3349 908 haec
3371 868 3512 925 pars

1854 936 2014 991 laudi
2038 936 2234 993 datur.

1925 1026 2129 1090 Quaere
2163 1034 2363 1081 autem
2404 1031 2461 1082 et
2493 1027 2808 1083 undecimo
2833 1029 3006 1099 juxta
3037 1033 3253 1086 Lucam
3292 1031 3508 1103 capite.

1852 1114 2013 1185 quod
2029 1114 2277 1169 dicitur:
2292 1115 2787 1173 Similiterautem
2802 1126 2852 1173 et
2865 1119 3151 1175 Jacobum
3168 1126 3218 1175 et
3228 1120 3509 1178 Joannem

1850 1203 2007 1271 ﬁlios
2036 1203 2318 1269 Zebedzi,
2351 1205 2456 1276 qui
2474 1213 2645 1260 erant
2665 1207 2812 1261 socii
2834 1207 3089 1264 Simonis
3121 1210 3166 1277 ³,
3198 1215 3254 1264 et
3280 1215 3508 1277 caetera,

1854 1308 1924 1347 ac
1950 1292 2175 1348 illorum
2207 1292 2335 1365 lege
2364 1298 2823 1350 enarrationem.
2860 1297 3131 1352 Invenies
3173 1297 3335 1354 enim
3367 1314 3514 1355 ana-

1854 1382 2068 1451 gogica
2099 1382 2492 1454 praesentibus
2530 1384 2863 1440 admodum
2905 1401 3195 1456 congrua.

1925 1560 2085 1615 Vers.
2115 1563 2167 1615 ‘7.
2204 1562 2355 1617 Dicit
2394 1593 2462 1603 —
2499 1570 2600 1619 est.
2632 1564 2677 1616 A
2700 1579 2986 1635 prOSpero
3016 1565 3077 1620 id
3104 1571 3317 1621 eventu
3344 1566 3512 1624 intel-

1855 1648 2066 1719 ligens,
2086 1655 2143 1706 et
2168 1651 2330 1722 quod
2362 1657 2647 1723 tanquam
2673 1669 2746 1708 ex
2770 1653 2927 1709 illius
2941 1654 3119 1725 jussu
3138 1655 3402 1712 conclusi
3424 1673 3515 1713 es-

1778 1759 1817 1813 B
1856 1743 1990 1794 sent
2014 1739 2230 1811 pisces.

1924 1829 2152 1885 Vers.7.
2175 1829 2376 1886 Simon
2401 1862 2467 1872 —
2488 1847 2669 1889 mare.
2698 1833 3095 1905 Perspicacior
3108 1834 3351 1907 quidem
3382 1841 3510 1892 erat

1851 1918 2112 1973 Joannes
2135 1919 2549 1988 magnitudine
2570 1921 2860 1992 puritatis.
2885 1925 3082 1978 Petrus
3105 1940 3244 1979 vero
3274 1925 3497 1981 ferven-

1854 2007 1966 2070 tior
1989 2008 2359 2065 vehementia
2378 2010 2600 2064 amoris
2626 2026 2638 2065 :
2658 2011 2792 2066 ideo
2815 2012 3086 2080 agnoscit
3107 2013 3353 2085 quidem
3372 2029 3512 2069 eum

1851 2098 2113 2152 Joannes
2142 2106 2278 2154 ante
2310 2102 2560 2162 Petrum,
2589 2099 2694 2155 sed
2714 2101 3014 2169 egreditur
3043 2101 3118 2157 ad
3150 2118 3278 2157 eum
3304 2105 3506 2158 Petrus

1852 2186 2315 2243 anteJoannem.
2339 2188 2443 2243 Ubi
2466 2189 2625 2243 enim
2646 2187 2840 2243 solum
2858 2190 3143 2258 audisset,
3168 2207 3296 2247 esse
3310 2191 3506 2248 Domi-

1851 2290 2020 2341 num,
2048 2277 2358 2331 confestim
2373 2293 2504 2348 quas
2524 2276 2580 2330 in
2602 2277 2884 2332 manibus
2906 2284 3095 2346 erant,
3125 2280 3382 2351 projicit,
3406 2297 3516 2336 nec

1853 2363 2153 2419 sustinens
2175 2369 2239 2419 ut
2265 2366 2504 2434 navigio
2523 2366 2736 2420 adeum
2768 2368 3259 2438 perveniret,sese
3279 2370 3339 2425 in
3352 2385 3518 2426 mare

1846 2452 1989 2522 jacit
2013 2469 2136 2525 quo
2157 2455 2327 2508 citius
2360 2453 2687 2510 accederet.

1924 2539 2237 2601 Ἐπενδύτην
2266 2549 2465 2598 autem
2494 2552 2620 2614 (pro
2645 2560 2766 2615 quo
2784 2551 3043 2602 (unicam
3065 2546 3380 2619 vertimus)
3402 2563 3508 2603 vo-

1853 2636 1992 2685 cant
2016 2631 2338 2687 tuniculam
2360 2649 2477 2703 qua
2491 2651 2547 2687 in
2564 2634 2747 2688 duam
2771 2636 3019 2690 manicis
3037 2643 3357 2701 carentem,
3376 2653 3512 2708 quas

1856 2732 2065 2788 corpus
2093 2720 2169 2774 ad
2193 2736 2389 2790 genua
2412 2737 2601 2792 usque
2616 2728 2891 2792 contegat
2919 2739 2932 2789 ;
2956 2728 3014 2779 et
3032 2724 3144 2779 hac
3163 2724 3509 2807 utebantur,

1853 2807 1948 2879 qui
1963 2808 2021 2862 in
2037 2809 2186 2863 mari
2202 2810 2521 2878 degebant.
2539 2813 2685 2866 Nam
2703 2811 2880 2866 simul
2898 2819 2951 2867 et
2971 2813 3296 2882 agilitatem
3314 2817 3399 2869 eis
3416 2814 3486 2870 tri

1852 2896 2096 2961 buebat,
2121 2903 2177 2953 et
2198 2898 2349 2952 inter
2369 2915 2550 2970 aquas
2568 2906 2845 2955 ornatum
2865 2902 2991 2973 (ee).
3019 2904 3151 2956 Erat
3166 2902 3387 2974 quippe
3404 2920 3510 2957 nu.

1853 2986 1968 3041 dus
2024 2986 2139 3042 alia
2169 3003 2380 3043 carens
2423 2995 2580 3043 veste
2615 3005 2627 3055 ;
2670 3004 2808 3045 nam
2851 2990 2965 3045 hac
2993 2991 3120 3047 sola
3177 2992 3255 3047 ad
3285 3008 3508 3064 corpus

1855 3074 2145 3131 discincta
2176 3075 2416 3131 indutus
2431 3082 2556 3133 erat
2579 3094 2592 3141 ;
2615 3093 2806 3151 neque
2821 3079 2978 3134 enim
3001 3081 3418 3145 conveniebat,
3447 3086 3512 3136 ut

1855 3164 2102 3220 omnino
2132 3165 2330 3220 nudus
2345 3173 2755 3239 essetpropter
2781 3169 3209 3239 turpitudidem
3233 3188 3246 3237 ;
3273 3169 3511 3225 succin-

1859 3253 1935 3307 xit
1963 3260 2160 3309 autem
2194 3254 2377 3319 illam,
2411 3255 2646 3327 pudore
2681 3256 2933 3311 Domini.

1931 3345 2089 3399 Vers.
2120 3347 2171 3398 8.
2206 3344 2412 3401 Cameri
2442 3360 2578 3401 vero
2610 3377 2679 3385 —
2701 3348 2973 3415 piscium.
3008 3349 3305 3405 Venerunt
3330 3353 3508 3404 attra-

1857 3432 2059 3488 hendo
2086 3433 2272 3497 funes,
2308 3434 2531 3506 quibus
2575 3442 2692 3491 rete
2724 3437 3085 3492 trahebatur.

1929 3524 2093 3577 Vers.
2122 3522 2175 3574 9.
2209 3523 2279 3579 Ut
2302 3554 2361 3564 -—
2390 3540 2621 3593 panem.
2646 3525 2869 3581 Piscem
2904 3527 3148 3599 quidem
3177 3526 3382 3599 prunis
3410 3544 3509 3583 su-

1858 3613 2248 3684 perpositum,
2271 3627 2490 3685 panem
2512 3629 2647 3670 vero
2679 3630 2948 3670 seorsum
2972 3615 3238 3687 positum
3262 3632 3274 3672 :
3310 3618 3517 3689 utique

1859 3701 2153 3773 producta
2199 3718 2271 3757 ex
2303 3702 2393 3757 his
2433 3719 2569 3775 quae
2600 3719 2720 3759 non
2753 3711 2961 3760 erant:
2998 3710 3061 3760 ut
3084 3704 3224 3761 hinc
3262 3721 3507 3779 quoque

1860 3807 2033 3845 suam
2063 3791 2339 3847 ostendat
2368 3791 2721 3861 potentiam,
2751 3810 2818 3849 ac
2853 3793 3142 3850 benevole
3174 3810 3274 3850 eos
3306 3810 3413 3866 per
3438 3795 3520 3853 ci-

1860 3878 1999 3933 bum
2041 3896 2076 3933 a
2103 3879 2305 3935 labore
2331 3880 2632 3937 refocillet.

1932 3967 2094 4021 Vers.
2132 3968 2215 4022 10.
2249 3968 2347 4021 Ait
2370 3999 2434 4009 -—
2463 3985 2640 4024 nunc.
2670 3972 2879 4041 Utpote
2911 3970 3126 4034 sciens,
3155 3971 3322 4042 quod
3354 3987 3516 4027 com-

1859 4054 2336 4125 prehendissem.
2357 4056 2508 4111 Nam
2527 4061 2582 4111 et
2600 4060 2784 4127 prius,
2811 4063 3099 4129 tanquam
3119 4060 3309 4113 sciens
3329 4060 3519 4131 ,quod

1860 4143 2587 4215 comprehensuriessent,
2606 4145 2834 4201 dixerat
2865 4162 2878 4200 :
2908 4147 3099 4202 Jacite
3122 4147 3181 4201 in
3210 4147 3517 4204 dexteram

1856 4240 2086 4303 partem
2102 4233 2325 4302 navigii
2335 4240 2388 4289 et
2400 4234 2884 4289 invenietis.Etne
2898 4236 3343 4306 phantasticum
3359 4237 3516 4293 vide-

1859 4327 2019 4376 retur
2041 4323 2368 4390 negotium,
2392 4328 2570 4394 utque
2596 4323 2864 4378 videntes
2897 4323 3150 4395 piscium
3186 4324 3514 4381 multitudi-

1859 4425 2018 4480 nem,
2039 4425 2110 4465 ac
2135 4410 2608 4477 magnitudinem
2633 4418 2688 4465 et
2709 4412 3013 4483 quomodo
3039 4428 3162 4468 non
3194 4413 3516 4471 essetscis-

1861 4514 1993 4553 sum
2021 4503 2163 4562 rete,
2197 4498 2389 4569 magis
2420 4500 2593 4555 etiam
2628 4500 3083 4556 admirarentur.

1931 4587 2092 4642 Vers.
2125 4588 2212 4643 11.
2262 4589 2537 4645 Ascendit
2584 4588 2774 4645 Simon
2817 4591 3053 4646 Petrus.
3115 4590 3399 4648 Ascendit
3456 4590 3515 4647 in

1858 4675 2084 4740 navim,
2099 4680 2387 4750 tanquam
2403 4677 2547 4733 artis
2561 4679 2820 4751 peritior.
2839 4679 3231 4751 sequentibus
3247 4680 3522 4740 videlicet

1859 4781 2000 4821 eum
2033 4767 2215 4823 etiam
2246 4768 2492 4823 caeteris.

1930 4855 2098 4911 Vers.
2136 4862 2218 4912 tl.
2255 4857 2332 4913 Et
2362 4858 2557 4913 trawit
2583 4888 2651 4897 —
2681 4857 2892 4914 tribus.
2924 4859 3137 4915 Dicunt
3166 4858 3373 4933 aliqui,
3408 4875 3516 4931 per

1858 4949 2094 5001 centum
2119 4946 2363 5019 quidem
2380 4962 2481 5003 eos
2502 4947 2821 5018 designari,
2842 4948 2946 5021 qui
2963 4964 3036 5003 ex
3059 4948 3337 5021 gentibus
3355 4949 3514 5020 sagi-

1404 5187 1630 5257 Variaa
1661 5186 1992 5255 lectiones
2026 5198 2090 5255 et
2130 5198 2332 5258 notae.

216 5361 346 5423 (39)
374 5359 605 5416 Inclusa
630 5356 855 5416 absunt
894 5365 955 5415 Α.

218 5431 344 5504 (40)
375 5431 723 5504 Συγκλιῖσθαι
753 5439 813 5485 Α.

218 5453 321 5504 μυ
376 5453 442 5484 ιν
483 5453 723 5485 κλεισυαι
753 5453 813 5485 Δ.
1243 5501 1255 5513 .

214 5453 344 5575 (at;
365 5453 552 5562 Habet
579 5504 736 5561 hanc
767 5518 970 5560 vocem
998 5501 1213 5559 Galeus
1241 5517 1304 5559 in
1329 5516 1537 5575 opusc.
1574 5501 1758 5575 Myth.

217 5682 336 5767 (ee)
379 5684 694 5741 Ornatam.
723 5684 936 5755 Decus,
970 5680 1329 5745 decentiam.

1873 5432 2325 5574 p.(Zéiinclusa
2352 5499 2570 5559 absunt
2603 5509 2664 5559 Α.
