4022 6232
578 225 711 286 1495

570 446 793 502 ,Ιιιάεεὶε
811 462 823 511 ;
842 445 1040 517 plures
1053 442 1347 515 siquidem
1363 459 1427 497 ex
1448 442 1725 512 gentibus
1755 444 2027 499 credituri
2056 449 2224 499 erant

569 551 755 606 quam
779 550 849 589 ex
866 532 1081 588 Judzeis
1106 548 1117 597 ;
1144 547 1247 603 per
1270 536 1384 587 tres
1402 548 1561 597 vero,
1580 539 1844 589 sanctam
1858 533 2219 603 Trinitatem,

570 625 623 679 in
655 639 838 695 quam
872 622 1197 677 crederent.

642 713 803 767 Vers.
844 713 925 765 11.
958 711 1031 765 Et
1064 742 1125 749 —
1160 719 1297 767 rete.
1332 714 1477 779 Non,
1506 711 1666 782 quod
1700 715 1856 768 esset
1900 711 2070 779 forte,
2116 713 2220 767 sed

569 802 730 874 quod
764 802 1048 857 Dominus
1078 801 1253 855 etiam
1284 798 1431 857 illud
1472 800 1831 856 fortificaret.

645 893 799 946 Vers.
851 895 929 945 l2.
984 890 1135 945 Dicit
1167 921 1235 929 —
1264 890 1570 958 prandete.
1625 893 1776 945 Hora
1825 890 2056 962 prandii
2091 890 2219 961 jam

573 984 919 1052 appetente;
942 994 1083 1034 nam
1116 976 1349 1033 illorum
1376 978 1685 1034 laboribus
1722 996 2070 1035 successura
2095 984 2220 1035 erat

570 1070 819 1141 requies.
843 1068 1169 1123 Verisimile
1186 1073 1273 1123 est
1296 1073 1516 1136 autem,
1535 1069 1833 1139 quosdam
1857 1086 1927 1123 ex
1946 1086 2218 1141 compre-

567 1158 767 1215 bensis
798 1157 1063 1230 piscibus
1086 1164 1319 1212 assatos
1347 1157 1526 1212 fuisse
1554 1158 1629 1213 ad
1657 1161 1927 1213 omnium
1955 1159 2219 1215 refectio-

570 1247 1141 1319 nemdiscipulorum
1165 1246 1450 1317 :reliquos
1470 1263 1607 1301 vero
1639 1247 2002 1318 pauperibus
2038 1246 2219 1304 fuisse

570 1336 938 1392 distributos.

641 1425 804 1479 Vers.
838 1426 925 1478 12.
960 1424 1031 1478 Et
1058 1439 1226 1479 nemo
1258 1456 1325 1463 —
1352 1430 1508 1480 esset.
1558 1424 1781 1479 Faciem
1833 1424 2077 1497 quidem
2139 1426 2218 1480 vi-

568 1514 773 1570 dentes
802 1514 1203 1577 immutatam,
1240 1518 1292 1569 et
1324 1529 1455 1584 qua:
1479 1512 1535 1567 in
1562 1514 1887 1569 maximum
1920 1530 2021 1569 eos
2046 1514 2216 1570 indu-

568 1608 723 1659 ceret
753 1608 1077 1674 stuporem,
1121 1602 1396 1658 volebant
1422 1618 1559 1657 eum
1592 1604 1971 1673 interrogare,
2009 1619 2215 1659 verum

569 1708 689 1747 non
709 1693 1034 1758 audebant,
1063 1707 1200 1745 cum
1230 1708 1263 1746 a
1287 1692 1470 1762 signis
1492 1708 1626 1762 qua:
1640 1691 1798 1746 dicta
1824 1698 1981 1757 sunt,
2003 1693 2219 1749 scirent

568 1780 733 1853 quod
762 1781 1045 1836 Dominus
1069 1786 1242 1836 esset.

642 1870 806 1924 Vers.
844 1870 926 1923 t3.
974 1870 1137 1925 Venit
1170 1902 1235 1908 —
1263 1870 1556 1925 similiter.
1590 1871 1715 1924 Iam
1761 1870 1819 1924 in
1846 1870 2063 1925 coelum
2095 1885 2217 1926 non

571 1960 837 2029 suscipit,
859 1974 1052 2030 neque
1078 1959 1348 2013 humana
1383 1959 2023 2028 illafacitzostendens,
2052 1960 2216 2031 quod

568 2048 745 2103 etiam
785 2049 900 2103 ista
928 2048 1358 2119 dispensatorie
1399 2048 1675 2103 faciebat.

639 2138 798 2191 Vers.
834 2138 921 2191 14.
958 2136 1077 2191 Hoc
1119 2167 1184 2175 —
1224 2138 1495 2192 mortuis.
1539 2138 1736 2192 Prima
1766 2137 2033 2209 quidem,
2078 2153 2215 2193 cum

569 2230 718 2281 esset
742 2241 989 2296 vespera
1016 2224 1130 2279 diei
1163 2224 1320 2279 illius
1344 2241 1464 2295 quo
1500 2226 1818 2280 resurrexit
1850 2228 1917 2289 ¹⁰,
1949 2225 2218 2291 secunda

568 2321 789 2377 autem,
820 2319 955 2384 post
977 2313 1103 2367 dies
1121 2321 1254 2368 octo
1288 2315 1351 2377 ¹¹,
1381 2314 1548 2368 tertia
1566 2316 1854 2379 vero,boc
1881 2315 1996 2369 die.
2021 2322 2220 2386 Appa-

568 2408 654 2458 ret
690 2403 910 2473 itaque,
944 2401 1107 2473 quod
1138 2406 1272 2472 post
1302 2402 1413 2456 hoc
1448 2406 1679 2471 tempus
1733 2402 2109 2458 ascenderint
2158 2404 2219 2459 in

568 2496 852 2554 montem,
883 2490 937 2544 in
967 2506 1088 2561 quo
1119 2490 1499 2545 constituerat
1531 2490 1633 2555 eis,
1666 2493 1915 2562 quando
1948 2492 2218 2548 videlicet

566 2597 791 2636 rursum
828 2580 1119 2636 admoniti
1150 2585 1282 2634 sunt
1328 2596 1364 2635 a
1404 2581 1654 2635 Domino
1697 2583 1763 2637 ¹².
1817 2582 2218 2637 Manifestatus

569 2676 659 2725 est
691 2676 888 2725 autem
928 2675 984 2724 et
1016 2669 1389 2733 mulieribus,
1422 2686 1557 2741 quae
1588 2669 1895 2741 discipulte
1925 2677 2095 2726 erant
2122 2688 2134 2736 ;
2162 2678 2218 2726 et

569 2759 808 2813 duobus
836 2758 968 2823 illis,
1004 2759 1072 2814 de
1104 2758 1326 2830 quibus
1353 2760 1513 2830 apud
1548 2762 1801 2815 Marcum
1838 2762 1904 2826 ¹³,
1938 2766 1994 2815 et
2026 2760 2214 2823 Petro,

572 2864 641 2903 ac
673 2848 903 2918 Cleopas
937 2849 982 2883 ¹⁴
1013 2864 1139 2902 cuin
1170 2848 1329 2903 socio
1380 2848 1588 2919 ipsius.
1641 2850 1859 2903 Verum
1910 2848 2219 2919 discipulis

568 2936 763 3002 simul,
797 2937 905 2991 hac
925 2937 1052 3007 jam
1086 2936 1254 2992 tertia
1295 2938 1420 2991 vice
1453 2936 1863 2992 mauifestatus
1886 2944 1991 2992 est.
2018 2941 2215 3008 Neque

568 3028 726 3080 enim
749 3026 1028 3081 continue
1065 3043 1200 3080 cum
1228 3026 1312 3079 eis
1336 3026 1704 3081 versabatur.
1742 3026 1838 3081 Hic
1869 3033 2067 3082 autem
2098 3042 2215 3081 non

1870 220 2221 322 EUTHYWI
2263 220 2591 285 ZIGABENI

572 356 753 413 nandi
784 361 951 412 erant
979 349 991 405 l
1018 369 1122 426 per
1150 352 1591 424 quinquaginta
1616 358 1841 421 autem,
1875 370 1975 410 eos
2007 354 2110 426 qui
2148 353 2215 410 de

2341 358 2539 424 μένους,
2598 351 2692 407 διά
2739 364 2839 407 τῶν
2892 362 3205 416 πεντήκοντα
3258 356 3317 413 δὴ
3359 364 3478 423 τοὺς
3521 362 3576 424 ἐξ
3620 360 3920 415 'louo‘aimu'

3814 238 3923 296 “96

2332 442 2537 505 πλείους
2564 446 2663 516 γὰρ
2684 447 2732 496 οἱ
2750 443 2802 507 ἐξ
2823 444 2976 497 ἐθνῶν
3003 454 3099 498 τῶν
3122 446 3461 510 ἐξἹουὸαἰων
3491 468 3503 480 ·
3541 448 3639 503 δ’ιά
3663 461 3769 503 τῶν
3796 464 3917 526 τριά.

2335 528 2393 584 δὲ
2429 537 2522 590 τὴν
2549 533 2703 604 ἁγίαν
2734 531 2961 607 Τριάδα,
2992 536 3063 597 εἰς
3096 536 3152 593 ἢν
3177 542 3503 592 πιστεύουσι.

2407 715 2505 763 Καὶ
2535 742 2602 750 -
2658 707 2894 770 δίκτυον,
2935 713 3056 786 Οὐχ
3084 718 3151 776 ὡς
3193 715 3437 789 ἰσχυρὸν,
3469 717 3583 770 ἀλλ’
3612 721 3685 781 ὡς
3715 729 3807 773 τοῦ
3836 728 3916 774 Κν-

2329 804 2446 872 ρίου
2475 808 2629 852 τοῦτο
2662 797 3089 874 δυναμώσαντος.

2402 894 2554 959 Λέγει
2595 921 2662 930 -
2715 889 3061 961 ἀριστήσατε.
3100 900 3206 955 Τῆς
3260 896 3397 967 ὧρας
3448 904 3544 948 τοῦ
3582 895 3805 970 ἀρίστου
3832 896 3914 957 id:

2330 976 2636 1041 ἐπιστάσης.
2701 978 2934 1053 [Ἔμελλε
2982 981 3094 1053 (43)
3154 985 3252 1055 γὰρ
3310 988 3429 1046 τοὺς
3498 992 3702 1048 πόνους
3774 990 3916 1039 αὐτῶν

2330 1063 2684 1138 διαδέχεσθαι
2738 1067 3047 1130 ἀνάπαυσις.
3111 1072 3263 1134 Εἰκὸς
3316 1070 3375 1125 δὲ
3414 1080 3503 1126 καὶ
3558 1074 3617 1126 ἐκ
3673 1085 3775 1128 τῶν
3824 1098 3917 1129 πις-

2332 1157 2551 1208 σθέντων
2585 1157 2783 1228 ἰχθύων
2835 1162 2979 1221 τινάς
3022 1158 3310 1220 ὀπτηθῆναι
3359 1167 3488 1234 πρὸς
3537 1164 3786 1217 ἑστίασιν
3818 1168 3917 1217 ὅλου

2327 1253 2426 1297 τῶν
2476 1249 2743 1318 μαθητῶν,
2802 1253 2925 1310 τοὺς
2970 1248 3177 1310 λοιποὺς
3252 1247 3311 1303 δὲ
3359 1256 3548 1310 πένησι
3617 1250 3919 1328 dirupi-5:-

2328 1336 2459 1403 ναμ]

2400 1420 2591 1485 Οὐδεὶς
2621 1421 2680 1476 δὲ
2708 1457 2775 1464 -
2806 1427 2966 1481 ἐστιν.
3000 1431 3104 1485 Τὴν
3123 1428 3241 1498 ὄψιν
3256 1429 3414 1481 αὐτοῦ
3442 1429 3724 1502 βλέποντες
3748 1432 3917 1484 adlau-

2327 1516 2475 1585 τέραν
2498 1518 2586 1564 καὶ
2617 1513 3106 1576 ἰκπληκτικωτσὲτην
3134 1516 3398 1570 ἐϐούλοντο
3431 1523 3521 1591 μὲν
3547 1519 3915 1593 ipsisne-agas:

2329 1598 2551 1672 ἐτόλμων
2581 1599 2639 1655 δὲ
2671 1600 2867 1666 εἰδότες
2920 1606 3034 1677 (44)
3065 1605 3165 1659 ἀπὸ
3197 1616 3294 1659 τῶν
3326 1608 3611 1683 εἰρημνων
3645 1620 3915 1686 τεκμηρίοις,

2327 1692 2406 1742 ὅτι
2438 1693 2462 1742 ὁ
2497 1694 2684 1764 Κύριός
2712 1693 2876 1750 ἐστιν.

2398 1863 2652 1938 Ἔρχεται
2686 1897 2755 1907 -
2796 1868 3008 1939 ὁμοίως.
3041 1870 3227 1922 Οὐκέτι
3256 1869 3534 1926 ἀναϐλέπει
3564 1875 3637 1936 εἰς
3664 1880 3744 1927 τὸν
3776 1875 3913 1947 οὖρα

2326 1956 2430 2017 νὸν,
2462 1951 2586 2006 οὐδὲ
2611 1958 2674 2007 τὰ
2705 1954 3001 2030 ἀνθρώπινα
3030 1957 3195 2011 ἐκεῖνα
3222 1968 3377 2027 ποιεῖ,
3414 1958 3665 2014 δεικνύων
3690 1966 3766 2015 ὅτι
3828 1964 3915 2014 χά-

2326 2050 2468 2095 κεῖνα
2496 2044 2611 2096 κατ’
2643 2044 2937 2117 οἰκονομίαν
2970 2046 3153 2105 ἐποίει,

2396 2139 2557 2184 Τοῦτο
2612 2164 2679 2174 -
2730 2144 2938 2207 νεκρῶν.
3018 2144 3226 2210 Πρῶτον
3282 2142 3393 2210 μὲν,
3449 2144 3612 2201 οὔσης
3661 2142 3810 2211 ὀψίας
3860 2150 3910 2211 τῇ

2328 2222 2497 2296 ἡμέρα
2544 2221 2704 2296 ἐκείνη
2775 2224 2890 2277 καθ’
2952 2225 3011 2283 ἣν
3080 2224 3265 2286 ἀνέστη
3316 2250 3328 2260 ·

2328 2312 2519 2383 ἡμέρας
2542 2312 2674 2363 ὀκτώ
2705 2332 2717 2345 ’
2745 2318 2918 2386 τρίτον
2952 2311 3030 2379 δὲ,
3064 2323 3151 2366 νῦν
3186 2336 3200 2348 ·

3392 2224 3628 2302 δεύτερον
3682 2227 3758 2297 δὲ,
3808 2233 3916 2301 μεθ’

3254 2322 3490 2369 Φαίνεται
3539 2315 3624 2369 οὖν
3659 2323 3731 2370 ὅτι
3783 2325 3918 2389 μετά

2328 2407 2479 2451 τοῦτο
2512 2400 2727 2458 ἀνῆλθον
2777 2404 2823 2453 οἱ
2857 2406 2971 2472 (45)
3003 2406 3239 2475 μαθηταὶ
3290 2405 3359 2467 εἰς
3403 2410 3452 2456 τὸ
3505 2410 3632 2477 οῖοος,
3685 2407 3748 2457 οὗ
3784 2407 3909 2457 ἐτα-

2331 2487 2451 2549 ξατο
2484 2490 2680 2557 αὐτοῖς,
2732 2492 2813 2543 ὅτε
2873 2488 3083 2550 δηλαδὴ
3137 2500 3519 2567 προετράπησαν
3573 2491 3716 2555 αὖθις
3759 2497 3912 2565 παρά

2328 2586 2419 2628 τοῦ
2482 2584 2696 2652 Κυρίου.
2745 2579 3077 2653 Ἐφανερὼθη,
3132 2586 3224 2655 μὲν
3275 2580 3361 2635 οὖν
3425 2588 3513 2635 καὶ
3556 2590 3665 2643 ταῖς
3745 2586 3918 2654 μαθη-

2328 2671 2517 2735 τρίαις,
2547 2673 2771 2728 καὶτοῖς
2814 2673 2955 2741 παρά
3002 2678 3073 2741 τῷ
3134 2673 3330 2745 Μάρκῳ
3377 2669 3524 2735 δυσὶ,
3579 2677 3664 2724 καὶ
3708 2680 3780 2742 τῷ
3832 2678 3919 2724 na.

2329 2776 2453 2830 τρῳ,
2488 2763 2577 2809 καὶ
2619 2766 2727 2820 τοῖς
2774 2764 2891 2830 περὶ
2953 2760 3181 2813 Κλεόπαν
3233 2765 3346 2832 (46)
3382 2768 3395 2788 ⁴
3428 2762 3559 2814 ἀλλά
3608 2771 3709 2823 τοῖς
3754 2766 3921 2834 μαθη-

2329 2853 2444 2907 ταῖς
2470 2848 2618 2918 ὁμοῦ,
2658 2857 2809 2899 τοῦτο
2841 2846 2947 2907 ἤδη
2977 2856 3149 2923 τρίτον
3180 2852 3499 2923 ἐφανερώθη.
3548 2851 3647 2925 [Οό
3676 2856 3772 2926 γὰρ
3812 2856 3918 2919 (i7)

2332 2944 2567 3005 συνεχῶς
2612 2936 2790 2999 αὐτοῖς
2839 2937 3215 3011 ἐπεχωρίαξεν,
3263 2941 3401 2993 Ἀλλ’
3458 2943 3679 2994 ἐνταῦθα
3720 2946 3808 3013 μὲν
3836 2943 3923 2993 οὐκ

2329 3022 2461 3075 εἶπεν
2502 3026 2581 3076 ὅτι
2616 3031 2705 3078 καὶ
2764 3027 2915 3088 αὐτὸς
2946 3032 3122 3100 ἔφαγεν
3153 3046 3165 3059 ⁸
3200 3026 3345 3101 οἶμαι
3381 3027 3459 3094 δὲ,
3500 3034 3571 3093 ὡς
3610 3040 3701 3082 τοῦ
3754 3039 3924 3083 Λονκὰ

568 3113 733 3178 dixit,
763 3113 923 3184 quod
948 3119 1003 3168 et
1023 3114 1151 3185 ipse
1170 3115 1495 3168 comederit
1521 3136 1530 3165 :
1553 3114 1686 3169 ideo
1711 3130 1874 3179 sane,
1899 3120 1959 3169 ut
1979 3116 2215 3185 opinor,

2341 3118 2415 3165 ιαὶ
2471 3121 2624 3166 τοῦτο
2693 3112 3021 3177 δηλώσαντος
3082 3117 3129 3168 ἐν
3196 3127 3258 3191 τῇ
3321 3118 3489 3191 βίϐλῳ
3544 3130 3643 3172 τῶν
3672 3121 3926 3192 “pii-itm,

571 3202 723 3274 quod
746 3202 857 3258 hoc
885 3204 1062 3258 etiam
1091 3203 1505 3272 significaverit
1531 3206 1714 3259 Lucas
1737 3204 1883 3259 libro
1916 3208 2211 3267 Actorum.

572 3291 672 3347 ubi
692 3293 773 3348 ait
798 3292 1005 3348 Petrus
1032 3311 1044 3347 :
1081 3292 1440 3347 Comedimus
1472 3299 1523 3348 et
1550 3292 1796 3349 bibimus
1817 3310 1944 3348 cum
1976 3309 2039 3349 eo
2062 3300 2219 3364 pos!-

569 3398 747 3453 quam
761 3382 1022 3437 surrexit
1036 3397 1072 3437 a
1085 3385 1333 3437 mortuis
1364 3383 1409 3417 1⁵
1420 3423 1432 3435 .

640 3471 1542 3527 Vers.15.Cum—te.—Sim0n
1564 3471 1659 3539 ﬁli
1673 3471 1846 3537 Jona,
1881 3471 2083 3541 diligis
2130 3488 2217 3527 me

566 3562 699 3631 plus
725 3576 900 3631 quam
935 3559 997 3614 hi
1027 3564 1054 3615 ?
1081 3560 1245 3614 Hunc
1278 3566 1472 3615 autem
1503 3560 1696 3615 solum
1727 3561 2050 3629 interrogat
2078 3566 2217 3616 tan-

569 3665 755 3719 quam
782 3649 1105 3719 principem
1136 3653 1191 3703 et
1218 3664 1282 3702 os
1305 3648 1752 3718 discipulorum.
1775 3652 2006 3714 Verum,
2038 3650 2215 3705 curid

569 3735 735 3807 quod
768 3735 946 3799 novit,
1008 3738 1341 3805 interroget,
1372 3736 1431 3788 in
1481 3737 1869 3807 sequentibus
1921 3738 2212 3793 dicemus.

639 3825 803 3879 Vers.
831 3824 917 3875 1:3.
935 3824 1034 3877 Ait
1054 3854 1121 3862 —
1142 3838 1313 3879 meos.
1340 3824 1661 3894 Discipulos
1683 3824 1822 3880 dicit
1842 3841 2032 3898 agnos
2050 3842 2209 3896 suos,

566 3917 858 3984 tanquam
912 3918 1114 3984 pastor
1153 3928 1359 3968 eorum
1395 3928 1539 3983 quos
1569 3914 1746 3968 etiam
1791 3930 1932 3970 oves
1975 3932 2213 3970 rursum

564 4007 755 4059 vocat.
792 4001 1011 4068 Qumrit
1038 4018 1179 4071 ergo
1206 4001 1538 4057 dilectionis
1570 4018 1711 4072 erga
1743 4020 1802 4058 se
1841 4003 2212 4061 demonstra-

566 4094 808 4157 tionem,
825 4098 1204 4163 puta,curam
1219 4108 1445 4147 eorum:
1463 4093 1789 4148 etanimam
1812 4092 2212 4165 ipsius,quam

564 4198 675 4254 pro
719 4189 1081 4253 praeceptore
1132 4197 1196 4235 se
1245 4182 1575 4253 positurum
1626 4182 2000 4253 promiserat.
2048 4184 2209 4255 petit,

566 4277 630 4327 ut
667 4287 771 4342 pro
811 4270 1118 4341 discipulis
1152 4274 1357 4342 ponat.

636 4361 802 4415 Vers.
842 4364 923 4415 16.
947 4360 1118 4415 Dicit.
1148 4391 1214 4399 —
1246 4359 1412 4414 Vers.
1455 4360 1541 4413 17.
1577 4367 1647 4416 te.
1678 4359 1941 4416 Christus
1972 4362 2210 4434 quidem

565 4454 733 4505 terna
750 4449 871 4504 vice
886 4450 1260 4517 interrogans
1283 4453 1336 4503 et
1354 4447 1757 4519 idemjubens,
1778 4451 2133 4520 manifestat,
2150 4468 2211 4507 se

562 4538 805 4594 maximi
827 4538 1018 4593 facere
1046 4538 1478 4609 prmsidentiam
1502 4553 1679 4607 super
1701 4538 2023 4610 discipulos
2049 4557 2207 4606 suos,

564 4632 621 4683 et
648 4627 804 4683 hanc
836 4627 997 4681 omni
1035 4643 1178 4682 cura
1208 4626 1371 4681 ducit
1413 4626 1701 4697 majorem
1737 4645 1748 4695 ;
1783 4628 1981 4683 Petrus
2011 4638 2209 4686 autem

564 4716 778 4771 trinam
817 4716 1032 4771 timens
1065 4716 1611 4785 interrogationem,
1642 4722 1696 4771 et
1730 4717 2089 4788 suspicatus,
2136 4735 2210 4775 ne

565 4803 961 4877 forteputaret
989 4822 1049 4861 se
1078 4821 1303 4871 amare,
1323 4820 1442 4861 non
1473 4809 1669 4860 tamen
1684 4812 1911 4862 amaret
1941 4823 1954 4857 :
1989 4824 2131 4863 nam
2153 4813 2211 4863 et

568 4894 733 4966 prius
764 4898 1090 4966 putaverat,
1122 4909 1183 4950 se
1213 4909 1528 4966 nunquam
1573 4910 1698 4950 esse
1748 4900 2126 4965 negaturum,
2154 4902 2211 4955 et

637 5022 685 5057 ¹⁰
723 5022 892 5079 Joan.
920 5037 1021 5089 xx,
1068 5025 1153 5078 19.
1292 5022 1332 5057 ¹¹
1378 5020 1637 5079 ibid.26.

560 5108 621 5163 κ,
657 5094 747 5149 41.

1764 5216 1985 5288 Varia).
2016 5220 2344 5291 lectiones
2376 5232 2441 5292 et
2480 5230 2685 5294 notae.

636 5416 749 5489 (43)
790 5416 1021 5489 Inclusa
1053 5417 1269 5475 omittit
1298 5419 1361 5474 A.

633 5488 748 5559 (44)
790 5488 987 5552 Ἰδὸτες
1011 5497 1073 5546 Α.

635 5561 751 5634 (45)
772 5566 859 5634 __oz
886 5565 1120 5634 μαθηταὶ
1162 5561 1375 5621 omittit
1406 5561 1461 5619 Β.

634 5631 750 5709 (46)
769 5631 1014 5688 Κλεώπαν
1052 5636 1113 5692 Β.

1762 5024 1807 5057 1³
1836 5021 2037 5079 Matth.
2058 5040 2258 5097 xxxm,
2295 5028 2379 5082 l6.

2327 3203 2446 3253 ἔνθα
2499 3208 2660 3275 φησιν
2718 3205 2742 3256 ὁ
2793 3210 2985 3281 Πέτρος
3044 3208 3123 3259 ὅτι
3186 3210 3543 3280 Συνεράγοριεν
3615 3214 3699 3261 καὶ
3778 3229 3924 3262 συνε-

2325 3295 2506 3363 πίομεν
2590 3292 2751 3364 αὐτῷ,
2827 3298 2955 3367 μετά
3023 3299 3080 3348 τό
3142 3295 3432 3355 ἀναστῆναι
3521 3298 3679 3349 αὐτὸν
3752 3301 3811 3351 ἐκ
3860 3320 3927 3349 νε-

2326 3380 2510 3452 κρών.]

2396 3468 2520 3523 ’Ὁτε
2551 3502 2618 3511 -
2652 3492 2725 3526 σε.
2783 3504 2851 3513 -—-
2905 3480 3072 3546 Σίμων
3129 3477 3206 3527 υἱὲ
3254 3483 3343 3527 τοῦ
3404 3477 3572 3542 Ἰωνᾶ,
3630 3476 3842 3549 ἀγαπᾷς
3873 3499 3928 3549 με

2324 3558 2493 3611 πλεῖον
2525 3560 2552 3618 ἦ
2590 3560 2769 3627 οὖτοι;
2802 3565 2994 3617 Τοῦτον
3028 3560 3088 3616 δὲ
3125 3568 3277 3637 μονον
3307 3565 3483 3639 ἐρωτᾷ,
3532 3570 3603 3627 ὡς
3642 3576 3927 3638 κορυφαῖον

2323 3652 2411 3699 καὶ
2440 3653 2610 3720 στόμα
2639 3659 2737 3701 τῶν
2777 3654 3039 3722 μαθητῶν.
3074 3655 3228 3715 Τίνος
3255 3651 3313 3706 δέ
3331 3656 3482 3728 χάριν
3512 3653 3679 3728 ἐρωτᾷ
3700 3655 3726 3706 ὃ
3751 3653 3927 3721 οἶδεν,

2323 3736 2535 3810 ἐροῦμεν
2561 3746 2843 3813 προϊόντες.

2394 3831 2545 3897 Λέγει
2571 3859 2634 3868 -
2660 3849 2780 3900 μου.
2816 3830 2946 3892 Τοῦς
2972 3833 3213 3902 μαθητὰς
3246 3830 3395 3906 ἀρνία
3430 3836 3620 3885 ἑαυτοῦ
3652 3852 3841 3905 φησιν,
3869 3837 3931 3894 ὡς

2320 3921 2515 3987 ποιμὴν
2569 3917 2758 3984 αὐτῶν,
2791 3920 2879 3981 οὓς
2909 3926 2998 3973 καὶ
3052 3921 3292 3994 πρόϐατα
3344 3921 3504 3973 πάλιν
3563 3924 3727 3977 καλεῖ.
3782 3932 3931 3982 Ζητεῖ

2322 4000 2409 4056 οὖν
2437 4002 2703 4069 ἀπόδειξιν
2730 4017 2820 4068 τῆς
2853 4008 2923 4069 εἰς
2950 4010 3039 4061 αὐτ
3052 4013 3105 4061 ὸν
3128 4010 3355 4082 ἀγάπης,
3398 4016 3497 4068 τὴν
3530 4014 3824 4084 ἐπιμέλειαν
3850 4014 3929 4063 αξ-

2321 4101 2441 4159 τὼν,
2470 4100 2557 4147 καὶ
2592 4102 2683 4171 τὴν
2726 4096 2911 4169 ψυχὴν
2940 4099 3121 4163 αὑτοῦ,
3156 4100 3215 4158 ἣν
3393 4099 3716 4173 ἐπήγγελται
3777 4105 3930 4155 θεῖναι

2321 4181 2445 4257 ὑπὲρ
2473 4192 2564 4236 τοῦ
2612 4182 2965 4255 διδασκάλου,
3010 4192 3203 4247 ταύτην
3226 4188 3437 4242 ἀπαιτεῖ
3470 4192 3637 4243 θεῖναι
3681 4193 3814 4267 ὑπὲρ
3844 4204 3926 4243 τῷ.

2320 4273 2586 4343 μαθητῶν,

2392 4366 2545 4434 Λέγει
2593 4394 2662 4404 -
2716 4384 2791 4419 σε.
2856 4365 2916 4419 Ὀ
2964 4371 3053 4439 μέν
3094 4370 3323 4442 Χριστὸς
3373 4366 3428 4418 ἐκ
3485 4374 3668 4441 τρίτον
3730 4370 3929 4444 ἐρωτᾷν.

2320 4455 2410 4502 καὶ
2466 4455 2532 4503 τὰ
2589 4454 2722 4505 αὐτά
2773 4456 3056 4507 ἐπιτάττων
3110 4455 3343 4528 ἐμφαίνει
3396 4459 3477 4508 ὅτι
3537 4455 3755 4533 σφόδρα
3827 4468 3933 4532 περὶ

2320 4539 2509 4592 πολλοῦ
2537 4545 2735 4595 τίθεται
2789 4549 2882 4601 τὴν
2934 4553 3259 4618 προστασίαν
3310 4555 3409 4598 τῶν
3467 4544 3619 4599 ἰδίων
3650 4551 3931 4618 μαθητῶν,

2319 4634 2408 4680 καὶ
2456 4634 2651 4689 ταύτην
2691 4632 2897 4694 ἁπάσης
2957 4637 3229 4709 θεραπείας
3282 4638 3493 4706 ἡγεῖται
3564 4640 3823 4708 μείζονα.
3886 4638 3931 4683 ’Π

2322 4713 2380 4769 δὲ
2429 4724 2641 4794 Πέτρος,
2695 4726 2752 4774 τὸ
2828 4723 3072 4797 τριπλοῦν
3132 4733 3226 4785 τῆς
3304 4722 3606 4796 ἐρωτήσεως
3664 4726 3965 4798 φοϐηθεὶςπ

2319 4814 2408 4863 καὶ
2459 4812 2785 4873 ὑποπτιύσας
2830 4818 3030 4885 μήποτε
3085 4810 3215 4886 δοκῇ
3294 4817 3386 4885 μὲν
3438 4814 3626 4887 φιλεῖν,
3681 4816 3744 4867 οὐ
3816 4806 3965 4889 φιῖιεῖΐ

2323 4897 2381 4952 δέ
2440 4915 2455 4930 '
2506 4905 2595 4951 καὶ
2648 4904 2747 4975 γὰρ
2794 4908 2885 4954 καὶ
2939 4907 3186 4976 πρότερον
3272 4899 3445 4955 ἐδόκει
3500 4906 3593 4976 μὲν
3667 4890 3965 4978 μηδέποτῑξ

2510 5027 2556 5063 ¹³
2588 5028 2907 5096 Marc.xv1,
2946 5031 3027 5084 12.
3163 5030 3210 5066 ιε
3238 5030 3376 5088 Luc.
3403 5045 3561 5097 xxxv,
3600 5032 3694 5099 18,
3736 5034 3794 5069 η
3825 5034 3933 5088 Act.

2393 5424 2504 5492 (47)
2538 5422 2773 5478 Inclusa
2804 5420 3018 5480 omittit
3044 5429 3105 5481 Α.

2393 5425 2479 5492 (47
2538 5424 2773 5478 Inclusa
2804 5424 3018 5480 omittit
3044 5429 3105 5481 Α.

2392 5424 2505 5570 (:58;
2537 5494 2730 5570 Codex
2760 5494 2804 5549 Β
2855 5495 3048 5570 liabet
3095 5495 3395 5570 inny-yﬂls.
3454 5496 3519 5555 ld
3566 5506 3751 5557 esset.
3799 5503 3934 5565 ἐπτν

2319 5564 2540 5639 γέλλετο.
2617 5566 2949 5625 Hentenius
3025 5564 3277 5627 fortasse
3355 5569 3500 5641 legit
3555 5564 3929 5647 mnsam
