4022 6232
67 300 206 355 1497
1114 293 1479 351 COMMENT.
1523 293 1597 349 IN
1635 293 1655 349 .l

1873 295 1988 350 ΕΜ.
2029 325 2097 336 —
2136 294 2296 351 CAP.
2331 294 2478 350 XXI.
3312 299 3452 353 1498

61 425 479 499 ἀπαρνήσασθαι
535 421 712 489 αὐτόν,
772 420 1116 495 ἀηρνήσατο
1179 415 1239 472 δέ
1269 437 1281 450 ’
1334 423 1422 471 καὶ
1477 437 1649 491 σωφρο

1860 432 1992 473 men
2019 417 2276 488 negavit.
2308 419 2800 478 etmodestiorem
2819 422 3019 494 ipsum
3044 437 3112 478 ac
3142 421 3448 478 meliorem

61 519 300 588 νέστερον
357 512 512 565 αὐτόν
559 515 649 563 καὶ
703 509 945 582 βελτίονα
1018 513 1077 562 τὸ
1134 510 1302 570 πάθος
1371 511 1530 560 ἐκεῖνο
1593 525 1649 559 πι

1855 507 1892 578 κ)
1932 507 2180 563 affectus
2226 507 2323 563 ille
2351 507 2711 574 reddiderat,
2771 526 3026 566 maerore
3057 509 3306 566 affectus
3339 514 3443 575 est,

61 609 278 660 ποίηκεν
312 617 325 630 ⁶
387 600 641 668 ἐλυπήθη,
701 596 1362 672 ἔταράχθη,’ἐθορυὸἠθη.
1418 602 1518 649 Καὶ
1573 595 1649 648 λοι

1861 595 2058 652 rbatus
2091 601 2195 660 est,
2236 596 2417 652 etiam
2471 596 2693 669 ipsum,
2746 604 2804 655 ut
2856 599 2957 672 qui
2989 599 3196 655 omnia
3247 603 3449 655 nosset

61 697 152 745 πὸν
219 691 376 744 αὐτὸν
428 693 498 752 ὡς
549 691 718 742 πάντα
784 693 903 762 πρὶν
969 691 1210 759 γενέσεως
1269 686 1436 739 αὐτῶν
1496 681 1649 738 εἰδότε

1861 684 2140 757 iusquam
2187 684 2410 752 ﬁerent,
2443 691 2652 743 testem
2682 687 2900 744 facitet
2947 687 3072 744 ait:
3116 689 3202 742 Tu
3251 688 3447 744 omnia

58 770 308 855 μάρτυρα
367 787 611 847 ποιεῖται,
662 782 751 829 καὶ
806 776 943 848 λέγει
977 793 989 806 ’
1024 780 1091 828 Σύ
1151 778 1318 828 πάντα
1367 772 1538 837 οἶδας,
1584 795 1646 826 κα

1854 775 1960 836 καί,
2005 779 2062 829 et
2087 773 2400 844 praesentia
2433 779 2490 830 et
2537 792 2672 848 quae.
2706 776 2902 832 futura
2932 781 3090 842 sunt,
3149 779 3442 848 tanquam

58 873 121 922 τὰ
172 877 287 933 νῦν,
349 875 438 920 καὶ
495 871 559 920 τὰ
615 867 882 939 μέλλοντα,
939 868 1009 928 ὠς
1065 868 1215 930 Θεὸς,
1284 868 1349 916 σὺ
1401 869 1646 934 γινώσκει

1857 878 1940 916 ωε
1967 878 1979 927 ;
2007 867 2068 918 tu
2100 861 2238 927 scis,
2273 862 2438 935 quod
2469 879 2626 920 nunc
2651 869 2769 921 toto
2799 864 2975 920 corde
3004 869 3059 920 te
3104 879 3303 920 amem
3339 881 3352 929 ;
3389 868 3445 920 et

57 963 135 1012 ὁτι
172 958 305 1030 φιλῶ
337 977 394 1010 σε
419 964 506 1008 νῦν
557 955 854 1027 όλοψύχως,
913 960 1003 1006 καὶ
1051 951 1203 1006 οὐδὲν
1252 953 1400 1006 πλέον
1431 954 1565 1025 λέγει
1613 973 1641 1004 τ

1856 948 1928 1004 hil
1947 948 2207 1020 amplius
2221 949 2385 1013 dicit,
2411 950 2694 1020 ignorans
2715 952 2862 1025 quid
2880 952 3147 1008 futurum
3171 951 3268 1007 sit.
3292 952 3444 1008 Nam

60 1047 238 1119 μέλλον
324 1045 534 1117 ἀγνοῶν.
630 1049 731 1098 Καὶ
798 1045 900 1118 γὰρ
975 1048 1065 1095 καὶ
1125 1049 1304 1115 πρώην
1381 1041 1648 1094 ἀντιτείνω

1855 1038 1965 1093 .ulo
1983 1043 2138 1105 ante,
2165 1055 2302 1094 cum
2329 1040 2803 1104 contradixisset,
2832 1042 3141 1096 convictus
3163 1045 3254 1096 est
3276 1041 3443 1113 quod

58 1137 302 1206 ἠλέγχθη
389 1137 558 1206 μάτην
615 1134 1036 1207 ἰσχυριζόμενος.
1089 1132 1269 1206 Ἀρνία
1337 1137 1508 1184 τοίνυν
1580 1151 1646 1184 κα

1851 1142 2000 1182 nam
2021 1126 2288 1183 habuerit
2309 1127 2382 1183 de
2405 1144 2468 1184 se
2497 1127 2798 1185 ﬁduciam.
2822 1130 2970 1198 Agni
2995 1130 3195 1201 itaque
3227 1133 3280 1184 et
3301 1144 3439 1185 oves

61 1223 299 1300 πρόϐατα
328 1227 374 1276 οἱ
403 1225 638 1296 μαθηταὶ
670 1219 762 1275 διὰ
795 1226 852 1274 τό
890 1224 1084 1274 ἄκακον
1134 1226 1224 1273 καὶ
1270 1225 1553 1295 πρόχειρον
1600 1221 1640 1272 εἴ

1852 1220 2060 1271 cuntur
2075 1215 2349 1287 discipuli
2377 1224 2616 1288 propter
2641 1217 3086 1289 simplicitatem
3105 1233 3174 1273 ac
3200 1232 3440 1289 promp-

61 1318 282 1384 σφαγήν.
319 1317 417 1366 Καὶ
449 1308 595 1372 αὖθις
640 1309 792 1386 ἀρνία
821 1314 911 1383 μεν
954 1313 1002 1362 οἱ
1051 1309 1392 1382 ἀτελέστεροι,
1433 1308 1649 1383 πρόϐατι

1850 1304 2096 1359 udiuem
2127 1304 2206 1360 ad
2235 1305 2370 1374 hoc,
2409 1310 2470 1361 ut
2499 1305 2903 1361 immolentur.
2938 1305 3005 1362 Et
3030 1321 3268 1360 rursum
3300 1306 3438 1376 agni

57 1399 116 1455 δε
145 1405 194 1454 οἱ
224 1401 544 1476 τελειότεροι.

1847 1393 2027 1448 iidem
2056 1393 2528 1465 imperfectiores,
2581 1410 2724 1449 oves
2767 1400 2988 1458 autem,
3032 1394 3435 1466 perfectiores.

126 1495 386 1562 Πρότερον
416 1494 502 1561 μὲν
531 1485 618 1540 οὖν
648 1485 740 1541 διὰ
768 1496 867 1540 τῶν
885 1496 1082 1560 πικρῶν
1111 1487 1311 1540 ἐκείνων
1337 1483 1577 1560 δακρύων
1599 1495 1670 1557 τῷ

1855 1481 2026 1537 Petro
2048 1481 2248 1555 itaque
2281 1483 2407 1556 (gg)
2427 1483 2710 1555 pascendi
2736 1499 2937 1539 curam
2963 1499 3032 1538 ac
3061 1483 3438 1552 gubernatio-

61 1585 237 1652 Πέτρῳ
291 1583 385 1636 τὴν
423 1574 614 1636 κηλίδα
643 1586 738 1638 τῆς
770 1575 1035 1651 ἀρνήσεως
1079 1575 1504 1646 ἀπολουσαμένῳ,
1554 1577 1649 1650 οἰρτ

1848 1587 1920 1625 :m
1943 1571 2276 1637 committit,
2305 1576 2368 1626 ut
2397 1572 2498 1644 qui
2531 1577 2584 1626 et
2613 1572 2776 1642 prius
2798 1571 3436 1644 amarisillislacrymis

63 1665 118 1720 δὲ
140 1667 299 1720 πάλιν
332 1666 443 1718 ἀντὶ
468 1674 561 1727 τῆς
584 1665 805 1740 τριπλῆς
851 1665 1113 1740 ἀρνήσεως
1145 1665 1363 1736 τριπλῆν
1391 1664 1651 1736 ὁμολογίας

1848 1659 2118 1728 :gationis
2150 1660 2443 1716 maculam
2472 1660 2727 1716 abluerit
2757 1666 2812 1716 et
2852 1676 3010 1716 nunc
3049 1677 3286 1716 rursum
3329 1676 3436 1732 pro

58 1757 418 1826 εἰσενεγκόντι,
449 1760 538 1806 καὶ
568 1759 684 1806 τότε
727 1757 816 1826 μὲν
866 1757 1018 1828 ἔργῳ,
1071 1761 1158 1805 νῦν
1213 1751 1272 1806 δὲ
1323 1753 1456 1824 λόγῳ
1487 1757 1544 1804 τό
1579 1750 1646 1805 διε

1848 1763 1934 1803 na
1966 1749 2279 1818 negatione
2334 1749 2548 1804 trinam
2580 1747 2789 1804 offerat
2843 1747 3280 1805 confessionem
3326 1765 3337 1802 :
3381 1753 3436 1804 et

57 1846 211 1916 λόγου
261 1844 473 1915 σφάλμα
511 1843 626 1913 (49)
669 1844 957 1916 θεραπεύει,
989 1847 1082 1901 τὴν
1121 1846 1468 1914 ποιμαντικὴν
1499 1841 1645 1914 ἐγχει

1849 1853 1922 1892 nc
1953 1837 2197 1908 quidem
2227 1853 2427 1908 opere,
2455 1852 2616 1892 nunc
2644 1842 2840 1892 autem
2875 1837 3056 1892 verbo
3085 1837 3296 1908 lapsui,
3330 1837 3434 1909 qui

58 1935 192 2007 ρίζει
219 1941 284 1991 τῆ
299 1953 319 1994 ς
349 1932 617 2003 οἰκουμένη
629 1953 668 1994 ς,

1782 1925 1965 1981 verbo
1991 1925 2181 1982 factus
2213 1932 2320 1990 est,
2355 1925 2645 1981 medetur.

130 2019 258 2075 Εἶτα
309 2019 668 2093 παραϐολικῶς
735 2022 1022 2093 προμηνύει
1080 2019 1220 2090 αύτῷ
1285 2024 1375 2071 καὶ
1444 2022 1527 2071 τόν
1578 2015 1670 2070 διὰ

1854 2014 2071 2070 Deinde
2111 2014 2452 2086 parabolice
2491 2013 2850 2086 praenuntiat
2874 2014 2923 2069 ei
2968 2013 3174 2069 mortis
3223 2029 3429 2084 genus,

65 2116 291 2181 σταυροῦ
351 2112 584 2174 θάνατον,
770 2108 1100 2167 τελειωθῆναι
1157 2107 1349 2181 ἔμελλε,
1423 2104 1653 2159 δεικνύωι

1846 2103 1942 2158 lOd
1969 2118 2074 2174 per
2099 2119 2332 2158 crucem
2362 2114 2520 2158 esset
2560 2106 2616 2157 et
2652 2102 2777 2174 ipse
2827 2103 3149 2158 moriturus
3195 2118 3206 2155 :
3242 2110 3434 2157 osten-

65 2196 284 2250 ἐντεῦθεν
337 2200 417 2249 ὃτι
460 2197 554 2250 ούκ
613 2195 806 2268 ἀγνοῶν
858 2193 982 2249 οὐδὲ
1027 2195 1259 2249 ἀπιστῶν
1307 2196 1447 2266 αύτῷ
1504 2195 1653 2267 ἔλεγει

1845 2207 1950 2258 ωε,
1995 2192 2156 2264 quod
2191 2207 2311 2247 non
2363 2198 2648 2263 tanquam
2699 2190 3008 2260 ignorans,
3043 2194 3145 2246 aut
3186 2189 3266 2246 illi
3311 2205 3433 2246 non

66 2286 186 2359 οἱπερ
237 2286 422 2357 ἔλεγεν.
473 2285 767 2338 Ἢπίστατο
813 2289 911 2359 γὰρ
972 2287 1104 2338 πάνυ
1153 2289 1211 2337 τὸ
1271 2281 1528 2358 διάπυρον
1575 2293 1654 2342 τῆ.

1847 2281 2026 2336 edens
2054 2279 2310 2346 dicebat,
2361 2295 2492 2352 qua;
2523 2279 2777 2346 dicebat,
2813 2295 2948 2334 cum
2979 2279 3204 2350 optime
3237 2282 3435 2334 nosset

65 2375 133 2434 εἰς
185 2375 340 2426 αὐτὸν
409 2373 632 2446 ἀγάπης,
693 2373 799 2425 ἀλλ’
856 2375 937 2426 ἶνα
1003 2382 1108 2444 γνῷ
1175 2379 1265 2426 καὶ
1343 2373 1491 2434 αὐτὸς
1578 2379 1653 2425 καὶ

1847 2385 2071 2426 rvorem
2102 2367 2434 2424 dilectionis
2461 2368 2590 2440 ejus
2622 2384 2764 2438 erga
2790 2385 2872 2432 se,
2903 2367 3012 2422 sed
3047 2372 3108 2422 ut
3133 2367 3334 2440 etipse
3377 2371 3435 2424 et

61 2467 243 2524 πάντες
301 2465 380 2515 ὅτι
438 2459 646 2535 σφόδρα
701 2468 820 2536 περὶ
879 2461 1066 2515 πολλοῦ
1138 2465 1338 2515 τίθεται
1392 2468 1486 2520 τὴν
1545 2481 1646 2536 προ

1847 2475 1988 2514 nnes
2018 2463 2470 2528 cognoscerent,
2511 2457 2676 2528 quod
2717 2456 2959 2528 plurimi
2989 2455 3207 2512 faceret
3236 2456 3435 2528 priesi-

63 2556 278 2604 στασίαν
333 2560 429 2602 τῶν
489 2548 636 2603 ἰδίων
704 2553 972 2622 μαθητῶν,
1055 2553 1118 2610 ὡς
1189 2550 1419 2625 ἀνωτέρω
1499 2547 1651 2607 δεδή-

1843 2547 2067 2601 ωιιὶεω
2097 2561 2275 2617 super
2305 2544 2632 2616 discipulos
2661 2561 2822 2609 suos,
2851 2543 3029 2600 veluti
3057 2545 3334 2616 superius
3355 2545 3431 2599 si-

60 2640 242 2692 λωται.

1777 2634 2126 2703 gnificatum
2157 2638 2263 2688 est.

125 2729 302 2800 Ἀμὴν
391 2759 455 2768 —-
527 2728 716 2788 ἤθελες.
775 2726 898 2778 Ὅτε
973 2724 1254 2798 ἐτύγχανες
1322 2725 1663 2799 ἀτελέστιρος,

1846 2723 2008 2776 Vers.
2043 2725 2126 2776 18.
2157 2723 2348 2776 Amen
2375 2751 2444 2760 —
2470 2720 2722 2776 volebas.
2749 2723 2895 2776 Cum
2930 2735 3094 2775 esses
3122 2719 3432 2792 imperfec-

63 2820 153 2868 ὒπό
209 2820 300 2868 τόν
356 2815 676 2888 ἀτελέσι-ερον
738 2821 891 2887 νόμον
941 2818 1027 2866 τόν
1084 2818 1366 2867 Μωσαῐκόν
1418 2819 1651 2886 κείμενος

1838 2825 1885 2866 )r
1933 2809 2045 2865 sub
2089 2807 2506 2880 imperfectiori
2538 2809 2793 2864 Mosaica
2845 2807 2974 2877 lege
3019 2807 3372 2864 constitutus
3413 2826 3426 2864 ε

57 2907 330 2976 ἡτοίμαζες
382 2908 596 2956 σεαυτόν
651 2907 780 2979 πρὸς
833 2905 857 2955 ὃ
915 2902 1146 2968 ἐϐούλου,
1217 2907 1305 2954 καὶ
1365 2899 1546 2974 διῆγες
1601 2904 1645 2952 ὡκ

1842 2898 2034 2954 trabas
2068 2902 2125 2953 te
2151 2897 2229 2954 ad
2259 2897 2320 2952 id
2349 2896 2510 2968 quod
2541 2897 2847 2969 cupiebas,
2879 2901 2936 2952 et
2982 2896 3167 2952 vitam
3208 2896 3430 2967 agebas

58 2997 84 3049 ἧ
95 2993 225 3054 θελες
236 3035 249 3048 .

1776 2994 1840 3043 ut
1877 2987 2142 3043 volebas.

124 3080 284 3133 Ὀταν
355 3112 423 3121 -
483 3080 665 3142 θελεις,
744 3080 906 3132 "Oratio
962 3079 1074 3151 (50)
1135 3077 1193 3132 δὲ
1266 3078 1535 3152 τελειωθῇς
1595 3079 1712 3157 εἰς(

1848 3075 2114 3132 Vers.18.
2139 3075 2326 3132 Ubi—
2342 3075 2445 3131 vis.
2486 3073 2585 3129 Ubi
2599 3079 2788 3131 autem
2805 3073 2865 3129 in
2883 3074 3080 3130 virum
3096 3074 3427 3147 perfectum

59 3166 226 3242 ἄνδρα
274 3169 479 3236 τέλειον,
523 3170 590 3230 εἰς
644 3174 828 3243 μέτρον
889 3169 1090 3228 ἡλικίας
1144 3177 1511 3240 πνευματικῆς,
1566 3170 1647 3220 ύπι

1841 3164 2114 3231 'ofeceris,
2147 3165 2206 3220 in
2237 3179 2584 3220 mensuram
2615 3163 2803 3218 aetatis
2833 3163 3155 3234 spiritualis
3196 3165 3262 3230 η,
3317 3165 3429 3221 sub

59 3266 146 3311 τοῦ
186 3259 379 3311 τελείου
426 3263 606 3330 νόμου,
653 3265 749 3309 τοῦ
794 3256 1150 3329 εύαγγελικοῡ,
1202 3258 1642 3330 καταρτιζόμενος

1842 3253 2038 3309 :rfecta
2086 3253 2216 3323 lege
2248 3251 2596 3322 evangelica
2641 3256 3115 3316 consummatus,
3150 3253 3430 3307 extendes

60 3347 264 3407 ἐκτενεῖς
301 3349 394 3408 τὰς
437 3349 624 3419 χεῖράς
670 3365 764 3398 σου
811 3346 896 3398 ἐπὶ
952 3352 1206 3420 σταυροῦ,
1261 3351 1350 3396 καὶ
1407 3345 1558 3406 ἄλλος
1608 3365 1648 3398 σι

1843 3359 1990 3399 anus
2021 3346 2154 3398 tuas
2183 3341 2262 3398 ad
2291 3357 2525 3396 crucem
2581 3357 2591 3396 :
2627 3345 2682 3395 et
2714 3340 2867 3395 alius
2917 3347 2969 3396 te
3005 3339 3190 3396 clavis
3219 3340 3431 3396 astrin-

62 3437 262 3508 σφίγξει
290 3443 400 3496 τοίς
438 3435 600 3497 ἣλοις,
640 3439 730 3486 καὶ
777 3433 949 3507 ἀγάγῃ
1003 3435 1118 3505 (51)
1164 3434 1236 3495 εἰς
1290 3436 1527 3500 θάνατον,
1587 3434 1639 3486 ὃν

1853 3437 1890 3498 ι,
1915 3447 1984 3486 ac
2006 3431 2180 3485 ducet
2203 3429 2281 3486 ad
2313 3435 2589 3493 mortem,
2617 3445 2801 3501 quam
2824 3429 2932 3484 etsi
2956 3428 3120 3484 voles
3164 3428 3436 3485 volunta-

58 3526 100 3577 εἰ
149 3531 236 3577 καὶ
297 3525 451 3586 θέλεις
501 3532 562 3596 τῇ
621 3528 942 3598 προαιρέσει,
1013 3522 1071 3574 ού
1140 3523 1293 3584 θέλεις
1346 3532 1408 3596 τῇ
1489 3526 1640 3595 φύσει

1848 3571 1849 3582 χ
1884 3527 2098 3575 natura
2123 3526 2322 3575 tamen
2355 3533 2476 3573 non
2508 3518 2666 3574 voles
2697 3537 2708 3572 :
2745 3517 3037 3588 siquidem
3071 3519 3436 3590 compatitur

57 3615 320 3685 Συμπαθεῖ
368 3616 470 3685 γὰρ
525 3614 554 3671 ἡ
615 3612 768 3684 ψυχὴ
825 3619 895 3682 τῷ
944 3618 1150 3684 σώματι
1191 3608 1285 3664 διὰ
1335 3617 1428 3670 τὴν
1486 3615 1640 3684 φύσιν

1847 3608 2003 3681 rpori
2041 3609 2245 3664 anima
2276 3611 2518 3679 propter
2546 3611 2846 3672 naturam,
2882 3611 2938 3662 et
2977 3606 3182 3663 audita
3229 3608 3434 3664 mortis

54 3709 141 3754 καὶ
187 3705 394 3754 ἄκουσα
446 3700 860 3776 ἀπορῥήγνυται,
910 3709 1064 3752 τοῦτο
1126 3708 1218 3752 τοῦ
1275 3709 1411 3753 Θεοῦ
1467 3720 1642 3773 συμφε·

1843 3699 2097 3762 entione,
2131 3697 2430 3762 abhorret,
2473 3696 2594 3752 Deo
2637 3695 2720 3751 ita
2759 3696 3145 3768 dispensante
3197 3695 3431 3762 utiliter,

52 3796 243 3866 ρόντως
298 3791 757 3863 οἰκονομήσαντος,
821 3791 993 3848 καθὼς
1057 3793 1146 3840 καὶ
1201 3787 1437 3858 ἀλλαχοῦ
1505 3785 1636 3846 διδὴ

1846 3794 1921 3844 :ut
1953 3788 2129 3843 etiam
2181 3786 2323 3842 alibi
2355 3785 2762 3857 signiﬁcatum
2793 3790 2897 3850 est,
2933 3800 3008 3841 ne
3056 3785 3325 3842 homines
3373 3785 3434 3842 in

52 3882 231 3945 λωται,
286 3882 368 3931 ἵνα
423 3884 494 3951 μὴ
556 3881 692 3930 κατά
739 3881 1048 3950 περίστασιν
1125 3875 1352 3948 εὐχερῶς
1416 3875 1640 3927 ἀνελωσιε

1846 3877 2102 3931 :‘ortuniis
2133 3876 2300 3932 facile
2328 3891 2454 3930 sese
2478 3875 2834 3930 occiderent.
2863 3876 3013 3929 Nam
3039 3874 3087 3928 si
3112 3875 3262 3930 valet
3290 3875 3434 3930 hos-

51 3970 266 4030 ἑαυτοὺς
305 3970 353 4020 οἱ
395 3970 675 4040 ἄνθρωποι,
732 3965 793 4018 Εἰ
847 3967 948 4037 γὰρ
1001 3969 1090 4016 καὶ
1128 3972 1218 4024 τῆς
1269 3963 1452 4035 ψυχῆς
1501 3963 1633 4016 οὕτω

1844 3963 2210 4034 .frequenter
2237 3963 2471 4034 aliquos
2505 3961 2581 4016 ad
2617 3962 2923 4032 propriam
2970 3961 3273 4032 impellere
3321 3977 3432 4016 cce-

51 4057 292 4132 ἰσχυρῶς
341 4056 788 4130 ἀποστρεφομένης
820 4057 913 4112 τὴν
969 4049 1235 4115 διάζευξιν
1266 4061 1358 4104 τοῦ
1401 4058 1637 4124 σώματος

1843 4069 1909 4107 ω
1939 4068 1951 4106 :
1987 4051 2218 4105 tametsi
2243 4050 2447 4104 anima
2472 4049 2619 4104 adeo
2647 4048 2871 4103 fortiter
2903 4048 2980 4104 ad
2999 4048 3268 4120 corporis
3290 4064 3431 4104 con-

51 4148 234 4218 ἰσχύει
280 4145 522 4205 πολλάκις
583 4147 608 4196 ό
665 4143 858 4217 ἐχθρός
909 4161 1052 4204 τινας
1125 4141 1442 4215 ἐργάζεσθαι
1500 4149 1639 4214 φονεῖ

1840 4136 2365 4195 nctionemaﬂ‘ecta
2384 4137 2477 4198 sit,
2499 4135 2660 4208 quod
2675 4137 2942 4190 futurum
2961 4141 3066 4199 est,
3091 4136 3135 4189 si
3171 4136 3284 4192 hoc
3307 4152 3428 4194 non

49 4237 244 4288 ἑαυτῶν
273 4256 286 4268 ·
317 4235 361 4286 εἰ
404 4239 473 4306 μὴ
508 4241 661 4286 τοῦτο
702 4229 782 4301 ἧν,
842 4235 1049 4303 ταχέως
1097 4230 1158 4282 ἀν
1214 4232 1262 4282 οἱ
1313 4229 1486 4282 πολλοὶ
1537 4233 1635 4304 πρό

1839 4227 1972 4282 set?
2019 4225 2184 4281 multi
2213 4223 2476 4298 profecto
2509 4224 2585 4280 ad
2631 4240 2802 4278 suam
2839 4222 3228 4295 procederent
3257 4223 3427 4280 inter-

46 4325 314 4400 ἀναίρεσιν
345 4323 538 4375 ἑαυτῶν
571 4321 824 4394 ἐχώρουν.

518 4345 538 4374 ν
571 4321 824 4394 ἐχώρουν.
1769 4317 2106 4373 fectionem.

119 4420 280 4466 Τουτο
312 4445 379 4452 -
419 4420 568 4465 Θεον.
600 4411 732 4473 Δόξα
760 4413 862 4482 γὰρ
904 4409 961 4461 ού
1015 4413 1168 4481 μόνον
1213 4416 1304 4460 τοῦ
1348 4410 1657 4471 θνήσκοντος
1689 4445 1707 4498 Ι

1841 4405 2003 4460 Vers.
2037 4407 2118 4459 19.
2143 4405 2271 4459 Hoc
2294 4433 2361 4441 —
2389 4403 2598 4458 Deum.
2633 4399 2833 4457 Gloria
2866 4399 3164 4472 siquidem
3195 4405 3280 4456 est
3303 4417 3424 4457 non

41 4505 309 4575 μαθητοῦ,
343 4501 468 4553 ἀλλά
493 4505 581 4552 καὶ
606 4508 697 4552 τού
727 4506 880 4563 Θεοί,
916 4500 940 4550 ό
967 4495 1062 4550 διὰ
1083 4503 1336 4572 τιμωρίας
1366 4500 1482 4567 (52)
1507 4500 1629 4550 θάνοι

1833 4493 2039 4566 scipuli
2071 4497 2302 4548 tantum
2333 4491 2435 4563 qui
2463 4489 2736 4557 moritur,
2772 4489 2877 4545 sed
2903 4496 2958 4544 et
2987 4490 3086 4544 Dei
3121 4505 3273 4545 mors
3293 4505 3421 4562 qua

40 4611 132 4650 τος
171 4612 183 4624 ο
217 4598 308 4642 τοῦ
341 4592 646 4649 θνήσκοντος
688 4591 798 4660 μὲν,
845 4589 925 4639 ὅτι
957 4588 1082 4660 ὑπὲρ
1129 4593 1220 4638 τοῦ
1253 4593 1386 4639 Θεοῦ
1425 4588 1628 4644 θνήσκει

1831 4585 1902 4640 llS
1933 4587 2173 4654 propter
2192 4596 2330 4636 eum
2363 4579 2655 4652 supplicio
2684 4578 2942 4635 afﬁcitur
2974 4593 2984 4631 :
3013 4579 3144 4650 ejus
3171 4579 3419 4651 quidem

42 4688 141 4731 τοῦ
169 4685 296 4733 Θεοῦ
330 4675 406 4745 δὲ,
436 4680 516 4729 ὅτι
541 4685 772 4730 τοιοῦτον
804 4679 916 4748 ἔχει
946 4677 1211 4748 μαθητήν,

1835 4673 1868 4728 ιί
1900 4671 2206 4736 occiditur,
2239 4669 2384 4742 quia
2435 4683 2542 4740 pro
2582 4667 2699 4723 Deo
2733 4667 3004 4732 moritur,
3070 4667 3169 4722 Dei
3201 4672 3423 4735 autem,

1761 4762 1922 4835 quod
1963 4760 2141 4817 talem
2173 4758 2395 4815 habeat
2426 4757 2812 4829 discipulum.

122 4920 166 4954 ¹⁶
195 4918 414 4991 Ephes.
439 4933 515 4982 IV,
540 4917 626 4972 13.

1255 5013 1478 5080 Variae
1526 5012 1852 5080 lectiones
1907 5019 1970 5076 et
2004 5019 2204 5076 notae.

110 5203 234 5274 (49)
268 5200 463 5274 Malim
491 5201 884 5274 θεραπεύσαντι.

1839 5197 2154 5274 (52).Ροι·ιθ
2194 5196 2662 5274 μαρ-τνρίουτξὶλυε
2685 5198 2996 5274 μαρτυρίας.
3027 5191 3288 5274 ργιὶιιυε
3342 5190 3417 5274 de

107 5265 234 5341 (50')
266 5277 328 5324 Δέ
357 5265 628 5326 abest'A.
910 5339 932 5341 ,Α

1863 5265 2351 5341 eadem_to.m.lV,
2375 5280 2429 5334 p.
2453 5265 2589 5318 1120
2625 5266 2663 5319 C
2695 5284 2705 5322 :
2750 5265 2864 5323 Τὴν
2888 5269 2954 5325 εἰς
2990 5265 3122 5336 αἷμα
3159 5268 3415 5336 τιμωρίαν

265 5323 640 5414 imhiébqoé.
675 5342 842 5397 Forte
868 5339 999 5406 ἄξει,
1026 5343 1126 5395 aut
1156 5341 1400 5412 ἁχθὴσῃ.

615 5362 640 5395 ε.
675 5342 842 5397 Forte
868 5339 999 5406 ἄξει,
1026 5343 1126 5395 aut
1156 5341 1400 5412 ἁχθὴσῃ.
1765 5340 2013 5396 ἐπιθέντες
2043 5333 2203 5406 αύτῷ,

101 5531 207 5602 (ff)
261 5528 381 5585 Etsi
425 5527 739 5584 Hentenius
792 5527 972 5602 etiam
1028 5524 1258 5580 videtur
1302 5524 1526 5602 legisse
1565 5530 1653 5602 καὶ
1832 5521 2167 5602 (θαμίζειιό
2210 5519 2431 5602 itaque.
2477 5524 2566 5598 etc
2623 5521 2763 5600 Quae
2817 5519 2902 5601 in.
2934 5519 3134 5602 Greece
3169 5517 3250 5602 Ain.
3297 5518 3414 5602 fine

26 5589 480 5723 σῳξῷὃνέστερρν,
538 5603 741 5655 tamen
791 5597 1017 5662 malim,
1081 5589 1493 5670 σωφρονέστερον
1551 5599 1614 5668 χά

26 5694 191 5723 cura?
218 5693 273 5723 κ.
309 5691 358 5723 τ.
429 5713 440 5723 .

1831 5589 1974 5648 holii
2030 5592 2326 5662 leguntur,
2395 5605 2467 5644 ea
2522 5591 2579 5643 in
2654 5591 2948 5661 principio
3005 5590 3183 5644 habet
3238 5589 3415 5645 inter—

1827 5681 1921 5721 'es.

24 5676 191 5728 αὐτὸν
218 5693 273 5724 κ.
309 5691 358 5726 τ.
395 5676 440 5725 λ.

332 5691 358 5726 ·.
395 5676 440 5725 λ.
1762 5681 1920 5738 pres.
