4022 6232
423 263 566 322 “99
1747 263 2070 325 EUTHYM]

2193 261 2476 324 [GABENI
3689 269 3810 327 1300

496 392 658 446 Vers.
695 395 777 445 l9.
810 391 888 445 Et
915 405 1108 446 —me.
1134 391 1277 446 Hinc
1300 405 1541 446 rursum
1587 392 1862 458 ostendit,
1912 392 2070 465 quod

2264 397 2365 446 Καὶ
2408 415 2479 432 -δ
2524 405 2638 463 μοι.
2671 393 2931 445 Ἐντεῦθεν
2971 392 3123 445 πάλιν
3155 391 3430 447 δείκνυσιν
3464 396 3555 446 ὅτι
3584 404 3689 467 πρὸ
3723 405 3807 448 τῶν

423 495 545 552 praa
563 479 788 535 caeteris
811 478 925 534 sibi
946 478 1305 536 familiarem
1327 495 1465 535 eum
1484 479 1686 548 faciat,
1715 496 1785 538 ac
1806 479 2070 554 ampliori

2193 481 2355 534 illam
2400 482 2556 533 αὐτὸν
2589 479 2892 548 οἰκειοῦται,
2925 487 3018 534 uti
3059 483 3295 554 μείζονος
3325 481 3482 546 ἁξιοί
3511 493 3695 555 τιμῆς,
3740 488 3806 538 ἑτι

421 568 701 639 dignetur
729 567 980 633 honore,
1013 573 1074 624 ut
1099 569 1278 624 etiam
1310 569 1645 641 promptior
1665 569 1790 625 ﬁat.

2193 575 2278 622 atati
2304 571 2692 642 προθυμότερος
2719 569 2951 642 γένηται.

495 656 665 722 Quod
700 655 750 710 si
780 655 914 729 quis
945 655 1104 712 dicat
1132 675 1142 711 :
1173 658 1488 722 Quomodo
1515 673 1656 727 ergo
1673 657 1935 714 Jacobus
1955 659 2070 714 Hie

2262 660 2319 712 Εἰ
2373 656 2433 711 δὲ
2485 660 2625 731 λέγοι
2681 658 2800 730 (53)
2865 676 2940 720 τις
2972 678 2985 692 ο
3047 667 3160 720 Πῶς
3213 657 3304 712 οὖν
3361 659 3625 723 Ἰάκωϐος
3674 663 3806 717 ﬁtﬁt

421 743 916 816 rosolymitanam
939 747 1168 817 accepit
1200 747 1402 802 sedem
1425 745 1750 813 idicemus,
1779 747 1942 820 quod
1969 746 2070 802 Pe—

2193 752 2274 799 τόν
2325 750 2501 820 θρόνον
2551 749 2672 818 (54)
2744 756 2844 800 τῶν
2894 748 3304 822 Ἱεροσολύμωνς
3358 749 3595 822 ἐροῦμεν
3663 753 3739 802 ὅτι
3782 755 3804 802 ὁ

420 839 550 890 trus
599 834 760 890 orbis
801 834 1159 890 constitutus
1207 840 1292 890 est
1331 841 1708 908 praeceptor:
1747 852 1884 891 cum
1933 849 2070 905 ergo

2193 843 2376 910 Πέτρος
2446 847 2536 896 τῆς
2623 837 2925 910 οἰκουμένης
2998 835 3370 912 ἕχειροτονήθη
3456 835 3798 901 διδασκαλος.

422 927 546 979 tam
573 929 918 995 praeceptor,
936 939 1119 996 quam
1144 923 1421 996 discipuli
1443 924 1914 990 deambularent,
1935 924 2070 980 dixit

2193 929 2612 999 Περιπατούντων
2669 934 2947 1000 τοιγαροῦν
3001 934 3092 978 τοῦ
3157 946 3212 979 τε
3291 924 3645 980 διδασκάλοιν
3719 933 3800 979 καὶ

422 1014 472 1068 ei
503 1029 514 1065 :
543 1011 798 1084 Sequere
819 1027 928 1075 me,
977 1019 1036 1068 ut
1083 1013 1342 1069 videlicet
1381 1014 1557 1070 etiam
1607 1013 1970 1086 crnciﬁgaris
2020 1019 2070 1069 et

2193 1024 2282 1066 τῶν
2349 1017 2614 1086 μαθητῶν,
2665 1011 2822 1079 εἶπεν,
2881 1013 3179 1069 Ἀκολούθει
3225 1035 3336 1087 μοι,
3414 1021 3799 1088 σταυρώματος

421 1100 714 1172 eeQualem
741 1101 1032 1157 sustineas
1061 1106 1336 1158 mortem.

492 1280 656 1337 Vers.
699 1283 787 1335 20.
825 1279 1149 1337 Conversus
1184 1312 1252 1320 —
1291 1289 1642 1353 sequentem.
1693 1283 2070 1339 lncedentem

417 1373 557 1442 post
577 1371 811 1424 Petrum
835 1386 848 1435 ;
873 1385 1016 1424 casu
1038 1371 1196 1425 enim
1220 1371 1526 1442 proximus
1549 1371 1598 1427 ei
1623 1371 2072 1429 deambulabat.

489 1547 655 1602 Vers.
687 1547 798 1614 Qui
815 1553 866 1602 et
895 1577 959 1586 -—-
989 1549 1082 1603 te?
1111 1549 1167 1602 ln
1201 1565 1374 1603 coena
1402 1549 1678 1620 mystica,
1709 1550 1862 1606 sicut
1887 1550 1968 1606 ibi
2001 1552 2072 1606 si-

419 1637 770 1707 gnificatum
795 1642 904 1692 est.
933 1637 1386 1693 Reducitautem
1417 1638 1591 1694 nobis
1614 1639 1691 1694 ad
1717 1640 2069 1696 memoriam

415 1723 960 1795 interrogationem,
1001 1725 1342 1795 ostendens,
1391 1735 1682 1798 quantam
1738 1730 1934 1783 Petrus
1987 1728 2069 1785 lo-
2100 1745 2139 1801 Β

416 1814 640 1887 (Ῑυθηόὶ
697 1815 952 1886 adeptus
1011 1821 1162 1870 esset
1216 1814 1571 1881 libertatem,
1613 1821 1938 1888 postquam
1994 1818 2069 1873 de

415 1904 730 1972 negatione
755 1905 1098 1975 resipuerat.
1124 1904 1269 1959 Nam
1303 1904 1406 1976 qui
1431 1910 1570 1960 tunc
1589 1921 1776 1960 ausus
1801 1921 1923 1962 non
1944 1908 2071 1963 erat

415 1993 800 2062 interrogare,
835 1993 937 2047 sed
963 1992 1173 2048 dilecto
1203 1992 1491 2064 discipulo
1519 1994 1594 2048 ad
1617 1994 1732 2050 hoc
1757 1994 2063 2051 utebatur:

414 2080 510 2136 hic
536 2097 660 2136 non
685 2081 880 2136 solum
907 2081 1347 2152 praesidentium
1379 2097 1518 2152 erga
1540 2082 1747 2138 fratres
1778 2082 1879 2138 sibi
1909 2099 2069 2140 com-

417 2169 662 2225 missam
691 2169 931 2240 accepit,
962 2186 1158 2225 verum
1189 2170 1366 2225 etiam
1395 2170 1469 2225 de
1490 2170 1684 2226 dilecti
1710 2177 1865 2227 statu
1892 2172 2069 2228 conﬁ-

415 2259 624 2314 denter
651 2258 990 2328 interrogat.

485 2344 648 2397 Vers.
681 2345 768 2396 2i.
801 2343 981 2397 Hunc
1013 2373 1080 2382 -
1113 2341 1260 2411 quid
1289 2343 1318 2395 ἵ
1345 2342 1499 2396 Num
1535 2347 1590 2398 et
1618 2344 1744 2415 ipse
1777 2348 1832 2400 te
1863 2359 2070 2416 seque‘

414 2437 509 2487 tur
532 2429 560 2485 ‘t‘
575 2445 722 2484 num
742 2429 1019 2484 eamdem
1039 2429 1354 2485 nobiscum
1378 2431 1584 2486 mortis
1607 2431 1705 2487 via
1725 2433 2026 2501 gradietur
2041 2435 2069 2486 ?

414 2535 561 2576 num
593 2516 857 2574 similiter
882 2517 1166 2574 morietur
1195 2519 1222 2573 ?
1252 2519 1556 2592 Siquidem
1588 2520 1889 2588 intellexit,
1923 2522 2068 2594 quid

414 2608 722 2679 innuisset,
778 2608 982 2662 dicens
1037 2625 1049 2662 :
1103 2610 1356 2680 Sequere
1407 2625 1541 2675 me;
1582 2625 1841 2682 cumque
1887 2610 2073 2668 Joan-

414 2710 553 2754 nem
592 2697 974 2753 vehementer
1016 2703 1264 2761 amaret,
1315 2697 1598 2769 cupiebat
1639 2713 1778 2754 eum
1825 2701 2070 2772 aequalis

414 2785 623 2843 mortis
655 2801 960 2842 assumere
997 2790 1331 2842 consortem
1362 2805 1374 2841 :
1405 2793 1460 2842 et
1511 2794 1799 2860 tanquam
1841 2789 2070 2844 Joanne

413 2877 777 2944 interrogare
800 2891 920 2930 non
944 2875 1220 2943 audente,
1243 2875 1371 2947 ipse
1395 2875 1733 2945 interrogat,
1759 2877 2069 2950 vicemque

414 2965 704 3037 rependit.
731 2964 880 3029 Quid
911 2980 1053 3034 ergo
1078 2965 1339 3021 Christus
1359 2967 1386 3020 ?
1418 2965 1722 3021 Privatum
1749 2971 2072 3039 amputans

2184 1111 2272 1155 καὶ
2303 1105 2457 1165 αὐτὸς
2631 1100 2891 1168 δηλονότι,
2933 1109 3024 1156 καὶ
3065 1108 3154 1156 τὸν
3181 1101 3292 1156 ἴσον
3323 1107 3554 1158 θάνατον
3588 1108 3796 1177 {epini-

2182 1205 2349 1264 μενος.

2257 1283 2625 1357 Ἐπιστραφεὶς
2706 1309 2776 1322 -ι-
2852 1280 3234 1335 ἀκολουθοῦντα
3281 1281 3624 1356 [Βαδίζοντα
3691 1286 3797 1354 (ὅθ)

2183 1371 2352 1424 ὀπίσω
2409 1379 2500 1423 τοῦ
2555 1375 2747 1442 Πέτρου
2785 1389 2795 1400 ·
2826 1374 2983 1442 ἔτυχε
3025 1374 3127 1444 γὰρ
3185 1378 3294 1424 τότε
3341 1373 3582 1430 πλησίον
3646 1373 3797 1425 αὐτοῦ

2183 1459 2526 1534 πρυτανεῖονά

2250 1549 2346 1610 ΑΟς
2401 1555 2490 1600 καὶ
2519 1581 2585 1588 —
2628 1565 2723 1612 σε;
2757 1549 2838 1602 Ἐν
2888 1556 2962 1618 τῷ
3023 1546 3215 1620 δείπνῳ
3254 1557 3326 1617 τῷ
3373 1559 3652 1619 pun-rufi,
3705 1570 3792 1602 za-

2185 1639 2280 1698 θὼς
2310 1636 2414 1689 ἐκεῖ
2458 1634 2774 1696 δεδήλωται.
2829 1638 3240 1710 Ἀναμιμνήσκει
3293 1634 3353 1690 δί
3399 1640 3551 1709 ἡμᾶς
3605 1641 3793 1699 ἐκείνης

2181 1735 2273 1788 τῆς
2326 1726 2680 1788 κατακλίσει-ὗς
2720 1745 2772 1779 τε
2806 1731 2894 1778 καὶ
2953 1723 3267 1798 ἐρωτήσεως,
3323 1723 3547 1789 δεικνὺς
3595 1731 3718 1784 6m
3761 1731 3789 1778 ο

2181 1821 2367 1890 Πέτρος
2428 1815 2726 1890 παρρησίαν
2783 1819 2911 1888 εξχε
2960 1819 3093 1884 μετὰ
3143 1813 3264 1873 τῆν’
3297 1813 3384 1867 ἐπὶ
3458 1823 3526 1888 τῇ
3583 1815 3787 1890 ἀρνήσει

2178 1908 2472 1977 μετάνοιαν.
2518 1905 2575 1956 Ὀ
2617 1909 2718 1977 γὰρ
2750 1909 2864 1957 τότε
2892 1910 2963 1977 μὴ
3007 1905 3205 1976 τολμῶν
3235 1908 3526 1976 ἐρωτῆσαι,
3563 1905 3686 1957 ἀλλα
3715 1914 3784 1974 τῷ

2179 1997 2496 2066 ἠγαπημένῳ
2526 1996 2861 2067 χρησάμενος
2898 1994 2968 2056 εἰς
3008 2001 3180 2060 τοῦτο,
3213 1993 3364 2055 οὗτος
3397 1995 3460 2046 οὐ
3500 1999 3650 2066 μόνον
3694 2000 3781 2051 τήν

2179 2088 2506 2156 προστασίαν
2539 2082 2819 2140 ἐπιστεύθη
2845 2091 2943 2135 τῶν
2983 2079 3235 2155 ἀδελφῶν,
3269 2081 3402 2134 ἀλλὰ
3430 2089 3521 2134 καὶ
3556 2090 3664 2157 περὶ
3693 2091 3780 2134 τοῦ

2181 2173 2520 2243 ἠγαπημένον
2551 2171 2838 2246 θαρῥαλιως
2859 2170 3044 2246 ἐρωτᾷ.

2250 2355 2444 2400 Τοῦτον
2492 2379 2555 2388 -
2615 2353 2703 2414 rt;
2739 2347 2848 2401 Οὐκ
2889 2345 3235 2405 ἀκολουθήσει
3282 2364 3400 2411 σοι;
3431 2348 3486 2399 οὗ
3539 2354 3635 2404 τήν

2183 2441 2274 2494 τὴν
2326 2438 2449 2508 ἡμῖν
2507 2433 2628 2488 ὁδόν
2676 2445 2768 2488 τοῦ
2818 2438 3040 2488 θανάτου
3092 2433 3399 2507 βαδιεῖται;
3439 2436 3540 2506 οὐχ
3591 2437 3771 2506 ὁμοίως

2184 2523 2554 2590 ausaausa-at;
2592 2533 2782 2584 Συνῆκι
2833 2527 2935 2597 γὰρ
2988 2530 3039 2576 τί
3111 2521 3374 2582 ὑπεδήλου
3432 2529 3487 2575 τὸ
3540 2525 3776 2578 ’Διοὶούο

2183 2615 2256 2666 θει
2305 2633 2412 2685 μοι,
2488 2619 2577 2665 καὶ
2639 2610 2844 2687 σφόδρα
2902 2613 3057 2685 φιλῶν
3111 2618 3197 2664 τὸν
3253 2615 3495 2669 Ἰωάννην
3558 2611 3782 2665 ἐϐούλετο

2180 2706 2420 2753 κοινωνὸν
2477 2703 2634 2754 αὑτὸν
2697 2710 2787 2755 τοῦ
2843 2705 2965 2754 ἴσου
3037 2703 3256 2754 θανάτου
3327 2701 3522 2764 λαϐεῖν,
3573 2707 3657 2753 καὶ
3716 2704 3782 2762 ὡς

2180 2797 2272 2841 τοῦ
2335 2791 2574 2842 Ἰωάννοο
2627 2795 2697 2861 μὴ
2753 2789 3043 2861 τολμῶντος
3114 2788 3328 2863 ἐρωτᾷν,
3403 2790 3555 2850 αὐτὸς
3601 2789 3774 2862 ἐρωτᾷ,

2180 2885 2270 2930 καὶ
2317 2884 2410 2936 τὴν
2472 2877 2693 2951 ἀμοιϐὴν
2759 2874 3084 2932 ἀποδίδωσι.
3155 2885 3217 2930 Τί
3283 2875 3374 2930 οὖν
3434 2881 3461 2929 ὁ
3518 2886 3778 2948 Χριστος

2183 2969 2476 3020 Ἐκκὸπτων
2550 2973 2641 3025 τὴν
2699 2972 2916 3040 μερικὴν
2970 2967 3163 3039 φιλίαν,
3221 2973 3311 3020 καὶ
3379 2965 3639 3019 παιδεύων
3687 2983 3779 3037 μοι

417 3053 717 3117 affectum,
755 3069 823 3108 ac
855 3053 1152 3108 instruens
1183 3053 1332 3110 nihil
1361 3053 1604 3108 ulterius
1632 3069 1762 3110 esse
1803 3069 2070 3127 perscru-

2193 3053 2268 3108 θἐν
2492 3062 2774 3131 περαιτέρω
2841 3056 3314 3131 πολυπραγμονεῖν,
3387 3063 3479 3107 καὶ
3536 3061 3775 3127 iugatas”

417 3142 689 3207 tandum,
733 3141 988 3197 ostendit
1044 3142 1204 3198 vario
1269 3143 1440 3198 modo
1485 3142 1864 3215 disponenda
1917 3159 2069 3209 esse,

415 3245 550 3300 quae
578 3230 707 3285 illos
735 3230 1166 3299 contingerent.

2183 3146 2261 3196 ὅτι
2341 3142 2604 3216 διαφόρως
2661 3149 2725 3197 τὰ
2809 3137 2922 3196 κατ’
3001 3144 3188 3206 αὐτοὺς
3260 3145 3777 3215 οἱκονομηθὴςονται,

2183 3255 2249 3306 φη
2260 3240 2340 3286 σίν
2371 3235 2489 3306 (58)
2523 3255 2536 3267 ·

486 3320 528 3388 οξ-
560 3317 708 3373 Cum
739 3318 1003 3374 audisset
1036 3319 1240 3374 Petrus
1281 3320 1368 3390 (ut
1415 3318 1661 3390 quidam
1703 3318 1889 3390 aiunt)
1926 3319 2093 3392 quod
2124 3336 2232 3394 pro
2264 3321 2496 3378 Christo
2543 3326 2693 3379 esset
2731 3322 3081 3388 moriturus,
3123 3321 3272 3378 dixit
3331 3340 3345 3378 :
3386 3325 3456 3378 Et
3510 3325 3776 3383 Joannes,

415 3407 562 3478 quid
591 3409 785 3463 ?num
817 3414 870 3462 et
892 3407 1021 3478 ipse
1053 3408 1376 3463 moriturus
1411 3413 1500 3464 est
1529 3407 1557 3463 ?
1579 3408 1846 3464 Christus
1878 3415 2082 3464 autem
2115 3411 2176 3466 id
2219 3412 2460 3483 quidem
2493 3427 2615 3468 non
2645 3411 2881 3482 negavit
2910 3427 2924 3478 ;
2970 3425 3113 3467 nam
3164 3409 3446 3483 quisquis
3479 3418 3652 3466 natus
3673 3417 3778 3479 est,

415 3496 589 3551 etiam
642 3496 964 3551 morietur:
1013 3496 1117 3551 sed
1166 3497 1249 3551 ait
1292 3497 1385 3552 :Si
1436 3513 1568 3552 eum
1615 3497 1791 3552 velim
1834 3514 2074 3554 manere
2105 3515 2294 3572 usque
2335 3500 2411 3556 ad
2440 3499 2649 3556 mundi
2689 3499 3304 3564 consummationem,
3334 3506 3388 3554 et
3424 3506 3557 3554 tunc
3583 3499 3656 3553 de
3687 3512 3780 3553 me

416 3585 728 3650 testiﬁcari,
755 3585 900 3656 quid
941 3585 1018 3639 ad
1057 3590 1108 3640 te
1134 3585 1161 3640 ?
1199 3586 1413 3640 Dicunt
1443 3585 1662 3658 itaque,
1696 3601 1833 3641 eum
1865 3588 2080 3652 vivere,
2114 3594 2168 3644 et
2210 3589 2323 3644 sub
2353 3589 2713 3646 Antichristo
2745 3589 3140 3646 occidendum
3161 3603 3303 3645 cum
3333 3587 3449 3643 Elia
3475 3593 3531 3642 et
3555 3587 3775 3653 Enoch,

413 3674 841 3746 praedicantem
858 3672 1172 3729 Christum.
1195 3675 1361 3739 Quod
1390 3676 1434 3727 si
1459 3681 1918 3730 monumentum
1951 3677 2080 3747 ejus
2109 3678 2478 3743 ostendatur,
2504 3676 2652 3751 quid
2681 3677 2821 3733 inde
2849 3676 2878 3732 ‘i
2903 3677 3089 3733 Vivus
3111 3691 3370 3749 namque
3391 3675 3535 3730 illud
3558 3676 3783 3744 ingres-

415 3776 519 3816 sus
558 3765 664 3827 est,
706 3760 921 3814 deinde
961 3760 1302 3827 translatus,
1337 3762 1857 3832 quemadmodum
1888 3765 2067 3821 etiam
2109 3767 2301 3823 Enoch
2342 3772 2398 3824 et
2434 3767 2608 3823 Elias.
2653 3767 2866 3823 Evertit
2914 3766 3117 3839 itaque
3153 3765 3522 3837 evangelista
3575 3763 3779 3820 falsam

413 3849 642 3906 illorum
672 3849 1036 3921 Opinionem,
1071 3849 1169 3920 qui
1200 3849 1563 3917 existimant,
1601 3865 1719 3905 non
1745 3867 1875 3908 esse
1911 3855 2266 3910 moriturum
2297 3856 2459 3911 hunc
2486 3855 2850 3928 discipulum
2881 3866 3061 3912 :nam
3089 3856 3170 3912 ita
3200 3854 3426 3912 falsum
3459 3859 3571 3916 est,
3598 3853 3783 3910 homi-

412 3956 554 3996 nem
595 3938 865 3994 videlicet
905 3953 1034 3993 esse
1068 3938 1489 3995 immortalem.
1535 3943 1680 3996 Nam
1728 3942 1835 3996 etsi
1883 3943 2084 3999 Enoch
2136 3949 2191 3998 et
2250 3943 2406 3999 Elias
2452 3959 2572 4000 non
2614 3943 2728 4000 sint
2779 3944 3016 4009 mortui,
3052 3949 3192 3999 sunt
3226 3947 3431 3998 tamen
3485 3941 3774 3997 mortales.

411 4030 498 4084 Ita
528 4043 668 4098 ergo
709 4033 763 4083 et
788 4026 904 4095 hic,
938 4043 1290 4100 quanquam
1322 4033 1590 4083 mortuus
1621 4044 1741 4084 non
1775 4029 1866 4095 sit,
1916 4034 2179 4087 attamen
2229 4033 2533 4088 morietur.
2592 4030 2825 4088 Falsum
2860 4033 3059 4104 itaqae
3086 4036 3176 4088 est
3206 4031 3373 4103 quod
3403 4047 3529 4086 non
3573 4031 3778 4086 moria-

412 4122 509 4173 tur
538 4135 551 4184 ;
581 4119 662 4173 sic
699 4117 1060 4172 intellectum
1101 4118 1263 4188 quod
1306 4117 1580 4173 videlicet
1606 4116 1678 4170 sit
1719 4119 2098 4175 immortalis.
2139 4121 2245 4176 Alii
2274 4127 2474 4176 autem
2501 4120 2829 4184 afﬁrmant,
2853 4120 3019 4194 quod
3054 4124 3330 4176 mortuus
3356 4121 3457 4182 sit,
3493 4125 3551 4176 et
3576 4118 3779 4174 dictum

412 4207 557 4264 illud
593 4224 603 4264 :
638 4207 698 4262 Si
725 4223 855 4263 eum
900 4207 1073 4262 velim
1113 4222 1371 4270 manere,
1406 4205 1592 4262 donec
1622 4207 1876 4272 veniam,
1921 4207 2271 4280 intelligunt,
2333 4212 2494 4282 quod
2551 4224 2934 4266 remansurus
2984 4215 3112 4266 erat
3157 4209 3220 4264 in
3263 4208 3480 4263 Judasa
3533 4210 3781 4264 Joannes

412 4298 604 4354 donec
636 4297 854 4352 veniret
875 4296 1142 4352 Christus
1175 4301 1382 4351 contra
1416 4295 1676 4361 Judieos,
1712 4312 2102 4368 percussurus
2131 4315 2226 4354 eos
2258 4315 2363 4370 per
2389 4315 2603 4354 manus
2635 4300 3066 4363 Romanorum,
3101 4302 3157 4354 et
3186 4296 3267 4353 ita
3287 4296 3534 4351 Petrum
3567 4298 3782 4352 alone-

408 4401 481 4442 ne
515 4386 942 4457 separandum,
979 4385 1248 4440 utetiam
1288 4385 1499 4455 majori
1546 4385 1731 4440 fructu
1783 4385 2033 4440 diversis
2082 4386 2226 4444 locis
2273 4387 2676 4458 praedicarent.
2731 4388 2950 4443 Omnes
2991 4385 3170 4456 igitur
3213 4384 3540 4458 opiniones
3588 4383 3780 4441 retuli—

405 4491 562 4545 mus,
595 4481 656 4531 ut
684 4476 898 4531 harum
926 4491 1122 4530 rerum
1152 4473 1399 4529 studiosi
1431 4473 1654 4530 nullam
1683 4475 2045 4544 ignorarent.
2090 4477 2198 4540 Qui
2250 4482 2450 4532 autem
2502 4476 2723 4538 dicunt,
2779 4489 2907 4530 eum
2959 4489 3094 4530 esse
3145 4478 3476 4538 mortuum,
3538 4474 3601 4529 in
3630 4474 3777 4528 hunc

412 4565 659 4620 modum
696 4563 953 4619 referunt
986 4581 995 4616 :
1033 4562 1345 4630 Foderunt,
1379 4562 1675 4634 inquiunt,
1713 4562 1964 4627 foveam,
1999 4569 2056 4619 et
2085 4563 2148 4620 in
2175 4580 2324 4636 gyro
2365 4570 2697 4636 posuerunt
2729 4562 2960 4636 lapides
2990 4583 3005 4619 :
3041 4561 3257 4619 deinde
3281 4561 3457 4617 illum
3491 4562 3573 4616 ibi
3607 4561 3778 4617 demi‘

413 4658 632 4716 serunt,
668 4669 734 4706 ac
759 4659 1141 4724 operuerunt.
1179 4655 1312 4707 Post
1337 4651 1564 4724 aliquot
1595 4657 1796 4708 autem
1817 4652 1943 4708 dies
1995 4653 2234 4710 scrutati
2267 4659 2402 4710 sunt
2428 4653 2668 4709 foveam
2717 4651 2904 4724 illam,
2950 4657 3009 4708 et
3062 4667 3187 4707 eum
3225 4665 3351 4706 non
3406 4652 3775 4706 invenerunt.

411 4741 650 4806 Verum,
686 4741 828 4812 quia
860 4759 996 4796 eum
1027 4741 1138 4798 illic
1166 4740 1591 4812 deposuerunt,
1625 4740 1828 4797 dicunt
1859 4757 1999 4797 eum
2029 4743 2210 4798 fuisse
2243 4748 2567 4798 mortuum.

487 4831 644 4885 Vers.
677 4832 763 4884 22.
797 4831 896 4885 Ait
928 4863 993 4870 —
1022 4838 1073 4887 te
1101 4833 1127 4886 ἱ)
1154 4829 1214 4884 Si
1248 4846 1384 4885 eum
1439 4829 1611 4884 velim
1654 4830 1713 4884 in
1743 4830 1888 4885 vivis
1935 4846 2064 4887 ma-

2247 4835 2393 4902 Λέγει
2444 4863 2512 4871 -—
2562 4849 2618 4882 σε
2647 4849 2662 4899 ς
2695 4831 2814 4882 Ἐὰν
2868 4829 3024 4881 αὐτὸν
3073 4827 3198 4882 θέλω
3244 4831 3414 4900 μένειν
3481 4828 3657 4888 ζῶντα
3702 4830 3776 4885 ἕως

1649 5006 1878 5077 Variae
1907 5009 2232 5079 lectiones
2273 5020 2337 5077 et
2366 5017 2566 5077 notae.

863 5272 1028 5381 apud
1073 5302 1274 5381 Patres
1315 5302 1539 5381 Graecos
1571 5301 2070 5381 notatepiscopa-

409 5371 583 5456 tigni;
612 5371 777 5428 Hunc
833 5371 992 5428 enim
1046 5375 1304 5442 primum
1349 5373 1698 5443 episcopum
1745 5371 1930 5428 fuisse
1963 5371 2073 5429 tra-

406 5444 588 5501 ditur.

631 5516 908 5587 Kairaﬁrog
939 5516 1152 5571 omittit
1186 5518 1252 5569 A.

487 5585 601 5654 (59')
636 5586 865 5654 lnclusa
907 5587 1120 5642 absunt
1145 5589 1207 5641 A.
1240 5589 1459 5642 Horum
1486 5589 1684 5640 autem
1709 5585 1840 5641 loco
1863 5585 2028 5642 addit
2061 5604 2073 5642 :

444 5653 620 5723 Ετυχε
675 5653 969 5724 βαδίζοντα
1002 5659 1128 5729 (sic)
1184 5658 1352 5711 ὀπίσω
1402 5663 1492 5709 τοῦ
1546 5661 1764 5729 Πέτρου,
1817 5656 2073 5712 ἀνέπεσεν.

2279 5234 2366 5289 57)
2393 5229 2546 5289 Μηδὲ
2573 5233 2637 5286 Α.

2253 5234 2680 5384 ξξέῖἕεῗξῖέςέο
2709 5303 3032 5384 “cumeris
3057 5302 3423 5384 εξφδιῖείρβ
3457 5301 3553 5384 ε.ρὲ
3581 5297 3772 5384 cedi“?

2184 5373 2411 5430 addidit
2427 5373 2921 5446 scholium,quod
2941 5373 3040 5430 hic
3057 5373 3326 5446 subjecti.
3344 5373 3771 5446 Similialegua-

2186 5453 2279 5518 tur
2326 5438 2836 5518 apudTheophil.
2875 5460 2932 5518 p.
2965 5447 3068 5518 81g?
3085 5438 3256 5518 AAfet
3283 5445 3347 5499 in
3381 5438 3768 5518 epistolam-

2184 5515 2405 5572 chaelis
2453 5515 2696 5588 Glycaa,_
2732 5515 2943 5588 quam
2968 5515 3125 5588 edidi
3180 5529 3322 5572 cum
3359 5515 3677 5588 ,Is’ocratis,
3724 5525 3764 5588 ρ-

2184 5587 2498 5714 ςίδῆῧοέᾳ.
2518 5578 2681 5654 i776,
2709 5578 2770 5642 8.‘
2795 5584 3008 5644 Confer
3033 5587 3196 5645 etiam
3216 5587 3424 5644 Areth.
3459 5589 3541 5643 ad
3563 5578 3760 5659 Apocai.

2185 5677 2236 5714 ο.
2457 5701 2466 5712 .
