4022 6232
207 332 344 387 1501

209 462 440 534 ἔρχομαι
469 456 605 507 κατὰ
632 457 728 512 τὴν
758 449 1002 525 δευτέραν
1033 471 1134 524 μου
1163 456 1478 526 παρουσίαν,
1517 454 1569 502 τί
1599 452 1729 524 πρὸς
1761 452 1817 500 σε
1847 451 1892 503 Α

206 550 378 600 κοινόν
401 561 416 611 ;

283 639 349 688 Σὺ
382 632 652 686 ἀκολούθει
679 649 791 704 μοι.
831 633 897 682 Σὺ
928 633 1014 682 τόν
1049 633 1138 681 σὸν
1172 630 1387 681 θάνατον
1419 633 1621 694 σκόπει,
1653 621 1822 698 μηδεν

207 729 298 778 τόν
330 725 525 776 ἐκείνου
551 723 1038 794 περιεργαζόμενος.

285 811 525 876 Ἐξῆλθεν
557 840 622 848 -
654 805 928 880 ἀδελφούς.
960 812 1110 866 Ποῖος
1134 805 1281 876 λόγος
1311 825 1324 874 ;

281 902 406 954 Ὀτι
461 930 525 940 -
574 896 914 954 ἀποθνήσκει.
966 896 1117 956 Εἰκὸς
1158 899 1259 968 γὰρ
1304 892 1568 954 κάκείνους
1618 891 1821 947 ἀκούειν

215 992 408 1063 ἄπρός
458 992 543 1040 τὸν
589 990 778 1059 Πέτρον
828 983 1143 1058 έῤῥήθησαν.
1177 982 1501 1055 Διεφημὶσθη
1563 979 1622 1035 δε
1669 984 1694 1034 ὁ
1741 982 1823 1034 λό-

213 1100 301 1152 γος
331 1079 498 1140 οὗτος,
553 1079 717 1146 ἤγουν
761 1073 874 1146 (59)
905 1074 985 1125 ὅτι
1029 1073 1124 1124 οὐκ
1181 1071 1518 1136 ἀποθνήσκει,
1581 1075 1645 1131 ὡς
1699 1071 1824 1124 πλα-

213 1189 273 1226 νη
284 1170 466 1221 θέντων
549 1163 719 1215 αὐτῶν
728 1205 741 1230 ,

214 1258 366 1328 λόγου
448 1256 641 1306 σκοπόν
652 1293 665 1306 .

211 1349 410 1419 rerum

292 1437 394 1486 [αἱ
419 1457 486 1470 α-
519 1433 579 1482 σέ
598 1447 612 1496 ;
633 1427 798 1501 ὀπερ
826 1426 887 1478 οὐ
917 1423 1074 1483 δηλοῖ
1101 1426 1181 1477 ὅτι
1211 1425 1306 1476 οὐκ
1337 1424 1676 1497 ἀποθνήσκει,
1720 1427 1827 1480 ἄλλο

217 1519 384 1593 ἕτερον
416 1522 530 1590 ἔχει
558 1519 770 1579 σκοπὸν,
802 1519 870 1577 ὡς
900 1519 1228 1589 προείρηται.
1259 1519 1346 1575 Τίς
1383 1514 1476 1566 οὗν
1499 1515 1832 1570 ὑπολείπεται

214 1607 368 1682 λόγος
425 1613 538 1668 τοῖς
581 1605 949 1673 ἐνισταμένοις,
999 1604 1080 1654 ὅτι
1125 1603 1184 1654 οὐ
1228 1603 1488 1666 τέθνηκεν,
1544 1603 1701 1656 αὐτοῦ
1757 1601 1824 1664 δὴ

214 1699 400 1752 τούτου
431 1687 728 1769 διαρρήδην
761 1687 990 1765 βοῶντος
1016 1692 1096 1744 ὅτι
1124 1691 1414 1744 πλανῶνται
1441 1695 1490 1745 οἱ
1521 1700 1672 1745 τοῦτο
1703 1695 1826 1746 ὑπο-

215 1785 564 1860 λαμϐάνοντες
595 1801 608 1850 ;

289 1875 453 1934 Οὗτος
494 1902 565 1913 -
622 1871 800 1924 αὐτοῦ.
861 1874 960 1922 Καὶ
1013 1865 1248 1940 οἴδαμεν,
1319 1870 1369 1920 οἰ
1431 1866 1624 1931 εἰδότες
1674 1871 1828 1954 αὐτὰ,

217 1963 294 2018 ὅτι
347 1962 547 2022 ἀληθῶς
601 1967 874 2035 μαρτυρεῖ.
932 1963 1172 2010 Φαίνεται
1237 1960 1339 2033 γὰρ
1398 1959 1478 2010 ὅτι
1545 1965 1634 2012 καὶ
1685 1959 1830 2012 ἄλλοι

217 2061 388 2107 ταῦτα
424 2051 720 2122 ἐγίνωσκον.
777 2047 861 2107 Ὠς
912 2045 999 2098 οὖν
1033 2044 1240 2119 σφόδρα
1293 2046 1491 2122 θαρρῶν
1519 2056 1580 2120 τῇ
1616 2047 1830 2122 ἀληθείᾳ

217 2145 373 2195 τοικὺ
405 2159 581 2212 φησιν.
619 2144 787 2208 Ἔγνω
833 2140 934 2208 γὰρ
967 2138 1047 2187 ὅτι
1089 2133 1230 2199 δόξει
1261 2142 1401 2188 τισὶν
1445 2141 1572 2199 ἴσως
1622 2139 1830 2190 ὕποπτα

216 2229 399 2301 λέγειν,
435 2225 528 2280 διὰ
555 2230 614 2278 τὸ
645 2230 716 2298 μὴ
746 2227 1163 2297 μνημονευθῆναι
1185 2233 1346 2276 ταῦτα
1368 2228 1510 2300 παρά
1541 2235 1639 2278 τῶν
1665 2227 1827 2278 ἄλλων

221 2317 618 2390 ὠαγγελιστών.

823 1167 911 1214 καὶ
989 1165 1061 1234 μὴ
1125 1165 1522 1235 συνεωρακότων
1595 1164 1680 1212 τὸν
1734 1168 1824 1212 τοῦ

750 1248 879 1304 Εἶτα
967 1246 1273 1322 διορθοῦται
1339 1254 1431 1308 τὴν
1507 1248 1825 1321 ἐσφαλμένην

290 2494 444 2547 Ἐστι
474 2488 532 2545 δε
560 2521 623 2532 -
657 2493 682 2542 ὁ
709 2489 934 2551 Ἰησοῦς.
970 2489 1157 2562 [Τοῦτο
1185 2490 1298 2560 (60)
1329 2496 1417 2541 καὶ
1450 2489 1684 2563 ἀνωτέρω
1711 2497 1827 2563 περὶ

218 2591 320 2634 τῶν
355 2585 584 2652 σημείων
607 2575 791 2650 εἶπεν.]

289 2669 475 2722 Ἀτινα
503 2698 572 2709 -
600 2665 799 2740 βιϐλία.
835 2665 934 2738 [Οὐ
966 2667 1079 2736 (61)
1129 2673 1295 2737 χωρεῖ
1327 2661 1386 2716 de
1436 2666 1568 2717 αὐτὰ
1617 2668 1642 2716 ὁ
1694 2666 1828 2738 εἰρη-

220 2763 370 2831 μένος
400 2763 619 2829 κόσμος,
651 2761 740 2807 καὶ
768 2755 886 2807 καθ’
914 2755 1082 2826 ἕτερον
1099 2754 1267 2825 λόγον,
1300 2753 1358 2804 οὗ
1393 2750 1484 2805 διὰ
1507 2756 1615 2823 (62)
1638 2754 1829 2814 πλῆθος

221 2847 670 2920 συγγραμμάτων,
713 2843 838 2895 ἀλλὰ
892 2839 986 2895 διὰ
1037 2845 1250 2916 μέγεθος
1301 2845 1615 2916 πραγμάτων
1652 2863 1663 2874 ·
1707 2838 1829 2894 οὐδὲ

218 2941 380 3006 τόπῷ,
409 2935 537 2987 ἀλλὰ
556 2932 778 3008 τρόπῳ.]
1056 2930 1062 2939 ’

297 3027 405 3078 Καθ
468 3021 754 3095 ὑπερϐολὴν
821 3023 846 3072 ὁ
909 3020 1076 3092 λόγος,
1149 3019 1404 3092 ἐμφαίνων
1456 3025 1549 3077 τὴν
1608 3017 1831 3090 ὑπερϐο-

221 3114 315 3172 λὴν
382 3120 474 3166 τοῦ
557 3110 788 3172 πλήθους
867 3119 965 3161 τῶν
1041 3114 1410 3181 πεπραγμένων
1481 3118 1552 3179 τῷ
1634 3113 1825 3182 Κυρίῳ.
1868 3154 1908 3208 C

225 3211 466 3277 Χρῶνται
522 3197 580 3252 δὲ
632 3207 705 3270 τῷ
755 3198 893 3268 λὸγῷ
953 3207 1046 3259 τῆς
1103 3197 1392 3270 ὑπερϐολῆς
1447 3204 1536 3248 καὶ
1584 3197 1632 3248 οἰ
1700 3199 1830 3269 γρά-

227 3311 421 3364 φοντες,
485 3295 575 3342 καὶ
641 3291 689 3340 οἱ
746 3287 994 3358 λέγοντες,
1057 3289 1176 3338 ὅταν
1234 3286 1518 3358 ὑπερϐολὴν
1593 3289 1834 3357 apd-nm-

226 3400 313 3443 τος
344 3387 691 3454 παραστῆσαι
731 3375 1085 3448 βουληθωσιν.
1131 3375 1292 3434 Οὗτος
1349 3372 1408 3427 δὲ
1457 3379 1621 3426 καὶτὸ
1673 3373 1836 3446 Οἶμαι

225 3471 471 3544 προσθεὶς
525 3466 736 3518 ἐκόλασε
785 3469 877 3522 τὴν
933 3463 1246 3538 ὑπερϐολὴν,
1290 3469 1378 3516 καὶ
1427 3465 1835 3538 παρεμυθήσατο

226 3561 286 3609 τὸ
315 3554 503 3609 δοκοῦν
535 3554 801 3616 ἀπίθανον,
852 3549 1128 3610 ὑποδηλών
1180 3554 1257 3604 ὅτι
1302 3548 1395 3604 διὰ
1441 3555 1498 3603 τὸ
1531 3552 1838 3624 παμπληθὲς

227 3645 397 3698 αὐτῶν
473 3647 670 3718 εἷρηκεν
732 3643 885 3696 οὕτω.
971 3647 1068 3694 Καὶ
1144 3641 1274 3693 ἄλλα
1342 3645 1433 3713 μὲν
1514 3638 1600 3692 οὖν
1678 3641 1840 3694 πολλὰ

227 3733 490 3798 ἐποίησεν,
541 3734 606 3792 ὡς
636 3733 800 3783 πάντα
850 3727 1164 3801 δυνάμενος·
1198 3727 1383 3803 ῥᾴδιον
1433 3733 1532 3802 γὰρ
1585 3731 1724 3801 αὐτῷ
1781 3735 1837 3782 τὸ

228 3829 390 3874 ποιεῖν
436 3825 465 3878 ἦ
544 3822 666 3891 ἡμῖν
719 3823 776 3870 τὸ
834 3819 1038 3889 λέγειν’
1111 3823 1243 3890 μόνα
1297 3815 1355 3869 δὲ
1418 3817 1722 3889 ἐγράφησαν
1778 3823 1841 3870 τὰ

230 3915 356 3985 πρὸς
418 3907 678 3961 εὐσέϐειαν
738 3914 827 3959 καὶ
881 3911 1059 3958 πίστιν
1117 3911 1496 3978 χρησιμώτερα
1548 3911 1637 3958 καὶ
1689 3906 1841 3978 ἀναγ-

233 4007 494 4074 καιότερα,
577 3996 733 4049 ἐκεῖνο
812 4004 912 4048 τῶν
983 4000 1416 4069 συγγεγραφότων
1486 3995 1601 4065 (63)
1678 4001 1836 4052 ἐννοη-

237 4090 454 4152 σάντων,
501 4089 568 4148 ὡς
618 4088 644 4138 ὁ
683 4090 753 4158 μὴ
811 4092 916 4146 τοῖς
968 4092 1215 4158 γραφεῖσι
1257 4085 1514 4135 πιστεύων
1569 4081 1691 4135 οὐδὲ
1740 4092 1841 4144 τοῖς

234 4176 437 4229 πλείοσι
480 4175 741 4247 προσέξει.
788 4174 846 4226 Ὀ
905 4171 963 4226 δε
1014 4182 1176 4226 ταῦτα
1235 4168 1506 4244 δεξάμενος
1556 4173 1734 4244 ἐτέρων
1783 4173 1840 4224 οὐ

237 4261 574 4324 δεηθήσεται.

1198 323 1568 381 COMMENT.
1612 323 1680 378 IN
1715 317 2065 378 JOANNEM.
2107 351 2175 362 —
2215 319 2372 377 CAP.
2414 322 2559 378 XXI.

3457 331 3470 382 Ι
3483 327 3590 383 502

1928 462 2068 502 nere
2115 446 2306 503 donec
2350 449 2616 505 secundo
2669 450 2927 507 adventu
2981 451 3240 518 veniam,
3300 455 3450 527 quid
3507 455 3591 512 illi

1928 540 2126 592 tecum
2159 535 2224 592 in
2251 536 2368 593 hoc
2409 554 2728 595 commune
2774 539 2914 596 est?

2003 623 2162 680 Vers.
2195 626 2284 680 22.
2321 623 2407 681 Tu
2436 643 2528 682 me
2550 643 2809 698 sequere.
2843 630 2926 684 Tu
2958 633 3122 684 tuam
3155 635 3410 686 mortem
3441 646 3586 688 con-

1931 713 2147 780 sidera,
2181 713 2325 769 nihil
2352 715 2426 770 de
2458 716 2614 772 illius
2648 721 2837 773 morte
2873 717 3266 790 investigans.

2002 802 2162 856 Vers.
2192 802 2280 858 23.
2306 804 2473 860 Επίίι
2502 836 2570 846 —
2595 806 2845 875 fratres.
2881 807 3022 871 Quis
3055 822 3250 862 sermo
3283 810 3309 864 ?

2005 891 2166 946 Vers.
2211 893 2301 948 23.
2365 894 2532 961 Quod
2583 925 2650 935 -—
2698 899 3046 951 moreretur.
3113 896 3436 952 Verisimile
3499 902 3592 952 est

1932 994 2192 1051 namque
2223 986 2279 1036 et
2299 997 2402 1038 eos
2426 983 2690 1053 audisse,
2717 997 2854 1056 quae
2885 987 3051 1041 Petro
3082 984 3239 1040 dicta
3279 991 3465 1041 erant.
3502 985 3594 1041 Di-

1934 1070 2211 1142 vulgatus
2241 1078 2327 1151 est
2356 1072 2447 1126 hic
2479 1087 2698 1140 sermo,
2730 1071 3020 1138 videlicet,
3054 1073 3212 1145 quod
3245 1089 3361 1128 non
3400 1089 3590 1130 more-

1935 1170 2096 1221 retur
2130 1185 2142 1220 :
2171 1163 2316 1236 quia
2336 1161 2634 1229 errabant,
2657 1175 2768 1217 nec
2793 1162 3084 1217 sermonis
3109 1163 3591 1234 assequebantur

1935 1252 2342 1310 intentionem.
2387 1250 2608 1306 Deinde
2643 1249 2885 1320 corrigit
2912 1265 3218 1306 rumorem
3249 1267 3588 1307 erroneum.

2008 1431 2169 1484 Vers.
2195 1431 2284 1484 23.
2308 1429 2383 1483 Et
2404 1455 2473 1468 —-
2499 1432 2558 1482 te
2577 1427 2604 1481 ?
2631 1426 2798 1492 Quod
2826 1441 2947 1482 non
2971 1425 3284 1496 signiﬁcat,
3310 1443 3444 1482 eum
3471 1443 3594 1484 non

1939 1519 2312 1580 moriturum,
2348 1515 2454 1570 sed
2483 1514 2666 1572 aliam
2695 1513 2879 1570 habet
2906 1514 3316 1582 intentionem,
3352 1520 3420 1571 ut
3445 1529 3598 1588 pree-

1938 1607 2165 1664 dictum
2207 1609 2310 1660 est.
2365 1601 2506 1669 Quis
2554 1617 2696 1672 ergo
2726 1602 3074 1674 relinquitur
3122 1617 3319 1659 sermo
3361 1619 3599 1660 asseve-

1939 1693 2234 1757 rantibus,
2259 1708 2396 1748 eum
2417 1708 2530 1747 non
2552 1705 2678 1746 esse
2697 1697 3022 1755 mortuum,
3045 1705 3170 1746 cum
3187 1691 3314 1762 jam
3342 1693 3598 1765 ipsemet

1862 1803 1910 1860 Β
1941 1783 2268 1839 luculenter
2281 1780 2492 1836 clamet
2506 1777 2671 1852 quod
2683 1784 2897 1845 errent,
2916 1781 3018 1852 qui
3036 1780 3150 1836 hoc
3171 1781 3547 1854 suspicantur
3560 1784 3588 1839 ?

2013 1873 2174 1928 Vers.
2225 1870 2315 1924 24.
2367 1869 2731 1938 Hic—ejus.
2781 1871 2846 1925 Et
2889 1869 3121 1938 scimus,
3165 1871 3271 1942 qui
3313 1887 3382 1926 ea
3432 1873 3598 1926 novi-

1939 1975 2094 2026 mus,
2128 1959 2293 2032 quod
2335 1973 2540 2014 verum
2581 1957 2888 2030 perhibent
2930 1959 3356 2014 testimonium.
3400 1963 3596 2034 Appa-

1938 2052 2026 2106 ret
2070 2049 2249 2113 enim,
2292 2047 2455 2119 quod
2488 2053 2542 2102 et
2595 2045 2692 2102 alii
2740 2047 2854 2102 hoc
2884 2045 3312 2117 intelligebant.
3369 2048 3592 2120 Itaque,

1940 2142 2230 2210 tanquam
2252 2135 2634 2191 vehementer
2657 2134 2839 2191 fretus
2866 2135 3127 2202 veritate,
3157 2137 3268 2192 hoc
3289 2137 3463 2192 dicit:
3486 2139 3596 2192 No-

1940 2227 1994 2281 vi
2016 2225 2336 2298 siquidem,
2364 2224 2529 2296 quod
2548 2224 2849 2296 aliquibus
2872 2223 3164 2280 videbitur
3181 2226 3450 2282 fortassis
3465 2243 3597 2281 sus-

1939 2320 2112 2386 pecta
2136 2313 2351 2379 dicere,
2380 2330 2448 2368 eo
2471 2313 2638 2384 quod
2668 2313 2747 2368 ab
2780 2313 2913 2368 aliis
2951 2314 3334 2384 evangelistis
3376 2317 3593 2370 horum

1937 2418 2060 2459 non
2094 2402 2169 2457 sit
2198 2401 2354 2458 facta
2402 2403 2643 2456 mentio.

2011 2491 2172 2545 Vers.
2211 2491 2304 2547 25.
2343 2489 2489 2544 Sunt
2535 2496 2731 2546 autem
2779 2521 2846 2532 —
2885 2493 3075 2547 Iesus.
3108 2492 3240 2548 Hoc
3268 2491 3447 2546 etiam
3498 2507 3597 2547 su-

1939 2580 2140 2650 perius
2178 2579 2327 2632 dixit
2355 2579 2429 2633 de
2462 2578 2668 2648 signis.

2010 2667 2175 2722 Vers.
2211 2670 2299 2720 25.
2346 2667 2486 2732 Quae
2533 2696 2594 2704 —
2641 2666 2842 2722 libros.
2890 2670 3016 2722 Non
3074 2672 3311 2738 caperet
3354 2683 3458 2724 eos
3509 2667 3594 2724 di-

1941 2761 2071 2811 ctus
2132 2753 2416 2818 mundus,
2461 2753 2580 2809 alio
2633 2754 2813 2832 etiam
2867 2755 3048 2810 modo
3092 2771 3104 2808 :
3177 2771 3299 2810 non
3360 2761 3602 2828 propter

1939 2843 2266 2899 litterarum
2301 2841 2762 2908 multitudinem,
2796 2842 2897 2897 sed
2927 2847 3168 2915 propter
3197 2860 3392 2898 rerum
3427 2860 3597 2916 mag-

1941 2931 2274 2988 nitudinem
2303 2949 2315 2985 :
2351 2945 2543 3002 neque
2575 2932 2650 2985 de
2680 2930 2806 2986 loco
2837 2930 3118 3002 loquitur,
3152 2933 3253 2986 sed
3283 2932 3356 2986 de
3390 2933 3593 2988 modo.

2016 3019 2448 3092 Hyperbolicus
2479 3024 2567 3074 est
2597 3036 2792 3075 sermo
2826 3061 2839 3086 ,
2874 3019 3196 3075 ostendens
3247 3021 3596 3077 immensam

1943 3108 2378 3165 multitudinem
2413 3124 2619 3163 eorum
2672 3124 2806 3180 quae
2852 3124 2888 3164 a
2938 3109 3187 3164 Domino
3235 3109 3387 3166 facta
3437 3118 3597 3166 sunt.

1944 3202 2193 3255 Utuntur
2232 3203 2428 3254 autem
2474 3213 2744 3252 sermone
2783 3197 3171 3270 hyperbolico
3206 3208 3261 3254 et
3300 3200 3405 3270 qui
3454 3200 3596 3255 scri-

1940 3289 2112 3352 bunt,
2142 3292 2197 3342 et
2223 3286 2326 3359 qui
2353 3287 2698 3358 loquuntur,
2733 3287 2979 3358 quando
3010 3289 3090 3342 rei
3122 3287 3597 3360 magnitudinem

1944 3376 2256 3432 ostendere
2295 3375 2700 3430 decreverunt.
2747 3375 2849 3430 llic
2885 3381 3087 3432 autem
3143 3377 3376 3432 addens
3426 3378 3605 3433 etiam

1946 3465 2221 3530 verbum,
2238 3463 2797 3535 0pinor,auxit(hh)
2810 3463 3204 3536 hyperbolen,
3227 3481 3298 3521 ac
3312 3465 3609 3521 suadibile

1947 3550 2100 3619 fecit,
2129 3552 2296 3625 quod
2325 3551 2667 3608 incredibile
2694 3553 3002 3610 videbatur
3027 3569 3040 3609 :
3073 3554 3410 3621 insinuans,
3445 3553 3612 3626 quod

1948 3643 2026 3700 ob
2060 3641 2395 3698 maximam
2428 3658 2633 3697 eorum
2667 3642 3108 3698 multitudinem
3139 3644 3220 3699 ita
3257 3643 3490 3699 dixerit.
3526 3643 3611 3697 Si-

1949 3731 2192 3805 quidem
2232 3737 2287 3786 et
2319 3729 2438 3786 alia
2481 3730 2665 3786 multa
2715 3730 2867 3796 fecit,
2911 3736 3117 3804 utpote
3169 3733 3548 3804 omnipotens
3598 3750 3612 3800 ;

1948 3837 2086 3876 nam
2111 3821 2160 3875 ei
2187 3820 2419 3875 facilius
2443 3825 2568 3876 erat
2590 3819 2804 3886 facere,
2825 3837 3010 3892 quam
3042 3823 3212 3876 nobis
3233 3821 3451 3876 dicere.
3477 3819 3616 3877 Sola

1951 3913 2152 3964 autem
2178 3924 2248 3962 ea
2275 3912 2659 3978 scripserunt,
2693 3925 2826 3980 qua:
2849 3911 2923 3964 ad
2959 3910 3304 3978 religionem
3335 3927 3402 3963 ac
3432 3909 3615 3964 ﬁdem

1952 3995 2388 4063 utilioraerant,
2414 3996 2727 4066 magisque
2751 3997 3088 4051 necessaria
3115 4014 3126 4051 :
3153 3999 3312 4067 quod
3348 3997 3462 4050 hoc
3483 4011 3617 4051 con-

1951 4082 2282 4138 siderarent
2329 4083 2388 4137 hi
2429 4082 2533 4153 qui
2575 4083 2957 4154 scripserunt,
3001 4085 3164 4156 quod
3202 4085 3303 4155 qui
3342 4085 3431 4139 his
3474 4099 3610 4156 quae

1952 4172 2170 4242 scripta
2188 4176 2328 4226 sunt
2347 4187 2464 4226 non
2481 4171 2684 4241 credit,
2710 4187 2901 4243 neque
2934 4171 3205 4244 pluribus
3227 4172 3405 4226 tidem
3427 4172 3608 4228 habe-

1951 4260 2038 4317 bit
2065 4278 2075 4316 :
2104 4261 2154 4315 ei
2180 4276 2340 4325 vero,
2374 4259 2468 4332 qui
2503 4262 2626 4314 haec
2657 4261 2922 4332 suscipit,
2957 4261 3077 4317 alia
3113 4261 3449 4316 necessaria
3488 4277 3609 4318 non

1877 4335 1920 4388 Ῑ)
1951 4353 2144 4406 erunt.

309 4446 511 4494 Γένοιτο
552 4437 610 4493 δε
665 4443 824 4512 ἡμᾶς,
885 4441 1110 4501 τελείους
1159 4441 1476 4510 θεραπευτὰς
1524 4446 1618 4500 τῆς
1664 4458 1842 4491 παντε·

234 4530 370 4582 λείου
431 4525 658 4601 Τριοίδος
713 4528 1072 4600 ἀναφανέντας,
1140 4526 1316 4598 ἀγαθῴ
1396 4527 1524 4579 τέλει
1579 4528 1846 4579 κατακλεῖ-

241 4637 331 4670 σαι
357 4621 468 4689 (64)
502 4620 588 4668 τὸν
621 4616 756 4688 βίον,
785 4617 832 4668 ἐν
879 4625 1090 4691 Χριστῷ
1132 4616 1309 4673 Ἰησοῦ
1354 4625 1425 4686 τῷ
1461 4621 1631 4687 Κυρίῳ
1678 4619 1846 4688 ἡμῶν.

237 4707 428 4779 Ἀμήν.

308 4802 391 4864 Τῷ
424 4795 538 4863 (65)
571 4793 876 4852 συντελεστῆ
926 4803 1022 4845 τῶν
1067 4793 1234 4845 καλῶν
1280 4802 1392 4863 Θεῴ
1443 4796 1621 4866 χάρις.
1679 4794 1842 4866 Ἀμήν

776 4882 928 4944 Τέλος
958 4885 1179 4937 πάντων.

2025 4437 2258 4494 Utinam
2289 4441 2487 4493 autem
2513 4441 2570 4492 et
2596 4454 2700 4492 nos
2722 4436 2962 4510 perfecti
2985 4438 3235 4493 ministri
3259 4438 3617 4511 perfectissi-

1953 4543 2065 4583 ma;
2091 4526 2376 4582 Trinitatis
2404 4525 2755 4593 habeamur,
2785 4543 2853 4583 ac
2899 4527 3082 4581 vitam
3129 4526 3287 4582 bono
3322 4528 3439 4582 ﬁne
3484 4543 3618 4583 con-

1955 4615 2295 4680 cludamus,
2321 4631 2426 4686 per
2444 4615 2733 4671 Christum
2757 4616 2956 4671 Jesum
2976 4614 3293 4672 Dominum
3320 4622 3614 4672 nostrum.

1955 4707 2167 4760 Amen.

2549 4882 2702 4938 Finis
2732 4883 3020 4938 omnium.

1451 5059 1668 5126 Variae
1703 5059 2024 5127 lectiones
2058 5069 2123 5126 et
2154 5070 2356 5127 notas.

342 5278 428 5348 59)
470 5277 666 5349 Ἦγουν
694 5279 906 5335 omittit
933 5281 994 5332 A.

338 5351 428 5420 60)
479 5350 702 5405 Inclusa
755 5351 970 5406 absunt
1021 5352 1086 5405 A.
1141 5349 1476 5422 Respicitur
1529 5357 1726 5406 autem
1772 5351 1847 5405 ad

240 5419 414 5474 Joan.
443 5437 531 5480 xx,
565 5425 652 5476 30.

316 5492 430 5561 (61)
473 5493 683 5548 Haecin
721 5495 989 5562 margine
1021 5493 1198 5548 habet
1225 5495 1292 5547 Α.

2055 5280 2146 5350 62)
2181 5285 2250 5333 Τό
2282 5279 2450 5335 addit
2479 5280 2545 5334 A.

2057 5353 2144 5421 63)
2179 5356 2580 5422 Συγγραφὸντιυν
2615 5356 2650 5402 Α
2663 5391 2674 5402 .

2036 5407 2150 5492 (64)
2176 5407 2481 5475 sitast-at
2515 5430 2574 5485 Α,
2609 5422 2770 5492 quod
2801 5422 3083 5478 usitatius
3117 5429 3222 5478 est.

2035 5495 2147 5566 (65)
2181 5495 2312 5550 llaec
2355 5493 2414 5548 in
2446 5495 2563 5548 tine
2591 5493 2819 5549 addidit
2851 5493 3044 5550 scriba
3070 5495 3216 5552 Cod.
3257 5497 3322 5547 A.

326 5684 460 5755 (ὴή)
498 5685 709 5741 Auxit.
746 5688 888 5750 lmo,
927 5687 1257 5753 castigavit,
1293 5685 1664 5757 temperavit,
1698 5683 2009 5755 mitigavit.
