4110 6378
461 319 524 388 11
1988 322 2361 379 ΡΒᾹΞΡΑΤΙΟ
3816 320 3886 378 12

457 452 1853 481 W

1657 656 2685 798 ΡΗλἘΕΑΤΙΟ

1450 917 1897 977 LECTORIBUS
1947 916 2204 973 DOCTIS
2256 917 2344 972 ET
2391 917 2785 975 BENEVOLIS
2837 920 2895 975 S.

533 1164 667 1218 Post
693 1162 777 1217 tot
799 1154 1087 1231 prmclara
1115 1167 1490 1210 summorum
1509 1151 1771 1207 virorum
1798 1149 1873 1204 de
1895 1148 2115 1203 horum
2147 1152 2193 1207 A
2230 1146 2397 1203 bant.
2429 1146 2708 1203 Adhibita
2735 1162 2877 1218 ergo
2908 1149 3249 1213 attentione,
3286 1148 3609 1221 diligentia,
3638 1150 3879 1206 modes-

462 1247 1023 1311 Commentariorum
1036 1243 1303 1313 auctorej
1312 1241 1531 1307 udicia,
1546 1238 1768 1312 quibus
1782 1238 1833 1293 ei
1846 1236 2114 1309 proprie-

460 1345 644 1399 tatem
693 1336 1007 1402 sermonis,
1058 1332 1413 1399 doctrinam,
1459 1345 1691 1393 curam,
1749 1326 2115 1397 diligentiam

459 1434 517 1489 et
541 1443 796 1487 acumen
821 1426 1133 1488 testantur,
1164 1436 1287 1477 non
1318 1434 1562 1476 necesse
1589 1418 1844 1479 videtur,
1878 1420 1939 1470 ut
1968 1413 2116 1469 mul-

459 1524 521 1578 ta
536 1523 588 1590 ej
598 1517 738 1574 usin
750 1514 992 1572 laudem
1009 1524 1498 1573 commemorem.
1518 1507 1668 1563 lllud
1681 1509 1916 1563 tantum
1931 1502 2112 1569 addo,

459 1608 641 1675 nulla,
688 1609 786 1663 aut
815 1607 968 1660 certe
997 1599 1367 1674 paucissima
1406 1597 1755 1654 Litterarum
1807 1608 2113 1650 sacrarum

459 1694 769 1758 vocabula,
811 1709 947 1766 quae
985 1692 1046 1747 in
1094 1691 1354 1763 quatuor
1399 1684 1727 1755 Evangeliis
1774 1682 1868 1737 vel
1915 1681 2116 1737 minus

463 1789 684 1853 Graeca,
715 1782 809 1840 vel
835 1782 1109 1850 obscura,
1144 1780 1483 1837 occurrunt,
1514 1774 1591 1831 ab
1612 1774 1726 1829 hoc
1756 1769 2116 1845 praetermis-

462 1893 530 1934 sa
554 1892 704 1945 esse,
736 1872 884 1946 quin
902 1868 1215 1927 vocabulis
1240 1865 1435 1935 magis
1465 1862 1797 1937 perspicuis
1820 1865 1876 1917 et
1899 1858 2115 1931 proba-

460 1964 775 2021 bilioribus
802 1958 1118 2032 explicarit.
1161 1958 1391 2011 Nexum
1422 1951 1709 2008 orationis
1740 1954 1796 2004 et
1824 1946 2117 2003 narratio-

462 2069 610 2110 num
623 2068 749 2109 cum
765 2048 1138 2119 singulorum
1149 2084 1162 2108 ,
1177 2046 1305 2098 tum
1319 2040 1583 2113 plurium
1597 2037 2116 2107 evangelistarum,

464 2142 811 2201 acutissime
828 2132 1242 2195 animadvertit
1257 2146 1326 2186 ac
1349 2132 1520 2185 notat
1540 2144 1557 2182 :
1576 2127 1917 2183 dissensum
1946 2121 2119 2179 facile

465 2236 522 2291 et
552 2228 842 2289 subtiliter
881 2223 1208 2297 componit.
1252 2220 1376 2277 Etsi
1408 2221 1613 2276 autem
1643 2215 1832 2272 multa
1868 2214 2123 2285 Chryso-

465 2327 683 2388 stomo,
716 2312 1209 2392 praestantissimo
1236 2309 1388 2365 inter
1410 2311 1655 2372 veteres,
1689 2319 1759 2361 ac
1780 2318 1936 2376 pene
1959 2302 2123 2358 dixe-

464 2413 604 2477 rim,
643 2390 747 2466 uni
776 2403 1079 2479 interpreti
1103 2400 1283 2457 debet
1314 2415 1327 2453 :
1377 2396 1571 2454 multa
1608 2395 1750 2451 item
1797 2408 1869 2449 ex
1918 2390 2121 2447 multis

2226 1236 2326 1301 tia,
2356 1240 2435 1302 et,
2465 1252 2601 1308 quas
2637 1237 2734 1293 his
2763 1237 2933 1293 libris
2965 1239 3025 1293 in
3057 1239 3264 1310 primis
3305 1240 3571 1302 debetur,
3618 1240 3737 1295 ﬁde
3773 1240 3883 1296 viri

2224 1324 2656 1385 honesti.haud
2669 1326 2821 1382 adeo
2847 1326 3161 1383 difﬁculter
3192 1343 3446 1383 veruma
3467 1328 3619 1383 falso
3648 1344 3886 1400 separa-

2225 1417 2337 1469 tur.
2374 1414 2491 1469 Etsi
2519 1419 2718 1470 autem
2749 1415 3136 1486 Euthymium
3169 1416 3311 1471 satis
3342 1416 3689 1485 diligentem
3735 1421 3793 1472 et
3818 1418 3883 1472 ﬁ-

2225 1501 2421 1575 delem
2461 1504 2734 1573 cognovi,
2785 1508 2973 1561 tamen
3029 1505 3328 1561 interdum
3369 1504 3501 1560 loca
3548 1505 3881 1562 litterarum

2225 1607 2537 1667 sacrarum
2568 1607 2689 1647 non
2718 1609 2789 1648 ex
2817 1593 3003 1648 Libris
3026 1592 3233 1659 sacris,
3268 1592 3374 1649 sed
3397 1608 3469 1649 ex
3502 1596 3881 1650 Commenta—

2224 1681 2322 1735 riis
2346 1676 2728 1753 interpretum
2744 1681 2970 1736 laudat.
2997 1682 3125 1747 Qua
3150 1681 3223 1735 de
3246 1697 3307 1736 re
3331 1680 3647 1753 aliquoties
3671 1683 3884 1736 monui

2224 1767 2283 1824 in
2312 1768 2948 1825 animadversionibus.
2986 1770 3353 1841 Deprehendi
3380 1771 3559 1826 etiam
3590 1768 3885 1825 vocabula

2226 1857 2303 1913 ab
2334 1858 2464 1929 ipso
2495 1859 2751 1929 primum
2775 1859 2953 1923 illata,
2974 1858 3264 1913 nonnulla
3289 1857 3470 1913 etiam
3498 1859 3741 1924 omissa,
3775 1857 3883 1913 sed

2227 1946 2536 2019 pauciora.
2571 1946 2818 2003 Codices
2841 1946 3289 2016 Evangeliorum
3319 1952 3519 2002 autem
3546 1963 3683 2002 cum
3713 1947 3880 2001 Com-

2227 2035 2530 2090 mentariis
2577 2038 2630 2090 et
2663 2035 2904 2101 catenis,
2953 2035 3125 2091 sicuti
3168 2035 3643 2107 Theophylactus
3673 2036 3880 2102 etiam,

2229 2125 2306 2181 ad
2332 2140 2549 2180 manus
2591 2123 2805 2180 habuit
2843 2124 3158 2195 ejusmodi,
3189 2124 3532 2195 cujusmodi
3584 2130 3717 2179 sunt
3760 2122 3883 2178 mei

2229 2218 2611 2286 Mosquenses
2656 2231 2709 2268 a.
2739 2214 2799 2269 d.
2829 2230 2879 2270 θ.
2914 2231 2974 2286 g.
3030 2218 3111 2280 10,
3156 2214 3231 2269 de
3275 2214 3495 2285 quibus
3542 2212 3791 2284 exposui
3820 2213 3884 2268 in

2230 2304 2578 2360 Praefatione
2597 2318 2743 2358 mem
2762 2302 2905 2358 Novi
2924 2302 3281 2359 Testamenti
3303 2302 3575 2358 editionis
3600 2303 3675 2357 ad
3700 2304 3886 2356 Evan-

2232 2391 2453 2462 gelium
2500 2392 2701 2447 Marci.
2754 2394 2972 2447 Horum
3022 2391 3360 2447 simillimos
3407 2390 3465 2445 in
3522 2388 3888 2446 bibliotheca

466 2500 598 2558 aliis
626 2496 865 2556 hausit:
894 2476 1105 2551 omnes
1136 2488 1297 2546 enim
1317 2489 1452 2544 ante
1483 2501 1544 2541 se
1565 2481 1941 2540 consuluisse
1966 2480 2122 2536 vide-
2150 2505 2200 2563 Β
2232 2481 2499 2537 Parisina
2533 2485 2589 2536 et
2636 2479 3077 2535 Vindobonensi
3125 2479 3365 2545 servari,
3414 2477 3663 2547 cognovi
3691 2494 3759 2533 ex
3791 2476 3889 2531 Bi-

466 2594 564 2648 tur
587 2590 935 2660 interpretes
960 2601 972 2640 :
1003 2588 1202 2640 tamen
1224 2578 1286 2634 in
1310 2578 1597 2649 promptu
1622 2576 1928 2643 sunt,quae
1942 2570 2019 2626 ab
2037 2571 2121 2660 ip-

468 2679 595 2735 sius
626 2659 919 2741 doctrina,
957 2671 1151 2728 studio
1182 2673 1239 2724 et
1269 2664 1509 2735 ingenio
1540 2664 1941 2720 accesserunt.
1975 2659 2121 2724 Qui-

466 2771 583 2827 bus
613 2783 754 2839 ergo
783 2764 979 2823 adhuc
1008 2762 1249 2831 ignotus
1278 2758 1366 2811 est
1394 2751 1766 2825 Euthymius,
1796 2750 1899 2813 eis,
1941 2752 2006 2803 ut
2036 2747 2122 2802 in-

466 2838 754 2922 notescat,
787 2850 1100 2915 suaserim,
1139 2850 1205 2904 ut
1235 2844 1445 2901 saltem
1481 2841 1692 2897 ultima
1721 2838 1833 2894 tria
1865 2839 2123 2908 Evange-

465 2948 525 3004 lii
553 2945 807 3005 Matthsei
847 2941 1035 3012 capita
1072 2935 1447 3009 perlustrent.
1482 2930 1641 2985 Hanc
1682 2928 1841 2983 enim
1872 2940 2121 2994 evange-

467 3039 596 3097 licae
639 3031 1001 3093 narrationis
1040 3029 1272 3101 partem
1312 3025 1370 3078 et
1411 3037 1447 3078 a
1499 3020 1949 3089 Chrysostomo,
1986 3019 2041 3071 et
2084 3032 2120 3071 a

380 3178 389 3187 ι
468 3127 705 3201 Cyrillo,
761 3128 817 3180 et
840 3118 918 3178 ab
948 3118 1070 3175 aliis
1123 3111 1422 3170 veteribus
1467 3105 1868 3201 negligentius
1908 3108 2117 3160 tracta-

466 3194 591 3275 tam
611 3208 999 3287 deprehendi.
1022 3209 1105 3260 Ex
1125 3199 1394 3271 Origenis
1411 3202 1633 3260 autem,
1661 3194 1888 3287 nescio,
1918 3196 2120 3287 utrum

465 3308 665 3364 dicam
692 3278 1188 3358 -Commentariis,
1240 3303 1317 3345 an
1350 3282 1841 3346 cavillationibus,
1884 3278 2121 3336 etiamsi

468 3395 670 3455 omnia
699 3391 827 3462 ejus
856 3385 1071 3455 scripta
1111 3380 1187 3436 ad
1228 3392 1447 3433 manus
1473 3370 1769 3440 habuerit,
1811 3368 1960 3425 nihil
1986 3383 2122 3440 pro-

464 3488 642 3543 ﬁcere
661 3458 870 3556 potuit.
893 3477 1159 3535 Textum,
1187 3482 1370 3540 quem
1400 3458 2119 3556 meeum-Evangeliorum

465 3546 948 3644 multo-quidem
1001 3557 1349 3623 modestius,
1398 3549 1737 3644 accuratius
1789 3551 1847 3604 et
1882 3546 2119 3602 ﬁdelius

464 3638 761 3724 tractavit,
793 3671 980 3729 quam
1029 3644 1392 3706 consuetudo
1425 3639 1532 3696 fuit
1576 3638 1815 3729 illorum
1847 3639 1904 3692 et
1944 3649 2119 3729 supe-

461 3754 691 3810 riorum
736 3724 1076 3816 temporum
1128 3734 1538 3805 interpretum.
1600 3727 1882 3797 Origenes
1935 3724 2115 3790 enim,

463 3843 713 3914 ejusque
730 3834 953 3893 nimius
976 3827 1302 3886 admirator
1315 3837 1385 3879 ac
1397 3818 1679 3914 imitator,
1694 3816 2115 3914 llieronymus,

461 3905 524 3989 in
550 3905 753 3986 multis
781 3923 1006 3985 leviter,
1032 3919 1094 3973 in
1124 3914 1253 3973 aliis
1282 3907 1602 3983 perﬁdiose
1630 3906 1813 3961 etiam
1845 3905 2114 3973 egerunt.

464 4020 923 4092 Chrysostomus
938 4011 1161 4068 autem,
1181 3997 1545 4059 abundantis
1556 3992 1853 4092 facundiae
1867 3991 2115 4092 ﬂumine

460 4080 771 4180 abreptus,
808 4100 1030 4157 multos
1057 4093 1417 4164 scriptorum
1454 4097 1763 4140 sacrorum
1795 4080 1961 4135 locos
1983 4082 2117 4180 ‘tur-

457 4167 639 4263 bavit,
680 4167 915 4265 disjecit
960 4190 1018 4243 et
1064 4177 1381 4255 oppressit.
1425 4180 1506 4229 Ac
1549 4170 1845 4265 profecto,
1884 4169 1932 4265 si
1982 4167 2113 4222 libri

458 4258 960 4357 evangelist'arum
986 4278 1043 4330 et
1072 4266 1488 4343 apostolorum
1512 4276 1619 4357 per
1650 4258 1811 4357 solos
1831 4258 2114 4327 interpre-

454 4381 568 4442 tes,
598 4347 992 4443 dogmaticos,
1028 4358 1340 4419 homiletas
1368 4357 1425 4408 et
1455 4352 1689 4407 ascetas
1721 4347 1799 4403 ad
1832 4360 1948 4443 nos
1974 4359 2108 4416 per-

454 4434 783 4527 venissent,
815 4454 1048 4513 dudum
1074 4450 1138 4504 in
1172 4444 1357 4503 dubio
1380 4450 1778 4505 versaremur,
1808 4434 1954 4507 quid
1982 4438 2111 4527 tan-

454 4521 595 4611 dem
634 4548 719 4605 illi
770 4521 1133 4615 scripserint.
1186 4537 1353 4589 Nunc
1401 4531 1600 4585 autem
1647 4525 1851 4597 plures
1901 4521 2109 4577 scribae

455 4642 729 4700 codicum
774 4633 955 4697 docti,
985 4625 1187 4686 attenti
1217 4627 1274 4679 et
1312 4618 1535 4684 ﬁdeles,
1569 4630 1783 4689 parum
1826 4615 2107 4668 curantes

452 4732 536 4807 (a)
560 4725 1040 4799 dogmaticorum
1069 4719 1126 4807 et
1147 4712 1536 4807 interpretum
1566 4704 1659 4807 vel
1689 4701 2108 4807 perlevitatem

452 4790 975 4889 et'negligentiam,
1005 4805 1101 4862 vel
1120 4818 1226 4877 per
1241 4800 1510 4857 fraudem
1538 4800 1596 4851 et
1619 4790 1934 4889 malitiam,
1967 4803 2105 4889 con-

588 4876 860 4964 cbdicum
887 4876 1074 4955 ﬁdem
1122 4876 1179 4949 et
1208 4887 1617 4948 auctoritatem
1662 4882 1855 4937 illatas
1907 4876 2109 4933 lectio-

450 5014 560 5056 nes
610 5000 667 5053 et
715 4987 1059 5053 sententias,
1102 4983 1185 5048 id,
1235 4978 1400 5053 quod
1444 4976 1508 5032 in
1554 4972 1679 5029 suis
1721 4967 2105 5056 NovihTesta-

450 5086 635 5145 menti
665 5080 976 5140 codicibus
1006 5070 1401 5146 reperiebant,
1430 5066 1489 5120 in
1522 5076 1721 5124 suum,
1755 5058 1815 5112 in
1847 5054 2100 5146 aliorum

446 5175 785 5244 hominum,
816 5171 878 5227 in
908 5141 1184 5223 Ecclesiae
1210 5174 1388 5215 usum
1419 5152 1725 5226 publicum
1756 5141 2107 5202 transcribe-
2138 5198 2186 5254 Β

518 5372 601 5441 (a)
629 5365 948 5429 Recordor,
988 5358 1211 5441 alicubi
1255 5356 1317 5409 in
1356 5348 1587 5420 scriptis
1612 5338 2103 5441 ᾹζίσκΙΞιέςίὶΞῖἶῘΗὶ

518 5375 579 5441 (a
629 5372 948 5429 Recordor,
988 5372 1211 5417 alicubi
1255 5372 1317 5409 1n
1356 5372 1587 5420 scrlpus
1612 5372 1971 5419 ωισιιιισιιδν.
2004 5372 2101 5393 νιιι

447 5372 1145 5516 periitustris,___eamdem
1176 5418 2101 5516 expressamessensent‘elptiﬁrnri

1017 5480 1322 5590 91136116}:
1348 5480 2104 5590 ροῑεῇξξῐικτῗρξῖξξὶθᾏξξὲυῃίξ

2230 2571 2453 2627 cbardo
2481 2570 2770 2635 Simonio,
2803 2568 3127 2633 Lambecio,
3146 2568 3503 2623 Treschovio
3532 2572 3587 2622 et
3618 2565 3891 2637 nuperri-

2232 2677 2327 2716 me
2352 2676 2424 2715 ex
2455 2659 2667 2715 Altero.
2705 2657 2934 2714 Similes
2979 2657 3154 2712 etiam
3211 2657 3473 2711 Birchius
3504 2655 3771 2711 adhibuit
3818 2656 3884 2709 in

2230 2748 2489 2806 editione
2529 2746 2873 2813 Hauniensi,
2922 2746 3004 2801 uti
3037 2762 3109 2800 ex
3144 2745 3447 2800 nonnullis
3490 2744 3567 2800 ab
3612 2760 3682 2799 eo
3712 2741 3893 2798 editis

2230 2838 2445 2907 colligo
2468 2837 2726 2893 scholiis.
2753 2837 2807 2893 Si
2832 2850 2973 2905 ergo
2997 2835 3352 2906 Euthymius
3368 2851 3505 2889 cum
3534 2834 3636 2905 huj
3650 2832 3893 2889 usmodi

2229 2928 2552 2991 codicibus,
2577 2933 2676 2981 aut
2703 2942 2840 2981 cum
2864 2926 3299 2996 Cbrysostomo,
3325 2924 3581 2995 aliisque
3603 2923 3893 2993 interpre-

2231 3017 2387 3072 tibus
2418 3016 2726 3086 consentit,
2762 3015 2890 3085 ejus
2922 3018 3129 3069 contra
3155 3013 3430 3067 meliores
3461 3011 3694 3067 codices
3724 3009 3893 3065 nulla

2229 3109 2425 3178 potest
2472 3120 2601 3159 esse
2632 3104 2969 3159 auctoritas.
3008 3099 3158 3156 Illud
3203 3100 3381 3155 etiam
3436 3099 3496 3154 in
3543 3099 3886 3170 Euthymio,

2231 3194 2399 3248 sicuti
2430 3193 2490 3247 in
2521 3190 2793 3264 pluribus
2840 3191 3053 3246 Graecis
3085 3193 3143 3244 et
3172 3189 3399 3244 Latinis
3439 3187 3888 3259 interpretibus,

2230 3282 2516 3354 displicet,
2562 3281 2724 3353 quod
2772 3280 3097 3353 ἀντιγράφων
3154 3278 3519 3333 vocabulum
3582 3275 3891 3331 indeﬁnite

2232 3372 2494 3440 adhibet,
2526 3385 2648 3425 non
2680 3370 2753 3424 de
2800 3369 2937 3425 solis
2972 3367 3116 3423 Novi
3153 3367 3509 3422 Testamenti
3558 3365 3887 3429 codicibus,

2230 3462 2326 3515 sed
2359 3460 2433 3515 de
2464 3460 2850 3531 interpretum
2882 3457 3062 3512 etiam
3090 3455 3554 3510 Commentariis.
3591 3454 3704 3510 Sed
3740 3452 3894 3508 illud

2228 3550 2435 3606 vitium
2473 3563 2794 3604 commune
2833 3546 3141 3618 quondam
3184 3544 3310 3599 fuit.
3349 3548 3430 3599 Ita
3460 3541 3894 3599 recentioribus

2228 3640 2407 3695 etiam
2431 3637 2808 3709 temporibus,
2838 3637 3077 3690 inventa
3093 3636 3215 3689 arte
3235 3633 3692 3705 typographica,
3718 3630 3893 3686 multi

2228 3745 2299 3783 ex
2325 3728 2539 3784 criticis
2559 3732 2617 3782 et
2635 3724 2958 3782 editoribus
2981 3723 3173 3779 editos
3197 3723 3371 3778 etiam
3394 3722 3580 3777 libros
3607 3720 3891 3777 codicum

2227 3822 2284 3874 et
2307 3815 2737 3888 exemplarium
2766 3813 3004 3870 nomine
3023 3812 3420 3884 appellarunt.
3454 3813 3739 3866 Utautem
3772 3810 3890 3865 hos

2228 3906 2700 3965 Commentarios
2725 3903 2986 3970 ederem,
3020 3903 3080 3957 in
3112 3902 3314 3973 primis
3334 3918 3428 3956 me
3457 3906 3893 3971 permoverunt

2224 4002 2307 4053 tot
2356 3996 2833 4054 doctissimorum
2862 3992 3152 4056 virorum,
3188 3992 3568 4062 maximeque
3613 3990 3891 4045 Richardi

2228 4085 2494 4150 Simonii,
2528 4084 2601 4138 de
2629 4084 2698 4137 iis
2722 4081 2985 4152 judicia;
3013 4079 3230 4135 deinde
3261 4080 3383 4134 duo
3407 4077 3891 4150 praestantissimi

2223 4175 2459 4231 codices
2486 4174 2916 4243 Mosquenses;
2945 4168 3204 4238 denique
3227 4183 3467 4222 summa
3490 4167 3672 4236 hujus
3703 4165 3889 4221 libelli

2221 4263 2453 4320 raritas.
2487 4257 2729 4316 Mirabili
2778 4258 2938 4313 enim
2986 4272 3135 4311 casu
3183 4255 3419 4311 videtur
3469 4254 3784 4322 accidisse,
3820 4257 3890 4309 ut

2219 4350 2373 4407 inter
2400 4354 2485 4406 tot
2517 4345 2764 4403 Joannis
2800 4344 3062 4399 Heutenii
3110 4342 3403 4399 editiones
3446 4341 3738 4397 versionis
3778 4341 3890 4397 La-

2219 4441 2359 4497 tinae
2387 4438 2491 4493 vix
2512 4451 2638 4492 una
2683 4434 2927 4506 reperiri
2980 4432 3190 4504 possit.
3245 4431 3535 4503 Equidem
3570 4432 3729 4487 certe
3779 4444 3890 4500 per

2219 4544 2404 4584 annos
2435 4524 2755 4581 duodecim
2784 4522 3003 4579 frustra
3024 4522 3115 4577 vel
3145 4536 3339 4577 unum
3369 4520 3515 4575 mihi
3538 4517 3886 4589 exemplum

2216 4617 2487 4691 quaesivi,
2515 4631 2583 4672 ac
2599 4618 2902 4686 postremo
2930 4612 3174 4667 tandem
3201 4610 3400 4674 didici,
3434 4609 3511 4666 ab
3543 4609 3676 4664 aliis
3701 4608 3886 4663 etiam

2215 4712 2368 4780 inter
2419 4705 2606 4760 libros
2654 4702 2911 4759 rariores
2966 4700 3187 4756 referri.
3250 4702 3307 4753 In
3367 4698 3662 4770 principio
3701 4696 3886 4767 hujus

2215 4794 2488 4852 editionis
2510 4808 2652 4863 ergo
2683 4808 2831 4847 usus
2859 4806 2995 4845 sum
3022 4794 3182 4845 tomo
3215 4790 3327 4843 XIX
3356 4786 3735 4843 bibliothecae
3758 4800 3887 4841 ma-

2212 4886 2391 4941 ximae
2423 4880 2835 4951 Lugdunensis
2862 4883 3015 4945 1677,
3049 4893 3230 4949 quem
3251 4876 3393 4931 mihi
3418 4892 3491 4931 ex
3520 4874 3886 4931 bibliotheca

2215 4972 2567 5047 amplissimi
2601 4975 2845 5026 senatus
2879 4967 3199 5039 Lipsiensis
3229 4966 3727 5021 commodaverat
3752 4979 3886 5035 per-

2213 5063 2455 5122 illustris
2493 5060 2787 5129 Mullerus,
2837 5056 3220 5113 serenissimo
3265 5056 3537 5111 Saxoniae
3579 5054 3817 5111 electori
3846 5069 3885 5109 θ.

2216 5152 2477 5211 consiliis
2522 5150 2750 5206 bellicis
2795 5145 3235 5210 secretioribus,
3309 5144 3681 5217 civitatisque
3745 5143 3884 5214 Lip-

2214 5333 2446 5388 bendos
2464 5346 2595 5385 esse
2627 5328 2855 5384 scribas
2888 5327 3168 5383 Codicum
3202 5325 3729 5394 Cantabrigiensis,
3761 5321 3883 5378 Cla-

2215 5402 2578 5465 romontani,
2617 5399 3177 5467 Sangermanensis,
3215 5399 3549 5467 Augiensis,
3580 5394 3885 5467 Boerneri-

2217 5477 2336 5543 ani,
2362 5466 2838 5542 caeterorumque
2873 5470 3003 5540 ejus
3036 5466 3443 5543 generisjfsed
3474 5469 3547 5523 de
3567 5466 3883 5543 Cantabri-

2216 5536 2406 5618 giensi
2448 5550 2503 5599 et
2555 5536 2971 5618 Boernerian'o,
3030 5536 3089 5618 si
3134 5540 3489 5618 prodierint,
3523 5540 3723 5612 plures
3770 5536 3883 5592 viri

2216 5611 2372 5676 docti
2397 5618 2593 5672 verius
2623 5619 2681 5670 et
2706 5613 3042 5670 accuratius
3070 5611 3449 5683 judicabunt.
