4110 6378
138 346 205 406 13

1686 344 2065 407 ΡΗᾸΞῈΑΤΙΟ
3518 336 3588 403 14

144 474 352 530 siensis
376 473 626 531 consul.
660 475 840 548 Typis
862 472 992 548 jam
1030 488 1316 547 expresso
1348 474 1489 531 folio
1534 478 1704 531 sexto
1736 474 1815 531 ad
1847 476 1894 530 A
1926 489 2048 546 quo
2080 476 2283 529 tamen
2315 466 2491 527 valde
2528 464 2759 526 dubito.
2802 469 3106 526 Parisinus
3136 464 3295 534 2401,
3326 484 3363 525 a
3400 485 3589 525 manu

148 565 434 637 paginam
465 563 559 619 96.
597 564 862 637 Heynius
892 565 1091 631 etiam,
1122 564 1547 635 augustissimo
1589 567 1814 635 Magum

154 652 458 708 Britanniae
503 653 635 723 regi
670 669 706 708 a
732 653 992 708 consiliis
1042 652 1272 717 aulicis,
1308 653 1393 707 vir
1438 652 1814 724 perillustris,

154 741 227 798 ad
248 758 333 797 me
348 743 691 798 transmisit
714 742 1046 807 editionem,
1063 745 1125 797 ut
1149 741 1423 808 arbitror,
1458 740 1817 813 principem,

158 831 591 886 Lovaniensem
632 832 799 888 1544.
844 830 1159 886 Codicibus
1190 834 1377 886 textus
1409 830 1592 885 Graeci
1619 830 1821 885 adhuc

156 918 357 974 inediti
392 935 537 974 usus
568 936 697 973 sum
740 919 975 975 duobus
1007 919 1487 991 Mosquensibus,
1522 918 1822 974 membra-

157 1008 381 1071 naceis,
410 1009 678 1063 auctoris
726 1012 896 1063 aetate
934 1007 1194 1080 scriptis.
1229 1008 1388 1064 Alter
1407 1010 1472 1061 A.
1501 1013 1589 1063 est
1612 1007 1824 1063 biblio-

158 1095 339 1151 thecae
367 1095 769 1168 typographei
819 1096 1120 1169 synodalis
1150 1096 1341 1151 in-fol.
1374 1112 1545 1154 num.
1578 1097 1631 1164 1,
1663 1112 1824 1151 com-

160 1184 421 1256 plectens
450 1184 593 1239 folia
623 1183 753 1244 274.
782 1184 938 1240 Alter
979 1188 1017 1241 Β
1044 1190 1131 1240 est
1158 1184 1539 1241 bibliothecae
1579 1185 1821 1240 sanctis.

160 1274 322 1329 simae
370 1274 587 1345 synodi
620 1273 681 1329 in
709 1274 809 1329 fol.
840 1291 1003 1330 num.
1054 1274 1216 1329 XLIX
1258 1273 1535 1330 foliorum
1582 1274 1708 1329 410.
1759 1274 1825 1328 In

158 1361 257 1416 illo
290 1365 491 1417 textus
515 1361 968 1431 Evangeliorum
1000 1362 1253 1433 scriptus
1282 1366 1372 1417 est
1401 1362 1606 1417 litteris
1646 1360 1825 1430 paulo

156 1449 515 1520 majoribus.
531 1450 1007 1505 Commentarius
1022 1450 1375 1505 minoribus.
1394 1454 1454 1505 In
1469 1450 1581 1506 hoc
1596 1448 1826 1506 easdem

157 1545 299 1595 sunt
344 1538 553 1595 littera;
590 1538 653 1593 in
686 1543 849 1594 textu
876 1539 1003 1594 etin
1036 1538 1292 1603 scholiis,
1324 1538 1431 1594 sed
1466 1539 1593 1603 iste,
1634 1538 1823 1609 liquo-

156 1642 217 1683 re
245 1627 454 1694 rubro,
500 1626 651 1690 haec,
694 1629 1025 1683 atramento
1074 1628 1294 1699 scripta
1334 1633 1491 1683 sunt.
1522 1628 1721 1699 istum
1764 1626 1826 1681 in

158 1732 297 1772 mea
335 1716 482 1772 Novi
509 1715 871 1771 Testamenti
901 1714 1158 1771 editione
1188 1716 1483 1787 appellavi
1509 1732 1571 1780 η,
1596 1717 1757 1771 hunc
1782 1715 1821 1770 ἱ.

1926 562 2241 619 recentiori
2285 561 2615 631 ascriptum
2643 559 2824 615 habet
2862 574 3082 615 nomen
3131 558 3346 614 Nicetis
3395 560 3589 615 Serra-

1926 667 2081 717 rum,
2114 651 2213 723 qui
2251 650 2425 719 vulgo
2443 648 2848 705 Heracleensis
2869 646 3224 720 appellatur.
3253 646 3412 702 Alter
3436 646 3589 702 Pari-

1928 742 2116 807 sinus,
2150 746 2212 796 ut
2244 738 2519 803 arbitror.
2556 737 2861 803 recentior,
2893 736 3095 792 tribuit
3123 735 3585 808 Theophylacto,

1930 845 2111 902 quem
2179 828 2456 900 appellat,
2523 830 2613 878 τὸν
2676 826 2947 901 ἱερώτατον
3011 824 3350 900 Βουλγαρίας,
3411 823 3591 880 nimi-

1928 935 2067 976 rum
2134 922 2564 992 ἁρχιεπίοκοπον.
2620 916 2788 971 Meus
2832 917 2895 970 Β.
2953 914 3087 971 loco
3138 915 3358 971 Indicis
3406 913 3592 970 habet

1932 1009 2191 1080 spatium
2213 1022 2492 1071 vacuum,
2525 1004 2658 1061 ideo
2678 1005 2954 1072 fortasse,
2989 1009 3053 1059 ut
3075 1009 3283 1077 postea
3309 1020 3344 1059 a
3364 1002 3589 1075 pictore

1934 1113 2105 1162 auro,
2136 1095 2340 1152 aliisve
2366 1094 2667 1151 coloribus
2698 1093 3018 1149 adderetur
3042 1097 3224 1164 atque
3255 1096 3587 1149 ornaretur.

1934 1184 2195 1241 Iudicem
2247 1184 2466 1240 codicis
2508 1182 2841 1253 Aexpressi
2869 1197 2931 1253 p.
2965 1182 3033 1237 10
3076 1180 3401 1236 Hentenius
3449 1179 3591 1235 nul-

1932 1273 2059 1330 lum
2089 1273 2320 1330 videtur
2346 1270 2663 1344 reperisse,
2695 1274 2761 1327 ut
2783 1286 2855 1326 ex
2887 1271 3020 1342 ejus
3048 1268 3396 1343 praefatione
3426 1274 3483 1325 et
3507 1270 3593 1323 in-

1935 1362 2349 1433 terpretatione
2377 1377 2438 1433 p.
2467 1361 2520 1425 9,
2572 1359 2771 1430 colligi
2812 1363 3032 1432 potest.
3066 1360 3131 1414 In
3161 1375 3233 1416 eo
3258 1363 3456 1415 autem
3495 1372 3588 1413 ve-

1933 1451 2241 1508 hementer
2270 1454 2427 1505 errat
2456 1446 2788 1505 Richardus
2821 1446 3147 1513 Simonius,
3174 1446 3334 1518 quod
3368 1446 3592 1502 litteras

1936 1540 2027 1612 ἀμ.
2069 1554 2179 1612 pro
2204 1537 2496 1610 Ἀμμώνιος
2538 1535 2784 1609 accepit.
2831 1539 2981 1593 Nam
3011 1535 3315 1591 Ammonii
3344 1548 3589 1599 nomen,

1934 1628 2097 1702 quod
2121 1628 2404 1700 frequens
2433 1630 2523 1683 est
2550 1626 2611 1681 in
2645 1624 2872 1681 catenis
2903 1625 3142 1693 Graecis,
3181 1627 3242 1680 in
3285 1623 3595 1680 codicibus

1936 1717 2183 1790 quidem
2209 1714 2664 1787 Mosquensibus
2688 1729 3006 1786 nunquam
3036 1713 3234 1769 inveni
3260 1729 3384 1769 uno
3400 1712 3593 1786 psori-

165 1808 243 1861 De
269 1808 531 1877 utroque
549 1804 802 1876 exposui
828 1804 905 1859 ad
923 1804 1240 1876 epistolam
1270 1804 1434 1860 Pauli
1466 1804 1546 1860 ad
1579 1804 1823 1859 Thessa-
1862 1824 1905 1879 Β
1937 1810 2129 1879 ptum,
2174 1806 2286 1862 etsi
2333 1805 2483 1875 sigla
2541 1809 2719 1860 esset.
2757 1804 2879 1875 ’Δμ.
2930 1818 3093 1871 ergo,
3120 1802 3287 1875 quod
3318 1802 3495 1858 etiam
3532 1802 3594 1857 in

164 1894 521 1961 lonicenses,
555 1908 616 1964 p.
659 1893 781 1957 202,
815 1892 940 1947 203.
976 1893 1315 1965 Specimina
1351 1893 1679 1949 litterarum
1714 1907 1827 1948 aere

168 1998 457 2055 expressa
501 1981 749 2037 exhibui
783 1980 861 2037 ad
904 1981 1295 2050 Evangelium
1352 1980 1602 2037 Joannis
1659 1981 1830 2037 istius

170 2071 472 2128 editionis.
525 2070 726 2126 Codex
774 2068 840 2123 Β.
874 2070 1249 2142 praestantior
1288 2074 1375 2126 est
1417 2070 1599 2126 altero
1629 2069 1833 2126 ascri—

170 2161 247 2217 ba
272 2159 637 2230 diligentiori
664 2174 734 2214 ac
753 2156 1003 2215 ﬁdeliori
1034 2157 1311 2231 scriptus.
1339 2161 1487 2214 Nam
1518 2158 1665 2215 alter
1695 2157 1833 2214 scri-

169 2248 250 2305 ba
292 2248 513 2320 smpius
563 2245 867 2303 aberravit
920 2250 977 2303 et
1019 2246 1078 2303 in
1122 2246 1360 2302 scholiis
1406 2246 1485 2303 ad
1535 2248 1833 2303 Joannem

170 2335 360 2392 multa
385 2335 483 2391 vel
520 2350 628 2407 per
657 2334 979 2407 pigritiam,
1008 2333 1098 2391 vel
1145 2350 1251 2406 per
1288 2332 1565 2392 fraudem
1596 2338 1834 2406 praster-

168 2425 345 2481 misit.
400 2426 469 2479 ln
509 2427 766 2496 utroque
822 2423 1045 2489 codice,
1102 2423 1276 2479 sicuti
1313 2423 1373 2478 in
1426 2422 1710 2479 Parisinis
1778 2426 1837 2481 et

170 2512 465 2580 Hentenii,
498 2513 690 2569 multa
728 2512 953 2569 scholia
992 2511 1070 2568 ab
1100 2511 1313 2568 iisdem
1355 2511 1565 2568 scribis
1614 2512 1835 2585 scripta

167 2611 305 2659 sunt
331 2604 394 2659 in
428 2601 720 2672 margine,
758 2601 833 2657 de
859 2617 980 2674 quo
1010 2601 1069 2657 in
1112 2600 1257 2657 locis
1303 2601 1551 2672 singulis
1580 2601 1832 2658 lectores

168 2691 403 2748 monui.
431 2690 720 2746 Videntur
741 2694 941 2746 autem
967 2690 1080 2746 ista
1111 2689 1340 2747 scholia
1357 2694 1597 2746 auctore
1622 2692 1835 2763 Euthy-

171 2782 293 2839 mio
321 2782 483 2853 ipso,
517 2784 647 2852 post
703 2780 832 2851 ejus
879 2779 1189 2853 repetitam
1232 2780 1559 2846 lectionem,
1607 2780 1839 2837 adlecta

172 2887 324 2932 esse,
347 2885 456 2941 per
476 2868 723 2925 eosdem
740 2867 992 2925 scribas.
1018 2867 1082 2925 ld
1110 2868 1252 2924 satis
1274 2868 1341 2924 ﬁt
1363 2867 1667 2941 probabile
1698 2884 1837 2926 cum

173 2976 245 3017 ex
274 2957 410 3017 aliis
458 2957 625 3023 locis,
682 2961 806 3013 tum
836 2972 907 3012 ex
947 2955 1172 3013 scholio
1217 2956 1295 3012 ad
1329 2958 1468 3013 Luc.
1498 2973 1578 3022 ix,
1614 2962 1697 3014 55.
1728 2957 1841 3013 Ad-

175 3050 289 3105 huc
317 3047 483 3106 enim
514 3047 575 3102 in
622 3045 929 3103 codicibus
977 3044 1199 3102 desunt
1229 3045 1434 3102 omnia
1465 3046 1543 3102 ab
1576 3051 1677 3099 Καὶ
1704 3046 1841 3099 εἶπεν

1939 1911 2075 1952 meo
2113 1897 2163 1950 A
2194 1895 2497 1965 reperitur,
2542 1895 2710 1948 notat
2747 1891 2908 1964 ἀμήν.
2952 1892 3033 1947 Ex
3077 1893 3168 1948 his
3199 1895 3469 1965 apparet,
3511 1890 3595 1959 ig-

1939 1988 2151 2039 notum
2187 1997 2319 2037 esse
2351 1996 2575 2037 nomen
2604 1978 2866 2037 auctoris
2890 1980 3105 2035 horum
3130 1978 3598 2035 Commentario-

1939 2087 2093 2128 rum.
2130 2070 2298 2127 Unde
2340 2084 2484 2138 ergo
2527 2068 2925 2138 cognoscitur,
2970 2067 3151 2125 fuisse
3178 2068 3598 2141 Euthymium?

1944 2160 2255 2218 Scilicetex
2276 2157 2551 2230 ejusdem
2571 2158 3013 2215 Commentario
3028 2158 3090 2213 in
3110 2157 3596 2231 Psalmos,quem

1942 2250 2302 2314 Hentenius,
2332 2245 2842 2312 Montefalconius,
2883 2261 3121 2319 nosque
3172 2246 3288 2319 ipsi
3331 2245 3600 2303 tractavi-

1942 2354 2098 2396 mus.
2125 2335 2440 2404 Quomodo
2468 2339 2670 2394 autem
2690 2336 2720 2390 ‘I
2742 2336 2938 2393 Primo
2975 2335 3243 2407 quidem,
3272 2351 3383 2391 nec
3412 2350 3598 2392 ovum

1941 2444 2058 2486 ovo
2104 2428 2187 2484 ita
2224 2430 2314 2484 est
2362 2424 2577 2492 simile,
2606 2428 2675 2480 ut
2714 2439 2855 2481 cum
2895 2424 3185 2481 Hentenio
3231 2424 3463 2496 loquar,
3513 2424 3601 2479 uti

1943 2516 2165 2575 similes
2189 2522 2326 2571 sunt
2344 2514 2406 2570 hi
2420 2513 2845 2571 Commentarii
2873 2514 3330 2571 Commentariis
3356 2514 3418 2570 in
3438 2512 3601 2569 Psal-

1944 2622 2097 2663 mos.
2141 2602 2436 2668 Secundo,
2482 2603 2542 2659 in
2580 2602 2824 2659 scholiis
2852 2603 2927 2659 ad
2958 2602 3230 2659 Psalmos
3260 2601 3602 2673 frequenter

1943 2695 2125 2765 hujus
2162 2690 2585 2749 Commentarii
2620 2691 2688 2748 ﬁt
2711 2692 2958 2757 mentio,
2988 2691 3072 2749 ita
3118 2695 3182 2748 ut
3218 2708 3479 2764 quorum
3518 2690 3601 2747 ibi

1946 2783 2053 2842 ﬁat
2088 2782 2334 2851 mentio,
2367 2797 2439 2839 ea
2467 2781 2565 2838 hic
2612 2781 3007 2854 reperiantur.
3046 2782 3257 2847 Tertio,
3289 2781 3605 2838 Commen-

1946 2872 2131 2931 tarius
2157 2872 2220 2929 in
2243 2870 2513 2929 Psalmos
2528 2885 2753 2929 nomen
2774 2870 3067 2943 Euthymii
3098 2871 3369 2927 additum
3400 2870 3603 2935 habet,

1949 2963 2057 3020 etsi
2085 2977 2210 3019 non
2244 2961 2307 3017 in
2333 2960 2615 3017 omnibus
2650 2960 2981 3017 codicibus.
3023 2960 3264 3017 Codices
3290 2961 3607 3017 Commen-

1948 3050 2228 3107 tariorum
2257 3049 2319 3105 in
2340 3049 2631 3112 Psalmos,
2662 3049 2766 3121 qui
2789 3048 2969 3119 vulgo
3000 3049 3323 3121 Euthymio
3350 3050 3613 3106 tribuun-

176 3138 272 3191 οὐκ
317 3138 399 3193 ad
441 3135 571 3188 ει)λά
607 3144 799 3236 (ζῶσαι.
849 3134 995 3234 Haec.
1044 3134 1207 3236 enim
1250 3134 1447 3206 primo
1489 3134 1842 3207 Euthymius
1879 3180 1921 3236 ρ
1953 3145 2068 3205 tur,
2092 3138 2155 3195 in
2186 3136 2648 3211 Mosquensibus
2670 3136 3046 3193 bibliothecis
3079 3140 3279 3195 inveni
3303 3138 3479 3196 duos.
3505 3140 3613 3195 Ac-

177 3228 540 3284 auctoritate
592 3223 1000 3297 Chrysostomi
1058 3223 1393 3280 excluserat
1432 3239 1445 3279 :
1479 3224 1541 3279 in
1592 3224 1847 3296 repetita

180 3322 388 3373 autem
420 3314 705 3381 lectione,
738 3316 802 3369 ut
832 3312 977 3369 satis
1006 3311 1181 3369 docet
1226 3311 1523 3368 scholium
1558 3312 1633 3368 ad
1663 3312 1848 3368 istum

179 3406 406 3472 locum,
436 3402 705 3475 ejusdem
733 3401 1084 3459 auctoritate
1112 3399 1449 3458 addiderat.
1478 3401 1647 3457 Forte
1684 3401 1848 3457 hunc

181 3493 457 3550 laborem
512 3492 717 3556 etiam,
749 3490 922 3547 sicuti
969 3489 1348 3561 Panopliam,
1375 3489 1616 3560 jubente
1645 3490 1849 3547 Alexio

184 3583 500 3639 Comneno
547 3579 830 3652 suscepit,
878 3594 947 3635 ac
976 3578 1178 3650 plures
1205 3578 1432 3633 scribas
1452 3578 1851 3651 imperatoriis

183 3670 485 3746 impensis
515 3669 845 3727 conductos
872 3666 1104 3724 habuit.
1152 3666 1268 3723 Sed
1310 3666 1373 3722 id
1404 3666 1623 3723 deinde
1651 3682 1854 3723 recen-

187 3762 365 3817 tiores
409 3758 593 3815 etiam
640 3757 857 3814 scribas
893 3755 1106 3812 imitati
1152 3758 1309 3824 sunt,
1346 3759 1411 3811 ut
1447 3770 1518 3811 ex
1566 3756 1853 3811 Hentenio

188 3850 459 3905 discitur.
490 3850 642 3904 Nam
672 3845 938 3904 Hentenii
972 3843 1180 3911 codex,
1213 3844 1321 3900 etsi
1347 3843 1493 3901 satis
1520 3843 1740 3908 bonus,
1766 3843 1856 3915 ju-

191 3940 325 3996 dice
355 3939 543 3995 etiam
571 3936 860 4001 Simonio,
878 3934 1086 3991 haberi
1115 3933 1315 3999 debet,
1342 3937 1546 3990 tamen
1579 3933 1709 3988 sine
1737 3932 1856 3988 ullo

194 4028 387 4085 dubio
419 4026 573 4083 meis
604 4025 715 4081 fuit
756 4022 1066 4081 recentior.
1102 4022 1333 4078 Etenim
1364 4021 1697 4081 Hentenius
1729 4021 1858 4092 ipse

198 4116 587 4190 conqueritur
615 4114 690 4170 de
732 4112 933 4169 multis
978 4127 1051 4168 ac
1094 4109 1447 4167 difﬁcilibus
1501 4109 1686 4180 siglis,
1722 4126 1860 4181 qua)

198 4223 407 4281 panem
447 4209 507 4262 et
552 4208 704 4260 noue
746 4208 881 4257 sunt
919 4201 983 4257 in
1034 4200 1209 4257 meis.
1264 4199 1551 4255 Praeterea
1598 4198 1860 4255 Heutenii

198 4294 575 4370 appendices
594 4292 770 4349 etiam
786 4290 971 4347 habet
983 4305 1055 4346 ex
1064 4289 1219 4346 Theo
1228 4287 1507 4361 phylacto
1529 4291 1584 4345 et
1606 4286 1861 4343 aliorum

200 4384 470 4447 scholiis,
510 4397 648 4455 quae
678 4380 739 4437 in
782 4384 996 4437 neutro
1044 4393 1321 4436 meorum
1368 4380 1741 4449 comparent.
1771 4376 1863 4432 Ni-

200 4473 535 4531 hilominus
564 4475 769 4528 tamen
794 4467 996 4525 multis
1020 4468 1082 4526 in
1126 4467 1272 4525 locis
1296 4467 1568 4523 versione
1592 4464 1866 4521 Hentenii

201 4580 310 4636 pro
332 4562 545 4619 codice
562 4560 646 4615 uti
663 4557 848 4631 potui.
876 4560 1021 4613 Eam
1043 4557 1223 4626 igitur
1240 4555 1354 4613 hac
1381 4554 1562 4610 etiam
1585 4554 1660 4610 de
1686 4569 1870 4610 causa
1904 4535 1949 4591 Ῑ)

204 4654 491 4710 intactam
518 4648 731 4721 reliqui
764 4670 778 4702 :
808 4646 1003 4718 adieci
1023 4650 1226 4702 tamen
1256 4644 1465 4716 partim
1503 4644 1562 4698 in
1591 4642 1869 4700 animad-

205 4739 611 4804 versionibus,
640 4737 859 4809 partim
896 4736 958 4795 in
989 4734 1110 4792 ﬁne
1165 4733 1361 4804 operis
1392 4731 1717 4788 nonnullas
1746 4746 1873 4787 cor-

204 4832 529 4889 rectiones.
576 4829 692 4885 Sex
737 4831 937 4885 autem
989 4823 1221 4880 codices
1258 4822 1443 4879 Graeci
1492 4824 1874 4880 Commenta-

207 4920 439 4979 riorum
479 4916 783 4988 Euthymii
814 4915 876 4971 in
907 4912 1233 4983 Evangelia
1276 4910 1425 4968 mihi
1466 4910 1667 4967 adhuc
1698 4909 1868 4964 inno-

211 5012 473 5066 tuerunt.
509 5010 638 5062 Duo
683 5007 1085 5077 Mosquenses,
1129 4999 1421 5067 Hentenii,
1464 4998 1582 5054 duo
1624 4996 1874 5054 Parisini

214 5099 357 5169 regii
404 5112 577 5154 num.
624 5098 761 5151 2393
807 5100 863 5148 et
902 5092 1062 5157 2401,
1108 5092 1167 5145 et
1206 5089 1287 5161 (ὁ)
1332 5086 1752 5144 Baroccianus.
1814 5088 1879 5140 1n

214 5188 376 5243 nullo
404 5187 627 5243 horum
646 5182 925 5240 codicum
950 5193 1173 5235 nomen
1192 5178 1468 5245 auctoris,
1487 5175 1602 5231 nisi
1630 5175 1780 5231 forte
1819 5173 1881 5228 in

215 5276 602 5340 Barocciano,
633 5287 822 5347 quem
871 5268 1082 5327 Millius
1125 5267 1416 5335 tractavit,
1446 5265 1756 5337 reperitur,
1806 5262 1881 5317 de

281 5478 359 5547 (ὁ)
391 5474 607 5530 Mimas
652 5471 877 5547 ίηηξυέἒ
917 5468 983 5547 δε
1021 5466 1181 5547 Τ9³ίε
1228 5462 1496 5547 edim"?
1514 5458 1884 5547 ἓὲίξδέὶθὲίξέ

222 5533 439 5605 Eusebii
468 5542 775 5614 Evangelii
811 5536 1101 5614 -ltlatthaei,
1147 5535 1269 5589 duo
1304 5534 1433 5614 loca
1460 5533 1881 5614 Commentarii

223 5600 511 5693 ξιξῐήὶῶἱί
536 5600 827 5693 Ζὶεξιὲθηί
844 5610 906 5663 in
938 5600 1886 5693 “.Euhf’eﬂm.ROEi‘ﬁ'.‘l“‘§}E§HBE

222 5698 309 5749 tur
333 5677 397 5751 in
424 5692 539 5749 hac
567 5677 843 5747 editione
873 5695 933 5753 p.
975 5683 1034 5735 13
1074 5682 1130 5734 et
1155 5678 1242 5732 15.
1287 5677 1364 5730 Ea
1393 5678 1595 5730 autem
1638 5677 1886 5742 reperiri

1956 3228 2115 3286 cedit
2151 3228 2357 3285 tertius
2402 3224 2515 3282 illis
2541 3224 2720 3282 valde
2765 3224 2995 3281 similis.
3044 3228 3124 3283 De
3161 3226 3255 3282 his
3306 3227 3457 3283 infra
3485 3243 3613 3283 mo-

1957 3319 2080 3375 nui.
2104 3316 2219 3375 Sed
2245 3332 2319 3372 ex
2346 3314 2442 3371 his
2459 3313 2605 3371 nihil
2628 3313 2899 3380 efﬁcitur,
2914 3315 3081 3388 quod
3093 3316 3351 3373 auctoris
3368 3316 3613 3373 nomine

1958 3410 2178 3465 carent.
2200 3406 2627 3462 Verumtamen
2654 3403 2731 3460 de
2748 3403 3023 3476 Philippo
3044 3405 3245 3471 Saulo,
3261 3406 3368 3478 qui
3389 3404 3615 3478 primus

1961 3496 2171 3554 Latine
2186 3491 2845 3550 ediditCommentarios
2868 3492 2931 3549 in
2958 3492 3241 3559 Psalmos,
3268 3510 3494 3567 eosque
3511 3497 3620 3550 Eu-

1961 3584 2192 3656 thymio
2203 3582 2428 3653 tribuit,
2442 3579 2758 3654 probabile
2786 3580 3024 3638 videtur
3047 3596 3187 3638 eum
3201 3582 3503 3655 Euthymii
3516 3598 3620 3641 no-

1962 3690 2103 3733 men
2129 3673 2423 3747 reperisse
2452 3672 2513 3729 in
2542 3686 2664 3729 uno
2686 3675 2790 3728 aut
2821 3671 3101 3744 pluribus
3139 3673 3469 3731 codicibus.
3513 3676 3623 3731 Ac-

1963 3765 2121 3823 cedit
2139 3763 2289 3820 ﬁdes
2319 3766 2377 3819 et
2388 3760 2709 3819 auctoritas
2732 3761 3195 3831 Montefalconii,
3223 3763 3324 3836 qui
3351 3764 3435 3821 ita
3451 3779 3623 3837 repe-

1962 3854 2040 3911 rit
2077 3852 2139 3909 in
2168 3850 2479 3909 codicibus
2525 3848 2923 3906 Coislinianis.
2985 3851 3072 3907 Ita
3131 3852 3293 3908 enim
3336 3853 3513 3910 habet
3562 3852 3626 3909 in

1968 3942 2107 4000 Bibl.
2162 3940 2424 4006 Coislin.,
2474 3956 2537 4013 p.
2592 3939 2732 3994 1'78:
2767 3939 3076 4012 Euthymii
3128 3942 3447 4013 Zygadem'
3496 3942 3626 4013 (sic)

1969 4031 2386 4089 Commentarii
2406 4029 2472 4084 in
2511 4029 2807 4084 Psalmos.
2840 4028 3003 4084 Adde
3034 4031 3317 4087 eumdem
3344 4048 3403 4105 p.
3439 4031 3504 4087 58
3526 4035 3631 4106 Zy-

1970 4123 2240 4195 gabenus
2266 4118 2623 4192 appellatur,
2658 4116 2804 4173 ibid.
2834 4134 2895 4191 p.
2940 4122 3046 4175 200
3071 4123 3128 4175 et
3147 4124 3271 4177 425.
3302 4122 3629 4178 Hentenius

1971 4226 2112 4267 eum
2133 4208 2503 4281 Zigabonum
2526 4206 2811 4279 appellat.
2841 4206 3065 4272 Quibus
3078 4210 3325 4265 nomina
3347 4210 3516 4281 plura
3545 4225 3633 4265 re-

1974 4300 2123 4356 centi
2134 4313 2302 4353 rirum
2315 4296 2659 4353 Graecorum
2671 4300 2815 4352 nota
2840 4301 2999 4363 sunt,
3024 4296 3062 4350 ii
3089 4301 3330 4363 norunt,
3345 4296 3632 4369 etymolo-

1976 4388 2139 4459 giam
2150 4386 2387 4441 illorum
2399 4382 2895 4440 nominumvalde
2908 4399 3036 4439 esse
3048 4384 3424 4456 impeditam.
3444 4389 3509 4443 In
3523 4386 3636 4442 hoc

1978 4476 2223 4533 nomine
2243 4479 2445 4530 autem
2464 4474 2508 4528 Y
2528 4470 2669 4527 oriri
2694 4472 2886 4543 potuit
2912 4489 2979 4529 ex
3014 4473 3193 4546 ςυγος.
3217 4478 3279 4529 Η.
3301 4491 3374 4532 ex
3394 4475 3560 4547 βαίνω
3580 4483 3635 4529 Δ.

1980 4580 2052 4621 ex
2064 4562 2188 4619 δέω.
2223 4561 2388 4619 Unde
2400 4563 2421 4615 ι
2434 4562 2670 4625 venerit,
2696 4576 2876 4617 nemo
2890 4561 3053 4618 facile
3065 4563 3476 4621 hariolabitur.
3491 4565 3641 4621 Prte-

1979 4660 2067 4713 ter
2090 4652 2325 4710 codices
2346 4650 2924 4708 Commentariorum
2952 4652 3251 4725 Euthymii
3267 4653 3329 4709 in
3351 4654 3637 4718 Psalmos,

1982 4746 2240 4814 Mosquae
2268 4740 2471 4797 inveni
2522 4740 2705 4797 etiam
2736 4740 2971 4796 codices
3009 4741 3277 4812 ejusdem
3320 4743 3639 4815 Panopliae.

1986 4836 2065 4889 De
2094 4832 2187 4887 his
2225 4829 2411 4903 paulo
2449 4828 2694 4885 inferius
2736 4828 2879 4885 dixi.
2931 4832 3098 4887 Anna
3149 4830 3499 4897 Commena,
3536 4832 3644 4887 lib.

1985 4936 2084 4984 xv,
2111 4935 2170 4991 p.
2228 4918 2353 4984 490,
2412 4917 2551 4973 edit.
2604 4916 2791 4975 Paris.
2823 4917 2984 4986 1651,
3016 4922 3072 4975 et
3120 4921 3234 4976 Leo
3273 4919 3522 4977 Allatius
3574 4922 3645 4976 de

1989 5022 2287 5065 consensu
2334 5006 2644 5078 utriusque
2690 5005 2962 5062 Ecclesiae
3007 5023 3155 5080 pag.
3214 5009 3341 5075 638,
3375 5025 3446 5065 ex
3505 5016 3648 5065 tunc

1990 5097 2276 5167 temporis
2325 5095 2479 5151 libro
2531 5095 2755 5152 inedito
2807 5094 2890 5153 ita
2962 5096 3187 5154 habent
3237 5114 3248 5151 :
3308 5104 3649 5173 Παραπέμπω

1989 5189 2103 5245 τοὺς
2153 5184 2500 5257 βουλομένους
2572 5187 2666 5241 τὴν
2736 5184 2857 5241 ὅλην
2930 5186 3131 5259 αἰρεσιν
3199 5195 3299 5237 τῶν
3357 5188 3650 5259 Βογομίλων

1993 5275 2279 5344 διαγνῶναι
2315 5273 2381 5332 εἰς
2428 5277 2487 5324 τὸ
2527 5273 2660 5323 οὕτω
2705 5272 3017 5345 καλούμενον
3050 5273 3274 5345 βιϐλίον,
3320 5272 3651 5349 ὃογματικὴν

1997 5449 2173 5505 tradit
2200 5450 2256 5504 in
2282 5448 2485 5521 codice
2518 5447 2871 5521 Bodleiano.
2894 5518 2906 5521 Α
2935 5451 3077 5504 Cum
3118 5467 3259 5505 vero
3295 5452 3353 5505 in
3386 5452 3653 5521 Protege-

1998 5522 2176 5576 menis
2207 5520 2444 5574 nullam
2479 5520 2837 5575 mentionem
2886 5518 3085 5575 fecerit
3112 5522 3412 5577 Bodleiani
3434 5518 3656 5577 codicis

2000 5592 2318 5664 Euthymii,
2370 5591 2647 5664 suspicio
2694 5591 3013 5664 subqritur,
3047 5593 3287 5664 Milium
3348 5608 3453 5664 pro
3514 5595 3657 5650 Bod—

1997 5634 2189 5721 leianb
2222 5634 2773 5719 voluisserscribere
2820 5634 3199 5721 Barochiano.
