4110 6380
467 343 537 399 15
1978 342 2363 402 ΡΗΑΞΕΑΤΙΟ
3817 349 3885 406 16

466 466 772 531 πανοπλίαν,
840 463 893 526 ἐξ
948 463 1201 535 ἐπιταγῆς
1256 463 1450 536 τούμοῦ
1499 468 1695 537 πατρὸς
1758 469 2111 522 συντεθεῖσαν.
2149 470 2189 523 Α

468 562 576 610 Καὶ
613 559 711 628 γὰρ
760 557 993 626 μοναχὸν
1043 572 1157 605 τινα
1208 550 1515 623 Ζυγαδηνόν
1562 554 1893 627 καλούμενον,
1944 577 2117 628 γνωσ-

466 650 553 698 τόν
582 648 671 715 μὲν
708 651 769 715 τῇ
806 639 1055 713 δεσποίνῃ
1090 646 1180 693 καὶ
1224 646 1351 713 πρός
1388 645 1591 713 μητρός
1635 642 1729 715 ἐμῇ
1778 648 1992 717 μάμμῃ,
2026 652 2116 699 καὶ

464 740 598 788 πᾶσι
642 728 748 793 τοῖς
803 739 894 783 τοῦ
950 732 1212 803 ἱερατικοῦ
1269 730 1581 801 καταλόγου,
1631 742 2003 805 γραμματικῆς
2057 732 2116 787 δὲ

463 824 535 886 εἰς
562 825 721 895 ἄκρον
755 820 1043 879 ἐληλακότα
1073 825 1159 872 καὶ
1191 821 1474 894 ῥητορικῆς
1503 821 1597 873 οὐκ
1629 820 1937 893 ἀμελέτητον
1969 828 2110 889 ὄντα,

462 918 551 965 καὶ
594 915 651 964 τὸ
707 908 885 981 δόγμα
937 912 1005 971 ὡς
1053 909 1146 961 οὐκ
1172 908 1317 968 ἄλλος
1355 929 1436 969 τις
1475 908 1832 982 ἐπιστάμενον.
1865 919 2057 964 Τοῦτον
2088 916 2114 965 ὁ

461 1001 800 1073 αὐτοκράτωρ
883 996 1348 1069 μεταπεμψάμενος
1431 997 1666 1060 ἐπέταξεν
1733 999 1941 1062 ἁπάσας
2026 1005 2115 1062 τὰς

462 1093 688 1163 αἱρέσεις
753 1086 1017 1155 ἐκθέσθαι,
1084 1085 1310 1143 ἑκάστην
1384 1085 1517 1157 ἰδίᾳ,
1598 1092 1689 1139 καὶ
1759 1088 1837 1159 ἐφ’
1917 1090 2109 1163 ἑκάστῃ

461 1179 697 1249 [ἑκάστῳ
718 1175 857 1232 edit.
883 1175 1065 1230 Paris.
1085 1174 1250 1245 quod
1266 1175 1471 1245 ipsum
1485 1190 1730 1246 quoque
1746 1176 1878 1233 ferri
1892 1180 2109 1250 potest]

459 1270 550 1327 τὰς
586 1274 686 1318 τῶν
725 1264 886 1335 ἁγίων
936 1266 1185 1336 ’Πατέρων
1251 1260 1547 1337 ἀνατροπὰς
1608 1262 1997 1338 ἐγγράψασθαι,
2044 1296 2112 1307 .-

457 1360 663 1411 Ταύτην
714 1357 803 1410 τὴν
877 1350 1056 1423 βίϐλον
1130 1348 1457 1422 δογματικὴν
1534 1351 1821 1404 πανοπλίαν
1883 1355 1910 1404 ὁ
1954 1354 2112 1407 αὐτο-

459 1446 667 1516 κράτωρ
743 1441 1028 1511 ὠνόμασεν.
1101 1437 1409 1509 Ζυγαδηνὸν
1466 1454 1608 1509 ergo
1683 1440 1866 1496 habet
1931 1443 2110 1499 editio

457 1533 746 1594 Parisina,
795 1528 1043 1586 Allatius
1073 1543 1145 1583 ex
1199 1528 1424 1593 codice,
1467 1544 1578 1584 nec
1617 1528 2111 1587 Montefalconius

458 1621 520 1677 in
564 1619 712 1676 bibl.
752 1617 989 1674 Coislin.
1021 1633 1081 1689 p.
1146 1617 1251 1671 559
1302 1632 1374 1671 ex
1414 1632 1522 1672 suo
1579 1617 1785 1673 codice
1826 1617 1941 1674 hoc
1983 1619 2111 1676 loco

456 1708 689 1765 notavit
731 1707 1094 1761 dissensum.
1162 1704 1453 1777 Panoplia
1507 1705 1802 1776 Euthymii
1846 1707 2108 1777 primum

2367 474 2444 523 Τὰ
2471 474 2639 525 πάντα
2670 469 2741 538 δ’,
2775 477 2839 535 ὡς
2867 480 3000 547 χρὴ,
3029 481 3125 528 παὶ
3155 475 3321 536 καλῶς
3361 475 3651 549 ἐσκεμμένα
3684 494 3695 506 ·

2370 564 2467 611 Καὶ
2497 579 2546 611 τι
2573 560 2722 613 πλέον
2756 566 2990 637 φέροντα,
3016 563 3179 634 τολμὴ
3193 583 3285 624 σας
3313 563 3445 635 λέγω
3470 580 3482 591 ·

2367 648 2536 720 Χάρις
2568 644 2626 699 δὲ
2650 655 2799 700 πᾶσα
2823 658 2894 719 τῷ
2928 658 3069 721 σοφῷ
3103 655 3487 723 Χρυσοστόμῳ.

2225 734 2339 788 llos
2370 750 2575 790 versus
2616 738 2904 792 Macarius
2950 740 3476 811 Chrysocephalus,
3510 741 3761 812 scriptor
3792 757 3879 795 re-

2224 822 2465 888 centior,
2499 824 2573 877 ita
2603 825 2661 879 in
2702 841 2842 880 suos
2872 843 3015 881 usus
3068 828 3365 893 convertit,
3404 832 3469 883 ut
3524 832 3758 884 constat
3804 844 3876 883 ex

2224 909 2494 976 Fabricii,
2528 912 2679 968 Bibl.
2722 913 2817 968 Gr.
2852 919 2890 968 t.
2920 915 3033 977 VII,
3067 919 3249 986 p772.

2231 1020 2249 1025 “
2367 1000 2569 1051 Πολλῶν
2602 1005 2765 1053 πόνων
2797 1004 2970 1075 ἔρανος
3001 1003 3374 1076 ἠκριϐωμένος,

2361 1091 2439 1141 Τὰ
2475 1091 2645 1141 πάντα
2671 1087 2743 1155 δ’,
2777 1093 2845 1150 ὡς
2875 1097 3008 1163 χρὴ,
3034 1098 3123 1144 καὶ
3144 1092 3308 1153 καλῶς
3338 1092 3647 1166 ἐσκεμμένα,

2366 1174 2532 1230 Οὐδὲν
2563 1182 2823 1251 περιττὸν,
2862 1178 2985 1232 οὐδέ
3009 1180 3179 1233 λεῖπον
3211 1178 3416 1247 ἐνθάδε,

2362 1270 2629 1339 Μακάριος
2650 1269 2851 1339 συνῆψε
2881 1266 3263 1342 φιλαδελφείας.

2220 1373 2404 1429 Credo
2464 1381 2683 1439 autem,
2729 1375 2820 1431 Jo.
2885 1376 3375 1448 Christophorum
3433 1377 3751 1443 Wolﬁum,
3811 1378 3875 1433 in

2218 1461 2423 1516 codice
2438 1462 2799 1518 Barocciano
2824 1463 2936 1518 hos
2957 1480 3158 1519 versus
3181 1466 3263 1520 ita
3285 1464 3536 1537 scriptos
3555 1466 3872 1537 reperisse:

2364 1550 2566 1601 Πολλῶν
2587 1583 2654 1590 -
2686 1550 3037 1625 ὴκριϐωμένος
3068 1571 3080 1584 °
3104 1550 3272 1605 Οὐδὲν
3295 1585 3360 1593 -
3382 1550 3584 1606 ἐνθάδε.

2362 1641 2437 1694 Τὰ
2478 1642 2649 1692 πάντα
2698 1672 2765 1681 -
2817 1639 3125 1713 ἐσκεμμένα.
3190 1643 3458 1714 Μακάριος
3515 1674 3581 1683 -
3632 1639 3873 1714 φιλαδελ-

3609 1730 3798 1803 [φείας.

456 1798 617 1855 edita
642 1800 729 1853 θεῖ
778 1794 974 1887 Latine
1018 1809 1092 1848 ex
1137 1793 1405 1887 Ῐθΐείοηθ
1450 1793 1601 1887 Petri
1647 1795 1946 1887 ΕΤἓηίξίεξῑξ
1986 1797 2110 1852 Ζίηί
2143 1794 2188 1850 Β
2215 1815 2351 1887 Ipse
2397 1822 2620 1884 autem,
2680 1822 2743 1872 ut
2798 1816 3053 1881 videtur,
3106 1816 3381 1873 ordinem
3422 1793 3685 1874 mutavit.
3745 1822 3874 1874 Non

455 1884 809 1943 Veronensis
864 1883 1071 1937 Venet.
1129 1881 1265 1936 4555
1313 1897 1349 1937 a
1408 1897 1530 1953 quo
1586 1881 1746 1937 haud
1804 1883 1985 1939 dubie
2038 1899 2110 1939 ex

456 1974 679 2031 codicis
701 1970 896 2028 indice
939 1972 1185 2026 vocatur
1216 1969 1567 2038 Zigabenus.
1613 1968 1813 2025 Grace
1865 1972 2110 2042 primun

454 2061 736 2135 apparuit
756 2056 1105 2130 Tergobysti
1160 2058 1295 2111 1710
1324 2072 1446 2128 qua
1474 2057 1735 2113 editione
1765 2060 1857 2113 usi
1902 2076 2108 2116 sumus

457 2154 738 2222 Mosqua.
808 2147 910 2203 Hic
988 2144 1321 2217 appellatur
1388 2142 1702 2216 Ζιγαδηνὸς.
1780 2147 1980 2203 Dicam
2035 2149 2109 2204 de

456 2238 765 2297 codicibus
790 2233 1241 2308 Mosquensibus
1257 2234 1438 2305 hujus
1458 2234 1778 2307 Panoplia.
1814 2237 2110 2309 Antiquis-

456 2330 644 2384 simus
708 2330 798 2382 est
871 2322 1368 2379 membranaceus
1410 2338 1529 2378 sec.
1597 2339 1673 2379 xu
1741 2324 2108 2381 bibliotheca

454 2414 849 2489 typographei
888 2410 1198 2484 synodalis
1239 2409 1413 2466 in-fol
1445 2412 1740 2477 num.,tO,
1755 2412 1859 2485 qui
1904 2413 1966 2469 in
1994 2414 2109 2470 hoc

454 2505 701 2561 nomine
730 2518 854 2558 non
875 2500 1073 2556 differt
1102 2498 1181 2555 ab
1229 2498 1485 2554 editione
1520 2500 1984 2572 Tergobystana.
2010 2504 2106 2558 Se-

454 2592 690 2650 cundus
720 2590 990 2661 ejusdem
1019 2587 1394 2643 bibliotheca
1422 2586 1614 2643 in-fol.
1644 2604 1810 2644 num.
1840 2589 1926 2653 15,
1956 2593 2017 2644 Β.
2046 2592 2107 2646 in

454 2683 660 2737 charta
680 2677 1053 2750 bombycina
1072 2676 1256 2731 habet
1273 2675 1579 2747 Ζιγαϐηνός.
1613 2677 1843 2733 Tertius
1873 2678 2109 2735 charta-

449 2787 590 2828 ceus
607 2785 725 2825 sec.
739 2784 833 2831 xv,
866 2765 1239 2822 bibliotheca
1267 2765 1653 2822 sanctissima
1681 2766 1901 2838 synodi
1921 2767 1982 2822 in
2004 2768 2104 2823 fol.

450 2877 610 2915 num.
656 2863 744 2927 50,
775 2854 1076 2929 Zygadeni
1106 2853 1364 2909 exhibet.
1408 2856 1665 2917 Quartus
1718 2855 1987 2925 ejusdem
2018 2858 2108 2911 bi-

452 2948 780 3010 bliotheca,
799 2959 917 3000 sec.
948 2941 1134 3004 xv1,in
1161 2941 1367 2996 charta
1387 2940 1757 3014 bombycina
1787 2944 1847 2997 in
1869 2948 2102 3015 quarto,

450 3053 627 3092 num.
679 3034 784 3089 369
813 3033 1010 3106 primo
1029 3029 1170 3086 folio
1192 3032 1375 3085 caret.
1428 3028 1547 3084 Etsi
1573 3031 1752 3100 igitur
1778 3032 1921 3086 satis
1972 3048 2107 3104 pro-

452 3124 642 3181 babile
681 3127 786 3181 est.
820 3122 981 3177 hunc
1007 3118 1513 3175 Commentarium
1535 3118 1823 3191 scriptum
1864 3136 1996 3175 esse
2027 3120 2105 3176 ab
2143 3134 2184 3190 (ς

452 3212 769 3285 Euthymio
803 3229 816 3281 ;
846 3218 1045 3265 tamen
1072 3205 1327 3261 dubium
1354 3211 1465 3274 est,
1496 3210 1695 3263 utrum
1727 3208 2101 3279 Zygadenus,

450 3318 529 3359 an
553 3300 902 3372 Zigadenus,
936 3312 1009 3350 an
1040 3294 1375 3363 Zigabenus
1400 3294 1597 3349 dictus
1652 3294 1744 3349 sit.
1778 3295 2104 3368 Plerisque,

450 3395 517 3447 ut
532 3388 806 3451 arbitror,
840 3400 913 3440 ex
939 3383 1033 3439 his
1071 3398 1202 3454 qua
1232 3382 1508 3448 diximus,
1541 3382 1895 3454 probabitur
1924 3388 2107 3456 Zyga-

450 3480 664 3541 denus,
726 3473 892 3549 quod
945 3471 1093 3527 mihi
1136 3471 1317 3527 etiam
1355 3471 1613 3539 interim,
1672 3472 1865 3529 donec
1906 3473 2108 3545 plures

451 3567 688 3623 codices
747 3560 1153 3624 consulantur,
1214 3559 1433 3631 placet.
1486 3561 1555 3615 Ut
1611 3566 1810 3616 autem
1859 3561 2106 3618 lectores

450 3655 687 3724 scirent,
747 3666 884 3725 qua
955 3647 1180 3703 scholia
1228 3648 1288 3702 in
1347 3647 1722 3717 marginibus
1772 3648 2108 3720 legerentur

451 3742 773 3799 Hentenius
800 3739 861 3794 in
891 3735 1187 3810 principio
1219 3751 1448 3802 eorum,
1480 3737 1541 3791 in
1570 3736 1845 3792 versione
1877 3738 2105 3808 Latina,
2176 3798 2185 3803 ,

450 3830 808 3903 ascripserat
864 3827 1103 3897 signum
1174 3823 1391 3895 crucis,
1460 3824 1620 3896 quod
1681 3840 1793 3881 nos
1868 3826 2105 3881 retinui-

449 3938 609 3978 mus.
659 3921 807 3991 Qua
859 3918 916 3972 in
971 3914 1137 3971 nullo
1191 3929 1463 3969 meorum
1513 3913 1811 3985 leguntur,
1882 3914 2107 3986 duplici

449 4025 626 4066 cruce
691 4004 923 4078 signavi
961 4005 1023 4060 in
1057 4006 1336 4059 contextu
1378 4002 1600 4058 Graco.
1652 4002 1877 4059 Eodem
1921 4003 2105 4059 modo

446 4097 655 4155 notavi
700 4096 881 4151 etiam
933 4095 995 4149 in
1049 4092 1322 4148 versione
1375 4091 1586 4146 Latina
1638 4106 1707 4146 ea
1754 4108 1886 4162 qua
1944 4092 2107 4163 apud

448 4188 805 4245 Hentenium
837 4199 959 4240 non
1013 4181 1411 4253 reperiuntur.
1464 4179 1584 4235 Etsi
1630 4179 1893 4236 Hentenii
1932 4180 2109 4236 inter-

445 4277 718 4350 pretatio,
754 4290 824 4331 ex
852 4288 974 4330 uno
1003 4270 1158 4326 libro
1183 4268 1404 4341 scripto
1434 4284 1738 4340 expressa,
1764 4269 1846 4324 ita
1883 4268 1944 4323 in
1988 4269 2107 4340 ple-

444 4367 652 4437 risque
669 4364 835 4433 locis,
849 4365 1145 4434 quantum
1173 4357 1420 4431 quidem
1437 4355 1657 4427 lingua
1669 4357 1896 4429 patitur
1915 4357 2105 4414 diver-

447 4455 613 4519 sitas,
636 4452 826 4507 ﬁdelis
848 4453 955 4513 est,
984 4453 1053 4539 ut
1078 4447 1300 4503 codicis
1339 4446 1753 4539 auctoritatem
1782 4446 1843 4539 in
1886 4446 2105 4503 consti-
2135 4485 2180 4539 Β

445 4541 670 4599 tuendo
722 4537 1020 4610 Euthymii
1049 4538 1327 4591 contextu
1372 4534 1595 4589 habere
1643 4535 1852 4605 possit,
1908 4538 2103 4592 tamen

445 4631 769 4688 occurrunt
796 4627 949 4695 loca,
1007 4625 1130 4680 sive
1163 4623 1518 4693 interpretis,
1557 4623 1679 4678 sive
1712 4622 1932 4678 codicis
1979 4640 2101 4697 quo

442 4736 590 4777 usus
603 4722 691 4774 est
701 4716 896 4788 culpa,
913 4714 974 4770 in
993 4712 1217 4785 quibus
1233 4710 1451 4783 aliquis
1464 4711 1651 4783 possit
1662 4710 1988 4768 offendere.
2019 4715 2100 4770 Ea

444 4808 724 4879 deinceps
755 4804 954 4860 notavi
988 4807 1042 4858 et
1068 4817 1137 4857 ex
1166 4802 1315 4856 meis
1345 4799 1653 4856 codicibus
1683 4800 2100 4857 correxi.Illud

442 4899 625 4954 etiam
664 4892 1037 4951 monendum
1088 4889 1255 4953 duxi,
1286 4890 1451 4961 quod
1489 4889 1549 4944 in
1588 4892 1840 4960 utroque
1871 4889 2094 4954 codice,

440 4985 581 5041 folio
610 4985 664 5052 3,
703 4984 766 5039 in
800 4981 1001 5038 codice
1029 4978 1273 5051 quidem
1305 4992 1343 5034 a
1374 4977 1487 5033 sub
1517 4977 1781 5047 imagine
1815 4977 2098 5048 Chrysos-

440 5074 608 5139 tomi,
642 5074 703 5128 in
726 5067 1171 5143 b,postlndices
1188 5066 1455 5138 capitum
1486 5070 1746 5138 quatuor
1758 5065 2100 5136 Evangelio-

441 5179 593 5229 rum,
624 5162 688 5216 hi
714 5177 922 5217 versus
951 5159 1249 5227 leguntur.

585 5356 791 5428 Πολλῶν
817 5360 981 5407 πόνων
1010 5356 1188 5428 ἔρανος
1218 5350 1616 5428 supremam;

585 5424 753 5483 Οὐδὲν
783 5418 1043 5499 περιττὸνξ
1072 5422 1223 5479 οὐδὲν
1251 5418 1431 5475 λέἰπον
1456 5418 1638 5474 ἐνθάδε
1665 5437 1677 5450 '

2219 1909 2420 1959 autem
2443 1904 2706 1960 mirabile
2728 1909 2840 1969 est,
2868 1905 3140 1961 Gracum
3173 1906 3483 1962 hominem
3515 1906 3669 1962 alius
3689 1908 3875 1963 versi-

2218 1991 2322 2046 bus
2336 2009 2434 2063 pro
2447 1993 2568 2048 suis
2600 2009 2771 2047 usum
2791 2010 2939 2050 esse.
2961 1996 3119 2059 Quos
3139 1994 3299 2049 enim
3321 2009 3435 2064 ego
3448 2010 3516 2050 ex
3533 1996 3874 2067 Mosquensi

2218 2081 2419 2137 codice
2473 2081 2926 2151 Evangeliorum
2979 2098 3037 2147 a,
3078 2083 3155 2139 ad
3207 2083 3531 2154 Epistolam
3581 2084 3746 2140 Pauli
3793 2085 3875 2141 ad

2214 2170 2790 2235 Thessalonicenses,
2846 2188 2900 2242 p.
2950 2171 3077 2238 241,
3132 2171 3314 2237 edidi,
3356 2172 3600 2227 eosdem
3637 2188 3707 2227 ex
3754 2174 3874 2230 alio

2216 2258 2417 2313 codice
2438 2258 2700 2315 ediderat
2728 2262 2839 2314 Leo
2870 2259 3135 2329 Allatius,
3175 2262 3254 2317 De
3303 2260 3470 2316 libris
3495 2263 3664 2326 eccl,,
3706 2262 3875 2333 apud

2220 2346 2469 2412 Fabric.,
2512 2346 2658 2401 Bibl.
2689 2347 2783 2402 Gr.
2818 2348 2932 2402 vol.
2958 2349 3023 2414 V,
3053 2364 3113 2420 p.
3146 2350 3235 2411 28,
3269 2365 3407 2404 cum
3434 2349 3652 2418 exigua
3683 2351 3872 2406 varie—

2216 2440 2351 2491 tate.

2289 2526 2585 2590 Quoniam
2616 2530 2817 2581 autem
2852 2525 3136 2582 idoneam
3158 2526 3253 2582 hic
3271 2526 3431 2582 nacti
3464 2543 3675 2583 sumus
3703 2543 3877 2584 occa-

2216 2613 2447 2668 sionem
2477 2614 2551 2669 de
2573 2615 2891 2685 Euthymio
2913 2614 3271 2681 disserendi,
3310 2615 3500 2687 primo
3522 2616 3619 2671 hic
3642 2616 3879 2672 addidi-

2216 2718 2350 2756 mus
2379 2704 2804 2773 supplementa
2829 2703 3095 2773 quadam
3122 2704 3197 2759 ad
3218 2704 3543 2760 editionem
3574 2706 3877 2775 Panoplia

2214 2791 2751 2862 Tergobystanam:
2772 2791 2987 2847 deinde
3009 2793 3336 2863 adjecimus
3359 2794 3534 2847 unius
3562 2793 3777 2849 Psalmi
3799 2809 3873 2851 ex

2213 2880 2388 2936 codd.
2405 2880 2629 2935 scholia
2649 2900 2661 2948 ;
2679 2897 2747 2936 ac
2769 2880 3024 2953 denique
3037 2881 3109 2936 de
3127 2881 3260 2938 aliis
3291 2881 3622 2953 Euthymiis
3640 2883 3871 2937 monui-

2214 2986 2372 3033 mus,
2406 2984 2666 3042 quorum
2706 2969 2773 3025 ﬁt
2810 2970 3035 3026 mentio
3064 2971 3125 3025 in
3169 2969 3478 3026 codicibus
3504 2972 3873 3042 Mosquensi-

2213 3058 2341 3112 bus.

2285 3198 2737 3268 (Supplementa
2774 3199 2856 3253 ad
2891 3198 3200 3255 editionem
3232 3198 3533 3270 Panoplia
3551 3200 3671 3269 ipsi
3686 3201 3872 3258 Pano-

2214 3285 2354 3357 plia
2373 3286 2757 3355 prmisimus
2785 3302 2913 3342 cum
2942 3286 3267 3343 recensione
3290 3288 3552 3344 codicum
3569 3289 3873 3359 Mosquen-

2215 3375 2362 3429 sium
2398 3395 2408 3437 ;
2441 3374 2670 3429 scholia
2700 3376 2875 3430 etiam
2895 3375 2973 3429 ad
2994 3376 3287 3443 psalmum
3316 3390 3409 3431 CIX
3436 3376 3617 3446 hujus
3653 3377 3878 3447 psalmi

2218 3462 2406 3518 textui
2450 3462 2815 3532 subjecimus.
2872 3465 3019 3518 Emr.
3069 3463 3264 3535 Pun.)

2288 3640 2372 3696 De
2399 3640 2531 3695 aliis
2567 3639 2928 3709 Euthymiz’s,
2970 3656 3223 3711 quorum
3252 3643 3321 3709 ﬁt
3357 3643 3568 3699 mentio
3614 3644 3679 3699 in
3723 3644 3875 3700 codi-

2679 3728 2838 3783 cibus
2868 3729 3195 3800 Mosquensi
3199 3729 3321 3786 bus.

2289 3817 2348 3889 a)
2414 3816 2756 3887 Euthymius
2808 3817 3137 3872 monachus
3194 3817 3268 3873 de
3322 3818 3598 3890 apostolo
3650 3820 3877 3879 Thoma

2218 3905 2469 3977 scripsit.
2504 3905 2570 3959 In
2609 3904 2813 3959 codice
2852 3904 2991 3960 bibl.
3019 3904 3076 3961 S.
3121 3905 3179 3960 S.
3210 3922 3377 3962 num.
3402 3908 3471 3961 26
3502 3908 3686 3964 in-fol.
3725 3926 3739 3976 ;
3773 3910 3877 3982 qui

2217 3997 2303 4050 est
2327 3993 2818 4049 membranaceus
2850 4008 2947 4048 sec
2985 4010 3044 4059 χ,
3072 3997 3172 4050 aut
3213 4012 3292 4060 ιι,
3325 3995 3468 4052 folio
3494 3997 3582 4060 64,
3624 3997 3704 4052 ita
3731 3996 3876 4068 legi-

2217 4088 2364 4139 tur:
2421 4082 2687 4154 Εὗθυμίου
2744 4090 2836 4134 τοῦ
2892 4090 3136 4135 ταπεινοῦ
3188 4092 3428 4155 μοναχοῦ
3495 4088 3748 4158 ἐγκώμιον
3802 4087 3878 4148 εἰς

2214 4176 2302 4225 τὸν
2358 4172 2505 4243 ἅγιον
2549 4177 2735 4243 Θωμᾶν
2784 4174 2870 4222 τόν
2948 4170 3252 4225 ἀπόστολον·
3309 4173 3535 4245 incipit,
3597 4176 3657 4227 Ἠ
3724 4180 3873 4245 πηγή

2215 4271 2306 4322 τῆς
2364 4266 2568 4332 σοφίας.
2622 4260 2873 4315 Additur
2927 4267 3227 4331 praterea,
3285 4267 3411 4334 μηνὶ
3450 4262 3755 4336 Οκτωϐρίῳ.
3816 4263 3876 4326 ς’.

2284 4350 2349 4421 1))
2380 4348 2733 4420 Euthymius
2771 4348 2981 4404 abbas.
3010 4351 3074 4405 ln
3105 4349 3308 4406 codice
3334 4350 3597 4421 ejusdem
3618 4351 3765 4407 bibl.
3791 4352 3881 4407 in-

2214 4439 2322 4496 fol.
2366 4454 2540 4494 num.
2578 4438 2641 4494 41
2663 4437 2766 4509 qui
2795 4441 2884 4493 est
2908 4440 3386 4495 membranaceus
3433 4455 3548 4496 sec.
3580 4441 3658 4505 xi,
3691 4447 3793 4496 aut
3813 4456 3876 4509 ι,

2212 4529 2297 4585 ita
2326 4527 2535 4598 reperi.

2286 4616 2445 4673 Folio
2478 4619 2565 4671 39.
2623 4615 2884 4689 Πρόλογος
2912 4624 3004 4668 τοῦ
3060 4617 3132 4689 (δ)
3182 4619 3233 4669 ἂν
3278 4619 3451 4689 άγίόις
3480 4621 3678 4692 Πατρός
3729 4622 3879 4691 ἡμῶν

2212 4709 2497 4779 Εὐθυμίου.
2574 4704 2760 4760 Index
2844 4709 2932 4761 est
2976 4722 2990 4760 :
3046 4712 3130 4775 Τῷ
3182 4708 3481 4777 τιμιωτάτῳ
3532 4712 3621 4760 καὶ
3674 4706 3881 4769 ἀληθῶς

2211 4795 2428 4871 ἐναρέτῳ
2488 4798 2657 4868 Πατρὶ
2738 4802 3070 4866 πνευματικῷ
3137 4793 3276 4865 ἀϐϐᾷ
3331 4801 3605 4869 Γεωργίιειη
3648 4794 3880 4870 πρεσϐυ-

2209 4889 2340 4960 τέρῳ
2394 4888 2487 4935 καὶ
2562 4885 2850 4955 ἡγουμένῳ,
2923 4883 3211 4956 θεαρέστως
3289 4885 3625 4955 ἡσυχάζοντι
3706 4887 3875 4956 ἓντῷ,

2209 4976 2347 5026 κατὰ
2422 4972 2737 5025 Σκυθόπολιν
2794 4977 2961 5043 τόπῳ,
3010 4972 3307 5045 καλουμένῳ
3364 4973 3566 5041 Βεελλὰ,
3622 4973 3878 5047 Κύριλλος

2209 5061 2574 5137 πρεσϐύτερος,
2658 5060 2707 5112 ἐν
2785 5065 2963 5133 Κυρίῳ
3014 5066 3243 5137 χαίρειν.
3318 5061 3555 5119 Initium
3615 5079 3629 5115 :
3684 5067 3878 5127 Πίστίς

2215 5153 2572 5227 προηγείσθω.

2283 5241 2438 5297 Folio
2472 5240 2558 5295 40.
2617 5243 2733 5301 Βίος
2763 5246 2854 5290 τοί
2882 5241 2931 5290 ὲν
2971 5238 3139 5309 ἁγίοις
3168 5246 3370 5314 Πατρός
3402 5241 3551 5312 ἡμῶν
3582 5240 3873 5313 Εὐθυμίου.

2209 5330 2491 5386 Initium:
2556 5327 2614 5380 ‘0
2668 5332 2940 5399 μονογενής
2993 5330 3131 5390 Υἱός.
3189 5329 3318 5383 Hac
3374 5328 3506 5385 Vita
3544 5328 3739 5385 divisa
3782 5343 3874 5386 est

2208 5418 2270 5475 in
2302 5418 2517 5489 capita.
2562 5416 2678 5473 Sed
2716 5416 2778 5472 in
2826 5415 2938 5473 hoc
2988 5416 3194 5474 codice
3246 5422 3336 5474 est
3380 5417 3607 5475 mutila.
3665 5417 3874 5475 Deﬁcit

512 5645 585 5714 (ε)
641 5642 743 5697 Hic
802 5638 1086 5712 prologus
1128 5650 1251 5692 non
1291 5635 1545 5705 scriptus
1597 5636 1686 5688 est
1739 5634 1813 5689 ab
1868 5633 2200 5707 Euthymio,
2253 5631 2356 5687 sed
2409 5628 2487 5685 ab
2530 5626 2770 5701 Cyrillo,
2813 5633 2878 5685 ut
2922 5644 3066 5685 mox
3109 5629 3436 5702 apparebit,
3476 5631 3532 5686 in
3574 5628 3869 5687 honorem

440 5731 766 5805 Euthymii,
797 5727 1131 5799 legiturque
1154 5728 1288 5781 ante
1313 5725 1444 5796 ejus
1471 5723 1690 5780 Vitam.
