4110 6386
1726 348 2124 432 remitto.
3566 350 3641 436 so

547 630 646 688 Jo.
680 631 968 690 Albertus
1000 635 1301 692 FABRICIUS
1326 635 1389 691 in
1419 636 1796 694 Bibliotheca
1836 636 2044 694 Graeca
2069 635 2187 693 vol.
2218 638 2328 703 VII,
2362 652 2502 710 pag.
2533 637 2657 693 474.
2689 636 3016 706 Hamburgi
3042 635 3201 701 1727,
3224 638 3277 691 4.

267 765 756 822 Commentarius
802 765 1133 839 (Euthymii
1176 768 1484 841 Zigabeni)
1524 770 1585 825 in
1609 775 1869 842 quatuor
1897 770 1943 824 A
1973 770 2083 828 sed
2122 771 2464 827 recentioris
2508 786 2725 827 manus
2770 770 3061 843 scriptura
3089 769 3303 827 Nicetes
3358 766 3636 825 tribuitur

206 852 535 923 Evangelia,
567 869 645 909 ex
675 855 1106 927 Chrysostomo
1127 860 1182 912 et
1211 857 1339 912 aliis
1364 858 1568 929 priscis
1598 854 1868 914 Patribus

208 959 325 1000 non
374 944 503 999 sine
548 943 787 1014 judicio
821 945 1105 1001 delectus.
1154 949 1271 1002 Hoc
1310 964 1552 1021 quoque
1583 950 1868 1004 eximium

208 1048 359 1104 opus
379 1048 487 1088 nec
515 1032 669 1088 dum
692 1033 899 1091 Graece
921 1035 1113 1090 lucem
1142 1036 1302 1101 vidit,
1331 1037 1464 1093 licet
1488 1038 1549 1093 id
1570 1038 1871 1093 afﬁrment

209 1123 309 1177 viri
337 1122 519 1186 docti,
558 1124 809 1189 Caveus,
846 1124 999 1180 Elias
1028 1125 1109 1180 du
1139 1124 1264 1193 Pin,
1308 1132 1486 1199 atque
1518 1126 1632 1184 alii.
1669 1128 1869 1184 Latine

209 1228 239 1268 e
268 1211 560 1283 praeclaro
590 1211 810 1267 Codice
844 1213 985 1270 Bibl.
1020 1214 1277 1270 cmnobii
1310 1216 1574 1289 Deiparae
1616 1217 1869 1286 Virginis

210 1300 693 1372 Guadalupensis
707 1301 846 1357 0rd.
868 1303 931 1357 D.
948 1301 1295 1376 Hieronymi
1308 1304 1368 1360 in
1382 1320 1565 1375 regno
1590 1304 1867 1370 Castellzc,

207 1389 509 1445 transtulit
536 1390 583 1447 l.
621 1390 965 1456 Hentenius,
1001 1390 1334 1449 accuratior
1371 1394 1533 1461 Zino,
1566 1391 1869 1466 Sauloque

209 1480 525 1551 interpres,
580 1479 757 1549 cujus
816 1480 1007 1535 versio
1056 1481 1276 1552 prodiit
1320 1480 1587 1554 primum
1629 1483 1869 1539 Lovanii

210 1570 368 1624 1544.
420 1567 522 1623 fol.
569 1583 780 1623 recusa
808 1568 890 1639 (q)
923 1569 1103 1625 Paris.
1136 1571 1297 1637 1547,
1350 1571 1506 1638 1560,
1539 1571 1695 1643 1602,
1729 1572 1783 1639 8,
1813 1577 1871 1629 et

211 1657 273 1713 in
300 1656 669 1713 Bibliotheca
696 1656 962 1722 Patrum,
997 1656 1145 1713 toni.
1174 1659 1314 1714 XIX.
1351 1659 1489 1716 edit.
1528 1659 1717 1730 Lugd.

283 1744 450 1800 Duos
478 1744 717 1801 codices
742 1760 855 1800 ms.
890 1746 1123 1801 Graecos
1144 1745 1326 1818 hujus
1353 1749 1771 1804 Commentarii
1799 1747 1873 1802 si-

214 1833 450 1890 milibus
498 1834 701 1906 qualia
744 1835 1067 1890 Hentenius
1118 1835 1178 1891 in
1214 1836 1323 1893 suo
1369 1838 1587 1910 reperit
1630 1836 1871 1894 scholiis

215 1923 541 1979 instructos
593 1923 654 1978 in
696 1922 841 1978 Bibl.
889 1923 1070 1994 Regia
1108 1924 1432 1982 Parisiensi
1476 1924 1762 1999 evolvisse
1809 1943 1872 1983 se

214 2015 472 2067 testatur
498 2010 658 2068 Rich.
707 2012 958 2077 Simon.,
991 2012 1084 2068 lib.
1119 2031 1177 2069 ιιι
1208 2014 1475 2071 Historiae
1505 2016 1732 2071 Criticae
1776 2015 1868 2087 (r),

1976 860 2141 933 quod
2163 876 2278 915 non
2298 861 2483 930 magis
2502 858 2801 925 credibile,
2831 876 3016 931 quam
3036 875 3243 913 eorum
3273 859 3633 937 conjectura,

1978 950 2079 1022 qui
2132 948 2223 1004 vel
2267 950 2628 1006 OEcumenio
2676 948 2766 1003 vel
2810 947 3133 1003 Ammonio
3180 948 3378 1002 nescio
3410 946 3503 1001 cui
3542 944 3637 1001 vel

1977 1037 2412 1111 Theophylacto
2440 1037 2738 1093 ascribere
2769 1037 3104 1093 voluerunt.

2051 1128 2220 1183 Plura
2250 1127 2383 1184 loca
2412 1126 2606 1183 Graece
2638 1143 2709 1181 ex
2738 1126 2853 1182 hoc
2887 1125 3329 1182 Commentario
3362 1124 3641 1196 producit

1979 1215 2300 1281 Simonius,
2347 1221 2472 1273 tum
2516 1214 2631 1272 hoc
2682 1215 2875 1287 capite
2916 1220 3042 1270 tum
3082 1213 3161 1286 (ε)
3205 1213 3308 1269 lib.
3346 1216 3384 1267 Ι.
3428 1230 3485 1283 p.
3533 1213 3637 1270 120

1980 1304 2115 1371 145ς
2150 1310 2204 1361 et
2235 1290 2336 1361 lib.
2383 1321 2466 1369 ιιι,
2498 1320 2557 1377 p.
2608 1308 2695 1372 84,
2726 1308 2785 1357 et
2835 1304 3034 1372 magni
3082 1318 3219 1356 eum
3265 1302 3399 1358 facit
3432 1302 3489 1356 in
3522 1301 3638 1373 pt‘i-

1978 1393 2115 1459 mis,
2157 1394 2592 1465 asseutiturque
2622 1392 2981 1456 Maldonato,
3012 1391 3115 1463 qui
3140 1389 3214 1445 ad
3244 1390 3447 1446 Matth.
3494 1407 3635 1456 xvii,

1978 1483 2030 1547 8,
2069 1483 2453 1556 Euthymium
2483 1482 2543 1537 in
2570 1480 2893 1538 verborum
2938 1480 3402 1552 proprietatibus
3432 1478 3640 1535 obser-

1978 1570 2193 1628 vandis
2262 1570 2781 1641 diligentissimum
2861 1586 2989 1625 esse
3053 1568 3421 1625 observavit.
3486 1569 3641 1623 Inter

1982 1660 2299 1732 scriptores
2316 1676 2345 1717 e
2367 1658 2589 1733 quibus
2609 1661 2798 1716 Aurea
2820 1658 3065 1714 Thomas
3087 1657 3398 1729 Aquinatis
3413 1655 3641 1715 Catena

1979 1750 2041 1806 in
2072 1749 2395 1820 Evangelia
2426 1749 2673 1805 collecta
2712 1752 2819 1813 est,
2871 1747 3164 1820 Euthymii
3196 1763 3420 1802 nomen
3466 1746 3525 1802 in
3554 1762 3637 1801 re-

1981 1838 2338 1893 centioribus
2354 1837 2725 1910 quibusdam
2747 1836 3105 1894 editionibus
3129 1835 3426 1901 additum,
3452 1835 3508 1891 in
3530 1850 3639 1891 an-

1980 1925 2334 1998 tiquioribus
2379 1930 2437 1982 et
2464 1926 2525 1981 in
2555 1927 2827 1982 Romana
2855 1925 2993 1981 anni
3045 1924 3204 1990 1670,
3244 1921 3639 1979 desideratur.

1982 2016 2123 2071 Vide
2153 2015 2411 2071 Simonis
2442 2015 2588 2072 Hist.
2630 2014 2902 2071 Criticam
2952 2011 3097 2070 Novi
3124 2015 3272 2069 Test.
3316 2011 3427 2070 lib.
3467 2028 3545 2081 in,
3577 2029 3639 2084 p.

213 2101 357 2156 Novi
388 2100 542 2155 Test.
576 2114 706 2172 cap.
739 2103 830 2169 29,
859 2101 919 2156 in
949 2118 1208 2173 quorum
1236 2104 1420 2161 altero
1446 2103 1869 2169 Mazariniano,
1908 2124 1953 2179 Β
1983 2104 2087 2160 409
2114 2108 2171 2159 et
2193 2106 2318 2159 473.

286 2278 372 2348 (q)
402 2278 448 2330 Α
494 2272 720 2352 Voigtio
750 2276 811 2330 in
851 2276 1134 2347 Catalogo
1164 2278 1309 2352 Hist.
1356 2278 1493 2337 Crit.
1525 2279 1628 2337 lib.
1672 2296 1786 2352 rar.
1817 2297 1871 2352 p.

212 2346 445 2424 ηις-ει
468 2346 546 2424 ab
576 2347 725 2424 aliis
752 2346 1118 2424 memoratur
1146 2351 1329 2406 etiam
1358 2367 1429 2424 ex
1460 2352 1718 2424 Theoph.
1746 2346 1875 2424 Sin-

212 2420 341 2493 ceri
364 2416 632 2493 Biblioth.
660 2419 956 2493 Hist._cri_t.
1002 2420 1106 2477 lib.
1139 2437 1256 2493 rar.
1301 2437 1359 2493 p.
1401 2423 1507 2479 125
1537 2416 1665 2493 seq.
1694 2423 1874 2479 editio

212 2491 485 2565 Parisina
532 2490 674 2565 anni
725 2489 865 2565 1544
888 2489 1567 2565 _in-8_apud_.loannem
1622 2489 1869 2565 Heigny.

216 2559 763 2638 ExcudebatCarol.
794 2560 1076 2638 Guillard.
1103 2559 1221 2638 Sed
1243 2562 1302 2638 in_
1329 2564 1529 2638 indice
1553 2559 1876 2638 hujus'edi-

215 2632 421 2711 tionis,
455 2646 637 2711 quem
659 2632 957 2711 integrum
975 2633 1557 2711 videturexhibuisse
1590 2632 1874 2711 Vbi_glius,

215 2718 343 2759 non
370 2702 622 2777 legitur:
653 2703 833 2759 Liber
862 2703 962 2759 hic
1007 2720 1189 2776 neque
1228 2706 1433 2763 Graece
1461 2721 1645 2777 neque
1670 2702 1882 2763 Eatine

217 2778 393 2829 antea
443 2773 602 2843 typis
648 2789 911 2847 unquam
963 2773 1215 2832 excdsus
1262 2782 1384 2836 est:
1431 2773 1563 2849 quae
1599 2778 1882 2849 leguntur

1984 2281 2045 2336 in
2064 2279 2317 2337 editione
2331 2279 2700 2337 Lovaniensi.
2721 2282 2871 2350 Ergo
2894 2281 2957 2335 ut
2976 2279 3226 2350 videtur,
3249 2278 3639 2350 Lovaniensis

1986 2357 2187 2408 tamen
2218 2356 2307 2407 est
2332 2353 2629 2424 princeps,
2661 2352 2767 2406 etsi
2809 2349 3139 2421 reperiatur
3187 2349 3460 2424 Parisiua
3490 2350 3641 2424 ejus—

1984 2424 2122 2479 dem
2150 2424 2310 2479 anni.
2333 2421 2773 2479 Porto—autem
2825 2426 3087 2477 erratum
3141 2426 3229 2475 est
3260 2421 3319 2475 in
3350 2421 3637 2485 numeris,

1987 2510 2056 2550 ac
2084 2509 2194 2575 pro
2247 2494 2391 2575 15.4%
2421 2494 2741 2575 legendum
2792 2501 2882 2575 est
2941 2493 3125 2575 t5/ij._
3162 2497 3225 2549 In
3281 2497 3446 2548 tanta
3510 2491 3643 2548 libri

1984 2564 2223 2635 raritate
2250 2564 2396 2622 nihil
2424 2565 2539 2621 hac
2569 2564 2641 2620 de
2666 2580 2729 2621 re
2769 2568 2991 2621 certum
3034 2564 3243 2621 habeo.

2094 2636 2172 2779 (νζ
2204 2638 2763 2693 Commentatorum.

2098 2711 2145 2778 (ε
2200 2706 2280 2763 De
2305 2710 2467 2765 textu
2486 2707 2534 2761 N
2546 2749 2558 2763 .
2592 2709 2740 2764 Test.

2098 2706 2168 2778 (ε)
2200 2706 2280 2763 De
2305 2710 2467 2765 textu
2486 2707 2534 2761 N
2546 2749 2558 2763 .
2592 2709 2740 2764 Test.

534 3086 634 3153 Ex
666 3093 851 3151 torno
884 3085 1104 3175 primo
1148 3082 1661 3159 Dissertationis
1697 3089 2043 3160 historiae
2087 3093 2157 3159 in
2215 3092 2730 3157 Bettarminum
2760 3088 2838 3154 P.
2883 3086 3064 3154 Phil.
3101 3085 3330 3154 LABBE.

276 3243 641 3315 Euthymius
670 3242 1026 3314 Zigabenus,
1067 3247 1405 3303 monachus
1443 3250 1696 3315 Grmcus,
1727 3247 1875 3305 vixit
1906 3249 1946 3306 C
1984 3263 2311 3305 conversas
2324 3263 2429 3320 per
2442 3246 2512 3304 R.
2535 3251 2596 3304 P.
2616 3246 2959 3319 Philippum
2983 3244 3650 3316 Saulium,episcopum

202 3333 451 3389 ineunte
482 3333 704 3390 seculo
730 3349 811 3389 x11
842 3339 1263 3408 superstesque
1307 3336 1507 3393 adhuc
1551 3341 1675 3393 erat
1712 3352 1873 3394 anno

204 3425 374 3488 1118,
430 3437 557 3494 quo
604 3422 839 3479 Alexius
870 3426 1211 3480 Comnenus
1248 3425 1574 3497 imperator
1600 3425 1767 3485 obiit.
1808 3458 1876 3469 —-

204 3511 464 3583 Scripsit
481 3511 828 3568 orthodoxae
840 3510 983 3568 ﬁdei
998 3512 1344 3586 Panopliam
1359 3514 1649 3572 adversus
1662 3531 1875 3572 omnes

202 3602 505 3665 haereses,
531 3600 594 3655 in
618 3602 774 3657 duas
796 3605 996 3674 partes
1019 3602 1331 3672 tributam,
1358 3603 1675 3676 interprete
1706 3604 1879 3663 Petro

208 3689 539 3745 Francisco
564 3689 1035 3746 ZinoVeronensi
1055 3692 1348 3749 canonico
1376 3714 1389 3747 :
1419 3692 1882 3749 Commentatio-

211 3794 325 3835 nes
356 3777 421 3833 in
448 3789 676 3841 temnes
713 3778 819 3835 150
844 3779 1139 3848 Psalmos,
1170 3783 1226 3837 et
1263 3780 1472 3837 decem
1512 3797 1697 3838 sacrae
1732 3782 1881 3838 Scri-

213 3872 415 3940 ptura:
470 3865 724 3933 cantica,
774 3882 805 3923 e
846 3868 1055 3927 Graeco
1103 3869 1165 3926 in
1216 3870 1494 3927 Latinum
1542 3886 1882 3928 sermonem

1986 3340 2465 3409 Brugnatensem
2498 3353 2515 3407 ;
2544 3337 2983 3393 Commentaria
3006 3334 3069 3390 in
3099 3330 3440 3406 Evangelia,
3471 3333 3651 3389 inter-

1988 3432 2147 3500 prete
2170 3430 2398 3484 Joanne
2428 3425 2710 3483 Hentenio
2740 3422 3163 3482 Mechliniensi.

2062 3516 2161 3571 Hic
2192 3520 2400 3572 auctor
2421 3530 2456 3570 a
2476 3515 2641 3570 Sixto
2665 3513 2911 3571 Senensi
2934 3512 3186 3582 diligens
3217 3506 3653 3583 Scripturarum

1991 3604 2314 3678 expositor,
2368 3619 2405 3660 a
2462 3600 2764 3661 cardinale
2848 3599 3107 3657 Baronio
3172 3598 3653 3656 accuratissimus

1992 3688 2695 3763 earumdeminterpresa
2722 3690 2959 3748 Joanne
2981 3688 3341 3754 Maldonato,
3376 3687 3438 3744 in
3452 3687 3654 3745 obser-

1992 3780 2208 3837 vandis
2220 3779 2543 3837 verborum
2570 3774 3531 3854 proprietatibusdiligentissimus
3557 3792 3655 3849 ap-

1996 3869 2277 3943 pellatur.

508 4179 616 4247 Jo.
647 4180 1000 4271 Augustus
1047 4181 1316 4251 EBNESTI
1348 4183 1421 4251 in
1448 4182 1897 4253 Institutione
1931 4184 2222 4266 interpr.
2254 4181 2342 4248 N.
2377 4182 2542 4249 Test.
2582 4180 2753 4247 Pars
2782 4178 2867 4262 H,
2901 4200 3047 4268 cap.
3079 4178 3146 4259 9,
3182 4179 3217 4261 §
3250 4177 3357 4243 24.

282 4344 407 4398 Nec
434 4343 885 4413 prmtereundus
919 4328 1281 4417 Euthymius
1310 4342 1667 4414 Zigabenus,
1700 4343 1886 4399 Pano-
1917 4344 1963 4397 D
1998 4341 2275 4400 Sadoleto
2299 4341 2385 4414 (ι),
2408 4355 2590 4414 quem
2614 4338 2734 4395 vid.
2760 4339 2940 4409 Epist.
2970 4353 3030 4410 p.
3049 4338 3154 4391 214
3175 4334 3314 4391 edit.
3342 4348 3483 4390 nov.
3512 4331 3656 4389 add-

206 4429 351 4501 pliae
398 4428 759 4500 Dogmaticee
810 4432 1081 4503 scriptor,
1114 4448 1146 4486 e
1198 4448 1334 4488 saec.
1366 4448 1477 4497 xu;
1518 4431 1689 4503 cujus
1718 4433 1888 4488 Com-

206 4518 556 4575 mentarios
586 4518 646 4574 in
679 4519 998 4592 Evangelia
1030 4521 1229 4577 Latine
1260 4521 1449 4577 editos
1478 4537 1515 4577 a
1542 4522 1711 4576 Joan.
1744 4523 1889 4576 Hen-

208 4609 385 4665 tenio
402 4606 729 4674 habemus,
750 4610 972 4681 pariter
986 4625 1017 4666 e
1032 4610 1461 4682 Chrysostomo
1476 4609 1757 4675 maxime,
1781 4608 1890 4665 sed

212 4702 428 4755 tamen
459 4701 519 4753 et
548 4696 681 4752 aliis
714 4698 944 4766 ductos,
979 4702 1035 4756 et
1062 4698 1251 4755 doctis
1294 4698 1464 4757 valde
1491 4699 1794 4770 probatos,
1829 4702 1893 4754 ut

317 4875 374 4956 ι).
403 4874 583 4956 Apud
617 4874 966 4956 Sadoletum.
1136 4876 1195 4956 i_n
1228 4876 1364 4956 edit.
1396 4878 1605 4956 Veron.
1639 4879 1797 4956 1737,
1833 4879 1888 4942 4,

214 4945 378 5003 nihil
399 4945 513 5001 nisi
538 4945 654 5001 hoc
684 4948 872 5020 reperi
895 4965 913 5019 ;
939 4946 1028 5003 Ab
1044 4948 1385 5020 Euthymio,
1402 4950 1497 5005 cui
1525 4964 1636 5019 ego
1660 4953 1893 5006 senten-

1998 4430 2221 4487 Fabric.
2257 4429 2412 4486 Bibl.
2442 4430 2625 4484 Graec.
2677 4433 2712 4483 t.
2750 4427 2865 4491 Vll,
2909 4442 2969 4498 p.
2998 4425 3123 4478 484.
3153 4426 3217 4478 Et
3249 4425 3659 4479 memorantur

1996 4519 2233 4575 codices
2262 4517 2463 4592 scripti
2492 4518 2825 4574 Comment.
2856 4515 2917 4572 in
2941 4513 3120 4589 Epist.
3154 4510 3339 4577 Pauli,
3372 4510 3512 4567 item
3544 4510 3658 4568 Ca-

1996 4608 2275 4666 tholicas.

2000 4879 2111 4934 tias
2143 4878 2361 4944 Basilii,
2401 4876 2924 4950 Chrysostomique
2967 4874 3258 4950 referenti,
3289 4874 3351 4931 in
3382 4872 3658 4947 Epistolis

2000 4950 2162 5006 Pauli
2194 4947 2733 5007 enotandis'tribuo
2756 4947 3141 5021 permultum.

403 5258 516 5326 Jo.
545 5262 906 5349 Augustus
939 5262 1268 5329 Nosssam
1294 5264 1395 5329 De
1426 5261 1699 5331 Catenis
1740 5264 2039 5419 Paté‘gm
2108 5264 2516 5331 Graecorum.
2565 5264 2755 5329 Hala:
2797 5262 2878 5329 ad
2921 5260 3142 5328 Salam
3179 5260 3369 5340 l762,
3397 5260 3463 5341 4,

1686 5374 1842 5419 οδε.
2017 5375 2204 5419 seua.

1686 5374 1842 5441 pag.
1879 5374 1964 5419 2.5
2017 5375 2204 5441 seqq.

285 5504 373 5557 Ex
403 5498 619 5556 eodem
645 5515 866 5571 genere
895 5501 979 5571 (ιι)
1007 5504 1094 5556 est
1120 5500 1416 5573 Euthymii
1443 5500 1727 5570 Zigabeni
1749 5518 1884 5557 sieo.

208 5608 287 5648 xii
300 5590 596 5647 monachi
618 5589 967 5647 monasterii
991 5589 1650 5661 Constantinopolitani,
1672 5606 1887 5661 cogno-

2000 5503 2207 5559 minati
2240 5511 2333 5565 τῆς
2356 5502 2718 5575 περιϐλέπτου,
2748 5500 3058 5573 Ρᾶιιορὶὶεε
3112 5500 3460 5572 dogmaticte
3516 5500 3662 5556 scri-

2000 5593 2201 5665 ptoris,
2263 5593 2738 5649 Commentarius
2790 5590 2851 5646 in
2883 5604 2943 5647 1v
3004 5590 3343 5662 Evangelia,
3403 5605 3583 5663 quem
3624 5604 3659 5643 a

287 5769 378 5839 (υ)
419 5765 793 5840 Exposuerat
830 5765 1107 5839 proxime
1135 5769 1276 5825 ante
1305 5766 1467 5824 hunc
1497 5766 1573 5826 de
1598 5768 2053 5841 Theophylacto.
