4110 6438
247 371 306 426 33
1770 361 2171 438 PREFATIO,
3609 377 3682 438 34

251 497 464 557 asserit.
492 496 669 552 nulla
701 497 831 552 Filii
862 497 1018 553 facta
1049 497 1347 553 mentione
1363 497 1456 568 (e).
1495 497 1745 569 Reliqua
1774 514 1906 570 quae
1942 501 1987 552 A
2018 502 2113 554 net
2145 513 2181 554 a
2208 498 2511 553 nonnullis
2544 499 2860 571 Euthymio
2885 504 3224 573 ascriptam,
3261 505 3416 560 Rich.
3474 507 3678 564 Simon

254 586 533 656 Euthymii
569 587 824 640 nomine
850 586 1123 641 feruntur
1155 586 1393 657 scripta,
1427 587 1698 641 nondum
1732 587 1904 651 edita,

257 692 382 729 num
409 676 573 728 abeo
591 673 865 744 profecta
891 674 1032 738 sint,
1055 674 1426 744 eXploratum
1451 691 1564 728 non
1591 675 1906 730 habemus.

254 765 398 818 Certe
425 763 590 834 quod
616 762 696 817 ad
716 763 1159 835 Expositionem
1182 763 1563 832 epistolarum
1588 764 1753 818 Pauli
1784 765 1911 818 atti-

318 943 387 1008 (ε)
413 943 495 995 lta
523 940 603 995 ad
632 941 810 995 Joan.
835 957 947 1003 xxv,
974 942 1066 994 10.
1099 943 1162 994 Et
1192 939 1367 994 datur
1388 940 1630 1011 quidem
1656 957 1690 995 a
1723 940 1910 996 Patre.

261 1018 447 1082 utpote
481 1012 561 1065 ab
589 1011 693 1066 illo
724 1012 1079 1081 procedens,
1099 1011 1346 1066 mittitur
1361 1027 1499 1065 vero
1530 1011 1719 1066 aFilio
1741 1014 1914 1083 quasi

256 1099 600 1152 c00perans,
633 1087 690 1137 et
719 1098 844 1136 non
875 1083 1221 1138 contrarius.
1246 1083 1528 1138 Similiter
1548 1100 1600 1138 c.
1659 1099 1754 1146 xv,
1787 1089 1912 1140 26.:

256 1154 389 1207 Vide
415 1159 641 1212 autem.
669 1153 834 1223 quod
861 1153 1291 1224 mittitquidem
1316 1168 1452 1207 eum
1489 1158 1542 1208 et
1560 1153 1756 1217 Filius,
1789 1159 1916 1210 tan-

2022 587 2164 641 Bibl.
2198 588 2319 642 erit.
2344 588 2416 641 de
2452 590 2531 642 Du
2568 589 2670 642 Pin
2700 589 2740 645 l.
2783 607 2828 643 c.
2863 607 3000 662 pag.
3024 593 3146 658 323,
3169 609 3268 647 eos
3297 593 3675 666 Euthymiuin

2020 692 2154 730 cum
2187 677 2543 731 OEcumenio
2566 685 2967 735 commutasse
2991 681 3243 752 judicat.

2023 957 2206 1012 quam
2239 942 2512 1010 ejusdem
2547 959 2682 997 cum
2710 947 2871 998 Patre
2886 944 3127 1000 honoris
3160 964 3402 1012 ;verum
3425 949 3483 1004 id
3511 967 3544 1004 a
3576 951 3678 1006 Pa-

2025 1016 2108 1090 tre
2133 1017 2295 1082 puta,
2345 1014 2785 1090 procedentem.
2842 1016 3110 1090 Procedit
3162 1019 3362 1090 itaque
3425 1037 3460 1075 a
3493 1024 3679 1086 Patre,

2025 1088 2318 1208 flatuqugm
2377 1086 2445 1137 de
2501 1085 2623 1154 ejus
2682 1086 3037 1142 substantia.
3087 1085 3341 1146 Noesselt
3392 1092 3453 1145 in
3510 1085 3683 1148 Notis

693 1520 1256 1611 JOANNIS
1395 1517 1906 1607 ΗΕΝΤΕΠ

2029 1518 2053 1604 l
2192 1519 3257 1616 MECHLINIENSIS

1502 1709 1880 1769 EPISTOLA
1927 1706 2452 1770 DEDICATORIA

320 2004 723 2061 lllustrissimo
754 2020 824 2060 ac
852 2003 1352 2060 reverendissimo
1377 2001 1614 2059 domino
1645 2000 1710 2055 D.
1737 2001 1914 2055 Fran-
1947 2000 1989 2053 Β
2025 1998 2270 2054 humius
2292 2000 3116 2072 consul,quiignominiosam
3132 2023 3345 2078 pacem
3359 2027 3499 2066 cum
3520 2011 3690 2068 Clau-

250 2095 412 2150 cisco
467 2110 505 2148 a
561 2092 876 2148 Bovadilla
914 2093 1200 2164 episcopo
1253 2091 1572 2160 Cauriensi,
1630 2089 1918 2146 archidia-

248 2199 406 2240 cono
458 2182 764 2244 Toletano,
820 2186 930 2237 etc.
981 2180 1239 2236 Joannes
1315 2179 1632 2235 Hentenius
1690 2178 1918 2235 Mechli-

245 2271 498 2335 niensis,
533 2270 588 2324 S.
628 2271 690 2323 D.

321 2361 378 2416 Si
397 2359 618 2414 bonum
641 2373 712 2413 eo
728 2357 1102 2430 praestantius
1114 2372 1245 2412 esse
1267 2360 1494 2428 quanto
1518 2356 1915 2423 eommunius,

244 2464 432 2504 nemo
445 2453 536 2502 est
549 2445 640 2501 vel
653 2446 1028 2502 mediocriter
1045 2445 1252 2501 morali
1266 2445 1649 2518 philosophia
1671 2445 1920 2501 instruc-

243 2546 338 2592 tus
361 2538 471 2608 qui
488 2536 738 2600 dubitet,
754 2534 1366 2606 praesulamplissime,
1383 2535 1662 2590 virtutum
1682 2550 1751 2590 ac
1775 2534 1919 2590 litte-

243 2642 451 2682 rarum
485 2624 736 2679 antistes
769 2639 928 2688 ;non
959 2624 1068 2678 erit
1104 2623 1285 2678 etiam
1313 2623 1410 2694 qui
1438 2623 1721 2692 ambigat,
1757 2639 1918 2679 com-

241 2729 433 2769 mune
447 2713 684 2768 bonum
696 2712 930 2783 privato
943 2726 1070 2766 esse
1081 2710 1754 2784 praeponendum.ldque
1766 2713 1919 2769 adeo

240 2817 461 2857 verum
491 2805 604 2863 est,
637 2804 701 2855 ut
730 2800 910 2854 etiam
945 2798 1209 2855 Christus
1262 2799 1732 2856 sacratissimam
1754 2801 1919 2856 illam

241 2894 434 2946 vitam
489 2905 666 2944 suam
710 2887 886 2942 vilem
919 2887 1209 2951 habuerit,
1235 2903 1355 2958 quo
1390 2887 1665 2943 universo
1718 2888 1918 2959 generi

241 2981 531 3036 humano
545 2976 708 3031 salus
722 2976 1007 3046 adempta
1031 2976 1222 3047 possit
1243 2975 1484 3030 restitui.
1509 2978 1726 3031 Verum
1748 2993 1821 3031 ne
1835 2978 1920 3032 di-

241 3074 340 3123 cat
352 3065 670 3139 quispiam
685 3063 899 3119 Christi
911 3078 1095 3134 opera
1106 3067 1312 3135 utpote
1324 3063 1524 3119 divina
1537 3079 1692 3135 nequ
1702 3081 1918 3136 aquam

243 3159 306 3213 in
340 3170 679 3211 numerum
732 3168 861 3208 esse
913 3151 1242 3221 redigenda
1280 3168 1290 3205 :
1333 3168 1442 3221 age
1483 3153 1640 3208 etab
1668 3155 1918 3209 ethnicis

227 3260 486 3318 quoque
514 3257 742 3315 paucos
767 3241 841 3295 de
884 3241 1200 3295 innumeris
1230 3241 1574 3305 referamus,
1612 3243 1716 3312 qui
1744 3259 1916 3298 suam
1963 3279 1968 3283 -

2025 2085 2124 2141 dio
2157 2087 2362 2142 Pontio
2396 2088 2752 2145 Samnitium
2779 2092 2930 2147 duce
2944 2093 3018 2147 ad
3060 2095 3251 2151 furcas
3270 2097 3568 2154 Caudinas
3592 2116 3687 2171 pe-

2025 2175 2256 2246 pigerat
2271 2192 2338 2231 ac
2354 2178 2782 2248 spoponderat,
2799 2186 3001 2236 auctor
3017 2181 3127 2237 fuit
3141 2187 3465 2250 senatui,ut
3480 2203 3539 2242 se
3553 2205 3688 2243 cum

2025 2263 2256 2333 collega
2285 2265 2622 2321 actribunis
2651 2268 2753 2338 qui
2773 2275 3047 2324 auctores
3067 2274 3408 2341 sponsionis
3428 2275 3685 2342 fuerant,

2024 2366 2131 2423 per
2161 2351 2422 2407 fceciales
2448 2357 2643 2410 nudos
2669 2356 3016 2428 vinctosque
3033 2361 3398 2417 Samnitibus
3421 2364 3682 2432 dederet,

2025 2455 2147 2512 quo
2185 2440 2441 2510 populus
2467 2443 2776 2498 Romanus
2803 2445 2877 2499 ab
2908 2446 3007 2500 illa
3056 2464 3199 2517 pace
3231 2451 3575 2507 solveretur.

2099 2530 2164 2593 Ο.
2226 2529 2480 2583 Ceditius
2545 2533 2817 2586 tribunus
2893 2535 3168 2604 militum,
3219 2553 3401 2609 quem
3459 2541 3690 2598 videtur

2025 2617 2185 2673 Titus
2201 2617 2397 2673 Livius
2424 2620 2850 2691 Calphurnium
2883 2625 3213 2682 Flammam
3233 2644 3466 2694 vocare,
3494 2632 3688 2702 primo

2031 2704 2184 2760 bello
2217 2706 2435 2761 Punico
2494 2724 2632 2763 cum
2670 2710 3129 2780 quadringentis
3165 2715 3450 2772 militibus
3481 2719 3595 2784 vel,
3626 2723 3690 2775 ut

2026 2793 2204 2849 habet
2224 2793 2445 2866 Livius,
2474 2813 2610 2851 cum
2640 2801 2939 2869 trecentis,
2971 2802 3081 2856 nisi
3117 2804 3384 2859 fortassis
3410 2807 3506 2861 hic
3537 2807 3689 2864 alius

2027 2883 2219 2947 fuerit,
2253 2885 2428 2938 morti
2458 2901 2518 2939 se
2551 2886 2792 2942 tradidit
2821 2904 2833 2941 :
2869 2890 3098 2945 utdum
3145 2893 3204 2946 in
3237 2908 3358 2958 eos,
3390 2895 3688 2951 tumulum

2027 2971 2356 3042 quemdam
2414 2976 2732 3044 capientes,
2791 2984 3198 3034 averterentur
3257 2982 3458 3038 hostes
3509 2985 3688 3054 legio-

2026 3074 2134 3113 nes
2191 3074 2325 3114 cum
2368 3061 2717 3116 consulibus
2771 3064 3211 3131 circumventae,
3259 3069 3591 3126 incolumes
3618 3089 3691 3128 ex

2026 3146 2333 3202 obsidione
2373 3147 2659 3214 liberatae,
2717 3154 3160 3221 pertransirent.
3198 3155 3398 3212 Simile
3451 3175 3691 3231 quoque

2026 3236 2148 3306 egit
2164 3235 2374 3290 Decius
2389 3237 2659 3291 tribunus
2679 3239 2864 3293 militu
2877 3256 2932 3294 m
2948 3257 3085 3296 cum
3101 3246 3348 3300 consule
3363 3246 3420 3300 Ρ.
3453 3247 3690 3304 Valerio

229 3347 624 3403 suorumque
641 3331 823 3386 vitam
837 3329 1144 3384 communi
1159 3329 1320 3384 bono
1336 3331 1836 3400 posthabuerunt.
1852 3333 1916 3387 In
1955 3342 1996 3397 ί]
2025 3325 2295 3389 COI‘VinO,
2321 3326 2566 3395 junctus
2584 3327 2836 3383 hastatis
2850 3331 3027 3384 unius
3054 3331 3301 3401 legionis
3318 3335 3689 3408 (quanquam

225 3422 457 3495 primis
481 3426 688 3476 autem
701 3418 992 3475 occurritJ
1002 3417 1174 3473 unius
1201 3417 1296 3473 ille
1313 3419 1536 3485 Brutus,
1560 3418 1793 3490 primus
1807 3424 1916 3475 Ro-

224 3527 438 3566 manae
471 3508 764 3565 libertatis
795 3511 1076 3576 assertor,
1113 3506 1214 3577 qui
1248 3507 1525 3577 proprios
1547 3507 1723 3573 ﬁlios,
1749 3509 1914 3580 quod

228 3601 504 3655 fuissent
531 3597 763 3653 consilii
798 3595 873 3651 de
904 3593 1261 3651 reducendis
1307 3595 1547 3666 regibus
1573 3597 1914 3683 participes,

235 3690 442 3744 securi
471 3687 656 3758 jussit
684 3684 933 3756 percuti:
964 3684 1204 3740 tametsi
1235 3699 1304 3739 ex
1324 3700 1532 3740 eorum
1563 3686 1725 3741 caede
1747 3689 1916 3756 gravl

232 3779 363 3848 ipse
399 3775 779 3831 sauciaretur
802 3772 1046 3828 vulnere
1077 3790 1090 3836 ;
1123 3772 1261 3844 quis
1300 3773 1461 3828 enim
1489 3789 1659 3828 amor
1688 3775 1916 3846 aequari

237 3868 438 3939 possit
465 3869 710 3936 patrum
739 3876 880 3931 erga
897 3861 1066 3924 ﬁlios,
1094 3859 1330 3915 amori?
1354 3863 1472 3916 Nec
1491 3860 1549 3916 id
1574 3877 1716 3918 sane
1737 3863 1916 3932 Virgi-

238 3956 394 4010 lium
422 3953 625 4020 latuit,
657 3951 759 4021 qui
787 3951 861 4005 de
889 3965 959 4005 eo
985 3949 1248 4021 loquitur
1278 3949 1338 4004 in
1365 3950 1526 4005 hunc
1552 3951 1793 4006 modum
1829 3968 1840 4005 :

251 4045 352 4098 Vis
377 4051 434 4098 et
475 4041 840 4110 Tarquinios,
871 4053 1035 4109 reges
1066 4039 1433 4108 animamque
1462 4040 1770 4108 superbam

251 4114 492 4190 Ultoris
509 4113 704 4190 Bruti,
734 4111 1042 4190 fascesque
1067 4110 1264 4190 videre
1285 4118 1538 4178 receptos
1570 4113 1597 4165 ἵ

246 4186 518 4241 Consulis
547 4181 854 4252 imperium
888 4181 982 4236 hic
1013 4181 1237 4248 primus
1262 4196 1557 4252 saevasque
1584 4197 1808 4238 secures

245 4257 518 4324 Accipiet
552 4271 564 4308 :
601 4261 878 4323 natosque
903 4256 1247 4324 pater-nova
1281 4252 1432 4307 bella
1453 4259 1739 4324 moventes

244 4331 286 4382 Α
299 4331 331 4383 b
347 4323 590 4396 premam
614 4327 865 4393 pulchra
891 4339 1000 4396 pro
1024 4323 1293 4396 libertate
1308 4323 1533 4379 vocabit

245 4395 502 4469 Infelix.
535 4395 1060 4469 utcunqueferent
1087 4409 1151 4469 ea
1175 4395 1608 4469 factanepotes
1637 4414 1649 4450 :

254 4465 464 4526 Vincet
491 4483 663 4524 amor
689 4465 917 4534 patriae,
972 4465 1328 4536 laudumque
1349 4465 1634 4522 immensa
1685 4468 1913 4535 cupido.

315 4579 373 4632 P.
403 4575 622 4632 Decius
644 4572 778 4628 Mus
807 4587 946 4627 cum
967 4571 1214 4627 consule
1246 4573 1308 4626 Τ.
1352 4572 1586 4642 Manlio,
1617 4574 1918 4645 Torquato

2026 3413 2138 3468 hos
2171 3411 2412 3469 fortuna
2443 3414 2804 3487 liberaverit)
2836 3433 2911 3472 ne
2931 3418 3129 3474 hostes
3156 3423 3452 3478 Samnites
3493 3425 3553 3480 in
3583 3441 3688 3480 eos

2026 3509 2383 3573 pugnarent.
2418 3505 2571 3558 Inter
2627 3505 3103 3563 Lacedaemonios
3150 3510 3361 3580 ingens
3394 3521 3482 3568 est
3509 3514 3690 3584 hujus

2027 3590 2190 3645 modi
2251 3593 2418 3662 copia
2479 3593 2893 3664 exemplorum
2929 3615 2941 3653 :
2977 3613 3185 3653 verum
3223 3602 3504 3672 prrecipui
3560 3617 3689 3658 sese

2027 3678 2171 3733 mihi
2195 3677 2640 3735 offeruntBuris
2664 3686 2718 3737 et
2741 3684 2983 3754 Spartis,
3005 3685 3102 3757 qui
3134 3687 3211 3742 ad
3239 3691 3464 3745 Xerxen
3489 3693 3689 3748 Persa-

2026 3784 2161 3824 rum
2177 3783 2376 3838 regem
2401 3775 2611 3839 sponte
2639 3772 2884 3842 profeeti
2902 3779 3067 3830 sunt:
3097 3777 3288 3832 daturi
3305 3794 3516 3851 poenas
3539 3797 3691 3853 quas

2028 3856 2462 3913 Lacedaemonii
2481 3859 2652 3928 juxta
2671 3861 2990 3918 oraculum
3010 3867 3266 3935 pendere
3281 3868 3603 3936 debebant,
3621 3885 3692 3927 eo

2027 3945 2193 4018 quod
2226 3947 2505 4003 Oratores
2546 3963 2582 4002 a
2604 3949 2780 4005 Persa
2806 3950 3021 4007 missos
3060 3954 3436 4013 occidissent.
3459 3959 3524 4014 Hi
3550 3974 3693 4031 ergo

2028 4049 2158 4088 cum
2199 4034 2277 4088 ad
2308 4037 2525 4090 Xerxen
2548 4036 2866 4103 venissent,
2894 4040 3203 4110 jusserunt
3242 4049 3305 4100 ut
3336 4061 3397 4101 se
3428 4062 3695 4118 quocun-

2027 4138 2144 4193 que
2177 4125 2351 4177 modo
2386 4124 2699 4190 videretur,
2751 4143 2861 4198 pro
2907 4128 3372 4189 Lacedaemoniis
3410 4135 3696 4193 interﬁce-

2029 4218 2132 4265 ret.
2164 4211 2432 4283 Cumque
2481 4229 2580 4267 rex
2611 4214 2896 4284 pietatem
2955 4217 3013 4272 in
3045 4222 3303 4289 patriam
3336 4222 3692 4290 admiratus,

2028 4299 2490 4373 animorumque
2523 4301 2946 4376 fortitudinem,
2969 4306 3415 4365 liberassetillos
3433 4326 3469 4366 a
3494 4327 3694 4382 poena,

2029 4393 2367 4460 peteretque
2399 4395 2463 4444 ut
2501 4393 2664 4461 apud
2698 4409 2762 4447 se
2795 4400 3102 4450 manerent
3151 4415 3162 4451 :
3199 4398 3310 4462 Qui
3343 4414 3694 4470 possumus,

2025 4475 2317 4547 inquiunt,
2353 4477 2449 4532 hic
2478 4478 2691 4548 vivere,
2722 4481 2930 4537 relicta
2964 4485 3170 4554 patria,
3217 4488 3541 4560 patriisque
3562 4490 3699 4562 legi-

2027 4564 2142 4620 bus
2171 4579 2241 4620 ac
2255 4564 2414 4630 viris,
2433 4582 2686 4638 quorum
2722 4570 2914 4639 gratia
2933 4575 3166 4629 tantum
3200 4575 3307 4631 iter
3321 4579 3698 4650 suscepimus

244 4675 456 4724 contra,
472 4663 717 4720 Latinos
750 4676 1050 4733 pugnans,
1067 4676 1206 4716 cum
1224 4676 1591 4731 responsum
1618 4666 1773 4718 esset
1788 4679 1919 4719 ora-
1955 4690 1998 4745 ι)
2030 4652 2302 4745 morituri
2333 4654 2361 4708 ?
2381 4655 2530 4720 Quid
2571 4657 2746 4713 Codri
2773 4660 3224 4719 Atheniensium
3253 4666 3406 4736 regis
3438 4673 3696 4724 mortem

244 4757 400 4820 culo,
436 4753 634 4810 utrius
664 4752 957 4807 exercitus
985 4749 1310 4820 imperator
1341 4750 1602 4819 legiones
1631 4750 1915 4816 hostium,

250 4860 434 4917 seque
469 4856 647 4913 super
695 4855 800 4895 eas
830 4838 1196 4902 devovisset,
1225 4838 1354 4908 ejus
1385 4839 1583 4909 populi
1611 4840 1920 4913 partisque

253 4934 374 4990 fore
416 4930 732 4987 victoriam
763 4943 777 4993 ;
805 4943 868 4983 se
906 4926 1107 4998 ipsum
1135 4941 1248 4998 pro
1289 4927 1599 4982 communi
1628 4929 1919 4984 exercitus

253 5025 444 5080 salute
477 5018 737 5076 devovit.

327 5113 614 5182 idemque
645 5108 782 5166 fecit
809 5105 970 5162 ﬁlius
982 5105 1110 5175 ejus
1127 5104 1342 5160 eodem
1363 5104 1702 5176 appellatus
1731 5107 1922 5162 nomi-

256 5219 342 5268 ne,
375 5218 514 5258 cum
535 5201 664 5273 jam
695 5196 945 5254 tertium
973 5191 1182 5250 consul
1213 5192 1442 5256 fuisset,
1473 5194 1774 5266 semelque
1792 5210 1922 5251 cen-

261 5309 349 5348 sor
377 5311 389 5347 :
423 5307 680 5367 quorum
713 5287 912 5344 etiam
953 5281 1043 5336 his
1063 5281 1260 5337 verbis
1291 5285 1468 5354 poeta
1495 5284 1764 5339 meminit
1798 5303 1809 5338 :

259 5384 392 5448 Quin
419 5387 623 5444 Decios
659 5383 1021 5456 Drusosque
1046 5371 1251 5456 simul,
1302 5385 1634 5456 saeuamque
1656 5375 1850 5456 securi

246 5444 424 5534 iam
459 5460 842 5531 Torquatum
875 5452 935 5500 et
965 5444 1313 5534 referentem
1344 5444 1519 5534 signa
1563 5445 1910 5534 Camillum.

286 5531 509 5616 Hamus
543 5544 810 5608 CurtiUS
834 5537 1130 5608 praeterea
1157 5531 1239 5587 ob
1277 5531 1484 5603 populi
1515 5532 1767 5589 salutem
1794 5551 1921 5590 sese

212 5667 342 5732 equo
371 5651 704 5714 invectum
737 5634 813 5689 in
851 5632 1031 5680 terrae
1084 5622 1319 5679 hiatum
1345 5622 1570 5695 injecit.
1631 5625 1732 5696 Sp,
1755 5626 1918 5682 Post.

2030 4741 2306 4807 referam,
2357 4745 2633 4815 quicum
2687 4746 2907 4803 videret
2961 4751 3270 4819 regionem
3315 4770 3490 4811 suam
3541 4755 3697 4812 ferro

2031 4831 2271 4902 ignique
2295 4834 2541 4898 vastari,
2571 4849 2682 4890 nec
2712 4836 2831 4892 alio
2855 4839 3026 4894 modo
3053 4840 3225 4910 juxta
3250 4844 3537 4914 Apollinis
3567 4861 3700 4901 ora-

2033 4921 2235 4976 culum
2266 4926 2390 4978 tam
2422 4937 2602 4993 grave
2640 4924 2868 4981 bellum
2906 4927 3128 4985 discuti
3177 4938 3400 5003 posset,
3433 4934 3545 4989 nisi
3571 4934 3698 5005 ipse

2031 5009 2297 5065 hostium
2327 5026 2514 5067 manu
2543 5013 2874 5086 occidisset,
2901 5015 3083 5090 idque
3100 5035 3223 5075 non
3252 5022 3443 5077 solum
3473 5023 3534 5077 in
3562 5023 3697 5078 totis

2030 5097 2479 5154 Atheniensium
2511 5102 2736 5172 castris,
2777 5105 2883 5159 sed
2914 5107 3092 5162 etiam
3123 5108 3184 5163 in
3230 5110 3542 5165 contrariis
3571 5127 3697 5184 per-

2032 5186 2380 5252 crebuisset,
2440 5189 2686 5262 ideoque
2713 5193 2972 5249 edictum
3027 5201 3198 5260 esset,
3233 5213 3308 5253 ne
3337 5199 3475 5270 quis
3525 5201 3697 5258 Codri

2033 5290 2247 5347 corpus
2305 5277 2645 5335 vulneraret
2701 5281 2985 5354 depositis
3034 5285 3268 5356 imperii
3331 5287 3695 5358 insignibus,

2031 5362 2390 5422 familiarem
2420 5367 2879 5438 induitcultum,
2915 5389 2980 5427 ac
2999 5373 3332 5445 palantium
3368 5377 3548 5448 globo
3568 5396 3698 5436 sese

2032 5453 2265 5523 objecit,
2319 5471 2626 5528 unumque
2674 5475 2746 5514 ex
2805 5461 2890 5514 his
2942 5460 3091 5516 falce
3125 5479 3484 5535 percussum
3514 5468 3575 5523 in
3608 5471 3698 5524 sui

2033 5541 2261 5598 caedem
2290 5545 2588 5617 compulit,
2618 5553 2680 5603 ut
2706 5550 2962 5620 patriam
2977 5559 3232 5608 servaret
3267 5572 3278 5621 ;
3312 5555 3492 5625 hujus
3520 5557 3694 5627 siqui-

2038 5630 2183 5687 dem
2202 5630 2464 5697 interitu,
2497 5650 2570 5691 ne
2597 5636 2842 5694 Athenae
2874 5639 3216 5699 occiderent
3266 5642 3534 5700 effectum
3584 5648 3694 5700 est.
