2055 3188
249 152 285 189 33
1009 154 1031 182 Ρ
1033 153 1211 197 ΜΡᾼΤΙΟ.
1929 171 1965 204 36

287 217 359 267 Huic
376 217 440 252 jam
456 216 791 269 reimﬁnemimponam,
808 218 835 269 si
851 217 1076 269 prius-hominis
1091 218 1115 246 A
1132 227 1202 248 men
1217 229 1286 250 cum
1315 225 1443 260 posteris
1477 226 1555 256 adeo
1572 229 1641 258 utile
1654 238 1690 258 ac
1718 232 1964 269 amplectendnm

249 261 479 297 ethnici,nempe
491 261 637 289 Ciceronis
647 262 687 290 De
695 262 808 290 somnio
816 263 951 298 Scipionis
961 263 1074 291 dictum

247 313 317 333 vere
333 305 533 334 Christianum
551 306 587 333 de
600 307 765 334 communis
782 307 853 335 boni
870 306 1075 342 magnitudine

246 349 382 382 retulero,
397 350 449 386 qui
470 350 511 377 sic
530 350 570 377 ait
586 360 618 380 :«
637 350 700 383 Quo
720 352 771 383 sis,
786 351 933 386 Africane,
951 351 1076 379 alacrior

246 395 287 422 ad
305 395 460 423 tutandam
482 394 708 430 rempublicam,
725 395 767 423 sic
784 395 913 425 habeto:
932 396 1074 424 omnibus

246 439 297 475 qui
317 439 445 475 patriam
465 439 715 474 conservaverint,
731 439 906 476 adjuverint,
927 440 1070 473 auxerint,

246 486 358 511 certum
376 491 439 511 esse
454 483 484 511 in
501 483 575 511 caelo
586 491 619 511 ac
630 483 784 512 definitum
799 484 910 516 locum,
929 484 977 512 ubi
993 484 1073 512 beati

244 536 306 557 mvo
316 528 497 564 sempiterno
504 528 647 556 fruantur.
658 528 1072 565 nNihilestenimilliDeo,qui

243 581 362 600 omnem
376 573 456 601 hunc
467 573 615 600 mundum
626 573 711 607 regit,
725 573 808 609 quod
816 573 940 609 quidem
949 574 979 601 in
988 573 1072 601 terris

241 617 302 648 ﬂat,
319 617 479 653 acceptius,
493 624 587 653 quam
609 616 738 645 concilia
750 619 903 653 castusque
915 617 1071 645 hominum

240 662 306 696 jure
316 661 428 694 sociati,
438 669 503 697 quie
519 661 676 689 societates
684 661 873 697 appellantur
885 670 891 688 :
908 662 1017 689 harum
1025 670 1072 690 re-

244 708 339 733 ctores
350 709 376 734 et
398 707 623 733 conservatores
633 705 702 733 hinc
716 705 913 741 profecti,huc
925 709 1070 734 reverten-

238 752 298 777 tur.
315 750 370 779 His
382 750 482 785 igitur,
494 750 547 787 qui
555 749 600 782 vol
612 750 725 787 seipsos
735 750 846 785 fortiter
857 757 909 789 pro
917 750 1071 786 republica

240 795 328 822 morti
341 795 536 827 tradiderunt,
552 798 603 822 aut
618 794 647 821 in
662 794 726 829 ejus
741 794 897 822 utilitatem
910 797 1004 822 artem
1018 795 1069 822 ali-

238 847 330 875 quam
336 839 531 875 quantumvis
538 839 627 866 etiam
634 838 807 866 illiberalem
814 847 848 866 ac
855 839 1065 874 sedentariam,

1130 264 1298 316 reliquisset
1308 276 1400 316 _opus,
1419 272 1501 316 tanta
1528 273 1584 302 fuit
1602 274 1696 303 animi
1717 264 1865 307 modestia
1879 264 1963 316 quod

1130 311 1219 357 etiam
1234 312 1347 360 passim
1363 321 1399 342 ex
1413 315 1478 351 ejus
1505 317 1622 354 scriptis
1646 319 1709 347 luce
1720 320 1828 350 clarius
1839 311 1963 360 est-per-

1129 356 1242 402 spicere
1258 357 1290 382 ut
1303 356 1358 384 sibi
1374 357 1401 384 id
1419 359 1494 388 adeo
1506 369 1567 389 non
1592 362 1795 399 vindicaverit,
1809 356 1961 402 quodheo

1128 397 1283 449 pro-prium
1300 408 1404 449 nomen
1419 404 1619 439 adjiciendum
1634 397 1793 441 censuerit,
1805 397 1857 439 sed
1867 412 1957 449 Chry-

1128 444 1362 490 sostomipotius
1386 455 1450 475 cum
1478 452 1601 483 cazteris,
1618 459 1749 488 quorum
1771 454 1900 490 ingenue
1913 444 1958 485 fa-

1127 486 1242 514 tebatur
1255 496 1319 517 esse
1340 492 1505 527 potissima,
1525 503 1590 530 qua:
1606 486 1638 524 in
1654 505 1746 526 unum
1759 486 1821 535 ipse
1836 500 1957 537 collegit

1126 538 1296 582 quanquam
1307 536 1335 562 et
1351 535 1416 572 ipse
1440 545 1495 565 suo
1515 541 1608 568 marte
1622 540 1752 576 plurima
1766 551 1832 580 qum
1843 547 1871 573 et
1885 535 1956 582 prio-

1127 576 1308 624 stantissima
1319 582 1411 614 erant,
1442 582 1629 618 adjunxerat,
1653 588 1685 614 ut
1714 576 1786 615 hinc
1812 576 1955 624 conjicias

1126 622 1273 666 quantum
1285 623 1384 651 animo
1396 625 1597 655 dissideretab
1611 629 1645 656 iis
1656 630 1747 665 quiin
1761 622 1884 661 modum
1893 643 1956 663 cor-

1126 664 1232 711 nicula:
1249 665 1352 694 alienis
1369 677 1432 696 sese
1440 674 1547 698 ornant
1559 681 1591 699 ac
1599 664 1755 702 venditant
1764 676 1878 711 plumis.
1890 679 1956 707 Plu-

1125 707 1209 756 rimis
1224 717 1296 737 sane
1324 716 1425 741 auctor
1436 714 1484 742 hic
1516 716 1606 744 fuisse
1628 718 1743 746 videtur
1760 707 1955 751 Olicumenius

1125 753 1158 800 is,
1241 754 1347 800 similia
1363 758 1583 788 Commentaria
1598 769 1634 790 ex
1650 762 1763 791 eisdem
1775 766 1892 800 collegit
1903 776 1955 795 au-

1124 796 1265 847 ctoribus,
1285 799 1313 825 in
1329 804 1399 828 Acta
1420 804 1634 837 apostolorum,
1664 807 1692 834 in
1711 796 1867 843 Epistolas“
1883 819 1954 847 quae

1123 840 1279 889 Catholica)
1295 850 1516 881 nuncupantur,
1542 857 1576 876 ac
1589 850 1617 876 in
1635 840 1772 879 Paulinus
1790 840 1906 889 omnes,
1920 859 1953 884 ut

238 884 300 930 sive
313 883 508 930 quidpiamin
516 891 551 910 ea
562 882 746 930 praecipuum
756 883 1066 930 gratumqueposteris
1083 891 1105 918 Β
1121 884 1205 930 certis
1213 887 1588 925 quibusdamargumentis
1603 895 1758 930 colligitur,
1768 882 1953 928 etiamsi

238 927 460 959 adinvenerunt,
477 927 553 955 vices
568 927 731 962 rependere
746 926 870 962 cupiens
881 927 1063 963 antiquitas:
1086 930 1088 932 '

236 974 263 999 et
278 979 339 1008 qua
351 971 460 1004 liceret,
468 974 645 1009 perpetuam
654 978 758 999 eorum
767 971 938 999 memoriam
950 971 1064 999 abinte-

234 1016 291 1044 ritu
299 1015 459 1049 vindicare,
471 1018 585 1044 statuas
591 1024 684 1044 mreas
694 1024 745 1042 seu
753 1012 921 1043 marmorea
927 1014 1064 1052 sepulcra

233 1060 335 1089 erexit.
352 1061 493 1089 Praeterea
520 1060 707 1088 ethnicorum
719 1060 807 1088 libros
821 1060 932 1095 ingenti
945 1060 1063 1088 redem-

234 1108 302 1141 ptos
316 1105 409 1142 pretio
424 1112 535 1140 magna
550 1104 608 1132 [ide
619 1104 665 1133 vel
683 1104 824 1140 religione
839 1104 938 1141 potius
953 1104 1062 1133 descri-

233 1151 309 1185 ptos,
324 1149 452 1177 cedrinis
472 1149 598 1177 inclusos
623 1149 763 1185 capsulis,
792 1151 856 1177 tum
880 1149 958 1177 cedri
973 1158 1062 1178 succo

233 1194 350 1230 oblitos,
366 1194 473 1230 posteri
484 1194 514 1222 in
529 1194 650 1230 templis
666 1193 836 1221 cautissime
851 1194 1038 1230 reponebant
1053 1203 1060 1223 :

233 1239 342 1274 partim
356 1241 387 1267 ut
405 1239 445 1267 rei
461 1241 520 1266 tam
537 1246 639 1271 sacrm,
656 1242 777 1274 tamque
802 1238 908 1267 divime
923 1239 1061 1268 custodia

233 1291 294 1311 non
301 1283 366 1311 aliis
379 1291 471 1319 quam
481 1283 553 1319 ipsis
562 1283 737 1311 numinibus
744 1283 970 1311 concrederetur
980 1291 986 1310 :
995 1291 1060 1319 par-

231 1320 284 1356 tim
300 1336 336 1356 ne
351 1327 426 1365 quid
442 1328 515 1355 situs
533 1330 584 1356 aut
597 1327 691 1355 caries
705 1326 755 1355 illa
769 1329 965 1355 monumenta
977 1328 1058 1356 vitia-

229 1374 284 1400 ret.
298 1372 352 1400 Alii
366 1380 403 1401 ne
416 1372 472 1400 hac
487 1372 610 1408 quidem
621 1372 751 1400 contenti
760 1371 924 1407 diligentia,
941 1372 1059 1401 codices

229 1425 284 1445 ceu
299 1417 472 1445 thesaurum
488 1416 754 1453 incomparabilem
770 1416 799 1443 in
811 1416 957 1444 altissimis
973 1418 1058 1445 terrm

226 1461 348 1489 latebris
363 1460 562 1489 recondebant
591 1463 673 1489 tanta
688 1468 770 1492 cura,
787 1462 820 1488 ut
832 1468 887 1488 nec
901 1460 1057 1498 incendiis,

225 1513 281 1533 nec
297 1505 443 1533 bellorum
456 1504 605 1541 procellis,
617 1504 727 1540 quibus
740 1505 843 1533 omnia
857 1512 942 1533 sacra
958 1504 1055 1541 profa-

1121 926 1159 977 ibi
1187 929 1311 958 voluerit
1335 941 1423 960 suum
1440 943 1548 963 nomen
1577 926 1760 973 exprimere:
1788 950 1849 977 qua
1868 944 1905 970 de
1918 952 1950 972 re

1120 972 1253 1024 pluribus
1271 983 1405 1011 agemus,
1420 987 1486 1006 cum
1502 972 1619 1009 tomum
1633 982 1716 1011 illum
1734 972 1858 1014 alterum
1879 996 1951 1024 pro-

1119 1017 1238 1065 pediem»
1258 1019 1287 1046 in
1311 1020 1402 1049 lucem
1432 1023 1581 1053 dabimus.
1615 1026 1698 1054 Hunc
1722 1029 1822 1065 itaque
1847 1017 1950 1062 Graeca

1119 1069 1208 1110 manu
1222 1063 1403 1111 descriptum
1431 1070 1498 1096 ante
1515 1069 1623 1098 multas
1639 1073 1740 1100 aetates
1749 1063 1829 1109 quod
1841 1079 1950 1111 praeter

1117 1108 1195 1141 ipsas
1207 1108 1456 1158 evangelistarum
1468 1120 1546 1141 novo
1563 1116 1653 1143 modo
1669 1108 1949 1158 depictas,jamque

1118 1153 1331 1197 propemodum
1370 1159 1510 1185 vetustate
1531 1158 1640 1188 deletas
1659 1153 1828 1197 imagines;
1843 1153 1947 1194 multis

1218 1199 1400 1243 argumentis
1416 1201 1544 1231 innotuit
1559 1212 1626 1232 cum
1644 1214 1715 1234 casu
1724 1195 1947 1243 reperissemin

1115 1239 1438 1291 bibliotheca‘cfenobii
1452 1245 1585 1282 Deiparee
1592 1249 1720 1284 Virginis
1730 1260 1747 1279 a
1760 1239 1947 1291 Cuadaiupe,

1116 1284 1225 1335 ordinis
1252 1285 1309 1314 divi
1325 1288 1495 1324 Hieronymi
1512 1291 1541 1318 in
1558 1300 1650 1328 regno
1662 1294 1803 1330 Castellte,
1829 1298 1859 1326 in
1885 1284 1950 1335 qua

1118 1328 1283 1379 etiamnum
1296 1331 1440 1379 delitescit
1457 1342 1463 1361 :
1494 1337 1525 1363 ut
1541 1340 1608 1365 sunt
1630 1339 1693 1373 ejus
1710 1328 1852 1376 sodalitii,
1869 1328 1950 1379 prae;

1116 1373 1216 1402 sertim
1232 1376 1331 1403 autem
1348 1376 1615 1416 celeberrimijllius
1631 1386 1802 1413 monasterii
1814 1373 1947 1418 cmnobi-

1114 1419 1157 1464 εξ,
1168 1426 1228 1446 non
1246 1419 1335 1448 modo
1349 1420 1522 1452 Christiana:
1536 1429 1647 1454 nOstree
1655 1428 1819 1464 religionis,
1837 1440 1946 1463 verum

1112 1461 1202 1510 etiam
1215 1465 1530 1498 praestantissimorum
1546 1478 1665 1506 semper
1674 1461 1840 1508 auctorum,
1854 1461 1946 1512 potis:

1112 1514 1222 1534 sunum
1238 1510 1339 1537 tamen
1353 1512 1497 1545 veterum,
1514 1513 1719 1550 diligentissimi
1733 1510 1943 1551 observatores

225 1557 323 1587 naque
337 1549 565 1585 solentmisceri,
574 1550 735 1581 interirent,
750 1548 909 1603 et‘posteris
921 1551 997 1579 certe
1008 1557 1053 1578 su-
1072 1566 1093 1595 ε
1109 1558 1144 1578 ac
1159 1551 1297 1586 cultores,
1312 1554 1410 1583 visum
1426 1559 1469 1584 est
1484 1548 1582 1586 invidi
1588 1567 1663 1594 esse,
1680 1569 1716 1589 ne
1730 1563 1828 1593 dicam

224 1596 384 1630 peressent.
400 1594 492 1622 Porro
508 1594 532 1621 si
547 1594 595 1622 hic
610 1594 707 1621 honos
720 1596 764 1621 est
775 1593 894 1622 habitus
911 1595 1051 1630 supersti-

221 1638 305 1667 tiosis
318 1639 408 1667 etiam
422 1637 634 1670 voluminibus,
652 1637 741 1665 veluti
756 1638 858 1665 Numas
873 1646 907 1666 ac
924 1638 1050 1674 Sybilla),

222 1685 275 1711 aut
286 1690 382 1711 rerum
389 1682 428 1711 ab
441 1681 615 1710 hominibus
625 1683 780 1716 gestarum
787 1682 965 1711 memoriam
972 1691 1052 1711 com-

222 1726 428 1762 plectentibus,
437 1726 540 1763 quales
546 1725 920 1762 erantIEgyptiorumlibri
930 1735 936 1755 :
945 1727 1052 1755 autali-

221 1779 315 1807 quam
327 1771 470 1799 humanas
500 1769 652 1807 sapientia:
668 1770 834 1807 portionem
850 1770 1049 1806 tradentibus,

218 1815 309 1853 veluti
321 1815 450 1844 Platonis
472 1817 500 1843 et
525 1814 710 1843 Aristotelis:
736 1816 851 1851 quanto
870 1815 978 1851 justius
1006 1819 1052 1845 est

220 1859 302 1888 idem
311 1860 407 1888 facere
427 1859 611 1889 Christianos
634 1859 664 1887 in
680 1859 837 1888 servandis
852 1859 970 1889 illorum
987 1869 1050 1890 mo-

219 1904 369 1934 numentis
382 1905 395 1933 ?
410 1904 459 1941 qui
469 1912 553 1932 sacro
563 1903 655 1933 afﬂati
669 1904 786 1940 Spiritu,
794 1912 857 1933 non
874 1907 938 1933 tam
947 1905 1047 1938 libros,

217 1956 311 1989 quam
320 1949 442 1978 oracula
454 1949 541 1978 nobis
553 1948 744 1984 reliquerunt,
753 1949 861 1985 quibus
870 1948 1048 1984 lectitandis,

218 1996 332 2031 pectus,
353 2001 415 2022 non
428 1993 563 2022 doctrina
575 1993 674 2021 solum
702 1996 753 2021 aut
767 1993 885 2022 dicendi
896 1993 1047 2028 facultate,

219 2038 438 2067 sedvirtutibus
451 2046 486 2066 ac
497 2038 604 2074 pietate
614 2046 684 2074 erga
690 2037 784 2065 Deum
793 2037 952 2074 impleatur
963 2046 969 2066 :
979 2047 1048 2067 cum

217 2085 294 2111 certe
301 2082 489 2111 ethnicorum
496 2082 641 2110 librorum
646 2082 655 2118 j
660 2084 763 2110 actura
768 2081 799 2110 id
805 2084 922 2111 tantum
928 2082 1045 2115 efﬁciat,

216 2123 246 2155 ut
261 2127 360 2166 minus
373 2126 479 2156 eruditi
491 2126 596 2160 simus,
608 2129 659 2154 aut
678 2126 779 2154 minus
795 2126 977 2163 eloquentes,
985 2134 1046 2155 non

216 2167 253 2210 ut
263 2172 365 2200 minus
372 2171 425 2209 pii.

236 2221 283 2253 _In
294 2220 341 2248 his
356 2220 456 2257 itaque
471 2221 523 2256 qui
538 2222 671 2248 veterum
699 2221 856 2251 auctorum
876 2228 910 2248 ac
923 2221 1045 2250 Patrum
1059 2236 1081 2264 Β

215 2264 418 2300 scriptanobis
425 2264 619 2297 tradiderunt,
628 2264 758 2292 maxime
764 2266 865 2293 autem
870 2264 1045 2300 Chrysosto‘

215 2309 257 2337 mi
266 2317 327 2345 quo
339 2317 429 2337 nemo
439 2308 470 2336 in
476 2308 652 2337 enarrandis
664 2308 757 2337 sacris
764 2308 968 2343 voluminibus
974 2308 1044 2338 dex-

215 2353 305 2382 terius
315 2356 447 2383 versatus
458 2356 510 2386 est,
528 2357 556 2381 et
565 2361 626 2389 quo
636 2353 789 2382 neminem
799 2352 934 2381 invenias
944 2354 1042 2390 magis

212 2398 476 2431 accommodatum
488 2398 533 2426 his
540 2397 592 2434 qui
603 2397 642 2426 ad
650 2406 760 2433 munus
771 2397 972 2427 concionandi
978 2406 1044 2427 sese

212 2446 386 2479 parantnon
404 2442 581 2478 posteriores
595 2441 1040 2478 tulitGrnacusquidamauctor:

211 2487 261 2522 qui
276 2495 400 2515 cernens
426 2489 539 2515 veteres
562 2495 664 2522 sacros
675 2489 812 2519 auctores
840 2488 870 2514 et
894 2487 1043 2523 praecipue

211 2539 262 2559 eos
277 2531 499 2568 quiplurimum
508 2531 717 2560 laboraverant
726 2532 757 2559 in
766 2531 941 2560 enarrandis
952 2540 1041 2561 evan-

212 2576 309 2610 gelicze
323 2577 463 2605 doctrinm
492 2576 575 2604 libris
588 2576 626 2604 ad
650 2584 746 2612 quam
769 2575 940 2608 docendam
953 2577 1041 2606 Filius

211 2620 260 2647 Dei
276 2620 314 2648 ad
331 2623 432 2649 terram
449 2620 645 2651 descenderat
661 2628 855 2656 nequaquam
866 2628 921 2656 pro
935 2622 1040 2652 merito

210 2664 349 2692 lectitari:
359 2665 419 2692 sive
427 2664 455 2692 id
463 2665 607 2693 librorum
614 2664 816 2699 multitudine,
825 2665 1043 2697 sivelectorum

210 2708 341 2741 fastidio,
360 2709 420 2737 sive
435 2710 577 2745 temporis
592 2709 732 2738 acciderit
747 2710 865 2745 penuria
880 2710 929 2739 :in
944 2718 1041 2743 unum,

211 2753 327 2789 collegit
351 2754 502 2788 volumen,
530 2754 679 2791 quidquid
705 2754 747 2783 illi
773 2762 886 2790 magna
904 2755 1038 2783 codicum

210 2798 298 2827 turba
312 2798 465 2830 selectum,
477 2798 555 2828 circa
565 2798 726 2834 Evangelia
738 2799 928 2835 reliquerant.
950 2801 983 2828 Et
995 2801 1038 2832 ta-

1107 1602 1138 1622 re
1154 1595 1230 1623 adeo
1249 1596 1387 1632 frugifera
1401 1601 1462 1635 pati
1486 1601 1595 1630 diutius
1617 1605 1722 1640 privari
1735 1608 1864 1637 Latinos.
1880 1595 1939 1640 ded

1108 1641 1203 1690 tamen
1215 1641 1325 1690 inscius
1339 1651 1432 1677 eram,
1453 1654 1546 1681 quam
1575 1648 1692 1683 duram,
1723 1660 1877 1690 quamque
1892 1664 1940 1684 ar-

1107 1683 1204 1734 duam.
1228 1685 1346 1736 adirem.
1367 1690 1549 1736 provinciam
1567 1700 1573 1719 :
1588 1694 1698 1728 partim
1709 1683 1842 1731 quidem:
1855 1683 1940 1736 quod

1107 1729 1231 1780 propriae
1247 1731 1385 1759 conscius
1398 1733 1620 1780 imbecillitatis,
1635 1729 1797 1777 incultique
1814 1729 1938 1780 ingenii,

1106 1772 1271 1802 habueram
1282 1783 1400 1812 semper
1414 1778 1445 1806 in
1457 1779 1570 1814 animo,
1581 1782 1655 1810 nihil
1672 1784 1702 1812 in
1715 1772 1862 1820 publicum
1872 1772 1941 1819 ede:

1158 1825 1163 1844 :
1179 1819 1291 1853 partim
1304 1823 1462 1867 veroquod
1476 1824 1549 1851 mihi
1558 1833 1603 1854 res
1615 1830 1693 1856 esset
1708 1819 1777 1859 cum
1786 1833 1940 1867 ejusmodi

1105 1861 1191 1914 libro,
1209 1872 1304 1914 quem
1311 1865 1358 1914 vel
1370 1866 1469 1914 legere
1482 1876 1541 1897 non
1556 1872 1715 1901 mediocris
1726 1861 1936 1914 foret'negoti—i,

1105 1909 1204 1943 utpote
1224 1908 1333 1944 ignotis
1348 1913 1378 1938 ut
1391 1911 1553 1946 plurimum
1577 1920 1698 1946 exarato
1713 1908 1937 1952 characteribus

1104 1959 1138 2001 ac
1154 1954 1344 1988 compendiis,
1361 1956 1495 1985 maxima
1522 1958 1589 1988 licet
1617 1969 1687 1990 cura.
1706 1971 1741 1991 ac
1752 1965 1905 2001 diligentia
1926 1978 1933 1997 :

1103 1995 1266 2042 litterarum
1275 1999 1364 2027 etiam
1374 2000 1478 2035 ﬁguris
1489 2002 1663 2040 plerumque
1681 2008 1724 2035 vel
1738 1995 1822 2038 carie
1832 1995 1935 2042 acrsitu

1103 2040 1283 2089 oblitteratis,
1300 2043 1347 2071 vel
1357 2044 1504 2074 tinearum
1512 2056 1545 2074 ac
1553 2048 1680 2078 blattaru
1687 2060 1715 2080 m
1729 2053 1838 2089 injuria
1846 2040 1935 2086 senii:

1101 2085 1187 2131 rosis,
1201 2086 1246 2113 vel
1267 2094 1347 2115 novo
1376 2090 1452 2118 adeo
1476 2099 1558 2119 more
1587 2094 1720 2130 depictis,
1743 2085 1774 2126 u't
1785 2100 1813 2127 in
1828 2085 1933 2131 formis

1101 2130 1193 2177 etiam
1214 2133 1399 2161 noscitandis
1438 2136 1504 2164 mihi
1539 2138 1613 2166 foret
1642 2130 1929 2177 repuerascendum:

1102 2175 1209 2202 Omitto
1239 2176 1322 2211 quod
1337 2178 1507 2214 frequenter
1519 2181 1547 2209 in
1563 2175 1707 2213 orationis
1719 2190 1859 2218 contextu
1870 2175 1933 2221 non

1100 2221 1203 2266 suntAa
1216 2228 1246 2247 se
1256 2221 1381 2249 invicem
1398 2227 1546 2259 separatas
1559 2227 1706 2258 dictiones
1720 2239 1725 2257 :
1743 2235 1770 2260 et
1781 2241 1796 2261 e
1813 2234 1931 2266 diverso

1099 2264 1230 2316 ejusdem
1267 2266 1404 2316 dictionis
1428 2269 1526 2299 littera:
1553 2275 1604 2300 aut
1626 2274 1748 2309 syllaba:
1770 2264 1930 2316 plusquam

1096 2308 1176 2343 justo
1190 2317 1208 2338 a
1220 2318 1251 2338 se
1273 2311 1399 2340 invicem
1428 2319 1605 2349 separantur
1632 2308 1797 2354 intervallo,
1813 2308 1931 2356 adeo-tit

1098 2360 1152 2400 nec
1169 2362 1272 2382 versus
1290 2356 1437 2392 syllabam
1452 2360 1561 2395 smpius
1575 2362 1673 2391 ﬁniat:
1687 2371 1832 2397 commata
1845 2378 1878 2398 ac
1887 2371 1932 2400 in-

1183 2399 1231 2428 vix
1246 2400 1408 2434 adduntur,
1425 2406 1486 2451 aut
1519 2405 1570 2433 ubi
1593 2407 1663 2435 nihil
1692 2418 1769 2446 opus
1783 2417 1826 2441 est
1840 2398 1932 2451 appo-

1098 2444 1230 2470 nuntur:
1248 2452 1309 2479 quac
1330 2453 1377 2493 res
1401 2447 1578 2493 plerumque
1600 2444 1806 2484 difficultatem
1835 2444 1932 2493 gignit

1097 2494 1155 2513 non
1170 2494 1304 2521 parvam.
1332 2489 1466 2518 Sciebam
1487 2496 1627 2527 praeterea
1645 2502 1759 2531 quanto
1774 2504 1806 2529 ut
1820 2489 1849 2529 in
1863 2489 1929 2532 uni-

1097 2538 1217 2559 versum
1237 2532 1345 2581 .dicam
1357 2542 1420 2563 sese
1444 2542 1596 2572 exponant
1619 2542 1756 2576 periculo,
1769 2547 1819 2581 qui
1835 2547 1929 2577 libros

1097 2577 1285 2628 a‘peregriua
1303 2577 1408 2626 lingua
1420 2581 1571 2628 traductos
1582 2584 1611 2610 in
1623 2585 1720 2614 lucem
1732 2577 1822 2618 edunt
1838 2598 1930 2628 :quot

1095 2621 1123 2672 et
1136 2628 1232 2672 quam
1248 2621 1345 2670 varios
1353 2624 1648 2660 suscipiantjudiccs,
1658 2638 1786 2665 quorum
1795 2621 1929 2672 plerique

1095 2664 1205 2710 Griecis
1215 2665 1316 2694 litteris
1331 2675 1369 2695 ne
1383 2675 1402 2696 a
1416 2668 1517 2698 limine
1532 2673 1652 2706 quidem
1668 2664 1818 2709 salutatis.
1843 2664 1886 2708 obl
1898 2664 1927 2710 id

1095 2709 1194 2737 statim
1211 2711 1312 2738 omnia
1328 2711 1485 2743 damnant.
1509 2717 1589 2751 quod
1606 2720 1752 2749 mundum
1768 2723 1850 2752 illum
1863 2709 1926 2754 rhe:

1095 2754 1220 2803 loricurn
1236 2763 1298 2791 prie
1314 2764 1345 2783 se
1360 2764 1420 2785 non
1437 2758 1539 2795 ferant,
1558 2762 1727 2797 ignorantes
1745 2769 1854 2803 quibus
1862 2779 1925 2799 arc-

1095 2800 1169 2827 tetur
1201 2801 1300 2830 modis
1314 2801 1348 2835 is,
1377 2803 1427 2837 qui
1458 2804 1560 2833 aliena?
1588 2807 1695 2843 lingua;
1710 2800 1879 2847 depositum
1893 2817 1926 2845 ii-
