4110 6386
210 314 276 379 37
1757 328 2150 389 PH/EFATIO.
3586 357 3656 415 38

208 445 413 502 deliter
437 446 701 503 reddere
731 449 987 519 cogitur.
1020 450 1416 526 Summopere
1456 454 1616 511 enim
1674 470 1881 511 curan-
1918 455 1963 508 A
1997 458 2211 515 seriem
2255 461 2448 533 magis
2475 465 2739 531 accedat,
2792 483 2913 525 non
2973 471 3121 528 nihil
3176 480 3374 532 tamen
3426 482 3657 539 subolet

212 535 357 591 dum
379 539 469 591 est
498 536 573 600 ei,
602 537 712 609 qui
745 538 827 593 ab
858 554 981 595 una
1012 539 1219 611 lingua
1249 542 1560 615 quidpiam
1606 544 1885 600 transfert

212 626 273 681 in
347 623 529 681 aliam
592 645 605 683 :
670 642 749 681 ne
802 626 953 684 dum
1006 631 1267 685 sermoni
1319 632 1531 704 quaerit
1582 637 1880 698 ornatum,

210 719 447 786 repente
467 730 581 787 pro
612 715 935 787 interprete
962 720 1395 790 paraphrasten
1417 727 1557 791 agat
1587 739 1597 777 :
1623 738 1884 777 rursum-

214 819 333 874 que
363 803 531 858 neita
552 802 747 858 verbis
772 804 1016 871 haereat,
1043 808 1336 879 utprioris
1377 810 1594 881 linguas
1633 812 1883 867 idioma-

213 897 273 947 ta
298 896 402 946 aut
430 890 723 947 dialectos
756 893 1005 949 retineat
1036 914 1047 953 :
1078 895 1183 950 sed
1209 913 1465 970 quaeque
1492 899 1697 967 lingua
1718 899 1882 971 quod

214 996 395 1035 suum
427 985 519 1034 est
541 980 769 1036 habeat
799 998 810 1034 :
840 981 1057 1054 alioqui
1078 999 1186 1041 nec
1211 987 1404 1041 Graece
1436 988 1599 1059 loqui
1627 988 1877 1053 videtur,

210 1084 321 1123 nec
351 1070 555 1123 Latine
589 1088 600 1126 :
637 1069 820 1142 idque
851 1072 1016 1142 quod
1042 1071 1103 1127 in
1132 1073 1429 1129 indoctum
1476 1076 1768 1146 jactatum
1795 1082 1885 1155 est

210 1157 541 1219 comicum,
568 1155 684 1228 ipsi
710 1158 1113 1228 adaptabitur,
1147 1162 1313 1233 quod
1334 1180 1405 1219 ex
1433 1165 1648 1219 Graecis
1681 1164 1876 1229 bonis,

215 1244 420 1300 Latina
438 1245 659 1307 fecerit,
689 1260 811 1301 non
844 1245 1023 1318 bona,
1053 1248 1112 1303 id
1141 1250 1305 1321 quod
1328 1251 1401 1305 de
1430 1252 1629 1307 multis
1660 1252 1879 1307 exulce-

208 1340 340 1389 rato
362 1334 480 1389 hoc
510 1333 728 1388 saeculo
751 1338 883 1406 apte
908 1335 1044 1406 quis
1075 1337 1304 1393 dixerit.
1328 1340 1467 1404 Quis
1493 1342 1652 1396 enim
1675 1357 1878 1397 sacras

198 1422 326 1493 jam
362 1422 613 1476 Litteras
644 1421 867 1491 passim
928 1439 1047 1478 non
1086 1424 1195 1479 sibi
1244 1426 1516 1497 vindicat,
1559 1435 1875 1502 antequam

206 1512 449 1565 discat:
487 1515 737 1579 torquet,
793 1509 1060 1567 lacerat:
1109 1529 1341 1586 suoque
1393 1516 1708 1572 intellectui
1754 1517 1875 1573 imo

209 1598 334 1652 suis
367 1597 687 1652 affectibus
726 1597 943 1653 servire
982 1601 1137 1669 cogit
1180 1603 1535 1674 scripturam
1563 1605 1742 1659 etiam
1792 1620 1876 1659 re-

208 1685 707 1760 pugnantem?Et
744 1688 1255 1758 quemadmodum
1289 1691 1605 1747 scribimus
1653 1692 1874 1747 indocti

1993 545 2269 603 dictionis
2320 549 2485 607 illum
2534 552 2848 612 affectasse
2902 566 3318 621 venustatem:
3366 570 3654 643 quodque

1992 635 2279 691 rhetorice
2319 639 2542 696 dixisse
2599 645 2741 699 satis
2776 648 2973 717 cupiat
3014 651 3218 717 videri,
3280 659 3336 709 et
3392 673 3501 711 non
3544 659 3651 714 soli

1993 722 2195 779 litterae
2217 729 2579 785 enarrationi
2599 732 2840 789 haerere.
2859 736 2934 795 At
2957 744 3160 794 noster
3178 742 3273 796 hic
3301 749 3501 801 auctor
3524 749 3655 803 uni-

1991 827 2130 867 cum
2153 813 2312 870 hunc
2325 816 2537 874 habuit
2554 836 2824 893 scOpum,
2842 828 2903 880 ut
2924 828 3330 898 evangelicam
3357 836 3651 893 succincte

1992 902 2220 955 cunctis
2248 906 2499 974 aperiret
2527 907 2856 967 historiam.
2883 914 3054 978 Quod
3087 918 3133 971 si
3164 919 3240 973 ad
3274 937 3468 978 mores
3504 940 3654 997 quo-

1990 1003 2107 1059 que
2129 990 2509 1061 corrigendos
2531 998 2799 1053 nonnihil
2830 1002 3255 1061 exhortationis
3289 1016 3552 1084 exoptes,
3588 1013 3652 1069 id

1990 1076 2171 1133 etiam
2216 1078 2470 1136 breviter
2496 1084 2742 1155 quidem
2776 1103 2845 1143 ac
2902 1092 3114 1159 rarius,
3158 1097 3262 1151 sed
3316 1097 3650 1158 felicissime

1992 1164 2168 1220 tradit
2213 1166 2312 1223 hic
2363 1177 2585 1226 auctor.
2627 1175 2817 1238 Quam
2849 1182 3007 1249 apte,
3070 1182 3225 1239 bone
3279 1188 3454 1257 Deus,
3510 1206 3648 1247 cum

1988 1254 2366 1324 evangelista».
2390 1258 2703 1329 plurimum
2727 1265 3017 1322 dissidere
3045 1271 3337 1339 videntur,
3373 1277 3451 1332 ita
3475 1278 3650 1332 dissi-

1988 1339 2190 1397 dentia
2215 1348 2512 1402 connectit
2563 1350 2713 1416 loca,
2742 1358 2804 1407 ut
2846 1355 2917 1410 ab
2952 1358 3163 1414 eodem
3204 1362 3376 1431 plane
3426 1365 3525 1421 illa
3567 1367 3645 1421 vi-

1987 1428 2241 1487 deantur
2270 1448 2401 1490 esse
2433 1436 2607 1493 dicta.
2634 1442 2698 1495 Et
2725 1441 2860 1496 huic
2888 1445 3131 1515 quidem
3162 1428 3242 1503 rei
3265 1452 3483 1519 nullus,
3516 1472 3645 1511 meo

1980 1517 2228 1588 judicio,
2265 1524 2417 1579 adeo
2446 1527 2659 1583 utiliter
2689 1546 2757 1584 ac
2790 1532 2941 1587 serio
2970 1534 3258 1593 hactenus
3292 1541 3643 1613 invigilavit.

1987 1607 2043 1660 In
2076 1624 2195 1681 quo
2236 1615 2457 1674 tamen.
2492 1616 2642 1671 sicut
2668 1634 2862 1691 neque
2902 1623 2963 1676 in
2994 1627 3238 1691 caeteris,
3273 1630 3457 1687 nolim
3490 1634 3648 1703 quis-

1984 1711 2166 1765 quam
2188 1700 2333 1753 meis
2360 1700 2536 1757 ﬁdem
2576 1704 2796 1762 habeat
2824 1710 3040 1776 verbis,
3089 1714 3198 1769 nisi
3256 1717 3427 1788 longe
3476 1700 3646 1791 plura

203 1775 490 1845 doctique
536 1777 820 1846 poemata
868 1776 1114 1845 passim,
1147 1777 1228 1833 ita
1259 1782 1315 1833 et
1352 1779 1635 1851 plerique,
1687 1797 1875 1853 quan-
1904 1793 1949 1849 Β
1985 1783 2043 1837 in
2092 1785 2205 1841 hoc
2256 1787 2588 1881 lectitando,
2656 1794 2831 1851 laude
2872 1775 3049 1869 digna
3099 1775 3398 1875 repererit,
3457 1775 3645 1881 quam

207 1880 393 1936 quam
428 1866 490 1917 in
524 1880 633 1917 sua
664 1879 847 1918 arena
887 1863 1129 1919 feliciter
1168 1876 1571 1935 versarentur,
1601 1872 1874 1943 prOprios

207 1954 431 2023 egressi
446 1951 688 2016 limites,
708 1951 855 2007 dum
872 1956 1120 2020 sutores,
1138 1955 1355 2011 relictis
1374 1957 1651 2029 crepidis,
1673 1958 1875 2030 ignota

205 2057 471 2112 quaeque
540 2039 873 2108 dijudicare
931 2047 1242 2113 conantur,
1296 2060 1415 2100 non
1476 2064 1609 2102 raro
1663 2049 1875 2129 misere

206 2130 665 2183 hallucinantur.
720 2128 869 2194 Quid
909 2131 1067 2185 enim
1112 2134 1346 2188 medico
1392 2140 1491 2191 aut
1534 2136 1874 2207 jurisperito

203 2236 346 2275 cum
388 2219 659 2272 versione
704 2223 806 2273 aut
860 2217 1341 2290 interpretatione
1384 2240 1691 2280 sacrorum
1744 2243 1874 2297 my-

204 2309 524 2363 steriorum
553 2310 581 2360 ?
620 2306 911 2379 Quodque
952 2307 1129 2378 longe
1165 2312 1358 2380 magis
1389 2313 1735 2369 deﬂendum
1766 2320 1870 2383 est,

200 2400 344 2452 dum
380 2397 590 2452 animo
617 2396 821 2467 pravis
852 2396 1066 2452 imbuti
1096 2405 1233 2454 sunt
1272 2401 1593 2469 dogmatis,
1625 2420 1759 2475 qua:
1809 2421 1877 2461 ex

199 2486 411 2542 Graeco
458 2488 696 2539 vertunt
720 2484 780 2539 in
830 2485 1117 2551 Latinum,
1152 2502 1275 2543 non
1313 2491 1455 2545 satis
1490 2490 1734 2548 fideliter
1765 2497 1877 2549 tra-

197 2581 364 2630 ctant
392 2592 406 2627 :
450 2589 613 2629 nunc
650 2572 921 2644 quidem,
955 2576 1112 2644 quod
1149 2576 1484 2649 frequenter
1509 2581 1743 2651 accidit,
1773 2600 1871 2637 co-

196 2670 373 2732 gente
411 2662 636 2717 harum
682 2678 882 2717 rerum
928 2662 1239 2734 imperitia,
1288 2668 1451 2738 quod
1490 2674 1713 2736 tamen,
1760 2671 1871 2726 nisi

195 2753 373 2807 illolis
417 2751 774 2807 accederent
800 2750 875 2805 ad
899 2754 1321 2810 contrectanda
1355 2772 1524 2812 sacra
1571 2760 1866 2827 manibus,

194 2840 432 2896 facilius
485 2843 696 2911 posset
739 2838 973 2909 ignosci
1004 2863 1017 2895 :
1052 2857 1215 2897 nunc
1244 2860 1405 2910 vero,
1429 2862 1503 2900 ne
1535 2848 1656 2903 suis
1701 2866 1873 2920 repu-

198 2936 386 3000 gnent
418 2929 737 2999 dogmatis,
767 2933 871 2984 aut
916 2931 1242 3000 truncatim,
1271 2938 1374 2989 aut
1407 2950 1588 3006 prave
1628 2953 1869 2996 sensum

197 3019 372 3074 nobis
404 3017 687 3073 reddunt.
718 3017 889 3082 Quod
922 3016 1047 3073 luce
1078 3018 1294 3075 clarius
1325 3024 1732 3092 ostendemus,
1767 3028 1866 3083 ubi

198 3108 447 3162 alterum
478 3110 711 3162 tomum
740 3106 860 3160 Deo
887 3106 1140 3177 propitio
1167 3107 1227 3163 in
1254 3108 1445 3164 lucem
1478 3111 1863 3182 ediderimus,
1904 3146 1942 3199 ρ

194 3197 383 3269 quod,
420 3202 485 3252 ut
507 3210 704 3266 spero,
729 3193 893 3249 brevi
918 3192 1230 3251 faciemus.
1262 3196 1349 3253 Ob
1376 3198 1501 3254 haec
1526 3200 1702 3271 igitur
1723 3204 1862 3260 alia-

191 3302 309 3357 que
330 3284 585 3357 plurima
605 3299 741 3355 quas
758 3283 1091 3338 versionem
1112 3286 1293 3340 variis
1317 3296 1683 3358 exaggerant
1709 3293 1865 3348 difﬁ-

190 3374 537 3437 cultatibus,
557 3388 669 3427 non
687 3373 735 3427 is
761 3388 894 3426 sum
917 3374 1013 3443 qui
1043 3387 1165 3428 non
1188 3374 1534 3447 intelligam,
1563 3384 1860 3450 quantum

189 3463 326 3518 huic
389 3461 623 3518 auctori
673 3460 997 3529 dignitatis,
1058 3466 1473 3535 quantumque
1527 3467 1860 3539 splendoris

190 3552 607 3608 tenebricosus
646 3551 936 3620 interpres
977 3549 1342 3606 abstulerim.
1391 3554 1501 3608 Sed
1560 3561 1858 3631 utcunque

191 3643 279 3709 sit,
310 3658 565 3696 sensum
598 3644 801 3695 tamen
827 3653 924 3693 me
963 3644 1307 3695 assecutum
1349 3643 1571 3717 opinor,
1605 3645 1736 3703 licet
1766 3648 1857 3719 ip-

189 3750 324 3789 sum
368 3729 538 3785 nullo
577 3728 739 3783 cultu
794 3727 1214 3785 adornaverim
1252 3747 1264 3783 :
1312 3747 1515 3788 verum
1558 3734 1621 3789 id
1680 3751 1857 3792 nemo

189 3839 344 3879 sana:
387 3818 608 3875 mentis
658 3816 720 3871 in
768 3817 1223 3873 Commentariis
1265 3821 1541 3891 requiret,
1598 3826 1857 3882 maxime

189 3912 265 3968 ab
296 3928 368 3967 eo
398 3909 522 3979 qui,
558 3912 623 3963 ut
673 3906 958 3977 praefatus
1012 3923 1157 3974 sum,
1216 3910 1535 3980 peregrinae
1580 3915 1856 3971 astrictus

190 4006 280 4057 est
306 4000 547 4068 linguae.
573 3995 745 4061 Quod
772 3996 818 4049 si
844 3995 1139 4050 universis
1172 3996 1511 4054 satisfacere
1544 4018 1659 4057 non
1694 4005 1857 4074 potui

188 4088 604 4157 facileferam,
637 4100 773 4140 cum
805 4098 879 4139 ne
911 4083 1057 4139 mihi
1081 4086 1316 4156 quidem
1354 4087 1458 4157 ipsi
1485 4088 1545 4144 in
1577 4093 1858 4149 omnibus

186 4146 410 4235 faciam
441 4177 605 4231 satis.
641 4177 913 4228 Attamen
940 4188 1095 4227 onus
1146 4175 1273 4240 hoc,
1304 4192 1650 4247 quanquam
1706 4182 1857 4236 meis

184 4269 365 4339 longe
404 4266 598 4337 impar
618 4262 903 4326 humeris,
925 4260 1128 4317 subire
1155 4278 1474 4333 aggressus
1503 4282 1661 4333 sum,
1695 4270 1856 4339 quod

186 4357 300 4413 alio
323 4370 456 4410 sese
478 4368 604 4408 non
630 4350 933 4415 offerente,
960 4351 1188 4420 grande
1214 4352 1496 4409 ducerem
1524 4355 1852 4425 piaculum,

186 4448 233 4501 si
252 4443 467 4500 ﬁdeles
487 4440 714 4496 diutius
740 4442 903 4494 tanto
926 4436 1350 4496 fraudarentur
1367 4441 1668 4499 thesauro.
1700 4446 1861 4525 Quid

181 4534 365 4602 enim,
400 4529 568 4604 quod
611 4529 689 4585 ad
729 4526 1086 4596 evangelicae
1122 4526 1381 4584 historiae
1413 4532 1851 4592 enarrationem

182 4625 413 4688 attinet,
445 4619 508 4675 in
544 4618 970 4689 Chrysostomo
1013 4616 1414 4687 potissimum,
1458 4618 1669 4675 deinde
1709 4628 1764 4678 et
1788 4624 1849 4680 in

183 4713 459 4783 Origene,
502 4707 738 4772 Basilio,
780 4711 883 4762 aut
920 4705 1283 4761 Nazianzeno
1332 4707 1626 4774 invenies,
1685 4713 1851 4781 quod

180 4802 273 4857 hic
335 4798 625 4857 facillime
662 4800 720 4851 et
771 4792 1231 4850 succinctissime
1272 4810 1395 4852 non
1438 4796 1752 4868 proferat?
1782 4804 1847 4857 Et

178 4892 618 4963 Chrysostomo
645 4884 878 4958 quidem
930 4883 1075 4939 satis
1107 4888 1267 4955 patet
1311 4900 1433 4940 non
1474 4902 1612 4942 eum
1663 4886 1845 4945 fuisse

178 4996 458 5053 scopum,
497 4982 558 5032 ut
588 4974 1047 5045 Evangeliorum
1073 4980 1174 5027 aut
1212 4975 1514 5029 actionum
1560 4978 1844 5049 apostoli-

176 5088 399 5135 carum,
433 5083 539 5123 seu
563 5064 947 5121 Paulinarum
980 5062 1378 5134 Epistolarum
1404 5063 1637 5121 nudum
1668 5067 1842 5124 nobis

174 5162 433 5217 traderet
478 5155 863 5211 intellectum.
906 5151 1141 5224 Alioqui
1194 5151 1353 5207 enim
1411 5156 1531 5208 tam
1575 5160 1742 5211 vasta
1781 5156 1841 5213 in

171 5266 390 5322 paucos
422 5260 613 5303 sacra:
642 5242 963 5313 Scriptura;
998 5240 1176 5295 libros
1202 5256 1321 5295 non
1373 5240 1708 5313 reliquisset
1741 5260 1842 5300 vo-

170 5339 412 5403 lumina,
468 5336 575 5390 sed
625 5331 815 5405 plebis
850 5330 1202 5383 formandos
1264 5344 1461 5383 mores
1502 5332 1839 5402 suscepisse

174 5432 357 5499 magis
388 5425 621 5482 videtur
654 5441 667 5479 :
694 5427 752 5477 et
781 5419 1005 5474 idcirco
1034 5418 1199 5473 locos
1232 5419 1309 5474 ad
1365 5417 1595 5489 plebem
1630 5426 1838 5479 tractat

174 5532 541 5579 communes,
589 5518 645 5570 et
687 5508 1125 5568 enarrationem
1186 5507 1447 5564 homiliis
1507 5508 1832 5581 distinguit.

173 5611 314 5674 Quin
340 5613 398 5665 et
420 5601 943 5678 Theophylactus,
986 5612 1339 5671 quanquam
1370 5597 1421 5651 is
1451 5597 1530 5654 ad
1573 5598 1835 5657 historias

1984 1888 2094 1942 ego
2121 1875 2349 1945 possim
2380 1883 2618 1953 assequi
2652 1888 3091 1944 enumerando.

2055 1964 2172 2017 Hoc
2189 1963 2387 2036 itaque
2405 1982 2580 2039 opus,
2602 1974 2665 2025 ut
2692 1971 2792 2026 tibi
2814 1990 3253 2048 nuncuparem,
3271 1985 3643 2056 amplissime

1984 2046 2222 2120 praesul,
2249 2052 2557 2111 fecitinter
2593 2059 2939 2118 innumeras
2968 2070 3091 2121 tuas
3132 2069 3320 2142 doles,
3376 2076 3643 2133 maxima

1983 2138 2327 2196 humanitas
2344 2148 2482 2201 tua:
2511 2162 2695 2218 quam
2720 2157 2927 2220 praeter
2949 2155 3211 2212 auditam
3234 2159 3449 2217 famam
3465 2164 3641 2236 longe

1985 2225 2216 2300 lateque
2257 2231 2607 2304 dispersam,
2634 2253 2752 2293 non
2780 2242 2961 2297 semel
2991 2244 3051 2299 in
3082 2251 3131 2301 te
3159 2265 3292 2304 sum
3320 2259 3590 2324 expertus
3625 2271 3637 2311 :

1984 2332 2106 2388 qua
2144 2336 2278 2374 cum
2305 2337 2506 2379 omnes
2530 2326 2709 2381 etiam
2763 2334 3041 2388 extremas
3088 2333 3333 2394 fortunae
3365 2342 3641 2399 homines

1985 2410 2111 2461 tum
2185 2409 2391 2464 studiis
2445 2413 2829 2484 potissimum
2879 2419 3126 2490 deditos,
3206 2426 3638 2499 benignissime

1985 2509 2217 2566 semper
2262 2498 2684 2567 amplecteris:
2736 2506 2984 2580 ipsaque
3034 2513 3244 2578 studia,
3302 2498 3637 2592 ubicunque

1985 2583 2076 2639 vel
2109 2585 2356 2643 minima
2386 2588 2555 2645 datur
2584 2595 2838 2661 occasio,
2878 2598 3010 2653 totis
3050 2604 3328 2672 provehis
3382 2609 3633 2666 viribus.

1983 2671 2273 2730 Praeterea
2303 2676 2356 2732 id
2392 2680 2583 2751 magis
2615 2685 2857 2752 aggredi
2891 2705 3024 2743 sum
3056 2671 3263 2763 ausus,
3304 2699 3467 2768 quod
3496 2717 3629 2756 cum

1982 2760 2085 2816 tibi
2133 2762 2279 2819 forte
2336 2765 2573 2825 fortuna
2631 2785 2741 2827 nos
2819 2775 3113 2844 invisenti,
3162 2784 3415 2854 primum
3471 2787 3632 2846 hunc

1981 2865 2183 2907 meum
2216 2858 2445 2923 partum
2494 2860 2742 2916 omnino
2794 2864 2988 2921 adhuc
3035 2866 3353 2929 informem
3384 2876 3606 2934 demon

1980 2944 2286 3007 strassem,
2304 2960 2423 3001 una
2440 2962 2575 3002 cum
2596 2948 2802 3006 Graeco
2815 2956 3163 3027 exemplari,
3180 2976 3551 3037 nequaquam
3568 2972 3632 3025 ut

1979 3035 2305 3085 monstrum
2333 3032 2708 3108 abhorruisti,
2734 3041 2838 3095 sed
2859 3043 3028 3100 veluti
3055 3032 3417 3118 pulchellum
3438 3057 3631 3127 pusio-

1978 3133 2115 3173 nem
2135 3120 2308 3175 avide
2323 3122 2794 3187 deosculabaris:
2815 3131 3110 3191 mirabere
3131 3153 3251 3195 non
3271 3143 3468 3199 nullas
3481 3163 3628 3218 quo-

1976 3222 2086 3279 que
2105 3208 2365 3265 occultas
2386 3212 2441 3265 in
2466 3229 2534 3268 eo
2555 3215 2735 3287 dotes,
2766 3234 2881 3273 non
2906 3222 3168 3292 cujusvis
3186 3229 3374 3285 oculis
3398 3236 3627 3305 exposi-

1978 3300 2081 3349 tas.
2118 3298 2287 3362 Quod
2315 3299 2429 3354 nisi
2457 3300 2537 3357 ita
2567 3306 2927 3377 contigisset,
2963 3327 3085 3382 qua
3116 3298 3626 3383 teineritata,-ten-

1974 3388 2212 3452 tassem,
2244 3392 2365 3442 tam
2390 3389 2670 3463 locupleti
2696 3394 2809 3451 hac
2831 3397 3008 3454 etiam
3036 3401 3096 3456 in
3120 3410 3304 3474 parte,
3326 3409 3469 3478 viro,
3504 3417 3626 3467 tan-

1971 3462 2161 3529 tillum
2179 3476 2388 3532 offerre
2408 3482 2863 3539 munusculum:
2891 3489 3326 3562 Munusculum,
3348 3499 3621 3571 inquam:

1968 3576 2111 3617 nam
2134 3563 2267 3618 licet
2294 3563 2353 3619 in
2402 3584 2463 3619 se
2496 3585 2714 3626 munus
2746 3572 2836 3641 sit,
2863 3573 3129 3633 fortassis
3160 3597 3280 3638 non
3312 3601 3625 3657 aspernan-

1970 3649 2129 3717 dum,
2153 3652 2203 3706 si
2228 3658 2421 3709 tamen
2451 3657 2528 3712 ad
2548 3657 2867 3717 immensas
2889 3682 2959 3720 ac
2986 3669 3451 3739 pretiosissimas
3493 3682 3624 3736 tuas

1968 3755 2115 3810 opes
2162 3742 2523 3815 conferatur,
2576 3747 2891 3819 indignum
2941 3758 3295 3827 censebitur,
3346 3766 3505 3836 quod
3562 3769 3625 3825 in

1970 3833 2070 3884 tuo
2085 3829 2383 3898 thesauro,
2404 3834 2493 3889 vel
2510 3836 2791 3906 exiguum
2812 3841 3621 3926 inveniatlocum.Siquidem

1972 3922 2033 3972 ut
2074 3918 2200 3974 hare
2251 3922 2485 3977 interim
2539 3924 2762 3995 sileam,
2816 3945 2948 4001 quae
3005 3933 3147 3990 dicit
3194 3918 3512 4019 Apostolus
3563 3946 3623 4002 in

1968 4007 2250 4079 episcopo
2311 4026 2432 4065 non
2490 4019 2757 4084 oportere
2825 4018 3147 4078 desiderari
3201 4043 3213 4080 :

1967 4095 2500 4165 irreprehensibilis
2577 4102 2673 4167 sit,
2732 4110 3015 4178 tanquam
3077 4114 3179 4169 Dei
3229 4095 3616 4188 dispensator,

1938 4184 2218 4253 ~vigilans
2273 4202 2451 4258 super
2497 4204 2760 4260 gregem,
2816 4197 3052 4252 sobrius
3110 4217 3231 4257 non
3275 4207 3621 4276 praefractus

1966 4288 2083 4328 non
2100 4274 2445 4341 iracundus,
2481 4278 2588 4333 sed
2614 4281 2938 4349 modestus,
2969 4274 3301 4359 hospitalis,
3334 4301 3510 4364 aptus
3540 4299 3621 4354 ad

1966 4362 2327 4427 docendum,
2360 4366 2517 4435 pius,
2548 4371 2908 4439 temperans,
2931 4378 3103 4430 tenax
3130 4380 3259 4447 ejus
3288 4362 3390 4453 qui
3413 4400 3621 4443 secun-

1965 4450 2111 4506 dum
2151 4452 2484 4509 doctrinam
2509 4460 2601 4511 est
2628 4455 2818 4513 ﬁdelis
2856 4466 3165 4539 sermonis,
3199 4473 3263 4522 ut
3286 4450 3499 4543 potens
3545 4476 3619 4531 sit

1964 4540 2143 4603 etiam
2230 4540 2525 4599 exhortari
2609 4560 2714 4617 per
2800 4548 3136 4611 doctrinam
3213 4540 3444 4628 sanam,
3560 4570 3621 4621 et

1961 4629 2432 4691 contradicentes
2494 4635 2861 4703 convincere,
2914 4655 3034 4697 non
3095 4645 3453 4716 vinolentus,
3494 4669 3617 4710 non

1959 4731 2290 4787 percussor,
2324 4735 2449 4775 non
2469 4724 2717 4795 turpiter
2742 4724 2882 4781 lucri
2912 4730 3140 4797 avidus,
3173 4735 3279 4790 sed
3306 4752 3515 4810 aequus
3545 4758 3615 4799 ac

1948 4802 2145 4875 justus
2182 4822 2218 4863 a
2254 4810 2475 4879 pugnis
2500 4814 2557 4866 et
2588 4811 2667 4868 ab
2708 4814 2957 4872 avaritia
2984 4816 3237 4889 alienus,
3279 4802 3396 4897 qui
3414 4828 3613 4888 domui

1957 4908 2079 4949 suae
2147 4895 2293 4951 bene
2326 4898 2553 4969 praesit.
2607 4900 2769 4971 (Nam
2800 4905 2847 4958 si
2890 4908 3044 4977 quis,
3099 4895 3312 4985 inquit,
3354 4919 3613 4989 propria:

1954 4980 2159 5037 domui
2194 4999 2450 5055 praeesse
2477 5004 2593 5043 non
2618 4992 2796 5057 novit,
2826 4997 3135 5064 quomodo
3160 5002 3477 5059 Ecclesiam
3510 5008 3611 5062 Dei

1954 5070 2188 5127 curabit
2215 5073 2261 5143 ‘2)
2294 5090 2413 5130 non
2439 5077 2501 5132 in
2530 5077 2648 5133 ﬁde
2679 5080 2956 5147 novitius,
2988 5101 3054 5139 ne
3088 5088 3328 5144 inﬂatus
3374 5094 3611 5165 injudi-

1953 5158 2113 5215 cium
2152 5162 2379 5220 incidat
2425 5165 2683 5222 diaboli:
2717 5171 2817 5240 qui
2850 5177 2909 5227 et
2940 5173 3168 5232 bonum
3199 5178 3417 5237 habeat
3448 5158 3610 5242 testi-

1952 5247 2218 5303 monium
2271 5250 2342 5304 ab
2395 5256 2710 5309 extraneis.
2769 5259 2842 5313 Ut
2887 5260 3034 5325 haec,
3072 5263 3345 5335 inquam,
3407 5275 3610 5330 omnia

1951 5335 2157 5391 sileam
2199 5353 2333 5408 quas
2385 5340 2584 5395 nullus
2624 5346 2727 5414 qui
2768 5351 2820 5401 te
2866 5352 3113 5419 propius
3157 5357 3399 5423 noverit,
3444 5362 3499 5415 in
3552 5369 3607 5419 te

1949 5425 2283 5485 desiderare
2306 5430 2522 5500 poterit
2549 5449 2561 5486 :
2590 5434 2733 5504 quin
2764 5436 3048 5508 pleraque
3082 5444 3260 5515 etiam
3293 5446 3606 5507 abundan-

1949 5512 2063 5568 tius
2096 5515 2372 5583 inveniet,
2405 5534 2589 5591 quam
2632 5524 2886 5591 exegerit
2923 5512 3260 5599 Apostolus,
3297 5551 3437 5593 cum
3466 5540 3603 5610 pul—

1946 5602 2242 5662 cherrimo
2295 5623 2537 5680 quoque
2583 5614 2647 5665 eb
2683 5611 3114 5682 fulgentissima
3162 5620 3260 5678 illo
3310 5602 3601 5684 castitatis
