4110 6398
484 352 555 424 39
1998 360 2401 424 PR/EFA'I‘IO.
3834 368 3901 432 4ο

480 493 737 566 cingulo.
787 493 1004 549 Verum
1059 493 1196 565 quis
1252 507 1370 548 non
1437 492 1831 549 admirabitur
1893 494 1956 548 in
2001 495 2130 550 viro
2160 497 2211 548 A
2240 492 2538 560 facillime,
2584 493 2641 547 in
2700 492 2915 564 quibus
2941 509 3052 563 ego
3090 498 3295 550 noctes
3347 499 3527 568 atque
3560 495 3688 553 dies
3726 497 3901 554 desu-

476 587 602 639 tam
629 582 912 654 praclaro
935 596 1148 651 genere
1174 585 1323 646 orto,
1350 581 1442 636 cui
1474 581 1623 636 adeo
1655 597 1890 653 semper
1921 581 2130 636 arrise-

480 672 552 726 rit
588 687 659 725 ex
688 686 851 725 omni
880 675 1045 741 parte
1077 669 1332 734 fortuna,
1367 686 1503 742 qua
1531 669 1672 725 nihil
1699 670 1857 741 quod
1882 687 2128 725 suarum

479 763 566 814 est
618 758 879 830 partium
944 758 1061 828 ipsi
1114 775 1382 829 unquam
1431 774 1682 827 negasse
1725 758 1972 825 videtur,
2004 764 2125 813 tam

477 848 725 912 variam,
754 852 995 919 tamque
1012 846 1381 903 reconditam
1403 846 1816 911 eruditionem,
1835 847 2125 916 judicium

473 935 896 999 certissimum,
912 935 1214 1006 ingenium
1231 942 1349 990 tam
1368 951 1522 999 acre,
1546 951 1813 1006 peneque
1831 935 2124 999 divinum,

473 1024 824 1080 memoriam
855 1026 1006 1079 adeo
1026 1030 1297 1080 tenacem
1327 1023 1355 1077 ?
1385 1024 1444 1078 in
1470 1040 1589 1095 quo
1616 1031 1829 1095 prater
1852 1029 2124 1079 exactam

472 1113 776 1185 utriusque
830 1113 978 1184 juris
1042 1112 1441 1184 prudentiam,
1497 1112 1821 1184 perfectam
1882 1128 2125 1183 quoque

469 1202 650 1258 trium
670 1202 1012 1271 linguarum
1034 1201 1305 1272 peritiam
1331 1201 1462 1271 quis
1488 1216 1611 1256 non
1630 1200 1960 1272 suspiciat?
1976 1202 2124 1256 Nam

469 1291 531 1345 in
560 1289 775 1346 Gracis
823 1306 892 1345 ac
920 1288 1135 1345 Latinis
1178 1289 1377 1344 adhuc
1427 1305 1569 1360 puer
1598 1288 2124 1344 exercitatissimus

469 1382 635 1434 erat:
668 1378 727 1432 in
761 1377 1014 1432 Hebrais
1064 1393 1200 1432 vero
1233 1376 1386 1431 Deus
1444 1377 1602 1432 bone
1644 1393 1830 1448 quam
1888 1375 2125 1431 feliciter

468 1472 739 1523 versatus
770 1473 875 1529 est,
900 1481 1084 1537 quam
1111 1466 1288 1520 etiam
1322 1480 1463 1535 erga
1487 1482 1666 1519 suum
1698 1470 2122 1535 praeceptorem

467 1553 749 1609 liberalis.
803 1554 913 1618 Qui
964 1553 1054 1607 his
1098 1552 1271 1621 igitur
1318 1552 1635 1607 comitibus
1697 1552 1779 1606 ita
1812 1552 1889 1606 ad
1920 1567 2123 1607 sacras

464 1645 594 1714 jam
618 1643 841 1698 dudum
893 1641 1140 1697 accessit
1190 1641 1453 1705 Litteras,
1500 1645 1562 1694 ut
1600 1656 1790 1711 neque
1838 1640 2123 1694 naturalis

470 1731 884 1803 philosophia,
918 1746 1113 1802 neque
1172 1729 1507 1799 theologia,
1563 1744 1749 1800 quam
1816 1727 2123 1783 scholasti-

2239 580 2414 646 dans,
2450 581 2705 636 necdum
2719 597 2897 637 omne
2928 582 2989 637 id
3019 583 3183 654 quod
3199 585 3534 653 quarebam
3566 601 3662 641 me
3691 588 3903 656 opinor

2240 680 2603 725 assecutum.
2639 671 2682 726 Ο
2724 671 2951 726 utinam
2985 672 3127 726 tales
3156 672 3349 727 forent
3392 688 3601 728 omnes
3632 676 3897 747 episcopi

2238 774 2305 813 ac
2344 758 2804 830 dispensatores,
2837 776 2990 830 quos
3030 761 3317 815 Dominus
3367 763 3669 817 constituit
3727 781 3900 836 super

2238 845 2526 901 familiam
2586 862 2779 912 suam,
2834 853 2895 901 ut
2938 849 3076 903 dent
3109 848 3191 903 illi
3230 849 3430 904 cibum
3461 850 3522 905 in
3586 857 3848 922 tempore
3883 854 3894 907 Ι

2236 934 2498 1005 profecto
2564 936 2788 990 felicius
2838 942 3113 1004 ageretur
3160 954 3293 992 cum
3374 938 3589 994 Christi
3660 940 3896 1006 ovibus,

2236 1023 2358 1077 imo
2426 1038 2562 1077 cum
2617 1028 2735 1078 tota
2794 1023 3100 1093 republica
3162 1024 3515 1082 Christiana.
3576 1028 3899 1084 Prasulum

2234 1125 2498 1181 namque
2522 1115 2898 1182 etpastorum
2925 1111 3107 1168 vitam
3124 1128 3192 1169 ac
3208 1128 3404 1168 mores
3425 1129 3567 1182 grex
3586 1115 3900 1171 universus

2234 1198 2517 1254 imitatur.
2536 1200 2579 1263 Ο
2592 1205 2909 1270 uapropter
2927 1201 3205 1256 omnibus
3232 1201 3286 1255 in
3307 1203 3507 1270 rebus,
3532 1203 3899 1260 ornatissime

2234 1286 2473 1357 prasul,
2504 1287 2620 1342 hoc
2667 1288 2904 1343 aurium
2935 1295 3347 1345 ornamentum
3385 1305 3460 1345 ne
3489 1289 3782 1363 fastidias,
3845 1297 3899 1348 te

2234 1391 2339 1446 per
2363 1380 2527 1430 tuam
2556 1376 2682 1430 orbi
2708 1377 3013 1445 cognitam
3043 1377 3471 1434 humanitatem
3499 1379 3679 1434 etiam
3720 1385 3902 1452 atque

2234 1465 2403 1519 etiam
2456 1464 2739 1519 obtestor.
2782 1465 2944 1520 Nosti
2984 1465 3145 1521 enim
3174 1466 3288 1538 ipsi
3315 1472 3681 1538 praceptum
3713 1468 3900 1525 fuisse

2234 1552 2395 1619 Mosi,
2428 1557 2491 1607 ut
2522 1552 2599 1607 ad
2631 1553 3082 1608 tabernaculum
3110 1570 3177 1609 ac
3196 1557 3605 1611 sanctuarium
3633 1562 3902 1612 constru-

2233 1642 2453 1695 endum
2485 1656 2603 1695 non
2649 1641 2827 1696 modo
2856 1658 3072 1697 aurum
3111 1648 3169 1698 et
3197 1648 3534 1715 argentum,
3568 1661 3896 1717 purpuram

2233 1734 2289 1785 et
2301 1730 2573 1801 byssum,
2592 1730 2820 1801 lapides
2833 1732 3166 1802 onychinos
3183 1748 3251 1789 ac
3266 1747 3539 1801 gemmas
3569 1735 3901 1806 acciperet:

468 1835 593 1875 eam
648 1824 881 1888 vocant,
942 1817 1355 1873 destitueretur
1398 1816 1629 1889 peritia,
1676 1816 1806 1887 quis
1859 1815 2124 1884 ambigat
2156 1843 2200 1897 B
2234 1834 2444 1873 verum
2493 1818 2670 1874 etiam
2711 1818 2853 1874 viles
2892 1819 3043 1874 inter
3089 1824 3305 1876 catera
3345 1836 3661 1893 caprarum
3702 1822 3890 1893 pilos.

465 1908 665 1980 ipsum
705 1907 858 1963 mira
914 1906 1353 1977 prastiturum?
1395 1906 1600 1977 Itaque
1656 1904 1889 1960 nullum
1950 1904 2010 1959 in
2040 1904 2124 1959 eis

465 1997 848 2069 quantumvis
877 1996 1215 2050 abstrusum
1241 1995 1510 2049 invenias
1533 1994 1962 2062 locum,cujus,
1992 2008 2124 2047 exa-

465 2084 794 2140 ctissimam
807 2099 923 2138 non
950 2081 1138 2154 possit
1161 2098 1232 2137 ex
1248 2087 1515 2153 tempore
1538 2081 1784 2137 reddere
1809 2080 2120 2137 rationem.

467 2173 584 2228 Sed
604 2173 706 2243 qui
739 2187 849 2241 ego
879 2172 1007 2226 hac
1038 2186 1159 2225 non
1192 2170 1502 2225 credituris
1532 2169 1749 2224 frustra
1779 2169 2063 2224 denuntio
2094 2167 2121 2220 ‘?

466 2261 537 2317 de
561 2259 803 2316 homine
861 2259 1263 2330 potissimum,
1295 2258 1397 2329 qui
1438 2260 1707 2313 nondum
1749 2257 2028 2327 quintum
2068 2260 2122 2313 et

466 2350 833 2405 tricesimum
878 2348 1068 2417 attigit
1097 2363 1345 2419 annum,
1371 2348 1428 2401 in
1450 2347 1906 2418 praclarissimo
1933 2346 2123 2415 digni-

468 2443 659 2495 tatum
687 2452 995 2509 opumque
1026 2435 1344 2507 splendore
1366 2451 1604 2507 semper
1619 2436 1953 2499 constituto,
1982 2450 2119 2505 qua

469 2543 592 2583 non
631 2542 841 2598 parum
897 2525 1308 2597 impedimenti
1362 2524 1573 2579 studiis
1647 2524 1857 2580 afferre
1906 2523 2117 2579 solent.

472 2618 652 2688 Spero
668 2616 947 2688 equidem
972 2614 1137 2686 quod
1160 2614 1495 2669 concredita
1525 2612 1639 2668 sibi
1660 2612 1874 2668 talenta
1896 2628 2119 2684 nequa-

468 2718 653 2776 quam
686 2703 745 2757 in
776 2707 991 2757 terram
1022 2701 1292 2755 defodiet.
1325 2703 1684 2771 Quanquam
1732 2700 1892 2755 enim
1942 2699 2121 2755 etiam

470 2809 629 2848 nunc
665 2792 910 2847 lucerna
937 2791 1011 2846 sit
1041 2806 1155 2845 non
1176 2790 1380 2845 subter
1432 2788 1718 2854 modium,
1790 2789 1895 2844 sed
1940 2804 2120 2859 super

466 2881 895 2938 candelabrum
948 2879 1164 2951 posita,
1236 2877 1513 2933 omnibus
1585 2879 1687 2949 qui
1728 2877 1787 2932 in
1848 2876 2118 2932 Ecclesia

466 2970 649 3026 domo
676 2974 830 3035 sunt,
865 2971 999 3023 vita
1027 2984 1097 3022 ac
1122 2983 1359 3023 morum
1407 2966 1760 3035 integritate,
1803 2965 2117 3020 librorum-

464 3076 581 3131 que
608 3059 899 3114 editorum
958 3057 1224 3112 doctrina
1267 3054 1614 3127 pralucens,
1669 3070 1738 3109 ac
1771 3061 1827 3108 ut
1856 3054 2116 3125 probum

464 3151 695 3220 prastet
748 3146 954 3203 Christi
983 3145 1186 3201 ovium
1248 3144 1361 3199 sibi
1399 3143 1875 3199 concreditarum
1924 3148 2119 3214 pasto-

460 3252 605 3301 rem,
640 3236 912 3308 plurimis
942 3235 1133 3306 iisque
1183 3234 1443 3289 maxime
1474 3232 1677 3287 arduis
1730 3232 2118 3301 distringatur

463 3326 715 3397 negotiis
756 3343 768 3376 :
798 3323 961 3379 dabit
984 3327 1184 3378 tamen
1208 3321 1579 3393 propediem,
1601 3320 1650 3375 si
1683 3320 1954 3376 divinare
1981 3320 2118 3376 licet

462 3414 666 3485 majus
708 3413 902 3468 adhuc
928 3411 1018 3466 sui
1050 3410 1351 3483 specimen
1382 3409 1441 3464 in
1470 3409 1686 3475 lucem,
1719 3425 1842 3480 quo
1890 3408 2118 3481 perspi-

460 3518 643 3558 cuum
686 3500 967 3557 omnibus
1011 3499 1130 3563 fiet,
1193 3515 1287 3554 me
1344 3499 1471 3554 hac
1523 3497 1868 3555 assentandi
1926 3499 2116 3567 gratia

458 3591 709 3647 minime
738 3589 1166 3663 promulgasse,
1186 3588 1290 3643 sed
1308 3588 1483 3657 longe
1511 3587 1707 3642 adhuc
1728 3587 1886 3641 intra
1910 3586 2115 3643 verita-

455 3680 535 3736 tis
585 3679 800 3735 limites
852 3677 1155 3733 calamum
1194 3676 1571 3731 continuisse.
1636 3675 1806 3740 Quod
1850 3675 1897 3729 si
1943 3675 2033 3729 his
2083 3691 2115 3731 e

458 3770 657 3824 Graco
724 3766 1021 3823 vertendis
1091 3780 1300 3822 vacare
1380 3764 1680 3829 voluisset,
1742 3779 2114 3835 supervacue

455 3856 631 3913 nobis
663 3856 963 3911 maximus
997 3854 1094 3909 hic
1134 3853 1307 3909 labor
1356 3858 1710 3908 sumeretur.
1771 3851 1902 3907 Scio
1953 3851 2113 3907 enim

454 3944 751 4001 nonnulla
775 3958 913 4000 eum
943 3941 1122 4014 quasi
1170 3957 1275 4014 per
1323 3941 1534 3997 ludum
1578 3939 1691 3995 sibi
1721 3939 1836 4011 ipsi
1874 3940 2114 3995 vertisse

2234 1907 2358 1961 Scis
2384 1911 2439 1961 et
2476 1906 2670 1962 vidua
2701 1907 2822 1962 duo
2857 1923 2974 1962 ara
3024 1908 3255 1964 minuta
3308 1916 3449 1964 non‘
3484 1910 3667 1966 modo
3715 1910 3903 1967 fuisse

2235 1993 2462 2049 Christo
2480 1995 2844 2063 gratissima,
2870 1995 2975 2049 sed
2991 1995 3274 2051 omnibus
3292 2013 3536 2069 quoque
3562 1998 3903 2069 splendidis

2231 2081 2478 2137 divitum
2509 2082 2851 2138 muneribus
2890 2082 2967 2138 ab
2998 2099 3068 2138 eo
3113 2085 3435 2155 praposita
3467 2104 3478 2143 :
3509 2090 3566 2141 et
3604 2087 3897 2157 poculum

2231 2186 2406 2241 aqua
2446 2171 2667 2241 frigida
2720 2171 2927 2226 Christi
2978 2172 3213 2228 nomine
3244 2171 3611 2237 offerentem,
3672 2190 3898 2246 nequa-

2229 2275 2407 2329 quam
2428 2260 2671 2329 pramio
2686 2258 3116 2316 fraudanilum.
3154 2260 3404 2330 Siigitur
3427 2277 3643 2317 munus
3670 2262 3788 2318 hoc
3825 2263 3906 2318 ad

2232 2351 2365 2401 tuas
2422 2347 2587 2401 domi
2620 2348 2912 2417 repositas
2970 2347 3210 2403 divitias
3266 2349 3562 2420 conferas,
3620 2350 3896 2421 profecto

2228 2434 2394 2489 vilius
2423 2436 2531 2491 erit
2552 2434 2968 2505 abjectissimis
2998 2451 3315 2506 caprarum
3346 2438 3479 2509 pilis
3508 2458 3520 2495 :
3555 2440 3652 2493 cui
3683 2439 3904 2494 nihilo-

2232 2525 2452 2591 minus,
2485 2523 2637 2578 sicut
2663 2528 2718 2579 et
2763 2524 2897 2589 illis,
2930 2524 3095 2579 locus
3126 2525 3234 2581 erit
3263 2525 3341 2582 ad
3371 2527 3664 2582 exteriora
3695 2528 3898 2583 taber-

2230 2612 2427 2669 naculi
2456 2612 2689 2668 Domini
2728 2613 3115 2669 asservanda.
3150 2614 3208 2670 Si
3259 2630 3402 2670 vero
3454 2615 3722 2671 animum
3776 2632 3903 2689 quo

2229 2701 2658 2756 munusculum
2697 2701 2813 2756 hoc
2835 2707 2947 2757 tua
2992 2701 3408 2758 illustrissima
3440 2702 3687 2759 offertur
3714 2704 3899 2761 Celsi-

2228 2789 2421 2851 tudini
2442 2790 2841 2860 conspexeris,
2873 2790 3061 2845 audeo
3093 2806 3379 2857 asserere,
3416 2808 3564 2847 auro
3587 2795 3642 2847 et
3695 2808 3913 2864 argen-

2229 2882 2308 2945 to,
2339 2893 2609 2951 purpura
2639 2882 2695 2933 et
2719 2878 2925 2948 bysso,
2954 2878 3258 2949 lapidibus
3285 2880 3603 2951 onychinis
3637 2896 3706 2935 ac
3738 2896 3908 2951 gem-

2228 2969 2343 3021 inis
2382 2966 2555 3035 longe
2600 2966 2967 3038 prastantius
3017 2967 3167 3022 fore.
3233 2968 3463 3023 Etenim
3490 2969 3686 3040 siqua
3728 2972 3792 3025 in
3839 2987 3905 3025 re

2228 3056 2420 3119 detur,
2450 3060 2515 3110 ut
2547 3055 2829 3126 propensi
2861 3071 3004 3125 erga
3042 3060 3096 3109 te
3142 3056 3257 3111 mei
3297 3056 3480 3111 animi
3523 3056 3702 3112 facias
3751 3058 3906 3129 peri-

2227 3143 2425 3198 culum
2477 3142 2727 3205 nullam,
2757 3143 2955 3197 subire
3013 3160 3365 3200 recusavero
3420 3144 3810 3213 sententiam,
3856 3148 3905 3203 si

2228 3248 2323 3287 me
2399 3231 2522 3285 ullo
2569 3231 2750 3285 modo
2796 3237 2849 3285 te
2901 3230 3198 3286 inveneris
3249 3232 3548 3288 fefellisse.
3605 3236 3685 3289 Ne
3753 3250 3903 3305 ergo

2225 3336 2448 3375 munus
2472 3320 2586 3375 hoc
2615 3319 2675 3373 in
2695 3336 2755 3374 se
2787 3320 3151 3387 consideres,
3184 3337 3293 3376 nec
3322 3322 3401 3377 ad
3430 3322 3781 3378 universam
3819 3325 3904 3380 tui

2224 3409 2413 3463 musei
2458 3406 2883 3478 supellectilem
2945 3408 3263 3464 conferas:
3322 3410 3424 3465 sed
3453 3409 3532 3466 ad
3586 3410 3897 3468 oﬁerentis

2224 3498 2515 3567 animum,
2571 3512 2693 3569 quo
2734 3495 2794 3550 id
2846 3496 3181 3552 verecunde
3228 3498 3490 3568 porrigit,
3560 3514 3897 3572 parumper

2223 3586 2429 3642 oculos
2447 3585 2713 3647 deﬂecte,
2731 3586 3242 3641 acmunusculum
3291 3587 3671 3644 hilarifronte
3714 3591 3904 3645 susci-

2222 3690 2298 3746 pe
2326 3691 2338 3729 :
2368 3680 2432 3730 ut
2457 3674 2605 3729 dum
2631 3674 2759 3729 hac
2788 3688 2909 3729 non
2941 3674 3176 3743 ingrata
3224 3675 3328 3730 tibi
3358 3675 3541 3731 fuisse
3567 3676 3908 3748 deprehen-

2223 3764 2389 3830 dero,
2413 3764 2669 3835 majores
2689 3764 2767 3819 ad
2792 3763 3140 3834 hujusmodi
3164 3764 3361 3820 studia
3382 3766 3536 3821 vires
3557 3783 3901 3825 assumam.

2224 3852 2383 3920 Vale,
2412 3851 2741 3925 prasulum
2772 3851 2956 3907 decus
2987 3852 3296 3909 eximium.
3353 3853 3600 3910 Lovanii
3662 3870 3833 3914 anno
3865 3873 3904 3914 a

2224 3946 2390 4011 partu
2421 3940 2712 4010 virgineo,
2748 3940 2904 4005 1545,
2948 3944 3116 3995 sexto
3131 3940 3272 3996 Idus
3297 3943 3566 4013 Augusti.

592 4228 926 4321 Ejusdem
949 4230 1325 4296 admonitio
1356 4225 1437 4293 de
1462 4230 1747 4292 auctore
1771 4222 2720 4399 horqrézigoqmlzentariorum
2742 4246 2824 4289 ex
2862 4223 3164 4294 editione
3205 4228 3300 4313 (α)
3340 4227 3749 4296 Lovaniensi

2107 4365 2121 4395 ,
2207 4335 2245 4381 ο
2285 4365 2297 4378 .

2107 4365 2121 4395 ,
2168 4335 2297 4395 [οι.

529 4459 810 4516 Studioso
844 4457 1087 4514 Lectori.

527 4549 679 4605 Cum
707 4548 818 4603 hos
854 4544 1327 4602 Commentarios
1366 4547 1502 4600 ante
1532 4542 1763 4615 aliquot
1784 4544 2114 4615 menses(b)

457 4638 518 4693 in
542 4636 738 4692 lucem
767 4634 1103 4700 ederemus,
1133 4632 1395 4689 studiose
1425 4631 1624 4697 lector,
1654 4646 1764 4686 nec
1786 4632 1925 4687 certi
1945 4631 2117 4703 quid-

455 4741 642 4799 quam
671 4724 1042 4787 haberemus,
1087 4722 1250 4795 quod
1288 4721 1362 4776 de
1404 4724 1644 4778 auctore
1684 4719 2111 4786 divinaremus,

457 4816 710 4871 aliorum
756 4812 973 4882 magis,
1037 4827 1222 4883 quam
1262 4815 1535 4865 nostrum
1568 4807 1751 4864 secuti
1793 4808 2113 4879 judicium,

453 4903 683 4976 prafati
722 4918 956 4966 sumus,
998 4898 1364 4973 quibusdam
1407 4896 1593 4952 videri
1630 4900 1938 4953 auctorem
1984 4913 2115 4953 esse

526 5083 608 5205 (αὶ
634 5084 795 5160 Hanc
825 5079 1165 5158 editionem,
1200 5092 1386 5148 quam
1428 5075 1718 5158 beneﬁcio
1750 5075 1972 5157 Heynii,
2010 5075 2116 5159 viri

526 5153 574 5205 iri
607 5153 822 5205 lustris.
882 5168 951 5204 ex
1005 5149 1361 5203 bibliotheca
1414 5151 1802 5203 universnatis
1865 5148 2116 5202 Goettin-

452 5147 951 5223 perillustris,7ex
1005 5147 1361 5223 bibliotheca
1414 5147 1802 5223 universitatis
1865 5148 2117 5223 Go_e_tti_n-

450 5217 649 5293 gensis
662 5222 884 5293 accepi,
899 5218 1555 5293 recensetHamberger,
1568 5220 1645 5293 im
1672 5217 1910 5293 vicrten_
1928 5219 2118 5274 Theile

453 5290 558 5349 der
578 5290 992 5363 zuverld'ssz'gen
1011 5290 1411 5347 Nachrichten
1434 5306 1541 5345 von
1565 5291 1672 5345 den
1700 5290 2115 5345 vornehmsten

451 5364 951 5427 Schrittstellern,
986 5377 1125 5434 pag.
1149 5363 1236 5416 82.
1273 5365 1359 5434 83_.

526 5436 608 5561 (ὁέ
639 5440 807 5517 anno
833 5431 1019 5516 _1543,
1067 5436 1243 5514 sexto
1294 5432 1433 5488 Idus
1462 5432 1727 5502 Augusti,
1761 5435 1827 5486 ut
1881 5446 1952 5486 ex
1987 5431 2116 5500 ejus

529 5523 577 5561 a
605 5514 799 5561 atione
831 5505 1197 5561 intelligitur.

453 5504 799 5577 praefatione
831 5504 1197 5577 intelligitur.

524 5577 596 5648 (ο)
623 5580 916 5648 Magnum
945 5572 1071 5648 esse
1127 5573 1452 5648 discrimen
1504 5574 1815 5648 acuminis,
1870 5572 2112 5648 ordinis,

452 5643 1184 5718 cthiliifgracitatisque
1232 5647 1384 5718 inter
1428 5643 2115 5718 Pseudo-(Ecumenium

451 5724 509 5777 et
541 5721 693 5777 inter
732 5715 1138 5791 Euthymium,
1162 5732 1342 5773 nemo
1372 5717 1434 5772 in
1456 5715 1714 5772 dubium
1729 5716 1982 5779 vocabit,
2009 5716 2114 5787 qui

2148 4456 2194 4509 D
2230 4453 2669 4518 (Ecumenium,
2727 4470 2910 4527 quem
2967 4454 3027 4510 in
3080 4459 3297 4511 catera
3340 4455 3485 4512 Novi
3533 4457 3908 4527 Testamenti

2224 4541 2393 4597 brevi
2444 4558 2481 4597 a
2522 4542 2689 4597 nobis
2743 4543 3017 4600 Latinum
3075 4544 3355 4616 accipies.
3408 4547 3781 4618 Quanquam
3809 4549 3911 4619 (ut

2223 4646 2433 4687 verum
2463 4630 2674 4702 fatear)
2702 4631 2876 4704 hujus
2900 4632 3136 4704 phrasis
3175 4633 3253 4689 ab
3284 4632 3382 4689 illo
3420 4649 3538 4689 non
3568 4650 3789 4707 parum
3824 4638 3908 4710 (c)

2224 4719 2370 4776 mihi
2400 4719 2689 4776 dissidere
2714 4720 3051 4778 videbatur.
3084 4725 3245 4777 Nunc
3266 4737 3407 4778 vero
3422 4725 3701 4780 eumdem
3733 4726 3907 4782 nacti

2226 4813 2532 4865 auctorem
2581 4808 2641 4863 in
2696 4809 2961 4865 Psalmos
3019 4810 3357 4876 Davidicos,
3410 4816 3468 4868 et
3525 4812 3584 4867 in
3649 4814 3910 4872 Cantica

2225 4913 2361 4968 qua
2395 4897 2475 4968 (εἰ)
2516 4912 2638 4952 una
2695 4915 2831 4954 cum
2895 4896 3146 4954 Psalmis
3211 4900 3371 4955 canit
3428 4900 3707 4971 Ecclesia,
3766 4903 3909 4974 jam

2226 5079 2553 5149 utrumque
2574 5074 2796 5149 legerit,
2818 5076 2930 5149 sed
2944 5075 3017 5149 de
3036 5076 3395 5149 (Ecumenio
3412 5078 3553 5149 quid
3582 5078 3904 5149 sentirem,

2225 5145 2342 5221 dici
2354 5145 2509 5221 alibi.
2529 5147 2672 5201 Cum
2701 5146 3021 5221 Euthymjo
3034 5147 3196 5221 nullo
3216 5148 3399 5221 modo
3417 5145 3906 5221 comparandus.

2225 5216 2579 5297 {Simillimus
2603 5223 2803 5297 autem
2844 5216 3158 5297 Eiithjfmio
3194 5224 3284 5275 est
3324 5216 3909 5297 PesudoiTheophy-

2224 5289 2426 5360 lactus
2450 5287 2509 5342 in
2539 5288 2836 5360 Epistolas
2874 5287 3167 5345 Paulinas.

2298 5358 2375 5429 (d)
2410 5359 2523 5414 Ista
2573 5358 2805 5432 captica
2843 5361 2919 5432 in
2978 5360 3275 5432 plerisque
3334 5362 3639 5419 codicibus
3669 5372 3773 5415 τῶν
3818 5365 3904 5432 0',

2222 5432 2559 5506 junguntur
2599 5431 2904 5506 __Psalmis.
2960 5431 3145 5501 Atque
3167 5431 3292 5506 iita
3328 5434 3532 5506 etiam
3586 5437 3783 5506 reperi
3840 5431 3909 5493 in

2224 5500 2465 5556 duobus
2506 5500 2814 5557 codicibus
2839 5500 3296 5573 MOsquensibus
3326 5500 3695 5561 Psalmorufn
3752 5524 3909 5564 cum

2222 5572 2706 5644 interpretatione
2741 5572 3058 5644 Euthymii,
3123 5575 3409 5632 nimirum
3447 5594 3509 5633 in
3549 5577 3682 5633 cod.
3744 5578 3904 5637 Bibl.

2228 5643 2328 5701 SS.
2352 5643 2567 5715 synodi
2595 5660 2760 5701 num.
2794 5643 2901 5702 196
2924 5650 2982 5701 et
3010 5646 3099 5701 97.
