4110 6386
204 332 262 384 41
1758 325 1878 379 ΡΒ.)

1997 321 2154 376 lTIO.
3593 322 3659 374 42

205 457 467 511 secundo
495 458 571 528 (ε)
610 459 767 530 typis
799 475 1114 523 exeusum,
1148 458 1473 514 certissimo
1513 455 1726 511 certius
1758 450 1884 507 ausi
1922 449 1960 500 Α
1998 449 2058 500 Et
2097 446 2410 516 utrobique
2442 460 2622 516 super
2647 460 2718 499 eo
2766 445 2966 507 verbo,
2992 444 3241 500 Prwz‘bis
3269 450 3405 500 ante
3439 447 3657 514 faciem

210 562 415 600 sumus
437 545 595 601 ferre
667 548 991 617 judicium,
1037 547 1253 602 horum
1304 543 1885 601 Commentariorum

211 644 515 690 auctorem
548 652 688 690 esse
723 637 1108 707 Euthymium
1141 636 1213 707 (Γ)
1267 634 1657 704 Zigabonum.
1684 634 1885 701 Neque

214 724 370 778 enim
401 740 589 779 ovum
630 741 749 780 ovo
810 724 923 780 fuit
954 739 1223 795 unquam
1274 724 1426 777 adeo
1454 721 1665 785 simile,
1698 734 1884 790 quam

216 806 338 868 haec
370 813 446 882 (g)
482 812 722 883 phrasis
748 812 851 868 illi.
878 812 1093 868 Videas
1122 813 1182 867 in
1210 816 1461 883 utroque
1489 814 1723 879 gratam
1749 823 1883 861 cum

217 902 387 957 simili
420 902 643 971 pietate
682 901 1066 970 brevitatem,
1103 902 1466 956 succinctam
1509 898 1881 954 Hebraismo-

216 1007 345 1046 rum
374 991 893 1061 explanationem.
918 993 982 1047 Et
1004 989 1525 1063 quemadmodum
1551 988 1635 1042 ibi
1666 987 1881 1041 Psalte-

216 1080 389 1141 rium.
420 1080 505 1135 ita
544 1086 602 1135 et
623 1080 722 1135 hic
749 1080 1125 1150 singulorum
1174 1078 1674 1147 evangelistarum
1715 1092 1881 1131 enar-

214 1170 477 1224 rationes
510 1169 701 1226 simili
726 1186 797 1225 ac
836 1174 1197 1243 pervenusta
1227 1167 1528 1223 concludit
1554 1166 1640 1237 (h)
1675 1162 1882 1227 ὃοξολο-

213 1264 301 1329 γίᾳ
347 1259 559 1327 juncta
616 1264 946 1331 παραινέσει.
1013 1258 1179 1313 Adde
1250 1258 1313 1328 (ἱ)
1366 1256 1519 1327 quod
1576 1255 1722 1310 inter
1774 1270 1883 1309 cae-

215 1353 337 1403 tera
390 1354 638 1404 enarrat
686 1352 744 1403 et
776 1347 965 1403 Mariae
1015 1363 1083 1402 ac
1109 1347 1400 1402 Zachariae
1465 1346 1715 1409 cantica,
1749 1360 1881 1416 qua:

212 1437 387 1492 habet
430 1438 627 1493 Lucas
668 1438 867 1509 primo
896 1438 1129 1508 capite:
1173 1451 1435 1508 quorum
1492 1434 1632 1489 etin
1690 1434 1805 1489 hoc
1827 1437 1883 1488 et

210 1528 261 1581 in
292 1527 398 1582 illo
427 1526 612 1591 libro,
644 1525 847 1581 verbis
866 1525 1151 1580 duntaxat
1166 1540 1271 1595 pro
1294 1523 1574 1580 varietate
1600 1522 1881 1593 interpre—

213 1614 717 1677 tumimmutatis,
752 1614 1030 1670 eamdem
1062 1613 1287 1669 videbis
1318 1612 1878 1684 interpretationem.

1996 535 2236 589 Domini
2286 550 2500 603 parare
2529 534 2657 589 vias
2715 536 2864 601 ejus.
2913 534 3054 597 Quae
3098 533 3235 599 sint,
3300 533 3508 605 inquit,
3543 536 3656 589 vise

1995 624 2122 693 ejus
2173 623 2434 677 diximus
2499 623 2665 678 tertio
2724 622 2919 693 capite
2970 622 3265 689 Evangelii
3320 623 3659 679 secundum

1994 712 2356 778 Matthreum,
2392 711 2760 766 ubihabetur
2795 731 2805 768 :
2836 712 2953 765 Vox
2974 713 3290 766 clamantis
3320 712 3382 766 in
3409 712 3650 777 deserto,

1988 804 2206 870 parate
2237 801 2677 859 viamDomini.
2696 800 2845 855 Cum
2875 800 3002 855 hrec
3026 799 3260 871 aliaque
3276 800 3657 873 plurimaque

1992 890 2327 944 certissima
2392 890 2465 945 de
2523 891 2634 944 hoc
2696 895 2937 944 auctore
2997 888 3219 943 indicia
3258 890 3645 953 haberemus,

1992 976 2319 1032 maluimus
2350 978 2409 1032 in
2467 977 2560 1032 his
2613 994 2747 1048 qua;
2801 977 3074 1032 nondum
3131 977 3414 1033 distracta
3467 984 3651 1043 erant,

1991 1066 2454 1138 exemplaribus,
2509 1067 2778 1122 studioso
2815 1066 3013 1122 lectori
3051 1066 3109 1120 id
3152 1065 3436 1137 indicare,
3468 1083 3656 1139 quam

1990 1170 2126 1209 eum
2158 1154 2380 1208 diutius
2430 1171 2791 1226 suspensum
2841 1160 3055 1211 tenere.
3108 1156 3297 1221 Quare
3351 1156 3499 1211 sicut
3530 1156 3655 1211 illo-

1990 1259 2124 1298 rum
2150 1244 2717 1299 Commentariorum
2752 1244 2813 1299 in
2832 1243 3114 1309 Psalmos,
3139 1248 3448 1300 auctorem
3472 1261 3652 1301 nemo

1990 1331 2219 1387 dubitat
2278 1348 2413 1387 vere
2471 1348 2599 1387 esse
2669 1333 3049 1403 Euthymlum
3107 1333 3505 1402 Zigabonum,
3569 1334 3654 1390 sic

1990 1435 2182 1492 neque
2221 1419 2499 1492 deinceps
2560 1421 2777 1477 horum
2806 1422 2866 1477 in
2907 1421 3229 1491 Evangelia
3268 1422 3655 1479 Commenta-

1986 1509 2208 1564 riorum
2225 1510 2559 1577 suspicetur
2575 1510 2901 1582 quisquam
2937 1509 3122 1566 alium
3144 1526 3273 1566 esse
3309 1516 3644 1568 auctorem.

1989 1598 2148 1654 Vale.
2174 1604 2344 1654 Anno
2372 1600 2529 1654 1544.
2562 1600 2744 1654 Nonis
2777 1599 3102 1655 Februarii.

279 1794 351 1861 (ε)
392 1795 471 1846 Ex
493 1791 611 1845 hoc
640 1789 860 1858 colligit
883 1788 1339 1861 Hambergerusﬁ,
1367 1802 1548 1861 supra
1567 1785 1871 1861 laudatus;
1917 1797 1961 1851 Β
1987 1777 2152 1861 quod
2178 1776 2236 1830 in
2278 1776 2398 1861 hac.
2413 1776 2545 1861 ipsa
2576 1776 2858 1861 editione.
2878 1776 3198 1858 Euthymii,
3220 1777 3368 1861 anni
3406 1782 3559 1843 1544,
3595 1780 3653 1833 in

212 1857 357 1917 Dass
410 1862 595 1932 cinige
620 1857 1197 1932 Εωριήρίανεηαιιέν
1254 1857 1880 1932 Walzrscheinlz'chkeit

212 1934 388 1995 nach,
407 1929 691 1989 dasllahr
704 1933 862 1995 1543,
882 1931 1129 1999 aufdem
1152 1931 1301 1986 Tite!
1315 1929 1564 1999 fiihren.
1582 1930 1694 1984 Sed
1708 1946 1878 1985 voca-

211 2002 426 2059 bulum
477 2020 762 2060 excusum
807 2010 895 2058 est
940 2002 1311 2072 ambiguum.
1356 2000 1876 2072 Incertumienim,

210 2084 415 2131 utrum
446 2075 529 2130 ad
559 2075 1037 2130 Commentarios
1076 2071 1137 2129 in
1162 2073 1455 2132 Psalmos,
1490 2087 1566 2127 an
1605 2071 1684 2126 ad
1715 2071 1881 2126 Com-

213 2147 547 2201 mentarios
596 2146 657 2200 in
700 2144 1019 2201 Evangelia
1049 2145 1121 2199 sit
1162 2143 1561 2199 referendum.
1599 2144 1711 2197 Sed
1738 2143 1878 2197 illud

256 2224 385 2273 uto.
422 2217 656 2273 Etenim
685 2214 1168 2271 Monteialconius
1208 2217 1270 2269 in
1313 2214 1673 2269 Bibliotheca
1725 2214 1880 2269 Cois-

232 2289 456 2354 iniana,
492 2306 545 2359 p.
578 2289 665 2351 58,
698 2291 995 2359 memorat
1016 2286 1252 2359 illorum
1280 2285 1876 2359 Commentariorum,

208 2376 278 2414 ex
305 2357 791 2431 interpretatione
810 2357 1067 2431 Philippi
1090 2357 1277 2431 Sauli,
1294 2357 1625 2431 editionem
1639 2357 1879 2431 Veronae

212 2431 398 2488 in-fol.
432 2427 575 2485 ann.
609 2431 769 2499 1530,
804 2436 858 2483 et
888 2427 1067 2484 Lutet.
1088 2429 1382 2493 in-8,ann.
1410 2427 1876 2499 175743.,Priorem,

207 2503 253 2556 si
284 2509 442 2557 recte
474 2498 894 2564 memini,vidi
920 2499 1231 2571 quondam
1276 2499 1337 2553 in
1362 2498 1725 2571 bibliotheca
1755 2514 1878 2553 am-

209 2573 467 2644 plissimi
498 2578 742 2644 senatus
766 2569 1113 2644 Lipsiensis.
1176 2571 1361 2637 Hanc,
1396 2574 1458 2625 ut
1496 2569 1744 2644 videtur,
1777 2584 1880 2624 no-

213 2640 291 2699 iat
323 2642 789 2714 Hambergerus,
818 2640 1211 2714 locolaudato
1241 2656 1595 2713 quanquam
1648 2640 1744 2694 hic
1772 2654 1880 2710 pro

213 2714 473 2782 Lutetiae,
504 2712 1021 2787 scripsitParisiis.
1046 2712 1305 2768 Alterum
1325 2718 1745 2782 argumentum
1771 2716 1879 2774 est,

1990 1846 2184 1921 indice
2231 1847 2541 1921 scribitur:
2577 1866 2606 1896 «
2650 1847 2814 1902 Liber
2843 1848 2940 1902 hic
2984 1864 3179 1919 neque
3216 1848 3431 1912 Grmce,
3459 1866 3653 1921 neque

1991 1916 2191 1998 Latine
2203 1918 2551 1998 anteatyp‘is
2563 1934 2835 1998 unquam
2849 1916 3262 1998 excususest.»
3280 1916 3653 1998 [_)en_iguehic

1992 1988 2047 2043 in
2071 1989 2189 2063 ﬁne
2213 1989 2388 2063 hujus
2416 1988 2866 2045 admonitionis
2925 1989 3139 2059 legitur
3181 2008 3192 2045 :
3222 2009 3250 2041 «
3290 1991 3353 2045 In
3386 1988 3473 2063 his
3512 2007 3650 2063 quae

1989 2059 2263 2115 nondum
2294 2059 2591 2116 distracta
2634 2066 2819 2124 erant,
2867 2082 2895 2110 »
2924 2070 3030 2116 etc.
3083 2063 3179 2116 Est
3222 2076 3363 2130 ergo
3412 2059 3564 2130 haec,
3589 2067 3655 2117 ut

1990 2130 2187 2203 credo,
2228 2132 2405 2186 editio
2438 2130 2739 2203 princeps,
2775 2137 3006 2187 mutato
3033 2135 3264 2187 tantum
3292 2132 3504 2187 Iudice.

2082 2202 2136 2271 Γ)
2178 2203 2281 2265 Ita,
2325 2218 2433 2273 pro
2464 2202 2809 2272 Zigabenus.

2083 2278 2136 2341 g)
2169 2273 2376 2345 ldipse
2441 2274 2621 2329 etiam
2676 2274 2873 2329 testari
2902 2289 3170 2344 possum,
3235 2291 3369 2329 cum
3418 2275 3651 2330 codices

1988 2345 2368 2414 Mosquenses
2396 2345 2765 2400 Psalmorum
2794 2345 3191 2400 tractaverim.

2064 2414 2142 2485 (h)
2168 2415 2311 2494 __Sed
2364 2416 2478 2471 hoc
2530 2417 2591 2471 in
2616 2416 2887 2488 pluribus
2922 2417 3161 2472 Patrum
3196 2416 3651 2472 Commentariis

1988 2490 2299 2556 reperitur.
2801 2532 2803 2535 ι

2063 2573 2125 2643 (i)
2158 2574 2253 2628 His
2285 2579 2339 2629 et
2361 2574 2654 2631 similibus
2676 2575 3040 2645 argumentis
3058 2576 3117 2630 in
3146 2575 3351 2646 primis
3378 2576 3648 2644 efﬁcitur,

1990 2649 2291 2723 auctorem
2347 2646 2558 2701 horum
2631 2647 3210 2703 Commentariorum
3258 2663 3390 2703 esse
3437 2648 3648 2719 Euthy-

1990 2730 2203 2771 mlum.

1186 3074 1791 3163 EJUSDEM
1930 3076 2676 3169 PB/EFATIO.

789 3394 1055 3451 Candido
1071 3394 1315 3451 Lectori.

278 3582 356 3634 Ne
406 3577 557 3649 quid
607 3578 665 3632 in
723 3578 840 3634 hoc
916 3580 1154 3632 auctore
1212 3573 1544 3630 evolvendo
1617 3573 1872 3642 hmsites,

207 3668 470 3722 candide
500 3667 730 3731 Lector,
787 3666 994 3738 paucis
1023 3666 1097 3720 de
1124 3664 1306 3721 rebus
1336 3668 1390 3719 te
1421 3663 1703 3718 duximus
1729 3679 1874 3734 prac-

210 3757 612 3812 monendum.
671 3756 732 3810 ld
815 3756 992 3826 igitur
1038 3756 1293 3824 primum
1353 3754 1443 3821 sit,
1497 3754 1663 3824 quod
1713 3754 1771 3807 in
1803 3769 1873 3808 eo

209 3845 544 3916 exemplari
567 3844 735 3916 quod
756 3844 833 3899 ad
862 3848 1099 3897 nostras
1154 3858 1370 3897 manus
1402 3842 1687 3912 pervenit,
1715 3858 1874 3911 quaa-

211 3933 352 3987 dam
426 3932 847 3988 annotationes
878 3931 1176 3987 interdum
1238 3930 1613 4002 ponebantur
1666 3930 1749 4000 (lc)
1814 3930 1872 3984 in

212 4023 589 4093 marginibus
625 4039 839 4094 :quas,
880 4038 1020 4077 cum
1060 4036 1441 4093 nequaquam
1498 4019 1874 4091 pcenitendas

210 4128 550 4176 censerem,
602 4126 726 4167 non
749 4110 855 4165 fuit
916 4110 1158 4165 animus
1189 4112 1428 4181 penitus
1479 4108 1758 4178 abjicere,
1800 4123 1874 4163 ne

210 4201 303 4255 vel
326 4200 446 4255 hoc
480 4200 804 4255 commodo
878 4198 1257 4255 fraudareris.
1316 4200 1532 4253 Verum
1566 4214 1640 4254 ne
1670 4198 1875 4269 hujus-

208 4291 373 4344 modi
432 4289 923 4345 adnotationibus
977 4288 1278 4359 margines
1324 4288 1709 4359 replerentur,
1766 4305 1875 4345 nec

208 4384 367 4433 esset
422 4378 686 4449 spatium
752 4378 1049 4449 ponendis
1098 4394 1282 4434 sacrae
1349 4377 1659 4449 Scripturre
1704 4378 1873 4446 locis,

208 4482 346 4538 quae
406 4467 641 4539 passim
686 4467 765 4522 ab
807 4473 1048 4524 auctore
1096 4466 1373 4533 citantur,
1407 4483 1509 4522 eas
1548 4467 1610 4522 in
1637 4467 1876 4539 reliquae

206 4555 531 4627 Scriptura:
580 4555 853 4612 ordinem
910 4556 1265 4626 redegimus,
1322 4560 1501 4628 atque
1564 4560 1702 4627 post
1746 4557 1876 4625 ejus

208 4643 523 4715 particulae
545 4648 738 4699 textus
768 4647 1208 4701 enarrationem
1259 4646 1337 4701 ad
1361 4661 1540 4717 quam
1570 4645 1877 4714 poneban-

1911 3266 1980 3276 -α

1913 3390 1953 3446 C
1984 3394 2165 3451 habet
2201 3396 2512 3468 originem,
2568 3413 2704 3469 quae
2735 3396 2870 3453 loca
2916 3402 3127 3454 auctor
3185 3402 3407 3463 noster,
3449 3402 3510 3454 ut
3539 3399 3645 3470 qui

1985 3485 2219 3541 Graecus
2244 3490 2476 3542 tantum
2502 3492 2673 3551 esset,
2688 3486 3047 3542 automnino
3059 3488 3647 3559 praetermiserat,aut

1983 3573 2674 3633 infelicitertractaverat.
2694 3578 2752 3629 In
2768 3576 2962 3646 primo
2978 3574 3175 3631 statim
3192 3575 3455 3646 cujusvis
3470 3575 3642 3631 faciei

1984 3661 2147 3717 initio
2178 3679 2399 3717 nomen
2417 3664 2820 3733 evangelistae,
2842 3680 2965 3719 una
2987 3680 3126 3718 cum
3157 3664 3369 3734 capitis
3391 3680 3644 3719 numero

1978 3751 2141 3821 juxta
2164 3753 2497 3806 Latinorum
2530 3752 3043 3809 enumerationem
3082 3754 3398 3824 posuimus
3427 3770 3437 3808 :
3462 3769 3645 3825 supra

1982 3840 2148 3911 ipsos
2176 3847 2375 3895 autem
2404 3841 2637 3911 paginae
2652 3858 2878 3907 versus,
2911 3842 3259 3911 majusculis
3282 3842 3508 3905 litteris,
3539 3859 3643 3897 nu-

1984 3931 2459 4000 merumcapitisj
2473 3931 2953 3986 uxtaGraacorum
2968 3930 3454 4002 supputationem
3478 3933 3645 4003 quod

1984 4034 2114 4073 eam
2150 4019 2340 4073 solam
2386 4024 2592 4074 auctor
2623 4023 2820 4073 noster
2849 4022 2970 4074 toto
3002 4034 3182 4090 opere
3216 4025 3641 4091 prosequatur.

2058 4110 2209 4163 Loca
2237 4123 2379 4163 vero
2409 4124 2439 4162 e
2476 4107 2670 4161 Bibliis
2684 4106 2883 4177 citata,
2917 4111 3021 4162 aut
3046 4124 3116 4162 ea
3129 4107 3644 4171 concernentia,in

1983 4197 2253 4267 margine
2312 4196 2774 4260 adnotavimus;
2817 4195 3270 4264 numerisjuxta
3299 4196 3644 4251 Latinorum

1983 4285 2424 4341 distinctionem
2452 4286 2650 4355 capita
2670 4284 3140 4353 designantibus,
3170 4283 3336 4353 quod
3366 4282 3494 4337 hinc
3520 4285 3646 4354 opi-

1983 4390 2199 4431 nemur
2228 4390 2357 4429 esse
2393 4372 2492 4428 tibi
2526 4373 2777 4428 notiora.
2840 4373 2946 4426 Ubi
3006 4376 3208 4426 autem
3264 4370 3431 4425 locus
3482 4373 3645 4443 quis-

1986 4463 2152 4535 piam
2191 4464 2425 4530 citatus,
2452 4476 2574 4516 non
2606 4459 2783 4515 fuerit
2812 4460 2873 4513 in
2905 4459 3175 4529 margine
3201 4470 3534 4530 expressus,
3567 4460 3646 4515 ad

1987 4552 2262 4625 ejusdem
2285 4551 2605 4607 voluminis
2621 4550 2821 4605 locum
2852 4554 3029 4605 antea
3050 4548 3296 4604 citatum
3323 4550 3642 4614 recurrito;

1986 4641 2051 4697 id
2105 4641 2264 4696 enim
2317 4640 2391 4696 de
2416 4640 2709 4695 industria
2765 4638 3099 4705 omisimus,
3149 4654 3223 4693 ne
3249 4636 3409 4693 idem
3467 4644 3649 4709 caput

205 4739 320 4797 tur,
350 4733 695 4789 locavimus
728 4751 739 4788 :
765 4735 933 4790 certis
955 4739 1149 4790 tamen
1163 4734 1605 4806 quibusdamU)
1630 4734 1874 4799 notulis,
1910 4740 1956 4793 D
1988 4731 2257 4802 ejusdem
2286 4730 2605 4785 voluminis
2631 4728 2802 4784 toties
2824 4727 3044 4782 iteratis
3076 4726 3309 4782 vicibus
3333 4727 3647 4782 adnotare-

207 4821 351 4877 hinc
368 4821 626 4894 quidem
641 4822 1089 4879 adnotationem
1107 4824 1316 4895 ipsam,
1340 4824 1502 4879 illinc
1524 4839 1660 4879 vero
1678 4824 1878 4879 locum

206 4911 740 4983 cuirespondeant
785 4912 1264 4983 designantibus.
1290 4913 1447 4969 Alias
1478 4916 1699 4979 autem,
1741 4930 1878 4985 qua:

207 5000 461 5056 duobus
492 5000 693 5055 verbis
722 5002 983 5073 capitum
1014 5003 1335 5058 sententias
1361 5002 1876 5068 demonstrabant,

209 5090 335 5143 suis
366 5090 523 5145 locis
551 5089 924 5162 reliquimus.
959 5091 1111 5157 Quin
1152 5097 1208 5147 et
1234 5093 1439 5163 paucis
1488 5092 1548 5146 in
1580 5092 1745 5155 locis,
1778 5092 1881 5147 ubi

208 5194 411 5249 operae
463 5179 723 5250 pretium
771 5180 972 5235 visum
1012 5186 1116 5246 est,
1147 5185 1387 5237 nostras
1423 5197 1665 5253 quoque
1696 5181 1881 5236 adno-

213 5268 583 5325 tatiunculas
616 5270 872 5339 margini
912 5270 1253 5326 addidimus
1288 5289 1298 5326 :
1330 5270 1659 5343 praesertim
1694 5291 1705 5328 :
1742 5287 1879 5326 cum

208 5358 419 5415 litterae
474 5359 659 5415 dictio
714 5358 919 5433 aliqua
969 5359 1308 5417 Hebraicam
1362 5364 1467 5416 aut
1496 5359 1881 5419 Chaldaicam

280 5560 370 5623 (Ir)
409 5556 573 5611 Idem
597 5556 944 5612 observavit
968 5556 1299 5613 Richardus
1332 5558 1633 5613 Simonius
1681 5559 1739 5613 in
1770 5561 1880 5613 Eu-

210 5630 427 5700 thymii
474 5628 787 5702 codicibus
860 5627 1158 5695 Parisinis,
1237 5633 1295 5685 et
1359 5646 1470 5685 nos
1525 5631 1582 5684 in
1632 5636 1883 5702 utroque

212 5700 571 5774 Mosquensi.

503 5800 759 5858 PA‘IIOL.
806 5797 915 5853 Gn.
956 5797 1192 5856 CXXIX.

1988 4837 2147 4876 mus.
2178 4825 2453 4889 Ignosces
2491 4819 2669 4873 etiam
2701 4832 2810 4887 pro
2838 4820 2938 4872 tua
2962 4816 3357 4881 humanitate,
3394 4815 3648 4871 candide

1986 4911 2187 4979 lector,
2211 4908 2377 4981 quod
2400 4924 2570 4963 voces
2583 4905 2879 4978 quasdam
2901 4920 3024 4961 non
3038 4904 3450 4967 vitaverimus,
3475 4905 3650 4974 aqui-

1988 5000 2102 5056 bus
2133 5004 2340 5055 nostro
2370 4997 2481 5052 hoc
2500 4995 2735 5051 feliciori
2755 4995 2971 5049 smculo
2997 4992 3647 5057 abhorrentnonnulli;

1988 5087 2167 5146 veluti
2198 5091 2349 5149 sunt,
2404 5085 2684 5149 salvator,
2726 5086 2970 5147 salvare,
3014 5082 3279 5151 compati,
3323 5081 3647 5151 compassio,

1989 5176 2566 5247 incompassibilz‘tas,
2599 5174 2973 5243 dispensatio,
3008 5171 3420 5240 dispensatorie
3485 5186 3549 5225 ac
3579 5171 3653 5225 si-

1992 5268 2201 5323 miles:
2267 5264 2639 5335 potissimum
2670 5278 2807 5317 cum
2857 5260 3118 5315 viderem
3161 5258 3528 5315 doctissimos
3583 5276 3654 5315 ac

1995 5352 2519 5427 eloquentissimos
2571 5350 2908 5407 Christianae
2934 5347 3232 5417 religionis
3277 5364 3553 5421 proceres
3574 5348 3653 5403 ab

2068 5554 2134 5623 (ι)
2168 5552 2448 5608 Nimirum
2477 5551 2651 5619 signo
2689 5545 2876 5603 crucis
2925 5546 3091 5617 quod
3121 5562 3230 5601 nos
3254 5561 3497 5617 quoque
3526 5543 3654 5599 imi-

1998 5628 2102 5682 tati
2128 5641 2362 5680 sumus.

3340 5786 3371 5837 Ξ
