4110 6378
499 356 569 416 43

496 487 593 543 his
624 494 1016 555 nequaquam
1069 472 1466 538 abhorruisse,

498 554 896 635 Lactantium,
946 565 1334 638 Cyprianum,
1380 561 1811 630 Hieronymum
1844 557 1899 607 et
1926 554 2155 638 Augus-

500 666 709 726 tinum,
736 660 839 733 qui
868 633 1050 714 etiam
1075 672 1197 710 x111.
1228 656 1307 708 De
1350 649 1574 713 Trinit.,
1604 663 1710 718 cap
1739 643 1823 709 10,
1859 641 1937 695 ita
1966 633 2153 733 loqui-

500 758 593 809 tur
620 770 633 807 :
660 774 678 802 ι
718 748 836 806 Nisi
861 745 1177 802 inﬁrmitas
1200 745 1374 807 esset,
1407 736 1709 794 medicum
1744 725 2151 787 necessarium

498 857 622 898 non
651 838 963 903 haberent,
991 833 1202 906 quiest
1229 828 1501 887 hebraice
1529 829 1711 888 Jesus,
1742 822 1939 876 Graece
1965 816 2148 875 Soler,

498 936 701 988 nostra
740 930 945 983 autem
995 903 1292 978 locutione
1318 918 1635 973 Salvator:
1684 909 1847 983 quod
1906 903 2153 959 verbum

496 1019 704 1076 Latina
746 1016 954 1085 lingua
1004 1027 1129 1067 non
1165 1006 1445 1070 habebat,
1499 1003 1602 1058 sed
1640 1000 1862 1056 habere
1904 993 2148 1085 poterat,

495 1109 647 1164 sicut
698 1079 908 1162 habuit
932 1099 1179 1174 quando
1218 1094 1417 1152 voluit.
1442 1116 1467 1142 n
1515 1095 1580 1146 Et
1620 1088 1827 1144 merito
1853 1086 1974 1139 haec
2014 1079 2155 1134 dicit

493 1194 872 1267 Augustinus.
908 1171 1046 1256 Quis
1071 1188 1226 1243 enim
1247 1183 1501 1246 dubitat,
1530 1179 1676 1252 quin
1696 1177 1914 1240 Cicero,
1945 1171 1994 1225 si
2018 1184 2154 1223 nos-

496 1287 596 1341 tris
623 1284 829 1339 fuisset
858 1276 1247 1351 temporibus,
1281 1276 1621 1341 nostraeque
1647 1265 1784 1321 ﬁdei
1836 1260 2155 1331 recepisset

494 1376 801 1444 dogmata,
837 1368 1108 1443 plurimis
1140 1381 1284 1419 usus
1308 1357 1776 1417 fuissetvocibus
1798 1352 2019 1425 quibus
2037 1362 2151 1401 non

493 1469 581 1519 est
611 1479 753 1517 usus
788 1476 799 1515 :
825 1440 1174 1530 quanquam
1197 1459 1252 1508 et
1276 1452 1407 1522 ipso
1432 1448 1610 1503 verbo
1631 1446 1877 1501 Salvere
1896 1455 2039 1494 usus
2068 1440 2156 1491 est

492 1552 553 1607 in
582 1552 642 1605 L.
674 1551 968 1611 Pisonem,
1004 1548 1060 1599 et
1089 1543 1215 1614 ejus
1262 1555 1408 1596 voce
1434 1536 1696 1610 passiva,
1726 1533 1775 1587 II
1824 1532 1903 1585 De
1939 1531 2155 1582 natura

490 1641 761 1695 deorum.
788 1633 1183 1701 Quintilianus
1212 1642 1454 1701 quoque
1484 1625 1585 1679 lib.
1614 1636 1861 1690 xn,cap.
1889 1618 1971 1681 10,
2000 1630 2147 1669 usus

489 1734 582 1785 est
611 1727 825 1783 eodem
878 1721 1101 1785 verbo;
1142 1717 1306 1790 quod
1337 1716 1516 1771 etiam
1571 1707 2153 1766 adnotaveruntante

490 1833 600 1874 nos
616 1816 721 1871 viri
742 1810 1092 1870 doctissimi.
1114 1808 1476 1876 Quanquam
1498 1799 1854 1856 recentiores
1871 1800 2149 1867 typogra-
2189 1798 2231 1852 Β

487 1907 747 1979 phorum
777 1901 1162 1971 castigatores
1186 1896 1313 1950 haec
1338 1893 1650 1947 immutare
1686 1886 1818 1943 ausi
1842 1884 1984 1939 sint:
2022 1881 2144 1936 sive

486 1996 545 2051 id
576 2010 687 2049 suo
717 1990 956 2047 fecerint
1003 1984 1269 2051 arbitrio,
1328 1981 1450 2037 sive
1494 1979 1747 2035 aliorum
1789 1988 1994 2035 suasu,
2046 1968 2149 2041 qui

493 2083 623 2138 haec
652 2080 977 2153 depravata
1006 2074 1187 2130 fuisse
1214 2069 1575 2135 asserebant,
1603 2063 1768 2135 quod
1794 2076 1929 2117 rara
1961 2060 2157 2112 essent

490 2152 762 2228 inventu.
793 2168 916 2237 Ego
932 2170 1137 2221 tamen
1164 2160 1344 2229 vulgo
1384 2174 1481 2213 me
1501 2152 1774 2213 nonnihil
1806 2163 2141 2206 accommo-

499 2263 646 2318 dare
676 2257 879 2314 debui.
908 2254 1051 2321 Quia
1070 2266 1213 2307 vero
1242 2248 1437 2305 locum
1478 2242 1749 2318 quemvis
1780 2240 2154 2296 ocurrentem

491 2350 649 2406 idem
693 2352 919 2411 auctor,
976 2340 1141 2398 nullo
1182 2335 1579 2412 praetermisso
1625 2332 1706 2387 ita
1740 2328 2039 2400 explanat,
2092 2328 2154 2379 ut

490 2453 868 2513 queecunque
887 2435 1042 2489 circa
1071 2446 1205 2486 eam
1233 2426 1568 2493 materiam,
1592 2426 1694 2477 aut
1723 2420 1881 2475 idem
1899 2429 2150 2483 evange-

487 2504 625 2586 lista
646 2504 849 2584 alio-in
881 2525 1036 2588 loco,
1065 2523 1169 2576 aut
1193 2516 1386 2573 caeteri
1410 2514 1736 2579 recensent,
1752 2506 1974 2580 pariter
1995 2504 2153 2560 edis-

488 2622 663 2683 serat,
686 2616 763 2673 ad
782 2614 1021 2670 minima
1034 2623 1227 2680 usque
1243 2603 1620 2674 singulorum
1632 2598 1926 2654 interdum
1941 2591 2145 2657 verba,

496 2681 754 2779 ubivero
768 2719 894 2760 sese
907 2697 1285 2774 postmodum
1302 2693 1508 2749 eadem
1521 2706 1615 2745 res
1630 2686 1925 2753 obtulerit,
1944 2683 2021 2738 ad
2036 2681 2157 2736 dic-

496 2776 621 2853 tam
659 2790 1207 2864 interpretationem
1236 2784 1412 2838 citato
1427 2780 1598 2850 juxta
1624 2776 1961 2830 Graecorum
2018 2784 2159 2840 sup-

491 2884 864 2958 putationem
885 2878 1072 2949 capite
1094 2870 1451 2929 transmittat
1468 2885 1479 2921 :
1496 2867 1715 2922 idcirco
1737 2864 1973 2933 praestat
1986 2864 2143 2913 ante-

492 2946 677 3046 quam
710 2946 1167 3027 auctoris-verba
1184 2957 1608 3029 aggrediamur
1625 2950 1980 3023 praemittere
1998 2946 2152 3001 ordi-

493 3038 631 3119 nem
662 3077 731 3117 ac
771 3070 1092 3113 numerum
1152 3048 1513 3119 singulorum
1543 3042 1801 3112 capitum
1830 3038 2005 3094 modo
2037 3050 2153 3106 quo

493 3152 657 3226 apud
684 3152 919 3205 Graecos
948 3143 1229 3198 distincta
1259 3140 1414 3201 sunt,
1449 3149 1631 3206 quem
1659 3136 1715 3186 et
1743 3146 1854 3184 nos
1876 3144 1991 3183 una
2016 3141 2151 3179 cum
2189 3152 2225 3204 ρ

493 3214 734 3299 auctore
782 3239 842 3293 in
914 3238 1119 3289 nostra
1164 3226 1437 3283 versione
1496 3219 1895 3276 servabimus.
1933 3214 2152 3270 Deinde

489 3334 634 3407 quia
664 3331 725 3383 in
756 3329 980 3389 Graeco,
1008 3321 1068 3375 in
1098 3317 1254 3390 quod
1288 3312 1626 3373 incidimus,
1647 3305 1987 3377 exemplari,
2016 3320 2152 3357 con-

493 3394 680 3478 textus
708 3411 1011 3481 Evangelii
1036 3424 1159 3463 non
1187 3420 1322 3460 raro
1354 3402 1652 3470 discrepat
1679 3414 1714 3452 a
1734 3399 2034 3451 Novorum
2056 3394 2151 3446 Te-

492 3512 926 3566 stamentorum
966 3497 1235 3557 editione,
1266 3507 1399 3564 quae
1437 3488 1665 3560 passim
1693 3484 1906 3539 Graecis
1934 3496 2150 3537 excusa

490 3599 652 3672 typis
683 3590 1181 3650 circumferuntur
1216 3601 1227 3634 :
1260 3596 1381 3652 quo
1410 3577 1512 3632 ubi
1544 3574 1772 3636 accidit,
1796 3572 2149 3643 plerumque

491 3658 799 3745 c'onforme
830 3684 917 3735 est
961 3673 1259 3745 exemplar
1300 3667 1477 3723 Grmci
1508 3664 1684 3733 hujus
1739 3659 1997 3716 auctoris
2030 3658 2149 3711 edi-

489 3776 634 3835 tioni
657 3772 1002 3827 Bibliorum,
1025 3779 1154 3835 quae
1185 3758 1466 3814 dominus
1498 3752 1849 3808 Franciseus
1878 3750 2146 3802 Ximenez

488 3862 976 3933 archiepiscopus
1003 3853 1145 3908 olim
1182 3848 1515 3907 Toletanus,
1534 3859 1601 3897 ac
1623 3844 1679 3895 S.
1701 3841 1769 3893 Β.
1802 3835 2143 3893 E.cardina-

486 3957 575 4021 lis,
604 3927 912 4009 immensis
944 3939 1298 4012 sumptibus,
1344 3934 1652 3990 laboribus
1670 3947 1739 3985 ac
1766 3927 1997 3997 vigiliis,
2025 3940 2147 3979 ma—

485 4046 649 4101 xima
671 4056 809 4096 cum
834 4031 1139 4105 diligentia
1193 4023 1477 4096 compluti
1513 4020 1737 4077 curavit
1766 4015 1977 4071 nostris
2003 4019 2148 4069 tem-

486 4132 734 4206 poribus
762 4102 1194 4189 variisvlinguis
1240 4111 1589 4170 excudenda
1618 4126 1631 4163 τ
1666 4106 1860 4163 accitis
1891 4102 2147 4173 undique

487 4192 779 4282 terrarum
807 4222 930 4272 tum
954 4209 1091 4265 viris
1122 4208 1182 4262 in
1201 4206 1542 4273 linguarum
1568 4194 1904 4265 cognitione
1930 4192 2145 4246 doetis-

484 4315 670 4377 simis,
712 4314 841 4364 tum
880 4296 1325 4370 exemplaribus
1368 4282 1847 4357 castigatissimis
1891 4296 1959 4335 ac
1984 4285 2146 4335 vetu-

483 4369 779 4463 stissimis,
842 4392 935 4449 vel
983 4369 1068 4444 ab,
1130 4385 1262 4456 ipsa
1340 4378 1553 4435 Leonis
1630 4375 1675 4427 Χ
1746 4369 2140 4429 Bibliotheca,

480 4492 638 4549 vela.
666 4486 1030 4541 Venetorum
1055 4478 1267 4529 senatu
1305 4463 1690 4526 transmissis,
1741 4464 1844 4516 aut
1882 4458 2141 4522 aliunde,
2177 4486 2221 4540 Ι)

480 4579 648 4638 nulla
678 4581 1078 4645 expensarum
1097 4578 1201 4617 seu
1226 4559 1505 4614 laborum
1532 4550 1740 4607 habita
1764 4548 1986 4604 ratione
2014 4560 2145 4599 con-

481 4638 867 4742 quisitis-Ne
914 4655 1048 4728 quis
1110 4665 1250 4719 ergo
1294 4641 1746 4712 Evangeliorum
1803 4638 2144 4691 contextum

481 4722 589 4814 rios
618 4761 842 4810 temere
864 4722 1218 4801 immutasse
1241 4734 1556 4793 existimet,
1586 4728 1715 4783 loca
1746 4722 2147 4794 discrepantia

480 4842 897 4904 adnotavimus
928 4852 940 4889 :
974 4842 1324 4904 quanquam
1364 4822 1701 4891 frequenter
1722 4830 1816 4869 res
1843 4814 1916 4868 sit
1946 4811 2145 4880 exigui

478 4903 789 4991 momenti,
823 4941 955 4998 quae
975 4903 1297 4977 dissidium
1328 4910 1524 4967 faciat.
1589 4905 1689 4961 Ubi
1723 4908 1927 4958 autem
1978 4903 2147 4955 Com-

476 5027 740 5098 plutense
772 5019 881 5073 hoc
919 5009 1289 5068 citaverimus
1346 4997 1668 5070 exemplar,
1728 4996 1991 5049 Graecum
2062 4990 2147 5043 in-

1422 5090 1443 5098 -
1507 5086 1537 5098 ,.
2032 5079 2141 5098 ιη

474 5079 790 5183 trelligimus
848 5105 1185 5160 contextum
1250 5108 1362 5145 non
1422 5086 1691 5143 Latinum
1760 5098 1898 5138 nam
1934 5080 1992 5134 in
2032 5079 2147 5132 hoc

480 5166 629 5258 nihil
653 5216 687 5255 a
718 5196 971 5265 Vulgata
1002 5188 1259 5244 editione
1286 5181 1658 5235 immutatum
1715 5176 1817 5226 est.
1877 5173 2053 5224 Porro
2088 5166 2144 5220 in

478 5290 699 5365 quibus
726 5257 1011 5340 dissideat
1039 5274 1299 5345 Vulgata
1344 5266 1521 5323 editio
1564 5263 1635 5319 ab
1680 5259 1970 5316 universis
1997 5257 2146 5310 Grae-

1392 5357 1425 5365 ..
1630 5358 1637 5365 _
1972 5345 2145 5365 _,L___

477 5345 682 5434 ciorum
728 5367 1197 5441 exemplaribus,
1232 5377 1304 5415 ex
1354 5357 1598 5413 aliorum
1627 5358 1741 5408 tum
1772 5345 2147 5403 versionibus

475 5477 604 5524 tum
638 5457 1148 5522 adnotationibus,
1191 5449 1358 5505 facile
1390 5444 1580 5500 ClllVlS
1614 5440 1980 5512 perspicuum
2018 5434 2142 5487 erit.

476 5562 757 5613 Praeterea
787 5568 861 5606 ne
885 5546 1022 5619 quis
1060 5540 1333 5613 protinus
1365 5534 1703 5603 Vulgatam,
1736 5530 1848 5583 hac
1886 5525 1947 5579 in
1977 5527 2146 5594 parte

480 5648 721 5704 damnet
746 5618 1084 5697 editionem,
1117 5630 1281 5701 quod
1312 5643 1384 5682 ea
1404 5640 1534 5694 quae
1561 5622 1759 5675 Graece
1777 5630 1881 5687 per
1908 5618 2146 5681 tempus

2019 318 2414 384 PR/EFATIO.
3856 302 3931 365 44

1520 468 1943 525 Tertullianum
1995 458 2149 517 dico,
2185 450 2228 502 A
2263 460 2507 517 praesens
2533 446 2633 498 aut
2674 439 3026 511 praeteritum
3086 436 3415 499 efferuntur,
3450 431 3661 489 habeat
3686 431 3742 485 in
3777 431 3939 485 futu-

2263 552 2395 589 rum
2425 549 2610 597 versa,
2644 530 2791 585 sicut
2816 525 3077 581 nonnulli
3118 525 3443 593 frequenter
3506 520 3702 575 fecisse
3731 520 3933 573 viden—

2263 630 2360 679 tur
2405 641 2417 674 :
2455 617 3025 676 animadvertendum
3098 618 3202 678 est,
3247 609 3627 681 evangelistas
3678 613 3737 663 et
3787 623 3932 675 apo-

2265 713 2459 778 stolos,
2512 727 2643 765 cum
2689 723 2896 779 genere
2950 703 3169 759 Hebraei
3201 705 3411 765 essent,
3443 700 3548 753 hac
3585 700 3642 753 in
3700 714 3755 753 re
3781 697 3935 751 sicut

2265 802 2399 858 etin
2428 799 2553 854 aliis
2594 796 2811 860 multis,
2859 792 3201 849 Hebraicum
3239 796 3460 845 secutos
3518 788 3751 851 idioma,
3808 801 3929 855 quo

2264 891 2345 944 illi
2404 884 2871 958 frequentissime
2915 899 3015 953 pro
3049 879 3337 951 praesenti,
3404 878 3561 948 quod
3624 874 3931 947 proprium

2266 995 2380 1033 non
2413 976 2647 1039 habent,
2677 976 2780 1028 aut
2836 988 2938 1042 pro
2979 970 3197 1035 futuro,
3234 966 3481 1022 efferunt.
3520 962 3877 1035 praeteritum
3912 979 3926 1019 :

2266 1073 2444 1139 utque
2472 1066 2531 1119 in
2562 1064 2894 1119 universum
2945 1059 3157 1122 dicam,
3208 1061 3433 1126 tempus
3459 1070 3638 1109 unum
3679 1067 3780 1122 pro
3806 1049 3931 1106 alio

2265 1155 2489 1211 Hebrzei
2518 1167 2916 1223 saepenumero
2943 1147 3261 1203 collocant:
3291 1144 3449 1215 quod
3480 1142 3656 1198 etiam
3684 1156 3931 1209 evange-

2265 1247 2410 1301 listaa
2437 1260 2550 1299 non
2584 1259 2717 1297 raro
2776 1242 3050 1303 fecerunt,
3100 1253 3199 1291 nec
3254 1234 3411 1291 solus
3467 1231 3791 1294 Mattheeus,
3824 1230 3931 1300 qui

2266 1335 2451 1406 patria
2495 1331 2730 1403 scripsit
2767 1330 2986 1399 lingua,
3043 1327 3152 1380 hoc
3197 1330 3284 1380 est
3321 1323 3577 1385 Hebraea,
3611 1321 3710 1375 sed
3737 1323 3791 1373 et
3818 1334 3932 1373 caa-

2264 1426 2391 1489 teri,
2453 1424 2547 1493 qui
2605 1422 2801 1475 Greece
2849 1418 3221 1486 scripserunt.
3261 1412 3543 1480 Quaedam
3594 1424 3730 1480 ergo
3752 1406 3932 1463 exin-

2265 1512 2518 1568 numeris
2569 1510 2705 1564 locis
2744 1506 2989 1562 seorsim
3019 1502 3438 1567 recensuimus,
3482 1500 3534 1553 in
3566 1498 3777 1568 quibus
3808 1513 3932 1550 ma-

2265 1602 2467 1657 nifeste
2525 1613 2794 1670 prmsens,
2842 1594 3137 1650 interdum
3202 1590 3381 1646 etiam
3423 1586 3782 1659 praeteritum
3826 1600 3935 1655 pro

2264 1691 2459 1747 futuro
2485 1690 2741 1743 locatum
2790 1690 2874 1739 est
2910 1705 2921 1738 :
2953 1697 3207 1754 quorum
3235 1684 3291 1734 et
3334 1694 3439 1732 nos
3494 1676 3759 1748 quaedam
3814 1672 3937 1727 exi-

2262 1785 2431 1851 gente
2459 1774 2767 1839 sententia,
2790 1788 2897 1847 per
2922 1772 3182 1827 futurum
3198 1767 3505 1823 vertimus:
3531 1764 3675 1821 alibi
3693 1778 3937 1834 quoque

2266 1850 2322 1922 id
2353 1884 2420 1923 ex
2466 1866 2665 1921 littera!
2698 1866 2974 1919 contextu
3026 1864 3132 1915 aut
3161 1874 3231 1913 ex
3280 1856 3418 1927 ipsis
3475 1850 3936 1910 Commentariis

2265 1958 2507 2030 planum
2551 1954 2703 2011 erit:
2766 1951 3053 2006 interdum
3113 1963 3249 2002 vero
3291 1946 3365 2001 ob
3424 1942 3678 1998 auctoris
3744 1939 3934 1995 nostri

2265 2045 2696 2103 enarrationem
2736 2042 3051 2099 immutare
3076 2053 3193 2092 non
3224 2033 3402 2091 licuit.
3424 2033 3522 2088 Est
3552 2036 3606 2088 et
3632 2031 3745 2085 alia
3764 2045 3937 2101 pecu-

2264 2136 2428 2191 liaris
2452 2134 2837 2189 Hebraeorum
2868 2128 3123 2200 phrasis,
3140 2140 3324 2198 quam
3351 2138 3465 2177 non
3492 2136 3625 2176 raro
3643 2118 3937 2176 aemulan-

2266 2231 2358 2281 tur
2388 2222 2782 2292 evangelista,
2816 2235 2932 2290 qua
2960 2232 3070 2289 pro
3120 2214 3376 2286 epitheto
3399 2212 3517 2267 sive
3564 2209 3797 2264 nomine
3829 2209 3936 2265 ad—

2260 2314 2492 2387 jectivo,
2532 2312 2749 2368 addunt
2778 2306 3108 2380 genitivum
3138 2301 3591 2363 substantivum,
3624 2300 3883 2353 dicentes
3919 2312 3931 2349 :

2268 2404 2423 2459 Deus
2447 2402 2622 2472 pacis,
2645 2393 3373 2463 misericordiajustitire,
3400 2388 3668 2452 ultionis,
3693 2388 3808 2442 hoc
3822 2392 3935 2449 est,

2266 2491 2565 2565 pacificus,
2599 2486 2940 2549 misericors,
2962 2484 3173 2555 justus,
3227 2479 3504 2535 ulciscens
3538 2496 3549 2529 :
3581 2478 3676 2533 lea:
3702 2475 3934 2537 mortis,

2268 2564 2326 2636 id
2353 2585 2437 2636 est
2490 2576 2786 2633 mortifera
2819 2573 2973 2642 ;ﬁlii
3026 2569 3449 2632 inobedientite,
3492 2564 3887 2621 inobedientes
3923 2578 3937 2627 ',

2257 2671 2450 2741 judex
2462 2667 2818 2740 iniquitatis,
2833 2664 3095 2734 iniquus,
3111 2674 3442 2716 mammona
3462 2654 3809 2726 iniquitatis,
3826 2651 3941 2705 ini-

2268 2774 2458 2829 quum
2484 2776 2495 2823 ;
2528 2772 2633 2810 vom
2649 2752 2975 2819 clamantis,
3004 2750 3271 2803 clamans
3293 2764 3306 2812 ;
3331 2744 3600 2801 fortassis
3631 2748 3686 2797 et
3718 2754 3938 2796 merces

2266 2844 2622 2918 iniquitatis,
2658 2842 2885 2913 iniqua.
2917 2840 3009 2895 Sic
3033 2837 3211 2893 Judas
3233 2835 3447 2890 dicitur
3470 2832 3633 2901 ﬁlius
3651 2829 3934 2900 perditio-

2266 2936 2378 2999 nis,
2415 2934 2520 2987 hoc
2546 2935 2631 2987 est
2660 2929 2934 3002 perditus,
2956 2927 3190 2997 aliaque
3213 2924 3549 2979 innumera.
3583 2921 3642 2974 Id
3674 2918 3941 2989 plerum-

2265 3039 2382 3095 que
2421 3022 2734 3078 immutare
2784 3034 2902 3075 non
2946 3014 3106 3070 licuit
3161 3017 3393 3083 prepter
3450 3009 3701 3066 auctoris
3748 3008 3938 3063 nostri

2266 3112 2506 3177 scholia,
2527 3126 2659 3182 quae
2688 3108 2927 3163 litteram
2962 3120 3061 3175 per
3080 3102 3411 3173 genitivum
3433 3099 3932 3170 interpretantur:

2264 3201 2552 3257 interdum
2580 3213 2809 3269 quoque
2828 3211 2945 3249 non
2968 3193 3151 3255 libuit,
3181 3190 3341 3262 quod
3382 3189 3543 3260 apud
3572 3203 3777 3242 omnes
3799 3185 3937 3255 jam

2262 3291 2402 3347 olim
2432 3288 2549 3343 alia
2585 3289 2822 3357 recepta
2854 3287 3003 3338 esset
3041 3279 3336 3335 sententia.

2333 3380 2419 3433 Ad
2446 3378 2572 3432 haec
2599 3374 2786 3429 solent
2812 3372 3043 3427 Hebraei
3067 3371 3215 3424 hanc
3249 3368 3561 3425 dictionem
3579 3364 3808 3421 verbum
3825 3368 3937 3419 aut

2260 3484 2451 3525 sermo
2483 3482 2590 3537 pro
2618 3481 2676 3519 re
2701 3463 2791 3517 vel
2827 3461 2977 3516 facto
3006 3474 3219 3530 ponere
3253 3475 3265 3511 :
3303 3455 3463 3528 quod
3496 3456 3555 3509 in
3588 3453 3777 3509 Veteri
3808 3453 3939 3522 qui-

2261 3560 2395 3611 dem
2410 3555 2784 3611 Testamento
2807 3548 3339 3619 frequentissimum
3357 3549 3463 3609 est,
3489 3549 3553 3603 ut
3570 3560 3699 3598 cum
3720 3541 3939 3596 dicitur

2258 3646 2397 3728 (Isa.
2429 3643 2521 3713 39)
2564 3658 2575 3696 :
2607 3642 2743 3695 Non
2764 3639 2880 3708 fuit
2912 3637 3151 3692 verbum
3182 3634 3341 3704 quod
3368 3650 3486 3688 non
3505 3630 3827 3687 ostenderit
3849 3630 3939 3685 eis

2257 3718 2538 3789 Ezechias
2568 3732 2630 3783 in
2665 3730 2830 3783 domo
2859 3741 2989 3788 sua,
3049 3724 3143 3778 ubi
3196 3727 3399 3778 tamen
3458 3719 3632 3791 paulo
3689 3718 3938 3774 inferius

2257 3819 2621 3891 subsequitur
2654 3833 2666 3869 :
2730 3816 2865 3872 Non
2902 3815 3025 3884 fuit
3059 3829 3150 3867 res
3194 3827 3365 3881 quam
3407 3808 3727 3865 ostenderet
3759 3808 3839 3863 eis
3872 3808 3937 3862 in

2256 3909 2545 3965 thesauris
2577 3908 2747 3961 meis.
2778 3907 2843 3959 Et
2890 3902 3025 3957 alibi
3057 3902 3284 3971 (IIReg.
3341 3900 3378 3969 ι)
3418 3915 3557 3954 eum
3598 3898 3681 3951 ait
3746 3895 3934 3951 David

2256 4014 2459 4070 puero,
2494 3996 2675 4066 quiex
2699 3992 2908 4048 castris
2932 3988 3106 4045 Israel
3126 4006 3185 4043 se
3239 3986 3456 4056 fugisse
3478 3986 3725 4042 dicebat.
3764 3984 3935 4050 Quod

2257 4093 2337 4144 est
2362 4085 2597 4143 verbum
2628 4082 2784 4152 quod
2812 4082 3042 4149 factum
3056 4084 3137 4134 est
3162 4078 3188 4132 ‘2
3218 4076 3423 4132 indica
3448 4074 3600 4130 mihi
3633 4091 3646 4141 ;
3676 4080 3731 4129 et
3760 4073 3936 4128 innu—

2257 4176 2421 4231 meris
2446 4173 2572 4228 aliis
2629 4171 2688 4225 in
2743 4170 2907 4225 locis.
2941 4168 3088 4222 Idem
3122 4166 3179 4220 in
3210 4168 3370 4220 Novo
3441 4179 3683 4235 quoque
3728 4165 3937 4218 Testa-

2256 4269 2451 4321 mento
2507 4261 2723 4332 passim
2752 4256 2941 4329 (Marci
2978 4273 3015 4320 ι,
3050 4257 3170 4310 Luc
3200 4271 3236 4320 ι,
3286 4270 3344 4321 u,
3399 4252 3475 4323 ιν)
3503 4268 3615 4307 usu
3647 4250 3825 4316 venit,
3863 4255 3936 4306 ut

2257 4370 2388 4409 cum
2442 4352 2708 4421 leprosus
2759 4349 2995 4401 curatus
3045 4343 3454 4399 disseminasse
3520 4340 3730 4396 dicitur
3783 4340 3929 4395 Ser-

2255 4457 2511 4499 monem.
2547 4442 2613 4494 Et
2670 4434 3139 4508 frequentissime
3168 4432 3329 4503 apud
3364 4433 3574 4486 Lucam
3604 4447 3621 4499 ;
3650 4430 3785 4485 Non
3814 4431 3936 4484 erit

2254 4529 2616 4601 impossibile
2631 4528 2749 4582 Deo
2774 4541 2932 4582 omne
2947 4522 3200 4581 verbum.
3244 4520 3544 4576 Videamus
3566 4519 3675 4574 hoc
3689 4517 3934 4574 verbum

2252 4621 2411 4693 quod
2428 4620 2661 4689 factum
2690 4622 2793 4671 est.
2825 4645 2893 4654 —
2921 4613 3084 4678 Quod
3102 4610 3305 4667 esthoc
3334 4610 3589 4671 verbum,
3611 4607 3765 4679 quod
3795 4622 3934 4664 cum

2254 4709 2591 4766 auctoritate
2620 4721 2691 4762 ac
2710 4708 2997 4773 potestate
3026 4701 3278 4770 imperat
3308 4698 3610 4767 spiritibus
3643 4700 3669 4752 ?
3694 4699 3760 4754 Et
3790 4695 3933 4750 alibi

2256 4800 2619 4871 frequenter.
2671 4795 2855 4859 Quam
2889 4797 3094 4847 tamen
3120 4789 3493 4844 Hebraeorum
3526 4784 3791 4858 phrasim
3823 4800 3932 4840 au-

2254 4896 2381 4944 ctor
2410 4890 2609 4943 noster
2630 4884 2977 4955 plerumque
3016 4894 3133 4934 non
3166 4878 3390 4933 videtur
3422 4873 3926 4943 animadvertisse,

2256 4978 2401 5031 sicut
2422 4991 2529 5030 nec
2562 4972 2982 5043 praecedentem
3008 4966 3208 5038 :quod
3230 4965 3507 5021 Hebraice
3523 4980 3634 5019 non
3666 4962 3927 5033 calleret,

2256 5068 2357 5123 sed
2389 5070 2614 5120 tantum
2644 5064 2857 5117 Greece.
2888 5062 3076 5129 Atque
3104 5057 3174 5110 ob
3196 5056 3250 5111 id
3281 5072 3516 5128 quoque
3547 5055 3737 5110 citans
3759 5052 3930 5125 quip-

2256 5158 2415 5228 piam
2428 5170 2498 5209 ex
2512 5152 2700 5208 Veteri
2716 5150 3113 5213 Testamento,
3130 5146 3386 5215 semperj
3398 5150 3531 5201 uxta
3544 5142 3931 5215 Septuaginta

2256 5244 2471 5316 profert
2488 5243 2855 5310 Interpretes.
2876 5235 3165 5291 Caeterum
3197 5234 3301 5289 etsi
3317 5235 3536 5288 cunctis
3553 5232 3929 5287 manifestum

2256 5336 2327 5391 sit
2341 5350 2435 5389 me
2450 5332 2827 5401 interpretem
2844 5331 3073 5382 tantum
3089 5323 3536 5394 agere,nihilque
3550 5324 3712 5394 quod
3724 5335 3929 5376 meum

2255 5424 2326 5478 sit
2355 5424 2543 5481 edere,
2580 5420 2699 5473 sive
2755 5416 2895 5469 illud
2942 5413 3395 5484 approbandum
3452 5412 3543 5475 sit,
3578 5411 3696 5464 sive
3728 5424 3927 5478 repro-

2257 5512 2529 5570 bandum
2573 5526 2583 5563 :
2620 5523 2693 5563 ne
2724 5505 2856 5578 quis
2921 5508 3122 5558 tamen
3153 5502 3308 5558 hunc
3339 5506 3641 5558 auctorem
3678 5497 3929 5556 minoris

2259 5603 2453 5667 faciat,
2486 5598 2650 5671 quod
2678 5613 2793 5653 uno
2823 5597 2928 5652 aut
2960 5594 3135 5649 altero
3168 5593 3223 5647 in
3251 5592 3383 5648 loco
3421 5608 3459 5649 a
3487 5589 3793 5647 communi
3822 5590 3928 5645 La-
