4110 6386
161 408 224 470 45
1696 401 2091 462 ΡΗᾹΞΡἊΤΙΟ.
3537 410 3607 469 46

158 538 416 593 tinorum
450 535 893 610 theologorum
918 534 1195 606 opinione
1218 531 1525 589 dissentire
1544 531 1837 596 videatur,
1868 535 1917 587 Α
1949 547 2061 603 que
2089 548 2202 590 esse
2226 533 2540 591 subsistens
2568 533 2736 592 habet
2776 550 2851 593 ex
2882 530 3061 593 Patre
3088 534 3269 592 simul
3307 543 3360 593 et
3416 537 3606 594 Filio:

157 626 694 698 quemadmodum
716 632 773 681 et
798 624 889 680 alii
912 623 1096 680 Graeci
1122 642 1135 676 :
1164 638 1382 695 nempe
1405 621 1478 676 de
1498 621 1594 676 die
1618 620 1839 675 mensis

156 729 271 785 quo
302 714 575 769 Christus
610 713 933 786 mysticam
964 711 1351 767 celebraverit
1389 711 1656 777 Coenam,
1684 714 1740 763 et
1764 708 1838 762 de

158 802 459 858 bonorum
488 819 560 858 ac
580 802 886 858 malorum
903 800 1289 857 retributione
1312 814 1565 871 operum
1590 817 1601 856 :
1640 803 1838 852 utrum

160 892 361 947 statim
394 892 756 964 acujusque
789 896 967 945 morte
1004 888 1127 952 ﬁat,
1163 902 1241 943 an
1299 886 1376 943 ad
1437 886 1597 942 diem
1651 901 1839 955 usque

162 983 452 1057 postremi
463 980 679 1051 judicii
694 976 1540 1049 differatur,quemadmodum
1556 974 1697 1030 olim
1711 989 1835 1029 sen-

160 1076 368 1128 serunt
383 1069 599 1124 Graeci.
638 1069 719 1123 De
749 1067 965 1140 Spiritu
995 1071 1204 1121 sancto
1218 1078 1460 1137 quoque
1475 1063 1633 1135 quod
1658 1060 1840 1117 asolo

162 1162 344 1220 Patre
368 1161 681 1231 procedat,
706 1157 814 1212 etsi
828 1156 887 1213 id
901 1168 1201 1227 nusquam
1218 1152 1378 1209 dicat
1401 1158 1600 1207 auctor
1620 1155 1836 1214 noster,

160 1251 326 1306 idem
356 1255 569 1304 tamen
598 1262 739 1301 cum
771 1243 995 1300 caeteris
1021 1242 1238 1299 Graecis
1269 1241 1531 1296 sensisse
1584 1239 1837 1303 videtur,

162 1356 306 1394 cum
335 1336 527 1392 semel
561 1341 744 1409 atque
773 1333 990 1389 iterum
1028 1332 1189 1387 dicat
1221 1330 1390 1385 illum
1432 1346 1468 1385 a
1504 1332 1670 1384 Patre
1711 1342 1843 1399 pro-

162 1428 404 1493 cedere,
440 1424 609 1481 nulla
642 1424 764 1479 Filii
820 1424 973 1478 facta
1004 1419 1331 1476 mentione.
1372 1421 1435 1474 Et
1485 1432 1841 1490 quanquam

164 1513 728 1591 praedictisinlocis,
760 1510 1073 1581 marginali
1098 1506 1586 1566 adnotatiuncula
1616 1511 1669 1561 te
1695 1521 1842 1576 prae-

163 1605 591 1669 munierimus,
644 1600 898 1658 candide
946 1598 1125 1654 lector
1160 1614 1172 1651 :
1208 1596 1287 1652 ob
1324 1595 1446 1651 duo
1486 1600 1686 1649 tamen
1740 1592 1842 1649 illa

163 1694 510 1768 posteriora
558 1690 658 1747 tibi
693 1687 1192 1763 perpendendum
1240 1690 1347 1750 est,
1413 1684 1577 1757 quod
1634 1686 1842 1737 auctor

164 1789 373 1841 noster
398 1782 607 1838 multis
640 1779 851 1852 procul
876 1778 1062 1833 dubio
1102 1776 1272 1831 annis
1313 1781 1582 1844 tempora
1612 1770 1841 1827 concilii

1949 627 2000 677 et
2027 636 2102 677 ex
2118 628 2363 695 utroque
2386 625 2752 684 aeternaliter
2774 632 3052 698 tanquam
3089 627 3164 683 ab
3186 628 3609 697 unoprincipio

1948 716 2002 765 et
2018 712 2189 766 unica
2199 713 2528 781 spiratione
2538 715 2809 783 procedit.
2824 717 3202 772 Declarantes
3216 716 3365 787 quod
3378 717 3437 770 id
3448 718 3609 787 quod

1949 800 2137 855 sancti
2146 800 2410 858 doctores
2425 810 2477 859 et
2502 805 2709 859 Patres
2726 804 2955 872 dicunt,
2972 820 3040 860 ea:
3056 808 3239 861 Patre
3258 822 3369 874 per
3379 805 3607 861 Filium

1947 890 2260 957 procedere
2288 889 2572 960 Spiritum
2586 899 2868 957 sanctum,
2892 893 2970 947 ad
2991 894 3147 949 hanc
3164 895 3605 965 intelligentiam

1951 978 2155 1041 tendit,
2168 985 2241 1034 ut
2260 981 2488 1047 perhoc
2505 982 2867 1052 signiﬁcetur
2893 982 3107 1037 Filium
3124 998 3354 1054 quoque
3379 999 3497 1039 esse
3518 999 3607 1039 se-

1951 1066 2201 1122 cundum
2222 1069 2451 1124 Graecos
2479 1070 2713 1140 quidem
2740 1086 3004 1137 causam,
3026 1071 3339 1127 secundum
3366 1073 3605 1127 Latinos

1950 1169 2087 1210 vero
2099 1157 2465 1227 principium
2486 1157 2873 1214 subsistentia?
2890 1160 3152 1229 Spiritus
3171 1160 3365 1216 sancti
3388 1161 3539 1215 sicut
3553 1166 3608 1215 et

1951 1244 2208 1300 Patrem.
2235 1246 2311 1299 Et
2335 1248 2618 1316 quoniam
2660 1248 2858 1303 omnia
2885 1263 3017 1319 quae
3056 1248 3254 1303 Patris
3290 1254 3447 1315 sunt,
3483 1250 3607 1317 ipse

1950 1332 2124 1388 Pater
2136 1335 2437 1404 unigenito
2460 1334 2613 1390 Filio
2626 1352 2730 1391 suo
2741 1338 3035 1407 gignendo
3063 1337 3240 1401 dedit,
3258 1344 3475 1408 praeter
3490 1354 3611 1394 esse

1950 1420 2184 1478 Patrem
2196 1467 2210 1490 ,
2231 1424 2339 1477 hoc
2355 1424 2540 1491 ipsum
2554 1425 2713 1496 quod
2724 1424 2986 1493 Spiritus
2998 1432 3241 1481 sanctus
3258 1427 3517 1494 procedit
3535 1443 3609 1483 ex

1950 1511 2118 1576 Filio,
2148 1515 2268 1580 ipse
2295 1512 2489 1568 Filius
2530 1529 2567 1569 a
2616 1514 2792 1569 Patre
2818 1516 3185 1570 aeternaliter
3212 1516 3401 1580 habet,
3436 1531 3472 1571 a
3497 1531 3605 1585 quo

1951 1602 2308 1655 zternaliter
2334 1601 2507 1657 etiam
2530 1603 2759 1672 genitus
2783 1608 2887 1658 est.
2917 1602 3235 1672 Deﬁnimus
3257 1604 3608 1671 insuperex-

1949 1688 2317 1757 plicationem
2348 1690 2584 1746 illorum
2619 1690 2944 1757 verborum,
2993 1691 3277 1764 Filioque,
3337 1693 3607 1748 veritatis

1950 1777 2333 1833 declaranda
2346 1780 2549 1847 gratia
2571 1787 2624 1833 et
2649 1781 2985 1835 imminente
2998 1785 3140 1835 tunc
3156 1782 3513 1846 necessitate,
3540 1780 3603 1835 li-

166 1872 492 1931 [-‘lorentini
552 1867 959 1943 praecesserit:
1013 1866 1071 1920 in
1111 1880 1233 1936 quo
1301 1861 1597 1932 Eugenius
1646 1858 1841 1915 Ponti-
1873 1885 1915 1939 Β
1951 1868 2066 1921 cite
2098 1882 2170 1921 ac
2192 1866 2625 1923 rationabiliter
2652 1868 2915 1938 symbolo
2950 1868 3137 1936 fuisse
3166 1874 3510 1938 appositam.
3540 1872 3605 1923 Et

166 1963 259 2019 {ex
304 1963 393 2026 IV,
438 1958 848 2017 consentiente
910 1955 1269 2027 imperatore
1299 1948 1842 2020 ConstantinOpoli-

170 2057 336 2119 tano,
368 2056 426 2106 et
454 2049 589 2105 loca
611 2044 951 2104 tenentibus
979 2038 1842 2117 patriarcharum,casterisque

172 2139 504 2195 Ecclesiam
538 2134 901 2194 Orientalem
938 2128 1513 2204 repraesentantibus,
1548 2144 1708 2184 anno
1738 2127 1842 2182 Do-

171 2228 409 2283 minicas
442 2222 879 2281 Incarnationis
930 2221 1089 2286 1439,
1120 2218 1309 2292 pridie
1338 2221 1535 2274 Nonas
1566 2215 1720 2280 Julii,
1749 2216 1840 2269 sui

168 2316 561 2387 pontiﬁcatus
586 2327 746 2368 anno
773 2322 958 2374 nono,
980 2309 1205 2365 litteras
1230 2312 1449 2362 sanctae
1481 2303 1640 2359 dedit
1672 2302 1840 2357 unio-

168 2404 284 2469 nis,
327 2403 554 2477 quibus
585 2399 851 2474 praedicti
872 2413 1082 2455 omnes
1122 2412 1233 2452 sua
1256 2395 1506 2451 nomina
1543 2391 1842 2463 subscrip-

168 2499 402 2557 serunt,
434 2493 568 2548 htec
593 2491 742 2546 inter
764 2491 980 2544 caetera
1021 2486 1413 2542 continentes.

237 2583 573 2640 Convenien
586 2586 667 2635 tes
697 2576 899 2633 Latini
917 2582 970 2633 et
995 2575 1188 2633 Graeci
1213 2575 1274 2629 in
1307 2573 1416 2629 hac
1462 2576 1843 2628 sacrosancta

169 2670 535 2729 arcumenica
548 2669 802 2737 synodo,
836 2680 1050 2738 magno
1080 2663 1279 2719 studio
1293 2662 1542 2718 invicem
1569 2660 1663 2715 usi
1680 2665 1841 2722 sunt,

169 2768 233 2817 ut
256 2762 417 2815 inter
445 2759 566 2814 alia
593 2758 772 2813 etiam
800 2756 1097 2812 articulus
1124 2753 1229 2808 ille
1253 2751 1325 2808 de
1349 2750 1555 2806 divina
1579 2749 1844 2819 Spiritus

168 2849 367 2906 sancti
380 2846 783 2918 processione,
799 2860 1028 2901 summa
1047 2858 1171 2897 cum
1189 2841 1500 2911 diligentia
1526 2845 1580 2895 et
1608 2838 1846 2894 assidua

168 2938 553 3010 inquisitione
573 2935 975 2991 discuteretur.
994 2930 1245 2987 Prolatis
1262 2940 1392 2985 vero
1414 2926 1753 2985 testimoniis
1770 2942 1846 2983 ex

171 3028 387 3083 divinis
402 3024 754 3095 Scripturis,
762 3022 1145 3093 plurimisque
1156 3017 1604 3076 auctoritatibus
1616 3032 1722 3071 san
1730 3020 1844 3071 cto-

172 3134 305 3172 rum
330 3116 633 3171 doctorum
663 3109 1061 3167 Orientalium
1102 3114 1155 3165 et
1193 3106 1663 3164 Occidentalium
1693 3120 1704 3159 :
1734 3104 1844 3160 ali-

170 3204 383 3277 quibus
397 3202 629 3275 quidem
662 3216 732 3257 ea:
755 3202 932 3255 Patre
956 3204 1011 3255 et
1031 3196 1208 3261 Filio,
1238 3195 1587 3268 quibusdam
1621 3208 1754 3249 vero
1771 3205 1846 3249 ex

172 3294 353 3351 Patre
359 3308 468 3365 per
489 3291 718 3347 Filium
730 3288 1035 3361 procedere
1045 3286 1377 3343 dicentibus
1394 3283 1689 3354 Spiritum
1711 3298 1845 3339 san-

172 3391 357 3451 ctum,
374 3388 431 3439 et
446 3382 532 3437 ad
549 3380 810 3438 eamdem
822 3375 1278 3447 intelligentiam
1296 3373 1709 3442 aspicientibus
1727 3388 1844 3428 om-

172 3475 353 3529 nibus
366 3471 478 3527 sub
503 3469 745 3526 diversis
766 3466 1081 3523 vocabulis.
1105 3467 1297 3521 Graeci
1325 3464 1557 3534 quidem
1589 3476 1845 3517 asserue-

174 3570 317 3618 runt
344 3560 507 3631 quod
526 3558 584 3613 id
599 3557 747 3628 quod
765 3556 975 3611 dicunt
998 3554 1283 3624 Spiritum
1296 3560 1562 3608 sanctum
1584 3564 1657 3606 ex
1668 3550 1847 3607 Patre

172 3650 521 3720 procedere,
542 3663 663 3702 non
693 3647 801 3701 hac
831 3648 1019 3700 mente
1038 3642 1404 3713 proferrent,
1437 3644 1501 3694 ut
1526 3640 1845 3695 excludant

174 3739 427 3802 Filium,
461 3736 567 3792 sed
606 3734 747 3806 quia
786 3734 868 3790 eis
913 3731 1239 3792 videbatur,
1290 3736 1354 3784 ut
1382 3730 1575 3795 aiunt,
1610 3729 1849 3784 Latinos

176 3842 439 3883 asserere
453 3825 749 3894 Spiritum
766 3828 1040 3878 sanctum
1061 3835 1135 3876 ea:
1153 3821 1336 3875 Patre
1361 3818 1635 3889 Filioque
1654 3834 1849 3888 proce-

177 3917 337 3979 dere,
359 3924 654 3985 tanquam
674 3927 748 3969 ea:
772 3910 995 3967 duobus
1008 3909 1319 3980 principiis
1339 3914 1390 3963 et
1413 3908 1638 3963 duabus
1659 3907 1851 3978 spira-

180 4006 457 4069 tionibus,
496 4004 625 4060 ideo
645 4002 1051 4059 abstinuerunt
1072 4013 1109 4054 a
1137 3995 1380 4053 dicendo
1416 3996 1563 4068 quod
1586 3996 1850 4065 Spiritus

180 4099 426 4152 sanctus
458 4109 532 4149 ea:
557 4091 733 4147 Patre
763 4088 1034 4160 procedat
1088 4101 1161 4143 ex
1214 4086 1374 4142 Filio
1403 4104 1423 4140 :
1481 4086 1673 4140 Latini
1717 4100 1849 4141 vero

181 4185 647 4254 afﬁrmaverunt
661 4195 780 4235 non
794 4195 853 4234 se
870 4178 984 4234 hac
996 4183 1186 4231 mente
1201 4175 1397 4231 dicere
1407 4174 1697 4243 Spiritum
1711 4190 1852 4229 san-

183 4282 343 4329 ctum
367 4286 443 4328 ex
466 4271 630 4327 Filio
645 4268 974 4339 procedere,
1000 4272 1066 4321 ut
1088 4263 1402 4320 excludant
1425 4263 1685 4326 Patrem,
1706 4264 1851 4334 quin

181 4364 255 4418 sit
279 4364 423 4431 fons
454 4375 529 4415 ac
550 4357 912 4428 principium
938 4357 1115 4411 totius
1149 4352 1406 4416 Deitatis,
1440 4352 1586 4408 Filii
1632 4353 1853 4409 scilicet

182 4460 235 4509 et
263 4450 528 4523 Spiritus
553 4446 759 4509 sancti,
787 4450 892 4502 aut
911 4445 1062 4516 quod
1088 4442 1153 4498 id
1163 4441 1315 4513 quod
1336 4441 1601 4510 Spiritus
1622 4448 1853 4497 sanctus

182 4540 450 4611 procedit
484 4553 560 4595 ea:
587 4537 769 4601 Filio,
800 4534 995 4591 Filius
1025 4548 1062 4589 a
1092 4534 1276 4588 Patre
1314 4548 1436 4587 non
1468 4531 1702 4597 habeat,
1735 4534 1856 4587 sive

184 4632 337 4702 quod
351 4629 472 4684 duo
497 4623 1032 4699 ponantprincipia
1053 4636 1153 4678 seu
1176 4620 1321 4677 duas
1350 4620 1719 4689 spirationes,
1759 4621 1855 4675 sed

188 4728 249 4775 ut
264 4734 456 4775 unum
468 4722 697 4771 tantum
712 4718 988 4771 asserunt
1003 4727 1121 4767 esse
1134 4710 1489 4779 principium
1506 4709 1856 4779 unicumque

184 4811 341 4879 spira
350 4808 572 4862 tionem
594 4802 859 4873 Spiritus
874 4800 1082 4865 sancti,
1099 4804 1279 4867 prout
1303 4799 1584 4854 hactenus
1601 4814 1858 4853 asserue-

185 4906 364 4955 runt:
399 4904 455 4953 et
489 4910 624 4951 cum
647 4908 719 4948 ea:
739 4892 829 4948 his
848 4889 1117 4945 omnibus
1148 4903 1295 4942 unus
1320 4891 1370 4943 et
1398 4887 1549 4942 idem
1588 4888 1860 4943 eliciatur

188 4987 459 5045 veritatis
489 4997 713 5044 sensus,
737 4980 965 5036 tandem
996 4980 1059 5033 in
1090 4976 1255 5045 infra
1284 4976 1570 5045 scriptam
1602 4984 1857 5032 sanctam

188 5079 295 5133 Deo
346 5072 672 5131 amabilem
696 5069 887 5125 eodem
939 5082 1109 5123 sensu
1131 5065 1439 5135 eademque
1463 5073 1656 5120 mente
1693 5067 1861 5119 unio-

188 5184 335 5233 nem,
360 5162 741 5220 unanimiter
756 5157 1203 5214 concorda‘runt
1234 5160 1288 5211 et
1320 5157 1775 5217 consenserunt;
1799 5154 1857 5206 in

186 5258 422 5313 nomine
450 5254 643 5325 igitur
686 5256 902 5305 sanctae
950 5244 1277 5308 Trinitatis,
1316 5238 1517 5299 Patris
1554 5247 1607 5299 et
1636 5241 1777 5298 Filii
1804 5251 1860 5298 et

189 5340 677 5416 Spiritussanrti,
694 5340 807 5395 hoc
818 5351 987 5393 sacro
1002 5332 1335 5390 universali
1344 5331 1719 5401 approbante
1731 5332 1863 5387 Flo-

191 5437 421 5493 rentino
470 5429 728 5489 concilio
758 5425 1089 5494 deﬁnimus,
1118 5426 1182 5478 ut
1227 5422 1345 5478 haec
1368 5421 1509 5490 ﬁdei
1538 5420 1751 5476 veritas
1791 5420 1861 5475 ab

194 5526 449 5581 omnibus
478 5515 853 5580 Christianis
878 5512 1154 5569 credatur
1180 5518 1232 5567 et
1263 5510 1633 5579 suscipiatur,
1664 5510 1863 5581 sicque

196 5631 375 5672 omnes
402 5610 820 5686 profiteantur
844 5620 855 5656 :
886 5602 1035 5673 quod
1060 5600 1322 5670 Spiritus
1336 5604 1574 5655 sanctus
1589 5612 1664 5654 ex
1680 5599 1864 5654 Patre

195 5718 239 5759 et
260 5706 409 5761 Filio
440 5698 824 5758 cetemalite‘r
849 5698 951 5763 est,
992 5697 1044 5747 et
1102 5690 1399 5745 essentiam
1451 5702 1641 5751 suam,
1672 5703 1863 5743 suum-

1950 1953 2105 2009 infra
2130 1954 2203 2008 de
2229 1970 2478 2025 operum
2505 1955 2889 2011 retributione
2938 1956 3250 2027 subjungit
3284 1974 3295 2011 :
3329 1958 3607 2015 Illorum-

1950 2058 2061 2114 que
2084 2044 2316 2099 animas
2336 2045 2435 2115 qui
2438 2050 2567 2116 post
2589 2043 2877 2113 baptisma
2890 2051 3217 2114 susceptum
3238 2048 3468 2102 nullam
3491 2064 3611 2104 om-

1950 2134 2090 2187 nino
2120 2133 2344 2203 peccati
2368 2134 2663 2188 maculam
2681 2134 3084 2198 incurrerunt,
3116 2136 3257 2191 ittas
3280 2137 3456 2192 etiam
3482 2153 3605 2207 qua:

1949 2227 2075 2289 post
2092 2227 2459 2277 contractam
2468 2222 2697 2289 peccati
2716 2223 3033 2292 maculam,
3058 2224 3152 2279 vel
3171 2224 3225 2277 in
3259 2225 3375 2279 suis
3406 2241 3609 2294 corpo-

1950 2308 2135 2373 ribus,
2162 2310 2253 2365 vel
2277 2309 2489 2365 eisdem
2516 2317 2702 2365 exutee
2719 2310 3083 2380 corporibus,
3116 2313 3178 2367 in
3203 2315 3615 2383 pcenispurga-

1954 2399 2112 2463 torii,
2134 2404 2311 2468 prout
2340 2400 2612 2467 superius
2656 2397 2875 2455 dictum
2903 2406 3003 2465 est,
3049 2407 3187 2455 sunt
3226 2409 3514 2472 purgatae,
3547 2405 3613 2458 in

1952 2489 2155 2544 cretum
2184 2502 2324 2543 mox
2348 2488 2553 2557 recipi,
2586 2492 2637 2544 et
2650 2487 2874 2545 intueri
2893 2490 3060 2545 clare
3082 2489 3272 2558 ipsum
3298 2490 3485 2547 Deum
3511 2492 3613 2547 tri-

1952 2593 2092 2632 num
2109 2584 2168 2632 et
2190 2593 2373 2631 unum
2397 2577 2568 2631 sicuti
2578 2584 2675 2643 est,
2696 2578 3043 2634 meritorum
3064 2585 3262 2635 tamen
3278 2580 3616 2637 diversitate

1954 2665 2139 2722 alium
2169 2665 2288 2721 alio
2312 2666 2647 2735 perfectius.
2670 2666 2916 2722 Illorum
2935 2673 3128 2724 autem
3149 2668 3394 2735 animas,
3425 2671 3527 2742 qui
3550 2670 3614 2726 in

1954 2754 2182 2810 actuali
2205 2755 2447 2810 mortali
2463 2762 2703 2824 peccato
2728 2756 2813 2811 vel
2837 2757 2961 2812 solo
2991 2758 3283 2827 originali
3303 2758 3605 2825 decedunt,

1953 2857 2094 2899 mox
2112 2846 2172 2898 in
2191 2844 2703 2913 infernum.pa2nis
2718 2852 2905 2901 tamen
2919 2845 3249 2916 disparibus
3257 2848 3613 2915 puniendas.

1954 2929 2134 2988 Porro
2158 2930 2225 2987 de
2251 2932 2448 3003 prima
2484 2927 2586 2987 illa
2642 2932 2977 2989 diversitate
3018 2934 3133 2989 diei
3182 2950 3303 3007 quo
3349 2937 3614 2992 Christus

1955 3034 2177 3088 agnum
2214 3018 2562 3090 paschalem
2592 3020 2796 3086 ederit,
2824 3025 2880 3076 et
2908 3020 2983 3075 de
3009 3038 3080 3078 eo
3109 3038 3232 3094 quo
3287 3039 3394 3095 pro
3433 3026 3610 3081 nobis

1954 3112 2222 3163 mortuus
2248 3108 2340 3172 sit,
2363 3107 2543 3179 longa
2569 3123 2807 3179 semper
2824 3109 2936 3164 fuit
2978 3108 3129 3165 inter
3168 3114 3400 3167 Grzecos
3431 3119 3486 3168 et
3510 3115 3613 3170 La-

1955 3198 2110 3253 tinos
2129 3196 2449 3260 contentio,
2468 3197 2805 3252 dicentibus
2829 3197 3043 3252 Graecis
3060 3198 3249 3267 ipsum
3263 3196 3615 3257 decimater-

1956 3288 2032 3342 tia
2068 3285 2211 3341 luna
2251 3301 2476 3355 agnum
2531 3286 2722 3341 edisse
2758 3284 3129 3358 paschalem,
3168 3304 3425 3360 passum
3479 3308 3617 3348 vero

1955 3375 2429 3448 decimaquarta,
2470 3379 2535 3431 ut
2578 3376 2795 3431 veritas
2832 3376 3224 3448 responderet
3278 3377 3519 3448 ﬁgurm:
3554 3387 3610 3437 et

1957 3470 2198 3537 propter
2224 3464 2365 3518 illud
2390 3464 2637 3519 Joannis
2665 3464 2863 3534 (Joan.
2894 3481 3055 3531 xvm,
3087 3466 3218 3538 29):
3251 3466 3327 3522 Et
3354 3468 3467 3536 ipsi
3502 3486 3611 3525 non

1955 3554 2318 3609 introierunt
2340 3554 2401 3608 in
2428 3554 2799 3623 praetorium,
2824 3570 2895 3611 ne
2912 3558 3484 3621 contaminarentur,
3514 3562 3615 3615 sed

1958 3642 2527 3699 utederentPascha.
2552 3645 2641 3700 Ac
2662 3643 3010 3713 illud(Joan.
3038 3660 3162 3700 χιι.
3193 3645 3278 3713 14)
3303 3662 3317 3713 ;
3348 3646 3619 3703 Eratau-

1959 3738 2069 3787 tem
2102 3732 2430 3787 Parasceve
2455 3733 2827 3801 paschae;et:
2862 3733 2953 3787 Ibi
2980 3748 3117 3803 ergo
3155 3742 3401 3803 propter
3427 3734 3619 3794 Para-

1958 3837 2164 3877 sceven
2199 3820 2575 3888 Iudaeorum,
2604 3825 2743 3891 quia
2769 3838 2941 3891 prope
2984 3829 3112 3878 erat
3155 3833 3615 3891 monumentum,

1959 3916 2281 3981 posuerunt
2321 3908 2538 3966 Iesum.
2594 3910 2904 3981 Siquidem
2948 3910 3047 3966 illa
3100 3911 3423 3969 Parasceve
3477 3915 3622 3972 nihil

1960 3999 2125 4056 aliud
2139 4004 2282 4063 erat,
2310 4014 2493 4070 quam
2515 3998 2642 4054 dies
2660 4000 3135 4071 przeparationis,
3166 4018 3288 4072 quo
3306 4017 3368 4059 se
3398 4019 3623 4075 praepa-

1960 4088 2175 4143 rabant
2199 4087 2388 4142 Judaei
2429 4086 2508 4141 ad
2537 4085 2841 4142 edendum
2874 4103 3098 4157 agnum
3135 4090 3497 4160 paschalem.
3518 4093 3624 4149 La-

1961 4177 2065 4231 tini
2097 4191 2233 4230 vero
2259 4180 2535 4230 asserunt
2565 4191 2703 4230 eum
2732 4176 3181 4247 decimaquarta
3211 4178 3357 4235 luna
3398 4196 3623 4250 agnum

1962 4265 2209 4337 quidem
2226 4265 2418 4320 edisse
2441 4264 2808 4337 paschalem,
2826 4268 2978 4321 sicut
3000 4272 3056 4320 et
3073 4272 3319 4322 cmteros
3349 4269 3617 4326 Iudaeos:

1963 4355 2105 4428 quia
2136 4359 2201 4409 ut
2242 4354 2423 4409 habet
2477 4354 2657 4409 etiam
2712 4355 2947 4409 Graecus
3003 4354 3494 4427 Chrysostomus,
3546 4361 3626 4416 ad

1965 4449 2218 4499 mortem
2264 4457 2450 4514 usque
2509 4457 2747 4513 semper
2794 4444 3050 4498 servavit
3106 4444 3338 4516 legem:
3374 4462 3625 4519 passum

1964 4548 2107 4589 vero
2138 4532 2305 4587 aiunt
2334 4530 2775 4602 decimaquinta
2815 4531 2980 4596 luna,
3020 4538 3255 4606 propter
3309 4536 3459 4593 alios
3508 4543 3627 4594 tres

1967 4619 2368 4689 evangelistas
2410 4620 2651 4689 (Matth.
2687 4637 2845 4687 xxvn;
2887 4621 3069 4678 Marc.
3098 4639 3228 4689 xw;
3284 4623 3426 4681 Luc.
3460 4630 3627 4699 χιιι.)

1967 4710 2071 4783 qui
2105 4716 2382 4765 astruunt
2414 4708 2596 4765 fuisse
2624 4710 2881 4780 primum
2916 4710 3075 4765 diem
3097 4728 3470 4783 azymorum,
3499 4733 3625 4788 quo

1971 4800 2230 4855 Christus
2243 4805 2539 4870 postrema
2552 4814 2612 4852 m
2632 4814 2865 4853 ccenam
2880 4816 3015 4854 cum
3033 4800 3345 4873 discipulis
3363 4805 3623 4862 celebra-

1968 4889 2071 4944 vit.
2106 4890 2171 4943 Et
2207 4889 2266 4942 hi
2298 4895 2495 4942 autem
2533 4891 2591 4941 et
2640 4886 2722 4941 illi
2773 4895 3212 4960 repugnantem
3262 4890 3626 4964 Scripturam

1968 4977 2201 5033 obtorto
2216 4975 2367 5031 collo
2381 4976 2607 5030 trahere
2622 4975 3069 5046 quodammodo
3082 4978 3353 5035 videntur
3366 4980 3444 5037 ad
3458 4998 3626 5037 suum

1969 5081 2237 5121 sensum.
2253 5066 2826 5135 QuaprOpteroperze
2840 5067 3093 5137 pretium
3114 5066 3381 5125 facturus
3396 5070 3623 5138 videor,

1970 5157 2018 5210 si
2045 5154 2205 5210 intui
2240 5153 2514 5224 gratiam,
2544 5153 2833 5209 benevole
2853 5155 3057 5220 lector,
3084 5157 3199 5212 hoc
3226 5157 3353 5213 loco
3370 5159 3629 5218 dilucide

1969 5243 2353 5308 adnotavero,
2381 5258 2514 5313 quae
2550 5242 2712 5297 varia
2743 5242 2988 5299 lectione
3027 5246 3371 5319 magnisque
3404 5250 3633 5307 sudori-

1968 5333 2084 5388 bus
2117 5331 2231 5388 hac
2258 5331 2331 5385 de
2364 5332 2499 5385 rein
2529 5332 2953 5403 compendium
2982 5333 3204 5404 redegi.
3236 5335 3501 5395 Primum
3528 5342 3634 5396 ita-

1968 5436 2086 5494 que
2112 5421 2447 5476 notandum
2478 5426 2583 5485 est,
2635 5420 2790 5493 quod
2829 5421 3124 5477 naturalis
3145 5423 3274 5479 dies
3316 5428 3479 5499 apud
3524 5430 3631 5484 Hc-

1970 5510 2167 5565 brzeos
2196 5508 2399 5581 incipit
2425 5509 2502 5565 ab
2525 5526 2746 5565 occasu
2769 5509 2921 5574 solis,
2943 5515 2999 5567 et
3023 5510 3240 5570 desinit
3263 5515 3323 5570 in
3361 5517 3629 5586 ejusdem

1972 5616 2244 5656 occasum
2273 5598 2388 5653 diei
2421 5598 2747 5670 sequentis,
2768 5599 2935 5668 juxta
2978 5600 3128 5656 illud
3159 5602 3328 5672 (Gen.
3364 5605 3404 5675 ι)
3435 5622 3445 5658 :
3482 5606 3633 5662 Fac-

1978 5697 2101 5744 tum
2129 5695 2207 5743 est
2242 5703 2471 5758 vespere
2509 5694 2563 5743 et
2608 5703 2779 5743 mane
2824 5688 2945 5744 dies
2981 5707 3148 5746 unus.
3190 5693 3401 5747 Mensis
3429 5710 3571 5749 vero
3596 5709 3633 5748 a
