4110 6418
494 379 560 430 4τ
2035 368 2433 424 PMJFATIo.
3857 379 3930 432 48

503 500 924 572 conjunctione
961 499 1160 554 media
1191 498 1606 569 luminarium;
1637 504 1693 555 et
1720 497 2158 567 durattriginta
2193 497 2239 550 Α
2268 512 2399 568 (Ιιὶἒὲ
2429 496 2522 552 die
2539 498 2783 554 Sabbati
2798 499 2988 554 facere
3008 499 3411 564 nonlicuisset,
3429 501 3644 571 septies
3673 500 3931 558 circum-

503 587 1070 652 diebus,duodecim
1107 589 1287 654 horis,
1317 588 1621 644 etduabus
1648 588 1832 643 tertiis
1857 587 2035 642 unius
2059 587 2158 641 ho-

506 695 584 733 rse
615 694 752 732 cum
784 676 972 731 tribus
1007 677 1270 746 minutis,
1303 695 1428 750 quae
1459 678 1803 749 supputatio
1836 675 2159 730 invariabi-

504 765 634 822 liter
663 764 988 821 conformis
1005 771 1095 820 est
1123 783 1252 818 cum
1292 766 1864 838 Ptolemmoaliisque
1897 769 2158 820 astrono-

505 854 620 910 mis
642 853 973 908 secundum
989 852 1246 908 medium
1264 853 1698 909 cursumlunte.
1721 858 1928 908 Annus
1959 857 2154 908 autem

507 941 816 998 exordium
845 941 1028 997 sumit
1053 943 1424 997 aNeomenia
1450 943 1570 997 sive
1599 942 1739 997 solis
1769 958 1838 997 ac
1859 943 2015 997 luna:
2047 940 2160 995 coi-

506 1032 662 1087 tione
689 1030 964 1100 proxima
994 1030 1352 1102 aequinoctio
1381 1031 1626 1099 vernali,
1673 1030 1999 1085 secundum
2042 1045 2160 1084 me-

508 1120 676 1175 dium
727 1135 972 1174 cursum
1023 1119 1160 1174 solis
1216 1123 1272 1173 et
1325 1119 1480 1173 lunae
1515 1119 1724 1190 (Levit.
1766 1135 1939 1184 xxiii;
1981 1119 2156 1174 Num.

507 1224 692 1264 xxvui
724 1212 779 1263 et
808 1207 990 1278 XXIX).
1023 1207 1312 1263 Praeterea
1337 1209 1540 1262 omnia
1581 1207 1732 1264 festa
1764 1207 2158 1271 Hebraaorum,

509 1312 645 1368 quin
672 1312 708 1350 a
741 1295 996 1350 Mosaica
1031 1294 1160 1363 lege
1199 1294 1516 1360 habentur,
1549 1300 1759 1367 praeter
1814 1294 2158 1366 Sabbatum,

509 1400 685 1440 suam
723 1383 1198 1438 numerationem
1233 1399 1301 1438 ac
1332 1384 1722 1439 variationem
1763 1400 1865 1454 per
1898 1384 2162 1438 diversos

506 1472 910 1528 hebdomadas
940 1471 1086 1538 dies,
1123 1478 1368 1526 sumunt
1410 1490 1443 1526 a
1502 1472 1692 1542 primo
1722 1472 1818 1527 die
1876 1473 2160 1543 praedictae.

510 1561 871 1623 Neomeniaa,
902 1576 1066 1632 aquo
1097 1561 1265 1630 juxta
1291 1560 1482 1630 legem
1515 1562 1721 1616 omnia
1743 1578 1852 1616 sua
1882 1560 2029 1615 festa
2056 1577 2162 1614 nu—

509 1653 744 1706 merant
783 1648 1034 1704 Hebrzei:
1069 1654 1205 1720 puta
1237 1649 1471 1705 decimo
1509 1651 1721 1721 quinto
1760 1648 1851 1704 die
1887 1649 2158 1720 ejusdem

509 1738 688 1811 primi
718 1739 941 1792 mensis
962 1737 1307 1794 fcstumerat
1338 1744 1784 1809 azymorum,et
1810 1738 1991 1809 pridie
2031 1738 2160 1807 ejus

2269 587 2467 641 eundo
2495 587 2675 641 altare
2700 604 2834 642 cum
2869 588 3209 660 palmarum
3239 589 3576 652 frondibus,
3607 591 3666 644 in
3700 607 3928 646 memo-

2268 675 2419 729 riam
2448 682 2635 745 capta':
2663 677 2894 730 Jericho
2937 677 3138 747 primte
3161 677 3431 742 civitatis,
3462 695 3645 749 quam
3679 679 3736 734 in
3770 683 3930 735 terra

2269 764 2688 834 promissionis
2717 765 2819 818 ﬁlii
2860 766 3032 820 lsrael
3063 766 3415 836 hujusmodi
3451 767 3788 838 septenaria
3819 769 3928 824 cir-

2270 849 2522 902 cuitione
2559 855 2860 920 ceperant,
2892 850 2948 904 in
2983 850 3093 905 hoc
3122 857 3410 921 praeterea
3453 851 3548 906 die
3579 851 3751 907 lectio
3777 869 3926 924 quo-

2269 937 2498 1008 queilla
2531 937 2854 992 Psalmistm
2880 939 3267 1010 (P.s'al.cxvu),
3306 939 3542 1011 publice
3568 940 3929 997 decantaba-

2270 1029 2390 1080 tur:
2416 1026 2674 1090 Obsecro,
2693 1027 2956 1095 Domine,
2972 1029 3164 1093 salva,
3181 1044 3372 1099 quaeso
3390 1046 3401 1082 :
3422 1029 3932 1100 obsecro,Domme

2264 1130 2540 1184 prospere
2565 1131 2708 1184 age:
2756 1117 3084 1171 benedictus
3115 1117 3213 1187 qui
3251 1119 3404 1172 venit
3455 1118 3518 1172 in
3559 1123 3792 1174 nemine
3822 1124 3932 1174 Do-

2269 1204 2432 1258 mini.
2477 1203 2624 1258 Nam
2656 1210 2710 1257 et
2741 1205 2897 1258 hanc
2924 1205 3408 1261 constitutionem
3427 1207 3652 1262 scimus
3687 1222 3932 1279 quoque

2271 1293 2331 1346 in
2375 1308 2484 1346 Usu
2517 1292 2696 1347 fuisse
2725 1292 3018 1357 Israelitis,
3048 1310 3188 1348 cum
3245 1296 3437 1350 adhuc
3470 1296 3530 1350 in
3587 1295 3932 1367 captivitate

2271 1386 2472 1435 essent
2522 1380 2894 1452 Babylonica.
2937 1383 3243 1454 Siquidem
3275 1399 3346 1438 ex
3380 1385 3678 1454 Thargum
3726 1385 3936 1440 Esther

2271 1469 2782 1542 colligimusquod
2805 1487 2876 1526 eo
2891 1471 2984 1526 die
3001 1473 3284 1527 secabant
3306 1472 3546 1527 frondes
3568 1474 3931 1545 palmarum,

2271 1561 2444 1627 atque
2472 1557 2871 1630 decerpebant
2900 1559 3083 1614 citrea
3123 1575 3318 1630 poma,
3348 1560 3780 1616 abscindebant
3805 1578 3934 1616 ros-

2271 1647 2594 1710 marinum,
2641 1653 2696 1701 et
2727 1647 3018 1702 faciebant
3077 1648 3190 1703 sibi
3244 1661 3479 1713 summa
3539 1650 3807 1705 hosana:
3851 1651 3937 1707 le-

2271 1734 2608 1806 gebantque
2641 1735 2695 1789 in
2743 1734 2908 1790 libris
2940 1737 3060 1790 suis
3089 1743 3143 1791 et
3182 1738 3457 1804 orabant,
3490 1738 3848 1794 ltetabautur
3872 1745 3937 1795 et

508 1827 646 1892 diei,
679 1826 735 1880 id
759 1832 846 1880 est
874 1826 1102 1880 decima
1124 1833 1338 1897 quarta
1368 1827 1512 1881 luna
1551 1826 1627 1881 ad
1662 1842 1995 1898 vesperam,
2026 1825 2159 1880 ede-
2195 1845 2233 1896 Β
2270 1824 2484 1880 hilares
2516 1831 2683 1880 erant
2711 1825 2766 1879 in
2802 1836 3036 1889 summa
3073 1827 3331 1896 hosana,
3379 1826 3686 1883 saltabant
3728 1834 3784 1884 et
3838 1847 3937 1884 ex-

504 1916 682 1972 batur
711 1931 906 1984 agnus
947 1914 1260 1986 paschalis.
1303 1917 1348 1969 A
1389 1915 1536 1970 festo
1567 1920 1766 1970 autem
1794 1919 2159 1986 Azymorum

505 2004 817 2062 transactis
832 2006 1055 2075 septem
1076 2003 1500 2068 hebdomadis,
1518 2006 1786 2076 sequenti
1807 2004 1920 2072 die,
1942 2020 2159 2074 nempe

505 2090 1034 2165 quinquagesimo,
1055 2091 1265 2147 festum
1290 2092 1865 2148 eratl’rimitivorum
1883 2092 2159 2147 sivel’en-

509 2185 776 2238 tecostes.
813 2182 955 2235 POSt
988 2196 1092 2234 58X
1115 2196 1255 2234 vero
1285 2196 1518 2236 menses
1542 2181 1781 2236 lunares
1807 2181 1885 2236 ab
1945 2182 2157 2236 eadem

506 2269 702 2340 prima
715 2265 1121 2332 Neomenia,id
1137 2273 1220 2321 est
1236 2273 1374 2338 post
1387 2273 1624 2322 centum
1641 2269 2018 2340 septuaginta
2030 2284 2158 2340 sep-

508 2365 626 2415 tem
679 2357 842 2422 dies;
908 2356 1180 2428 sequenti
1239 2357 1333 2411 die
1392 2361 1513 2412 erat
1561 2357 1779 2414 festum
1830 2358 2154 2421 Tubarum,

505 2463 722 2519 nempe
749 2446 808 2500 in
849 2443 1193 2508 Neomenia,
1229 2445 1502 2516 proxima
1527 2447 1884 2518 aequinoctio
1926 2452 2157 2502 autum-

505 2536 651 2592 nali.
683 2534 920 2589 Decimo
952 2533 1090 2589 inde
1117 2532 1214 2588 die
1246 2533 1464 2588 festum
1492 2534 1860 2606 Expiationis
1907 2535 2156 2591 celeber-

505 2626 747 2681 rimum.
779 2623 1012 2678 Decimo
1034 2622 1246 2693 quinto
1268 2622 1539 2692 ejusdem
1565 2624 1786 2678 mensis
1803 2623 1918 2688 die,
1941 2624 2157 2679 festum

509 2710 892 2784 Scenopegiae
915 2710 1034 2765 sive
1059 2709 1634 2767 Tabernaculorum.
1667 2711 1734 2766 Et
1753 2711 1830 2767 ab
1854 2712 1966 2767 hoc
1985 2713 2153 2775 festo,

506 2803 602 2858 die
635 2808 865 2865 octavo,
910 2799 969 2853 id
997 2802 1086 2853 cst
1111 2803 1250 2870 post
1276 2805 1504 2870 septem
1527 2800 1798 2871 ejusdem
1833 2801 1963 2856 festi
2003 2801 2154 2866 dies,

507 2890 859 2947 occurrebat
878 2888 1143 2942 ultimum
1157 2903 1355 2943 eorum
1372 2888 1602 2951 festum,
1616 2905 1834 2961 nempe
1852 2895 2042 2945 coetus
2067 2889 2158 2944 vel

507 2981 765 3036 collectae
799 2978 916 3032 sive
955 2976 1296 3031 retentionis
1324 2994 1336 3032 :
1372 2978 1536 3048 quod
1576 2977 1769 3032 solum
1803 2977 2160 3049 designabat

509 3069 767 3125 ﬁdelium
800 3068 860 3121 in
902 3070 1112 3122 sancta
1140 3065 1398 3120 Ecclesia
1427 3067 1946 3136 congregationem
1977 3085 2045 3122 ac
2076 3084 2160 3122 re—

2271 1912 2551 1968 siliebant
2571 1913 2723 1968 sicut
2757 1915 2932 1969 haedi.
2961 1916 3125 1969 Unde
3153 1914 3353 1970 videre
3381 1916 3516 1971 licet
3543 1924 3604 1972 ut
3634 1918 3748 1973 hoc
3777 1935 3935 1989 quo-

2267 2017 2384 2072 que
2413 2001 2668 2056 docendi
2691 2002 2880 2072 gratia
2901 2003 3200 2058 addamus
3221 2005 3581 2060 vocabulum
3601 2006 3930 2064 Hebraeum

2267 2100 2368 2153 ΝΞ
2416 2101 2675 2155 Πντιυπη
2729 2093 2953 2146 hosana
3001 2093 3162 2161 vulgi
3215 2109 3380 2148 more
3431 2096 3590 2165 apud
3649 2096 3934 2153 Hebraeos

2267 2180 2446 2235 etiam
2477 2186 2611 2235 ante
2643 2181 2942 2236 Christum
2971 2187 3181 2236 natum
3214 2182 3399 2238 fuisse
3431 2191 3773 2256 corruptum
3823 2193 3937 2244 aut

2266 2267 2396 2324 illos
2427 2285 2750 2340 usurpasse
2783 2269 2981 2340 ipsum
3031 2286 3196 2325 more
3236 2270 3575 2337 Chaldaico,
3612 2279 3667 2328 et
3706 2274 3935 2330 deinde

2266 2357 2491 2413 abusos
2523 2357 2704 2412 fuisse
2735 2375 2844 2429 pro
2871 2357 3249 2414 solemnitate
3282 2359 3656 2427 Palmarum,
3711 2363 3770 2418 in
3803 2380 3936 2435 qua

2266 2463 2400 2501 cum
2423 2447 2604 2500 ramis
2635 2447 3006 2502 caeremonias
3031 2447 3268 2503 ﬁebant.
3306 2451 3370 2504 Et
3391 2450 3470 2505 ita
3496 2458 3636 2506 nato
3660 2458 3934 2522 postmo-

2266 2535 2410 2590 dum
2438 2534 2685 2600 Christo,
2719 2551 2858 2590 cum
2914 2536 3088 2591 vellet
3128 2538 3387 2608 populus
3439 2554 3576 2594 eum
3603 2540 3931 2608 honorare,

2266 2629 2322 2678 et
2378 2640 2516 2679 cum
2559 2624 2859 2695 triumpho
2910 2625 3320 2697 Hierosolyma
3377 2627 3695 2691 deducere,
3750 2629 3928 2701 igno-

2265 2719 2465 2769 rantes
2506 2713 2953 2785 compleverunt
2981 2714 3362 2786 prophetiam
3417 2718 3775 2788 Davidicam,
3827 2737 3934 2776 oc-

2267 2804 2502 2857 casione
2560 2807 2798 2873 sumpta
2843 2819 2914 2857 ex
2956 2803 3214 2858 surculis
3275 2804 3352 2860 ab
3395 2805 3567 2861 olivis
3627 2806 3928 2879 decerptis

2267 2895 2318 2946 et
2364 2890 2422 2946 in
2463 2891 2616 2946 viam
2664 2891 2889 2956 stratis,
2946 2891 3272 2947 clamantes
3325 2895 3585 2959 Hosana,
3631 2895 3692 2950 id
3757 2899 3931 2968 quod

2268 2979 2524 3034 clamare
2605 2986 3038 3034 consueverant
3119 2981 3176 3034 in
3260 2981 3630 3038 solemnitate
3710 2986 3930 3039 Ramo-

2267 3085 2419 3123 rum.
2465 3068 2561 3122 His
2596 3067 2797 3140 itaque
2828 3068 3147 3139 praemissis
3178 3069 3786 3126 animadvertendum
3813 3077 3931 3140 est,

508 3159 831 3218 tentionem
885 3157 1007 3211 sive
1049 3155 1577 3228 perseverantiam,
1623 3155 1788 3228 quod
1821 3156 2043 3212 factum
2074 3161 2160 3212 est
2198 3194 2238 3250 Ο
2268 3156 2430 3228 quod
2491 3171 2650 3211 anno
2719 3173 2841 3227 quo
2909 3172 3126 3226 passus
3194 3162 3281 3211 est
3333 3156 3601 3212 Christus
3671 3160 3935 3216 occurrit

508 3253 646 3322 post
674 3245 887 3302 veteris
916 3243 1065 3314 legis
1107 3243 1309 3298 ﬁnitas
1359 3242 1583 3313 ﬁguras
1639 3260 1710 3300 ac
1748 3246 2154 3301 caeremonias.

509 3337 735 3396 Deinde
765 3333 1368 3391 animadvertendum
1400 3339 1485 3388 est
1514 3334 1678 3405 quod
1709 3334 1951 3405 quando
1992 3335 2161 3405 juxta

509 3425 753 3484 vernale
766 3423 1550 3495 tequinoctium,conjunctio
1564 3422 1936 3479 luminarium
1952 3439 2159 3478 secun-

513 3518 661 3574 dum
680 3513 938 3570 medium
969 3527 1206 3567 cursum
1227 3511 1730 3583 occurrebatpost
1746 3511 2045 3568 decimam
2067 3529 2162 3567 oc-

515 3612 715 3663 tavam
743 3602 860 3658 diei
888 3600 1444 3671 horam,quiajam
1495 3604 1748 3672 peracta:
1803 3605 1970 3656 erant
2029 3600 2162 3671 plus

513 3709 699 3767 quam
716 3697 830 3747 tres
843 3695 1066 3762 quartae
1085 3693 1284 3760 partes
1302 3688 1500 3758 diei,et
1515 3689 1854 3744 declinabat
1873 3690 2065 3758 magis
2085 3689 2159 3743 ad

512 3784 674 3840 diem
721 3783 1089 3852 sequentem,
1129 3776 1264 3832 ideo
1295 3777 1644 3832 servabatur
1669 3793 1906 3849 quoque
1948 3777 2043 3832 die
2074 3793 2162 3832 se-

515 3871 795 3945 quenti,et
808 3869 881 3923 ab
894 3867 1008 3922 hoc
1020 3865 1482 3922 numerabantur
1495 3866 1690 3921 omnia
1703 3865 1977 3937 praedicta
1990 3866 2159 3920 festa.

587 3961 873 4016 Praeterea
912 3957 959 4011 si
1002 3956 1156 4011 dicta
1187 3956 1383 4027 prima
1435 3955 1757 4010 Neomenia
1813 3953 2167 4010 occurrebat

513 4049 798 4115 secundo,
831 4051 1067 4119 quarto,
1107 4045 1201 4101 vel
1241 4051 1406 4099 sexto
1449 4043 1850 4099 hebdomadas
1896 4044 1990 4098 die
2047 4059 2163 4098 ser-

513 4138 738 4200 vanda,
770 4135 1147 4206 rejiciebatur
1169 4134 1228 4190 in
1255 4131 1416 4187 diem
1443 4138 1814 4203 sequentem.
1842 4135 1990 4187 Nam
2015 4131 2058 4185 si
2083 4148 2168 4186 se-

513 4226 714 4284 cundo
744 4223 1140 4280 hebdomadas
1165 4221 1260 4276 die
1282 4220 1492 4275 fuisset
1516 4225 1769 4283 servata,
1801 4221 2166 4275 tuncfestum

514 4316 906 4390 Expiationis,
947 4314 1110 4384 quod
1141 4317 1267 4366 erat
1310 4310 1788 4374 celeberrimum,
1813 4310 2170 4364 occurrisset

516 4409 612 4463 die
626 4411 790 4463 sexto
816 4403 1245 4460 celebrandum
1268 4416 1281 4454 :
1319 4400 1534 4472 quodsi
1549 4405 1712 4454 sexto
1729 4398 1819 4454 die
1841 4403 2171 4454 servaretur

516 4496 675 4552 dicta
696 4491 1231 4566 primaNeomenia
1257 4489 1380 4546 sive
1393 4489 1623 4559 primus
1637 4488 1773 4544 anni
1788 4505 1997 4544 eorum
2019 4487 2168 4552 dies,

2269 3244 2466 3316 prima
2496 3245 2839 3310 Neomenia,
2861 3243 2982 3298 sive
3013 3244 3354 3314 conjunctio
3381 3245 3772 3302 luminarium
3792 3264 3933 3318 pro-

2268 3332 2435 3388 xima
2448 3333 2805 3404 aequinoctio
2823 3332 3044 3388 vernali
3057 3333 3384 3388 secundum
3402 3335 3666 3391 medium
3682 3352 3935 3393 cursum

2272 3422 2414 3476 solis
2433 3429 2489 3476 et
2502 3421 2688 3491 lunaaj
2702 3428 2841 3476 uxta
2856 3437 3056 3476 veram
3072 3429 3128 3477 et
3148 3428 3418 3478 exactam
3438 3424 3928 3496 supputationem

2271 3510 2768 3582 peritissimorum
2788 3511 3297 3576 Hebreeorum,die
3309 3512 3517 3583 quinto
3534 3513 3933 3571 hebdomadas

2271 3603 2406 3670 post
2430 3598 2726 3653 decimam
2750 3614 2975 3653 nonam
2994 3599 3109 3653 diei
3138 3599 3370 3662 horam,
3406 3617 3543 3656 cum
3569 3601 3798 3672 aliquot
3815 3602 3929 3658 mi-

2270 3688 2428 3742 nutis
2456 3703 2468 3740 :
2503 3692 2558 3741 et
2588 3687 2668 3741 ita
2691 3687 2862 3757 juxta
2891 3687 3178 3758 praedicta
3208 3694 3332 3743 erat
3359 3691 3634 3761 sequenti
3659 3691 3755 3746 die
3809 3707 3932 3746 ser-

2272 3776 2492 3832 vanda.
2516 3775 2627 3830 Sed
2654 3776 2814 3846 quia,
2837 3781 3003 3830 sexto
3023 3776 3140 3844 die,
3162 3777 3464 3833 utdictum
3479 3783 3586 3846 est,
3612 3795 3930 3850 nunquam

2274 3865 2647 3930 servabatur,
2675 3864 2889 3920 idcirco
2919 3865 3108 3920 Judaei
3140 3883 3211 3921 eo
3263 3883 3424 3922 anno
3455 3871 3779 3925 servabant
3809 3871 3936 3941 pri-

2277 3971 2442 4009 mum
2469 3954 2612 4008 illud
2631 3953 2998 4008 novilunium
3027 3954 3121 4008 die
3143 3956 3412 4011 Sabbati:
3451 3962 3509 4012 et
3534 3957 3617 4013 ita
3655 3958 3935 4014 decimus

2274 4045 2520 4116 quintus
2533 4044 2660 4098 dies
2674 4043 2933 4112 ejusdem
2950 4044 3190 4108 mensis,
3219 4061 3342 4116 quo
3360 4047 3709 4103 occurrebat
3723 4047 3935 4103 festum

2277 4138 2649 4204 Azymorum,
2690 4133 2860 4201 juxta
2887 4133 3229 4188 .ludaeorum
3266 4135 3706 4192 observantiam
3753 4137 3940 4192 etiam

2277 4227 2400 4276 erat
2421 4221 2545 4276 dies
2580 4221 2854 4276 Sabbati:
2900 4221 3160 4293 ideoque
3194 4228 3437 4294 propter
3467 4225 3727 4280 duorum
3760 4225 3942 4282 festo-

2278 4325 2411 4362 rum
2439 4307 2910 4376 concursum,de
2945 4309 3042 4362 illo
3083 4309 3226 4363 dicit
3255 4311 3515 4365 Joannes
3555 4311 3737 4382 (Joan.
3774 4315 3938 4384 xxx);

2278 4396 2443 4468 quod
2475 4401 2601 4452 erat
2632 4413 2877 4465 magnus
2895 4397 3014 4452 dies
3046 4399 3152 4454 ille
3169 4399 3426 4467 Sabbati,
3451 4404 3513 4456 ut
3553 4401 3733 4457 etiam
3765 4402 3844 4457 ad
3865 4417 3945 4459 ea

2278 4486 2460 4540 verba
2471 4485 2646 4540 habet
2660 4490 2867 4541 auctor
2878 4493 3100 4541 noster.
3118 4487 3377 4543 Christus
3392 4505 3530 4544 vero
3543 4492 3948 4562 servavitqui-

517 4549 913 4642 tuncvdictum
946 4577 1312 4652 Expiationis
1349 4549 1557 4632 festum
1588 4576 1683 4632 die
1723 4577 1932 4648 primo,
1986 4549 2170 4648 quem
2202 4549 2248 4601 Β
2279 4574 2410 4630 dem
2440 4575 2825 4630 Neomeniam
2851 4579 3015 4630 sexto
3041 4575 3441 4632 hebdomadas
3463 4578 3585 4634 die:
3611 4595 3749 4634 cum
3775 4549 3944 4636 enim

516 4691 631 4731 nos
663 4688 950 4729 vocamus
990 4669 1389 4732 Dominicum,
1431 4665 1782 4721 occurrisset
1807 4666 1885 4720 ab
1915 4665 1997 4720 eis
2024 4665 2171 4721 cele-

517 4763 820 4820 brandum
838 4780 851 4814 :
885 4774 1146 4832 quorum
1159 4761 1479 4827 utrumque
1497 4753 1826 4809 admodum
1842 4769 2022 4823 grave
2036 4770 2166 4809 cen-

519 4854 754 4910 sebatur
771 4855 828 4906 et
847 4849 1015 4905 valde
1027 4862 1354 4904 onerosum
1373 4844 1477 4902 toti
1490 4843 1738 4916 populo,
1755 4859 1826 4900 eo
1847 4843 2013 4916 quod
2024 4844 2171 4900 duo-

519 4944 635 4999 bus
661 4939 953 4997 continuis
980 4936 1188 4992 diebus
1213 4933 1609 4998 naturalibus,
1643 4948 1862 5004 nempe
1890 4932 2038 4989 festo
2064 4935 2170 4988 Ex-

520 5031 802 5104 piationis
823 5033 879 5084 et
909 5026 1191 5089 Sabbato,
1217 5022 1383 5079 nullo
1413 5022 1596 5078 modo
1627 5021 1827 5077 liceret
1851 5037 2063 5094 parare
2093 5022 2168 5077 ci-

519 5121 772 5187 bos,aut
802 5116 1054 5190 sepelire
1085 5119 1656 5182 mortuoszcorpora
1685 5115 1886 5167 autem
1913 5115 2166 5175 mortua,

517 5215 619 5264 aut
664 5212 832 5264 cocta
862 5207 1025 5261 olera
1083 5219 1203 5258 non
1264 5207 1507 5272 possent
1559 5201 1620 5256 in
1675 5200 1910 5256 tertium
1950 5201 2171 5255 servari

519 5299 700 5363 diem,
720 5294 1124 5369 praesertimin
1150 5291 1357 5347 calidis
1370 5289 1735 5360 regionibus.
1766 5289 1988 5354 Quodsi
2015 5293 2172 5343 sexto

517 5389 612 5444 die
631 5391 964 5444 servaretur
993 5383 1272 5456 praedicta
1287 5382 1610 5436 Neomenia
1636 5380 1757 5435 sive
1787 5379 2049 5450 primum
2063 5394 2170 5434 no-

513 5477 834 5545 vilunium,
863 5481 1004 5531 tunc
1028 5472 1318 5544 septimus
1354 5471 1476 5525 dies
1492 5469 1623 5526 festi
1651 5468 2032 5540 Scenopegiae
2051 5469 2172 5523 sive

513 5565 1059 5624 Tabernaculorum
1082 5559 1544 5618 occurrissetdie
1567 5558 1829 5616 Sabbati.
1848 5559 1914 5612 In
1938 5557 2052 5614 hoc
2069 5575 2171 5614 an-

514 5661 636 5712 tem
667 5656 921 5726 septimo
951 5651 1049 5708 die
1075 5652 1264 5707 multa
1292 5649 1508 5705 laetitiae
1531 5647 1705 5717 signa
1758 5646 2169 5711 ostendebant,

2279 4670 2416 4736 post
2431 4663 2724 4718 decimam
2742 4679 2968 4719 nonam
2986 4663 3199 4720 horam
3217 4667 3572 4723 occurrisset
3588 4667 3780 4740 quinti
3795 4668 3938 4736 diei,

2278 4752 2707 4810 rationabiliter
2722 4753 3012 4810 utdictum
3030 4759 3137 4818 est,
3173 4757 3370 4825 magis
3389 4758 3676 4827 pertinere
3687 4757 3944 4815 videba-

2282 4847 2374 4898 tur
2403 4842 2481 4898 ad
2512 4842 2671 4898 diem
2699 4849 3066 4913 sequentem.
3089 4844 3304 4898 Verum
3329 4860 3364 4900 a
3384 4850 3549 4901 sexto
3567 4845 3662 4901 die
3685 4847 3762 4901 ad
3793 4847 3943 4903 Sab-

2279 4932 2488 4987 batum
2521 4930 2894 4986 cumJudaeis
2919 4931 3233 4987 transferre
3252 4933 3460 4989 noluit.
3487 4937 3639 4990 Nam
3655 4935 3770 4990 hoc
3800 4951 3939 5006 pro-

2281 5025 2411 5092 pter
2437 5020 2585 5075 festa
2617 5019 2873 5092 septimo
2904 5036 3116 5075 mense
3157 5020 3356 5078 futura
3384 5023 3684 5079 faciebant
3723 5023 3938 5095 Judaei,

2284 5115 2345 5164 ut
2374 5109 2730 5180 praedictum
2763 5114 2877 5173 est;
2910 5109 3176 5165 Christus
3207 5118 3411 5167 autem
3456 5120 3720 5180 noverat,
3768 5115 3943 5185 quod

2283 5213 2388 5269 per
2411 5214 2584 5252 suam
2605 5196 2962 5254 Passionem
2977 5213 3112 5269 quae
3131 5199 3408 5263 instabat,
3433 5207 3687 5257 cessaret
3707 5201 3944 5272 obliga-

2284 5289 2362 5341 tio
2395 5293 2761 5356 sequentium
2791 5285 3024 5341 illorum
3082 5287 3391 5354 festorum,
3427 5289 3579 5345 sicut
3626 5295 3683 5346 et
3721 5297 3945 5350 caetera

2281 5377 2428 5445 legis
2447 5374 2908 5432 caeremonialia.
2938 5377 3172 5448 Propter
3198 5377 3310 5434 hoc
3336 5379 3557 5451 itaque,
3587 5380 3767 5436 etiam
3793 5383 3945 5453 quia

2281 5465 2547 5537 sequenti
2580 5465 2676 5519 die
2704 5465 3026 5520 moriturus
3050 5467 3480 5533 eratChristu's,
3513 5469 3778 5542 typicum
3813 5473 3944 5541 qui-

2279 5557 2418 5611 dem
2451 5571 2674 5625 agnum
2700 5571 2841 5610 vera
2871 5562 2926 5610 et
2955 5555 3223 5628 legitima
3244 5557 3480 5613 decima
3527 5564 3740 5629 quarta
3766 5560 3939 5624 luna,

2277 5645 2646 5716 qua-tuitdie
2685 5644 2916 5715 quinto,
2961 5646 3248 5711 comedit;
3278 5653 3494 5718 quarta
3535 5648 3769 5707 decima
3795 5667 3946 5708 vero
