4110 6396
188 376 254 433 49
1722 376 2126 436 ΡΗΛΕΡΑΤῙΟ.
3574 388 3648 442 50

187 502 320 559 luna
328 499 498 574 juxta
513 505 788 559 veterem
800 500 1179 560 Hebraeorum
1195 503 1672 561 numerationem
1686 504 1865 560 etiam
1895 506 1941 559 A
1973 509 2101 561 rent
2123 506 2309 562 Exod.
2326 504 2449 577 xu),
2469 512 2524 563 et
2543 523 2663 564 non
2684 508 3103 565 fermentatum
3126 524 3341 580 panem
3362 514 3419 566 et
3442 514 3638 568 tamen

188 593 463 662 legitima,
508 592 570 647 in
613 593 789 663 cujus
825 608 1079 664 vespera
1113 593 1305 650 Judaei
1341 594 1608 666 typicum
1639 609 1863 663 agnum

196 686 357 738 erant
378 681 772 747 immolaturi,
789 683 914 755 ipse
934 700 1109 738 verus
1130 685 1330 755 Agnus
1366 684 1470 739 fuit
1486 682 1859 738 immolatus:

198 776 252 827 et
277 771 359 826 ita
394 770 615 825 veritas
646 771 958 843 respondit
978 771 1204 841 ﬁgurae.
1238 772 1454 827 Horum
1487 777 1685 827 autem
1725 786 1861 827 cau-

196 876 341 924 sam,
382 866 447 914 ut
493 860 811 915 verisimile
840 866 954 927 est,
984 861 1177 916 solum
1208 860 1577 917 indicaverat
1629 859 1865 931 patrifa-

199 948 393 1005 milias
417 948 477 1005 in
494 950 670 1018 cujus
692 949 929 1006 uadibus
960 951 1186 1023 pascha
1214 951 1442 1015 edebat,
1467 956 1523 1005 et
1548 950 1687 1021 ipsis
1718 949 1864 1004 duo-

200 1039 391 1093 decim
414 1038 1012 1110 discipulis,quorum
1035 1042 1192 1112 (Luc.
1214 1043 1361 1110 xxu)
1388 1044 1589 1096 Petrus
1613 1044 1669 1095 et
1691 1040 1864 1093 Joan-

200 1144 306 1183 nes
337 1143 409 1183 ex
428 1128 601 1197 jussu
627 1127 839 1183 Christi
872 1130 1203 1185 necessaria
1239 1133 1616 1201 paraverant,
1649 1144 1863 1200 nempe

200 1217 462 1273 lactucas
479 1220 745 1285 agrestes
757 1222 813 1273 et
830 1218 1076 1274 baculus
1091 1234 1103 1273 :
1119 1234 1262 1274 nam
1279 1234 1393 1287 agn
1403 1220 1605 1289 usipse
1628 1217 1862 1273 decimo

200 1304 291 1360 die
333 1306 557 1361 mensis
596 1305 929 1378 parabatur
983 1324 993 1362 :
1048 1323 1233 1379 panes
1269 1323 1504 1379 quoque
1545 1307 1755 1379 azymi,
1803 1310 1863 1361 ut

197 1395 522 1451 verisimile
550 1396 869 1467 est(E:cod.
892 1400 996 1467 xu)
1019 1397 1394 1468 aliquotante
1428 1396 1660 1461 diebus,
1686 1397 1863 1466 juxta

197 1484 564 1542 familiarum
580 1484 1055 1554 magnitudinem
1073 1485 1250 1557 parati
1281 1491 1451 1541 erant
1468 1506 1486 1557 ;
1503 1486 1697 1558 itaque
1723 1485 1860 1541 nul-

196 1575 287 1630 lus
300 1591 376 1630 ex
387 1574 507 1630 hoc
520 1592 737 1644 passus
750 1574 1490 1647 estoﬁ‘eudiculum,neque
1502 1576 1651 1630 obid
1666 1591 1861 1632 coram

193 1664 392 1735 judice
419 1665 610 1737 potuit
636 1664 925 1719 accusari.

268 1754 424 1818 Quin
476 1758 534 1808 et
576 1752 964 1810 Tertullianus
1013 1754 1251 1809 Latinus
1298 1760 1505 1810 auctor
1554 1755 1859 1826 proximus

1973 594 2139 650 illam
2162 594 2605 653 immunditiam
2635 597 2969 655 levissimas
3006 599 3081 654 ob
3095 615 3306 655 causas
3333 602 3643 657 contrahe-

1972 682 2140 740 bant

2046 773 2215 839 Quod
2246 781 2444 833 autem
2484 778 2652 832 aiunt
2692 778 2981 843 nonnulli,
3024 779 3259 833 Iudaeos
3301 778 3639 849 praeceden-

1977 864 2013 918 ti
2044 862 2139 918 die
2190 868 2515 935 occupatos
2548 866 2703 922 circa
2755 866 3117 938 capiendum
3169 867 3483 929 Christum,
3539 884 3639 923 ne-

1976 950 2225 1020 glexisse
2264 968 2493 1021 agnum
2531 955 2706 1010 edere
2736 954 3105 1026 paschalem,
3131 962 3187 1011 et
3210 956 3378 1027 quod
3415 956 3638 1012 idcirco

1974 1044 2147 1096 nocte
2178 1043 2446 1113 sequenti
2476 1043 2643 1099 illum
2671 1048 2869 1100 essent
2898 1045 3237 1109 comesturi,
3266 1060 3389 1101 non
3408 1044 3640 1101 ﬁtveri-

1973 1130 2183 1185 simile.
2218 1131 2526 1202 Siquidem
2556 1132 2737 1188 etiam
2762 1132 2841 1188 illi
2866 1134 2968 1206 qui
2990 1133 3252 1203 legitimo
3282 1133 3638 1189 tenebantur

1973 1218 2402 1289 impedimento
2421 1220 2657 1277 decimo
2677 1226 2891 1293 quarto
2912 1223 3003 1277 die
3035 1222 3207 1294 primi
3239 1222 3479 1287 mensis,
3512 1238 3636 1279 non

1971 1312 2245 1379 poterant
2275 1310 2543 1380 sequenti
2578 1309 2672 1365 die
2702 1326 2811 1382 pro
2836 1310 3003 1367 libito
3036 1327 3261 1382 agnum
3294 1311 3468 1367 edere
3496 1327 3636 1383 pas-

1971 1396 2221 1463 chalem,
2259 1396 2365 1452 sed
2395 1398 2697 1469 sequentis
2728 1399 2953 1455 mensis
2985 1400 3079 1455 die
3106 1400 3373 1455 similiter
3400 1400 3633 1457 decimo

1970 1489 2185 1557 quarto
2211 1486 2285 1541 ad
2318 1502 2648 1557 vesperam,
2688 1491 2751 1544 ut
2779 1488 3034 1544 habetur
3073 1488 3313 1544 Numeri
3342 1506 3399 1543 x.
3432 1490 3635 1561 Itaque

1970 1573 2066 1628 die
2090 1574 2387 1629 Passionis
2403 1575 2609 1632 Christi
2632 1593 2759 1632 cum
2779 1576 3054 1633 nondum
3075 1578 3351 1634 inchoata
3367 1582 3521 1633 esset
3544 1594 3636 1634 so-

1970 1663 2247 1720 lemnitas
2276 1665 2575 1721 Paschalis
2615 1670 2715 1722 aut
2762 1668 3144 1738 Azymorum,
3182 1668 3353 1738 juxta
3379 1672 3636 1724 veterem

1970 1753 2310 1809 Iudaeorum
2339 1754 2805 1821 observantiam,
2839 1756 3057 1813 licebat
3081 1757 3167 1812 eis
3192 1773 3379 1829 usque
3401 1757 3479 1813 ad
3496 1756 3635 1813 solis

200 1842 621 1914 apostolorum
670 1844 1057 1914 temporibus,
1098 1843 1172 1898 de
1193 1843 1286 1899 die
1319 1843 1609 1900 Passionis
1652 1844 1859 1900 Christi
1895 1858 1937 1912 Β
1975 1859 2258 1898 occasum
2291 1842 2599 1913 judicialia
2626 1860 3239 1912 exercere,accusare,
3263 1851 3437 1901 testes
3468 1846 3635 1902 adhi-

197 1934 273 1988 ita
325 1932 593 2003 loquitur
658 1932 719 1986 in
787 1934 1169 2001 Apologetico
1253 1933 1533 1990 adversus
1597 1935 1858 1990 Judaeos.

199 2044 225 2072 ε(
250 2024 397 2086 Quae
441 2020 645 2076 Passio
670 2020 825 2075 intra
853 2023 1120 2092 tempora
1143 2022 1521 2093 septuaginta
1550 2021 1864 2077 hebdoma-

194 2114 412 2166 darum
464 2110 728 2182 perfecta
782 2112 889 2174 est,
946 2110 1053 2165 sub
1108 2110 1335 2165 Tiberio
1394 2112 1642 2175 Caesare,
1708 2128 1858 2166 coss.

198 2199 467 2255 Rubellio
493 2198 745 2254 Gemino
775 2202 830 2253 et
861 2196 1014 2253 Rufo
1059 2198 1329 2263 Gemino,
1383 2215 1591 2254 mense
1637 2201 1861 2265 Martio,

193 2288 569 2361 temporibus
600 2287 858 2353 Paschaa,
892 2286 986 2342 die
1016 2292 1228 2343 octavo
1258 2288 1658 2343 Kalendarum
1701 2288 1864 2359 Apri-

193 2379 362 2443 lium,
392 2377 492 2432 die
531 2377 723 2447 primo
758 2382 1137 2448 Azymorum,
1161 2393 1278 2447 quo
1298 2393 1515 2447 agnum
1544 2382 1602 2432 ut
1631 2377 1861 2433 occide-

192 2472 325 2521 rent
385 2466 467 2521 ad
522 2481 858 2537 vesperam,
909 2481 945 2520 a
1011 2466 1166 2520 Mose
1219 2466 1410 2521 fuerat
1476 2470 1859 2537 praeceptum.

194 2559 403 2627 Neque
434 2555 594 2610 enim
622 2554 701 2609 ob
746 2553 810 2608 id
857 2554 968 2609 dici
1000 2559 1187 2624 potest
1225 2556 1420 2626 primo
1472 2555 1567 2610 die
1611 2558 1864 2627 Azymo-

192 2661 325 2700 rum
380 2648 680 2710 mortuus,
736 2643 909 2713 juxta
939 2644 1222 2715 praedicta
1277 2643 1615 2700 Tertulliani
1660 2645 1860 2709 verba,

194 2732 364 2805 quod
395 2749 471 2788 ea
514 2736 692 2787 nocte
735 2734 947 2803 captus
991 2732 1180 2788 fuerit.
1243 2733 1545 2804 Siquidem
1589 2733 1861 2789 omnium

196 2820 542 2875 testimonio
570 2820 631 2873 in
657 2834 829 2874 cruce
861 2821 917 2873 et
948 2835 1065 2874 non
1096 2819 1155 2874 in
1196 2820 1727 2892 comprehensione
1759 2820 1865 2876 fuit

192 2916 401 2967 nostra
430 2909 784 2981 redemptio.
816 2912 881 2965 Et
904 2909 1113 2982 procul
1139 2910 1316 2965 dubio
1335 2910 1537 2966 divina
1562 2912 1620 2965 id
1660 2915 1864 2967 actum

189 3005 275 3055 est
336 2999 741 3065 Providentia,
791 3000 957 3070 quod
1010 3014 1080 3055 eo
1128 3015 1289 3055 anno
1353 2999 1576 3072 duplex
1626 3001 1865 3055 decima

185 3093 409 3161 quarta
437 3088 580 3143 luna
618 3087 986 3152 occurrebat,
1015 3092 1080 3143 ut
1109 3087 1362 3143 diversis
1385 3088 1775 3159 respectibus,
1808 3092 1863 3145 et

186 3177 324 3233 hinc
356 3177 481 3232 veri
546 3175 692 3245 agni
732 3175 1063 3231 immolatio
1114 3177 1313 3248 typico
1353 3177 1754 3247 responderet,
1808 3181 1864 3233 et
1894 3205 1934 3258 ρ

184 3266 347 3322 illinc
369 3265 641 3321 Christus
681 3265 756 3320 ad
778 3263 955 3319 ﬁnem
990 3281 1179 3337 usque
1212 3265 1341 3320 vitm
1362 3264 1555 3334 legem
1579 3270 1856 3330 servaret,

182 3361 245 3411 ut
262 3354 454 3411 habet
485 3354 666 3409 etiam
709 3355 935 3409 Graecus
964 3352 1448 3423 Chrysostomus,
1481 3369 1551 3409 ac
1592 3354 1861 3424 typicum

177 3460 408 3512 agnum
440 3457 583 3497 vera
602 3447 658 3496 et
679 3441 946 3510 legitima
978 3441 1208 3497 decima
1228 3447 1444 3512 quarta
1473 3441 1613 3496 luna
1645 3440 1858 3505 ederet,

178 3533 330 3588 sicut
362 3548 509 3586 eum
542 3530 736 3585 edisse
769 3530 907 3585 dicit
936 3530 1347 3600 Hieronymus.
1376 3532 1437 3584 Et
1466 3530 1539 3583 de
1564 3528 1677 3583 hac
1706 3529 1859 3584 deci-

182 3637 278 3677 ma
316 3628 546 3692 quarta
595 3618 757 3683 luna,
794 3618 965 3688 juxta
997 3618 1205 3674 Christi
1264 3618 1742 3673 numerationem
1781 3619 1862 3672 lo-

178 3715 455 3782 quuntur
496 3707 743 3763 indubie
773 3707 1098 3774 Matthaaus,
1137 3708 1365 3761 Marcus
1396 3712 1451 3762 et
1480 3708 1688 3773 Lucas,
1723 3722 1861 3762 cum

181 3800 350 3853 aiunt
371 3797 555 3852 fuisse
585 3797 844 3867 primum
878 3796 1037 3850 diem
1065 3799 1448 3866 Azymorum.
1473 3794 1622 3850 Nam
1645 3812 1783 3850 cum
1801 3794 1858 3849 hi

182 3892 300 3942 tres
343 3885 736 3956 evangelista:
780 3900 1064 3954 magnam
1115 3885 1375 3939 facerent
1431 3884 1613 3953 hujus
1669 3899 1859 3938 creua:

181 3976 576 4040 mentionem,
606 3980 662 4030 et
684 3973 1144 4029 consecrationis
1161 3972 1557 4038 Eucharistiae,
1588 3973 1859 4027 ostende-

180 4070 322 4121 runt
378 4063 680 4119 Christum
721 4063 899 4119 etiam
941 4064 1003 4118 in
1056 4062 1171 4117 hoc
1226 4062 1420 4133 legem
1485 4062 1858 4129 observasse,

180 4170 406 4226 nempe
440 4154 616 4223 juxta
657 4167 855 4208 veram
884 4152 1074 4223 ipsius
1110 4152 1597 4223 supputationem
1633 4155 1692 4205 ut
1712 4166 1859 4221 prae-

178 4243 450 4299 diximus
473 4242 831 4311 (Joan.xm).
850 4242 1111 4297 Joannes
1131 4257 1273 4296 vero
1293 4240 1398 4312 qui
1415 4240 1487 4294 de
1509 4256 1703 4307 coena,
1732 4244 1859 4294 tan-

180 4348 377 4404 quam
405 4332 485 4387 ab
514 4330 642 4386 aliis
664 4330 839 4386 latius
861 4334 1131 4399 tractata,
1173 4330 1353 4385 unico
1388 4329 1570 4384 verbo
1599 4328 1858 4384 absolvit

177 4422 442 4477 dicendo
477 4440 491 4479 :
524 4420 703 4476 C’ama
729 4419 1103 4490 facta,aliam
1132 4420 1303 4490 juxta
1336 4424 1598 4475 veterem
1626 4417 1856 4473 Judaeu-

178 4527 313 4566 rum
330 4510 786 4566 observantiam
809 4509 1110 4564 decimam
1135 4512 1412 4580 quartam
1429 4508 1636 4562 lunam
1663 4508 1855 4563 consi-

178 4600 416 4655 deravit
450 4617 464 4666 ;
502 4597 581 4655 ad
611 4597 1052 4653 excludendum
1085 4613 1367 4663 errorem,
1416 4598 1518 4669 qui
1560 4595 1853 4651 nonnullis

178 4690 315 4744 oriri
341 4686 640 4761 potuisset
677 4702 749 4741 ex
800 4685 934 4742 aliis
975 4684 1376 4755 evangelistis,
1427 4700 1641 4755 nempe
1692 4684 1853 4754 quod

177 4778 401 4833 veritas
426 4791 552 4832 non
584 4775 963 4846 responderet
987 4774 1195 4844 ﬁgurie
1225 4774 1285 4828 in
1316 4773 1439 4830 veri
1475 4773 1612 4842 agni
1638 4772 1854 4827 immo-

177 4867 428 4923 latione.
470 4868 537 4921 Et
568 4865 702 4921 ideo
740 4865 879 4920 dicit
911 4863 1109 4936 (Ioan.
1156 4879 1272 4929 xxx,
1300 4865 1389 4935 14)
1425 4862 1591 4935 quod
1617 4861 1711 4917 die
1733 4877 1854 4933 quo

180 4962 449 5013 mortuus
506 4959 598 5011 est
639 4954 907 5011 Christus
932 4958 1060 5010 erat
1111 4969 1436 5024 parasceve
1477 4952 1744 5015 Paschae,
1798 4954 1857 5007 et

177 5046 341 5119 quod
376 5061 497 5101 non
529 5044 887 5101 introierunt
910 5044 970 5098 in
1005 5041 1349 5114 praetorium
1376 5057 1451 5097 ne
1492 5042 1856 5097 contamina-

178 5142 396 5200 rentur,
428 5134 534 5189 sed
563 5138 628 5189 ut
657 5134 907 5189 ederent
949 5131 1175 5202 pascha
1208 5150 1219 5190 :
1256 5131 1353 5185 ubi
1399 5130 1579 5185 dictio
1626 5130 1859 5186 Pascha

178 5240 560 5299 nequaquam
594 5239 706 5296 pro
738 5221 967 5292 azymis
997 5220 1130 5291 capi
1148 5225 1355 5291 potest,
1392 5224 1453 5274 ut
1476 5217 1728 5290 quidam
1758 5235 1856 5273 vo-

180 5316 318 5381 lunt,
352 5321 479 5371 tum
509 5313 677 5388 quod
697 5326 1007 5383 nusquam
1041 5310 1181 5365 alibi
1209 5311 1289 5364 ita
1319 5310 1593 5380 capiatur
1618 5310 1679 5362 in
1715 5310 1860 5363 Scri-

180 5406 379 5474 pturis,
411 5410 532 5460 tum
557 5402 728 5477 quod
746 5399 829 5457 ad
852 5398 1089 5454 edenda
1120 5414 1332 5469 azyma
1368 5413 1671 5469 nusquam
1702 5396 1861 5452 dica-

179 5498 261 5549 tur
273 5494 483 5566 requiri
500 5512 514 5560 ;
529 5508 734 5566 neque
752 5486 1071 5544 verisimile
1091 5487 1305 5541 sitesse
1330 5501 1592 5548 necesse,
1616 5492 1673 5539 ut
1692 5502 1859 5539 mun-

183 5583 233 5637 di
262 5584 395 5647 sint,
428 5602 564 5640 cum
583 5597 781 5657 paena
799 5576 1005 5633 mortis
1032 5575 1339 5639 intentata,
1361 5578 1593 5646 septem
1620 5574 1864 5645 integris

184 5672 376 5729 diebus
401 5674 795 5731 naturalibus
829 5668 1250 5738 praeciperetur
1283 5664 1364 5719 eis
1396 5669 1462 5718 ut
1500 5680 1712 5734 azyma
1733 5664 1864 5719 ede'

1975 1934 2113 1987 bere
2142 1938 2195 1987 et
2226 1932 2590 1997 examinare,
2626 1934 2984 1989 sententiam
3006 1934 3179 2004 ferre,
3212 1935 3515 1990 Simonem
3539 1950 3634 1990 co-

1976 2036 2113 2089 gere
2145 2024 2208 2076 ut
2236 2012 2474 2075 crucem
2514 2021 2761 2087 tolleret,
2795 2022 3057 2093 sepelire,
3107 2028 3369 2078 aromata
3407 2038 3637 2093 praepa-

1974 2124 2126 2172 rare,
2144 2107 2381 2180 aliaque
2397 2108 2657 2181 plurima
2673 2124 2870 2179 agere,
2884 2125 3020 2181 quae
3045 2109 3233 2165 Judaei
3251 2126 3636 2182 nequaquam

1978 2198 2267 2264 fecissent,
2304 2198 2352 2253 si
2374 2198 2674 2253 decimam
2690 2198 2970 2270 quintam
2999 2198 3205 2255 lunam
3232 2203 3288 2254 et
3320 2198 3400 2254 ita
3419 2199 3636 2254 festum

1978 2287 2220 2342 Paschae
2261 2291 2317 2341 et
2361 2288 2721 2356 Azymorum
2769 2302 2840 2343 eo
2885 2287 2979 2341 die
3032 2286 3455 2355 celebrassent,
3498 2303 3637 2342 cum

1976 2376 2134 2432 facta
2168 2391 2278 2429 sua
2293 2376 2598 2446 pbrlegem
2621 2375 2947 2431 Mosaicam
2963 2375 3292 2446 justiﬁcare
3316 2375 3641 2431 niterentur

1976 2464 2239 2519 dicentes
2275 2465 2428 2519 :Nos
2464 2466 2637 2533 legem
2669 2465 2957 2533 habemus,
2990 2470 3124 2533 etc.,
3155 2468 3212 2519 et
3253 2464 3516 2519 maxime
3546 2466 3637 2520 Jo-

1975 2553 2122 2626 seph
2150 2553 2227 2608 ab
2252 2553 2599 2608 Arimathea
2626 2553 2711 2607 vir
2740 2552 2935 2608 b0nus
2962 2570 3027 2608 ac
3055 2554 3251 2623 justus
3298 2556 3354 2609 et
3399 2553 3642 2609 Nicode-

1978 2659 2103 2696 mus
2136 2641 2237 2713 qui
2252 2640 2575 2696 Dominum
2595 2642 2978 2713 sepelierunt,
3001 2641 3104 2714 qui
3117 2645 3359 2714 propter
3375 2645 3642 2698 Parasce—

1976 2748 2088 2787 ven
2110 2731 2477 2794 Judaaorum,
2509 2731 2653 2803 quia
2684 2748 2871 2803 prope
2911 2735 3527 2797 eratmonumentum,
3556 2732 3641 2789 ibi

1977 2824 2301 2892 posuerunt
2329 2819 2355 2873 ,Ι
2365 2837 2554 2885 esum,
2585 2820 2665 2875 ait
2694 2816 2955 2876 Joannes
2978 2820 3208 2876 decimo
3235 2821 3446 2893 capite.
3473 2821 3642 2877 Circa

1974 2926 2110 2982 quae
2137 2909 2323 2965 verba
2361 2908 2537 2965 habet
2577 2910 2944 2979 Augustinus
2987 2927 2999 2965 :
3035 2910 3476 2967 «Acceleratam
3518 2909 3645 2965 vult

1976 2997 2219 3067 intelligi
2253 2997 2643 3069 sepulturam,
2678 3014 2752 3053 ne
2780 2998 3320 3069 advesperasceret,
3346 3013 3484 3053 cum
3511 2999 3638 3068 jam

1975 3087 2205 3159 aliquid
2225 3087 2339 3141 tale
2353 3102 2469 3141 non
2482 3086 2683 3141 liceret
2696 3092 2937 3158 propter
2948 3074 3311 3158 parasceveu
3327 3102 3513 3158 quam
3532 3103 3641 3142 cae-

1975 3192 2118 3231 nam
2135 3190 2351 3247 puram
2364 3174 2552 3229 Judaei
2566 3174 2765 3230 Latine
2786 3174 3057 3229 usitatius
3075 3177 3237 3246 apud
3270 3191 3380 3230 nos
3400 3180 3634 3231 vocant.

1972 3265 2174 3337 Neque
2205 3264 2365 3319 enim
2396 3263 2591 3330 authi,
2617 3267 2714 3319 aut
2743 3263 2856 3335 piae
2876 3263 2989 3318 illae
3022 3262 3296 3318 mulieres
3323 3262 3518 3318 adhuc
3544 3280 3640 3319 co-

1973 3355 2548 3423 gnoverantcessare
2561 3352 2621 3407 in
2634 3351 2841 3406 Christi
2857 3356 3045 3407 morte
3057 3350 3641 3422 legalia.Demum,ut

1972 3441 2205 3513 epilogo
2222 3441 2675 3505 concludamus,
2713 3440 2976 3496 Christus
3007 3456 3185 3496 suum
3220 3440 3451 3497 Pascha
3468 3441 3639 3513 juxta

1971 3530 2118 3599 legis
2150 3530 2416 3585 Mosaicae
2446 3536 2713 3584 tenorem
2740 3528 3071 3593 celebravit,
3095 3528 3287 3585 Judaei
3311 3534 3513 3584 autem
3541 3529 3636 3584 die

1973 3618 2243 3690 sequenti
2257 3618 2426 3688 juxta
2440 3617 2681 3672 Patrum
2702 3618 3082 3685 traditiones;
3103 3618 3325 3690 quippe
3354 3618 3457 3689 qui
3480 3617 3637 3689 lega-

1970 3707 2023 3762 le
2056 3710 2415 3778 prteceptum
2446 3708 2519 3761 de
2541 3706 2775 3761 Paschaa
2803 3705 3221 3761 observatione
3249 3709 3363 3762 hac
3386 3723 3500 3762 sua
3526 3711 3635 3762 tra-

1972 3796 2193 3851 dilione
2225 3801 2632 3867 corruperunt,
2673 3811 2858 3867 quam
2898 3795 3074 3850 refert
3119 3795 3635 3867 historiographus

1972 3902 2180 3941 eorum
2210 3884 2393 3940 Sedar
2412 3884 2581 3940 Olam
2605 3901 2618 3949 ;
2642 3884 2812 3954 cujus
2842 3883 3197 3948 traditionis,
3226 3884 3443 3939 relictis
3476 3900 3637 3939 com-

1972 3974 2173 4046 pendii
2204 3974 2393 4041 gratia
2418 3972 2710 4027 Hebraicis
2731 3972 2853 4027 haec
2879 3977 3017 4028 sunt
3042 3972 3223 4028 verba
3256 3989 3269 4026 :
3300 3972 3391 4028 Sic
3422 3977 3636 4028 statue-

1969 4067 2110 4117 runt
2138 4061 2401 4132 magistri
2426 4061 2607 4117 nostri
2636 4060 2868 4132 judices
2901 4061 3237 4116 Sanhedrin
3263 4062 3469 4129 magni
3518 4077 3633 4116 no-

1973 4152 2143 4206 minis
2184 4151 2234 4203 in
2266 4149 2504 4205 saeculo.
2544 4150 2608 4205 In
2639 4150 2823 4205 domo
2854 4150 3172 4206 sanctuarii
3208 4150 3471 4205 secunda
3499 4166 3634 4204 cum

1969 4245 2269 4296 exstructa
2291 4245 2447 4294 esset
2466 4244 2520 4293 et
2536 4244 3113 4304 consummata,tunc
3128 4240 3403 4310 apparuit
3419 4238 3633 4293 solium

1965 4330 2212 4400 igneum
2255 4327 2767 4399 perfectissimum,
2812 4343 2990 4398 super
3041 4327 3197 4398 quod
3232 4326 3474 4381 sedebat
3511 4327 3633 4381 Rex

1966 4418 2177 4474 mundi
2208 4416 2481 4472 sublimis
2514 4415 2687 4470 valde
2706 4422 2873 4469 stans
2905 4415 3054 4469 inter
3081 4414 3375 4487 porticum
3410 4433 3420 4469 :
3456 4418 3512 4468 et
3539 4431 3632 4469 ac—

1966 4511 2240 4577 ceperunt
2260 4521 2568 4571 coronam,
2587 4504 3118 4576 appenderuntque
3144 4503 3400 4574 sigillum
3430 4520 3635 4559 recon-

1963 4596 2603 4661 ditum,etsanxerunt,
2627 4593 3172 4663 ordinaveruutque
3204 4596 3483 4647 statutum
3509 4609 3632 4664 per-

1963 4690 2208 4756 petuum
2246 4700 2258 4737 :
2305 4688 2361 4738 et
2399 4681 2680 4737 traditum
2719 4684 2808 4736 est
2844 4682 2900 4735 in
2933 4697 3119 4736 manu
3178 4680 3365 4736 Rabbi
3400 4682 3632 4745 Eliezer,

1962 4773 2067 4846 qui
2096 4772 2338 4844 reliquis
2382 4771 2667 4826 omnibus
2694 4769 2873 4840 major
2903 4774 3030 4824 erat
3086 4786 3099 4823 :
3133 4774 3188 4823 et
3242 4770 3288 4823 is
3338 4769 3635 4825 ordinavit

1964 4861 2124 4916 diem
2186 4860 2434 4915 sortium
2491 4873 2613 4913 non
2681 4856 2983 4913 observari
3044 4856 3334 4923 secundo,
3394 4860 3631 4929 quarto,

1967 4950 2224 5021 septimo
2254 4945 2654 5002 hebdomadas
2688 4945 2815 5000 die:
2848 4960 3044 5017 neque
3078 4946 3302 5001 Pascha
3358 4945 3634 5009 secundo,

1966 5044 2180 5111 quarto
2226 5041 2389 5091 sexto
2444 5051 2457 5089 :
2520 5050 2715 5107 neque
2784 5034 2947 5089 diem
3032 5032 3396 5089 Retentionis
3465 5033 3637 5087 tertio

1967 5128 2199 5199 quinto,
2230 5124 2519 5196 septimo:
2553 5139 2749 5195 neque
2771 5122 3134 5195 principium
3167 5122 3309 5177 anni
3347 5121 3635 5185 secundo,

1969 5222 2204 5289 quarto,
2222 5218 2385 5269 sexto
2408 5230 2419 5267 :
2442 5228 2636 5284 neque
2656 5212 2814 5267 diem
2832 5211 3193 5284 Expiationis
3210 5210 3427 5281 primo,
3444 5211 3636 5274 tertio,

1972 5305 2214 5360 sextoin
2245 5308 2557 5359 aeternum.
2587 5301 2738 5365 Haec,
2770 5302 2817 5355 si
2843 5301 2936 5355 cui
2964 5301 3211 5370 placeat,
3234 5299 3407 5353 latius
3436 5300 3638 5356 videre

1972 5394 2192 5465 poterit
2228 5393 2287 5448 in
2323 5392 2503 5448 Paulo
2542 5391 2821 5461 Burgensi
2878 5405 3058 5461 super
3109 5390 3466 5455 Matthzeum,
3501 5406 3633 5461 cap.

1972 5486 2061 5549 26,
2107 5489 2161 5538 et
2218 5484 2278 5537 in
2332 5481 2480 5536 libro
2537 5497 2715 5553 quem
2792 5477 2976 5533 edidit
3050 5478 3266 5535 Paulus
3330 5480 3639 5535 Midelbur—

1973 5573 2172 5645 gensis
2208 5572 2526 5644 episcopus
2592 5568 3060 5641 Sempronianus
3122 5569 3193 5624 de
3246 5567 3636 5624 celebratione

1980 5661 2237 5717 Paschze.
