4110 6376
449 317 514 373 51
1971 316 2368 374 PREFATIO.
3805 317 3886 370 52

520 440 674 497 Nihil
689 456 830 512 ergo
863 456 1068 497 eorum
1097 447 1444 515 quienoster
1463 437 1645 498 habet
1672 446 1838 498 uctor
1869 442 1975 500 tibi
2006 459 2104 498 no-
2136 443 2182 498 Α
2217 441 2327 496 uiri
2375 440 2671 498 curaveris
2704 439 3014 495 antidotis.
3055 440 3205 508 Lege
3247 439 3446 512 itaque
3480 454 3708 504 secure,
3743 456 3884 512 qua:

447 534 730 585 cumento
767 544 898 584 esse
936 530 1172 601 poterit,
1205 530 1299 602 pie
1328 529 1531 597 lector,
1566 530 1617 586 si
1637 531 1730 587 his
1765 537 1818 586 te
1851 547 2106 604 praemu—

2214 546 2338 587 non
2365 531 2490 587 sine
2526 529 2789 586 maximo
2819 528 3013 585 fructu
3046 528 3228 598 leges.

1999 869 2330 924 EJUSDEM.

459 1022 602 1079 Loca
659 1022 917 1094 qua-dam
971 1023 1030 1076 in
1087 1022 1292 1094 quibus
1342 1029 1605 1079 nostrum
1661 1023 1970 1149 exempéar
2017 1021 2138 1076 alio
2193 1019 2355 1147 morio
2396 1019 2563 1102 liabet
2627 1035 2803 1091 quam
2862 1033 2932 1076 ea
2991 1033 3116 1090 qua?
3165 1017 3337 1088 vulgo
3393 1017 3888 1088 circumferuntur

1915 1108 2060 1148 mea
2086 1105 2294 1149 εει-επακ)
2321 1107 2474 1148 ana.

1915 1108 2060 1148 mea
2086 1105 2474 1162 exemptana.

1081 1403 1176 1458 Ea:
1201 1397 1486 1459 Matthaeo.

527 1481 718 1546 Matth.
747 1491 800 1562 2,
835 1491 892 1545 11
951 1489 1054 1562 (α).
1085 1491 1150 1546 Et
1195 1491 1482 1546 intrantes
1515 1491 1760 1548 domum
1794 1492 2118 1565 (viderunt)

456 1576 736 1646 puerum.
771 1578 957 1634 Habet
1008 1579 1166 1635 enim
1208 1577 1346 1632 εἶδον
1393 1596 1514 1636 non
1555 1582 1697 1655 εὗρον
1736 1583 2110 1638 invenerunt.

463 1667 622 1724 Facit
648 1669 961 1724 nobiscum
994 1669 1300 1742 exemplar
1329 1671 1763 1742 Complutense.

530 1759 582 1830 3,
653 1763 734 1813 11.
797 1761 926 1830 Ipse
993 1764 1196 1815 autem
1250 1757 1578 1829 baptizabit
1626 1778 1730 1816 vos
1784 1761 1842 1816 in
1894 1760 2114 1833 Spiritu

459 1853 684 1905 sancto.
712 1849 842 1903 Non
875 1847 1042 1904 addit
1066 1854 1155 1900 καὶ
1185 1849 1551 1924 mpietigni.
1571 1851 1906 1906 Concordat
1932 1851 2114 1906 etiam

461 1937 901 2010 Complutensis
931 1938 1122 1993 editio.

529 2027 581 2092 6,
617 2027 700 2082 18.
733 2028 815 2081 Ne
842 2026 1100 2083 videaris
1131 2028 1480 2084 hominibus
1505 2029 1796 2099 jejunare,
1840 2035 1951 2084 etc.
1986 2030 2117 2084 Post

458 2115 642 2170 verba
672 2114 812 2169 illa:
852 2113 1076 2170 Reddet
1126 2115 1253 2180 tibi,
1312 2132 1430 2170 non
1484 2117 1744 2184 additur,
1801 2117 1850 2169 ἐν
1899 2138 1970 2169 τω
2024 2139 2116 2190 φα-

457 2212 602 2274 νερῷ,
632 2203 691 2258 in
724 2205 1064 2276 propatulo.
1102 2204 1280 2260 Habet
1310 2205 1690 2260 conformiter
1732 2211 1786 2262 et
1811 2207 2118 2280 exemplar

461 2294 901 2364 Complutense,
949 2298 1005 2349 et
1044 2294 1291 2363 Vulgata
1336 2294 1535 2350 editio.
1585 2295 1936 2369 Quanquam
1970 2301 2025 2352 et
2056 2297 2118 2352 in

459 2387 664 2438 nostro
692 2387 746 2437 et
776 2382 835 2438 in
862 2381 1268 2454 Complutensi
1299 2383 1618 2457 exemplari
1649 2390 1826 2440 antea
1853 2386 1925 2440 sit
1951 2385 2114 2441 addi-

460 2476 588 2528 tum
617 2488 755 2527 cum
787 2473 855 2527 de
878 2472 1257 2544 eleemosyna
1286 2475 1444 2529 ﬁeret
1470 2489 1692 2532 sermo.

531 2565 585 2627 7,
624 2561 704 2614 12.
740 2560 865 2630 (Ita)
899 2560 1054 2615 enim
1089 2567 1174 2617 est
1204 2561 1299 2616 lex
1342 2567 1398 2617 et
1429 2561 1760 2635 prOphetae.
1816 2563 2118 2636 Siquidem

461 2648 640 2704 habet
669 2649 850 2714 οὕτως,
885 2635 962 2704 ita
990 2647 1083 2704 vel
1124 2649 1225 2714 sic,
1261 2667 1375 2706 non
1407 2652 1575 2722 οὗτος,
1606 2651 1722 2707 hic.
1765 2635 1913 2708 Pari
1939 2653 2120 2709 modo

461 2737 600 2805 legit
624 2738 926 2810 Complut.
960 2739 1291 2810 exemplar.

533 2827 586 2894 7,
619 2827 686 2883 14
734 2827 976 2900 (Quam)
1015 2833 1273 2897 angusta
1323 2829 1409 2884 est
1455 2833 1625 2901 porta
1679 2833 1734 2886 et
1776 2831 1980 2888 stricta
2025 2832 2124 2887 via

464 2933 600 2990 qure
630 2916 788 2971 ducit
821 2916 891 2971 ad
927 2918 1115 2972 vitam.
1155 2917 1343 2973 Habet
1371 2918 1518 2972 enim
1555 2925 1626 2984 τὶ,
1671 2936 1790 2974 non
1823 2921 1922 2986 ὅτι,
1956 2920 2124 2993 quod

2226 1405 2544 1461 Nobiscum
2569 1405 2795 1461 faciunt
2820 1409 2875 1460 et
2899 1404 3206 1476 exemplar
3240 1402 3654 1475 Complutense
3681 1405 3737 1458 et
3767 1399 3897 1456 vul-

2226 1497 2363 1560 gata
2413 1493 2615 1549 editio.
2679 1493 2958 1548 Similiter
3012 1492 3166 1548 intra
3214 1493 3295 1563 (v.
3351 1493 3464 1563 31.)
3516 1492 3576 1546 in
3628 1491 3896 1546 dictione

2227 1583 2562 1647 Bethsaida,
2594 1599 2714 1638 non
2747 1582 3125 1638 Bethsaidan.

2298 1673 2384 1736 12,
2417 1674 2474 1728 8.
2514 1673 2799 1727 Dominus
2830 1676 2921 1727 est
2962 1671 3205 1726 Sabbati
3238 1671 3418 1726 Filius
3449 1669 3730 1726 hominis.
3761 1667 3897 1724 Non

2226 1762 2385 1816 enim
2439 1761 2678 1816 additur
2708 1766 2797 1813 καὶ
2850 1766 2925 1817 et.
2981 1761 3071 1816 Sic
3115 1766 3172 1816 et
3219 1759 3642 1834 Complutense
3696 1775 3900 1815 exem-

2225 1850 2380 1923 plar.

2298 1941 2386 2004 13,
2414 1938 2504 1994 32.
2539 1939 2724 2010 Majus
2759 1943 2843 1994 est
2864 1939 3197 2009 (omnibus)
3233 1937 3517 2007 oleribus,
3557 1938 3676 1994 sive
3702 1939 3900 1995 maxi-

2227 2045 2395 2083 mum
2426 2029 2571 2083 inter
2601 2029 2806 2083 omnia
2831 2028 3008 2085 olera.
3043 2027 3293 2083 Additur
3319 2027 3478 2082 enim
3520 2028 3724 2079 πάντων
3757 2043 3892 2082 om-

2226 2115 2414 2172 nium.
2453 2119 2516 2172 Et
2555 2117 2636 2173 ita
2671 2117 2846 2174 habet
2884 2123 2937 2173 et
2982 2117 3232 2188 Vulgata
3260 2115 3440 2172 editio
3490 2121 3546 2172 et
3586 2117 3903 2188 exemplar

2228 2205 2669 2278 Complutense.

2299 2295 2385 2360 14,
2409 2297 2496 2350 34.
2523 2294 2922 2367 (Gennezaret)
2949 2311 3185 2367 semper
3211 2293 3392 2350 habet
3414 2294 3474 2349 in
3501 2293 3664 2349 ﬁner
3693 2299 3894 2361 tenue,

2229 2389 2286 2439 et
2310 2382 2532 2456 duplex
2559 2405 2635 2450 νν,
2685 2385 3024 2440 Οὴδηδηεεθ.
3051 2400 3189 2439 vero
3231 2383 3426 2455 capite
3456 2383 3753 2455 sequenti,
3818 2383 3899 2454 (ν.

2226 2473 2343 2542 22.)
2369 2478 2425 2528 et
2467 2473 2614 2528 alias
2664 2473 2904 2544 saepius,
2939 2488 3175 2544 semper
3202 2472 3385 2528 habet
3430 2471 3488 2527 in
3522 2470 3692 2526 initio
3719 2492 3762 2544 χ
3811 2489 3907 2526 as-

2228 2567 2525 2635 peratum.
2584 2562 2741 2617 Facit
2791 2561 2851 2617 in
2906 2566 3156 2634 utroque
3211 2561 3533 2617 nobiscum
3589 2559 3904 2631 exemplar

2231 2649 2666 2721 Complutense.

2304 2739 2391 2803 16,
2423 2739 2511 2793 20.
2545 2741 2706 2794 Tunc
2737 2739 3015 2811 preecepit
3044 2737 3351 2811 discipulis
3383 2738 3526 2802 suis,
3574 2743 3638 2793 ut
3671 2737 3907 2794 nemini

2231 2826 2513 2892 dicerent,
2545 2826 2708 2898 quod
2735 2827 2864 2898 ipse
2897 2831 3048 2882 esset
3069 2826 3358 2883 Christus.
3382 2825 3509 2881 Non
3537 2825 3775 2881 additur
3795 2842 3906 2881 no-

2233 2933 2372 2972 men
2397 2914 2622 2977 Ἰησοῦς.
2657 2915 2721 2970 Et
2755 2916 2834 2972 ita
2865 2915 3049 2988 liquet
3079 2916 3396 2986 Origenem
3447 2915 3524 2987 (ε)
3575 2914 3791 2985 legisse
3842 2915 3909 2970 in

465 3004 555 3059 vel
606 3005 914 3077 quoniam.
958 3006 1083 3060 Pari
1125 3007 1308 3061 modo
1353 3007 1558 3077 legunt
1602 3011 1656 3064 et
1704 3008 2123 3081 Complutense
2172 3078 2201 3081 _
2234 3004 2357 3058 suis
2391 3001 2661 3058 homiliis.

467 3093 766 3164 exemplar
787 3099 839 3148 et
866 3094 1045 3148 editio
1074 3093 1337 3164 vulgata.

536 3185 583 3244 8,
636 3181 721 3234 11.
764 3179 917 3235 Multi
961 3179 1038 3236 ab
1084 3183 1307 3236 oriente
1339 3183 1395 3238 et
1444 3181 1750 3238 occidente
1793 3185 2033 3240 venient
2070 3189 2129 3242 et

465 3269 826 3325 accumbent
852 3269 935 3340 (in
975 3269 1234 3339 sinibus)
1272 3263 1598 3326 Abraham.
1643 3271 1842 3329 Habet
1873 3274 2033 3329 enim
2079 3274 2128 3325 ἐν

466 3365 570 3418 τοῖς
600 3357 825 3421 κόλποις,
860 3355 922 3411 in
974 3357 1223 3424 sinibus,
1267 3373 1388 3412 non
1429 3362 1559 3430 μετά
1598 3377 1755 3416 cum.
1802 3363 2128 3420 Nobiscum

465 3447 680 3518 legisse
706 3446 791 3517 (ἡ)
809 3445 1307 3518 Chrysostomum
1334 3447 1716 3505 manifestum
1741 3455 1828 3507 est
1847 3467 1918 3506 ex
1938 3451 2130 3508 homi-

465 3536 545 3592 lia
571 3535 756 3608 ipsius
785 3536 874 3600 27,
909 3551 1089 3606 super
1115 3535 1464 3591 Matthzeum.

539 3626 591 3693 8,
632 3625 711 3678 t5.
736 3623 996 3678 Surrexit
1019 3625 1073 3678 et
1099 3623 1473 3680 ministrabat
1498 3625 1592 3696 (ei)
1616 3627 1764 3682 Nam
1787 3627 1968 3683 habet
1989 3629 2130 3700 αὖε-ᾦ

468 3711 863 3781 singulariter,
900 3727 1021 3766 non
1063 3711 1234 3772 αὐτοῖς
1273 3713 1377 3768 eis.
1411 3713 1734 3769 Nobiscum
1782 3715 1920 3771 facit
1965 3715 2132 3772 Com-

467 3799 738 3873 plutense
760 3801 1086 3872 exemplar,
1117 3808 1171 3855 et
1200 3800 1454 3871 Vulgata
1479 3801 1658 3859 editio
1685 3803 1740 3858 in
1773 3804 2132 3876 quibusdam

469 3889 764 3945 veteribus
792 3889 1256 3961 exemplaribus.

548 3983 629 4042 10,
661 3981 714 4036 1.
762 3979 1072 4034 Accersitis
1109 3979 1173 4033 12
1203 3978 1502 4051 discipulis
1537 3980 1679 4047 suis,
1714 3980 1880 4036 dedit
1921 3981 2004 4036 eis
2031 3997 2134 4054 po-

470 4071 741 4124 testatem
793 4063 1125 4138 (adversus)
1166 4065 1412 4139 spiritus
1469 4068 1834 4124 immundos.
1900 4072 2013 4124 Nec
2073 4070 2133 4126 in

469 4159 675 4211 nostro
717 4171 826 4210 nec
857 4155 916 4209 in
961 4153 1368 4227 Complutensi
1415 4155 1729 4228 exemplari
1785 4157 2135 4230 exprimitur

470 4246 791 4317 praeposito
835 4247 970 4297 κατὰ
1008 4245 1319 4300 adversus.
1351 4245 1415 4299 Et
1443 4245 1517 4299 ita
1546 4261 1789 4317 quoque
1819 4246 2029 4315 legisse
2057 4248 2135 4302 vi-

470 4331 642 4390 detur
671 4334 769 4406 qui
794 4333 1101 4404 vulgarem
1129 4332 1294 4389 dedit
1318 4333 1639 4388 editionem
1669 4358 1680 4388 :
1712 4336 1792 4390 ait
1814 4335 1962 4390 enim
1991 4353 2002 4390 :
2032 4335 2135 4391 De-

2161 3078 2201 3133 C
2309 3094 2396 3159 18,
2430 3095 2482 3148 8.
2515 3089 2803 3147 Abscinde
2835 3092 2970 3163 (ea).
3003 3089 3192 3146 Habet
3223 3092 3382 3146 enim
3407 3090 3542 3143 αὐτὰ
3571 3089 3908 3162 pluraliter,

2236 3195 2358 3236 non
2389 3181 2545 3232 αὐτὸν
2587 3179 2984 3249 singulariter.
3019 3179 3351 3235 Concordat
3375 3179 3554 3234 etiam
3598 3176 3912 3251 exemplar

2238 3269 2532 3341 Complut.

2310 3358 2397 3422 18,
2449 3359 2526 3412 19.
2561 3360 2814 3413 Rursum
2843 3357 3068 3427 (amen)
3101 3357 3235 3413 dico
3263 3355 3452 3421 vobis,
3493 3357 3657 3428 quod
3691 3357 3740 3411 si
3783 3356 3915 3414 duo

2237 3463 2308 3504 ex
2331 3446 2517 3517 vobis,
2543 3451 2652 3503 etc.
2686 3447 2834 3502 Nam
2862 3443 3097 3502 additur
3127 3445 3265 3519 ἀμὴν
3293 3446 3472 3502 etiam
3512 3446 3573 3501 in
3606 3445 3909 3518 Complut.

2238 3535 2584 3608 exemplari.

2311 3625 2395 3690 18,
2430 3628 2518 3679 29.
2571 3623 2887 3678 Procidens
2937 3638 3078 3693 ergo
3108 3623 3360 3696 (servus)
3409 3623 3483 3678 ad
3521 3623 3703 3695 pedes
3742 3625 3907 3694 ejus.

2243 3713 2430 3769 Habet
2454 3712 2612 3768 enim
2644 3711 2722 3782 (ά)
2773 3709 2982 3775 δοῦλος,
3010 3727 3133 3766 non
3161 3708 3446 3772 σύνδουλος
3479 3711 3640 3763 αὐτοῦ
3675 3726 3918 3766 conser-
3959 3735 3976 3741 ~

2239 3819 2352 3856 vus
2381 3802 2529 3873 ejus,
2560 3816 2917 3874 quanquam
2948 3817 3082 3855 vere
3109 3816 3428 3856 conservus
3458 3803 3603 3855 erat.
3637 3801 3701 3855 Et
3731 3797 3913 3866 intra,

2240 3890 2454 3946 eodem
2500 3906 2691 3954 versu,
2743 3891 2809 3944 Et
2839 3887 3067 3944 solvam
3106 3887 3207 3943 tibi
3242 3907 3254 3944 :
3290 3904 3411 3944 non
3467 3885 3703 3944 additur
3740 3889 3919 3941 πάντα

2241 3979 2468 4034 omnia.
2503 3978 2567 4033 Et
2612 3978 2673 4033 in
2706 3977 2818 4033 hoc
2859 3977 3173 4049 posteriore
3220 3976 3543 4032 concordat
3586 3975 3916 4032 nobiscum

2242 4067 2552 4140 exemplar
2582 4065 2881 4138 Complut.

2313 4153 2402 4221 21,
2436 4156 2486 4210 1.
2521 4157 2589 4211 Et
2634 4155 2900 4210 similiter
2926 4154 3066 4210 Luc.
3103 4159 3186 4220 19,
3215 4153 3303 4210 29.
3338 4153 3732 4226 Beths‘phage,
3771 4154 3920 4209 scri-

2244 4245 2400 4302 bitur
2422 4245 2495 4312 (e)
2522 4244 2868 4317 interposito
2897 4263 2948 4298 σ.
2977 4241 3308 4300 Concordat
3338 4243 3562 4316 ubique
3585 4241 3918 4315 exemplar.

2244 4333 2540 4406 Complut.

472 4424 557 4477 dit
595 4422 679 4477 eis
709 4425 1062 4494 potestatem
1095 4423 1405 4494 spirituum
1439 4421 1916 4491 immundorum,
1957 4423 2136 4480 Addi-
2168 4435 2214 4488 D
2315 4423 2403 4488 21,
2438 4424 2487 4476 7.
2535 4424 2598 4478 Et
2623 4422 2796 4493 (sedit
2846 4437 3021 4494 super
3063 4421 3155 4492 ea)
3208 4421 3480 4478 videlicet
3531 4421 3921 4478 vestimenta.

474 4511 676 4566 dimus
708 4513 930 4576 tamen,
966 4511 1235 4580 exigente
1268 4510 1322 4565 id
1355 4511 1668 4566 sententia.

548 4597 633 4662 10,
664 4603 714 4655 3.
739 4595 998 4654 Jacobus
1014 4598 1240 4670 AlphtBi
1262 4598 1420 4654 ﬁlius
1442 4604 1494 4654 et
1519 4599 1834 4670 (Labicus).
1859 4604 2006 4658 Nam
2031 4602 2135 4658 ha-

473 4687 573 4743 bet
605 4685 820 4758 ubique
849 4686 1052 4750 λεϐαῖος
1082 4687 1334 4761 simplici
1377 4686 1433 4761 β.
1475 4689 1539 4743 Et
1569 4689 1651 4743 ita
1681 4704 1918 4762 semper
1961 4690 2139 4747 habet

475 4775 718 4846 vulgata
747 4776 944 4832 editio.
1420 4780 1423 4783 ’

550 4865 635 4933 11,
681 4864 761 4920 16.
815 4865 1031 4921 Similis
1071 4869 1158 4922 est
1204 4866 1406 4938 pueris
1458 4864 1805 4922 sedentibus
1860 4866 1921 4922 in
1965 4867 2138 4940 (foro)

477 4951 674 5012 Habet
703 4955 861 5010 enim
916 4953 1081 5029 ἀγορᾷ
1128 4954 1517 5024 singulariter,
1553 4971 1674 5010 non
1724 4953 1943 5030 ἀγοραῖς
1973 4956 2135 5012 foris.

540 5131 640 5216 ta).
691 5133 842 5216 cha
874 5135 1150 5216 .quatuor
1193 5131 1696 5216 evangelista-um
1727 5129 1814 5216 ab
1855 5135 2140 5216 lientenio

479 5201 676 5324 Eminus
706 5201 945 5283 deﬁnite
973 5206 1178 5258 notata
1203 5202 1262 5257 in
1293 5219 1464 5258 usum
1491 5202 1780 5259 lectorum
1809 5208 2140 5262 accuratius

504 5285 556 5325 ne
590 5287 762 5326 mavn.

551 5315 966 5414 (Ib-jutl‘lirysost.
995 5349 1039 5400 t.
1077 5345 1187 5410 VII,
1240 5361 1293 5416 p.
1343 5346 1467 5410 209,
1518 5349 1575 5402 C.
1607 5347 1679 5407 εἰς
1725 5351 1844 5407 τοὺς
1894 5347 2135 5410 κόλπους.

481 5412 635 5488 Idem
691 5412 831 5469 ibid.
896 5431 953 5488 p.
1008 5418 1109 5471 315
1157 5412 1306 5488 parvi.
1371 5419 1432 5471 Et
1487 5433 1545 5488 p.
1599 5420 1720 5484 361,
1771 5419 1834 5472 D.
1899 5419 1963 5478 εἰς
2020 5424 2139 5482 τοὺς

481 5484 868 5562 xc).r:ou;._Per
901 5484 1358 5562 incogitantiam
1413 5484 1541 5562 tunc
1581 5489 1751 5562 tinxit
1797 5489 2139 5560 Chrysosto-

481 5557 876 5630 rnusexLuc.
919 5555 998 5624 16,
1033 5555 1118 5625 23,
1146 5565 1207 5614 ut
1235 5575 1305 5614 ex
1339 5558 1532 5630 primo
1565 5555 1974 5630 Chrysostomi
2007 5562 2140 5617 loco

482 5626 852 5697 intelligitur.

2247 4511 2435 4568 Habet
2481 4511 2637 4566 enim
2686 4509 3061 4581 singulariter
3119 4509 3357 4562 ἐκάθισεν
3420 4509 3591 4577 sedit,
3643 4513 3700 4565 et
3748 4507 3923 4560 αὐτῶν

2247 4600 2564 4673 pluraliter.
2594 4600 2818 4655 Eodem
2844 4598 3027 4655 modo
3058 4597 3361 4670 exemplar
3387 4597 3676 4670 Complut.
3711 4597 3924 4669 quoad

2247 4705 2510 4753 sensum,
2583 4688 2716 4744 licet
2779 4686 3031 4744 verbum
3107 4689 3328 4745 haheat
3378 4688 3772 4759 compositum
3853 4683 3923 4738 ἐπ

2247 4780 2483 4831 εκάθισεν
2515 4779 2610 4850 (Γ),
2645 4793 2766 4833 non
2797 4785 2995 4833 autem
3028 4782 3091 4832 ut
3121 4777 3239 4835 alia
3265 4776 3634 4848 exemplaria
3673 4776 3921 4830 ἐπεκάθι-

2251 4887 2346 4920 σαν
2377 4866 2543 4918 ἐπάνω
2579 4867 2662 4937 (g)
2707 4867 2872 4928 αὐτῆς
2901 4867 3270 4924 collocarunt
3318 4880 3501 4938 super
3527 4865 3717 4934 illam,
3767 4869 3922 4938 puta

2251 4971 2506 5012 asmam.

2345 5134 2423 5210 c_)_.
2464 5135 2634 5210 '_l'o_m._
2665 5137 2750 5210 Ill,
2784 5150 2848 5210 p_.
2890 5137 3013 5190 532.
3045 5137 3110 5190 Α.

2344 5202 2709 5278 ιί)Σύνδουλος
2735 5202 2908 5261 habet
2930 5212 3189 5278 uterque
3219 5221 3382 5262 meus
3411 5204 3721 5277 Enthymii.

2344 5282 2394 5340 ε)
2420 5277 2640 5350 Scribis
2669 5277 2891 5332 scilicet
2915 5277 3132 5332 Graecis
3159 5283 3356 5334 notum
3385 5284 3513 5333 erat
3551 5281 3746 5350 σφαγὴ.

2342 5350 2395 5416 Γ)
2427 5349 2728 5421 ἐπεκάθισεν
2752 5354 3013 5421 uterque
3033 5366 3222 5405 mens.

2345 5421 2404 5489 g)
2449 5420 2619 5501 Αεύτῇς
2667 5419 2947 5501 Erasmus
3003 5419 3342 5501 importavit
3387 5419 3918 5501 contra‘codices.

2249 5490 2525 5578 Secunda
2556 5497 2754 5546 tamen
2800 5491 2930 5562 ejus
2975 5490 3154 5547 editio
3186 5498 3342 5546 recte
3387 5491 3568 5548 habet
3611 5490 3922 5544 ἐπεκάθισεν

2251 5579 2420 5614 επανω
2444 5581 2611 5613 αυτων
2625 5605 2637 5618 .
