4110 6386
183 382 249 438 53
1722 382 2120 442 ΡΒᾹΞΡΑΤΙΟ.
3564 385 3635 441 54

252 510 343 577 it,
372 508 464 565 14.
500 510 575 563 Et
628 511 999 564 accesserunt
1055 507 1126 562 ad
1178 522 1317 564 eum
1374 506 1571 563 claudi
1620 508 1675 563 et
1705 507 1862 563 caeci.
1897 510 1944 565 A
1972 510 2218 580 vigilare
2233 526 2472 567 mecum
2496 510 2751 567 ‘IEthaec
2776 508 3077 566 distinctio
3109 508 3302 579 magis
3333 508 3627 581 quadrat:

196 602 330 656 Nam
345 598 456 653 hoc
486 597 708 654 ordine
729 598 869 668 legit
895 596 1198 668 exemplar
1223 596 1398 652 etiam
1414 595 1825 668 Complutense
1848 614 1859 650 :

198 706 308 744 non
363 695 427 744 ut
495 689 616 744 alia
665 687 1029 760 exemplaria
1073 686 1297 742 diverso
1339 685 1567 755 ordine,
1618 685 1750 742 caici
1809 689 1866 740 ct

198 778 402 835 claudi.

261 868 350 927 22,
378 870 431 924 Ii.
462 868 611 923 Ecce
631 866 951 939 prandium
976 880 1177 921 meum
1205 864 1511 935 (paratum
1538 863 1864 937 est).Siqui-

198 958 316 1012 dem
354 956 539 1012 hzzbet
588 958 915 1027 ἡτοίμασται
954 954 1124 1012 tertia
1172 968 1418 1025 persona
1468 952 1705 1023 passiva
1746 968 1863 1008 non

193 1049 463 1117 ἐπέβασε(
491 1044 724 1117 paravi.

260 1135 354 1198 22,
384 1135 476 1199 35,
512 1136 576 1190 Et
608 1132 989 1203 interrogavit
1013 1148 1152 1188 eum
1182 1146 1335 1186 unus
1359 1146 1426 1186 ex
1461 1129 1704 1201 eislegis
1726 1132 1860 1187 doc-

191 1230 277 1279 tor
315 1229 551 1279 tentans
598 1238 755 1278 eum.
801 1225 925 1278 Non
984 1219 1140 1276 enim
1187 1219 1418 1276 additur
1462 1224 1543 1280 τὶς
1589 1219 1857 1291 (h)quis-

190 1315 375 1385 piam.
403 1316 545 1367 ante
568 1314 838 1368 Tentans.
875 1310 1113 1366 Faciunt
1144 1309 1450 1365 nobiscum
1473 1312 1529 1367 et
1552 1307 1860 1379 exemplar

189 1405 614 1476 Complutense
641 1408 695 1459 et
730 1401 986 1471 Vulgata
1014 1400 1213 1456 editio.

251 1495 345 1551 23.
394 1499 455 1548 7.
494 1492 557 1547 Et
581 1492 777 1547 vocari
807 1489 884 1545 ab
904 1489 1245 1545 hominibus
1275 1489 1490 1559 (Rabbi
1522 1488 1727 1559 Rabbi)
1757 1506 1853 1560 ge-

185 1584 415 1639 minata
438 1584 509 1651 (ί)
539 1581 809 1636 dictione.
833 1582 946 1635 Nec
974 1583 1060 1636 est
1087 1578 1269 1652 ῥαϐϐεί
1310 1594 1415 1650 per
1463 1578 1856 1649 dipthongum

186 1672 288 1727 sed
327 1670 514 1744 ραϐϐᾶ.
551 1672 709 1726 Facit
736 1684 843 1741 per
882 1668 1087 1727 omnia
1139 1668 1441 1724 nobiscum
1481 1668 1658 1724 editio
1688 1669 1852 1727 Com-

185 1760 239 1833 pl
248 1759 475 1815 utensis
486 1800 501 1813 .

1973 598 2192 670 alioqui
2226 600 2387 656 enim
2425 600 2572 656 nihil
2610 604 2700 655 est
2729 598 2895 672 quod
2923 598 3037 655 soli
3063 599 3232 653 Petro
3262 597 3495 653 locutus
3524 598 3622 653 sit.

1972 690 2287 762 Exemplar
2306 690 2484 746 etiam
2507 690 2927 763 Complutense
2945 688 3113 745 addit
3136 688 3235 760 (m)
3251 687 3634 760 hypostigma

1970 782 2107 849 post
2131 778 2442 835 dictionem
2470 779 2629 840 οὕτως
2660 779 2764 834 sic.

2044 867 2131 933 27,
2165 871 2257 924 42.
2302 867 2633 923 Descendat
2684 882 2845 924 nunc
2901 867 2974 922 de
3002 881 3176 922 cruce
3226 868 3282 921 et
3316 864 3634 922 credemus

1972 955 2055 1026 (in
2081 957 2267 1026 eum).
2298 960 2499 1029 Neque
2555 956 2705 1012 enim
2768 955 3116 1028 simpliciter
3157 954 3339 1011 habet
3370 954 3510 1024 αὐτῷ
3556 954 3629 1017 ei,

1970 1044 2073 1101 sed
2104 1044 2180 1097 ἐπ’
2214 1046 2376 1115 αὐτῷ.
2434 1045 2563 1103 Pari
2605 1045 2788 1102 modo
2835 1044 2978 1115 legit
3004 1048 3060 1100 et
3098 1043 3405 1116 exemplar
3457 1042 3628 1099 Com-

1968 1133 2270 1204 plutense.

2038 1226 2127 1288 27,
2171 1226 2257 1279 54.
2302 1222 2579 1279 Centurio
2610 1227 2813 1280 autem
2842 1226 2899 1279 et
2926 1222 3033 1297 qui
3065 1238 3204 1278 cum
3225 1237 3291 1277 eo
3318 1226 3488 1278 erant
3513 1236 3632 1278 ser-

1965 1318 2176 1370 vantes
2202 1315 2427 1379 Jesum,
2451 1331 2591 1371 cum
2611 1314 2901 1371 vidissent
2920 1330 3056 1387 quae
3070 1313 3311 1381 ﬁebant,
3330 1316 3442 1368 etc.
3474 1312 3632 1370 Nihil

1966 1403 2060 1458 hic
2085 1402 2300 1459 dicitur
2326 1404 2401 1460 de
2430 1408 2601 1460 terrea
2631 1408 2799 1460 motu
2830 1420 2841 1455 :
2876 1418 3073 1475 neque
3103 1402 3266 1458 enim
3297 1402 3631 1459 addebatur

1964 1497 2046 1544 τὸν
2082 1497 2291 1565 νεισμὸν
2322 1498 2429 1557 καὶ,
2487 1496 2912 1560 terraemotum,
2946 1495 3023 1547 et.
3054 1496 3168 1547 Nec
3211 1498 3410 1547 tamen
3453 1491 3541 1563 (η)
3568 1490 3629 1546 id

1963 1580 2182 1637 librarii
2208 1583 2351 1638 vitio
2386 1583 2677 1639 omissum
2716 1581 2981 1638 videtur:
3024 1597 3163 1637 nam
3191 1581 3459 1645 Joannis,
3492 1595 3627 1652 cap.

1964 1687 2081 1736 vui,
2124 1689 2176 1726 v.
2236 1674 2322 1735 28,
2379 1687 2559 1744 super
2611 1686 2684 1729 eo
2732 1670 2962 1727 verbo:
3023 1669 3172 1726 Cum
3232 1669 3631 1727 exaltaveritis

1966 1760 2162 1818 Filium
2194 1762 2472 1828 hominis,
2502 1765 2611 1818 etc.
2668 1764 2804 1818 Haec
2862 1760 3046 1817 verba
3084 1760 3144 1819 in
3175 1760 3460 1817 eumdem
3487 1759 3630 1817 citat

246 1849 338 1911 23,
390 1849 479 1912 13,
520 1849 615 1903 ib.
644 1847 741 1901 Vze
780 1846 956 1901 vobis
1026 1845 1242 1901 Scribis
1302 1850 1359 1902 et
1414 1845 1684 1903 Pharisaei
1748 1846 1855 1917 hy-
1889 1858 1935 1914 Β
1964 1849 2231 1905 modum.

176 1940 437 2009 pocriur,
470 1936 617 2007 quia
665 1935 960 1992 devoratis
1018 1936 1223 1990 domos
1250 1935 1588 1991 viduarum.
1623 1933 1689 1991 Et
1718 1940 1853 2005 pOst

180 2028 333 2082 hanc
384 2024 876 2097 deplorationem,
917 2024 1179 2095 sequitur
1236 2023 1357 2087 illa,
1393 2039 1509 2094 qua
1538 2024 1674 2081 dicit
1706 2041 1718 2078 :
1751 2025 1849 2080 Vas

178 2116 349 2171 vobis
380 2115 605 2171 Scriba:
630 2118 689 2169 et
718 2113 998 2169 Pharisaei
1026 2113 1371 2185 hypocrita,
1404 2112 1547 2184 quia
1573 2112 1849 2169 clauditis

176 2221 423 2276 regnum
457 2203 771 2261 caelorum.
807 2204 924 2258 Hoc
954 2202 1131 2257 etiam
1159 2201 1520 2282 ordinelegit
1542 2201 1848 2273 exemplar

179 2293 629 2365 Complutense.

239 2386 333 2437 2b.
366 2383 466 2437 45.
520 2382 806 2445 Quisnam
861 2385 949 2437 est
988 2379 1174 2436 ﬁdelis
1227 2395 1425 2436 servus
1454 2384 1510 2435 et
1560 2378 1841 2450 prudens,

172 2486 357 2545 quem
382 2469 643 2542 praefecit
696 2470 986 2525 Dominus
1016 2470 1231 2539 (suus).
1272 2468 1517 2524 Additur
1572 2468 1730 2524 enim
1756 2468 1847 2520 αὐ-

172 2570 261 2613 τοῦ
292 2561 408 2630 (Ir).
447 2559 727 2614 Similiter
753 2557 909 2616 infra
946 2559 1025 2623 (ν.
1074 2558 1167 2628 49)
1212 2575 1223 2612 :
1268 2560 1332 2612 Et
1363 2557 1604 2628 cmperit
1644 2572 1846 2628 percu-

172 2655 289 2705 tere
329 2662 660 2705 conservos
689 2649 902 2717 (suos).
952 2646 1256 2718 Siquidem
1284 2646 1395 2702 hoc
1416 2646 1596 2702 etiam
1630 2645 1688 2701 in
1720 2645 1843 2700 loco

172 2738 512 2794 addebatur
535 2736 716 2791 αὐτοῦ.
754 2736 995 2791 Faciunt
1044 2735 1356 2791 nobiseum
1404 2734 1461 2790 in
1506 2734 1681 2806 priori
1714 2734 1845 2806 qui-

170 2829 302 2883 dem
328 2826 645 2896 exemplar
662 2825 1108 2897 Complutense;
1131 2825 1188 2880 in
1204 2824 1517 2897 posteriori
1540 2841 1693 2888 vero,
1727 2823 1844 2879 edi-

170 2917 250 2971 tio
286 2915 564 2984 Vulgata.

234 3006 327 3067 25,
361 3008 425 3060 2.
463 3003 741 3074 Quinque
765 3006 963 3059 autem
996 3016 1069 3058 ex
1112 3001 1195 3058 eis
1247 3006 1408 3061 erant
1436 3000 1755 3072 prudentes
1786 3004 1845 3057 et

162 3095 432 3167 quinque
472 3091 669 3146 fatuae.
705 3093 822 3145 Hoc
872 3090 1079 3145 ordine
1135 3089 1241 3161 qui
1295 3088 1620 3144 naturalior
1646 3092 1755 3155 est,
1789 3096 1847 3145 et

2034 1942 2122 2007 28,
2164 1940 2251 1995 19.
2282 1942 2519 2005 Euntes,
2554 1938 2764 1995 docete
2790 1952 3004 1994 omnes
3045 1941 3272 2007 gentes.
3302 1940 3432 1995 Non
3458 1936 3627 1994 addi-

1962 2032 2052 2083 tur
2084 2028 2160 2099 (o)
2189 2026 2274 2080 οὖν
2303 2044 2462 2099 ergo,
2515 2032 2656 2100 post
2694 2028 3017 2083 dictionem
3078 2031 3294 2082 euntes.
3322 2026 3451 2083 Pari
3477 2041 3625 2099 quo-

1960 2132 2077 2189 que
2108 2118 2290 2174 modo
2322 2117 2464 2187 legit
2485 2116 2789 2188 exemplar
2817 2115 3263 2188 Complutense.

2621 2258 2718 2315 Ea:
2742 2257 2962 2313 Marco.

2035 2388 2081 2455 l,
2116 2386 2208 2440 16.
2250 2384 2406 2440 Vidit
2436 2383 2741 2440 Simonem
2762 2386 2818 2439 et
2842 2381 3145 2440 Andream
3171 2381 3413 2437 fratrem
3433 2380 3624 2452 ipsius

1955 2473 2287 2545 (Simonis.)
2314 2472 2567 2529 Additur
2596 2487 2862 2543 namque
2914 2478 3005 2523 τοῦ
3031 2476 3274 2542 Σίμωνος,
3328 2470 3505 2526 etiam
3559 2469 3621 2525 in

1954 2561 2280 2632 exemplari
2315 2560 2743 2632 Complutensi.

2027 2653 2076 2716 1,
2104 2655 2189 2706 35.
2232 2650 2389 2706 Abiit
2412 2650 2475 2707 in
2504 2650 2811 2707 desertum
2832 2648 3056 2705 locum.
3093 2651 3159 2705 In
3188 2650 3393 2704 nostro
3422 2662 3622 2703 exem-

1953 2739 2104 2811 plari
2141 2755 2262 2795 non
2290 2738 2739 2810 exprimebatur
2790 2752 3016 2794 nomen
3070 2737 3296 2799 Ἰησοῦς.
3327 2736 3489 2792 Facit
3516 2751 3619 2794 au—

1953 2832 2073 2885 tem
2103 2828 2418 2884 nobiscum
2447 2828 2559 2883 hoc
2588 2827 2651 2882 in
2678 2826 2812 2883 loco
2839 2826 3073 2897 vulgata
3112 2826 3302 2882 editio.

2023 2918 2078 2982 3,
2120 2920 2208 2971 34.
2243 2916 2514 2989 Cumque
2561 2916 3075 2987 circumspexisset
3138 2916 3199 2971 in
3247 2914 3493 2970 circuitu
3513 2914 3620 2970 cir-

1954 3021 2082 3060 cum
2116 3004 2401 3060 sedentes.
2454 3006 2584 3059 Non
2618 3004 2784 3059 addit
2805 3004 2885 3074 (p)
2926 3006 3164 3075 μαθητάς
3189 3003 3536 3075 discipulos,
3564 3008 3620 3059 et

1954 3094 2034 3150 ita
2058 3092 2396 3164 generalius
2422 3092 2701 3164 loquitur.
2728 3093 2977 3149 Faciunt
3000 3092 3314 3149 nobiscum
3345 3096 3403 3149 et
3422 3107 3619 3149 exem-

156 3186 328 3253 jnxta
358 3184 665 3253 praseepta
702 3180 1042 3246 rhetorices,
1076 3180 1245 3235 habet
1268 3180 1435 3236 etiam
1464 3177 1645 3234 editio
1673 3178 1843 3233 Com-
1881 3210 1922 3266 ρ
1953 3182 2079 3255 plar
2110 3181 2525 3253 Complutense
2555 3185 2615 3236 et
2647 3180 2895 3251 Vulgata
2928 3180 3128 3236 editio.

160 3271 483 3343 plutensis.
525 3270 590 3326 Et
621 3269 892 3325 similiter
937 3268 1092 3326 infra
1121 3268 1197 3338 (v.
1230 3270 1280 3337 4)
1314 3287 1328 3338 ;
1357 3268 1676 3325 Prudentes
1705 3282 1845 3322 vero

161 3363 526 3431 acceperunt
555 3358 757 3414 oleum
796 3358 853 3411 in
898 3357 1059 3414 vasis
1084 3357 1209 3413 suis
1260 3373 1397 3413 cum
1450 3355 1841 3427 lampadibus

161 3450 351 3517 (suis.)
380 3446 565 3501 Addit
590 3447 767 3501 etiam
802 3446 1114 3501 nobiscum
1146 3444 1428 3517 praedicta
1455 3445 1629 3501 editio
1672 3444 1840 3497 αὐτῶν

164 3556 310 3594 εωε.

229 3631 325 3692 26,
354 3628 452 3682 18.
496 3629 576 3681 ite
606 3624 667 3680 in
683 3625 981 3681 civitatem
1006 3626 1085 3680 ad
1101 3623 1450 3694 quemdam,
1478 3623 1711 3680 etdicite
1738 3622 1791 3678 ei
1820 3640 1837 3677 .-

162 3716 423 3787 ‘l‘empus
472 3729 676 3769 meum
722 3728 910 3785 prope
935 3718 1041 3769 est.
1094 3716 1223 3768 Non
1272 3712 1448 3769 habet
1478 3714 1505 3763 ὁ
1575 3709 1839 3764 όιὸάσκαο

160 3806 242 3864 λος
270 3805 431 3873 λέχει,
498 3802 769 3871 Magister
827 3802 1002 3865 dicit;
1037 3816 1229 3872 neque
1279 3800 1464 3857 ullam
1518 3800 1657 3856 facit
1706 3801 1838 3872 ejus

164 3894 537 3948 mentionem
569 3891 627 3946 in
656 3891 1133 3947 Commentariis.
1174 3889 1360 3945 Habet
1384 3894 1584 3945 tamen
1616 3889 1755 3944 illud
1782 3890 1840 3944 in

166 3982 367 4036 Marco
420 3984 480 4036 et
519 3980 694 4045 Luca,
742 3979 893 4035 sicut
942 3984 997 4034 et
1051 3984 1265 4036 caetera
1338 3978 1721 4049 exemplaria.
1776 3981 1841 4034 Et

166 4070 313 4141 quia
388 4067 500 4122 hoc
563 4066 741 4123 etiam
806 4066 937 4122 loco
990 4066 1049 4121 id
1101 4066 1278 4121 habet
1333 4066 1511 4122 editio
1565 4066 1842 4137 Complu-

168 4158 391 4222 tensis;
450 4171 660 4212 vereor
708 4171 781 4211 ne
828 4155 893 4211 id
952 4155 1019 4227 (ι)
1071 4155 1290 4212 librarii
1339 4155 1478 4209 vitio
1539 4156 1610 4211 sit
1669 4155 1841 4211 omis.

172 4265 331 4303 sum.

235 4339 327 4403 26,
362 4339 454 4392 40.
490 4340 557 4392 Et
578 4336 657 4393 ait
683 4336 868 4396 Petro
896 4352 908 4390 :
942 4334 1080 4390 Sic?
1109 4338 1231 4392 Non
1259 4335 1530 4407 potuistis
1544 4351 1664 4391 una
1695 4334 1841 4393 hora

236 4479 318 4609 ἑή)
348 4479 626 4531 Erasmus
659 4475 878 4530 scilicet
910 4479 1037 4548 post
1062 4478 1269 4548 νομικός
1296 4474 1475 4530 habet
1497 4494 1594 4538 τις.

264 4552 303 4609 ι’)
344 4551 626 4603 Erasmus
665 4546 823 4602 enim
849 4547 907 4601 in
936 4548 1187 4609 gratiam
1215 4549 1426 4603 Latinae
1458 4547 1594 4609 Vulg

169 4612 513 4676 mél'omisit
563 4618 745 4692 paﬁéi,
790 4612 992 4692 ῥαϐϐιί,
1046 4634 1149 4692 per
1180 4638 1243 4681 αι,
1277 4619 1333 4672 in
1364 4612 1655 4690 plerisque
1693 4619 1841 4674 locis

166 4693 329 4770 apud
349 4690 859 4770 '[heophylactum
901 4692 1075 4745 etiam
1110 4690 1338 4770 legitur.

235 4766 319 4827 (k)
360 4766 645 4818 Erasmus
693 4762 977 4816 nimirum
1006 4759 1214 4817 omittit
1262 4760 1422 4812 αὐτοῦ
1472 4760 1529 4814 in
1583 4759 1839 4816 editione

166 4830 432 4889 secunda
460 4840 514 4887 et
548 4832 716 4887 tertia
755 4848 891 4903 quae
938 4848 1093 4885 nunc
1122 4833 1193 4885 ad
1230 4848 1445 4903 manus
1474 4838 1638 4885 erant
1664 4831 1827 4903 solae.

166 4908 478 4961 timissum
514 4904 590 4957 ab
618 4902 863 4958 Erasmo
898 4904 1056 4954 αὑτού
1076 4909 1128 4957 et
1154 4902 1307 4957 Millii
1340 4908 1395 4957 et
1426 4903 1732 4957 Wetstenii
1758 4902 1839 4959 la-

166 4981 278 5031 tuit
303 4977 708 5041 diligentiam.

238 5051 307 5115 (ι)
356 5048 534 5102 Recte
579 5046 807 5116 judicat
862 5044 1205 5100 Hentenius.
1253 5044 1440 5100 Habet
1478 5044 1636 5099 enim
1688 5047 1843 5100 uter-

208 5135 277 5175 ue
314 5136 513 5175 meus.

167 5136 546 5255 qutiujnlggste
601 5187 1049 5259 hypostigmen.
1114 5187 1310 5241 Griece
1341 5191 1431 5242 est
1480 5188 1834 5258 ὑποστιγμήν.

236 5266 317 5333 (η)
372 5262 657 5333 Utroque
690 5259 829 5333 loco
876 5265 1331 5333 uterque‘meus
1394 5260 1839 5333 omit_tunt__ista

168 5330 337 5389 verba
374 5329 967 5402 Euthymiovidetur
993 5329 1103 5402 hoc
1127 5329 1259 5384 loco
1283 5329 1644 5402 imposuisse
1668 5330 1840 5402 Chry-

169 5414 299 5461 scst.
338 5412 374 5460 t.
408 5399 545 5457 VIII
577 5420 637 5474 p.
702 5401 888 5474 825e,
942 5402 1043 5474 qui
1078 5400 1201 5454 haec
1232 5399 1463 5474 silentio
1505 5401 1838 5474 praetermit-

170 5482 221 5530 tit
254 5496 321 5533 ac
374 5471 605 5531 Lucam
643 5489 749 5544 pro
809 5471 1073 5526 Mattham
1113 5471 1385 5541 explicat.
1438 5472 1668 5544 Habent
1717 5472 1842 5527 haec

168 5551 400 5603 codices
435 5543 724 5602 meliores
764 5558 980 5598 omnes
1038 5548 1217 5614 atque
1256 5544 1433 5597 etiam
1481 5543 1839 5613 Origenes,t.

233 5639 715 5763 (0‘)).Lzaiin‘orum
744 5684 848 5741 alii
878 5692 966 5735 νῦν
996 5700 1174 5752 nunc,
1209 5685 1310 5741 alii
1338 5684 1427 5736 οὐν
1463 5699 1605 5755 ergo
1633 5684 1844 5741 inmte-

2020 3274 2078 3337 4,
2117 3272 2204 3327 21.
2251 3274 2402 3327 Num
2441 3270 2684 3327 lucerna
2749 3269 2954 3341 (venit)
2989 3274 3050 3324 ut
3096 3268 3299 3325 subter
3350 3267 3618 3325 modium

1951 3364 2208 3432 ponatur
2237 3360 2264 3414 ?
2302 3362 2452 3417 Nam
2510 3358 2685 3415 habet
2730 3359 2945 3431 ἔρχεται
2995 3372 3117 3413 non
3150 3357 3231 3429 (q)
3286 3360 3490 3409 καίεται
3528 3372 3618 3412 ac-

1952 3449 2242 3505 cenditur.
2276 3452 2340 3505 Et
2392 3448 2491 3505 hic
2547 3464 2788 3520 quoque
2833 3447 3155 3504 nobiscum
3185 3446 3412 3504 faciunt
3437 3450 3493 3503 et
3518 3462 3618 3503 ex-

1951 3538 2181 3609 emplar
2208 3537 2621 3609 Complutense
2652 3542 2709 3594 et
2737 3536 2989 3605 Vulgata
3014 3536 3215 3593 editio.

2021 3632 2070 3693 5,
2099 3628 2191 3683 “ll.
2232 3630 2362 3683 Erat
2387 3633 2578 3684 autem
2636 3625 2719 3683 ibi
2765 3627 2934 3697 juxta
2957 3625 3273 3697 (montem)
3316 3638 3461 3694 grex
3487 3640 3616 3682 ma-

1949 3731 2107 3787 gnus
2140 3731 2478 3787 porcorum.
2520 3716 2826 3787 Siquidem
2850 3713 3030 3771 habet
3061 3717 3188 3786 πρὸς
3213 3722 3285 3784 τῷ
3316 3718 3443 3787 ὄρει,
3493 3728 3618 3770 non

1946 3805 2252 3878 pluraliter
2301 3808 2366 3857 τά
2434 3805 2527 3878 ὅρη
2589 3809 2847 3862 montes.
2908 3803 3183 3861 Similiter
3240 3808 3296 3860 et
3337 3803 3430 3859 hic
3486 3802 3618 3875 pari

1949 3894 2133 3951 modo
2158 3894 2365 3965 legunt
2390 3894 2520 3949 dure
2543 3894 2834 3965 prmdictae
2870 3892 3182 3948 editiones.

2020 3987 2071 4045 6,
2107 3982 2194 4038 l8.
2223 3986 2350 4039 Non
2391 3983 2526 4039 licet
2579 3982 2683 4038 tibi
2735 3980 2952 4038 habere
3012 3996 3265 4039 uxorem
3311 3980 3614 4053 (Philippi)

1948 4071 2143 4127 fratris
2171 4071 2255 4125 tui
2281 4087 2295 4135 ;
2330 4070 2563 4127 additur
2592 4070 2753 4126 enim
2776 4069 3062 4125 Φιλιππου.

2017 4162 2071 4226 6,
2100 4160 2185 4215 32.
2240 4163 2303 4215 Et
2332 4160 2579 4231 (egressi
2610 4160 2792 4231 sunt),
2827 4158 3067 4227 navigio
3094 4158 3155 4215 in
3198 4158 3504 4214 desertum
3534 4158 3616 4217 lo-

1948 4265 2114 4307 cum.
2182 4248 2496 4320 Siquidem
2577 4247 2762 4304 habet
2830 4246 3113 4320 pluralier
3176 4246 3429 4314 άπῆλθον,
3495 4263 3616 4305 non

1948 4337 2195 4407 ἀπῆλθεν,
2249 4337 2422 4393 abiit.
2485 4336 2588 4392 Hic
2646 4336 2820 4393 etiam
2876 4334 3250 4391 concordant
3314 4334 3618 4406 exemplar

1946 4480 2105 4533 runt.
2169 4476 2492 4549 Utrumque
2538 4480 2693 4532 recte
2742 4477 3023 4549 omittunt
3062 4477 3472 4543 Tertullianus,
3506 4478 3615 4534 Ire-

264 4546 307 4620 ι’)
344 4551 626 4620 Erasmus
651 4546 823 4620 enim
849 4546 1187 4620 ingratia'm
1215 4549 1426 4620 Latina:
1458 4547 1731 4616 Vulgatas
1754 4563 1840 4620 se-
1872 4565 1915 4619 ι)
1948 4565 2134 4611 naeus,
2214 4546 2561 4620 Cyprianus,
2613 4552 2676 4603 ut
2731 4553 2895 4603 notat
2935 4548 3302 4603 SabatieriiIs
3334 4549 3411 4604 ad
3455 4550 3617 4605 hunc

1947 4621 2173 4676 locum.
2202 4622 2281 4675 Ex
2309 4619 2618 4675 codicibus
2644 4620 3113 4691 omnibus,quos
3132 4620 3615 4690 cgoexaminavi,

1946 4691 2123 4747 habet
2164 4690 2325 4747 solus
2350 4691 2734 4770 Mpsquensis
2772 4707 2823 4746 e.
2854 4690 3218 4770 vocabulum
3248 4692 3354 4761 οὖν,
3396 4692 3497 4770 qui
3530 4700 3617 4770 est

1950 4762 2543 4835 cum_commentario
2566 4768 2621 4817 et
2642 4767 2877 4835 catena.
2911 4765 3200 4835 Interpres
3225 4778 3365 4831 ergo
3398 4762 3615 4835 aliquis

1947 4834 2043 4889 hic
2071 4833 2269 4888 denuo
2295 4833 2616 4902 incipiebat
2638 4834 3214 4903 interpretationem.
3246 4836 3394 4901 Ergo
3426 4833 3613 4888 vinci-

1948 4904 2119 4960 endas
2146 4900 2423 4960 orationis
2453 4920 2639 4959 causa
2667 4900 2924 4959 addebat
2954 4900 3061 4955 οὖν.
3094 4904 3212 4962 Pro
3234 4921 3305 4960 eo
3326 4900 3423 4959 alii
3460 4905 3614 4975 lege-

1948 4982 2084 5031 runt
2111 4984 2218 5027 νῦν.

2019 5051 2101 5117 (p)
2136 5050 2413 5118 Erasmus
2444 5060 2656 5117 nempe
2688 5046 3017 5101 ineditione
3032 5046 3296 5101 secunda
3316 5050 3450 5116 etc.,
3474 5050 3617 5118 post

1948 5123 2079 5192 περὶ.
2101 5119 2257 5192 αὑττδῖξ
2312 5117 2493 5192 habet
2521 5118 2775 5192 μαθητοέςς

2022 5188 2091 5259 (q)
2126 5188 2357 5242 Scilicet
2382 5188 2441 5243 in
2500 5188 2803 5243 nonnullis
2861 5188 3167 5243 codicibus
3207 5187 3421 5243 Latinis
3464 5188 3614 5257 legi-

1948 5263 2043 5315 tur
2080 5259 2425 5324 accenditur,
2457 5273 2569 5330 pro
2595 5262 2773 5315 venit.
2805 5260 2905 5314 Hic
2925 5260 3087 5315 fraus
3116 5260 3611 5329 interpolatorum

1947 5332 2163 5387 elucet.
2222 5333 2365 5385 Nam
2427 5331 2525 5386 alii
2584 5330 2640 5385 id
2694 5330 3081 5385 reddiderunt
3129 5335 3348 5399 καίεται,
3389 5331 3508 5397 alii,
3552 5334 3612 5387 in

1948 5402 2038 5456 his
2068 5402 2261 5456 Codex
2292 5401 2816 5470 Cantabrigiensis,
2848 5402 3120 5457 omnium
3154 5402 3420 5465 intimus,
3458 5403 3612 5455 ἄπει-πη

1948 5492 2036 5524 ται
2062 5472 2357 5527 Audacter
2404 5488 2563 5528 nunc
2612 5473 2693 5527 ita
2724 5474 2793 5526 de
2819 5473 2956 5528 cod.
2996 5474 3272 5528 Cantabr.
3305 5490 3408 5528 seu
3446 5474 3611 5530 Wet-

1950 5546 2121 5600 stenii
2161 5543 2221 5598 C.
2272 5544 2437 5614 loqui
2489 5560 2759 5615 possum.
2789 5543 2919 5599 Mox
2966 5545 3120 5599 enim
3155 5547 3211 5599 in
3233 5544 3427 5599 lucem
3453 5544 3607 5599 istud

1952 5619 2283 5671 monstrum
2308 5616 2705 5686 protrahetur.
