4110 6380
468 388 538 441 ss
1982 379 2139 435 vim

2260 378 2375 435 ΓΙΟ.
3823 374 3901 431 36

472 508 888 579 Complutense
914 510 970 561 et
1003 505 1255 577 Vulgata
1276 506 1471 573 editio,
1496 508 1661 578 quod
1712 508 1887 565 etiam
1939 507 2130 577 magis
2167 509 2213 560 A
2243 510 2330 562 est
2354 506 2500 563 nihil
2548 507 2742 564 habet.
2774 508 2890 563 Nec
2939 505 3163 562 librarii
3193 503 3262 577 (ἰ)
3316 502 3548 560 incuria
3598 499 3904 559 omissum

470 598 727 671 quadrat
755 613 890 651 cum
922 595 1393 667 praecedentibus
1425 602 1481 652 et
1508 597 1914 668 sequentibus.

544 692 595 752 6,
630 691 716 741 37.
750 684 1325 755 Egressi(ememus)
1349 686 1619 741 ducentis
1640 686 1894 742 denariis
1921 701 2128 757 panes.

475 776 776 847 Siquidem
829 772 1155 844 ἀγοράσωμεν
1200 774 1382 829 habet
1439 775 1741 830 indicandi
1812 775 2015 839 modo,
2078 778 2135 828 et

471 882 588 921 non
617 866 957 937 ἀγοράσωμεν
990 880 1268 929 emamus,
1298 881 1405 935 per
1432 865 1901 935 subjunctivum.

545 960 596 1021 6,
631 958 717 1009 44.
750 957 1137 1007 Erantautem
1170 954 1273 1023 qui
1304 953 2008 1024 manducaverant(ipsos
2030 970 2135 1024 pa-

470 1044 600 1114 nes)
658 1042 911 1096 Additur
958 1042 1117 1095 enim
1179 1045 1299 1102 τοὺς
1346 1043 1555 1113 ἄρτους.
1616 1043 1777 1098 Facit
1827 1041 2134 1097 nobiscum

471 1130 777 1202 exemplar
802 1129 1242 1200 Complutense.

543 1223 597 1285 7,
630 1224 717 1275 26.
750 1222 1089 1273 Eratautem
1107 1217 1322 1273 mulier
1337 1217 1541 1275 Graeca
1574 1220 2135 1291 (SyraPhoenicissa)

473 1324 688 1379 genere
724 1325 736 1373 ;
760 1323 883 1362 non
909 1309 1113 1363 Graeca
1150 1306 1610 1379 Syrophoenissa
1636 1325 1741 1380 per
1761 1309 2136 1379 compositio-

472 1412 635 1452 nem.
702 1397 838 1451 Pari
885 1396 1067 1451 modo
1134 1395 1278 1465 legit
1358 1400 1414 1452 et
1468 1397 1887 1468 Complutense
1940 1413 2136 1453 exem-

472 1485 625 1556 plar.

545 1574 685 1638 9,6.
750 1576 900 1628 Nom
959 1572 1120 1627 enim
1174 1573 1388 1629 sciebat
1450 1574 1619 1645 (quid
1652 1574 1914 1630 dicturus
1942 1576 2131 1644 esset).

475 1661 666 1716 Habet
735 1661 894 1715 enim
960 1660 1194 1727 λαλήσει,
1263 1677 1367 1732 per
1430 1663 1844 1726 indicativum,
1901 1667 1957 1718 et
2012 1679 2137 1718 non

474 1749 699 1821 λαλήσῃ,
731 1764 837 1821 per
868 1748 1338 1818 subjunctivum.
1388 1752 1547 1806 Facit
1603 1752 1913 1807 nobiscum
1964 1753 2135 1807 Com-

2242 595 2536 662 arbitror;
2572 595 2793 667 alioqui
2815 594 3053 651 eitasset
3104 595 3308 666 utique
3335 594 3395 648 in
3436 591 3677 647 scholiis
3700 590 3805 646 ubi
3837 589 3905 645 id

2246 684 2549 754 Scriptura
2568 684 2744 749 dicat,
2774 683 3283 756 quemadmodum
3300 683 3360 736 in
3379 680 3681 737 similibus
3705 680 3909 735 facere

2243 774 2406 828 solet.
2432 775 2634 829 Nescio
2666 790 2743 829 an
2772 789 2807 828 a
2836 773 3109 828 studioso
3124 773 3415 844 quopiam
3437 769 3791 841 prophetam
3824 768 3907 824 ei-

2244 869 2405 918 tante
2432 862 2493 917 id
2511 863 2771 933 primum
2799 862 3053 930 margini
3087 862 3159 917 sit
3189 861 3485 923 additum,
3514 858 3730 914 deinde
3758 864 3907 913 tem-

2244 968 2387 1023 pore
2417 952 2797 1022 procedente,
2830 951 3033 1005 litterae
3066 952 3137 1005 sit
3163 950 3514 1005 admistum.

2317 1041 2401 1093 15.
2436 1045 2522 1095 29.
2582 1040 2749 1111 (Vah)
2778 1041 2881 1110 qui
2938 1039 3191 1096 destruis
3242 1036 3533 1108 templum
3558 1035 3678 1090 Dei.
3713 1034 3909 1090 Habet

2243 1143 2507 1200 namque
2564 1128 2679 1195 οὗά,
2736 1142 2857 1182 non
2914 1126 3052 1189 οὐαί,
3128 1142 3229 1181 vae.
3294 1124 3537 1180 Faciunt
3581 1122 3907 1178 nobiscum

2246 1217 2662 1288 Complutense
2703 1216 3027 1287 exemplar,
3070 1216 3441 1284 Vulgataque
3472 1213 3676 1269 editio.

2318 1307 2404 1372 16,
2452 1307 2542 1362 11.
2584 1306 2738 1360 Loco
2764 1306 2915 1375 ejus,
2943 1306 3108 1377 quod
3164 1305 3223 1359 in
3265 1303 3395 1358 aliis
3449 1302 3666 1357 Latinis
3699 1300 3912 1357 editio‘

2244 1394 2423 1449 nibus
2452 1410 2523 1450 ex
2548 1393 2763 1450 Graecis
2808 1393 3020 1448 dicitur
3047 1410 3059 1447 :
3094 1395 3161 1445 Et
3186 1392 3267 1447 illi
3293 1390 3498 1447 audito
3545 1390 3713 1462 quod
3746 1390 3910 1444 vive—

2244 1488 2335 1538 ret
2380 1488 2435 1539 et
2476 1484 2641 1539 visus
2680 1487 2833 1538 esset
2890 1481 2963 1538 ab
3012 1498 3101 1548 ea,
3136 1496 3258 1537 non
3301 1479 3714 1536 crediderunt:
3754 1479 3909 1534 nihil

2242 1572 2427 1627 habet
2464 1573 2543 1643 (υ)
2575 1576 2846 1627 nostrum
2877 1570 3199 1641 exemplar.
3257 1572 3372 1625 Nec
3402 1569 3641 1634 mirum,
3700 1567 3750 1621 si
3788 1567 3912 1623 hoc

2243 1660 2536 1732 quispiam
2584 1659 2897 1725 addiderit,
2927 1675 3066 1714 cum
3113 1662 3308 1714 totum
3336 1657 3451 1713 hoc
3496 1658 3570 1712 de
3596 1657 3916 1711 Resurrec—

2246 1749 2404 1804 tione
2447 1755 2625 1819 caput
2646 1748 3014 1819 adjectitium
3053 1763 3186 1802 esse
3237 1746 3505 1819 plerique
3564 1746 3913 1801 Graecorum

472 1838 623 1908 plut.
652 1837 829 1892 editio
863 1854 1013 1905 ;nec
1048 1838 1325 1893 eamdem
1347 1844 1438 1894 est
1478 1839 1793 1912 utrobique
1820 1843 2133 1900 sententia.
2170 1862 2210 1915 Β
2246 1842 2538 1906 asserant,
2564 1842 2628 1892 ut
2677 1836 2862 1892 habet
2889 1840 3091 1892 noster
3140 1842 3346 1891 auctor
3380 1853 3390 1888 ε
3428 1836 3707 1905 idemque
3753 1834 3915 1889 inter

473 1931 540 1980 ut
592 1931 751 1996 patte
790 1941 857 1981 ex
928 1926 1108 1996 hujus
1170 1926 1307 1981 dicti
1365 1927 1851 1999 interpretatione
1923 1928 2127 1983 Matth.

476 2030 609 2079 xvu,
644 2018 703 2070 4.

549 2104 637 2167 10,
671 2103 760 2157 43.
795 2103 911 2158 Sed
956 2104 1296 2176 quicunque
1318 2105 1570 2160 voluerit
1597 2104 1726 2161 ﬁeri
1754 2121 2013 2175 magnus
2054 2107 2141 2161 in-

477 2196 567 2246 ter
588 2208 713 2246 vos.
748 2193 875 2247 Non
906 2192 1067 2247 enim
1117 2193 1349 2248 additur
1402 2196 1544 2265 ὑμῶν
1598 2200 1734 2266 post
1782 2196 2138 2266 quicunque.

480 2281 722 2335 Faciunt
745 2280 1065 2335 nobiscum
1097 2286 1403 2353 exemplar
1427 2284 1720 2353 Complut.
1767 2289 1824 2339 et
1866 2284 1990 2340 Vul.
2017 2285 2141 2339 edi-

478 2368 578 2424 tio.
608 2368 671 2423 Id
705 2374 903 2424 autem
934 2386 1051 2424 non
1102 2376 1329 2425 rectum
1361 2377 1469 2437 est,
1513 2372 1673 2443 quod
1717 2388 1911 2445 neque
1937 2374 1997 2427 in
2024 2373 2143 2427 ﬁne

479 2457 778 2513 dictorum
800 2459 1114 2515 verborum
1137 2460 1314 2515 habet
1336 2461 1587 2531 Vulgata
1603 2462 1781 2518 editio
1808 2480 1818 2517 :
1848 2463 2003 2517 Inter
2016 2478 2140 2529 vos,

480 2550 604 2613 aut,
630 2547 691 2599 In
726 2547 918 2601 vobis.

555 2636 641 2699 11,
672 2634 757 2687 32.
784 2635 858 2690 At
903 2635 1216 2708 (dicamus)
1253 2639 1339 2692 Ab
1394 2639 1742 2695 hominibus
1779 2662 1791 2699 :
1843 2648 1903 2697 ut
1929 2643 2145 2698 subau-

484 2723 702 2793 diatur,
734 2740 865 2778 non.
898 2728 1099 2796 Neque
1150 2728 1309 2782 enim
1358 2727 1593 2783 additur
1623 2730 1706 2780 ἐάν
1763 2732 1835 2795 si,
1865 2736 1929 2786 ut
1960 2734 2147 2802 possit

481 2810 596 2881 legi
626 2828 639 2866 :
670 2814 739 2868 At
759 2814 806 2866 si
837 2812 1175 2869 dixerimus.
1206 2819 1406 2887 Neque
1433 2817 1585 2872 adeo
1611 2820 1928 2875 commode
1951 2824 2146 2891 potest

482 2901 677 2971 aptari
705 2902 1111 2973 sequentibus.
1132 2904 1294 2960 Facit
1308 2906 1617 2962 nobiscum
1643 2908 1945 2979 exemplar
1977 2911 2145 2964 Com-

481 2988 627 3060 plut.

560 3080 642 3143 12,
668 3083 754 3134 29.
787 3080 938 3135 Audi
994 3082 1174 3138 Israel
1228 3082 1517 3139 Dominus
1572 3086 1724 3140 Deus
1767 3088 2001 3159 (vester)
2038 3090 2145 3144 Do-

483 3166 676 3220 minus
715 3182 872 3221 unus
909 3171 1012 3223 est.
1043 3168 1349 3240 Siquidem
1373 3187 1495 3226 non
1514 3172 1697 3229 habet
1749 3176 1894 3246 ἡμῶν
1926 3182 2140 3241 noster,

484 3254 588 3309 sed
636 3258 778 3327 ὑμῶν
823 3264 1029 3313 vester.
1085 3260 1153 3311 Et
1207 3258 1361 3314 infra
1416 3276 1564 3314 vers.
1622 3262 1708 3327 30,
1772 3279 1894 3318 non
1944 3264 2140 3330 habet,

483 3346 570 3393 καὶ
599 3342 651 3404 ἐξ
682 3344 803 3403 ὅλης
829 3352 923 3405 τῆς
983 3346 1170 3416 ἰσχύος
1203 3363 1319 3398 σου’
1372 3351 1438 3403 Et
1484 3364 1553 3403 ex
1599 3354 1720 3406 tota
1775 3352 1987 3407 virtute
2020 3358 2142 3421 tua,

486 3431 645 3502 quod
687 3438 891 3487 tamen
923 3432 1138 3489 librarii
1166 3435 1239 3506 (ν)
1264 3436 1406 3492 vitio
1431 3436 1658 3493 factum
1681 3439 1958 3509 arbitror,
1995 3446 2055 3496 ut
2084 3441 2145 3497 in

484 3518 583 3574 illo
612 3519 744 3576 loco
773 3520 1221 3580 adnotavimus.
1252 3527 1397 3580 Item
1425 3525 1597 3582 infra.
1631 3544 1688 3582 v.
1721 3530 1806 3583 31.
1838 3532 1903 3585 Et
1932 3545 2143 3585 secun-

484 3608 632 3663 dum
688 3609 879 3665 simile
948 3616 1037 3666 est
1111 3612 1255 3683 (illi).
1320 3616 1469 3669 Nam
1545 3615 1729 3672 habet
1783 3618 1937 3689 αὐτῇ,
2021 3634 2143 3675 non

486 3697 617 3753 αὕτη
653 3698 761 3753 hoc
794 3715 806 3764 ;
842 3704 905 3754 ut
930 3700 1043 3769 legi
1075 3702 1263 3772 possit
1295 3718 1307 3757 :
1338 3706 1403 3757 Et
1433 3704 1761 3760 secundum
1795 3707 1985 3762 simile
2032 3709 2145 3764 hoc

483 3789 592 3840 est.
622 3786 942 3843 Nobiscum
973 3789 1190 3858 legisse
1216 3790 1459 3857 videtur,
1507 3794 1611 3864 qui
1641 3795 1959 3865 Vulgatam
1983 3797 2147 3853 dedit

483 3874 825 3930 editionem.

555 3964 643 4027 12,
678 3968 765 4019 36.
808 3964 934 4036 Ipse
965 3966 1125 4021 enim
1150 3967 1329 4023 David
1378 3968 1519 4025 dixit
1560 3986 1666 4042 per
1697 3972 1979 4042 Spiritum
2011 3991 2145 4029 san—

485 4056 638 4105 etum
674 4069 684 4107 :
720 4053 911 4125 (Dicit)
944 4055 1236 4111 Dominus
1286 4058 1538 4115 Domino
1566 4076 1724 4124 meo,
1754 4077 1876 4115 non
1906 4062 1977 4133 (s)
2010 4059 2144 4115 εἶπεν

480 4141 651 4196 dixit.
676 4145 743 4196 Et
771 4143 831 4197 in
858 4144 1097 4200 scholiis
1127 4145 1262 4201 facit
1292 4147 1474 4202 etiam
1504 4148 1687 4220 hujus
1726 4153 2091 4207 mentionem
2124 4171 2136 4207 :

482 4235 539 4285 et
566 4230 646 4285 ita
676 4231 856 4286 habet
898 4233 1204 4304 exemplar
1235 4235 1534 4307 Complut.

556 4322 641 4384 14,
671 4320 758 4376 32.
787 4322 994 4377 Sedete
1038 4322 1131 4376 hic
1183 4323 1328 4378 dum
1355 4325 1564 4380 orabo.
1614 4327 1742 4381 Non
1783 4329 1943 4384 enim
1972 4328 2145 4385 habet

482 4406 711 4459 ἀπελθὼν
741 4409 1024 4479 digressus
1057 4416 1192 4466 ante
1261 4413 1475 4469 Orabo.
1528 4413 1905 4471 Concordant
1943 4417 2144 4472 nobis-

483 4511 622 4550 cum
678 4500 732 4552 et
790 4498 1209 4569 Complutense
1264 4502 1563 4573 exemplar
1616 4509 1671 4558 et
1724 4504 1969 4575 Vulgata
2027 4507 2145 4563 edi-

482 4584 576 4641 tio.

554 4675 641 4739 15,
675 4674 769 4731 28.
807 4677 960 4731 Loco
991 4678 1139 4748 ejus,
1167 4680 1333 4749 quod
1369 4679 1468 4735 alii
1498 4680 1702 4749 legunt
1733 4699 1744 4735 :
1781 4684 1847 4737 Et
1900 4684 2146 4753 impleta

482 4766 570 4816 est
596 4763 892 4833 Scriptura
915 4780 1051 4835 quae
1091 4766 1230 4821 dicit
1264 4787 1274 4825 :
1337 4770 1551 4822 Etcum
1579 4768 1801 4839 iniquis
1832 4778 2143 4841 reputatus

547 4940 649 5067 £738
686 4940 859 4995 Recte
910 4942 1161 4998 monuit.
1219 4945 1421 5000 Servat
1497 4946 1658 5000 enim
1731 4946 1845 5002 ista
1894 4953 2140 5022 uterque

481 5026 669 5065 meus.

478 5150 519 5205 b
549 5082 627 5207 (ts)
648 5082 935 5168 ’Nimirum
980 5100 1090 5155 pro
1121 5086 1383 5141 secundo
1416 5088 1593 5157 hujus
1627 5104 1833 5144 versus
1862 5091 1998 5144 εἶπεν
2036 5092 2139 5147 ha-

524 5167 552 5206 e
626 5174 757 5207 ιε’γει.

524 5167 579 5223 et
608 5167 757 5223 λεγει.

552 5222 619 5301 (t)
657 5222 927 5301 Abestin
962 5232 1211 5301 utroque
1254 5245 1418 5301 meo.
1453 5230 1541 5284 Ad
1583 5231 1785 5286 Matth.
1825 5250 2002 5300 xxvu,
2048 5239 2136 5301 38,

476 5292 685 5375 landat
713 5296 954 5375 quidem
992 5292 1337 5375 Eutﬁymius
1378 5300 1525 5375 haec,
1557 5304 1659 5357 sed
1720 5319 1790 5358 ex
1847 5292 2017 5361 Isaia.
2058 5292 2137 5361 Eo

478 5371 679 5446 tamen
710 5368 764 5419 in
789 5368 1278 5446 interpretatione
1305 5372 1473 5446 Marci
1494 5372 1740 5428 lectores
1763 5378 2018 5430 remittit.
2054 5380 2137 5431 Ex

476 5435 853 5517 Lectionariis
890 5435 1040 5517 hanc
1070 5444 1507 5517 corruptionem
1558 5450 1749 5499 ortam
1791 5462 1918 5501 esse
1959 5448 2135 5501 docui

475 5508 1335 5586 quaelizecjnalteralectione
1384 5516 1688 5580 omittunt,
1743 5533 1879 5570 cum
1932 5523 2133 5573 tamen

475 5578 533 5631 in
564 5578 746 5635 altera
773 5580 1050 5637 habeant.

547 5649 625 5718 (υ)
652 5653 813 5705 llunc
839 5652 1135 5709 defectum
1160 5657 1323 5726 apud
1350 5657 1539 5712 solum
1584 5658 1969 5729 Euthymium
2011 5661 2133 5716 ani-

2248 1927 2485 1981 Latinos
2504 1926 2680 1981 divus
2708 1926 3102 1996 Hieronymus
3118 1925 3176 1980 in
3203 1924 3471 1995 Epistolis
3487 1923 3662 1979 refert
3680 1926 3910 1994 pleros-

2247 2031 2363 2087 que
2390 2016 2604 2070 dieere.
2656 2017 2721 2070 Et
2772 2022 3094 2085 praetercea
3125 2014 3391 2069 secundo
3421 2013 3709 2068 adversus
3740 2012 3914 2067 Pela—

2249 2105 2458 2173 gianos
2478 2105 2593 2159 hoc
2606 2104 2770 2159 aitde
2784 2102 3145 2174 exprobrata
3161 2101 3572 2157 incredulitate
3586 2100 3911 2172 cordisque

2248 2193 2479 2249 duritie.

2916 2282 3016 2336 Ea:
3054 2282 3237 2337 Luca.

2321 2374 2376 2441 2,
2398 2373 2488 2428 33.
2522 2375 2587 2427 Et
2607 2376 2775 2428 erant
2837 2371 3054 2442 Ioseph
3108 2375 3164 2425 et
3202 2374 3390 2425 mater
3431 2370 3560 2440 ejus
3604 2369 3912 2425 admiran-

2252 2464 2363 2531 tes,
2421 2466 2531 2515 etc.
2592 2463 2720 2515 Non
2768 2460 2951 2515 habet
3002 2459 3153 2514 enim
3183 2460 3208 2510 ὁ
3260 2462 3459 2532 πατὴρ,
3493 2458 3597 2513 sed
3630 2458 3654 2508 ὁ
3690 2458 3908 2529 Ἰωσήφ.

2254 2551 2411 2605 Facit
2438 2549 2749 2605 nobiscum
2799 2547 3096 2619 Complut.
3125 2547 3449 2619 exemplar,
3506 2548 3625 2602 imo
3657 2552 3714 2602 et
3772 2547 3916 2601 Vul-

2254 2646 2393 2708 gata
2419 2640 2616 2704 editio,
2647 2638 2857 2693 saltem
2884 2639 2944 2693 in
2970 2637 3272 2692 veteribus
3304 2636 3669 2708 quibusdam
3709 2652 3914 2691 exem-

2253 2728 2541 2799 plaribus.
2608 2727 2884 2783 Similiter
2942 2726 3117 2793 infra,
3160 2742 3309 2780 vers.
3362 2727 3479 2781 43:
3549 2728 3612 2780 Et
3641 2740 3764 2780 non
3818 2741 3916 2781 co-

2254 2819 2457 2887 gnovit
2490 2817 2723 2888 Ioseph,
2783 2824 2838 2871 et
2880 2821 3071 2871 mater
3122 2816 3272 2886 ejus,
3317 2816 3672 2869 assentiente
3729 2813 3913 2869 etiam

2254 2906 2346 2961 hic
2378 2905 2779 2977 Complutensi
2801 2905 3125 2976 exemplari
3158 2920 3297 2959 cum
3315 2904 3413 2959 alii
3442 2902 3709 2958 habeant
3737 2920 3748 2957 :
3808 2908 3915 2955 Καὶ

2253 2996 2347 3047 οὐκ
2376 2999 2602 3067 ἔγνωσαν
2634 2996 2682 3047 οἱ
2701 3002 2866 3067 γονεῖς
2893 2995 3073 3059 αὐτοῦ,
3103 2996 3170 3049 Et
3214 3008 3334 3047 non
3358 2998 3771 3062 cognoverunt
3806 3007 3917 3064 pa-

2250 3088 2448 3141 rentes
2476 3086 2632 3155 ejus.
3436 3102 3445 3107 ·

2326 3177 2377 3238 3,
2406 3174 2493 3228 33.
2528 3176 2594 3228 Et
2627 3174 2751 3243 ipse
2781 3174 2952 3227 Jesus
2982 3176 3109 3229 erat
3137 3171 3324 3228 ferme
3351 3186 3649 3227 annorum
3675 3170 3918 3240 triginta

2255 3261 2558 3316 incedens.
2594 3263 2722 3316 Non
2755 3261 3067 3331 incipiens.
3121 3261 3309 3316 Habet
3334 3276 3600 3331 namque
3631 3257 3911 3333 ἐρχόμενος

2259 3350 2339 3421 (ω)
2370 3352 2491 3405 Non
2522 3351 2830 3424 ἀρχόμενος,
2864 3350 3032 3421 quod
3065 3350 3243 3406 etiam
3294 3348 3679 3404 manifestum
3718 3352 3805 3403 est
3836 3364 3903 3404 ex

2259 3439 2515 3494 auctoris
2547 3438 2802 3494 scholiis.

2326 3527 2475 3582 Ibid.
2505 3527 2617 3592 Qui
2674 3526 2783 3582 fuit
2838 3526 2945 3582 Eli.
2996 3526 3335 3583 notandum
3364 3526 3427 3580 in
3459 3528 3663 3580 nostro
3716 3540 3916 3580 exem-

2256 3615 2405 3686 plari
2476 3615 2604 3681 ἠλεί,
2658 3616 2848 3671 lenem
2906 3615 3127 3671 habere
3185 3614 3476 3686 spiritum.
3511 3613 3801 3669 Praeterea
3858 3618 3917 3669 et

2256 3705 2417 3771 ἠλίας,
2442 3707 2915 3777 quotiescunque
2941 3704 3105 3777 apud
3135 3704 3533 3772 evangelistas
3568 3702 3800 3771 legitur.
3830 3702 3918 3756 Id-

2256 3809 2372 3865 que
2407 3794 2774 3849 conformius
2796 3799 2883 3849 est
2916 3794 3135 3863 linguas
3183 3792 3488 3848 Hebraicaa
3518 3792 3578 3845 in
3607 3807 3730 3863 qua
3762 3790 3917 3846 Elias

2256 3882 2334 3938 ab
2360 3884 2542 3954 Aleph
2564 3883 2755 3939 littera
2800 3884 2983 3938 sumit
3031 3882 3343 3938 exordium
3380 3898 3393 3947 ;
3426 3881 3541 3936 hoc
3573 3884 3775 3935 autem
3801 3879 3917 3935 ele-

2256 3977 2546 4037 mentum,
2602 3977 2665 4026 ut
2720 3972 3114 4027 communiter
3156 3970 3387 4040 dicitur,
3432 3969 3655 4024 nullam
3709 3984 3917 4024 secum

2254 4061 2429 4116 trahit
2455 4060 2904 4132 aspirationem.
2954 4062 3311 4131 Quanquam
3343 4063 3403 4113 ut
3447 4074 3651 4113 verum
3704 4056 3913 4121 fatear,

2252 4165 2449 4220 neque
2471 4150 2645 4215 Elias,
2681 4149 2787 4203 sed
2815 4149 3043 4204 Eliiahu
3063 4148 3448 4203 scribendum
3476 4151 3650 4211 esset,
3688 4148 3736 4201 si
3757 4151 3918 4203 recte

2254 4239 2522 4295 Hebraeos
2570 4238 2821 4294 velimus
2861 4238 3081 4292 imitari
3120 4254 3132 4292 :
3182 4238 3332 4292 sicut
3361 4241 3417 4291 et
3453 4235 3767 4290 Jesahiahu
3812 4239 3921 4291 aut

2254 4328 2561 4384 Iesaeiahu
2577 4343 2699 4383 non
2722 4327 2924 4383 Esaias
2950 4332 3051 4383 aut
3077 4327 3318 4382 Hesaias
3349 4325 3471 4382 sive
3496 4325 3700 4380 Isaias.

2326 4423 2377 4483 3,
2419 4418 2507 4471 '24.
2543 4418 2653 4482 Qui
2682 4417 2790 4472 fuit
2821 4416 3122 4488 (Matthan)
3154 4432 3277 4470 non
3308 4415 3543 4480 Mathat,
3574 4418 3637 4468 ut
3658 4429 3727 4468 ex
3760 4429 3916 4469 com-

2255 4507 2520 4562 munibus
2542 4506 2801 4563 habetur
2815 4506 3032 4561 Graecis
3058 4504 3524 4576 exemplaribus.
3542 4503 3605 4558 In
3624 4502 3921 4574 plerisque

2254 4596 2433 4651 etiam
2482 4596 2661 4666 hujus
2720 4594 3083 4665 genealogis;
3131 4594 3498 4658 nominibus,
3556 4596 3611 4647 et
3650 4591 3922 4647 similiter

2252 4685 2400 4755 ejus,
2438 4700 2624 4756 quam
2656 4684 2932 4739 describit
2953 4683 3285 4747 Mattheeus,
3309 4682 3570 4737 variatur
3583 4682 3746 4752 apud
3776 4696 3919 4736 auc-

2252 4777 2439 4828 torem
2488 4778 2761 4829 nostrum
2807 4771 3234 4843 orthographia
3263 4788 3296 4825 a
3337 4770 3588 4826 lectione
3631 4784 3921 4825 commu-

2250 4951 2553 5022 madverti.
2580 4954 2778 5022 Neque
2805 4950 3093 5022 Birchius,
3116 4948 3475 5022 novissimus
3514 4947 3920 5022 editoghunc

2248 5020 2544 5076 defectum
2568 5038 2637 5076 ex
2665 5018 2868 5077 codice
2885 5021 3129 5076 notavit.
3157 5019 3521 5085 Alteretiam,
3554 5019 3640 5073 vir
3656 5018 3919 5087 diligen-

2249 5094 2532 5157 tissimus,
2565 5092 2793 5147 nullum
2809 5094 2904 5147 hic
2931 5108 3002 5146 ex
3020 5091 3195 5146 codd.
3218 5088 3783 5145 Vindobonensibus
3813 5089 3915 5143 de-

2248 5163 2468 5218 fectum
2498 5165 2743 5219 notavit.
2778 5165 2903 5217 Imo
2925 5168 3132 5217 contra
3160 5178 3227 5216 ex
3256 5162 3428 5216 codd.
3457 5161 3739 5215 indicavit
3779 5161 3915 5217 ἡπί-

2251 5254 2452 5290 onio—av
2484 5251 2592 5306 pro
2656 5235 3076 5306 vitiosaqunius
3131 5233 3347 5287 codicis
3402 5232 3657 5306 lectione
3681 5232 3915 5306 ἠπίστη-

2246 5303 2613 5378 καν.ΑΙὶςῘιιὶά
2640 5304 2883 5378 humani
2909 5309 3220 5375 passusest
3251 5305 3502 5375 autipse
3533 5303 3908 5373 Euthymius,

2247 5382 2350 5430 aut
2374 5377 2584 5431 scribae
2607 5377 2757 5447 ejus.

2318 5451 2403 5517 (ω)
2434 5451 2549 5502 Hoc
2582 5445 2667 5502 est
2700 5448 2903 5502 vitium
2959 5447 3337 5502 manifestum
3396 5445 3625 5500 scribae.
3698 5447 3916 5500 Neuter

2244 5516 2513 5573 meorum
2572 5520 2654 5572 ita
2714 5518 2913 5573 habet.
2976 5519 3381 5587 Interpretatio
3470 5517 3601 5571 illus
3652 5516 3767 5572 loci
3823 5524 3917 5573 est

2241 5591 2419 5645 etiam
2449 5607 2555 5661 pro
2590 5593 2901 5661 ἀρχόμενος.
2930 5591 3089 5646 Nam
3122 5592 3349 5661 ἔρχομαι
3386 5604 3507 5642 non
3547 5589 3915 5643 construitur

2240 5678 2376 5716 cum
2411 5662 2691 5732 genitivo.
