4110 6386
223 404 286 467 57
1756 392 2153 462 PR/EFATIO.
3592 402 3657 469 δε

228 539 387 593 nium
402 540 752 594 Grmcorum
768 536 1822 611 exemplarium,frequenterquoque
1837 540 1892 589 et
1923 522 1967 586 Α
1995 532 2101 587 fuit
2130 534 2353 603 Melchi,
2386 541 2488 611 qui
2519 539 2628 596 fuit
2655 540 2825 607 Addi,
2859 540 2965 613 qui
2998 539 3100 595 fuit
3131 541 3369 603 Cosam,
3408 539 3507 610 qui
3548 538 3659 593 fuit

228 645 262 685 a
291 628 590 684 Germana
627 628 1019 684 Hebraeorum
1058 624 1326 682 lectione.
1374 622 1747 696 Quapropter
1776 624 1889 695 pri-

229 726 390 772 mum
420 723 545 772 erat
565 712 809 773 animus
826 710 1046 772 horum
1066 714 1551 786 orthographiam
1575 713 1889 770 nominum

229 801 299 861 ad
327 823 541 861 verum
582 806 971 861 Hebraeorum
1014 805 1236 860 fontem
1280 803 1597 858 reducere:
1629 806 1890 873 postmo-

230 896 375 951 dum
397 912 542 952 vero
561 912 687 951 rem
707 896 957 967 propius
975 894 1349 966 inspectanti,
1374 898 1430 948 et
1450 892 1611 964 quod
1626 891 1753 947 haec
1771 906 1891 945 non

232 984 308 1041 ab
341 986 617 1047 Hebraeis,
642 984 748 1039 sed
768 1001 805 1040 a
835 984 1049 1040 Graecis
1075 982 1448 1038 traducerem
1482 978 1889 1053 perpendenti,

231 1075 413 1129 satius
430 1074 633 1129 visum
664 1078 755 1129 est
778 1089 903 1129 non
931 1072 1080 1127 adeo
1103 1070 1287 1126 multa
1311 1071 1367 1125 in
1386 1069 1577 1125 littera
1595 1066 1892 1137 Evangelii

230 1163 575 1232 immutare,
608 1175 683 1217 ne
712 1159 854 1233 quid
886 1160 1182 1217 interdum
1206 1159 1453 1214 haereret
1486 1158 1679 1223 lector,
1704 1158 1893 1211 incer-

233 1254 329 1306 tus
356 1251 431 1305 de
459 1267 585 1322 quo
615 1250 777 1307 ﬁeret
798 1265 1015 1305 sermo.
1045 1252 1158 1304 Nec
1184 1252 1388 1303 tamen
1417 1246 1767 1303 Hebraicam
1794 1246 1897 1301 ho-

231 1356 367 1395 rum
406 1341 724 1396 nominum
772 1337 1268 1409 orthographiam
1300 1336 1535 1407 penitus
1566 1334 1895 1407 relinquere

232 1427 417 1491 volui,
452 1443 529 1483 ne
558 1427 708 1500 quid
738 1443 775 1484 a
819 1442 916 1483 me
949 1424 1256 1481 studiosus
1296 1424 1483 1481 lector
1519 1423 1893 1490 desideraret,

232 1518 337 1573 sed
357 1518 418 1573 in
440 1516 607 1573 hunc
627 1517 829 1572 locum
854 1502 1078 1585 redegi.
1108 1514 1577 1585 Breviteritaque
1592 1513 1895 1584 utriusque

232 1606 389 1661 Evan
398 1607 628 1675 gelistae
651 1604 1049 1675 generationis
1066 1604 1277 1659 seriem
1290 1606 1449 1658 recta
1469 1601 1897 1673 orthographia

232 1702 517 1751 retexam.
554 1694 746 1759 Liber,
769 1693 964 1766 inquit
984 1692 1306 1760 Matthteus,
1336 1690 1732 1761 generationis
1757 1690 1895 1744 Jcsu

230 1784 478 1851 Christi,
500 1783 605 1838 ﬁlii
634 1783 841 1852 David,
870 1782 971 1837 ﬁlii
993 1781 1296 1837 Abraham
1328 1800 1341 1836 :
1366 1781 1667 1836 Abraham
1693 1781 1897 1849 genuit

1998 622 2329 694 Elmodam,
2363 628 2465 699 qui
2506 628 2613 685 fuit
2640 632 2730 695 Er,
2764 630 2870 703 qui
2901 630 3007 685 fuit
3036 622 3193 693 Jose,
3225 629 3331 700 qui
3376 628 3481 683 fuit
3508 627 3656 682 Elie-'

1996 727 2108 777 zer,
2138 715 2238 785 qui
2270 714 2378 771 fuit
2405 718 2616 783 .loram,
2651 719 2753 790 qui
2784 718 2892 773 fuit
2927 718 3196 782 Matatha,
3229 717 3333 788 qui
3361 714 3469 771 fuit
3504 716 3654 781 Levi,

1998 801 2095 873 qui
2119 802 2223 857 fuit
2240 802 2503 870 Simeo‘n,
2528 808 2630 879 qui
2650 806 2759 862 fuit
2778 806 3029 871 Jehuda,
3054 807 3150 877 qui
3170 806 3279 861 fuit
3296 805 3536 877 Joseph,
3556 803 3658 877 qui

1998 890 2107 946 fuit
2135 886 2304 957 Jona,
2338 895 2440 965 qui
2466 896 2577 951 fuit
2609 895 2867 962 Eliacim,
2901 895 3007 967 qui
3034 895 3141 950 fuit
3164 893 3387 958 Milcha,
3421 894 3523 965 qui
3551 892 3660 948 fuit

1998 974 2253 1046 Mainan,
2289 984 2391 1053 qui
2424 984 2529 1039 fuit
2559 985 2829 1050 Matatha,
2863 985 2965 1056 qui
2998 984 3105 1038 fuit
3128 984 3384 1048 Nathan,
3417 982 3518 1054 qui
3552 982 3659 1037 fuit

2001 1069 2206 1135 David,
2239 1072 2341 1141 qui
2374 1070 2481 1127 fuit
2514 1073 2663 1138 lisai,
2712 1073 2818 1145 qui
2851 1073 2959 1128 fuit
2992 1072 3177 1136 Obed,
3211 1073 3313 1143 qui
3350 1071 3451 1126 fuit
3488 1072 3652 1135 Boaz,

2001 1158 2097 1229 qui
2120 1158 2229 1213 fuit
2252 1159 2515 1227 Salmon,
2537 1164 2634 1233 qui
2656 1161 2762 1217 fuit
2784 1162 3084 1225 Nahason,
3109 1160 3212 1233 qui
3232 1160 3335 1215 fuit
3359 1160 3660 1215 Ammina-

2000 1246 2142 1311 dab,
2178 1249 2281 1320 qui
2307 1248 2415 1305 fuit
2442 1250 2680 1319 Haram,
2711 1251 2815 1323 qui
2842 1250 2948 1306 fuit
2975 1252 3219 1315 Hesron,
3252 1250 3355 1320 qui
3380 1248 3487 1303 fuit
3512 1248 3660 1303 Pha-

2001 1351 2114 1402 rez,
2147 1337 2249 1408 qui
2281 1336 2389 1393 fuit
2411 1339 2671 1411 Jehudae,
2691 1340 2794 1411 qui
2820 1339 2928 1395 fuit
2954 1338 3158 1402 Jacob,
3186 1339 3289 1411 qui
3308 1337 3419 1393 fuit
3446 1337 3657 1403 lishac,

2002 1425 2105 1497 qui
2118 1424 2559 1490 fuitAbrabam,
2580 1427 2680 1500 qui
2699 1426 3068 1490 fuitNachor,
3085 1427 3189 1496 qui
3208 1426 3313 1480 fuit
3333 1426 3538 1495 Serug,
3561 1426 3659 1496 qui

2004 1512 2111 1569 fuit
2139 1516 2321 1583 Ragu,
2355 1516 2456 1587 qui
2488 1515 2596 1571 fuit
2636 1514 2876 1585 Phaleg,
2909 1514 3013 1587 qui
3045 1515 3152 1569 fuit
3182 1515 3381 1579 Heber,
3413 1514 3507 1584 qui
3552 1514 3660 1569 fuit

2005 1602 2277 1675 Sala,qui
2295 1604 2655 1671 fuitCainan,
2674 1606 2775 1678 qui
2792 1602 3252 1677 fuitArphaxad,
3270 1604 3372 1675 qui
3387 1603 3491 1658 fuit
3509 1604 3658 1672 Sem,

2001 1691 2107 1763 qui
2139 1692 2247 1748 fuit
2280 1693 2464 1755 Noah,
2494 1696 2594 1766 qui
2622 1694 2729 1749 fuit
2748 1694 3023 1757 Lamech,
3046 1694 3147 1765 qui
3176 1693 3283 1747 fuit
3304 1692 3658 1758 Mathusale,

2003 1781 2104 1853 qui
2132 1780 2239 1837 fuit
2272 1783 2491 1851 Enoch,
2522 1783 2621 1855 qui
2654 1783 2761 1838 fuit
2791 1782 2979 1848 Iared,
3026 1782 3121 1854 qui
3159 1781 3267 1837 fuit
3297 1781 3657 1847 Mahalaleel,

231 1874 445 1938 lishac,
482 1873 667 1928 lishac
697 1876 899 1928 autem
932 1871 1133 1941 genuit
1159 1870 1400 1934 Jaacob,
1440 1870 1665 1925 Jaacob
1694 1875 1893 1925 autem
1926 1870 1968 1923 Β
2004 1871 2103 1941 qui
2134 1870 2243 1926 fuit
2291 1872 2534 1937 Cainan,
2580 1872 2682 1943 qui
2714 1872 2821 1927 fuit
2862 1874 3039 1936 Enos,
3077 1872 3178 1943 qui
3219 1870 3326 1925 fuit
3357 1870 3515 1937 Seth,
3556 1869 3656 1942 qui

227 1962 733 2033 genuitJehudam
746 1966 802 2017 et
815 1961 1021 2017 fratres
1035 1961 1182 2030 ejus,
1198 1958 1462 2015 Jehudas
1478 1965 1676 2014 autem
1691 1960 1895 2027 genuit

229 2052 455 2106 Pharez
482 2054 539 2105 et
569 2050 758 2105 Zarah
787 2049 859 2103 de
890 2048 1165 2110 Thamar,
1200 2046 1423 2102 Pharez
1452 2052 1652 2103 autem
1696 2048 1896 2116 genuit

230 2140 482 2203 Hesron,
521 2141 749 2194 Hesron
779 2142 979 2194 autem
1000 2136 1643 2209 genuitAmminadab,
1673 2138 1897 2191 Ammi-

222 2228 435 2285 nadab
448 2233 641 2283 autem
657 2227 863 2296 genuit
876 2226 1173 2290 Nahason,
1195 2226 1472 2281 Nahason
1488 2232 1678 2281 autem
1693 2225 1897 2296 genuit

227 2318 490 2382 Salmon,
520 2317 766 2374 Salmon
793 2320 992 2372 autem
1009 2315 1214 2385 genuit
1240 2313 1393 2373 Boaz
1412 2325 1484 2370 oe
1500 2315 1725 2381 Rabab,
1744 2317 1895 2370 Boaz

223 2414 426 2462 autem
459 2407 665 2475 genuit
696 2404 860 2460 Obed
903 2421 976 2459 ex
1025 2404 1208 2475 Ruth,
1259 2403 1418 2460 Obed
1460 2409 1661 2460 autem
1694 2402 1897 2473 genuit

222 2494 383 2559 lisai,
417 2495 549 2549 lisai
580 2499 779 2550 autem
802 2494 1006 2563 genuit
1030 2491 1219 2550 David
1242 2508 1465 2564 regem,
1492 2492 1675 2548 David
1695 2503 1895 2549 autem

221 2599 328 2639 rex
361 2583 569 2653 genuit
616 2582 989 2638 Solomonem
1015 2598 1085 2637 ex
1113 2597 1185 2637 ea
1219 2596 1355 2652 quae
1384 2581 1489 2636 fuit
1531 2581 1701 2648 Urite,
1737 2581 1897 2636 Solo-

225 2688 370 2728 mon
398 2677 601 2726 autem
634 2670 839 2740 genuit
868 2670 1265 2726 Rechabeam.
1293 2670 1665 2725 Rechabeam
1695 2674 1895 2725 autem

225 2760 433 2830 genuit
474 2760 708 2823 Abiam,
742 2759 958 2814 Abiam
985 2766 1182 2814 autem
1225 2759 1431 2828 genuit
1460 2759 1771 2830 Josaphat,
1804 2759 1897 2813 Jo-

225 2850 448 2921 saphat
461 2854 657 2904 autem
672 2847 1179 2918 genuitJehoram,
1203 2848 1472 2903 Jeboram
1489 2852 1680 2903 autem
1696 2848 1897 2917 genuit

227 2939 457 3003 Osiam,
482 2938 656 2992 Osias
692 2943 892 2992 autem
925 2938 1126 3007 genuit
1150 2935 1411 3003 Jotham,
1432 2937 1672 2992 Jotham
1697 2943 1897 2993 autem

224 3027 434 3098 genuit
463 3026 682 3089 Achaz,
708 3026 901 3081 Achaz
917 3030 1114 3082 autem
1135 3025 1337 3096 genuit
1364 3024 1677 3091 Hizkiahu,
1712 3025 1898 3080 Hizki-

224 3116 349 3171 ahu
366 3119 575 3171 autem
592 3114 798 3184 genuit
812 3116 1148 3179 Manassen,
1170 3116 1466 3169 Manasses
1480 3118 1677 3169 autem
1694 3115 1898 3183 genuit

2001 1960 2110 2016 fuit
2142 1959 2356 2023 Adam,
2384 1958 2490 2032 qui
2520 1959 2628 2015 fuit
2656 1960 2779 2015 Dei.

2074 2049 2127 2112 5,
2156 2051 2239 2103 19.
2274 2049 2534 2120 Cumque
2569 2065 2689 2104 non
2720 2048 3103 2112 invenissent,
3136 2064 3257 2119 qua
3288 2048 3452 2103 illum
3482 2048 3662 2103 infer-

2002 2140 2160 2192 rent.
2218 2140 2343 2192 Non
2386 2135 2736 2209 exprimitur
2789 2137 3127 2208 praepositio
3181 2132 3274 2187 διὰ
3327 2152 3448 2206 per.
3500 2133 3662 2190 Facit

2005 2227 2319 2282 nobiscum
2352 2226 2633 2298 Complut.
2661 2226 2867 2282 editio.

2077 2316 2128 2379 5,
2175 2314 2268 2369 27.
2308 2315 2455 2369 Vidit
2486 2314 2874 2385 publicanum
2916 2314 3159 2369 nomine
3206 2311 3430 2384 (Levin)
3474 2312 3663 2367 Habet

2006 2404 2165 2459 enim
2195 2403 2350 2455 λευίν.
2384 2405 2450 2458 Et
2482 2404 2680 2459 statim
2727 2403 2880 2459 infra
2922 2419 2978 2457 v.
3011 2404 3080 2457 29
3113 2419 3123 2457 :
3158 2403 3224 2456 Et
3250 2402 3385 2456 fecit
3429 2402 3479 2455 ei
3522 2417 3661 2456 con-

2004 2491 2229 2546 vivium
2274 2508 2556 2563 magnum
2598 2492 2816 2564 (Levis)
2845 2492 2998 2556 λευίς,
3049 2507 3168 2546 non
3207 2506 3312 2562 per
3346 2489 3660 2560 diphthon-

2007 2596 2147 2651 gum
2188 2581 2247 2635 in
2289 2582 2590 2652 posteriori
2623 2581 2835 2637 sillaba
2865 2581 2950 2652 (y)
2989 2580 3149 2632 lauat»
3183 2585 3239 2635 et
3275 2580 3455 2639 λευείς.
3492 2580 3663 2636 Facit

2007 2670 2325 2725 nobiscum
2356 2671 2529 2725 etiam
2579 2671 2880 2741 exemplar
2918 2669 3360 2740 Complutense.
3408 2669 3663 2723 Possunt

2007 2764 2205 2813 autem
2238 2759 2297 2814 hi
2330 2775 2504 2814 casus
2535 2760 2588 2814 in
2624 2759 2888 2814 Latinam
2917 2774 3152 2830 quoque
3181 2758 3453 2827 linguam
3476 2762 3663 2811 trans-

2006 2847 2260 2912 formari,
2302 2848 2813 2920 quemadmodum
2854 2863 2888 2901 a
2930 2846 3281 2902 nominibus
3331 2845 3664 2917 Emphasis,

2007 2937 2281 3001 Protasis,
2318 2937 2568 3008 Epitasis
2595 2953 2663 2992 ac
2692 2936 3011 2991 similibus.

2077 3027 2130 3092 5,
2154 3027 2242 3080 30.
2265 3026 2795 3082 Etmurmurabant
2816 3026 3015 3081 scribae
3033 3026 3157 3097 (qui
3180 3024 3330 3081 inter
3352 3040 3453 3079 eos
3476 3024 3665 3093 erant)

2008 3115 2257 3169 Additur
2294 3130 2559 3186 namque
2599 3114 2787 3169 αὐτῶν.
2823 3115 2916 3169 Sic
2948 3119 3004 3169 et
3046 3112 3351 3185 exemplar
3390 3112 3668 3184 Complu-

223 3210 435 3267 Amon,
467 3208 666 3258 Amon
695 3206 896 3259 autem
923 3202 1675 3272 genuitJosiahu,Josiahu
1696 3208 1895 3259 autem
1936 3225 1975 3278 ρ
2005 3209 2195 3259 tense.

221 3293 431 3361 genuit
448 3290 791 3357 Jekoniam,
814 3296 868 3346 et
888 3289 1099 3346 fratres
1126 3290 1177 3363 ej
1189 3307 1255 3345 us
1282 3290 1344 3346 in
1370 3290 1896 3361 transmigratione

221 3380 621 3452 Babylonica.
644 3382 855 3451 Etpost
870 3379 1457 3449 transmigrationem
1475 3380 1895 3453 Babylonicum

221 3469 547 3524 Jechonias
592 3468 797 3537 genuit
843 3467 1099 3538 Sealtiel,
1154 3468 1390 3525 Sealtiel
1442 3476 1641 3525 autem
1700 3469 1899 3538 genuit

224 3556 627 3619 Zorobbabel,
653 3555 1022 3612 Zorobbabel
1044 3562 1244 3612 autem
1265 3557 1468 3625 genuit
1484 3556 1743 3622 Abihud,
1766 3557 1899 3612 Abi—

222 3646 353 3702 hud
387 3650 596 3701 autem
629 3645 829 3714 genuit
860 3643 1129 3710 Eliakim,
1167 3644 1414 3699 Eliakim
1459 3649 1649 3701 autem
1694 3645 1900 3716 genuit

223 3737 399 3803 Azor,
424 3737 576 3789 Azor
592 3738 792 3789 autem
815 3734 1021 3802 genuit
1044 3734 1239 3789 Zadoc
1264 3734 1453 3789 Zadoc
1479 3740 1679 3791 autem
1695 3734 1900 3804 genuit

226 3824 463 3887 Achim,
509 3822 717 3877 Achim
761 3824 963 3879 autem
1008 3822 1207 3892 genuit
1254 3822 1443 3887 Eliud,
1491 3823 1659 3878 Eliud
1699 3829 1897 3879 autem

227 3912 440 3982 genuit
454 3910 716 3975 Eleazar,
734 3910 976 3966 Eleazar
988 3916 1177 3966 autem
1194 3912 1395 3979 genuit
1408 3912 1660 3977 Mathan,
1677 3912 1899 3968 Mathan

234 4006 440 4056 autem
474 4001 678 4070 genuit
700 3999 937 4066 Jaacob,
967 3998 1190 4055 Jaacob
1220 4003 1414 4057 autem
1450 4002 1652 4069 genuit
1675 4002 1899 4072 Joseph

231 4090 435 4143 virum
466 4088 661 4143 Maria:
702 4088 776 4143 de
818 4104 943 4159 qua
986 4096 1161 4143 natus
1196 4092 1282 4142 est
1322 4090 1488 4144 Jesus
1519 4091 1621 4160 qui
1658 4096 1900 4146 vocatur

234 4175 535 4233 Christus.
604 4178 789 4231 Lucas
843 4191 1032 4231 vero:
1070 4174 1221 4247 Ipse,
1286 4176 1497 4248 inquit.
1552 4178 1723 4231 Jesus
1776 4181 1903 4233 erat

229 4265 421 4321 ferme
468 4280 770 4320 annorum
825 4264 1065 4337 triginta
1114 4264 1412 4327 incedens,
1473 4270 1533 4319 ut
1580 4265 1903 4337 putabatur

227 4354 389 4408 ﬁlius
418 4354 646 4423 Joseph
685 4353 786 4424 qui
816 4352 930 4409 fuit
961 4352 1063 4416 Eli,
1099 4354 1201 4424 qui
1234 4353 1341 4409 fuit
1371 4354 1625 4422 Mathan,
1659 4355 1760 4425 qui
1795 4353 1904 4409 fuit

229 4441 387 4507 Levi,
407 4441 514 4513 qui
546 4441 651 4495 fuit
673 4441 899 4505 Melchi,
927 4443 1031 4513 qui
1061 4441 1172 4498 fuit
1197 4443 1406 4509 Janna,
1429 4442 1532 4513 qui
1556 4442 1663 4499 fuit
1682 4442 1902 4513 Joseph

2078 3294 2129 3357 6,
2150 3292 2235 3345 18.
2256 3291 2434 3361 thui
2448 3289 2859 3346 vexabantura
2878 3287 3184 3360 spiritibus
3202 3286 3551 3349 immundis,
3569 3302 3667 3340 cu-

2004 3379 2312 3437 rabantur.
2366 3380 2493 3436 Non
2523 3381 2678 3434 enim
2726 3379 2937 3449 repetit
2966 3376 3441 3447 conjunctionem
3492 3380 3581 3425 καί
3612 3380 3668 3429 et

2006 3474 2142 3523 ante
2167 3468 2409 3524 verbum
2442 3468 2835 3525 curabuntur.
2867 3467 3029 3522 Facit
3067 3465 3377 3521 nobiscum
3420 3464 3667 3534 Vulgata

2006 3556 2210 3613 editio.

2076 3647 2131 3710 6,
2157 3648 2245 3701 20.
2300 3648 2365 3701 Et
2395 3646 2524 3717 ipse
2564 3645 2801 3701 elevatis
2848 3643 3036 3699 oculis
3085 3643 3202 3698 suis
3248 3642 3304 3697 in
3337 3640 3667 3713 discipulos

2007 3734 2214 3805 (suos).
2241 3734 2389 3788 Nam
2415 3733 2696 3805 repetitur
2716 3732 2875 3784 αὐτοῦ
2895 3748 3044 3787 suos.
3077 3729 3322 3786 Faciunt
3346 3730 3668 3786 nobiscum

2006 3828 2063 3878 et
2091 3822 2519 3893 Complutensis
2542 3826 2597 3876 et
2630 3821 2879 3891 Vulgata
2907 3821 3087 3876 editio
3113 3837 3125 3874 :
3164 3835 3505 3891 quanquam
3536 3818 3665 3873 haec

2008 3911 2086 3966 ad
2116 3911 2441 3967 dictionem
2465 3910 2679 3975 Oculis,
2706 3926 2827 3965 non
2858 3910 3131 3980 adiungit
3153 3909 3518 3979 reciprocum
3543 3907 3668 3963 suis

2005 3990 2187 4070 idque
2218 4000 2373 4055 male
2386 4042 2400 4057 .

2081 4092 2132 4155 6,
2174 4092 2263 4143 23.
2308 4092 2449 4144 Ecce
2494 4090 2651 4143 enim
2705 4104 2930 4143 merces
2982 4092 3178 4142 vestra
3232 4086 3417 4141 multa
3470 4090 3556 4140 est
3608 4085 3667 4139 in

2008 4176 2204 4249 (ctelo)
2248 4194 2367 4233 non
2408 4176 2456 4228 ἐν
2483 4185 2587 4237 τοῖς
2617 4177 2869 4249 οὐρανοῖς,
2913 4177 2977 4230 in
3004 4176 3163 4231 caelis
3193 4174 3521 4246 pluraliter.
3563 4174 3668 4228 Fa-

2010 4266 2086 4321 cit
2114 4266 2427 4322 nobiscum
2454 4265 2872 4337 Complutense
2909 4264 3233 4334 exemplar.

2078 4357 2133 4418 6,
2166 4356 2252 4409 26.
2303 4355 2397 4409 Vae
2440 4372 2575 4409 cum
2609 4352 2985 4409 laudaverint
3038 4368 3144 4405 vos
3198 4350 3491 4404 homines.
3540 4352 3664 4404 Non

2009 4444 2167 4498 enim
2196 4442 2432 4498 additur
2460 4444 2581 4514 ὑμῖν
2606 4442 2780 4507 vobis,
2816 4445 2946 4512 post
2972 4439 3436 4509 iuterjectionem
3475 4454 3574 4494 vae.
3607 4440 3669 4494 Et

224 4536 329 4621 qui
367 4530 481 4621 fuit
509 4529 849 4621 Matatheiaa,
881 4530 978 4603 qui
1012 4529 1121 4586 fuit
1164 4532 1367 4593 Amos,
1400 4532 1502 4603 qui
1536 4530 1639 4585 fuit
1689 4534 1898 4595 Naum,
1938 4569 1980 4621 Β
2012 4532 2073 4587 in
2112 4533 2226 4586 hoc
2266 4531 2401 4586 facit
2440 4531 2757 4585 nobiscum
2797 4534 3009 4601 praeter
3040 4528 3343 4599 exemplar
3367 4526 3663 4598 Complut.

226 4620 333 4690 qui
362 4617 477 4675 fuit
506 4618 649 4681 Ezel,
688 4619 793 4690 qui
817 4617 927 4674 fuit
952 4621 1192 4689 Naggae,
1225 4618 1328 4690 qui
1378 4618 1487 4674 fuit
1531 4618 1753 4683 Mahat,
1796 4619 1901 4691 qui

226 4709 339 4763 fuit
380 4706 734 4771 Matatheiaa,
764 4707 866 4779 qui
896 4705 1002 4763 fuit
1033 4708 1245 4766 Semei.
1277 4708 1380 4779 qui
1409 4707 1517 4763 fuit
1536 4709 1774 4778 Joseph,
1804 4709 1901 4780 qui

224 4797 338 4852 fuit
368 4796 626 4859 Jehuda,
658 4795 763 4867 qui
796 4796 903 4851 fuit
948 4796 1290 4861 Johannan,
1317 4798 1420 4869 qui
1459 4796 1567 4852 fuit
1601 4800 1769 4866 Resa,
1797 4799 1901 4869 qui

226 4885 336 4941 fuit
360 4883 763 4949 Zorobbabel,
795 4885 894 4957 qui
932 4884 1037 4939 {uit
1071 4884 1325 4950 Sealtiel,
1354 4885 1460 4955 qui
1486 4884 1589 4939 fuit
1621 4886 1772 4954 Neri,
1800 4887 1901 4957 qui

328 5119 390 5187 y)
424 5120 719 5173 Erasmus
750 5120 795 5168 εί
820 5114 1022 5188 edidit,
1052 5118 1118 5188 ut
1146 5131 1329 5187 supra
1359 5115 1562 5188 ῥαϐϐεί.

321 5186 377 5256 ἐ)
408 5189 790 5261 Οὴινγεοεῑηι.
822 5186 933 5251 Vll,
969 5202 1026 5257 p.
1061 5186 1285 5261 192,»A.
1318 5186 1699 5261 vehementer
1730 5193 1900 5261 urget

224 5265 280 5312 τὸ
309 5256 317 5259 ⁷
348 5256 556 5322 man
618 5260 679 5313 Ὀ
708 5256 789 5311 δὲ
830 5256 1056 5329 Λᾳυκᾶς,
1117 5259 1271 5313 enim
1325 5258 1530 5329 inquit,
1574 5264 1662 5310 καὶ
1728 5256 1899 5311 ἐπιτε-

223 5338 451 5403 ταμένως
507 5337 598 5384 καὶ
658 5332 793 5403 μετὰ
857 5328 1113 5403 πλείονος⁸
1145 5329 1300 5380 αὐτὸν
1352 5328 1688 5401 πὰραμυθίας
1739 5338 1899 5382 τοῦτα

222 5397 482 5477 stentem:
536 5397 725 5476 φησὶν.
790 5401 867 5452 Οὐ
922 5402 1022 5472 γὰρ
1084 5397 1151 5457 δὴ
1207 5406 1359 5471 μόνον
1413 5397 1535 5462 -ἑ-οὖς
1582 5400 1751 5461 κακῶς
1806 5399 1898 5454 διὰ

219 5471 304 5526 τεν
358 5481 480 5529 θεὸν
540 5471 832 5532 ἀκούοντας
889 5471 1170 5542 μακαρίζει
1204 5493 1215 5504 ·
1251 5471 1380 5523 ἀλλὰ
1432 5477 1519 5523 καὶ
1575 5477 1698 5533 τοὺς
1754 5476 1898 5545 παρὰ

217 5550 417 5599 πάντων
472 5548 648 5609 καλῶς
705 5544 996 5603 ἀκούοντας
1046 5542 1327 5604 ταλανίζει·
1380 5543 1497 5595 οὐαὶ
1559 5546 1660 5614 ’γὰρ
1720 5542 1894 5613 Qui“),-

220 5626 390 5689 φησὶν,
467 5626 593 5673 ὅταν
672 5616 850 5674 καλῶς
915 5615 1044 5695 ὑμᾶς
1113 5617 1297 5699 εἵξτωσι
1364 5616 1585 5699 τεθέντεςῇ
1610 5617 1659 5665 οἱ
1723 5616 1895 5699 ἅνθρω

214 5683 315 5749 irai.
374 5683 561 5747 Καίτοι
616 5693 715 5741 καὶ
778 5689 897 5744 τοὺς
948 5683 1268 5746 ἀποστόλους
1324 5685 1491 5747 καλῶς
1544 5684 1729 5756 ἔλεγον·
1788 5683 1893 5739 ἀλλ’

2010 4621 2189 4677 etiam
2220 4621 2472 4689 Vulgata
2500 4620 2697 4675 editio.
2726 4622 2793 4677 In
2824 4635 2894 4675 eo
2928 4623 3125 4673 autem
3157 4617 3319 4689 quod
3354 4632 3473 4671 non
3501 4616 3669 4671 addit

2012 4716 2215 4764 auctor
2246 4715 2445 4763 noster
2486 4710 2665 4768 πάντες
2697 4708 2770 4779 (z)
2801 4723 3005 4772 omnes,
3053 4710 3189 4761 ante
3222 4707 3494 4767 homines,
3530 4704 3669 4759 facit

2009 4799 2321 4854 nobiscum
2352 4798 2641 4869 Complut.
2677 4797 2873 4859 editio,
2908 4803 2963 4850 et
2996 4794 3206 4850 melius
3243 4793 3669 4864 correspondet

2010 4887 2318 4943 contraria:
2344 4885 2713 4942 beatitudini.

2009 5119 2067 5171 οὐ
2122 5121 2329 5178 πάντες·
2389 5114 2483 5168 διὰ
2542 5124 2694 5169 τοῦτο
2747 5116 2846 5167 αὖκ
2904 5112 3061 5183 εἶπεν,
3125 5119 3244 5167 ὅταν
3300 5113 3480 5185 καλῶς.
3532 5116 3670 5185 ὑμᾶς

2009 5193 2221 5261 εἴπωσιν
2268 5192 2315 5240 οὶ
2372 5190 2655 5261 ἄνθρωποι,
2730 5186 2836 5239 ἀλλ’
2908 5182 3055 5239 ὅτανν
3098 5188 3303 5245 πάντες.
3372 5182 3512 5261 Oﬁciis
3567 5182 3666 5257 ἷγὰρ

2010 5258 2230 5313 δυνατὸν
2280 5264 2402 5320 τοὺς
2448 5256 2495 5310 £4.
2542 5259 2695 5332 ἀρετῇ
2762 5263 2953 5321 ζῶντας
3010 5260 3152 5331 παρὰ
3209 5259 3412 5308 πάντων
3465 5256 3667 5309 ἀκούειν

2006 5333 2193 5394 καλῶς·
2256 5335 2320 5386 Et.
2368 5338 2405 5385 ί.
2466 5328 2598 5395 νιιῐ,
2662 5328 2785 5395 483,
2847 5333 2912 5383 Α.
2971 5328 3287 5401 Οὐαὶγὺμῐη,
3343 5332 3462 5379 ὅταν
3501 5328 3670 5388 καλῶς

2005 5403 2193 5456 εἳπώσι
2277 5406 2462 5463 πάντες
2538 5408 2586 5453 οἱ
2660 5404 2938 5473 ἄνθρωποι.
3014 5399 3669 5473 δθᾰςμϐῒιτξζβρεῐοωιιε

2005 5478 2195 5529 multa
2243 5474 2577 5529 homiletice
2620 5470 2811 5541 magis
2854 5486 3037 5542 quam
3091 5470 3285 5542 critice
3324 5470 3485 5525 dicit.
3525 5470 3669 5542 'l‘uiu

2004 5546 2216 5610 omitti,
2250 5548 2447 5604 πάντες.
2486 5545 2543 5598 in
2586 5540 2747 5599 textu
2790 5540 2979 5596 servat
3016 5541 3436 5611 Theophylact,
3474 5556 3531 5611 p.
3565 5540 3666 5595 341

2005 5622 2067 5671 Α.
2108 5618 2219 5671 Sed
2264 5616 2444 5685 hujus
2490 5615 2893 5686 interpretatio
2939 5614 3043 5686 vix
3072 5614 3311 5686 videtur
3356 5612 3666 5686 admittere

2002 5690 2209 5749 πάντες.
2243 5680 2382 5742 νίόέ
2423 5686 2547 5742 ibit.
2599 5680 2663 5742 C:
2706 5683 2988 5757 Φρίξωμεν,
3024 5681 3256 5755 ἀδελφοὶ,
3298 5691 3411 5743 πῶς
3452 5686 3509 5733 τὸ
3549 5680 3665 5731 οὐαὶ
