4110 6394
398 369 468 428 59
1912 368 2309 425 PB/EFATIO.
3746 370 3825 424 6O

472 496 529 561 6,
558 497 644 552 37.
676 496 786 568 (Et)
816 494 995 551 nolite
1035 495 1323 567 judicare.
1360 496 1669 567 Siquidem
1697 495 2058 568 praeponitur
2087 496 2134 549 A
2238 497 2329 561 10,
2359 498 2444 551 23.
2478 496 2633 551 Beati
2659 495 2814 552 oculi
2843 494 2945 567 qui
2969 494 3175 551 vident
3203 512 3334 568 quae
3365 495 3596 552 videtis.
3623 498 3829 567 Neque

403 592 493 638 καί
522 594 596 649 et,
625 586 685 641 in
717 585 1041 656 exemplari
1066 602 1309 658 quoque
1341 586 1773 657 Complutensi.

473 673 527 738 6,
558 674 648 728 40.
697 672 997 732 Perfectus
1026 678 1229 730 autem
1264 674 1368 730 erit
1399 674 1551 729 sicut
1575 675 1861 743 magister
1892 689 2055 738 suus,

406 779 522 818 non
553 763 711 818 enim
738 762 921 818 habet
951 769 1051 823 πᾶς
1083 763 1163 834 (α)
1192 763 1396 827 omnis,
1425 768 1556 819 ante
1580 765 1712 819 erit.

474 856 526 917 7,
559 853 613 906 7.
645 853 800 908 Loco
831 868 1032 909 eorum
1060 868 1193 925 quae
1220 853 1380 924 apud
1411 852 1557 907 alios
1581 853 1878 908 habentur
1905 852 2059 924 (pro

403 947 531 1013 pter
555 941 721 1015 quod
737 946 793 997 et
822 958 914 998 me
933 941 1133 1013 ipsum
1160 958 1280 997 non
1304 959 1439 997 sum
1466 942 1718 1011 dignum
1739 942 2060 997 arbitratus

406 1039 469 1087 ut
507 1031 771 1087 venirem
805 1031 881 1085 ad
929 1031 1007 1100 te)
1035 1030 1181 1086 nihil
1221 1030 1405 1086 habet
1435 1036 1641 1086 auctor
1672 1035 1889 1085 noster.
1944 1030 2057 1085 Sed

403 1136 597 1191 neque
619 1120 675 1174 in
699 1120 992 1185 llatthteo,
1020 1119 1517 1189 evangelistarum
1536 1120 1693 1175 dicta
1714 1119 2058 1182 concilians,

405 1210 618 1264 horum
660 1208 799 1263 facit
828 1207 1198 1264 mentionem.
1233 1209 1364 1263 Non
1397 1208 1629 1263 videtur
1668 1222 1807 1277 ergo
1837 1206 2060 1262 librarii

404 1296 766 1366 negligentia
800 1295 1287 1368 praetermissum.
1322 1297 1386 1351 In
1426 1297 1540 1353 hoc
1568 1296 1724 1351 enim
1762 1295 1951 1369 capite
1984 1295 2061 1352 ad

405 1387 527 1443 haec
553 1390 865 1443 contextus
894 1385 1081 1442 verba
1115 1402 1125 1440 :
1159 1406 1187 1437 «
1211 1388 1341 1441 Non
1373 1386 1529 1441 enim
1562 1401 1693 1440 sum
1726 1384 2001 1454 idoneus,
2032 1405 2057 1432 η

407 1483 540 1545 etc.,
570 1476 701 1531 loco
735 1474 1097 1530 scholiorum
1121 1475 1283 1545 ponit
1314 1475 1493 1530 verba
1518 1490 1653 1545 quae
1689 1478 2057 1545 sequuntur:

409 1567 540 1619 Haec
574 1563 754 1619 etiam
786 1563 931 1619 dixit
970 1562 1264 1619 Matthaaus
1300 1580 1311 1618 :
1349 1566 1412 1619 Et
1454 1563 1747 1618 declarata
1797 1567 1934 1617 sunt
1980 1561 2063 1633 (ὁ)

408 1654 688 1726 praedicto
718 1654 929 1725 capite.
961 1654 1129 1718 Quod
1164 1654 1210 1709 si
1235 1653 1556 1723 judicasset
1584 1653 1697 1708 hoc
1728 1653 1855 1707 loco
1891 1652 2062 1705 inter-

408 1742 759 1814 ponendum
782 1757 792 1795 :
812 1743 1052 1813 Propter
1073 1740 1236 1813 quod
1255 1746 1308 1798 et
1332 1758 1426 1796 me
1446 1742 1665 1813 ipsum,
1687 1746 1819 1808 etc.,
1841 1756 2063 1812 nequa-

406 1846 593 1903 quam
622 1831 869 1887 dixisset
893 1831 1099 1886 omnia
1120 1847 1156 1887 a
1181 1830 1456 1888 Matthaao
1483 1846 1608 1885 esse
1628 1830 1809 1895 dicta,
1835 1834 1891 1885 et
1916 1829 1971 1883 in
1993 1844 2063 1883 eo
2090 1848 2130 1900 Β

405 1918 707 1974 declarata
734 1937 870 1975 cum
903 1920 984 1975 ibi
1009 1919 1165 1975 nulla
1195 1919 1262 1973 ﬁt
1289 1920 1498 1976 horum
1533 1919 1782 1976 mentio.
2011 1975 2019 1983 ,

476 2008 529 2073 7,
561 2012 648 2064 28.
701 2008 843 2063 Dico
866 2008 1023 2065 enim
1055 2007 1225 2063 vobis
1258 2025 1270 2062 :
1305 1996 1366 2063 ln
1398 2008 1490 2063 his
1520 2008 1624 2079 qui
1650 2023 1682 2062 e
1724 2005 2063 2063 mulieribus

405 2098 524 2153 nati
556 2100 712 2165 sunt,
752 2098 967 2168 major,
1007 2098 1235 2153 Joanne
1269 2097 1527 2168 Baptista
1565 2111 1743 2153 nemo
1779 2101 1887 2151 est.
1938 2096 2067 2149 Non

409 2184 571 2240 addit
624 2192 905 2259 προφήτης.
953 2201 1062 2241 nec
1111 2190 1313 2241 tamen
1354 2184 1587 2241 videtur
1633 2183 2066 2254 negligentiam

410 2275 724 2339 omissum,
749 2274 828 2331 ob
851 2274 1127 2331 eamdem
1154 2290 1424 2337 causam,
1449 2288 1635 2346 quam
1658 2272 1945 2344 superiori
1965 2272 2066 2327 ad-

409 2362 818 2419 notatiuncule
853 2362 1188 2418 retulimus.

474 2453 528 2517 8,
562 2453 620 2509 t5.
671 2455 736 2508 Et
768 2452 1029 2509 volucres
1062 2451 1189 2508 caeli
1215 2451 1445 2524 (etiam)
1475 2452 1867 2507 comederunt
1898 2448 2062 2505 illud.

407 2541 654 2597 Additur
684 2542 842 2597 enim
869 2541 937 2613 (ε)
971 2556 1204 2597 rursum
1235 2545 1325 2592 καὶ
1355 2546 1427 2597 et.

480 2633 531 2695 9,
565 2632 653 2684 43.
688 2629 979 2685 Omnibus
1002 2645 1141 2684 vero
1157 2627 1594 2685 admirantibus
1621 2643 1803 2696 supra
1819 2625 1912 2683 his
1935 2642 2065 2697 quae

408 2717 662 2773 faciebat
732 2718 962 2789 (Jesus).
1037 2716 1290 2774 Additur
1347 2717 1505 2773 enim
1558 2731 1780 2772 nomen
1841 2717 2064 2779 Ἰησοῦς,

409 2807 589 2862 etiam
621 2807 677 2861 in
708 2805 1023 2877 exemplari
1049 2806 1338 2878 Complut.

479 2896 534 2961 9,
568 2896 653 2948 55.
704 2897 1034 2950 Conversus
1081 2899 1301 2959 autem,
1350 2892 1678 2965 increpavit
1726 2891 1882 2948 illos.
1939 2894 2068 2947 Non

410 2984 572 3040 enim
612 2983 850 3039 additur
880 2999 1096 3039 nomen
1137 2983 1361 3053 Ἰησοῦς,
1401 2998 1595 3055 neque
1647 2982 1706 3037 in
1744 2980 2067 3055 exemplari

411 3072 735 3143 Complut.,
764 3088 952 3143 neque
981 3072 1043 3129 in
1070 3072 1318 3141 Vulgata
1340 3072 1619 3129 editione.
1654 3070 1877 3126 Deinde
1902 3068 2069 3143 quod

410 3162 674 3233 sequitur
703 3161 765 3217 in
795 3161 1077 3215 omnibus
1102 3160 1493 3225 versiouibus,
1514 3167 1568 3215 et
1592 3160 1649 3214 in
1670 3162 1871 3216 Grieca
1888 3160 2069 3214 etiam

410 3249 670 3307 editione
706 3249 1113 3321 Complutensi
1165 3254 1352 3321 puta:
1388 3248 1455 3304 Et
1508 3248 1588 3304 ait
1638 3248 1789 3304 illis:
1824 3245 2069 3303 Nescitis

411 3342 583 3412 cujus
635 3340 867 3413 spiritus
897 3340 1035 3395 estis
1068 3356 1190 3395 vos.
1244 3339 1418 3395 Filius
1448 3339 1610 3395 enim
1649 3338 1909 3394 hominis
1946 3352 2067 3393 non

408 3428 569 3483 venit
589 3428 666 3483 ad
690 3426 1063 3497 perdendum
1089 3426 1318 3482 animas
1346 3426 1684 3490 hominum,
1711 3425 1813 3481 sed
1846 3424 1922 3479 ad
1957 3423 2069 3480 sal-

411 3516 679 3572 vandum
708 3532 721 3570 :
746 3530 1103 3587 quanquam
1129 3530 1239 3569 nos
1261 3513 1630 3570 addidimus:
1663 3513 1965 3584 vereor(d)
1995 3528 2071 3568 ne

411 3620 535 3662 non
586 3605 660 3659 sit
704 3603 929 3661 librarii
976 3604 1202 3659 incuria
1250 3603 1545 3659 omissum
1579 3621 1592 3657 :
1625 3603 1888 3659 maxime
1936 3617 2069 3657 cum

410 3696 470 3752 in
498 3694 741 3750 scholiis
768 3694 998 3751 nullam
1022 3693 1201 3749 faciat
1225 3694 1435 3749 horum
1467 3694 1859 3749 mentionem.

485 3788 535 3850 9,
567 3784 657 3840 57.
701 3785 926 3855 Sequar
963 3788 1017 3837 te
1046 3798 1410 3855 quocunque
1444 3782 1581 3837 ieris
1610 3782 1914 3853 (Domine).
1956 3779 2071 3835 Ad-

411 3871 633 3929 diditur
660 3872 817 3927 enim
852 3874 1026 3944 Κύριε,
1060 3872 1236 3927 etiam
1268 3871 1329 3927 in
1351 3871 1782 3943 Complutensi.

491 3962 568 4025 10,
599 3963 688 4014 22.
713 3960 802 4031 (Et
830 3976 1155 4015 conversus
1174 3959 1252 4015 ad
1269 3959 1595 4031 discipulos
1613 3958 1821 4039 dixit):
1858 3957 2073 4014 Omnia

411 4050 557 4107 mihi
598 4050 814 4106 tradita
844 4054 982 4105 sunt
1019 4066 1053 4105 a
1100 4050 1269 4105 Patre
1299 4064 1454 4105 meo.
1496 4047 1806 4121 Siquidem
1852 4047 1922 4119 (θ)
1968 4047 2072 4102 ad-

412 4140 635 4197 duntur
664 4139 845 4194 etiam
874 4139 929 4194 in
978 4137 1307 4210 exemplari
1356 4137 1641 4209 Complut.
1680 4137 1808 4193 haec
1841 4135 2022 4193 verba
2056 4159 2068 4202 ;

414 4232 515 4281 Καὶ
549 4232 787 4302 στραφεὶς
816 4231 941 4301 πρὸς
962 4230 1079 4288 τούς
1104 4228 1347 4299 μαθητὰς
1372 4223 1479 4281 εἶπε
1507 4242 1520 4280 :
1552 4225 1617 4281 Et
1637 4241 1962 4282 conversus
1994 4223 2072 4280 ad

413 4316 734 4389 discipulos
762 4316 929 4373 dixit.

415 4524 614 4592 ἔχωσιν
689 4523 738 4572 οἱ
803 4523 946 4591 παρὰ
998 4528 1099 4572 τῶν
1167 4519 1450 4592 ἀνθρώπων

416 4588 505 4665 μέν
562 4595 660 4665 γὰρ
708 4597 805 4665 Δκοιὶ
864 4588 1008 4664 impar
1051 4599 1149 4643 τῶν
1203 4588 1485 4662 ἀν’θφώπων
1543 4588 1885 4665 ἐπαινεζάθαι,
1914 4588 2076 4665 ’ἀλλὰ

416 4660 664 4736 spei-ipe;
699 4660 995 4736 meets-5.
1026 4663 1080 4719 Si
1106 4660 1331 4736 πάντ-ωῷ,
1361 4662 1692 4732 probasset,
1722 4660 2074 4736 hauddubie

420 4732 768 4806 scripsisset,
805 4732 913 4784 ἀλλ’
943 4734 1001 4784 οὐ
1034 4737 1177 4805 παρὰ
1225 4734 1446 4799 πάντων.
1496 4737 1575 4806 lla
1617 4737 1798 4806 certe
1830 4732 2075 4804 Chryso-

418 4802 648 4859 stomus
676 4802 1136 4873 argumentatur.
1183 4806 1302 4859 Hoc
1332 4810 1521 4859 autem
1560 4803 1618 4858 in
1660 4802 1956 4858 confesso
1989 4808 2075 4857 est

418 4876 806 4948 Euthymium
833 4882 889 4948 et
917 4877 1463 4948 Theophylactum,
1484 4874 1901 4948 accedentibus
1943 4888 2078 4945 pro-

419 4945 739 5002 batior-ibus
772 4945 1100 5006 codicibus.
1122 4945 1354 5017 semper
1373 4947 1569 5001 valere
1591 4954 1797 5001 contra
1821 4945 2076 5016 Chryso-

418 5024 597 5073 stom.
652 5021 729 5073 Ex
758 5018 1172 5089 Chrysostomo
1202 5033 1343 5089 ergo
1379 5020 1499 5088 ύμῖν
1544 5023 1600 5073 et
1629 5019 1816 5078 πάντες
1846 5017 2075 5089 illatum

422 5090 661 5145 scholiis
689 5096 747 5145 et
766 5088 1009 5153 catenis,
1042 5105 1113 5144 ac
1136 5088 1352 5144 deinde
1374 5090 1551 5145 etiam
1580 5088 1901 5145 contextui.

493 5162 567 5300 20)
602 5167 705 5221 Πᾶς
736 5162 915 5219 habet
945 5167 1191 5231 uterque
1223 5175 1418 5216 meus.

519 5231 573 5297 b)
594 5230 807 5287 Evolve
830 5233 985 5287 infra
1023 5232 1083 5287 in
1118 5233 1418 5300 interpreti

519 5230 985 5303 b_)l£volveinfra
1023 5230 1601 5303 in’interpretatione
1620 5230 1830 5285 Matth.
1871 5246 1968 5303 vui
1993 5231 2079 5293 13,

421 5306 513 5353 καὶ
546 5301 687 5358 ἰάθη.
739 5304 1011 5359 Consistit
1065 5303 1158 5357 hic
1209 5301 1377 5357 locus
1412 5310 1753 5356 cretei-orum
1802 5302 2081 5355 codicum

422 5373 768 5446 aucoritate.
793 5374 987 5446 (Quid?
1017 5374 1173 5446 quod
1198 5390 1306 5429 nec
1340 5374 1721 5446 Birehii_Cod.
1757 5373 1887 5427 Vat.
1926 5371 2081 5437 1209,

423 5444 477 5499 in
508 5446 755 5511 gratiam
790 5444 1133 5500 Latinorum
1159 5446 1285 5500 inec
1311 5444 1530 5499 omittit
1560 5444 1586 5497 '2

524 5516 579 5582 c)
609 5514 821 5569 Neuter
845 5531 1117 5571 meorum
1147 5518 1413 5585 agnoscit
1443 5522 1547 5567 καί.

523 5584 581 5655 d)
611 5585 861 5655 Copiose
901 5588 974 5640 de
1002 5586 1110 5641 hoc
1158 5584 1286 5643 loco
1334 5585 1632 5657 disputavi
1670 5585 1733 5639 in
1763 5601 1900 5641 mea
1942 5584 2085 5639 Novi

424 5657 787 5713 Testamenti
813 5657 1071 5715 editione
1098 5658 1175 5714 ad
1195 5658 1256 5713 h.
1289 5659 1329 5713 l.
1364 5676 1416 5729 ρ.
1436 5656 1551 5710 223
1584 5671 1752 5728 seqq.

1533 4518 1908 4598 ἐπαινούμενοι.
1956 4588 1967 4598 Ἰ
1981 4524 2073 4598 Ασί
2101 4546 2148 4598 D

2169 585 2328 639 enim
2358 585 2419 639 in
2450 590 2686 640 auctore
2710 590 2935 651 nostro,
2977 600 3171 656 neque
3210 586 3268 639 in
3300 585 3627 656 exemplari
3654 587 3834 640 Com-

2167 674 2316 744 plut.
2366 673 2714 743 exprimitur
2743 674 2889 744 ὑμεῑς
2932 688 3051 728 vos.
3096 673 3275 728 Video
3330 672 3558 740 ethoc,
3613 678 3665 729 et
3715 672 3836 728 alia

2169 761 2442 832 quaedam
2469 761 2813 831 hujusmodi
2837 761 3132 817 minutula
3148 778 3294 825 esse,
3320 767 3375 817 et
3399 778 3535 833 qme
3560 761 3832 817 fortassis

2168 850 2348 906 alicui
2430 851 2810 907 adnotatione
2898 851 3143 921 indigna
3206 851 3568 906 videbuntur
3614 850 3830 916 ;nolui

2168 944 2371 995 tamen
2399 939 2468 1010 (Γ)
2500 940 2965 1010 praetermittere,
2999 955 3073 994 ne
3102 940 3432 1011 quisquam
3463 938 3820 1011 negligentia

2171 1034 2273 1085 aut
2302 1029 2626 1084 temeritate
2651 1028 2858 1083 relicta
2882 1033 3052 1100 putet
3082 1045 3187 1083 seu
3209 1030 3544 1084 immutata.

2246 1122 2328 1185 10,
2349 1122 2435 1172 39.
2457 1119 2596 1183 Quia
2612 1117 2789 1173 etiam
2810 1118 3079 1172 assidens
3093 1117 3171 1174 ad
3188 1118 3370 1189 pedes
3385 1117 3411 1168 J
3419 1133 3522 1171 esu
3543 1116 3834 1174 audiebat

2170 1206 2521 1277 (sermones)
2541 1206 2713 1262 illius.
2744 1205 2931 1263 Habet
2947 1206 3107 1263 enim
3130 1206 3309 1262 etiam
3329 1205 3635 1278 exemplar
3657 1208 3833 1262 Com-

2168 1295 2441 1367 plutense
2470 1304 2569 1347 τῶν
2594 1295 2758 1366 λόγων
2789 1294 3114 1365 pluraliter.

2243 1385 2329 1449 11,
2364 1388 2458 1441 53.
2508 1384 2827 1457 Coeperunt
2872 1383 3135 1455 (Scribte)
3164 1388 3220 1439 et
3264 1383 3543 1439 Pharisaei
3574 1382 3837 1453 graviter

2170 1474 2463 1529 insistere.
2498 1477 2623 1529 Non
2656 1474 2813 1528 enim
2848 1473 3030 1528 habet
3071 1478 3276 1546 νομικοὶ
3308 1473 3441 1544 tegis
3480 1473 3682 1541 periti,
3728 1472 3839 1528 sed

2169 1571 2492 1637 ’γραμματεῖς
2537 1563 2773 1619 Scriba}.
2822 1565 2887 1617 Et
2937 1562 3136 1617 statim
3178 1561 3337 1618 infra
3384 1562 3599 1617 eodem
3633 1577 3839 1626 versu,

2172 1669 2292 1708 non
2321 1652 2501 1708 habet
2520 1651 2893 1724 ἀποστομίζειν
2925 1652 3180 1723 captiose
3201 1652 3571 1722 interrogare
3596 1668 3608 1705 :
3635 1667 3839 1723 neque

2172 1758 2310 1797 cum
2364 1741 2494 1797 aliis
2556 1742 2914 1814 ἐπιστομίζειν
2972 1757 3031 1796 03
3085 1741 3396 1806 obstruere,
3448 1740 3553 1795 sed
3604 1739 3841 1792 ἀποστο-

2172 1832 2407 1903 ματίζεν,
2449 1832 2558 1887 hoc
2612 1837 2718 1901 est,
2778 1830 2856 1885 ab
2908 1846 3010 1885 ore
3066 1831 3450 1899 interrogare.
3510 1829 3660 1895 Quid
3716 1829 3839 1885 hoc

2174 1926 2371 1975 autem
2415 1919 2524 1975 sibi
2555 1919 2711 1986 velit,
2756 1919 2890 1973 vide
2935 1918 2992 1975 in
3037 1918 3218 1987 hujus
3266 1918 3378 1973 loci
3425 1918 3827 1974 enarratione.

2250 2011 2335 2073 12,
2394 2010 2480 2062 18.
2536 2010 2598 2063 Et
2642 2008 2778 2063 illuc
2821 2007 3202 2077 congregabo
3252 2007 3455 2064 omnia
3508 2023 3644 2079 quas
3688 2012 3839 2062 nata

2175 2103 2310 2152 sunt
2352 2096 2517 2152 mihi.
2572 2098 2771 2167 Neque
2812 2097 2898 2165 (g)
2943 2095 3101 2152 enim
3153 2094 3392 2151 additur
3422 2100 3511 2147 καὶ
3552 2096 3619 2147 τὰ
3658 2093 3841 2165 ἀγαθά

2174 2206 2295 2258 μου.
2331 2186 2397 2239 Et
2425 2186 2589 2241 bona
2621 2202 2773 2241 mea.

2247 2277 2336 2342 13,
2366 2276 2449 2331 15.
2486 2273 3296 2347 (Hypocritte)unusquisque
3318 2277 3577 2329 vestrum
3614 2271 3845 2329 Subba-

2174 2363 2274 2420 tho
2323 2379 2444 2420 non
2497 2363 2690 2429 solvit,
2739 2368 2852 2419 etc.
2912 2363 3095 2418 liabet
3142 2364 3302 2419 enim
3352 2361 3656 2434 pluraliter
3704 2362 3840 2413 ὐπο-

2174 2458 2376 2526 κριταί.
2437 2451 2813 2509 Concordant
2862 2457 2918 2508 et
2965 2451 3273 2524 exemplar
3315 2450 3734 2523 Complutense
3782 2456 3846 2508 et

2175 2543 2427 2612 Vulgata
2450 2542 2652 2597 editio.

2247 2632 2335 2697 13,
2388 2635 2475 2687 35.
2523 2633 2669 2687 Ecce
2713 2630 3065 2703 relinquitur
3112 2630 3285 2686 vobis
3322 2632 3540 2686 domus
3588 2633 3837 2690 vestra:

2176 2724 2298 2776 Non
2340 2721 2689 2792 exprimitur
2738 2722 2923 2792 ἕρημος
2971 2719 3217 2790 deserta,
3270 2718 3435 2791 quod
3481 2735 3555 2775 ex
3596 2734 3844 2777 enarra-

2175 2809 2335 2865 tione
2361 2814 2519 2881 patet
2542 2809 2768 2865 librarii
2793 2808 2931 2864 vitio
2958 2807 3185 2863 factum
3213 2824 3331 2863 non
3361 2824 3508 2863 esse.

2248 2902 2335 2965 14,
2376 2900 2459 2955 15.
2502 2897 2717 2954 Beatus
2762 2898 2866 2969 qui
2913 2897 3281 2969 (prandium)
3325 2898 3497 2953 sumit
3543 2898 3604 2953 in
3647 2912 3840 2966 regno

2179 2988 2298 3042 Dei.
2334 2990 2534 3059 Neque
2577 2987 2734 3041 enim
2776 2986 2957 3043 habet
3000 2987 3155 3058 ἄρτον
3198 3001 3440 3059 panem,
3472 2986 3576 3041 sed
3619 2986 3839 3059 ἄριστον

2172 3076 2510 3146 prandium.
2571 3074 2908 3132 Concordat
2960 3075 3138 3131 etiam
3197 3073 3504 3145 exemplar
3561 3074 3842 3145 Complu-

2104 3197 2147 3253 Ο
2177 3170 2361 3221 tense.

2250 3255 2340 3318 14,
2393 3254 2481 3307 21.
2539 3255 2605 3307 Et
2659 3268 2933 3308 reversus
2991 3264 3200 3308 servus
3257 3251 3394 3323 (ille)
3453 3251 3845 3321 renuntiavit,

2178 3346 2294 3399 etc.
2346 3344 2471 3398 Non
2522 3341 2762 3397 additur
2804 3340 2991 3404 ἐκεῖνος
3030 3341 3150 3407 ille,
3195 3341 3372 3398 etiam
3414 3341 3475 3396 in
3514 3340 3849 3413 exemplari

2180 3429 2608 3502 Complutensi.

2252 3521 2337 3584 15,
2368 3523 2457 3575 26.
2498 3522 2561 3575 Et
2602 3518 2889 3576 accersito
2919 3534 3040 3575 uno
3079 3518 3153 3574 de
3194 3518 3401 3574 servis.
3435 3521 3562 3575 Non
3608 3517 3849 3575 additur

2179 3608 2337 3661 αὐτοῦ
2364 3609 2482 3663 suis
2522 3608 2629 3677 (ὴ),
2657 3622 2767 3662 nec
2796 3608 2858 3663 in
2902 3606 3225 3680 exemplari
3256 3606 3689 3679 Complutensi,
3732 3622 3849 3663 nec

2176 3698 2238 3753 in
2260 3697 2520 3753 editione
2538 3695 2814 3765 Vulgata.

2251 3787 2336 3852 17,
2369 3788 2421 3841 4.
2456 3787 2523 3839 Et
2553 3784 2767 3854 septies
2799 3785 2859 3840 in
2890 3783 2986 3840 die
3017 3799 3342 3842 conversus
3381 3784 3559 3841 fuerit
3586 3784 3792 3840 dicens
3825 3802 3840 3840 :

2250 3874 2500 3932 Paenitet
2529 3890 2645 3930 me.
2678 3874 2807 3928 Non
2856 3874 3038 3929 habet
3080 3872 3164 3927 ἐπί
3196 3893 3251 3926 σε
3294 3874 3363 3929 ad
3394 3881 3461 3928 te.
3509 3873 3848 3931 Concordat

2178 3964 2358 4021 editio
2391 3962 2851 4033 Complutensis.

2256 4054 2337 4117 l7,
2369 4052 2458 4108 21.
2495 4054 2695 4122 Neque
2735 4051 2927 4106 dicent
2965 4067 2978 4105 :
3019 4054 3165 4107 Ecce
3207 4051 3325 4117 hic,
3372 4066 3502 4107 ecce
3530 4050 3668 4107 illic.
3712 4054 3843 4108 Non

2178 4142 2245 4213 (ί)
2294 4140 2477 4197 habet
2521 4143 2550 4197 ἤ
2586 4146 2736 4195 aut:
2770 4140 2918 4194 sicut
2960 4140 3141 4197 etiam
3188 4139 3346 4196 infra
3399 4156 3568 4196 versu
3606 4142 3695 4205 23,
3738 4140 3846 4197 ubi

2179 4230 2391 4287 eadem
2422 4232 2769 4302 repetuntur
2808 4227 3012 4291 verba,
3059 4229 3121 4284 in
3160 4227 3324 4284 nullo
3354 4228 3609 4285 habetur
3640 4244 3848 4285 exem-

2177 4319 2351 4392 plari.
2382 4316 2782 4373 Conformiter
2806 4317 2947 4386 legit
2976 4322 3033 4373 et
3060 4317 3499 4390 Complutensis
3522 4318 3721 4375 editio.

2276 4524 2329 4589 e)
2360 4523 2438 4575 De
2469 4521 2584 4576 hoc
2618 4522 2795 4576 etiam
2830 4521 2959 4577 loco
2988 4520 3067 4576 ibi
3099 4520 3246 4585 dixi,
3278 4537 3412 4592 pag.
3442 4522 3565 4577 240.

2275 4595 2331 4663 f)
2365 4596 2539 4648 Recte
2589 4592 2797 4657 fecisti,
2834 4593 3098 4647 Henteni.
3144 4596 3288 4649 Nam
3320 4593 3414 4648 vel
3457 4609 3530 4649 ex
3558 4593 3672 4649 tuis
3716 4592 3852 4648 ani-

2184 4663 2710 4720 madversionibus
2744 4669 3038 4734 apparent
3066 4664 3563 4720 hallucinationes
3597 4666 3849 4731 Erasmi,

2182 4736 2443 4790 hominis
2476 4736 2642 4801 levis,
2678 4736 3050 4803 negligentis,
3078 4736 3368 4791 temerarii
3388 4741 3443 4790 et
3470 4736 3704 4806 perﬁdi.
3726 4735 3850 4799 Ple-

2183 4822 2370 4877 raque
2408 4808 2588 4871 enim,
2638 4823 2771 4877 qua!
2813 4807 3177 4871 memorasti,
3219 4822 3321 4877 per
3364 4806 3531 4861 illum
3578 4807 3652 4862 ad
3703 4806 3847 4861 Vul-

2185 4886 2384 4947 gatam
2417 4879 2680 4932 Latinam
2704 4882 2843 4931 sunt
2872 4877 3031 4931 ficta.
3062 4879 3295 4941 Quanta
3325 4878 3442 4932 fide
3463 4883 3519 4933 et
3541 4878 3852 4947 diligentia

2186 4951 2243 5003 in
2295 4950 2611 5018 postremis
2656 4948 3018 5003 editionibus
3064 4949 3184 5001 suis
3216 4949 3697 5019 Complutensem
3734 4955 3849 5003 tra-

2186 5019 2377 5081 ctavit,
2407 5036 2583 5073 nemo
2610 5020 2846 5074 criticus
2872 5020 3119 5089 ignorat.
3138 5020 3453 5083 Quomodo
3477 5036 3618 5090 ergo
3645 5026 3851 5075 tracta-

2189 5092 2334 5145 verit
2364 5091 2644 5145 codices?
2666 5094 2809 5147 Nam
2837 5090 2945 5145 etsi
2975 5105 3081 5144 nec
3109 5092 3545 5161 Complutensis
3572 5109 3608 5149 a
3636 5091 3853 5146 criticis

2188 5162 2416 5235 idoneis
2472 5168 2677 5235 curata
2726 5166 2832 5225 est,
2884 5166 3083 5235 tamen
3132 5162 3313 5219 habet
3360 5163 3581 5219 multas
3635 5162 3852 5235 probas

2190 5233 2469 5288 lectiones
2502 5233 2578 5287 ab
2613 5235 2859 5288 Erasmo
2883 5232 3201 5297 neglectas.

2264 5308 2349 5371 (g)
2376 5307 2576 5360 Servat
2602 5310 2846 5373 uterque
2877 5320 3072 5359 meus.

2264 5376 2349 5446 (ἡ)
2379 5375 2537 5428 αὐτοὺ
2580 5376 2862 5431 Erasmus
2896 5374 3109 5441 intulit.
3141 5390 3252 5447 pro
3283 5392 3405 5446 quo
3436 5380 3638 5431 tamen
3680 5375 3857 5432 silent

2194 5448 2443 5510 codices,
2481 5465 2515 5502 δ
2545 5446 2771 5502 Birchio
2799 5462 2898 5501 exe
2912 5447 3111 5501 minati
3140 5446 3379 5501 omnes.
3421 5447 3612 5501 Miror.

2270 5519 2334 5588 (ἱ)
2376 5520 2566 5573 Primo
2617 5518 2747 5572 loco
2794 5522 3039 5589 uterque
3090 5534 3260 5573 meus
3311 5519 3544 5583 omittit,
3592 5519 3860 5575 secundo

2200 5596 2444 5661 uterque
2480 5594 2699 5645 servat.
