4110 6376
192 349 257 402 61
1730 346 2112 408 ΡΡυλΕΡΑΤΙΟ
2126 390 2138 405 .
3581 355 3652 411 62

272 474 361 541 17,
400 476 491 529 32.
521 476 818 533 Memores
844 478 1033 532 estote
1067 474 1267 532 uxoris
1298 477 1419 531 Lot.
1452 478 1583 532 Non
1622 472 1885 530 habetur
1912 476 1960 533 A
2064 477 2152 538 22,
2205 476 2292 530 30.
2358 479 2425 532 Ut
2476 476 2667 534 edatis
2726 493 2797 535 ac
2851 477 3072 535 bibatis
3134 493 3315 553 super
3370 494 3647 536 mensam

210 559 265 615 δὲ
297 568 524 628 autem,
570 580 686 620 nec
718 563 777 618 in
822 564 1149 636 exemplari
1204 561 1634 635 Complutensi,
1683 578 1791 617 nec
1824 560 1879 616 in

210 654 387 709 veteri
409 653 835 710 translatione.
866 656 935 710 Et
958 653 1229 710 similiter
1247 654 1308 709 in
1336 653 1451 709 ﬁne
1473 652 1682 726 capitis
1710 668 1885 708 versu

216 743 425 799 ultimo
472 761 486 798 :
522 742 611 798 lbi
644 743 1169 813 congregabuntur
1198 742 1435 817 aquilae,
1480 757 1601 798 non
1644 740 1886 799 additur

220 837 303 883 καὶ
334 838 407 897 et,
434 848 549 887 nec
580 832 641 888 in
672 831 930 888 editione
965 831 1372 905 Complutensi
1407 832 1511 904 (k).

293 923 379 988 18,
412 927 464 978 3.
490 922 677 978 Vidua
704 926 904 977 autem
924 927 1046 978 erat
1070 922 1130 977 in
1154 920 1391 979 civitate
1419 920 1536 976 illa.
1557 922 1682 975 Non
1706 917 1885 975 habet

218 1018 300 1074 τὶς
329 1012 625 1084 quaedam,
661 1027 771 1067 nec
802 1010 863 1066 id
906 1010 1089 1067 habet
1114 1010 1409 1083 Complut.
1457 1009 1653 1074 editio,
1689 1024 1882 1081 neque

218 1102 523 1173 Chrysost.
568 1101 629 1157 in
659 1100 840 1173 priori
875 1100 944 1157 de
982 1100 1205 1157 orando
1248 1094 1433 1157 Deum
1479 1098 1741 1168 homilia,
1780 1097 1884 1154 ubi

218 1205 489 1263 praesens
513 1189 732 1245 citatur
760 1189 952 1247 locus.

288 1282 379 1345 19,
411 1282 470 1336 4.
495 1278 778 1335 Ascendit
825 1277 889 1333 in
920 1275 1341 1349 (capriﬁcum).
1375 1279 1438 1332 In
1472 1281 1677 1334 nostro
1726 1280 1784 1331 et
1820 1275 1881 1333 in

218 1367 626 1441 Complutensi
658 1366 984 1440 exemplari
1027 1366 1283 1423 habetur
1313 1366 1484 1422 tertia
1512 1364 1748 1437 syllaba
1776 1380 1883 1436 per

218 1478 288 1518 ω;
316 1474 394 1514 ne
420 1456 604 1512 nobis
626 1457 868 1512 Stunica
893 1456 959 1527 (ι)
982 1453 1227 1526 objiciat
1252 1454 1331 1511 ob
1355 1453 1414 1510 id
1440 1470 1617 1528 prave
1642 1469 1881 1511 versum

216 1563 351 1602 esse
383 1544 761 1618 capriﬁcum.
794 1545 961 1618 quod
990 1561 1096 1619 per
1126 1564 1149 1596 ο
1181 1544 1413 1601 micron
1444 1532 1757 1599 scribatur.
1788 1544 1882 1596 At-

220 1643 427 1692 tamen
476 1634 773 1706 Complut.
830 1634 1013 1689 habet
1065 1633 1462 1705 penultimam
1519 1648 1625 1703 per
1683 1629 1881 1701 ἐψιλὸν,

217 1741 361 1781 cum
412 1724 693 1780 eamdem
722 1722 946 1779 habeat
1002 1728 1277 1778 nostrum
1308 1712 1614 1792 exemplar
1666 1736 1773 1793 per
1828 1740 1883 1771 αι

218 1814 666 1887 diphthongum
696 1814 793 1884 (m)
825 1818 1216 1884 συκομωραίαν.

298 1906 382 1969 19,
417 1905 507 1957 15.
533 1903 716 1958 Jussit
757 1902 953 1956 vocari
987 1902 1065 1956 ad
1108 1918 1169 1957 se
1197 1916 1400 1957 servos
1429 1898 1580 1955 illos.
1615 1900 1741 1953 Non
1781 1895 1882 1953 ad-

216 1993 381 2048 ditur
413 1993 502 2063 (n)
533 1993 606 2052 οἷς
630 1988 793 2044 ἔδωκε
831 1993 886 2043 τὸ
914 1989 1162 2065 ἀργύριον
1193 2009 1204 2041 :
1237 1988 1464 2058 Quibus
1500 1989 1747 2043 dederat
1777 2003 1884 2059 pe-

215 2083 486 2138 cuniam.
522 2080 689 2147 Quod
721 2084 924 2135 tamen
949 2078 1316 2143 addidimus,
1351 2077 1501 2133 sicut
1528 2077 1604 2148 (0)
1631 2074 1881 2150 quibus-

212 2171 361 2227 dam
425 2170 557 2226 aliis
610 2171 670 2225 in
719 2168 864 2223 locis
894 2168 1054 2223 idem
1105 2166 1371 2233 fecimus,
1415 2166 1579 2238 quod
1631 2166 1693 2220 in
1747 2163 1879 2219 aliis

214 2258 669 2331 exemplaribus
689 2262 747 2314 et
775 2257 953 2314 etiam
980 2258 1040 2311 in
1070 2256 1363 2328 Complut.
1384 2253 1643 2311 editione
1660 2252 1880 2308 habea-

216 2354 314 2404 tur
348 2365 361 2403 :
396 2352 455 2403 et
482 2353 682 2403 tamen
710 2361 934 2408 vereor,
963 2361 1038 2400 ne
1062 2342 1369 2411 idlibrarii
1394 2343 1625 2401 incuria
1653 2341 1880 2398 factum

214 2452 341 2492 non
372 2438 463 2506 sit,
500 2434 760 2491 maxime
788 2434 955 2506 quod
976 2434 1036 2488 in
1064 2431 1515 2489 Commentariis
1536 2434 1623 2502 (p)
1653 2429 1881 2487 nullam

212 2528 439 2581 horum
467 2524 649 2579 faciat
678 2522 1069 2579 mentionem.

290 2614 384 2678 20,
415 2619 470 2669 5.
524 2614 581 2667 Si
613 2612 959 2676 dixerimus,
1000 2614 1038 2666 Ε
1066 2611 1240 2674 cmlo,
1290 2611 1447 2667 dicet
1479 2626 1488 2662 :
1524 2611 1718 2675 Quare
1762 2619 1883 2662 non

220 2701 567 2758 credidistis
594 2701 675 2757 illi
695 2702 721 2755 ἱ)
747 2704 867 2756 Non
894 2700 1135 2756 additur
1165 2696 1253 2752 οὖν
1281 2714 1435 2771 ergo,
1469 2714 1579 2755 nec
1603 2698 1665 2753 id
1704 2697 1888 2754 habet

221 2790 529 2863 exemplar
556 2789 851 2862 Complut.

292 2880 387 2948 20,
423 2885 477 2935 9.
514 2882 701 2935 Homo
733 2878 1025 2953 plantavit
1054 2878 1314 2935 vineam.
1365 2880 1488 2933 Non
1539 2878 1774 2935 additur
1805 2876 1886 2950 (q)

219 2973 301 3031 τὶς
351 2967 626 3039 quidam.
664 2968 725 3021 Et
754 2965 1023 3022 similiter
1050 2965 1205 3023 infra
1235 2981 1408 3021 versu
1452 2967 1541 3021 19.
1576 2967 1643 3021 Et
1680 2966 1887 3021 timue-

216 3062 383 3114 runt.
434 3059 561 3112 Non
596 3054 836 3111 additur
886 3058 972 3106 τὸν
1022 3054 1143 3107 λαόν
1189 3054 1499 3125 populum.
1560 3054 1888 3110 Concordat

216 3145 549 3217 utrobique
575 3143 1011 3215 Complutensis
1041 3142 1240 3199 editio.

290 3235 388 3299 20,
418 3234 512 3288 20.
547 3235 619 3289 Ut
646 3237 927 3306 caperent
956 3232 1087 3303 ejus
1125 3234 1537 3304 (sermonem).
1575 3232 1759 3289 Habet
1810 3232 1886 3305 (r)

216 3338 497 3395 namque
537 3322 687 3395 λόγον
714 3321 911 3394 patrio
942 3337 1089 3377 casu
1120 3338 1131 3376 :
1164 3337 1285 3378 non
1314 3320 1476 3395 λόγῳ,
1530 3326 1594 3379 ut
1634 3321 1885 3393 dicatur,

220 3413 285 3467 in
316 3412 413 3467 vel
434 3427 512 3468 ex
532 3426 813 3468 sermone.
839 3410 1105 3466 Concord
1115 3416 1172 3466 at
1193 3410 1369 3466 etiam
1388 3410 1697 3483 exemplar
1719 3413 1887 3468 Com-

219 3502 527 3573 plutense.

291 3590 387 3653 21,
422 3591 510 3643 16.
544 3584 881 3644 Trademini
916 3592 1117 3643 autem
1146 3603 1183 3644 a
1208 3588 1550 3660 parentibus
1578 3594 1635 3643 et
1662 3602 1890 3658 cogna-

218 3678 316 3739 tis.
362 3676 576 3732 amicis
634 3680 691 3732 et
740 3675 1040 3732 fratribus.
1102 3677 1216 3732 Hoc
1270 3676 1447 3732 etiam
1495 3675 1704 3732 ordine
1750 3675 1890 3747 legit

220 3766 527 3837 Complut.
561 3763 753 3829 editio,
807 3769 871 3819 ut
900 3763 1108 3819 fratres
1138 3761 1351 3819 ultimo
1393 3769 1697 3835 ponantur
1737 3763 1885 3819 loco.

298 3942 385 4011 (k)
427 3940 797 3998 Mirabuntur
836 3939 1125 4009 nonnulli,
1175 3939 1252 3996 ab
1285 3941 1567 3997 Hentenio
1618 3956 1738 3997 non
1784 3957 1888 3996 no-

222 4015 585 4095 tatumesse
614 4013 909 4095 defectum
940 4012 1385 4095 versus-integri
1404 4015 1512 4095 g6,
1533 4029 1717 4095 quem
1743 4028 1890 4094 prae:

224 4084 567 4140 termittunt
613 4085 845 4140 codices
893 4084 1011 4139 mei
1052 4078 1370 4154 Euthymii.
1403 4082 1515 4139 Sed
1554 4078 1615 4138 is
1662 4078 1887 4140 Erasmi

220 4157 555 4211 editionem
588 4155 977 4227 comparavit,
1015 4171 1146 4225 quae
1190 4158 1301 4211 ista
1328 4155 1663 4227 appendice
1710 4159 1886 4227 caret.

222 4227 638 4307 igituretiam
692 4225 845 4283 infra
894 4225 956 4282 in
1001 4225 1481 4307 interpretatione
1544 4225 1722 4307 hujus
1767 4226 1887 4307 _lo_ci

216 4295 389 4355 hunc
420 4302 609 4353 totum
638 4314 871 4353 versum
928 4295 1135 4352 omisit
1159 4295 1520 4353 Hentenius.
1557 4295 1781 4353 Scilicet
1828 4298 1889 4355 iu

221 4369 595 4425 Bibliotheca
642 4368 884 4424 Patrum
926 4368 1190 4424 maxima
1233 4367 1631 4439 Lugdunensi,
1668 4374 1706 4421 t.
1754 4368 1887 4436 XIX,

218 4459 276 4512 p.
314 4442 446 4504 652,
474 4438 756 4512 columna
792 4456 859 4512 α,
896 4439 1092 4497 littera
1121 4454 1177 4495 a.
1212 4438 1410 4495 Bonus
1448 4441 1606 4512 Beza,
1642 4439 1755 4495 hac
1783 4456 1891 4512 ap-

216 4510 485 4587 pendice
510 4527 625 4567 nos
668 4511 1049 4583 locupletavit
1078 4514 1133 4566 et
1164 4526 1236 4566 ex
1280 4526 1351 4566 eo
1400 4510 1655 4566 editores
1700 4510 1890 4566 textus
1925 4532 1968 4587 ι)

216 4583 471 4639 recenti.

293 4599 657 4725 ῗῧρὲἰῖωἱρειἈ
696 4651 915 4725 nobilis
949 4652 1059 4709 fuit
1104 4650 1489 4725 adversarius
1548 4648 1779 4725 Erasmi
1836 4654 1892 4708 et

218 4722 403 4852 ξ’αὲὶὶ
454 4723 849 4796 Stapulensis.
883 4724 1056 4780 Forte
1108 4739 1250 4793 ergo
1297 4723 1394 4781 hic
1424 4722 1893 4795 reprehenderat

266 4814 302 4852 a
355 4813 518 4852 rum.

266 4813 518 4853 eorum.

295 4868 405 4939 (m)
440 4870 694 4939 Uterque
722 4882 889 4939 meus
931 4870 1306 4939 συκομοραίαν.
1336 4868 1526 4939 Atque
1560 4864 1642 4921 ita
1671 4862 1891 4939 habent

221 4937 409 5018 etiam
437 4937 677 5018 codices
708 4937 1092 5018 Mosquenses
1122 4937 1181 4994 h.
1218 4942 1273 4993 et
1304 4953 1359 4991 v.
1401 4937 1506 5008 qui
1533 4943 1672 4992 sunt
1701 4937 1761 4991 in
1799 4953 1891 4992 or-

222 5009 596 5081 thographia
620 5009 1074 5081 accuratissimi.

294 5079 386 5151 (ἦ)
410 5079 519 5136 Mei
546 5098 683 5136 cum
711 5080 959 5151 reliquis
988 5079 1164 5135 codd.
1192 5080 1314 5151 ista,
1345 5080 1601 5151 servant.

292 5148 375 5225 (0)
415 5152 557 5208 Sine
584 5148 993 5225 admonitione
1017 5155 1084 5225 in
1102 5150 1517 5225 locissingulis
1538 5150 1597 5205 id
1618 5148 1743 5205 ﬁeri
1768 5165 1891 5205 non

224 5221 507 5279 debebat.
562 5226 679 5279 Hoc
710 5223 891 5279 modo
923 5221 1118 5277 multis
1150 5221 1207 5292 in
1251 5221 1396 5277 locis
1441 5226 1756 5292 corruptus
1806 5231 1892 5276 est

226 5296 688 5367 Chrysostomus
711 5312 746 5349 a
772 5294 987 5367 Savilio
1014 5300 1069 5349 et
1090 5291 1327 5367 reliquis
1348 5291 1690 5356 editoribus,
1716 5298 1771 5348 et
1792 5292 1890 5349 alii

226 5364 546 5439 scriptores
576 5368 779 5439 plures
807 5366 886 5421 ab
918 5365 1047 5419 aliis
1078 5364 1363 5439 pluribus.

293 5433 377 5508 (ᾖ)
414 5442 529 5495 Hoc
556 5433 1137 5510 argumenlnmndn
1156 5436 1331 5491 valet.
1370 5433 1548 5510 Multa
1571 5433 1724 5510 talia,
1754 5452 1889 5510 qute

224 5506 589 5569 intellectum
614 5506 852 5567 habent
879 5507 1135 5573 facilem,
1160 5506 1609 5578 praetermittunt
1638 5506 1696 5561 in
1721 5507 1890 5562 scho-

228 5581 336 5638 liis.

302 5654 379 5725 (q)
408 5653 569 5712 Alter
596 5667 877 5712 meorum
903 5648 1138 5715 omittit,
1171 5648 1318 5706 alter
1346 5646 1546 5705 habet.

1995 578 2214 618 meam.
2249 564 2375 619 Non
2401 563 2643 620 additur
2669 565 2739 636 (ε)
2769 564 2815 617 ἐν
2840 574 2900 638 τῇ
2944 565 3192 639 βασιλείᾳ
3214 585 3333 639 μου·
3377 569 3439 621 In
3466 582 3650 635 regno

1992 666 2149 707 meo.
2185 655 2385 724 Neque
2430 653 2490 708 in
2517 655 2893 710 enarratione
2940 654 3006 711 ﬁt
3037 655 3156 711 ulla
3180 656 3363 726 hujus
3404 656 3650 712 mentio.

2063 744 2151 806 22,
2196 742 2283 797 35.
2335 742 2588 807 Quando
2632 743 2773 799 misi
2824 759 2930 799 vos
2980 744 3105 799 sine
3150 744 3357 801 loculis
3400 744 3457 799 et
3486 760 3650 816 pera.

1993 833 2119 886 Non
2177 830 2419 887 additur
2483 837 2583 885 Καὶ
2635 830 2992 907 ὑποδημάτων
3042 840 3097 889 et
3162 833 3583 890 calceamentis
3635 853 3647 892 :

1991 936 2101 976 nec
2126 920 2250 978 ulla
2279 921 2345 977 ﬁt
2385 921 2565 991 hujus
2598 922 2823 978 mentio
2860 925 2918 977 in
2951 923 3416 979 commentariis.
3451 923 3653 990 Arguit

1992 1008 2060 1081 (ι)
2092 1015 2292 1066 autem
2331 1010 2702 1082 adjectitium
2730 1027 2879 1077 esse,
2913 1012 3081 1083 quod
3133 1012 3287 1067 infra
3336 1028 3508 1066 versu
3559 1011 3647 1077 36,

1992 1115 2129 1153 cum
2165 1098 2379 1154 dicitur
2413 1116 2425 1154 :
2460 1099 2566 1154 sed
2594 1115 2754 1155 nunc
2802 1100 2906 1172 qui
2954 1098 3141 1157 habet
3184 1099 3432 1169 loculos,
3466 1098 3649 1169 tollat,

1992 1187 2260 1244 similiter
2298 1192 2354 1244 et
2381 1204 2612 1261 peram,
2660 1188 2809 1244 illud
2850 1187 2911 1244 in
2956 1188 3122 1247 nullo
3154 1188 3414 1245 addatur
3443 1204 3649 1245 exem-

1992 1273 2160 1347 piari.

2063 1370 2149 1432 22,
2198 1367 2286 1423 In.
2336 1369 2401 1421 Et
2450 1367 2957 1440 appropinquavit
2994 1368 3129 1423 Jesu
3174 1371 3237 1421 ut
3284 1365 3651 1422 oscularetur

1991 1471 2149 1509 eum.
2181 1454 2433 1510 Additur
2461 1456 2663 1512 statim
2691 1462 3141 1529 consequenter,
3179 1456 3358 1512 etiam
3389 1456 3447 1511 in
3481 1456 3646 1515 Com-

1991 1543 2248 1614 plutensi
2297 1542 2621 1615 exemplari
2698 1560 2711 1598 :
2767 1552 2931 1599 Τοῦτο
2975 1547 3076 1620 γὰρ
3154 1551 3366 1615 σημεῖον
3427 1540 3649 1597 δεδώκει

1993 1633 2185 1698 αὐτοῖς,
2218 1632 2310 1685 Ὃν
2337 1632 2396 1683 ἂν
2428 1635 2653 1705 φιλήσω,
2699 1634 2851 1697 αὐτος
2881 1633 3013 1687 ἐστι·
3059 1638 3179 1690 Hoc
3208 1634 3367 1689 enim
3409 1631 3649 1702 signum

1992 1723 2236 1777 dederat
2282 1721 2395 1777 illis
2430 1738 2441 1776 :
2479 1723 2910 1795 Quemcunque
2942 1721 3246 1778 osculatus
3282 1722 3476 1789 fuero,
3526 1716 3651 1795 ipse

1916 1827 1962 1883 Β
1993 1816 2099 1865 est.

2062 1899 2152 1964 23,
2214 1899 2265 1952 2.
2324 1899 2489 1955 Hunc
2533 1898 2873 1954 invenimus
2927 1903 3356 1972 pervertentem
3412 1902 3651 1971 gentem

1992 1988 2306 2058 (nostram)
2337 1991 2482 2044 Nam
2513 1988 2594 2059 (υ)
2628 1988 2688 2042 in
2720 1992 2930 2043 nostro
2961 1987 3289 2060 exemplari
3316 1986 3653 2044 addebatur

1990 2080 2157 2151 ἡμῶν,
2182 2078 2336 2135 sicut
2370 2081 2425 2132 et
2464 2076 2707 2147 Vulgata
2730 2077 2917 2133 habet
2949 2076 3147 2132 editio.

2001 2233 2005 2236 ,
2062 2169 2125 2225 ln
2154 2166 2273 2221 fine
2332 2164 2635 2238 Evangelii
2686 2166 2773 2238 (π)
2832 2182 2954 2223 non
2994 2166 3237 2222 additur
3288 2163 3445 2238 ἁμήν,
3504 2164 3655 2220 sicut

1988 2274 2099 2314 nec
2129 2257 2189 2313 in
2215 2258 2335 2312 ﬁne
2366 2257 2619 2315 aliorum
2653 2258 3167 2328 Evangelistarum
3207 2257 3267 2313 in
3316 2257 3437 2314 ullo
3464 2256 3654 2312 habe-

1992 2352 2085 2406 tur
2111 2345 2462 2419 exemplari.

2635 2436 2731 2493 Ea:
2752 2437 3006 2491 Joanne.

2064 2527 2117 2589 1,
2148 2529 2236 2581 28.
2294 2526 2427 2581 Haec
2476 2524 2537 2580 in
2590 2525 2923 2595 (Bethania)
2980 2523 3137 2581 facta
3171 2527 3329 2579 sunt.
3380 2526 3507 2580 Non
3566 2522 3653 2594 (ῃ)

1996 2613 2299 2689 βηθαϐαρά.
2353 2613 2686 2668 Conformis
2740 2618 2828 2669 est
2880 2618 2933 2669 et
2975 2612 3413 2685 Complutensis
3472 2612 3652 2669 editio

1995 2708 2053 2759 et
2090 2704 2335 2777 Vulgata
2381 2718 2391 2756 :
2440 2718 2797 2776 quanquam
2838 2708 3045 2760 auctor
3090 2702 3250 2761 dicat
3298 2702 3358 2757 in
3409 2700 3651 2756 scholiis

1995 2792 2193 2848 verius
2219 2791 2335 2863 legi
2362 2791 2717 2849 Bethabara.

2074 2882 2122 2946 1,
2150 2880 2236 2936 30.
2270 2883 2390 2936 Non
2441 2883 2790 2952 repetuntur
2818 2877 2947 2935 haec
3000 2883 3105 2934 aut
3148 2878 3361 2936 similia
3422 2877 3603 2934 verba
3636 2895 3648 2934 :

1999 2970 2168 3031 Οὗτός
2223 2968 2337 3022 ἐστι
2394 2971 2512 3041 περὶ
2566 2969 2626 3021 οὗ
2673 2967 2771 3040 ἐγὼ
2812 2970 2974 3032 εἷπον,
3035 2967 3235 3021 Ὀπίσω
3281 2986 3380 3039 μου
3440 2969 3654 3042 ἔρχεται

2000 3057 2149 3134 ἀνὴρ,
2197 3056 2247 3119 ὃς
2278 3059 2566 3130 ἔμπροσθέν
2611 3076 2711 3128 μου
2762 3060 2987 3128 γέγονεν,
3041 3058 3121 3108 ὅτι
3166 3061 3368 3131 πρῶτός
3420 3076 3520 3127 μου
3570 3052 3651 3115 ἦν.

2000 3149 2100 3203 Hic
2122 3150 2209 3203 est
2232 3145 2306 3202 de
2336 3161 2458 3220 quo
2489 3160 2599 3215 ego
2629 3144 2897 3201 dicebam
2935 3160 2946 3197 :
2976 3145 3113 3199 Post
3141 3160 3235 3199 me
3262 3150 3544 3200 venturus
3569 3147 3658 3199 est

1996 3235 2106 3301 vir,
2153 3235 2256 3308 qui
2289 3241 2425 3291 ante
2452 3250 2547 3290 me
2577 3231 2705 3299 fuit,
2748 3232 2892 3307 quia
2941 3232 3098 3304 prior
3128 3248 3225 3288 me
3256 3237 3400 3288 erat.
3432 3231 3655 3290 Eadem

1997 3329 2201 3383 tamen
2226 3320 2671 3397 propemodum
2721 3322 2908 3380 verba
2936 3321 3119 3396 paulo
3148 3321 3423 3395 superius
3455 3321 3655 3395 posita

1997 3420 2188 3471 erant.

2069 3501 2121 3565 2,
2154 3504 2243 3556 22.
2298 3499 2686 3557 Crediderunt
2734 3500 2995 3558 sermoni
3046 3500 3219 3573 (ejus)
3272 3500 3420 3556 Nam
3475 3499 3658 3559 habet

1998 3590 2160 3645 αὐτοῦ
2217 3592 2367 3662 ejus,
2420 3605 2542 3646 non
2589 3596 2628 3659 ᾧ
2683 3590 2818 3643 εἶπεν
2878 3592 2903 3641 ὁ
2934 3587 3154 3655 Ἰησοῦς,
3188 3605 3371 3661 quem
3429 3589 3659 3648 dixerat

1998 3680 2186 3735 Jesus.

2071 3768 2122 3833 2,
2150 3770 2237 3823 24.
2274 3770 2353 3822 Eo
2384 3767 2540 3837 quod
2572 3765 2700 3839 ipse
2754 3769 2955 3822 nosset
2981 3765 3231 3838 (omnia)
3269 3766 3455 3823 Habet
3495 3767 3657 3822 enim

1998 3945 2146 4069 ),(r)
2179 3943 2283 4000 Mei
2313 3944 2488 4016 λόγου.
2544 3946 2824 4001 Erasmus
2861 3959 2922 3999 se
2961 3943 3192 4002 volutat
3232 3943 3380 4002 inter
3420 3942 3568 4018 λόγον
3601 3947 3657 4001 et

2018 4036 2155 4069 .o'vm.

2018 4036 2155 4089 λογῳ.

2072 4082 2141 4159 (s')
2172 4086 2309 4159 Dixi
2330 4085 2402 4159 de
2450 4086 2565 4143 hoc
2615 4082 2747 4142 loco
2791 4085 3033 4159 copiose
3080 4087 3141 4143 in
3174 4102 3307 4145 mea
3360 4090 3425 4143 Ν.
3458 4089 3658 4146 Testa-

2000 4157 2186 4215 menti
2218 4157 2497 4214 editione.

2093 4229 2139 4300 τ)
2196 4232 2421 4300 Arguta
2452 4231 2550 4300 est
2580 4228 2847 4300 omissio.
2898 4228 3111 4293 Primo,
3163 4226 3329 4300 quod
3371 4229 3656 4300 continuo

2000 4294 2166 4358 nulla
2191 4294 2255 4356 fit
2277 4294 2505 4357 mentio
2545 4297 3102 4369 calceamentorum.
3142 4294 3250 4354 Sed
3282 4299 3527 4367 intelligi
3552 4315 3659 4369 ρον

2004 4375 2159 4450 terat
2184 4388 2253 4450 es.
2280 4366 2711 4450 superioribus.
2745 4370 2983 4450 Deinde,
3016 4370 3182 4450 quod
3212 4385 3333 4427 non
3376 4366 3655 4428 credibile

2001 4436 2332 4506 videbatur,
2356 4436 2488 4497 'sine
2517 4440 2937 4497 calceamentis
2966 4436 3181 4497 missos
3209 4458 3356 4497 esse.

2074 4514 2149 4583 (v)
2208 4514 2353 4583 ἡμῶν
2413 4511 2641 4568 addunt
2692 4513 2824 4571 mei.
2875 4514 3219 4570 Proximum
3276 4517 3366 4566 καὶ
3433 4518 3651 4581 autem,

2001 4590 2138 4642 ante
2169 4584 2458 4648 κωλύοντα,
2487 4584 2787 4640 omittunt.

2074 4656 2175 4727 (αῖ)
2200 4656 2430 4711 Scilicet
2460 4655 2825 4727 interpretes,
2859 4650 3321 4726 Chrysostomus
3352 4659 3409 4727 et
3439 4653 3654 4727 caeteri,

1998 4724 2127 4811 loco
2144 4724 2318 4809 ἀμὴν,
2356 4726 2519 4811 quod
2548 4724 2748 4811 tex‘tus
2767 4730 2872 4810 est,
2897 4724 3053 4811 post.
3071 4742 3223 4807 suas.
3238 4724 3658 4811 eXplicationes

2000 4798 2074 4871 de
2103 4795 2211 4856 suo
2244 4800 2304 4853 in
2358 4795 2474 4871 fine
2523 4797 2755 4854 addunt
2809 4795 2966 4868 victv,
3001 4800 3180 4871 atque
3210 4798 3287 4855 ita
3317 4795 3661 4857 ’terminant

1999 4868 2571 4941 interpretationem.

2073 4934 2169 5013 (ω’
2197 4945 2256 4996 In
2296 4941 2384 5013 his
2410 4945 2466 4995 et
2497 4934 2791 4994 similibus
2823 4937 3658 5013 Origenes_antiquis_criticis

2001 5009 2400 5083 expectoravit
2418 5016 2700 5083 mentem,
2727 5009 3257 5083 utrecentioribus,
3282 5009 3653 5083 perlibellum

1998 5080 2499 5140 Hei-meneutz'sche
2528 5081 2973 5153 Vorbereitung,
2985 5080 3302 5146 Semlerus,
3317 5082 3420 5153 qui
3436 5080 3658 5137 dudum

2002 5159 2178 5209 antea
2227 5170 2289 5209 se
2320 5153 2395 5209 ab
2446 5151 2660 5208 criticis
2695 5152 2772 5208 ad
2806 5152 3145 5208 triumviros
3174 5158 3237 5208 Α.
3289 5151 3354 5208 Α.
3394 5154 3457 5207 A.
3493 5153 3550 5209 F.
3596 5154 3654 5208 F.

2001 5225 2315 5281 transferre
2346 5222 2667 5279 debuisset.
2698 5222 2847 5278 Illud
2878 5229 3076 5278 autem
3110 5222 3253 5278 mihi
3287 5222 3360 5278 de
3382 5223 3496 5279 hoc
3526 5224 3659 5280 loco

2001 5296 2273 5351 mirabile
2296 5296 2489 5350 visum
2514 5301 2617 5359 est,
2647 5293 2810 5359 quod
2839 5292 3040 5351 nullus
3071 5311 3142 5349 ex
3166 5295 3464 5350 veteribus
3486 5294 3659 5351 inter-

2043 5312 2273 5351 nramte
2296 5313 2489 5350 VlSllm
2514 5312 2617 5359 est,
2647 5312 2810 5419 quoa
2839 5312 3040 5351 nuuus
3071 5312 3142 5349 ex
3166 5312 3464 5350 veteribus
3486 5312 3657 5351 mter-

2043 5369 2265 5423 rctibus
2330 5367 2543 5422 Graecis
2596 5368 2652 5421 in
2687 5382 2771 5429 ra,
2838 5382 2966 5434 cap.
3018 5382 3077 5428 Χ,
3125 5381 3276 5421 vers.
3353 5368 3437 5432 40,
3498 5368 3657 5421 hunc

2022 5455 2197 5495 ocum
2251 5438 2572 5493 lectoribus
2618 5439 2675 5492 in
2724 5436 3073 5492 memoriam
3120 5443 3376 5493 revocat.
3430 5438 3661 5494 Scilicet

2002 5510 2221 5565 conscii
2264 5515 2433 5564 erant
2476 5508 2607 5572 sibi,
2651 5524 2710 5562 se
2756 5512 2973 5562 temere
3011 5514 3245 5564 secutos
3296 5524 3423 5563 esse
3464 5510 3659 5575 Orige-

2002 5596 2161 5643 nem.
2194 5580 2395 5637 relicta
2436 5580 2789 5636 auctoritate
2820 5577 3121 5635 codicum.
3158 5582 3310 5649 Ergo
3337 5578 3657 5636 consultius

2001 5651 2317 5724 putabant,
2359 5649 2658 5707 abstinere
2686 5664 2750 5704 se
2785 5649 2864 5705 ab
2896 5650 3011 5707 isto
3038 5648 3190 5708 loco.
