4110 6382
423 367 493 430 63
1932 362 2325 431 PREFATIO.
3768 375 3837 435 64

428 502 596 552 ῆάντα
625 501 700 573 (z)
748 517 870 558 non
917 506 1112 563 πάντας
1159 512 1379 561 omnes.
1422 505 1723 561 Consonat
1767 501 2073 573 exemplar

2192 507 2287 552 οεῖν
2311 501 2491 569 αὐτοῦ,
2522 508 2584 557 ut
2612 508 2853 575 possent
2883 520 3166 560 accusare
3205 519 3364 572 eum,
3410 504 3511 561 sed
3542 506 3624 557 ἵνα
3670 504 3837 578 ἔχωσι

428 586 867 661 Complutense.

499 670 549 743 3,
584 680 672 733 '22.
706 670 770 735 Et
790 680 870 735 ibi
902 680 1247 736 morabatur
1272 698 1408 736 cum
1450 672 1774 753 discipulis,
1816 696 1885 735 ac
1912 679 2074 750 (bap-

426 766 707 837 tizabant)
756 769 1055 839 Siquidem
1091 769 1394 840 pluraliter
1427 762 1606 825 habet
1639 771 1717 841 (a)
1752 769 2024 828 ἐϐάτξτιζον
2058 786 2070 824 :

368 912 371 913 ν
426 856 581 926 quod
621 872 691 910 ex
734 856 971 912 scholiis
999 859 1369 913 manifestius
1401 864 1669 931 apparet.

499 947 551 1009 4,
580 947 667 1000 31.
699 948 923 1001 Interea
951 948 1242 1016 rogabant
1271 964 1407 1002 eum
1457 947 1732 1019 discipuli
1759 946 1935 1019 (ejus)
1976 946 2070 1001 di-

428 1038 625 1088 centes
681 1051 693 1088 :
747 1034 960 1105 Rabbi,
1021 1038 1289 1091 comede.
1350 1036 1603 1091 Additur
1664 1037 1824 1091 enim
1892 1035 2071 1105 αὐτοῦ,

430 1120 611 1175 etiam
641 1122 701 1176 in
733 1122 1058 1194 exemplari
1090 1124 1517 1194 Complutensi.

502 1210 553 1275 6,
590 1210 674 1263 52.
709 1212 1021 1276 Quomodo
1063 1218 1257 1283 potest
1290 1213 1386 1269 hic
1416 1214 1592 1269 nobis
1632 1213 1769 1268 dare
1809 1228 2072 1278 carnem,

430 1297 509 1353 ad
543 1299 983 1355 comedendum
1004 1303 1031 1357 ?
1060 1301 1296 1357 Nullum
1330 1302 1411 1373 (ὁ)
1442 1304 1709 1358 Graecum
1750 1301 2071 1371 exemplar,

429 1386 592 1457 quod
631 1387 898 1452 viderim,
931 1389 1203 1444 additum
1246 1390 1427 1445 habet
1471 1390 1630 1441 αὐτοῦ
1673 1405 1860 1455 suam,
1890 1404 2077 1460 quan-

430 1487 615 1545 quam
646 1476 882 1531 verterit
906 1478 1184 1531 Erasmus
1211 1494 1223 1532 :
1255 1478 1501 1533 Carnem
1527 1478 1688 1533 illam
1712 1493 1904 1532 suam.

503 1563 552 1625 6,
586 1567 673 1618 70.
718 1565 1044 1636 Respondit
1095 1566 1178 1620 eis
1217 1582 1228 1621 :
1274 1569 1425 1621 Num
1456 1582 1567 1636 ego
1606 1582 1711 1620 vos
1757 1565 2077 1621 duodecim

432 1650 631 1722 elegi?
674 1655 800 1707 Non
846 1653 1086 1709 additUr
1135 1654 1358 1722 Ἰησοῦς,
1409 1670 1595 1725 neque
1653 1656 1713 1709 in
1753 1652 2079 1724 exemplari

433 1739 855 1811 Complutensi.

2184 596 2503 666 κατηγορίαν
2552 592 2661 644 κατ’
2714 588 2895 657 αὐτοῦ,
2938 598 3001 648 ut
3053 594 3344 650 haberent
3394 594 3837 650 accusationem

2185 675 2470 735 adversus
2501 696 2659 735 eum.
2690 684 2977 736 Praeterea
3005 698 3140 737 cum
3173 688 3307 753 post
3334 696 3528 755 pauca
3548 684 3733 738 verba
3752 699 3837 738 se—

2184 764 2427 838 quentia
2455 783 2630 824 versu
2661 772 2713 837 9,
2738 764 2953 825 dicitur
2982 791 2993 828 :
3025 771 3195 826 Initio
3226 770 3383 827 facto
3413 788 3447 827 a
3475 772 3832 836 senioribus,

2184 856 2423 912 additur
2448 860 2540 918 ἒως
2584 867 2682 909 τῶν
2734 857 2974 929 ἐσχάτων
3013 876 3199 931 usque
3232 861 3303 915 ad
3338 866 3686 931 postremos.
3724 863 3836 915 De-

2183 943 2319 998 inde
2349 946 2631 1011 versuto,
2668 945 2765 1001 ubi
2799 947 3072 1003 subditur
3106 965 3117 1001 ε
3152 949 3296 1003 Cum
3318 953 3519 1004 autem
3554 949 3837 1003 erexisset

2185 1048 2245 1088 se
2266 1034 2453 1088 Jesus.
2487 1036 2687 1105 Neque
2711 1035 2829 1101 hic,
2852 1051 3041 1107 neque
3072 1036 3133 1091 in
3156 1036 3404 1107 Vulgata
3444 1038 3695 1092 editione
3722 1036 3797 1091 ad
3814 1067 3837 1078 -

2184 1121 2337 1176 ditur
2392 1128 2846 1193 consequenter,
2911 1128 2999 1175 καὶ
3054 1122 3257 1196 μηδένα
3320 1127 3648 1197 θεασάμενος,
3708 1124 3835 1183 πλὴν

2187 1218 2287 1271 ’τῆς
2315 1215 2577 1280 γυναικός.
2628 1213 2693 1265 Et
2728 1212 3035 1267 neminem
3086 1213 3351 1267 vidisset:
3392 1218 3602 1284 praeter
3632 1213 3839 1268 mulie-

2184 1313 2311 1353 rem
2338 1321 2347 1363 ;
2373 1299 2539 1371 quod
2570 1305 2769 1355 tamen
2799 1305 2852 1356 et
2874 1300 2932 1355 in
2965 1300 3375 1372 Complutensi
3415 1302 3667 1357 editione
3696 1307 3750 1356 et
3775 1303 3839 1357 in

2187 1387 2317 1443 aliis
2348 1388 2557 1443 Graecis
2589 1388 2845 1445 habetur
2866 1390 3309 1461 exemplaribus
3339 1408 3350 1444 :
3388 1390 3491 1446 sed
3533 1391 3667 1446 loco
3709 1391 3839 1461 ejus

2186 1476 2361 1532 habet
2405 1473 2536 1528 εἶδεν
2584 1477 2767 1535 αὐτήν·
2824 1478 2975 1535 Vidit
3031 1495 3186 1534 eam.
3218 1483 3277 1534 In
3320 1480 3640 1551 exemplari
3696 1495 3841 1547 ergo

2187 1564 2589 1636 Complutensi
2614 1566 2874 1638 plurima
2894 1566 3209 1623 nobiscum
3236 1567 3460 1623 faciunt
3491 1572 3699 1624 contra
3723 1568 3845 1624 alia

2187 1654 2552 1725 exemplaria
2590 1654 2828 1721 Graeca;
2871 1656 3155 1726 quaedam
3186 1672 3326 1711 vero
3366 1673 3502 1711 cum
3538 1662 3594 1710 et
3625 1656 3754 1711 aliis
3785 1660 3845 1711 et

2188 1757 2310 1796 non
2342 1742 2679 1797 nobiscum.
2734 1744 2885 1808 Quin
2918 1750 2973 1799 et
3019 1744 3162 1799 illud
3212 1744 3518 1816 exemplar
3563 1744 3843 1815 quaedam

504 1835 557 1893 7,
587 1830 637 1881 1.
672 1833 796 1884 Non
827 1831 983 1885 enim
1020 1832 1293 1903 (poterat)
1339 1832 1398 1886 in
1426 1832 1638 1886 Judaaa
1678 1832 1914 1886 versari.
1950 1832 2079 1886 Non
2113 1849 2157 1903 Β
2187 1830 2386 1895 habet,
2421 1848 2556 1903 quae
2580 1847 2776 1903 neque
2803 1849 2910 1887 nos
2934 1833 3250 1898 habemus,
3280 1849 3476 1904 neque
3503 1834 3620 1888 alia
3642 1848 3845 1888 exem-

432 1916 615 1972 habet
643 1916 817 1974 ἤθελεν
842 1919 1102 1989 volebat,
1126 1920 1229 1975 sed
1257 1918 1395 1992 εἶχεν
1427 1920 1687 1987 ἐξουσίαν,
1712 1919 1968 1976 habebat
1986 1937 2081 1991 po-

434 2008 726 2071 testatem,
755 2007 895 2072 sive,
924 2011 1172 2063 Poterat.

505 2099 556 2164 7,
585 2096 666 2149 12.
688 2095 798 2150 Alii
825 2112 962 2152 vero
989 2098 1267 2153 dicebant
1295 2113 1307 2150 :
1333 2097 1482 2164 Non,
1505 2097 1609 2152 sed
1633 2097 1867 2152 seducit
1886 2098 2080 2168 (mun-

436 2181 625 2255 dum).
660 2183 785 2238 Non
828 2185 1006 2239 habet
1030 2185 1185 2257 ὄχλον
1228 2186 1484 2250 turbam,
1529 2186 1632 2241 sed
1676 2190 1871 2257 κόσμον
1912 2201 2081 2240 mun-

433 2272 596 2335 dum,
624 2273 783 2342 quod
816 2273 994 2329 etiam
1026 2275 1085 2328 in
1116 2273 1353 2329 scholiis
1383 2275 1739 2330 declaratur.

504 2361 556 2426 7,
588 2362 677 2417 53.
706 2361 907 2433 (Abiit)
933 2364 1421 2435 unusquisquein
1448 2364 1695 2418 domum
1728 2380 1923 2417 suam.
1953 2365 2079 2418 Non

432 2449 585 2504 cnim
629 2448 811 2505 habet
854 2450 1127 2523 ἐπορεύθη,
1182 2453 1476 2523 profectus
1528 2456 1629 2517 est,
1669 2452 1775 2507 sed
1831 2450 2079 2509 ἀπῆ)θεν.

430 2538 587 2593 Infra
617 2540 812 2594 statim
837 2556 969 2611 cap.
1001 2557 1121 2605 vui,
1149 2540 1180 2593 2
1214 2541 1506 2611 (Summo)
1536 2556 1671 2596 vero
1697 2539 1957 2596 diluculo
1978 2541 2075 2594 ite-

429 2643 565 2683 rum
624 2629 830 2699 (venit)
884 2629 1098 2701 (Jesus)
1143 2631 1201 2685 in
1265 2630 1577 2702 templum.
1629 2630 1877 2684 Additur
1920 2628 2079 2683 enim

432 2716 617 2789 βαθέος
673 2734 898 2773 summo
937 2718 1029 2773 vel
1069 2719 1396 2789 profundo,
1448 2723 1505 2773 et
1552 2733 1776 2773 nomen
1833 2716 2075 2787 Ἰησοῦς;

428 2808 545 2862 Nec
591 2807 772 2862 habet
820 2810 1121 2881 παρεγένετο
1165 2808 1420 2871 accessit,
1488 2806 1594 2861 sed
1647 2802 1816 2863 ἦλθεν.
1879 2808 1944 2861 Et
1996 2806 2078 2861 in-

426 2894 516 2951 fra
546 2911 699 2950 vers.
732 2900 762 2951 3
808 2912 818 2950 :
856 2895 1212 2965 (Adducunt)
1244 2895 1578 2950 mulierem.
1625 2898 1751 2950 Non
1793 2895 1973 2951 habet
1999 2899 2079 2967 φέ-

425 3003 610 3056 ρουσιν
639 2985 919 3053 a/ferunt,
954 2984 1059 3040 sed
1097 2986 1312 3055 ἄγουσι.
1363 2987 1477 3039 Nec
1528 2982 1769 3038 additur
1816 2987 1946 3057 πρὸς
1989 2983 2077 3035 αὐ-

426 3076 512 3124 τὸν
543 3073 620 3128 ad
666 3089 809 3129 eum.
848 3072 1005 3129 Infra
1054 3089 1210 3129 vers.
1261 3072 1416 3129 eod:
1462 3072 1573 3125 Ἐπὶ
1626 3078 1867 3145 μοιχείᾳ,
1920 3073 1981 3127 in
2021 3089 2080 3128 a-

426 3159 698 3227 dulterio,
731 3177 853 3217 non
881 3161 928 3214 ἐν
955 3168 1191 3234 μοιχείᾳ.
1223 3165 1367 3218 Item
1392 3161 1574 3218 habet
1604 3158 1742 3213 εἷπον
1772 3162 2075 3225 dixerunt,
2117 3196 2158 3252 Ο

425 3264 547 3305 non
575 3251 785 3321 λέγουσι
820 3251 1047 3305 dicunt.
1082 3249 1331 3305 Additur
1363 3265 1606 3321 quoque
1648 3250 1708 3304 in
1748 3255 1954 3305 nostro
1984 3265 2079 3304 ex-

425 3338 674 3409 emplari
720 3338 1046 3412 πειράζοντες
1099 3344 1409 3393 tentantes.
1470 3341 1585 3393 Nec
1634 3336 1814 3393 habet
1865 3341 1996 3395 αὕτη
2043 3340 2073 3395 ἡ

424 3429 555 3497 γυνὴ
593 3426 934 3497 κατειλήφθη,
988 3426 1133 3482 Haec
1174 3424 1380 3479 mulier
1424 3426 1796 3496 deprehensa
1835 3430 1947 3489 est,
1974 3425 2077 3480 sed

425 3516 619 3571 ταύτην
680 3515 908 3587 εὕρομεν,
972 3515 1145 3571 Hanc
1194 3513 1553 3568 invenimus.
1588 3514 1741 3569 Infra
1786 3529 1939 3569 vers.
1974 3519 2003 3568 5
2062 3536 2074 3569 :

423 3604 506 3657 Tu
532 3607 733 3657 autem
778 3602 925 3674 quid
966 3604 1049 3658 ais
1083 3603 1183 3672 (de
1215 3601 1381 3671 illa?)
1448 3602 1695 3657 Additur
1752 3603 1909 3657 enim
1959 3608 2077 3677 περὶ

427 3690 610 3752 αὐτῆς.
663 3692 774 3745 Nec
799 3690 940 3746 dicit
980 3690 1133 3746 infra
1192 3707 1339 3745 vers.
1387 3692 1439 3754 6,
1497 3692 1579 3743 ἶνα
1627 3694 1795 3764 ἔχωσι
1848 3711 2074 3762 κατηγο-

496 3815 572 3885 (z)
601 3816 680 3868 Ex
712 3814 1134 3886 Chrysostomo
1165 3814 1276 3886 hoc
1298 3814 1643 3885 assumpsit,
1689 3815 1791 3886 qui
1830 3815 1889 3870 in
1917 3815 2075 3869 codi-

426 3886 597 3940 cibus
628 3885 1080 3956 Mosqu'ensibus
1111 3885 1291 3941 habet
1321 3887 1386 3937 τὰ
1416 3887 1602 3949 πάντα,
1639 3885 1742 3940 sed
1773 3886 2073 3941 Montefal-

426 3956 658 4018 conius,
689 3960 726 4010 t.
756 3958 891 4022 Vlll,
926 3974 979 4026 p.
1008 3957 1104 4010 137
1134 3957 1190 4010 C.
1216 3956 1399 4011 edidit
1427 3958 1617 4009 πάντα.

500 4028 581 4098 (a)
614 4028 803 4081 Etiam
836 4028 947 4081 hoc
990 4028 1063 4080 ad
1099 4027 1589 4098 Chrysostomum
1630 4026 1856 4091 ﬁctum,
1888 4027 2077 4098 Habet

425 4097 1019 4170 quidem‘Vulgatam
1053 4097 1383 4170 lectionem,
1417 4104 1456 4151 t.
1511 4100 1648 4165 Vlll,
1677 4114 1735 4170 p.
1758 4102 1874 4170 7164
1916 4100 1979 4152 Α.
2011 4097 2069 4152 C.

431 4169 542 4252 ἐξά
588 4167 810 4252 ibidem
856 4169 1023 4252 addit
1054 4169 1117 4248 ,D
1166 4174 1339 4252 ααίτοξ
1394 4175 1614 4252 προϊών..
1645 4167 1893 4252 (scilicet.
1939 4185 2069 4252 cap.

426 4240 518 4321 ly,
587 4256 639 4292 V.
714 4242 986 4321 2)”?11019
1044 4241 1068 4290 ο
1128 4239 1517 4320 εὖαγγελισέὴς,
1589 4242 1668 4291 ὅτι
1721 4239 1921 4321 Ἰρσρύς
1982 4239 2074 4291 οὐκ

428 4308 884 4379 ἐϐάπτιζενςάὒῗ
954 4312 1001 4361 οἱ
1064 4308 1297 4381 μαθηέαἰ
1356 4311 1536 4365 αὐτοῦ,
1587 4314 1696 4363 ὅθεν
1756 4308 1933 4376 δῆλον,
1996 4312 2075 4361 ὃτι

426 4387 518 4453 xui.
542 4381 761 4433 ἐνταῦθα
806 4390 957 4433 τοῦτο
986 4381 1141 4452 λέγει,
1170 4384 1249 4433 ὅτι
1294 4383 1440 4434 αὐτοὶ
1490 4388 1867 4453 ΕΒΑΠΤΙΖΟΝ
1904 4386 2072 4453 μόνοι.

427 4452 708 4517 Origenes
738 4458 775 4523 t.
814 4456 899 4522 IV,
952 4455 1167 4523 p.162,
1213 4453 1278 4517 D;
1312 4454 1492 4507 habet
1521 4454 1765 4523 quidem
1810 4452 2071 4517 ἐϐαὲττιζε,

2187 1919 2375 1990 plaria
2414 1922 2610 1975 Graeca
2644 1942 2655 1972 :
2690 1925 2752 1975 ut
2798 1936 2937 1975 cum
2981 1921 3193 1975 dicitur
3239 1937 3392 1976 vers.
3427 1926 3499 1976 6:
3538 1921 3849 1977 Scribebat

2188 2006 2244 2061 in
2294 2013 2525 2073 terram,
2582 2008 2750 2064 addit
2801 2008 2980 2064 editio
3036 2009 3492 2079 Complutensis,
3545 2015 3617 2081 μὴ
3669 2030 3844 2082 προσ-

2189 2100 2486 2168 ποιούμενος
2516 2096 2919 2151 dissimulans.
2946 2100 3009 2153 Et
3037 2097 3192 2154 infra
3212 2113 3363 2154 vers.
3394 2103 3441 2163 9,
3477 2098 3577 2153 ubi
3604 2099 3844 2168 dicitur,

2190 2188 2262 2239 At
2317 2184 2398 2239 illi
2455 2202 2594 2240 cum
2648 2185 2957 2250 vidissent,
3020 2186 3186 2241 addit
3242 2186 3362 2242 illa.
3426 2192 3525 2239 Καὶ
3592 2190 3691 2239 ὑπὸ
3751 2196 3849 2247 τῆς

2193 2271 2537 2334 συνειδήσεως
2568 2274 2918 2345 ἐλεγχόμενοι,
2965 2277 3027 2330 Et
3067 2291 3102 2329 a
3133 2275 3491 2331 conscientia
3526 2276 3849 2345 redargue-

2187 2369 2405 2419 rentur.
2425 2362 2603 2419 Multa
2628 2380 2864 2435 quoque
2895 2363 3012 2418 alia
3038 2363 3171 2418 hinc
3192 2363 3329 2419 inde
3349 2364 3676 2428 variantur,
3708 2381 3847 2436 quae

2188 2451 2333 2524 quia
2393 2450 2684 2505 minutula
2727 2456 2885 2518 sunt,
2934 2450 3239 2506 noluimus
3293 2467 3609 2506 recensere.
3662 2455 3851 2508 Tanta

2188 2542 2390 2612 itaque
2439 2540 2934 2610 exemplariorum
2962 2541 3238 2603 varietas,
3273 2546 3487 2612 praeter
3518 2541 3653 2611 alia,
3704 2542 3849 2596 satis

2188 2631 2385 2700 arguit
2421 2628 2577 2683 hanc
2623 2628 2930 2683 historiam
2986 2628 3303 2683 ascititiam
3357 2645 3509 2695 esse,
3555 2629 3850 2701 quemad-

2190 2716 2435 2772 modum
2466 2733 2604 2771 cum
2645 2715 2917 2787 pluribus
2963 2716 3093 2771 aliis
3137 2716 3351 2771 asserit
3382 2723 3590 2773 auctor
3620 2723 3841 2772 noster.

2260 2809 2312 2871 8,
2352 2806 2439 2860 40.
2476 2804 2586 2868 Qui
2640 2804 2941 2859 veritatem
2973 2804 3209 2859 locutus
3241 2821 3373 2859 sum
3422 2804 3615 2871 vobis,
3656 2822 3847 2877 quam

2188 2894 2391 2950 audivi
2422 2910 2457 2949 a
2483 2894 2717 2964 (Patre).
2752 2892 2937 2949 Habet
2961 2910 3225 2966 namque
3254 2898 3454 2967 Πατρός
3488 2899 3543 2949 et
3567 2911 3687 2950 non
3708 2902 3845 2947 Θεοῦ

2188 2984 2319 3038 Deo.
2355 2985 2420 3038 Et
2453 2982 2606 3037 infra
2633 2998 2804 3037 versu
2855 2985 2943 3036 49.
3002 2982 3115 3037 Sed
3149 2982 3381 3037 honoro
3429 2987 3681 3053 patrem.
3716 2986 3847 3038 Non

2189 3071 2427 3127 additur
2457 3090 2556 3143 μου
2585 3085 2800 3125 meum.
2837 3070 3166 3140 Statimque
3196 3070 3256 3125 in
3284 3070 3497 3125 eodem
3526 3086 3701 3125 versu
3732 3090 3742 3128 :
3782 3073 3853 3126 Et

2188 3176 2292 3214 vos
2323 3158 2687 3214 contumelia
2716 3174 2809 3212 me
2842 3156 3140 3228 (efﬁcitis).
3175 3161 3323 3214 Nam
3352 3158 3537 3215 habet
3567 3157 3846 3231 ἀτιμάζετε

2189 3264 2293 3319 per
2323 3262 2605 3318 praesens,
2636 3262 2757 3301 non
2808 3246 3122 3317 ἠτιμάσατε,
3155 3248 3519 3302 contumelia
3545 3247 3841 3303 aﬂ‘ecistis.

2190 3336 2523 3391 Coneordat
2552 3334 2867 3389 nobiscum
2917 3334 2975 3387 in
3008 3340 3313 3405 postremo
3344 3335 3651 3407 exemplar
3679 3337 3849 3391 Com-

2188 3424 2489 3495 plutense.

2260 3516 2309 3576 8,
2342 3516 2427 3567 59.
2458 3513 2627 3565 Jesus
2672 3517 2874 3567 autem
2916 3511 3244 3567 occultatus
3292 3516 3401 3577 est,
3453 3517 3509 3566 et
3558 3512 3739 3566 exivit
3774 3513 3849 3567 de

2190 3601 2430 3672 templo.
2474 3600 2723 3655 Additur
2750 3600 2967 3664 statim,
3004 3601 3181 3656 etiam
3214 3600 3274 3655 in
3308 3600 3633 3671 exemplari
3679 3600 3851 3657 Com-

2188 3688 2732 3761 plutensizAcelOrb-u
2802 3688 2889 3759 (d)
2942 3686 3037 3740 διὰ
3092 3694 3255 3760 μέσου
3323 3689 3511 3759 αὐτῶν,
3556 3694 3644 3741 καὶ
3713 3710 3844 3761 παρ-

2259 3814 2339 3895 (Q)
2401 3814 2642 3895 Scripsit
2702 3814 2829 3895 haec
2884 3813 3203 3895 He_ntenius
3252 3829 3413 3895 anno
3477 3818 3630 3895 1543.
3667 3816 3847 3895 “Quot

2188 3884 2476 3940 editiones
2524 3888 2736 3940 Graecae
2765 3889 2907 3938 tunc
2952 3884 3187 3950 fuerint,
3241 3891 3451 3939 notum
3504 3890 3608 3939 est.
3665 3886 3723 3939 Si
3762 3887 3845 3939 ita

2186 3957 2423 4011 locutus
2458 3960 2611 4027 esset
2648 3956 3039 4027 Hieronymus
3072 3961 3127 4010 et
3174 3955 3682 4027 Origenes.rmulti
3728 3956 3843 4011 sibi

2187 4027 2516 4096 cogitarent
2569 4026 2857 4080 ducentos
2897 4027 3134 4080 codices
3177 4026 3534 4081 recensionis
3597 4026 3844 4081 Alexan-

2186 4100 2372 4153 drinae
2422 4104 2479 4152 et
2518 4096 2932 4152 Occidentalis.
2971 4097 3083 4168 Sed
3131 4097 3247 4151 hoc
3287 4113 3531 4168 quoque
3565 4097 3844 4168 Chrysos-

2187 4173 2387 4238 tomus
2420 4170 2670 4238 invexit,
2699 4168 2803 4238 qui
2825 4169 2881 4221 in
2911 4167 3221 4222 codicibus
3250 4167 3476 4238 MOsqq.
3510 4168 3593 4221 ita
3622 4168 3801 4223 habet
3831 4189 3842 4220 :

2189 4248 2305 4299 Πῶς
2353 4237 2567 4291 δύναται
2645 4235 2828 4290 δοῦναι
2889 4240 3013 4309 ἡμῖν
3060 4246 3236 4309 φαγεῖν
3305 4235 3455 4313 οὗτοέ
3521 4244 3613 4296 τὴν
3676 4240 3848 4313 σάρκα

2186 4312 2378 4373 atii-oi);
2435 4310 2581 4363 Vide
2632 4316 2667 4363 t.
2718 4312 2851 4373 VIII,
2912 4314 3121 4379 p.272.
3184 4313 3241 4364 Β.
3276 4309 3521 4379 Cyrillus
3578 4311 3673 4364 hic
3729 4309 3849 4380 pri-

2186 4398 2353 4436 mum
2398 4381 2477 4435 ad
2529 4396 2812 4452 nauseam
2860 4386 3034 4452 vexat
3083 4380 3445 4435 vocabulum
3497 4389 3625 4450 πῶς,
3680 4380 3849 4452 quod

2186 4453 2645 4523 Chrysostomus
2678 4450 2989 4521 paululum
3022 4456 3247 4506 tantum
3280 4450 3849 4523 commoveratjde-

426 4523 530 4609 sed
560 4520 1101 4609 moxmib‘idem—‘alia
1142 4530 1332 4609 mutat
1378 4520 1555 4578 versu
1584 4524 1680 4609 :23.
1726 4524 1995 4609 Cyrillus,

2192 4520 2321 4609 inde
2444 4525 2531 4607 εν,
2588 4538 2651 4609 Ρ.
2680 4520 2817 4607 7360’
2865 4526 2921 4576 Β.
2975 4524 3223 4608 repetit:
3275 4529 3385 4608 11.03;
3426 4520 3849 4609 diaetaeo'ko‘g

426 4595 513 4666 lV,
550 4609 607 4663 p.
649 4597 743 4648 156
770 4596 826 4657 Β,
856 4594 955 4666 ubi
975 4594 1134 4648 hunc
1156 4594 1351 4650 locum
1370 4611 1440 4649 ex
1466 4595 1764 4666 professo,
1796 4601 1854 4650 ut
1886 4596 2071 4661 aiunt,

425 4664 860 4734 interpretatur,
913 4665 971 4717 in
1025 4670 1301 4720 contextu
1355 4664 1591 4720 versum
1642 4671 1707 4719 22
1748 4673 1801 4719 et
1849 4671 1937 4729 23,
1993 4666 2075 4719 ita

424 4734 603 4807 habet
656 4751 668 4788 :
728 4740 825 4786 Καὶ
891 4738 1021 4807 μετὰ
1091 4744 1257 4787 ταῦτα
1312 4734 1459 4797 ἦλθεν
1510 4738 1534 4787 ὁ
1594 4735 1795 4807 Ἰησορς
1849 4737 1920 4807 ei;
1981 4742 2073 4793 τὴν

427 4802 690 4857 Ἰουδαίαν
750 4814 849 4875 γῆν
891 4802 1033 4877 ’μετὰ
1093 4808 1190 4858 τῶν
1244 4810 1488 4879 μαθητῶν
1532 4810 1711 4858 αὐτοῦ·
1756 4806 1815 4864 ἦν
1874 4806 1929 4859 δὲ
1987 4812 2075 4859 καὶ

424 4876 661 4937 Ἰωάννης
691 4896 741 4927 κ.
763 4896 812 4932 τ.
846 4876 1063 4942 LQuae
1085 4893 1226 4945 ergo
1244 4876 1709 4948 ‘ChrySOstomus
1740 4879 1928 4933 dubia
1954 4879 2077 4933 red-

425 4948 674 5012 diderat,
708 4964 779 5001 ea
826 4963 1067 5017 prorsus
1098 4948 1297 5003 omisit
1336 4949 1604 5019 Cyrillus.
1649 4950 1833 5003 Habet
1875 4956 2075 5003 tamen

425 5019 563 5093 ibid.
598 5021 661 5083 E,
695 5019 869 5093 plane
894 5025 955 5073 ut
982 5020 1474 5093 Chrysostomus:
1512 5022 1764 5093 Βατττίζει
1801 5029 2075 5093 τοιγαροῦν

426 5091 451 5162 ῥ
484 5086 714 5161 Χριστὸξ
746 5086 841 5141 διὰ
882 5099 979 5141 τῶν
1007 5086 1188 5142 ἐανέοὑ
1225 5094 1487 5162 μαθητῶν.
1520 5092 1685 5145 Tales
1727 5086 1907 5145 critici
1941 5086 2078 5145 slt'lt

424 5160 519 5214 isti
556 5167 669 5213 tres
705 5170 792 5221 τῆς
839 5162 1141 5235 οἰκουμένης
1186 5160 1470 5235 φὼστῆρες,
1513 5179 1649 5216 cum
1690 5163 1887 5217 locum
1938 5163 2078 5216 data

425 5246 608 5300 opera
658 5216 927 5305 tractant.
983 5216 1494 5302 Chrvscistomiim,
1554 5216 1874 5305 principem
1930 5236 2078 5305 (irin-

426 5302 925 5375 corum‘Patrum
984 5304 1278 5369 omnium,
1340 5320 1576 5357 excuso.
1638 5302 2074 5375 Ad'populum

426 5371 584 5445 enim
631 5372 795 5427 dixit.
827 5375 937 5429 Sed
970 5375 1250 5441 Origenes
1282 5380 1335 5427 et
1365 5374 1607 5445 Cyrillus
1640 5371 1806 5431 omni
1836 5371 2077 5429 excusa-

431 5443 582 5496 tione
611 5450 830 5497 carent.
859 5446 973 5518 Viri
999 5446 1147 5518 docti
1180 5443 1515 5515 uutequui
1539 5448 1874 5513 Origcuezn,
1901 5449 2077 5518 Chry-

431 5521 767 5587 s‘ostomum
825 5523 879 5569 et
947 5517 1226 5587 Cyrillum
1278 5518 1595 5583 diligenter
1667 5518 1956 5585 legerunt,
2018 5517 2077 5570 id

428 5584 660 5639 dudum
689 5584 1111 5655 perspexerunt
1163 5591 1222 5641 In
1256 5588 1384 5641 aliis
1417 5596 1689 5643 eventum
1720 5590 1895 5643 habet
1928 5588 2079 5643 vati-

431 5656 648 5710 cinium
695 5657 855 5711 Isaiae
886 5674 961 5726 v1,
990 5663 1042 5728 9,
1076 5660 1165 5713 10.

2184 4598 2307 4666 ἡμῖν
2367 4592 2549 4675 defluat
2590 4592 2690 4650 Ξ-ὴν
2751 4595 2921 4675 σάρκα
2977 4594 3136 4675 αὑςοῦ
3176 4600 3353 4664 φαγεῖν
3378 4610 3414 4675 ;“
3446 4592 3713 4659 Origenis
3740 4593 3847 4675 “ad

2183 4663 2340 4720 hunc
2373 4666 2573 4719 locum
2605 4679 2781 4731 nugte
2821 4663 3263 4734 interciderunt,
3312 4665 3419 4718 sed
3454 4670 3490 4719 t.
3527 4667 3615 4734 ιν,
3649 4682 3702 4734 p.
3739 4663 3844 4716 364

2185 4744 2248 4791 Α.
2311 4736 2519 4790 laudat
2584 4751 2595 4788 :
2655 4742 2765 4794 Πῶς
2834 4733 3056 4787 δύναται
3106 4738 3228 4807 ἡμῖν
3301 4736 3453 4797 οὗτος
3513 4732 3697 4787 δοῦναι
3750 4739 3844 4792 τὴν

2190 4811 2361 4881 σάρκα
2389 4812 2603 4881 φαγεῖν)

2259 4876 2328 4949 (c)
2358 4876 2527 4931 Haud
2558 4876 2735 4931 dubie
2762 4876 2948 4949 voluit
2980 4877 3260 4945 scribere,
3294 4877 3634 4931 Audissent.

2258 4948 2344 5019 ((l)
2386 4953 2622 5019 Propter
2654 4948 3036 5017 Euthymium
3098 4949 3275 5001 etiam
3310 4949 3423 5001 hoc
3478 4948 3838 5019 notandum,

2187 5018 2351 5092 quOd
2390 5018 2517 5073 haec
2551 5034 2670 5072 non
2705 5034 2823 5092 uno
2847 5019 3002 5092 loco
3027 5019 3274 5092 junctim
3307 5020 3532 5092 recitat,
3561 5018 3689 5092 sed
3734 5034 3842 5088 per

2188 5088 2410 5163 partes,
2468 5089 2815 5163 interposita
2844 5090 2900 5142 in
2960 5088 3208 5157 singulis
3240 5090 3508 5163 partibus
3544 5090 3841 5163 (interpre-

2190 5160 2422 5217 iatione.
2472 5160 2781 5228 Distinguit
2826 5165 3026 5214 autem
3063 5166 3284 5214 textum
3318 5162 3414 5215 ita.
3467 5161 3654 5214 Primo
3686 5176 3840 5228 vers.

2191 5238 2255 5287 59
2318 5249 2327 5287 ³
2364 5232 2526 5304 Ἦραν
2575 5227 2679 5304 ίοῧνί
2728 5230 2803 5283 ad
2838 5229 2910 5304 ἑῇ
2941 5231 3139 5304 αὐτόν.
3178 5232 3448 5286 Secundo
3480 5248 3491 5285 :
3526 5235 3728 5291 Ἰησοῦς
3784 5227 3843 5282 δέ

2189 5303 2402 5378 ἐκρύϐη.
2435 5301 2622 5378 Tertio
2658 5317 2668 5355 ζ
2707 5306 2809 5353 Καὶ
2848 5301 3054 5378 ἐξῆλθεν
3105 5301 3157 5353 ἐκ
3207 5310 3302 5378 ’τοῦ
3352 5305 3510 5374 ἱεροῦ.
3568 5304 3790 5366 Quarto
3829 5324 3839 5353 :

2191 5370 2404 5427 Διέ).οὡν
2483 5370 2576 5424 διὰ
2634 5377 2793 5444 μέσον
2867 5373 3054 5426 αὐτῶν.
3110 5373 3327 5437 Quinto
3382 5370 3401 5426 ζ’
3454 5379 3553 5424 Καὶ
3612 5382 3844 5445 παρῆγεν

2190 5449 2371 5506 οὕτως.
2416 5448 2632 5517 Sexto:
2672 5448 2769 5517 Kal.
2818 5448 3065 5517 παράγων
3100 5445 3174 5498 ad
3230 5453 3452 5517 γενετῆς.
3494 5443 3716 5517 Duplex
3749 5443 3845 5498 hic

2189 5519 2373 5571 oritur
2395 5516 2662 5584 quaestio.
2696 5514 2912 5585 Altera,
2946 5514 3075 5585 quis
3105 5532 3176 5570 ex
3204 5516 3529 5569 editoribus
3558 5519 3619 5570 N.
3649 5516 3848 5568 Testa-

2191 5590 2371 5642 menti
2404 5588 2529 5641 haec
2573 5584 2874 5640 exclusit?
2905 5584 3209 5651 Erasmus,
3264 5587 3447 5641 homo
3496 5586 3849 5640 temerarius

2190 5664 2243 5714 et
2268 5657 2553 5730 perﬁdus,
2573 5657 2673 5727 qui
2702 5657 2830 5711 haec
2854 5658 2912 5711 in
2942 5659 3065 5712 suis
3100 5658 3335 5723 ϐιηθεὶς,
3369 5658 3570 5713 nescio
3598 5656 3847 5727 quibus,
