4110 6404
201 383 261 437 65
1716 363 2117 422 PH/EFATIO.

3555 353 3627 406 66

205 516 314 578 ῆοιω
358 505 532 564 οὕτως.
589 502 1017 559 Pertransiens
1068 515 1172 573 per
1213 498 1482 555 medium
1535 496 1777 552 illorum
1804 497 1861 547 et
1892 491 1940 544 A
1970 488 2143 544 abeo.
2176 487 2427 543 Additur
2452 487 2609 541 enim
2642 503 2763 557 μου,
2795 483 2975 539 etiam
3027 482 3085 536 in
3140 480 3399 535 editione
3454 481 3626 535 Com-

207 597 280 650 ita
301 593 665 666 praeteribat.

272 706 321 769 9,
352 702 410 757 8.
469 698 655 755 Vicini
687 698 918 769 itaque,
964 702 1022 752 et
1068 695 1170 767 qui
1204 694 1478 749 viderant
1533 707 1671 747 eum
1700 689 1862 761 prius

209 789 359 863 quod
402 789 645 860 (caecus)
687 792 863 842 esset.
895 785 1089 840 Habet
1114 783 1274 839 enim
1323 780 1532 854 τυφλός.
1574 794 1697 835 non
1727 797 1863 830 πτω-

210 886 302 951 χος
334 882 398 947 (ε)
436 877 756 933 mendicus.
800 874 1101 930 Consonat
1126 872 1307 927 etiam
1356 866 1666 940 exemplar
1695 865 1867 921 Com-

212 969 501 1041 plutense.

282 1076 364 1139 l0,
401 1078 454 1129 8.
490 1076 711 1130 Omnes
751 1074 1051 1144 quotquot
1076 1071 1389 1130 venerunt,
1433 1066 1591 1122 fures
1646 1067 1784 1121 sunt
1812 1066 1870 1117 et

212 1164 489 1219 latrones.
527 1160 657 1216 Non
687 1159 930 1216 additur
961 1161 1067 1231 Πρό
1122 1156 1268 1229 ἐμοῦ,
1311 1157 1456 1210 Ante
1507 1170 1616 1219 me,
1674 1165 1870 1222 neque

211 1254 265 1308 in
289 1250 621 1323 exemplari
670 1247 1093 1319 Complutensi,
1127 1260 1323 1317 neque
1357 1244 1417 1298 in
1449 1243 1705 1298 editione
1737 1238 1869 1294 Vul-

212 1348 372 1411 gata.

280 1449 371 1511 10,
402 1450 493 1502 39.
528 1444 885 1510 Quaerebam
916 1441 1105 1513 (ergo)
1146 1455 1387 1496 rursum
1419 1433 1873 1510 apprehendere

213 1553 366 1592 eum.
405 1534 664 1589 Additur
705 1532 866 1588 enim
898 1528 986 1583 οὖν
1013 1546 1167 1600 ergo,
1189 1534 1246 1584 et
1266 1528 1326 1583 in
1356 1524 1683 1598 exemplari
1707 1525 1875 1580 Com-

215 1623 493 1697 plutensi,
522 1628 581 1677 et
615 1622 675 1677 in
708 1620 962 1691 Vulgata
992 1618 1272 1674 editione.

286 1725 372 1787 13,
408 1723 465 1776 9.
505 1719 753 1777 Domine
784 1734 908 1774 non
938 1723 1172 1774 tantum
1211 1714 1419 1787 pedes.
1470 1716 1588 1769 Non
1641 1712 1880 1766 additur

219 1833 313 1884 μου
356 1827 529 1867 meos.

292 1922 381 1982 l3,
418 1918 508 1971 25.
538 1916 687 1971 Cum
719 1930 856 1986 ergo
898 1912 993 1968 ille
1024 1911 1392 1967 recumberet
1414 1908 1536 1981 (ita)
1559 1923 1738 1979 super
1754 1922 1881 1978 pec-

219 2014 310 2064 tus
335 2008 500 2061 Jesu.
546 2004 796 2059 Additur
816 2003 975 2058 enim
1006 2002 1187 2065 οὓτως,
1220 1999 1381 2071 quod
1413 1998 1591 2053 etiam
1618 1997 1679 2052 in
1720 1995 1883 2050 scho-

218 2098 307 2152 liis
341 2099 559 2151 auctor
589 2093 877 2148 declarat.

290 2204 378 2268 l3,
414 2200 511 2257 30.
556 2202 691 2255 Erat
728 2203 931 2254 autem
983 2212 1105 2252 nox
1152 2195 1398 2268 quando
1437 2193 1634 2249 exivit.
1663 2190 1884 2246 Deinde

222 2290 505 2345 subditur
536 2306 549 2342 :
577 2286 669 2342 Ait
722 2288 905 2342 Jesus.
964 2287 1089 2340 Non
1148 2284 1304 2339 enim
1336 2282 1573 2338 additur
1603 2276 1690 2331 οὖν
1723 2294 1885 2348 ergo,

224 2384 359 2434 ante
402 2377 661 2432 verbum
701 2374 876 2437 ἐξῆλθε
930 2373 1132 2438 exivit,
1186 2376 1249 2427 ut
1299 2370 1481 2427 alium
1533 2367 1715 2440 possit
1761 2366 1891 2422 red-

224 2470 363 2524 dere
387 2482 661 2521 sensum.
704 2465 862 2520 Facit
913 2462 1232 2518 nobiscum
1279 2458 1585 2531 exemplar
1615 2455 1892 2528 Complu-

228 2562 421 2611 tense.

298 2666 390 2718 H.
414 2665 471 2718 4.
505 2662 642 2716 Non
671 2659 941 2715 turbetur
967 2673 1068 2712 cor
1086 2660 1363 2711 vestrum.
1388 2656 1538 2708 Ante
1554 2652 1682 2708 haec
1708 2650 1892 2706 verba

230 2769 350 2808 non
382 2750 788 2824 praamittitur,
842 2762 1041 2818 neque
1073 2746 1131 2800 in
1161 2749 1387 2806 nostro,
1417 2756 1611 2813 neque
1637 2740 1699 2795 in
1723 2742 1893 2795 Com-

230 2842 495 2913 plutensi
524 2837 853 2910 exemplari
894 2836 952 2892 id
993 2835 1154 2907 quod
1182 2832 1438 2888 habetur
1461 2833 1520 2885 in
1557 2828 1900 2897 vulgaribus

232 2931 455 2986 Grecis
502 2926 946 2999 exemplaribus
1002 2923 1124 2995 (f):
1190 2926 1287 2974 Καὶ
1327 2919 1435 2973 εἶπε
1482 2926 1592 2981 τοῖς
1639 2920 1901 2991 μαθηταῖς

233 3021 419 3083 αὑτοῦ,
457 3021 524 3073 Et
556 3017 636 3072 ait
657 3014 964 3086 discipulis
995 3012 1142 3067 suis.

308 3128 397 3185 14,
436 3126 528 3179 30.
566 3122 735 3177 Venit
780 3120 940 3176 enim
993 3119 1275 3191 princeps
1323 3114 1553 3171 mundi.
1608 3116 1735 3170 Non
1802 3111 1905 3168 ad-

233 3217 397 3270 ditur
457 3216 647 3264 τούτου
687 3210 891 3281 hujus,
925 3224 1117 3281 neque
1147 3207 1207 3262 in
1260 3203 1583 3276 exemplari
1632 3200 1906 3272 Complu-

236 3304 418 3360 tensL

315 3402 407 3465 16,
461 3401 515 3463 3,
575 3398 643 3452 Et
714 3396 846 3451 haec
920 3393 1152 3457 facient,
1203 3391 1349 3464 quia
1401 3405 1525 3445 non
1594 3389 1905 3444 noverunt.

241 3494 371 3547 Non
385 3487 635 3543 additur
660 3486 782 3557 ὑμῖν
799 3482 964 3551 vobis,
1005 3496 1116 3537 nec
1130 3482 1189 3536 in
1206 3479 1466 3535 editione
1481 3472 1906 3547 Complutensi.

322 3596 407 3663 l6,
442 3594 497 3647 5.
560 3594 627 3646 Et
680 3604 861 3646 nemo
914 3588 1240 3655 interrogat
1304 3599 1401 3639 me
1444 3599 1458 3636 :
1511 3582 1637 3646 Quo
1695 3579 1827 3635 abis
1883 3577 1912 3631 ‘I

244 3688 376 3740 Non
406 3679 780 3754 praeponitur
808 3681 944 3733 ante
1002 3676 1249 3732 verbum
1296 3674 1624 3739 lnterrogat
1672 3669 1724 3731 ἐξ
1748 3670 1912 3740 ὑμῶν,

247 3789 323 3827 ex
351 3770 555 3825 vobis.

328 3880 417 3941 16,
441 3879 524 3930 10.
565 3871 885 3945 Dejustitia
906 3874 1129 3931 autem,
1158 3869 1298 3939 quia
1322 3867 1392 3923 ad
1426 3863 1916 3933 Patrem(meum)

250 4062 311 4111 et
333 4053 568 4110 invenit
597 4056 653 4105 et
691 4065 811 4105 non
870 4048 1113 4103 invenit.
1168 4049 1311 4100 Nam
1344 4044 1403 4097 in
1438 4044 1632 4114 prima
1662 4040 1919 4114 editione

251 4127 462 4187 habet,
498 4125 560 4178 in
590 4121 829 4192 reliquis
860 4118 1083 4175 omisit.
1131 4112 1454 4192 Qompara'
1494 4115 1622 4192 ejus
1648 4114 1721 4192 ad
1767 4112 1921 4192 hunc

256 4182 457 4253 locum
481 4182 1086 4248 animadversionem.
1113 4182 1309 4242 Altera
1348 4182 1769 4257 quaestiogur
1796 4182 1917 4257 llic-

251 4283 559 4339 ronymus
613 4265 671 4317 in
706 4262 953 4331 Vulgata
1018 4261 1220 4339 Latina
1250 4253 1450 4313 omisit
1488 4254 1515 4307 ?
1552 4254 1780 4339 Scilicet
1826 4253 1924 4307 hic

253 4326 755 4412 quoqueservum
786 4326 967 4412 pecus
994 4332 1261 4412 sequitur
1278 4344 1560 4412 vesanum

257 4394 377 4468 ἔξεο
402 4394 815 4475 diligentiores
840 4394 1557 4475 fuerent'Chrysostomus
1579 4403 1637 4451 et
1652 4394 1924 4475 Cyrillus.

258 4466 458 4550 Vulgo
509 4466 755 4533 credunt
805 4476 934 4530 haec
988 4466 1367 4550 assuta-esse
1407 4485 1481 4525 ex
1511 4470 1661 4550 ‘Luc.
1697 4466 1788 4550 ‘iv,
1836 4466 1923 4550 30.

257 4532 455 4609 Stulte
500 4532 990 4627 li_Suo__tempore
1039 4548 1229 4627 totam
1254 4557 1399 4627 rem
1452 4540 1532 4595 ad
1579 4537 1783 4627 qc‘u‘lps
1836 4538 1931 4627 de;
1964 4532 2008 4585 D

262 4620 650 4748 rgiontstrabo.
686 4620 810 4673 Haec
846 4608 997 4673 adeo
1025 4618 1227 4670 servat
1254 4612 1567 4669 Vaticanus
1596 4610 1736 4665 1209
1767 4608 1932 4680 apud

317 4712 400 4748 ll'c
451 4708 599 4747 tum.

270 4695 599 4752 Birchium.

347 4749 425 4837 (ἐ)
454 4764 755 4837 ErasmUS,
798 4760 1107 4837 imposta},
1134 4754 1552 4837 non.criticus,
1582 4750 1641 4806 in
1683 4749 1935 4837 Vulgata

266 4820 623 4918 reperiebat.
654 4820 983 4886 mendicus.
1033 4820 1115 4882 Ex
1146 4826 1360 4881 Lexico
1389 4839 1531 4950 ergo
1573 4837 1682 4878 suo
1727 4820 1938 4909 redde-

268 4911 380 4966 bat
443 4923 680 4976 πτωχος.
730 4904 953 4973 Inepte.
1001 4898 1269 4976 Reddere
1306 4896 1456 4976 debe
1506 4898 1567 4976 at
1625 4911 1933 4976 «pacati-pg.

270 4964 1264 5046 litarenim'bhrysostomus,unde
1291 4968 1445 5046 _haec
1484 4971 1568 5046 est
1614 4964 1934 5046 cerruptio,

270 5052 425 5107 Vide
448 5055 593 5105 tom.
630 5039 771 5110 VIII,
815 5060 881 5116 p.
932 5046 1032 5098 333
1074 5043 1143 5096 A.
1181 5039 1345 5116 Unde
1398 5044 1596 5116 autem
1647 5039 1939 5116 πρῳαίτης

270 5106 582 5180 invectum
614 5119 641 5172 ?
669 5106 778 5172 Per
808 5106 1117 5169 summam
1158 5110 1584 5181 negligentiam
1617 5106 1694 5162 et
1726 5106 1937 5176 incogi—

274 5195 529 5251 tantiam
553 5206 624 5247 ex
644 5187 920 5260 proximo
944 5191 1262 5260 ﬂpoaat‘rdw.

344 5269 423 5335 ff)
479 5267 574 5318 Est
627 5252 873 5335 initium.
904 5252 1172 5335 lectionis
1239 5252 1677 5335 ecclesiasticas,
1724 5256 1785 5319 τῇ
1846 5267 1942 5298 πα-

308 5322 501 5393 αέῖίευῆ
535 5344 629 5395 τῆς
668 5352 751 5384 στ.
793 5323 1112 5399 ἑϐδομάδος,
1163 5323 1330 5397 quod
1368 5322 1647 5378 homines
1705 5334 1944 5375 somno-

308 5359 501 5393 ασκευη
535 5359 629 5395 της
668 5359 751 5384 στ-
793 5359 1112 5399 ιπιυυμυιυυε,
1163 5359 1299 5397 qu“.

264 5359 412 5467 ienti
446 5406 779 5463 intulerunt
818 5403 879 5455 in
930 5400 1299 5456 contextum.

346 5460 835 5553 tgwtﬁissentiunt
886 5470 1003 5525 mei
1062 5465 1361 5539 Euthymii
1412 5464 1670 5526 codices,
1721 5460 1825 5533 qui
1872 5460 1947 5511 λε-

268 5551 472 5611 ὶάλὴκα
506 5551 782 5607 servant.

344 5603 1122 5697 (i)"ci1}ysbst._t.“vin,p.
1178 5612 1283 5666 468
1312 5612 1381 5691 Α..
1432 5603 1949 5697 negligitq'uidem

274 5677 453 5755 verba
476 5677 738 5761 Ἶέὶιυε,
781 5684 971 5744 habet
1025 5677 1229 5740 tamen
1286 5681 1411 5737 suis
1437 5677 1635 5736 verbis
1666 5692 1677 5731 :
1712 5677 1837 5734 Ἕως
1892 5695 1951 5725 αν

2014 576 2245 631 lutensi.

2014 592 2245 631 tutenSi.

1970 592 2009 648 Ρ
2048 667 2132 730 16,
2169 666 2259 719 25.
2300 664 2434 719 Haec
2482 679 2587 734 per
2651 659 2970 733 proverbia
3010 658 3189 729 (dico)
3248 657 3444 713 vobis.
3499 658 3631 710 Non

1973 754 2131 809 enim
2157 754 2339 809 habet
2385 753 2461 823 (g)
2511 750 2770 807 λελάληκα
2824 749 3059 805 locutus
3091 763 3229 802 sum
3267 762 3280 801 :
3324 745 3430 800 sed
3477 744 3630 815 λέγω,

2041 859 2127 898 σο.

1974 844 2135 993 άζῖῖὸ,
2159 927 2247 983 33.
2270 928 2334 982 In
2357 926 2586 981 mundo
2612 938 2956 996 pressuram
2982 920 3323 992 (habebitis)
3358 922 3504 975 Nam
3530 918 3634 974 ha-

1976 1017 2074 1072 bet
2104 1016 2235 1079 ἕξετε
2267 1016 2351 1087 (ἡ)
2386 1016 2664 1077 futurum,
2696 1028 2817 1068 non
2862 1015 3011 1083 ἔχετε
3037 1010 3283 1066 habetis.
3320 1008 3453 1064 Pari
3504 1022 3633 1063 mo-

1978 1106 2057 1161 do
2078 1105 2294 1175 legisse
2325 1104 2714 1160 manifestum
2746 1103 2806 1172 (1')
2833 1107 2926 1157 est
2976 1116 3137 1165 eum,
3170 1099 3275 1170 qui
3321 1097 3635 1166 Vulgatam

1981 1194 2143 1249 dedit
2175 1193 2517 1248 editionem.

2056 1287 2140 1351 17,
2182 1284 2270 1337 11.
2300 1285 2466 1337 Pater
2496 1284 2697 1336 sancte
2750 1294 2923 1333 serva
2951 1292 3054 1332 eos
3082 1291 3190 1347 per
3219 1290 3441 1332 nomen
3472 1278 3639 1329 tuum

1984 1374 2124 1444 (quo
2163 1370 2398 1427 donasti
2435 1372 2548 1438 me)
2597 1372 2725 1424 Non
2758 1368 2909 1422 enim
2948 1366 3127 1421 habet
3157 1365 3246 1426 οὒς
3300 1380 3466 1435 quos,
3533 1363 3643 1419 sed

1984 1462 2023 1531 ᾧ
2054 1476 2191 1532 quo.
2253 1458 2475 1515 Eodem
2509 1457 2687 1513 etiam
2723 1456 2904 1511 modo
2936 1454 3117 1509 habet
3142 1453 3449 1523 exemplar
3474 1454 3643 1507 Com-

1984 1550 2279 1623 plutense.
2308 1552 2391 1604 Ex
2419 1547 2658 1603 scholiis
2702 1552 2904 1602 tamen
2944 1545 3156 1614 legisse
3187 1543 3413 1598 videtur
3439 1546 3645 1598 auctor

1984 1643 2188 1694 noster
2228 1640 2275 1707 5,
2329 1637 2488 1708 quod
2518 1638 2623 1707 (lc),
2666 1640 2812 1707 puta
2840 1649 3064 1689 nomen
3105 1630 3433 1687 accusandi
3475 1646 3641 1685 casu.

2067 1730 2147 1792 t8,
2179 1729 2266 1781 25.
2325 1725 2570 1794 Negavit
2623 1724 2812 1794 (ergo)
2873 1722 2969 1777 ille
3024 1726 3080 1776 et
3132 1721 3257 1775 ait:
3292 1723 3418 1775 Non
3487 1736 3644 1773 sum.

1916 1833 1959 1886 Β
1991 1814 2291 1887 Repetitur
2320 1813 2481 1868 enim
2513 1808 2599 1863 οὖν
2630 1827 2781 1881 ergo.
2840 1813 2900 1864 In
2944 1810 3105 1864 hunc
3155 1808 3336 1863 etiam
3395 1807 3646 1863 modum

1988 1903 2247 1972 legimus
2279 1902 2338 1957 in
2371 1901 2629 1956 editione
2665 1897 3086 1970 Complutensi.

2063 1991 2156 2056 28,
2188 1993 2281 2047 29.
2324 1991 2508 2045 Exivit
2551 1990 2748 2059 itaque
2795 1986 3012 2042 Pilatus
3038 1986 3115 2041 ad
3148 2001 3268 2052 eos,
3311 1989 3367 2039 et
3399 1985 3497 2039 ait.
3524 1987 3651 2039 Non

1993 2080 2233 2136 additur
2264 2079 2357 2141 ἔξω
2402 2079 2470 2147 (ι)
2518 2080 2701 2147 foras.
2754 2076 2845 2129 Ad
2902 2074 3063 2129 hunc
3112 2088 3355 2144 quoque
3409 2072 3650 2127 modum

1994 2168 2337 2224 invenimus
2363 2166 2424 2221 in
2457 2164 2784 2237 exemplari
2818 2161 3238 2234 Complutensi.

2070 2260 2157 2321 19,
2197 2258 2871 2328 16.Acceperuntautem
2901 2254 3101 2307 Jesum
3115 2257 3169 2305 et
3200 2248 3540 2321 (duxerunt)
3571 2250 3657 2313 (in

1997 2345 2394 2419 praetorium).
2430 2344 2695 2399 Primum
2740 2342 2937 2411 itaque
2978 2355 3099 2394 non
3152 2338 3336 2393 habet
3385 2337 3656 2409 ἀπήγαγον

2000 2435 2385 2499 abduxerunt,
2410 2433 2516 2487 sed
2555 2433 2751 2502 ἤγαγον
2799 2429 3117 2485 duxerunt.
3176 2430 3237 2481 Et
3267 2428 3326 2482 in
3358 2427 3466 2482 hoc
3520 2442 3659 2482 con-

2001 2523 2213 2580 cordat
2237 2521 2543 2593 exemplar
2555 2522 2699 2576 Com
2710 2518 2997 2589 plutense.
3014 2516 3355 2572 Addebatur
3371 2521 3662 2587 praeterea

2003 2613 2064 2668 in
2092 2617 2292 2666 nostro
2322 2609 2648 2681 exemplari
2682 2607 2754 2667 εἰς
2784 2610 2843 2657 τὸ
2874 2610 3211 2680 πραιτώριον.

2078 2703 2165 2766 19,
2210 2701 2296 2755 35.
2326 2702 2392 2754 Et
2428 2698 2523 2753 ille
2556 2697 2663 2753 scit
2692 2694 2859 2767 quod
2891 2710 3029 2748 vera
3059 2694 3220 2749 dicat
3252 2693 3408 2764 (sed)
3442 2698 3505 2747 ut
3560 2707 3665 2747 vos

2008 2788 2283 2845 credatis.
2318 2791 2467 2843 Nam
2498 2786 2683 2841 habet
2732 2783 2878 2848 ἀλλά,
2912 2782 3031 2838 sed.
3084 2785 3198 2837 Nec
3229 2781 3402 2836 habet
3447 2785 3536 2832 καί
3587 2784 3662 2846 et,

2010 2884 2142 2934 ante
2174 2894 2300 2932 vos.
2333 2875 2648 2944 Exemplar
2676 2871 2922 2943 quidem
2968 2870 3387 2941 Complutense
3418 2885 3541 2925 non
3564 2870 3668 2924 ha-

2010 2969 2112 3023 bet
2139 2967 2267 3036 conj
2280 2967 2620 3021 unctionem
2651 2968 2759 3026 καί,
2798 2961 2901 3017 sed
2941 2976 3050 3016 nec
3075 2960 3251 3017 habet
3278 2959 3425 3014 ἀλλά.

2089 3060 2170 3121 19,
2215 3055 2304 3110 38.
2335 3056 2402 3109 Et
2431 3052 2701 3125 permisit
2742 3051 2974 3105 Pilatus.
3017 3048 3341 3120 Statimque
3381 3048 3620 3104 additur
3652 3064 3665 3103 :

1942 3180 1983 3234 Ο
2012 3144 2198 3197 Ἦλθεν
2232 3143 2333 3214 (m)
2365 3142 2474 3207 οὖν,
2520 3146 2608 3192 καὶ
2658 3137 2750 3212 ἦρε
2792 3142 2850 3190 τὸ
2906 3144 3060 3208 σῶμα
3107 3142 3197 3188 τοῦ
3246 3136 3441 3203 Ἰησοῦ,
3506 3136 3674 3192 Venit

2015 3251 2178 3307 ergo,
2207 3238 2263 3289 et
2296 3232 2424 3288 tulit
2453 3246 2672 3302 corpus
2691 3232 2843 3285 Jesu.
2875 3226 3255 3283 Concordant
3284 3231 3339 3281 et
3365 3226 3675 3298 exemplar

2015 3322 2439 3394 Complutense
2470 3324 2525 3375 et
2557 3316 2810 3390 Vulgata
2859 3315 3064 3372 editio.

2092 3412 2178 3476 20,
2211 3411 2300 3464 29.
2345 3408 2497 3474 Quia
2524 3406 2723 3462 vidisti
2755 3420 2849 3461 me
2876 3401 3196 3459 credidisti.
3257 3404 3387 3458 Non
3436 3402 3679 3459 additur

2024 3503 2192 3572 θωμᾱ,
2218 3514 2331 3554 nec
2358 3497 2419 3552 in
2446 3496 2700 3551 editione
2733 3492 3162 3565 Complutensi.

2093 3590 2184 3652 2t,
2216 3588 2267 3641 1.
2296 3587 2506 3642 Postea
2536 3581 2940 3639 manifestavit
2989 3596 3052 3635 se
3102 3580 3315 3636 iterum
3370 3581 3544 3636 Jesus
3571 3580 3683 3651 (di-

2026 3675 2293 3748 scipulis)
2327 3674 2404 3729 ad
2447 3688 2609 3727 mare
2649 3669 2997 3725 Tiberindis.
3051 3668 3305 3725 Additur
3367 3668 3527 3724 enim
3580 3689 3685 3740 μα-

2029 3768 2213 3824 θηταῖς
2244 3763 2325 3834 (η)
2356 3758 3031 3829 discipulis.Concordat
3059 3757 3118 3811 in
3145 3757 3260 3813 hoc
3292 3762 3349 3812 et
3384 3757 3687 3829 exemplar

2031 3852 2447 3924 Complutense
2487 3855 2544 3905 et
2583 3849 2763 3903 editio
2803 3846 3075 3916 Vulgata.

2034 4028 2122 4089 ἦτε
2171 4030 2220 4081 ἐν
2268 4038 2339 4099 τῷ
2389 4033 2592 4099 κόσμῳ,
2654 4025 2827 4099 oti-tu
2878 4024 3032 4099 Egere.
3088 4023 3309 4078 Eodem
3369 4023 3551 4079 modo
3603 4039 3690 4077 re-

2033 4086 2385 4175 petit_alibi,
2429 4086 2499 4154 ut'
2645 4086 2902 4175 editione
2945 4095 3421 4175 N."_Testamenti
3478 4095 3681 4175 docui.

2036 4165 2286 4245 Cyrillus
2312 4176 2447 4226 ante
2497 4168 2723 4245 scholia
2782 4166 2964 4245 habet
3020 4165 3450 4245 E§s_r_e,_seﬁd.__in
3506 4166 3690 4220 inter-

2035 4236 2361 4316 pretatione
2412 4246 2577 4313 ἔχετε.
2611 4240 2777 4293 Τοω.
2811 4240 2899 4301 IV,
2934 4253 2993 4307 p.
3041 4237 3145 4291 944
3177 4239 3242 4299 Α,
3274 4236 3379 4289 945
3410 4241 3473 4289 Α.

2110 4333 2174 4403 (i)
2210 4332 2446 4403 Minime
2484 4346 2641 4403 vero.
2680 4327 3165 4403 Nam_i_nterpres
3200 4324 3440 4403 Latinus
3478 4323 3695 4394 saepius

2042 4394 2354 4531 pﬂrai'sentia
2382 4417 2487 4473 per
2516 4401 2715 4455 futura
2758 4396 2970 4452 reddit.
3014 4394 3212 4466 Neque
3259 4395 3373 4451 hoc
3425 4394 3693 4465 ignoras,

2089 4490 2161 4529 en
2191 4489 2307 4529 em.

2114 4562 2195 4633 (li)
2225 4566 2290 4613 ‘0
2321 4560 2489 4633 ponit
2514 4558 2574 4633 in
2622 4556 3105 4633 interpretatione
3145 4556 3299 4633 ideo,
3359 4555 3525 4633 quod
3575 4571 3700 4633 non

2043 4625 2483 4706 repetiit_,.évrr§i
2530 4629 2747 4700 ὀνόματί
2779 4625 2920 4693 pou,
2980 4627 3059 4706 ad
3106 4626 3272 4706 quod
3326 4625 3576 4706 refertur
3616 4628 3701 4706 ~in

2043 4696 2210 4761 textu
2250 4704 2316 4774 ᾧ.
2383 4696 2682 4774 Quorsum
2730 4714 2868 4769 ergo
2924 4696 3305 4754 referendum
3358 4696 3561 4754 fuisset
3605 4696 3644 4769 ᾧ
3673 4699 3701 4753 ?

2047 4778 2215 4833 Forte
2257 4769 2336 4830 ἑά
2376 4769 2633 4834 δέδωκας.

2028 4878 2041 4887 ε
2120 4866 2179 4937 (ἱ)
2209 4868 2432 4937 incerta
2461 4861 2627 4937 sedes
2670 4861 2850 4930 hujus
2892 4858 3174 4937 vocabuli
3226 4858 3609 4937 satisarguit,
3641 4858 3704 4937 id

2048 4929 2285 4993 aliunde
2313 4934 2721 4989 introductum
2750 4929 2898 4985 esse.
2934 4933 3082 4985 Nam
3132 4946 3302 4984 meus
3341 4929 3705 5000 Mosquensis

2050 5009 2237 5064 codex
2272 5008 2334 5062 S.
2372 5004 2474 5076 qui
2524 5003 2719 5076 Cyr-illi
2751 5000 2976 5076 scholia
3006 5001 3185 5076 etiam
3218 5001 3421 5076 habet,
3456 5001 3625 5076 addit
3644 5001 3706 5055 id

2050 5083 2187 5136 ante
2216 5081 2364 5150 πρὸς.
2391 5070 2724 5150 Ῑῐᾶρδῖιςὶιιξ.
2751 5078 2791 5128 t.
2823 5074 2912 5139 IV,
2936 5088 2995 5144 p.
3032 5073 3191 5150 1034,
3226 5075 3283 5126 Β.
3318 5070 3483 5125 Alius
3517 5071 3707 5127 codex

2051 5153 2140 5213 41,
2174 5143 2311 5205 cum
2337 5143 2576 5202 scholiis
2607 5145 2790 5200 habet
2818 5143 2953 5215 post
3000 5143 3207 5202 αὐτούς.

2126 5240 2229 5309 (7n)
2263 5241 2394 5292 Haec
2426 5235 2710 5309 nimirum
2751 5233 2968 5309 omittit
3000 5233 3709 5309 Erasmus.__Unus_meo-

2053 5300 2187 5366 rum
2212 5300 2461 5381 quoque
2489 5307 2767 5381 eumdem
2787 5304 2999 5381 saltum
3026 5304 3162 5358 fecit
3193 5303 3270 5381 ab
3290 5300 3442 5381 ἧλθειε
3465 5304 3542 5360 ad
3567 5302 3706 5362 ἦλθε.

2055 5374 2301 5509 utertque
2354 5374 2553 5435 autem
2615 5376 2914 5447 Euthymii
2945 5391 3083 5430 cum
3140 5374 3385 5446 reliquis
3429 5377 3544 5431 ista
3588 5391 3714 5429 ser—

2056 5469 2171 5510 van
2203 5496 2214 5507 .

2130 5544 2223 5613 (n)
2254 5542 2466 5596 Prmter
2496 5542 2759 5613 μᾳθηταῖς
2790 5552 2946 5591 unus
2976 5552 3249 5591 meorum
3281 5536 3568 5591 Codicum
3612 5538 3714 5588 Eu-

2062 5613 2266 5685 thymii
2299 5612 2467 5668 addit
2488 5612 2668 5664 αὐτοῦ.
