4110 6376
464 361 531 436 67
1980 358 2375 424 remenso.
3814 354 3887 416 68

532 505 623 572 21,
651 506 743 561 15.
778 503 983 558 Simon
1032 499 1227 571 (Jona)
1253 497 1450 568 diligis
1475 511 1572 552 me
1588 495 1724 568 plus
1758 493 1852 550 his
1878 494 1905 548 ?
1931 492 2117 549 Habet
2151 493 2199 546 Α
2228 491 2355 547 vice
2378 490 2785 563 subsequitur.
2812 488 3094 546 Similiter
3143 487 3322 544 etiam
3370 485 3556 543 habet
3584 484 3895 558 exemplar

462 609 744 665 namque,
780 593 946 656 Ἰωνᾶ,
980 606 1094 646 non
1150 591 1361 641 Ἰωαννᾶ
1398 606 1410 642 ;
1445 592 1501 642 et
1538 585 1620 640 ita
1676 600 1916 639 rursum
1971 581 2117 637 bina

2229 581 2674 652 Complutense.

465 760 3889 792 _______________________.________________..____._______——————

1862 895 2177 957 EJUSDEM
2218 890 2564 949 HENTENII.

464 1066 527 1119 In
557 1062 649 1119 his
669 1076 797 1133 qui:
823 1064 1141 1132 sequuntur
1166 1052 1716 1133 multisque-atiisin
1748 1051 1885 1133 locis
1922 1048 2283 1133 Evaagelium
2309 1047 2556 1133 phrasin
2597 1045 2813 1133 irritati
2848 1044 3227 1108 Hebraicam,
3254 1047 3576 1113 posuerunt
3593 1052 3885 1110 praesens,

1460 1125 1745 1183 interdum
1774 1123 1947 1179 etiam
2007 1127 2057 1175 et
2085 1117 2448 1189 praeteritum
2477 1134 2578 1189 pro
2624 1117 2851 1188 futuro.

530 1420 729 1477 Matth.
773 1419 855 1482 11,
893 1421 943 1481 3,
972 1418 1028 1470 et
1057 1416 1223 1469 Lucae
1271 1412 1322 1477 7,
1375 1411 1451 1473 19,
1490 1409 1579 1475 20,
1621 1405 1878 1462 occurrit
1912 1404 1970 1460 in
2001 1404 2118 1477 pri-

461 1511 573 1567 mis
600 1508 743 1564 illud
771 1505 1030 1562 maxime
1061 1500 1367 1570 vulgatum
1403 1515 1415 1553 :
1445 1500 1528 1554 Tu
1559 1514 1619 1552 es
1644 1494 1737 1550 ille
1769 1493 1900 1565 (qui
1933 1492 2118 1563 venit)

459 1615 539 1656 an
592 1597 777 1653 alium
831 1597 1247 1667 exspectamus
1295 1589 1322 1644 ?
1373 1586 1481 1642 Ubi
1552 1583 1791 1657 ponitur
1840 1582 2119 1654 ἐρχόμενος

459 1687 710 1750 veniens,
743 1700 850 1756 pro
880 1698 949 1737 eo
979 1679 1145 1752 quod
1176 1683 1280 1734 est.
1320 1676 1434 1743 Qui
1450 1677 1735 1730 venturus
1768 1678 1868 1739 est,
1893 1673 1997 1727 aut
2014 1686 2121 1741 po-

457 1776 592 1841 tius,
637 1772 745 1839 Qui
779 1775 1058 1827 venturus
1090 1771 1234 1823 erat.
1264 1766 1326 1820 Et
1374 1764 1588 1820 eodem
1629 1760 1812 1816 modo
1858 1762 2027 1815 Joan.
2062 1757 2113 1822 6,

460 1866 526 1919 14
568 1881 581 1917 :
618 1863 717 1917 Hic
751 1866 837 1916 est
863 1874 997 1915 vere
1026 1856 1322 1930 propheta
1366 1852 1666 1926 (veniens)
1699 1851 1760 1906 in
1788 1848 2115 1913 mundum,

456 1954 518 2010 id
548 1957 655 2017 est,
684 1948 782 2023 qui
809 1953 1096 2005 venturus
1132 1949 1277 2001 erat.
1338 1946 1598 1998 Rursum
1629 1939 1829 1996 Matth.
1879 1938 1967 2001 t7,
2001 1938 2063 1989 11
2103 1951 2113 1990 :

458 2042 614 2098 Elias
643 2038 889 2113 quidem
949 2033 1153 2106 (venit)
1188 2032 1450 2104 primum
1483 2047 1496 2085 :
1530 2028 1787 2101 Ἔρχεται
1812 2042 1919 2097 pro
1978 2026 2121 2080 Ven-

459 2136 624 2187 turus
654 2132 760 2195 est,
789 2124 1051 2197 ponitur.
1081 2124 1148 2177 Et
1179 2135 1323 2175 sane
1353 2118 1415 2174 id
1444 2118 1501 2174 in
1533 2117 1647 2173 hoc
1673 2114 1858 2172 verbo
1890 2116 2120 2186 ἔρχομαι

456 2214 1011 2291 frequentissimum
1041 2214 1148 2266 est.

529 2323 723 2383 Matth.
760 2322 846 2385 10,
888 2321 977 2375 2.).
1029 2318 1163 2373 Non
1192 2315 1353 2371 enim
1401 2329 1505 2369 vos
1564 2310 1751 2383 (estis)
1772 2309 1876 2376 (illi
1903 2309 2008 2380 qui
2036 2307 2121 2364 lo-

456 2412 747 2486 quuntur)
775 2409 880 2466 sed
911 2406 1162 2479 Spiritus
1211 2402 1397 2465 Patris
1428 2400 1603 2458 vestri
1653 2399 1779 2471 (qui
1831 2397 2118 2469 loquitur.)

454 2504 519 2561 in
548 2502 735 2559 vobis.
766 2497 868 2555 Ubi
898 2510 1157 2569 praesens
1185 2492 1302 2546 ὲστέ
1340 2506 1451 2564 pro
1502 2490 1667 2549 eritis
1711 2487 1964 2549 sumitur
1995 2506 2008 2552 ;
2065 2490 2122 2541 et

455 2592 725 2651 λαλοῦντες
755 2603 865 2660 pro
893 2602 962 2645 eo
1021 2582 1189 2656 quod
1245 2586 1353 2647 est,
1415 2579 1527 2645 Qui
1562 2579 1883 2649 loquentur
1909 2591 1924 2641 ;
1951 2580 2009 2632 et
2032 2574 2121 2629 λα-

457 2680 597 2744 λοῡν,
631 2693 741 2750 pro
778 2676 1073 2747 loquetur.
1111 2670 1333 2729 Eadem
1358 2668 1539 2729 etiam
1581 2666 1881 2729 habentur
1930 2666 2109 2729 Marc.

459 2770 543 2833 13,
580 2770 670 2823 11.

528 2872 725 2930 Matth.
755 2871 845 2936 22,
862 2869 948 2925 30.
966 2868 1031 2922 In
1051 2864 1482 2921 resurrectione
1503 2875 1702 2933 neque
1732 2842 2122 2930 (contrahunt

459 2959 929 3027 matrimonium)
946 2971 1141 3028 neque
1179 2953 1416 3025 (nuptui
1430 2950 1796 3019 traduntur),
1813 2948 1920 3004 sed
1942 2945 2117 3018 quasi

452 3051 656 3122 angeli
678 3050 777 3104 Dei
805 3051 866 3106 in
901 3046 1052 3103 ccelo
1072 3046 1267 3117 (sunt)
1292 3042 1555 3098 Verbum
1584 3045 1837 3111 γαμοῦσι,
1856 3035 2017 3131 quod
2044 3051 2117 3131 ex
2150 3076 2189 3131 C

452 3142 844 3215 sequentibus
873 3137 1091 3201 verbis,
1109 3151 1247 3208 quae
1262 3131 1572 3191 manifeste
1602 3128 1927 3202 praesentia
1952 3130 2111 3190 sunt,

448 3234 634 3291 etiam
646 3234 666 3303 j
676 3232 949 3288 udicatur
966 3244 1095 3284 esse
1107 3240 1393 3298 prmsens,
1428 3237 1536 3294 pro
1555 3220 1751 3276 futuro
1762 3217 2114 3277 contrahant

455 3322 735 3393 accipitur
767 3335 780 3374 :
814 3325 871 3374 et
895 3316 1268 3388 ἑκγαμίζονται
1297 3324 1427 3383 pro,
1480 3311 1703 3380 Nuptui
1758 3306 2110 3369 tradentur;

450 3410 733 3466 similiter
760 3412 865 3459 ιίσί
900 3418 1003 3477 pro
1050 3408 1247 3467 erant,
1314 3401 1444 3455 Pari
1469 3412 1715 3470 quoque
1768 3393 1950 3451 modo
2006 3393 2115 3448 ha-

453 3500 670 3556 bentur
695 3496 881 3553 verba
910 3495 1038 3550 haec
1078 3494 1214 3546 Luc.
1262 3494 1351 3555 20,
1376 3489 1469 3550 35,
1507 3491 1575 3541 36
1608 3502 1622 3550 ;
1676 3487 1849 3541 Marc.
1896 3485 1986 3552 12,
2019 3482 2111 3539 28.

520 3604 718 3664 Matth.
742 3605 841 3670 17,
872 3605 962 3657 20.
1007 3601 1064 3655 Si
1095 3595 1412 3671 (habeatis)
1442 3593 1620 3649 ﬁdem
1655 3592 1813 3647 sicut
1859 3606 2111 3659 granum

453 3695 695 3767 sinapis.
728 3693 929 3765 ’Ἐχητε
959 3706 1068 3767 pro
1101 3689 1310 3743 futuro
1344 3683 1666 3740 habueritis
1699 3681 1964 3735 sumitur.

522 3766 721 3841 Matth.
750 3785 838 3845 26,
877 3766 1280 3849 ll.Pauperes
1306 3774 1465 3830 enim
1481 3786 1718 3841 semper
1747 3768 1979 3825 habetis
2007 3780 2111 3823 vo-

450 3873 700 3937 biscum,
735 3886 831 3926 me
860 3884 1003 3925 vero
1033 3880 1157 3921 non
1187 3878 1424 3934 semper
1454 3860 1751 3932 (habetis).
1770 3860 1891 3913 Hoc
1907 3854 2107 3912 inloco

450 3977 712 4035 praesens
725 3962 872 4032 ἔχετε
884 3973 989 4028 pro
1003 3957 1202 4013 futuro
1243 3950 1527 4009 habebitis
1557 3948 1798 4021 capitur.
1817 3945 2108 4013 Eteodem

451 4048 636 4106 modo
666 4048 837 4103 Joan.
870 4049 953 4115 12,
997 4043 1049 4099 8.

520 4146 717 4207 Matth.
751 4148 915 4209 28,7.
969 4144 1110 4197 Ecce
1159 4135 1483 4209 (praecedit)
1534 4149 1641 4192 vos
1685 4132 1746 4188 in
1804 4129 2109 4189 Galilaeam

450 4240 669 4313 προάγει
725 4249 829 4306 pro
874 4232 1069 4287 futuro
1115 4226 1408 4298 praecedet
1468 4222 1777 4294 accipitur.
1831 4219 2110 4276 Similiter

442 4328 635 4385 etiam
665 4324 841 4379 habet
875 4323 1105 4376 Marcus
1159 4318 1250 4380 16,
1288 4316 1346 4371 7.

2303 1405 2439 1460 Luc.
2482 1406 2562 1466 l3,
2596 1402 2686 1458 35.
2720 1404 2862 1458 Ecce
2893 1400 3289 1473 (relinquitur)
3336 1398 3513 1455 vobis
3542 1397 3764 1453 domus
3794 1412 3890 1451 ve-

2230 1499 2351 1548 stra
2381 1492 2610 1564 Ἀφίετοιι
2652 1507 2759 1562 pro
2808 1490 3006 1547 futuro
3058 1489 3450 1560 relinquetur.

2298 1584 2447 1636 Joan
2478 1582 2633 1648 6,28.
2655 1580 2809 1645 Quid
2838 1579 3142 1649 (facimus)
3175 1583 3235 1633 ut
3254 1592 3571 1650 operemur
3588 1572 3890 1647 operaDei

2227 1678 2474 1742 ποιοῦμεν
2503 1685 2612 1742 pro
2641 1670 2934 1739 faciemus.

2299 1761 2472 1816 Joan.
2510 1764 2566 1827 7,
2602 1758 2689 1813 27.
2753 1756 3019 1813 Christus
3071 1772 3208 1810 cum
3268 1754 3504 1817 venerit,
3560 1768 3740 1811 nemo
3792 1767 3896 1808 co-

2229 1848 2463 1919 gnoscit
2495 1847 2652 1901 unde
2681 1846 2801 1916 (sit)
2829 1844 2943 1899 ἐστὶ
2968 1861 3077 1917 pro
3104 1845 3300 1900 futuro
3352 1844 3486 1898 erit.

2300 1938 2471 1992 Joan.
2540 1942 2593 2001 7,
2637 1935 2726 1989 33.
2760 1939 2853 1990 34.
2898 1934 3058 1990 Vado
3090 1934 3163 1988 ad
3212 1949 3346 1988 eum
3386 1932 3490 2003 qui
3534 1930 3697 1985 misit
3740 1945 3838 1985 me
3874 1946 3888 1983 :

2228 2024 2504 2096 quaeretis
2536 2039 2630 2079 me
2652 2029 2707 2079 et
2738 2039 2861 2078 non
2914 2021 3226 2078 invenietis
3259 2037 3270 2074 :
3300 2026 3357 2076 et
3399 2019 3502 2074 ubi
3533 2035 3645 2090 ego
3706 2017 3891 2088 (sum)

2231 2129 2301 2169 eo
2350 2129 2461 2169 vos
2504 2128 2627 2168 non
2680 2112 2972 2185 (potestis)
3033 2110 3253 2167 venire.
3311 2108 3433 2180 Εἰμί
3488 2123 3593 2179 pro
3652 2122 3746 2163 ero
3780 2126 3792 2163 :
3830 2110 3895 2162 et

2232 2198 2460 2257 δύνασθε
2485 2217 2595 2273 pro
2630 2200 2828 2257 futuro
2855 2202 3114 2273 poteritis
3166 2198 3560 2270 accipiuntur.

2300 2294 2468 2347 Joan.
2500 2294 2551 2356 8,
2579 2291 2668 2345 31.
2720 2291 2773 2347 Si
2804 2305 2907 2345 vos
2936 2287 3279 2345 manseritis
3305 2286 3367 2343 in
3394 2299 3669 2341 sermone
3726 2299 3889 2348 meo,

2229 2382 2353 2439 veri
2386 2381 2657 2453 discipuli
2688 2380 2803 2436 mei
2834 2379 2991 2451 (esti)
3013 2377 3128 2431 ἐστέ
3176 2393 3283 2451 pro
3310 2377 3470 2432 eritis
3527 2376 3805 2431 sumitur.

2302 2474 2473 2529 Joan.
2530 2476 2582 2537 8,
2602 2474 2693 2529 46.
2726 2470 3105 2536 Quiexvobis
3131 2467 3375 2541 (arguit)
3402 2482 3497 2522 me
3511 2465 3585 2522 de
3612 2464 3895 2538 peccato?

2230 2562 2434 2633 ἐλέγχει
2472 2577 2582 2633 pro
2607 2566 2815 2633 arguet
2868 2559 3174 2631 accipitur.

2300 2652 2468 2707 Joan.
2506 2642 2593 2720 l3,
2624 2651 2682 2705 8.
2725 2649 2918 2704 Sinon
2943 2647 3145 2703 lavero
3163 2650 3379 2713 te,non
3407 2642 3898 2715 (habes)partem

2231 2755 2475 2796 mecum.
2509 2738 2694 2810 Ἔχεις
2720 2736 2882 2793 habes
2907 2752 3017 2809 pro
3041 2735 3294 2792 habebis.

2300 2822 2469 2885 Joan.
2506 2829 2591 2893 14,
2626 2829 2712 2883 17.
2747 2826 2864 2881 Vos
2890 2830 3093 2881 autem
3122 2821 3524 2894 (cognoscitis)
3550 2836 3709 2887 eum,
3743 2819 3895 2891 quia

2229 2918 2394 2990 apud
2448 2933 2551 2973 vos
2602 2915 2870 2987 (manet.)
2921 2920 3203 2966 Γινώσκετε
3246 2928 3355 2985 pro
3413 2910 3796 2982 cognoscetis:
3829 2912 3894 2964 et

2227 3012 2365 3080 μένει
2378 3022 2485 3079 pro
2514 3004 2768 3061 manebit.
2800 3003 2867 3057 Et
2894 3003 3010 3059 hoc
3034 3003 3185 3057 sicut
3216 3007 3272 3057 et
3296 3000 3414 3057 alia
3437 2996 3890 3071 propemodum

2226 3096 2451 3161 omnia,
2480 3094 2686 3151 littera:
2707 3093 2891 3150 series
2933 3093 3067 3165 ipsa
3094 3091 3379 3148 declarat.

2295 3196 2463 3251 Joan.
2499 3192 2585 3257 111,
2623 3192 2707 3247 19.
2728 3190 2937 3247 Adhuc
2970 3189 3299 3255 modicum,
3328 3190 3388 3242 et
3437 3185 3704 3241 mundus
3750 3184 3885 3254 jam

2224 3301 2320 3340 me
2364 3298 2485 3338 non
2545 3280 2815 3353 (videbit)
2875 3296 2979 3335 vos
3038 3283 3240 3334 autem
3295 3274 3565 3348 (videbit)
3602 3290 3717 3330 me.
3780 3273 3889 3328 Hic

2225 3387 2368 3429 sane
2397 3384 2748 3443 quanquam
2776 3369 2853 3440 (ιι)
2884 3372 3093 3424 auctor
3129 3366 3375 3439 quidam
3424 3376 3547 3421 non
3578 3363 3750 3436 parvi
3778 3378 3890 3418 no-

2223 3461 2401 3517 minis
2466 3458 2624 3514 dicat
2704 3460 2882 3529 θεωρεί
2932 3462 2988 3513 et
3060 3458 3290 3527 θεωρεῖτε
3371 3453 3682 3525 praesentis
3748 3464 3889 3506 esse

2218 3548 2505 3621 temporis
2537 3552 2710 3607 :sunt
2740 3552 2933 3602 tamen
2960 3545 3138 3602 etiam
3165 3546 3338 3615 juxta
3366 3556 3624 3599 canones
3674 3540 3890 3596 Graecae

2214 3637 2645 3708 grammatices
2672 3635 2871 3692 futura
2887 3633 3172 3691 secunda.
3209 3631 3506 3697 Similiter,
3541 3645 3677 3702 cap.
3709 3628 3889 3694 45,26

2223 3728 2309 3793 57,
2339 3743 2477 3782 cum
2513 3725 2724 3781 dicitur
2766 3746 2778 3777 :
2816 3724 2915 3779 Ille
2966 3722 3379 3779 testimonium
3432 3717 3768 3791 perhibebit
3806 3718 3889 3773 de

2222 3833 2340 3883 me,
2370 3820 2427 3873 et
2472 3831 2576 3877 vos
2620 3815 2822 3883 (testes
2856 3812 3064 3883 eritis.)
3113 3810 3302 3869 Etiam
3338 3809 3421 3867 ait
3474 3808 3630 3864 idem
3679 3810 3888 3865 auctor

2220 3912 2525 3980 μαρτυρεῖτε
2555 3917 2821 3976 praesens
2856 3917 2989 3957 esse
3033 3899 3375 3964 indicantis,
3416 3902 3481 3954 ut
3539 3896 3835 3966 signiﬁcet
3866 3912 3880 3948 :

2219 3997 2418 4055 Testes
2443 3992 2605 4058 estis,
2638 3998 2743 4048 aut
2770 3996 2969 4054 estote,
3006 3986 3525 4062 quemadmodum
3555 3985 3737 4042 etiam
3767 3984 3886 4040 hoc

2219 4082 2549 4139 locovertit.
2573 4081 2847 4137 Attamen
2879 4079 3067 4134 multo
3092 4075 3474 4133 commodius
3510 4074 3886 4130 diceturesse

2219 4172 2487 4228 futurum
2514 4169 2847 4226 secundum
2880 4185 2892 4223 :
2917 4166 3239 4240 praesertim
3268 4180 3406 4219 cum
3429 4168 3554 4219 Act.
3585 4174 3716 4234 cap.
3747 4165 3801 4225 1,
3827 4161 3882 4225 8,

2220 4261 2426 4317 eadem
2453 4259 2638 4315 ferme
2695 4257 2879 4313 verba
2928 4256 3190 4312 referens
3232 4255 3445 4321 Lucas,
3487 4252 3641 4308 dicat
3676 4268 3685 4306 :
3718 4250 3889 4306 Acci-

2222 4349 2395 4421 pietis
2423 4349 2698 4405 virtutem
2714 4346 3167 4419 superveniente
3203 4343 3423 4415 Spiritu
3454 4346 3666 4397 sancto
3686 4341 3747 4395 in
3776 4355 3887 4395 vos

518 4436 691 4489 Marc-
720 4435 772 4493 δ’
791 4431 879 4482 29·
905 4426 1259 4494 Ουίθιωίῖαθ
1285 4416 2107 4506 blasphemaveritﬁdversvs
2142 4432 2186 4485 D
2223 4416 2280 4495 et
2307 4439 2467 4494 eritis
2502 4437 2649 4493 mihi
2681 4416 2876 4493 testas.
2910 4435 3020 4490 Ubi
3046 4438 3249 4506 aperte
3279 4448 3381 4503 per
3407 4432 3674 4487 futurum
3703 4428 3889 4485 habet

451 4519 736 4593 Spiritum
813 4520 1110 4577 sanctum,
1164 4512 1311 4581 (non
1354 4508 1557 4569 habet)
1596 4504 2006 4562 remissionem
2048 4502 2109 4558 in

448 4591 762 4671 aeternum,
798 4603 906 4658 sed
935 4618 1073 4657 reus
1112 4601 1246 4669 (est)
1308 4595 1512 4653 aeterni
1550 4593 1779 4665 judicii.
1818 4591 1973 4664 Ἔχει
2007 4608 2110 4664 pro

452 4694 687 4753 habebit
718 4691 1024 4764 accipitur,
1056 4694 1115 4744 et
1143 4686 1289 4739 ἐστὶν
1316 4700 1426 4757 pro
1457 4683 1594 4739 erit.

522 4805 694 4859 Marc.
720 4804 772 4866 9,
806 4799 891 4853 12.
926 4797 1078 4852 Elias
1115 4810 1253 4849 cum
1308 4788 1474 4864 prius
1526 4786 1758 4843 venerit
1807 4785 2111 4856 (restituit)

451 4892 675 4950 omnia.
707 4891 818 4944 Hec
848 4887 908 4941 in
963 4885 1096 4941 loco
1146 4881 1481 4949 ἀποκαθιστᾲ
1531 4875 1788 4931 verbum
1848 4890 2111 4947 praesens

450 4980 703 5038 sumitur
729 4992 837 5049 pro
866 4974 1064 5030 futuro
1084 4971 1375 5032 restituet,
1406 4969 1545 5038 Cap.
1582 4965 1634 5029 9,
1669 4966 1756 5020 31.
1790 4963 1971 5018 Filius
2010 4962 2115 5018 ho-

450 5071 630 5126 minis
652 5065 949 5139 (traditur)
981 5064 1043 5117 in
1070 5076 1287 5116 manus
1318 5056 1650 5112 hominum.
1687 5051 1964 5109 Similiter
1994 5051 2110 5107 hoc

453 5160 509 5213 in
541 5158 666 5211 loco
686 5149 1048 5227 παραδίὸοται
1080 5149 1325 5204 verbum
1359 5156 1619 5216 praesens
1664 5140 1964 5209 accipitur
2005 5148 2109 5211 pro

454 5247 651 5301 futuro
684 5245 964 5301 tradetur.

526 5346 698 5398 Marc.
732 5341 924 5403 11,2}.
952 5342 1335 5409 Quaecunque
1365 5336 1603 5387 orantes
1638 5327 1851 5400 petitis,
1887 5326 2108 5383 credite

454 5433 619 5507 quod
686 5430 999 5501 (accipitis)
1051 5431 1107 5482 et
1170 5426 1339 5480 erunt
1388 5419 1577 5476 vobis.
1652 5415 1952 5488 Λαμϐάνετε
1996 5431 2106 5487 pro

455 5522 776 5591 accipietis.

595 5766 649 5829 bi
679 5772 960 5826 Erasmus
989 5766 1052 5824 in
1080 5766 1255 5821 notis.

2225 4526 2430 4582 Graeca
2459 4526 2651 4582 littera
2682 4526 2881 4589 ἔσεσθε,
2920 4523 3078 4579 facta
3104 4521 3283 4577 etiam
3312 4520 3574 4592 primum
3611 4532 3890 4588 superve-

2224 4612 2440 4667 nientis
2491 4610 2735 4682 Spiritus
2779 4608 2971 4665 sancti
3024 4606 3346 4671 mentione,
3382 4605 3533 4660 sicut
3560 4602 3740 4659 etiam
3770 4602 3887 4658 hoc

2223 4700 2375 4756 loco.
2404 4701 2696 4756 Praeterea
2720 4715 2859 4757 cum
2900 4698 3115 4755 eodem
3162 4695 3357 4768 capite
3404 4694 3488 4757 16,
3526 4694 3592 4750 10
3619 4690 3835 4749 dicitur
3872 4707 3885 4745 :

2225 4791 2314 4844 Ad
2338 4794 2573 4860 patrem
2598 4789 2774 4854 vado,
2828 4792 2886 4843 et
2917 4787 3166 4858 posthac
3212 4801 3341 4841 non
3394 4780 3714 4853 (videbitis)
3764 4794 3884 4835 me.

2227 4881 2293 4934 Et
2316 4882 2454 4949 post
2480 4892 2674 4948 pauca
2722 4893 2880 4932 vers.
2951 4876 3054 4929 t6:
3087 4873 3305 4928 Pusillo
3351 4876 3622 4941 tempore
3673 4872 3885 4922 etnon

2228 4966 2546 5039 (videbitis)
2578 4982 2695 5022 me.
2752 4965 2970 5020 Asserit
3022 4963 3184 5017 idem
3236 4960 3314 5031 (b)
3359 4964 3611 5029 utroque
3662 4957 3885 5013 horum

2225 5056 2495 5112 locorum
2528 5054 2960 5125 evangelistam
3006 5051 3267 5107 abusum
3304 5052 3565 5118 tempore
3604 5047 3885 5119 praesenti

2226 5161 2337 5217 pro
2368 5144 2595 5199 futuro.
2642 5146 2756 5198 Nos
2807 5146 3008 5197 autem
3048 5139 3396 5210 opinamur,
3442 5135 3610 5207 quod
3649 5134 3887 5205 proprie

2227 5234 2495 5289 futurum
2526 5232 2858 5287 secundum
2890 5228 3180 5301 posuerit.
3217 5226 3388 5292 Quod
3418 5225 3559 5280 inde
3598 5223 3770 5280 facile
3801 5230 3889 5278 est

2225 5323 2520 5389 colligere,
2572 5320 2739 5393 quod
2787 5319 2986 5375 statim
3040 5322 3326 5390 sequatur
3378 5315 3645 5369 futurum
3697 5311 3889 5382 ὄψεσθε

2226 5410 2525 5469 videbitis.
2552 5411 2821 5469 Sciemus
2870 5413 3068 5466 tamen
3122 5405 3421 5479 quosdam
3471 5402 3888 5477 grammaticos

2228 5502 2427 5556 futura
2460 5499 2726 5555 secunda
2764 5515 2801 5554 a
2826 5498 3020 5553 verbis
3046 5494 3444 5552 circumﬂexis
3478 5495 3541 5549 in
3571 5497 3759 5549 totum
3786 5506 3890 5546 au-

565 5698 865 5844 (g)%thuc
886 5702 938 5750 et
962 5691 1145 5775 paulo
1165 5694 1308 5820 tpost
1334 5688 1569 5745 videtur
1607 5683 1932 5756 intelligere
1972 5685 2303 5744 Erasmum,
2336 5690 2520 5750 quem
2548 5666 2685 5732 vide
2715 5677 2775 5731 in
2804 5675 3294 5746 interpretatione
3324 5676 3379 5727 et
3404 5671 3471 5726 in
3492 5668 3670 5725 notis.

724 5784 960 5826 rasmus
989 5780 1052 5824 in
1080 5778 1159 5821 no
1209 5780 1255 5817 s.
