4110 6428
502 348 563 397 71
2016 339 2409 394 ΡΒᾹΞΡΑΤΙΟ.
3858 346 3923 397 72

573 472 735 542 Βάρος
762 470 843 540 (η)
883 478 977 527 τῆς
1004 477 1097 539 γῆς
1140 471 1223 533 13,
1255 468 1307 532 5,
1340 466 1577 538 irrepsit
1600 482 1631 521 e
1661 481 1858 535 marg.

571 561 639 613 Τό
692 559 906 630 ἄριστον
958 576 1057 628 μου
1104 556 1183 627 (ο)
1237 558 1553 627 ἡτοίμασται
1595 558 1681 620 22,
1716 555 1793 620 4;
1853 553 1934 608 sic
1983 553 2152 608 etiam

500 646 687 701 codex
722 663 872 701 unus
898 651 953 702 et
985 646 1155 702 alter.
1190 644 1600 716 lnterpolatori
1627 658 1707 697 sc.
1742 641 2009 714 quisquis
2036 641 2149 706 ille,

502 734 927 803 congruentius
945 734 1138 789 visum
1172 738 1259 788 est
1290 732 1364 787 de
1393 733 1549 801 regis
1569 730 1845 803 prandio,
1880 730 2028 785 illud
2049 746 2152 802 pa-

498 828 692 878 ratum
716 838 846 877 esse
877 821 1095 890 dicere,
1123 838 1306 893 quam
1335 837 1396 875 se
1428 820 1573 875 illud
1598 835 1869 891 parasse.

570 911 679 964 Καὶ
737 910 1039 984 ἀποκριθείς
1092 909 1224 961 εἶπεν
1274 909 1447 969 αὐτοῖς
1473 910 1621 979 γενεὰ
1666 928 1783 962 πον.
1845 912 1922 978 16,
1974 910 2026 972 4,
2080 924 2152 962 ex

497 1015 645 1055 vers.
669 1004 700 1053 2
731 1000 912 1070 hujus
937 999 1162 1071 capitis.

566 1089 749 1152 Οὒτως
779 1090 872 1142 οὐκ
907 1090 1188 1161 ἰσχύσατε,
1219 1092 1331 1144 etc.
1390 1091 1475 1156 26,
1505 1088 1594 1142 40.
1638 1087 1721 1141 sic
1764 1086 1848 1158 (ρ)
1883 1092 1939 1141 et
1990 1104 2150 1141 com-

494 1178 693 1248 plures
725 1178 900 1233 codd.
930 1178 1179 1249 repetita
1202 1177 1677 1245 interrogatione,
1699 1191 1821 1246 quo
1849 1176 2042 1245 magis
2071 1176 2150 1231 ad

492 1268 755 1322 Marcum
793 1267 872 1338 (c.
913 1269 1001 1331 14,
1034 1284 1090 1321 v.
1120 1268 1209 1337 37)
1251 1265 1645 1321 accederetur.

564 1355 841 1426 Γολγοθᾶν,
873 1360 962 1419 27,
1004 1356 1091 1420 33,
1125 1356 1211 1409 sic
1268 1354 1445 1408 codd.
1504 1354 1583 1411 al.
1635 1369 1783 1409 casu
1813 1354 2147 1409 accusativo

493 1445 571 1499 ad
597 1445 855 1501 formam
897 1444 1257 1500 Grecorum.

561 1530 773 1594 Ἰδόντες
802 1536 868 1585 τά
918 1538 1181 1605 γενόμενα.
1229 1535 1318 1598 27,
1372 1535 1463 1597 54,
1527 1533 1709 1586 misso
1761 1536 1847 1583 τὸν
1907 1536 2141 1603 σεισμὸν,

493 1628 556 1679 ut
580 1622 898 1693 superﬂuo,
932 1624 1012 1678 ob
1051 1638 1234 1693 supra
1264 1622 1418 1677 dicta
1445 1638 1503 1675 v.
1543 1626 1628 1684 51,
1664 1624 1750 1677 52.

560 1712 930 1786 Ἄγοράσομεν.
975 1713 1149 1766 Marc.
1182 1716 1232 1775 6,
1267 1714 1354 1779 37,
1389 1710 1488 1764 sed
1546 1710 1773 1765 editum
1830 1716 2006 1775 recte,
2065 1710 2143 1765 ob

2188 468 2236 519 A
2341 472 2439 519 Καὶ
2489 466 2756 541 ἐπληρώθη
2790 470 2819 525 ἡ
2875 471 3049 539 Γραφὴ
3108 470 3138 525 ἠ
3180 467 3424 538 λέχουσα,
3476 472 3564 519 καὶ
3622 470 3754 539 μετὰ
3803 465 3918 518 ἀνό-

2266 576 2374 627 μων
2420 555 2689 627 ἐλογίσθη.
2722 558 2809 625 15,
2844 556 2931 619 ‘28,
2987 556 3313 611 versiculus
3356 555 3452 610 hic
3484 555 3921 627 praetermissus

2263 650 2351 699 est
2379 646 2542 717 apud
2571 662 2690 701 ms.
2720 645 3118 716 Euthymium,
3143 644 3252 699 sed
3283 645 3602 716 ascriptum
3627 644 3923 699 habemus

2261 734 2336 788 ad
2393 749 2563 789 oram
2633 733 2854 789 codicis
2906 750 2942 788 a
2997 749 3174 788 manu
3226 732 3499 788 nonnihil
3573 733 3915 787 recentiore.

2262 822 2548 877 Omittunt
2564 822 2741 876 etiam
2762 822 2843 893 (υ)
2864 820 3316 883 Alexandrinus.
3339 821 3559 893 aliique
3573 820 3748 877 codd.
3777 820 3915 892 aliq.

2259 910 2558 976 Creterum,
2594 916 2989 981 praeterquam
3020 909 3185 981 quod
3214 910 3275 965 in
3305 909 3471 965 libris
3506 910 3798 981 plerisque
3830 910 3916 964 lo-

2260 1015 2397 1054 cum
2428 999 2662 1063 habeat,
2718 998 2853 1053 mihi
2884 1006 3036 1054 certe
3088 998 3254 1053 haud
3308 998 3433 1053 leve
3488 997 3776 1053 indicium
3807 1001 3914 1061 est,

2258 1089 2436 1143 etiam
2470 1088 2529 1143 in
2552 1088 2733 1143 Marci
2764 1086 3137 1158 autographo
3168 1088 3481 1154 exstitisse,
3509 1086 3675 1159 quod
3705 1086 3917 1141 eadem

2258 1178 2390 1248 ipsa
2422 1177 2683 1249 proferat
2712 1193 2779 1231 ex
2807 1176 3124 1231 occasione
3155 1176 3363 1239 Lucas,
3414 1176 3698 1231 assiduus
3748 1174 3919 1229 Marci

2258 1270 2537 1323 sectator.
2578 1269 2658 1321 Ne
2688 1266 2906 1331 dicam,
2937 1266 3100 1336 quod
3153 1266 3231 1320 ob
3276 1265 3436 1320 idem
3466 1264 3703 1319 initium
3734 1264 3919 1334 hujus

2259 1372 2461 1410 versus
2493 1362 2549 1409 et
2572 1372 2689 1426 seq.
2720 1354 2891 1409 facile
2920 1354 3107 1409 omitti
3134 1358 3386 1425 poterat.

2328 1444 2457 1497 Τίνα
2483 1441 2541 1496 δὲ
2572 1444 2623 1505 ἐξ
2651 1446 2791 1515 ὑμῶν
2843 1446 2984 1498 Luc.
3029 1444 3111 1508 11,
3160 1444 3245 1498 11.
3303 1442 3452 1497 Illud
3508 1440 3579 1506 ἐξ,
3614 1446 3921 1513 utcunque

2254 1534 2316 1587 in
2343 1533 2713 1603 exemplaria
2760 1532 3022 1603 plurima
3071 1531 3391 1602 irrepserit,
3439 1546 3562 1586 non
3604 1537 3687 1585 est
3736 1530 3924 1600 hujus

2257 1622 2659 1690 evangelistze,
2695 1621 2797 1675 sed
2832 1621 3105 1677 Matthzei.

2323 1714 2449 1770 Τοὺς
2481 1707 2701 1771 δούλους
2732 1712 2964 1770 τούτους·
3005 1710 3089 1760 ἳνα
3116 1718 3221 1781 ’γνὼ
3276 1715 3384 1765 etc.
3420 1709 3643 1779 (missis
3682 1708 3912 1773 mediis,

490 1818 614 1871 seq.
642 1798 824 1872 dabam“
842 1801 1233 1871 omniumque
1251 1799 1368 1853 fere
1383 1799 1674 1854 librorum
1696 1798 1775 1870 (q)
1794 1799 2127 1854 auctoritate

2257 1797 2325 1858 οἷς
2354 1796 2513 1851 ἔδωκε
2532 1804 2588 1850 τό
2607 1800 2875 1871 ἀργύριον,
2907 1798 3106 1863 credo,
3134 1803 3211 1865 ut,
3246 1797 3606 1869 superfluis),
3642 1800 3728 1862 19,
3758 1798 3849 1851 15.

488 1891 907 1946 confirmatum
937 1896 1045 1944 est.

558 1976 782 2039 Ὶ⁴Ιδοξαν
822 1983 1110 2049 φαντασίαν
1158 1976 1305 2041 εἶναι,
1353 1981 1406 2044 6,
1436 1980 1526 2040 49,
1559 1976 1642 2030 sic
1698 1975 1890 2030 codex
1950 1976 2141 2047 Ephe-

489 2066 674 2120 sinus.
750 2066 869 2121 Sed
948 2068 1227 2137 φάντασμα
1296 2064 1655 2135 reliquorum
1705 2063 1984 2119 codicum
2034 2068 2138 2129 est,

483 2157 540 2209 et
559 2153 822 2209 Matthzei.

558 2242 736 2297 ’Ἑστω
763 2243 842 2313 (ν)
896 2244 1098 2293 πάντων
1149 2239 1349 2309 δοῦλος,
1392 2245 1444 2308 9,
1493 2242 1580 2307 35,
1639 2240 1725 2295 sic
1785 2239 1958 2295 codd.
1996 2240 2137 2312 aliq.

484 2331 750 2402 rEthiop.
792 2347 862 2385 ex
898 2331 1193 2386 Matthaao.

553 2418 620 2475 Ὃ
676 2419 749 2489 (s)
791 2415 850 2470 δὲ
886 2420 1005 2490 ὑμῖν
1061 2418 1211 2489 λέγω,
1276 2420 1360 2482 13,
1416 2422 1503 2483 37,
1562 2416 1903 2488 complures
1959 2417 2134 2473 codd.

481 2523 700 2579 nempe
729 2507 809 2562 ob
835 2507 1087 2579 simplex
1118 2507 1265 2562 illud
1289 2514 1614 2579 γρηγορεῖτε,
1648 2505 1814 2577 quod
1846 2506 2135 2577 sequitur,

483 2596 684 2666 potius
731 2596 925 2651 visum
958 2596 1003 2661 ὃ,
1045 2612 1218 2667 quam
1268 2595 1303 2645 ἅ
1350 2598 1415 2649 Et
1455 2595 1539 2650 sic
1588 2594 1953 2665 interpretati
1999 2599 2140 2649 sunt

480 2683 650 2753 Vulg.
690 2684 817 2755 Syr.

552 2774 717 2845 Ἀμὴν
776 2770 835 2825 δὲ
862 2773 992 2843 γέλω
1040 2775 1182 2845 ὑμῖν,
1219 2774 1302 2843 14,
1337 2778 1389 2837 9,
1449 2773 1672 2828 inserto
1718 2768 1798 2835 δὲ,
1856 2776 1915 2826 ut
1969 2773 2135 2843 apud

480 2863 835 2928 Matthreum,
896 2867 952 2917 et
993 2862 1053 2918 in
1096 2862 1265 2918 libris
1347 2861 1486 2933 aliq.
1541 2864 1664 2935 γάρ,
1744 2861 2134 2917 connexionis

523 2968 691 3006 raua.

523 2968 546 3005 Γ
676 2991 691 3006 ο

478 2967 518 3022 8
767 3040 1066 3111 εὐλογήσας,
1099 3040 1181 3105 14,
1199 3040 1265 3095 33
1292 3056 1306 3105 ;
1338 3038 1585 3109 praeﬁxo
1601 3043 1708 3105 καί,
1740 3053 1811 3093 ex
1841 3038 2128 3094 Matthaeo.

548 3183 630 3255 (η)
655 3186 866 3239 Neuter
892 3199 965 3255 ex
988 3181 1137 3237 meis
1166 3178 1807 3255 Euthymii_co_dicibus
1834 3180 1895 3255 i_d
1918 3179 2127 3255 habet.
2167 3168 2207 3222 (ἶ

472 3250 637 3326 Βάροξ
661 3271 734 3326 ne
758 3254 1007 3325 quidem
1038 3250 1449 3309 Graecum—est.
1478 3253 1645 3309 Βάθος
1676 3251 1858 3305 (ἰτεεοὶ
1897 3250 2120 3308 dicunt.

474 3325 621 3381 Hinc
653 3325 951 3397 βαθύ-γειος.

569 3398 624 3473 ο)
653 3391 745 3473 "ita
791 3391 944 3473 duo_
964 3395 1201 3473 codices
1250 3394 1642 3473 Mosquenses
1689 3391 2124 3473 Chijysostomi.

566 3462 630 3537 ρ’)
670 3470 787 3522 Hoc
820 3467 879 3521 in
907 3466 1197 3536 Euthymii
1227 3462 1537 3519 codicibus
1564 3478 1684 3517 non
1711 3462 2126 3537 animadverti.

473 3532 593 3593 Sed
614 3532 716 3593 Vita
752 3537 979 3592 habent
1007 3532 1242 3591 codices
1285 3538 1667 3605 Mosquenses
1699 3532 2122 3603 Chrysostomi,

470 3610 577 3665 etsi
609 3609 775 3665 aliter
806 3608 1052 3662 ediderit
1082 3606 1596 3668 Montefalconius,
1619 3609 1657 3659 t.
1684 3605 1800 3658 Vll.
1822 3620 1887 3675 p.
1915 3605 2038 3666 791,
2066 3621 2120 3659 a.

470 3682 530 3733 d.
560 3679 1041 3750 Theophylactus
1063 3679 1242 3750 etiam
1269 3692 1401 3747 pag.
1424 3677 1526 3730 164
1547 3692 1597 3729 e.
1621 3677 1740 3741 1ο5,
1763 3692 1818 3730 a.
1835 3692 2023 3730 unum
2048 3678 2123 3730 si-

471 3766 661 3821 gnum
700 3748 1105 3820 interrogandi
1138 3748 1320 3821 habet
1348 3752 1483 3821 post
1513 3750 1657 3818 ἐμοι).

542 3822 624 3893 (q)
644 3825 762 3876 Hoc
785 3817 1206 3889 argumentum
1247 3817 1543 3893 hic’valet,
1577 3834 1696 3872 non
1715 3817 2118 3893 autemprius.

469 3888 767 3948 Nec—cnim
796 3888 1026 3946 Marcus
1057 3896 1331 3944 accurate
1381 3890 1576 3943 Graece
1624 3889 1837 3942 scribit.
1889 3888 2123 3943 Poterat

469 3979 610 4033 ergo
664 3964 1000 4035 praecedere
1030 3962 1295 4015 futurum
1324 3965 1397 4035 et,
1424 3965 1556 4031 post
1585 3965 1683 4035 *καί
1722 3961 1893 4035 sequi
1928 3956 2117 4035 δῴμεν.

471 4030 712 4099 Scilicet,
762 4040 828 4089 ut
855 4038 944 4085 καὶ
994 4038 1147 4087 esset
1176 4048 1284 4104 pro
1324 4030 1525 4104 Graeco
1578 4030 1680 4084 ἱνα.
1720 4031 1836 4104 Nisi
1886 4030 2121 4104 codices

466 4106 789 4170 obstarent,
840 4105 997 4176 apud
1051 4101 1318 4176 Marcum
1362 4103 1715 4176 probassem
1759 4101 2111 4176 cyopa’aopsv,

467 4178 646 4232 Aliter
684 4180 842 4231 enim
881 4173 1079 4231 Graece
1112 4173 1449 4243 Xenophon,
1493 4174 1657 4227 aliter
1702 4173 1930 4226 Marcus
1981 4174 2120 4227 scri-

465 4250 574 4304 bit.
616 4250 746 4306 Hoc
776 4247 922 4301 illud
962 4247 1213 4301 dubium
1256 4246 1429 4299 estin
1464 4244 1609 4298 Crisi
1638 4247 1700 4298 N.
1738 4245 2116 4311 Testamenti,

463 4322 627 4392 quod
661 4320 980 4391 scriptores
1004 4334 1110 4372 nec
1142 4317 1363 4388 ubique
1382 4316 1741 4381 hebraizanl,
1768 4331 1875 4369 nec
1896 4316 2118 4386 ubique

465 4391 829 4461 gracissant.

537 4464 613 4531 (r)
657 4464 749 4517 Sic
815 4466 1063 4531 uterque
1106 4475 1296 4514 meus.
1346 4460 1594 4513 Servant
1655 4462 1861 4512 tamen
1914 4460 2119 4509 πάντων

463 4537 690 4605 ἔσχατος
726 4536 837 4605 atati.

535 4602 611 4673 (ε)
650 4602 756 4659 Mei
792 4602 843 4654 ἃ.

559 4669 602 4744 t)
633 4676 795 4728 Unus
826 4675 1055 4744 tantum
1084 4685 1354 4744 ineorum
1384 4669 1557 4744 addit
1578 4674 1688 4724 καί.

560 4740 613 4813 τέ)
650 4743 865 4799 Vitium
910 4742 1125 4797 codicis
1172 4740 1562 4813 Alexandrini
1613 4745 1874 4813 arguunt
1930 4741 2113 4813 additi

462 4811 726 4872 canones
764 4814 1024 4870 Eusebii.
1072 4812 1268 4868 Habet
1309 4812 1464 4865 enim
1509 4813 1567 4865 in
1605 4811 1863 4866 editione
1893 4812 2114 4866 Woidii

462 4890 572 4943 ita:
608 4889 712 4941 Καὶ
755 4890 848 4936 σὺν
886 4884 1024 4958 αὐτῷ
1069 4892 1386 4958 σταυρούστν
1419 4885 1513 4934 δύο
1544 4883 1763 4958 λῃστάς,
1814 4887 1869 4936 et
1915 4883 1994 4958 in.
2028 4884 2112 4938 in-

462 4959 657 5014 teriori
707 4952 1177 5024 margine'notat
1204 4952 1876 5024 'sectionem_minorem
1905 4952 2015 5006 σιέ.
2059 4961 2115 5009 et

461 5045 757 5085 canonem
816 5021 887 5085 n7.
950 5031 1222 5081 Rursus:
1283 5026 1368 5076 ἕνα
1424 5024 1477 5075 ἐκ
1548 5021 1728 5086 δεξιῶν
1785 5028 1876 5074 καί
1933 5026 2017 5075 ἕνα
2062 5024 2115 5087 ἐξ

461 5102 727 5173 εὐωνύμων
773 5095 951 5173 αὑτοῦ.
1010 5097 1183 5173 Et_in
1243 5096 1525 5173 interiori
1567 5096 1856 5173 margine,
1894 5170 1900 5173 _
1932 5097 2113 5173 sectio

459 5167 655 5227 minor
687 5171 801 5231 σις’.
836 5185 1027 5225 canon
1068 5170 1123 5227 ς’.
1160 5168 1332 5237 Atqui
1365 5168 1570 5221 omnia
1613 5167 1689 5220 ab
1715 5172 1804 5217 καὶ
1847 5170 1940 5217 σὺν
1972 5167 2111 5237 αὐτῷ

459 5243 537 5299 ab
565 5244 834 5313 εὐωνύμων
878 5242 1036 5291 αὐτο-λ
1089 5240 1376 5313 pertinent
1418 5242 1491 5293 ad
1535 5239 1857 5313 sectionem
1895 5238 2004 5313 σιεί.
2058 5246 2111 5292 et,

459 5315 531 5370 ad
546 5310 834 5370 canonem
852 5315 920 5366 a’.
936 5311 1367 5377 Quatuorenim
1384 5310 1765 5377 evangelistze
1780 5325 1897 5363 non
1914 5310 2109 5363 solum

456 5391 698 5441 narrant
720 5386 873 5439 duos
901 5384 1156 5438 latrones
1188 5398 1323 5435 cum
1371 5381 1601 5435 Christo
1631 5381 1790 5434 cruci
1816 5397 1945 5435 esse
1980 5381 2107 5435 affi-

456 5475 578 5521 xos,
614 5458 716 5511 sed
736 5456 936 5519 etiam,
957 5456 1247 5509 Christum
1269 5452 1627 5523 pependisse
1654 5452 1943 5523 medium.
1967 5452 2107 5509 Jam

456 5546 591 5585 cum
622 5530 681 5583 in
706 5527 803 5583 illo
830 5527 1041 5582 Codice
1078 5522 1288 5579 versus
1315 5524 1405 5587 29,
1440 5524 1522 5577 sic
1554 5523 1737 5577 sectio
1770 5522 1894 5583 σιξ.
1928 5529 1991 5577 ut
2026 5524 2109 5577 ibi

454 5603 620 5657 etiam
689 5604 947 5657 notatur.
1007 5596 1186 5667 culpa
1234 5594 1446 5649 scribae
1495 5595 1721 5667 excidit
1761 5594 1941 5649 sectio
1993 5594 2104 5667 σιςῖ.

452 5689 608 5745 quea,
641 5670 805 5743 quod
837 5687 869 5724 a
900 5672 1091 5725 Marco
1109 5665 1169 5723 et
1191 5668 1350 5722 Luca
1377 5671 1612 5722 tantum
1635 5665 1904 5733 refertur,
1932 5666 2108 5737 perti-

2322 1887 2440 1942 Ἐάν
2494 1908 2573 1949 τις
2632 1885 2854 1959 ἀδελφὸς
2930 1886 3187 1958 ἀποθάνῃ,
3244 1887 3334 1955 20,
3386 1886 3472 1939 ἓ8.
3532 1889 3595 1941 Et
3648 1888 3726 1941 ita
3783 1887 3920 1941 cod.

2252 1993 2409 2031 unus
2443 1981 2499 2030 et
2519 1977 2682 2031 alter.
2718 1976 2951 2047 Reliqui
2995 1991 3207 2030 omnes
3236 1980 3293 2030 et
3331 1974 3498 2030 editt.
3536 1993 3697 2037 τινος·
3745 1980 3802 2030 et
3833 1977 3921 2031 sic

2251 2066 2503 2129 Marcus,
2522 2082 2704 2136 quem
2745 2065 2913 2136 sequi
2941 2070 3105 2120 amat
3134 2065 3226 2119 hic
3246 2064 3627 2134 evangelista.

2323 2155 2431 2207 Καὶ
2462 2154 2737 2227 παρεκάλει
2769 2154 2944 2207 αὐτόν.
2994 2154 3047 2219 8,
3082 2158 3167 2208 32.
3205 2153 3625 2209 Daemoniacus
3686 2171 3773 2209 sc.
3837 2171 3916 2210 ex

2247 2260 2411 2299 vers.
2452 2244 2720 2315 proxime
2760 2242 3153 2315 praecedente.

2318 2333 2376 2389 Ὀ
2446 2329 2503 2385 δὲ
2562 2332 2763 2392 Ἰησοῦς
2832 2327 2964 2383 εἶπεν
3018 2330 3179 2402 αὐτῇ.
3237 2332 3290 2396 8,
3347 2333 3436 2397 48,
3493 2331 3680 2389 Codd.

2249 2422 2424 2477 Goth.
2467 2420 2592 2491 Syr,
2637 2420 2840 2480 Ἰησοῦς
2880 2420 3131 2475 Mattha'i
3161 2424 3267 2475 est.

2318 2510 2514 2581 νΟχν).οι
2576 2509 2877 2569 ἐπεζήτουν.
2956 2509 3011 2571 4,
3069 2509 3157 2563 42.
3240 2508 3471 2564 Plurimi
3556 2508 3643 2580 (ιτ)
3728 2508 3914 2566 codd.

2246 2599 2619 2670 explicatius.

2316 2690 2384 2742 Τὸ
2438 2690 2575 2747 ἔθνος
2650 2689 2815 2757 ἡμῶν.
2867 2690 2956 2751 23,
3007 2691 3058 2740 2.

2245 2778 2408 2848 ἡμῶν,
2451 2775 2863 2846 explicationis
2910 2774 3115 2843 gratia.

2315 2869 2496 2938 Μαρία
2559 2864 2606 2923 if
2654 2862 2921 2917 Ἰακώϐου.
2981 2866 3069 2928 24,
3137 2862 3224 2918 10.
3310 2862 3649 2935 Complures
3723 2863 3911 2921 codd.

2243 2952 2619 3025 exphcaﬁus.

2311 3039 2596 3104 ’Υπέδειξεν
2635 3040 2710 3113 (y)
2752 3040 2840 3096 24.
2868 3042 2958 3095 40.
2994 3038 3323 3109 Singularis
3352 3039 3541 3096 lectio.

3763 2331 3911 2404 aliq.

3128 2684 3369 2741 Plurimi
3426 2684 3607 2741 codd.
3676 2685 3915 2757 adjecto

2240 3190 2340 3239 net
2359 3184 2436 3239 ad
2459 3200 2756 3238 canonem
2783 3182 2850 3240 η’.
2884 3182 3347 3252 Reprehenditur
3371 3199 3534 3251 ergo,
3556 3184 3814 3239 scribam
3836 3187 3903 3241 il-

2241 3256 2367 3310 lum
2400 3272 2435 3309 a
2463 3260 2552 3306 καί
2584 3254 2662 3309 ad
2692 3259 2780 3305 καί
2810 3254 3117 3308 defecisse.
3162 3253 3459 3309 Addamus
3498 3256 3594 3309 hic
3621 3255 3749 3311 illos
3786 3274 3911 3312 nu-

2242 3342 2440 3381 meros
2479 3343 2616 3381 cum
2645 3326 3039 3380 correctione:

2563 3397 2725 3451 Alex.
3017 3396 3332 3452 Correctio.

2565 3464 2699 3523 and".
2857 3496 2921 3504 —
3106 3463 3237 3520 σιδ’.

2600 3539 2641 3590 α’
2652 3581 2662 3592 .
2850 3570 2917 3578 —
3172 3537 3213 3588 α’
3224 3580 3236 3593 .

2564 3610 2653 3661 σιέ
2669 3652 2681 3663 .
2846 3640 2911 3648 ——
3098 3608 3187 3659 σις’
3201 3651 3213 3661 .

2558 3681 2622 3737 η’.
2655 3682 2666 3695 ’
2846 3712 2911 3721 --
3131 3678 3195 3732 α’.

2561 3751 2691 3812 σίς’.
2850 3782 2915 3789 --
3102 3751 3221 3811 σις’.

2558 3823 2610 3882 ξ.
2646 3825 2657 3837 .
2849 3852 2916 3861 ___
3098 3820 3161 3877 71..
3198 3824 3210 3835 .

2561 3892 2687 3952 σις’.
2856 3923 2924 3931 -
3107 3892 3230 3953 σίζ’.

2583 3965 2658 4036 .8",
2846 3995 2913 4003 “““
3158 3963 3209 4036 gl:

2556 4033 2681 4092 σιη’.
2849 4066 2914 4074 ——
3100 4033 3222 4091 σιη’.

2557 4106 2679 4231 triﬁdi
2838 4136 2908 4216 :
3125 4105 3246 4231 fit}.

2232 4320 2455 4375 Defecit
2482 4317 2629 4391 ergo
2657 4319 2733 4391 ab
2766 4317 2828 4370 α’.
2862 4318 3035 4391 δάηζ
3063 4317 3133 4373 ac
3163 4320 3235 4373 sit
3264 4319 3572 4391 deinceps.
3615 4324 3764 4391 Ergo
3795 4338 3905 4377 co-

2231 4392 2346 4446 dex
2370 4390 2828 4460 Alexandrinus,
2858 4390 2963 4460 qui
2988 4392 3148 4444 hunc
3167 4406 3404 4445 versum
3439 4390 3660 4458 omisit,
3689 4390 3908 4448 defen-

2230 4462 2315 4516 dit
2347 4462 2743 4528 integritatem
2781 4459 2964 4530 hujus
2994 4477 3226 4516 versus.
3269 4462 3419 4517 Illud
3450 4469 3647 4519 autem
3687 4464 3909 4520 intelli-

2231 4534 2406 4606 gitur,
2441 4532 2703 4587 scribam
2735 4531 2959 4606 codicis
2989 4532 3372 4606 Alexandrini
3411 4535 3507 4589 hic
3537 4534 3677 4591 data
3708 4551 3907 4606 opera

2230 4602 2530 4658 fefellisse.
2571 4606 2716 4657 Cum
2761 4602 2919 4656 enim
2964 4604 3148 4658 semel
3200 4605 3501 4660 omisisset
3535 4602 3764 4661 versuni
3796 4608 3900 4673 28,

2228 4676 2392 4749 hunc
2423 4690 2685 4749 errorem
2732 4680 2929 4729 autem
2960 4674 3141 4730 nollet
3182 4676 3497 4745 corrigere,
3526 4679 3788 4749 corrupit
3816 4678 3905 4735 de

2229 4745 2519 4816 industria
2543 4761 2829 4810 canones,
2847 4751 3078 4801 servato
3102 4751 3301 4801 tamen
3319 4749 3643 4803 sectionum
3657 4745 3897 4816 ordine,

2229 4832 2305 4871 ne
2349 4815 2613 4871 defectus
2646 4821 2983 4887 appareret.
3018 4818 3135 4871 Cur
3180 4823 3380 4873 autem
3414 4820 3592 4873 nollet
3621 4815 3899 4877 errorem

2229 4903 2409 4941 suum
2440 4887 2731 4955 corrigere
2763 4888 2855 4941 vel
2886 4888 3213 4958 pertinacia
3241 4890 3522 4951 hominis,
3552 4888 3639 4942 vel
3690 4890 3901 4958 negli—

2229 4960 2449 5029 gentia,
2500 4958 2590 5013 vel
2646 4958 3103 5029 lucriistudinm
3156 4959 3216 5012 in
3270 4974 3453 5013 causa
3500 4959 3626 5015 fuit.
3692 4959 3898 5019 Credo

2228 5028 2601 5100 postremum
2639 5030 2699 5083 in
2732 5028 2909 5098 culpa
2936 5029 3141 5093 fuisse,
3176 5044 3250 5083 ne
3276 5029 3551 5099 perderet
3578 5029 3893 5100 lucellum,

2228 5101 2275 5154 si
2309 5100 2573 5155 defectus
2596 5106 2696 5156 aut
2725 5100 3201 5154 additamentum
3226 5100 3285 5154 in
3308 5101 3497 5157 fronte
3524 5102 3698 5156 autin
3722 5103 3899 5159 calce

2228 5172 2349 5225 folii
2382 5176 2719 5241 appareret.
2762 5171 2919 5224 Alias
2940 5171 3099 5224 enim
3140 5172 3460 5226 necessitas
3493 5172 3654 5227 nulla
3675 5171 3901 5232 fuisset

2226 5242 2646 5311 corrumpendi
2682 5248 2855 5296 notas
2900 5257 3217 5297 canonum.
3257 5246 3471 5297 Sancta
3501 5244 3711 5299 Thecla
3740 5260 3898 5313 ergo

2226 5320 2397 5368 aetate
2428 5313 2834 5383 apostolorum
2862 5313 3163 5369 scribebat
3191 5316 3422 5368 codices
3454 5318 3721 5370 mercede
3739 5332 3898 5371 con-

2224 5387 2422 5457 ducta,
2455 5384 2783 5457 admodum
2816 5384 3156 5454 perﬁdiose.
3193 5386 3354 5449 Vide,
3385 5402 3519 5457 quae
3552 5387 3703 5441 infra
3735 5388 3890 5455 dixi,

2227 5456 2324 5510 ad.
2365 5458 2495 5509 Luc.
2526 5471 2690 5520 xxiii,
2725 5456 2809 5507 17.

2299 5528 2382 5594 (:r)
2410 5526 2510 5599 Ob
2528 5543 2662 5580 eam
2692 5542 2936 5581 causam
2960 5527 3234 5597 probavi,
3265 5529 3398 5594 etsi,
3436 5533 3495 5584 ut
3526 5530 3892 5599 elegantius,

2222 5597 2299 5651 de
2332 5597 2637 5652 Graecitate
2681 5603 3031 5668 suspectum
3063 5606 3208 5653 erat.

2296 5668 2380 5737 (ῃ)
2408 5671 2494 5724 lta
2516 5684 2668 5723 unus
2685 5685 2976 5725 meorum.
2996 5670 3143 5736 Alte,
3162 5672 3496 5742 vulgatum.
3510 5673 3895 5730 Vocabulum
