  <div class='ocr_page' id='page_1' title='image "/cluster/home/n/w/nwhite01/storage/ocr_20150623/129/coo.31924054870344/046.png"; bbox 0 0 4110 6386; ppageno 0'>
   <div class='ocr_carea' id='block_1_1' title="bbox 188 347 2109 407">
    <p class='ocr_par' dir='ltr' id='par_1_1' title="bbox 188 347 2109 407">
     <span class='ocr_line' id='line_1_1' title="bbox 188 347 2109 407; baseline 0.003 -6"><span class='ocrx_word' id='word_1_1' title='bbox 188 347 251 402; x_wconf 81' lang='grc' dir='ltr'>ἷ3</span> <span class='ocrx_word' id='word_1_2' title='bbox 1735 348 2109 407; x_wconf 73' lang='lat' dir='ltr'>PR/EFATIO</span> 
     </span>
    </p>
   </div>
   <div class='ocr_carea' id='block_1_2' title="bbox 3565 363 3634 418">
    <p class='ocr_par' dir='ltr' id='par_1_2' title="bbox 3565 363 3634 418">
     <span class='ocr_line' id='line_1_2' title="bbox 3565 363 3634 418; baseline 0.029 -2"><span class='ocrx_word' id='word_1_3' title='bbox 3565 363 3634 418; x_wconf 82' lang='grc'>74</span> 
     </span>
    </p>
   </div>
   <div class='ocr_carea' id='block_1_3' title="bbox 255 471 1837 558">
    <p class='ocr_par' dir='ltr' id='par_1_3' title="bbox 255 471 1837 547">
     <span class='ocr_line' id='line_1_3' title="bbox 255 471 1837 547; baseline 0 -19"><span class='ocrx_word' id='word_1_4' title='bbox 255 474 319 528; x_wconf 80' lang='grc' dir='ltr'>Τί</span> <span class='ocrx_word' id='word_1_5' title='bbox 349 471 463 544; x_wconf 78' lang='grc' dir='ltr'>ἐμοὶ</span> <span class='ocrx_word' id='word_1_6' title='bbox 493 478 589 526; x_wconf 75' lang='grc' dir='ltr'>καὶ</span> <span class='ocrx_word' id='word_1_7' title='bbox 616 475 699 547; x_wconf 73' lang='lat'>(2.)</span> <span class='ocrx_word' id='word_1_8' title='bbox 733 477 822 530; x_wconf 80' lang='grc' dir='ltr'>σύ.</span> <span class='ocrx_word' id='word_1_9' title='bbox 859 477 1065 532; x_wconf 68' lang='grc' dir='ltr'>ιοΑΝΝ.</span> <span class='ocrx_word' id='word_1_10' title='bbox 1097 481 1149 543; x_wconf 99' lang='grc'>2,</span> <span class='ocrx_word' id='word_1_11' title='bbox 1180 478 1234 532; x_wconf 79' lang='grc'>4.</span> <span class='ocrx_word' id='word_1_12' title='bbox 1269 475 1454 534; x_wconf 88' lang='lat' dir='ltr'>Codd.</span> <span class='ocrx_word' id='word_1_13' title='bbox 1489 474 1663 532; x_wconf 88' lang='lat' dir='ltr'>multi</span> <span class='ocrx_word' id='word_1_14' title='bbox 1690 491 1703 529; x_wconf 92' lang='lat'><strong>:</strong></span> <span class='ocrx_word' id='word_1_15' title='bbox 1737 488 1837 529; x_wconf 91' lang='lat' dir='ltr'>mu</span> 
     </span>
    </p>
   </div>
   <div class='ocr_carea' id='block_1_4' title="bbox 1971 471 3628 558">
    <p class='ocr_par' dir='ltr' id='par_1_4' title="bbox 2051 477 3628 558">
     <span class='ocr_line' id='line_1_4' title="bbox 2051 477 3628 558; baseline 0.007 -31"><span class='ocrx_word' id='word_1_16' title='bbox 2051 477 2160 529; x_wconf 70' lang='grc' dir='ltr'>Οὐκ</span> <span class='ocrx_word' id='word_1_17' title='bbox 2232 477 2385 538; x_wconf 72' lang='grc' dir='ltr'>ἦλθον</span> <span class='ocrx_word' id='word_1_18' title='bbox 2451 484 2669 536; x_wconf 79' lang='grc' dir='ltr'>καλεσαι</span> <span class='ocrx_word' id='word_1_19' title='bbox 2738 483 2994 550; x_wconf 73' lang='grc' dir='ltr'>δικαίους,</span> <span class='ocrx_word' id='word_1_20' title='bbox 3059 486 3190 537; x_wconf 73' lang='grc' dir='ltr'>ἀλλὰ</span> <span class='ocrx_word' id='word_1_21' title='bbox 3267 487 3628 558; x_wconf 67' lang='grc' dir='ltr'>ἁμαρτωλούς.</span> 
     </span>
    </p>
   </div>
   <div class='ocr_carea' id='block_1_5' title="bbox 195 562 1864 636">
    <p class='ocr_par' dir='ltr' id='par_1_5' title="bbox 195 562 1864 636">
     <span class='ocr_line' id='line_1_5' title="bbox 195 562 1864 636; baseline 0.001 -19"><span class='ocrx_word' id='word_1_22' title='bbox 195 568 310 618; x_wconf 83' lang='lat' dir='ltr'>tato</span> <span class='ocrx_word' id='word_1_23' title='bbox 347 582 426 615; x_wconf 84' lang='grc' dir='ltr'>σοι</span> <span class='ocrx_word' id='word_1_24' title='bbox 467 562 532 618; x_wconf 93' lang='lat' dir='ltr'>in</span> <span class='ocrx_word' id='word_1_25' title='bbox 563 567 658 630; x_wconf 78' lang='grc' dir='ltr'>σύ,</span> <span class='ocrx_word' id='word_1_26' title='bbox 701 564 785 620; x_wconf 90' lang='lat' dir='ltr'>ab</span> <span class='ocrx_word' id='word_1_27' title='bbox 811 564 887 620; x_wconf 88' lang='lat' dir='ltr'>iis</span> <span class='ocrx_word' id='word_1_28' title='bbox 914 567 1012 636; x_wconf 89' lang='lat' dir='ltr'>qui</span> <span class='ocrx_word' id='word_1_29' title='bbox 1037 566 1392 636; x_wconf 80' lang='lat' dir='ltr'>ignorabant</span> <span class='ocrx_word' id='word_1_30' title='bbox 1415 580 1660 622; x_wconf 89' lang='lat' dir='ltr'>sensum</span> <span class='ocrx_word' id='word_1_31' title='bbox 1684 563 1864 636; x_wconf 91' lang='lat' dir='ltr'>phra-</span> 
     </span>
    </p>
   </div>
   <div class='ocr_carea' id='block_1_6' title="bbox 193 652 1452 727">
    <p class='ocr_par' dir='ltr' id='par_1_6' title="bbox 193 652 1452 727">
     <span class='ocr_line' id='line_1_6' title="bbox 193 652 1452 727; baseline 0.002 -21"><span class='ocrx_word' id='word_1_32' title='bbox 193 667 322 708; x_wconf 87' lang='lat' dir='ltr'>seos</span> <span class='ocrx_word' id='word_1_33' title='bbox 349 652 508 724; x_wconf 89' lang='lat' dir='ltr'>apud</span> <span class='ocrx_word' id='word_1_34' title='bbox 539 653 905 727; x_wconf 78' lang='lat' dir='ltr'>interpretes</span> <span class='ocrx_word' id='word_1_35' title='bbox 938 655 1085 709; x_wconf 82' lang='lat' dir='ltr'>LXX</span> <span class='ocrx_word' id='word_1_36' title='bbox 1113 654 1452 711; x_wconf 74' lang='lat' dir='ltr'>tritissimse.</span> 
     </span>
    </p>
   </div>
   <div class='ocr_carea' id='block_1_7' title="bbox 1976 566 3626 645">
    <p class='ocr_par' dir='ltr' id='par_1_7' title="bbox 1976 566 3626 645">
     <span class='ocr_line' id='line_1_7' title="bbox 1976 566 3626 645; baseline 0.007 -26"><span class='ocrx_word' id='word_1_37' title='bbox 1976 566 2151 621; x_wconf 80' lang='lat' dir='ltr'>MARC.</span> <span class='ocrx_word' id='word_1_38' title='bbox 2188 571 2237 631; x_wconf 85' lang='lat'>2,</span> <span class='ocrx_word' id='word_1_39' title='bbox 2285 575 2370 625; x_wconf 83' lang='grc'>17.</span> <span class='ocrx_word' id='word_1_40' title='bbox 2400 571 2579 627; x_wconf 90' lang='lat' dir='ltr'>Codd.</span> <span class='ocrx_word' id='word_1_41' title='bbox 2614 572 2801 645; x_wconf 86' lang='lat' dir='ltr'>aliqui</span> <span class='ocrx_word' id='word_1_42' title='bbox 2857 579 2913 629; x_wconf 92' lang='lat' dir='ltr'>et</span> <span class='ocrx_word' id='word_1_43' title='bbox 2937 574 3110 644; x_wconf 90' lang='lat' dir='ltr'>Vulg.</span> <span class='ocrx_word' id='word_1_44' title='bbox 3167 575 3292 645; x_wconf 77' lang='lat' dir='ltr'>Syr.</span> <span class='ocrx_word' id='word_1_45' title='bbox 3326 574 3411 645; x_wconf 86' lang='lat' dir='ltr'>(g)</span> <span class='ocrx_word' id='word_1_46' title='bbox 3457 576 3626 630; x_wconf 88' lang='lat' dir='ltr'>Goth.</span> 
     </span>
    </p>
   </div>
   <div class='ocr_carea' id='block_1_8' title="bbox 1976 651 3626 734">
    <p class='ocr_par' dir='ltr' id='par_1_8' title="bbox 1976 651 3626 734">
     <span class='ocr_line' id='line_1_8' title="bbox 1976 651 3626 734; baseline 0.007 -27"><span class='ocrx_word' id='word_1_47' title='bbox 1976 651 2141 726; x_wconf 89' lang='lat' dir='ltr'>Copt.</span> <span class='ocrx_word' id='word_1_48' title='bbox 2171 657 2434 731; x_wconf 68' lang='lat' dir='ltr'>jEthiop.</span> <span class='ocrx_word' id='word_1_49' title='bbox 2468 661 2639 717; x_wconf 77' lang='lat' dir='ltr'>Lucae</span> <span class='ocrx_word' id='word_1_50' title='bbox 2673 666 2778 727; x_wconf 90' lang='lat' dir='ltr'>est,</span> <span class='ocrx_word' id='word_1_51' title='bbox 2811 663 2977 734; x_wconf 92' lang='lat' dir='ltr'>quod</span> <span class='ocrx_word' id='word_1_52' title='bbox 3006 663 3276 734; x_wconf 79' lang='lat' dir='ltr'>sequitur</span> <span class='ocrx_word' id='word_1_53' title='bbox 3300 664 3361 718; x_wconf 92' lang='lat' dir='ltr'>in</span> <span class='ocrx_word' id='word_1_54' title='bbox 3387 665 3626 730; x_wconf 78' lang='lat' dir='ltr'>nostris,</span> 
     </span>
    </p>
   </div>
   <div class='ocr_carea' id='block_1_9' title="bbox 261 740 1837 823">
    <p class='ocr_par' dir='ltr' id='par_1_9' title="bbox 261 740 1837 815">
     <span class='ocr_line' id='line_1_9' title="bbox 261 740 1837 815; baseline -0.001 -19"><span class='ocrx_word' id='word_1_55' title='bbox 261 743 364 796; x_wconf 79' lang='grc' dir='ltr'>Καὶ</span> <span class='ocrx_word' id='word_1_56' title='bbox 398 740 715 803; x_wconf 71' lang='grc' dir='ltr'>ἐϐάπτιζον.</span> <span class='ocrx_word' id='word_1_57' title='bbox 759 744 812 808; x_wconf 88' lang='lat'>3,</span> <span class='ocrx_word' id='word_1_58' title='bbox 852 742 944 798; x_wconf 90' lang='grc'>22.</span> <span class='ocrx_word' id='word_1_59' title='bbox 989 743 1237 809; x_wconf 88' lang='lat' dir='ltr'>Plurale,</span> <span class='ocrx_word' id='word_1_60' title='bbox 1270 743 1350 799; x_wconf 95' lang='lat' dir='ltr'>ob</span> <span class='ocrx_word' id='word_1_61' title='bbox 1393 743 1450 798; x_wconf 91' lang='lat' dir='ltr'>id</span> <span class='ocrx_word' id='word_1_62' title='bbox 1491 743 1658 815; x_wconf 89' lang='lat' dir='ltr'>quod</span> <span class='ocrx_word' id='word_1_63' title='bbox 1707 741 1837 798; x_wconf 75' lang='lat' dir='ltr'>infra</span> 
     </span>
    </p>
   </div>
   <div class='ocr_carea' id='block_1_10' title="bbox 1971 740 3629 823">
    <p class='ocr_par' dir='ltr' id='par_1_10' title="bbox 1975 748 3629 823">
     <span class='ocr_line' id='line_1_10' title="bbox 1975 748 3629 823; baseline 0.002 -21"><span class='ocrx_word' id='word_1_64' title='bbox 1975 761 2041 802; x_wconf 86' lang='grc' dir='ltr'>εις</span> <span class='ocrx_word' id='word_1_65' title='bbox 2086 748 2376 814; x_wconf 76' lang='grc' dir='ltr'>μετάνοιαν,</span> <span class='ocrx_word' id='word_1_66' title='bbox 2423 753 2480 804; x_wconf 90' lang='lat' dir='ltr'>et</span> <span class='ocrx_word' id='word_1_67' title='bbox 2529 750 2777 806; x_wconf 80' lang='lat' dir='ltr'>accessit</span> <span class='ocrx_word' id='word_1_68' title='bbox 2807 755 2920 806; x_wconf 89' lang='lat' dir='ltr'>tam</span> <span class='ocrx_word' id='word_1_69' title='bbox 2966 751 3130 823; x_wconf 85' lang='lat' dir='ltr'>apud</span> <span class='ocrx_word' id='word_1_70' title='bbox 3175 751 3336 806; x_wconf 89' lang='lat' dir='ltr'>hunc</span> <span class='ocrx_word' id='word_1_71' title='bbox 3378 767 3629 821; x_wconf 88' lang='lat' dir='ltr'>evange-</span> 
     </span>
    </p>
   </div>
   <div class='ocr_carea' id='block_1_11' title="bbox 191 830 1837 907">
    <p class='ocr_par' dir='ltr' id='par_1_11' title="bbox 191 831 1837 902">
     <span class='ocr_line' id='line_1_11' title="bbox 191 831 1837 902; baseline -0.003 -15"><span class='ocrx_word' id='word_1_72' title='bbox 191 831 436 900; x_wconf 83' lang='lat' dir='ltr'>dictum,</span> <span class='ocrx_word' id='word_1_73' title='bbox 480 831 696 892; x_wconf 73' lang='grc' dir='ltr'>Ἰησοῦς</span> <span class='ocrx_word' id='word_1_74' title='bbox 748 832 909 894; x_wconf 75' lang='grc' dir='ltr'><strong>αὐτὸς</strong></span> <span class='ocrx_word' id='word_1_75' title='bbox 961 833 1054 884; x_wconf 76' lang='grc' dir='ltr'>οὐκ</span> <span class='ocrx_word' id='word_1_76' title='bbox 1093 832 1384 897; x_wconf 80' lang='grc' dir='ltr'>ἐϐάπτιζεν,</span> <span class='ocrx_word' id='word_1_77' title='bbox 1433 831 1524 883; x_wconf 61' lang='grc' dir='ltr'>ἀλλ</span> <span class='ocrx_word' id='word_1_78' title='bbox 1549 831 1559 851; x_wconf 92' lang='grc'>’</span> <span class='ocrx_word' id='word_1_79' title='bbox 1601 833 1650 883; x_wconf 85' lang='grc' dir='ltr'><em>οἱ</em></span> <span class='ocrx_word' id='word_1_80' title='bbox 1684 831 1837 902; x_wconf 81' lang='grc' dir='ltr'>μαθη·</span> 
     </span>
    </p>
   </div>
   <div class='ocr_carea' id='block_1_12' title="bbox 1971 830 3311 907">
    <p class='ocr_par' dir='ltr' id='par_1_12' title="bbox 1971 830 3311 907">
     <span class='ocr_line' id='line_1_12' title="bbox 1971 830 3311 907; baseline 0.008 -22"><span class='ocrx_word' id='word_1_81' title='bbox 1971 830 2190 892; x_wconf 87' lang='lat' dir='ltr'>listam.</span> <span class='ocrx_word' id='word_1_82' title='bbox 2232 852 2381 907; x_wconf 91' lang='lat' dir='ltr'>qum</span> <span class='ocrx_word' id='word_1_83' title='bbox 2414 837 2771 903; x_wconf 70' lang='lat' dir='ltr'>Mattheaum,</span> <span class='ocrx_word' id='word_1_84' title='bbox 2807 855 2878 895; x_wconf 91' lang='lat' dir='ltr'>ex</span> <span class='ocrx_word' id='word_1_85' title='bbox 2910 840 3311 896; x_wconf 90' lang='lat' dir='ltr'>Lectionariis.</span> 
     </span>
    </p>
   </div>
   <div class='ocr_carea' id='block_1_13' title="bbox 190 920 932 992">
    <p class='ocr_par' dir='ltr' id='par_1_13' title="bbox 190 920 932 992">
     <span class='ocr_line' id='line_1_13' title="bbox 190 920 932 992; baseline 0.008 -22"><span class='ocrx_word' id='word_1_86' title='bbox 190 925 274 971; x_wconf 81' lang='grc' dir='ltr'>ταὶ</span> <span class='ocrx_word' id='word_1_87' title='bbox 306 920 488 980; x_wconf 66' lang='grc' dir='ltr'>αὐτοῦ,</span> <span class='ocrx_word' id='word_1_88' title='bbox 522 937 665 992; x_wconf 88' lang='lat' dir='ltr'>cap.</span> <span class='ocrx_word' id='word_1_89' title='bbox 696 921 754 984; x_wconf 74' lang='grc'>4,</span> <span class='ocrx_word' id='word_1_90' title='bbox 787 937 846 976; x_wconf 71' lang='grc' dir='ltr'>ν.</span> <span class='ocrx_word' id='word_1_91' title='bbox 880 921 932 976; x_wconf 72' lang='grc'>2.</span> 
     </span>
    </p>
   </div>
   <div class='ocr_carea' id='block_1_14' title="bbox 263 1008 1859 1082">
    <p class='ocr_par' dir='ltr' id='par_1_14' title="bbox 263 1008 1859 1082">
     <span class='ocr_line' id='line_1_14' title="bbox 263 1008 1859 1082; baseline 0.003 -21"><span class='ocrx_word' id='word_1_92' title='bbox 263 1009 514 1066; x_wconf 69' lang='grc' dir='ltr'>Μαθηταὶ</span> <span class='ocrx_word' id='word_1_93' title='bbox 557 1009 743 1063; x_wconf 67' lang='grc' dir='ltr'>αὐτοῦ.</span> <span class='ocrx_word' id='word_1_94' title='bbox 797 1011 849 1078; x_wconf 81' lang='grc'>4,</span> <span class='ocrx_word' id='word_1_95' title='bbox 901 1011 988 1065; x_wconf 82' lang='grc'>31.</span> <span class='ocrx_word' id='word_1_96' title='bbox 1041 1010 1198 1066; x_wconf 88' lang='lat' dir='ltr'>Libri</span> <span class='ocrx_word' id='word_1_97' title='bbox 1243 1010 1388 1082; x_wconf 90' lang='lat' dir='ltr'>aliq.</span> <span class='ocrx_word' id='word_1_98' title='bbox 1439 1010 1596 1061; x_wconf 69' lang='grc' dir='ltr'>αὐτοῦ</span> <span class='ocrx_word' id='word_1_99' title='bbox 1637 1008 1859 1065; x_wconf 90' lang='lat' dir='ltr'>scriba-</span> 
     </span>
    </p>
   </div>
   <div class='ocr_carea' id='block_1_15' title="bbox 187 1103 467 1154">
    <p class='ocr_par' dir='ltr' id='par_1_15' title="bbox 187 1103 467 1154">
     <span class='ocr_line' id='line_1_15' title="bbox 187 1103 467 1154; baseline -0.004 -1"><span class='ocrx_word' id='word_1_100' title='bbox 187 1115 324 1153; x_wconf 84' lang='lat' dir='ltr'>rum</span> <span class='ocrx_word' id='word_1_101' title='bbox 353 1103 467 1154; x_wconf 90' lang='lat' dir='ltr'>est.</span> 
     </span>
    </p>
   </div>
   <div class='ocr_carea' id='block_1_16' title="bbox 2039 930 3612 1010">
    <p class='ocr_par' dir='ltr' id='par_1_16' title="bbox 2039 930 3612 1010">
     <span class='ocr_line' id='line_1_16' title="bbox 2039 930 3612 1010; baseline 0.008 -29"><span class='ocrx_word' id='word_1_102' title='bbox 2039 930 2225 1002; x_wconf 79' lang='grc' dir='ltr'>Ὀμοία</span> <span class='ocrx_word' id='word_1_103' title='bbox 2250 933 2410 1006; x_wconf 68' lang='grc' dir='ltr'>αὐτῇ.</span> <span class='ocrx_word' id='word_1_104' title='bbox 2445 940 2526 1003; x_wconf 88' lang='grc'>12,</span> <span class='ocrx_word' id='word_1_105' title='bbox 2561 938 2652 993; x_wconf 87' lang='grc'>31.</span> <span class='ocrx_word' id='word_1_106' title='bbox 2694 936 2788 993; x_wconf 88' lang='lat' dir='ltr'>Sic</span> <span class='ocrx_word' id='word_1_107' title='bbox 2815 937 2949 993; x_wconf 90' lang='lat' dir='ltr'>libri</span> <span class='ocrx_word' id='word_1_108' title='bbox 2970 938 3142 1010; x_wconf 92' lang='lat' dir='ltr'>probi</span> <span class='ocrx_word' id='word_1_109' title='bbox 3177 939 3326 1009; x_wconf 89' lang='lat' dir='ltr'>aliq.</span> <span class='ocrx_word' id='word_1_110' title='bbox 3361 943 3418 993; x_wconf 89' lang='lat' dir='ltr'>et</span> <span class='ocrx_word' id='word_1_111' title='bbox 3446 939 3612 1010; x_wconf 85' lang='lat' dir='ltr'>Vulg.</span> 
     </span>
    </p>
   </div>
   <div class='ocr_carea' id='block_1_17' title="bbox 1972 1019 2394 1094">
    <p class='ocr_par' dir='ltr' id='par_1_17' title="bbox 1972 1019 2394 1094">
     <span class='ocr_line' id='line_1_17' title="bbox 1972 1019 2394 1094; baseline 0.014 -20"><span class='ocrx_word' id='word_1_112' title='bbox 1972 1019 2098 1090; x_wconf 81' lang='lat' dir='ltr'>Syr.</span> <span class='ocrx_word' id='word_1_113' title='bbox 2130 1022 2394 1094; x_wconf 63' lang='lat' dir='ltr'>zEthiop.</span> 
     </span>
    </p>
   </div>
   <div class='ocr_carea' id='block_1_18' title="bbox 2035 1118 3617 1195">
    <p class='ocr_par' dir='ltr' id='par_1_18' title="bbox 2035 1118 3617 1195">
     <span class='ocr_line' id='line_1_18' title="bbox 2035 1118 3617 1195; baseline -0.001 -16"><span class='ocrx_word' id='word_1_114' title='bbox 2035 1118 2120 1179; x_wconf 81' lang='grc' dir='ltr'>Ἐξ</span> <span class='ocrx_word' id='word_1_115' title='bbox 2146 1120 2433 1192; x_wconf 65' lang='grc' dir='ltr'>εὐωνύμων.</span> <span class='ocrx_word' id='word_1_116' title='bbox 2475 1124 2554 1190; x_wconf 83' lang='grc'>10,</span> <span class='ocrx_word' id='word_1_117' title='bbox 2602 1127 2688 1178; x_wconf 74' lang='grc'>49.</span> <span class='ocrx_word' id='word_1_118' title='bbox 2725 1125 3076 1195; x_wconf 82' lang='lat' dir='ltr'>Complures</span> <span class='ocrx_word' id='word_1_119' title='bbox 3121 1126 3302 1180; x_wconf 88' lang='lat' dir='ltr'>codd.</span> <span class='ocrx_word' id='word_1_120' title='bbox 3345 1129 3402 1180; x_wconf 90' lang='lat' dir='ltr'>et</span> <span class='ocrx_word' id='word_1_121' title='bbox 3450 1126 3617 1195; x_wconf 83' lang='lat' dir='ltr'>Vulg.</span> 
     </span>
    </p>
   </div>
   <div class='ocr_carea' id='block_1_19' title="bbox 263 1186 1837 1282">
    <p class='ocr_par' dir='ltr' id='par_1_19' title="bbox 263 1186 1837 1257">
     <span class='ocr_line' id='line_1_19' title="bbox 263 1186 1837 1257; baseline 0.003 -19"><span class='ocrx_word' id='word_1_122' title='bbox 263 1187 442 1257; x_wconf 57' lang='lat' dir='ltr'>mna}</span> <span class='ocrx_word' id='word_1_123' title='bbox 483 1191 575 1239; x_wconf 79' lang='grc' dir='ltr'>τον</span> <span class='ocrx_word' id='word_1_124' title='bbox 629 1193 848 1254; x_wconf 78' lang='grc' dir='ltr'>κόσμον.</span> <span class='ocrx_word' id='word_1_125' title='bbox 899 1195 954 1255; x_wconf 83' lang='grc'>7,</span> <span class='ocrx_word' id='word_1_126' title='bbox 1007 1189 1090 1242; x_wconf 86' lang='grc'>12.</span> <span class='ocrx_word' id='word_1_127' title='bbox 1155 1187 1532 1245; x_wconf 82' lang='lat' dir='ltr'>Reclamante</span> <span class='ocrx_word' id='word_1_128' title='bbox 1581 1186 1837 1244; x_wconf 81' lang='lat' dir='ltr'>codicun</span> 
     </span>
    </p>
   </div>
   <div class='ocr_carea' id='block_1_20' title="bbox 1971 1186 3615 1282">
    <p class='ocr_par' dir='ltr' id='par_1_20' title="bbox 1971 1186 3615 1282">
     <span class='ocr_line' id='line_1_20' title="bbox 1971 1186 3615 1282; baseline 0.005 -21"><span class='ocrx_word' id='word_1_129' title='bbox 1971 1206 2127 1275; x_wconf 83' lang='lat' dir='ltr'>goth.</span> <span class='ocrx_word' id='word_1_130' title='bbox 2157 1186 2383 1280; x_wconf 80' lang='lat' dir='ltr'>absque</span> <span class='ocrx_word' id='word_1_131' title='bbox 2408 1186 2612 1266; x_wconf 87' lang='lat' dir='ltr'>addito</span> <span class='ocrx_word' id='word_1_132' title='bbox 2634 1232 2754 1282; x_wconf 75' lang='grc' dir='ltr'>μου,</span> <span class='ocrx_word' id='word_1_133' title='bbox 2779 1186 2936 1282; x_wconf 82' lang='lat' dir='ltr'>quod</span> <span class='ocrx_word' id='word_1_134' title='bbox 2954 1214 3207 1268; x_wconf 86' lang='lat' dir='ltr'>accessit</span> <span class='ocrx_word' id='word_1_135' title='bbox 3224 1230 3293 1267; x_wconf 84' lang='lat' dir='ltr'>ex</span> <span class='ocrx_word' id='word_1_136' title='bbox 3321 1186 3615 1269; x_wconf 60' lang='lat' dir='ltr'>Matthiae.</span> 
     </span>
    </p>
   </div>
   <div class='ocr_carea' id='block_1_21' title="bbox 187 1277 639 1332">
    <p class='ocr_par' dir='ltr' id='par_1_21' title="bbox 187 1277 639 1332">
     <span class='ocr_line' id='line_1_21' title="bbox 187 1277 639 1332; baseline 0.004 -1"><span class='ocrx_word' id='word_1_137' title='bbox 187 1277 463 1331; x_wconf 89' lang='lat' dir='ltr'>omnium</span> <span class='ocrx_word' id='word_1_138' title='bbox 494 1277 639 1332; x_wconf 83' lang='lat' dir='ltr'>tide.</span> 
     </span>
    </p>
   </div>
   <div class='ocr_carea' id='block_1_22' title="bbox 255 1364 1852 1439">
    <p class='ocr_par' dir='ltr' id='par_1_22' title="bbox 255 1364 1852 1439">
     <span class='ocr_line' id='line_1_22' title="bbox 255 1364 1852 1439; baseline 0.003 -23"><span class='ocrx_word' id='word_1_139' title='bbox 255 1364 490 1439; x_wconf 71' lang='grc' dir='ltr'>Ὀρθρου</span> <span class='ocrx_word' id='word_1_140' title='bbox 539 1366 694 1417; x_wconf 66' lang='grc' dir='ltr'>πάλιν</span> <span class='ocrx_word' id='word_1_141' title='bbox 747 1365 938 1438; x_wconf 82' lang='grc' dir='ltr'>βαθέος</span> <span class='ocrx_word' id='word_1_142' title='bbox 992 1364 1140 1425; x_wconf 80' lang='grc' dir='ltr'>ἦλθεν</span> <span class='ocrx_word' id='word_1_143' title='bbox 1189 1369 1215 1417; x_wconf 85' lang='grc' dir='ltr'><em>ὁ</em></span> <span class='ocrx_word' id='word_1_144' title='bbox 1248 1367 1472 1428; x_wconf 78' lang='grc' dir='ltr'>Ἰησοῦς.</span> <span class='ocrx_word' id='word_1_145' title='bbox 1531 1369 1589 1420; x_wconf 88' lang='grc'>8.</span> <span class='ocrx_word' id='word_1_146' title='bbox 1647 1366 1696 1419; x_wconf 92' lang='grc'>1.</span> <span class='ocrx_word' id='word_1_147' title='bbox 1747 1367 1852 1420; x_wconf 88' lang='lat' dir='ltr'>Ex-</span> 
     </span>
    </p>
   </div>
   <div class='ocr_carea' id='block_1_23' title="bbox 185 1453 1562 1526">
    <p class='ocr_par' dir='ltr' id='par_1_23' title="bbox 185 1453 1562 1526">
     <span class='ocr_line' id='line_1_23' title="bbox 185 1453 1562 1526; baseline -0.001 -18"><span class='ocrx_word' id='word_1_148' title='bbox 185 1453 429 1525; x_wconf 86' lang='lat' dir='ltr'>plicatio</span> <span class='ocrx_word' id='word_1_149' title='bbox 462 1471 534 1511; x_wconf 86' lang='lat' dir='ltr'>ex</span> <span class='ocrx_word' id='word_1_150' title='bbox 564 1456 642 1526; x_wconf 88' lang='lat' dir='ltr'>(a)</span> <span class='ocrx_word' id='word_1_151' title='bbox 677 1458 814 1521; x_wconf 85' lang='lat' dir='ltr'>Luc,</span> <span class='ocrx_word' id='word_1_152' title='bbox 844 1456 932 1520; x_wconf 74' lang='grc'>24,</span> <span class='ocrx_word' id='word_1_153' title='bbox 974 1457 1000 1508; x_wconf 87' lang='grc'>1</span> <span class='ocrx_word' id='word_1_154' title='bbox 1031 1472 1043 1521; x_wconf 92' lang='grc'><strong>;</strong></span> <span class='ocrx_word' id='word_1_155' title='bbox 1079 1457 1163 1510; x_wconf 90' lang='lat' dir='ltr'>sic</span> <span class='ocrx_word' id='word_1_156' title='bbox 1187 1455 1356 1510; x_wconf 89' lang='lat' dir='ltr'>multi</span> <span class='ocrx_word' id='word_1_157' title='bbox 1387 1453 1562 1510; x_wconf 92' lang='lat' dir='ltr'>codd.</span> 
     </span>
    </p>
   </div>
   <div class='ocr_carea' id='block_1_24' title="bbox 254 1540 1850 1618">
    <p class='ocr_par' dir='ltr' id='par_1_24' title="bbox 254 1540 1850 1618">
     <span class='ocr_line' id='line_1_24' title="bbox 254 1540 1850 1618; baseline 0 -22"><span class='ocrx_word' id='word_1_158' title='bbox 254 1540 420 1596; x_wconf 72' lang='grc' dir='ltr'>Εἶπαν</span> <span class='ocrx_word' id='word_1_159' title='bbox 471 1544 636 1613; x_wconf 70' lang='grc' dir='ltr'>αὐτῷ,</span> <span class='ocrx_word' id='word_1_160' title='bbox 677 1544 1027 1618; x_wconf 78' lang='grc' dir='ltr'>πειράζοντες.</span> <span class='ocrx_word' id='word_1_161' title='bbox 1069 1547 1122 1608; x_wconf 89' lang='lat'>8,</span> <span class='ocrx_word' id='word_1_162' title='bbox 1171 1546 1225 1610; x_wconf 75' lang='grc'>4,</span> <span class='ocrx_word' id='word_1_163' title='bbox 1267 1543 1400 1598; x_wconf 82' lang='lat' dir='ltr'>libri</span> <span class='ocrx_word' id='word_1_164' title='bbox 1442 1542 1640 1598; x_wconf 89' lang='lat' dir='ltr'>multi.</span> <span class='ocrx_word' id='word_1_165' title='bbox 1679 1540 1850 1598; x_wconf 91' lang='lat' dir='ltr'>Com-</span> 
     </span>
    </p>
   </div>
   <div class='ocr_carea' id='block_1_25' title="bbox 183 1632 1418 1698">
    <p class='ocr_par' dir='ltr' id='par_1_25' title="bbox 183 1632 1418 1698">
     <span class='ocr_line' id='line_1_25' title="bbox 183 1632 1418 1698; baseline 0 -13"><span class='ocrx_word' id='word_1_166' title='bbox 183 1632 524 1687; x_wconf 83' lang='lat' dir='ltr'>mentarius</span> <span class='ocrx_word' id='word_1_167' title='bbox 555 1637 663 1697; x_wconf 90' lang='lat' dir='ltr'>est,</span> <span class='ocrx_word' id='word_1_168' title='bbox 691 1649 810 1688; x_wconf 87' lang='lat' dir='ltr'>non</span> <span class='ocrx_word' id='word_1_169' title='bbox 838 1638 1048 1698; x_wconf 85' lang='lat' dir='ltr'>textus,</span> <span class='ocrx_word' id='word_1_170' title='bbox 1078 1648 1152 1688; x_wconf 87' lang='lat' dir='ltr'>ex</span> <span class='ocrx_word' id='word_1_171' title='bbox 1181 1647 1331 1688; x_wconf 82' lang='lat' dir='ltr'>vers.</span> <span class='ocrx_word' id='word_1_172' title='bbox 1366 1635 1418 1686; x_wconf 90' lang='lat'>6.</span> 
     </span>
    </p>
   </div>
   <div class='ocr_carea' id='block_1_26' title="bbox 249 1718 1848 1795">
    <p class='ocr_par' dir='ltr' id='par_1_26' title="bbox 249 1718 1848 1795">
     <span class='ocr_line' id='line_1_26' title="bbox 249 1718 1848 1795; baseline 0.001 -22"><span class='ocrx_word' id='word_1_173' title='bbox 249 1719 315 1773; x_wconf 80' lang='grc' dir='ltr'>Τί</span> <span class='ocrx_word' id='word_1_174' title='bbox 354 1720 521 1789; x_wconf 75' lang='grc' dir='ltr'>λέγεις</span> <span class='ocrx_word' id='word_1_175' title='bbox 570 1725 690 1795; x_wconf 80' lang='grc' dir='ltr'>περὶ</span> <span class='ocrx_word' id='word_1_176' title='bbox 737 1721 934 1787; x_wconf 47' lang='grc' dir='ltr'>αὐτῆς</span> <span class='ocrx_word' id='word_1_177' title='bbox 967 1724 1018 1788; x_wconf 90' lang='grc'>8,</span> <span class='ocrx_word' id='word_1_178' title='bbox 1053 1726 1102 1786; x_wconf 90' lang='grc'>5,</span> <span class='ocrx_word' id='word_1_179' title='bbox 1135 1719 1312 1776; x_wconf 93' lang='lat' dir='ltr'>codd.</span> <span class='ocrx_word' id='word_1_180' title='bbox 1345 1718 1611 1790; x_wconf 84' lang='lat' dir='ltr'>plurimi,</span> <span class='ocrx_word' id='word_1_181' title='bbox 1640 1718 1848 1775; x_wconf 90' lang='lat' dir='ltr'>addito</span> 
     </span>
    </p>
   </div>
   <div class='ocr_carea' id='block_1_27' title="bbox 184 1809 1205 1881">
    <p class='ocr_par' dir='ltr' id='par_1_27' title="bbox 184 1809 1205 1881">
     <span class='ocr_line' id='line_1_27' title="bbox 184 1809 1205 1881; baseline 0.005 -23"><span class='ocrx_word' id='word_1_182' title='bbox 184 1815 295 1880; x_wconf 75' lang='grc' dir='ltr'>περὶ</span> <span class='ocrx_word' id='word_1_183' title='bbox 327 1810 466 1866; x_wconf 70' lang='grc' dir='ltr'>αὑτῆ</span> <span class='ocrx_word' id='word_1_184' title='bbox 479 1831 520 1872; x_wconf 84' lang='grc' dir='ltr'>ς,</span> <span class='ocrx_word' id='word_1_185' title='bbox 547 1809 964 1881; x_wconf 75' lang='lat' dir='ltr'>explicationis</span> <span class='ocrx_word' id='word_1_186' title='bbox 991 1809 1205 1878; x_wconf 87' lang='lat' dir='ltr'>gratia.</span> 
     </span>
    </p>
   </div>
   <div class='ocr_carea' id='block_1_28' title="bbox 251 1896 1744 1968">
    <p class='ocr_par' dir='ltr' id='par_1_28' title="bbox 251 1896 1744 1968">
     <span class='ocr_line' id='line_1_28' title="bbox 251 1896 1744 1968; baseline 0 -18"><span class='ocrx_word' id='word_1_187' title='bbox 251 1897 580 1968; x_wconf 59' lang='grc' dir='ltr'>Ἀναϐλέψας</span> <span class='ocrx_word' id='word_1_188' title='bbox 612 1897 746 1950; x_wconf 78' lang='grc' dir='ltr'>εἶπεν</span> <span class='ocrx_word' id='word_1_189' title='bbox 775 1898 975 1959; x_wconf 71' lang='grc' dir='ltr'>αὐτοῖς.</span> <span class='ocrx_word' id='word_1_190' title='bbox 1007 1901 1058 1963; x_wconf 90' lang='grc'>8,</span> <span class='ocrx_word' id='word_1_191' title='bbox 1098 1904 1150 1952; x_wconf 89' lang='lat'>7.</span> <span class='ocrx_word' id='word_1_192' title='bbox 1186 1896 1370 1963; x_wconf 88' lang='lat' dir='ltr'>Codd,</span> <span class='ocrx_word' id='word_1_193' title='bbox 1401 1897 1477 1953; x_wconf 89' lang='lat' dir='ltr'>al.</span> <span class='ocrx_word' id='word_1_194' title='bbox 1508 1896 1744 1953; x_wconf 88' lang='lat' dir='ltr'>clarius.</span> 
     </span>
    </p>
   </div>
   <div class='ocr_carea' id='block_1_29' title="bbox 255 1984 1840 2057">
    <p class='ocr_par' dir='ltr' id='par_1_29' title="bbox 255 1984 1840 2057">
     <span class='ocr_line' id='line_1_29' title="bbox 255 1984 1840 2057; baseline 0 -17"><span class='ocrx_word' id='word_1_195' title='bbox 255 1985 409 2040; x_wconf 73' lang='grc' dir='ltr'>Εἷὸεν</span> <span class='ocrx_word' id='word_1_196' title='bbox 439 1986 607 2044; x_wconf 67' lang='grc' dir='ltr'>αὐτὴν</span> <span class='ocrx_word' id='word_1_197' title='bbox 637 1992 728 2038; x_wconf 82' lang='grc' dir='ltr'>καὶ</span> <span class='ocrx_word' id='word_1_198' title='bbox 766 1985 894 2039; x_wconf 82' lang='grc' dir='ltr'><strong>εἶπε.</strong></span> <span class='ocrx_word' id='word_1_199' title='bbox 938 1989 1111 2050; x_wconf 77' lang='grc' dir='ltr'>Γύναι,</span> <span class='ocrx_word' id='word_1_200' title='bbox 1144 1990 1254 2042; x_wconf 89' lang='lat' dir='ltr'>etc.</span> <span class='ocrx_word' id='word_1_201' title='bbox 1298 1989 1348 2041; x_wconf 91' lang='lat'>8.</span> <span class='ocrx_word' id='word_1_202' title='bbox 1391 1989 1475 2041; x_wconf 84' lang='grc'>10.</span> <span class='ocrx_word' id='word_1_203' title='bbox 1510 1984 1668 2041; x_wconf 86' lang='lat' dir='ltr'>Libri</span> <span class='ocrx_word' id='word_1_204' title='bbox 1700 1984 1840 2057; x_wconf 90' lang='lat' dir='ltr'>aliq.</span> 
     </span>
    </p>
   </div>
   <div class='ocr_carea' id='block_1_30' title="bbox 180 2074 558 2146">
    <p class='ocr_par' dir='ltr' id='par_1_30' title="bbox 180 2074 558 2146">
     <span class='ocr_line' id='line_1_30' title="bbox 180 2074 558 2146; baseline 0 -17"><span class='ocrx_word' id='word_1_205' title='bbox 180 2074 558 2146; x_wconf 81' lang='lat' dir='ltr'>explicatius.</span> 
     </span>
    </p>
   </div>
   <div class='ocr_carea' id='block_1_31' title="bbox 248 2163 1844 2240">
    <p class='ocr_par' dir='ltr' id='par_1_31' title="bbox 248 2163 1844 2240">
     <span class='ocr_line' id='line_1_31' title="bbox 248 2163 1844 2240; baseline 0.002 -25"><span class='ocrx_word' id='word_1_206' title='bbox 248 2163 349 2215; x_wconf 74' lang='grc' dir='ltr'>’Ἦν</span> <span class='ocrx_word' id='word_1_207' title='bbox 385 2168 598 2221; x_wconf 74' lang='grc' dir='ltr'>ἤκουσα</span> <span class='ocrx_word' id='word_1_208' title='bbox 628 2167 772 2238; x_wconf 79' lang='grc' dir='ltr'>παρὰ</span> <span class='ocrx_word' id='word_1_209' title='bbox 795 2172 888 2217; x_wconf 78' lang='grc' dir='ltr'>τοῦ</span> <span class='ocrx_word' id='word_1_210' title='bbox 917 2169 1129 2240; x_wconf 86' lang='grc' dir='ltr'>Παιρός.</span> <span class='ocrx_word' id='word_1_211' title='bbox 1162 2163 1216 2230; x_wconf 88' lang='grc'>8,</span> <span class='ocrx_word' id='word_1_212' title='bbox 1239 2165 1328 2220; x_wconf 83' lang='grc'>40.</span> <span class='ocrx_word' id='word_1_213' title='bbox 1363 2163 1637 2236; x_wconf 86' lang='lat' dir='ltr'>Euthym.</span> <span class='ocrx_word' id='word_1_214' title='bbox 1675 2165 1844 2235; x_wconf 85' lang='lat' dir='ltr'>isque</span> 
     </span>
    </p>
   </div>
   <div class='ocr_carea' id='block_1_32' title="bbox 181 2253 473 2321">
    <p class='ocr_par' dir='ltr' id='par_1_32' title="bbox 181 2253 473 2321">
     <span class='ocr_line' id='line_1_32' title="bbox 181 2253 473 2321; baseline 0 -16"><span class='ocrx_word' id='word_1_215' title='bbox 181 2253 342 2306; x_wconf 87' lang='lat' dir='ltr'>solus</span> <span class='ocrx_word' id='word_1_216' title='bbox 367 2253 473 2321; x_wconf 83' lang='lat' dir='ltr'>(b).</span> 
     </span>
    </p>
   </div>
   <div class='ocr_carea' id='block_1_33' title="bbox 249 2341 1838 2415">
    <p class='ocr_par' dir='ltr' id='par_1_33' title="bbox 249 2341 1838 2415">
     <span class='ocr_line' id='line_1_33' title="bbox 249 2341 1838 2415; baseline 0.001 -19"><span class='ocrx_word' id='word_1_217' title='bbox 249 2341 330 2396; x_wconf 66' lang='grc' dir='ltr'>Οὐ</span> <span class='ocrx_word' id='word_1_218' title='bbox 363 2341 543 2402; x_wconf 68' lang='grc' dir='ltr'>καλῶς</span> <span class='ocrx_word' id='word_1_219' title='bbox 574 2341 832 2414; x_wconf 72' lang='grc' dir='ltr'>ἐλέγομεν.</span> <span class='ocrx_word' id='word_1_220' title='bbox 873 2341 926 2407; x_wconf 90' lang='grc'>8,</span> <span class='ocrx_word' id='word_1_221' title='bbox 969 2343 1057 2397; x_wconf 81' lang='grc'>48.</span> <span class='ocrx_word' id='word_1_222' title='bbox 1101 2343 1287 2398; x_wconf 86' lang='lat' dir='ltr'>Codd.</span> <span class='ocrx_word' id='word_1_223' title='bbox 1317 2342 1462 2415; x_wconf 90' lang='lat' dir='ltr'>aliq.</span> <span class='ocrx_word' id='word_1_224' title='bbox 1505 2341 1838 2414; x_wconf 81' lang='lat' dir='ltr'>explicatio,</span> 
     </span>
    </p>
   </div>
   <div class='ocr_carea' id='block_1_34' title="bbox 175 2431 1302 2501">
    <p class='ocr_par' dir='ltr' id='par_1_34' title="bbox 175 2431 1302 2501">
     <span class='ocr_line' id='line_1_34' title="bbox 175 2431 1302 2501; baseline 0.004 -17"><span class='ocrx_word' id='word_1_225' title='bbox 175 2445 244 2484; x_wconf 88' lang='lat' dir='ltr'>ex</span> <span class='ocrx_word' id='word_1_226' title='bbox 286 2445 427 2501; x_wconf 86' lang='lat' dir='ltr'>cap.</span> <span class='ocrx_word' id='word_1_227' title='bbox 462 2436 514 2494; x_wconf 83' lang='lat'>7,</span> <span class='ocrx_word' id='word_1_228' title='bbox 549 2446 606 2484; x_wconf 91' lang='lat' dir='ltr'>v.</span> <span class='ocrx_word' id='word_1_229' title='bbox 641 2432 728 2494; x_wconf 89' lang='lat'>20,</span> <span class='ocrx_word' id='word_1_230' title='bbox 764 2431 942 2500; x_wconf 88' lang='lat' dir='ltr'>hujus</span> <span class='ocrx_word' id='word_1_231' title='bbox 978 2431 1302 2501; x_wconf 80' lang='lat' dir='ltr'>Evangelii.</span> 
     </span>
    </p>
   </div>
   <div class='ocr_carea' id='block_1_35' title="bbox 246 2516 1839 2593">
    <p class='ocr_par' dir='ltr' id='par_1_35' title="bbox 246 2516 1839 2593">
     <span class='ocr_line' id='line_1_35' title="bbox 246 2516 1839 2593; baseline 0.003 -24"><span class='ocrx_word' id='word_1_232' title='bbox 246 2521 354 2574; x_wconf 78' lang='grc' dir='ltr'>Καὶ</span> <span class='ocrx_word' id='word_1_233' title='bbox 391 2525 488 2576; x_wconf 68' lang='grc' dir='ltr'>τὴν</span> <span class='ocrx_word' id='word_1_234' title='bbox 517 2516 746 2591; x_wconf 71' lang='grc' dir='ltr'>ἀδελφὴν</span> <span class='ocrx_word' id='word_1_235' title='bbox 776 2519 938 2580; x_wconf 69' lang='grc' dir='ltr'>αὐτῆς</span> <span class='ocrx_word' id='word_1_236' title='bbox 967 2525 1193 2593; x_wconf 82' lang='grc' dir='ltr'>Μαρίαν,</span> <span class='ocrx_word' id='word_1_237' title='bbox 1225 2522 1312 2586; x_wconf 79' lang='grc'>11,</span> <span class='ocrx_word' id='word_1_238' title='bbox 1345 2526 1393 2576; x_wconf 91' lang='grc'>5.</span> <span class='ocrx_word' id='word_1_239' title='bbox 1437 2521 1529 2576; x_wconf 86' lang='lat' dir='ltr'>Sic</span> <span class='ocrx_word' id='word_1_240' title='bbox 1554 2519 1725 2589; x_wconf 82' lang='lat' dir='ltr'>Vulg.</span> <span class='ocrx_word' id='word_1_241' title='bbox 1753 2519 1839 2590; x_wconf 92' lang='lat' dir='ltr'>(in</span> 
     </span>
    </p>
   </div>
   <div class='ocr_carea' id='block_1_36' title="bbox 171 2608 1388 2681">
    <p class='ocr_par' dir='ltr' id='par_1_36' title="bbox 171 2608 1388 2681">
     <span class='ocr_line' id='line_1_36' title="bbox 171 2608 1388 2681; baseline 0 -17"><span class='ocrx_word' id='word_1_242' title='bbox 171 2608 362 2677; x_wconf 84' lang='lat' dir='ltr'>editt.)</span> <span class='ocrx_word' id='word_1_243' title='bbox 396 2610 528 2679; x_wconf 75' lang='lat' dir='ltr'>Syr.</span> <span class='ocrx_word' id='word_1_244' title='bbox 569 2609 775 2664; x_wconf 91' lang='lat' dir='ltr'>addito</span> <span class='ocrx_word' id='word_1_245' title='bbox 805 2611 1030 2681; x_wconf 79' lang='grc' dir='ltr'>Μαρίαν,</span> <span class='ocrx_word' id='word_1_246' title='bbox 1054 2625 1125 2664; x_wconf 90' lang='lat' dir='ltr'>ex</span> <span class='ocrx_word' id='word_1_247' title='bbox 1150 2625 1303 2664; x_wconf 90' lang='lat' dir='ltr'>vers.</span> <span class='ocrx_word' id='word_1_248' title='bbox 1329 2611 1388 2666; x_wconf 97' lang='grc'>1.</span> 
     </span>
    </p>
   </div>
   <div class='ocr_carea' id='block_1_37' title="bbox 239 2696 1838 2770">
    <p class='ocr_par' dir='ltr' id='par_1_37' title="bbox 239 2696 1838 2770">
     <span class='ocr_line' id='line_1_37' title="bbox 239 2696 1838 2770; baseline 0.003 -23"><span class='ocrx_word' id='word_1_249' title='bbox 239 2699 471 2757; x_wconf 76' lang='grc' dir='ltr'>Ἐκεῖνος</span> <span class='ocrx_word' id='word_1_250' title='bbox 504 2699 583 2764; x_wconf 78' lang='grc' dir='ltr'>(ε)</span> <span class='ocrx_word' id='word_1_251' title='bbox 620 2698 801 2758; x_wconf 70' lang='grc' dir='ltr'><em>οὕτως.</em></span> <span class='ocrx_word' id='word_1_252' title='bbox 836 2698 923 2762; x_wconf 86' lang='grc'>13,</span> <span class='ocrx_word' id='word_1_253' title='bbox 953 2702 1046 2752; x_wconf 83' lang='grc'>25.</span> <span class='ocrx_word' id='word_1_254' title='bbox 1092 2697 1276 2754; x_wconf 90' lang='lat' dir='ltr'>Codd.</span> <span class='ocrx_word' id='word_1_255' title='bbox 1307 2698 1664 2770; x_wconf 88' lang='lat' dir='ltr'>complures.</span> <span class='ocrx_word' id='word_1_256' title='bbox 1693 2696 1838 2752; x_wconf 91' lang='lat' dir='ltr'>Sim-</span> 
     </span>
    </p>
   </div>
   <div class='ocr_carea' id='block_1_38' title="bbox 171 2785 1837 2856">
    <p class='ocr_par' dir='ltr' id='par_1_38' title="bbox 171 2785 1837 2856">
     <span class='ocr_line' id='line_1_38' title="bbox 171 2785 1837 2856; baseline 0.001 -16"><span class='ocrx_word' id='word_1_257' title='bbox 171 2786 302 2856; x_wconf 88' lang='lat' dir='ltr'>plex</span> <span class='ocrx_word' id='word_1_258' title='bbox 335 2791 552 2848; x_wconf 80' lang='grc' dir='ltr'>έκεῐνος,</span> <span class='ocrx_word' id='word_1_259' title='bbox 585 2785 940 2853; x_wconf 84' lang='lat' dir='ltr'>genuinum.</span> <span class='ocrx_word' id='word_1_260' title='bbox 979 2787 1116 2856; x_wconf 91' lang='lat' dir='ltr'>Ejus</span> <span class='ocrx_word' id='word_1_261' title='bbox 1145 2787 1276 2842; x_wconf 92' lang='lat' dir='ltr'>loco</span> <span class='ocrx_word' id='word_1_262' title='bbox 1304 2786 1621 2842; x_wconf 69' lang='lat' dir='ltr'>suffectum</span> <span class='ocrx_word' id='word_1_263' title='bbox 1647 2787 1739 2842; x_wconf 89' lang='lat' dir='ltr'>est</span> <span class='ocrx_word' id='word_1_264' title='bbox 1764 2801 1837 2841; x_wconf 90' lang='lat' dir='ltr'>ex</span> 
     </span>
    </p>
   </div>
   <div class='ocr_carea' id='block_1_39' title="bbox 172 2873 1836 2946">
    <p class='ocr_par' dir='ltr' id='par_1_39' title="bbox 172 2873 1836 2946">
     <span class='ocr_line' id='line_1_39' title="bbox 172 2873 1836 2946; baseline 0.001 -19"><span class='ocrx_word' id='word_1_265' title='bbox 172 2889 363 2941; x_wconf 84' lang='lat' dir='ltr'>marg.</span> <span class='ocrx_word' id='word_1_266' title='bbox 395 2875 459 2927; x_wconf 91' lang='lat' dir='ltr'>in</span> <span class='ocrx_word' id='word_1_267' title='bbox 487 2873 667 2928; x_wconf 88' lang='lat' dir='ltr'>codd.</span> <span class='ocrx_word' id='word_1_268' title='bbox 696 2873 833 2946; x_wconf 88' lang='lat' dir='ltr'>aliq.</span> <span class='ocrx_word' id='word_1_269' title='bbox 869 2874 1040 2938; x_wconf 80' lang='grc' dir='ltr'><em>οὗτος,</em></span> <span class='ocrx_word' id='word_1_270' title='bbox 1073 2891 1182 2929; x_wconf 90' lang='lat' dir='ltr'>ceu</span> <span class='ocrx_word' id='word_1_271' title='bbox 1211 2874 1407 2944; x_wconf 88' lang='lat' dir='ltr'>magis</span> <span class='ocrx_word' id='word_1_272' title='bbox 1432 2874 1746 2929; x_wconf 88' lang='lat' dir='ltr'>idoneum:</span> <span class='ocrx_word' id='word_1_273' title='bbox 1773 2873 1836 2928; x_wconf 89' lang='lat' dir='ltr'>in</span> 
     </span>
    </p>
   </div>
   <div class='ocr_carea' id='block_1_40' title="bbox 172 2961 1836 3032">
    <p class='ocr_par' dir='ltr' id='par_1_40' title="bbox 172 2961 1836 3032">
     <span class='ocr_line' id='line_1_40' title="bbox 172 2961 1836 3032; baseline 0 -17"><span class='ocrx_word' id='word_1_274' title='bbox 172 2961 302 3016; x_wconf 82' lang='lat' dir='ltr'>aliis</span> <span class='ocrx_word' id='word_1_275' title='bbox 332 2961 690 3032; x_wconf 88' lang='lat' dir='ltr'>adjunctum</span> <span class='ocrx_word' id='word_1_276' title='bbox 719 2966 847 3016; x_wconf 91' lang='lat' dir='ltr'>erat</span> <span class='ocrx_word' id='word_1_277' title='bbox 875 2970 945 3012; x_wconf 85' lang='grc' dir='ltr'>τῶ</span> <span class='ocrx_word' id='word_1_278' title='bbox 991 2966 1198 3027; x_wconf 81' lang='grc' dir='ltr'>ἐκεῖνος,</span> <span class='ocrx_word' id='word_1_279' title='bbox 1232 2962 1296 3017; x_wconf 91' lang='lat' dir='ltr'>in</span> <span class='ocrx_word' id='word_1_280' title='bbox 1325 2961 1456 3017; x_wconf 87' lang='lat' dir='ltr'>aliis</span> <span class='ocrx_word' id='word_1_281' title='bbox 1506 2961 1586 3018; x_wconf 87' lang='lat' dir='ltr'>ad</span> <span class='ocrx_word' id='word_1_282' title='bbox 1614 2961 1836 3016; x_wconf 90' lang='lat' dir='ltr'>evitan-</span> 
     </span>
    </p>
   </div>
   <div class='ocr_carea' id='block_1_41' title="bbox 171 3047 1832 3118">
    <p class='ocr_par' dir='ltr' id='par_1_41' title="bbox 171 3047 1832 3118">
     <span class='ocr_line' id='line_1_41' title="bbox 171 3047 1832 3118; baseline 0.001 -18"><span class='ocrx_word' id='word_1_283' title='bbox 171 3050 314 3106; x_wconf 79' lang='lat' dir='ltr'>dam</span> <span class='ocrx_word' id='word_1_284' title='bbox 349 3049 721 3118; x_wconf 72' lang='grc' dir='ltr'>τοιντολογίαν,</span> <span class='ocrx_word' id='word_1_285' title='bbox 749 3053 1051 3105; x_wconf 87' lang='lat' dir='ltr'>mutatum</span> <span class='ocrx_word' id='word_1_286' title='bbox 1078 3050 1358 3106; x_wconf 84' lang='lat' dir='ltr'>videmus</span> <span class='ocrx_word' id='word_1_287' title='bbox 1391 3047 1536 3110; x_wconf 79' lang='grc' dir='ltr'><em>οὗτος</em></span> <span class='ocrx_word' id='word_1_288' title='bbox 1563 3050 1626 3106; x_wconf 92' lang='lat' dir='ltr'>in</span> <span class='ocrx_word' id='word_1_289' title='bbox 1652 3058 1832 3113; x_wconf 75' lang='grc' dir='ltr'><em>οὕτως,</em></span> 
     </span>
    </p>
   </div>
   <div class='ocr_carea' id='block_1_42' title="bbox 172 3138 998 3211">
    <p class='ocr_par' dir='ltr' id='par_1_42' title="bbox 172 3138 998 3211">
     <span class='ocr_line' id='line_1_42' title="bbox 172 3138 998 3211; baseline 0 -19"><span class='ocrx_word' id='word_1_290' title='bbox 172 3145 234 3193; x_wconf 89' lang='lat' dir='ltr'>ut</span> <span class='ocrx_word' id='word_1_291' title='bbox 259 3141 358 3194; x_wconf 91' lang='lat' dir='ltr'>hic</span> <span class='ocrx_word' id='word_1_292' title='bbox 386 3138 556 3210; x_wconf 90' lang='lat' dir='ltr'>apud</span> <span class='ocrx_word' id='word_1_293' title='bbox 589 3139 998 3211; x_wconf 86' lang='lat' dir='ltr'>Euthymium.</span> 
     </span>
    </p>
   </div>
   <div class='ocr_carea' id='block_1_43' title="bbox 243 3227 1836 3300">
    <p class='ocr_par' dir='ltr' id='par_1_43' title="bbox 243 3227 1836 3300">
     <span class='ocr_line' id='line_1_43' title="bbox 243 3227 1836 3300; baseline 0.004 -21"><span class='ocrx_word' id='word_1_294' title='bbox 243 3229 498 3298; x_wconf 65' lang='grc' dir='ltr'>’Ἡγαογον</span> <span class='ocrx_word' id='word_1_295' title='bbox 532 3227 605 3289; x_wconf 80' lang='grc' dir='ltr'><strong>εἰς</strong></span> <span class='ocrx_word' id='word_1_296' title='bbox 650 3231 709 3279; x_wconf 85' lang='grc' dir='ltr'>τὸ</span> <span class='ocrx_word' id='word_1_297' title='bbox 756 3234 1095 3300; x_wconf 79' lang='grc' dir='ltr'>πραιτώριον.</span> <span class='ocrx_word' id='word_1_298' title='bbox 1138 3229 1226 3292; x_wconf 84' lang='grc'>19,</span> <span class='ocrx_word' id='word_1_299' title='bbox 1283 3233 1367 3284; x_wconf 81' lang='grc'>16.</span> <span class='ocrx_word' id='word_1_300' title='bbox 1403 3229 1495 3284; x_wconf 88' lang='lat' dir='ltr'>Sic</span> <span class='ocrx_word' id='word_1_301' title='bbox 1538 3228 1709 3284; x_wconf 91' lang='lat' dir='ltr'>codd.</span> <span class='ocrx_word' id='word_1_302' title='bbox 1755 3228 1836 3286; x_wconf 89' lang='lat' dir='ltr'>al.</span> 
     </span>
    </p>
   </div>
   <div class='ocr_carea' id='block_1_44' title="bbox 172 3317 1841 3388">
    <p class='ocr_par' dir='ltr' id='par_1_44' title="bbox 172 3317 1841 3388">
     <span class='ocr_line' id='line_1_44' title="bbox 172 3317 1841 3388; baseline 0.001 -17"><span class='ocrx_word' id='word_1_303' title='bbox 172 3317 517 3388; x_wconf 78' lang='lat' dir='ltr'>explicatio,</span> <span class='ocrx_word' id='word_1_304' title='bbox 553 3332 626 3371; x_wconf 87' lang='lat' dir='ltr'>ex</span> <span class='ocrx_word' id='word_1_305' title='bbox 674 3332 810 3387; x_wconf 90' lang='lat' dir='ltr'>cap.</span> <span class='ocrx_word' id='word_1_306' title='bbox 844 3317 1112 3387; x_wconf 88' lang='lat' dir='ltr'>proxime</span> <span class='ocrx_word' id='word_1_307' title='bbox 1152 3317 1540 3388; x_wconf 71' lang='lat' dir='ltr'>praecedentis</span> <span class='ocrx_word' id='word_1_308' title='bbox 1564 3333 1622 3372; x_wconf 91' lang='lat' dir='ltr'>v.</span> <span class='ocrx_word' id='word_1_309' title='bbox 1655 3317 1744 3370; x_wconf 89' lang='grc'>28.</span> <span class='ocrx_word' id='word_1_310' title='bbox 1774 3319 1841 3372; x_wconf 86' lang='lat' dir='ltr'>Et</span> 
     </span>
    </p>
   </div>
   <div class='ocr_carea' id='block_1_45' title="bbox 172 3405 1165 3477">
    <p class='ocr_par' dir='ltr' id='par_1_45' title="bbox 172 3405 1165 3477">
     <span class='ocr_line' id='line_1_45' title="bbox 172 3405 1165 3477; baseline 0.002 -17"><span class='ocrx_word' id='word_1_311' title='bbox 172 3407 241 3461; x_wconf 91' lang='lat' dir='ltr'>de</span> <span class='ocrx_word' id='word_1_312' title='bbox 272 3406 424 3461; x_wconf 89' lang='lat' dir='ltr'>locis</span> <span class='ocrx_word' id='word_1_313' title='bbox 458 3405 832 3477; x_wconf 87' lang='lat' dir='ltr'>interpolatis</span> <span class='ocrx_word' id='word_1_314' title='bbox 862 3406 1165 3462; x_wconf 87' lang='lat' dir='ltr'>hactenus.</span> 
     </span>
    </p>
   </div>
   <div class='ocr_carea' id='block_1_46' title="bbox 241 3495 1838 3566">
    <p class='ocr_par' dir='ltr' id='par_1_46' title="bbox 241 3495 1838 3566">
     <span class='ocr_line' id='line_1_46' title="bbox 241 3495 1838 3566; baseline -0.001 -15"><span class='ocrx_word' id='word_1_315' title='bbox 241 3496 340 3552; x_wconf 70' lang='lat' dir='ltr'>Ea:</span> <span class='ocrx_word' id='word_1_316' title='bbox 377 3495 680 3566; x_wconf 79' lang='lat' dir='ltr'>genuinis,</span> <span class='ocrx_word' id='word_1_317' title='bbox 737 3511 866 3565; x_wconf 70' lang='lat' dir='ltr'>quae</span> <span class='ocrx_word' id='word_1_318' title='bbox 891 3496 968 3552; x_wconf 82' lang='lat' dir='ltr'>ab</span> <span class='ocrx_word' id='word_1_319' title='bbox 1005 3497 1167 3552; x_wconf 80' lang='lat' dir='ltr'>edz&#39;tt.</span> <span class='ocrx_word' id='word_1_320' title='bbox 1209 3495 1531 3564; x_wconf 79' lang='lat' dir='ltr'>differunt,</span> <span class='ocrx_word' id='word_1_321' title='bbox 1562 3497 1838 3552; x_wconf 80' lang='lat' dir='ltr'>hactenus</span> 
     </span>
    </p>
   </div>
   <div class='ocr_carea' id='block_1_47' title="bbox 175 3585 1836 3654">
    <p class='ocr_par' dir='ltr' id='par_1_47' title="bbox 175 3585 1836 3654">
     <span class='ocr_line' id='line_1_47' title="bbox 175 3585 1836 3654; baseline -0.001 -14"><span class='ocrx_word' id='word_1_322' title='bbox 175 3585 330 3640; x_wconf 79' lang='lat' dir='ltr'>haud</span> <span class='ocrx_word' id='word_1_323' title='bbox 353 3587 714 3650; x_wconf 72' lang='lat' dir='ltr'>memoratis,</span> <span class='ocrx_word' id='word_1_324' title='bbox 753 3586 1067 3641; x_wconf 75' lang='lat' dir='ltr'>nonnullas</span> <span class='ocrx_word' id='word_1_325' title='bbox 1090 3585 1185 3640; x_wconf 78' lang='lat' dir='ltr'>hic</span> <span class='ocrx_word' id='word_1_326' title='bbox 1211 3591 1413 3648; x_wconf 80' lang='lat' dir='ltr'>restat,</span> <span class='ocrx_word' id='word_1_327' title='bbox 1437 3586 1836 3654; x_wconf 77' lang='lat' dir='ltr'>proferamus.</span> 
     </span>
    </p>
   </div>
   <div class='ocr_carea' id='block_1_48' title="bbox 239 3674 1834 3748">
    <p class='ocr_par' dir='ltr' id='par_1_48' title="bbox 239 3674 1834 3748">
     <span class='ocr_line' id='line_1_48' title="bbox 239 3674 1834 3748; baseline -0.001 -19"><span class='ocrx_word' id='word_1_328' title='bbox 239 3674 415 3729; x_wconf 74' lang='grc' dir='ltr'>Καλὸν</span> <span class='ocrx_word' id='word_1_329' title='bbox 461 3679 673 3746; x_wconf 70' lang='grc' dir='ltr'>σπέρμα</span> <span class='ocrx_word' id='word_1_330' title='bbox 701 3675 942 3746; x_wconf 81' lang='grc' dir='ltr'>ἔσπειρας</span> <span class='ocrx_word' id='word_1_331' title='bbox 970 3678 1018 3726; x_wconf 73' lang='grc' dir='ltr'>ὲν</span> <span class='ocrx_word' id='word_1_332' title='bbox 1046 3675 1124 3745; x_wconf 84' lang='lat' dir='ltr'>(d)</span> <span class='ocrx_word' id='word_1_333' title='bbox 1152 3683 1222 3743; x_wconf 83' lang='grc' dir='ltr'><strong><em>τῷ</em></strong></span> <span class='ocrx_word' id='word_1_334' title='bbox 1254 3677 1425 3748; x_wconf 73' lang='grc' dir='ltr'>ἀγρῷ.</span> <span class='ocrx_word' id='word_1_335' title='bbox 1482 3677 1700 3730; x_wconf 78' lang='grc' dir='ltr'>ΜΑΤΤΗ.</span> <span class='ocrx_word' id='word_1_336' title='bbox 1750 3677 1834 3739; x_wconf 84' lang='grc'>13,</span> 
     </span>
    </p>
   </div>
   <div class='ocr_carea' id='block_1_49' title="bbox 174 3761 1838 3834">
    <p class='ocr_par' dir='ltr' id='par_1_49' title="bbox 174 3761 1838 3834">
     <span class='ocr_line' id='line_1_49' title="bbox 174 3761 1838 3834; baseline 0.001 -18"><span class='ocrx_word' id='word_1_337' title='bbox 174 3765 261 3819; x_wconf 71' lang='lat'>27.</span> <span class='ocrx_word' id='word_1_338' title='bbox 301 3763 660 3834; x_wconf 87' lang='lat' dir='ltr'>Complures</span> <span class='ocrx_word' id='word_1_339' title='bbox 691 3762 848 3829; x_wconf 88' lang='lat' dir='ltr'>libri,</span> <span class='ocrx_word' id='word_1_340' title='bbox 893 3767 958 3818; x_wconf 92' lang='lat' dir='ltr'>ut</span> <span class='ocrx_word' id='word_1_341' title='bbox 984 3766 1041 3818; x_wconf 89' lang='lat' dir='ltr'>et</span> <span class='ocrx_word' id='word_1_342' title='bbox 1070 3763 1386 3834; x_wconf 86' lang='lat' dir='ltr'>Epiphanii</span> <span class='ocrx_word' id='word_1_343' title='bbox 1423 3763 1629 3818; x_wconf 85' lang='lat' dir='ltr'>codex.</span> <span class='ocrx_word' id='word_1_344' title='bbox 1659 3761 1838 3818; x_wconf 88' lang='lat' dir='ltr'>Parti-</span> 
     </span>
    </p>
   </div>
   <div class='ocr_carea' id='block_1_50' title="bbox 172 3851 1028 3922">
    <p class='ocr_par' dir='ltr' id='par_1_50' title="bbox 172 3851 1028 3922">
     <span class='ocr_line' id='line_1_50' title="bbox 172 3851 1028 3922; baseline -0.004 -15"><span class='ocrx_word' id='word_1_345' title='bbox 172 3853 301 3908; x_wconf 88' lang='lat' dir='ltr'>cula</span> <span class='ocrx_word' id='word_1_346' title='bbox 327 3861 428 3922; x_wconf 79' lang='grc' dir='ltr'>σῷ,</span> <span class='ocrx_word' id='word_1_347' title='bbox 459 3851 746 3921; x_wconf 87' lang='lat' dir='ltr'>injectitia</span> <span class='ocrx_word' id='word_1_348' title='bbox 773 3851 1028 3908; x_wconf 89' lang='lat' dir='ltr'>videtur.</span> 
     </span>
    </p>
   </div>
   <div class='ocr_carea' id='block_1_51' title="bbox 243 3937 1829 4014">
    <p class='ocr_par' dir='ltr' id='par_1_51' title="bbox 243 3937 1829 4014">
     <span class='ocr_line' id='line_1_51' title="bbox 243 3937 1829 4014; baseline 0.002 -22"><span class='ocrx_word' id='word_1_349' title='bbox 243 3943 582 4013; x_wconf 75' lang='grc' dir='ltr'>Ἀποκριθεὶς</span> <span class='ocrx_word' id='word_1_350' title='bbox 631 3937 742 3993; x_wconf 77' lang='grc' dir='ltr'>δὲό</span> <span class='ocrx_word' id='word_1_351' title='bbox 801 3945 1012 4014; x_wconf 84' lang='grc' dir='ltr'>Πέτρος.</span> <span class='ocrx_word' id='word_1_352' title='bbox 1067 3942 1158 4007; x_wconf 81' lang='grc'>14,</span> <span class='ocrx_word' id='word_1_353' title='bbox 1212 3944 1297 3996; x_wconf 79' lang='grc'>28.</span> <span class='ocrx_word' id='word_1_354' title='bbox 1358 3940 1605 3997; x_wconf 81' lang='lat' dir='ltr'>Plurimi</span> <span class='ocrx_word' id='word_1_355' title='bbox 1653 3940 1829 3996; x_wconf 90' lang='lat' dir='ltr'>codd.</span> 
     </span>
    </p>
   </div>
   <div class='ocr_carea' id='block_1_52' title="bbox 171 4029 1833 4102">
    <p class='ocr_par' dir='ltr' id='par_1_52' title="bbox 171 4029 1833 4102">
     <span class='ocr_line' id='line_1_52' title="bbox 171 4029 1833 4102; baseline -0.001 -14"><span class='ocrx_word' id='word_1_356' title='bbox 171 4038 223 4088; x_wconf 87' lang='lat' dir='ltr'>et</span> <span class='ocrx_word' id='word_1_357' title='bbox 254 4032 425 4102; x_wconf 84' lang='lat' dir='ltr'>Vulg.</span> <span class='ocrx_word' id='word_1_358' title='bbox 463 4031 730 4086; x_wconf 88' lang='lat' dir='ltr'>medium</span> <span class='ocrx_word' id='word_1_359' title='bbox 758 4031 920 4101; x_wconf 71' lang='grc' dir='ltr'>αὐτῷ,</span> <span class='ocrx_word' id='word_1_360' title='bbox 943 4031 1102 4102; x_wconf 93' lang='lat' dir='ltr'>quod</span> <span class='ocrx_word' id='word_1_361' title='bbox 1121 4031 1181 4085; x_wconf 89' lang='lat' dir='ltr'>in</span> <span class='ocrx_word' id='word_1_362' title='bbox 1203 4029 1447 4098; x_wconf 88' lang='lat' dir='ltr'>nostris,</span> <span class='ocrx_word' id='word_1_363' title='bbox 1480 4029 1833 4100; x_wconf 89' lang='lat' dir='ltr'>injectitium</span> 
     </span>
    </p>
   </div>
   <div class='ocr_carea' id='block_1_53' title="bbox 171 4129 278 4176">
    <p class='ocr_par' dir='ltr' id='par_1_53' title="bbox 171 4129 278 4176">
     <span class='ocr_line' id='line_1_53' title="bbox 171 4129 278 4176; baseline -0.019 0"><span class='ocrx_word' id='word_1_364' title='bbox 171 4129 278 4176; x_wconf 85' lang='lat' dir='ltr'>est.</span> 
     </span>
    </p>
   </div>
   <div class='ocr_carea' id='block_1_54' title="bbox 235 4207 1829 4281">
    <p class='ocr_par' dir='ltr' id='par_1_54' title="bbox 235 4207 1829 4281">
     <span class='ocr_line' id='line_1_54' title="bbox 235 4207 1829 4281; baseline 0.008 -20"><span class='ocrx_word' id='word_1_365' title='bbox 235 4214 311 4266; x_wconf 72' lang='grc' dir='ltr'>Τα</span> <span class='ocrx_word' id='word_1_366' title='bbox 343 4211 420 4281; x_wconf 82' lang='lat' dir='ltr'>(e)</span> <span class='ocrx_word' id='word_1_367' title='bbox 458 4213 734 4280; x_wconf 74' lang='grc' dir='ltr'>γενόμενα.</span> <span class='ocrx_word' id='word_1_368' title='bbox 774 4211 861 4272; x_wconf 91' lang='grc'>18,</span> <span class='ocrx_word' id='word_1_369' title='bbox 898 4213 986 4264; x_wconf 84' lang='grc'>31.</span> <span class='ocrx_word' id='word_1_370' title='bbox 1017 4207 1206 4263; x_wconf 87' lang='lat' dir='ltr'>Codd.</span> <span class='ocrx_word' id='word_1_371' title='bbox 1256 4207 1393 4280; x_wconf 78' lang='lat' dir='ltr'>aliq.</span> <span class='ocrx_word' id='word_1_372' title='bbox 1441 4214 1496 4262; x_wconf 60' lang='grc' dir='ltr'>εἴ</span> <span class='ocrx_word' id='word_1_373' title='bbox 1530 4207 1698 4278; x_wconf 71' lang='grc' dir='ltr'>νιΙῙΒ·</span> <span class='ocrx_word' id='word_1_374' title='bbox 1731 4207 1829 4279; x_wconf 67' lang='lat' dir='ltr'>(fl,</span> 
     </span>
    </p>
   </div>
   <div class='ocr_carea' id='block_1_55' title="bbox 169 4295 1833 4369">
    <p class='ocr_par' dir='ltr' id='par_1_55' title="bbox 169 4295 1833 4369">
     <span class='ocr_line' id='line_1_55' title="bbox 169 4295 1833 4369; baseline -0.001 -15"><span class='ocrx_word' id='word_1_375' title='bbox 169 4301 250 4356; x_wconf 88' lang='lat' dir='ltr'>uti</span> <span class='ocrx_word' id='word_1_376' title='bbox 277 4299 547 4362; x_wconf 78' lang='lat' dir='ltr'>videtur;</span> <span class='ocrx_word' id='word_1_377' title='bbox 583 4297 888 4369; x_wconf 90' lang='lat' dir='ltr'>quomodo</span> <span class='ocrx_word' id='word_1_378' title='bbox 918 4295 1238 4368; x_wconf 90' lang='lat' dir='ltr'>legendum</span> <span class='ocrx_word' id='word_1_379' title='bbox 1266 4312 1391 4352; x_wconf 89' lang='lat' dir='ltr'>esse</span> <span class='ocrx_word' id='word_1_380' title='bbox 1418 4300 1622 4352; x_wconf 88' lang='lat' dir='ltr'>monet</span> <span class='ocrx_word' id='word_1_381' title='bbox 1647 4299 1833 4354; x_wconf 87' lang='lat' dir='ltr'>Lucas</span> 
     </span>
    </p>
   </div>
   <div class='ocr_carea' id='block_1_56' title="bbox 168 4385 1832 4458">
    <p class='ocr_par' dir='ltr' id='par_1_56' title="bbox 168 4385 1832 4458">
     <span class='ocr_line' id='line_1_56' title="bbox 168 4385 1832 4458; baseline -0.001 -16"><span class='ocrx_word' id='word_1_382' title='bbox 168 4388 346 4458; x_wconf 85' lang='lat' dir='ltr'>Brug,</span> <span class='ocrx_word' id='word_1_383' title='bbox 403 4391 716 4443; x_wconf 82' lang='lat' dir='ltr'>mutarunt</span> <span class='ocrx_word' id='word_1_384' title='bbox 767 4385 952 4457; x_wconf 89' lang='lat' dir='ltr'>aliqui</span> <span class='ocrx_word' id='word_1_385' title='bbox 1005 4385 1084 4442; x_wconf 88' lang='lat' dir='ltr'>ad</span> <span class='ocrx_word' id='word_1_386' title='bbox 1132 4400 1325 4455; x_wconf 83' lang='lat' dir='ltr'>marg.</span> <span class='ocrx_word' id='word_1_387' title='bbox 1367 4385 1638 4458; x_wconf 85' lang='lat' dir='ltr'>adeoque</span> <span class='ocrx_word' id='word_1_388' title='bbox 1688 4385 1832 4441; x_wconf 91' lang='lat' dir='ltr'>etin</span> 
     </span>
    </p>
   </div>
   <div class='ocr_carea' id='block_1_57' title="bbox 165 4474 1534 4547">
    <p class='ocr_par' dir='ltr' id='par_1_57' title="bbox 165 4474 1534 4547">
     <span class='ocr_line' id='line_1_57' title="bbox 165 4474 1534 4547; baseline -0.003 -14"><span class='ocrx_word' id='word_1_389' title='bbox 165 4483 326 4533; x_wconf 86' lang='lat' dir='ltr'>textu</span> <span class='ocrx_word' id='word_1_390' title='bbox 361 4475 585 4531; x_wconf 66' lang='lat' dir='ltr'>scribae</span> <span class='ocrx_word' id='word_1_391' title='bbox 609 4475 670 4530; x_wconf 91' lang='lat' dir='ltr'>in</span> <span class='ocrx_word' id='word_1_392' title='bbox 697 4480 962 4547; x_wconf 74' lang='grc' dir='ltr'>γινόμενα,</span> <span class='ocrx_word' id='word_1_393' title='bbox 995 4490 1102 4530; x_wconf 91' lang='lat' dir='ltr'>ceu</span> <span class='ocrx_word' id='word_1_394' title='bbox 1132 4474 1534 4531; x_wconf 89' lang='lat' dir='ltr'>commodius.</span> 
     </span>
    </p>
   </div>
   <div class='ocr_carea' id='block_1_58' title="bbox 169 4651 1834 4724">
    <p class='ocr_par' dir='ltr' id='par_1_58' title="bbox 169 4651 1834 4724">
     <span class='ocr_line' id='line_1_58' title="bbox 169 4651 1834 4724; baseline 0 -17"><span class='ocrx_word' id='word_1_395' title='bbox 169 4653 420 4720; x_wconf 74' lang='grc' dir='ltr'>ἐπέδειξε,</span> <span class='ocrx_word' id='word_1_396' title='bbox 454 4651 625 4724; x_wconf 85' lang='lat' dir='ltr'>quod</span> <span class='ocrx_word' id='word_1_397' title='bbox 648 4651 810 4724; x_wconf 74' lang='lat' dir='ltr'>haud</span> <span class='ocrx_word' id='word_1_398' title='bbox 839 4667 977 4724; x_wconf 84' lang='lat' dir='ltr'>raro</span> <span class='ocrx_word' id='word_1_399' title='bbox 988 4651 1294 4724; x_wconf 67' lang='lat' dir='ltr'>iactantiae</span> <span class='ocrx_word' id='word_1_400' title='bbox 1314 4651 1624 4724; x_wconf 86' lang='lat' dir='ltr'>notionem</span> <span class='ocrx_word' id='word_1_401' title='bbox 1645 4651 1834 4707; x_wconf 91' lang='lat' dir='ltr'>habe-</span> 
     </span>
    </p>
   </div>
   <div class='ocr_carea' id='block_1_59' title="bbox 164 4722 1829 4788">
    <p class='ocr_par' dir='ltr' id='par_1_59' title="bbox 164 4722 1829 4788">
     <span class='ocr_line' id='line_1_59' title="bbox 164 4722 1829 4788; baseline -0.002 -6"><span class='ocrx_word' id='word_1_402' title='bbox 164 4727 287 4788; x_wconf 86' lang='lat' dir='ltr'>bat,</span> <span class='ocrx_word' id='word_1_403' title='bbox 305 4722 632 4781; x_wconf 52' lang='lat' dir='ltr'>noun—ullis</span> <span class='ocrx_word' id='word_1_404' title='bbox 658 4722 969 4779; x_wconf 74' lang='lat' dir='ltr'>offensioni</span> <span class='ocrx_word' id='word_1_405' title='bbox 990 4722 1122 4778; x_wconf 84' lang='lat' dir='ltr'>fuit.</span> <span class='ocrx_word' id='word_1_406' title='bbox 1154 4725 1306 4788; x_wconf 85' lang='lat' dir='ltr'>Ergo</span> <span class='ocrx_word' id='word_1_407' title='bbox 1328 4722 1425 4778; x_wconf 86' lang='lat' dir='ltr'>alii</span> <span class='ocrx_word' id='word_1_408' title='bbox 1446 4739 1515 4778; x_wconf 88' lang='lat' dir='ltr'>ex</span> <span class='ocrx_word' id='word_1_409' title='bbox 1535 4725 1707 4778; x_wconf 84' lang='lat' dir='ltr'>Joan.</span> <span class='ocrx_word' id='word_1_410' title='bbox 1729 4739 1829 4788; x_wconf 86' lang='lat' dir='ltr'>xx,</span> 
     </span>
    </p>
   </div>
   <div class='ocr_carea' id='block_1_60' title="bbox 165 4793 1829 4866">
    <p class='ocr_par' dir='ltr' id='par_1_60' title="bbox 165 4793 1829 4866">
     <span class='ocr_line' id='line_1_60' title="bbox 165 4793 1829 4866; baseline -0.002 -13"><span class='ocrx_word' id='word_1_411' title='bbox 165 4800 250 4866; x_wconf 79' lang='grc'>20,</span> <span class='ocrx_word' id='word_1_412' title='bbox 284 4795 480 4860; x_wconf 71' lang='grc' dir='ltr'>ἔδειξε,</span> <span class='ocrx_word' id='word_1_413' title='bbox 514 4794 899 4866; x_wconf 85' lang='lat' dir='ltr'>subjecerunt</span> <span class='ocrx_word' id='word_1_414' title='bbox 931 4811 946 4861; x_wconf 88' lang='lat'><strong>;</strong></span> <span class='ocrx_word' id='word_1_415' title='bbox 978 4794 1074 4848; x_wconf 92' lang='lat' dir='ltr'>hic</span> <span class='ocrx_word' id='word_1_416' title='bbox 1113 4793 1351 4856; x_wconf 77' lang='grc' dir='ltr'>ὑπέδειξε</span> <span class='ocrx_word' id='word_1_417' title='bbox 1380 4794 1658 4865; x_wconf 87' lang='lat' dir='ltr'>subjecit.</span> <span class='ocrx_word' id='word_1_418' title='bbox 1698 4796 1829 4850; x_wconf 87' lang='lat' dir='ltr'>Cor-</span> 
     </span>
    </p>
   </div>
   <div class='ocr_carea' id='block_1_61' title="bbox 166 4865 1832 4940">
    <p class='ocr_par' dir='ltr' id='par_1_61' title="bbox 166 4865 1832 4940">
     <span class='ocr_line' id='line_1_61' title="bbox 166 4865 1832 4940; baseline -0.002 -17"><span class='ocrx_word' id='word_1_419' title='bbox 166 4865 515 4940; x_wconf 67' lang='lat' dir='ltr'>ruptionem</span> <span class='ocrx_word' id='word_1_420' title='bbox 567 4865 760 4935; x_wconf 89' lang='lat' dir='ltr'>prodit</span> <span class='ocrx_word' id='word_1_421' title='bbox 792 4866 1166 4938; x_wconf 89' lang='lat' dir='ltr'>Mosquensis</span> <span class='ocrx_word' id='word_1_422' title='bbox 1207 4866 1246 4920; x_wconf 83' lang='lat' dir='ltr'>f.</span> <span class='ocrx_word' id='word_1_423' title='bbox 1297 4866 1402 4936; x_wconf 90' lang='lat' dir='ltr'>qui</span> <span class='ocrx_word' id='word_1_424' title='bbox 1448 4881 1658 4921; x_wconf 87' lang='lat' dir='ltr'>rasura</span> <span class='ocrx_word' id='word_1_425' title='bbox 1701 4883 1832 4921; x_wconf 90' lang='lat' dir='ltr'>sus-</span> 
     </span>
    </p>
   </div>
   <div class='ocr_carea' id='block_1_62' title="bbox 168 4937 741 5008">
    <p class='ocr_par' dir='ltr' id='par_1_62' title="bbox 168 4937 741 5008">
     <span class='ocr_line' id='line_1_62' title="bbox 168 4937 741 5008; baseline -0.007 -14"><span class='ocrx_word' id='word_1_426' title='bbox 168 4937 292 4994; x_wconf 83' lang='lat' dir='ltr'>tulit</span> <span class='ocrx_word' id='word_1_427' title='bbox 321 4937 634 5008; x_wconf 80' lang='lat' dir='ltr'>syllabam</span> <span class='ocrx_word' id='word_1_428' title='bbox 663 4956 741 4990; x_wconf 82' lang='grc' dir='ltr'>επ.</span> 
     </span>
    </p>
   </div>
   <div class='ocr_carea' id='block_1_63' title="bbox 232 5008 1833 5080">
    <p class='ocr_par' dir='ltr' id='par_1_63' title="bbox 232 5008 1833 5080">
     <span class='ocr_line' id='line_1_63' title="bbox 232 5008 1833 5080; baseline 0.001 -16"><span class='ocrx_word' id='word_1_429' title='bbox 232 5015 312 5080; x_wconf 76' lang='lat' dir='ltr'>(zz)</span> <span class='ocrx_word' id='word_1_430' title='bbox 346 5011 461 5066; x_wconf 76' lang='lat' dir='ltr'>Mei</span> <span class='ocrx_word' id='word_1_431' title='bbox 492 5013 730 5063; x_wconf 81' lang='lat' dir='ltr'>servant</span> <span class='ocrx_word' id='word_1_432' title='bbox 763 5014 867 5062; x_wconf 79' lang='grc' dir='ltr'>σοι.</span> <span class='ocrx_word' id='word_1_433' title='bbox 904 5011 1019 5063; x_wconf 87' lang='lat' dir='ltr'>Nec</span> <span class='ocrx_word' id='word_1_434' title='bbox 1059 5008 1229 5064; x_wconf 86' lang='lat' dir='ltr'>aliter</span> <span class='ocrx_word' id='word_1_435' title='bbox 1272 5009 1453 5063; x_wconf 89' lang='lat' dir='ltr'>estin</span> <span class='ocrx_word' id='word_1_436' title='bbox 1482 5008 1833 5079; x_wconf 90' lang='lat' dir='ltr'>interpreta-</span> 
     </span>
    </p>
   </div>
   <div class='ocr_carea' id='block_1_64' title="bbox 167 5083 342 5137">
    <p class='ocr_par' dir='ltr' id='par_1_64' title="bbox 167 5083 342 5137">
     <span class='ocr_line' id='line_1_64' title="bbox 167 5083 342 5137; baseline -0.006 -1"><span class='ocrx_word' id='word_1_437' title='bbox 167 5083 342 5137; x_wconf 86' lang='lat' dir='ltr'>tione.</span> 
     </span>
    </p>
   </div>
   <div class='ocr_carea' id='block_1_65' title="bbox 233 5149 1833 5220">
    <p class='ocr_par' dir='ltr' id='par_1_65' title="bbox 233 5149 1833 5220">
     <span class='ocr_line' id='line_1_65' title="bbox 233 5149 1833 5220; baseline 0.001 -14"><span class='ocrx_word' id='word_1_438' title='bbox 233 5155 313 5220; x_wconf 78' lang='grc' dir='ltr'>(ιι)</span> <span class='ocrx_word' id='word_1_439' title='bbox 357 5149 682 5217; x_wconf 85' lang='lat' dir='ltr'>Quomodo</span> <span class='ocrx_word' id='word_1_440' title='bbox 706 5149 890 5206; x_wconf 87' lang='lat' dir='ltr'>Millio</span> <span class='ocrx_word' id='word_1_441' title='bbox 917 5150 1050 5205; x_wconf 88' lang='lat' dir='ltr'>Luc.</span> <span class='ocrx_word' id='word_1_442' title='bbox 1079 5167 1240 5218; x_wconf 65' lang='lat' dir='ltr'>xxxv,</span> <span class='ocrx_word' id='word_1_443' title='bbox 1268 5152 1319 5204; x_wconf 88' lang='grc'>1.</span> <span class='ocrx_word' id='word_1_444' title='bbox 1349 5151 1450 5205; x_wconf 88' lang='lat' dir='ltr'>Hic</span> <span class='ocrx_word' id='word_1_445' title='bbox 1479 5150 1540 5204; x_wconf 93' lang='lat' dir='ltr'>in</span> <span class='ocrx_word' id='word_1_446' title='bbox 1570 5156 1833 5207; x_wconf 88' lang='lat' dir='ltr'>mentem</span> 
     </span>
    </p>
   </div>
   <div class='ocr_carea' id='block_1_66' title="bbox 165 5220 1830 5294">
    <p class='ocr_par' dir='ltr' id='par_1_66' title="bbox 165 5220 1830 5294">
     <span class='ocr_line' id='line_1_66' title="bbox 165 5220 1830 5294; baseline 0.002 -20"><span class='ocrx_word' id='word_1_447' title='bbox 165 5225 357 5280; x_wconf 74' lang='lat' dir='ltr'>venire</span> <span class='ocrx_word' id='word_1_448' title='bbox 389 5220 671 5294; x_wconf 88' lang='lat' dir='ltr'>potuerit,</span> <span class='ocrx_word' id='word_1_449' title='bbox 702 5238 827 5278; x_wconf 90' lang='lat' dir='ltr'>non</span> <span class='ocrx_word' id='word_1_450' title='bbox 861 5221 1055 5277; x_wconf 89' lang='lat' dir='ltr'>video.</span> <span class='ocrx_word' id='word_1_451' title='bbox 1085 5222 1273 5294; x_wconf 83' lang='lat' dir='ltr'>Nimis</span> <span class='ocrx_word' id='word_1_452' title='bbox 1297 5223 1476 5291; x_wconf 89' lang='lat' dir='ltr'>longe</span> <span class='ocrx_word' id='word_1_453' title='bbox 1502 5223 1830 5294; x_wconf 88' lang='lat' dir='ltr'>repetitum.</span> 
     </span>
    </p>
   </div>
   <div class='ocr_carea' id='block_1_67' title="bbox 170 5293 1833 5376">
    <p class='ocr_par' dir='ltr' id='par_1_67' title="bbox 170 5293 1833 5376">
     <span class='ocr_line' id='line_1_67' title="bbox 170 5293 1833 5376; baseline -0.001 -26"><span class='ocrx_word' id='word_1_454' title='bbox 170 5367 179 5376; x_wconf 36' lang='lat'><strong><em>.</em></strong></span> <span class='ocrx_word' id='word_1_455' title='bbox 232 5296 313 5367; x_wconf 74' lang='grc' dir='ltr'>(ὁ)</span> <span class='ocrx_word' id='word_1_456' title='bbox 359 5293 681 5376; x_wconf 45' lang='lat' dir='ltr'>[moneam</span> <span class='ocrx_word' id='word_1_457' title='bbox 717 5294 971 5364; x_wconf 86' lang='lat' dir='ltr'>Origene</span> <span class='ocrx_word' id='word_1_458' title='bbox 1001 5297 1055 5349; x_wconf 88' lang='lat' dir='ltr'>et</span> <span class='ocrx_word' id='word_1_459' title='bbox 1087 5293 1537 5365; x_wconf 86' lang='lat' dir='ltr'>Chrysostomo,</span> <span class='ocrx_word' id='word_1_460' title='bbox 1570 5298 1634 5350; x_wconf 91' lang='lat' dir='ltr'>ut</span> <span class='ocrx_word' id='word_1_461' title='bbox 1659 5293 1833 5350; x_wconf 90' lang='lat' dir='ltr'>docui</span> 
     </span>
    </p>
   </div>
   <div class='ocr_carea' id='block_1_68' title="bbox 167 5364 722 5423">
    <p class='ocr_par' dir='ltr' id='par_1_68' title="bbox 167 5364 722 5423">
     <span class='ocr_line' id='line_1_68' title="bbox 167 5364 722 5423; baseline -0.007 0"><span class='ocrx_word' id='word_1_462' title='bbox 167 5367 220 5423; x_wconf 85' lang='lat' dir='ltr'>in</span> <span class='ocrx_word' id='word_1_463' title='bbox 262 5364 408 5422; x_wconf 85' lang='lat' dir='ltr'>mea</span> <span class='ocrx_word' id='word_1_464' title='bbox 443 5364 722 5420; x_wconf 85' lang='lat' dir='ltr'>editione.</span> 
     </span>
    </p>
   </div>
   <div class='ocr_carea' id='block_1_69' title="bbox 230 5435 1829 5508">
    <p class='ocr_par' dir='ltr' id='par_1_69' title="bbox 230 5435 1829 5508">
     <span class='ocr_line' id='line_1_69' title="bbox 230 5435 1829 5508; baseline -0.003 -13"><span class='ocrx_word' id='word_1_465' title='bbox 230 5441 285 5508; x_wconf 78' lang='grc' dir='ltr'>ς)</span> <span class='ocrx_word' id='word_1_466' title='bbox 304 5435 752 5508; x_wconf 19' lang='grc' dir='ltr'>Εοόεωᾼῑηοᾱο</span> <span class='ocrx_word' id='word_1_467' title='bbox 781 5439 942 5496; x_wconf 73' lang='grc' dir='ltr'>οὕτως</span> <span class='ocrx_word' id='word_1_468' title='bbox 968 5435 1348 5508; x_wconf 70' lang='lat' dir='ltr'>excluserunt</span> <span class='ocrx_word' id='word_1_469' title='bbox 1377 5435 1667 5508; x_wconf 87' lang='lat' dir='ltr'>nonnulli,</span> <span class='ocrx_word' id='word_1_470' title='bbox 1692 5451 1829 5508; x_wconf 85' lang='lat' dir='ltr'>cap.</span> 
     </span>
    </p>
   </div>
   <div class='ocr_carea' id='block_1_70' title="bbox 168 5503 1830 5567">
    <p class='ocr_par' dir='ltr' id='par_1_70' title="bbox 168 5503 1830 5567">
     <span class='ocr_line' id='line_1_70' title="bbox 168 5503 1830 5567; baseline 0 -5"><span class='ocrx_word' id='word_1_471' title='bbox 168 5511 212 5565; x_wconf 76' lang='grc'>4.</span> <span class='ocrx_word' id='word_1_472' title='bbox 232 5503 392 5565; x_wconf 82' lang='lat' dir='ltr'>vers.</span> <span class='ocrx_word' id='word_1_473' title='bbox 426 5506 604 5563; x_wconf 84' lang='lat' dir='ltr'>6.Alii</span> <span class='ocrx_word' id='word_1_474' title='bbox 625 5508 918 5564; x_wconf 89' lang='lat' dir='ltr'>dederunt</span> <span class='ocrx_word' id='word_1_475' title='bbox 945 5503 1109 5567; x_wconf 71' lang='grc' dir='ltr'>οὗτος.</span> <span class='ocrx_word' id='word_1_476' title='bbox 1139 5508 1230 5563; x_wconf 89' lang='lat' dir='ltr'>Sic</span> <span class='ocrx_word' id='word_1_477' title='bbox 1251 5508 1385 5563; x_wconf 90' lang='lat' dir='ltr'>vide</span> <span class='ocrx_word' id='word_1_478' title='bbox 1416 5503 1830 5562; x_wconf 84' lang='lat' dir='ltr'>Werts.Birch.</span> 
     </span>
    </p>
   </div>
   <div class='ocr_carea' id='block_1_71' title="bbox 231 5580 1834 5650">
    <p class='ocr_par' dir='ltr' id='par_1_71' title="bbox 231 5580 1834 5650">
     <span class='ocr_line' id='line_1_71' title="bbox 231 5580 1834 5650; baseline 0.001 -16"><span class='ocrx_word' id='word_1_479' title='bbox 231 5583 310 5650; x_wconf 75' lang='grc' dir='ltr'>(ἀ)</span> <span class='ocrx_word' id='word_1_480' title='bbox 364 5581 575 5636; x_wconf 78' lang='lat' dir='ltr'>Servat</span> <span class='ocrx_word' id='word_1_481' title='bbox 627 5584 878 5649; x_wconf 89' lang='lat' dir='ltr'>uterque</span> <span class='ocrx_word' id='word_1_482' title='bbox 930 5595 1100 5634; x_wconf 89' lang='lat' dir='ltr'>meus</span> <span class='ocrx_word' id='word_1_483' title='bbox 1152 5588 1245 5649; x_wconf 75' lang='grc' dir='ltr'>σῷ.</span> <span class='ocrx_word' id='word_1_484' title='bbox 1282 5580 1394 5636; x_wconf 83' lang='lat' dir='ltr'>Sed</span> <span class='ocrx_word' id='word_1_485' title='bbox 1441 5587 1513 5648; x_wconf 78' lang='grc' dir='ltr'>σῷ</span> <span class='ocrx_word' id='word_1_486' title='bbox 1557 5581 1834 5635; x_wconf 89' lang='lat' dir='ltr'>omittunt</span> 
     </span>
    </p>
   </div>
   <div class='ocr_carea' id='block_1_72' title="bbox 168 5650 1833 5725">
    <p class='ocr_par' dir='ltr' id='par_1_72' title="bbox 168 5650 1833 5725">
     <span class='ocr_line' id='line_1_72' title="bbox 168 5650 1833 5725; baseline -0.003 -16"><span class='ocrx_word' id='word_1_487' title='bbox 168 5654 394 5709; x_wconf 81' lang='lat' dir='ltr'>codices</span> <span class='ocrx_word' id='word_1_488' title='bbox 431 5654 816 5725; x_wconf 77' lang='lat' dir='ltr'>Mosquenses</span> <span class='ocrx_word' id='word_1_489' title='bbox 843 5665 982 5704; x_wconf 90' lang='lat' dir='ltr'>cum</span> <span class='ocrx_word' id='word_1_490' title='bbox 1007 5650 1272 5715; x_wconf 77' lang='lat' dir='ltr'>scholus,</span> <span class='ocrx_word' id='word_1_491' title='bbox 1296 5651 1354 5706; x_wconf 85' lang='lat' dir='ltr'>d.</span> <span class='ocrx_word' id='word_1_492' title='bbox 1382 5651 1467 5715; x_wconf 88' lang='grc'>10,</span> <span class='ocrx_word' id='word_1_493' title='bbox 1493 5651 1833 5721; x_wconf 88' lang='lat' dir='ltr'>cujusmodi</span> 
     </span>
    </p>
   </div>
   <div class='ocr_carea' id='block_1_73' title="bbox 383 5737 1111 5798">
    <p class='ocr_par' dir='ltr' id='par_1_73' title="bbox 383 5737 1111 5798">
     <span class='ocr_line' id='line_1_73' title="bbox 383 5737 1111 5798; baseline -0.001 -2"><span class='ocrx_word' id='word_1_494' title='bbox 383 5742 630 5798; x_wconf 72' lang='lat' dir='ltr'>PATBOL.</span> <span class='ocrx_word' id='word_1_495' title='bbox 682 5741 800 5795; x_wconf 83' lang='lat' dir='ltr'>Gn.</span> <span class='ocrx_word' id='word_1_496' title='bbox 851 5737 1111 5795; x_wconf 76' lang='lat' dir='ltr'>CXXIX.</span> 
     </span>
    </p>
   </div>
   <div class='ocr_carea' id='block_1_74' title="bbox 2035 1303 3618 1386">
    <p class='ocr_par' dir='ltr' id='par_1_74' title="bbox 2035 1303 3618 1386">
     <span class='ocr_line' id='line_1_74' title="bbox 2035 1303 3618 1386; baseline 0.003 -27"><span class='ocrx_word' id='word_1_497' title='bbox 2035 1303 2101 1359; x_wconf 86' lang='grc' dir='ltr'>Ἥ</span> <span class='ocrx_word' id='word_1_498' title='bbox 2134 1306 2267 1376; x_wconf 89' lang='lat' dir='ltr'>(pro</span> <span class='ocrx_word' id='word_1_499' title='bbox 2303 1323 2427 1378; x_wconf 91' lang='lat' dir='ltr'>quo</span> <span class='ocrx_word' id='word_1_500' title='bbox 2471 1309 2531 1363; x_wconf 93' lang='lat' dir='ltr'>in</span> <span class='ocrx_word' id='word_1_501' title='bbox 2577 1310 2735 1366; x_wconf 85' lang='lat' dir='ltr'>Edd.</span> <span class='ocrx_word' id='word_1_502' title='bbox 2787 1317 2894 1380; x_wconf 78' lang='grc' dir='ltr'>καὶ,</span> <span class='ocrx_word' id='word_1_503' title='bbox 2944 1326 3014 1365; x_wconf 79' lang='lat' dir='ltr'>ex</span> <span class='ocrx_word' id='word_1_504' title='bbox 3066 1312 3292 1382; x_wconf 84' lang='lat' dir='ltr'>Matth.)</span> <span class='ocrx_word' id='word_1_505' title='bbox 3334 1321 3428 1372; x_wconf 84' lang='grc' dir='ltr'>τῆς</span> <span class='ocrx_word' id='word_1_506' title='bbox 3477 1313 3618 1386; x_wconf 82' lang='grc' dir='ltr'>ὠρας</span> 
     </span>
    </p>
   </div>
   <div class='ocr_carea' id='block_1_75' title="bbox 1963 1393 3159 1469">
    <p class='ocr_par' dir='ltr' id='par_1_75' title="bbox 1963 1393 3159 1469">
     <span class='ocr_line' id='line_1_75' title="bbox 1963 1393 3159 1469; baseline 0.006 -23"><span class='ocrx_word' id='word_1_507' title='bbox 1963 1395 2049 1458; x_wconf 87' lang='grc'>13,</span> <span class='ocrx_word' id='word_1_508' title='bbox 2082 1393 2169 1457; x_wconf 89' lang='grc'>32,</span> <span class='ocrx_word' id='word_1_509' title='bbox 2203 1398 2413 1464; x_wconf 86' lang='lat' dir='ltr'>Magna</span> <span class='ocrx_word' id='word_1_510' title='bbox 2439 1397 2533 1451; x_wconf 86' lang='lat' dir='ltr'>vis</span> <span class='ocrx_word' id='word_1_511' title='bbox 2565 1397 2863 1463; x_wconf 89' lang='lat' dir='ltr'>codicum,</span> <span class='ocrx_word' id='word_1_512' title='bbox 2906 1403 2963 1454; x_wconf 90' lang='lat' dir='ltr'>et</span> <span class='ocrx_word' id='word_1_513' title='bbox 2999 1399 3159 1469; x_wconf 87' lang='lat' dir='ltr'>Vulg.</span> 
     </span>
    </p>
   </div>
   <div class='ocr_carea' id='block_1_76' title="bbox 2029 1489 3615 1568">
    <p class='ocr_par' dir='ltr' id='par_1_76' title="bbox 2029 1489 3615 1568">
     <span class='ocr_line' id='line_1_76' title="bbox 2029 1489 3615 1568; baseline 0.008 -26"><span class='ocrx_word' id='word_1_514' title='bbox 2029 1489 2392 1566; x_wconf 67' lang='grc' dir='ltr'>Ἐστρωμὲνονσ</span> <span class='ocrx_word' id='word_1_515' title='bbox 2423 1499 2527 1546; x_wconf 80' lang='grc' dir='ltr'>ἐκεῖ</span> <span class='ocrx_word' id='word_1_516' title='bbox 2557 1495 2886 1566; x_wconf 72' lang='grc' dir='ltr'>ἑτοιμάσατε.</span> <span class='ocrx_word' id='word_1_517' title='bbox 2925 1501 3008 1561; x_wconf 82' lang='grc'>14,</span> <span class='ocrx_word' id='word_1_518' title='bbox 3053 1499 3140 1551; x_wconf 81' lang='grc'>15.</span> <span class='ocrx_word' id='word_1_519' title='bbox 3177 1499 3344 1555; x_wconf 84' lang='lat' dir='ltr'>Alex.</span> <span class='ocrx_word' id='word_1_520' title='bbox 3396 1503 3452 1553; x_wconf 88' lang='lat' dir='ltr'>et</span> <span class='ocrx_word' id='word_1_521' title='bbox 3481 1514 3615 1568; x_wconf 88' lang='lat' dir='ltr'>pro-</span> 
     </span>
    </p>
   </div>
   <div class='ocr_carea' id='block_1_77' title="bbox 1957 1578 3615 1656">
    <p class='ocr_par' dir='ltr' id='par_1_77' title="bbox 1957 1578 3615 1656">
     <span class='ocr_line' id='line_1_77' title="bbox 1957 1578 3615 1656; baseline 0.005 -23"><span class='ocrx_word' id='word_1_522' title='bbox 1957 1578 2218 1635; x_wconf 89' lang='lat' dir='ltr'>batiores</span> <span class='ocrx_word' id='word_1_523' title='bbox 2272 1581 2349 1636; x_wconf 89' lang='lat' dir='ltr'>al.</span> <span class='ocrx_word' id='word_1_524' title='bbox 2409 1587 2466 1638; x_wconf 87' lang='lat' dir='ltr'>et</span> <span class='ocrx_word' id='word_1_525' title='bbox 2531 1584 2769 1655; x_wconf 89' lang='lat' dir='ltr'>quidem</span> <span class='ocrx_word' id='word_1_526' title='bbox 2835 1585 3138 1656; x_wconf 85' lang='lat' dir='ltr'>exemplar</span> <span class='ocrx_word' id='word_1_527' title='bbox 3188 1587 3440 1655; x_wconf 87' lang='lat' dir='ltr'>Vulgati.</span> <span class='ocrx_word' id='word_1_528' title='bbox 3495 1588 3615 1642; x_wconf 92' lang='lat' dir='ltr'>Nec</span> 
     </span>
    </p>
   </div>
   <div class='ocr_carea' id='block_1_78' title="bbox 1958 1667 3615 1748">
    <p class='ocr_par' dir='ltr' id='par_1_78' title="bbox 1958 1667 3615 1748">
     <span class='ocr_line' id='line_1_78' title="bbox 1958 1667 3615 1748; baseline 0.005 -25"><span class='ocrx_word' id='word_1_529' title='bbox 1958 1667 2126 1724; x_wconf 86' lang='lat' dir='ltr'>aliter</span> <span class='ocrx_word' id='word_1_530' title='bbox 2155 1670 2364 1735; x_wconf 91' lang='lat' dir='ltr'>Lucas,</span> <span class='ocrx_word' id='word_1_531' title='bbox 2393 1673 2563 1726; x_wconf 87' lang='lat' dir='ltr'>Marci</span> <span class='ocrx_word' id='word_1_532' title='bbox 2596 1678 2871 1730; x_wconf 86' lang='lat' dir='ltr'>sectator.</span> <span class='ocrx_word' id='word_1_533' title='bbox 2907 1673 3165 1730; x_wconf 88' lang='lat' dir='ltr'>Medium</span> <span class='ocrx_word' id='word_1_534' title='bbox 3192 1676 3413 1746; x_wconf 79' lang='grc' dir='ltr'>ἔτοιμον,</span> <span class='ocrx_word' id='word_1_535' title='bbox 3447 1677 3615 1748; x_wconf 91' lang='lat' dir='ltr'>quod</span> 
     </span>
    </p>
   </div>
   <div class='ocr_carea' id='block_1_79' title="bbox 1956 1757 3615 1834">
    <p class='ocr_par' dir='ltr' id='par_1_79' title="bbox 1956 1757 3615 1834">
     <span class='ocr_line' id='line_1_79' title="bbox 1956 1757 3615 1834; baseline 0.006 -24"><span class='ocrx_word' id='word_1_536' title='bbox 1956 1757 2018 1811; x_wconf 89' lang='lat' dir='ltr'>in</span> <span class='ocrx_word' id='word_1_537' title='bbox 2049 1757 2284 1822; x_wconf 88' lang='lat' dir='ltr'>nostris,</span> <span class='ocrx_word' id='word_1_538' title='bbox 2331 1759 2642 1831; x_wconf 83' lang='lat' dir='ltr'>explicatio</span> <span class='ocrx_word' id='word_1_539' title='bbox 2690 1767 2815 1818; x_wconf 90' lang='lat' dir='ltr'>erat</span> <span class='ocrx_word' id='word_1_540' title='bbox 2851 1771 2944 1814; x_wconf 75' lang='grc' dir='ltr'><em>τοῦ</em></span> <span class='ocrx_word' id='word_1_541' title='bbox 2975 1767 3311 1834; x_wconf 77' lang='grc' dir='ltr'>ἐστρωμένον,</span> <span class='ocrx_word' id='word_1_542' title='bbox 3360 1764 3419 1818; x_wconf 90' lang='lat' dir='ltr'>in</span> <span class='ocrx_word' id='word_1_543' title='bbox 3461 1780 3615 1820; x_wconf 87' lang='lat' dir='ltr'>mar-</span> 
     </span>
    </p>
   </div>
   <div class='ocr_carea' id='block_1_80' title="bbox 1958 1845 3613 1924">
    <p class='ocr_par' dir='ltr' id='par_1_80' title="bbox 1958 1845 3613 1924">
     <span class='ocr_line' id='line_1_80' title="bbox 1958 1845 3613 1924; baseline 0.006 -24"><span class='ocrx_word' id='word_1_544' title='bbox 1958 1845 2096 1916; x_wconf 90' lang='lat' dir='ltr'>gine</span> <span class='ocrx_word' id='word_1_545' title='bbox 2126 1848 2334 1917; x_wconf 90' lang='lat' dir='ltr'>posita,</span> <span class='ocrx_word' id='word_1_546' title='bbox 2365 1847 2617 1920; x_wconf 86' lang='lat' dir='ltr'>indeque</span> <span class='ocrx_word' id='word_1_547' title='bbox 2662 1851 2951 1908; x_wconf 89' lang='lat' dir='ltr'>translata</span> <span class='ocrx_word' id='word_1_548' title='bbox 3007 1868 3044 1908; x_wconf 89' lang='lat' dir='ltr'>a</span> <span class='ocrx_word' id='word_1_549' title='bbox 3088 1853 3288 1909; x_wconf 90' lang='lat' dir='ltr'>scriba</span> <span class='ocrx_word' id='word_1_550' title='bbox 3325 1854 3613 1924; x_wconf 89' lang='lat' dir='ltr'>quopiam</span> 
     </span>
    </p>
   </div>
   <div class='ocr_carea' id='block_1_81' title="bbox 1955 1935 2636 2009">
    <p class='ocr_par' dir='ltr' id='par_1_81' title="bbox 1955 1935 2636 2009">
     <span class='ocr_line' id='line_1_81' title="bbox 1955 1935 2636 2009; baseline 0 -19"><span class='ocrx_word' id='word_1_551' title='bbox 1955 1937 2018 1990; x_wconf 91' lang='lat' dir='ltr'>in</span> <span class='ocrx_word' id='word_1_552' title='bbox 2049 1935 2311 1992; x_wconf 88' lang='lat' dir='ltr'>mediam</span> <span class='ocrx_word' id='word_1_553' title='bbox 2341 1938 2636 2009; x_wconf 86' lang='lat' dir='ltr'>paginam.</span> 
     </span>
    </p>
   </div>
   <div class='ocr_carea' id='block_1_82' title="bbox 2030 2035 3606 2110">
    <p class='ocr_par' dir='ltr' id='par_1_82' title="bbox 2030 2035 3606 2110">
     <span class='ocr_line' id='line_1_82' title="bbox 2030 2035 3606 2110; baseline 0.007 -24"><span class='ocrx_word' id='word_1_554' title='bbox 2030 2039 2131 2086; x_wconf 81' lang='grc' dir='ltr'>Καὶ</span> <span class='ocrx_word' id='word_1_555' title='bbox 2177 2040 2248 2106; x_wconf 83' lang='grc' dir='ltr'>μὴ</span> <span class='ocrx_word' id='word_1_556' title='bbox 2284 2035 2512 2107; x_wconf 73' lang='grc' dir='ltr'>εὐρὸντες</span> <span class='ocrx_word' id='word_1_557' title='bbox 2540 2042 2695 2099; x_wconf 87' lang='grc' dir='ltr'>ποίας</span> <span class='ocrx_word' id='word_1_558' title='bbox 2733 2042 3092 2110; x_wconf 71' lang='grc' dir='ltr'>εἰσενέγκωσιν</span> <span class='ocrx_word' id='word_1_559' title='bbox 3133 2039 3308 2091; x_wconf 72' lang='grc' dir='ltr'>αὐτόν.</span> <span class='ocrx_word' id='word_1_560' title='bbox 3363 2041 3496 2096; x_wconf 88' lang='lat' dir='ltr'>LUC.</span> <span class='ocrx_word' id='word_1_561' title='bbox 3557 2047 3606 2106; x_wconf 82' lang='grc'>5,</span> 
     </span>
    </p>
   </div>
   <div class='ocr_carea' id='block_1_83' title="bbox 1956 2124 3604 2200">
    <p class='ocr_par' dir='ltr' id='par_1_83' title="bbox 1956 2124 3604 2200">
     <span class='ocr_line' id='line_1_83' title="bbox 1956 2124 3604 2200; baseline 0.003 -22"><span class='ocrx_word' id='word_1_562' title='bbox 1956 2124 2048 2178; x_wconf 87' lang='grc'>19.</span> <span class='ocrx_word' id='word_1_563' title='bbox 2085 2125 2170 2180; x_wconf 88' lang='lat' dir='ltr'>Ita</span> <span class='ocrx_word' id='word_1_564' title='bbox 2199 2140 2230 2178; x_wconf 91' lang='lat' dir='ltr'>e</span> <span class='ocrx_word' id='word_1_565' title='bbox 2259 2125 2677 2197; x_wconf 89' lang='lat' dir='ltr'>Stephanianis</span> <span class='ocrx_word' id='word_1_566' title='bbox 2704 2127 2965 2197; x_wconf 89' lang='lat' dir='ltr'>plurimi,</span> <span class='ocrx_word' id='word_1_567' title='bbox 2989 2128 3242 2200; x_wconf 88' lang='lat' dir='ltr'>aliisque</span> <span class='ocrx_word' id='word_1_568' title='bbox 3264 2129 3604 2200; x_wconf 84' lang='lat' dir='ltr'>probatiori-</span> 
     </span>
    </p>
   </div>
   <div class='ocr_carea' id='block_1_84' title="bbox 1953 2210 3611 2288">
    <p class='ocr_par' dir='ltr' id='par_1_84' title="bbox 1953 2210 3611 2288">
     <span class='ocr_line' id='line_1_84' title="bbox 1953 2210 3611 2288; baseline 0.003 -20"><span class='ocrx_word' id='word_1_569' title='bbox 1953 2212 2086 2276; x_wconf 89' lang='lat' dir='ltr'>bus,</span> <span class='ocrx_word' id='word_1_570' title='bbox 2120 2212 2281 2268; x_wconf 83' lang='lat' dir='ltr'>Alex.</span> <span class='ocrx_word' id='word_1_571' title='bbox 2317 2215 2477 2269; x_wconf 84' lang='lat' dir='ltr'>Cant.</span> <span class='ocrx_word' id='word_1_572' title='bbox 2513 2210 2607 2266; x_wconf 75' lang='grc' dir='ltr'>διὰ</span> <span class='ocrx_word' id='word_1_573' title='bbox 2634 2220 2808 2282; x_wconf 82' lang='grc' dir='ltr'>ποίας,</span> <span class='ocrx_word' id='word_1_574' title='bbox 2843 2217 3004 2288; x_wconf 90' lang='lat' dir='ltr'>quod</span> <span class='ocrx_word' id='word_1_575' title='bbox 3043 2216 3106 2270; x_wconf 89' lang='lat' dir='ltr'>in</span> <span class='ocrx_word' id='word_1_576' title='bbox 3149 2217 3380 2272; x_wconf 84' lang='lat' dir='ltr'>excusis</span> <span class='ocrx_word' id='word_1_577' title='bbox 3407 2217 3611 2288; x_wconf 91' lang='lat' dir='ltr'>pleris-</span> 
     </span>
    </p>
   </div>
   <div class='ocr_carea' id='block_1_85' title="bbox 1955 2303 3162 2374">
    <p class='ocr_par' dir='ltr' id='par_1_85' title="bbox 1955 2303 3162 2374">
     <span class='ocr_line' id='line_1_85' title="bbox 1955 2303 3162 2374; baseline 0.002 -18"><span class='ocrx_word' id='word_1_578' title='bbox 1955 2317 2084 2372; x_wconf 89' lang='lat' dir='ltr'>que,</span> <span class='ocrx_word' id='word_1_579' title='bbox 2117 2304 2204 2356; x_wconf 90' lang='lat' dir='ltr'>est</span> <span class='ocrx_word' id='word_1_580' title='bbox 2233 2303 2500 2373; x_wconf 83' lang='lat' dir='ltr'>genuinae</span> <span class='ocrx_word' id='word_1_581' title='bbox 2530 2303 2803 2360; x_wconf 91' lang='lat' dir='ltr'>lectionis</span> <span class='ocrx_word' id='word_1_582' title='bbox 2829 2304 3162 2374; x_wconf 84' lang='lat' dir='ltr'>explicatio.</span> 
     </span>
    </p>
   </div>
   <div class='ocr_carea' id='block_1_86' title="bbox 2024 2401 3606 2475">
    <p class='ocr_par' dir='ltr' id='par_1_86' title="bbox 2024 2401 3606 2475">
     <span class='ocr_line' id='line_1_86' title="bbox 2024 2401 3606 2475; baseline 0.004 -24"><span class='ocrx_word' id='word_1_583' title='bbox 2024 2401 2201 2452; x_wconf 77' lang='grc' dir='ltr'>Πάντα</span> <span class='ocrx_word' id='word_1_584' title='bbox 2226 2402 2291 2452; x_wconf 81' lang='grc' dir='ltr'>τὰ</span> <span class='ocrx_word' id='word_1_585' title='bbox 2305 2405 2601 2472; x_wconf 63' lang='grc' dir='ltr'>γεννήματα</span> <span class='ocrx_word' id='word_1_586' title='bbox 2621 2421 2742 2474; x_wconf 82' lang='grc' dir='ltr'>μου.</span> <span class='ocrx_word' id='word_1_587' title='bbox 2769 2403 2854 2467; x_wconf 80' lang='grc'>12,</span> <span class='ocrx_word' id='word_1_588' title='bbox 2881 2403 2967 2456; x_wconf 87' lang='grc'>18.</span> <span class='ocrx_word' id='word_1_589' title='bbox 3002 2403 3087 2458; x_wconf 89' lang='lat' dir='ltr'>lta</span> <span class='ocrx_word' id='word_1_590' title='bbox 3109 2403 3456 2475; x_wconf 74' lang='lat' dir='ltr'>simpliciter</span> <span class='ocrx_word' id='word_1_591' title='bbox 3479 2405 3606 2460; x_wconf 84' lang='lat' dir='ltr'>Lin.</span> 
     </span>
    </p>
   </div>
   <div class='ocr_carea' id='block_1_87' title="bbox 1951 2488 3608 2573">
    <p class='ocr_par' dir='ltr' id='par_1_87' title="bbox 1951 2488 3608 2573">
     <span class='ocr_line' id='line_1_87' title="bbox 1951 2488 3608 2573; baseline 0.004 -30"><span class='ocrx_word' id='word_1_592' title='bbox 1951 2491 2008 2544; x_wconf 87' lang='lat' dir='ltr'>et</span> <span class='ocrx_word' id='word_1_593' title='bbox 2045 2488 2215 2544; x_wconf 88' lang='lat' dir='ltr'>Cant.</span> <span class='ocrx_word' id='word_1_594' title='bbox 2275 2493 2332 2544; x_wconf 90' lang='lat' dir='ltr'>et</span> <span class='ocrx_word' id='word_1_595' title='bbox 2382 2490 2556 2559; x_wconf 85' lang='lat' dir='ltr'>Vulg.</span> <span class='ocrx_word' id='word_1_596' title='bbox 2611 2491 2796 2556; x_wconf 91' lang='lat' dir='ltr'>initio,</span> <span class='ocrx_word' id='word_1_597' title='bbox 2847 2494 2912 2547; x_wconf 91' lang='lat' dir='ltr'>ut</span> <span class='ocrx_word' id='word_1_598' title='bbox 2966 2491 3220 2548; x_wconf 90' lang='lat' dir='ltr'>videtur.</span> <span class='ocrx_word' id='word_1_599' title='bbox 3271 2495 3608 2573; x_wconf 60' lang='lat' dir='ltr'>Sequentia,</span> 
     </span>
    </p>
   </div>
   <div class='ocr_carea' id='block_1_88' title="bbox 1949 2577 3609 2652">
    <p class='ocr_par' dir='ltr' id='par_1_88' title="bbox 1949 2577 3609 2652">
     <span class='ocr_line' id='line_1_88' title="bbox 1949 2577 3609 2652; baseline 0.004 -20"><span class='ocrx_word' id='word_1_600' title='bbox 1949 2577 2032 2649; x_wconf 84' lang='lat' dir='ltr'>(b)</span> <span class='ocrx_word' id='word_1_601' title='bbox 2056 2583 2144 2630; x_wconf 80' lang='grc' dir='ltr'>καὶ</span> <span class='ocrx_word' id='word_1_602' title='bbox 2173 2581 2239 2629; x_wconf 80' lang='grc' dir='ltr'>τὰ</span> <span class='ocrx_word' id='word_1_603' title='bbox 2268 2580 2444 2650; x_wconf 70' lang='grc' dir='ltr'>ἀγαθοί</span> <span class='ocrx_word' id='word_1_604' title='bbox 2475 2599 2595 2650; x_wconf 82' lang='grc' dir='ltr'>μου,</span> <span class='ocrx_word' id='word_1_605' title='bbox 2627 2578 2892 2651; x_wconf 82' lang='lat' dir='ltr'>ascripta</span> <span class='ocrx_word' id='word_1_606' title='bbox 2923 2581 3188 2652; x_wconf 87' lang='lat' dir='ltr'>primum</span> <span class='ocrx_word' id='word_1_607' title='bbox 3219 2582 3297 2636; x_wconf 88' lang='lat' dir='ltr'>ad</span> <span class='ocrx_word' id='word_1_608' title='bbox 3338 2598 3533 2652; x_wconf 86' lang='lat' dir='ltr'>marg.</span> <span class='ocrx_word' id='word_1_609' title='bbox 3576 2599 3609 2638; x_wconf 89' lang='lat' dir='ltr'>e</span> 
     </span>
    </p>
   </div>
   <div class='ocr_carea' id='block_1_89' title="bbox 1947 2667 3609 2741">
    <p class='ocr_par' dir='ltr' id='par_1_89' title="bbox 1947 2667 3609 2741">
     <span class='ocr_line' id='line_1_89' title="bbox 1947 2667 3609 2741; baseline 0.004 -19"><span class='ocrx_word' id='word_1_610' title='bbox 1947 2681 2121 2722; x_wconf 88' lang='lat' dir='ltr'>versu</span> <span class='ocrx_word' id='word_1_611' title='bbox 2149 2667 2421 2738; x_wconf 85' lang='lat' dir='ltr'>proxime</span> <span class='ocrx_word' id='word_1_612' title='bbox 2453 2674 2757 2740; x_wconf 87' lang='lat' dir='ltr'>sequente,</span> <span class='ocrx_word' id='word_1_613' title='bbox 2790 2669 3080 2741; x_wconf 89' lang='lat' dir='ltr'>irrepsere</span> <span class='ocrx_word' id='word_1_614' title='bbox 3108 2687 3251 2725; x_wconf 87' lang='lat' dir='ltr'>mox</span> <span class='ocrx_word' id='word_1_615' title='bbox 3282 2671 3339 2725; x_wconf 88' lang='lat' dir='ltr'>in</span> <span class='ocrx_word' id='word_1_616' title='bbox 3371 2677 3609 2728; x_wconf 88' lang='lat' dir='ltr'>contex-</span> 
     </span>
    </p>
   </div>
   <div class='ocr_carea' id='block_1_90' title="bbox 1946 2757 3326 2830">
    <p class='ocr_par' dir='ltr' id='par_1_90' title="bbox 1946 2757 3326 2830">
     <span class='ocr_line' id='line_1_90' title="bbox 1946 2757 3326 2830; baseline 0.001 -20"><span class='ocrx_word' id='word_1_617' title='bbox 1946 2759 2096 2822; x_wconf 89' lang='lat' dir='ltr'>tum,</span> <span class='ocrx_word' id='word_1_618' title='bbox 2129 2761 2185 2812; x_wconf 91' lang='lat' dir='ltr'>et</span> <span class='ocrx_word' id='word_1_619' title='bbox 2213 2757 2451 2812; x_wconf 90' lang='lat' dir='ltr'>codices</span> <span class='ocrx_word' id='word_1_620' title='bbox 2477 2757 2605 2827; x_wconf 90' lang='lat' dir='ltr'>jam</span> <span class='ocrx_word' id='word_1_621' title='bbox 2637 2758 2968 2814; x_wconf 88' lang='lat' dir='ltr'>universim</span> <span class='ocrx_word' id='word_1_622' title='bbox 3009 2765 3326 2830; x_wconf 88' lang='lat' dir='ltr'>occupant.</span> 
     </span>
    </p>
   </div>
   <div class='ocr_carea' id='block_1_91' title="bbox 2019 2853 3597 2931">
    <p class='ocr_par' dir='ltr' id='par_1_91' title="bbox 2019 2853 3597 2931">
     <span class='ocr_line' id='line_1_91' title="bbox 2019 2853 3597 2931; baseline 0.006 -26"><span class='ocrx_word' id='word_1_623' title='bbox 2019 2853 2141 2905; x_wconf 79' lang='grc' dir='ltr'>’Υπὸ</span> <span class='ocrx_word' id='word_1_624' title='bbox 2195 2857 2494 2927; x_wconf 77' lang='grc' dir='ltr'>πνευμάτων</span> <span class='ocrx_word' id='word_1_625' title='bbox 2557 2859 2864 2928; x_wconf 70' lang='grc' dir='ltr'>ἀκαθάρτων</span> <span class='ocrx_word' id='word_1_626' title='bbox 2931 2856 3316 2931; x_wconf 49' lang='lat' dir='ltr'>sequaci-reuere.</span> <span class='ocrx_word' id='word_1_627' title='bbox 3376 2864 3426 2922; x_wconf 86' lang='lat'>6,</span> <span class='ocrx_word' id='word_1_628' title='bbox 3501 2860 3597 2915; x_wconf 85' lang='lat'>88.</span> 
     </span>
    </p>
   </div>
   <div class='ocr_carea' id='block_1_92' title="bbox 1946 2942 3608 3017">
    <p class='ocr_par' dir='ltr' id='par_1_92' title="bbox 1946 2942 3608 3017">
     <span class='ocr_line' id='line_1_92' title="bbox 1946 2942 3608 3017; baseline 0.002 -21"><span class='ocrx_word' id='word_1_629' title='bbox 1946 2942 2108 2998; x_wconf 83' lang='lat' dir='ltr'>Alex.</span> <span class='ocrx_word' id='word_1_630' title='bbox 2143 2948 2199 2999; x_wconf 89' lang='lat' dir='ltr'>et</span> <span class='ocrx_word' id='word_1_631' title='bbox 2225 2945 2395 3002; x_wconf 91' lang='lat' dir='ltr'>code.</span> <span class='ocrx_word' id='word_1_632' title='bbox 2423 2943 2499 2999; x_wconf 87' lang='lat' dir='ltr'>al.</span> <span class='ocrx_word' id='word_1_633' title='bbox 2534 2944 2706 3013; x_wconf 91' lang='lat' dir='ltr'>Vulg.</span> <span class='ocrx_word' id='word_1_634' title='bbox 2743 2945 2998 3017; x_wconf 72' lang='lat' dir='ltr'>fEthiOp.</span> <span class='ocrx_word' id='word_1_635' title='bbox 3023 2948 3272 3002; x_wconf 91' lang='lat' dir='ltr'>omnino</span> <span class='ocrx_word' id='word_1_636' title='bbox 3294 2951 3470 3003; x_wconf 89' lang='lat' dir='ltr'>recte.</span> <span class='ocrx_word' id='word_1_637' title='bbox 3509 2952 3608 3000; x_wconf 82' lang='grc' dir='ltr'>Καὶ</span> 
     </span>
    </p>
   </div>
   <div class='ocr_carea' id='block_1_93' title="bbox 1945 3032 3606 3107">
    <p class='ocr_par' dir='ltr' id='par_1_93' title="bbox 1945 3032 3606 3107">
     <span class='ocr_line' id='line_1_93' title="bbox 1945 3032 3606 3107; baseline 0.004 -21"><span class='ocrx_word' id='word_1_638' title='bbox 1945 3035 2155 3102; x_wconf 90' lang='lat' dir='ltr'>postea</span> <span class='ocrx_word' id='word_1_639' title='bbox 2184 3032 2473 3088; x_wconf 89' lang='lat' dir='ltr'>insertum</span> <span class='ocrx_word' id='word_1_640' title='bbox 2505 3038 2650 3095; x_wconf 82' lang='lat' dir='ltr'>erat,</span> <span class='ocrx_word' id='word_1_641' title='bbox 2682 3037 2816 3089; x_wconf 87' lang='lat' dir='ltr'>ante</span> <span class='ocrx_word' id='word_1_642' title='bbox 2857 3032 3241 3106; x_wconf 78' lang='grc' dir='ltr'>ἐθεραπεύοντο,</span> <span class='ocrx_word' id='word_1_643' title='bbox 3275 3043 3337 3090; x_wconf 90' lang='lat' dir='ltr'>ut</span> <span class='ocrx_word' id='word_1_644' title='bbox 3378 3037 3505 3107; x_wconf 88' lang='lat' dir='ltr'>jam</span> <span class='ocrx_word' id='word_1_645' title='bbox 3545 3037 3606 3093; x_wconf 89' lang='lat' dir='ltr'>in</span> 
     </span>
    </p>
   </div>
   <div class='ocr_carea' id='block_1_94' title="bbox 1945 3119 3610 3192">
    <p class='ocr_par' dir='ltr' id='par_1_94' title="bbox 1945 3119 3610 3192">
     <span class='ocr_line' id='line_1_94' title="bbox 1945 3119 3610 3192; baseline 0.004 -18"><span class='ocrx_word' id='word_1_646' title='bbox 1945 3119 2138 3185; x_wconf 85' lang='lat' dir='ltr'>editis,</span> <span class='ocrx_word' id='word_1_647' title='bbox 2172 3120 2250 3175; x_wconf 90' lang='lat' dir='ltr'>ad</span> <span class='ocrx_word' id='word_1_648' title='bbox 2276 3119 2604 3176; x_wconf 90' lang='lat' dir='ltr'>tollendam</span> <span class='ocrx_word' id='word_1_649' title='bbox 2625 3121 3073 3192; x_wconf 87' lang='lat' dir='ltr'>obscuritatem,</span> <span class='ocrx_word' id='word_1_650' title='bbox 3097 3139 3171 3179; x_wconf 88' lang='lat' dir='ltr'>ne</span> <span class='ocrx_word' id='word_1_651' title='bbox 3189 3124 3338 3179; x_wconf 88' lang='lat' dir='ltr'>alias</span> <span class='ocrx_word' id='word_1_652' title='bbox 3361 3124 3471 3181; x_wconf 92' lang='lat' dir='ltr'>soli</span> <span class='ocrx_word' id='word_1_653' title='bbox 3489 3125 3610 3181; x_wconf 73' lang='lat' dir='ltr'>daa-</span> 
     </span>
    </p>
   </div>
   <div class='ocr_carea' id='block_1_95' title="bbox 1945 3208 3607 3284">
    <p class='ocr_par' dir='ltr' id='par_1_95' title="bbox 1945 3208 3607 3284">
     <span class='ocr_line' id='line_1_95' title="bbox 1945 3208 3607 3284; baseline 0.002 -20"><span class='ocrx_word' id='word_1_654' title='bbox 1945 3208 2204 3264; x_wconf 89' lang='lat' dir='ltr'>moniaci</span> <span class='ocrx_word' id='word_1_655' title='bbox 2245 3208 2438 3265; x_wconf 90' lang='lat' dir='ltr'>sanati</span> <span class='ocrx_word' id='word_1_656' title='bbox 2481 3208 2842 3275; x_wconf 83' lang='lat' dir='ltr'>viderentur,</span> <span class='ocrx_word' id='word_1_657' title='bbox 2878 3225 3003 3265; x_wconf 88' lang='lat' dir='ltr'>non</span> <span class='ocrx_word' id='word_1_658' title='bbox 3043 3211 3186 3267; x_wconf 92' lang='lat' dir='ltr'>item</span> <span class='ocrx_word' id='word_1_659' title='bbox 3230 3211 3468 3282; x_wconf 90' lang='lat' dir='ltr'>reliqui,</span> <span class='ocrx_word' id='word_1_660' title='bbox 3501 3215 3607 3284; x_wconf 89' lang='lat' dir='ltr'>qui</span> 
     </span>
    </p>
   </div>
   <div class='ocr_carea' id='block_1_96' title="bbox 1945 3296 2960 3354">
    <p class='ocr_par' dir='ltr' id='par_1_96' title="bbox 1945 3296 2960 3354">
     <span class='ocr_line' id='line_1_96' title="bbox 1945 3296 2960 3354; baseline 0.002 -2"><span class='ocrx_word' id='word_1_661' title='bbox 1945 3296 2061 3352; x_wconf 87' lang='lat' dir='ltr'>huc</span> <span class='ocrx_word' id='word_1_662' title='bbox 2089 3297 2409 3353; x_wconf 86' lang='lat' dir='ltr'>curationis</span> <span class='ocrx_word' id='word_1_663' title='bbox 2436 3314 2620 3354; x_wconf 89' lang='lat' dir='ltr'>causa</span> <span class='ocrx_word' id='word_1_664' title='bbox 2652 3303 2960 3354; x_wconf 89' lang='lat' dir='ltr'>venerant.</span> 
     </span>
    </p>
   </div>
   <div class='ocr_carea' id='block_1_97' title="bbox 2018 3393 3601 3470">
    <p class='ocr_par' dir='ltr' id='par_1_97' title="bbox 2018 3393 3601 3470">
     <span class='ocr_line' id='line_1_97' title="bbox 2018 3393 3601 3470; baseline 0.004 -22"><span class='ocrx_word' id='word_1_665' title='bbox 2018 3393 2225 3452; x_wconf 72' lang='grc' dir='ltr'>Ἐπειὸὴ</span> <span class='ocrx_word' id='word_1_666' title='bbox 2262 3395 2425 3466; x_wconf 72' lang='grc' dir='ltr'>φίλος.</span> <span class='ocrx_word' id='word_1_667' title='bbox 2467 3395 2829 3467; x_wconf 89' lang='lat' dir='ltr'>simpliciter.</span> <span class='ocrx_word' id='word_1_668' title='bbox 2875 3398 2959 3464; x_wconf 90' lang='grc'>11,</span> <span class='ocrx_word' id='word_1_669' title='bbox 3003 3401 3053 3452; x_wconf 87' lang='grc'>6.</span> <span class='ocrx_word' id='word_1_670' title='bbox 3098 3396 3291 3455; x_wconf 90' lang='lat' dir='ltr'>Codd.</span> <span class='ocrx_word' id='word_1_671' title='bbox 3333 3399 3601 3470; x_wconf 90' lang='lat' dir='ltr'>plurimi.</span> 
     </span>
    </p>
   </div>
   <div class='ocr_carea' id='block_1_98' title="bbox 1947 3483 3604 3559">
    <p class='ocr_par' dir='ltr' id='par_1_98' title="bbox 1947 3483 3604 3559">
     <span class='ocr_line' id='line_1_98' title="bbox 1947 3483 3604 3559; baseline 0.004 -20"><span class='ocrx_word' id='word_1_672' title='bbox 1947 3485 2076 3555; x_wconf 88' lang='lat' dir='ltr'>Syr.</span> <span class='ocrx_word' id='word_1_673' title='bbox 2110 3488 2167 3539; x_wconf 91' lang='lat' dir='ltr'>et</span> <span class='ocrx_word' id='word_1_674' title='bbox 2196 3483 2364 3553; x_wconf 90' lang='lat' dir='ltr'>Vulg.</span> <span class='ocrx_word' id='word_1_675' title='bbox 2383 3484 2569 3540; x_wconf 88' lang='lat' dir='ltr'>initio.</span> <span class='ocrx_word' id='word_1_676' title='bbox 2597 3492 2711 3536; x_wconf 81' lang='grc' dir='ltr'>Μον</span> <span class='ocrx_word' id='word_1_677' title='bbox 2738 3484 3025 3556; x_wconf 87' lang='lat' dir='ltr'>injectum</span> <span class='ocrx_word' id='word_1_678' title='bbox 3051 3491 3176 3542; x_wconf 90' lang='lat' dir='ltr'>erat</span> <span class='ocrx_word' id='word_1_679' title='bbox 3204 3487 3370 3544; x_wconf 89' lang='lat' dir='ltr'>haud</span> <span class='ocrx_word' id='word_1_680' title='bbox 3397 3489 3604 3559; x_wconf 92' lang='lat' dir='ltr'>dubie,</span> 
     </span>
    </p>
   </div>
   <div class='ocr_carea' id='block_1_99' title="bbox 1947 3572 3604 3648">
    <p class='ocr_par' dir='ltr' id='par_1_99' title="bbox 1947 3572 3604 3648">
     <span class='ocr_line' id='line_1_99' title="bbox 1947 3572 3604 3648; baseline 0.003 -20"><span class='ocrx_word' id='word_1_681' title='bbox 1947 3572 2025 3628; x_wconf 90' lang='lat' dir='ltr'>ad</span> <span class='ocrx_word' id='word_1_682' title='bbox 2052 3573 2426 3644; x_wconf 91' lang='lat' dir='ltr'>implendum</span> <span class='ocrx_word' id='word_1_683' title='bbox 2471 3589 2715 3629; x_wconf 90' lang='lat' dir='ltr'>sensum</span> <span class='ocrx_word' id='word_1_684' title='bbox 2741 3615 2754 3638; x_wconf 93' lang='lat'>,</span> <span class='ocrx_word' id='word_1_685' title='bbox 2802 3590 2977 3630; x_wconf 87' lang='lat' dir='ltr'>nemo</span> <span class='ocrx_word' id='word_1_686' title='bbox 3007 3576 3365 3646; x_wconf 91' lang='lat' dir='ltr'>particulam</span> <span class='ocrx_word' id='word_1_687' title='bbox 3397 3578 3604 3648; x_wconf 88' lang='lat' dir='ltr'>hujus-</span> 
     </span>
    </p>
   </div>
   <div class='ocr_carea' id='block_1_100' title="bbox 1945 3661 2511 3733">
    <p class='ocr_par' dir='ltr' id='par_1_100' title="bbox 1945 3661 2511 3733">
     <span class='ocr_line' id='line_1_100' title="bbox 1945 3661 2511 3733; baseline -0.002 -17"><span class='ocrx_word' id='word_1_688' title='bbox 1945 3661 2109 3716; x_wconf 90' lang='lat' dir='ltr'>modi</span> <span class='ocrx_word' id='word_1_689' title='bbox 2143 3662 2511 3733; x_wconf 86' lang='lat' dir='ltr'>expunxerit.</span> 
     </span>
    </p>
   </div>
   <div class='ocr_carea' id='block_1_101' title="bbox 2014 3755 3604 3831">
    <p class='ocr_par' dir='ltr' id='par_1_101' title="bbox 2014 3755 3604 3831">
     <span class='ocr_line' id='line_1_101' title="bbox 2014 3755 3604 3831; baseline 0.007 -21"><span class='ocrx_word' id='word_1_690' title='bbox 2014 3755 2151 3810; x_wconf 75' lang='grc' dir='ltr'>Ἰδοὺ</span> <span class='ocrx_word' id='word_1_691' title='bbox 2191 3760 2397 3830; x_wconf 75' lang='grc' dir='ltr'>ἀφίεται</span> <span class='ocrx_word' id='word_1_692' title='bbox 2446 3760 2566 3830; x_wconf 78' lang='grc' dir='ltr'>ὑμῖν</span> <span class='ocrx_word' id='word_1_693' title='bbox 2596 3761 2624 3810; x_wconf 81' lang='grc' dir='ltr'>ὁ</span> <span class='ocrx_word' id='word_1_694' title='bbox 2680 3760 2822 3821; x_wconf 81' lang='grc' dir='ltr'><em>οἶκος</em></span> <span class='ocrx_word' id='word_1_695' title='bbox 2859 3761 3022 3831; x_wconf 78' lang='grc' dir='ltr'>ὑμῶν.</span> <span class='ocrx_word' id='word_1_696' title='bbox 3059 3762 3147 3828; x_wconf 83' lang='grc'>13,</span> <span class='ocrx_word' id='word_1_697' title='bbox 3207 3767 3293 3818; x_wconf 89' lang='grc'>35.</span> <span class='ocrx_word' id='word_1_698' title='bbox 3353 3764 3604 3820; x_wconf 85' lang='lat' dir='ltr'>Codices</span> 
     </span>
    </p>
   </div>
   <div class='ocr_carea' id='block_1_102' title="bbox 1944 3847 3604 3924">
    <p class='ocr_par' dir='ltr' id='par_1_102' title="bbox 1944 3847 3604 3924">
     <span class='ocr_line' id='line_1_102' title="bbox 1944 3847 3604 3924; baseline 0.005 -23"><span class='ocrx_word' id='word_1_699' title='bbox 1944 3847 2174 3918; x_wconf 88' lang='lat' dir='ltr'>optimi,</span> <span class='ocrx_word' id='word_1_700' title='bbox 2221 3863 2447 3917; x_wconf 90' lang='lat' dir='ltr'>magno</span> <span class='ocrx_word' id='word_1_701' title='bbox 2491 3863 2806 3904; x_wconf 89' lang='lat' dir='ltr'>consensu.</span> <span class='ocrx_word' id='word_1_702' title='bbox 2854 3854 3105 3924; x_wconf 79' lang='grc' dir='ltr'>Ἔρημος,</span> <span class='ocrx_word' id='word_1_703' title='bbox 3139 3854 3306 3923; x_wconf 91' lang='lat' dir='ltr'>quod</span> <span class='ocrx_word' id='word_1_704' title='bbox 3355 3854 3604 3910; x_wconf 90' lang='lat' dir='ltr'>accessit</span> 
     </span>
    </p>
   </div>
   <div class='ocr_carea' id='block_1_103' title="bbox 1942 3936 3603 4012">
    <p class='ocr_par' dir='ltr' id='par_1_103' title="bbox 1942 3936 3603 4012">
     <span class='ocr_line' id='line_1_103' title="bbox 1942 3936 3603 4012; baseline 0.005 -22"><span class='ocrx_word' id='word_1_705' title='bbox 1942 3936 2003 3991; x_wconf 93' lang='lat' dir='ltr'>in</span> <span class='ocrx_word' id='word_1_706' title='bbox 2042 3937 2279 4002; x_wconf 91' lang='lat' dir='ltr'>nostris,</span> <span class='ocrx_word' id='word_1_707' title='bbox 2313 3953 2385 3992; x_wconf 86' lang='lat' dir='ltr'>ex</span> <span class='ocrx_word' id='word_1_708' title='bbox 2431 3937 2697 3993; x_wconf 85' lang='lat' dir='ltr'>Matthan</span> <span class='ocrx_word' id='word_1_709' title='bbox 2746 3937 3077 4012; x_wconf 80' lang='lat' dir='ltr'>ascriptum</span> <span class='ocrx_word' id='word_1_710' title='bbox 3120 3939 3304 3997; x_wconf 87' lang='lat' dir='ltr'>fuisse</span> <span class='ocrx_word' id='word_1_711' title='bbox 3354 3947 3603 3999; x_wconf 90' lang='lat' dir='ltr'>monent</span> 
     </span>
    </p>
   </div>
   <div class='ocr_carea' id='block_1_104' title="bbox 1940 4024 2708 4094">
    <p class='ocr_par' dir='ltr' id='par_1_104' title="bbox 1940 4024 2708 4094">
     <span class='ocr_line' id='line_1_104' title="bbox 1940 4024 2708 4094; baseline 0.007 -17"><span class='ocrx_word' id='word_1_712' title='bbox 1940 4024 2133 4080; x_wconf 88' lang='lat' dir='ltr'>Lucas</span> <span class='ocrx_word' id='word_1_713' title='bbox 2158 4025 2328 4094; x_wconf 87' lang='lat' dir='ltr'>Brug.</span> <span class='ocrx_word' id='word_1_714' title='bbox 2363 4029 2419 4080; x_wconf 89' lang='lat' dir='ltr'>et</span> <span class='ocrx_word' id='word_1_715' title='bbox 2448 4025 2708 4082; x_wconf 88' lang='lat' dir='ltr'>Grotius.</span> 
     </span>
    </p>
   </div>
   <div class='ocr_carea' id='block_1_105' title="bbox 2011 4121 3600 4201">
    <p class='ocr_par' dir='ltr' id='par_1_105' title="bbox 2011 4121 3600 4201">
     <span class='ocr_line' id='line_1_105' title="bbox 2011 4121 3600 4201; baseline 0.004 -28"><span class='ocrx_word' id='word_1_716' title='bbox 2011 4122 2165 4194; x_wconf 64' lang='grc' dir='ltr'>’Ἀτερ</span> <span class='ocrx_word' id='word_1_717' title='bbox 2226 4121 2509 4194; x_wconf 53' lang='grc' dir='ltr'>βαλαντίων</span> <span class='ocrx_word' id='word_1_718' title='bbox 2549 4128 2637 4175; x_wconf 80' lang='grc' dir='ltr'>καὶ</span> <span class='ocrx_word' id='word_1_719' title='bbox 2681 4128 2873 4196; x_wconf 82' lang='grc' dir='ltr'>πήρας,</span> <span class='ocrx_word' id='word_1_720' title='bbox 2915 4130 2985 4196; x_wconf 80' lang='grc' dir='ltr'>μή</span> <span class='ocrx_word' id='word_1_721' title='bbox 3046 4145 3183 4186; x_wconf 83' lang='grc' dir='ltr'>τινος</span> <span class='ocrx_word' id='word_1_722' title='bbox 3237 4129 3600 4201; x_wconf 70' lang='grc' dir='ltr'>ὑστερήσατες</span> 
     </span>
    </p>
   </div>
   <div class='ocr_carea' id='block_1_106' title="bbox 1939 4211 3601 4286">
    <p class='ocr_par' dir='ltr' id='par_1_106' title="bbox 1939 4211 3601 4286">
     <span class='ocr_line' id='line_1_106' title="bbox 1939 4211 3601 4286; baseline 0.005 -22"><span class='ocrx_word' id='word_1_723' title='bbox 1939 4211 2030 4275; x_wconf 86' lang='grc'>22,</span> <span class='ocrx_word' id='word_1_724' title='bbox 2067 4212 2154 4267; x_wconf 76' lang='grc'>35·</span> <span class='ocrx_word' id='word_1_725' title='bbox 2187 4211 2371 4267; x_wconf 91' lang='lat' dir='ltr'>Codd.</span> <span class='ocrx_word' id='word_1_726' title='bbox 2408 4211 2547 4284; x_wconf 91' lang='lat' dir='ltr'>aliq.</span> <span class='ocrx_word' id='word_1_727' title='bbox 2576 4213 2826 4268; x_wconf 89' lang='lat' dir='ltr'>omnino</span> <span class='ocrx_word' id='word_1_728' title='bbox 2864 4217 3046 4268; x_wconf 89' lang='lat' dir='ltr'>recte.</span> <span class='ocrx_word' id='word_1_729' title='bbox 3103 4215 3308 4286; x_wconf 89' lang='lat' dir='ltr'>Neque</span> <span class='ocrx_word' id='word_1_730' title='bbox 3348 4218 3508 4271; x_wconf 90' lang='lat' dir='ltr'>enim</span> <span class='ocrx_word' id='word_1_731' title='bbox 3543 4217 3601 4272; x_wconf 87' lang='lat' dir='ltr'>in</span> 
     </span>
    </p>
   </div>
   <div class='ocr_carea' id='block_1_107' title="bbox 1939 4299 3596 4373">
    <p class='ocr_par' dir='ltr' id='par_1_107' title="bbox 1939 4299 3596 4373">
     <span class='ocr_line' id='line_1_107' title="bbox 1939 4299 3596 4373; baseline 0.003 -19"><span class='ocrx_word' id='word_1_732' title='bbox 1939 4299 2231 4372; x_wconf 89' lang='lat' dir='ltr'>proximis</span> <span class='ocrx_word' id='word_1_733' title='bbox 2262 4300 2491 4355; x_wconf 92' lang='lat' dir='ltr'>mentio</span> <span class='ocrx_word' id='word_1_734' title='bbox 2517 4300 2599 4364; x_wconf 86' lang='lat' dir='ltr'>ﬁt,</span> <span class='ocrx_word' id='word_1_735' title='bbox 2627 4300 2746 4354; x_wconf 90' lang='lat' dir='ltr'>nisi</span> <span class='ocrx_word' id='word_1_736' title='bbox 2778 4300 2994 4356; x_wconf 88' lang='lat' dir='ltr'>saeculi</span> <span class='ocrx_word' id='word_1_737' title='bbox 3024 4304 3080 4357; x_wconf 89' lang='lat' dir='ltr'>et</span> <span class='ocrx_word' id='word_1_738' title='bbox 3108 4317 3288 4373; x_wconf 70' lang='lat' dir='ltr'>perae.</span> <span class='ocrx_word' id='word_1_739' title='bbox 3316 4302 3596 4367; x_wconf 91' lang='lat' dir='ltr'>Medium,</span> 
     </span>
    </p>
   </div>
   <div class='ocr_carea' id='block_1_108' title="bbox 1940 4385 3602 4466">
    <p class='ocr_par' dir='ltr' id='par_1_108' title="bbox 1940 4385 3602 4466">
     <span class='ocr_line' id='line_1_108' title="bbox 1940 4385 3602 4466; baseline 0.006 -27"><span class='ocrx_word' id='word_1_740' title='bbox 1940 4393 2028 4440; x_wconf 82' lang='grc' dir='ltr'>καὶ</span> <span class='ocrx_word' id='word_1_741' title='bbox 2058 4385 2438 4459; x_wconf 78' lang='grc' dir='ltr'>ὑποδημάτῶν,</span> <span class='ocrx_word' id='word_1_742' title='bbox 2483 4388 2644 4460; x_wconf 89' lang='lat' dir='ltr'>quod</span> <span class='ocrx_word' id='word_1_743' title='bbox 2697 4388 2759 4443; x_wconf 92' lang='lat' dir='ltr'>in</span> <span class='ocrx_word' id='word_1_744' title='bbox 2803 4389 3048 4454; x_wconf 90' lang='lat' dir='ltr'>nostris,</span> <span class='ocrx_word' id='word_1_745' title='bbox 3101 4390 3430 4463; x_wconf 90' lang='lat' dir='ltr'>ascriptum</span> <span class='ocrx_word' id='word_1_746' title='bbox 3485 4393 3602 4466; x_wconf 88' lang='lat' dir='ltr'>pri-</span> 
     </span>
    </p>
   </div>
   <div class='ocr_carea' id='block_1_109' title="bbox 1940 4475 3599 4552">
    <p class='ocr_par' dir='ltr' id='par_1_109' title="bbox 1940 4475 3599 4552">
     <span class='ocr_line' id='line_1_109' title="bbox 1940 4475 3599 4552; baseline 0.003 -20"><span class='ocrx_word' id='word_1_747' title='bbox 1940 4493 2108 4532; x_wconf 90' lang='lat' dir='ltr'>mum</span> <span class='ocrx_word' id='word_1_748' title='bbox 2140 4478 2202 4531; x_wconf 89' lang='lat' dir='ltr'>in</span> <span class='ocrx_word' id='word_1_749' title='bbox 2253 4492 2446 4547; x_wconf 88' lang='lat' dir='ltr'>marg.</span> <span class='ocrx_word' id='word_1_750' title='bbox 2482 4492 2515 4530; x_wconf 89' lang='lat' dir='ltr'>a</span> <span class='ocrx_word' id='word_1_751' title='bbox 2563 4475 2774 4532; x_wconf 86' lang='lat' dir='ltr'>lectore</span> <span class='ocrx_word' id='word_1_752' title='bbox 2819 4476 3040 4549; x_wconf 90' lang='lat' dir='ltr'>aliquo,</span> <span class='ocrx_word' id='word_1_753' title='bbox 3071 4493 3144 4535; x_wconf 90' lang='lat' dir='ltr'>ex</span> <span class='ocrx_word' id='word_1_754' title='bbox 3183 4495 3316 4552; x_wconf 91' lang='lat' dir='ltr'>cap.</span> <span class='ocrx_word' id='word_1_755' title='bbox 3365 4482 3451 4546; x_wconf 91' lang='grc'>10,</span> <span class='ocrx_word' id='word_1_756' title='bbox 3481 4498 3534 4537; x_wconf 89' lang='lat' dir='ltr'>v.</span> <span class='ocrx_word' id='word_1_757' title='bbox 3565 4486 3599 4537; x_wconf 76' lang='grc'><strong>4</strong></span> 
     </span>
    </p>
   </div>
   <div class='ocr_carea' id='block_1_110' title="bbox 1943 4652 2894 4724">
    <p class='ocr_par' dir='ltr' id='par_1_110' title="bbox 1943 4652 2894 4724">
     <span class='ocr_line' id='line_1_110' title="bbox 1943 4652 2894 4724; baseline -0.003 -14"><span class='ocrx_word' id='word_1_758' title='bbox 1943 4653 2181 4710; x_wconf 88' lang='lat' dir='ltr'>codices</span> <span class='ocrx_word' id='word_1_759' title='bbox 2210 4652 2894 4724; x_wconf 82' lang='lat' dir='ltr'>tractavitEuthymius.</span> 
     </span>
    </p>
   </div>
   <div class='ocr_carea' id='block_1_111' title="bbox 2014 4723 3602 4809">
    <p class='ocr_par' dir='ltr' id='par_1_111' title="bbox 2014 4723 3602 4809">
     <span class='ocr_line' id='line_1_111' title="bbox 2014 4723 3602 4809; baseline 0.008 -35"><span class='ocrx_word' id='word_1_760' title='bbox 2014 4725 2089 4809; x_wconf 66' lang='grc' dir='ltr'>(ς)</span> <span class='ocrx_word' id='word_1_761' title='bbox 2122 4728 2368 4796; x_wconf 58' lang='lat' dir='ltr'>Paduam</span> <span class='ocrx_word' id='word_1_762' title='bbox 2419 4723 2603 4779; x_wconf 89' lang='lat' dir='ltr'>voluit</span> <span class='ocrx_word' id='word_1_763' title='bbox 2655 4723 2905 4779; x_wconf 88' lang='lat' dir='ltr'>scribere</span> <span class='ocrx_word' id='word_1_764' title='bbox 2959 4723 3190 4780; x_wconf 88' lang='lat' dir='ltr'>Millius.</span> <span class='ocrx_word' id='word_1_765' title='bbox 3242 4728 3347 4783; x_wconf 87' lang='lat' dir='ltr'>Mei</span> <span class='ocrx_word' id='word_1_766' title='bbox 3374 4728 3602 4788; x_wconf 87' lang='lat' dir='ltr'>habent</span> 
     </span>
    </p>
   </div>
   <div class='ocr_carea' id='block_1_112' title="bbox 1980 4815 2212 4851">
    <p class='ocr_par' dir='ltr' id='par_1_112' title="bbox 1980 4815 2212 4851">
     <span class='ocr_line' id='line_1_112' title="bbox 1980 4815 2212 4851; baseline -0.004 -4"><span class='ocrx_word' id='word_1_767' title='bbox 1980 4815 2188 4851; x_wconf 72' lang='grc' dir='ltr'>ενομενα</span> <span class='ocrx_word' id='word_1_768' title='bbox 2199 4840 2212 4851; x_wconf 83' lang='grc'><strong>.</strong></span> 
     </span>
    </p>
   </div>
   <div class='ocr_carea' id='block_1_113' title="bbox 1941 4817 3601 4942">
    <p class='ocr_par' dir='ltr' id='par_1_113' title="bbox 1941 4817 3601 4942">
     <span class='ocr_line' id='line_1_113' title="bbox 1941 4817 3601 4942; baseline 0.031 -17"><span class='ocrx_word' id='word_1_769' title='bbox 1941 4817 2518 4942; x_wconf 72' lang='lat' dir='ltr'>exemPlis</span> <span class='ocrx_word' id='word_1_770' title='bbox 2548 4865 2812 4942; x_wconf 62' lang='lat' dir='ltr'>qptehic</span> <span class='ocrx_word' id='word_1_771' title='bbox 2858 4866 3128 4942; x_wconf 45' lang='lat' dir='ltr'>Subiecﬁ-</span> <span class='ocrx_word' id='word_1_772' title='bbox 3153 4868 3386 4934; x_wconf 68' lang='lat' dir='ltr'>Minius’</span> <span class='ocrx_word' id='word_1_773' title='bbox 3416 4887 3601 4942; x_wconf 50' lang='lat' dir='ltr'>appa-</span> 
     </span>
    </p>
   </div>
   <div class='ocr_carea' id='block_1_114' title="bbox 1944 4937 3600 5014">
    <p class='ocr_par' dir='ltr' id='par_1_114' title="bbox 1944 4937 3600 5014">
     <span class='ocr_line' id='line_1_114' title="bbox 1944 4937 3600 5014; baseline 0.001 -20"><span class='ocrx_word' id='word_1_774' title='bbox 1944 4945 2048 5014; x_wconf 68' lang='lat' dir='ltr'>ret,</span> <span class='ocrx_word' id='word_1_775' title='bbox 2106 4938 2274 5014; x_wconf 76' lang='lat' dir='ltr'>illum</span> <span class='ocrx_word' id='word_1_776' title='bbox 2312 4937 2548 5014; x_wconf 80' lang='lat' dir='ltr'>probas</span> <span class='ocrx_word' id='word_1_777' title='bbox 2578 4937 2880 4993; x_wconf 87' lang='lat' dir='ltr'>lectiones</span> <span class='ocrx_word' id='word_1_778' title='bbox 2931 4938 3236 5010; x_wconf 90' lang='lat' dir='ltr'>appellare</span> <span class='ocrx_word' id='word_1_779' title='bbox 3289 4957 3392 4996; x_wconf 89' lang='lat' dir='ltr'>eas</span> <span class='ocrx_word' id='word_1_780' title='bbox 3444 4937 3600 5014; x_wconf 79' lang='lat' dir='ltr'>quas</span> 
     </span>
    </p>
   </div>
   <div class='ocr_carea' id='block_1_115' title="bbox 1942 5008 2654 5078">
    <p class='ocr_par' dir='ltr' id='par_1_115' title="bbox 1942 5008 2654 5078">
     <span class='ocr_line' id='line_1_115' title="bbox 1942 5008 2654 5078; baseline -0.007 -13"><span class='ocrx_word' id='word_1_781' title='bbox 1942 5009 2125 5065; x_wconf 88' lang='lat' dir='ltr'>habet</span> <span class='ocrx_word' id='word_1_782' title='bbox 2149 5009 2402 5078; x_wconf 89' lang='lat' dir='ltr'>Vulgata</span> <span class='ocrx_word' id='word_1_783' title='bbox 2430 5008 2654 5063; x_wconf 87' lang='lat' dir='ltr'>Latina.</span> 
     </span>
    </p>
   </div>
   <div class='ocr_carea' id='block_1_116' title="bbox 2013 5078 3600 5160">
    <p class='ocr_par' dir='ltr' id='par_1_116' title="bbox 2013 5078 3600 5160">
     <span class='ocr_line' id='line_1_116' title="bbox 2013 5078 3600 5160; baseline 0.003 -26"><span class='ocrx_word' id='word_1_784' title='bbox 2013 5081 2088 5160; x_wconf 58' lang='grc' dir='ltr'>(α)</span> <span class='ocrx_word' id='word_1_785' title='bbox 2113 5081 2176 5160; x_wconf 66' lang='lat' dir='ltr'>lii</span> <span class='ocrx_word' id='word_1_786' title='bbox 2205 5094 2414 5160; x_wconf 63' lang='lat' dir='ltr'>omnes</span> <span class='ocrx_word' id='word_1_787' title='bbox 2443 5095 2551 5160; x_wconf 88' lang='lat' dir='ltr'>pro</span> <span class='ocrx_word' id='word_1_788' title='bbox 2578 5078 2825 5160; x_wconf 75' lang='lat' dir='ltr'>Vulgata</span> <span class='ocrx_word' id='word_1_789' title='bbox 2848 5080 3074 5160; x_wconf 51' lang='lat' dir='ltr'>Latina,</span> <span class='ocrx_word' id='word_1_790' title='bbox 3104 5081 3228 5136; x_wconf 92' lang='lat' dir='ltr'>sine</span> <span class='ocrx_word' id='word_1_791' title='bbox 3253 5081 3600 5160; x_wconf 79' lang='lat' dir='ltr'>melioribus</span> 
     </span>
    </p>
   </div>
   <div class='ocr_carea' id='block_1_117' title="bbox 1943 5149 3600 5220">
    <p class='ocr_par' dir='ltr' id='par_1_117' title="bbox 1943 5149 3600 5220">
     <span class='ocr_line' id='line_1_117' title="bbox 1943 5149 3600 5220; baseline 0.002 -13"><span class='ocrx_word' id='word_1_792' title='bbox 1943 5149 2246 5208; x_wconf 86' lang='lat' dir='ltr'>codicibus</span> <span class='ocrx_word' id='word_1_793' title='bbox 2276 5149 2517 5219; x_wconf 70' lang='lat' dir='ltr'>Graacis,</span> <span class='ocrx_word' id='word_1_794' title='bbox 2564 5149 2712 5205; x_wconf 90' lang='lat' dir='ltr'>nihil</span> <span class='ocrx_word' id='word_1_795' title='bbox 2744 5151 3029 5220; x_wconf 88' lang='lat' dir='ltr'>probant:</span> <span class='ocrx_word' id='word_1_796' title='bbox 3067 5168 3205 5207; x_wconf 90' lang='lat' dir='ltr'>cum</span> <span class='ocrx_word' id='word_1_797' title='bbox 3249 5153 3600 5210; x_wconf 90' lang='lat' dir='ltr'>melioribus</span> 
     </span>
    </p>
   </div>
   <div class='ocr_carea' id='block_1_118' title="bbox 1943 5221 3601 5294">
    <p class='ocr_par' dir='ltr' id='par_1_118' title="bbox 1943 5221 3601 5294">
     <span class='ocr_line' id='line_1_118' title="bbox 1943 5221 3601 5294; baseline 0.002 -16"><span class='ocrx_word' id='word_1_798' title='bbox 1943 5223 2250 5278; x_wconf 89' lang='lat' dir='ltr'>codicibus</span> <span class='ocrx_word' id='word_1_799' title='bbox 2295 5221 2515 5276; x_wconf 61' lang='lat' dir='ltr'>Gracis</span> <span class='ocrx_word' id='word_1_800' title='bbox 2564 5226 2766 5294; x_wconf 79' lang='lat' dir='ltr'>autem</span> <span class='ocrx_word' id='word_1_801' title='bbox 2820 5237 3058 5293; x_wconf 89' lang='lat' dir='ltr'>semper</span> <span class='ocrx_word' id='word_1_802' title='bbox 3110 5223 3362 5294; x_wconf 87' lang='lat' dir='ltr'>probant</span> <span class='ocrx_word' id='word_1_803' title='bbox 3393 5232 3601 5282; x_wconf 90' lang='lat' dir='ltr'>contra</span> 
     </span>
    </p>
   </div>
   <div class='ocr_carea' id='block_1_119' title="bbox 1942 5292 3600 5368">
    <p class='ocr_par' dir='ltr' id='par_1_119' title="bbox 1942 5292 3600 5368">
     <span class='ocr_line' id='line_1_119' title="bbox 1942 5292 3600 5368; baseline 0.004 -19"><span class='ocrx_word' id='word_1_804' title='bbox 1942 5295 2253 5368; x_wconf 86' lang='lat' dir='ltr'>Vulgatam</span> <span class='ocrx_word' id='word_1_805' title='bbox 2282 5292 2875 5368; x_wconf 88' lang='lat' dir='ltr'>Latinam._lndicant</span> <span class='ocrx_word' id='word_1_806' title='bbox 2899 5292 3052 5368; x_wconf 70' lang='lat' dir='ltr'>enim</span> <span class='ocrx_word' id='word_1_807' title='bbox 3076 5292 3220 5368; x_wconf 74' lang='lat' dir='ltr'>feret</span> <span class='ocrx_word' id='word_1_808' title='bbox 3244 5296 3600 5368; x_wconf 88' lang='lat' dir='ltr'>plerumque</span> 
     </span>
    </p>
   </div>
   <div class='ocr_carea' id='block_1_120' title="bbox 1942 5364 3598 5424">
    <p class='ocr_par' dir='ltr' id='par_1_120' title="bbox 1942 5364 3598 5424">
     <span class='ocr_line' id='line_1_120' title="bbox 1942 5364 3598 5424; baseline 0 -2"><span class='ocrx_word' id='word_1_809' title='bbox 1942 5366 2300 5422; x_wconf 90' lang='lat' dir='ltr'>recentiores</span> <span class='ocrx_word' id='word_1_810' title='bbox 2341 5364 2749 5424; x_wconf 77' lang='lat' dir='ltr'>corruptiones</span> <span class='ocrx_word' id='word_1_811' title='bbox 2783 5364 3075 5419; x_wconf 88' lang='lat' dir='ltr'>versionis</span> <span class='ocrx_word' id='word_1_812' title='bbox 3102 5364 3338 5421; x_wconf 68' lang='lat' dir='ltr'>Latinae.</span> <span class='ocrx_word' id='word_1_813' title='bbox 3383 5371 3487 5424; x_wconf 84' lang='lat' dir='ltr'>Per</span> <span class='ocrx_word' id='word_1_814' title='bbox 3503 5364 3598 5423; x_wconf 62' lang='lat' dir='ltr'>&#39;in-</span> 
     </span>
    </p>
   </div>
   <div class='ocr_carea' id='block_1_121' title="bbox 1944 5379 3230 5507">
    <p class='ocr_par' dir='ltr' id='par_1_121' title="bbox 1944 5379 3230 5507">
     <span class='ocr_line' id='line_1_121' title="bbox 1944 5379 3230 5487; baseline -0.002 -65"><span class='ocrx_word' id='word_1_815' title='bbox 1944 5379 2300 5422; x_wconf 84' lang='lat' dir='ltr'>recenuores</span> <span class='ocrx_word' id='word_1_816' title='bbox 2341 5379 2749 5487; x_wconf 69' lang='lat' dir='ltr'>corrupuoues</span> <span class='ocrx_word' id='word_1_817' title='bbox 2783 5379 3075 5419; x_wconf 74' lang='lat' dir='ltr'>VBPSIODIS</span> <span class='ocrx_word' id='word_1_818' title='bbox 3102 5379 3230 5420; x_wconf 76' lang='lat' dir='ltr'>Lau:</span> 
     </span>
     <span class='ocr_line' id='line_1_122' title="bbox 1944 5434 3230 5507; baseline 0.001 -16"><span class='ocrx_word' id='word_1_819' title='bbox 1944 5437 2281 5493; x_wconf 84' lang='lat' dir='ltr'>ductionem</span> <span class='ocrx_word' id='word_1_820' title='bbox 2313 5451 2528 5507; x_wconf 89' lang='lat' dir='ltr'>exemp</span> <span class='ocrx_word' id='word_1_821' title='bbox 2555 5450 2728 5490; x_wconf 92' lang='lat' dir='ltr'>orum</span> <span class='ocrx_word' id='word_1_822' title='bbox 2764 5434 2825 5489; x_wconf 89' lang='lat' dir='ltr'>id</span> <span class='ocrx_word' id='word_1_823' title='bbox 2862 5434 3230 5504; x_wconf 82' lang='lat' dir='ltr'>intelligitur.</span> 
     </span>
    </p>
   </div>
   <div class='ocr_carea' id='block_1_122' title="bbox 2016 5507 3595 5582">
    <p class='ocr_par' dir='ltr' id='par_1_122' title="bbox 2016 5507 3595 5582">
     <span class='ocr_line' id='line_1_123' title="bbox 2016 5507 3595 5582; baseline -0.002 -19"><span class='ocrx_word' id='word_1_824' title='bbox 2016 5509 2100 5579; x_wconf 87' lang='lat' dir='ltr'>(h)</span> <span class='ocrx_word' id='word_1_825' title='bbox 2128 5510 2333 5582; x_wconf 81' lang='lat' dir='ltr'>Servat</span> <span class='ocrx_word' id='word_1_826' title='bbox 2361 5511 2608 5578; x_wconf 89' lang='lat' dir='ltr'>uterque</span> <span class='ocrx_word' id='word_1_827' title='bbox 2641 5521 2831 5560; x_wconf 88' lang='lat' dir='ltr'>meus.</span> <span class='ocrx_word' id='word_1_828' title='bbox 2861 5507 3049 5582; x_wconf 78' lang='lat' dir='ltr'>Habet</span> <span class='ocrx_word' id='word_1_829' title='bbox 3079 5514 3277 5582; x_wconf 84' lang='lat' dir='ltr'>autem</span> <span class='ocrx_word' id='word_1_830' title='bbox 3311 5517 3595 5582; x_wconf 73' lang='grc' dir='ltr'>γενήματα,</span> 
     </span>
    </p>
   </div>
   <div class='ocr_carea' id='block_1_123' title="bbox 1946 5578 3590 5648">
    <p class='ocr_par' dir='ltr' id='par_1_123' title="bbox 1946 5578 3590 5648">
     <span class='ocr_line' id='line_1_124' title="bbox 1946 5578 3590 5648; baseline 0 -13"><span class='ocrx_word' id='word_1_831' title='bbox 1946 5586 2008 5635; x_wconf 91' lang='lat' dir='ltr'>ut</span> <span class='ocrx_word' id='word_1_832' title='bbox 2040 5578 2425 5635; x_wconf 88' lang='lat' dir='ltr'>scribendum</span> <span class='ocrx_word' id='word_1_833' title='bbox 2457 5584 2561 5633; x_wconf 88' lang='lat' dir='ltr'>est.</span> <span class='ocrx_word' id='word_1_834' title='bbox 2595 5582 2864 5648; x_wconf 72' lang='grc' dir='ltr'>Τενήματοι</span> <span class='ocrx_word' id='word_1_835' title='bbox 2893 5578 3235 5634; x_wconf 88' lang='lat' dir='ltr'>conduntur</span> <span class='ocrx_word' id='word_1_836' title='bbox 3265 5578 3325 5634; x_wconf 81' lang='lat' dir='ltr'>in</span> <span class='ocrx_word' id='word_1_837' title='bbox 3352 5578 3590 5637; x_wconf 82' lang='lat' dir='ltr'>horreo:</span> 
     </span>
    </p>
   </div>
   <div class='ocr_carea' id='block_1_124' title="bbox 1943 5647 3454 5723">
    <p class='ocr_par' dir='ltr' id='par_1_124' title="bbox 1943 5647 3454 5723">
     <span class='ocr_line' id='line_1_125' title="bbox 1943 5647 3454 5723; baseline 0.003 -21"><span class='ocrx_word' id='word_1_838' title='bbox 1943 5656 2259 5723; x_wconf 72' lang='grc' dir='ltr'>γεννήματα,</span> <span class='ocrx_word' id='word_1_839' title='bbox 2293 5650 2422 5719; x_wconf 88' lang='lat' dir='ltr'>ejus</span> <span class='ocrx_word' id='word_1_840' title='bbox 2453 5649 2707 5720; x_wconf 85' lang='lat' dir='ltr'>generis,</span> <span class='ocrx_word' id='word_1_841' title='bbox 2743 5647 2804 5703; x_wconf 90' lang='lat' dir='ltr'>in</span> <span class='ocrx_word' id='word_1_842' title='bbox 2835 5649 3083 5705; x_wconf 89' lang='lat' dir='ltr'>stabulis</span> <span class='ocrx_word' id='word_1_843' title='bbox 3115 5658 3454 5707; x_wconf 89' lang='lat' dir='ltr'>servantur.</span> 
     </span>
    </p>
   </div>
  </div>
