4110 6376
447 345 521 415 33
1976 331 2349 396 PREFATIO
3803 339 3871 394 84

520 487 608 539 '12.
648 482 771 534 Ὀτι
800 480 934 532 οὓτω
958 495 972 546 ;
997 473 1263 531 όύδέποτε.

524 558 611 611 13.
653 555 802 608 Λευῖ.
832 568 887 608 8..

525 660 744 717 δοῐὶὺω
799 656 1007 721 infimi,
1039 661 1103 710 ut
1148 656 1228 710 ad
1280 655 1438 710 hunc
1483 653 1686 710 locum
1729 650 1791 706 in
1847 647 2108 705 editione

450 750 594 806 Novi
630 745 989 805 Testamenti
1020 746 1146 818 jam
1173 743 1388 808 notavi,
1419 743 1577 798 hunc
1603 741 1800 797 locum
1831 751 2109 806 corrupe-

451 844 669 893 runtex
684 835 945 891 scholiis.
963 833 1505 889 Scholiastisautem
1518 829 1787 900 imposuit
1805 828 2105 897 Origenes.

452 929 506 981 Is
540 942 681 995 ergo
713 930 919 980 contra
943 922 1177 978 Celsum
1209 925 1354 976 tom.
1384 919 1426 985 Ι,
1451 936 1509 992 p.
1534 920 1640 973 376
1663 919 1726 984 Ι),
1760 918 1838 972 ita
1866 913 2104 971 scribit:

451 1015 624 1068 Ἔστω
695 1011 754 1066 δὲ
835 1017 924 1064 καὶ
997 1013 1022 1063 ὁ
1096 1010 1244 1070 λέϐης
1312 1009 1534 1070 τελώνης
1609 1006 1967 1064 ἀκολουθήσας
2037 1010 2107 1072 τῷ

451 1103 646 1162 Ἰησοῡο
718 1102 821 1154 ἀλλ’
887 1101 997 1154 οὖτι
1057 1119 1116 1170 γε
1183 1107 1275 1151 τοῦ
1345 1097 1570 1172 ἀριθμοῦ
1637 1106 1736 1148 τῶν
1809 1095 2108 1147 ἀποστόλων

456 1193 619 1244 αὐτοῦ
687 1189 770 1257 ἦν,
830 1192 873 1243 εἰ
933 1196 1002 1262 μὴ
1077 1190 1212 1240 κατά
1280 1197 1394 1239 τινα
1455 1194 1554 1239 τῶν
1624 1186 1948 1258 ἀντιγράφὼν
2017 1189 2108 1236 τοῦ

453 1285 586 1333 κατὰ.
642 1283 854 1351 Μάρκον
924 1277 1257 1349 Εὐαγγελίου.
1323 1263 1428 1331 Hic
1488 1276 1681 1347 primo
1748 1273 2107 1339 notandum,

451 1369 602 1431 λέϐης
680 1368 827 1441 poni
900 1383 1010 1438 pro
1069 1366 1226 1426 λινες.
1303 1368 1450 1421 Nam
1537 1364 1611 1420 de
1694 1363 1923 1423 λεϐϐαῐος
2006 1378 2109 1417 seu

451 1458 649 1519 λεϐαῐος
728 1456 919 1527 accipi
997 1455 1223 1526 nequit.
1307 1453 1598 1510 Lebbaaus
1669 1453 1829 1508 enim
1900 1450 2109 1507 nullibi

453 1547 676 1608 τελώνης
723 1544 1083 1618 appellatur,
1129 1527 1232 1599 sed
1279 1543 1432 1598 Levl.
1471 1545 1601 1597 lam
1650 1543 1793 1614 quia
1835 1542 2109 1610 Origenes

452 1635 703 1699 dixerat,
749 1635 883 1686 κατά
931 1653 1045 1686 τινκ
1096 1641 1195 1684 τῶν
1250 1629 1574 1704 ἀντιγράφων
1636 1638 1727 1683 τοῦ
1781 1633 1915 1681 κατά
1965 1631 2109 1703 Μάρ-

451 1744 538 1777 κον
606 1723 946 1795 Εὐαγγελίου,
1005 1721 1456 1792 interpolatores
1518 1719 1657 1775 inde
1731 1717 2106 1787 colligebant,

2139 462 2482 533 Alaqueos,
2538 482 2592 530 ν,
2647 468 2735 529 27,
2791 466 2879 532 28,
2942 469 3122 538 atque
3175 466 3292 538 ipsi
3341 465 3504 521 inviti
3560 465 3875 534 Origenem

2221 551 2310 606 vel
2367 553 2770 625 negligentiae,
2834 553 2928 610 vel
2999 555 3226 610 fraudis
3281 553 3528 610 crimine
3583 552 3875 612 irretiunt.

2217 639 2352 695 Tale
2394 647 2483 697 est
2531 643 2936 698 mendacium.
2990 643 3192 714 Ipsum
3243 660 3302 699 se
3351 643 3562 715 prodit.
3611 644 3876 712 Origenis

2219 729 2680 795 animadversio,
2726 736 2792 786 ut
2834 733 3108 799 arbitror,
3142 737 3373 788 tantum
3415 748 3486 788 eo
3525 731 3876 802 pertinebat,

2217 831 2290 871 ne
2306 819 2440 888 quis
2453 825 2685 888 putaret
2704 819 2884 874 Levin
2903 821 3224 891 quemdam
3244 822 3421 876 fuisse
3439 821 3873 892 apostolorum.

2217 905 2282 960 ld
2312 912 2511 962 autem
2556 908 2825 974 efﬁcitur,
2873 909 2921 963 si
2969 910 3137 965 Levis
3179 911 3338 982 apud
3374 913 3545 966 Marc.
3583 925 3641 975 ιι,
3690 910 3775 975 14,
3822 915 3878 966 et

2217 994 2355 1048 Luc.
2389 1010 2446 1061 v,
2479 996 2565 1058 27,
2600 1012 2706 1066 pro
2734 995 2970 1051 diversa
3002 1013 3259 1068 persona
3283 997 3600 1062 habeatur,
3629 1012 3749 1052 non
3774 1013 3877 1068 pro

2218 1083 2492 1138 Matthan
2549 1083 2747 1139 Matth.
2808 1101 2884 1151 lx,
2943 1089 2994 1140 9.
3042 1085 3127 1137 Ἐκ
3182 1092 3483 1160 περιουσίας
3527 1085 3707 1155 igitur
3756 1086 3878 1142 Ori-

2219 1188 2423 1241 genes,
2474 1171 2792 1229 immemor
2847 1176 3034 1239 Lucae,
3089 1191 3197 1245 pro
3251 1179 3540 1246 tempore,
3593 1179 3879 1245 tauquam

2219 1267 2637 1327 argumentum
2715 1261 3014 1318 addebat:
3052 1266 3193 1315 Κατά
3270 1281 3386 1315 τινα
3452 1272 3550 1314 τῶν
3626 1261 3880 1336 ἀντιγρὰ-

2221 1369 2342 1418 gmw.

2292 1438 2444 1502 Quid
2484 1444 2685 1494 autem
2735 1439 3006 1506 efﬁcitur,
3051 1441 3102 1496 si
3150 1441 3245 1497 hic
3281 1444 3454 1498 Marc.
3501 1457 3558 1508 ιι,
3612 1445 3694 1510 14,
3741 1457 3884 1496 cum

2217 1525 2346 1581 istis
2398 1527 2764 1599 interpolatis
2841 1529 3144 1586 codicibus
3218 1531 3352 1587 loco
3431 1534 3583 1583 Λευῖν
3648 1530 3886 1599 legatur

2217 1604 2456 1667 Ἰάκωϐον
2486 1633 2500 1681 ;
2534 1617 2753 1671 scilicet
2800 1623 2936 1673 tunc
2990 1623 3106 1673 tres
3157 1619 3470 1689 portitores
3522 1618 3599 1690 (ρ)
3643 1634 3714 1675 ac
3766 1623 3886 1674 tres

2219 1704 2373 1759 ﬁlios
2403 1705 2630 1775 Alphaei
2661 1705 3047 1762 habebimus.
3081 1709 3328 1762 Necesse
3358 1724 3498 1780 ergo
3523 1709 3650 1777 erit,
3682 1712 3747 1764 ut
3777 1713 3888 1764 aut

451 1813 665 1869 alicubi
690 1792 1098 1878 in‘Evangelio
1128 1809 1294 1864 Marci
1329 1823 1439 1879 pro
1469 1809 1603 1864 Levi
1645 1807 1812 1864 aliter
1856 1808 1992 1876 legi,
2039 1824 2110 1864 ac
2143 1805 2188 1869 Β
2219 1793 2292 1849 de
2324 1792 2508 1848 tribus
2557 1795 2829 1864 Personis
2876 1800 2990 1850 tres
3026 1795 3408 1865 evangelistae
3452 1797 3731 1864 dixerint.
3780 1803 3890 1852 aut

451 1901 568 1956 nisi
612 1901 691 1956 ita
734 1899 904 1955 aliter
951 1898 1261 1968 legeretur,
1307 1898 1475 1974 aliter
1503 1896 1927 1974 corrigendum
1957 1909 2107 1954 esse.

450 1993 636 2046 Locus
668 1988 935 2058 Origenis
975 1993 1170 2043 autem
1205 1985 1446 2043 duobus
1475 1985 1657 2041 Marci
1692 1975 1839 2040 locis
1883 2001 2111 2042 accom-

449 2078 679 2134 modari
724 2081 938 2148 potest.
980 2078 1129 2130 Nam
1173 2080 1408 2146 propter
1448 2073 1600 2134 λέϐης
1647 2078 1672 2125 ο
1723 2073 1943 2134 τελώνης
1993 2073 2113 2125 ἀκο-

449 2165 716 2225 λουθήσας
763 2164 965 2220 referri
1015 2167 1216 2234 potest
1261 2163 1337 2218 ad
1382 2164 1554 2219 Marc.
1602 2178 1662 2227 ιι,
1721 2165 1808 2216 14.
1873 2165 2111 2233 Propter

450 2255 725 2312 additum
765 2259 987 2318 autem,
1032 2260 1121 2304 τοῦ
1170 2251 1393 2324 ἀριθμοῦ
1446 2257 1545 2302 τῶν
1595 2250 1915 2314 ἀποστόλωδ,
1958 2251 2108 2307 trahi

451 2360 694 2416 quoque
724 2343 910 2415 possit
939 2342 1017 2399 ad
1043 2343 1218 2398 Marc.
1252 2357 1334 2407 ιιι,
1382 2339 1569 2406 10-18,
1611 2341 1714 2396 ubi
1753 2345 1842 2396 est
1875 2345 2110 2412 aposto-

449 2433 640 2489 lorum
661 2432 983 2502 catalogus.
1010 2430 1325 2487 Probabile
1346 2430 1659 2487 videbatur
1679 2431 2110 2502 interpolatori-

448 2522 584 2586 bus,
621 2521 935 2590 Origenem
961 2519 1230 2575 locutum
1260 2533 1394 2574 esse
1431 2519 1507 2573 de
1547 2520 1729 2590 priori
1773 2519 1924 2575 loco.
1960 2520 2108 2576 Cum

450 2617 651 2666 autem
684 2611 778 2664 hic
818 2610 1127 2678 legeretur,
1169 2612 1255 2660 τὸν
1295 2615 1386 2660 τοῦ
1420 2608 1683 2681 Ἀλφαίου,
1719 2609 1873 2684 infra
1907 2616 2107 2666 autem

449 2700 581 2772 cap.
599 2716 681 2767 ιιι,
705 2700 788 2764 18,
819 2698 977 2754 idem
1001 2697 1273 2753 additum
1295 2685 1839 2769 reperirentiacobi
1857 2701 2104 2766 nomini,

445 2804 558 2861 pro
586 2789 715 2844 Levi
747 2787 1125 2856 corrigebant
1151 2787 1462 2842 Jacobum.
1490 2785 1634 2843 Nolo
1665 2787 1760 2843 hic
1784 2787 2104 2859 inquirere,

448 2893 632 2948 quam
663 2876 845 2931 ﬁdem
871 2881 1168 2930 mereatur
1185 2875 1488 2944 Origenes,
1520 2877 1660 2930 cum
1682 2875 1973 2953 ἀντίγραφά
1993 2897 2109 2929 τινα

447 2969 762 3020 memorat.
788 2962 934 3018 Illud
963 2968 1194 3018 tantum
1222 2978 1456 3028 moneo,
1478 2977 1636 3031 eum,
1662 2963 1710 3018 Si
1736 2965 2000 3035 primum
2024 2963 2105 3021 lo-

447 3053 587 3109 eum
631 3053 909 3124 respexit,
956 3065 1170 3124 parum
1220 3057 1510 3108 attentum
1543 3051 1742 3108 fuisse.
1791 3057 1905 3109 Nec
1947 3055 2107 3110 enim

2218 1881 2476 1936 Jacobus
2529 1887 2585 1936 et
2633 1885 2784 1947 Levi,
2835 1888 2938 1939 aut
2985 1884 3123 1939 Levi
3169 1889 3225 1939 et
3273 1885 3574 1940 Matthteus
3606 1901 3714 1956 pro
3760 1900 3889 1940 una

2218 1983 2481 2040 persona
2506 1969 2864 2025 habeantur.
2900 1973 2963 2025 In
2999 1972 3266 2027 eamdem
3297 1988 3439 2042 ergo
3469 1973 3887 2029 difﬁcultatem

2219 2057 2599 2113 revolvimur.
2632 2059 2833 2114 Adhuc
2860 2060 3020 2115 enim
3054 2065 3285 2116 tantum
3307 2062 3737 2131 interrogatum
3771 2065 3882 2127 est,

2219 2149 2420 2202 utrum
2463 2145 2773 2202 Matthaeus
2816 2153 2873 2203 et
2916 2148 3078 2204 Levis
3111 2149 3185 2205 sit
3213 2149 3428 2206 eadem
3475 2166 3748 2222 persona,
3799 2166 3888 2206 an

2219 2236 2348 2289 duae
2374 2234 2401 2288 ?
2426 2238 2592 2290 Nunc
2617 2235 2798 2292 etiam
2829 2238 3245 2308 quaerendum,
3279 2245 3476 2294 utrum
3521 2239 3783 2296 Jacobus
3828 2244 3889 2295 et

2222 2323 2351 2378 Levi
2394 2339 2515 2378 una
2545 2340 2620 2380 an
2665 2324 2801 2379 duae
2852 2326 2969 2380 sint
3000 2342 3290 2396 personae.
3329 2327 3441 2383 Sed
3493 2328 3625 2382 Levi
3667 2331 3738 2383 e'x
3787 2329 3888 2384 de-

2219 2417 2375 2467 creto
2407 2412 2677 2481 Origenis
2708 2429 2828 2468 non
2860 2413 2971 2470 fuit
2993 2415 3323 2486 apostolus.
3346 2421 3618 2486 Autergo
3650 2432 3758 2472 nec
3789 2418 3890 2472 Ja-

2218 2500 2402 2557 cobus
2428 2501 2534 2557 fuit
2565 2502 2897 2574 apostolus,
2921 2508 3026 2558 aut
3055 2510 3171 2559 tres
3196 2506 3466 2559 feruntur
3483 2505 3799 2576 portitores
3825 2507 3893 2561 in

2218 2590 2571 2659 Evangeliis,
2590 2607 2801 2646 omnes
2824 2592 2926 2646 lilii
2950 2593 3014 2646 Al
3023 2593 3200 2663 phaei.
3223 2592 3340 2648 Sed
3359 2595 3640 2662 Origenes
3656 2601 3718 2649 ut
3738 2610 3892 2650 cen-

2217 2681 2346 2733 tum
2369 2678 2510 2734 locis
2532 2679 2682 2746 aliis,
2705 2679 2787 2736 ita
2802 2679 2897 2734 hic
2914 2695 3156 2753 quoque
3174 2681 3490 2737 infatuavit
3506 2681 3892 2750 scholiastas,

2216 2782 2476 2838 quorum
2500 2768 2679 2822 etiam
2701 2765 2778 2822 ad
2800 2767 2960 2823 hunc
2984 2768 3182 2823 locum
3211 2768 3414 2839 verba,
3437 2769 3602 2842 quod
3624 2769 3893 2828 diverso-

2217 2870 2352 2910 rum
2391 2860 2703 2912 auctorum
2744 2857 3254 2928 interpretationes
3297 2859 3758 2930 conjunxerunt,
3800 2859 3892 2917 ita

2218 2943 2474 2998 obscura
2505 2948 2684 3015 atque
2709 2943 2859 2998 inter
2895 2960 2958 3000 se
2984 2947 3386 3016 repugnantia
3416 2952 3570 3010 sunt,
3608 2952 3671 3003 ut
3701 2963 3889 3004 nemo

2218 3048 2351 3087 com
2363 3032 2609 3087 modum
2631 3048 2836 3087 eruere
2856 3034 3045 3103 possit
3065 3049 3329 3089 sensum.
3353 3035 3586 3092 Scholia
3603 3035 3890 3107 leguntur

447 3143 680 3198 Marcus
731 3120 976 3198 tantum
1015 3145 1238 3197 narrat.
1290 3140 1467 3196 Levin
1504 3139 1826 3198 accessisse
1856 3142 2105 3210 Christo,
2145 3159 2186 3218 ρ
2219 3120 2280 3174 in
2306 3136 2441 3176 mea
2462 3120 2979 3177 NOViTesmmemi
3011 3122 3286 3179 editione-

445 3231 551 3288 sed
599 3234 788 3287 Lucas
830 3231 1012 3286 etiam
1059 3246 1115 3285 v.
1167 3231 1234 3284 27
1281 3245 1444 3301 seqq.
1489 3230 1608 3286 fere
1649 3231 1863 3287 iisdem
1893 3232 2109 3298 verbis,

446 3319 661 3392 quibus
683 3320 938 3374 Marcus.
960 3316 1047 3371 Ad
1058 3316 1467 3372 excusandum
1484 3318 1800 3387 Origenem
1813 3333 1954 3389 ergo
1968 3320 2113 3377 nihil

448 3407 648 3465 afferri
675 3410 888 3479 potest,
922 3405 1058 3471 nisi,
1096 3404 1263 3478 quod
1306 3403 1550 3461 fortasse
1591 3405 2111 3478 desperatissimus

448 3496 729 3553 defensor
771 3497 900 3566 ejus
944 3493 1176 3562 dixerit,
1224 3489 1486 3551 scillicet.
1520 3497 1742 3552 Lucam
1773 3513 2005 3570 quoque
2051 3500 2112 3555 in

448 3585 618 3642 libris
649 3584 928 3641 omnibus
970 3599 1098 3655 cap.
1134 3602 1185 3645 v,
1230 3599 1288 3639 γ.
1333 3585 1422 3650 27,
1468 3584 1557 3650 28,
1603 3584 1695 3640 bis
1740 3592 2109 3658 corruptum,

452 3677 632 3745 atque
669 3673 752 3729 ibi
791 3673 972 3728 etiam
1013 3673 1106 3727 bis
1136 3671 1376 3724 Ἰάκωϐον
1424 3672 1919 3745 interponendum
1959 3691 2108 3731 esse.

452 3762 619 3818 Prior
647 3777 784 3831 ergo
819 3761 994 3816 Marci
1026 3757 1194 3816 locus
1228 3764 1470 3832 propter
1502 3763 1912 3819 auctoritatem
1945 3765 2112 3821 Lucae

453 3850 667 3922 corrigi
697 3851 923 3922 nequit.
953 3849 1276 3905 Videamus
1305 3848 1380 3905 de
1411 3851 1712 3920 posteriori
1753 3852 1923 3907 Marci
1956 3852 2108 3910 loco.

455 3940 558 3995 Hic
604 3956 740 3996 vero
767 3939 1045 3996 facillime
1079 3939 1386 4010 corrumpi
1414 3943 1668 4010 poterat,
1703 3940 1748 3994 si
1781 3941 1999 3998 scilicet
2028 3959 2109 4007 ill,

459 4029 545 4096 18,
597 4045 707 4100 pro
765 4030 1034 4082 Μαι-θαίον
1101 4031 1204 4084 aut
1257 4027 1500 4080 Ἰάκωϐον
1585 4030 1692 4099 [τὸν
1748 4036 1839 4081 τοῦ
1898 4030 2114 4103 Ἀλφαί-

454 4118 536 4188 ου]
570 4117 926 4173 scriberetur
965 4119 1143 4174 Λευῗν.
1177 4118 1297 4172 Hoc
1331 4123 1454 4172 un'o'
1487 4115 1670 4172 modo
1700 4109 1976 4175 constare
2018 4136 2115 4190 po-

453 4211 606 4264 terat
637 4206 904 4277 Origenis
948 4204 1415 4262 animadversio.
1449 4205 1552 4262 Hic
1582 4210 1799 4276 autem,
1829 4208 1977 4263 dum
2026 4209 2115 4264 in-

452 4295 842 4367 terpolatores
907 4298 1183 4350 metuunt
1242 4295 1656 4349 auctoritatem
1730 4295 1981 4351 Matthaai
2053 4314 2111 4362 x,

454 4384 823 4456 3;Luc.‘v1,
876 4389 984 4452 l5;
1035 4387 1092 4439 et
1141 4385 1247 4438 Act
1299 4385 1338 4447 l,
1385 4383 1472 4449 13,
1514 4383 1787 4439 incidunt
1841 4384 1901 4440 in
1941 4384 2114 4442 Lucae

457 4561 530 4635 (ρ)
557 4559 1102 4635 Atqu_i_sc_holiastae
1134 4559 1213 4615 ad
1241 4559 1403 4635 hunc
1432 4560 1631 4635 locum
1675 4576 1749 4616 ne
1789 4563 1940 4617 duos
1989 4564 2114 4635 qui-

457 4630 598 4686 dem
623 4630 797 4686 nobis
829 4630 1163 4701 largiuntur
1201 4632 1536 4700 portitores.
1572 4634 1913 4702 Propopunt
1956 4630 2114 4690 enim

495 4703 843 4774 llaastionem
877 4699 1034 4758 hanc
1073 4719 1084 4754 ζ
1140 4699 1275 4774 Ἐῥεῖ
1322 4721 1423 4764 τις,
1478 4704 1558 4774 ὅτι
1613 4699 1708 4774 duo
1756 4700 1887 4759 ἦσαν
1933 4703 1986 4756 ἐκ
2016 4715 2113 4757 τῶν

497 4771 671 4826 eidem:
723 4773 954 4838 τελῶναι,
1019 4771 1282 4834 Ματοάῖος
1348 4779 1437 4825 καὶ
1481 4772 1720 4834 Ἰάκωϐος
1775 4777 1800 4826 0'
1853 4784 1944 4826 τοῦ
1999 4775 2113 4827 ,Αλ-

496 4851 632 4911 αίου,
690 4848 811 4919 ὅπερ
867 4846 958 4896 οὐκ
1008 4847 1167 4919 ἔστιν’
1241 4847 1306 4904 εἷς
1372 4848 1473 4919 γᾴρ
1523 4847 1684 4919 mra
1744 4845 1895 4908 αὐτὸς
1954 4846 2108 4902 ἐστιν.

496 4867 632 4911 αιου,
690 4867 811 4919 οπερ
867 4867 958 4896 ουκ
1008 4867 1167 4896 εστιν·
1241 4867 1306 4904 εις
1523 4867 1611 4896 και
1660 4867 1684 4895 ο
1744 4867 1895 4908 αυτος
1954 4867 2108 4902 εστιν.

455 4867 571 4972 ἕθά
602 4917 716 4972 hoc
753 4915 1292 4988 prorsusrstultum,
1334 4915 1446 4970 nisi
1474 4932 1578 4985 pro
1622 4915 1862 4978 Ἰάκωϐος
1895 4919 2112 4973 scriba-

454 4994 550 5043 tur
583 4987 771 5050 Λευίςξ
817 4987 873 5043 Si
923 4987 1083 5060 enim
1123 4988 1424 5060 Matthaeus
1473 4988 1827 5060 et__Jacobus
1889 4989 2114 5060 Alphaei

455 5064 678 5131 estuna
708 5075 989 5131 persona,
1017 5058 1183 5113 Levis
1221 5062 1421 5114 autem
1444 5055 1657 5131 nullus;
1677 5059 1786 5115 fuit
1811 5055 2114 5131 apostolus

453 5129 733 5186 undecim
755 5136 990 5186 tantum
1012 5133 1408 5184 numerantur
1427 5129 1703 5199 apostoli.
1721 5129 1888 5186 Hunc
1906 5132 2114 5187 scholi-

453 5206 595 5255 astae
613 5201 810 5256 locum
832 5203 914 5258 ita
932 5201 1113 5258 etiam
1129 5200 1682 5255 ediditWetstenius
1699 5201 1771 5256 ad
1804 5202 1862 5256 h.
1887 5201 1924 5256 1.
1946 5204 2114 5258 sicuti

452 5286 566 5343 nos
593 5288 663 5326 ex
680 5277 940 5343 quatuor
960 5271 1266 5327 codicibus
1284 5274 1510 5343 Mosqq.
1536 5271 1774 5328 Photius
1787 5276 1942 5343 apud
1972 5275 2114 5329 Pos-

452 5341 763 5415 sinumad
782 5343 849 5415 7h.
880 5344 940 5409 1.,
973 5343 1272 5399 liberalior
1298 5347 1405 5415 est.
1427 5341 1589 5415 Duos
1614 5344 1771 5398 enim
1801 5341 2115 5415 portitores

453 5413 602 5466 inter
637 5413 955 5469 duodecim
1000 5420 1296 5470 numerat.
1350 5413 1669 5469 Mattheum
1715 5421 1768 5471 et
1802 5413 2114 5472 Ilacobum

454 5485 821 5539 Undeautem
839 5485 886 5538 ei
920 5484 1347 5541 hocinnotuit?
1369 5485 1478 5540 Sed
1502 5490 1687 5540 totum
1720 5486 2030 5551 scholium,
2056 5495 2116 5543 ut

450 5554 671 5628 editum
703 5561 835 5628 esta
857 5555 1114 5628 i’ossino
1132 5573 1190 5628 p.
1227 5562 1312 5621 50,
1339 5555 1670 5628 absurdum
1695 5564 1802 5612 est.
1841 5561 1904 5613 Ut
1925 5565 2112 5613 autem

447 5626 543 5681 hic
570 5627 818 5683 omnino
836 5627 909 5682 de
939 5626 1449 5684 Photio'moneam.
1470 5627 1565 5683 llle
1581 5628 1826 5699 quidem
1853 5629 2111 5700 l’llotius,

2291 3244 2358 3298 V.
2393 3247 2477 3299 16.
2521 3249 2670 3314 Hirri.
2705 3258 2759 3298 8.

2295 3315 2379 3368 17.
2424 3315 2509 3375 Εἰς
2532 3317 2804 3385 μετάνοιαν
2838 3315 3077 3371 absunt.

2293 3388 2382 3442 17,
2424 3390 2522 3457 Καὶ
2551 3389 2794 3457 ἔρχονται
2816 3387 2893 3442 ad
2924 3389 3287 3444 νηστεύουσιν.
3323 3388 3564 3446 absunt.
3592 3405 3646 3446 a.

2300 3462 2380 3531 l9.
2421 3456 2582 3531 ξΟσον
2609 3456 2802 3531 χρόνον
2825 3458 2900 3512 ad
2931 3462 3196 3531 νηστεύειν
3228 3459 3467 3516 absunt.
3503 3476 3557 3516 a.

2292 3530 2380 3582 23.
2422 3527 2498 3579 Ἐν
2520 3535 2628 3588 τοῖς
2655 3527 2906 3598 Σάϐϐασι]
2940 3529 2986 3580 ἐν
3011 3529 3202 3586 abest.
3228 3545 3282 3586 8..

2294 3602 2378 3653 26.
2421 3606 2524 3650 Τοῦ
2553 3599 2856 3673 ἀρχιερέως]
2887 3608 2981 3673 τοῦ
3011 3601 3306 3657 omittunt.

2293 3649 2384 3726 ii;
2429 3649 2528 3723 kat
2558 3649 2866 3796 νᾶἷ
2887 3649 3041 3740 ﬁeri:
3054 3649 3130 3726 ἶ

2294 3740 2436 3796 Cap.
2468 3742 2561 3795 ΙΙΙ.
2600 3743 2663 3796 ν.
2752 3783 2764 3796 .
2798 3741 2886 3796 Ab
2917 3747 3006 3794 καὶ
3052 3741 3130 3794 ἀπι

2294 3740 2561 3815 Cap._lll.
2600 3740 2663 3796 ν.
2713 3740 2764 3797 7.
2798 3741 2886 3797 Ab
2917 3747 3006 3794 καὶ
3052 3741 3152 3794 ἀπὸ
3196 3742 3562 3815 Ἰεροσολύμων
3604 3741 3683 3801 ad
3712 3741 3886 3797 Ἰδου-

2222 3817 2380 3884 μαίας
2407 3812 2645 3868 absunt.
2674 3829 2728 3868 a.

2295 3885 2380 3937 12.
2425 3889 2644 3940 Φανεοὸν
2675 3885 2826 3936 αὑτὸν
2857 3890 3145 3940 ποιήσωσι,

2296 3956 2380 4007 17.
2423 3957 2525 4009 Τοῦ
2550 3937 2816 4024 ῗῐακώϐου]
2851 3937 3025 4024 aliter}.
3056 3971 3111 4024 ag.

2295 4028 2381 4079 27.
2427 4022 2756 4096 (ἠδύνω-αι
2787 4022 2978 4096 όύδείς]
3011 4022 3184 4089 οὐδεὶς
3217 4023 3457 4082 δύναται.

2297 4102 2330 4172 ᾼ
2339 4097 2463 4172 ᾔτοᾉύ
2501 4093 2622 4172 ὃιαρ
2631 4100 2800 4172 ζτάσῃῗ.

2295 4167 2380 4222 28.
2412 4167 2603 4248 ⁸ξΟο-σιξ
2632 4168 2709 4223 ἂν.
2753 4167 2867 4223 Sed
2906 4171 3051 4229 ὅσαις
3090 4173 3176 4224 est
3221 4183 3384 4225 error
3423 4168 3702 4226 editionis
3749 4172 3889 4228 Gre-

2299 4255 2466 4303 μοι-ιι.

2297 4312 2383 4363 32.
2430 4316 2528 4362 Καὶ
2555 4312 2602 4362 οὶ
2634 4308 2847 4382 ἀδελφοί
2878 4331 2972 4383 σον
3003 4317 3090 4383 διαὶ
3122 4313 3176 4362 αἱ
3207 4308 3428 4383 ἀδελφαί
3461 4331 3578 4367 σου.

2297 4385 2434 4453 Cap.
2469 4382 2555 4436 IV.
2589 4383 2650 4435 V.
2693 4387 2744 4437 2.
2769 4379 2881 4434 ’Καὶ
2912 4379 3192 4435 ἐδίδασκεν
3238 4384 3316 4440 ad
3343 4379 3520 4436 ⁷πολλοί
3550 4382 3787 4440 absunt.
3821 4402 3884 4441 a.

2224 4558 2327 4630 qui
2359 4559 2786 4615 Bibliothecam
2817 4561 3074 4631 scripsit,
3106 4560 3236 4628 fuit,
3282 4561 3385 4616 etsi
3419 4561 3637 4618 multos
3676 4561 3894 4618 habuit

2225 4631 2670 4694 obtrectatores,
2701 4631 2789 4686 vir
2814 4632 3242 4703 copiosissimas
3267 4631 3575 4688 doctrinae.
3603 4633 3715 4690 Sed
3738 4633 3890 4688 alter

2228 4703 2498 4775 Photius,
2528 4703 2699 4775 cujus
2720 4703 2780 4757 in
2807 4703 3039 4758 Catenis
3068 4703 3419 4774 longissima
3445 4704 3803 4775 plerumque
3830 4710 3892 4760 et

2224 4773 2886 4843 iueptissimaleguntur
2900 4775 3146 4836 scholia,
3162 4773 3255 4829 vel
3275 4773 3522 4831 omnino
3537 4773 3735 4830 nullus
3754 4775 3881 4842 fuit,

2225 4859 2297 4900 ac
2335 4845 2614 4899 mentitus
2644 4851 2732 4900 est
2759 4862 2980 4900 nomen
3029 4845 3240 4910 Photii,
3273 4846 3372 4903 vel
3409 4847 3519 4904 fuit
3549 4847 3884 4903 monachus

2224 4915 2505 4985 ignobilis
2520 4922 2576 4970 et
2589 4917 3008 4986 ineptissimus.
3027 4916 3254 4981 Quibus
3271 4932 3390 4972 non
3405 4918 3480 4973 ad
3498 4933 3704 4973 manus
3722 4925 3883 4981 sunt,

2226 4986 2396 5041 sicuti
2438 4986 2605 5051 mihi,
2646 4987 2868 5042 inedita
2907 4989 3097 5042 multa
3133 4989 3303 5043 istius
3337 4988 3522 5044 Photii
3557 4989 3800 5051 scholia,
3847 4989 3886 5045 ii

2223 5057 2443 5131 adeant
2475 5057 3174 5131 Pseudo-(JEcurnenium,
3205 5058 3406 5130 ibique
3434 5065 3538 5123 tot,
3567 5067 3712 5131 quot
3739 5061 3888 5130 ipsis

2224 5129 2530 5253 Blacuerit,
2587 5131 2846 5208 nomine
2885 5129 3072 5185 Photii
3133 5129 3339 5186 notata
3395 5129 3620 5186 scholia
3663 5129 3883 5211 legant.

2272 5200 2515 5253 rofecto.
2562 5207 2624 5253 ut
2671 5200 2989 5253 praevideo.
3039 5217 3188 5253 mere
3235 5202 3520 5253 accedent
3562 5209 3883 5253 sententiae.

2272 5200 2515 5266 rofecto,
2562 5207 2624 5255 ut
2671 5199 2989 5270 praevideo,
3039 5217 3188 5255 mere
3235 5202 3520 5258 accedent
3562 5202 3886 5258 sententiae.

2227 5271 2441 5326 Omnia
2481 5271 2638 5325 enim
2673 5287 2738 5343 ex
2778 5271 2906 5326 aliis
2936 5273 3154 5336 hausit,
3189 5280 3245 5328 et
3288 5290 3533 5343 aquam,
3565 5280 3622 5330 et
3650 5278 3889 5330 acetum

2227 5349 2280 5396 et
2313 5343 2541 5408 vinum,
2567 5359 2636 5397 ac
2663 5341 2908 5414 ﬂumine
2943 5343 3192 5398 turbidae
3224 5341 3578 5414 eloquentiae
3610 5362 3732 5400 suta
3761 5361 3888 5400 om-

2228 5415 2324 5468 nia
2357 5415 2627 5487 sentina}
2652 5413 2906 5487 reddidit
2949 5415 3268 5470 simillima.
3305 5413 3383 5469 De
3414 5417 3657 5480 .lacobo,
3703 5432 3886 5487 quem

2227 5484 2570 5554 portitorem
2608 5485 2742 5538 facit
2788 5486 3160 5554 Chrysostou.
3196 5505 3262 5546 lS.
3311 5487 3444 5541 vide
3496 5489 3650 5545 infra
3681 5484 3889 5543 notam

2230 5542 2279 5619 ft,
2312 5571 2460 5629 pag.
2488 5557 2619 5629 378,,
2646 5555 2716 5610 ad
2755 5542 2955 5629 Matth.
2992 5558 3160 5612 Forte
3207 5542 3666 5629 Chrysostomus
3707 5542 3887 5615 etiam

2227 5627 2496 5695 Origenis
2527 5627 3046 5685 animadversione
3071 5627 3357 5701 deceptus
3384 5636 3489 5686 est.
