4110 6386
202 328 280 395 109
1428 320 1798 396 COMMENT.
1838 337 1908 397 IN
1945 321 2392 397 MATTMEUM.
3503 332 3605 400 no

198 464 270 538 ιγ’.
317 467 436 540 Περὶ
489 471 586 518 τοῦ
653 458 1045 543 παραλυτικοῦ.
1106 463 1228 538 (ΙΧ,
1280 464 1360 538 2).
1418 471 1522 540 Μρ.
1579 464 1636 520 ε’.
1706 471 1837 523 Λου.
1866 467 1915 522 Α
1949 460 2045 522 Αόν.
2079 469 2206 541 Περὶ
2255 470 2350 526 τῆς
2394 465 2839 538 μεταμορρῶσεως
2884 452 3270 540 τοῦξΧριστοῧ.
3304 465 3489 542 (XVII,
3520 472 3612 543 1).“

382 554 465 628 ιγ’.
494 555 597 610 Ἰω.
633 555 702 617 ζ.

196 642 273 701 ιδ’.
332 650 454 720 Περὶ
510 648 796 699 Ματθοιίου
872 652 970 699 τοῦ
1025 644 1259 700 τελώνου.
1324 644 1431 715 (ΙΧ,
1481 642 1557 717 9).
1618 651 1725 719 Μρ.
1795 666 1837 709 ς.

392 743 525 789 Λου.
562 731 653 791 td’.

198 824 261 878 ιε’.
300 830 419 898 Περὶ
474 832 568 885 τῆς
619 827 880 900 θυγατρὸς
931 830 1025 877 τοῦ
1076 825 1541 898 ἀρχισυναγώγου.
1585 823 1695 895 (ΙΧ,
1727 822 1839 896 28).

391 920 502 989 Μρ.
539 912 629 987 ιβ’.
656 920 787 972 Λου,
830 912 919 968 κε’.

198 1002 267 1065 ις’.
327 1008 453 1077 Περὶ
494 1011 593 1065 τῆς
649 1002 1061 1078 αἱμορῥοούσης.
1109 1001 1221 1074 (ΙΧ,
1268 1000 1383 1075 20).
1441 1003 1543 1077 Μρ.
1580 1000 1663 1073 ιγ’.
1696 1005 1832 1059 Λου.

393 1112 483 1154 κς.

191 1180 268 1242 ιζ.
302 1185 426 1255 Περὶ
456 1189 560 1233 τῶν
581 1176 680 1233 δύο
708 1180 931 1253 τυφλῶν.
966 1180 1072 1252 (ΙΧ,
1102 1178 1215 1252 27).

190 1271 269 1329 ιη’.
306 1275 432 1343 Περὶ
459 1278 553 1323 τοῦ
589 1267 1026 1343 δαιμονιζομένου
1064 1276 1259 1342 κωφοῦ.
1302 1268 1406 1340 (IX,
1442 1269 1553 1336 32).

188 1360 262 1415 ιθ’.
322 1365 451 1433 Περὶ
503 1368 600 1422 τῆς
655 1368 755 1412 τῶν
815 1358 1117 1412 ἀποστόλων
1168 1356 1407 1430 ἐκλογῆς.
1463 1356 1555 1430 (Χ,
1605 1356 1682 1430 1.)
1732 1364 1838 1433 Μρ.

393 1446 439 1507 η’
469 1454 563 1501 καὶ
592 1445 681 1507 ιδ’.
713 1454 845 1504 Λου.
878 1447 935 1511 ις’
964 1452 1053 1501 καὶ
1077 1446 1176 1508 κζ’.

183 1557 239 1612 κ’.
301 1560 428 1631 Περὶ
473 1564 578 1608 τῶν
638 1555 1029 1610 ἀποσταλέντων
1088 1556 1234 1630 παρὰ
1279 1553 1535 1611 Ἰωᾶννου.
1595 1553 1706 1627 (ΧΙ,
1765 1553 1840 1624 2).

392 1652 530 1700 Λου.
559 1644 623 1700 κ’.

182 1752 275 1808 ια’,
310 1756 441 1826 Περὶ
472 1761 567 1805 τοῦ
616 1752 778 1827 ξηρὰν
814 1755 1025 1825 ἔχοντος
1055 1755 1148 1812 τήν
1194 1759 1375 1827 χεῖρα.
1423 1751 1558 1824 (XII,
1591 1750 1703 1823 10).
1736 1757 1843 1826 Μρ.

393 1840 461 1903 ζ’.
496 1846 631 1897 Λου.
667 1840 740 1897 ιε’.

2607 550 2619 564 I

2162 562 2267 629 Μρ.
2295 551 2386 611 κε’.
2417 559 2548 611 Λου.
2578 551 2639 609 λ’.

1948 660 2032 718 λε’.
2074 664 2200 735 Περὶ
2223 667 2315 714 τοῦ
2347 658 2805 734 σεληνιαζομένου.
2849 660 3031 734 (XVII,
3066 661 3170 736 14).
3198 666 3304 743 Μρ.
3340 661 3432 728 κς’.
3469 670 3609 723 Λου.

2162 748 2239 804 λα’
2249 791 2263 807 .

1948 857 2042 921 λς’.
2092 863 2218 935 Περὶ
2243 866 2342 911 τῶν
2370 858 2647 911 αἰτούντων
2679 860 2746 912 τὰ
2771 853 3077 934 διδραχμα.
3114 863 3309 934 (XVII,
3340 864 3455 937 24).
3540 856 3543 857 ν

1947 946 2051 1010 λς.
2099 952 2225 1024 Περὶ
2255 956 2353 1000 τῶν
2376 947 2644 1021 λεγόντων,
2672 950 2765 1010 Τίς
2788 950 3000 1022 μείζων.
3035 942 3243 1023 (XVIII,
3274 954 3344 1028 1).
3369 961 3475 1029 Μρ.
3501 953 3616 1035 xg’.

2163 1044 2294 1093 Λου.
2326 1036 2408 1110 λβ
2422 1081 2434 1095 .
3346 1077 3353 1085 .

1949 1144 2046 1204 λη’.
2080 1150 2207 1221 Περὶ
2236 1153 2335 1197 τῶν
2367 1144 2545 1197 ἑκατὸν
2571 1145 2862 1220 προϐάτων.
2893 1148 3106 1221 (XVIII,
3136 1150 3243 1222 12).
3325 1116 3335 1129 '

1949 1233 2043 1290 λθ’.
2114 1238 2240 1308 Περὶ
2285 1241 2377 1287 τοῦ
2425 1234 2707 1306 ὀφείλοντος
2757 1238 2825 1290 τὰ
2873 1239 3040 1313 μύρια
3094 1240 3338 1297 τάλαντα.
3398 1241 3604 1314 (XVIII,

2163 1341 2251 1414 23)
2266 1386 2279 1399 .

1986 1447 2055 1521 μ’.
2100 1452 2224 1522 Περὶ
2266 1454 2365 1500 τῶν
2397 1448 2847 1521 ἐπερωτησάντων,
2900 1451 2944 1504 εἰ
2987 1452 3183 1516 ἔξεστιν
3215 1453 3480 1511 ἀπολῦσαι
3510 1460 3605 1517 τὴν

2162 1544 2403 1608 γυναῖκα.
2423 1535 2593 1606 (XIX,
2621 1538 2698 1609 3),
2727 1543 2832 1613 Μρ.
2856 1538 2957 1598 κη’.

1951 1644 2057 1718 μα’,
2099 1649 2225 1718 Περὶ
2249 1651 2341 1697 τοῦ
2362 1645 2799 1717 ἑπερωτησοὶντος,
2828 1650 2915 1699 τὸν
2935 1646 3139 1707 Ἰησοῦν
3169 1650 3421 1706 πλουσίου
3447 1652 3602 1726 (XIX,

2170 1733 2277 1806 16).
2303 1740 2407 1808 Μρ.
2441 1729 2532 1787 κδ.
2564 1738 2693 1788 Λου.
2737 1734 2816 1807 ξγ.

1952 1839 2065 1916 μβ,
2108 1845 2233 1914 Περὶ
2263 1848 2363 1893 τῶν
2386 1842 2747 1913 μισθουμένων
2773 1840 3017 1918 ἐργατῶν.
3048 1845 3181 1919 (XX.
3218 1850 3293 1921 1).

181 1929 280 2004 ιβ’.
316 1936 449 2004 Περὶ
478 1939 575 1984 τοῦ
606 1927 1046 2005 δαιμονιζομένου
1085 1930 1279 2004 τυφλοῦ
1322 1934 1411 1986 καὶ
1459 1936 1654 2003 κωφοῦ.
1700 1928 1843 2001 (XII,
1880 1919 1923 1975 Β
1952 1930 2061 2003 μγ’.
2101 1935 2227 2005 Περὶ
2260 1936 2359 1982 τῶν
2387 1931 2510 1982 υἱῶν
2541 1927 2824 1983 Ζεϐεδαίου
2875 1922 3009 2005 (XX,
3039 1936 3148 2007 '20).
3176 1919 3282 2010 Μρ.
3307 1936 3367 1994 λ’.

390 2024 508 2076 2'2}.
546 2028 678 2076 Λου.
709 2020 804 2075 λθ’.

390 2025 462 2074 22
494 2063 508 2075 .
546 2028 678 2076 Λου.
710 2025 804 2075 λθ’.

179 2110 272 2179 κγ’.
303 2114 435 2184 Περὶ
471 2025 585 2161 ὶτῶν
619 2109 901 2163 αἰτούντων
936 2116 1168 2182 σημεῖον.
1197 2108 1336 2181 (XII,
1364 2109 1483 2180 38).
1520 2114 1642 2163 Λον.
1673 2102 1779 2181 μα’.

175 2193 273 2252 κδ’.
320 2202 454 2270 Περὶ
483 2205 587 2249 τῶν
616 2196 924 2273 παραϐολῶν
957 2196 1116 2266 (XIII,
1147 2200 1336 2271 2).Μρ.
1372 2195 1438 2255 θ’.
1484 2201 1615 2253 Λου.
1649 2192 1843 2269 κβίιαὶ

434 2286 497 2342 θ’.

434 2307 462 2338 υ
483 2329 497 2342 ο

175 2392 260 2450 ιε’.
304 2307 438 2468 ΙΙεὲ
464 2391 702 2446 Ἰὼάννου
743 2397 834 2446 καὶ
860 2389 1119 2466 Ἡρώδου.
1154 2392 1324 2463 (XIV,
1358 2390 1434 2465 1).
1463 2399 1569 2464 Μρ.
1604 2389 1677 2446 ιε’.

175 2482 268 2543 ις’.
315 2488 449 2555 Περὶ
478 2489 581 2534 τῶν
606 2484 756 2534 πέντε
784 2483 977 2557 ἄρτων.
1008 2481 1129 2537 XIV
1158 2482 1293 2553 ,15).
1324 2482 1427 2554 Μρ.
1466 2478 1543 2542 ις’.
1578 2485 1711 2538 Λου.
1741 2476 1843 2537 κη’.

395 2572 501 2633 ἰω,
531 2571 596 2631 η’.

177 2662 270 2726 ιζ’.
313 2666 451 2735 Περὶ
481 2669 575 2714 τοῦ
607 2660 657 2714 ἄν
686 2660 925 2735 θαλάσσῃ
954 2661 1263 2733 περιπάτου.
1298 2657 1460 2733 (XIV,
1487 2658 1598 2730 22).
1627 2666 1733 2735 Μρ.
1760 2658 1841 2720 ιζ.

408 2754 495 2807 Ιω.
535 2750 596 2806 θ’.

174 2840 273 2898 κη’.
316 2845 453 2915 Περὶ
482 2848 547 2897 τῆ
559 2860 579 2900 ς
604 2838 949 2916 παραϐάσεως
974 2844 1071 2899 τῆς
1092 2836 1291 2899 ἐντολῆς
1319 2844 1410 2891 τοῦ
1441 2843 1598 2896 Θεοῦ.
1622 2836 1753 2909 (XV,
1795 2836 1845 2908 1)

394 2936 510 2986 Mn.
548 2926 634 2986 ιη’.

396 2949 451 2983 tu
496 2971 510 2985 ο
548 2949 634 2986 ιη.

170 3036 261 3089 κθ’.
306 2949 572 3112 Περὶρτῆς
600 3040 924 3097 Χαναναίας.
965 3033 1101 3106 (XV,
1127 3033 1241 3106 21).
1265 3040 1372 3109 Μρ.
1409 3032 1490 3088 ιϐ’.

200 3126 258 3179 λ’.
287 3130 429 3201 Περὶ
458 3134 561 3177 τῶν
588 3126 998 3198 θεραπευθέντων
1020 3122 1211 3195 ὄχλων.
1246 3122 1379 3194 (XV,

165 3215 245 3270 λα.
289 3220 429 3289 Περὶ
458 3223 559 3266 τῶν
590 3212 720 3266 ἐπτὰ
750 3215 938 3287 ἄρτων.
985 3211 1121 3284 (XV,
1148 3211 1259 3284 32).
1294 3218 1400 3287 Μρ.
1432 3207 1531 3267 χα’.

167 3302 269 3377 λβ,
321 3275 459 3376 Πιερὶ
508 3310 603 3363 τῆς
651 3275 824 3375 ζύμης
853 3309 953 3353 τῶν
994 3275 1296 3374 ἒιδαρισαίων
1326 3275 1417 3353 διαὶ
1447 3295 1843 3355 Σαδδουκαίων.
1876 3275 1918 3333 C

387 3392 567 3464 (XVI,
602 3392 679 3461 5).
707 3396 813 3466 Μρ.
847 3386 954 3462 κβ,
986 3396 1115 3444 Λου.
1150 3386 1265 3462 μὸν.

167 3481 256 3556 λγ’.
293 3487 433 3557 Περὶ
463 3488 560 3541 τῆς
591 3479 639 3532 ἐν
668 3484 961 3556 Καισαρείᾳ
988 3477 1376 3555 ἐπερωτήσεως.
1405 3478 1561 3553 (XVI,
1591 3478 1704 3551 Η).
1733 3485 1841 3554 Μρ.

386 3566 498 3625 κδ’.
532 3574 667 3623 Λου.
694 3567 793 3625 κσ.

170 3732 249 3788 13.
301 3730 383 3787 De
414 3726 772 3801 paralytico.

166 3821 251 3875 14.
292 3820 389 3875 De
417 3816 710 3873 Matthwo
731 3814 1074 3885 publicano.

169 3910 247 3965 15.
294 3908 386 3963 De
408 3905 554 3975 ﬁlia
575 3903 1053 3975 archisynagogi.

161 4001 247 4055 16.
294 3999 391 4053 De
420 3993 677 4052 muliere
703 3992 1013 4064 sanguinis
1030 3991 1317 4063 profluvio
1341 3991 1670 4050 laborante.

162 4091 246 4144 17.
290 4088 391 4143 De
425 4082 653 4140 duobus
678 4081 864 4139 caecis.

158 4179 243 4232 18.
291 4176 383 4232 De
418 4170 791 4229 damoniaco
818 4176 1001 4226 muto.

158 4266 242 4323 19.
287 4266 374 4321 De
405 4258 815 4333 apostolorum
840 4260 1143 4316 electione.

150 4359 238 4410 20.
284 4352 382 4409 De
409 4343 726 4417 discipulis
746 4362 782 4403 a
810 4347 1038 4404 Joanne
1068 4346 1272 4403 missis.

149 4447 237 4498 21.
283 4443 379 4499 De
406 4456 477 4497 eo
510 4436 618 4510 qui
651 4452 884 4493 manum
927 4436 1173 4493 habebat
1203 4435 1455 4494 aridam.

151 4534 237 4589 22.
282 4535 383 4589 De
420 4526 799 4585 damoniaco
829 4541 977 4582 caeco
1008 4532 1061 4583 et
1093 4532 1278 4583 muto.

149 4624 237 4678 23.
282 4624 382 4677 De
417 4614 876 4689 requirentibus
900 4616 1157 4686 signum.

149 4714 238 4767 2-1.
280 4711 381 4767 De
412 4703 755 4779 parabolis.

148 4806 218 4856 25

183 4802 235 4857 5.
284 4800 382 4857 De
420 4794 679 4854 Herode
715 4793 1034 4861 tetrarcha,
1068 4793 1174 4866 qui
1218 4793 1503 4853 Joannem
1533 4793 1852 4855 interemit.

148 4894 237 4946 26.
282 4892 379 4946 De
428 4886 703 4959 quinque
722 4882 1000 4954 panibus.

150 4978 237 5034 i7.
285 4982 381 5036 De
410 4971 827 5033 ambulatione
858 4971 1081 5028 Christi
1105 4986 1285 5042 super
1312 4988 1505 5031 mare.

148 5073 237 5124 28.
284 5069 376 5124 De
417 5061 899 5133 transgressione
925 5061 1197 5131 praecepti
1225 5062 1350 5119 Dei.

152 5160 237 5214 29.
281 5159 384 5214 De
406 5152 731 5212 Phanissa
750 5165 851 5205 seu
881 5148 1246 5209 Ghanonzea.

150 5248 234 5303 30.
280 5249 379 5304 De
407 5242 607 5302 turbis
636 5240 897 5298 sanatis.

153 5338 237 5392 31.
278 5339 377 5395 De
416 5338 639 5406 septem
669 5328 963 5403 panibus.

154 5429 236 5483 32.
275 5428 375 5485 De
398 5426 710 5499 fermento
745 5416 1200 5476 Pharisaeorum
1228 5422 1283 5475 et
1306 5416 1780 5477 Sadduezorum.
1872 5413 1877 5417 ’

160 5514 241 5573 33.
281 5517 369 5577 De
392 5510 885 5588 interrogatione
909 5504 1063 5579 apud
1093 5505 1433 5567 Caesaream.

163 5608 241 5668 34.
277 5609 370 5671 De
395 5597 969 5682 trans/armatione
1008 5594 1254 5655 Christi.

1952 2015 2062 2093 pd".
2097 2024 2223 2108 ΠερὶΪ
2272 2027 2373 2072 τῶν
2405 2014 2504 2071 δύο
2550 2018 2770 2092 τυφλῶν.
2824 2021 2965 2108 (XX,
3005 2025 3117 2096 29).
3172 2028 3277 2099 Μρ.
3333 2025 3428 2082 λα’.
3473 2032 3604 2081 Λου.

2166 2106 2265 2173 ξδ’.

1953 2215 2047 2289 με’.
2089 2223 2213 2292 Περὶ
2234 2226 2324 2280 τῆς
2354 2223 2475 2273 ὕνου
2501 2226 2591 2275 καὶ
2617 2227 2710 2274 τοῦ
2738 2220 2911 2275 πώλου
2929 2221 3085 2295 (XXI,
3117 2224 3189 2296 1).
3208 2230 3317 2300 Μρ.
3338 2221 3443 2296 λβ’.
3475 2229 3621 2280 Λου.

2168 2307 2263 2374 ξη’,
2296 2308 2393 2365 Ὶω.
2426 2307 2517 2370 ιδ’.

1954 2413 2053 2487 μξ.
2082 2420 2209 2489 Περὶ
2235 2424 2332 2468 τῶν
2365 2417 2566 2492 τυφλῶν
2595 2422 2685 2471 καὶ
2713 2417 2919 2491 χωλῶν.
2967 2419 3121 2491 (XXI,
3160 2422 3280 2488 14).

1954 2502 2060 2578 μζ.
2126 2509 2249 2648 Πὶρξ
2300 2515 2396 2570 τῆς
2462 2508 2806 2585 ξηρανθείσης
2850 2505 3068 2571 συκῆς.
3128 2511 3255 2579 XXI,
3346 2508 3450 2570 18).
3502 2516 3607 2588 Μρ.

2196 2617 2263 2648 Ὑ-

2196 2617 2263 2667 γ.

1955 2700 2063 2775 μη’.
2107 2707 2231 2777 Περὶ
2286 2712 2385 2757 τῶν
2439 2701 2874 2779 ἐπερωτησάντων
2931 2708 3018 2759 τὸν
3075 2710 3265 2782 Κύριον
3323 2706 3610 2785 ἀρχιερέων

2169 2816 2259 2863 καὶ
2287 2810 2666 2888 πρεσϐυτέρων.
2701 2814 2855 2884 (XXI,
2887 2815 2999 2885 23).
3033 2821 3138 2887 Μρ.
3167 2814 3251 2870 λε’.
3286 2821 3418 2873 Λου.
3451 2814 3545 2879 ἔθ’.

1956 2897 2061 2973 μθ’.
2093 2905 2218 2974 Περὶ
2248 2908 2347 2952 τῶν
2380 2896 2477 2953 δύο
2507 2902 2630 2953 υἱῶν
2656 2903 2949 2978 παραϐολή.
2983 2907 3135 2975 (XXI,
3169 2905 3281 2977 28).

1991 2987 2049 3045 ν’.
2083 2994 2207 3065 Περὶ
2256 2996 2349 3041 τοῦ
2383 2987 2679 3061 ἀμπελῶνος
2706 2993 2999 3066 παραϐολή.
3034 2994 3206 3065 (XXI,
3233 2994 3347 3066 33).
3378 3001 3484 3069 Μρ.
3508 2994 3607 3058 λς’.

2171 3088 2301 3139 Λου.
2335 3083 2394 3143 ο’,

1954 3188 2052 3246 να’.
2092 3194 2217 3266 Περὶ
2241 3200 2341 3245 τῶν
2366 3193 2690 3267 καλουμένων
2721 3191 2787 3253 εἰς
2814 3194 2901 3243 τὸν
2929 3191 3119 3263 γάμον.
3154 3189 3334 3261 (XXII,
3374 3190 3441 3262 I).
3481 3196 3607 3246 Λου.

2169 3278 2266 3337 νδκ

1955 3384 2063 3459 νβ’.
2111 3392 2235 3460 Περὶ
2265 3397 2356 3442 τοῦ
2382 3396 2600 3449 κήνσου.
2635 3389 2815 3462 (XXII,
2850 3389 2963 3459 15).
2991 3394 3098 3462 Μρ,
3130 3385 3224 3448 λζ’.
3273 3392 3402 3441 Λου.
3433 3386 3530 3444 οα’.

1955 3474 2051 3548 νγ.
2094 3481 2218 3553 Περὶ
2260 3487 2359 3531 τῶν
2385 3476 2778 3533 Σαδδουκαίων.
2830 3478 2963 3550 (XX,
3012 3478 3126 3550 '23).
3178 3484 3289 3549 Μρ.
3337 3475 3439 3535 λη’.
3480 3483 3610 3535 Λου.

2312 3566 2417 3640 οβ’.

1961 3732 2050 3787 35.
2089 3729 2176 3785 De
2206 3727 2483 3785 lunatico.

1958 3816 2049 3872 36.
2088 3818 2176 3873 De
2202 3816 2575 3887 exigentibus
2605 3812 2978 3872 didrachma.

1956 3906 2048 3964 37.
2088 3906 2176 3962 De
2208 3905 2557 3973 dicentibus,
2590 3905 2725 3976 quis
2754 3904 2970 3973 major.

1961 3995 2049 4050 38.
2089 3995 2176 4049 De
2192 3999 2422 4051 centum
2451 3993 2673 4052 ovibus.

1960 4086 2049 4141 39.
2089 4085 2173 4138 De
2199 4099 2266 4140 eo
2284 4083 2385 4154 qui
2404 4082 2640 4140 debebat
2667 4082 2865 4139 decem
2896 4082 3084 4139 millia
3108 4082 3491 4139 talentorum.

1958 4173 2048 4228 40.
2091 4172 2176 4229 De
2200 4173 2678 4243 interrogatione,
2718 4186 2800 4229 an
2834 4170 3033 4229 liceret
3075 4171 3397 4228 divortium
3417 4172 3616 4240 facere

2032 4276 2161 4317 cum
2190 4277 2393 4318 uxore.

1959 4350 2049 4405 41.
2093 4350 2177 4406 De
2198 4349 2380 4408 divite
2406 4349 2799 4420 interrogante
2823 4350 3044 4405 Jesum.

1959 4440 2047 4494 42.
2092 4439 2177 4494 De
2199 4438 2463 4495 mercede
2492 4438 2790 4495 conductis
2819 4437 3130 4509 operariis.

1960 4530 2048 4584 43.
2091 4528 2177 4584 De
2202 4526 2340 4595 ﬁliis
2366 4527 2640 4584 Zebedcei.

1882 4634 1928 4689 ι)
1961 4616 2050 4671 44.
2091 4618 2177 4671 De
2204 4616 2428 4673 duobus
2449 4618 2639 4674 caecis.

1959 4706 2050 4761 45.
2090 4707 2175 4762 De
2202 4707 2376 4763 asina
2414 4711 2468 4761 et
2503 4707 2697 4775 pullo.

1961 4796 2049 4851 46.
2089 4796 2174 4851 De
2201 4796 2362 4853 ctecis
2394 4800 2450 4852 et
2473 4795 2729 4852 claudis.

1962 4886 2049 4941 47.
2087 4886 2173 4941 De
2198 4884 2313 4955 ﬁcu
2341 4900 2472 4956 quae
2495 4885 2753 4942 exaruit.

1962 4977 2050 5031 48.
2091 4975 2179 5030 De
2227 4974 2592 5044 principibus
2630 4974 3008 5030 sacerdotum
3071 4981 3125 5031 et
3154 4973 3473 5032 senioribus
3506 4974 3624 5031 Do-

2032 5064 2254 5119 minum
2280 5063 2809 5133 interrogantibus.

1964 5154 2052 5208 49.
2098 5154 2180 5207 De
2205 5151 2417 5207 duobus
2443 5151 2589 5220 ﬁliis
2616 5151 2933 5221 parabola.

1961 5242 2052 5299 50.
2100 5242 2188 5299 De
2212 5241 2386 5298 vinea
2421 5240 2740 5310 parabola.‘

1894 5336 1895 5343 ‘
1967 5328 2053 5385 51.
2098 5332 2179 5387 De
2206 5329 2429 5386 vocatis
2458 5330 2539 5386 ad
2575 5328 2840 5400 nuptias.

1967 5422 2054 5475 52.
2094 5420 2181 5476 De
2215 5418 2606 5491 quaerentibus
2629 5418 2917 5477 occasione
2948 5431 3179 5477 census.

1964 5506 2055 5563 53.
2099 5512 2173 5565 De
2202 5507 2564 5567 Saddueasis.

1971 5590 2056 5656 54.
2097 5601 2181 5658 De
2206 5590 2347 5672 legis
2376 5599 2636 5657 doctore.
