4110 6376
519 322 618 381 111

1818 305 2174 366 summu
2212 300 2539 387 ZIGABENI

3834 304 3946 366 112

517 445 615 519 νὸν·
659 447 785 522 Πέρὶ
832 444 925 500 τοῦ
963 444 1383 521 ἐπερωτήσαντος
1416 446 1651 515 νομικοῦ.
1684 438 1868 511 (XXII,
1909 437 2017 508 54).
2059 443 2142 511 Μρ

2422 437 2547 507 Περὶ
2596 440 2688 495 τῆς
2728 431 3020 503 ἀλειψάσης
3050 434 3136 485 τόν
3187 434 3375 508 Κύριον
3404 436 3572 509 μύρῳ.
3602 434 3811 506 (XXVI,
3848 440 3933 507 6).

731 537 824 590 λθ’·
859 542 990 592 Λου.
1022 534 1107 590 λε’.

516 647 568 682 νε
593 671 605 684 .
641 631 768 702 Περὶ
802 634 893 687 τῆς
930 633 1021 679 τοῦ
1056 628 1251 700 Κυρίου
1301 622 1661 697 ἐπερωτήσεως
1694 621 1823 694 πρὸς
1862 620 1981 679 τοὺς
2013 623 2168 691 Φαρι-

732 720 933 777 σαίους.
975 715 1161 787 (XXII,
1190 714 1296 783 41).
1329 719 1435 784 Μρ.
1469 709 1539 783 μ’.
1568 715 1697 762 Λου.
1736 714 1836 778 07‘.
1896 744 1901 749 ς

516 804 597 866 νς’.
642 808 766 878 Περὶ
814 811 905 857 τοῦ
964 803 1284 875 ταλανισμοῦ
1324 808 1423 853 τῶν
1483 802 1829 871 Γραμματέων
1876 792 1966 847 καὶ
2011 800 2166 867 Φαρι-

734 898 915 947 σαίων.
953 892 1158 965 (XXIII,
1200 892 1308 962 I3).
1350 894 1479 942 Λου.
1515 886 1620 960 μγ’.

513 982 610 1046 νζ.
652 987 777 1056 Περὶ
810 990 902 1043 τῆς
958 980 1264 1039 συντελείας.
1307 977 1522 1050 (XXIV,
1584 975 1659 1046 3).
1724 981 1829 1046 Μρ.
1866 971 1978 1045 μβ’·
2021 977 2153 1028 Λου.

513 1160 588 1220 ντί
628 1091 1101 1236 Περέετῆςιὴμέρας
1129 1157 1324 1221 ἐκείνης
1351 1160 1441 1211 καὶ
1467 1174 1620 1229 ωρας.
1666 1153 1866 1226 (XXIV,
1902 1154 2013 1222 36).
2054 1156 2157 1226 Μρ.

727 1271 833 1323 r7-

512 1338 584 1392 νθ’
622 1344 749 1413 Περὶ
785 1346 885 1391 τῶν
915 1334 1046 1391 δέκα
1073 1339 1361 1413 παρθένων.
1404 1336 1581 1406 (XXV,
1623 1335 1694 1399 1).

550 1427 610 1491 ξ’.
651 1433 775 1503 Περὶ
802 1436 902 1482 τῶν
940 1430 1006 1481 τὰ
1034 1428 1259 1481 τάλαντα
1293 1424 1571 1480 λαϐόντων.
1603 1422 1784 1494 (XXV,
1822 1422 1938 1491 14).

513 1516 606 1581 Eoi.
651 1523 773 1593 Περὶ
804 1527 898 1581 τῆς
928 1517 1172 1579 ἐλεύσεως
1196 1524 1288 1569 τοῦ
1326 1522 1561 1589 Χριστοῦ
1592 1513 1773 1583 (XXV,
1810 1511 1920 1582 3i).

512 1699 598 1752 55.
640 1696 726 1753 De
750 1696 1199 1767 interrogatione
1226 1694 1308 1751 ad
1341 1693 1691 1750 Phariszos.

510 1785 597 1839 56.
634 1785 717 1841 De
753 1786 1157 1854 deploratione
1185 1784 1525 1840 Scribarum
1555 1788 1605 1838 et
1638 1780 2088 1838 Pharisworum.

510 1878 597 1931 57.
635 1876 720 1931 De
746 1875 1253 1939 consummatione.

510 1961 596 2017 58.
636 1964 723 2019 De
751 1963 845 2021 die
873 1969 925 2021 et
950 1964 1114 2022 hora.

509 2053 593 2107 59.
634 2053 722 2108 De
748 2051 933 2109 decem
961 2052 1304 2124 virginibus.

507 2140 596 2195 60.
639 2141 715 2197 De
746 2141 1003 2199 talentis.

507 2228 601 2288 61.
648 2230 734 2287 De
762 2230 1018 2287 adventu
1061 2228 1300 2287 Christi.

501 2479 965 2539 EVANGELII
981 2478 1413 2537 SECUNDUM
1426 2478 1541 2535 MA
1557 2478 1903 2537 TTH/EUM
1920 2480 2155 2537 ENAR-

571 2554 814 2627 ῘίΑΤΙΟ
863 2569 1171 2640 diligenter
1239 2569 1303 2623 ab
1384 2568 1696 2639 Euthymio
1754 2569 1986 2626 collecta
2051 2586 2154 2641 qui

572 2660 820 2715 maxime
870 2659 1106 2730 quidem
1156 2673 1225 2714 ea:
1278 2658 1767 2727 interpretatione
1818 2660 2011 2715 sancti
2048 2660 2155 2716 Pa-

572 2748 679 2805 tris
718 2747 913 2803 nostri
960 2749 1208 2804 Joannis
1250 2745 1664 2817 Chrysostomi,
1717 2754 2005 2817 praeterea
2044 2754 2098 2805 et
2126 2764 2155 2805 e

571 2836 820 2894 diversis
850 2836 984 2893 aliis
1030 2835 1301 2891 Patribus
1355 2835 1623 2907 quaedam
1678 2836 1737 2890 in
1782 2836 2027 2893 medium
2066 2843 2153 2893 at-

2491 529 2596 594 Μρ.
2630 518 2875 594 μδ’.Λου.
2910 521 3016 578 κα’.
3060 522 3162 579 Ἰω,
3206 521 3297 594 ιβ’.

2278 610 2371 683 ξγ’.
2415 616 2540 685 Περὶ
2576 619 2669 671 τῆς
2703 611 3005 683 ἐτοιμασίας
3043 619 3134 663 τοῦ
3171 614 3389 683 Πάσχα.
3442 613 3633 683 (XXVI,
3671 614 3785 685 17),
3821 622 3931 687 MP.

2533 720 2552 753 ε
2571 740 2582 751 .
2618 706 2747 755 Λου.
2774 699 2860 755 oc'.

2533 722 2582 753 ε.
2618 722 2747 755 Λου.
2774 722 2799 753 ο
2848 740 2860 753 ο

2277 787 2376 853 ξδ’.
2420 722 2542 865 Πεζὶ
2578 794 2790 843 Δείπνου
2810 722 3109 863 ςμυστικοῦ.
3140 792 3342 864 (XXVI,
3374 792 3485 865 26).
3525 801 3630 866 Μρ.
3663 792 3762 867 μς’.
3796 799 3934 848 Λου.

2489 900 2574 936 ος.

2489 902 2513 933 ο
2563 923 2574 936 .

2275 968 2356 1045 ξέ.
2400 902 2542 1044 Περὶς
2564 979 2658 1034 τῆς
2692 968 3033 1044 παραδόσεως
3063 979 3156 1025 τοῦ
3194 971 3390 1031 Ἰησοῦ.
3436 973 3639 1045 (XXVI,
3672 974 3785 1047 46).
3818 982 3935 1049 Μρ.

2518 1082 2615 1133 μς·

2271 1147 2363 1212 ξς’.
2412 1154 2538 1225 Περὶ
2571 1159 2663 1213 τῆς
2695 1150 2958 1225 ἀρνήσεως
3000 1158 3091 1203 τοῦ
3133 1155 3352 1227 Πέτρου.
3393 1152 3599 1225 (XXVI,
3631 1155 3748 1225 69).
3807 1161 3929 1228 Μρ.

2481 1241 2589 1313 μζ’.
2615 1248 2744 1295 Λου.
2770 1240 2867 1298 οη’.

2271 1328 2366 1403 ξιξ.
2408 1334 2532 1405 Περὶ
2568 1340 2658 1391 τῆς
2680 1328 2856 1384 Ἰούδα
2880 1330 3235 1404 μεταμελείας.
3269 1331 3505 1402 (XXVII,
3538 1332 3616 1405 3).

2271 1417 2373 1481 ξη’,
2422 1424 2547 1494 Περὶ
2572 1421 2924 1483 τῆςαίτήσεως
2947 1420 3039 1473 τοῦ
3063 1426 3303 1494 σώματος
3324 1429 3415 1473 τοῦ
3438 1422 3639 1480 Ἰησοῦ.
3674 1421 3939 1493 (XXVII,

2485 1508 2603 1580 57).
2651 1517 2759 1584 Μρ.
2794 1510 2905 1583 μη’.
2948 1516 3083 1568 Λου.
3123 1508 3245 1583 πβᾌ
3295 1510 3396 1564 Ἰω.
3432 1511 3520 1569 ιη’.

2273 1694 2359 1746 62.
2402 1690 2486 1746 De
2514 1705 2581 1747 ea
2606 1706 2736 1761 qua?
2774 1692 2952 1748 unxit
2992 1693 3299 1749 Dominum
3338 1700 3655 1765 unguento.

2199 1788 2244 1844 Β
2274 1782 2365 1837 63.
2413 1780 2816 1851 Interrogatio
2846 1780 2913 1837 de
2939 1783 3373 1851 prwparatione
3404 1784 3672 1841 Pascha.

2274 1873 2367 1926 64.
2414 1870 2495 1925 De
2527 1871 2704 1926 Cwna
2730 1872 2997 1941 mystica.

2274 1961 2367 2016 65.
2414 1960 2502 2016 De
2531 1959 2858 2017 traditione
2886 1962 3040 2015 Jesu.

2273 2052 2360 2104 66.
2400 2050 2486 2105 De
2509 2050 2808 2119 negatione
2840 2049 3029 2105 Petri.

2269 2139 2365 2194 67.
2414 2139 2495 2194 De
2527 2137 2695 2195 Juda’
2728 2138 3077 2208 paenitentia.

2272 2227 2366 2285 68.
2410 2228 2491 2283 De
2515 2227 2787 2299 petitione
2814 2229 3075 2298 corporis
3097 2229 3349 2287 Domini.

2268 2486 2605 2533 EPMHNEIA
2663 2487 2796 2533 ΤΟΥ
2852 2487 3029 2534 ΚΑΤΑ
3081 2486 3440 2534 ΜΑΤΘΑΙΟΝ
3480 2486 3927 2551 ΕΥᾹΓΓΕΛΙΟΥ,

2337 2572 2436 2622 ὑπό
2493 2571 2757 2642 Εὐθυμίου
2808 2570 3091 2643 φιλοπόνως
3139 2570 3493 2644 ἐρωισθείσα,
3546 2571 3777 2643 μάλιστα
3831 2575 3931 2644 μὲν

2337 2658 2438 2711 ἀπὸ
2469 2668 2565 2719 τῆς
2595 2659 2892 2731 ἐξηγήσεως
2927 2666 3017 2712 τοῦ
3059 2662 3109 2711 ἰν
3142 2659 3309 2731 ἁγίοις
3336 2663 3540 2731 Πατρός
3572 2661 3718 2733 ἡμῶν
3748 2658 3931 2712 Ἰωάν-

2332 2778 2419 2810 νου
2460 2766 2550 2810 τοῦ
2578 2763 2978 2831 Χρυσοστόμου,
3012 2760 3085 2809 ἔτι
3117 2754 3176 2809 δε
3206 2762 3294 2809 καὶ
3320 2758 3421 2809 ἀπὸ
3464 2754 3725 2831 διαφόρων
3757 2756 3929 2809 ἄλλων

2336 2861 2594 2931 Ηατέρων,
2640 2860 3105 2928 συνεισενεγκόντος
3156 2857 3273 2907 τινὰ
3308 2860 3397 2908 καὶ
3429 2862 3519 2908 τοῦ
3557 2858 3751 2914 ταύτην
3805 2854 3930 2929 ἐρα-

572 2928 728 2990 tulit,
780 2932 833 2983 et
876 2926 1026 2983 hanc
1068 2926 1528 2996 explanationem
1574 2927 1636 2981 in
1670 2941 1854 2982 unum
1885 2927 2145 2999 collegit.

2332 2926 2635 3019 νισαμένου.
2665 2945 2830 3018 Ἀμήν

568 3017 767 3073 Amen.

568 3106 836 3162 Primum
866 3103 1112 3177 quidem
1144 3120 1237 3160 res
1267 3103 1473 3160 fuisset
1513 3104 1775 3160 maxime
1806 3105 2152 3171 commoda,

498 3195 543 3251 si
575 3195 905 3252 litterarum
934 3194 1110 3250 nobis
1137 3209 1261 3250 non
1293 3198 1450 3249 esset
1475 3208 1630 3265 opus
1659 3193 1897 3258 auxilio,
1935 3194 2042 3250 sed
2072 3199 2154 3251 ta-

495 3284 615 3342 lem
646 3285 972 3340 viveremus
1002 3285 1210 3346 vitam,
1260 3286 1325 3337 ut
1352 3283 1532 3338 corda
1564 3287 1770 3338 nostra
1803 3283 1927 3339 vice
1976 3283 2155 3340 libro-

494 3390 631 3431 rum
658 3372 830 3429 nobis
852 3378 1073 3439 essent,
1096 3377 1153 3427 et
1170 3370 1681 3442 quemadmodum
1706 3370 1767 3427 hi
1795 3376 2149 3441 atramento,

499 3463 583 3519 ita
598 3461 698 3518 illa
721 3461 938 3533 Spiritu
954 3459 1444 3516 inscriberentur.
1470 3459 1688 3514 Verum
1701 3459 1838 3531 quia
1845 3460 1973 3531 jam
1995 3461 2154 3518 hanc

496 3552 828 3623 repulimus
858 3550 1131 3621 gratiam,
1166 3548 1397 3604 utinam
1423 3548 1517 3604 vel
1542 3549 1873 3616 secundum
1897 3550 2154 3622 amplexi

499 3640 819 3696 fuissemus
850 3638 1203 3702 remedium,
1255 3643 1312 3693 et
1353 3637 1556 3693 litteris
1588 3638 1665 3693 ad
1698 3638 1757 3691 id
1804 3639 1969 3710 quod
2001 3654 2154 3711 opus

498 3734 642 3800 erat,
702 3728 791 3783 usi
838 3728 1181 3783 fuissemus.
1227 3727 1325 3781 His
1354 3742 1640 3799 namque,
1690 3727 1791 3799 qui
1824 3727 1932 3782 sub
1962 3728 2153 3785 Veteri

498 3818 662 3874 fuere
692 3820 1087 3881 Testamento,
1134 3822 1281 3888 puta
1333 3819 1475 3886 Noe,
1526 3816 1852 3883 Abraham,
1902 3817 2154 3890 ejusque

496 3907 769 3980 posteris,
805 3906 919 3979 ipsi
948 3912 1235 3978 praeterea
1270 3906 1385 3961 Job
1420 3922 1492 3962 ac
1520 3906 1684 3971 Mosi,
1723 3920 1845 3960 non
1872 3921 1973 3977 per
2003 3906 2150 3963 litte-

496 4012 617 4062 ras,
662 3996 768 4051 sed
800 4011 905 4067 per
957 3995 1219 4068 seipsum
1273 3994 1505 4051 locutus
1556 4000 1647 4051 est
1702 3997 1892 4054 Deus:
1936 4011 2153 4068 nempe

498 4085 599 4157 qui
621 4090 850 4141 mentes
871 4100 1080 4141 eorum
1109 4100 1293 4156 puras
1324 4085 1562 4157 reperit.
1598 4088 1918 4158 Postquam
1950 4091 2151 4142 autem

494 4176 557 4231 in
609 4174 813 4247 ipsum
863 4173 1138 4231 vitiorum
1189 4173 1538 4231 barathrum
1584 4174 1795 4229 cecidit
1833 4174 2152 4230 universus

2335 3061 2542 3129 Πρῶτον
2573 3056 2662 3126 μὲν
2695 3052 2888 3125 ἀγαθόν
2924 3050 3002 3117 ἦν,
3035 3056 3106 3125 μὴ
3141 3049 3351 3104 δεῖσθαι
3390 3053 3527 3123 ἡμᾶς
3557 3059 3652 3114 τῆς
3683 3051 3781 3104 ἀπό
3820 3061 3930 3104 τῶν

2259 3155 2577 3227 γραμμάτων
2600 3148 2980 3223 βοηθείας,ἁλλ’
3004 3150 3139 3202 οὕτω
3173 3151 3501 3223 παρέχεσθαι
3524 3148 3640 3222 βίον
3671 3152 3929 3223 καθαρόν,

2260 3250 2395 3303 ὥστε
2424 3252 2515 3311 τὰς
2558 3251 2807 3323 ἡμετέρας
2855 3245 3081 3322 καρδίας
3121 3247 3231 3300 ἀντὶ
3277 3246 3493 3320 βιϐλίων
3537 3250 3797 3319 γίνεσθαι,
3831 3253 3932 3301 καὶ

2261 3337 2490 3421 καθάπερ
2518 3354 2683 3399 ταῦτα
2714 3343 2804 3399 δια
2835 3347 3067 3419 μέλανος,
3102 3348 3235 3399 οὕτω
3274 3348 3471 3408 ταύτας
3502 3342 3596 3398 διὰ
3628 3350 3931 3420 Πνεύματος

2261 3446 2636 3525 ἐγγεγράφθαι.
2678 3446 2819 3499 Ἐπεὶ
2847 3442 2905 3499 δί
2936 3448 3129 3503 ταύτην
3162 3442 3196 3497 δ
3202 3446 3584 3519 ιεκρουσάμεθα
3610 3449 3704 3503 τὴν
3736 3448 3927 3517 χάριν,

2262 3549 2395 3619 φέρε,
2434 3543 2529 3596 κᾶν
2580 3547 2667 3595 τόν
2727 3540 2965 3616 δεύτερον
3036 3541 3400 3615 ἁσπασώμεθα
3443 3542 3624 3608 πλοῦν,
3676 3548 3765 3596 καὶ
3816 3551 3929 3604 τοῖς

2260 3646 2569 3716 γράμμασιν
2618 3642 2687 3703 εἰς
2729 3639 2843 3694 δεον
2896 3643 3243 3714 χρησώμεθα.
3294 3646 3394 3693 Καὶ
3446 3644 3546 3716 γὰρ
3588 3644 3671 3693 ἓπὶ
3714 3649 3811 3693 τῶν
3868 3640 3926 3693 ἓν

2260 3750 2322 3813 τῇ
2367 3740 2589 3811 Παλαιᾷ,
2646 3748 2717 3810 τῷ
2757 3746 2870 3792 Νῶε
2921 3743 3007 3790 καὶ
3060 3746 3131 3808 τῷ
3186 3737 3423 3811 Ἀϐραὰμ
3470 3743 3559 3791 καὶ
3611 3736 3717 3800 τοῖς
3762 3737 3925 3811 ἐγγό-

2259 3851 2366 3891 νοις
2402 3837 2509 3890 τοῖς
2561 3828 2774 3897 ἐκείνου,
2810 3832 2900 3879 καὶ
2938 3835 3009 3897 τῷ
3054 3826 3193 3895 Ἰὼϐ,
3226 3832 3315 3879 καὶ
3351 3836 3423 3899 τῷ
3454 3829 3673 3900 Μωῦσῇ,
3726 3828 3783 3879 οὐ
3825 3824 3927 3882 διὰ

2260 3928 2581 4002 γραμμάτων
2635 3929 2659 3978 ό
2701 3928 2848 3996 Θεός,
2886 3924 3012 3977 ἀλλὰ
3052 3920 3107 3976 δι
3133 3923 3332 3977 ’ἑαυτοῦ
3374 3921 3649 3995 διελέγετο,
3682 3926 3923 3998 καθαρὰν

2262 4027 2514 4098 εὑρίσκων
2590 4023 2757 4075 αὑτων
2820 4026 2913 4080 τὴν
2981 4018 3243 4077 διάνοιαν.
3311 4024 3454 4074 Ἐπεὶ
3509 4019 3567 4074 δὲ
3634 4022 3706 4084 εἰς
3761 4023 3923 4077 αὐτόν

2262 4118 2348 4167 τόν
2403 4109 2497 4174 τῆς
2545 4116 2728 4173 κακίας
2781 4110 2980 4163 ἐνέπεσε
3035 4113 3270 4183 πυθμένα
3325 4117 3427 4171 πᾶς
3484 4112 3509 4162 ό
3567 4120 3664 4163 τῶν
3712 4111 3921 4187 Ἐϐραί-

2262 4225 2329 4256 ων
2405 4200 2596 4276 δῆμος,
2683 4207 2797 4254 τότε
2887 4201 3064 4253 λοιπόν
3148 4200 3355 4267 πλάκες,
3432 4205 3521 4252 καὶ
3609 4203 3923 4275 γράμματα,

494 4263 882 4321 Hebraeorum
927 4264 1207 4335 populus,
1250 4268 1377 4318 tum
1416 4263 1501 4317 eis
1547 4262 1767 4319 tabula:
1820 4278 1890 4320 ac
1946 4263 2149 4319 litteras

2274 4298 2350 4345 ιαὶ
2424 4295 2454 4350 ἡ
2517 4288 2610 4343 διά
2661 4294 2853 4343 τούτων
2907 4291 3228 4361 ὑπόμνησις.
3293 4289 3517 4362 Ὀμοίως
3569 4285 3627 4343 δε
3690 4296 3779 4343 καὶ
3836 4294 3926 4344 ἐπὶ

496 4354 738 4426 reliquae
760 4354 1016 4418 fuerunt,
1040 4360 1101 4409 ut
1123 4369 1228 4425 per
1241 4353 1349 4408 has
1366 4353 1793 4425 prmteritorum
1817 4359 2153 4409 occurreret

494 4444 809 4499 memoria.
844 4443 1122 4498 Similiter
1138 4448 1339 4499 autem
1351 4448 1408 4498 et
1426 4442 1518 4498 his
1539 4442 1641 4515 qui
1667 4444 1780 4498 sub
1803 4445 1965 4498 Novo
1988 4442 2151 4499 fuere

494 4534 891 4597 Testamento,
919 4531 1177 4603 quisque
1200 4530 1398 4585 videre
1418 4531 1633 4602 poterit
1653 4530 1810 4585 idem
1836 4530 2145 4586 accidisse.

496 4624 693 4692 Neque
715 4619 874 4675 enim
901 4620 1185 4691 apostolis
1214 4619 1453 4675 tradidit
1472 4620 1624 4674 Deus
1644 4619 1980 4691 quidquam
2012 4620 2149 4676 scri-

495 4715 690 4782 ptum,
743 4709 848 4765 sed
899 4709 1226 4765 litterarum
1279 4708 1425 4781 loco,
1481 4707 1731 4780 Spiritus
1789 4710 1981 4765 sancti
2020 4724 2147 4779 gra-

493 4799 636 4857 tiam
670 4815 731 4854 se
763 4800 844 4855 eis
874 4799 1153 4854 daturum
1184 4797 1556 4869 repromisit:
1594 4799 1721 4868 Ille,
1757 4797 1945 4870 inquit
1973 4799 2147 4854 vobis

490 4895 755 4961 suggeret
787 4890 987 4944 omnia
1024 4888 1218 4959 (Joan.
1256 4904 1369 4955 xw,
1419 4886 1538 4957 26).
1599 4888 1667 4942 Ut
1703 4892 1903 4943 autem
1949 4888 2146 4944 discas

486 4978 666 5050 longe
696 4978 757 5035 id
789 4978 1000 5034 melius
1030 4978 1230 5040 fuisse,
1265 4976 1426 5044 audi,
1467 4977 1609 5048 quid
1652 4992 1759 5049 per
1788 4978 2145 5049 prophetam

489 5069 649 5125 dicat
677 5084 688 5123 :
717 5069 987 5125 Statuam
1026 5068 1103 5123 eis
1130 5067 1537 5127 testamentum
1569 5082 1797 5130 novum,
1829 5067 1967 5123 dans
1996 5067 2145 5139 leges

562 5170 580 5205 ¹
622 5169 797 5239 Joan,
827 5184 949 5237 xw,
982 5169 1076 5225 26.

2259 4399 2359 4442 τῶν
2425 4388 2473 4441 ἓν
2526 4398 2587 4462 τῇ
2663 4395 2823 4461 Καινῇ
2880 4396 3033 4440 τοῦτο
3085 4386 3287 4460 συμϐὰν
3336 4382 3447 4439 ἴδοι
3503 4407 3578 4448 τις
3616 4386 3700 4443 ἂν.
3779 4384 3927 4442 Οὐδὲ

2258 4491 2357 4561 γάρ
2424 4495 2529 4548 τοίς
2579 4486 2888 4548 ἀποστόλοις
2941 4482 3105 4537 ἔδωκέ
3155 4504 3202 4537 τι
3257 4487 3490 4559 γραπτὸν
3543 4486 3567 4536 ό
3620 4490 3771 4553 Θεός,
3828 4484 3927 4538 άλλ

2259 4586 2373 4639 ἀντὶ
2429 4587 2750 4661 γραμμάτων
2829 4588 2923 4643 τὴν
2980 4590 3070 4636 τοῦ
3132 4586 3424 4656 Πνεῦματος
3501 4582 3679 4645 αὐτοῖς
3758 4585 3923 4655 ἐπηγ-

2256 4686 2462 4759 γείλατο
2545 4681 2732 4736 δώσειν
2803 4686 2991 4757 χάριν.
3070 4682 3289 4742 Ἐκεῖνος
3352 4684 3454 4755 γὰρ
3507 4684 3641 4754 ὑμᾶς
3687 4680 3924 4754 ἀναμνή-

2260 4804 2358 4852 σει,
2419 4788 2571 4856 φησι,
2604 4785 2798 4839 πάντα.
2858 4786 2960 4836 Καὶ
2996 4783 3079 4834 ἵνα
3114 4780 3309 4855 pacm,
3355 4782 3436 4833 ὁτι
3483 4788 3635 4833 τοῦτο
3680 4779 3809 4833 πολὺ
3840 4783 3923 4851 (2)

2256 4877 2460 4947 ἄμεινον
2534 4870 2614 4941 ἦν,
2667 4874 2911 4940 ἄκουσον,
2982 4869 3075 4924 διὰ
3139 4879 3231 4924 τοῦ
3286 4876 3557 4945 προφήτου
3630 4875 3682 4923 τί
3746 4887 3908 4942 φησι·

2256 4976 2582 5046 Διαθήσομαι
2661 4974 2781 5045 ὑμῖν
2872 4968 3134 5029 διαθήκην
3216 4974 3418 5036 καινὴν,
3542 4965 3731 5031 διδούς
3823 4972 3919 5021 νό-

2254 5085 2381 5147 μους
2468 5084 2565 5138 μου
2661 5062 2730 5124 εἰς
2805 5059 3041 5117 διάνοιαν
3128 5062 3295 5114 αὐτῶν
3364 5064 3453 5113 καὶ
3528 5059 3614 5112 ἐπὶ
3697 5055 3923 5133 καρδίας

1720 5271 1945 5341 Variae
1996 5274 2326 5345 lectiones
2368 5279 2434 5338 et
2470 5278 2672 5337 notae.

558 5392 636 5467 (1)
677 5395 827 5452 Loco
869 5394 1052 5468 hujus
1082 5396 1292 5455 indicis
1322 5396 1385 5454 in
1428 5395 1626 5456 codice
1660 5399 1717 5455 Β.
1753 5404 1841 5457 est
1878 5400 2145 5475 spatium
2251 5400 2363 5463 illo,
2394 5396 2575 5455 modo
2614 5392 2797 5451 habet
2824 5390 3168 5464 Chrystom.
3209 5393 3359 5446 tom.
3415 5384 3535 5458 VII,
3569 5402 3632 5461 p.
3673 5388 3729 5453 2,
3769 5384 3915 5444 edit.

485 5500 768 5541 vacuum.

557 5574 634 5653 (2)
673 5573 795 5629 Ὀτι
847 5574 979 5629 πολύ
1030 5583 1182 5633 τοῦτο
1234 5577 1459 5659 ἄμεινον,
1514 5578 1744 5640 omisso
1793 5572 1875 5643 ἦν.
1931 5581 2000 5644 Α.
2034 5576 2145 5641 Sed

2253 5483 2719 5547 Montet‘alconii.
