4110 6378
197 396 289 455 113

1454 400 1823 460 ΟΟΜΜΕΝΤ.
1863 400 1933 456 IN
1976 393 2412 456 MATTHzEL’M.

3501 389 3605 449 114

194 526 385 603 γραψω
450 527 676 593 αὐτούς·
734 535 828 585 καὶ
882 532 1091 585 ἔσονται
1132 531 1320 595 πάντες
1378 528 1626 586 διδακτοὶ
1672 537 1805 586 Θεοῦ

1937 541 2096 584 meas
2128 525 2188 582 in
2223 531 2477 583 mentem
2527 538 2745 590 eorum,
2787 526 2842 580 et
2866 522 2931 579 in
2960 534 3133 579 carae
3160 518 3401 578 scribam
3434 534 3532 578 eas
3554 520 3600 587 ³,

206 624 304 672 Καὶ
348 620 373 671 ὁ
432 620 647 684 Παῦλος
695 618 775 693 δὲ,
826 626 1025 681 ταὺτην
1081 618 1461 695 ἐνδεικνύμενος
1503 627 1595 681 τὴν
1648 643 1830 696 υπεροα

208 714 331 779 χήν,
373 709 544 782 ἔλεγεν
598 710 859 785 εἰληφέναι
913 716 1086 784 νόμον,
1140 713 1234 766 οὐκ
1278 712 1326 766 ἐν
1376 713 1533 777 πλαξὶ
1584 712 1825 780 λιθίναις,

206 796 306 850 ἀλλ’
359 799 409 851 ἓν
456 799 624 864 πλαξὶ
672 798 901 875 καρδίας
965 807 1252 878 σαρκίναις.
1308 802 1452 856 Ἐπεί
1510 800 1568 856 δὲ
1627 808 1823 879 χρόνου

206 894 472 959 προίόντος
518 889 815 961 ὶξώκειλαν,
868 894 916 944 οἱ
969 896 1056 965 μὲν
1113 889 1388 965 δογμάτων
1439 886 1620 961 ἕνεκεν,
1666 895 1714 945 οἰ
1765 889 1824 946 δὲ

202 976 322 1049 βίον
354 980 447 1030 καί
472 986 699 1055 τρόπον,
746 978 932 1041 ἐδέησε
970 983 1119 1035 πάλιν
1158 993 1247 1045 τῆς
1297 982 1398 1037 ἀπὸ
1443 992 1542 1036 τῶν
1573 984 1823 1057 γραμμά-

201 1087 297 1119 των
346 1070 719 1142 ὑπομνήσεως.
775 1072 1047 1131 Ἐννόησον
1095 1069 1202 1139 οὖν,
1255 1073 1431 1132 ἡλίκον
1483 1072 1595 1126 ἐστὶ
1640 1076 1817 1138 κακὸν,

200 1160 322 1218 τοὺς
377 1159 517 1211 οὕτω
574 1162 820 1234 καθαρῶς
870 1162 1161 1235 ὀφείλοντας
1215 1166 1307 1235 ζῇν
1358 1164 1425 1225 ὡς
1481 1167 1552 1235 μὴ
1610 1159 1821 1215 δεῖσθαι

198 1267 543 1320 γραμματων,
599 1249 706 1303 ἀλλ’
744 1251 860 1304 ἀντὶ
900 1251 1115 1326 βιϐλίων
1154 1258 1405 1327 παρέχειν
1460 1256 1551 1315 τὰς
1594 1251 1821 1327 καρδίας

200 1346 270 1409 τῷ
303 1342 597 1411 Πνεύματι,
639 1337 820 1400 ἐπειδὴ
873 1346 966 1401 τήν
1017 1348 1172 1415 τιμὴν
1214 1342 1550 1416 ἀπωλέσαμεν
1599 1342 1815 1412 ἐκείνην,

197 1433 285 1479 καὶ
332 1434 668 1502 κατέστημεν
721 1431 789 1492 εἰς
850 1437 945 1490 τὴν
1016 1436 1209 1485 τούτων
1276 1438 1487 1508 χρείαν,

200 1513 428 1589 δευτέρῳ
484 1522 793 1593 κεχρῆσθαι
853 1523 1127 1596 φαρμάκῳ,
1196 1521 1302 1574 ἀλλ’
1363 1521 1471 1582 εἰκῆ
1509 1526 1600 1574 καὶ
1652 1524 1821 1594 μάτην

199 1613 450 1679 περιορᾷν
481 1613 696 1681 κείμενα
723 1611 789 1661 τὰ
825 1613 1130 1685 γράμματα,
1182 1612 1303 1685 ὅπερ
1351 1613 1433 1663 ἱνα
1479 1615 1551 1683 μὴ
1584 1616 1820 1684 γένηται,

200 1699 336 1767 φέρι,
384 1700 741 1770 προσέχωμεν
782 1700 878 1771 (3),
940 1707 1049 1762 τοῖς
1091 1705 1491 1776 γεγραμμένοις,
1540 1706 1629 1753 καὶ
1679 1701 1821 1774 φιλο-

200 1790 489 1859 πονωτερον
548 1787 867 1860 ἐξετάζωμεν
936 1794 1030 1847 τήν
1096 1790 1316 1843 ἑκάστου
1390 1787 1632 1863 δύναμιν,
1689 1794 1820 1845 ὥστε

202 1878 289 1924 καὶ
320 1873 549 1927 πλοῦτον
581 1876 745 1948 ὀρθῶν
778 1873 1055 1950 δογμάτων
1095 1878 1316 1933 ἐντεῦθεν
1350 1878 1814 1956 ἀποθησαυρίζειν,

200 1967 287 2013 καὶ
316 1963 590 2036 συλλέγειν
620 1965 881 2029 πολιτείας
912 1968 1089 2039 ὑγιοῦς
1117 1965 1506 2041 ὑποδείγματα.

264 2201 420 2249 Διατί
452 2192 535 2262 δὲ,
572 2193 785 2251 δώδεκα
831 2206 927 2251 τῶν
958 2199 1257 2255 ἀποστόλων
1300 2202 1476 2269 ὄντων,
1526 2198 1623 2255 δύο
1665 2205 1813 2275 μόνοι

191 2288 496 2360 γράφουσιν
576 2285 632 2350 ἐξ
717 2289 886 2340 αὑτῶν
988 2289 1298 2362 Εὑαγγέλια,
1372 2294 1645 2355 Ματθαίος
1723 2296 1812 2346 καὶ

191 2373 437 2437 Ἰωάννης
472 2394 486 2443 ;
518 2379 585 2428 Οἱ
621 2378 724 2449 γὰρ
763 2378 927 2451 ἕτεροι
959 2375 1055 2431 δύο
1096 2379 1371 2434 ἀκόλουθοι
1418 2381 1608 2454 μᾶλλον
1652 2379 1807 2441 ἦσαν·

184 2467 409 2535 Μάρκος
476 2467 591 2536 μὲν,
667 2469 885 2539 Πέτρον⁸
956 2469 1161 2521 Παύλου
1230 2465 1307 2541 δὲ,
1377 2476 1606 2532 Λουκᾶς.
1671 2474 1812 2524 Διότι

186 2549 341 2606 οὐδὲν
401 2552 612 2606 ἐποίουν
688 2559 812 2630 πρὸς
881 2556 1199 2631 φιλοτιμίαν,
1259 2558 1387 2612 ἀλλὰ
1448 2562 1616 2613 πάντα
1678 2564 1810 2634 πρὸς

184 2648 399 2715 χρείαν.
473 2644 573 2697 Τὸν
780 2647 881 2718 γὰρ
957 2649 1224 2700 Ματθαῐον
1299 2651 1348 2701 οἱ
1420 2649 1473 2712 ἐξ
1537 2646 1808 2703 Ἰουδαίων

1549 1429 1689 1505 μηδὲ
1752 1440 1821 1503 τῷ
1858 1430 1901 1485 Β
1932 1436 2124 1476 remus
2155 1420 2339 1475 corda
2372 1418 2614 1491 Spiritui
2640 1437 2657 1489 ;

1940 621 2235 688 eruntque
2269 630 2458 671 omnes
2485 615 2670 672 edocti
2688 629 2722 669 a
2748 615 2864 671 Deo
2895 616 2937 667 ³.
2959 612 3093 684 Ipse
3118 625 3357 683 quoque
3385 609 3603 667 Paulus

1938 707 2092 762 hanc
2138 705 2413 762 indicans
2445 703 2854 760 excellentiam
2879 704 2920 767 ⁴,
2966 701 3107 757 dicit
3134 704 3437 771 acceptam
3472 714 3603 757 esse

1934 794 2127 867 legem
2152 810 2275 851 non
2305 794 2367 850 in
2401 792 2617 849 tabulis
2636 791 2915 864 lapideis,
2936 792 3043 847 sed
3064 791 3126 847 in
3154 790 3374 846 tabulis
3395 789 3593 846 cordis

1933 885 2184 941 carneis.
2226 883 2333 940 Ubi
2362 898 2504 939 vero
2545 882 2829 952 temporis
2866 894 3184 952 progressu
3213 877 3597 951 naufragium

1932 973 2197 1030 fecerunt
2228 990 2238 1027 :
2268 972 2513 1045 quidam
2545 987 2687 1027 sane
2714 970 3074 1040 dogmatum
3113 983 3317 1033 causa,
3344 967 3594 1025 aliivero

1932 1062 2054 1117 vita
2085 1078 2155 1118 ac
2182 1061 2452 1116 moribus
2484 1085 2496 1113 :
2522 1075 2762 1115 rursum
2793 1058 3086 1115 memoria
3115 1072 3269 1129 opus
3298 1056 3426 1121 fuit,
3454 1071 3593 1127 quin

1932 1170 1964 1207 ιι
1998 1151 2199 1207 .itteris
2225 1149 2675 1206 subministrari
2707 1147 2874 1205 solet.
2898 1148 3105 1218 Cogita
3134 1162 3276 1216 ergo
3297 1150 3593 1219 quantum

1928 1242 2103 1298 fuerit
2142 1241 2391 1306 malum,
2424 1239 2527 1312 qui
2569 1239 2721 1295 adeo
2764 1254 2911 1311 pure
2952 1238 3151 1293 vivere
3181 1235 3589 1302 debuerimus,

1927 1336 1992 1387 ut
2015 1330 2221 1388 litteris
2255 1344 2375 1386 non
2407 1329 2834 1399 indigeremus,
2875 1327 2980 1384 sed
3009 1342 3119 1399 pro
3164 1325 3331 1382 libris
3368 1324 3593 1397 praebe-

2717 1419 3046 1490 postquam
3097 1416 3388 1472 honorem
3420 1414 3589 1469 illum

1930 1508 2326 1582 perdidimus,
2348 1523 2419 1564 ac
2448 1507 2736 1580 nosipsos
2766 1506 2827 1562 in
2853 1506 3011 1563 hanc
3037 1504 3455 1561 constituimus
3494 1518 3591 1559 ne-

1931 1599 2289 1662 cessitatem,
2310 1602 2375 1652 ut
2403 1612 2474 1652 ne
2499 1589 2689 1652 altero
2701 1594 2951 1669 quidem
2971 1598 3215 1650 utamur
3232 1593 3586 1666 pharmaco,

1931 1687 2036 1743 sed
2061 1688 2238 1759 quasi
2280 1686 2497 1742 frustra
2524 1701 2594 1741 ac
2619 1685 2676 1741 in
2711 1699 2939 1741 vanum
2986 1684 3247 1755 iacentes
3297 1680 3589 1755 despicia-

1931 1793 2066 1832 mus
2092 1776 2335 1833 litteras.
2378 1775 2440 1830 Id
2472 1789 2615 1845 ergo
2643 1789 2719 1829 ne
2761 1772 2887 1840 ﬁat,
2946 1785 3057 1849 age
3115 1787 3284 1838 sane,
3314 1770 3409 1827 his
3448 1785 3586 1843 quas

1928 1866 2150 1938 scripta
2189 1871 2329 1920 sunt
2361 1863 2635 1921 animum
2676 1862 3079 1928 advertamus,
3113 1860 3194 1917 ad
3241 1860 3586 1930 diligentius

1928 1955 2221 2027 cujusque
2260 1955 2414 2010 vires
2447 1956 2802 2017 scrutemur,
2833 1954 2978 2007 utet
3006 1952 3309 2006 rectorum
3339 1947 3586 2018 dogma-

1926 2049 2055 2102 tum
2084 2043 2342 2109 divitias,
2366 2047 2657 2116 tanquam
2687 2043 3062 2105 thesaurum,
3087 2039 3350 2096 eﬁ‘odere
3384 2039 3580 2105 liceat,

1923 2137 1979 2191 et
2017 2136 2233 2190 sanctae
2261 2131 2734 2189 conversationis
2755 2130 3032 2203 exempla
3058 2128 3348 2199 colligere.

1995 2224 2183 2288 Quam
2209 2223 2285 2277 ob
2316 2236 2588 2287 causam,
2617 2221 2885 2290 obsecro,
2928 2236 3067 2275 cum
3110 2217 3433 2274 duodecim
3457 2217 3580 2274 fue-

1918 2312 2039 2367 rint
2067 2310 2336 2385 apostoli,
2393 2309 2507 2367 soli
2536 2325 2611 2366 ex
2657 2309 2744 2365 eis
2783 2308 2926 2373 duo,
2974 2307 3274 2364 Matthteus
3311 2306 3586 2363 videlicet

1920 2404 1977 2457 et
2032 2402 2317 2467 Joannes,
2396 2398 2707 2467 Evangelia
2772 2396 3227 2469 conscripsere?
3273 2395 3583 2468 Siquidem

1918 2488 2130 2561 reliqui
2156 2488 2297 2554 duo,
2328 2487 2607 2560 discipuli
2650 2486 2851 2559 potius
2905 2501 2976 2542 ac
3024 2487 3343 2541 sectatores
3372 2486 3580 2540 erant:

1919 2581 2148 2636 Marcus
2201 2576 2441 2649 quidem
2500 2576 2673 2642 Petri,
2734 2563 2921 2632 Lucas
2962 2589 3104 2630 vero
3156 2572 3338 2629 Pauli.
3388 2571 3452 2628 Id
3511 2588 3586 2631 ea

1919 2683 2106 2723 causa
2128 2671 2330 2723 actum
2357 2665 2621 2739 est,quia
2646 2665 2793 2721 nihil
2818 2664 3025 2734 gloriae
3053 2678 3239 2721 causa
3258 2661 3578 2728 faciebant,

184 2734 567 2792 πιστεύσαντες
627 2734 983 2809 παρεκάλεσαν
1051 2740 1306 2811 ἔγγραφον
1378 2739 1552 2793 αὐτοῖς
1608 2738 1806 2809 ἀφεῖναι

1919 2756 2026 2812 sed
2059 2756 2265 2812 onmia
2303 2734 2573 2825 engente
2620 2754 2991 2811 necessitate.
3023 2752 3363 2810 Matthasum
3395 2752 3577 2817 enim,

184 2825 278 2877 τὴν
363 2828 461 2872 τοῦ
538 2825 870 2897 κηρύγματος
947 2828 1200 2902 ἱστορίαν,
1266 2828 1327 2887 ἣν
1400 2832 1648 2903 πρότερον
1715 2825 1811 2883 διὰ

183 2909 428 2979 γλώττης
487 2910 675 2973 αὐτοὺς
728 2909 960 2977 ἐδίδαξε·
1008 2919 1094 2968 τόν
1145 2913 1204 2970 δὲ
1253 2920 1465 2993 Μάρκον
1517 2920 1708 2990 ὁμοίως
1758 2920 1808 2971 οἱ

187 2998 237 3048 ἐν
287 2997 547 3071 Αἰγύπτῳ
599 3004 1002 3073 μαθητευθέντες
1055 3005 1214 3077 αὐτῷ.
1270 3012 1371 3060 Καὶ
1419 3009 1445 3059 ό
1492 3014 1700 3071 Λουκᾶς
1749 3005 1809 3062 δὲ

188 3088 389 3140 τέθεικε
470 3094 566 3147 τήν
638 3090 806 3143 αἰτίαν
874 3101 965 3155 τῆς
1021 3105 1226 3168 γραφῆς
1300 3104 1392 3150 τοῦ
1467 3098 1805 3171 Εὗαγγελίου,

188 3175 661 3251 ἀπολογησάμενος
715 3185 843 3253 πρὸς
898 3186 984 3235 τὸν
1044 3186 1309 3259 Θεόφιλον,
1370 3188 1451 3240 ὄτῖ
1513 3185 1583 3242 δι’
1630 3188 1805 3263 ἀσφά-

184 3265 326 3318 λειαν
381 3267 547 3320 αὐτοῦ
584 3277 736 3321 τοῦτο
792 3272 1103 3347 συνέγραψε.
1175 3279 1308 3334 Φησὶ
1366 3279 1488 3350 γάρ·
1533 3276 1645 3331 Ἰνα
1688 3276 1805 3331 ἐπι-

182 3363 337 3425 γνῷς,
434 3361 556 3428 περὶ
635 3359 701 3409 ὧν
776 3364 1097 3433 κατηχήθης
1186 3364 1369 3436 λόγων,
1453 3371 1545 3426 τὴν
1641 3367 1806 3441 ἀσφά-

180 3444 349 3501 λειαν,
412 3446 471 3498 Ὀ
538 3442 595 3499 δὲ
640 3446 874 3511 Ἰωάννης
929 3449 1159 3524 ἐντυχὼν
1218 3461 1324 3516 τοῖς
1378 3459 1572 3508 τούτων
1632 3457 1804 3531 Εὐαγ-

179 3533 395 3604 γελίοις,
451 3539 543 3587 καὶ
598 3532 741 3603 ἰδὼν,
802 3539 882 3591 ότι
954 3545 1040 3592 καὶ
1102 3544 1149 3594 οἱ
1204 3550 1337 3617 τρεῖς
1397 3552 1468 3616 τῷ
1525 3551 1643 3621 περὶ
1710 3557 1804 3611 τῆς

180 3622 627 3695 ἐνανθρωπὴσεως
696 3634 787 3679 τοῦ
866 3636 1101 3704 Σωτῆρος
1169 3628 1496 3708 ἐνδιέτριψαν
1571 3635 1804 3711 μάλιστα

179 3710 337 3783 λόγῳ,
402 3717 496 3765 καὶ
552 3713 729 3767 λοιπὸν
792 3717 992 3788 ἔμελλον
1060 3718 1505 3782 ἀποσιωπηθῆναι
1682 3732 1800 3802 περὶ

178 3808 268 3859 τῆς
318 3803 566 3862 θεότητος
612 3804 772 3856 αὐτοῦ
822 3802 1083 3880 δόγματα,
1135 3818 1228 3863 τοῦ
1276 3819 1510 3885 Χριστοῦ
1552 3820 1798 3874 κινήσαν-

177 3908 260 3950 τος
306 3891 492 3957 αὐτόν,
544 3888 692 3949 ἦλθεν
723 3892 805 3948 ἐπὶ
830 3901 924 3955 τὴν
971 3906 1063 3950 τοῦ
1104 3900 1419 3973 Εὐαγγελίου
1472 3911 1796 3979 συγγραφήν.

177 3983 267 4031 Διό
327 3985 424 4032 καὶ
478 3981 538 4032 ὲκ
590 3988 873 4057 προοιμίων
922 3992 1039 4061 περὶ
1097 3988 1264 4041 αὐτῶν
1330 3987 1647 4064 διαλέγεται.
1708 3997 1800 4050 Διά

179 4075 353 4121 ταῦτα
382 4072 485 4141 γὰρ
546 4076 724 4125 καὶτὸ
763 4080 863 4126 πᾶν
909 4073 1111 4147 βιϐλίον
1162 4082 1428 4139 συνέθηκε.
1467 4086 1531 4134 Σὺ
1569 4079 1627 4137 δὲ
1677 4086 1799 4137 θαύ-

1919 2844 2012 2915 qui
2043 2862 2114 2902 ex
2143 2844 2366 2902 Iudaeis
2391 2844 2784 2909 crediderant,
2827 2843 3312 2905 obsecraverunt,
3348 2844 3415 2898 ut
3440 2840 3581 2897 scri-

1915 2938 2087 3006 ptam
2119 2933 2475 3006 relinqueret
2504 2933 2649 3005 ipsis
2683 2931 2989 3003 Evangelii
3019 2930 3358 2995 historiam,
3392 2944 3580 3002 quam

1916 3024 2086 3096 prius
2141 3038 2243 3079 eos
2289 3022 2475 3079 verbo
2534 3021 2841 3077 docuerat.
2893 3020 3172 3077 Similiter
3214 3023 3271 3076 et
3313 3021 3579 3076 Marcum

1858 3180 1859 3183 η
1917 3112 2019 3185 qui
2040 3112 2100 3167 in
2114 3112 2372 3184 [Egypto
2401 3110 2591 3167 edocti
2617 3100 2867 3166 fuerant.
2889 3110 3079 3164 Lucas
3107 3112 3311 3165 autem
3338 3122 3579 3165 causam

1916 3201 2106 3273 addit,
2147 3217 2253 3257 cur
2308 3199 2700 3270 Evangelium
2756 3197 3196 3270 conscripserit,
3250 3197 3455 3253 dicens
3499 3197 3579 3254 ad

1913 3289 2329 3363 Theophilum,
2362 3306 2422 3345 se
2450 3290 2565 3345 hoc
2594 3294 2836 3361 propter
2882 3286 3303 3343 certitudinem
3358 3286 3575 3343 faccre.

1913 3380 2007 3436 Ait
2033 3381 2228 3435 enim:
2258 3380 2330 3436 Ut
2355 3393 2632 3449 agnoscas
2663 3394 2877 3443 eorum,
2934 3377 3009 3433 de
3050 3375 3264 3448 quibus
3316 3377 3577 3433 imbutus

1909 3470 2142 3539 fueras,
2177 3468 2617 3526 certitudz‘nem5
2653 3470 2934 3524 Joannes
2964 3481 3107 3523 vero
3122 3466 3342 3522 horum
3363 3469 3577 3523 nactus

1913 3556 2251 3628 Evangelia,
2295 3544 2627 3629 vidensque
2676 3560 2793 3614 tres
2821 3559 3091 3612 versatos
3123 3556 3185 3611 in
3211 3570 3283 3611 eo
3312 3555 3576 3611 maxime

1912 3663 2212 3714 sermone,
2237 3662 2356 3718 quo
2377 3647 2692 3704 Salvatoris
2713 3646 3192 3702 incarnationem
3211 3645 3578 3702 demonstra-

1909 3741 2056 3802 rent,
2083 3740 2142 3793 et
2184 3739 2501 3809 propterea
2532 3736 2816 3805 dogmata
2840 3751 2978 3808 quas
3021 3735 3399 3792 divinitatem
3449 3736 3576 3806 ejus

1908 3826 2260 3897 tangebant,
2298 3826 2530 3882 silentio
2572 3826 2980 3898 praeterierunt
3018 3824 3197 3882 :ideo
3230 3823 3460 3881 Christo
3488 3824 3577 3897 ip-

1912 3932 2041 3971 sum
2055 3915 2131 3972 ad
2144 3914 2527 3971 scribendum
2544 3915 2921 3987 Evangelium
2939 3914 3283 3985 instigante,
3302 3913 3571 3971 accessit.

1912 4004 2077 4062 Unde
2098 4005 2277 4061 etiam
2306 4005 2581 4077 protinus
2609 4004 2682 4061 ab
2713 4003 2879 4061 initio
2903 4004 2977 4060 de
3003 4004 3098 4060 his
3121 4002 3357 4061 disserit
3385 4020 3397 4060 :
3424 4018 3571 4061 nam

1917 4094 1997 4150 ob
2026 4094 2154 4150 haec
2182 4092 2400 4149 librum
2427 4108 2670 4149 omnem
2703 4092 2976 4150 confecit.
3021 4092 3332 4150 Admirare
3370 4098 3573 4149 autem

178 4176 376 4227 μασον,
420 4167 534 4219 ποῦς
583 4165 714 4231 μήτε
764 4166 900 4216 κατὰ
946 4168 1032 4217 τόν
1087 4166 1241 4220 αὐτὸν
1289 4173 1470 4243 καιρὸν
1518 4173 1582 4224 τὰ
1626 4174 1796 4247 Εὐαγ-

1919 4183 2062 4255 quod
2090 4198 2229 4238 cum
2255 4197 2449 4255 neque
2475 4198 2596 4239 uno
2624 4187 2911 4255 tempore,
2942 4197 3140 4256 neque
3177 4182 3310 4238 loco
3354 4181 3571 4239 eodem

176 4246 325 4316 γέλια
398 4248 818 4320 συγγράψαντες,
873 4258 1005 4325 μήτε
1065 4259 1201 4308 κατά
1255 4262 1342 4311 τὸν
1397 4260 1551 4313 αὐτὸν
1617 4267 1793 4334 τόπον,

175 4341 310 4431 μήτε
367 4336 864 4411 κοινολογησάμενοι
913 4347 1045 4418 πρὸς
1102 4343 1371 4416 ἀλλήλους,
1414 4350 1573 4422 ὅμως,
1620 4354 1792 4431 ὥσπερ

176 4423 256 4495 si?”
315 4424 432 4486 ἑνός
506 4432 780 4500 στόματος,
836 4434 884 4484 οἱ
950 4436 1195 4508 τέσσαρες
1258 4439 1584 4510 φθέγγονται,
1641 4444 1689 4495 ἓν
1739 4423 1796 4517 γε

175 4522 284 4576 τοῖς
332 4520 567 4587 καιρίοις
616 4522 703 4570 καὶ
775 4530 1089 4585 συνεκτικοῖς
1145 4532 1235 4585 τῆς
1264 4531 1485 4589 πίστεως
1533 4525 1790 4605 δόγμασι,

174 4609 262 4655 καὶ
320 4603 529 4663 πολλὴν
586 4604 967 4662 ἐπιδείκνυνται
1030 4618 1149 4687 περὶ
1204 4622 1369 4668 ταῦτα
1423 4622 1516 4676 τὴν
1573 4603 1791 4695 συμφω-

172 4700 303 4758 νίαν,
348 4694 479 4763 οἷον,
539 4695 617 4746 ὅτι
661 4697 687 4747 6
729 4701 853 4758 Θεὸς
890 4704 1090 4771 γέγονεν
1139 4704 1427 4777 ἄνθρωπος,
1476 4712 1565 4761 καὶ
1616 4694 1695 4761 ὅτι
1738 4710 1793 4765 ἐκ

176 4786 448 4856 Παρθένου
508 4788 830 4855 γεγέννηται,
904 4794 994 4842 καὶ
1071 4792 1151 4843 ὅτι
1220 4795 1463 4867 θαύματα
1517 4804 1789 4873 πεποίηκε,

173 4875 254 4922 καὶ
302 4872 395 4922 ὅτι
426 4870 783 4945 σωηριὼδεις
834 4872 1060 4931 δέδωκεν
1108 4879 1330 4955 ἐντολὰς,
1364 4890 1455 4938 καὶ
1497 4888 1575 4941 ὅτι
1602 4870 1789 4942 ieram;

172 4961 337 5029 ρωθη,
366 4965 462 5013 καὶ
493 4961 576 5013 ὅτι
621 4960 802 5035 ἐτάφη,
835 4971 925 5018 καὶ
976 4968 1056 5020 ὅτι
1101 4968 1313 5042 ἀνέστη,
1346 4979 1436 5037 καὶ
1465 4977 1544 5028 ὃτι
1581 4958 1787 5049 ἀνῆλθε,

172 5052 256 5098 καὶ
311 5051 403 5100 ὃτι
454 5052 627 5121 μέλλει
690 5058 863 5126 κρῖναι
936 5057 1147 5129 πάντας,
1229 5064 1450 5116 καὶςότι
1509 5073 1791 5139 μονογενὴς

172 5154 311 5188 εστιν
369 5141 513 5205 Υιὸς,
571 5143 661 5192 καὶ
722 5142 802 5194 ὅτι
855 5144 1132 5215 ὁμοοὺσιος
1176 5155 1263 5202 καὶ
1315 5148 1645 5228 ὁμοδύναμος
1697 5163 1785 5212 καὶ

171 5230 422 5297 ομότιμος
478 5234 553 5298 τῷ
593 5235 780 5303 Πατρὶ,
830 5236 921 5285 καὶ
969 5235 1069 5288 ὅσα
1113 5246 1351 5294 τοιαῦτα.
1401 5242 1463 5296 Εἰ
1512 5240 1573 5297 δέ
1616 5264 1668 5297 τι
1695 5251 1786 5300 καὶ

1907 4272 2276 4345 scripserint,
2321 4288 2518 4346 neque
2552 4288 2643 4329 res
2704 4272 2856 4329 inter
2903 4286 3034 4328 sese
3090 4271 3570 4329 communicave-

1904 4363 2041 4427 rint,
2077 4366 2279 4418 tamen
2309 4361 2483 4433 quasi
2510 4377 2583 4417 ex
2609 4376 2732 4417 uno
2764 4376 2866 4417 ore
2917 4364 3179 4433 quatuor
3215 4359 3566 4433 loquuntur,

1905 4450 1968 4506 in
1989 4451 2079 4506 his
2102 4453 2401 4523 praecipue
2425 4450 2816 4521 dogmatibus
2838 4465 2975 4522 quas
2999 4448 3135 4506 ﬁdei
3156 4449 3480 4506 ﬁrmitatem
3495 4464 3565 4506 ac

1842 4556 1859 4579 ν
1907 4543 2135 4596 statum
2203 4542 2512 4611 spectant:
2548 4539 2748 4609 veluti,
2804 4538 2973 4612 quod
3027 4540 3182 4595 Deus
3235 4538 3430 4596 factus
3488 4538 3567 4596 sit

1904 4628 2086 4684 homo
2112 4646 2125 4696 ;
2160 4628 2319 4700 quod
2346 4628 2473 4685 site
2498 4628 2736 4699 Virgine
2760 4633 2937 4686 natus
2963 4650 2974 4695 ;
2999 4629 3165 4701 quod
3205 4628 3568 4686 admiranda

1902 4722 2185 4790 operatus
2212 4718 2320 4785 sit;
2346 4720 2508 4791 quod
2541 4718 2752 4775 salutis
2774 4723 3066 4791 praecepta
3093 4718 3324 4776 dederit
3357 4738 3369 4789 ;
3398 4718 3565 4792 quod

1902 4806 2217 4862 cruciﬁxus
2248 4806 2323 4863 sit
2373 4822 2443 4881 ac
2493 4807 2783 4880 sepultus,
2826 4807 2993 4879 quod
3042 4804 3449 4873 resurrexerit,
3506 4811 3565 4865 et

1904 4895 1962 4951 in
1986 4895 2205 4951 cmlum
2227 4899 2578 4968 assumptus
2604 4896 2677 4952 sit
2706 4918 2717 4961 ;
2747 4886 3045 4969 quodque
3063 4910 3275 4953 omnes
3310 4895 3387 4952 sit
3405 4894 3564 4968 judi-

1901 4987 2144 5040 caturus
2169 5002 2186 5055 ;
2220 4984 2387 5057 quod
2418 4984 2762 5053 unigenitus
2816 4985 2889 5041 sit
2946 4984 3123 5042 Filius
3171 4988 3227 5041 et
3286 4984 3560 5057 ejusdem

1900 5071 2271 5136 substantias,
2330 5071 2659 5146 similisque
2702 5073 2983 5145 potentias
3008 5088 3079 5129 ac
3116 5073 3363 5129 honoris
3419 5088 3560 5130 cum

1900 5160 2093 5227 Patre,
2125 5165 2452 5235 casteraque
2468 5161 2877 5234 husjusmodi.
2910 5162 3079 5229 Quod
3103 5162 3154 5219 si
3179 5162 3557 5236 aliquantum

1898 5248 1963 5306 in
1988 5250 2082 5308 his
2110 5265 2242 5323 quae
2281 5251 2620 5309 necessaria
2648 5266 2771 5309 non
2803 5254 2963 5317 sunt,
2990 5251 3221 5310 dissoni
3258 5238 3553 5320 videntur,

306 5403 537 5502 gerenti.
575 5422 817 5477 xxxviii,
864 5410 955 5478 31,
982 5412 1072 5483 33,
1098 5418 1418 5478 secundum
1447 5422 1616 5480 LXX
1644 5425 1745 5498 qui
1767 5425 1975 5499 abigue
2004 5426 2098 5486 hic
2143 5429 2471 5488 laudantur
2547 5434 2567 5467 ³
2596 5430 2712 5489 Isa.
2744 5446 2855 5502 LIV,
2892 5429 2977 5488 l3.
3056 5429 3130 5486 ‘II
3181 5428 3312 5492 Cor.
3365 5446 3444 5501 ιιι,
3495 5436 3549 5490 3.

172 5473 191 5506 ‘
220 5474 361 5532 Luc.
402 5481 450 5543 l,
480 5479 535 5532 4.

1428 5644 1646 5709 Variae
1679 5648 1994 5713 lectiones
2016 5655 2079 5711 et
2106 5654 2302 5715 notae.

238 5758 313 5826 (3)
348 5756 498 5814 Μετά
524 5759 793 5836 ἀκριϐείαις
825 5760 992 5822 addit
1014 5762 1058 5823 Ι.
1083 5763 1122 5823 l.
1154 5765 1457 5843 Chrysost.
