4110 6380
550 362 653 422 H5
1844 360 2204 424 EUTHYMII
2241 355 2572 417 ZIGABENI
3815 361 3917 423 116

550 490 860 565 Ιιωοίρεει,
922 506 1053 564 quas
1105 493 1367 564 apparet,
1422 490 1820 559 dissonantia,
1850 490 2115 547 maxima
2141 488 2209 547 ﬁt

2323 492 2433 560 περὶ
2489 490 2555 539 τὰ
2608 490 2680 561 μή
2742 484 3005 560 ἀναγκαῖα
3063 482 3335 562 διαφωνεῖν
3396 485 3601 561 ἔδοξαν,
3658 489 3846 564 μᾶλλον
3884 493 3913 552 ἠ

550 583 815 640 veritatis
853 580 1309 653 demonstratio,
1341 584 1398 638 et
1426 597 1526 638 eos
1578 580 1733 637 omni
1782 580 1987 636 liberat
2018 580 2208 651 suspi-

2323 573 2555 630 δοκοῦσα
2585 577 2718 635 αὕτη
2754 572 3029 649 διαφωνία,
3074 582 3301 650 μεγίστη
3337 583 3533 651 γίνεται
3561 589 3653 641 τῆς
3679 579 3916 645 ἀληθείας

558 672 755 729 cione.
797 670 862 731 Si
887 670 1038 728 enim
1066 671 1121 725 in
1151 669 1434 727 omnibus
1459 669 1537 727 ad
1568 674 1825 742 tempus,
1876 684 2087 742 usque,
2121 668 2206 725 lo-

2323 663 2601 731 ἀπόδειξις,
2658 670 2747 718 καὶ
2812 667 2989 728 πάσης
3047 666 3231 728 αὐτούς
3292 667 3524 739 ὑποψίας
3582 667 3913 729 ἀπαλλάττει.

554 777 719 827 cum,
753 776 824 817 ac
852 759 1042 816 verba
1073 759 1413 815 conformes
1428 758 1699 831 fuissent,
1716 758 1910 815 nullus
1936 759 2205 814 animum

2323 755 2499 829 Εἰγάρ
2544 756 2715 807 πάντα
2757 759 2921 829 μέχρι
2964 762 3149 829 καιροῦ
3197 761 3287 811 καὶ
3332 762 3495 810 τόπου
3544 763 3629 811 καὶ
3669 759 3913 834 ῥημάτων

562 850 843 909 inducere
873 850 1180 923 potuisset,
1214 849 1360 922 quin
1391 850 1541 905 inter
1569 864 1632 905 se
1686 848 2121 913 convenissent.
2144 851 2207 905 ut

2323 849 2701 917 συνεφώνησαν,
2762 840 2937 906 οὐδεὶς
2982 844 3042 896 ἄν
3089 847 3406 917 ἒπίστευσεν,
3466 848 3545 899 ὅτι
3592 852 3689 921 μὴ,
3746 848 3915 902 συνελ-

554 956 627 997 ex
650 938 962 996 communi
1013 942 1189 1011 pacto
1248 938 1590 1005 scriberent,
1641 954 1779 1012 quae
1816 938 2203 1010 scripserunt.

2323 933 2481 993 θόντες
2556 930 2815 1000 ἀλλήλοις,
2886 932 2986 986 ἀπὸ
3059 943 3232 997 κοινῆς
3317 938 3579 998 συνθήκης
3660 937 3913 1012 ἔγραψαν,

562 1028 1011 1086 Dissonantiam
1035 1033 1233 1085 autem
1256 1043 1418 1084 nunc
1434 1027 1718 1097 dicimus,
1745 1042 1866 1085 non
1889 1027 2208 1084 contrarie-

2323 1020 2440 1094 ἔπερ
2518 1021 2771 1095 ἔγραψαν.
2850 1028 3136 1095 Διαφωνίαν
3203 1020 3261 1077 δὲ
3311 1031 3399 1076 νῦν
3472 1045 3655 1098 φαμεν,
3714 1026 3772 1080 ού
3823 1030 3915 1085 τήν

557 1122 786 1184 tatem;
835 1133 1025 1189 neque
1064 1117 1222 1173 enim
1268 1117 1547 1173 contrarii
1606 1117 1865 1183 fuerunt,
1920 1116 2100 1172 etiam
2144 1116 2205 1172 in

2323 1110 2720 1185 ἰναντιοφωνίαν·
2810 1108 2933 1164 ούδὶ
3028 1115 3127 1186 γὰρ
3213 1116 3601 1173 ἠναντιώθησαν
3682 1114 3918 1177 ἀλλήλοις

557 1206 654 1264 his
692 1222 829 1278 quas
856 1206 1260 1276 contingentia
1290 1212 1478 1272 erant,
1524 1205 1631 1262 sed
1684 1221 1756 1262 ea
1808 1204 2205 1261 diversimode

2323 1206 2476 1277 ιιέχρι
2526 1204 2616 1252 καὶ
2671 1207 2762 1253 τοῦ
2830 1205 3099 1272 τυχόντος·
3171 1201 3298 1255 ἀλλά
3351 1208 3445 1262 τὴν
3500 1204 3576 1275 (4)
3635 1203 3916 1277 ἀλλοιοφω-

549 1295 735 1353 locuti
775 1300 931 1352 sunt.
995 1294 1065 1351 1n
1115 1294 1485 1368 quibusdam
1548 1293 1718 1359 enim,
1775 1300 1936 1360 tunc,
2013 1293 2208 1367 inquit

2323 1296 2445 1346 view.
2499 1289 2588 1344 Ἔν
2637 1310 2749 1343 τισι
2801 1294 2900 1366 γὰρ
2953 1294 2978 1344 6
3024 1296 3138 1365 μὲν,
3188 1289 3311 1346 τόδε
3356 1297 3414 1346 τὸ
3457 1295 3632 1367 θαῦμα
3677 1297 3917 1362 τέθεικεν,

558 1384 678 1455 ille,
748 1383 1112 1441 miraculum
1159 1388 1441 1456 operatus
1496 1388 1621 1450 est;
1671 1383 1768 1439 hic
1811 1388 2034 1447 autem,
2090 1382 2207 1439 alio

2323 1377 2453 1449 ὅδε,
2506 1377 2647 1434 τόδε.
2699 1384 2788 1432 καὶ
2818 1385 2843 1432 ὀ
2882 1384 2993 1453 μὲν,
3044 1378 3195 1435 τόνδε
3239 1386 3323 1435 τὸν
3376 1388 3551 1450 τόπον,
3583 1385 3608 1436 6
3642 1380 3720 1449 δὲ,
3769 1380 3921 1437 τόνδε

551 1478 850 1546 tempore.
909 1474 1077 1539 Item,
1136 1473 1234 1529 hic
1272 1472 1537 1544 quidem,
1594 1472 1692 1528 tali
1730 1472 1873 1543 loco,
1922 1471 2015 1528 ille
2064 1488 2205 1528 vero

2323 1475 2403 1522 καὶ
2460 1471 2485 1522 6
2529 1471 2639 1542 μὲν,
2698 1466 2857 1528 τήνδε
2904 1474 2998 1528 τήν
3056 1470 3208 1539 λέξιν,
3251 1472 3276 1523 6
3327 1468 3405 1539 δὲ,
3454 1469 3632 1531 τήνδε’
3689 1476 3807 1546 περὶ
3853 1473 3920 1524 ὧν

551 1562 673 1623 tali.
746 1565 1005 1619 Rursum
1043 1561 1142 1618 hic
1195 1561 1378 1620 talem
1434 1560 1647 1618 habuit
1699 1562 2050 1623 orationem.
2113 1561 2206 1618 ille

2323 1558 2523 1634 ἐροῦμεν
2590 1559 2641 1612 ἐν
2709 1566 2811 1619 τοῖς
2879 1564 3214 1633 προσήκουσι
3282 1565 3482 1629 τόποις,
3556 1567 3644 1614 καὶ
3714 1558 3917 1637 προδήο

550 1657 755 1711 autem
790 1651 983 1719 talem,
1018 1651 1092 1707 de
1120 1651 1344 1723 quibus
1390 1650 1513 1707 suis
1557 1650 1827 1706 dicemus
1855 1650 2022 1716 locis,
2075 1666 2203 1707 ma-

2323 1651 2410 1710 lm;
2482 1644 2842 1721 ἀποδείξομεν,
2922 1650 3001 1701 ὅτι
3094 1646 3206 1702 οὐδ’
3299 1650 3422 1712 ὅλως
3500 1652 3916 1711 ἠναντιώθησαν.

548 1741 760 1798 nifeste
789 1741 1291 1811 demonstrantes,
1320 1739 1486 1809 quod
1533 1740 1783 1796 omnino
1825 1754 1948 1796 non
1986 1739 2204 1796 fuerint

2323 1736 2467 1790 Ἀλλο
2520 1740 2621 1813 γάρ
2688 1736 2827 1791 ἐστιν
2880 1736 3113 1799 ἐναντίως
3164 1737 3340 1808 εἰπεῖν,
3415 1744 3505 1793 καὶ
3562 1739 3683 1793 ἄλλο
3738 1739 3919 1813 ἑτέρως

549 1829 852 1888 contrarii.
887 1828 1061 1885 Aliud
1088 1828 1387 1898 siquidem
1413 1833 1505 1884 est
1550 1829 1846 1885 contrario
1896 1828 2080 1885 modo
2118 1827 2198 1884 lo-
2235 1836 2275 1891 Β
2311 1826 2488 1880 εἰπεῖν.

547 1919 673 1992 qui,
701 1918 867 1976 aliud
896 1918 1128 1975 diverso
1159 1917 1344 1975 modo
1374 1916 1558 1990 loqui.

558 2066 561 2071 λ
626 2008 865 2065 Primus
889 2012 1089 2065 autem
1113 2006 1347 2080 scripsit
1363 2007 1695 2074 Mattheus,
1718 2006 1883 2080 quod
1906 2022 2067 2063 nunc
2084 2022 2206 2080 pra;

2383 2022 2621 2097 Ἔγραψε
2688 2019 2747 2075 δε
2812 2030 3017 2097 πρῶτος
3070 2024 3095 2074 6
3152 2022 3417 2085 Ματθαῖος
3478 2026 3536 2076 τὸ
3590 2028 3921 2098 προκείμενον

547 2096 819 2165 manibus
845 2101 934 2152 est
952 2095 1354 2167 Evangelium,
1396 2099 1526 2168 post
1562 2099 1698 2152 octo
1753 2110 1943 2152 annos
1996 2094 2204 2152 Christi

2323 2094 2648 2185 Εύαγγνελιον,
2693 2114 2824 2185 μετὰ
2852 2094 3012 2164 -ὀκτὼ
3066 2114 3152 2171 ἔτη
3206 2121 3302 2174 τῆς
3357 2120 3449 2165 τοῦ
3506 2094 3745 2188 Σωτήρος
3773 2094 3924 2165 Ὗάναο

548 2185 852 2242 ἱειοωὶυω
880 2184 1194 2256 assumpti.
1252 2184 1493 2256 Scripsit
1518 2192 1720 2241 autem
1771 2184 1917 2239 illud
1968 2184 2048 2240 ad
2078 2200 2199 2255 eos,

2323 2184 2531 2273 λήψεως.
2586 2200 2822 2273 Ἔγραψε
2880 2197 2940 2253 δὲ
2990 2208 3141 2254 τοῦτο
3194 2204 3320 2274 πρὸς
3370 2204 3488 2262 τοὺς
3546 2200 3598 2264 ἐξ
3652 2184 3923 2255 Ἰουδαίων

550 2275 654 2347 qui
681 2290 753 2330 ex
774 2274 994 2329 Iudaeis
1012 2273 1402 2339 crediderant,
1432 2279 1495 2329 ut
1533 2272 1922 2346 praediximus
1946 2294 1961 2342 ;
1990 2274 2205 2330 Hebra-

2323 2272 2710 2353 πιστεύσαντας,
2811 2293 2874 2350 ὡς
2957 2272 3266 2363 προέφημεν,
3352 2289 3594 2366 Ἑϐραῐκῇ
3682 2293 3921 2365 συνθήκῃ

550 2364 647 2420 ica
672 2379 819 2419 usus
848 2362 1057 2433 lingua
1077 2378 1148 2418 ac
1173 2367 1546 2428 contextura,
1589 2366 1799 2435 postea
1845 2379 1983 2419 vero
2011 2363 2069 2419 in
2100 2378 2204 2420 no-

2323 2381 2669 2454 χρησάμενος·
2746 2362 3094 2454 ὕστερονδὲ
3160 2362 3566 2454 μεθηρμηνεύθη
3628 2382 3758 2453 πρὸς
3827 2362 3925 2439 τήν

549 2457 737 2519 stram
759 2451 1029 2522 linguam
1060 2452 1399 2508 traductum
1428 2457 1532 2508 est.

2323 2451 2563 2544 ἡμετέραν
2594 2451 2882 2522 διάλεκτον.

620 2543 707 2612 -Ηο
744 2542 1003 2605 Joannes
1043 2545 1267 2611 autem,
1326 2546 1391 2596 ut
1434 2540 1768 2613 perhibent,
1812 2556 1885 2597 ex
1915 2540 2204 2598 Hebraico

2350 2540 2709 2632 [Μετέφρασε
2741 2558 2820 2629 (5)
2870 2554 2929 2611 δὲ
2974 2565 3125 2611 τοῦτο
3174 2556 3408 2619 Ἰωάννης
3452 2557 3553 2612 ἀπὸ
3600 2565 3693 2620 τῆς
3718 2557 3924 2632 Ἐϐραῖ-

550 2630 824 2687 Graecum
852 2629 1002 2686 fecit.
1030 2631 1260 2686 Marcus
1281 2644 1421 2686 vero
1465 2629 1743 2702 (scripsit)
1804 2629 2038 2686 decimo
2070 2633 2206 2702 post

2323 2629 2409 2710 δος
2455 2629 2691 2719 γλωττης
2728 2648 2795 2708 εἰς
2835 2651 2928 2707 τὴν
2958 2643 3256 2717 Ἑλληνίδα,
3300 2650 3370 2710 ὡς
3414 2647 3653 2721 λέγουσι.
3702 2629 3917 2721 Μάρκος

550 2718 1028 2791 assumptionem
1047 2733 1229 2785 anno,
1254 2734 1291 2775 a
1311 2718 1480 2775 Petro
1501 2718 1747 2787 doctus;
1782 2721 1965 2775 Lucas
1980 2724 2202 2786 autem,

2323 2736 2395 2804 ὀὶ,
2437 2718 2567 2809 μέτά
2597 2733 2728 2790 δέκα
2774 2740 2861 2795 ἔτη
2893 2746 2989 2799 τῆς
3037 2735 3361 2809 ἀναλήψεως,
3413 2718 3558 2812 παρὰ
3586 2744 3678 2790 τοῦ
3721 2718 3922 2811 Πέτρου

552 2812 686 2881 post
714 2822 910 2866 annos
944 2807 1284 2880 quindecim
1311 2824 1324 2874 ;
1351 2808 1613 2864 Joannes
1648 2809 1926 2881 denique,
1956 2809 2061 2881 qui
2083 2825 2207 2867 ma-

2323 2807 2631 2899 διδαχθείς.
2690 2832 2897 2888 Λουκᾶς
2942 2823 3021 2893 δε,
3070 2807 3223 2900 μετάν
3256 2807 3640 2880 πεντεκαίδεκα·
3682 2807 3926 2889 Ἰωάννης

551 2897 707 2953 xime
739 2896 1103 2969 theologiam
1136 2896 1387 2969 (Christi)
1433 2901 1660 2963 tractat,
1693 2913 1854 2954 anno
1912 2898 2207 2956 tricesimo

2323 2912 2379 2970 δι
2408 2916 2434 2968 6
2467 2916 2922 2987 θεολογικεὶπατος,
2953 2919 3081 2988 μετὰ
3109 2918 3389 2989 τριάκοντα
3419 2912 3535 2969 δύο.

550 2986 834 3045 secundo.

621 3075 677 3132 E
689 3074 1124 3133 VANGELIUM
1161 3075 1594 3134 SECUNDUM
1622 3076 1737 3132 MA
1752 3078 1993 3134 TTHxE
2003 3077 2133 3135 ΠΜ.

627 3164 1005 3235 Evangelistae
1020 3165 1082 3221 in
1097 3165 1608 3238 inscriptionibus,
1622 3165 1926 3235 [librorum
1941 3166 2205 3240 suorum]
2239 3156 2281 3215 C

549 3254 945 3325 Evangelium
958 3253 1401 3327 appellaverunt
1411 3255 1814 3311 narrationem
1837 3271 2026 3325 suam,
2039 3255 2208 3328 quod

554 3343 734 3402 etiam
766 3346 1012 3400 testatur
1042 3345 1254 3410 Lucas,
1289 3343 1495 3400 dicens
1520 3360 1533 3399 :
1564 3344 1851 3413 Quoniam
1875 3346 2206 3415 complures

558 3433 828 3504 aggressi
838 3436 974 3488 sunt
993 3438 1295 3489 contexere
1311 3435 1716 3491 narrationem
1727 3450 1932 3492 earum
1955 3435 2207 3493 certissi-

554 3536 667 3579 mz
718 3521 864 3590 ﬁdei
915 3536 1139 3586 rerum,
1180 3537 1311 3593 quae
1358 3522 1422 3578 in
1470 3522 1635 3580 nobis
1679 3524 1966 3595 completa?
1994 3534 2129 3582 sunt
2161 3528 2201 3581 ⁸.

555 3611 725 3667 Hanc
802 3614 1004 3667 autem
1058 3611 1492 3678 narrationem,
1585 3613 1957 3686 Evangetium
2034 3632 2210 3673 voca-

557 3704 787 3769 verunt,
813 3699 971 3771 quod
1002 3701 1160 3756 bona
1183 3699 1531 3757 hominibus
1546 3704 1796 3772 nuntiet,
1827 3708 1988 3777 puta,
2022 3708 2208 3763 Deum

554 3788 863 3845 hominem
880 3786 1125 3859 factum,
1153 3787 1463 3845 hominem
1490 3806 1631 3848 vero
1656 3790 1951 3860 divinum,
1985 3793 2209 3851 daemo-

556 3893 703 3950 num
731 3876 1212 3947 dissolutionem,
1244 3883 1629 3950 peccatorum
1659 3880 2099 3953 remissionem,
2122 3899 2209 3940 re-

557 3966 1026 4039 generationem,
1042 3967 1448 4039 adOptionem,
1473 3969 2009 4038 etregnicoelorum
2027 3972 2211 4028 hare-

557 4055 825 4113 ditatem.
854 4054 1243 4126 Evangelistte
1268 4071 1412 4113 vero
1438 4057 1734 4125 dicuntur,
1766 4075 1889 4116 non
1930 4061 2125 4117 solum
2149 4061 2210 4120 hi

556 4150 836 4220 quatuor,
881 4161 1089 4202 verum
1123 4145 1302 4202 etiam
1351 4161 1561 4203 omnes
1609 4148 1790 4205 simul
1815 4150 2212 4222 apostoli;de

558 4234 775 4308 quibus
819 4234 1041 4307 pariter
1086 4238 1264 4291 antea
1315 4234 1550 4292 locutus
1591 4242 1681 4293 est
1732 4238 1959 4295 Isaias:
2029 4241 2213 4308 Quam

551 4324 811 4396 pulchri,
866 4323 1171 4396 inquiens,
1219 4324 1388 4396 pedes
1429 4326 1954 4397 evangelizantium
1991 4344 2208 4399 pacem,

557 4412 1074 4487 evangelz’zantium
1105 4413 1258 4470 bona
1282 4414 1326 4469 ⁷.
1355 4414 1568 4470 Verum
1590 4414 1653 4472 hi
1676 4421 1939 4488 quatuor
1970 4419 2210 4491 proprie

555 4501 934 4572 evangelista
963 4501 1152 4557 vocati
1179 4505 1335 4570 sunt,
1369 4503 1544 4575 quasi
1584 4505 1690 4577 qui
1720 4521 1825 4578 per
1856 4507 2209 4579 scripturam
2247 4508 2295 4567 D

556 4589 763 4648 omnia
808 4595 1205 4648 narraverunt
1236 4606 1307 4647 ac
1363 4592 1799 4664 prodiderunt;
1828 4596 2023 4652 caeteri
2067 4613 2211 4656 vero

557 4693 792 4747 omnes,
816 4683 1101 4753 tanquam
1126 4680 1231 4754 qui
1264 4679 1379 4738 hoc
1404 4680 1608 4753 ipsum
1646 4681 1773 4739 sine
1808 4684 2103 4757 scriptura
2129 4688 2213 4746 fe-

554 4773 782 4826 cerunt.
1389 4781 1392 4784 ’

627 4852 772 4926 Cap.
810 4855 857 4921 l,
887 4867 1044 4911 vers.
1078 4857 1124 4910 l.
1154 4852 1326 4911 Liber
1360 4855 1746 4926 generationis
1784 4857 1918 4915 Iesu
1955 4859 2205 4918 Christi.

2389 4862 2569 4927 Βίϐλος
2634 4867 2877 4937 γενέσεως
2961 4861 3137 4921 Ἰησοῦ
3217 4868 3474 4931 Χριστοῦ.
3558 4864 3759 4914 Γένεσιν
3838 4858 3933 4931 (6)

550 4944 657 5001 Per
676 4943 1127 5016 generationem
1182 4941 1460 5016 intelligit
1495 4944 1595 5002 hic
1644 4948 1905 5005 Joannes
1957 4950 2210 5024 Chryso-

2323 4954 2540 5008 ἰνταῦθα
2580 4957 2675 5013 τήν
2731 4958 2971 5025 γέννησιν
3014 4950 3220 5011 ένόησεν
3262 4952 3287 5004 6
3327 4953 3708 5027 Χρυσόστομος
3753 4947 3937 5003 Ἰωάν-

553 5037 802 5107 atomus,
832 5032 1229 5092 nativitatem.
1256 5033 1445 5093 Dictio
1473 5034 1765 5109 siquidem
1802 5042 2022 5111 γένεσις,
2072 5056 2209 5099 cum

2323 5063 2425 5105 νης.
2476 5042 2535 5096 Ἠ
2588 5046 2689 5118 γὰρ
2736 5044 2938 5115 γένεσις
2986 5040 3236 5101 καθολικὴ
3286 5039 3423 5104 λέξις
3469 5036 3624 5111 οὖσα,
3682 5042 3938 5112 σημαίνει

2567 3118 2987 3168 ΕΥΑΓΓΕΛΙΟΝ
3029 3118 3207 3168 ΚΑΤΑ
3246 3119 3627 3168 ΜΑΤΘΑΙΟΝ.

2389 3220 2469 3274 Ἐν
2523 3228 2636 3285 ταῖς
2707 3220 3013 3295 ἐπιγραφαῖς
3080 3220 3392 3294 Εύαγγελιον
3454 3222 3503 3273 οἱ
3562 3218 3934 3292 εύαγγελισταὶ

2316 3317 2411 3372 τὴν
2497 3307 2746 3383 διήγησιν
2835 3311 3131 3383 ὠνόμασαν.
3209 3315 3310 3364 Καὶ
3388 3316 3643 3385 μαρτυρεί
3718 3315 3934 3373 Λουκᾶς

2317 3401 2552 3475 εἰρηκώς·
2658 3397 2962 3475 Ἐπειδήπερ
3062 3400 3238 3454 πολλοὶ
3345 3398 3695 3473 ἐπεχείρησαν
3799 3397 3931 3453 ἀνα-

2313 3490 2573 3554 τάξασθαι
2666 3486 2917 3561 διήγησιν
2995 3494 3112 3565 περὶ
3207 3497 3306 3541 τῶν
3390 3488 3928 3561 πεπληροφορημένων

2317 3580 2365 3632 ἐν
2448 3582 2572 3653 ἡμῖν
2646 3582 2986 3655 πραγμάτων.
3069 3579 3374 3652 Εὐαγγέλιον
3454 3575 3513 3630 δε
3583 3581 3777 3636 ταύτην
3843 3597 3930 3631 κε-

2316 3669 2562 3727 κλήκασι·
2621 3665 2761 3721 διότι
2814 3667 2985 3741 ἀγαθά
3035 3671 3219 3741 μηνύει
3270 3675 3381 3729 τοῖς
3431 3666 3740 3741 ἀνθρώποις,
3791 3667 3924 3733 οἷον,

2321 3766 2454 3813 Θεοῦ
2531 3757 2940 3831 ένανθρώπησιν,
3026 3756 3296 3831 ἀνθρώπου
3373 3759 3577 3820 θέωσιν,
3660 3752 3927 3828 δαιμόνων

2318 3847 2624 3919 κατάλυσιν,
2682 3846 3068 3921 ἁμαρτημάτων
3124 3846 3293 3914 λύσιν,
3342 3844 3700 3917 ἀναγέννησιν,
3746 3846 3929 3898 υἱοθε-

2324 3941 2441 3989 σίαν
2498 3941 2587 3989 καὶ
2643 3935 2987 4011 κληρονομίαν
3052 3943 3149 3997 τῆς
3198 3933 3466 4008 βασιλείας
3519 3942 3617 3985 τῶν
3671 3933 3928 4007 οὐρανῶν.

2321 4025 2697 4099 Εὖαγγελισταὶ
2734 4023 2793 4077 δέ
2840 4025 2990 4092 εἰσιν,
3038 4024 3142 4097 οὐχ
3181 4027 3230 4077 οἱ
3264 4028 3513 4098 τέσσαρες
3559 4022 3699 4075 οὗτοι
3748 4026 3929 4094 μόνον,

2324 4114 2450 4168 ἀλλά
2493 4118 2782 4189 σύμπαντες
2819 4115 2866 4166 οἱ
2898 4112 3198 4173 ἀπόστολοι,
3246 4116 3363 4187 περὶ
3410 4113 3476 4163 ὧν
3516 4120 3660 4184 κοινῇ
3712 4130 3933 4186 προανε-

2323 4210 2553 4278 φώνησεν
2600 4203 2818 4267 Ἠσαίας
2861 4224 2873 4236 ·
2906 4204 2994 4265 Ὠς
3040 4200 3241 4277 ὡραῖοι,
3291 4202 3470 4274 λέγων,
3523 4203 3572 4254 οἱ
3624 4196 3784 4260 πόδες
3824 4209 3933 4252 τῶν

2322 4294 2789 4366 εὐαγγελιζομένων
2907 4292 3132 4367 εἰρήνην,
3241 4299 3340 4343 τῶν
3455 4288 3934 4362 εὐαγγελιζομένων

2320 4386 2387 4435 τὰ
2417 4380 2784 4455 ἀγαθάὶἈλλ’
2832 4384 2879 4434 οἱ
2926 4386 3177 4454 τέσσαρες
3220 4383 3310 4453 μὲν
3362 4376 3511 4442 ἰδίως
3558 4377 3934 4451 εύάγγελισταὶ

2319 4472 2615 4536 κέκληνται,
2668 4474 2731 4533 ὡς
2788 4469 3056 4546 ἐγγράφως
3112 4474 3231 4543 περὶ
3284 4472 3486 4522 πάντων
3536 4465 3935 4539 διηγησάμενοι

2320 4567 2410 4614 καὶ
2468 4562 2835 4635 ἱστορήσαντες
2867 4578 2881 4590 ’
2916 4563 2964 4613 οἱ
3023 4557 3070 4612 δ’
3112 4559 3257 4612 ἄλλοι
3308 4561 3513 4623 πάντες,
3556 4560 3625 4620 ὡς
3680 4554 3933 4631 ἀγράφως

2319 4659 2472 4705 τοῦτο
2500 4655 2622 4709 ποιή
2634 4668 2836 4713 σαντες.

623 5212 762 5270 Luc.
795 5232 832 5281 ι,
866 5215 919 5269 1.
960 5214 1073 5272 Isa.
1104 5227 1200 5281 LII,
1220 5213 1276 5273 7.

1846 5325 2065 5387 Variae
2097 5326 2415 5418 lectiones
2442 5331 2506 5389 et
2538 5330 2713 5390 notae

590 5423 731 5512 ομ)-
759 5426 831 5512 τιξδ
876 5423 998 5512 ﬂ}?
1067 5428 1165 5512 re}
1205 5425 1355 5512 ἄλλον,
1404 5428 1434 5487 ἢ
1508 5432 1598 5512 κξιὲι
1665 5428 1825 5512 me:
1895 5435 1999 5512 καί.
2040 5431 2207 5512 illm

2323 5510 2329 5512 _
2386 5435 2466 5512 (5_)
2496 5435 2732 5493 Inclusa
2759 5434 2817 5491 in
2843 5434 3112 5507 margine
3134 5435 3314 5494 habet
3340 5439 3410 5494 Α.
3452 5437 3738 5495 Omiserat
3762 5438 3919 5496 Hen-

556 5491 1494 5577 dm'ye‘ia'eat,A§icdeéllowaxiiptwm
1527 5502 1698 5577 pipg.
1751 5491 1943 5577 Laeti.
1985 5491 2207 5577 iniEpi;

2323 5491 2541 5564 lenius.

554 5567 984 5659 neuroz-p.A499‘.
1018 5567 1481 5659 ᾲλλοιοτροῇεῗται.
1515 5567 1720 5631 Galen.
1778 5576 1840 5631 in
1872 5567 2201 5653 Glossisfp.

2388 5579 2466 5653 (6)
2504 5581 2668 5637 Tom.
2702 5578 2816 5647 VII,
2847 5594 2907 5651 p.
2941 5579 3010 5636 20
3042 5579 3099 5637 Ci
3129 5595 3190 5653 p.‘
3223 5582 3283 5636 21
3321 5581 3397 5638 Α.

550 5639 638 5698 61.
671 5638 806 5698 ΜΟΧ
830 5642 937 5707 est,
960 5642 1144 5718 ὶτέρως
1179 5638 1357 5703 εἰπεῖν.
1834 5682 1843 5693 .
