4110 6386
240 368 335 428 tii
1303 370 1671 432 COMMENT.
1711 366 1782 425 IN
1820 367 1863 424 Μ

2027 365 2277 424 ΗιΈυΜ.
2327 399 2396 409 -
2436 366 2591 425 CAP.
2633 367 2675 425 1.
3542 365 3643 425 122

318 498 592 576 [Δϐραὰμ
656 502 739 574 (5)
800 502 1162 578 ἑρμηνεύεται,
1225 505 1399 575 πατήρ
1459 498 1612 552 ἐθνῶν
1647 518 1659 533 ο
1705 495 1941 552 Γσαάκέ

2064 497 2145 568 -ι-’Ῡ
2174 495 2459 553 Abraham
2488 496 2775 568 redditur,
2798 495 3273 570 patergentium,
3296 495 3462 552 Isaac
3478 509 3639 571 vero,

264 589 341 659 δέ,
366 592 538 665 χαρά,
572 592 760 664 γοα-ις]

1992 589 2295 660 gaudium,
2329 589 2501 644 risus.

331 679 540 743 Ἰούδας
603 715 680 723 —
753 685 968 756 Θάμαρ.
1028 685 1192 758 [Ζαρά
1264 680 1343 753 (6)
1419 682 1562 735 ἐστιν
1612 679 1829 738 ἀνατολή
1868 699 1897 749 '_

2067 680 2237 734 Vens.
2265 682 2316 735 3.
2341 678 2603 734 Judas—
2632 692 2662 734 e
2692 678 2964 734 Thamar.
2997 678 3084 755 ﬁ-
3120 679 3267 732 Zara
3297 680 3385 731 est
3414 674 3636 731 oriens:

270 777 430 848 Φαρὲς
486 769 570 843 δε,
625 776 885 846 μερισμός
930 778 961 831 ἤ
997 769 1250 830 διακοπὴ.
1302 769 1453 824 Ὅθεν
1500 774 1585 822 καὶ
1626 772 1675 823 οἱ
1723 774 1884 844 Φαρι-

2021 770 2207 825 'hares
2224 768 2732 839 autem,separatio
2745 772 2844 824 aut
2855 766 3293 824 dissectiande
3308 766 3477 821 etiam
3492 764 3644 821 Pha-

274 871 438 929 σαίοι,
495 865 646 936 παρὰ
713 866 771 915 τό
825 862 1057 937 μερίζειν
1127 865 1342 924 ἑαυτοὺς
1400 864 1494 919 τήν
1539 868 1639 912 τῶν
1684 859 1883 913 πολλῶν

2016 859 2170 927 'isaei,
2187 858 2347 931 quod
2362 874 2425 914 se
2452 874 2485 913 a
2499 857 2924 915 consuetudine
2939 856 3326 913 multitudinis
3340 858 3639 928 separant.

273 953 588 1027 ἑπιμιξίας,]

342 1043 406 1095 Ὀ
478 1039 710 1107 Ἰούδας,
783 1045 1026 1117 τέταρτος
1102 1043 1191 1114 μεν
1244 1038 1305 1100 ἧν
1367 1042 1480 1101 υίὸς
1532 1047 1627 1093 τοῦ
1677 1038 1880 1110 Ἰακώϐ,

2064 1042 2091 1096 J
2098 1038 2247 1096 udas
2268 1041 2519 1103 quartus
2548 1037 2653 1094 fuit
2668 1036 2927 1093 ﬁliorum
2948 1035 3152 1094 Iacob.
3184 1034 3417 1107 Accepti
3442 1037 3644 1092 autem

273 1130 425 1185 ἷλαϐε
606 1129 689 1197 δε,
748 1137 842 1189 την
909 1133 1094 1206 Θάμαρ
1145 1132 1348 1204 νύμφην
1412 1134 1483 1193 είς
1552 1132 1637 1182 τὸν
1680 1136 1885 1203 πρῶτον

2023 1128 2396 1199 πίωοεθηὶω
2424 1127 2543 1183 ﬁlio
2567 1142 2674 1183 suo
2706 1142 2953 1183 uxorem
2977 1143 2995 1190 ;
3020 1141 3142 1197 quo
3174 1125 3397 1196 absque
3446 1122 3646 1179 liberis

274 1222 466 1273 ἰαυτοῦ
548 1224 662 1272 υίὸν
720 1221 799 1291 (8)
850 1220 980 1293 Ἤρ]
1033 1241 1046 1253 ο
1101 1222 1284 1272 τούτου
1353 1215 1412 1271 δὲ
1489 1218 1885 1279 τελευτήσαντος

2024 1217 2301 1283 lefnncto,
2329 1216 2527 1287 junxit
2551 1231 2684 1271 eam
2713 1214 2976 1270 secundo
3007 1212 3157 1279 ;hoc
3179 1217 3371 1268 autem
3388 1211 3647 1267 similiter

274 1308 534 1379 ἄπαιδος,
586 1310 784 1372 ἔζευξεν
836 1309 1001 1367 αύτην
1062 1317 1134 1379 τῷ
1192 1304 1418 1380 δευτέρῳ
1477 1309 1558 1379 (9)
1613 1306 1832 1381 [Αύνάν]
1869 1327 1881 1341 ο

2017 1304 2606 1378 nortuo,promisitse
2619 1305 2847 1359 tertium
2861 1303 3050 1358 ﬁlium
3065 1301 3640 1372 illiconjuncturum.

272 1405 363 1451 καὶ
416 1402 612 1451 τούτου
684 1395 744 1450 δε
802 1399 993 1471 ὁμοίως
1047 1399 1414 1461 άποθανόντος,
1468 1398 1731 1468 ὑπέσχετο
1796 1400 1885 1447 καὶ

2021 1396 2227 1451 Γίωειηε
2260 1398 2459 1450 autem
2494 1409 2568 1449 ne
2594 1400 2645 1448 et
2674 1392 2769 1448 hic
2801 1392 2994 1447 statim
3029 1394 3374 1455 moreretur,
3403 1388 3644 1460 nuptias

270 1493 360 1541 τὸν
400 1493 581 1562 τρίτον
640 1488 773 1560 αὐτῇ
809 1487 1043 1559 συνάψαι
1073 1490 1187 1558 (10)
1232 1485 1487 1560 [Σηλώμ]
1519 1485 1767 1547 Φοϐηθεὶς
1804 1481 1882 1552 δὲ,

2024 1483 2238 1540 listnlit.
2257 1482 2458 1540 Mulier
2478 1498 2639 1551 vero,
2664 1480 2912 1553 cupiens
2931 1480 3314 1535 vehementer
3338 1494 3410 1533 ex
3433 1491 3647 1546 genere

274 1582 346 1649 μή
404 1584 497 1630 καὶ
547 1578 700 1639 οὗτος
742 1577 891 1639 εὐθὺς
925 1575 1179 1649 ἀποθάνῃ,
1220 1580 1306 1629 τὸν
1336 1578 1504 1649 γάμον
1536 1576 1882 1648 ὑπερετίθετο.

2021 1572 2310 1637 lbraham,
2340 1577 2543 1644 utpote
2568 1570 2783 1627 celebri
2800 1586 2867 1626 ac
2888 1569 3421 1642 praeclaro,semen
3463 1566 3644 1620 susci-

272 1646 331 1720 ;ﬂ
386 1664 447 1719 δε
494 1669 696 1738 νύμφη,
751 1666 865 1717 λίαν
920 1646 1251 1737 ἐπιθυμοῦσα
1302 1646 1511 1739 σπέρμα
1557 1646 1728 1716 λαϐεῖν
1783 1664 1886 1715 άπὸ

2021 1678 2155 1729 iere,
2176 1662 2280 1719 ubi
2307 1676 2583 1719 socerum
2600 1662 2627 1714 J
2635 1660 2821 1716 udam
2853 1658 3217 1731 promissum
3234 1655 3465 1711 diﬂ‘erre
3483 1654 3644 1725 vidit,

273 1764 365 1807 τού
422 1754 775 1829 ’Δϐραμιαίου
845 1759 1043 1827 γένους,
1123 1757 1194 1815 ὡς
1268 1753 1510 1828 λαμπροῦ
1594 1758 1681 1805 καὶ
1747 1772 1887 1825 περι-

2026 1770 2111 1809 ιοο
2132 1757 2299 1825 pacto
2325 1751 2494 1807 illum
2520 1749 2768 1821 decepit.
2812 1747 3092 1804 Habitum
3135 1746 3295 1801 enim
3351 1744 3527 1800 scorti
3564 1744 3649 1799 in-

278 1844 483 1907 ϐοὴτου,
554 1842 665 1896 ἐπεὶ
739 1847 827 1896 τόν
898 1844 1141 1917 πενθερὸν
1216 1839 1422 1896 Ἰούδαν
1495 1844 1887 1917 ὑπερτιθέμενον

2023 1842 2164 1905 luta,
2196 1844 2333 1898 ante
2387 1842 2582 1911 portas
2625 1836 2878 1893 civitatis
2921 1837 3189 1891 contecta
3224 1832 3409 1889 sedit:
3443 1847 3646 1905 quam,

277 1936 425 2003 ἔγνω,
482 1932 900 2004 κατασοφίζεται
946 1941 1145 1997 τοῦτον,
1194 1937 1283 1984 καὶ
1331 1933 1635 2006 περιθεμένη
1698 1938 1891 2003 σχῆμα

2026 1933 2209 1987 ridens
2228 1932 2255 1985 J
2263 1931 2431 1997 udas,
2457 1944 2567 1985 nec
2592 1941 2945 1997 agnoscens,
2969 1926 3274 1996 ingressus
3302 1926 3388 1979 est
3418 1922 3492 1978 ad
3513 1936 3649 1977 eam

272 2028 489 2096 πόρνης,
547 2021 763 2074 ἐκάθισε
827 2025 959 2097 πρὸς
1018 2029 1132 2084 ταῖς
1184 2021 1376 2082 πύλαις
1428 2029 1524 2082 τῆς
1570 2020 1766 2082 πόλεως
1803 2022 1891 2091 ἐγ-

2028 2023 2172 2095 [uasi
2192 2022 2269 2077 ad
2282 2024 2541 2076 scortum
2566 2036 2579 2081 ς
2603 2033 2739 2090 quae
2771 2014 3034 2085 cognita,
3054 2014 3355 2084 geminam
3380 2011 3651 2085 concepit

272 2111 643 2182 καλυψαμένη.
723 2113 1048 2184 Θεασάμενος
1123 2106 1183 2163 δι
1253 2110 1449 2169 ταύτην
1525 2107 1732 2172 Ἰούδας
1801 2113 1890 2162 καὶ

2027 2111 2250 2167 ποΙθω.
2276 2107 2704 2165 Accedentibus
2721 2109 2920 2162 autem
2942 2107 3141 2175 partus
3166 2101 3495 2167 doloribus,
3511 2116 3650 2157 cum

274 2198 570 2270 ἀγνοήσας,
638 2199 849 2257 εἰσῆλθε
906 2203 1037 2273 πρὸς
1091 2199 1272 2264 αὐτὴν,
1328 2202 1392 2260 ὡς
1431 2199 1503 2261 εἰς
1543 2204 1756 2272 πόρνην,
1801 2204 1891 2251 καὶ

2029 2202 2219 2257 ’hares
2238 2204 2292 2255 et
2308 2200 2457 2255 Zara
2470 2194 2738 2269 pariendi
2759 2192 3086 2259 essent,ubi
3102 2191 3347 2247 vidisset
3363 2189 3652 2246 obstetrix

278 2291 631 2362 σπνμφθαρεὶς,
693 2288 878 2359 ἔγκυον
942 2284 1183 2357 διδύμων
1235 2293 1422 2341 τέκνων
1482 2288 1712 2348 ἐποίησε.
1783 2296 1888 2341 Πα-

2027 2294 2146 2345 Sara
2201 2288 2466 2361 primum
2524 2284 2868 2341 etierentem
2934 2297 3196 2346 manum,
3269 2278 3478 2335 volens
3538 2277 3650 2350 pri-

271 2382 634 2451 ρετ-γενομένων
720 2374 780 2430 δε
836 2386 936 2429 τῶν
992 2373 1191 2430 ὡδινῶν
1254 2377 1360 2430 ἐπεὶ
1425 2380 1513 2431 τὸν
1575 2381 1737 2445 Φαρὲς
1802 2382 1892 2429 καὶ

2027 2378 2376 2447 nogenitum
2408 2376 2580 2445 signo
2608 2376 2835 2436 notare,
2866 2369 3111 2427 coccino
3168 2383 3441 2437 manum,
3468 2382 3650 2438 quam

273 2470 361 2516 τὸν
421 2468 575 2537 Ζαρὰ
619 2470 814 2518 τίκτειν
859 2466 1077 2539 ἔμελλεν,
1122 2464 1358 2538 ἐξήνεγκε
1418 2475 1616 2540 πρῶτος
1665 2471 1692 2518 ὀ
1746 2468 1892 2540 Ζαρά

2027 2468 2310 2533 εχῐυιθεθῑ,
2341 2465 2576 2537 ligavit;
2605 2462 2911 2532 alligatam
2942 2463 3139 2515 autem
3164 2457 3407 2513 retraxit
3426 2455 3650 2523 infans,

274 2560 371 2612 την
427 2562 595 2629 χεῖρα
628 2576 640 2588 ”
682 2556 794 2607 εἶτα
835 2558 864 2613 ἠ
904 2563 1037 2628 μαῖα
1080 2558 1369 2629 θεασαμένη
1423 2564 1592 2623 τοῦτο,
1625 2560 1716 2609 καί
1767 2555 1892 2628 βου-

2031 2574 2125 2631 [ua
2166 2559 2441 2622 retracta,
2492 2552 2712 2608 Phares
2764 2548 3075 2622 processit,
3112 2545 3329 2602 deinde
3390 2548 3554 2601 Zara.
3590 2546 3654 2600 Et

274 2642 505 2698 ληθεῖσα
550 2649 812 2717 γνώριμον
869 2654 1093 2704 ποιῆσαι
1141 2648 1228 2697 τὸν
1276 2650 1627 2717 πρωτότοκον,
1670 2650 1891 2717 κοκκίνῳ

2028 2664 2126 2704 isec
2164 2645 2405 2718 quidem
2437 2643 2518 2699 rei
2544 2645 2721 2714 gestm
2752 2639 2999 2695 historia
3025 2640 3133 2693 est.
3191 2636 3397 2691 Solum
3451 2638 3651 2690 autem

276 2738 369 2790 τὴν
422 2731 787 2803 ἐξενεχθεῖσαν
831 2730 993 2791 ἔδησε
1031 2742 1188 2809 χεῖρα
1217 2755 1228 2767 ·
1286 2738 1352 2795 ὡς
1402 2732 1460 2788 δὲ
1509 2731 1687 2803 ἐδέθη,
1742 2740 1889 2788 συνέ-

2027 2738 2226 2793 ’hares
2251 2738 2599 2807 accepturus
2614 2734 2739 2786 erat
2755 2727 3123 2798 evangelista
3138 2726 3196 2782 in
3213 2723 3650 2796 genealogiam,

323 2785 332 2790 .
458 2785 474 2795 .
561 2785 603 2803 η
1031 2785 1186 2809 NT,
1337 2785 1352 2795 ,
1409 2785 1457 2788 η

273 2820 473 2873 στειλεν
533 2821 699 2879 αὐτὴν
730 2825 787 2874 τό
827 2818 1059 2875 παιδίον·
1114 2824 1457 2884 συσταλεισης
1509 2821 1587 2891 δὲ,
1638 2826 1891 2899 προῆλθεν

2029 2785 2225 2899 utpote
2776 2785 2965 2875 David
3023 2785 3247 2886 genusv
3270 2785 3652 2886 procedebat.

272 2911 297 2960 ὁ
338 2914 523 2984 Φαρὲς.
578 2907 930 2983 εἶταόΖαρά.
986 2913 1047 2965 Ἠ
1100 2917 1189 2984 μέν
1241 2910 1329 2965 οὖν
1385 2915 1593 2987 ἱστορία
1648 2917 1887 2973 τοιαύτη.

2033 2919 2168 2971 tunc
2194 2929 2336 2970 vero
2367 2928 2499 2968 cum
2522 2911 2651 2982 ipso
2690 2907 2869 2965 etiam
2905 2909 3051 2962 Zara
3080 2904 3301 2977 posuit,
3361 2901 3534 2975 quasi
3569 2905 3656 2973 ty-

270 2997 367 3050 Ἠν
418 2995 479 3050 δε
512 2999 673 3067 εἰκὸς,
719 3003 807 3052 τόν
856 3002 1021 3075 Φαρὲς
1068 3000 1382 3075 παραλαϐεῖν
1425 3007 1578 3076 μόνον
1623 3003 1689 3064 εἰς
1723 3024 1884 3075 γενεα-

2033 3021 2150 3060 ιυω
2177 3002 2376 3075 populi
2399 2998 2712 3058 Christiani
2738 3018 2751 3054 :
2788 2994 3085 3069 siquidem
3106 2993 3324 3049 Phares
3358 2990 3656 3048 Israelitici

268 3086 473 3158 λογίαν,
524 3090 589 3148 ὡς
630 3085 701 3141 δι’
741 3089 901 3141 αὐτοῦ
954 3087 1267 3162 βαδίζοντος
1308 3099 1401 3143 τοῦ
1456 3097 1634 3164 ’γένους
1681 3092 1764 3145 ἐπὶ
1804 3097 1891 3146 τόν

2033 3109 2182 3167 ypus
2238 3095 2381 3148 erat.
2437 3088 2599 3145 Sicut
2653 3087 2813 3143 enim
2870 3088 3035 3152 Zara,
3087 3082 3341 3153 primum
3408 3080 3656 3152 quidem

270 3171 466 3228 Δαυίδ·
500 3182 591 3228 νῦν
637 3174 696 3229 δὲ
748 3183 838 3230 καί
884 3181 970 3230 τὸν
1023 3182 1166 3254 Ζαρὰ
1200 3181 1441 3248 τέθείκεν,
1484 3185 1548 3243 ὡς
1588 3185 1749 3235 τύπον
1797 3179 1890 3235 τού

2033 3197 2253 3240 nanum
2316 3179 2586 3242 eﬁerens,
2665 3174 2911 3232 retraxit
2970 3188 3126 3241 eam,
3166 3170 3383 3227 deinde
3439 3169 3656 3225 Phares

272 3272 663 3337 Χριστιανικοῦ
734 3265 883 3321 λαοῦ.
929 3267 988 3320 '0
1044 3268 1143 3341 γὰρ
1203 3273 1360 3342 Φαρὲς
1434 3274 1591 3332 τύπος
1652 3269 1713 3331 ἧν
1796 3281 1889 3326 τοῦ

2036 3287 2261 3345 gresso,
2281 3275 2422 3327 tunc
2457 3272 2513 3324 et
2537 3268 2663 3339 ipse
2686 3265 2910 3333 integre
2932 3261 3141 3318 exivit:
3170 3261 3244 3315 ita
3265 3273 3502 3332 quoque
3519 3257 3655 3313 vitae

271 3353 579 3426 Ἐϐραὶκοῦ.
654 3356 896 3431 Καθάπερ
972 3359 1072 3433 ⁹γὰρ
1124 3358 1149 3409 ὁ
1207 3362 1372 3434 Ζαρὰ,
1441 3367 1644 3435 πρῶτος
1698 3362 1887 3435 ἐξενεγ-

2035 3361 2358 3433 vangelicm
2410 3375 2551 3432 pars
2606 3355 2851 3429 quidem
2909 3350 3277 3425 temporibus
3352 3347 3655 3405 Abraham

272 3445 378 3491 κὼν
437 3446 534 3499 τὴν
591 3451 770 3518 χεῖρα,
837 3446 1128 3499 συνέστειλε
1179 3451 1392 3514 ταύτην,
1446 3451 1558 3503 εἶτα
1615 3450 1888 3514 ἐξολισθή-

2035 3451 2313 3526 pparnit:
2348 3465 2469 3522 qua
2494 3450 2769 3509 retracta,
2815 3440 3104 3516 processit
3146 3437 3372 3509 legalis,
3416 3439 3474 3492 et
3520 3437 3658 3507 post

275 3548 469 3590 σαντος
517 3540 612 3583 τοῦ
654 3537 835 3606 Φαρὲς,
883 3540 1000 3587 τότε
1044 3542 1133 3589 καὶ
1170 3537 1321 3598 αὐτὸς
1368 3538 1574 3602 ἐξῆλθεν
1628 3542 1885 3607 όλοτελῶς·

2030 3558 2155 3599 ιοηο
2168 3539 2425 3613 perfecte
2448 3534 2728 3610 apparuit
2753 3530 3117 3601 evangelica.
3134 3527 3315 3584 Vides
3334 3526 3513 3598 igitur
3530 3538 3653 3581 non

271 3622 415 3672 οὕτω
498 3626 603 3693 καὶ.
646 3630 740 3684 τῆς
818 3623 1159 3696 εύαγγελικῆς
1224 3626 1513 3698 πολιτείας,
1576 3635 1726 3707 μέρος
1799 3639 1889 3708 μὲν

1478 3650 1513 3698 ς,
1576 3635 1726 3707 μέρος
1799 3639 1889 3708 μὲν
1999 3633 2216 3689 frustra
2246 3628 2428 3683 fuisse
2460 3630 2669 3683 Zaram
2700 3625 3101 3693 assumptum.

272 3709 439 3776 ἓφάνη
523 3712 576 3764 έν
654 3711 762 3774 τοὶς
812 3731 1030 3787 χρόνοις
1098 3722 1189 3766 τοῦ
1247 3714 1502 3790 Ἀϐραὰμ,
1573 3702 1683 3774 εἶτα
1754 3702 2120 3789 σύσταλέντος,
2173 3715 2322 3777 ἦλθεν
2380 3717 2410 3774 ἠ
2479 3718 2683 3787 νομικὴ,
2772 3716 2861 3763 καὶ
2941 3710 3073 3783 μετὰ
3154 3709 3349 3765 ταύτην
3380 3702 3657 3776 ἐξέλαμψεν

272 3802 489 3863 ἐντελῶς
519 3805 553 3860 ἠ
586 3801 914 3873 εύαεγγελική.
944 3801 1118 3873 Ὁρᾷς,
1149 3805 1226 3856 ὃτι
1256 3805 1315 3857 ού
1343 3808 1514 3877 μάτην
1546 3810 1571 3860 ὁ
1596 3815 1741 3885 Ζαρὰ
1772 3813 2137 3879 παρείληπται,

345 3898 558 3947 Λοιπὸν
594 3888 731 3981 ὀῦν,
784 3888 908 3981 ούδε
966 3900 1060 3953 τῆς
1112 3897 1302 3970 Θάμαρ
1369 3895 1600 3973 ἀκαίρως
1664 3900 1889 3977 ἐμνημό-

2071 3908 2385 3981 Reliquum
2418 3907 2505 3959 est
2539 3899 2873 3963 ostendere,
2940 3895 3108 3970 quod
3161 3895 3347 3966 ipsius
3413 3908 3658 3967 quoque

272 4001 479 4052 νευσεν,
510 3978 639 4035 οὐδε
684 3990 781 4034 τῶν
827 3980 992 4034 ἄλλων
1045 3992 1199 4055 τριῶν
1230 3995 1510 4055 γυναικῶν,
1542 3993 1674 4062 μετὰ
1716 4001 1888 4049 τοῦτο,

2033 3978 2259 4056 ‘hamar
2301 4010 2423 4050 non
2475 3992 2584 4048 abs
2630 4006 2693 4045 re
2748 3985 3104 4051 meminerit,
3162 3985 3314 4041 sicut
3355 3988 3411 4038 et
3476 3982 3656 4038 trium

272 4071 410 4123 Ἀλλ’
463 4070 577 4123 ὄτι-εἱ
624 4070 736 4141 (it)
785 4072 813 4127 ἡ
1007 4073 1196 4147 Θάμαρ
1250 4072 1632 4150 ἀθεμιτόναμος
1682 4076 1765 4148 ἧν,
1824 4085 1890 4144 ὡς

2035 4092 2209 4144 »οεὶθει
2246 4085 2523 4142 aliarum.
2557 4080 2669 4136 Sed
2710 4080 2853 4151 quia
2879 4077 3137 4132 Thamar
3185 4072 3434 4145 quidem
3464 4070 3658 4127 illicito

274 4169 346 4231 τῷ
392 4161 624 4231 πενθερῷ
684 4167 919 4231 μιγεῖσα,
974 4165 1138 4235 πόρνη
1192 4159 1252 4215 δὲ
1286 4165 1317 4222 ἡ
1349 4164 1524 4233 Ῥαὰϐ,
1556 4169 1586 4225 ἡ
1624 4165 1683 4221 δὲ
1719 4169 1890 4239 Ῥούθ,

2034 4182 2190 4248 lupta
2254 4177 2400 4240 erat,
2444 4173 2649 4241 utpote
2695 4182 2905 4222 socero
2951 4168 3182 4234 nupta;
3238 4161 3399 4216 Raab
3454 4164 3657 4216 autem

276 4248 591 4320 ἁλλόρνλος,
623 4250 652 4305 ἡ
688 4245 746 4302 δε
784 4256 875 4301 τοὺ
920 4249 1115 4322 Οὐρίου
1175 4252 1309 4324 (12),
1359 4256 1639 4329 Βηρσαϐεε,
1685 4279 1890 4331 μοιχα..

2035 4245 2279 4320 meretrix
2318 4264 2462 4323 erat,
2502 4263 2556 4314 et
2577 4256 2731 4312 Ruth
2752 4253 3115 4323 alienigena,
3165 4265 3316 4305 uxor
3340 4264 3482 4304 vero
3509 4246 3658 4303 Urius

272 4337 377 4403 λὶς,
437 4339 505 4397 ὡς
536 4339 593 4387 αἱ
635 4336 745 4389 κατ’
792 4338 953 4400 αὐτὰς
1005 4341 1233 4415 ἱστορίαι
1292 4339 1649 4399 διδάσκουσιν
1685 4369 1695 4381 ·
1730 4353 1892 4421 ἤγαγε

2031 4352 2288 4417 .dultera,
2310 4344 2830 4423 quemadmodum
2854 4343 3121 4413 ipsarum
3140 4340 3359 4395 docent
3374 4334 3654 4399 historias,

276 4431 370 4488 τὰς
430 4428 682 4486 τοιαύτας
731 4434 978 4497 γυναῖκας
1026 4428 1098 4491 εἰς
1149 4434 1328 4502 μέσον,
1372 4435 1457 4485 ἵνα
1486 4430 1656 4509 δείξῃ,
1688 4439 1769 4490 ὅτι
1799 4440 1893 4491 οὐκ

2032 4440 2250 4495 dduxit
2279 4455 2381 4494 eas
2412 4437 2471 4492 in
2527 4433 2815 4497 medium,
2865 4438 2928 4485 ut
2976 4428 3360 4485 manifestum
3414 4426 3655 4490 faceret,

276 4515 619 4588 ἐπῃσχύνετο
663 4517 688 4567 ὁ
730 4520 954 4588 Χριστὸς
1004 4515 1105 4570 ἀπὸ
1153 4522 1398 4573 τοιούτων
1422 4528 1688 4596 προγόνων
1736 4547 1892 4581 κατα·

2036 4529 2300 4585 :hristum
2319 4543 2441 4583 non
2471 4522 2787 4580 erubuisse
2810 4520 2888 4575 ab
2919 4517 3263 4590 hujusmodi
3293 4515 3659 4573 descendere

274 4611 518 4677 γόμενος,
580 4604 647 4656 ὧν
699 4606 725 4656 ὁ
782 4609 872 4678 μὲν
934 4605 987 4669 ἐξ
1040 4605 1450 4682 ἀθεμιτογαμίας
1502 4610 1584 4682 ἦν,
1639 4615 1664 4667 ὁ
1725 4611 1784 4668 δὲ
1837 4616 1893 4669 ἐκ

2037 4617 2486 4687 ιεοεθηίιοτὶὺυε
2515 4630 2526 4667 :
2561 4627 2824 4684 quorum
2872 4625 3027 4665 unus
3058 4608 3303 4681 quidem
3336 4623 3407 4661 ex
3462 4605 3660 4661 illicito

277 4698 547 4769 πορνείας,
593 4695 619 4747 ὁ
662 4691 721 4748 δε
768 4695 821 4757 ἐξ
860 4693 1142 4767 ἀλλοφύλου
1186 4702 1407 4771 μητρὸς,
1440 4702 1466 4752 ὁ
1499 4698 1576 4769 δὲ,
1624 4702 1726 4757 ἀπὸ
1769 4724 1891 4776 μοι-

2031 4711 2191 4779 mpta
2256 4711 2434 4761 natus
2495 4707 2639 4766 erat,
2697 4700 2852 4755 illius
2908 4704 3110 4754 autem
3186 4712 3258 4753 ex
3316 4693 3654 4762 fornicaria,

276 4780 540 4857 χαλίδος.
584 4781 753 4837 Ούδεν
777 4786 879 4857 ’γὰρ
927 4783 1145 4838 Βλάπτει
1170 4790 1257 4839 τόν
1305 4787 1535 4863 ἐνάρετον
1565 4793 1594 4851 ἡ
1627 4800 1726 4844 τῶν
1770 4813 1894 4868 προ-

2036 4801 2059 4852 t
2122 4811 2359 4851 rursum
2410 4792 2507 4849 hic
2563 4791 2643 4847 ab
2696 4788 3031 4858 alienigena
3099 4786 3514 4848 descenderat,
3563 4782 3659 4837 ille

275 4878 442 4943 γόνων
501 4872 659 4927 αὐτοῦ
705 4877 1031 4949 παρανομία.
1090 4881 1199 4939 Πᾶς
1250 4880 1352 4952 γὰρ
1410 4879 1511 4933 ἀπὸ
1550 4890 1649 4933 τῶν
1694 4882 1892 4937 οἰκείων

2061 4901 2144 4942 iro
2197 4884 2278 4943 ab
2335 4882 2627 4941 adultera.
2692 4880 2894 4951 Neque
2977 4877 3138 4934 enim
3205 4876 3401 4933 virtuti
3460 4872 3660 4930 debito

278 4962 533 5039 πράξεων,
588 4962 697 5017 ἀλλ’
743 4963 841 5017 οὐκ
889 4961 994 5016 ἀπὸ
1050 4972 1149 5018 τῶν
1199 4964 1477 5043 ἀλλοτρίων
1528 4975 1761 5043 κρίνεται
1797 4994 1892 5027 κα-

2037 4978 2179 5031 ιοοει
2226 4972 2677 5047 progenitorum
2725 4966 3036 5040 iniquitas.
3089 4965 3355 5037 Quisque
3412 4962 3568 5018 enim
3622 4975 3660 5017 a

1278 5118 1495 5201 Variae
1524 5121 1853 5193 lectiones
1887 5134 1953 5194 et
2006 5134 2208 5195 notae.

348 5294 399 5368 Β)
440 5293 691 5368 Inclusa
727 5286 796 5343 in
828 5284 1113 5368 margine
1134 5286 1319 5368 habet
1349 5294 1415 5347 Α.

2076 5295 2187 5368 (10)
2221 5295 2307 5352 Ita
2358 5293 2664 5368 Chrysost.
2709 5295 2773 5368 t._
2808 5290 2901 5359 VI,
2929 5292 3031 5345 275
3064 5290 3155 5368 Az‘
3204 5288 3381 5368 ρῦτως
3420 5290 3445 5340 ό
3488 5292 3661 5368 εἰσιτὸν

338 5356 389 5439 ϐ)
420 5371 560 5426 Haec
582 5366 658 5439 in
695 5356 991 5439 margine
1016 5356 1197 5439 habet
1226 5362 1292 5416 A.
1696 5436 1723 5439 ,Α
1918 5378 1943 5387 ,ί

2035 5356 2091 5430 ig"
2122 5356 2349 5439 γύναῖκα
2380 5356 2677 5439 ᾁλλότρίαν.
2744 5364 2851 5419 Pro
2889 5356 3013 5439 quo
3073 5364 3162 5439 est
3205 5363 3378 5418 Prov.
3428 5376 3501 5427 v1,
3544 5361 3656 5418 29:

331 5429 382 5518 7)
409 5438 629 5518 Iacob
680 5430 1230 5518 nimirum.wﬂzec
1293 5438 1616 5492 narrantur
1684 5436 1894 5495 Genes.

1684 5436 1894 5495 Genes.
2010 5429 2191 5518 Οὕτως
2220 5442 2245 5518 ό
2278 5429 2671 5518 εἰσελθὼν’πρός
2694 5429 2929 5518 γυναῖκα
2958 5429 3241 5507 ύπανδρον.

238 5500 467 5577 nivi“.
509 5509 675 5569 Vide
713 5510 986 5583 et‘xxu,
1022 5500 1108 5556 35;

2082 5500 2195 5583 (11)
2220 5505 2463 5583 Ἐπειδη,
2486 5500 2606 5583 ξρςρ
2620 5500 2764 5583 ἐπεί.
2798 5505 2854 5560 Β.

288 5510 467 5577 rm“.
509 5510 675 5569 Vide
713 5510 781 5561 et
813 5516 986 5565 nux,
1022 5510 1108 5556 35;

288 5595 367 5665 (8)
400 5594 465 5647 ln
504 5594 729 5665 mergi
770 5574 849 5665 AA:
1304 5614 1307 5617 ν

2082 5511 2162 5583 (11
2220 5510 2463 5573 Ἐπειδὴ,
2494 5522 2606 5579 pro
2638 5510 2764 5559 επεί.
2798 5510 2855 5560 Β.

2082 5510 2197 5654 (12)
2228 5578 2507 5640 Βηθσαϐεέ.
2542 5578 2586 5634 ΙΙ
2620 5580 2759 5651 Reg.
2790 5592 2870 5648 ιι,
2891 5576 2943 5631 3.

383 5665 456 5721 In
500 5648 734 5726 mare”.
776 5648 856 5701 Α·
