4110 6408
475 356 576 416 123

1789 354 2140 416 EUTHYMII
2176 353 2503 415 ZlGABENl

3738 365 3838 422 ι24

474 484 733 559 propriis
762 483 1062 558 operibus,
1091 499 1211 541 non
1237 483 1310 541 ab
1331 483 1535 541 alienis
1556 482 1784 558 probus
1822 482 2123 556 judicatur

2235 483 2321 547 λός
2354 484 2384 545 ἦ
2420 483 2627 557 φαῦλος.
2692 489 2791 540 Καὶ
2848 486 2947 563 γὰρ
2996 490 3085 541 καὶ
3133 484 3227 542 διὰ
3277 488 3427 542 τὸὔτο
3477 485 3622 549 ἦλθεν
3652 490 3679 543 ό
3712 498 3842 566 Χρι-

476 580 577 632 aut
616 575 949 647 improbus.
983 579 1130 631 Nam
1163 574 1241 632 ob
1285 575 1346 631 id
1385 575 1565 631 etiam
1616 574 1778 631 venit
1823 573 2117 630 Christus:

475 680 597 721 non
624 672 685 720 ut
715 670 921 722 nostra
953 665 1173 736 fugeret
1202 664 1549 738 opprobria,
1599 665 1703 720 sed
1730 668 1795 721 ut
1842 680 1915 721 ea
1946 665 2126 720 susci-

479 758 664 827 peret,
713 754 961 827 suisque
1010 755 1326 812 virtutibus
1370 754 1706 827 perimeret.
1761 756 1829 809 Ut
1854 753 2122 810 medicus

473 859 742 917 namque
794 845 1038 902 advenit
1090 845 1373 909 Christus,
1432 860 1556 901 non
1615 848 1679 899 ut
1730 843 1933 914 judex.
1998 842 2125 899 Haec

475 934 655 1003 igitur
679 934 874 1006 prima
898 939 985 990 est
1011 950 1216 990 causa.
1251 935 1442 989 Altera
1470 949 1628 999 vero,
1671 932 1811 1005 quia
1845 948 1915 988 eo
1959 932 2125 1004 quod

472 1023 663 1079 Judaei
692 1024 944 1089 virtutis,
978 1040 1112 1096 quae
1138 1024 1295 1079 circa
1325 1023 1590 1078 animam
1629 1026 1918 1088 versatur,
1962 1021 2128 1077 nulla

472 1112 679 1170 habita
717 1129 876 1178 cura,
933 1113 1007 1168 de
1038 1112 1513 1184 progenitoribus
1556 1111 1879 1183 plurimum
1914 1110 2125 1180 gloria-

473 1202 714 1266 bantur,
739 1201 1451 1274 generositatemillorum
1478 1217 1716 1256 sursum
1732 1216 1801 1256 ac
1843 1201 2127 1256 deorsum

474 1289 1002 1346 circumferentes:
1088 1290 1358 1362 reprimit
1436 1295 1734 1346 tumorem
1807 1289 2123 1361 ipsorum:

474 1379 800 1435 ostendens
827 1380 1001 1434 etiam
1035 1378 1166 1435 illos
1206 1395 1276 1435 ex
1316 1379 1637 1448 illegitimis
1658 1383 1828 1435 natos
1880 1377 2125 1450 nuptiis.

475 1468 684 1524 Statim
717 1468 871 1523 enim
903 1468 1237 1539 patriarcha
1263 1484 1493 1529 eorum,
1542 1467 1814 1539 ejusdem
1868 1466 2129 1522 nominis

472 1556 680 1623 Judas,
715 1573 787 1612 ex
809 1573 878 1612 ea
908 1573 1044 1629 quae
1068 1556 1175 1612 sibi
1216 1556 1463 1612 scelesto
1494 1557 1676 1612 modo
1709 1555 1989 1628 copulata
2020 1559 2124 1621 est,

474 1646 916 1716 progenitorem
974 1646 1241 1717 ipsorum
1293 1646 1509 1701 Phares
1574 1651 1631 1701 et
1695 1649 1843 1701 Zara
1899 1646 2123 1714 genuit.

472 1734 659 1790 David
701 1751 944 1807 quoque
993 1734 1088 1790 ille
1160 1734 1312 1791 adeo
1363 1733 1628 1799 celebris,
1704 1750 1775 1790 ex
1856 1733 2126 1790 adultera

2233 576 2372 640 στός,
2428 575 2533 648 οὐχ
2590 576 2675 629 ἶνα
2740 579 2875 650 φύγῃ
2934 579 3001 631 τὰ
3050 579 3276 652 ἡμέτερα
3328 576 3526 649 ὀνείδη,
3586 579 3691 633 ἀλλ’
3754 585 3839 635 ἶνά

2233 659 2453 746 δέξηται
2506 672 2693 736 ταῦτα,
2742 671 2833 719 καὶ
2884 666 3033 741 ἀνέλῃ
3093 665 3188 721 διὰ
3234 676 3335 721 τῶν
3388 673 3571 722 ἑαυτοῦ
3622 669 3836 746 ἀρετῶν.

2225 740 2316 817 Ὠς
2373 754 2549 829 ἰατρὸς
2599 758 2722 831 γὰρ,
2765 756 2869 828 οὐχ
2941 759 3006 818 ὡς
3059 761 3263 831 κριτὴς,
3320 740 3664 832 παραγέγονεί
3730 764 3841 813 Μία

2231 844 2320 917 μέν
2368 841 2456 897 οὖν
2510 845 2641 903 αὕτη
2703 845 2867 899 αἰτία.
2922 850 3142 919 Δευτὲρα
3194 843 3273 916 δὲ,
3324 849 3425 917 ὅτι,
3482 846 3663 907 ἐπειδὴ
3715 848 3841 903 Ἰου-

2235 931 2377 987 δαῖοι
2412 941 2508 995 τῆς
2536 936 2673 987 κατὰ
2717 934 2902 1007 ψυχὴν
2958 935 3140 1008 ἀρετῆς
3198 935 3517 1009 ἀμελοῦντες,
3571 942 3707 1009 μέγα
3755 937 3841 993 ἐπὶ

2232 1024 2341 1086 τοίς
2397 1028 2672 1097 προγόνοις
2756 1024 3070 1098 ἐκόμπαζον,
3124 1030 3217 1084 τὴν
3302 1026 3555 1097 εὐγένειαν
3635 1027 3839 1080 ἐκείνων

2232 1114 2336 1164 ἄνω
2394 1118 2483 1165 καὶ
2546 1116 2688 1166 κάτω
2760 1119 3136 1190 περιφέροντες,
3208 1115 3541 1169 καταστέλλει
3616 1119 3675 1167 τὸ
3750 1119 3843 1188 φύο

2237 1221 2384 1275 σημα
2434 1205 2651 1270 τούτων,
2702 1199 2969 1269 δεικνύων,
3035 1206 3115 1256 ὅτι
3167 1206 3396 1257 κάκεῖνοι
3435 1204 3490 1257 ἐκ
3527 1209 3841 1280 παρανόμων

2233 1295 2413 1363 γάμων
2480 1291 2726 1364 ἐγένοντο.
2795 1292 2992 1346 Δύτίκα
3046 1297 3144 1367 γὰρ
3196 1295 3221 1345 ὁ
3277 1296 3622 1367 πατριάρχης
3672 1294 3844 1346 αὐτῶν

2234 1385 2324 1433 καὶ
2376 1382 2645 1452 ὁμώνυμος
2709 1379 2931 1452 Ἰούδας,
2998 1383 3054 1445 ἐξ
3110 1382 3520 1455 ἁθεμιτογαμίας
3572 1386 3660 1435 τόν
3716 1388 3845 1456 πρό-

2233 1489 2382 1541 γονον
2435 1470 2604 1522 αὐτῶν
2668 1470 2827 1545 Φαρές
2884 1476 2973 1524 καὶ
3019 1474 3105 1524 τὸν
3164 1475 3309 1546 Ζαρὰ
3356 1471 3690 1544 ἀπεγεννησε.
3739 1476 3844 1525 Καὶ

2235 1558 2595 1633 ὀπεριϐόητος
2638 1556 2696 1612 δὲ
2749 1560 2860 1632 (13)
2902 1558 3090 1627 Δαυίδ,
3150 1560 3205 1613 ἐκ
3257 1566 3503 1633 μοιχείας
3547 1564 3634 1613 τὸν
3696 1560 3845 1613 Σολο-

2234 1656 2425 1720 μῶντα.
2486 1653 2586 1701 Καὶ
2640 1649 2816 1701 λοιπὸν
2874 1652 3043 1722 μάτην
3099 1650 3184 1703 ἐπὶ
3232 1658 3335 1711 τοῖς
3380 1654 3654 1724 προγόνοις
3685 1668 3845 1721 μεγα-

2232 1737 2546 1809 λαυχοῦσιν.
2581 1736 2744 1810 Οἶμαι
2796 1741 2896 1813 γὰρ
2936 1736 2969 1791 δ
2976 1742 3029 1791 ιὰ
3054 1744 3148 1797 τὴν
3200 1740 3369 1792 αἰτίαν
3424 1739 3613 1811 μᾶλλον
3643 1741 3844 1796 ταύτην

474 1824 856 1881 Solomonem
898 1825 1220 1893 generavit.
1255 1826 1452 1879 Restat
1493 1823 1713 1895 itaque,
1747 1838 1969 1879 vanam
1996 1838 2123 1878 esse

2235 1830 2650 1900 μνημονευθῆναι
2706 1833 2795 1880 καὶ
2850 1831 2970 1890 τούς
3042 1826 3291 1901 ἀδελφοὺς
3350 1836 3442 1880 τοῦ
3505 1824 3706 1884 Ἰούδα.
3779 1828 3847 1879 Ol

470 1913 543 1968 de
568 1912 1141 1984 primogenitoribus
1158 1913 1527 1983 jactantiam.
1567 1914 1790 1984 Opinor
1828 1916 2027 1967 autem
2048 1911 2123 1967 ob

468 2001 629 2057 hanc
658 2002 836 2057 etiam
879 2002 1262 2073 potissimum
1293 2017 1564 2066 causam,
1601 2001 1851 2057 fratrum
1882 2016 2123 2072 quoque

469 2090 634 2146 Judaa
654 2090 1289 2155 meminisse.Quatuor
1317 2090 1477 2146 enim
1495 2091 1764 2162 ipsorum
1784 2089 1856 2146 ab
1890 2088 2121 2145 ancillis

469 2178 655 2235 Jacob
685 2179 806 2233 nati
840 2183 997 2247 sunt,
1040 2183 1096 2233 et
1151 2182 1373 2234 tamem
1421 2177 1568 2233 nulli
1624 2194 1832 2235 eorum
1889 2180 2121 2248 generis

471 2266 663 2323 obfuit
691 2266 1060 2331 ditferentia;
1091 2282 1302 2323 omnes
1332 2283 1598 2339 namque
1638 2267 1904 2323 similiter
1934 2272 1990 2323 et
2028 2285 2125 2340 pa-

470 2356 741 2412 triarcha:
789 2354 1046 2421 fuerunt,
1077 2361 1133 2411 et
1188 2357 1385 2428 capita
1432 2356 1713 2412 tribuum.
1764 2356 1957 2413 Tertia
1982 2372 2123 2413 vero

471 2462 657 2502 causa
670 2450 776 2512 est,
792 2446 954 2518 quod
973 2446 1252 2501 mulieres
1264 2446 1376 2501 illa:
1392 2446 1837 2517 fueruntﬁgura
1853 2446 2123 2503 Ecclesiae

470 2552 601 2608 quae
642 2550 709 2591 ex
764 2535 1040 2605 gentibus
1083 2540 1448 2606 congregata
1472 2540 1579 2591 est.
1605 2536 2122 2601 Quemadmodum

471 2625 633 2680 enim
669 2624 798 2680 illas
823 2624 1076 2680 diversis
1101 2624 1401 2696 subjectas
1430 2626 1688 2698 peccatis
1717 2626 1824 2681 viri
1860 2626 2125 2698 praedicti

470 2716 770 2770 duxerunt
797 2733 809 2772 :
844 2714 923 2770 ita
949 2729 1191 2786 quoque
1208 2714 1472 2770 Christus
1488 2715 1822 2771 humanam
1846 2721 2124 2772 naturam

470 2803 648 2859 variis
679 2818 1033 2875 oppressam
1063 2803 1346 2874 peccatis,
1373 2803 1484 2859 sibi
1510 2804 1622 2875 ipsi
1644 2804 1847 2859 univit.
1886 2808 1949 2861 Et
1979 2805 2127 2862 sicut

469 2908 656 2964 genus
704 2891 914 2947 talium
975 2891 1294 2947 mulierum
1364 2908 1755 2964 nequaquam
1808 2893 2124 2963 indignum

468 2979 787 3052 reputavit,
856 2980 939 3035 ita
1008 2995 1118 3035 nec
1194 2979 1462 3035 Ecclesiae
1532 2995 1737 3035 secum
1800 2979 2126 3052 desponsa-

470 3068 718 3125 tionem.
812 3068 999 3124 Simul
1091 3084 1334 3141 quoque
1410 3084 1515 3141 per
1583 3069 1725 3126 talia
1811 3069 2121 3134 docemur,

469 3174 592 3215 non
644 3156 718 3213 de
762 3158 1214 3230 progenitorum
1263 3160 1541 3229 peccatis,
1595 3160 1699 3216 sed
1750 3159 1819 3213 de
1863 3159 2121 3231 propriis
2154 3191 2193 3245 α

469 3248 818 3303 erubescere
852 3264 863 3301 :
900 3263 1092 3318 neque
1121 3248 1195 3302 de
1218 3248 1550 3318 majoribus
1573 3248 1831 3319 gloriari,
1856 3249 1962 3304 sed
1989 3264 2122 3321 pro-

470 3336 613 3409 priae
646 3352 848 3393 curam
869 3336 1090 3392 habere
1121 3336 1376 3393 virtutis.
1411 3340 1612 3410 Neque
1657 3338 1813 3393 viros
1854 3340 2125 3409 egregios

469 3426 691 3481 talibus
713 3424 1026 3497 copulatos
1042 3425 1268 3497 nuptiis
1284 3431 1525 3497 propter
1556 3426 1652 3497 buj
1666 3427 1903 3483 usmodi
1927 3427 2125 3484 matri-

469 3513 674 3570 monia
713 3513 1103 3586 vilipendere.
1171 3516 1368 3586 Neque
1424 3531 1526 3571 eos
1574 3516 1877 3588 repellere,
1932 3517 2035 3589 qui
2089 3533 2125 3573 a

469 3601 717 3658 diversis
746 3601 1163 3674 iniquitatibus
1194 3602 1273 3658 ad
1301 3602 1480 3660 ﬁdem
1522 3605 1836 3661 accedunt.

540 3710 702 3764 Vers.
729 3712 782 3764 3.
826 3708 1046 3765 Phares
1095 3714 1307 3766 autem.
1344 3741 1413 3751 ——
1468 3710 1537 3764 V.
1602 3712 1685 3766 H.
1725 3711 2120 3783 Babylonica.

469 3801 721 3864 Quartus
792 3802 947 3854 certe
1030 3799 1256 3868 Regum
1351 3798 1493 3855 liber
1572 3801 1619 3837 ¹²
1678 3815 1749 3856 ac
1824 3801 2122 3857 secundus

469 3887 973 3960 Paralipomenon
991 3888 1178 3958 “,tres
1202 3889 1374 3944 Josiae
1394 3889 1549 3946 ﬁlios
1566 3891 2119 3962 ponuntJoacham,

467 3976 841 4047 Joacim,qui
873 3982 927 4032 et
967 3976 1210 4033 Eliacim
1267 3979 1618 4045 vocabatur,
1667 3995 1739 4036 ac
1792 3980 2121 4049 Sedeciam,

470 4064 571 4138 qui
629 4071 687 4121 et
740 4065 1094 4121 Matthanias
1165 4065 1479 4123 dicebatur
1526 4084 1539 4134 ;
1594 4069 1669 4123 ab
1724 4084 1845 4124 uno
1921 4074 2124 4127 autem

468 4154 708 4221 horum,
764 4161 909 4226 puta
960 4154 1273 4225 Joacham,
1344 4155 1726 4213 descendisse
1774 4158 2121 4215 Jechoniam

470 4244 700 4302 dicunt.
757 4244 928 4299 Liber
984 4249 1188 4300 autem
1246 4244 1444 4301 Esdrae
1516 4246 1865 4303 Jechoniam
1932 4247 2122 4303 ﬁlium

2233 1914 2481 1991 τέσσαρες
2524 1920 2620 1989 γὰρ
2668 1916 2834 1969 αὐτῶν
2879 1915 2978 1969 ἀπὸ
3039 1914 3299 1970 δουλίδων
3347 1924 3417 1987 τῷ
3456 1915 3645 1971 Ἰακὼϐ
3697 1914 3845 1987 ἐγεν-

2232 2008 2489 2073 νήθησαν,
2534 2010 2623 2057 καὶ
2685 2007 2818 2077 ὅμως
2884 2006 2978 2058 οὐκ
3040 2004 3255 2077 ἔϐλαψεν
3315 2002 3503 2058 οὐδένα
3553 2008 3748 2058 τούτων
3811 2006 3842 2063 ἡ

2233 2102 2324 2147 τοῦ
2375 2097 2555 2165 γένους
2629 2091 2877 2167 διαφορά.
2952 2098 3139 2156 Πάντες
3193 2098 3293 2168 γὰρ
3368 2096 3558 2167 ὁμοίως
3611 2092 3846 2164 ἄγένοντο

2233 2190 2323 2237 καὶ
2368 2186 2720 2259 πατριάρχαι,
2772 2188 2863 2235 καὶ
2910 2184 3193 2258 φύλαρχοι.
3247 2189 3406 2259 Τρίτη
3460 2180 3519 2237 δὲ
3570 2182 3732 2249 αἰτία,
3765 2187 3849 2234 ὅτι

2234 2275 2288 2327 αἰ
2323 2281 2560 2345 γυναῖκες
2616 2272 2822 2344 ἐκεῖναι,
2880 2276 3036 2334 τύπος
3095 2270 3229 2331 ἦσαν
3279 2281 3369 2333 τῆς
3416 2271 3470 2336 ἐξ
3522 2271 3675 2325 ὶθνῶν
3721 2270 3845 2324 Ἐκ-

2233 2364 2467 2424 κλησίας.
2530 2362 2728 2436 Ὠσπερ
2779 2365 2877 2436 γὰρ
2934 2362 3147 2426 ἐκείνας,
3202 2359 3472 2437 διαφόροις
3520 2360 3849 2434 ἁμαρτήμα-

2237 2473 2317 2506 σιν
2387 2454 2741 2525 ὑποκειμένας,
2800 2454 2849 2504 οἱ
2925 2448 3235 2513 δηλωθέντες
3301 2448 3488 2524 ἄνδρες
3555 2450 3841 2521 ἠγάγοντο*

2234 2542 2367 2595 ούτὼ
2398 2547 2487 2594 καὶ
2516 2543 2541 2593 ὁ
2575 2544 2803 2616 Χριστὸς
2850 2545 2943 2599 τὴν
2983 2539 3305 2616 ἀνθρωπίνην
3355 2543 3534 2613 φύσιν,
3567 2535 3845 2613 διαφόροις

2235 2631 2601 2705 ἁμαρτήμασιν
2676 2631 3063 2699 ὑποπεσοῦσαν,
3136 2633 3408 2705 ἡρμοσατο
3485 2627 3669 2697 ἑαυτῷ.
3738 2632 3847 2680 Καὶ

2235 2723 2407 2793 ὥσπερ
2456 2724 2514 2772 τὸ
2570 2723 2709 2791 γένος
2758 2727 2855 2772 τῶν
2920 2722 3165 2772 τοιούτων
3240 2725 3500 2791 γυναικῶν
3553 2716 3647 2769 οὐκ
3699 2714 3847 2775 ἀπη-

2236 2810 2417 2872 ξίωσεν
2461 2831 2472 2842 ·
2520 2813 2680 2871 οὕτως
2722 2805 2844 2861 οὐδὲ
2892 2813 2984 2867 τὴν
3035 2816 3129 2869 τῆς
3168 2808 3479 2869 Ἐκκλησίας
3526 2808 3842 2877 νύμφευσιν.

2232 2899 2376 2971 Ἀμα
2406 2895 2464 2951 δὲ
2514 2904 2603 2951 καὶ
2654 2895 3021 2970 διδασκόμεθα
3071 2893 3164 2950 διὰ
3205 2905 3303 2949 τῶν
3349 2897 3612 2960 τοιούτων,
3647 2897 3719 2966 μὴ
3754 2892 3845 2945 ἐπὶ

2234 2996 2349 3050 ταῖς
2380 2995 2478 3040 τῶν
2526 2992 2790 3060 προγόνων
2839 2986 3139 3061 ἁμαρτίαις,
3192 2985 3299 3038 ἀλλ’
3348 2984 3431 3037 ἐπὶ
3478 2990 3595 3045 ταῖς
3626 2982 3848 3043 οἰκείαις

2236 3077 2610 3149 αἰσχύνεσθαι,
2665 3072 2803 3149 μηδὲ
2855 3080 2989 3148 μέγα
3037 3083 3233 3149 φρονεῖν
3283 3073 3368 3127 ἰπὶ
3414 3076 3706 3146 προγόνοις,
3734 3069 3847 3123 ἀλλ’

2236 3168 2426 3229 οἰκείας
2481 3166 2837 3238 ἐπιμελεῖσθαι
2900 3164 3088 3238 ἀρετῆς
3139 3186 3149 3197 ·
3204 3159 3342 3235 μηδὲ
3403 3161 3669 3234 φαυλίζειν
3721 3162 3851 3220 τοὺς

2236 3256 2335 3309 ἀπὸ
2395 3253 2809 3327 διαϐεϐλημένων
2876 3256 3055 3326 γὰμων
3130 3252 3396 3326 ἐναρέτους
3452 3252 3846 3323 γεγενημένους,

2233 3342 2372 3418 μηδὲ
2439 3346 2797 3419 παρωθεῖσθαι
2849 3342 2965 3403 τούς
3022 3340 3076 3394 ἐκ
3134 3339 3396 3415 διαφόρων
3460 3339 3846 3412 ἁμαρτημάτων

2232 3443 2294 3508 τῇ
2326 3439 2506 3488 πίστει
2535 3436 3005 3507 προσερχομένους.

2306 3714 2461 3786 Φαρὲς
2529 3742 2598 3753 —
2657 3709 2971 3771 Βαϐυλῶνος.
3050 3706 3108 3761 Ἠ
3190 3709 3280 3780 μὲν
3359 3707 3577 3780 τετάρτη
3663 3702 3847 3777 βίϐλος

2232 3811 2331 3856 τῶν
2390 3800 2667 3854 Βασιλειῶν
2726 3803 2815 3851 καὶ
2858 3800 2887 3856 ἡ
2945 3794 3166 3871 δευτέρα
3224 3804 3322 3849 τῶν
3380 3794 3845 3868 Παραλειπομένων

2231 3898 2369 3969 τρεῖς
2415 3894 2560 3953 υἱούς
2605 3892 2875 3963 ἱστοροῦσι
2913 3893 3004 3941 τοῦ
3055 3890 3279 3952 Ἰωσίου,
3322 3888 3408 3937 τὸν
3462 3882 3698 3955 Ἰωάχαζ
3751 3887 3846 3935 καὶ

2230 3985 2318 4033 τὸν
2370 3979 2627 4051 Ἰωακεὶμ,
2684 3978 2733 4038 ὃς
2789 3980 2879 4028 καὶ
2952 3975 3213 4047 Ἐλιακεὶμ
3286 3973 3538 4040 ἐκαλεῖτο,
3607 3977 3700 4023 καῖ
3755 3974 3848 4023 τὸν

2233 4067 2496 4138 Σεδεκίαν,
2542 4068 2592 4128 ὃς
2640 4072 2729 4120 καὶ
2774 4067 3075 4127 Ματθανίας
3132 4062 3347 4134 ἐλέγετο,
3400 4061 3507 4122 ἐνὸς
3538 4057 3597 4112 δὲ
3626 4062 3844 4126 τούτων,

2234 4167 2324 4212 τοῦ
2376 4158 2614 4229 Ἰωακεὶμ
2671 4157 2801 4227 (13’)
2851 4154 3265 4225 ἀπογεννηθῆναι
3316 4154 3402 4203 τὸν
3458 4150 3709 4221 Ἰεχονίαν
3748 4166 3760 4178 ’
3811 4152 3843 4208 ἡ

2235 4246 2294 4302 δε
2341 4256 2432 4301 τού
2476 4246 2645 4319 ’Ἐσρα
2698 4244 2894 4317 βίϐλος,
2962 4246 3050 4295 τόν
3102 4241 3373 4313 Ἰεχονίαν,
3415 4242 3526 4291 υἱὸν
3571 4239 3700 4291 εἶναι
3752 4245 3848 4289 τοῦ

469 4334 645 4390 Josiaa
710 4332 897 4389 fuisse
971 4332 1131 4405 dicit,
1204 4335 1357 4390 sicut
1423 4340 1479 4391 et
1530 4351 1796 4407 praesens
1870 4352 2124 4408 evange-

2235 4338 2435 4391 Ἰωσίου
2491 4341 2670 4408 φησιν,
2730 4336 2902 4406 ὥσπερ
2964 4336 3054 4383 καὶ
3119 4332 3145 4382 ὁ
3202 4333 3379 4400 παρὼν
3449 4326 3845 4399 εὐαγγελιστὴς.

471 4422 629 4478 lista.
658 4422 811 4488 Quid
834 4438 975 4492 ergo
1026 4421 1348 4478 dicemus?
1404 4424 1577 4489 Quod
1633 4440 1815 4495 quem
1866 4425 1946 4482 illi
1991 4426 2126 4483 Joa-

473 4511 649 4567 cham
700 4511 1000 4579 dixerunt,
1050 4512 1148 4567 hic
1201 4511 1553 4569 Jechoniam
1594 4516 1897 4587 appellat;
1957 4517 2128 4573 bino-

472 4601 650 4657 minis
676 4601 827 4656 enim
857 4605 1000 4667 erat,
1031 4601 1179 4657 sicut
1205 4606 1260 4659 et
1294 4602 1506 4659 fratres
1557 4604 1667 4659 sui.
1704 4604 1931 4662 Etenim
1973 4623 2129 4679 quae-

473 4706 712 4762 cunque
737 4688 819 4745 illi
854 4689 1009 4746 circa
1055 4690 1346 4747 Joacham
1402 4691 1701 4761 dixerunt,
1755 4694 1884 4751 haec
1923 4698 2130 4755 omnia

472 4779 673 4837 ESdI‘tB
725 4779 873 4835 liber
913 4778 1345 4837 invariabiliter
1387 4781 1461 4839 de
1513 4781 1796 4838 Jechonia
1847 4785 2032 4842 dixit:
2074 4791 2129 4843 et

472 4868 639 4942 quod
670 4872 924 4925 matrem
944 4868 1153 4926 habuit
1187 4871 1442 4935 Amitad,
1502 4870 1689 4927 ﬁliam
1727 4875 2026 4931 Jeremiee:
2072 4879 2131 4933 et

475 4958 642 5031 quod
700 4958 902 5031 viginti
934 4959 1114 5016 trium
1144 4973 1445 5017 annorum
1484 4965 1629 5033 erat,
1685 4978 1822 5020 cum
1875 4980 2129 5037 regnare

546 5138 593 5174 ¹²
618 5136 689 5196 IV
714 5138 862 5212 Reg.
894 5154 1039 5197 mi.
1064 5139 1111 5176 ¹⁸
1140 5138 1186 5195 II
1216 5138 1408 5198 Paral.
1437 5155 1634 5197 xxxvr.

2235 4432 2297 4479 Τί
2336 4423 2422 4479 οὖν
2463 4424 2671 4498 ἐροῦμεν
2706 4422 2867 4489 ;”Οτι
2914 4423 2967 4473 ὃν
3013 4419 3200 4472 ἐκεῖναι
3230 4414 3370 4471 εἷπον
3424 4416 3679 4487 Ἰωάχαζ,
3719 4422 3849 4467 τοῦ-

2236 4536 2322 4569 τον
2365 4516 2498 4573 αὕτη
2532 4519 2689 4586 φησιν
2739 4513 3008 4583 Ἰεχονίαν.
3062 4514 3325 4580 Διώνυμος
3379 4508 3481 4578 γὰρ
3538 4501 3619 4573 ἧν,
3670 4505 3848 4576 ὥσπερ

2237 4612 2326 4659 καὶ
2356 4607 2404 4658 οἰ
2435 4600 2648 4676 ἀδελφοὶ
2693 4596 2872 4655 αὐτού.
2926 4603 3025 4653 Καὶ
3062 4600 3187 4671 γὰρ,
3234 4596 3362 4670 οἷπερ
3411 4595 3604 4667 ἓφασαν
3660 4593 3853 4645 ἐκεῖναι

2236 4696 2533 4771 παράσημα
2588 4699 2679 4744 τοῦ
2748 4689 3002 4762 Ἰωάχαζ,
3058 4694 3226 4740 ταῦτα
3281 4688 3482 4759 εἴρηκεν
3538 4681 3851 4755 ἀπαραλλά-

2238 4786 2429 4847 κτωςὴ
2472 4790 2564 4836 τοῦ
2594 4780 2767 4854 Ἕσρα
2798 4778 2980 4852 βίϐλος
3027 4779 3196 4829 πάντα
3246 4774 3329 4827 ἐπὶ
3368 4782 3441 4845 τῷ
3490 4773 3738 4843 Ἰεχονίᾳ,
3770 4771 3854 4823 ὃτι

2238 4894 2292 4927 τε
2323 4877 2525 4947 μητέρα
2560 4868 2672 4943 εἶχε
2701 4874 2795 4929 τὴν
2837 4863 3063 4940 Ἀμιτὰδ
3114 4869 3247 4936 (15),
3293 4866 3551 4937 θυγατέρα
3578 4860 3849 4933 Ἰερεμίου,

2240 4968 2331 5017 καὶ
2386 4962 2464 5015 ὅτι
2519 4963 2684 5014 εἴκοσι
2738 4962 2829 5011 καὶ
2880 4964 3035 5032 τριῶν
3091 4953 3213 5007 ἐτῶν
3263 4951 3588 5017 ἐϐασίλευσε,
3645 4952 3732 5002 καὶ
3775 4948 3857 5000 ὅτι

1656 5320 1873 5391 Variae
1920 5321 2250 5392 lectiones
2282 5326 2350 5390 et
2397 5326 2576 5389 notae

575 5489 664 5560 13)
698 5492 776 5553 Δέ,
811 5489 1045 5546 omittit.
1081 5492 1148 5546 A.

578 5561 689 5633 13f)
716 5560 969 5633 Ἰῗωάχαὲᾢ
1000 5564 1067 5615 Α.

582 5628 679 5703 14)’
700 5628 941 5689 Videtur
968 5628 1262 5705 respicere
1293 5633 1315 5689 Ι
1346 5631 1549 5690 Esdraa
1572 5648 1631 5701 ιι,
1665 5637 1753 5691 32.
1778 5633 1875 5692 ubi
1906 5633 2143 5693 variant

2246 5492 2305 5547 in
2337 5489 2581 5547 nomine
2615 5486 2851 5562 ’Imaéxa;
2876 5488 2932 5562 et
2960 5484 3228 5562 Ἰεχονίαν.
3570 5550 3582 5562 ο
3738 5547 3748 5559 ο

2253 5636 2293 5693 G
2320 5564 2434 5643 (15)
2479 5564 2535 5617 L.
2573 5562 2593 5615 I
2625 5552 2866 5633 Ἀμίτάλ.
2903 5552 3150 5614 Sed'ibi
3180 5569 3423 5628 quoque
3452 5552 3589 5610 libri
3625 5552 3863 5607 variant

2300 5649 2455 5691 rusci.
