4110 6384
270 366 367 425 125

1287 364 1655 427 COMMENT.
1698 364 1767 420 IN
1808 360 2253 423 ΜΑΤΤΗᾸΞΗΜ.
2296 393 2363 406 -—
2403 359 2562 418 CAP.
2612 356 2652 417 Ι.

3556 357 3664 416 126

273 504 400 568 τρεῖς
450 498 639 570 μόνους
690 506 868 571 μῆνας
930 495 1256 573 βασιλεύσας
1312 492 1556 560 ἐξεϐλήθη
1610 493 1755 567 παρὰ
1799 499 1883 545 τοῦ

2002 488 2296 562 coepisset,
2346 489 2402 545 et
2458 487 2652 545 tribus
2705 488 2939 545 tantum
2992 482 3305 544 mensibus
3371 480 3660 554 regnavit.

280 593 477 659 Φαραω,
530 584 802 657 βασιλέως
849 587 1139 661 Αἰγὺπτου,
1176 590 1269 640 καὶ
1315 585 1566 657 κατήχθη
1605 578 1789 645 δοῦλος
1819 580 1892 643 εἷς

278 680 535 748 Αἴγυπτον
551 722 563 734 ,

346 890 511 945 Ὥστε
564 890 748 945 λοὶπόν
807 893 981 967 ἕτερος
1012 891 1266 964 Ἰεχονίας
1314 886 1396 957 ἦν,
1430 889 1457 942 6
1486 890 1601 949 υίὸς
1651 886 1890 959 Ἰωακεὶμ

278 981 417 1047 (16),
453 977 653 1042 οὗτινος
687 978 816 1035 οὐδε
846 978 1098 1054 ἀδελφοὺς
1125 976 1347 1052 οὐδεμία
1368 977 1551 1050 βίϐλος
1582 975 1883 1051 ἀνέγραψεν.

276 1069 432 1130 Εἰκὸς
470 1072 584 1142 (Π)
633 1068 713 1138 δὲ,
751 1074 884 1143 μετὰ
932 1075 990 1124 τὸ
1035 1070 1499 1145 κατατροπωθῆναι
1533 1071 1649 1128 τοὺς
1679 1067 1885 1137 Αἰγυπ-

273 1162 419 1219 τίους
493 1161 596 1211 ὑπὸ
666 1157 1169 1235 Ναϐουχοδονόσορ,
1232 1157 1490 1231 βασιλέως
1565 1154 1883 1221 Βαϐυλῶνος,

272 1250 657 1319 μετενεχθῆναι
728 1253 819 1302 καὶ
908 1252 994 1302 τὸν
1078 1249 1349 1321 Ἰεχονίαν,
1437 1247 1508 1310 εἰς
1586 1244 1883 1311 Βαϐυλῶνα,

272 1341 363 1389 καὶ
427 1336 477 1389 ἐν
748 1345 997 1409 γεννῆσαι
1044 1342 1129 1390 τὸν
1186 1335 1461 1395 Σαλαθιήλ.
1530 1334 1736 1397 Ἰωσίας
1803 1329 1883 1403 δε,

274 1430 462 1497 φησὶν,
530 1424 772 1497 ἇγέννησε
823 1429 909 1479 τὸν
985 1426 1234 1498 Ἰεχονίαν
1306 1430 1396 1479 καὶ
1453 1427 1571 1486 τοὺς
1630 1420 1885 1495 ἀδελφοὺς

272 1514 439 1566 αὐτοῦ
496 1514 584 1567 ἰπὶ
667 1523 760 1576 τῆς
823 1520 1149 1588 μετοικεσίας
1222 1513 1543 1576 Βαϐυλῶνος.
1603 1516 1705 1566 Καὶ
1756 1514 1881 1583 μήν,

2001 577 2239 651 Ejectus
2268 582 2359 634 est
2388 578 2545 634 enim
2580 577 2950 637 aPharaone
2979 590 3117 648 rege
3139 572 3398 647 Egypti,
3434 575 3490 629 et
3526 586 3662 645 cap-

2002 667 2156 725 tivus
2210 667 2492 739 migravit
2517 668 2577 724 in
2607 670 2950 740 Egyptum.

2070 893 2386 968 Reliquum
2452 898 2540 951 est
2582 895 2778 968 igitur,
2821 900 2885 950 ut
2923 894 3074 951 alius
3120 893 3294 951 fuerit
3336 890 3660 949 Jechonias

1995 983 2153 1040 ﬁlius
2202 986 2454 1051 Joacim,
2507 986 2679 1057 cujus
2727 986 2938 1042 fratres
2997 984 3193 1040 nullus
3243 983 3388 1040 liber
3440 982 3656 1056 posuit.

1996 1071 2323 1129 Verisimile
2342 1079 2427 1129 est
2447 1079 2645 1131 autem
2668 1079 2989 1147 postquam
3013 1072 3269 1146 Egyptii
3288 1088 3323 1128 a
3348 1071 3663 1128 Nabucho-

1995 1160 2281 1229 donosor,
2298 1179 2436 1231 rege
2452 1164 2788 1236 Babylonis,
2818 1163 3005 1236 fugati
3033 1168 3191 1227 sunt,
3213 1161 3557 1217 translatum
3572 1176 3661 1214 es-

1996 1264 2058 1306 se
2076 1251 2488 1307 etJechoniam
2502 1251 2560 1307 in
2578 1252 3099 1324 Babylonem,etin
3121 1267 3189 1307 ea
3209 1250 3482 1321 genuisse
3498 1249 3660 1305 Sala-

1993 1338 2158 1396 thiel.
2188 1340 2392 1405 Josias,
2424 1342 2636 1414 inquit,
2659 1343 2853 1412 genuit
2874 1341 3215 1397 Jechom‘am
3234 1346 3287 1395 et
3304 1341 3518 1411 fratres
3533 1340 3661 1407 ejus

1988 1426 2609 1500 intransmigratione,
2643 1430 3012 1501 Babylonica.
3038 1432 3099 1484 Et
3124 1429 3368 1502 quidem
3390 1428 3498 1483 hos
3522 1432 3660 1482 ante

1991 1516 2333 1573 Iudaeorum
2349 1519 2412 1575 in
2434 1519 2832 1591 Babyloniam
2855 1524 3015 1575 trans
3031 1518 3440 1588 migrationem
3465 1515 3660 1572 Josias

272 1606 374 1674 πρὸ
445 1611 543 1664 τῆς
605 1603 680 1664 εἰς
736 1602 1016 1656 Βαϐυλῶνα
1068 1608 1396 1676 μετοικεσίας
1446 1610 1545 1655 τῶν
1592 1596 1880 1665 Ἰουδαίων,

1999 1612 2298 1674 genuerat.
2333 1609 2647 1681 Reliquum
2665 1613 2751 1664 est
2779 1624 2942 1678 ergo,
2966 1615 3043 1673 ut,
3058 1608 3121 1663 in
3139 1604 3662 1676 transmigratione

273 1694 496 1754 τούτους
526 1694 554 1744 ὁ
605 1695 817 1755 Ἰωσίας
868 1692 1122 1764 ἐγέννησε.
1168 1697 1362 1747 Λοιπὸν
1411 1688 1498 1744 οὖν
1526 1693 1603 1757 τό,
1643 1689 1759 1742 Ἐπὶ
1786 1696 1883 1748 τῆς

274 1786 626 1852 μετοικεσίας,
663 1784 779 1835 ἀντί
809 1790 924 1850 τοῦ,
963 1781 1190 1841 Πλησίον
1219 1788 1313 1835 τοῦ
1350 1787 1537 1856 καιροῦ
1562 1787 1657 1840 τῆς
1704 1796 1882 1850 μετοι-

275 1876 477 1932 κεσίας
511 1871 895 1944 Ἐμνημόνευσε
925 1867 983 1924 δε
1009 1875 1097 1924 καὶ
1128 1880 1227 1924 τῶν
1258 1868 1491 1943 ἀδελφῶν
1522 1869 1706 1933 αὐτοῦ,
1740 1863 1881 1919 διότι

273 1966 363 2011 καὶ
428 1961 581 2013 αὐτοὶ
635 1963 825 2023 πάντες
870 1958 1161 2034 ἀμοιϐαδὸν
1198 1960 1558 2026 ἐϐασίλευσαν,
1590 1962 1676 2010 καὶ
1720 1975 1879 2029 μετῳ-

1992 1694 2266 1765 capiatur
2293 1713 2404 1769 pro
2435 1714 2505 1753 eo
2531 1699 2816 1770 quodest,
2841 1699 3000 1754 circa
3021 1702 3251 1767 tempus
3277 1694 3664 1764 transmigra-

1991 1780 2186 1838 tionis.
2206 1786 2720 1859 Meminitquoque
2732 1788 2982 1843 fratrum
2999 1785 3129 1856 ejus
3157 1801 3169 1840 :
3186 1800 3256 1841 eo
3269 1783 3430 1856 quod
3455 1797 3662 1839 omnes

1990 1869 2104 1943 ipsi
2144 1873 2411 1931 similiter
2433 1882 2856 1947 regnaverunt,
2884 1879 2941 1931 et
2964 1875 3185 1947 pariter
3209 1890 3245 1929 a
3266 1871 3662 1930 Nabuchodo-

1990 1974 2170 2017 nosor
2195 1963 2413 2034 captivi
2445 1963 2506 2018 in
2535 1963 2903 2036 Babylonem
2934 1961 3202 2019 translati
3225 1965 3381 2017 sunt.

268 2051 540 2107 κισθησαν
562 2055 654 2102 καὶ
680 2050 825 2102 οὗτοι
850 2051 949 2102 ὑπό
980 2047 1457 2124 Ναϐουχοδονόσορ
1490 2047 1823 2121 αἰχμάλωτοι
1853 2043 1927 2107 εἰς
1956 2046 2258 2109 Βαϐυλῶνα.

346 2139 455 2209 [Τί
486 2135 548 2191 δε
576 2139 692 2209 (18)
724 2137 921 2198 δήποτε
955 2143 1086 2192 κατὰ
1119 2145 1212 2198 τήν
1256 2143 1422 2212 μέσην
1452 2141 1648 2195 ταύτην
1686 2131 1882 2210 μερίδα

271 2235 417 2300 τρεῖς
465 2228 717 2301 παρελιπε
768 2227 1027 2301 βασιλεῖς,
1085 2233 1171 2281 τόν
1241 2247 1296 2282 τε
1349 2234 1443 2280 τοῦ
1499 2227 1689 2299 Ἰωρὰμ
1745 2228 1879 2291 υιόν,

272 2316 557 2387 Ὀχοζίαν,
595 2320 685 2369 καὶ
731 2320 819 2369 τὸν
866 2324 959 2370 τοῦ
1006 2316 1258 2389 Ὀχοζίου
1293 2320 1425 2383 υίόν,
1460 2316 1626 2382 Ἰωὰς,
1668 2319 1758 2367 καὶ
1796 2318 1882 2366 τόν

271 2413 366 2457 τοῦ
398 2406 553 2465 Ἰωὰς
587 2407 699 2457 υίόν
742 2405 879 2479 (19),
926 2406 1201 2479 Ἀμεσίαν;
1237 2405 1483 2479 Ἀμεσίας
1509 2407 1608 2480 γὰρ
1647 2403 1885 2476 ἐγέννησε

272 2496 362 2547 τόν
428 2494 699 2569 ’Δζαρίαν³
760 2497 893 2547 κατὰ
953 2500 1045 2553 τήν
1115 2497 1365 2569 τετάρτην
1436 2502 1535 2547 τῶν
1599 2493 1883 2549 Βασιλειῶν

276 2582 483 2655 βίϐλον,
554 2583 608 2635 ὃν
663 2583 845 2645 Ὀζίαν
906 2587 937 2643 ἡ
993 2581 1210 2659 δευτέρα
1266 2592 1366 2637 τῶν
1426 2582 1884 2658 ΙΙαραλειτι-ομένων

275 2674 539 2745 ὠνόμασε·
600 2669 863 2745 διωνυμος
912 2675 1014 2745 γὰρ
1072 2673 1154 2731 ἦν,
1209 2679 1325 2735 Πῶς
1399 2668 1485 2724 οὖν
1538 2674 1564 2724 6
1621 2673 1887 2731 Ματθαῖὸς

275 2781 460 2832 φησιν,
524 2762 605 2813 ὅτι
658 2759 849 2834 Ἰωράμ
906 2759 1142 2832 ἐγέννησε
1194 2763 1282 2813 τὸν
1347 2759 1569 2828 Ὀζίαν;
1634 2758 1738 2812 ἀλλ’
1808 2759 1886 2813 ὃτι

273 2853 367 2920 μὲν
420 2848 615 2923 Ἰωρὰμ
673 2848 913 2920 ἐγέννησε
952 2852 1037 2901 τόν
1104 2848 1306 2917 Ὀξίαν,
1364 2852 1433 2910 ὡς
1482 2847 1733 2921 ἀπόγονον
1792 2848 1886 2901 αὐ-

275 2946 369 2990 τοῦ
407 2938 539 3007 (ΞΟ),
588 2935 767 2997 δῆλον·
826 2935 921 2991 διὰ
961 2943 1078 2991 τίνα
1128 2935 1187 2991 δὲ
1233 2938 1385 3011 λόγον
1430 2941 1479 2992 οἱ
1507 2944 1640 3013 τρεῖς
1669 2940 1888 3014 παρειά-

276 3028 472 3095 θησαν,
529 3029 593 3087 ὡς
651 3031 875 3100 εἴρηται,
908 3025 1165 3099 βασιλεῖς,
1216 3025 1390 3089 οὐδείς
1442 3048 1524 3080 πω
1574 3029 1686 3099 (21)
1724 3032 1888 3100 μέχρι

272 3121 368 3168 καὶ
414 3124 505 3167 νῦν
560 3111 687 3171 εἶπε.
722 3117 867 3169 Πάνυ
895 3118 997 3191 γὰρ
1046 3118 1236 3192 ἄπορος
1271 3118 1297 3169 6
1340 3116 1493 3188 λόγος
1535 3122 1714 3188 τοῖσγε
1753 3119 1888 3170 κατὰ

266 3207 366 3265 τὰς
401 3206 662 3279 ἡμετέρας
694 3207 890 3276 γενεὰς,
924 3207 1005 3258 ὅτι
1030 3202 1169 3278 μηδέ
1198 3214 1298 3259 τῶν
1324 3209 1426 3282 πρὸ
1457 3209 1601 3280 ἡμῶν
1630 3225 1709 3269 τις
1740 3207 1889 3259 ἔλυσε

266 3296 323 3344 τό
354 3294 476 3361 (22)
507 3293 841 3365 ζητούμενον.
871 3294 890 3365 ]
1528 3297 1537 3307 ‘

2059 2141 2101 2210 -ί-
2120 2142 2435 2206 Quomodo
2453 2147 2653 2199 autem
2666 2143 2822 2198 circa
2837 2141 3099 2198 mediam
3113 2142 3270 2198 hanc
3302 2144 3525 2213 partem
3544 2146 3661 2195 tres

1991 2230 2270 2300 praeteriit
2295 2246 2488 2302 reges,
2517 2247 2735 2304 nempe
2765 2231 3104 2299 Ochosiam,
3134 2230 3321 2286 tilium
3349 2231 3572 2294 Joram,
3605 2233 3663 2285 et

1992 2318 2261 2375 Ochosiaa
2292 2319 2503 2386 ﬁlium,
2549 2323 2714 2387 Joas,
2750 2325 2808 2377 et
2846 2320 3036 2392 ipsius
3080 2322 3237 2384 Joas,
3263 2319 3455 2375 ﬁlium
3485 2320 3663 2374 Ama-

1993 2408 2144 2463 siam
2159 2408 2186 2464 ?
2208 2409 2486 2467 Amasias
2506 2410 2665 2466 enim
2684 2411 2888 2480 genuit
2906 2410 3197 2474 Azariam,
3231 2424 3413 2481 quem
3441 2423 3659 2464 secun-

1993 2497 2108 2553 dus
2137 2498 2628 2570 Paralipomenon
2647 2500 2916 2573 Oziam,“
2944 2498 3311 2555 nominavit:
3333 2496 3660 2553 binominis

1995 2589 2155 2644 enim
2186 2594 2330 2646 erat.
2356 2590 2673 2656 Quomodo
2696 2605 2838 2660 ergo
2869 2591 3181 2646 Matthmus
3203 2588 3283 2644 ait
3308 2605 3319 2645 :
3344 2589 3543 2644 Joram
3564 2603 3659 2659 ge-

1994 2678 2122 2733 nuit
2167 2678 2363 2736 Oziam
2396 2681 2424 2734 ?
2464 2684 2612 2737 Nam
2663 2680 2826 2752 quod
2879 2681 3080 2736 Joram
3134 2678 3401 2749 genuerit
3458 2678 3659 2734 Oziam

1996 2772 2289 2839 tanquam
2336 2769 2699 2841 abnepotem
2747 2774 2851 2825 aut
2898 2774 3207 2842 posterum
3276 2783 3475 2838 suum,
3536 2782 3660 2823 non

1995 2862 2286 2928 tanquam
2317 2857 2519 2922 ﬁlium,
2563 2857 2950 2915 manifestum
2984 2862 3089 2913 est.
3121 2858 3250 2923 Qua
3280 2857 3453 2928 igitur
3478 2871 3661 2911 causa

1996 2949 2115 3001 tres
2146 2961 2335 3019 reges,
2366 2951 2427 3003 ut
2466 2948 2687 3004 dictum
2732 2951 2842 3013 est,
2879 2945 3262 3019 praetermissi
3291 2945 3430 3011 sint,
3458 2943 3661 3000 nullus

1996 3035 2278 3091 hactenus
2303 3034 2469 3091 dixit.
2494 3036 2668 3092 Valde
2683 3036 2839 3091 enim
2857 3034 3141 3107 perplexa
3157 3038 3244 3089 est
3262 3035 3414 3090 ratio
3440 3032 3532 3089 his
3555 3032 3660 3106 qui

1997 3123 2218 3180 nostris
2248 3123 2373 3179 nati
2410 3129 2549 3180 sunt
2597 3125 2988 3196 temporibus.
3033 3122 3387 3178 Reverentia
3436 3126 3657 3185 autem,

1995 3228 2180 3284 quam
2207 3228 2350 3281 erga
2381 3214 2639 3285 majores
2667 3218 2909 3269 nostros
2961 3212 3322 3278 habuerunt,
3373 3210 3435 3266 in
3473 3226 3660 3267 causa

1995 3301 2105 3357 fuit
2136 3307 2197 3357 ut
2225 3303 2303 3359 ab
2334 3303 2447 3359 hac
2478 3302 2860 3369 abstinerent,
2893 3300 3235 3374 quaestione.

340 3383 493 3434 Μετὰ
542 3377 601 3433 δε
652 3412 721 3423 -
786 3383 812 3434 6
872 3382 1141 3455 λεγόμενος
1217 3389 1473 3459 Χριστός.
1544 3390 1883 3449 Καταντήσας

2071 3393 2225 3447 Vers.
2261 3393 2348 3446 12.
2382 3392 2455 3447 Et
2480 3401 2609 3462 post
2631 3423 2700 3433 —
2732 3390 2900 3447 Vers.
2937 3392 3023 3446 16.
3058 3391 3166 3457 Qui
3205 3392 3448 3446 vocatur
3488 3388 3659 3445 Chri-

270 3471 340 3531 εἰς
407 3473 497 3522 τόν
546 3468 763 3543 Ἰωσήφ,
796 3470 891 3523 οὐκ
945 3471 1136 3529 ἱστησε
1178 3476 1343 3547 μέχρι
1378 3477 1564 3527 τούτου
1596 3477 1682 3526 τόν
1711 3474 1885 3546 λόγον,

270 3557 406 3610 ἀλλὰ
451 3560 794 3633 προσέθηκεν,
854 3562 935 3612 ὅτι
986 3564 1072 3612 τὸν
1107 3557 1277 3637 ἄνδρα
1322 3568 1551 3638 Μαρίας,
1591 3560 1887 3631 διδάσκων,

268 3650 352 3699 ὅτι
388 3644 487 3700 διὰ
547 3652 743 3707 ταύτην
791 3648 947 3702 αὐτόν
1001 3648 1412 3722 ἐγενεαλόγησεν.
1464 3651 1602 3706 Ἐπεὶ
1649 3651 1751 3726 γὰρ
1794 3654 1890 3707 οὐκ

270 3733 333 3796 ἦν
394 3738 518 3797 ἔθος
570 3736 988 3808 γπεαλογεῖσθαι
1050 3746 1327 3811 γυναῖκας,
1389 3738 1738 3807 ἐσπούδασεν,
1806 3746 1890 3796 ἶνα

270 3830 364 3877 καὶ
414 3828 475 3877 τὸ
529 3826 639 3886 ἔθος
668 3825 889 3899 φυλάξῃ,
924 3833 1012 3880 καὶ
1061 3833 1250 3902 τρόπον
1280 3832 1447 3903 ἕτερον
1496 3827 1748 3905 ἀποδείξῃ
1804 3836 1887 3885 τὸν

271 3917 514 3988 Χριστὸν
564 3912 621 3966 ἐκ
653 3919 833 3985 γένους
884 3924 978 3968 τοῦ
1026 3915 1264 3991 Ἀϐραὰμ
1301 3923 1514 3972 καὶτοῦ
1560 3918 1729 3973 Δαυίδ
1753 3941 1886 3974 κατ-

269 4008 551 4074 αγόμενον.
610 4008 696 4055 Διό
756 4004 847 4057 καὶ
893 4004 1275 4077 γενεαλογήσας
1322 4011 1408 4060 τὸν
1466 4019 1748 4085 μνηστῆρα
1796 4018 1887 4072 τῆς

269 4097 627 4165 Θεομὴτορος,
686 4089 779 4145 διὰ
844 4097 1030 4147 τούτου
1082 4098 1139 4147 τό
1198 4093 1625 4170 σπουδαζόμενον
1680 4097 1887 4153 ἀπέδει-

268 4180 378 4241 ξεν.
426 4178 571 4233 Ἐπεὶ
618 4183 719 4254 γὰρ
760 4183 785 4233 ό
816 4182 1014 4255 Ἰωσὴφ
1070 4182 1124 4235 ἐκ
1156 4191 1248 4237 τοῦ
1294 4190 1474 4258 γένους
1521 4186 1720 4241 ἐκείνων
1766 4188 1886 4243 ἀπε-

268 4265 497 4341 δείχθη,
570 4266 850 4345 πρόδηλον,
937 4276 1018 4324 ὅτι
1096 4271 1283 4326 ἐκεῖθεν
1349 4280 1439 4328 καὶ
1519 4278 1548 4335 ἡ
1637 4284 1886 4341 Θεοτόκος

264 4377 556 4429 κατηγετο.
616 4359 691 4410 Οὐ
743 4362 843 4431 γὰρ
892 4359 1009 4423 ἐξῆν
1063 4360 1300 4436 ἑτέρωθεν
1359 4365 1581 4436 ἄγεσθαι
1620 4376 1882 4440 μνηστῆν,

263 4446 377 4498 ἀλλ’
421 4448 450 4505 ἡ
510 4445 562 4497 ἔτι
591 4455 685 4509 τῆς
720 4447 905 4501 ἑαυτοῦ
953 4449 1083 4521 φυλῆ
1098 4472 1137 4521 ς,
1189 4455 1279 4503 καὶ
1311 4459 1406 4524 τῇς
1437 4455 1601 4517 αὐτῆς
1635 4464 1878 4530 πατριᾶς,

1996 3484 2138 3536 stus.
2175 3480 2264 3536 Ad
2318 3482 2538 3553 Joseph
2606 3481 2949 3547 deveniens,
3006 3495 3128 3537 non
3181 3479 3243 3534 in
3299 3479 3416 3535 hoc
3470 3477 3658 3534 verbo

1997 3569 2201 3625 seriem
2260 3569 2617 3636 terminavit,
2674 3569 2777 3627 sed
2864 3568 3119 3635 addidit,
3190 3567 3386 3623 virum
3444 3565 3655 3633 Mariae,

1996 3657 2220 3715 docens
2242 3674 2373 3723 nos,
2397 3659 2562 3732 quod
2581 3659 2655 3715 ob
2676 3659 2833 3716 hanc
2853 3658 3045 3730 ipsam
3079 3655 3478 3728 generationis
3501 3654 3657 3711 ordi-

1994 3762 2136 3803 nem
2161 3748 2483 3803 contexuit.
2503 3748 2650 3813 Quia
2670 3749 2827 3803 enim
2854 3747 3035 3803 moris
3057 3761 3179 3802 non
3197 3750 3322 3801 erat
3340 3744 3656 3800 mulierum

1995 3836 2379 3907 genealogias
2410 3853 2652 3908 ponere,
2686 3836 2934 3901 studuit,
2964 3841 3025 3891 ut
3064 3841 3119 3892 et
3145 3851 3365 3891 morem
3396 3836 3658 3890 servaret

1995 3930 2051 3980 et
2098 3925 2213 3981 alio
2266 3926 2448 3981 modo
2500 3925 2797 3981 Christum
2838 3924 3279 3981 demonstraret
3316 3940 3387 3979 ex
3440 3938 3656 3995 genere

1994 4013 2298 4070 Abraham
2330 4019 2386 4069 et
2426 4014 2605 4070 David
2645 4013 3028 4070 descendere.
3058 4014 3196 4071 Ideo
3228 4012 3427 4085 sponsi
3460 4012 3656 4068 Matris

1995 4103 2095 4158 Dei
2117 4102 2528 4173 genealogiam
2559 4103 2861 4159 contexuit
2895 4120 2908 4169 ;
2936 4108 2990 4158 et
3030 4118 3136 4175 per
3158 4103 3339 4167 hunc,
3369 4102 3533 4173 quod
3574 4100 3657 4155 in-

1997 4191 2303 4257 tendebat,
2335 4190 2787 4248 demonstravit.
2824 4194 2905 4246 Ex
2948 4206 3070 4263 quo
3115 4192 3265 4246 enim
3310 4189 3534 4260 Joseph
3580 4189 3654 4244 de

1995 4296 2211 4350 genere
2236 4280 2474 4337 illorum
2505 4296 2633 4337 esse
2655 4281 3100 4337 demonstratus
3130 4283 3236 4345 est,
3270 4277 3653 4333 manifestum

1993 4385 2231 4443 quoque
2284 4374 2393 4437 est,
2430 4369 2529 4424 Dei
2576 4372 2816 4426 Matrem
2872 4368 3012 4424 inde
3065 4368 3446 4424 descendere.
3506 4369 3653 4422 Nam

1993 4457 2235 4513 aliunde
2268 4472 2550 4529 sponsam
2592 4458 2809 4513 ducere
2836 4473 2951 4513 non
2984 4456 3220 4523 licebat,
3263 4456 3372 4511 nisi
3409 4472 3545 4529 quae
3585 4470 3653 4509 ex

263 4540 437 4589 εἷτουν
487 4541 817 4607 συγγενείας.
862 4534 1064 4613 Ἄνδρα
1095 4536 1155 4592 δὲ
1204 4540 1366 4603 αὐτῆς
1413 4538 1520 4595 εἶπε
1548 4547 1634 4595 τὸν
1666 4549 1876 4617 Ἰωσὴφ,

1999 4547 2204 4602 eadem
2222 4550 2407 4602 essset
2423 4546 2596 4611 tribu,
2612 4545 2942 4618 eademque
2960 4545 3210 4611 familia,
3246 4546 3391 4601 etita
3405 4560 3656 4600 consan-

261 4628 329 4686 ὡς
389 4633 699 4697 μνηστῆρα.
769 4631 867 4679 Καὶ
921 4629 1023 4701 γὰρ
1058 4633 1149 4681 καὶ
1200 4637 1423 4702 γυναῖκα
1477 4635 1672 4691 ταύτην
1719 4634 1879 4687 αὑτοῦ

335 4822 381 4857 ¹⁴
417 4822 439 4876 l
472 4819 675 4878 Paral.
707 4837 853 4878 xxvr
883 4826 900 4879 ί
937 4838 951 4890 ;
978 4823 1051 4881 IV
1078 4824 1226 4895 Reg.
1267 4841 1384 4894 11v,
1410 4828 1502 4884 2-1.

1991 4637 2227 4707 guinea.
2264 4636 2463 4708 Ipsum
2498 4641 2699 4693 autem
2727 4635 2969 4708 Joseph,
2998 4636 3191 4691 virum
3240 4650 3482 4708 quoque
3524 4634 3654 4706 ejus

1469 4988 1697 5058 Variae
1746 4990 2076 5063 lectiones
2107 5002 2173 5062 et
2204 5004 2386 5062 notae

326 5126 444 5206 (16)
474 5124 1108 5206 lienteniusJoag-han}
1118 5126 1446 5206 legendum
1464 5145 1598 5206 esse
1610 5132 1876 5206 suspica-

253 5208 368 5275 tur.
404 5197 522 5258 Sed
551 5201 810 5275 uterque
842 5198 1040 5275 codex
1076 5197 1469 5275 ζιὶοίἽωακιίμ
1499 5197 1735 5275 habet.'
1763 5206 1876 5262 Va-

250 5272 401 5329 riant
428 5287 578 5328 vero
621 5269 810 5326 etiam
838 5270 901 5325 in
934 5269 1029 5326 his
1065 5269 1308 5328 duobus
1351 5269 1704 5331 nominibus
1734 5276 1873 5335 editi

248 5342 375 5401 libri
433 5351 540 5398 τῶν
603 5340 711 5420 0‘._
752 5340 945 5420 lnhis
975 5356 1117 5414 ergo
1177 5347 1370 5401 textus
1411 5344 1735 5404 Hebraicus
1763 5363 1872 5420 pro

240 5431 453 5476 norma
485 5429 635 5473 esse
674 5411 874 5470 debet.

300 5492 414 5566 (17)
438 5486 704 5566 4Ne_scio_
714 5498 831 5566 cur
872 5482 1050 5566 dicat
1072 5483 1226 5566 εἶδές,
1261 5500 1399 5543 cum
1439 5487 1521 5546 ita
1558 5488 1772 5547 diserte
1795 5490 1876 5549 le-

227 5555 404 5638 gatur
425 5564 481 5620 Π
515 5556 727 5638 Parati
741 5555 1195 5638 ."J_vrxx_vr._9,__10.

286 5638 403 5713 (18)
436 5638 529 5706 Δί,
578 5628 840 5693 omittit.
874 5630 947 5709 AA.
976 5628 1172 5688 Malim
1201 5625 1279 5703 δε,
1311 5634 1447 5704 post
1477 5626 1694 5693 δήποτε.
1729 5634 1873 5701 Qum

1986 5152 2128 5194 vero
2157 5135 2255 5193 hic
2281 5135 2648 5203 inclusimus,
2681 5151 2750 5194 ea
2786 5136 2925 5193 cod.
2954 5138 3021 5193 A.
3054 5136 3116 5193 in
3145 5137 3418 5206 margine
3449 5137 3649 5196 habet.

2058 5208 2170 5281 (19)
2211 5206 2396 5279 Vulgo
2457 5208 2734 5282 Ἀμασίας.
2789 5208 2903 5265 Sed
2932 5207 2995 5265 in
3019 5208 3136 5266 hoc
3173 5224 3417 5281 quoque
3463 5211 3651 5269 varia-

1985 5282 2171 5417 ιιιξ’ὲο)
2200 5349 2390 5417 Αὐτοῦ,
2417 5349 2650 5408 omittit.
2680 5351 2746 5405 A.

2081 5422 2173 5495 21)
2208 5426 2305 5476 Καὶ
2338 5426 2503 5495 μέχρι
2533 5430 2748 5479 τοῦνῡν.
2781 5424 2851 5495 Ag

2080 5353 2149 5407 20
2200 5351 2390 5417 Αὐτοῦ,
2417 5351 2650 5408 omittit.
2680 5351 2746 5405 A.

2081 5422 2140 5478 21
2208 5426 2305 5476 Καὶ
2380 5426 2503 5495 ἐχρι
2533 5430 2748 5479 τοῦνῡν.
2781 5424 2851 5479 Α.

2080 5496 2148 5547 22
2217 5497 2288 5547 T6
2338 5443 2471 5555 ςήτη
2521 5514 2553 5547 α
2604 5502 2774 5549 τοῦτο.
2824 5493 2889 5549 Α.
2937 5490 3111 5552 Plura
3151 5492 3250 5552 hic
3280 5496 3350 5553 de
3399 5511 3533 5554 suo.
3584 5499 3649 5551 ut

2029 5564 2045 5622 i
2092 5571 2238 5622 etur.
2273 5565 2435 5622 dedit
2464 5515 2811 5622 ﬁentenius.

1985 5580 2045 5622 Vl

2092 5571 2238 5635 etur,
2273 5565 2435 5624 dedit
2464 5565 2811 5625 Hentenius.
