4110 6386
437 359 544 416 127

1755 355 2104 413 EUTHYMII
2141 356 2471 413 ZIGABENI

3708 362 3812 419 128

438 487 594 558 dicit,
643 488 760 545 hoc
807 490 897 545 est
938 501 1251 560 sponsum.
1307 489 1461 544 Nam
1508 488 1561 543 et
1600 485 1989 560 postmodum
2034 485 2096 541 in

2207 485 2351 539 καλεῖ
2378 492 2591 561 προῖὼν,
2648 492 2717 552 ὡς
2761 494 3015 564 μνηστήν,
3060 491 3208 546 Οῦτω
3252 492 3355 569 γὰρ
3395 492 3458 552 ἦν
3497 493 3610 555 ἔθος
3638 490 3815 545 καλεῖ-

436 577 827 651 sequentibus
857 594 989 633 eam
1015 581 1192 633 vocat
1222 592 1489 642 uxorem,
1522 576 1637 632 hoc
1667 579 1753 632 est
1784 589 2094 647 sponsam.

440 669 527 723 Ita
561 667 721 723 enim
757 670 1117 723 consuetum
1156 670 1281 723 erat
1317 666 1511 724 vocari
1566 665 1749 722 etiam
1774 669 2095 736 antequam

438 757 963 828 conjungerentur.

509 865 669 920 Vers.
699 866 785 921 17.
832 865 1037 921 Omnes
1066 864 1253 934 igitur
1285 894 1353 905 —
1383 862 1855 935 quatuordecim.
1877 862 2098 919 Omnes

440 954 855 1025 generationes
913 952 1198 1010 trifariam
1252 953 1468 1017 divisit,
1528 957 1583 1008 et
1648 951 1879 1008 merito.
1955 950 2097 1007 Tres

440 1043 601 1098 enim
643 1042 879 1098 fuerunt
934 1042 1385 1114 gubernationis
1436 1040 1621 1097 modi.
1668 1039 1974 1111 Siquidem
2018 1038 2097 1095 ab

441 1130 751 1189 Abraham
811 1135 945 1202 post
990 1134 1187 1187 Mosen
1236 1134 1293 1186 et
1330 1132 1531 1186 Jesum
1580 1133 1733 1185 Nave
1778 1144 1973 1200 usque
2019 1126 2099 1183 ad

440 1220 648 1284 David,
709 1219 821 1275 sub
869 1219 1173 1290 judicibus
1217 1218 1710 1289 gubernabantur
1761 1234 1775 1283 ;
1828 1232 1863 1272 a
1915 1216 2099 1272 David

440 1325 633 1381 usque
654 1308 731 1364 ad
750 1308 1329 1378 transmigrationem
1346 1307 1792 1379 Babylonicam,
1817 1305 1929 1361 sub
1949 1305 2100 1375 regi-

438 1398 590 1464 bus;
624 1415 658 1454 a
690 1398 1214 1469 transmigratione
1246 1414 1380 1453 vero
1413 1396 1778 1469 Babylonica
1805 1412 1991 1467 usque
2021 1396 2100 1452 ad

441 1487 753 1551 Christum,
778 1487 891 1541 sub
909 1486 1311 1559 pontiﬁcibus.
1348 1486 1624 1542 Veniente
1646 1488 1849 1540 autem
1873 1484 2099 1541 Christo

439 1592 581 1632 vero
610 1576 832 1640 Judice,
867 1579 1021 1647 Rege
1061 1592 1131 1631 ac
1166 1575 1471 1641 Pontiﬁce,
1516 1578 1900 1630 cessaverunt
1928 1573 2098 1629 dictae

439 1664 679 1736 politiae.
712 1663 972 1736 Equum
1017 1669 1103 1721 est
1147 1670 1347 1720 autem
1386 1678 1653 1736 quaerere
1687 1661 1994 1734 quomodo
2036 1662 2098 1717 in

437 1754 606 1811 tertia
633 1758 816 1826 parte,
854 1755 955 1810 ubi
985 1754 1304 1810 duodecim
1337 1758 1568 1809 tantum
1608 1752 1773 1824 ponit
1814 1767 2097 1823 personas

437 1844 912 1916 quartuordecim
939 1843 1096 1900 dicat
1127 1859 1258 1898 esse
1298 1842 1735 1913 generationes.
1771 1842 1908 1897 Ideo
1940 1841 2097 1897 vide-
2130 1838 2174 1893 B

436 1933 587 1997 licet,
611 1933 755 2004 quia
776 1932 972 2005 ipsum
992 1931 1527 2002 transmigrationis
1549 1936 1785 2002 tempus
1807 1930 1868 1985 in
1889 1930 2098 1986 ordine

436 2022 836 2093 generationis
882 2024 1098 2093 posuit,
1134 2026 1189 2076 et
1220 2021 1489 2077 similiter
1529 2021 1727 2092 ipsum
1777 2019 2094 2084 Christum,

438 2111 590 2168 sicut
621 2126 872 2181 magnus
906 2111 1109 2167 docuit
1138 2110 1614 2181 Chrysostomus.

509 2220 666 2274 Vers.
703 2218 791 2272 18.
830 2218 969 2275 Jesu
1006 2216 1226 2273 Christi
1254 2223 1452 2273 autem
1483 2245 1552 2258 -
1583 2216 1667 2271 ita
1703 2215 1839 2286 fuit,
1872 2217 1958 2285 -Η-
1989 2218 2096 2283 Ita,

438 2311 503 2363 ut
532 2307 795 2363 dicturus
825 2312 931 2372 est,
963 2322 1068 2362 seu
1101 2306 1393 2377 subjacet.

507 2414 668 2469 Vers.
698 2414 783 2469 t8.
804 2413 945 2470 Cum
968 2418 1108 2470 esset
1121 2413 1479 2482 desponsata
1495 2444 1563 2453 —
1580 2427 1609 2469 ε
1630 2412 1859 2481 Spiritu
1878 2419 2096 2469 sancto.

437 2502 787 2574 Priusquam
815 2501 1201 2557 convenirent
1219 2501 1296 2557 ad
1318 2501 1693 2557 coitum.Non
1716 2501 1862 2559 dixit
1885 2505 2096 2567 autem,

436 2591 796 2663 priusquam
817 2591 945 2661 ipsa
968 2591 1191 2647 veniret
1212 2591 1289 2647 ad
1308 2591 1559 2647 domum
1582 2590 1760 2647 illius.
1774 2592 1903 2647 Jam
1922 2590 2101 2647 etiam

438 2680 499 2736 in
530 2696 601 2737 ea
632 2684 775 2735 erat.
811 2679 1000 2735 Multis
1032 2679 1324 2751 siquidem
1356 2680 1540 2735 moris
1568 2684 1713 2749 erat,
1758 2684 1821 2735 ut
1846 2680 2011 2752 apud
2040 2696 2102 2737 se

436 2769 721 2825 baberent
768 2784 1044 2839 sponsas,
1106 2772 1349 2840 propter
1396 2768 1796 2825 securitatem.
1851 2771 2105 2840 Reperta

2207 576 2349 648 σθαι,
2385 582 2473 630 καὶ
2511 582 2611 653 πρὸ
2639 588 2729 642 τῆς
2761 586 3060 654 συναφείας.

2278 800 2452 848 Πᾶσαι
2529 794 2615 847 οὖν
2670 826 2737 835 -
2794 791 3189 868 δεκατέσσαρες.
3250 793 3338 856 Εἰς
3395 802 3531 867 τρεῖς
3587 793 3814 869 μερίδας

2207 882 2365 937 διεῖλε
2410 888 2499 947 τὰς
2541 887 2716 955 γενεὰς
2764 884 2999 947 ἁπάσας·
3066 884 3291 945 εἰκότως.
3353 891 3502 957 Τρεῖς
3553 887 3654 959 γὰρ
3715 906 3812 939 πο-

2204 974 2392 1027 λιτεῖαι
2447 978 2636 1026 τούτων
2668 974 2914 1045 ἐγένοντο.
2946 975 3080 1028 Ἀπὸ
3134 977 3223 1046 μὲν
3276 976 3377 1049 γὰρ
3420 974 3657 1047 Ἀϐραὰμ
3715 976 3814 1038 ἕως

2207 1061 2394 1127 Δαυῖὃ,
2446 1066 2576 1135 μετά
2606 1068 2833 1117 Μωῦσέα
2871 1068 2959 1116 καὶ
2988 1062 3191 1121 Ἰησοῦν
3222 1067 3309 1115 τὸν
3358 1071 3449 1116 τοῦ
3498 1070 3672 1132 Ναυῆ,
3706 1066 3810 1118 ὑπὸ

2206 1162 2305 1205 τῶν
2364 1162 2551 1227 κριτῶν
2609 1155 3005 1225 ἡγεμονεύοντο·
3073 1152 3173 1205 ἀπὸ
3233 1150 3290 1205 δὲ
3344 1160 3435 1205 τοῦ
3498 1150 3663 1206 Δαυῐδ
3721 1153 3813 1215 ἓως

2205 1249 2300 1303 τῆς
2357 1262 2684 1314 μετοικεσιας
2733 1242 3046 1309 Βαϐυλῶνος,
3098 1245 3197 1295 ὑπὸ
3248 1242 3503 1315 βασιλέων
3544 1243 3800 1295 ἰθύνοντο·

2208 1332 2309 1385 ἀπὸ
2342 1329 2401 1384 δὲ
2431 1341 2525 1393 τῆς
2577 1337 2905 1404 μετοικεσίας
2940 1331 3237 1393 Βαϐυλῶνος
3284 1333 3371 1392 ἔως
3406 1340 3497 1383 τοῦ
3550 1339 3809 1406 Χριστοῦ,

2208 1422 2307 1473 ὑπὸ
2359 1420 2643 1496 ἀρχιερέων
2701 1421 3068 1495 ἐκυϐερνῶντο.
3133 1420 3398 1481 Ἐλθόντος
3451 1418 3511 1474 δὲ
3555 1428 3648 1473 τοῦ
3676 1428 3814 1495 Χρι-

2212 1518 2357 1577 στοῦ,
2406 1518 2498 1562 τοῦ
2531 1509 2755 1571 ἀληθοῦς
2793 1517 2983 1584 Κριτοῦ
3025 1515 3115 1562 καί
3147 1510 3426 1573 Βασιλέως,
3468 1515 3557 1562 καὶ
3593 1509 3813 1583 Ἀρχιε-

2208 1605 2349 1672 ρέως,
2384 1599 2687 1657 ἐπαύθησαν
2733 1602 2787 1651 αἱ
2819 1597 3139 1659 δηλωθεῖσαι
3186 1599 3469 1655 πολιτεῖαι.
3524 1598 3706 1662 Ἀξιον
3752 1596 3815 1653 δὲ

2210 1693 2461 1754 ζητῆσαι,
2502 1697 2612 1751 πῶς
2660 1688 2708 1741 ἓν
2744 1697 2805 1762 τῇ
2861 1709 3008 1762 τριτῃ
3064 1686 3244 1761 μεριδι
3294 1685 3506 1741 δώδεκα
3552 1691 3815 1761 πρόσωπα

2211 1782 2325 1844 θείς,
2387 1775 2777 1852 δεκατέσσαρας
2852 1786 3020 1831 ταῦτα
3097 1780 3273 1849 γενεὰς
3355 1776 3582 1833 ἐκάλεσε.
3672 1782 3814 1831 Διὸτι

2208 1872 2297 1920 καὶ
2326 1871 2413 1920 τὸν
2463 1874 2654 1942 χρόνον
2686 1876 2779 1929 τῆς
2827 1868 2940 1939 (23)
2975 1872 3301 1938 μετοικεσίας
3349 1867 3398 1919 ἐν
3441 1867 3583 1931 τάξεί
3617 1869 3813 1920 τέθεικε

2205 1964 2398 2029 γενεᾶς,
2462 1962 2551 2009 καὶ
2608 1958 2763 2010 αὐτὸν
2814 1960 2901 2009 τὸν
2958 1960 3210 2030 Χριστὸν,
3270 1959 3337 2019 ὡς
3387 1958 3412 2009 0
3469 1962 3625 2030 μέγας
3679 1961 3812 2029 φησὶ

2210 2051 2613 2120 Χρυσόστομος,

2278 2160 2380 2206 Τοῦ
2413 2150 2471 2206 0“:
2500 2153 2673 2211 Ἰησοῦ
2717 2184 2787 2195 ——
2824 2154 2987 2215 οὕτως
3026 2150 3113 2212 ἦν.
3154 2152 3330 2215 Οὕτως
3372 2153 3510 2226 (24),
3544 2154 3607 2213 ὡς
3651 2152 3812 2206 εἰπεῖν

2209 2241 2399 2315 μέλλει,
2434 2243 2592 2313 ἤγουν
2617 2243 2729 2315 (25)
2762 2241 3055 2299 ἀπόκειται,

2281 2351 2709 2412 Μνηστευθείσης
2788 2382 2852 2389 -
2929 2348 2984 2401 ἐκ
3056 2351 3353 2421 Πνεῦματος
3432 2349 3612 2420 οἶγίου,
3704 2352 3816 2422 Πρό

2206 2444 2296 2489 τοῦ
2357 2438 2611 2491 συνελθεῖν
2669 2438 2860 2500 αὐτούς
2915 2437 2981 2499 εἰς
3032 2440 3327 2511 συνάφειαν.
3390 2438 3500 2490 Οὐκ
3563 2434 3671 2490 εἷπε
3730 2434 3812 2505 δὲ,

2209 2527 2289 2578 ὄτι
2360 2530 2466 2601 Πρὸ
2533 2534 2624 2579 τοῦ
2674 2527 2833 2579 ἐλθεῖν
2890 2532 3051 2585 αὐτὴν
3101 2527 3169 2589 εἰς
3222 2532 3314 2585 τὴν
3391 2529 3557 2578 οἰκίαν
3615 2526 3806 2578 αὐτοῦ·

2211 2611 2356 2667 ἔνδον
2407 2616 2519 2687 (26)
2576 2619 2677 2689 γὰρ
2738 2613 2819 2674 ἦν.
2895 2615 3047 2678 ⁴Ἐθος
3101 2619 3200 2688 γὰρ
3256 2623 3361 2676 τοῖς
3410 2614 3637 2682 πολλοῖς,
3696 2614 3823 2685 παρ’

2212 2704 2407 2765 ἑαυτοῖς
2464 2708 2606 2775 ἔχειν
2660 2707 2756 2766 τὰς
2809 2708 3063 2777 μνηστὰς,
3114 2701 3184 2757 δι’
3227 2704 3536 2777 ἀσφάλείαν.
3618 2706 3819 2778 Εὑρέθη

2214 2790 2293 2862 δὲ,
2328 2792 2440 2845 ἀντὶ
2470 2801 2582 2863 τοῦ,
2636 2793 2850 2866 Ἐφάνη.
2896 2796 3092 2868 Εὑρέθη
3134 2790 3191 2846 δὲ
3222 2794 3347 2859 εἷπε,
3387 2790 3481 2845 διὰ
3528 2796 3586 2845 τὸ
3616 2792 3819 2865 ἀπροσ-

434 2862 522 2914 est
550 2862 771 2923 autem,
798 2857 914 2913 hoc
944 2862 1049 2923 est,
1078 2858 1357 2929 apparuit
1382 2874 1392 2911 :
1420 2857 1501 2914 ait
1521 2862 1719 2914 autem
1748 2864 1977 2929 reperta
1997 2864 2096 2923 est,

2213 2880 2458 2940 δόκητον,
2539 2881 2675 2935 Ἐπεὶ
2734 2879 2793 2935 δὲ
2846 2886 3065 2957 εἴρηκεν,
3126 2884 3205 2934 ὅτι
3262 2884 3441 2956 εὑρέθη
3510 2880 3557 2933 ἓν
3618 2886 3818 2955 γαστρὶ

434 2953 676 3019 propter
711 2946 1087 3018 inopinatum
1138 2946 1435 3002 effectum.
1487 2948 1568 3003 Ne
1611 2947 1912 3019 quispiam
1967 2962 2099 3001 vero

434 3036 719 3101 turbetur,
774 3050 845 3091 eo
883 3036 1047 3107 quod
1094 3035 1327 3099 dixerit,
1374 3041 1602 3109 reperta
1652 3040 1744 3091 est
1782 3052 1910 3092 esse
1948 3052 2096 3107 prae-

435 3139 649 3195 gnans,
684 3124 733 3179 si
762 3124 824 3180 id
862 3125 1057 3181 solum
1097 3125 1304 3181 audiat
1350 3141 1361 3179 :
1395 3125 1531 3182 ideo
1579 3125 1913 3183 orationem
1960 3141 2095 3182 con-

434 3213 632 3279 texuit,
667 3214 892 3271 addens
920 3229 950 3271 e
974 3214 1205 3285 Spiritu
1235 3221 1458 3271 sancto.

504 3324 569 3377 Et
592 3337 778 3394 quam
809 3321 888 3377 ob
919 3337 1167 3377 causam
1199 3337 1321 3377 non
1352 3323 1439 3377 est
1477 3321 1892 3393 impraegnata,
1936 3324 2098 3377 ante-

433 3426 622 3483 quam
652 3410 1165 3482 desponderetur?
1199 3412 1281 3466 Ne
1330 3410 1716 3480 occideretur,
1759 3414 1964 3482 utpote
2004 3427 2098 3466 su-

435 3500 696 3572 spicione
722 3500 795 3555 de
840 3516 911 3556 ea
964 3500 1191 3566 habita,
1242 3500 1401 3571 quod
1449 3505 1725 3572 corrupta
1768 3504 1937 3556 esset.
1992 3500 2095 3556 Cui

433 3590 593 3646 enim
623 3588 985 3661 persuadere
1015 3589 1331 3660 potuisset,
1366 3604 1505 3644 cum
1539 3590 1664 3644 viro
1698 3605 1759 3645 se
1790 3604 1911 3645 non
1966 3605 2096 3645 esse

434 3693 822 3748 congressam
850 3679 877 3733 ?
909 3677 1153 3748 Pr0pter
1180 3678 1295 3733 hoc
1337 3694 1479 3747 ergo
1511 3684 1643 3749 post
1678 3679 2099 3751 desponsatio-

434 3783 591 3830 nem,
624 3770 679 3822 et
702 3782 839 3821 cum
856 3766 983 3837 jam
1007 3766 1067 3821 in
1094 3765 1278 3822 domo
1305 3766 1413 3822 viri
1438 3773 1610 3834 esset,
1639 3768 2092 3840 imprzegnatur,

434 3859 500 3911 ut
523 3853 844 3910 verisimile
881 3855 973 3919 sit,
1018 3870 1086 3910 ex
1115 3855 1247 3927 ipso
1288 3856 1627 3928 concepisse
1662 3876 1674 3913 :
1725 3861 1782 3913 et
1819 3857 1898 3914 ita
1946 3858 2097 3930 peri-

435 3944 638 4001 culum
678 3944 902 4000 evadat.
947 3946 1251 4011 Praeterea,
1283 3951 1344 4001 ut
1378 3945 1440 4001 in
1483 3947 1832 4003 necessariis
1876 3948 2096 4003 habeat

436 4033 1020 4089 subministratorem
1060 4037 1117 4089 et
1183 4040 1632 4106 procuratorem
1677 4057 1689 4091 :
1723 4052 1793 4092 eo
1834 4037 2096 4093 maxime

434 4126 703 4195 tempore
733 4138 855 4196 quo
872 4122 932 4179 in
958 4127 1282 4195 Aigyptum
1299 4125 1652 4195 fugiendum
1676 4130 1822 4181 erat.

505 4216 585 4271 Tu
616 4230 755 4271 vero
786 4230 859 4269 ne
880 4229 1134 4286 quaeras,
1162 4214 1461 4287 quomodo
1488 4215 1823 4288 conceperit
1857 4232 1869 4283 ;
1904 4230 2096 4289 neque

436 4303 664 4360 curiose
696 4302 989 4371 scruteris,
1022 4317 1142 4374 quo
1182 4306 1357 4374 pacto
1388 4301 1682 4359 formatus
1721 4304 1794 4358 sit
1824 4305 2091 4376 embryo.

436 4394 555 4448 Hoc
584 4394 745 4447 enim
784 4408 978 4465 neque
1033 4392 1395 4462 evangelista
1448 4392 1663 4459 docuit,
1719 4409 1913 4467 neque
1961 4399 2097 4450 ante

433 4481 633 4553 ipsum
651 4480 922 4551 angelus,
948 4480 1051 4553 qui
1078 4480 1294 4549 Virgini
1310 4488 1669 4553 conceptum
1699 4484 2090 4539 annuntiavit.

437 4570 559 4625 Hoc
593 4569 891 4641 siquidem
935 4570 1311 4639 ignorabant,
1345 4586 1416 4625 eo
1446 4572 1608 4642 quod
1641 4570 2095 4643 incomprehen-

436 4658 603 4714 sibile
635 4658 725 4722 sit,
758 4658 986 4730 solique
1015 4659 1198 4714 beatae
1228 4658 1488 4715 Trinitati
1517 4660 1843 4729 cognitum.
1880 4662 2095 4718 Verum

433 4747 495 4804 id
527 4753 757 4803 tantum
789 4748 953 4815 scito,
986 4747 1146 4819 quod
1176 4747 1359 4803 Filius
1390 4748 1731 4805 incarnatus
1773 4754 1861 4805 est
1888 4767 2096 4807 secun-

436 4837 583 4893 dum
616 4835 805 4893 Patris
845 4836 1230 4902 voluntatem,
1281 4845 1634 4909 cooperante
1664 4839 1827 4897 etiam
1874 4840 2096 4912 Spiritu

438 4929 665 4982 sancto.

508 5034 669 5089 Vers.
698 5034 785 5091 19.
816 5032 1111 5102 Ιοεερή-
1131 5033 1429 5091 dimittere
1452 5049 1595 5091 eam.
1623 5036 1823 5092 Justus
1848 5037 2095 5111 quidem

436 5122 672 5195 dicitur,
703 5124 808 5196 qui
833 5123 1140 5179 avaritiam
1174 5123 1335 5190 odit;
1368 5124 1585 5180 dicitur
1609 5126 1787 5182 etiam
1809 5128 2096 5197 generali-

437 5216 544 5283 ter,
572 5213 669 5285 qui
706 5213 985 5270 virtutem
1030 5212 1184 5269 colit.
1232 5213 1391 5271 Sicut
1423 5216 1479 5271 et
1517 5214 1612 5271 hic
1650 5216 1869 5289 Josepb
1895 5218 2091 5289 justus

2209 2974 2432 3045 ἔχουσα,
2466 2970 2549 3024 ἱνα
2578 2975 2648 3043 μὴ
2701 2972 2816 3040 (27)
2863 2973 3057 3045 θροηθῇ
3091 2992 3191 3034 τις,
3246 2970 3479 3032 ἀκούσας
3535 2977 3687 3022 τοῦτο
3719 2974 3815 3042 μό-

2206 3081 2307 3129 νον,
2333 3061 2644 3137 ἐθεράπευσε
2670 3064 2756 3113 τὸν
2786 3059 2955 3133 λόγον,
2996 3062 3263 3135 προσθεὶς,
3294 3062 3375 3112 ὅτι
3404 3059 3488 3113 Ἐκ
3520 3062 3818 3132 Πνεύματος

2209 3150 2361 3222 ἁγίου
2377 3195 2388 3207 .

2281 3279 2381 3327 Καὶ
2427 3279 2565 3334 τίνος
2603 3274 2761 3326 ἕνεκεν
2810 3272 2868 3325 οὐ
2916 3276 3117 3344 γέγονεν
3171 3274 3351 3343 ἔγκυος
3404 3275 3504 3346 πρὸ
3550 3280 3647 3334 τῆς
3685 3291 3816 3344 μνη-

2210 3362 2563 3430 στείας;Ἰνα
2612 3367 2683 3435 μὴ
2746 3360 2999 3435 ἀποθάνῃ,
3056 3364 3123 3423 ὡς
3154 3363 3537 3413 ὑποπτευθεῖσα
3588 3356 3812 3431 διαφθα·

2205 3456 2386 3526 ρῆναι,
2441 3457 2569 3505 Τίνα
2614 3454 2715 3527 γὰρ
2768 3453 2826 3504 οἷν
2880 3454 3098 3515 ἔπεισεν,
3145 3449 3359 3520 ὁτιοὺχ
3408 3448 3670 3521 ὡμίλησεν
3724 3447 3815 3499 ἁν-

2209 3539 2336 3616 δρί;
2376 3543 2469 3594 Διὰ
2512 3548 2663 3593 τοῦτο
2716 3545 2884 3592 τοίνυν
2932 3541 3062 3611 μετὰ
3111 3543 3207 3597 τὴν
3254 3542 3560 3610 μνηστείαν,
3601 3542 3691 3589 καὶ
3739 3539 3815 3589 ἔν-

2209 3627 2300 3682 δον
2348 3637 2438 3690 τῆς
2485 3634 2650 3689 οικίας
2702 3628 2882 3699 αὑτοῦ,
2938 3627 3225 3700 ὲγκυμονεῖ,
3288 3625 3371 3678 ἱνα
3413 3628 3638 3698 νομισθῇ
3688 3624 3815 3678 συλ-

2205 3718 2376 3771 λαϐεῖν
2423 3717 2475 3781 ἐξ
2522 3719 2707 3779 αὐτοῦ,
2760 3722 2851 3769 καὶ
2904 3718 3036 3769 οὕτω
3082 3712 3354 3788 διαδράσῃ
3409 3718 3496 3767 τόν
3549 3711 3813 3781 κίνδυνόν,

2206 3813 2295 3861 καὶ
2345 3810 2426 3860 ἵνα
2458 3815 2567 3879 σχῇ
2617 3814 2793 3859 τοῦτον
2846 3810 3077 3879 χορηγόν
3129 3824 3184 3857 τε
3236 3811 3334 3857 τῶν
3384 3802 3675 3875 ἀναγκαίων
3724 3807 3815 3855 καὶ

2206 3894 2493 3969 κηδεμόνα,
2569 3901 2658 3949 καὶ
2710 3895 2945 3968 μάλιστα
3000 3895 3146 3968 ποιρὰ
3220 3896 3306 3945 τὸν
3360 3895 3542 3967 καιρὸν
3592 3898 3690 3952 τῆς
3740 3890 3815 3953 εἰς

2131 4008 2177 4064 D
2210 3989 2471 4057 Αἴγυπτον
2508 3994 2699 4058 φυγῆς.

2279 4204 2345 4251 Σὺ
2396 4196 2455 4251 δὲ
2506 4204 2577 4271 μὴ
2638 4198 2896 4270 ζητήσης,
2952 4204 3062 4258 πῶς
3112 4194 3373 4260 συνέλαϐε,
3426 4191 3564 4267 μηδὲ
3612 4212 3814 4267 περιερ-

2204 4292 2371 4361 γάση,
2406 4296 2510 4348 πῶς
2565 4284 2856 4343 διεπλάσθη
2906 4289 2961 4337 τὸ
3012 4284 3231 4359 ἔμϐρυον
3296 4291 3461 4337 Τοῦτο
3489 4287 3590 4357 γὰρ
3640 4286 3753 4335 οὔτε
3784 4284 3813 4335 0

2206 4378 2579 4451 εὖαγγελιστὴς
2626 4373 2890 4444 ἐόίδαξεν,
2940 4378 3054 4427 οὔτε
3093 4378 3193 4449 πρὸ
3242 4375 3399 4425 αὐτοῦ
3440 4374 3464 4424 0
3508 4371 3744 4443 ἄγγελος,
3784 4375 3812 4423 0

2207 4466 2668 4539 εὐαγγελισάμενος
2712 4473 2773 4537 τῇ
2827 4469 3063 4535 Θεοτὸκῳ
3102 4468 3193 4521 τὴν
3239 4461 3523 4533 σύλληψιν.
3588 4458 3817 4531 Ἠγνὸη-

2209 4577 2302 4609 σαν
2332 4559 2430 4629 γὰρ
2463 4564 2615 4607 τοῦτο
2647 4560 2735 4606 καὶ
2776 4554 2943 4618 αὐτοὶ,
2997 4550 3091 4604 διὰ
3137 4555 3193 4603 τὸ
3244 4548 3370 4603 εἶναι
3415 4557 3573 4601 πᾶσιν
3612 4547 3813 4601 ἀκατά-

2203 4645 2414 4715 ληπτον,
2485 4649 2575 4697 καὶ
2637 4648 2763 4716 μόνη
2972 4646 3207 4715 μακαρίᾳ
3268 4636 3461 4715 Τριάδι
3514 4644 3800 4712 γνώριμον,

2203 4744 2366 4789 Τοῦτο
2395 4731 2453 4788 δε
2495 4740 2719 4806 γίνωσκε
2758 4737 2927 4805 μόνον,
2964 4733 3043 4783 ὃτι
3093 4732 3423 4803 σεσάρκωται
3463 4730 3488 4780 0
3538 4730 3675 4793 Υἱὸς,
3728 4728 3809 4779 εὑ-

2206 4822 2363 4898 ὃοκίᾳ
2408 4832 2499 4877 τοῦ
2548 4827 2773 4897 Πατρὸς,
2822 4826 2911 4874 καὶ
2948 4824 3197 4893 συνεργίᾳ
3248 4826 3337 4872 τοῦ
3385 4817 3538 4891 ἁγίου
3571 4819 3811 4890 Πνεῦμα-

2204 4934 2316 4976 τος.

2278 5038 2469 5111 Ἰωσὴφ
2544 5068 2614 5081 —
2689 5035 2949 5089 ἀπολῦσαι
3026 5033 3211 5091 αὐτήν.
3306 5036 3514 5094 Δίκαιος
3606 5030 3811 5103 λέγεται

2203 5132 2312 5203 μεν,
2346 5129 2489 5181 καὶὸ
2524 5134 2692 5196 μισῶν
2738 5130 2827 5184 τὴν
2873 5122 3186 5186 πλεονεξίαν,
3245 5121 3449 5194 λέγεται
3512 5116 3589 5191 δὲ,
3642 5125 3732 5171 καὶ
3784 5122 3809 5172 0

2202 5218 2424 5272 καθόλου
2470 5220 2719 5291 ἐνάρετος,
2770 5214 2942 5290 ὣσπερ
2997 5217 3086 5265 καὶ
3128 5218 3214 5264 νῦν
3273 5213 3298 5264 0
3337 5209 3549 5283 Ἰωσὴφ,
3600 5204 3812 5271 δίκαιος

1660 5313 1883 5384 Variae
1916 5317 2247 5387 lectiones
2288 5327 2353 5385 et
2376 5326 2576 5384 notae.

509 5427 621 5504 (23)
642 5427 815 5504 _Apud
848 5426 1154 5504 Chrysost.
1179 5430 1217 5483 t.
1240 5428 1357 5490 VII,
1390 5445 1450 5504 p_.
1482 5430 1634 5504 45_B.
1669 5446 1847 5504 quem
1889 5432 2090 5491 locum

438 5498 819 5572 respidtiest
847 5498 1237 5572 αἰχμαλωσίας,
1274 5498 1436 5572 quod
1470 5498 1873 5559 eodem‘redit.

464 5641 474 5651 υ
512 5570 625 5651 (24)
656 5570 795 5651 _Ho_c
834 5570 1126 5651 scholium
1146 5570 1448 5651 omiserat
1461 5574 1809 5651 _Hentenius.
1859 5577 2094 5634 Transi-

438 5640 612 5700 lierat
649 5640 899 5700 fortasse
924 5642 1123 5701 scriba
1143 5642 1318 5701 istius
1343 5645 1586 5703 codicis.

2278 5434 2393 5506 (25)
2433 5438 2623 5504 Ἦγουν
2654 5430 2947 5498 ἀπόκειται,
2980 5426 3218 5485 omittit.
3258 5427 3326 5482 Α.
3370 5423 3577 5482 malim
3608 5426 3815 5478 ὑπόκει-

2203 5525 2389 5647 ταὶἒὸ)
2426 5571 2612 5628 Ἕνδον
2636 5575 2737 5647 γὰρ
2780 5570 2860 5647 ἧν,
2893 5571 3136 5647 Omittit.
3177 5570 3247 5647 At

2302 5580 2366 5632 26
2426 5576 2612 5628 Ἕνδον
2636 5576 2737 5647 γὰρ
2780 5576 2860 5645 ἦν,
2893 5576 3136 5629 omittit.
3177 5576 3247 5626 A.

2274 5576 2389 5720 im;
2427 5647 2781 5718 Plerumque
2806 5646 2869 5704 in
2914 5644 3134 5702 talibus
3176 5641 3464 5701 adhibent
3506 5638 3803 5713 θορυϐηθῇ.
