4110 6372
259 298 360 355 129

1290 296 1656 357 COMMENT.
1697 297 1766 355 IN
1800 286 2240 356 MATTHAEUM.
2281 330 2350 338 .-
2389 297 2547 354 CAP.
2588 290 2635 354 Ι.

3552 296 3654 355 130

266 423 395 480 εἶναι
440 429 827 502 μαρτυρηθεὶς,
868 423 973 480 διείν
1014 446 1068 479 τε
1116 426 1210 489 τὰς
1255 424 1414 487 ἄλλας
1460 424 1619 478 αὐτοῦ
1673 424 1883 501 ἀρετὰς,

2013 440 2129 482 isse
2170 423 2536 498 perhibetur,
2577 439 2717 480 cum
2762 427 3005 496 propter
3032 424 3182 482 alias
3224 426 3354 498 ejus
3383 426 3651 496 virtutes,

272 522 360 569 καὶ
391 514 491 569 διὰ
536 521 635 575 τὴν
666 518 941 592 πραότητα
976 520 1065 570 καὶ
1096 516 1459 587 ἁγαθωσύνην.
1516 512 1886 590 Παραδειγμα-

276 613 422 660 τίσαι
464 602 524 660 δε
578 605 800 678 ἐλέγετο,
854 608 977 659 ὃταν
1010 605 1135 680 ἀνὴρ
1192 607 1337 679 παρὰ
1386 608 1444 658 τὸ
1497 602 1766 680 συνέδριον
1793 602 1888 678 ἦγε

280 702 372 755 τὴν
426 698 877 768 ύποπτευομένην,
931 700 1023 748 καὶ
1070 700 1350 769 κατηγόρει
1395 698 1612 763 ταύτης,
1665 700 1755 748 καί
1802 696 1888 748 ού-

283 806 379 846 τως
427 786 595 844 αὐτὴν
634 794 863 859 φανερῶς
919 784 1131 837 ἀπέλυεν
1186 782 1287 836 ἀπὸ
1333 791 1429 847 τῆς
1483 785 1653 848 οἰκίας
1704 785 1885 852 αὐτοῦ,

284 877 409 950 ὅπερ
460 879 533 947 μὴ
584 874 736 927 θέλων
786 882 1012 933 ποιῆσαι
1050 875 1075 926 ὁ
1129 872 1347 946 Ἰωσὴφ,
1408 873 1672 933 ἠϐουλήθη
1723 874 1891 950 λάθρα

284 964 549 1017 ἀπολῦσαι
596 963 779 1034 αὐτὴν,
833 964 916 1016 ἶνα
975 967 1065 1015 καὶ
1116 962 1273 1025 αὐτὸς
1322 962 1588 1025 ἀνεύθυνος
1647 962 1749 1017 ἀπὸ
1798 971 1889 1017 τοῦ

282 1060 446 1127 νόμον
505 1057 677 1127 μείνῃ,
716 1059 810 1105 τοῦ
863 1051 1176 1121 κελεύοντος,
1237 1051 1477 1106 ἀπολύειν
1532 1056 1627 1115 τὰς
1660 1056 1890 1115 κυούσας

286 1143 551 1216 ἑτέρωθεν,
617 1139 859 1199 κάκείνην
937 1141 1109 1200 ἁπαθῆ
1194 1150 1365 1194 κακῶν
1428 1147 1754 1216 συντηρήσῃ,
1817 1147 1887 1215 μὴ

285 1229 657 1303 δημοσιεύσας
680 1234 739 1284 τὸ
764 1236 997 1304 γεγονός.

356 1435 535 1482 Ταῦτα
573 1424 634 1480 δε
666 1459 737 1468 -
787 1426 944 1500 ἐφάνη
980 1426 1135 1498 αύτῷ.
1190 1424 1326 1500 Ὀρα
1380 1432 1677 1500 πραότητος
1728 1429 1890 1503 ὑπερ-

282 1518 484 1577 ϐολήνῐ
552 1517 612 1570 ού
668 1522 822 1590 μόνον
877 1519 979 1590 γὰρ
1036 1517 1129 1569 οὐκ
1180 1515 1371 1580 ἐξεῖπεν
1429 1516 1580 1590 ἑτέρῳ
1634 1522 1752 1592 περὶ
1803 1524 1893 1571 τοῦ

283 1610 619 1682 πράγματος,
675 1606 785 1659 ἀλλ’
838 1604 962 1660 οὐδὲ
993 1606 1123 1680 αύτῇ
1180 1614 1242 1679 τῇ
1295 1608 1709 1681 ὑποπτευομένῃ,
1766 1606 1895 1661 α’λλὰ

282 1700 407 1751 καθ’
432 1699 614 1751 ἑαυτὸν
668 1696 979 1769 ἐνεθυμήθη,
1028 1696 1195 1770 λάθρα
1242 1696 1503 1749 ἀπολῦσαι
1558 1697 1743 1756 αύτήν.
1794 1703 1894 1751 Καὶ

1994 520 2124 571 tum
2169 520 2411 587 propter
2438 513 2966 571 mansuetudinem
2997 530 3067 571 ac
3108 515 3462 587 probitatem
3502 515 3651 587 ejus.

1994 604 2325 661 Traducere
2356 608 2557 659 autem
2588 602 2914 659 dicebatur.
2949 604 3197 676 quando
3228 604 3313 660 vir
3338 604 3418 661 ad
3448 605 3654 661 conci-

1996 693 2144 749 lium
2157 691 2411 749 ducebat
2437 708 2707 761 uxorem,
2723 692 2796 748 de
2808 709 2931 765 qua
2950 693 3351 765 suspicionem
3368 693 3651 759 habebat,

1996 785 2311 855 ipsamque
2331 781 2653 839 accusabat
2685 798 2697 837 :
2729 786 2785 839 et
2813 782 2895 839 ita
2917 782 3231 839 manifeste
3262 799 3397 839 eam
3420 800 3453 841 a
3485 784 3655 840 domo

1997 872 2243 945 propria
2293 870 2647 927 dimittebat.
2699 871 2870 937 Quod
2918 873 3122 928 nolens
3172 872 3367 929 facere
3410 873 3651 945 Joseph,

1998 962 2189 1019 voluit
2217 961 2360 1017 clam
2390 960 2708 1028 dimittere,
2737 977 2892 1027 eam,
2928 965 2990 1018 ut
3027 966 3085 1019 et
3112 962 3240 1034 ipse
3282 961 3428 1017 nulli
3463 961 3654 1018 obno-

2000 1051 2128 1108 xius
2153 1050 2383 1106 crimini
2413 1049 2748 1106 secundum
2774 1050 2969 1123 legem
2999 1057 3286 1123 maneret,
3321 1066 3421 1107 eas
3443 1051 3654 1122 juben-

2000 1145 2119 1197 tem
2151 1140 2440 1196 dimittere
2475 1154 2609 1211 quae
2644 1139 2890 1197 aliunde
2919 1140 2981 1196 in
3021 1146 3188 1197 utero
3246 1141 3552 1205 haberent,
3601 1144 3658 1198 et

1999 1228 2155 1286 illam
2175 1228 2519 1285 amalorum
2539 1228 2919 1300 perpessione
2946 1235 3225 1297 servaret,
3242 1230 3385 1302 quia
3410 1230 3473 1286 id
3494 1230 3656 1302 quod

2000 1318 2228 1376 factum
2264 1322 2407 1385 erat,
2442 1332 2563 1374 non
2597 1317 3035 1374 manifestabat.

2075 1428 2234 1483 Vers.
2268 1428 2356 1481 20.
2388 1425 2519 1482 ch
2553 1433 2745 1482 autem
2771 1456 2840 1465 —
2873 1427 3157 1496 apparuit
3184 1427 3253 1481 ei.
3311 1426 3454 1482 Vide
3488 1444 3657 1484 man-

2002 1514 2336 1572 suetudinis
2366 1514 2792 1572 excellentiam.
2824 1517 2952 1571 Non
2981 1514 3171 1571 solum
3194 1515 3309 1571 hac
3335 1516 3410 1572 de
3427 1532 3489 1572 re
3510 1517 3653 1573 nihil

2001 1604 2167 1663 alteri
2213 1603 2645 1673 manifestabat,
2678 1604 2778 1660 sed
2826 1619 2937 1659 nec
2992 1604 3119 1676 ipsi,
3165 1605 3241 1661 de
3293 1621 3415 1678 qua
3460 1607 3655 1679 suspi-

2002 1695 2231 1751 cionem
2262 1692 2522 1751 habebat
2550 1712 2566 1747 :
2600 1697 2816 1750 tantum
2847 1693 3008 1766 apud
3042 1709 3103 1750 se
3147 1696 3442 1766 cogitavit,
3497 1697 3654 1753 clam

288 1785 436 1840 διατί
486 1792 584 1859 μὴ,
626 1789 727 1860 πρὸ
775 1793 869 1838 τοῦ
901 1785 1252 1856 έξογκωθῆναι
1300 1790 1394 1845 τὴν
1443 1790 1677 1862 γαστέρα
1712 1786 1891 1856 αὐτῆς,

2013 1784 2291 1841 dimittere
2322 1799 2494 1840 eam:
2526 1785 2593 1838 Et
2639 1798 2820 1854 quare
2872 1798 2997 1840 non
3072 1789 3399 1857 antequam
3453 1791 3655 1843 venter

289 1880 317 1930 ὁ
354 1877 567 1949 ἄγγελος
596 1873 706 1929 εἰπε
748 1883 822 1947 τῷ
878 1875 1068 1947 Ἰωσὴφ
1113 1878 1177 1928 τὰ
1211 1880 1329 1949 περὶ
1362 1883 1461 1939 τῆς
1497 1874 1732 1949 ἀσπόρου
1765 1877 1893 1930 συλ-

285 1966 531 2037 λήψεως,
580 1969 724 2018 Διότι
756 1964 953 2037 ἔμελλεν
1008 1963 1368 2032 ἀπιστεῖσθαι,
1412 1962 1507 2018 διὰ
1558 1970 1618 2019 τὸ
1646 1963 1893 2039 παράδο-

286 2056 397 2119 ξον.
440 2058 637 2108 Λοιπὸν
696 2050 804 2124 οὖν,
864 2054 1121 2130 ὁρωμένου
1160 2061 1254 2105 τοῦ
1309 2056 1633 2129 πράγματος,
1687 2059 1891 2129 μηνύει,

284 2150 381 2198 καὶ
438 2146 604 2199 πείθει
658 2140 866 2218 ῥᾴδιον.
946 2149 1046 2197 Καὶ
1101 2140 1249 2197 διατί
1286 2149 1357 2216 μὴ
1411 2146 1441 2203 ἠ
1514 2148 1767 2221 Παρθένος
1823 2154 1896 2218 τῷ

288 2237 489 2307 Ἰωσὴφ
546 2232 836 2306 ἀνήγγειλε,
894 2229 1332 2306 προδιδαχθεῑσα
1382 2243 1549 2288 ταῦτα
1604 2238 1750 2312 παρὰ
1804 2244 1896 2290 τοῦ

282 2322 559 2396 Γαϐριὴλς
616 2328 758 2376 Διότι
835 2320 1130 2395 ἐγίνωσκεν,
1201 2326 1270 2386 ὡς
1327 2324 1385 2376 ού
1461 2328 1897 2397 πιστευθήσεται,

280 2412 481 2485 μᾶλλον
550 2416 640 2485 μὲν
733 2408 822 2464 οὖν
891 2417 981 2464 καὶ
1039 2412 1338 2488 παροξυνεῖ,
1424 2417 1488 2475 ὡς
1548 2413 1895 2490 ἐπιχειροῦσα

288 2503 605 2563 συγκιάςειν
649 2505 705 2555 τὸ
754 2500 1268 2575 πεπλημμελημένον.
1328 2508 1427 2557 Καὶ
1484 2500 1631 2558 διατί
1683 2511 1754 2579 μὴ
1808 2511 1898 2560 καὶ

286 2599 352 2664 τῇ
406 2594 675 2667 Παρθένῳ,
707 2594 838 2664 μετὰ
879 2596 965 2644 τὸν
1015 2595 1166 2663 ὄγκον
1224 2601 1315 2654 τῆς
1342 2597 1591 2665 γαστρὸς,
1642 2594 1896 2668 ἐμήνυσεν

289 2683 316 2732 ὁ
347 2681 567 2753 ἅγγελος
606 2686 698 2739 τὴν
736 2680 790 2733 ἔκ
816 2684 1115 2754 Πνεύματος
1175 2681 1328 2753 ἁγίου
1380 2684 1674 2755 σύλληψιν;
1736 2692 1895 2755 Διότι,

292 2776 335 2823 εὶ
395 2775 468 2842 μὴ
531 2772 901 2845 προμεμαθηκε
956 2778 1131 2837 τοῦτο,
1182 2770 1377 2844 ἔμελλεν
1422 2772 1473 2825 ἐν
1517 2775 1718 2850 θορύϐῳ
1768 2776 1899 2831 εἶναι

289 2865 386 2912 καὶ
436 2868 675 2932 ταραχῇ,
718 2865 809 2912 καὶ
860 2859 945 2913 ἐπὶ
1002 2859 1205 2934 βρόχον
1272 2860 1430 2914 ἐλθεῖν
1478 2860 1532 2915 εὖ
1590 2862 1783 2931 εἰδυῖα,
1836 2871 1900 2931 ὡς

290 2950 390 3001 οὐκ
424 2951 488 3001 ἄν
529 2969 649 3002 ποτε
695 2953 849 3023 πείσῃ
905 2952 1039 3019 τινὰ,
1089 2950 1333 3022 λέγουσα,
1395 2957 1466 3025 μὴ
1519 2954 1771 3026 ὁμιλῆσαι
1814 2956 1897 3011 ἀν-

291 3035 410 3113 δρί.
461 3042 557 3091 Διὰ
604 3046 777 3106 τοῦτο,
823 3047 884 3112 τῇ
936 3042 1026 3111 μὲν
1080 3041 1347 3115 Παρθένῳ,
1405 3046 1504 3114 πρὸ
1556 3052 1651 3107 τῆς
1708 3046 1895 3106 συλλή-

2002 1874 2420 1930 intumesceret
2468 1872 2725 1941 Virginis
2773 1872 2922 1928 dixit
2969 1884 3220 1943 angelus
3260 1875 3372 1946 ipsi
3409 1873 3652 1947 Joseph,

2002 1978 2139 2035 quae
2152 1961 2308 2017 facta
2337 1960 2573 2018 fuerant
2593 1960 2751 2017 circa
2769 1962 3225 2034 conceptionem
3238 1963 3364 2019 sine
3385 1964 3611 2019 semine
3632 1962 3659 2018 ?

2005 2050 2155 2117 Quia
2196 2054 2438 2122 propter
2476 2065 2764 2121 magnam
2812 2050 2899 2106 rei
2958 2050 3282 2107 novitatem
3312 2051 3658 2109 incredulus

2004 2138 2234 2197 fuisset.
2270 2141 2419 2195 Cum
2443 2153 2587 2209 ergo
2618 2154 2707 2195 res
2731 2138 2861 2209 jam
2892 2143 3223 2211 appareret,
3257 2140 3470 2196 indicat
3512 2141 3659 2197 faci-

2003 2227 2239 2300 liusque
2286 2227 2631 2301 persuadet.
2686 2228 2992 2297 Praeterea,
3023 2244 3129 2285 cur
3158 2245 3275 2285 non
3318 2229 3454 2302 ipsa
3484 2232 3656 2301 Virgo

2004 2316 2407 2375 manifestavit
2441 2316 2683 2388 Joseph,
2725 2333 2863 2373 cum
2916 2318 3076 2389 prius
3120 2335 3155 2375 a
3188 2319 3455 2376 Gabriele
3507 2325 3661 2376 esset

2006 2406 2270 2466 edocta?
2323 2406 2495 2472 Quod
2551 2406 2776 2464 sciebat
2830 2410 3063 2465 tantum
3130 2408 3343 2465 abesse
3407 2415 3469 2464 ut
3545 2410 3658 2465 sibi

2006 2496 2158 2553 ﬁdes
2185 2495 2563 2553 adhiberetur
2594 2501 2657 2552 ut
2703 2497 2890 2567 magis
2936 2497 3115 2553 etiam
3140 2498 3393 2554 irritaret
3415 2498 3514 2570 (ad
3538 2499 3663 2555 vin-

2007 2587 2229 2643 dictam
2258 2585 2611 2658 Josephum)
2639 2587 2689 2641 si
2710 2586 2954 2659 culpam
2986 2592 3303 2645 conaretur
3330 2588 3542 2645 celare.
3576 2590 3663 2647 Ad

2006 2675 2130 2732 hinc
2159 2678 2384 2748 :Quare
2404 2691 2528 2732 non
2564 2679 2699 2747 post
2731 2676 2948 2732 ventris
2981 2681 3265 2733 tumorem
3308 2678 3663 2749 signiﬁcavit

2009 2766 2259 2837 angelus
2285 2765 2534 2835 Virginis
2560 2766 3020 2837 conceptionem,
3068 2783 3205 2840 quae
3235 2783 3343 2839 per
3380 2768 3659 2839 Spiritum

2008 2859 2282 2912 sanctum
2308 2855 2465 2911 facta
2484 2859 2642 2910 esset
2671 2856 2699 2912 ‘2
2723 2855 2872 2920 Quia
2898 2855 3189 2928 nisiprius
3214 2873 3339 2913 rem
3354 2858 3663 2916 didicisset

2010 2938 2224 2995 timore
2251 2954 2318 2995 ac
2344 2939 2789 3010 perturbatione
2820 2940 2973 2995 adeo
3016 2941 3303 3010 exagitari
3336 2944 3546 3013 potuit,
3596 2948 3660 3002 ut

2010 3033 2263 3085 mortem
2292 3027 2431 3099 ipsa
2459 3027 2572 3083 sibi
2611 3028 3019 3096 conscisceret,
3053 3030 3229 3101 plane
3261 3032 3469 3097 sciens,
3504 3033 3665 3104 quod

288 3127 454 3199 -ᾇεως,
481 3130 509 3180 ὁ
541 3128 758 3201 ἄγγελος
787 3125 1105 3201 διαλέγεται·
1144 3137 1211 3201 τῷ
1238 3126 1297 3183 δὲ
1324 3130 1538 3204 Ἰωσὴφ,
1564 3131 1614 3185 ἐν
1639 3143 1711 3206 τῷ
1732 3145 1898 3210 καιρῷ

2013 3119 2157 3176 nulli
2176 3134 2440 3190 unquam
2454 3118 2818 3191 persuadere
2840 3120 3151 3190 potuisset,
3173 3137 3237 3177 se
3255 3122 3398 3178 nulli
3416 3124 3665 3180 commi-

288 3226 395 3269 τῶν
427 3214 653 3273 ὠδίνων.

367 3419 473 3468 Καὶ
526 3416 553 3467 ὁ
606 3416 696 3488 μεν
747 3416 1017 3477 Ματθαῐος
1064 3420 1181 3489 περὶ
1224 3424 1315 3469 τοῦ
1377 3415 1597 3490 ἀγγέλου
1648 3428 1740 3473 τοῦ
1789 3422 1902 3476 ἐπι-

296 3505 522 3565 στάντος
576 3513 649 3575 τῷ
689 3504 881 3577 Ἰωσὴφ
931 3503 1235 3579 ἀνέγραψεν
1306 3507 1331 3558 ὁ
1396 3504 1454 3560 δε
1500 3514 1712 3572 Λουκᾶς
1783 3519 1902 3587 περὶ

293 3600 389 3644 τοῦ
432 3592 899 3666 εὐαγγελισαμένου
967 3602 1028 3666 τῇ
1100 3596 1342 3669 Παρθένῳ
1394 3600 1482 3655 τὴν
1536 3599 1675 3651 θείαν
1718 3601 1903 3661 σύλλη-

294 3681 409 3750 ψιν.
467 3682 758 3758 Ἀμφότεροι
794 3686 895 3758 γὰρ
948 3687 1212 3754 γεγόνασι.
1272 3690 1372 3737 Καὶ
1426 3682 1573 3738 διατί
1615 3689 1731 3740 κατ’
1781 3694 1900 3766 ὄναρ

294 3770 439 3839 αὐτῷ
499 3776 734 3841 φαίνεται
786 3774 811 3822 ό
870 3771 1105 3842 ἄγγελος,
1166 3777 1254 3825 καὶ
1302 3778 1373 3845 μὴ
1434 3785 1679 3849 φανερῶς,
1730 3782 1903 3855 ὥσπερ

296 3862 391 3910 καὶ
442 3867 506 3930 τῇ
575 3862 855 3932 Παρθένῳ;
911 3865 1052 3913 Διὸτι
1135 3864 1166 3919 ἡ
1226 3865 1316 3934 μεν
1385 3866 1638 3938 Παρθένος
1707 3871 1905 3942 ἔχρῃζε

298 3954 523 4021 φανερᾶς
581 3948 765 4018 ὄψεως,
822 3945 915 4001 διὰ
972 3953 1030 4001 τὸ
1090 3947 1390 4023 παράδοξον
1437 3962 1529 4005 τοῦ
1580 3959 1900 4029 μηνύματοςο

297 4038 325 4088 ὁ
358 4032 419 4088 δὲ
448 4038 668 4109 Ἰωσὴφ,
700 4036 902 4110 βλέπων
949 4042 1039 4111 μὲν
1066 4045 1155 4092 καὶ
1194 4044 1280 4093 τὸν
1323 4045 1477 4113 ὄγκον
1516 4052 1612 4105 τῆς
1649 4064 1903 4121 γαστρος,

297 4132 573 4195 γινώσκων
609 4123 667 4178 δε
707 4132 795 4179 καὶ
841 4131 924 4180 τόν
974 4127 1090 4201 βίον
1117 4136 1212 4190 τῆς
1271 4133 1533 4203 Παρθένου
1592 4135 1819 4209 καθαρόν
1850 4155 1905 4189 τε

298 4220 393 4266 καὶ
486 4213 847 4284 ἄνεπιληπτον,
927 4217 1295 4293 εὐχερέστερον
1374 4219 1544 4292 ἔμελλε
1620 4227 1903 4281 πιστεύειν.

298 4302 503 4364 ’Δλλως
554 4322 609 4356 τε
654 4301 731 4373 δε,
779 4309 869 4357 καὶ
915 4308 985 4368 ὡς
1040 4302 1095 4359 εὖ
1131 4304 1283 4370 εἰδὼς
1316 4305 1601 4384 διακρίνειν
1655 4311 1903 4386 ὀνείρους,

299 4391 352 4445 έν
386 4392 569 4465 ὀνείρῳ
604 4390 781 4466 βλέπει
811 4397 896 4447 τὸν
928 4395 1165 4467 ἄγγελον.

2011 3213 2167 3265 stam
2206 3222 2338 3263 esse
2392 3208 2538 3264 viro.
2588 3208 2906 3281 Propterea
2959 3209 3183 3279 Virgini
3232 3211 3478 3284 quidem
3524 3218 3663 3269 ante

2009 3295 2463 3367 conceptionem
2485 3296 2736 3367 angelus
2753 3297 3061 3363 nuntiavit,
3077 3299 3296 3372 Joseph
3314 3304 3513 3356 autem
3531 3316 3664 3373 par-

2011 3385 2307 3443 turitionis
2326 3390 2594 3458 tempore
2607 3428 2620 3443 .

2082 3495 2149 3548 Et
2177 3493 2483 3550 Matthaeus
2500 3492 2745 3565 quidem
2768 3494 2844 3550 de
2870 3494 3081 3567 angelo
3110 3496 3329 3569 Joseph
3346 3502 3666 3570 apparente

2012 3578 2366 3650 conscripsit
2393 3596 2405 3646 ;
2431 3578 2620 3635 Lucas
2656 3581 3140 3651 vero,quomodo
3168 3583 3387 3651 Virgini
3427 3583 3666 3638 divinus

2012 3672 2335 3739 conceptus
2362 3666 2435 3723 sit
2462 3669 2849 3723 annuntiatus
2878 3685 2892 3735 ;
2929 3671 3420 3742 utrumqueenim
3442 3670 3668 3727 factum

2013 3757 2119 3808 est.
2160 3763 2429 3824 Rursum,
2498 3767 2683 3823 quam
2714 3753 2789 3809 ob
2819 3769 3069 3811 causam
3097 3755 3159 3810 in
3190 3756 3417 3811 somnis
3442 3756 3554 3828 ipsi
3576 3757 3671 3812 Jo-

2015 3837 2157 3908 seph
2198 3836 2468 3908 apparuit
2491 3837 2743 3907 angelus
2770 3843 2824 3893 et
2857 3854 2978 3894 non
3010 3839 3344 3908 manifeste,
3376 3840 3526 3895 sicut
3554 3842 3670 3895 Vir-

2014 3919 2187 3993 gini?
2219 3922 2365 3985 Quia
2412 3921 2634 3991 Virgini
2680 3922 2924 3994 quidem
2964 3923 3283 3980 manifesta
3330 3940 3485 3996 opus
3542 3928 3670 3980 erat

2014 4005 2241 4061 visione
2263 4012 2502 4078 promer
2527 4006 2629 4071 rei,
2652 4022 2786 4078 quae
2810 4007 3277 4077 significabatur,
3309 4010 3665 4066 novitatem:

2014 4089 2251 4161 Joseph,
2285 4094 2482 4146 autem
2513 4091 2726 4146 videns
2758 4093 2996 4162 quidem
3030 4094 3176 4148 uteri
3215 4098 3531 4159 tumorem,
3573 4110 3668 4148 co-

2016 4174 2244 4245 gnitam
2290 4180 2490 4230 tamen
2518 4174 2752 4231 habens
2800 4175 2933 4232 vitae
2961 4176 3221 4247 Virginis
3248 4180 3564 4249 puritatem
3597 4195 3669 4233 ac

2014 4262 2440 4332 innocentiam,
2475 4263 2587 4319 alio
2617 4280 2861 4336 quoque
2892 4265 3067 4320 modo
3092 4264 3326 4321 facilius
3371 4272 3497 4322 erat
3547 4281 3670 4322 cre-

2016 4351 2270 4417 diturus,
2300 4357 2591 4424 tanquam
2608 4353 2710 4425 qui
2734 4353 2970 4411 somnia
3008 4355 3195 4426 probe
3226 4360 3470 4413 noverat
3514 4355 3667 4426 diju-

2016 4436 2216 4493 dicare
2249 4453 2260 4489 :
2292 4436 2428 4493 ideo
2458 4437 2517 4493 in
2545 4438 2774 4494 somnis
2799 4439 3079 4509 angelum
3130 4440 3311 4497 videt.

378 4504 561 4571 Λέγων
608 4531 666 4541 -
708 4504 932 4572 γυναῖκά
987 4523 1104 4557 σου.
1156 4506 1277 4557 Υἱὸν
1331 4502 1498 4560 Δαυίδ
1554 4508 1709 4562 αὐτὸν
1763 4509 1899 4565 ἓκαλι

2088 4522 2351 4578 Vers.20.
2380 4523 2595 4581 Dicens
2622 4554 2690 4563 —
2712 4498 3019 4596 conjugem
3048 4531 3224 4583 tuam.
3263 4525 3454 4584 David
3466 4525 3670 4598 ﬁlium,

302 4608 414 4655 σεν,
456 4588 661 4660 ἀνάγων
710 4596 801 4647 τὴν
850 4588 1086 4645 διάνοιαν
1118 4593 1278 4646 αὐτοῦ
1309 4593 1392 4648 ἐπὶ
1441 4599 1529 4648 τὸν
1579 4596 1766 4670 Δαυξδ,
1820 4602 1908 4674 ἀφ’

301 4680 367 4731 οὗ
394 4675 733 4751 προσεδόκων
776 4677 1025 4733 Ἰουδαῖοι
1052 4686 1140 4735 τὸν
1186 4688 1416 4757 Χριστὸν
1465 4688 1697 4741 ἔσεσθαι.
1740 4690 1908 4743 Εἰπὼν

301 4765 389 4836 δε,
439 4773 529 4825 Μὴ
561 4768 809 4841 φοϐηθῇς,
852 4769 1166 4842 ἀνεκάλυψεν
1224 4773 1364 4845 αύτῷ
1422 4778 1480 4827 τὸ
1538 4786 1629 4837 τῆς
1685 4776 1911 4853 καρδίας

300 4858 467 4911 αὐτοῦ
524 4864 838 4933 μυστήριον.
878 4859 1138 4933 Ἐφόϐεῖτο
1185 4865 1284 4938 γὰρ
1313 4869 1555 4936 κατέχειν
1585 4870 1676 4926 τὴν
1726 4872 1910 4923 Θεοτὸ-

300 4966 417 5013 κσν,
474 4952 548 5019 μὴ
617 4952 957 5023 προσκρούσῃ
1014 4958 1086 5020 τῷ
1144 4958 1277 5021 Θεῷ,
1328 4952 1628 5025 μοιχαλίδα
1674 4962 1910 5031 κατέχων

298 5038 449 5111 παρὰ
500 5040 586 5089 τὸν
628 5042 805 5111 νόμον.
838 5043 903 5091 Τί
951 5035 1011 5091 δέ
1053 5041 1164 5092 ἐστι
1197 5044 1278 5109 τὸ,
1318 5043 1676 5116 παραλαϐεῖνς
1723 5045 1911 5101 Ἐνδον

299 5130 545 5199 κατέχειν
593 5127 720 5200 παρ’
762 5127 950 5198 ἑαυτῷ,
989 5127 1160 5182 λαϐεῖν
1211 5127 1382 5193 αὖθις.
1442 5130 1584 5193 Ἤδη
1634 5138 1735 5209 γὰρ
1770 5138 1910 5209 αύτῷ

298 5220 431 5269 κατὰ
488 5214 730 5270 διάνοιαν
789 5214 1087 5273 ἆπολέλυτο.
1155 5220 1476 5294 Παραλαϐεῖν
1554 5219 1613 5276 δε
1681 5225 1774 5277 ούκ
1841 5227 1911 5288 εἰς

296 5308 476 5380 γάμον,
526 5307 642 5361 ἀλλ’
703 5306 773 5367 εἰς
805 5305 1059 5379 φυλακήν.
1109 5313 1215 5367 Τὴν
1256 5314 1488 5383 γυναῖπά
1540 5332 1634 5365 σου
1688 5311 1746 5368 δὲ
1777 5314 1904 5385 εἷπε,

292 5394 556 5455 κάντεῦθεν
626 5396 987 5471 πληροφορῶν
1067 5396 1243 5470 αὐτὸν,
1329 5402 1410 5453 ὅτι
1462 5401 1567 5475 οὐχ
1646 5403 1911 5477 ὡμίλησεν

286 5484 451 5569 ἀνδρί.

339 5605 407 5661 Τὸ
473 5601 586 5680 γὰρ
657 5628 735 5640 ——
808 5593 867 5649 ἐκ
942 5596 1235 5673 Πνεύματός
1286 5596 1425 5653 ἔστιν
1483 5599 1654 5677 ἁγίου.
1718 5605 1787 5659 Τὸ
1863 5602 1914 5658 ἕν

2020 4646 2223 4718 ipsum
2249 4647 2540 4715 nominat,
2575 4651 2837 4707 mentem
2888 4649 3017 4720 ejus
3050 4650 3128 4707 ad
3170 4651 3354 4708 David
3382 4651 3672 4708 reducens

2019 4753 2054 4792 a
2081 4752 2204 4808 quo
2218 4736 2514 4793 Christum
2541 4753 2674 4794 esse
2688 4743 3007 4795 venturum
3020 4740 3444 4812 exspectabant
3467 4741 3681 4804 Judaei.

2020 4821 2228 4878 Dicens
2258 4828 2479 4889 autem,
2505 4823 2595 4881 Ne
2618 4825 2899 4889 timueris,
2932 4824 3127 4880 eidem
3160 4825 3506 4883 manifestat
3534 4842 3671 4897 pro-

2018 4906 2126 4980 prii
2174 4908 2370 4963 cordis
2409 4924 2704 4967 arcanum.
2762 4910 3025 4966 Timebat
3071 4909 3375 4982 siquidem
3416 4912 3670 4968 retinere

2022 4990 2123 5046 Dei
2144 4993 2405 5058 Matrem,
2441 5008 2515 5048 ne
2555 4996 2742 5049 Deum
2786 4993 3134 5062 offenderet,
3177 5000 3406 5052 retenta
3462 5001 3671 5052 contra

2018 5074 2211 5146 legem
2251 5077 2537 5133 adultera.
2579 5079 2731 5143 Quid
2778 5084 2863 5135 est
2910 5086 3107 5137 autem
3146 5080 3415 5152 accipere
3446 5078 3473 5133 7
3504 5081 3669 5136 lntus

2018 5162 2287 5229 retinere,
2320 5162 2407 5218 vel
2432 5163 2509 5219 ad
2536 5180 2598 5220 se
2626 5165 2830 5236 ipsum
2853 5181 3054 5221 rursus
3087 5182 3316 5239 capere.
3340 5167 3472 5222 Jam
3504 5166 3667 5223 enim

2020 5252 2217 5303 mente
2242 5248 2314 5303 ab
2353 5263 2423 5303 eo
2454 5248 2645 5305 divisa
2675 5254 2817 5308 erat.
2839 5251 3118 5323 Accipere
3148 5267 3289 5308 vero
3319 5266 3441 5307 non
3463 5250 3541 5307 ad
3562 5264 3674 5307 nu-

2019 5331 2190 5405 ptias,
2209 5332 2313 5388 sed
2325 5332 2403 5388 ad
2415 5333 2773 5391 custodiam.
2808 5336 3064 5392 Uxorem
3077 5351 3313 5408 quoque
3328 5341 3483 5394 tuam
3498 5335 3672 5409 dixit,

2020 5422 2086 5474 ut
2105 5416 2243 5473 inde
2257 5418 2566 5476 certiorem
2578 5435 2717 5477 eum
2731 5419 2969 5493 faceret,
2994 5420 3161 5495 quod
3189 5421 3404 5479 anullo
3434 5422 3672 5495 cognita

2021 5506 2173 5561 esset
2199 5502 2351 5560 viro.

2091 5609 2252 5668 Vere.
2279 5609 2372 5668 20.
2415 5610 2584 5683 Quod
2610 5612 2761 5670 enim
2780 5627 2896 5671 -α
2928 5612 3158 5689 Spiritu
3192 5619 3385 5673 sancto
3413 5615 3509 5675 est.
3538 5612 3675 5676 F0r«
