4110 6384
493 320 591 388 tat
1842 308 2191 382 EUTHYMlI
2228 307 2559 381 'ztcABENi
3764 310 3866 382 tas

494 462 722 511 rnatum
753 455 812 510 in
842 470 934 524 ea,
968 453 1231 524 genitum
1254 451 1420 517 dixit,
1450 450 1834 508 utdiscamus
1856 466 1976 506 non
2003 465 2117 523 pau

2256 450 2386 525 αὐτῇ
2440 447 2781 503 διαπλασθέν.
2814 450 3055 509 Γεννηθῇ
3109 450 3209 526 γὰρ
3243 448 3396 520 εἶπεν,
3464 451 3547 504 ἶνα
3602 454 3865 526 μάθωμεν,

490 544 678 611 latim,
714 543 893 599 modo
922 543 1181 608 seminis,
1216 542 1534 597 formatum
1564 554 1696 595 esse
1730 556 1741 594 :
1773 539 1877 595 sed
1909 545 2110 612 repent

2256 542 2335 593 ὅτι
2393 539 2451 593 οὐ
2530 540 2666 591 κατὰ
2728 542 2913 612 μικρὸν
2993 537 3289 613 ἑμορφώθη,
3346 545 3484 615 νόμῳ
3544 546 3867 615 σπέρματος,

491 637 787 706 quantum
815 631 895 688 ad
921 631 1335 687 formationem
1367 629 1622 701 perfecte
1649 628 1839 684 factus
1868 632 1976 684 est.
2000 628 2107 684 Vid

2256 629 2361 681 ἀλλ’
2425 629 2595 698 εὐθὺς,
2652 629 2773 681 ὅσον
2827 628 2900 689 εἰς
2954 633 3249 703 μόρφωσιν,
3303 630 3489 684 τέλειον
3544 627 3864 690 διεπλάσθη.

492 722 1023 795 autem,quomodo
1048 722 1239 793 ipsum
1269 720 1583 777 admonuit
1607 719 1757 791 eius,
1786 718 1949 791 quod
1982 735 2018 774 a
2039 720 2115 775 Da

2252 717 2390 792 Ὀρα
2446 713 2524 784 δὲ,
2599 725 2708 779 πῶς
2788 722 3032 793 πρότερον
3110 717 3389 792 ἀνέμνησεν
3444 720 3599 772 αὐτὸν
3660 728 3758 783 τῆς
3812 720 3870 773 ἐκ

491 811 588 868 vid
614 812 1081 882 exspectabatur:
1112 809 1328 865 deinde
1377 807 1782 864 manifestavit
1812 807 1919 878 ipsi
1948 806 2114 863 occul

2254 802 2422 858 Δαυίδ
2489 803 2833 881 προσδοκίας,
2926 809 3097 859 ἔπειτα
3180 807 3486 879 έξεκάλυψεν
3572 809 3713 881 αὐτῷ
3774 813 3863 862 τὸν

490 900 615 953 tum
645 896 844 952 cordis
872 897 1154 960 timorem,
1189 900 1245 949 et
1286 893 1429 966 quid
1470 893 1661 947 facere
1728 891 2087 947 decrevisset

2256 894 2543 969 ἀπόρρητον
2586 893 2740 967 φόϐον
2791 903 2886 958 τῆς
2934 893 3180 971 καρδίας,
3216 903 3306 949 καὶ
3343 900 3369 949 ὃ
3416 897 3694 967 ἐϐουλήθη,
3753 895 3867 951 εἶτα

489 986 703 1053 postea
732 980 954 1044 docuit,
997 995 1208 1050 puram
1238 993 1368 1033 esse
1417 978 1548 1049 ejus
1601 990 1935 1048 sponsam:
1980 982 2034 1032 et
2062 976 2112 1031 it;

2254 981 2514 1051 έδίδαξεν,
2560 985 2640 1036 ὅτι
2668 983 2925 1059 καθαρῶς’
2976 990 3183 1057 μνηστή
3226 988 3367 1038 ἐστιν
3420 986 3602 1052 αὐτοῦ,
3634 991 3722 1038 καὶ
3748 990 3864 1040 τότε

492 1069 755 1138 tandem,
784 1068 945 1140 quod
972 1069 1055 1123 rei
1071 1073 1253 1139 caput
1282 1069 1409 1122 erat
1424 1065 1641 1130 intulit,
1661 1064 1949 1128 videlicet,
1976 1079 2115 1136 quat

2253 1074 2311 1123 τὸ
2342 1071 2613 1144 κεφάλαιον
2644 1072 2935 1145 ἐπήνεγκεν,
2967 1075 3046 1127 ὅτι
3074 1074 3128 1126 ἐκ
3162 1078 3459 1148 Πνεύματός
3505 1074 3645 1128 ἐστιν
3678 1075 3854 1147 ἁγίου,

490 1174 527 1216 a
552 1157 776 1230 Spiritu
802 1163 1012 1213 sancto
1042 1161 1215 1226 esset,
1246 1160 1309 1211 ut
1350 1155 1464 1211 hoc
1504 1155 1681 1210 modo
1720 1152 1951 1210 facilius
1998 1151 2113 1208 reci

1568 1155 1681 1210 odo
1720 1152 1951 1210 facilius
1998 1151 2144 1208 reci-
2252 1162 2338 1213 ἵνα
2367 1158 2750 1234 εὐπαράδεκτον
2790 1163 2925 1215 οὕτω
2955 1167 3188 1235 γένηται.

490 1248 549 1322 pi
576 1251 798 1320 posset.

559 1356 600 1425 -ι-
624 1353 792 1420 Quod
811 1352 886 1408 ab
918 1353 1114 1425 aliquo
1132 1368 1259 1408 esse
1277 1350 1513 1418 dicitur,
1534 1349 1626 1407 vel
1648 1354 1737 1407 est
1759 1348 1941 1406 modo
1970 1364 2143 1420 gene-

2324 1356 2439 1430 [T6
2483 1358 2595 1430 (28)
2627 1362 2680 1411 ἔκ
2706 1378 2859 1429 τινος,
2909 1362 2939 1417 ἤ
2980 1367 3293 1431 γεννητικῶς
3320 1362 3457 1413 κατὰ
3500 1364 3576 1413 τό·
3638 1359 3766 1432 Ἐγὼ
3797 1359 3855 1413 ἐκ

488 1443 747 1508 rationis,
781 1442 946 1513 juxta
981 1442 1156 1497 illud:
1193 1442 1320 1512 Ego
1360 1442 1534 1497 aDeo
1555 1440 1725 1495 eacz'vi
1756 1441 1801 1475 ¹³
1835 1441 1925 1495 vel
1960 1438 2111 1494 mod:

2252 1453 2344 1497 τοῦ
2381 1454 2513 1500 Θεοῦ
2545 1445 2773 1509 ἐξῆλθον·
2808 1452 2837 1506 ἧ
2876 1444 3293 1521 δημιουργικῶς,
3325 1452 3460 1502 κατά
3497 1454 3576 1502 τό·
3610 1450 3696 1512 Εἷς
3728 1453 3865 1512 Θεὸς

488 1532 823 1596 creationis,
859 1532 1025 1602 juxta
1055 1529 1239 1585 illud:
1270 1531 1423 1586 Unus
1450 1531 1603 1586 Deus
1660 1533 1712 1585 et
1742 1530 1942 1594 Pater,
1976 1542 2105 1598 aqu

2254 1535 2279 1585 6
2304 1540 2505 1610 Πατὴρ,
2546 1534 2597 1598 ἐξ
2620 1536 2679 1588 οὗ
2709 1540 2773 1589 τὰ
2802 1538 2991 1589 πάντα·
3027 1541 3057 1596 ἤ
3089 1547 3339 1609 φυσικῶς,
3370 1541 3435 1599 ὡς
3469 1540 3499 1597 ἡ
3552 1537 3779 1614 ἐνέργεια
3806 1539 3864 1591 ἐκ

489 1622 690 1679 omnia
722 1623 769 1657 ¹⁶
801 1637 815 1687 ;
850 1620 940 1676 vel
963 1619 1142 1676 modo
1168 1619 1445 1684 naturali,
1488 1619 1638 1673 sicut
1679 1616 1925 1673 effectus
1952 1623 2040 1672 est
2066 1616 2112 1671 al

2252 1631 2344 1675 τοῦ
2395 1626 2734 1698 ἐνεργοῦντος.
2780 1629 2849 1678 T6
2898 1630 3067 1678 τοίνυν
3100 1625 3147 1678 έν
3181 1635 3241 1699 τῇ
3301 1629 3545 1700 Παρθένῳ
3596 1629 3862 1699 γεννηθὲν,

489 1714 794 1783 operante.
830 1709 993 1774 Quod
1023 1707 1196 1779 igitur
1224 1706 1285 1762 in
1317 1707 1554 1778 Virgine
1584 1706 1851 1777 genitum
1890 1708 1992 1769 est,
2025 1721 2112 1760 n01

2252 1716 2366 1765 οὔτε
2420 1722 2731 1785 γεννητικῶς
2781 1713 2835 1765 ἐκ
2912 1722 3002 1767 τοῦ
3069 1714 3223 1785 ἁγίου
3275 1718 3593 1788 Πνεῦματος’
3660 1717 3741 1767 ὅτι
3801 1718 3864 1767 τὸ

490 1799 889 1870 generationis
911 1798 1094 1853 modo
1119 1814 1156 1854 a
1182 1796 1398 1870 Spiritu
1433 1803 1640 1853 sancto
1663 1802 1748 1851 est
1767 1811 1778 1851 :
1795 1794 1959 1868 quia,
1988 1810 2113 1866 quo:

2253 1803 2490 1871 γεννηθὲν
2524 1802 2675 1874 σάρξ·
2710 1806 2824 1855 οὔτε
2848 1811 3099 1875 φυσικῶς·
3122 1804 3202 1857 ὅτι
3222 1807 3280 1856 τὸ
3316 1811 3525 1877 Πνεῦμα
3556 1802 3858 1876 ἀσώματον.

488 1895 697 1945 natum
718 1891 829 1957 est,
862 1902 1001 1943 caro
1040 1892 1165 1944 est:
1202 1901 1398 1959 neque
1430 1885 1678 1943 naturali
1712 1886 1892 1940 modo
1920 1899 1936 1939 :
1971 1882 2111 1956 spiri

2255 1894 2567 1963 Λειπόμενον
2596 1888 2685 1943 οὖν
2715 1890 2875 1959 ἔστιν,
2909 1891 2962 1955 ἐξ
2992 1892 3151 1945 αὐτοῦ
3192 1889 3343 1963 εἶναι,
3375 1896 3445 1955 ὡς
3475 1889 3865 1967 δημιούργημα

484 1982 579 2035 tus
603 1978 764 2034 enim
792 1977 1183 2048 incorporeus
1212 1982 1318 2031 est.
1372 1976 1687 2048 Reliquum
1732 1973 2043 2043 estigitur,
2076 1977 2141 2028 ut
2253 1984 2343 2031 καὶ
2370 1984 2571 2052 κτίσμα
2592 1979 2801 2052 uarat]

487 2068 566 2124 ab
588 2083 659 2123 eo
680 2067 773 2134 sit,
813 2070 1100 2138 tanquam
1129 2072 1421 2130 creatura,
1450 2064 1539 2121 vel
1565 2063 1885 2136 plasmatio
1916 2062 2067 2133 ejus.

558 2157 725 2213 Vers.
762 2156 849 2209 21.
884 2154 1073 2210 Pariet
1104 2184 1168 2195 -
1197 2171 1232 2208 a
1279 2154 1535 2224 peccatis
1582 2168 1807 2209 eorum.
1861 2154 1945 2208 Tu
1985 2151 2142 2206 hunc

2323 2174 2530 2237 Τέξεται
2580 2205 2650 2216 -
2680 2175 2779 2229 ἀπὸ
2827 2184 2926 2229 τῶν
2989 2175 3254 2251 ἁμαρτιῶν
3304 2177 3487 2232 αὐτῶν.
3547 2182 3613 2231 Σὺ
3675 2185 3859 2231 τοῦτον

487 2244 730 2302 vocabis
747 2246 968 2310 Jesum,
992 2242 1171 2316 quasi
1202 2242 1329 2313 lege
1359 2247 1545 2315 pater.
1582 2242 1715 2307 Etsi,
1750 2242 1962 2314 inquit,
2004 2256 2110 2313 qua

2253 2263 2485 2327 καλέσεις
2529 2264 2757 2335 Ἰησοῦν,
2802 2268 2869 2329 ὡς
2920 2270 3059 2339 νόμῳ
3106 2270 3303 2340 πατὴρ,
3336 2267 3378 2318 εἰ
3424 2273 3513 2321 καὶ
3553 2271 3625 2340 μὴ
3678 2270 3856 2339 φύσει,

487 2335 674 2409 patris
712 2340 851 2389 sunt
881 2334 1035 2389 circa
1063 2333 1257 2406 ipsum
1290 2347 1409 2388 non
1452 2332 1810 2395 exercueris,
1861 2332 2107 2403 quamvi

2252 2357 2342 2407 καὶ
2384 2356 2450 2405 τὰ
2493 2354 2606 2425 ('29)
2657 2332 2853 2428 πατρὸς
2884 2332 3117 2428 ἐπιδείξῃ
3171 2332 3296 2429 περὶ⁷
3342 2355 3519 2427 αὐτὸν,
3553 2332 3612 2409 ἐἰ
3656 2332 3745 2409 κάξ
3781 2332 3855 2428 μη

487 2430 656 2482 tuum
682 2439 805 2480 non
817 2428 919 2489 est,
940 2423 1108 2494 quod
1131 2426 1343 2478 natum
1357 2427 1463 2488 est,
1496 2421 1753 2493 ideoque
1766 2435 1989 2477 nomen
2013 2421 2110 2492 ips

2256 2447 2344 2496 σόν
2391 2442 2505 2496 ἔστι
2564 2446 2810 2515 γέννημα.
2866 2445 2961 2496 Διὰ
2991 2451 3143 2496 τοῦτο
3191 2446 3292 2517 γὰρ
3324 2447 3383 2497 τὸ
3419 2448 3509 2517 μὲν
3561 2449 3724 2518 ὄνομα
3766 2444 3865 2497 αὐ-

482 2515 558 2571 de
576 2514 850 2586 supernis
883 2512 1046 2569 attuli
1081 2529 1094 2568 :
1129 2516 1191 2568 tu
1222 2517 1425 2568 tamen
1455 2511 1564 2584 ipsi
1590 2512 1884 2583 imponas.
1918 2511 2105 2567 Verun

2250 2536 2339 2594 τὸς
2382 2533 2572 2585 ἄνωθεν
2636 2530 2876 2605 ἐκόμισα,
2925 2536 2990 2585 σὺ
3049 2529 3108 2586 δὲ
3158 2540 3311 2586 τοῦτο
3364 2532 3629 2596 έπιθήσεις
3692 2534 3859 2604 αὐτῷ.

483 2604 628 2676 quia
649 2617 871 2659 nomen
899 2602 1086 2668 Jesus,
1111 2602 1487 2659 Satvatorem
1511 2600 1823 2671 signiﬁcat,
1852 2599 2106 2657 ostendit

2251 2622 2391 2675 Ἐπεὶ
2459 2618 2517 2675 δε
2568 2624 2624 2674 τὸ
2664 2622 2873 2684 Ἰησοῦς
2934 2625 3114 2694 ὄνομα,
3157 2630 3372 2698 Σωτῆρα
3430 2627 3694 2696 σημαίνει,
3749 2619 3863 2675 δεί-

486 2693 692 2749 merito
750 2692 831 2748 ita
886 2691 1219 2747 vocandum
1262 2706 1391 2747 esse
1448 2707 1465 2745 :
1514 2689 1649 2760 Ipse
1704 2690 1855 2746 enim
1908 2690 2109 2761 (inquit

2249 2731 2451 2779 κνυσιν,
2502 2711 2582 2762 ὅτι
2648 2706 2865 2772 δικαίως
2920 2710 3056 2763 οὕτω
3129 2711 3469 2771 κληθήσεται.
3540 2712 3706 2775 Αὐτὸς
3752 2714 3860 2785 γὰρ

484 2783 715 2840 salvum
739 2780 915 2851 faciet
936 2780 1215 2852 paputum
1239 2796 1429 2845 suum,
1458 2795 1581 2837 non
1607 2795 1644 2837 a
1679 2779 1850 2835 bellis
1896 2778 2107 2835 sensibi

2254 2806 2433 2865 σώσει,
2491 2803 2643 2872 φησὶ,
2705 2802 2791 2851 τὸν
2847 2799 2969 2852 λαὸν
3036 2799 3214 2871 αὐτοῦ,
3278 2801 3371 2853 οὐκ
3434 2799 3534 2853 ἀπὸ
3596 2800 3860 2872 πολεμίων

484 2872 663 2939 libus,
695 2871 819 2935 sed,
839 2870 1003 2942 quod
1021 2870 1196 2939 longe
1211 2869 1407 2940 majus
1433 2874 1541 2939 est,
1570 2885 1608 2927 a
1624 2870 1889 2940 peccatis
1903 2884 2105 2924 eorum

2250 2889 2536 2957 αἰσθητῶν,
2583 2886 2689 2939 ἀλλ’
2744 2890 2770 2940 ὅ
2822 2888 2990 2958 πολλῷ
3038 2889 3216 2961 μεῖζον
3267 2886 3350 2956 ἧν,
3394 2887 3494 2941 ἀπὸ
3529 2897 3629 2941 τῶν
3688 2887 3864 2961 ἀμαρ-

485 2959 652 3034 quod
682 2959 881 3014 nullus
911 2973 1180 3030 unquam
1208 2958 1339 3013 fecit
1358 2958 1672 3013 hominum
1707 2962 1805 3014 :ut
1829 2957 1969 3013 hinc
1991 2972 2108 3029 quo

2250 2986 2371 3030 τιῶν
2435 2976 2627 3046 αὐτῶν,
2681 2978 2803 3049 ὅπερ
2863 2973 3037 3038 οὐδεὶς
3110 2976 3391 3050 ἀνθρώπων
3444 2980 3568 3031 ποτε
3634 2980 3858 3034 πεποίη-

485 3065 604 3122 que
636 3046 1017 3104 manifestum
1048 3046 1225 3102 faciat
1265 3046 1452 3101 Deum
1493 3061 1641 3113 esse,
1692 3046 1791 3117 qui
1846 3047 2103 3118 gignitur

2248 3086 2351 3121 κεν.
2408 3066 2494 3128 Ὠς
2558 3062 2686 3117 εἶναι
2738 3068 3008 3119 κάντεῦθεν
3054 3072 3335 3139 γνώριμον,
3392 3068 3471 3119 ὅτι
3523 3070 3647 3126 Θεὸς
3712 3063 3860 3117 ἐστιν

486 3135 772 3205 Populum
804 3141 1000 3190 autem
1049 3149 1248 3203 suum,
1301 3134 1473 3205 juxta
1516 3135 1840 3206 proximum
1896 3134 2109 3206 quiden

2249 3157 2274 3207 6
2314 3159 2630 3227 τικτόμενος.
2692 3157 2830 3207 Λαὸν
2887 3151 2946 3206 δε
2999 3154 3159 3207 αὐτοῦ
3226 3174 3379 3227 φησι,
3443 3157 3576 3209 κατὰ
3620 3157 3710 3227 μὲν
3758 3158 3860 3213 τὴν

483 3222 867 3288 intellectum,
890 3228 1067 3279 vocat
1102 3223 1363 3288 Iudaeos,
1414 3239 1485 3279 ex
1528 3224 1750 3295 quibus
1782 3230 1958 3280 natus
1988 3227 2106 3279 erat

2247 3249 2531 3317 πρόχειρον
2593 3251 2805 3314 γνῶσιν,
2862 3247 2983 3306 τοὺς
3039 3240 3346 3310 Ἰὁυδαίους,
3405 3243 3458 3307 ἐξ
3506 3244 3573 3296 ὧν
3640 3241 3862 3295 ἀνεϐλά-

479 3312 642 3384 juxta
666 3327 954 3369 arcanum
989 3328 1143 3377 vero,
1198 3328 1429 3376 omnes,
1460 3313 1563 3385 qui
1604 3313 1664 3368 in
1695 3313 1900 3385 ipsum
1935 3312 2102 3369 crede

2250 3351 2433 3389 στησε·
2490 3333 2625 3383 κατὰ
2682 3328 2741 3384 δέ
2786 3336 2879 3391 τὴν
2930 3331 3244 3408 βαθυτέραν,
3292 3334 3491 3395 πάντας
3542 3336 3660 3394 τοὺς
3714 3330 3857 3402 αὐτῷ

482 3403 631 3470 rent,
662 3404 719 3454 et
742 3398 860 3454 sibi
898 3398 1043 3470 ipsis
1086 3412 1289 3468 regem
1319 3398 1481 3455 hunc
1512 3398 1890 3455 ascriberent.

2245 3424 2639 3489 πιστεύσοντας,
2695 3426 2782 3474 καὶ
2834 3420 3060 3495 βασιλέα
3129 3430 3311 3475 τοῦτον
3376 3422 3573 3483 ἑαυτοῖς
3636 3420 3856 3495 ἐπιγρα·

2245 3510 2522 3583 ψομένους.

555 3588 715 3646 Vers.
745 3591 839 3645 22.
897 3588 1010 3644 Hoc
1042 3594 1233 3644 autem
1263 3616 1333 3632 —
1374 3587 1754 3659 prophetam.
1806 3586 1991 3645 Etiam
2020 3586 2132 3647 hoc

2315 3608 2478 3654 Τοῦτο
2512 3595 2925 3673 δὶ-προφήτου.
2978 3599 3034 3653 0⁸
3088 3601 3305 3674 ἅγγελος
3348 3604 3439 3653 καὶ
3472 3606 3628 3653 τοῦτο
3683 3617 3845 3673 φησι.

485 3676 685 3763 subdit
708 3677 981 3763 angelus.
1010 3676 1132 3733 Hoc
1165 3680 1367 3733 autem
1420 3682 1613 3734 totum
1645 3694 1658 3733 :
1692 3677 1829 3743 tale,
1862 3677 2106 3750 inquam

2244 3694 2405 3741 Τοῦτο
2435 3684 2495 3741 δε
2520 3688 2655 3755 ὅλον,
2686 3692 2744 3741 τὸ
2775 3689 3100 3755 τηλικοῦτον,
3133 3694 3267 3763 φημὶ
3308 3687 3376 3749 δὴ
3404 3694 3464 3743 τὸ
3493 3688 3854 3762 ἐγκυμονῆσαι

483 3762 783 3852 Virginem
840 3762 1060 3819 scilicet
1108 3778 1145 3819 a
1191 3762 1411 3834 Spiritu
1458 3767 1667 3819 sancto
1718 3762 2106 3835 imprmgnari

2244 3781 2337 3836 τὴν
2389 3779 2645 3852 Παρθένον
2710 3777 2765 3830 έκ
2834 3781 3129 3852 Πνεῦματος
3193 3778 3371 3850 ἁγίου.
3432 3776 3559 3832 Εἶτα
3620 3779 3852 3851 παράγει

482 3847 705 3942 Deinde
736 3848 976 3903 adducit
1001 3848 1422 3942 testimonium,
1476 3865 1581 3920 per
1628 3848 1973 3920 prophetam
2003 3850 2105 3922 qui

2242 3847 2556 3942 μαρτυρίαν,
2624 3863 2719 3919 διὰ
2780 3874 2870 3920 τοῦ
2926 3847 3344 3941 προφήτου
3399 3868 3618 3921 Ἠσαίου
3668 3847 3850 3940 ῥηθεῖ-

481 3932 620 3989 dem
651 3934 865 3989 Isaiam
898 3933 1213 4005 prolatum,
1248 3949 1368 3991 non
1415 3942 1618 3991 tamen
1656 3935 1828 4006 quasi
1875 3936 2005 4006 ejus
2036 3936 2104 3992 sit

2246 3976 2361 4023 σαν,
2430 3957 2525 4007 οὐκ
2585 3955 2743 4009 αὐτοῦ
2799 3952 2858 4008 δὲ
2915 3953 3097 4024 οὖσαν,
3163 3956 3291 4009 ἀλλὰ
3346 3964 3439 4010 τοῦ
3504 3963 3639 4011 Θεοῦ

482 4022 588 4079 sed
620 4022 719 4078 Dei
754 4042 766 4081 :
796 4024 1034 4081 Dictum
1063 4023 1224 4080 enim
1250 4029 1360 4095 est,
1408 4024 1620 4096 inquit,
1653 4040 1690 4081 a
1747 4026 2000 4082 Domino
2028 4042 2105 4098 pe:

2242 4049 2312 4098 T6
2368 4046 2522 4120 ῥηθὲν
2578 4047 2703 4119 γὰρ,
2772 4049 2950 4118 φησὶν,
3006 4022 3106 4099 ὑπό
3188 4053 3281 4099 τοῦ
3333 4049 3528 4121 Κυρίου
3616 4022 3853 4098 διὰ-τοῦ

475 4112 857 4182 prophetam.

2243 4138 2512 4207 προφήτου
2526 4176 2539 4191 ,

551 4215 715 4270 Vers.
758 4219 846 4270 22.
898 4214 1187 4272 Dicentem
1220 4245 1289 4257 —
1318 4218 1430 4273 erit
1462 4216 1721 4287 gravida.
1782 4220 1900 4273 Hoc
1943 4217 2133 4274 Judaei

2315 4227 2566 4294 Λέγοντος
2628 4252 2699 4264 -
2750 4223 2800 4275 έν
2859 4227 3057 4298 γαστρὶ
3097 4223 3221 4286 ἔξει,
3305 4224 3559 4277 Ἐνταῦθα
3628 4240 3858 4298 κακουρ-

480 4304 826 4375 depravant,
869 4305 1165 4376 quosdam
1209 4306 1575 4378 proferentes
1623 4306 1991 4378 interpretes,
2027 4323 2103 4379 qu

2243 4319 2429 4384 γοῦσιν
2499 4307 2769 4381 Ἰουδαῖοι,
2831 4311 3238 4387 προϐαλλόμενοί
3317 4332 3457 4374 τινας
3511 4314 3854 4385 έρμηνευτὰς,

481 4393 848 4465 scripserunt
873 4410 883 4449 :
912 4394 1056 4451 Ecce
1074 4395 1543 4452 adolescentuta.
1561 4396 1785 4460 Quibus
1812 4398 2104 4468 responde

2243 4400 2569 4473 γράψαντας⁹
2622 4396 2764 4453 Ἰδοὺ
2823 4403 2851 4459 ἡ
2916 4408 3104 4463 νεᾶνις.
3178 4405 3311 4476 Πρὸς
3376 4402 3467 4464 οὖς
3528 4420 3713 4474 φαμεν,
3769 4402 3860 4454 ὅτι

481 4498 636 4548 mus,
668 4482 896 4537 cunctis
919 4483 1031 4538 illis
1070 4483 1500 4555 interpretibus,
1520 4484 1704 4540 multo
1738 4483 1856 4540 ﬁde
1887 4486 2098 4558 digniu

2245 4489 2435 4563 μᾶλλον
2483 4498 2583 4541 τῶν
2639 4488 2803 4541 ἄλλων
2858 4490 3096 4543 ἁπάντων
3146 4489 3468 4563 έρμηνευτῶν
3526 4493 3582 4542 τὸ
3635 4490 3856 4553 ἀξιοπι-

481 4586 609 4626 esse
637 4570 720 4642 id,
747 4573 909 4643 quod
929 4572 1155 4631 habent
1179 4572 1587 4644 Septuaginta,
1613 4589 1735 4629 non
1758 4574 1952 4631 solum
1994 4592 2104 4647 pro

2246 4583 2482 4651 στότερον
2527 4581 2576 4631 οἱ
2635 4575 3029 4651 Ἐϐδομὴκοντα
3064 4582 3303 4652 ἔχουσιν,
3357 4580 3416 4632 οὐ
3469 4583 3621 4651 μόνον
3668 4574 3854 4631 διὰτὸ

479 4665 611 4734 pter
695 4674 905 4716 eorum
990 4660 1425 4717 multitudinem
1496 4668 1552 4717 et
1625 4663 2102 4722 conformitatem

2242 4667 2439 4730 πλῆθος
2464 4673 2550 4720 καὶ
2594 4672 2688 4727 τὴν
2724 4674 3047 4741 συμφωνίαν,
3100 4668 3229 4720 ἀλλὰ
3284 4673 3374 4721 καὶ
3422 4664 3517 4721 διὰ
3576 4671 3663 4720 τὸν
3703 4672 3854 4739 χρό-

478 4762 691 4808 rerum
716 4747 896 4803 etiam
932 4749 1219 4821 temporis
1264 4749 1519 4807 ratione.
1558 4751 1625 4805 Hi
1652 4752 1942 4823 siquidem
1993 4760 2101 4810 ant

2240 4778 2342 4812 νον.
2397 4758 2556 4810 Οὗτοι
2626 4760 2716 4829 μὶν
2794 4760 2892 4832 γὰρ
2950 4761 3050 4833 πρὸ
3105 4757 3286 4810 ἑκατὸν
3369 4761 3399 4815 ἦ
3447 4763 3537 4809 καὶ
3603 4757 3856 4809 πλειόνων

479 4842 721 4893 centum
745 4841 802 4892 ct
831 4852 901 4894 eo
928 4837 1127 4909 plures
1148 4854 1338 4895 annos
1366 4845 1502 4895 ante
1556 4841 1764 4897 Christi
1810 4843 2102 4899 adventun

2242 4844 2364 4900 έτῶν
2434 4856 2528 4909 τῆς
2596 4854 2687 4899 τοῦ
2760 4854 2993 4917 Χριστοῦ
3058 4852 3351 4917 παρουσίας
3443 4846 3855 4919 ἐρμηνεύσαντες

480 4926 841 4999 interpretati
864 4930 1002 4983 sunt
1025 4943 1041 4981 :
1067 4927 1321 4999 ideoque
1347 4929 1506 4984 omni
1534 4934 1739 4985 carent
1769 4932 2103 5004 suspicione

2240 4937 2416 4997 πάσης
2449 4936 2577 4988 εἰσὶν
2602 4935 2829 5007 ὑποψίας
2875 4933 3280 5008 ἀπηλλαγμένοι·
3339 4937 3388 4987 οἱ
3437 4931 3496 4987 δε
3547 4934 3856 5009 γράψαντες

483 5017 591 5082 Qui
635 5020 834 5072 autem
867 5017 1269 5089 scripserunt:
1300 5018 1451 5075 Ecce
1498 5020 1948 5087 adolescentuta,
1989 5038 2102 5094 pos

2241 5029 2319 5095 τὸ,
2374 5021 2515 5078 Ἰδοὺ
2591 5028 2619 5083 ἡ
2689 5031 2871 5092 νεᾶνις,
2928 5027 3058 5096 μετὰ
3122 5029 3218 5082 τὴν
3296 5024 3686 5098 ένανθρὼπησιν
3751 5031 3854 5077 τοῦ

482 5106 691 5163 Christi
718 5107 1189 5163 incarnationem
1234 5109 1594 5180 interpretati
1626 5117 1781 5176 sunt,
1822 5110 1957 5167 odio
2006 5130 2105 5170 ma

2238 5120 2475 5187 Χριστοῦ
2580 5114 3006 5189 ἑρμηνεύσαντες,
3107 5112 3364 5187 ἀπεχθείᾳ
3458 5112 3668 5187 μᾶλλον,
3776 5114 3856 5178 ὡς

555 5240 775 5299 "Joan.
825 5240 1054 5309 vui,42.
1134 5240 1383 5300 u‘ICor.
1418 5259 1538 5311 vui,
1573 5247 1625 5301 6.

1682 5368 1907 5441 Varia:
1935 5370 2266 5445 lectiones
2299 5381 2365 5443 et
2392 5381 2599 5445 notae.

558 5514 669 5665 £28)
700 5515 931 5604 Inclusa
969 5519 1114 5603 Cod:
1140 5520 1205 5577 Α.
1236 5519 1408 5578 habet
1430 5522 1486 5576 in
1522 5538 1712 5592 marg.
2316 5526 2431 5601 (30)
2462 5532 2565 5580 Τοῦ
2602 5522 2821 5583 omittit
2846 5524 2907 5583 Β.

580 5590 671 5663 29)
709 5594 1143 5665 Toumterponit
1172 5592 1376 5665 Chrys.
1412 5599 1449 5651 t.
1482 5595 1598 5665 VII,
1635 5611 1694 5665 p.
1735 5594 1827 5651 58.
1887 5597 1953 5653 A.

482 5658 487 5663 _
558 5590 671 5665 (29)
709 5595 810 5643 Τοῦ
827 5590 1143 5665 interponit
1172 5592 1376 5667 Chrys.
1412 5599 1449 5651 t.
1482 5595 1598 5667 VII,
1635 5590 1694 5667 p‘.
1735 5594 1827 5651 58.
1887 5597 1953 5653 A.
