4110 6390
511 308 614 372 135

512 449 768 497 tuorum.
796 442 838 476 ²¹
864 440 1187 511 Atquipost
1216 438 1600 495 inimicorum
1631 439 2083 511 subjectionem,
2126 453 2163 493 a
2194 436 2242 493 A

511 529 733 587 dextris
758 530 887 600 ejus
924 529 1120 594 sedet;
1154 528 1536 601 plurimaque
1575 529 1791 585 similia
1824 527 2163 600 frequenter

510 624 841 693 ponuntur.
881 617 1347 687 Primogenitum
1390 634 1631 691 quoque
1663 634 1823 674 nunc
1857 618 2013 682 dicit,
2040 632 2162 672 non

511 726 646 766 eum
682 710 778 780 qui
808 707 958 763 inter
982 707 1195 763 fratres
1236 707 1466 780 primus
1512 708 1704 775 fuerit,
1760 707 1864 763 sed
1912 706 2157 778 primum

513 802 568 854 et
593 798 809 854 solum.
852 801 1004 852 Inter
1042 796 1211 852 varia
1241 812 1503 868 namque
1534 796 1910 868 primogeniti
1942 794 2158 865 signiﬁ-

511 894 661 953 cata,
691 886 806 943 tale
836 886 1014 941 etiam
1045 885 1357 958 quidpiam
1388 887 1741 941 continetur.
1788 886 2015 941 Etenim
2041 885 2161 956 pri-

512 993 682 1033 mum
720 991 959 1048 quoque
999 990 1132 1030 esse
1177 991 1337 1039 eum,
1388 976 1492 1046 qui
1543 975 1707 1031 solus
1746 979 1854 1041 est,
1912 978 2163 1030 testatur

516 1066 839 1137 Scriptura,
882 1080 1016 1119 cum
1044 1064 1186 1119 dicit
1215 1080 1226 1118 2
1256 1065 1374 1135 Ego
1422 1065 1578 1121 Deus
1635 1064 1878 1135 primus,
1947 1069 2001 1119 et
2030 1068 2162 1133 post

514 1166 606 1209 me
629 1164 749 1207 non
774 1156 859 1207 est
890 1150 1044 1206 alter
1068 1152 1134 1205 ²².

585 1351 627 1419 1-
652 1347 827 1421 Apud
854 1362 1087 1403 sacram
1121 1345 1485 1418 Scripturam
1552 1350 1807 1417 quatuor
1858 1348 2165 1417 ponuntur

514 1437 850 1509 signiﬁcata
874 1435 1051 1508 hujus
1077 1434 1362 1500 nominis,
1412 1433 1869 1507 primogenitus.
1924 1437 2167 1491 Denotat

515 1541 780 1599 namque
809 1526 1071 1597 primum
1096 1525 1246 1581 inter
1270 1525 1480 1581 fratres
1510 1524 1798 1594 genitum.
1829 1523 1925 1579 Sic
1959 1524 2165 1579 Ruben

516 1615 726 1671 dicitur
739 1614 1169 1685 primogenitus
1183 1615 1245 1669 in
1257 1613 1393 1684 ﬁliis
1404 1614 1583 1669 Ja'cob
1602 1614 1670 1667 ³³.
1709 1612 2007 1683 Signiﬁcat
2019 1628 2165 1684 quo-

517 1720 636 1775 que
662 1705 924 1776 primum
956 1708 1011 1758 et
1041 1702 1237 1758 solum
1269 1702 1555 1772 genitum,
1607 1702 1759 1757 sicut
1786 1701 1847 1757 in
1891 1702 2164 1774 praesenti

514 1767 776 1851 lbcoiAd
798 1794 926 1849 haec
942 1793 1117 1848 etiam
1131 1767 1692 1863 dendtategregium
1712 1799 1766 1848 et
1784 1767 2162 1848 bon-oratum.
2196 1767 2243 1823 Β

516 1884 608 1939 Sic
648 1882 885 1952 dicitur,
926 1882 1189 1939 Ecclesia
1226 1882 1748 1953 primogem'torum
1792 1883 1855 1937 in
1887 1881 2033 1937 cretis
2070 1881 2166 1937 de-

514 1976 875 2044 scriptorum
894 1975 939 2008 2"
953 1974 1170 2028 Praeter
1186 1973 1311 2028 huic
1333 1977 1534 2029 autem
1549 1973 1772 2041 omnia,
1798 1971 2095 2041 signiﬁcat
2115 1976 2169 2028 et

515 2078 655 2119 eum
688 2064 789 2136 qui
823 2062 1169 2134 simpliciter
1186 2063 1508 2133 praecessit,
1534 2062 1699 2131 juxta
1719 2061 1902 2117 illud:
1944 2062 2166 2117 Primo-

513 2154 749 2222 genitus
771 2151 954 2206 omnis
994 2158 1285 2207 creaturae
1315 2152 1360 2187 ’⁵
1406 2151 1520 2207 boc
1577 2152 1690 2217 est,
1731 2155 1868 2207 ante
1924 2165 2166 2206 omnem

516 2244 852 2297 creaturam
882 2239 1113 2295 habens
1143 2255 1293 2295 esse.

588 2332 746 2385 Vers.
763 2328 849 2384 25.
870 2330 947 2384 Et
960 2329 1182 2385 vocavit
1198 2344 1421 2385 nomem
1436 2331 1557 2399 ejus
1569 2329 1788 2385 Iesum.
1810 2327 2060 2385 Vocavit
2074 2329 2166 2385 Jo-

516 2417 684 2491 seph,
716 2418 1237 2490 quemadmodum
1278 2417 1526 2474 edoctus
1565 2422 1693 2475 erat
1715 2417 1794 2475 ab
1826 2418 2061 2489 angelo.

1055 2560 1210 2619 CAP.
1245 2563 1288 2617 l.
1306 2563 1387 2617 De
1406 2561 1624 2632 Magis.

594 2704 737 2777 Cap.
773 2708 838 2769 Il,
869 2705 1032 2770 Vers,
1054 2706 1105 2759 1.
1127 2705 1267 2760 Cum
1288 2711 1479 2761 autem
1497 2707 1729 2775 genitus
1750 2712 1896 2763 esset
1917 2707 2080 2763 Jesus
2104 2739 2170 2748 ——

518 2796 953 2865 Hierosolyma.
989 2796 1181 2859 Quare
1209 2799 1263 2848 et
1291 2793 1491 2849 locum
1523 2795 1678 2861 dicit,
1727 2800 1782 2851 et
1812 2800 2068 2866 tempus,
2104 2813 2172 2852 ac

520 2884 765 2939 Herodis
791 2882 1140 2951 dignitatem
1172 2882 1199 2936 ?
1233 2883 1451 2937 Locum
1492 2883 1757 2954 quidem,
1793 2888 1855 2938 ut
1893 2884 2174 2941 ostendat

522 2972 882 3043 completam
926 2987 1054 3026 esse
1096 2971 1346 3026 Michaeae
1403 2973 1794 3044 prophetiam,
1863 2974 1965 3045 qui
1999 2974 2169 3030 dixit:

520 3062 595 3116 Et
624 3066 708 3129 tu,
726 3060 1028 3123 Bethleem,
1063 3066 1225 3116 terra
1253 3060 1426 3125 Juda,
1468 3077 1835 3133 nequaquam
1854 3064 2097 3119 minima
2118 3078 2173 3120 es

519 3152 678 3205 inter
695 3150 995 3220 principes
1015 3150 1209 3218 Juda;
1241 3165 1312 3205 ea:
1333 3156 1384 3204 te
1400 3151 1549 3205 enim
1578 3152 1761 3207 exibit
1789 3153 1913 3208 dux
1944 3154 2048 3223 qui
2086 3170 2173 3209 re-

518 3245 615 3308 gat
635 3237 915 3307 populum
933 3252 1125 3293 meum
1150 3238 1338 3294 Israel
1358 3240 1431 3295 ²⁶.
1458 3242 1718 3310 Tempus
1740 3255 1900 3310 vero,
1928 3247 1987 3297 ut
2015 3242 2173 3296 simi-

521 3328 649 3383 liter
660 3327 1234 3398 doceret,impletam
1248 3342 1379 3383 esse
1392 3329 1768 3399 prophetiam
1782 3329 2176 3387 Jacobdicen-

521 3417 594 3471 tis
609 3433 622 3470 :
640 3417 771 3471 Non
784 3416 1002 3486 deﬁciet
1015 3416 1421 3485 principatum
1449 3422 1646 3471 tenens
1660 3419 1732 3472 de
1744 3417 1783 3470 J
1786 3418 1919 3482 uda,
1936 3434 2039 3474 nec
2056 3420 2175 3475 dua:

520 3506 594 3560 de
628 3505 952 3573 femoribus
983 3507 1129 3573 ejus,
1162 3504 1348 3561 donec
1376 3506 1637 3572 veniant,
1671 3521 1801 3577 qua
1842 3509 1894 3562 ei
1928 3509 2175 3578 reposita

519 3594 737 3651 sunt”.
772 3593 1031 3648 Instante
1050 3608 1268 3664 nempe
1295 3595 1622 3650 nativitatis
1648 3596 1855 3651 Christi
1885 3601 2172 3669 tempore,

522 3681 735 3737 defecit
757 3680 1159 3753 principatum
1178 3688 1385 3738 tenens
1398 3683 1472 3740 de
1492 3685 1657 3745 Juda,
1677 3701 1747 3742 ac
1767 3686 2051 3759 deinceps
2073 3687 2177 3743 do-

523 3770 740 3825 minari
754 3770 930 3840 ccepit
947 3769 1203 3825 Herodes
1226 3771 1521 3828 Idumaeus
1544 3773 1895 3843 alienigena.
1919 3775 2176 3845 Dignita-

524 3864 641 3914 tem
674 3874 915 3930 quoque
968 3860 1169 3931 posuit
1214 3861 1473 3916 Herodis.
1526 3863 1650 3918 Fuit
1701 3863 1858 3918 enim
1918 3869 1975 3920 et
2030 3864 2177 3921 alter

526 3948 789 4003 Herodes
820 3950 1128 4013 tetrarcha,
1157 3952 1255 4021 qui
1287 3951 1719 4008 Praecursorem
1739 3954 2058 4011 interemit.

2212 3122 2251 3179 C

604 4159 669 4213 Hi
703 4162 901 4214 autem
933 4156 1084 4226 Magi
1136 4161 1307 4213 erant
1361 4158 1574 4213 Persae.
1626 4157 1937 4229 Siquidem
1980 4158 2172 4215 Persze

524 4253 786 4308 maxime
814 4248 965 4302 inter
985 4262 1196 4301 omnes
1230 4248 1501 4303 nationes
1534 4247 1771 4318 magica
1798 4249 2172 4305 exercebant.

522 4341 845 4397 Considera
858 4337 1055 4401 etiam,
1072 4353 1103 4406 q
1120 4335 1381 4391 uomodo
1398 4336 1593 4392 statim
1611 4354 1646 4392 a
1661 4338 1952 4410 principio
1993 4339 2178 4410 genti-

524 4431 642 4487 bus
657 4429 715 4484 in
731 4426 1142 4483 confusionem
1161 4425 1500 4481 Judzeorum
1512 4470 1524 4493 ,
1540 4426 1793 4497 ﬁdeijan
1804 4444 1873 4482 ua
1888 4428 2174 4500 aperitur.

525 4519 670 4573 Cum
697 4516 855 4572 enim
885 4513 946 4569 hi
977 4514 1298 4585 prophetas
1330 4513 1638 4580 habentes,
1663 4515 1763 4588 qui
1793 4514 2000 4571 Christi
2032 4533 2179 4588 prae-

523 4606 795 4663 dixerant
824 4604 1166 4665 adventum,
1208 4617 1425 4673 parum
1457 4603 1827 4660 adverterent
1884 4606 2171 4671 animum,

522 4695 659 4752 ideo
701 4690 1065 4764 dispositum
1117 4695 1221 4757 est,
1258 4696 1320 4745 ut
1370 4694 1639 4747 venirent
1690 4695 1948 4759 Barbari,
1996 4694 2178 4767 hique

523 4780 1427 4854 Magi,etelonginquaregione,
1461 4788 1521 4836 ut
1554 4800 1653 4837 eos
1703 4784 2179 4858 docerent,quod

524 4891 559 4931 a
584 4872 844 4947 prOpriis
893 4870 1199 4942 prophetis
1238 4870 1463 4925 discere
1518 4887 1636 4926 non
1684 4874 1994 4940 curabant,
2024 4882 2083 4931 ut
2116 4893 2178 4931 se

523 4969 732 5038 postea
780 4959 1128 5017 contendere
1190 4958 1485 5014 voluerint
1539 4978 1657 5017 non
1695 4963 1959 5020 habeant
2014 4966 2179 5039 quod

525 5053 951 5127 respondeant.
989 5048 1141 5117 Quid
1166 5050 1321 5104 enim
1364 5050 1556 5105 dicere
1593 5056 1891 5125 poterunt,
1936 5055 2180 5128 quando

2210 4478 2254 4533 D

600 5257 642 5292 ²¹
675 5257 826 5311 Psal.
856 5272 967 5320 cxx,
1004 5255 1056 5312 1.
1132 5257 1178 5327 2³
1216 5259 1325 5313 lsa.
1357 5272 1510 5327 xuv,
1546 5261 1601 5314 6.

1684 5263 1726 5295 ³³
1751 5260 1892 5316 Gen.
1926 5277 2093 5317 xxxv.
2122 5263 2211 5328 23,

530 5326 583 5381 2.
652 5328 697 5363 ³⁷
730 5326 871 5384 Gen.
904 5343 1062 5395 χιιι,
1089 5326 1174 5384 10.

1855 300 2191 365 EUTHYMII
2231 302 2535 367 ZIGABEN
2541 303 2562 365 Ι

3773 297 3877 361 {36

2273 436 2393 499 ξιῶν
2444 457 2566 510 μου,
2618 436 2706 498 ἕως
2754 434 2813 487 ἃν
2874 436 2945 487 θῶ
2995 435 3116 496 τοὺς
3163 431 3393 505 ἐχθρούς
3440 450 3536 485 σου
3588 428 3878 485 ὑποπόδιον

2271 536 2370 580 τῶν
2424 524 2601 580 ποδῶν
2658 546 2774 579 σου.
2835 529 3038 590 Καίτοι,
3111 529 3199 575 καὶ
3253 525 3385 596 μετὰ
3455 526 3548 581 τὴν
3609 524 3879 593 ὑποταγὴν

2271 625 2371 668 τῶν
2420 615 2644 690 ἐχθρῶν,
2705 618 2895 686 ὁμοίως
2970 613 3024 665 ἐκ
3079 609 3260 675 δεξιῶν
3332 612 3495 664 αὐτοῦ
3556 607 3877 665 καθεδεῖται.

2276 706 2374 758 Καὶ
2423 705 2585 757 πολλὰ
2631 712 2849 756 τοιαῦτα
2918 702 3187 773 πολλαχοῦ
3243 705 3469 773 κείμενα.
3540 705 3879 773 Πρωτότοκον

2274 791 2352 863 δὲ,
2384 793 2518 865 λέγει
2569 800 2677 865 νῦν,
2723 793 2782 845 ού
2812 795 2900 845 τόν
2947 800 3147 865 πρῶτον
3206 791 3256 843 ἐν
3310 787 3568 862 ἀδελφοῖς,
3624 788 3750 841 ἀλλὰ
3790 793 3878 841 τὸν

2271 888 2359 935 καὶ
2399 892 2619 955 πρῶτον,
2670 886 2761 934 καὶ
2813 886 2984 953 μόνον.
3044 878 3197 935 Ἔστι
3249 881 3349 954 γάρ
3406 898 3458 931 τι
3501 883 3590 931 καὶ
3645 885 3879 931 τοιοῦτον

3622 971 3722 1020 Καὶ
3773 970 3878 1041 γὰρ

2274 1062 2389 1133 (32)
2438 1065 2640 1135 πρῶτόν
2688 1059 2853 1128 ἔστιν,
2912 1061 2995 1111 ὅτε
3050 1062 3135 1111 τὸν
3184 1062 3336 1130 μόνον
3382 1058 3412 1115 ἠ
3449 1060 3626 1129 Γραφὴ
3677 1056 3824 1108 καλεῖ
3864 1072 3876 1087 ·

2272 1152 2337 1210 ὡς
2383 1154 2441 1202 τό
2480 1167 2492 1178 ·
2526 1152 2659 1221 Ἐγώ
2708 1148 2812 1221 εἰμι
2881 1150 3009 1208 Θεὸς
3066 1155 3288 1223 πρῶτος,
3339 1150 3430 1199 xui
3485 1145 3595 1218 μετ’
3651 1143 3739 1217 ius
3785 1144 3883 1197 οὐκ

2271 1241 2407 1293 ἔστιν
2437 1241 2619 1311 ἔτερος.

2272 969 2407 1033 εἶδος
2453 972 2503 1024 ἐν
2551 978 2665 1033 ταῖς
2712 975 3000 1043 σημασίαις
3047 976 3138 1021 τοῦ
3193 972 3547 1042 πρωτοτόκου.

2343 1364 2611 1439 [Τέσσαρα
2638 1359 2697 1415 δέ
2724 1362 2834 1433 (33)
2864 1361 3008 1436 παρᾶ
3035 1368 3095 1434 τῇ
3146 1362 3257 1432 θείᾳ
3287 1366 3462 1433 Γραφῇ
3506 1365 3595 1411 τοῦ
3622 1361 3887 1431 πρωτοτό-

2273 1473 2368 1507 κου
2399 1456 2463 1505 τὰ
2496 1457 2870 1525 σημαινόμενα.
2914 1451 3069 1509 Δηλοῖ
3110 1454 3212 1525 γὰρ
3261 1453 3348 1501 τὸν
3392 1457 3594 1522 πρῶτον
3626 1449 3886 1520 τεχθέντα

2276 1543 2323 1595 ἐν
2374 1540 2633 1614 ἀδελφοῖς,
2694 1544 2763 1603 ως
2819 1542 2843 1592 ό
2887 1540 3125 1612 Ῥουϐεὶμ
3185 1539 3385 1611 λέγεται
3456 1541 3777 1612 πρωτότοκος
3832 1536 3885 1588 ἐν

2275 1635 2405 1692 υἱοῖς
2466 1629 2667 1684 Ἰακώϐ.
2730 1630 2846 1684 ’Ἐτι
2905 1627 2963 1683 δὲ
3018 1634 3105 1681 καὶ
3159 1631 3244 1680 τὸν
3314 1635 3515 1701 πρῶτον
3573 1632 3662 1679 καὶ
3725 1631 3887 1698 μόνον

2276 1723 2548 1793 τεχθέντα,
2604 1722 2668 1781 ὡς
2719 1723 2803 1772 επὶ
2860 1726 2950 1771 τοῦ
2998 1721 3335 1791 προκειμένου
3391 1717 3575 1791 ῥητοῦ.
3634 1718 3766 1789 Πρὸς
3823 1710 3886 1767 δὲ

3781 1808 3890 1856 Καὶ

2279 1901 2563 1958 Ἐκκλησία
2639 1904 2976 1973 πρωτοτόκων
3063 1896 3533 1969 ἀπογεγραμμένων
3610 1893 3656 1945 ἐν
3724 1893 3889 1965 ούρα-

2275 1814 2499 1879 τούτοις,
2554 1814 2643 1861 καὶ
2692 1812 2778 1861 τόν
2824 1808 3079 1882 ἐξαίρετον
3128 1811 3215 1858 καὶ
3255 1811 3424 1878 τίμιον
3470 1847 3481 1860 .
3517 1807 3586 1859 ὡς
3629 1808 3687 1856 τό
3725 1822 3737 1835 ⁸

2275 1998 2398 2050 νοῖς.
2441 1991 2554 2042 Ἐπί
2584 1995 2717 2041 πᾶσι
2765 1985 2843 2055 δὲ,
2894 1991 2983 2038 καὶ
3022 1990 3108 2038 τόν
3154 1985 3323 2045 ἁπλῶς
3372 1988 3618 2059 προόντα,
3673 1986 3740 2045 ὡς
3770 1988 3830 2035 τό
3872 2004 3885 2016 ·

2279 2082 2610 2155 Πρωτότοκος
2678 2079 2853 2139 πάσης
2919 2081 3156 2141 κτίσεως,
3236 2078 3491 2143 τουτέστι,
3546 2077 3644 2147 πρὸ
3704 2074 3892 2134 πάσης

2277 2172 2498 2230 κτίσεως
2530 2168 2640 2238 dim]

2352 2352 2452 2401 Kui
2503 2346 2711 2399 ἐκάλεσε
2784 2349 2840 2398 τὸ
2917 2348 3077 2418 ὄνομα
3152 2342 3310 2394 αὐτοῦ
3377 2341 3602 2401 Ἰησοῦν.
3665 2339 3887 2393 Ἐκάλεο

2282 2457 2365 2490 σεν
2410 2437 2537 2489 αὑτὸ
2569 2438 2593 2488 ὁ
2626 2435 2842 2507 Ἰωσὴφ,
2888 2436 2951 2494 ὡς
2994 2428 3263 2504 ἐδιδάχθη
3322 2433 3466 2506 παρὰ
3515 2437 3607 2482 τοῦ
3639 2429 3887 2502 ἁγγελου.

2672 2583 2819 2632 ΚΕΦ.
2860 2575 2933 2631 Δ’.
2968 2580 3094 2648 Περὶ
3131 2582 3230 2627 τῶν
3267 2579 3480 2645 Μάγων.

2354 2722 2423 2780 Β’.
2476 2728 2577 2774 Τοῦ
2637 2717 2696 2773 δὲ
2766 2720 2942 2776 Ἰησοῦ
3014 2718 3338 2789 γεννηθέντος
3405 2745 3476 2756 —-
3530 2713 3890 2788 Ἰεροσόλυμαο

2281 2818 2424 2872 Τίνος
2478 2812 2655 2876 ἕνεκεν,
2698 2812 2785 2859 καὶ
2840 2812 2925 2859 τὸν
2983 2814 3140 2857 τόπον
3192 2805 3345 2875 λέγει,
3404 2808 3493 2855 καὶ
3546 2806 3631 2854 τὸν
3670 2808 3889 2876 χρόνον,

2282 2906 2371 2953 καὶ
2415 2904 2472 2952 τὸ
2525 2906 2616 2951 τοῦ
2669 2893 2904 2971 Ἡρώδου
2985 2893 3189 2967 ἀξίωμα
3224 2911 3236 2960 ;
3270 2898 3366 2945 Τόν
3425 2895 3515 2964 μὲν
3568 2896 3739 2958 τόπον,
3805 2894 3897 2944 ῖνσι

2285 2987 2455 3062 δείξῃ,
2525 2988 2603 3039 ὅτι
2652 2985 2987 3059 πεπλήρωται
3041 2986 3069 3039 ἡ
3131 2990 3222 3035 τοῦ
3283 2985 3522 3052 Μιχαίου
3576 2985 3891 3053 προφητεία,

2284 3080 2591 3152 εἰρηκότος’
2629 3080 2729 3127 Καὶ
2788 3077 2870 3144 σὺ,
2948 3071 3189 3143 Βηθλεὲμ,
3259 3079 3326 3141 γῆ
3394 3065 3589 3139 Ἰούδα,
3647 3064 3898 3140 οὐδαμῶς

2282 3169 2539 3238 ἑλαχιστη
2600 3161 2646 3216 εἶ
2692 3163 2739 3215 ἐν
2792 3170 2897 3221 τοῖς
2948 3163 3199 3232 ἡγεμόσιν
3254 3155 3431 3212 Ἰούδα
3474 3175 3485 3186 ’
3525 3155 3580 3209 ἐκ
3639 3164 3732 3209 σοῦ
3783 3160 3895 3230 γὰρ

2284 3255 2597 3319 ἐξελεύσεται
2673 3253 2972 3324 ἡγούμενος,
3057 3250 3198 3308 ὅστις
3282 3253 3522 3319 ποιμανεῖ
3604 3248 3690 3297 τὸν
3764 3244 3897 3313 λαόν

2283 3365 2382 3417 μου
2442 3346 2526 3395 τὸν
2579 3339 2814 3413 Ἰσραήλ.
2859 3342 2958 3391 Τόν
3017 3334 3075 3389 δὲ
3120 3341 3334 3411 χρόνον,
3395 3336 3475 3386 ἶνα
3523 3330 3741 3405 διδάξῃ,
3806 3336 3899 3387 ὅτι

2280 3435 2475 3506 ὁμοίως
2551 3429 2819 3503 ἐπληρώθη
2907 3431 2997 3479 καὶ
3052 3428 3081 3485 ἡ
3143 3430 3432 3500 προφητεία
3514 3432 3605 3476 τοῦ
3679 3422 3895 3492 Ἰακὼϐ,

2285 3520 2705 3581 εἰπόντος·ούκ
2779 3516 3002 3587 ἐκλείψει
3084 3516 3265 3588 ἄρχων
3354 3512 3408 3576 ἐξ
3483 3509 3679 3578 Ἰούδα,
3765 3508 3902 3565 οὐδὲ

2284 3614 2564 3683 ἡγούμενος
2628 3608 2681 3659 ἐκ
2736 3615 2837 3659 τῶν
2894 3614 3072 3679 μηρῶν
3132 3604 3312 3673 αὐτοῦ,
3370 3604 3461 3664 ἕως
3525 3599 3584 3653 ἂν
3641 3601 3785 3673 ἔλθη,

2286 3700 2577 3754 ἀπόκειται.
2633 3704 2735 3750 Τοῦ
2784 3702 3020 3770 Χριστοῦ
3068 3697 3169 3766 γὰρ
3224 3694 3533 3763 γεννηθῆναι
3597 3690 3903 3763 μέλλοντος,

2286 3790 2505 3853 ἐξέλιπεν
2568 3789 2749 3860 ἄρχων
2806 3784 2857 3848 ἐξ
2922 3780 3124 3852 Ἰούδα,
3201 3787 3290 3833 xui
3359 3780 3536 3833 λοιπὸν
3606 3780 3727 3855 ἦρξε
3790 3787 3904 3830 τῶν

2286 3875 2558 3931 Ἰουδαίων
2610 3873 2852 3948 Ἡρώδης
2902 3875 2927 3925 ό
2981 3869 3302 3944 Ἰδουμαῖος,
3357 3868 3650 3942 ἀλλόφυλος.
3708 3872 3777 3920 Τὸ
3832 3864 3907 3921 δὲ

2287 3968 2493 4041 ἀξίωμα
2533 3973 2625 4018 τοῦ
2674 3960 2932 4038 Ἡρώδου,
2969 3958 3109 4014 διότι
3157 3965 3245 4012 καὶ
3285 3961 3453 4033 ἕτερος
3482 3963 3685 4031 γέγονεν
3722 3956 3904 4031 Ἡρὼ-

2288 4055 2388 4119 δης
2418 4059 2443 4110 ό
2470 4057 2784 4131 τετράρχης,
2818 4055 2843 4104 ό
2873 4056 2959 4103 τὸν
2992 4046 3299 4125 Προδρομον
3330 4048 3534 4103 ἀνελών.

2359 4158 2602 4220 Οὗτοιδὲ
2634 4164 2683 4213 οἱ
2726 4162 2921 4231 Μάγοι,
2977 4162 3173 4231 Πέρσαι
3228 4153 3383 4214 ἦσαν.
3436 4158 3503 4207 Oi
3546 4157 3745 4228 Πέρσαι
3789 4154 3902 4229 γάρ

2287 4253 2519 4327 μάλιστα
2574 4259 2673 4302 τῶν
2735 4249 2897 4302 ἄλλων
2956 4251 3152 4305 ἤσκουν
3210 4248 3277 4297 τὰ
3332 4245 3552 4316 μαγικά.
3613 4241 3750 4317 ’Ὁρα
3810 4238 3902 4309 δὲ,

2287 4345 2420 4403 ὄπῶς
2493 4342 2548 4394 ἐκ
2620 4342 2908 4414 προοιμίων
2984 4336 3245 4407 ἀνοίγεται
3319 4340 3429 4395 τοῖς
3508 4334 3673 4385 ἔθνεσι
3762 4333 3910 4404 θύρα

2286 4438 2532 4496 πίστεως,
2568 4429 2638 4491 εἰς
2668 4428 2931 4500 αἰσχύνην
2980 4434 3077 4477 τῶν
3124 4420 3413 4477 Ἰουδαίων.
3460 4421 3601 4475 Ἐπεὶ
3650 4423 3748 4493 γὰρ
3793 4428 3909 4473 τῶν

2286 4528 2563 4594 προφητῶν
2619 4517 2910 4583 ἀκούοντες,
2967 4514 3468 4590 προαναφωνούντων
3515 4515 3609 4568 τήν
3658 4518 3910 4584 Χριστοῦ

2287 4614 2604 4683 παρουσίαν,
2653 4607 2711 4659 ού
2768 4602 2979 4680 σφόδρα
3029 4609 3337 4678 προσεῖχον,
3385 4601 3716 4673 ᾠκονομηθη,
3769 4606 3911 4674 Βαρ-

2289 4701 2478 4775 ϐάρους
2533 4697 2716 4767 ἐλθεῖν,
2775 4701 2864 4748 καὶ
2911 4697 3123 4755 τούτους
3176 4695 3414 4763 Μάγους,
3466 4696 3553 4741 καὶ
3606 4689 3661 4741 ἐκ
3713 4695 3910 4761 χώρας

2288 4796 2508 4864 μακρᾶς,
2567 4792 2657 4840 καὶ
2724 4782 2945 4848 διδάξαι
2999 4784 3208 4849 αὐτοὺς,
3268 4782 3292 4833 ὃ
3346 4782 3490 4853 παρὰ.
3542 4788 3640 4832 τῶν
3698 4783 3914 4852 προφη-

2288 4888 2387 4931 τῶν
2436 4879 2616 4950 μαθεῖν
2671 4875 2763 4927 ούκ
2818 4876 3129 4946 ἠνέσχοντο,
3194 4873 3294 4934 ἶνα,
3356 4870 3399 4922 εἰ
3448 4869 3912 4941 φιλονεικησουσιν

2290 4972 2385 5033 ἔτι,
2440 4969 2615 5028 πάσης
2660 4963 2944 5035 ἀπολογίας
2985 4961 3111 5014 ὦσιν
3170 4960 3517 5035 ἐστερημένοι.
3579 4963 3641 5010 Τί
3678 4959 3779 5031 γὰρ
3836 4955 3913 5011 ὄιν

2289 5061 2378 5111 καὶ
2430 5053 2674 5110 δύναιντο
2736 5054 2919 5127 λέγειν,
2977 5053 3098 5104 ὅταν
3165 5052 3343 5122 Μάγοι
3416 5052 3507 5121 μὲν
3562 5046 3662 5100 ἀπὸ
3731 5045 3915 5118 ὅψεως

2933 5260 2979 5294 ³⁵
3014 5256 3242 5315 Coloss.
3276 5272 3312 5323 1,
3351 5256 3435 5312 15.
3514 5258 3563 5292 ³⁸
3606 5254 3783 5311 Mich.
3834 5270 3908 5325 ν,

2290 5264 2338 5299 ³⁸
2366 5261 2542 5320 Hebr.
2577 5276 2738 5327 xvm,
2766 5260 2854 5316 23.

1759 5457 1976 5526 Variae
2018 5458 2348 5529 lectiones
2389 5468 2667 5529 etnotae

602 5591 719 5666 (32)
758 5597 861 5648 Καί
888 5592 1057 5666 addit
1085 5597 1161 5654 A.

600 5665 717 5741 ('33)
748 5672 809 5723 Δέ
836 5665 1054 5726 omittit
1081 5674 1146 5725 A.
1179 5670 1459 5743 praeterea
1488 5668 1637 5736 haec,
1662 5687 1799 5747 quae
1834 5673 2068 5734 inclusa
2094 5682 2253 5750 sunt,
2278 5678 2337 5736 in
2365 5674 2637 5751 margine
2691 5670 2893 5731 habet.
