4110 6388
220 298 311 358 137
1228 306 1599 367 COMMENT.
1644 301 1714 363 IN
1754 308 2209 372 MATTH/EUM.
2248 346 2315 355 -—
2348 312 2513 374 CAP.
2556 315 2627 372 Il.

3506 327 3612 384 138

223 427 325 489 ἑνός
354 426 575 500 ἀστέρος
604 431 1000 501 πιστεύσωσιν,
1026 430 1176 485 αύτοὶ
1194 429 1252 485 δὲ
1277 429 1416 505 μηδὲ
1440 441 1548 496 τοῖς
1572 436 1841 498 τοσούτοις

1953 437 2122 508 Magi,
2172 438 2302 495 viso
2352 441 2524 498 unico
2569 443 2753 509 astro,
2794 442 3186 513 crediderunt,
3240 447 3355 521 ipsi
3409 455 3612 510 autem

226 522 511 591 προφήταις
543 516 852 591 ἀνέχωνται
880 524 1171 579 πιστεύειν.

297 611 543 676 Λέγοντες
637 639 713 649 —-
807 618 1178 683 προσκυνῆσαι
1274 610 1435 682 αύτῷ.
1517 616 1617 664 Καὶ
1687 614 1840 665 πόθεν

228 699 475 765 Epeo-av,
531 696 613 747 ὅτι
678 699 704 747 ό
765 696 937 772 ἀστὴρ
998 698 1186 760 ἐκεῖνος
1252 697 1512 771 βασιλέως
1570 697 1841 753 Ἰουδαίων

230 781 419 840 ἐδήλου
484 790 773 856 γέννησιν;
821 786 911 840 Ὲκ
979 794 1070 839 τοῦ
1144 792 1320 858 γένους
1375 795 1465 840 τοῦ
1520 787 1840 861 ἀστρολόγου

234 874 445 944 Βαλαὰμ
491 879 865 946 καταγόμενοι,
908 879 997 927 καὶ
1034 880 1126 933 τὴν
1172 874 1363 928 ἐκείνου
1404 881 1658 948 μετιόντες
1697 875 1843 928 ἐπισ-

230 970 425 1033 τήμην,
482 963 723 1034 εὕρισκον
778 964 934 1016 αὐτόν
1007 969 1376 1038 προειρηκότα,
1461 966 1541 1016 ὅτι
1589 964 1844 1017 Ἀνατελεί

230 1050 427 1124 ἄστρον
485 1050 539 1112 ἐξ
617 1050 824 1116 Ἰακὼϐ,
899 1057 989 1104 καὶ
1060 1050 1408 1110 ἀναστήσεται
1466 1052 1731 1125 ἅνθρωπος
1788 1052 1843 1116 ἐξ

230 1137 447 1212 Ἰσραὴλ
506 1143 599 1190 καὶ
655 1139 833 1191 λοιπόν
892 1138 993 1192 ἀπό
1051 1150 1144 1201 τῆς
1211 1144 1455 1223 τοιαύτης
1525 1146 1842 1213 προφητείας

230 1226 538 1297 ἐγίνωσκον,
589 1229 670 1279 ὁτι
720 1226 1025 1299 βλαστῆσαι
1067 1228 1233 1299 μέλλει
1283 1227 1336 1290 ἐξ
1377 1224 1644 1283 Ἰουδαίων
1686 1228 1837 1302 βασι-

228 1315 366 1383 λεὺς,
428 1312 584 1371 δίκην
642 1314 857 1388 ἀστέρος
908 1316 1103 1387 ὑψηλὸς
1154 1321 1243 1369 καὶ
1293 1316 1677 1391 λαμπρότατος.
1739 1322 1841 1370 Καὶ

230 1404 413 1454 λοιπόν
472 1407 646 1456 ἔκτοτε
708 1410 1033 1479 παρετήρουν
1084 1409 1199 1466 τοὺς
1258 1403 1505 1477 ἀστέρας·
1556 1413 1843 1463 τηνικαῦτα

230 1490 290 1544 δέ
343 1497 435 1543 τὸν
502 1492 741 1550 ἀσυνήθη
798 1501 981 1546 τοῦτον
1036 1498 1123 1546 καὶ
1174 1501 1455 1565 καινοφανῆ
1512 1496 1839 1566 θεασάμενοι,

226 1577 398 1651 μηδεν
456 1580 798 1652 μελλήσαντες
850 1578 1001 1654 ᾖλθον
1076 1590 1443 1657 προσκυνῆσαι
1513 1590 1585 1653 τῷ
1665 1601 1842 1654 γεννη-

232 1670 393 1735 θέντι,
478 1671 706 1730 θέλοντες
782 1669 841 1721 ἐκ
918 1676 1126 1743 πρώτης
1192 1671 1395 1731 ἡλικίας
1464 1670 1603 1741 αύτῳ
1671 1671 1841 1742 φιλίαν

1949 541 2146 599 neque
2176 532 2259 583 tot
2287 530 2594 602 prophetis
2644 532 2880 589 credere
2916 533 3252 593 voluerunt.

2022 615 2185 671 Vers.
2219 617 2271 671 2.
2298 618 2556 675 Dicenles
2576 650 2632 661 —-
2672 621 2750 676 ad
2774 622 3152 680 adorandum
3176 641 3325 684 eum.
3359 630 3425 685 Et
3453 630 3611 687 unde

1950 712 2359 773 cognoverunt
2391 708 2624 763 stellam
2659 708 2822 765 illam
2849 712 3000 781 regis
3026 712 3371 771 Iudaeorum
3402 718 3613 775 nativi-

1950 795 2130 848 tatem
2160 795 2541 851 manifestare
2570 796 2599 853 ?
2630 798 2780 862 Quia
2806 814 2877 854 ex
2908 815 3125 869 genere
3157 803 3396 861 Balaam
3428 812 3613 864 astro-

1950 880 2071 951 logi
2115 882 2579 953 descendebant,
2612 887 2899 957 etscripta
2924 888 3085 943 illius
3116 891 3611 963 adeuntes,inve-

1948 975 2165 1025 nerunt
2194 971 2272 1026 ab
2296 988 2363 1028 eo
2395 973 2617 1028 dictum
2654 991 2667 1029 :
2702 974 2943 1032 Orietur
2990 979 3169 1036 stella
3199 995 3274 1036 ex
3322 981 3527 1050 Iacob,
3554 990 3611 1041 et

1950 1064 2252 1130 consurget
2284 1059 2445 1117 homo
2474 1078 2541 1115 ex
2576 1063 2762 1119 Israel
2800 1064 2868 1118 ’⁸.
2901 1065 3023 1121 Tali
3064 1067 3266 1140 itaque
3296 1071 3612 1143 prophetia

1948 1147 2223 1217 permoti,
2253 1153 2645 1217 agnoverunt,
2678 1166 2749 1206 ex
2771 1150 2994 1208 Judaeis
3016 1169 3217 1225 regem
3241 1157 3611 1215 nasciturum

1948 1234 2009 1288 in
2038 1234 2282 1290 modum
2316 1236 2521 1302 stellae,
2570 1238 2874 1295 excelsum
2904 1241 3124 1298 scilicet
3154 1248 3209 1299 et
3236 1244 3486 1301 clarum.
3526 1250 3610 1302 Ex

1950 1337 2020 1377 eo
2050 1321 2228 1391 igitur
2252 1328 2517 1395 tempore
2539 1326 2742 1382 stellas
2770 1327 3172 1385 observabant
3204 1349 3217 1386 :
3248 1337 3385 1388 tunc
3406 1340 3609 1391 autem

1947 1409 2106 1465 hanc
2149 1412 2468 1482 insuetam,
2501 1418 2556 1470 et
2586 1421 2852 1472 recenter
2890 1424 3276 1489 apparentem
3318 1422 3604 1489 videntes,

1949 1498 2096 1554 nihil
2119 1501 2462 1557 cunctando
2492 1509 2806 1573 venerunt,
2833 1509 2897 1560 ut
2931 1522 3069 1561 eum
3117 1508 3221 1578 qui
3251 1513 3429 1564 natus
3457 1514 3604 1576 erat,

1949 1587 2290 1653 adorarent,
2318 1589 2585 1645 volentes
2617 1607 2653 1647 a
2683 1593 2878 1663 prima
2899 1593 3101 1649 statim
3128 1599 3298 1652 astate
3328 1596 3441 1668 ipsi
3467 1612 3609 1668 pen-

1949 1674 2089 1730 dere
2121 1675 2335 1733 tributa
2362 1677 2462 1749 (b),
2494 1682 2558 1734 ut
2586 1681 2998 1752 cognito,quis
3017 1687 3192 1749 esset,
3213 1688 3269 1739 et
3292 1683 3352 1739 in
3379 1700 3501 1757 qua
3518 1701 3611 1741 or-

227 1756 645 1822 καταϐαλέσθαι,
695 1763 786 1810 καὶ
845 1759 926 1810 ἱνα
977 1762 1200 1830 γνόντες,
1261 1764 1340 1820 τίς
1394 1778 1449 1811 τε
1496 1762 1596 1825 εἴη,
1654 1764 1745 1811 καί
1790 1758 1840 1810 ἐν

1953 1766 2043 1819 tus
2069 1763 2443 1829 civitate,ubi
2457 1767 2756 1833 crevisset,
2801 1771 3065 1826 amicum
3080 1770 3190 1827 sibi
3206 1756 3511 1829 haberent.
3540 1774 3607 1829 Et

232 1852 362 1916 ποία
404 1846 549 1898 πόλει
602 1851 925 1917 γεγέννηται,
979 1846 1250 1909 αύξοίνοντι
1308 1847 1436 1919 φίλῳ
1492 1852 1830 1921 χρήσωνται,

232 1934 389 1987 Ἀλλὰ
432 1939 600 2008 μέχρι
643 1938 731 2008 μὲν
778 1934 1127 1995 Παλαιστίνης
1180 1937 1281 1988 ύπό
1311 1940 1403 1987 τοῦ
1453 1934 1665 2009 ἀστέρος
1694 1932 1839 1993 ὡδη-

228 2031 446 2093 γοῦντο·
509 2031 615 2084 τοῖς
666 2023 1044 2097 Ἰεροσολύμοις
1104 2021 1161 2076 δὲ
1207 2024 1606 2093 πλησιάσαντες,
1668 2024 1839 2076 ούκέτι

232 2120 417 2163 τοῦτον
473 2108 633 2165 εἶδον.
704 2120 868 2165 Τοῦτο
927 2109 986 2164 δὲ
1062 2117 1283 2184 γέγονεν,
1350 2114 1432 2164 ἱνα
1481 2115 1569 2164 τόν
1643 2108 1839 2182 ὁδηγὸν

227 2199 596 2267 ἀπολέσαντες,
675 2200 1082 2272 ἀναγκασθῶσιν
1166 2200 1450 2275 ἐρωτῆσαι,
1524 2204 1613 2252 καὶ
1705 2199 1839 2251 ούτω

225 2295 446 2360 γὸηται
497 2285 799 2346 κατάδηλον
843 2285 1143 2357 Ἰουδαίοις,
1191 2291 1271 2341 ὅτι
1309 2293 1611 2360 γεγέννηται
1641 2290 1666 2339 ό
1714 2296 1843 2360 Χρι-

228 2380 372 2441 στος,
426 2380 496 2438 ὡς
555 2382 625 2449 μὴ
688 2374 952 2429 δύνασθαι
1012 2376 1200 2438 αὐτοὺς
1256 2376 1304 2438 ἐς
1370 2377 1584 2451 ὕστερον
1653 2376 1836 2447 λέγειν,

227 2470 303 2517 ὅτι
363 2466 480 2518 Οὐκ
545 2463 780 2537 οἴδαμεν,
845 2466 890 2517 εἰ
947 2469 1265 2537 γεγέννηται.
1332 2467 1590 2537 Ἐμήνυσε
1645 2460 1703 2516 δὲ
1753 2467 1839 2515 τὸν

232 2558 466 2627 Χριστόν
522 2552 714 2626 ἀστὴρ,
773 2555 857 2605 ἵνα
910 2559 1001 2606 καὶ
1056 2556 1086 2612 ἡ
1155 2574 1246 2607 του
1299 2553 1516 2624 Βαλαὰμ
1552 2556 1843 2625 προφητεία

231 2643 508 2717 πληρωθῇ.
572 2643 711 2695 Ἐπεὶ
758 2644 857 2715 γὰρ
925 2644 974 2694 οἱ
1040 2652 1323 2716 προφῆται,
1379 2649 1485 2703 τοῖς
1558 2637 1841 2700 Ἰουδαίοις

446 2739 541 2782 τοῦ
629 2738 865 2805 Χριστοῦ
964 2734 1356 2803 προμηνύοντες,
1451 2730 1544 2782 ούκ
1638 2728 1838 2801 ἔμελλον

226 2823 443 2886 πείθειν,
496 2820 676 2870 λοιπόν
716 2827 824 2880 τοῖς
870 2820 1062 2871 ἔθνεσιν
1114 2819 1282 2892 ἀστὴρ
1330 2821 1512 2890 μηνύει
1560 2821 1645 2869 τὸν
1696 2817 1838 2874 ἣλιον

232 2736 349 2804 περὶ
446 2739 541 2782 τοῦ
629 2738 865 2804 Χριστοῦ
964 2734 1356 2803 προμηνύοντες,
1451 2730 1544 2782 ούκ

227 2916 317 2965 τῆς
356 2904 730 2975 δικαιοσύνης,
781 2907 836 2960 ἐκ
884 2915 981 2967 τῆς
1019 2916 1114 2979 γῆς
1155 2906 1508 2959 ἀνατέλλονταο
1552 2909 1684 2958 Οὔτε
1734 2908 1836 2977 γὰρ

227 3002 523 3070 προφήτην,
593 2999 709 3047 οὔτε
768 2995 984 3066 ἄγγελον
1060 2992 1301 3065 ῆὸεισαν,
1366 2996 1447 3047 ἵνα
1522 2991 1595 3047 δι’
1672 2994 1838 3045 αὐτῶν

226 3085 543 3136 ὶλκνσθῶσι.
612 3088 773 3136 Μόνοι
833 3080 891 3136 δε
960 3087 1046 3135 τόν
1114 3083 1311 3158 ἀστέρα
1365 3090 1546 3135 τοῦτον
1604 3101 1836 3157 παρεση-

224 3179 523 3245 μειώσαντο
597 3177 816 3246 Πέρσαι,
876 3175 947 3232 ὡς
1022 3176 1167 3244 μόνοι
1247 3177 1367 3245 περὶ
1433 3177 1526 3230 την
1595 3170 1838 3244 ὀξυτέραν

226 3261 574 3337 ἀστρολογίαν
629 3260 683 3312 ἐκ
732 3267 973 3324 νεότητος
1044 3260 1449 3333 ἀσχολούμενοι.
1516 3261 1592 3313 Οὐ
1657 3263 1839 3320 πάντες

226 3348 282 3403 δε
330 3351 382 3402 οἰ
413 3354 637 3425 Πέρσαι,
689 3351 769 3402 ὅτι
809 3346 933 3402 οὐδὲ
978 3349 1095 3422 (34)
1139 3353 1320 3410 πάντες
1348 3347 1482 3408 ἦσαν
1510 3350 1643 3412 ὀξεῖς
1691 3345 1837 3419 οὐδὲ,

224 3440 431 3512 ἔμελλον
462 3440 661 3511 ὁμοίως
684 3441 970 3496 πιστεύειν,

293 3532 440 3601 Πρός
490 3524 553 3579 δὲ
599 3532 721 3588 τούς
773 3526 1214 3601 προϐαλλομένους
1260 3530 1348 3579 τὸν
1415 3525 1611 3601 ἀστέρα
1658 3532 1840 3579 τοῦτον

225 3620 288 3678 εἰς
345 3621 668 3691 συνηγορίαν
727 3624 818 3676 τῆς
865 3615 1303 3687 γενεθλιαλογίας,
1352 3616 1556 3690 ῥητέον,
1611 3616 1692 3667 ὅτι
1746 3614 1841 3666 ούκ

226 3707 283 3763 ξν
340 3705 499 3765 οὗτος
544 3706 694 3777 φύσει
741 3703 932 3779 ἀστὴρ,
989 3703 1096 3755 ἀλλ’
1144 3703 1261 3774 ὄψει
1311 3708 1463 3777 μόνον
1506 3702 1695 3779 ἀστὴρ,
1749 3708 1839 3756 καὶ

226 3798 289 3855 ὡς
343 3794 558 3855 ἀληθῶς
602 3795 714 3845 θεία
767 3812 847 3853 τις
895 3789 1138 3864 δύναμις,
1191 3792 1259 3853 εἰς
1311 3795 1506 3850 ταύτην
1556 3810 1843 3864 μετασχη-

227 3886 559 3956 ματισθείσα
609 3887 701 3939 τὴν
749 3881 887 3951 ὄψιν.
938 3886 1039 3933 Καὶ
1070 3888 1222 3933 τοῦτο
1280 3877 1438 3939 δῆλον
1486 3879 1588 3933 ἀπὸ
1620 3879 1837 3932 πολλῶν.

230 3979 442 4046 Πρῶτον
497 3973 608 4042 μὲν,
660 3968 758 4021 ἀπὸ
803 3976 892 4029 τᾶς
938 3974 1164 4041 πορείας.
1222 3972 1423 4030 Παντὸς
1473 3971 1574 4042 γὰρ
1627 3966 1845 4042 ἀστέρος

231 4062 282 4122 ἐξ
346 4059 601 4119 ἀνατολῆς
650 4058 718 4120 εἰς
785 4054 941 4110 δύσιν
1014 4055 1347 4129 βαδίζοντος,
1399 4054 1547 4119 οὗτος
1591 4060 1741 4129 μόνος
1792 4055 1845 4119 ἐξ

232 4149 424 4221 ἀρκτου
502 4150 634 4218 πρός
719 4145 1051 4218 μεσημϐρίαν
1123 4144 1339 4218 ἐφέρετοσ

231 4240 393 4309 ἔλαχε
436 4239 582 4288 θέσιν
640 4238 669 4293 ἡ
736 4234 1058 4292 Παλαιστίνη
1112 4238 1243 4309 πρός
1288 4238 1380 4292 τὴν
1424 4230 1681 4308 Περσιδα.
1722 4235 1844 4285 Δεύ-

230 4346 377 4398 τερον
411 4322 494 4390 ὃὲ,
550 4323 651 4376 ἀπό
689 4330 779 4384 τῆς
806 4323 1191 4395 λαμπρότητος·
1240 4319 1446 4383 οὐδενός
1488 4325 1589 4397 γὰρ
1626 4320 1843 4395 ἀστέρος

1428 4148 1672 4202 τοιαύτην
1741 4147 1842 4216 γὰρ

230 4416 276 4467 έν
329 4418 509 4489 arripe;
558 4416 882 4484 φαινομένου,
933 4409 1027 4464 διὰ
1068 4417 1161 4470 τὴν
1192 4410 1477 4485 ὑπερϐολὴν
1514 4420 1605 4471 τῆς
1633 4411 1847 4470 ἡλιακῆς

230 4508 626 4575 λαμπρότητος,
678 4508 858 4553 τοῦτον
929 4504 1106 4573 μόνον,
1164 4499 1210 4551 ἓν
1286 4502 1456 4572 ἡμέρᾳ
1526 4503 1841 4571 φαινόμενον,

1958 4497 2101 4552 lucis
2129 4495 2337 4550 solaris
2379 4512 2395 4548 :

230 4593 321 4646 οὐκ
364 4588 606 4649 ἠδύνατο
660 4591 685 4641 ό
742 4589 883 4652 ἣλιος
932 4588 1298 4663 ἀποκρύπτειν.
1351 4593 1559 4662 Τρίτον,
1605 4586 1705 4640 ἀπὸ
1755 4593 1849 4639 τοῦ

228 4682 517 4753 φαίνεσθαι
555 4680 692 4729 κατὰ
745 4677 917 4751 λόγον,
957 4682 1047 4730 καὶ
1094 4679 1245 4730 πάλιν
1277 4678 1625 4751 κρύπτεσθαι.
1672 4679 1850 4749 Μέχρι

224 4774 315 4843 μὲν
377 4772 483 4842 γὰρ
538 4766 893 4829 Παλαιστίνης
943 4765 1171 4840 ἐφαίνετο
1229 4761 1439 4838 ὁδηγῶν
1492 4765 1701 4826 αὐτούς’
1743 4762 1851 4816 ἐπεὶ

226 4856 285 4912 δὲ
365 4866 471 4909 τῶν
554 4854 919 4929 Ἰεροσολύμων
1002 4853 1279 4923 ἐπέϐησαν,
1342 4853 1562 4930 ἔκρυψεν
1638 4853 1842 4905 ἑαυτὸν*

223 4944 339 5001 εἶτα
392 4945 555 5000 πλλιν
611 4943 901 5008 έξελθοῦσιν
958 4944 1131 5007 αὐτοῖς
1177 4942 1279 4999 ἀπὸ
1330 4950 1431 4997 τῶν
1478 4941 1850 5020 Ἱεροσολύμων

296 5126 348 5165 ³³
380 5128 563 5184 Num.
596 5138 756 5190 xxxv,
788 5126 882 5183 17.

1950 1849 2200 1922 quidem
2238 1867 2426 1924 usque
2455 1852 2529 1907 ad
2569 1852 2899 1911 Palaestinae
2928 1857 3234 1926 regionem
3265 1858 3449 1915 stellae
3494 1859 3610 1915 du-

1949 1943 2143 1994 catum
2172 1939 2535 1997 habuerunt.
2571 1941 2678 1998 Ubi
2709 1946 2908 1999 autem
2940 1944 3359 2016 Hierosolymis
3391 1961 3608 2019 appro-

1947 2026 2361 2098 pinquassent,
2386 2028 2649 2100 amplius
2670 2045 2805 2085 eam
2837 2046 2959 2086 non
2988 2030 3286 2088 viderunt.
3321 2034 3493 2098 Quod
3524 2033 3608 2091 fa-

1947 2119 2109 2170 ctum
2141 2122 2249 2187 est,
2282 2121 2347 2171 ut
2385 2116 2537 2171 duce
2572 2117 2801 2189 perdito
2832 2118 3197 2189 interrogare
3230 2125 3603 2191 cogerentur,

1947 2202 2231 2275 ﬁeretque
2256 2204 2473 2259 Iudaeis
2501 2204 2875 2262 manifestum
2908 2210 3118 2263 natum
3148 2224 3280 2264 esse
3308 2208 3607 2266 Christum

1948 2306 2023 2346 ne
2069 2292 2130 2346 in
2168 2297 2473 2363 posterum
2527 2292 2717 2349 dicere
2774 2301 3016 2366 possent
3066 2312 3079 2350 :
3123 2299 3250 2352 Non
3302 2297 3605 2365 novimus,

1948 2385 2150 2436 utrum
2178 2385 2353 2437 natus
2372 2381 2464 2438 sit.
2491 2381 2851 2451 Signiﬁcavit
2890 2383 3069 2439 etiam
3095 2383 3255 2440 stella
3282 2383 3604 2449 Christum,

1948 2473 2013 2525 ut
2046 2469 2288 2525 Balaam
2319 2470 2633 2542 prophetia
2659 2470 3066 2543 compleretur.
3096 2472 3247 2537 Quia
3284 2472 3444 2529 enim
3470 2488 3607 2544 pro-

1948 2558 2164 2629 phetae,
2181 2556 2469 2613 Christum
2490 2563 3028 2629 praemonstrantes,
3048 2560 3270 2615 Iudaeis
3291 2576 3609 2633 persuasu-

1948 2645 1995 2701 ri
2013 2661 2133 2701 non
2160 2651 2348 2709 erant,
2381 2646 2685 2718 reliquum
2702 2651 2846 2716 erat,
2878 2653 2940 2703 ut
2972 2648 3246 2717 gentibus
3268 2649 3437 2706 stella
3462 2649 3610 2705 indi-

1949 2738 2108 2790 caret
2127 2733 2367 2804 justitiae
2397 2734 2593 2790 Solem
2642 2750 2673 2790 e
2704 2738 2861 2790 terra
2890 2737 3197 2792 orientem.
3232 2740 3431 2808 Neque
3449 2740 3608 2794 enim

1948 2823 2298 2895 prophetam
2334 2827 2437 2877 aut
2467 2823 2741 2878 nuntium
2765 2823 3060 2890 viderant,
3092 2830 3157 2879 ut
3177 2823 3254 2879 ab
3283 2825 3366 2880 eis
3391 2840 3610 2893 cogno-

1950 2916 2197 2967 scerent.
2224 2911 2341 2966 Soli
2364 2915 2564 2966 autem
2595 2911 2784 2966 Persae
2816 2911 3044 2967 stellam
3077 2911 3236 2967 hanc
3258 2912 3607 2969 observave-

1947 3004 2109 3067 rant;
2139 2998 2246 3054 soli
2274 3015 2537 3070 namque
2563 2999 2907 3069 diligentius
2939 3000 3098 3055 circa
3118 3000 3505 3071 astrologiam
3530 3002 3609 3057 ab

1948 3087 2203 3143 infantia
2228 3088 2702 3158 occupabantur.
2718 3090 2917 3159 Neque
2938 3092 3132 3142 tamen
3154 3104 3365 3144 omnes
3391 3089 3605 3156 Persae,

1948 3176 2091 3247 quia
2104 3190 2225 3230 non
2254 3190 2464 3230 omnes
2487 3176 2638 3231 acris
2670 3182 2839 3230 erant
2880 3174 3122 3243 ingenii,
3147 3190 3343 3245 neque
3367 3176 3610 3248 inquali-

1948 3268 2037 3320 ter
2061 3278 2274 3320 omnes
2305 3268 2474 3320 erant
2491 3263 2787 3320 credituri.

2020 3522 2189 3576 Nunc
2207 3536 2347 3576 vero
2372 3519 2697 3577 dicendum
2717 3524 2805 3577 est
2822 3525 3029 3577 contra
3045 3519 3483 3588 Genethliacos,
3504 3522 3612 3595 qui

1950 3610 2183 3667 stellam
2201 3610 2353 3666 hanc
2370 3609 2678 3681 proferunt
2693 3611 2752 3665 in
2771 3610 3169 3681 patrocinium
3193 3611 3336 3666 artis
3364 3611 3613 3667 Geneth—

1949 3700 2136 3765 liacaa,
2164 3697 2394 3754 stellam
2425 3698 2584 3754 hanc
2630 3714 2746 3754 non
2798 3703 3080 3754 naturam
3133 3698 3456 3765 stellarum,
3504 3700 3612 3755 sed

1950 3788 2209 3858 ﬁguram
2224 3786 2836 3843 duntaxathabuisse.
2868 3789 2933 3843 Et
2965 3786 3613 3859 veredivinaquaedam

1951 3876 2142 3932 inerat
2168 3876 2439 3947 potentia
2466 3876 2525 3930 in
2552 3876 2704 3931 hanc
2742 3875 2995 3946 ﬁguram
3049 3876 3497 3935 transformata.
3547 3880 3615 3933 Et

1952 3966 2066 4022 hoc
2092 3964 2338 4037 quidem
2369 3980 2442 4018 ex
2475 3964 2675 4020 multis
2694 3963 3081 4021 manifestum
3112 3969 3214 4019 est.
3266 3966 3531 4023 Primum
3577 3982 3614 4024 θ.

1951 4055 2069 4110 via.
2099 4056 2234 4109 Nam
2264 4052 2540 4125 quaelibet
2594 4052 2763 4108 stella
2812 4052 2890 4107 ab
2935 4057 3070 4107 ortu
3127 4054 3496 4124 progreditur
3551 4055 3612 4111 in

1903 4187 1906 4190 .
1954 4158 2258 4205 occasum,
2313 4141 2442 4196 sola
2471 4141 2601 4196 hinc
2633 4157 2667 4197 a
2723 4140 3123 4212 septentrione
3175 4142 3236 4196 in
3300 4143 3613 4199 meridiem

1954 4231 2255 4287 ferebatur
2287 4248 2300 4283 :
2336 4229 2517 4285 talem
2548 4245 2766 4301 nempe
2797 4230 3037 4284 sortitur
3068 4229 3389 4285 Palaestina
3410 4231 3611 4299 situm,

1955 4320 2002 4375 si
2027 4319 2105 4375 ad
2146 4318 2449 4374 Persidem
2476 4317 2769 4373 conferas.
2800 4318 3074 4373 Secundo
3106 4335 3138 4372 a
3164 4318 3499 4389 splendore.
3535 4320 3616 4374 Si-

1955 4407 2200 4480 quidem
2232 4406 2398 4462 nulla
2442 4406 2503 4461 in
2560 4406 2655 4460 die
2705 4409 2974 4476 apparet,
3035 4412 3271 4477 prOpter
3305 4422 3614 4461 excessum

2436 4495 2587 4549 hanc
2618 4494 2806 4550 solam
2847 4494 2907 4550 in
2957 4494 3048 4549 die
3102 4501 3495 4567 apparentem
3527 4495 3616 4551 sol

1958 4583 2257 4642 occultare
2284 4598 2405 4638 non
2436 4586 2686 4655 poterat.
2731 4583 2922 4638 Tertio
2953 4598 3024 4638 ex
3072 4583 3186 4639 hoc
3236 4584 3402 4656 quod
3446 4590 3618 4655 prout

1959 4689 2113 4745 opus
2133 4677 2255 4729 erat
2270 4671 2619 4744 apparebat,
2635 4686 2965 4743 rursusque
2979 4671 3406 4728 occultabatur.
3425 4674 3620 4746 Usque

1961 4763 2038 4819 ad
2059 4761 2384 4818 Palaestinae
2402 4761 2563 4817 enim
2574 4762 2879 4831 regionem
2902 4761 3184 4816 ducatum
3202 4761 3314 4817 illis
3327 4767 3620 4835 praestans

1963 4852 2258 4923 apparuit.
2291 4853 2374 4905 Ex
2398 4865 2521 4922 quo
2553 4854 2753 4906 autem
2784 4848 3193 4921 Hierosolyma
3221 4857 3616 4916 accesserunt,

1963 4941 2228 5014 seipsam
2249 4937 2571 4997 occultavit
2592 4954 2985 5013 :rursumque
2999 4938 3077 4997 ab
3104 4939 3524 5013 Hierosolymis
3543 4954 3617 4999 ex

1458 5244 1681 5321 Variae
1723 5246 2053 5320 lectiones
2094 5254 2401 5318 etnotae.

296 5394 415 5468 (34)
440 5393 530 5464 oi,
562 5391 737 5451 addit
765 5396 837 5449 Α.

293 5520 683 5597 (b)‘1_’end_ere
697 5516 946 5597 tributa.
979 5512 1144 5597 Forte
1168 5519 1319 5594 φόρον
1348 5520 1449 5576 aut
1472 5520 1683 5597 φόρους,
1712 5532 1825 5593 pro

1957 5520 2059 5589 ίαν,
2089 5512 2251 5592 legit.
2293 5507 2516 5593 Redde,
2547 5503 2866 5577 amicitiam
2910 5508 3208 5580 exhibere.
3249 5510 3339 5580 Ita
3388 5518 3622 5578 εὐποιίαν

226 5587 671 5653 καταϐάλλεσθαι.
706 5588 953 5663 Alciphr
982 5603 1043 5660 p.
1069 5587 1159 5645 43.

474 5692 734 5755 Ριτιιοι.
782 5686 898 5752 ϐλ.
934 5684 1190 5757 CXXIX‘

3340 5690 3378 5753 ὅ
