4110 6384
498 346 601 407 139

1829 342 2175 404 EUTHYMII
2218 344 2541 405 ZIGABENI
3765 341 3865 404 140

495 473 797 539 euntibus,
822 460 1286 530 demonstratur.
1310 474 1377 529 Et
1418 470 1531 528 illis
1571 471 1819 545 quidem
1848 474 2136 539 euntibus,

2262 473 2510 546 ἐπεφάνη,
2564 477 2652 526 καὶ
2700 468 3031 545 βαδιζόντων
3070 474 3160 544 μὲν
3218 478 3517 546 προηγεῖτο,
3581 473 3862 543 ἱσταμένων

494 562 890 635 praecedebat,
927 560 1221 617 stantibus
1251 576 1392 617 vero
1420 560 1950 625 circummanebat,
1980 564 2153 632 juxta

492 650 731 707 illorum
750 649 1159 706 necessitatem
1183 665 1359 704 suum
1375 648 1646 720 praabens
1666 654 1912 704 motum.
1930 648 2150 716 Quarto

493 755 567 797 ex
587 755 658 796 eo
683 738 849 811 quod
880 742 1045 795 terrae
1077 738 1345 809 proxima
1380 736 1710 802 incedebat,
1753 754 1943 809 neque
1988 739 2147 794 enim

492 828 843 900 speluncam
872 825 1389 883 autdiversorium
1429 825 1919 891 demonstrasset,
1951 827 1995 880 si
2020 825 2149 881 aliis

490 916 763 989 proxima
793 914 1002 983 stellis,
1037 914 1310 970 sublimis
1334 914 1457 970 lata
1476 913 1683 969 fuisset
1714 930 1727 969 :
1762 930 1922 969 nunc
1947 920 2149 971 autem

488 1009 758 1072 veniens,
792 1004 951 1061 stetit
981 1019 1160 1076 supra
1185 1002 1403 1069 locum,
1438 1002 1501 1058 in
1542 1018 1656 1074 quo
1684 1008 1809 1058 erat
1834 1019 2001 1074 puer.

561 1094 724 1151 Vers.
756 1098 784 1150 3
800 1138 812 1151 .
850 1095 998 1149 Cum
1018 1092 1271 1149 audisset
1287 1099 1483 1149 autem
1504 1121 1567 1131 -
1590 1108 1724 1147 cum
1746 1092 1869 1147 illo.
1890 1091 2147 1148 Herodes

488 1181 734 1253 quidem
752 1182 883 1253 jure
910 1181 1185 1236 turbatus
1217 1184 1323 1248 est,
1366 1195 1584 1251 nempe
1613 1180 1827 1235 timens
1857 1180 1930 1234 de
1961 1195 2146 1250 regno

490 1285 622 1338 suo,
652 1271 1029 1342 ﬁliorumque
1061 1285 1299 1324 suorum
1329 1286 1343 1334 ;
1374 1272 1497 1323 tota
1527 1274 1727 1324 autem
1756 1268 1982 1336 civitas,
2011 1284 2146 1340 quae

487 1357 1305 1431 Hierosolymaappellantur,
1325 1372 1511 1428 quare
1546 1357 1778 1412 turbata
1796 1363 1886 1411 est
1913 1357 1940 1410 ?
1973 1357 2147 1428 Atqui

485 1448 745 1520 gaudere
780 1447 976 1519 ipsam
1015 1446 1212 1515 magis
1242 1446 1521 1516 oportuit,
1546 1445 1709 1517 quod
1735 1445 1873 1516 ipsis
1896 1448 2011 1500 Rex
2044 1460 2145 1500 na-

485 1542 582 1593 tus
640 1541 816 1601 esset,
877 1551 1055 1607 quem
1105 1535 1247 1591 olim
1300 1535 1603 1605 prophetae
1665 1534 2026 1590 Salvatorem
2073 1550 2144 1589 ac

485 1625 942 1697 Redemptorem
993 1623 1168 1680 Israel
1210 1624 1773 1694 praenuntiaverant,
1817 1628 1871 1678 et
1903 1622 2142 1691 gloriari

485 1719 773 1785 tanquam
818 1711 1211 1785 propinquos,
1260 1711 1425 1782 quod
1473 1711 1670 1767 statim
1716 1726 1752 1766 a
1819 1710 2139 1767 cunabulis

484 1804 690 1858 Persas
748 1802 823 1856 ad
880 1802 973 1855 sui
1044 1800 1459 1856 adorationem
1516 1800 1857 1854 attraheret.
1919 1799 2138 1855 Verum
2172 1822 2215 1877 Β

484 1888 801 1945 excazcavit
836 1887 968 1943 illos
1000 1886 1245 1951 invidia,
1273 1886 1596 1957 statimque
1650 1886 1975 1951 audientes,
2020 1890 2139 1941 tur-

480 1975 1250 2048 batisuntquasitimentes,
1268 1990 1343 2030 ne
1374 1974 1521 2030 forte
1544 1974 1797 2029 salutem
1815 1990 2140 2045 conseque-

480 2070 704 2121 rentur.
734 2068 923 2120 Persae
946 2079 1088 2120 vero
1115 2080 1243 2119 cum
1262 2068 1457 2119 essent
1478 2063 1760 2129 extranei,
1795 2078 1916 2117 non
1946 2064 2139 2119 solum

481 2156 628 2209 Nato
660 2169 781 2209 non
822 2152 1196 2219 inviderunt;
1228 2153 1351 2208 imo
1400 2168 1436 2208 a
1472 2150 1687 2207 ﬁnibus
1718 2168 1842 2207 sure
1878 2152 2137 2221 regionis

482 2257 674 2313 usque
731 2241 1027 2297 Bethleem
1080 2245 1321 2312 propter
1368 2256 1508 2296 eum
1573 2244 1881 2295 venerunt.
1947 2239 2139 2294 Judaei

479 2336 681 2385 autem
722 2346 860 2385 cum
899 2335 1098 2385 essent
1126 2328 1385 2397 cognati,
1413 2328 1590 2384 etiam
1618 2328 1820 2399 glorise
1868 2328 1999 2399 ejus
2054 2329 2139 2383 in-

478 2418 773 2487 viderunt,
798 2433 874 2474 ne
901 2418 1046 2474 forte
1085 2432 1343 2487 magnus
1384 2418 1617 2472 futurus
1658 2420 1860 2472 esset:
1893 2421 1950 2473 et
1998 2433 2137 2471 cum

479 2501 780 2558 Bethleem
830 2517 1018 2573 prope
1061 2501 1369 2566 haberent,
1424 2502 1504 2557 ita
1542 2500 1730 2556 invidi
1777 2500 2017 2557 fuerunt
2068 2516 2137 2557 ac

478 2590 653 2662 pigri,
688 2594 751 2645 ut
780 2590 859 2646 ad
883 2605 1018 2646 eam
1045 2605 1167 2645 non
1189 2589 1539 2644 accederent
1576 2589 1671 2660 (c).

550 2681 710 2734 Vers.
760 2681 819 2734 4.
880 2678 953 2733 Ει
1010 2677 1717 2748 congregatis—Christus
1769 2685 2131 2733 nasceretur.

476 2767 657 2839 Atqui
681 2767 829 2838 Magi
879 2782 1003 2823 non
1046 2766 1327 2822 dixerunt
1370 2782 1434 2822 se
1474 2766 1769 2822 Christum
1821 2781 2133 2838 quaerere;

477 2871 585 2913 cur
622 2855 800 2925 igitur
857 2854 1115 2911 Herodes
1157 2855 1231 2911 de
1287 2855 1518 2911 Christo
1572 2854 1899 2925 interrogat
1928 2854 1955 2909 "P
1995 2855 2138 2927 quia

473 2943 840 3014 jamdudum
872 2942 1168 3006 audiebat,
1200 2943 1259 2998 in
1290 2944 1565 3015 proximo
1610 2944 1979 3000 nasciturum
2010 2959 2137 2999 esse

477 3032 772 3087 Christum
800 3047 1003 3101 regem
1036 3031 1233 3102 Israel,
1280 3031 1595 3104 statimque
1624 3032 1876 3089 audiens
1929 3033 1990 3088 in
2042 3034 2138 3087 Ju-

477 3120 609 3176 daea
673 3125 886 3176 natum
946 3136 1073 3176 esse
1150 3135 1374 3190 regem,
1439 3125 1495 3177 et
1547 3120 1711 3193 quod
1757 3121 1912 3176 hunc
1968 3120 2136 3176 stella

476 3208 668 3263 Persis
698 3208 1041 3273 indicasset,
1080 3208 1361 3264 intellexit
1404 3225 1541 3264 eum
1564 3225 1713 3274 esse,
1744 3210 1847 3281 qui
1901 3209 2135 3265 diceba-

476 3300 573 3353 tur
629 3297 899 3353 Christus
934 3302 1029 3363 ;et
1059 3301 1349 3352 convocat
1407 3296 1705 3368 principes
1762 3298 2134 3353 sacerdotum

475 3401 546 3442 ac
575 3385 825 3451 scribas,
860 3391 1055 3456 utpote
1104 3385 1260 3440 dicta
1302 3385 1671 3456 prophetica,
1724 3385 2029 3457 librosque
2074 3387 2135 3441 in

475 3488 577 3530 ore
628 3472 936 3540 habentes,
977 3480 1034 3529 et
1092 3473 1433 3543 interrogat,
1481 3475 1583 3528 ubi
1624 3473 1888 3529 Christus
1933 3490 2136 3530 nasce-

473 3566 657 3626 retur,
698 3562 808 3618 boc
846 3566 955 3629 est,
1007 3561 1067 3616 in
1101 3578 1222 3633 quo
1264 3568 1431 3618 terrea
1485 3562 1613 3618 loco
1653 3563 1992 3618 nasciturus
2049 3563 2133 3617 in-

471 3650 789 3705 veniretur.
854 3648 939 3704 Illi
988 3665 1129 3705 vero
1176 3654 1233 3705 et
1274 3651 1479 3707 locum
1529 3650 1756 3715 dicunt,
1819 3656 1877 3705 et
1923 3654 2133 3707 testem

474 3740 658 3796 citant
685 3738 1066 3809 prophetam.
1124 3739 1280 3795 Scire
1309 3744 1509 3795 autem
1546 3744 1797 3812 oportet,
1830 3740 1989 3813 quod
2029 3756 2134 3797 no-

472 3827 747 3883 minatim
780 3826 1062 3883 Christum
1093 3842 1222 3885 esse
1243 3830 1451 3894 Deum,
1485 3829 1710 3886 caeteris
1753 3828 2133 3886 manifestius

475 3915 710 3988 scripsit
740 3913 970 3973 Daniel.

546 4094 683 4148 Vers
696 4136 709 4151 .
729 4092 783 4148 ὅ.
798 4092 1231 4149 Αιίιιί-νθι-ε.
1249 4094 1303 4147 6.
1321 4094 1528 4152 Israel.
1543 4094 1803 4151 Michazaa
1816 4097 2132 4169 prophetia

472 4184 576 4249 est,
618 4186 683 4238 ut
705 4181 1116 4254 praediximus.
1169 4183 1434 4239 Recitant
1490 4189 1689 4240 autem
1742 4185 1937 4256 ipsam
1987 4204 2133 4259 pon-

470 4270 661 4327 tiﬁces
713 4277 770 4327 et
804 4271 1010 4326 scribes.
1065 4271 1178 4326 sub
1234 4273 1688 4343 compendium.
1756 4274 1899 4329 Vide
1965 4292 2126 4347 ergo,

470 4375 605 4431 quae
630 4360 691 4415 in
716 4358 958 4415 laudem
995 4358 1291 4415 Bethleem
1326 4361 1607 4415 Dominus
1632 4377 1737 4433 per
1768 4362 2130 4434 prophetam

470 4449 939 4507 annuntiaverit.
1000 4449 1139 4512 Etsi,
1182 4450 1396 4521 inquit,
1438 4450 1567 4505 vilis
1607 4467 1867 4523 appares
1915 4453 1993 4509 ad
2042 4472 2131 4511 as-

2262 557 2321 613 δὲ
2382 564 2661 635 περιέμενε,
2722 565 2852 633 πρὸς
2900 566 2993 619 την
3044 565 3230 632 χρείαν
3298 560 3464 611 αὐτῶν
3521 564 3613 617 τῆν
3678 559 3863 611 ἑαυτοῦ

2258 653 2564 721 ποιούμενος
2626 656 2858 707 κίνησιν,
2938 653 3214 721 Τέταρτον,
3284 647 3383 700 ἀπὸ
3450 656 3541 699 τοῦ
3618 644 3861 720 βαδιζειν

2261 757 2532 811 πρόσγεια·
2595 738 2653 789 οὗ
2706 740 2805 812 γὰρ
2874 738 2933 788 ἄν
2988 734 3151 799 ἔδειξε
3202 739 3261 788 τό
3308 736 3421 809 (35)
3479 735 3751 799 σπήλαιον,
3816 736 3861 789 εἰ

2257 826 2633 900 παραπλησίως
2671 834 2775 886 τοῖς
2836 824 3008 887 ἄλλοις
3063 825 3321 898 ἄστροισιν
3368 824 3569 895 ὑψηλὸς
3621 824 3848 899 ἐφέρετο.

2259 914 2421 975 Οὗτος
2452 911 2529 981 δὲ,
2565 914 2717 966 ἐλθὼν
2749 917 2872 971 ἔστη
2903 916 3089 983 ἐπάνω,
3120 914 3179 967 οὗ
3214 911 3274 973 ἧν
3303 917 3361 965 τὸ
3397 910 3630 965 παιδίον.

2325 1092 2582 1152 Ἀκούσας
2629 1088 2688 1144 δὲ
2735 1123 2801 1132 —
2832 1091 2943 1164 μετ’
2991 1091 3172 1147 αὐτοῦ.
3205 1091 3263 1143 Ὀ
3306 1092 3395 1163 μὲν
3446 1087 3689 1165 Ἡρώδης
3732 1089 3856 1143 ἕτα-

2255 1182 2457 1255 ράχθη,
2502 1177 2775 1243 δειλιάσας
2810 1186 2926 1255 περὶ
2979 1190 3074 1241 τῆς
3115 1180 3388 1252 βασιλείας
3437 1180 3620 1232 ἑαυτοῦ
3666 1199 3718 1233 τε
3765 1186 3858 1232 καὶ

2255 1278 2354 1320 τῶν
2402 1266 2605 1321 παίδων
2651 1270 2831 1324 αὐτοῦ.
2881 1275 3036 1321 Πᾶσα
3084 1266 3141 1321 δὲ
3189 1271 3218 1327 ἡ
3276 1268 3438 1338 πόλις,
3494 1270 3523 1326 ἡ
3567 1268 3855 1341 καλουμένη

2253 1355 2604 1431 Ἱεροσόλυμα,
2658 1354 2804 1410 διατί
2843 1360 3156 1432 τετάρακται
3191 1374 3203 1423 ;
3237 1362 3410 1409 καίτοι
3439 1362 3649 1429 χαίρειν
3693 1357 3860 1415 αὐτὴν

2255 1441 2362 1496 ἔδει
2417 1446 2625 1516 μᾶλλον,
2680 1448 2759 1499 ὅτι
2817 1445 3057 1518 ἐγεννήθη
3110 1446 3287 1507 αὐτοῖς
3363 1444 3632 1518 βασιλεὺς,
3700 1447 3752 1497 ὃν
3808 1448 3864 1498 οἱ

2252 1543 2518 1606 προφῆται
2569 1533 2731 1587 πάλαι
2782 1535 3228 1607 προκατήγγειλαν
3261 1542 3474 1609 Σωτῆρα
3512 1538 3601 1585 καὶ
3642 1540 3862 1606 Λυτρω-

2251 1626 2345 1679 τὴν
2398 1630 2488 1674 τοῦ
2538 1622 2769 1697 Ἰσραὴλ,
2819 1629 2908 1675 καὶ
2948 1622 3428 1695 ἐγκαλλωπίζεσθαι
3464 1625 3531 1685 ὡς
3584 1623 3697 1695 (36)
3731 1642 3863 1694 συγ-

2250 1717 2427 1781 γενεῖς,
2471 1712 2550 1763 ὅτι
2587 1712 2736 1772 εὐθὺς
2776 1710 2830 1762 ἐκ
2864 1714 3175 1786 σπαργάνων
3206 1715 3327 1772 τούς
3374 1716 3579 1785 Πέρσας
3626 1710 3861 1763 εἵλκυσεν

2251 1798 2319 1857 εἰς
2369 1802 2757 1872 προσκύνησιν⁵
2808 1799 2914 1851 ἀλλ’
2972 1802 3000 1857 ἡ
3056 1798 3324 1872 βασκανία
3388 1799 3700 1871 τετύφλωκεν
3760 1799 3857 1851 αύ-

2250 1890 2391 1949 τούς,
2423 1892 2513 1939 καὶ
2558 1888 2705 1947 εὐθὺς
2753 1886 3063 1949 ἀκούσαντες
3119 1887 3513 1961 ἐταράχθησαν,
3556 1890 3728 1960 ὥσπερ
3765 1885 3853 1940 δε-

2251 1971 2504 2040 δοικότες,
2564 1980 2756 2047 μήποτε
2812 1981 3074 2049 σωτηρίας
3128 1979 3390 2047 τύχωσιν,
3462 1975 3596 2028 Αλλὰ
3652 1980 3855 2049 Πέρσαι

2247 2066 2358 2135 μὲν,
2418 2063 2701 2135 ἀλλογενείς
2754 2069 2909 2135 ὄντες,
2964 2065 3021 2117 ού
3082 2069 3233 2136 μόνον
3287 2065 3381 2116 οὐκ
3443 2064 3728 2136 ἐφθόνησαν
3776 2074 3853 2135 τῷ

2247 2153 2561 2223 γεννηθέντι,
2604 2151 2731 2204 ἀλλὰ
2774 2158 2863 2205 καὶ
2892 2152 2991 2205 ἀπὸ
3042 2162 3141 2206 τῶν
3172 2156 3403 2226 περάτων
3434 2161 3524 2213 τῆς
3550 2153 3853 2225 οἰκουμένης

2247 2245 2411 2314 μέχρι
2459 2248 2553 2303 τῆς
2606 2241 2831 2313 Βηθλεὲμ
2882 2239 3035 2300 ἦλθον
3094 2239 3166 2295 δι’
3222 2242 3400 2298 αὑτὸν,
3467 2238 3710 2294 Ἰονδκίοι
3766 2238 3847 2308 δε,

2251 2337 2518 2400 συγγενεῐ;
2554 2333 2923 2401 τυγχάνοντες,
2960 2336 3050 2383 καὶ
3078 2332 3364 2403 ἐφθόνησαν
3394 2330 3534 2400 αύτῷ
3557 2338 3647 2391 τῆς
3666 2328 3850 2396 δόξης,

2248 2417 2291 2469 εἰ
2317 2417 2490 2489 μελλοι
2519 2423 2678 2489 μέγας
2705 2421 2939 2488 ἔσεσθαι,
2967 2424 3055 2471 καὶ
3081 2424 3173 2477 τὴν
3201 2419 3426 2491 Βηθλεὲμ
3455 2418 3599 2491 ἐγγὺς
3620 2422 3850 2491 ἔχοντες,

2248 2505 2341 2556 οὐκ
2420 2505 2674 2565 ἀπῆλθον.
2787 2508 2938 2560 Ούτω
3023 2512 3113 2560 καὶ
3199 2510 3431 2583 φθονεροὶ
3536 2504 3668 2566 ἦσαν
3760 2513 3854 2561 καὶ

2251 2592 2488 2666 ὀκνηροί.

2321 2687 2421 2734 Καὶ
2482 2688 2789 2755 συναγαγὼν
2844 2714 2911 2726 -
2988 2686 3013 2735 6
3103 2687 3335 2758 Χριστὸς
3411 2690 3670 2755 γεννᾶται.
3748 2690 3852 2737 Καὶ

2246 2774 2349 2841 μὴν
2394 2772 2442 2822 οὶ
2492 2774 2667 2842 Μάγοι
2718 2772 2810 2824 οὐκ
2854 2770 3013 2839 εἶπον,
3049 2774 3128 2824 ὅτι
3185 2777 3269 2825 τὸν
3328 2777 3555 2846 Χριστόν
3591 2776 3837 2835 ζητοῦσι,

2247 2865 2363 2920 Πῶς
2394 2856 2480 2911 οὖν
2524 2862 2549 2911 ό
2595 2857 2836 2934 Ἡρώδης
2891 2866 3005 2935 περὶ
3059 2869 3150 2914 τοῦ
3202 2868 3432 2933 Χριστοῦ
3467 2860 3668 2934 Epona};
3707 2866 3850 2913 Διότι

2244 2947 2407 3000 πάλαι
2474 2949 2675 3015 ἤκουεν,
2751 2952 2831 3001 ὅτι
2897 2950 3065 3022 μέλλει
3126 2952 3436 3021 γεννηθῆναι
3507 2951 3532 3000 6
3618 2956 3850 3022 Χριστὸς

2247 3034 2494 3108 βασιλεὺς
2530 3046 2620 3089 τοῦ
2660 3037 2891 3112 Ἰσραὴλ,
2941 3044 3028 3090 καὶ
3082 3038 3227 3098 εὐθὺς
3269 3036 3518 3103 ἀκούσας,
3568 3039 3642 3091 ὅτι
3684 3038 3847 3110 βασι-

2243 3122 2357 3186 λεὺς
2415 3124 2650 3196 ἐγεννήθη
2720 3125 2767 3177 ἐν
2838 3123 3091 3198 Ἰουδαίᾳ,
3152 3132 3242 3178 καὶ
3313 3128 3393 3178 ὄτι
3446 3125 3614 3200 ἀστὴρ
3668 3135 3848 3180 τοῦτον

2245 3216 2474 3287 Πέρσαις
2530 3212 2773 3285 ἐμήνυσε,
2827 3223 3065 3281 συνῆκεν,
3127 3217 3205 3266 ὅτι
3259 3211 3404 3275 οὗτὸς
3447 3213 3586 3266 ἔστιν
3631 3216 3655 3266 6
3702 3213 3849 3286 λεγό-

2243 3320 2392 3372 μενος
2450 3306 2703 3374 Χριστὸς,
2775 3308 2863 3355 καὶ
2938 3303 3188 3373 συγκαλεί
3266 3307 3383 3364 τοὺς
3412 3302 3675 3377 ἀρχιερεῖς
3758 3308 3850 3356 καὶ

2244 3393 2364 3450 τοὺς
2419 3396 2763 3463 Γραμματεῑς,
2827 3393 2896 3453 ὡς
2950 3390 3043 3453 τὰς
3090 3395 3413 3467 προφητικάς
3476 3390 3693 3463 βιϐλους
3757 3397 3850 3445 καὶ

2241 3477 2423 3551 ῥήσεις
2457 3477 2574 3551 (37)
2610 3477 2702 3532 διὰ
2740 3484 2993 3553 στόματος
3046 3500 3280 3552 εχοντας,
3337 3485 3425 3532 καὶ
3484 3476 3709 3554 διερωτᾷ
3744 3488 3848 3532 ποῦ

2243 3568 2268 3617 6
2326 3572 2555 3641 Χριστός
2606 3575 2866 3639 γεννᾶται,
2924 3573 3205 3641 τουτέστιν,
3268 3568 3315 3620 ἐν
3369 3574 3502 3640 ποίῳ
3552 3575 3694 3640 τόπῳ
3752 3577 3850 3630 τῆς

2240 3663 2341 3726 γῆς
2391 3658 2705 3729 εὑρίσκεται,
2762 3659 2842 3709 ὅτι
2897 3664 3154 3729 γεννᾶται·
3212 3660 3261 3710 οἱ
3314 3654 3371 3710 δὲ
3420 3663 3509 3710 καὶ
3564 3660 3650 3709 τὸν
3690 3662 3847 3710 τόπον

2240 3743 2472 3815 λέγουσι,
2513 3751 2601 3798 καὶ
2635 3748 2880 3820 μάρτυρα
2928 3749 3229 3821 παράγουσι
3263 3750 3346 3799 τόν
3400 3752 3691 3819 προφήτην.
3726 3752 3842 3820 Χρὴ

2243 3829 2302 3885 δὲ
2361 3838 2654 3905 γινώσκειν,
2709 3836 2789 3887 ὅτι
2844 3834 3093 3907 ὀνομαστὶ
3143 3835 3257 3907 (38)
3320 3839 3549 3909 Χριστὸν
3602 3838 3688 3887 τὸν
3722 3842 3851 3911 Χρι-

2244 3924 2363 3973 στόν
2422 3930 2764 3998 φανερώτερον
2840 3932 2938 3976 τῶν
2997 3924 3161 3976 ἄλλων
3233 3932 3508 3997 προφητῶν
3568 3924 3593 3975 6
3656 3922 3850 3981 Δανιὴλ

2242 4008 2550 4083 ἀνέγραψεν.

2313 4101 2378 4151 Οἱ
2408 4096 2467 4151 δὲ
2495 4130 2565 4141 -
2613 4100 2848 4173 Ἰσραήλ.
2890 4104 3131 4172 Μιχαίου
3172 4103 3260 4173 μεν
3293 4102 3321 4160 ἡ
3356 4104 3667 4175 προφητεία,
3714 4101 3848 4153 καθ-

2240 4190 2304 4248 ὼς
2372 4186 2603 4261 ἀνωτέρω
2677 4185 3067 4262 δεδηλώκαμεν·
3132 4188 3515 4261 ἀπαγγέλλουσι
3566 4187 3624 4242 δὲ
3682 4190 3849 4248 αὐτὴν

2240 4276 2351 4328 κατ’
2410 4275 2656 4348 ἐπιτομὴν
2710 4279 2758 4329 οἱ
2817 4276 3084 4351 ἀρχιερεῖς
3139 4284 3229 4330 καὶ
3284 4285 3638 4351 Γραμματεῐς.
3710 4278 3853 4353 Ὀρα

2242 4361 2321 4431 δὲ,
2359 4366 2513 4417 ὁποῖα
2546 4370 2663 4439 περὶ
2718 4373 2809 4425 τῆς
2856 4367 3085 4439 Βηθλεὲμ
3134 4364 3226 4419 διὰ
3272 4374 3363 4419 τοῦ
3418 4372 3682 4442 προφήτου
3722 4385 3854 4439 προ-

2240 4459 2560 4525 ανεφώνησεν
2596 4456 2621 4505 6
2684 4458 2835 4521 Θεὸς,
2892 4458 2970 4507 ὅτι
3026 4456 3086 4509 Εἰ
3138 4461 3225 4508 καὶ
3282 4460 3339 4507 τό
3398 4462 3693 4527 φαινόμενον
3758 4454 3853 4507 εύ-

468 4541 731 4607 pectum,
760 4542 1054 4607 quantum
1083 4542 1283 4593 tamen
1323 4538 1401 4594 ad
1430 4539 1510 4604 id,
1561 4540 1727 4611 quod
1758 4542 1961 4597 animo
1991 4559 2129 4599 con-

2246 4541 2388 4604 τελής
2436 4544 2485 4594 εἷ
2544 4542 2682 4614 (39),
2736 4542 2864 4595 ἀλλὰ
2909 4564 2966 4615 γε
3014 4550 3071 4597 τό
3124 4548 3392 4617 νοούμενον
3441 4546 3534 4596 οὐκ
3583 4544 3847 4615 ἐλαχίστη

468 4625 703 4695 cipitur,
772 4640 895 4680 non
958 4640 1020 4680 es
1067 4625 1315 4683 minima
1357 4627 1507 4682 inter
1576 4628 1876 4700 principes
1944 4630 2129 4688 tribus

467 4713 647 4772 Juda.
693 4713 983 4780 Quaelibet
1040 4730 1303 4788 namque
1339 4715 1529 4779 tribus
1566 4716 1828 4773 diversos
1866 4716 2129 4778 habebat

465 4802 525 4859 in
558 4804 812 4875 propriis
853 4804 1183 4859 civitatibus
1240 4804 1562 4877 principes.
1613 4809 1679 4863 Et
1736 4823 1871 4863 vere
1929 4810 2128 4865 nomi-

465 4892 787 4950 natissima
814 4890 925 4948 fuit
963 4897 1097 4964 post
1126 4892 1449 4951 Salvatoris
1507 4894 1908 4955 Nativitatem.
1972 4898 2128 4963 Quo-

2237 4650 2318 4693 τις
2399 4633 2659 4703 ὑπάρχεις
2728 4631 2777 4685 ἐν
2847 4632 2990 4694 ὅλαις
3045 4641 3161 4694 ταῖς
3238 4636 3537 4706 ἡγεμονίαις
3598 4641 3689 4692 τῆς
3750 4640 3849 4685 τοῦ

2236 4717 2417 4774 Ἰούδα
2463 4720 2641 4793 φυλῆς.
2695 4720 2920 4781 Ἐκάστη
2990 4725 3091 4798 γὰρ
3160 4722 3289 4793 φυλὴ
3355 4716 3643 4797 διαφόρους
3702 4717 3851 4793 εἶχεν

2235 4810 2516 4881 ἡγεμονίας
2572 4808 2622 4861 ἐν
2679 4817 2789 4871 ταῖς
2840 4811 3050 4873 οἰκείαις
3104 4811 3307 4870 πόλεσι.
3364 4817 3463 4865 Καὶ
3515 4811 3671 4873 ὄντως
3731 4810 3851 4863 ὀνο-

2233 4900 2535 4970 μαστοτάτη
2586 4901 2783 4972 γέγονε,
2837 4902 2969 4973 μετὰ
3013 4905 3107 4961 τὴν
3158 4905 3395 4975 γέννησιν
3444 4907 3535 4955 τοῦ
3570 4907 3841 4973 Σωτῆρος.

1682 5071 1906 5140 Variae
1935 5072 2265 5142 lectiones
2315 5082 2380 5143 et
2418 5086 2620 5147 notae.

538 5238 654 5315 (35)
695 5240 935 5302 Καλύϐην
967 5237 1227 5315 appellat
1271 5238 1673 5315 Chrysostom.
1707 5243 1900 5315 t._VII,
1939 5259 1978 5315 p
2001 5246 2073 5299 88
2106 5262 2118 5311 ;

464 5312 758 5386 κατάλυμα,
794 5330 898 5369 seu
949 5312 1484 5386 diversoriumt’ide
1519 5330 1633 5386 suo
1672 5313 1904 5369 videtur
1939 5312 2123 5386 'adje-

464 5384 622 5464 cisse
634 5382 928 5464 interpres
968 5385 1309 5464 Hentenius.
1356 5384 1507 5464 _Yide
1546 5382 1697 5441 infra
1727 5386 1804 5464 ad
1843 5401 1994 5440 vers.
2035 5382 2115 5464 it.

537 5454 649 5528 (36)
683 5456 767 5509 Ita
797 5454 1112 5527 interpres.
1148 5455 1369 5527 Conjici
1394 5460 1592 5513 tamen
1613 5457 1827 5529 possit,
1858 5462 2114 5530 συγγενεῖ.

2230 5248 2699 5327 Moa‘tamenest
2728 5247 3023 5327 ἀλλογενεῐς
3042 5252 3100 5327 et
3134 5266 3340 5309 rursus
3373 5255 3659 5327 συγγενεῖς.

2301 5323 2417 5394 (3ῖ)
2458 5325 2558 5394 Ital
2584 5320 2777 5394 ῥήσεις,
2812 5321 3031 5394 omittit
3058 5321 3126 5394 ᾼ.

2299 5389 2415 5464 (38)
2454 5389 2770 5447 Hentenius
2807 5392 3038 5464 videtur
3074 5393 3290 5464 legisse
3327 5400 3477 5454 Θεὸν.

2299 5462 2416 5535 (39)
2460 5467 2652 5531 Δοκεῖς,
2677 5478 2789 5537 pro
2820 5463 2883 5519 εἷ.
2922 5470 2986 5519 Δ.

532 5601 604 5680 (ο)
634 5602 1008 5665 Accederent.
1040 5602 1285 5663 Videtur
1306 5604 1523 5678 legisse
1553 5604 1800 5682 ἐπῆλθον,
1831 5608 1999 5683 quod
2025 5622 2136 5667 non

2249 5608 2481 5686 splicei.
