4110 6394
202 360 283 419 Uti

210 490 467 543 Ἐιάστοτε
524 491 637 561 γὰρ
710 490 768 541 ἐκ
803 490 1044 563 περάτων
1108 499 1201 553 τῆς
1257 491 1559 564 οἰκουμένης
1638 494 1822 567 ἔρχον-
1850 493 1897 547 Α

219 600 291 631 ται
322 581 517 636 ταύτην
565 577 842 652 ὀψόμενοι,
892 583 987 631 καὶ
1035 584 1488 654 προσκυνήσοντες
1516 584 1601 633 τὸν
1643 586 1820 650 τόπον,

217 670 323 721 hac:
381 669 408 719 6
466 672 708 739 Χριστὸς
775 671 1101 738 γεγέννηται.
1154 666 1282 721 Εἶτα
1341 671 1525 727 τίθησι
1577 675 1667 723 καὶ
1727 676 1822 729 τὴν

220 759 380 810 αἰτίαν
447 765 550 817 τῆς
601 753 963 819 ἐνδοξὸτητοςο
1033 759 1111 809 ὅτι
1170 756 1256 809 Ἐκ
1324 765 1416 809 σοῦ
1483 757 1820 829 ἐξελεύσεται,

218 850 373 897 εἷτουν
407 843 725 917 βλαστήσει,
772 846 1071 917 ἡγούμενος.
1124 844 1435 917 Ἠγούμενον
1491 842 1549 899 δὲ
1585 848 1696 919 (40)
1733 853 1821 901 καὶ

219 938 433 1005 ποιμένα
489 932 701 986 ἐκάλεσε
759 938 849 985 τὸν
906 933 1145 1006 βασιλέα.
1195 934 1253 987 Ὀ
1306 937 1406 1008 γὰρ
1472 940 1703 1009 Χριστὸς
1761 934 1821 995 ἦν

215 1026 301 1093 μὲν
346 1024 461 1092 (41)
515 1020 788 1093 βασιλεύς,
839 1027 930 1074 καὶ
982 1025 1051 1083 ὡς
1098 1026 1248 1083 Θεὸς,
1297 1022 1357 1075 Ἦ
1408 1021 1654 1095 βασιλεία
1695 1028 1819 1097 γὰρ,

222 1116 405 1180 φησιν,
471 1112 502 1167 ἡ
538 1109 633 1182 ἐμὴ
668 1110 762 1161 οὐκ
815 1113 952 1163 ἔστιν
998 1108 1051 1162 εκ
1108 1118 1199 1162 τοῦ
1253 1116 1455 1183 κόσμου
1502 1115 1705 1164 τούτου·
1761 1111 1820 1170 ἦν

216 1196 274 1250 δ¹ε
315 1201 527 1264 καὶ,ως
577 1200 869 1269 ἄνθρωπος.
932 1197 1055 1269 Εἶχε
1105 1201 1207 1273 γὰρ
1267 1202 1394 1270 ξογα
1442 1198 1722 1271 βασιλέως,
1762 1204 1819 1253 τὸ

208 1290 502 1358 νομοθπεῐν
561 1294 673 1346 τοῖς
728 1289 978 1347 ὑπηκόοις
1042 1287 1219 1353 αὐτοῦ,
1281 1292 1341 1339 τὸ
1394 1289 1689 1363 ῥυθμίζειν,
1760 1292 1820 1341 τὸ

211 1381 492 1449 περιέπειν,
569 1380 628 1427 τὸ
702 1376 1177 1447 ὁπεραποθνήσκειν
1232 1375 1423 1443 αὐτῶν,
1489 1377 1523 1429 ἄ
1588 1377 1823 1449 μάλιστα

206 1464 684 1538 χαροατηρίζουσι
724 1469 811 1517 τὸν
840 1462 1004 1522 ἀληθῆ
1040 1462 1280 1536 βασιλέα.
1311 1469 1380 1517 T6
1410 1468 1512 1539 γὰρ
1553 1462 1818 1538 διάδημα,

208 1558 297 1605 καὶ
348 1555 381 1611 ἦ
424 1558 703 1625 πορφυρὶς,
760 1555 954 1605 καὶτὰ
997 1560 1237 1623 τοιαῦτα,
1282 1556 1447 1625 τύφου
1494 1553 1685 1626 μᾶλλον
1733 1558 1823 1608 καὶ

208 1641 519 1704 ἀλαζονείας
545 1642 670 1695 εἰσί.

284 1736 391 1783 Καὶ
429 1738 541 1789 πῶς
575 1727 708 1781 εἶπεν
760 1728 916 1781 αὐτὸν
964 1734 1182 1803 ποιμένα
1232 1737 1325 1783 τοῦ
1380 1730 1628 1806 Ἰσραήλ;
1683 1734 1824 1804 σύμ-

212 1838 391 1871 πασαν
449 1820 554 1891 γὰρ
603 1822 697 1876 τὴν
775 1818 1078 1890 οἰκουμένην
1151 1818 1415 1891 ἐποίμανε.
1478 1827 1633 1888 Πῶς;
1712 1820 1825 1875 Ἵνα

217 1914 289 1979 μὴ
353 1903 815 1959 σιανδαλισθῶσιν
877 1903 1150 1971 Ἰουδαῖοι,
1213 1911 1277 1968 ὡς
1333 1905 1500 1980 μηδέν
1567 1928 1620 1961 τι
1674 1908 1823 1962 πλέον

218 2004 321 2046 τῶν
366 1996 531 2047 ἄλλων
561 1998 790 2065 ἔχοντες,
840 1993 946 2047 ἀλλ’
989 1997 1070 2047 ἵνα
1098 1996 1287 2067 μᾶλλον
1343 2000 1541 2067 ἔχωσιν
1587 1996 1823 2071 ἀφορμὴν

1855 1845 1895 1901 Β

216 2086 553 2148 οἱαειὼσεως,
582 2085 689 2135 ἐπεὶ
736 2088 824 2135 καὶ
886 2082 939 2146 ἒξ
1005 2084 1172 2136 αὐτῶν
1208 2083 1516 2156 ἐϐλάστησε,
1564 2092 1654 2138 καὶ
1701 2087 1823 2160 παρ’

210 2174 394 2234 αὐτοῖς
445 2174 563 2245 (42)
594 2172 856 2243 ἐγεννήθη.
899 2172 960 2225 Εἰ
1017 2170 1075 2225 δέ
1116 2193 1196 2234 τις
1226 2176 1381 2226 εἴποι·
1434 2179 1535 2228 Καί
1582 2183 1690 2236 πῶς
1730 2176 1824 2227 οὐκ

211 2260 491 2333 Excisum”
562 2262 675 2332 (43)
728 2261 949 2328 αύτούς;
1015 2262 1157 2314 οὗτοι
1221 2265 1323 2335 γὰρ
1379 2263 1509 2315 εἰσιν
1586 2264 1821 2338 Ἰσραὴλ’

208 2349 453 2415 ἀκούσει,
506 2351 587 2401 ὅτι
641 2355 729 2401 καὶ
794 2356 946 2402 τοῦτο
1002 2354 1302 2409 πεποίηκεν.
1381 2350 1536 2403 Ὀσοι
1595 2355 1695 2427 γὰρ
1772 2351 1825 2416 ἐξ

208 2438 385 2489 αὐτῶν
459 2436 795 2505 ἐπέστωσαν,
878 2437 1122 2509 ἐποίμαινε
1209 2442 1443 2509 τούτους,
1500 2439 1697 2503 Ἀλλως
1770 2460 1825 2494 τε

212 2524 293 2593 δι,
335 2527 556 2597 Ἰσραήλ
604 2525 717 2578 ἐστι
754 2533 859 2590 πᾶς
886 2523 1036 2587 εἰδὼς
1091 2530 1238 2582 Θεόν.
1294 2527 1508 2602 Ἰσραὴλ
1536 2530 1635 2601 γὰρ
1667 2529 1824 2602 ἑρμη-

207 2619 433 2682 νεύεται,
495 2616 627 2687 ὀρῶν
695 2621 845 2669 Θεὸν.
918 2621 1054 2675 Φησὶ
1104 2620 1204 2689 γὰρ
1255 2617 1281 2667 6
1332 2616 1549 2682 Παῦλος,
1596 2618 1677 2669 ὅτι
1746 2618 1823 2670 Ού

208 2707 402 2765 πάντες
468 2706 519 2755 οἱ
587 2702 642 2766 ἐξ
694 2704 928 2778 Ἰσραὴλ,
1015 2704 1158 2757 οὗτοι
1230 2705 1460 2777 Ἰσραήλ.
1526 2706 1583 2757 Εἰ
1639 2702 1699 2758 δὲ
1747 2711 1819 2778 μὴ

210 2796 411 2854 πάντας
468 2796 589 2853 τοὺς
653 2792 923 2865 Ἐϐραίους
987 2792 1275 2865 ἐποίμαινεν,
1331 2792 1530 2846 ἐκείνων
1594 2793 1706 2846 ἐστὶ
1763 2798 1820 2847 τὸ

214 2883 476 2955 ἔγκλημα,
536 2887 607 2953 μὴ
677 2882 1000 2938 Θελησάντων
1057 2882 1142 2933 ὑπ’
1184 2881 1345 2934 αύτοῦ
1415 2884 1811 2954 ποιμαίνεσθαι,

216 2975 409 3043 εἴρηκε
425 2972 550 3047 γάρ’
586 2969 696 3021 Ούκ
736 2968 1054 3035 ἀπεστάλην,
1088 2970 1131 3022 εἰ
1177 2974 1248 3042 μὴ
1281 2970 1348 3031 εἰς
1375 2973 1443 3022 τὰ
1492 2971 1733 3046 πρόϐατα
1757 2976 1823 3025 τὰ

216 3058 529 3115 ἀπολωλότα
552 3062 695 3111 οἴκου
726 3058 963 3133 Ἰσραήλ.
1003 3062 1103 3110 Καὶ
1132 3059 1158 3110 6
1190 3058 1554 3130 εύαγγελιστὴς
1581 3056 1641 3113 δε
1663 3080 1821 3133 φησιν

218 3148 484 3216 Ἰωάννης,
527 3150 609 3203 ὁτι
634 3146 722 3208 Εἰς
745 3150 811 3200 τὰ
836 3143 955 3200 ἴδια
984 3142 1124 3216 ἦλθε,
1156 3151 1246 3199 καὶ
1295 3150 1345 3200 οἱ
1394 3144 1526 3201 ἴδιοι
1570 3148 1723 3201 αὐτὸν
1762 3149 1821 3202 ού

215 3235 528 3310 παρελοιϐον.

283 3412 573 3467 Κάνταῦθα
650 3409 710 3466 δε
771 3420 1156 3488 κακουργοῦσιν
1233 3410 1487 3468 Ἰουδαῖοι
1565 3413 1820 3486 λέγοντες,

211 3504 289 3554 ὅτι
346 3508 469 3575 περὶ
519 3509 613 3553 τοῦ
664 3501 954 3574 Ζοροϐάϐελ
1002 3500 1111 3555 εἶπε
1176 3510 1342 3555 ταῦτα
1408 3505 1437 3561 ἡ
1500 3509 1812 3576 προφητεία.

212 3596 359 3665 Πρὸς
389 3591 478 3650 οὖς
522 3610 706 3662 φαμεν,
763 3593 843 3642 ὅτι
890 3596 982 3645 καὶ
1036 3595 1137 3663 μὴν
1191 3592 1216 3642 6
1279 3590 1569 3667 Ζοροϐάϐελ
1636 3592 1729 3644 ούκ
1774 3592 1822 3644 ἐν

213 3682 463 3750 Βηθλεὲμ,
523 3678 633 3730 ἀλλ’
677 3678 725 3730 ἐν
771 3679 1035 3735 Βαϐυλῶνι
1087 3683 1411 3751 γεγέννηται.
1458 3684 1525 3733 Σύ
1571 3678 1630 3733 δὲ
1690 3683 1822 3733 θαύ-

211 3788 382 3839 μασον
441 3773 542 3826 τὴν
584 3767 877 3840 οἰκονομίαν
941 3777 1033 3821 τοῦ
1095 3776 1247 3841 Θεοῦ,
1327 3778 1435 3831 πῶς
1501 3773 1822 3842 παρεσκεύα-

215 3877 296 3910 σεν
327 3860 435 3909 ὑπὸ
482 3859 577 3928 μὲν
609 3865 707 3907 τῶν
754 3859 945 3928 Μάγων
985 3854 1321 3930 διδαχθῆναι
1354 3862 1476 3921 τοὺς
1506 3855 1820 3924 Ἰουδαίους,

212 3948 291 3998 ὅτι
346 3950 442 3997 καὶ
491 3944 663 4018 ἀστὴρ
715 3950 801 3998 τὸν
856 3950 1086 4021 Χριστὸν
1149 3946 1414 4023 ἐκήρυξεν,
1469 3948 1569 4000 ὑπὸ
1611 3944 1671 3999 δε
1723 3955 1823 3998 τῶν

213 4031 490 4087 Ἰουδαίων
545 4038 664 4094 τοὺς
723 4037 958 4107 Μάγους,

211 4121 691 4195 προκπήγγειλαν.

279 4218 410 4265 Τότε
487 4207 1045 4287 Ἡρώδης-ἀστέρος.
1135 4216 1282 4265 Διατί
1356 4211 1525 4286 λάθρα
1610 4213 1824 4273 τούτους

207 4300 465 4365 habet;
527 4295 665 4350 διότι
693 4301 961 4352 ὑπώπτευε
990 4304 1111 4361 τοὺς
1166 4296 1473 4367 Ἰουδαίους,
1515 4303 1586 4362 ὡς
1635 4319 1823 4372 συγγε-

206 4398 308 4451 νεῖς
346 4396 446 4439 τοῦ
488 4394 746 4459 Χριστοῦ,
786 4393 874 4440 καὶ
908 4388 1002 4440 οὐκ
1058 4388 1233 4447 ἤθελεν
1288 4388 1489 4441 ἀκούειν
1551 4389 1759 4458 αύτούς,
1790 4388 1826 4441 οἷ

1036 4036 1118 4087 ὅτι
1187 4040 1277 4089 καὶ
1330 4043 1596 4109 προφῆται
1640 4042 1821 4088 τοῦτον

207 4478 411 4549 ἔμελλεν
462 4474 728 4549 ἐρωτῆσαι
756 4482 847 4528 καὶ
884 4478 1251 4550 παραγγεῖλαι,
1285 4483 1483 4550 μήποτε
1523 4482 1820 4545 νοήσαντες,

207 4569 281 4619 ὃτι
305 4565 639 4618 ἐπιϐουλεύει
662 4565 817 4635 αύτῷ,
843 4562 1105 4619 διασῶσιν
1125 4567 1303 4635 αὐτὸν,
1324 4570 1393 4629 ὡς
1416 4562 1475 4619 id"
1482 4586 1554 4619 ιον
1578 4566 1821 4639 βασιλέα.
1856 4551 1900 4605 D

208 4654 518 4730 Ἠκρίϐωσε
550 4650 632 4722 δε,
665 4653 780 4706 ἀντὶ
804 4662 895 4706 τοῦ
929 4654 1180 4729 Ἀκριϐὠς
1215 4657 1419 4727 ἔμαθεν.
1449 4654 1740 4728 Ἧκρίϐωσε
1768 4652 1826 4707 δε

204 4749 288 4797 τὸν
320 4749 528 4819 χρόνον
570 4750 660 4795 τοῦ
695 4741 926 4817 ἀστέρος,
972 4746 1055 4797 ὅτε
1090 4743 1248 4817 ἐφάνη
1282 4744 1475 4817 αὐτοῖς,
1510 4745 1593 4796 ἶνα
1639 4742 1825 4796 ἐκεῖθεν

200 4834 488 4907 ἀριθμήσῃ
544 4836 629 4884 τὸν
680 4836 875 4906 χρόνον
925 4842 1015 4893 τῆς
1074 4842 1165 4885 τοῦ
1225 4840 1463 4907 Χριστοῦ
1518 4837 1821 4904 γεννήσεως.

203 4919 591 4999 Προσεδὸκησε
632 4925 755 4995 γὰρ,
811 4923 892 4974 ὅτι
942 4924 1022 4975 ὅτε
1051 4921 1201 4985 οὗτος
1236 4920 1416 4995 ἐφάνη,
1453 4926 1569 4975 τότε
1619 4923 1827 4983 πάντως

202 5012 453 5084 ἑγεινήθη
487 5017 578 5065 καὶ
604 5013 632 5064 ὁ
661 5016 917 5085 Χριστός.

271 5195 322 5231 ²’
344 5194 518 5253 Joan.
557 5206 716 5262 xvm,
747 5192 842 5249 36.
920 5189 969 5228 ⁸ο
999 5190 1169 5249 Rom.
1200 5206 1278 5258 1x,
1302 5189 1357 5247 6.

1212 362 1582 422 COMMFNT.
1623 365 1697 422 ΙΝ
1737 363 2190 421 ΜΑΤΤΗιιΕυΜ.
2224 395 2293 405 -
2318 360 2472 421 CAP.
2502 364 2572 421 ΙΙ.

1433 5191 1479 5226 ³¹
1512 5187 1733 5249 Matth.
1768 5202 1862 5255 xv,
1894 5187 1986 5244 24.

3488 366 3592 425 142

1934 490 2074 547 tidie
2125 490 2284 546 enim
2338 490 2417 547 ab
2476 489 2758 547 universo
2828 490 2974 549 orbe
3033 490 3342 558 accedunt,
3393 492 3590 565 ipsam

1931 579 2136 647 visuri,
2169 579 2512 652 locumque,
2560 579 2664 635 ubi
2715 580 2977 636 Christus
3033 585 3214 637 natus
3248 585 3355 648 est,
3378 582 3591 641 adora-

1931 669 2066 724 turi.
2119 669 2338 724 Deinde
2389 684 2627 739 magnas
2678 670 2852 726 famae
2913 685 2983 726 ac
3031 670 3296 726 nominis
3344 686 3590 728 causam

1930 758 2133 829 ponit:
2172 759 2268 814 Ex
2296 763 2352 813 te
2398 757 2552 814 enim
2608 756 2805 824 exibit,
2854 758 2968 814 hoc
2998 762 3104 825 est,
3135 764 3413 815 nascetur
3438 761 3587 817 dux.

1932 848 2152 901 Ducem
2184 851 2386 902 autem
2427 862 2497 901 ac
2563 851 2867 918 pastorem
2918 846 3041 903 sive
3100 852 3411 914 rectorem,
3446 849 3592 906 dixit

1929 948 2153 1004 regem.
2204 937 2352 990 Nam
2411 934 2671 991 Christus
2726 940 2781 991 et
2832 936 3167 991 secundum
3225 936 3590 994 divinitatem

1930 1025 2051 1078 Rex
2101 1028 2265 1091 erat;
2320 1024 2585 1092 Regnum
2636 1023 2763 1096 (ait)
2822 1040 3011 1081 meum
3068 1041 3187 1081 non
3230 1030 3315 1081 est
3361 1040 3437 1082 ea:
3480 1025 3591 1083 hoc

1928 1113 2146 1167 mundo
2173 1114 2252 1177 ’9;
2285 1115 2343 1166 et
2383 1112 2717 1167 secundum
2775 1112 3215 1169 humanitatem
3245 1130 3259 1168 :
3292 1113 3592 1185 siquidem

1930 1200 2085 1269 regis
2118 1200 2432 1256 exercebat
2454 1216 2658 1272 opera,
2687 1200 2847 1273 leges
2875 1201 3149 1257 videlicet
3169 1201 3427 1258 subditis
3447 1218 3594 1259 con-

1930 1289 2101 1354 dens,
2136 1289 2437 1359 corrigens
2495 1288 2623 1344 illos
2673 1306 2741 1345 ac
2794 1288 3029 1356 fovens,
3082 1293 3140 1345 et
3186 1304 3296 1361 pro
3353 1289 3437 1345 eis
3468 1306 3593 1345 mo-

1928 1377 2120 1432 riens:
2150 1393 2287 1448 qua;
2346 1379 2608 1433 maxime
2650 1393 2811 1442 eum,
2863 1378 2968 1448 qui
3019 1393 3152 1433 vere
3205 1392 3308 1432 rex
3339 1381 3453 1446 est,
3506 1378 3593 1433 in-

1933 1465 2221 1535 signiunt.
2276 1466 2559 1522 Diadema
2605 1466 2768 1521 enim
2799 1473 2856 1522 et
2912 1480 3204 1537 purpura,
3232 1465 3588 1539 reliquaque

1932 1553 2168 1622 similia,
2198 1554 2389 1611 fastus
2421 1554 2616 1625 magis
2650 1558 2791 1610 sunt
2821 1558 2876 1611 et
2906 1556 3296 1627 arrogantiae.

2005 1731 2321 1797 Quomodo
2359 1735 2562 1788 autem
2614 1747 2755 1788 eum
2801 1730 2953 1787 dixit
2996 1735 3303 1804 pastorem
3349 1731 3473 1788 sive
3502 1747 3591 1788 re-

1934 1823 2158 1876 ctorem
2184 1819 2363 1875 Israel
2394 1820 2740 1892 (utrumque
2788 1819 2950 1876 enim
3001 1820 3301 1890 signiﬁcat
3335 1820 3594 1877 verbum

1932 1911 2214 1980 ποιμαίνω,
2270 1911 2327 1963 et
2358 1923 2559 1979 regere
2606 1912 2663 1964 et
2711 1908 3001 1980 pascere),
3049 1924 3189 1963 cum
3244 1907 3591 1965 universam

1933 1997 2164 2067 paverit
2217 1996 2422 2051 orbem
2476 1994 2504 2050 ?
2563 1995 2643 2052 Ne
2705 1995 3089 2052 ofiendantur
3144 1996 3353 2063 Judaei,
3420 1996 3593 2068 quasi

1934 2084 2161 2139 caeteris
2199 2083 2344 2138 nihil
2389 2082 2648 2154 amplius
2699 2084 3016 2148 habentes,
3067 2084 3167 2139 sed
3206 2084 3594 2140 occasionem

1932 2172 2131 2241 magis
2158 2171 2424 2227 habeant
2456 2172 2875 2229 familiaritatis
2932 2173 2983 2242 ej
2996 2188 3095 2227 us:
3125 2173 3286 2245 quod
3312 2173 3391 2229 ab
3442 2173 3595 2244 ipsis

1934 2260 2261 2330 genitus,et
2287 2261 2448 2331 apud
2477 2277 2579 2316 eos
2610 2264 2790 2317 natus
2813 2260 2973 2316 sit.Si
3004 2261 3137 2332 quis
3167 2265 3366 2316 autem
3390 2261 3550 2317 dicat
3577 2278 3590 2316 :

1934 2348 2248 2414 Quomodo
2274 2364 2417 2418 ergo
2449 2348 2576 2404 illos
2600 2365 2721 2405 non
2741 2350 2925 2421 pavit,
2942 2365 3080 2404 cum
3106 2349 3223 2405 sint
3245 2349 3357 2420 ipsi
3376 2348 3597 2406 Israel?

1932 2437 2170 2501 Audiat,
2224 2438 2392 2509 quod
2427 2437 2607 2493 etiam
2647 2438 2756 2493 hoc
2808 2437 2988 2503 fecit;
3040 2438 3199 2509 pavit
3253 2438 3413 2493 enim
3463 2438 3596 2494 illos

1930 2526 2037 2597 qui
2082 2540 2154 2580 ex
2194 2526 2340 2596 ipsis
2396 2526 2832 2591 crediderunt;
2893 2525 3111 2597 alioqui
3177 2526 3354 2582 etiam
3416 2526 3596 2583 Israel

1933 2620 2024 2669 est
2048 2615 2247 2671 omnis
2277 2615 2377 2687 qui
2406 2614 2562 2671 videt
2588 2617 2793 2670 Deum.
2827 2614 3010 2670 lsrael
3048 2630 3337 2687 namque,
3382 2614 3433 2671 si
3463 2615 3596 2687 quis

1932 2703 2369 2775 interpretetur,
2394 2703 2555 2758 idem
2594 2709 2768 2759 sonat
2793 2703 2960 2775 quod
3014 2703 3217 2759 videns
3264 2705 3467 2759 Deum.
3508 2703 3597 2758 Di-

1932 2792 2009 2848 cit
2058 2796 2257 2848 autem
2306 2792 2528 2848 Paulus
2558 2809 2571 2847 :
2627 2792 2761 2847 Non
2812 2808 3003 2848 omnes
3024 2794 3129 2863 qui
3159 2793 3234 2849 ab
3263 2792 3453 2848 Israel
3477 2792 3597 2847 des-

1933 2880 2199 2945 cendunt,
2244 2881 2308 2937 hi
2326 2888 2454 2936 sunt
2482 2880 2779 2937 Israel-itas
2806 2883 2873 2935 ³ο.
2911 2880 3080 2945 Quod
3138 2881 3185 2935 si
3233 2896 3357 2936 non
3382 2896 3595 2937 omnes

1931 2969 2096 3040 pavit
2113 2968 2415 3032 Hebraeos,
2449 2968 2685 3024 illorum
2712 2968 2891 3039 culpa
2919 2973 3026 3038 est,
3063 2968 3165 3040 qui
3197 2968 3275 3025 ab
3315 2984 3384 3025 eo
3429 2968 3594 3040 pasci

1931 3056 2263 3113 noluerunt.
2296 3056 2459 3113 Dixit
2488 3056 2679 3123 enim;
2716 3057 2854 3112 Non
2907 3072 3035 3112 sum
3073 3058 3293 3124 missus,
3366 3056 3483 3112 nisi
3512 3057 3595 3113 ad

1931 3161 2057 3203 oves
2085 3145 2343 3216 perditas
2386 3146 2594 3201 domus
2642 3145 2826 3201 Israel
2862 3146 2930 3197 ³1.
2983 3144 3360 3215 Evangelista
3386 3149 3592 3201 autem

1930 3236 2211 3291 Joannes.
2254 3234 2323 3289 In
2361 3249 2488 3300 sua,
2553 3234 2762 3306 inquit,
2811 3234 2990 3304 venit,
3061 3239 3115 3290 et
3154 3232 3245 3287 sui
3276 3248 3410 3289 eum
3467 3248 3589 3289 non

1932 3330 2279 3392 receperunt
2314 3324 2381 3378 ³³.

2004 3415 2123 3467 Ηοο
2138 3427 2381 3484 quoque
2411 3410 2747 3484 depravant
2779 3410 2806 3465 J
2818 3410 2990 3477 udasi,
3012 3410 3298 3475 dicentes,
3322 3410 3397 3466 de
3418 3412 3592 3467 Zoro-

1931 3500 2106 3557 babel
2132 3501 2399 3556 locutam
2426 3517 2554 3555 esse
2583 3500 2983 3573 prophetiam.
3018 3499 3245 3565 Quibus
3270 3515 3381 3554 nos
3430 3515 3461 3554 e
3505 3499 3593 3555 di-

1932 3606 2104 3647 verso
2134 3590 2402 3660 dicimus,
2446 3590 2774 3645 Zorobabel
2816 3605 2934 3644 non
2986 3588 3047 3643 in
3104 3588 3418 3651 Bethleem,
3486 3588 3593 3644 sed

1931 3679 1993 3734 in
2026 3678 2344 3751 Babylonia
2409 3684 2620 3734 natum
2652 3694 2799 3733 esse.
2842 3680 2926 3734 Tu
2958 3694 3100 3733 vero
3146 3680 3243 3733 Dei
3291 3676 3591 3734 admirare

1932 3767 2431 3838 gubernationem
2458 3784 2471 3822 :
2498 3767 2808 3839 quomodo
2834 3765 3149 3831 ordinavit,
3181 3782 3215 3822 a
3241 3766 3423 3837 Magis
3461 3766 3593 3838 qui-

1931 3856 2073 3913 dem
2115 3856 2310 3912 doceri
2374 3855 2641 3918 Judaeos,
2693 3856 2852 3927 quod
2907 3854 3106 3927 ipsum
3163 3854 3333 3910 stella
3377 3853 3594 3925 praedi-

1933 3946 2149 4001 caverit
2174 3960 2185 3998 :
2223 3960 2259 4000 a
2287 3944 2508 4000 Judaeis
2530 3950 2721 4000 autem
2747 3946 2971 4013 Magos,
3002 3942 3168 4016 quod
3198 3947 3255 3999 et
3286 3942 3590 4015 prophetae

1932 4032 2131 4107 ipsum
2158 4033 2710 4105 praenuntiaverint.

2004 4213 2167 4266 Vers.
2189 4210 2243 4265 7.
2273 4211 2426 4267 Tunc
2454 4210 2702 4266 Herodes
2741 4208 3027 4265 —stellas.
3064 4207 3255 4273 Quare
3284 4205 3396 4263 hos
3428 4204 3586 4264 clam

1931 4300 2221 4356 vocavit?
2245 4299 2393 4363 Quia
2437 4304 2750 4370 suspectos
2797 4297 3059 4353 habebat
3087 4296 3346 4361 Judeeos,
3380 4311 3589 4367 nempe

1934 4386 2145 4443 Christi
2171 4392 2454 4457 cognatos
2484 4403 2495 4442 :
2530 4402 2639 4441 nec
2690 4385 2952 4449 volebat,
3018 4390 3082 4440 ut
3115 4385 3232 4457 ipsi
3294 4383 3586 4449 audirent,

1933 4492 2070 4547 qua:
2097 4476 2567 4543 interrogaturus
2583 4478 2683 4530 aut
2713 4480 3119 4544 praecepturus
3145 4476 3272 4527 erat
3302 4488 3409 4527 :ne
3439 4470 3589 4528 forte

1936 4564 2327 4633 intelligentes
2345 4562 2511 4635 quod
2532 4563 2584 4618 ei
2606 4561 3001 4627 insidiaretur,
3031 4565 3337 4617 servarent
3362 4560 3586 4633 ipsum,

1934 4658 2225 4723 tanquam
2256 4651 2569 4723 proprium
2600 4665 2819 4720 regem.
2864 4652 3080 4705 Exacte
3120 4655 3322 4704 autem
3350 4649 3589 4720 perqui-

1936 4738 2091 4807 sivit,
2125 4739 2245 4795 sive
2270 4739 2474 4794 didicit
2520 4744 2761 4810 tempus
2821 4736 3021 4801 stellaa,
3077 4736 3325 4808 quando
3370 4735 3590 4793 scilicet

1936 4830 2021 4886 eis
2051 4829 2415 4905 apparuerit,
2444 4832 2506 4883 ut
2535 4828 2674 4883 inde
2711 4831 2951 4898 tempus
3000 4823 3329 4881 Nativitatis
3380 4825 3590 4881 Christi

1935 4923 2297 4977 numeraret.
2354 4916 2637 4988 Cogitavit
2683 4915 2865 4982 enim,
2926 4919 3068 4970 tunc
3116 4913 3327 4986 procul
3400 4912 3587 4969 dubio

1936 5013 2148 5065 natum
2186 5022 2314 5065 esse
2344 5006 2664 5072 Christum,
2712 5004 2953 5077 quando
2982 5001 3154 5060 stella
3201 5008 3584 5075 apparuerat.

2063 5187 2112 5223 ³³
2142 5186 2315 5243 Joan.
2347 5185 2389 5258 Ι,
2411 5185 2501 5243 11.

1432 5392 1653 5468 Variae
1677 5391 2009 5463 lectiones
2043 5400 2111 5461 et
2138 5397 2345 5459 notze.

249 5608 353 5691 (ιο)
381 5613 463 5681 Ai,
493 5603 734 5695 omittit
769 5598 845 5656 Α.
1250 5664 1263 5683 ι

249 5687 357 5726 rm
398 5686 540 5726 βοαί
569 5698 691 5726 m-
724 5684 956 5726 rursus
982 5663 1166 5726 habet
1190 5686 1294 5726 ναρ
1328 5667 1376 5725 Δ

245 5682 357 5763 (41)
393 5686 540 5744 Post
562 5682 691 5759 μέν,
724 5684 956 5733 rursus
982 5682 1166 5726 nabat
1190 5682 1294 5747 γαρ
1328 5682 1396 5725 Α.

2149 5586 2395 5660 Ἐγενήθη
2428 5590 2498 5644 Α.

2143 5654 2422 5743 Ἐποίμανε
2449 5654 2668 5740 τούτους
2696 5657 2775 5744 ΑΣ

1998 5588 2117 5743 ἒέἓέ
