4110 6424
517 402 620 461 143

1832 399 2182 458 EUTHYMII
2224 392 2555 458 ZIGABENI
3760 393 3845 457 144

580 529 741 584 Vers.
770 528 824 582 8.
855 526 937 582 Et
978 524 1166 582 missis
1192 524 1318 582 illis
1352 552 1421 567 -—
1464 524 1701 582 adorem
1728 541 1854 582 eum
1886 526 2029 582 Vide
2054 526 2157 583 do-

2341 530 2443 580 Καὶ
2516 524 2726 598 πέμψας
2775 524 2964 586 αύτους
3003 556 3071 565 -
3102 528 3455 598 προσκυνήσω
3529 524 3687 595 αύτῷ.
3732 524 3849 598 Ὀρα

509 617 637 674 lum
670 616 938 682 Herodis,
983 620 1039 671 et
1089 615 1404 672 considera
1455 614 1584 686 ejus
1622 615 2045 686 insipientiam.
2105 618 2160 672 Si

514 706 676 762 enim
708 720 845 761 vere
871 705 1231 761 adoraturus
1280 707 1423 769 erat,
1476 719 1664 775 quare
1720 704 1835 759 hoc
1887 703 2160 759 clanculo

506 793 935 867 praecipiebat?
967 793 1023 849 Si
1044 808 1183 849 vero
1206 792 1401 864 ipsum
1420 791 1688 847 occidere
1711 792 1987 863 parabat,
2017 808 2161 863 quo-

507 884 693 942 modo
756 882 1145 953 intelligebat,
1226 898 1292 937 ex
1364 889 1588 936 secreto
1671 887 1968 953 praecepto
2047 882 2159 937 hos

507 974 571 1030 in
602 972 721 1030 doli
764 972 1165 1043 suspicionem
1197 970 1629 1027 adducendos?
1663 971 1925 1026 Primum
1960 975 2159 1026 autem

508 1063 583 1119 de
612 1061 779 1118 stella
805 1061 1121 1130 diligenter
1159 1058 1537 1131 perquisivit,
1594 1064 1649 1114 et
1707 1064 1847 1114 tunc
1893 1060 2162 1130 praecepit

514 1154 603 1221 ut,
628 1151 675 1205 si
697 1151 749 1206 ei
782 1165 903 1206 non
920 1148 1376 1206 manifestarent
1399 1163 1548 1212 eum,
1568 1147 1642 1203 de
1667 1164 1787 1219 quo
1810 1147 1918 1202 sibi
1945 1163 2162 1203 renun-

509 1239 642 1295 tiari
668 1237 1048 1311 praecipiebat
1078 1237 1315 1307 cognito
1357 1241 1623 1309 tempore
1661 1236 1865 1301 stellae,
1918 1240 2158 1307 paratas

507 1328 756 1384 insidias
806 1342 1080 1383 exercere
1162 1332 1385 1397 posset.
1454 1325 1657 1390 Sed,o
1722 1323 2003 1391 Herodes,
2056 1324 2162 1395 qui

510 1420 716 1473 contra
740 1416 927 1471 Deum
958 1429 1230 1486 pugnam
1272 1412 1551 1485 suscipis,
1603 1413 1749 1480 redi,
1819 1428 2046 1484 quaeso,
2082 1411 2162 1467 ad

509 1505 782 1576 teipsum.
806 1504 1118 1566 Quomodo
1140 1502 1407 1558 occidere
1430 1518 1607 1574 paras
1638 1501 2118 1571 immortalem(d)
2134 1501 2162 1555 ‘I

510 1592 826 1658 Quomodo
870 1607 993 1647 non
1044 1590 1345 1660 intelligis,
1394 1590 1579 1662 quod,
1631 1606 1812 1662 quem
1856 1591 2159 1660 prophetas

508 1677 652 1733 olim
722 1676 1246 1733 annuntiaverunt.
1342 1674 1625 1745 stellaque
1680 1673 2052 1744 signiﬁcavit,
2106 1678 2162 1729 et

508 1765 660 1833 Magi
673 1763 749 1819 ad
764 1762 1143 1819 adorandum
1156 1762 1383 1817 inducti
1400 1762 1702 1824 sunt,huic
1717 1766 1769 1817 te
1784 1761 2159 1833 superstitem

509 1869 641 1909 esse
669 1853 736 1923 (e)
770 1852 1011 1907 omnino
1035 1852 1105 1906 sit
1136 1850 1510 1922 impossibile
1537 1849 1564 1903 ?

577 1940 1060 2006 Vers.9.Quicum
1085 1940 1389 1996 audissent
1414 1969 1479 1979 -
1495 1946 1622 1994 erat
1639 1954 1808 2008 puer.
1830 1938 2158 2009 Postquam

501 2032 630 2102 jam
658 2029 859 2084 locum
884 2027 1234 2091 didicerant,
1284 2042 1471 2099 quare
1518 2042 1755 2082 rursum
1814 2026 1963 2098 ipsis
1997 2026 2163 2083 stella

507 2117 847 2190 apparuit?
900 2117 970 2171 Ut
1027 2131 1279 2186 puerum
1330 2114 1791 2170 demonstraret?
1843 2114 2161 2180 Quomodo

512 2208 670 2263 enim
696 2205 863 2261 aliter
888 2220 1028 2260 eum
1087 2204 1472 2274 agnovissent
1524 2204 1586 2259 in
1633 2203 1872 2272 tugurio
1928 2209 2157 2269 natum,

516 2310 625 2351 nec
656 2292 847 2349 cubile
877 2292 1257 2364 splendidum
1287 2292 1612 2349 habentem
1639 2292 1667 2347 ?
1713 2292 1799 2348 Ob
1838 2292 1951 2348 hoc
1982 2292 2162 2363 igitur

510 2385 752 2440 veniens
777 2382 934 2437 stetit
962 2395 1144 2450 supra
1182 2382 1357 2436 locum
1388 2382 1447 2435 in
1478 2396 1592 2453 quo
1618 2387 1746 2437 erat
1792 2395 1960 2451 puer,
2014 2380 2161 2437 divi-

507 2487 658 2529 num
697 2470 1017 2526 ostendens
1046 2484 1171 2525 esse
1195 2473 1456 2541 partum.

578 2561 743 2616 Vers.
789 2558 875 2614 lO.
944 2559 1081 2615 Visa
1134 2566 1327 2615 autem
1379 2557 1549 2615 stella
1596 2589 1665 2598 -—
1716 2558 1908 2614 valde.
1963 2560 2159 2615 Gavisi

510 2652 668 2713 sunt,
722 2651 924 2719 utpote
980 2652 1209 2717 reperto
1255 2646 1426 2714 duce,
1502 2662 1892 2718 nequaquam
1942 2647 2157 2704 fallaci.

510 2740 593 2793 Ex
630 2737 745 2793 hoc
767 2736 927 2791 enim
962 2740 1183 2792 certam
1235 2734 1577 2791 habuerunt
1624 2735 1932 2802 ﬁduciam,
2002 2736 2161 2807 quod

507 2825 829 2899 quaesitum
856 2824 1201 2880 invenirent.

580 2914 742 2969 Vers.
785 2914 873 2968 11.
903 2913 979 2969 Et
1002 2912 1245 2983 ingressi
1272 2944 1340 2953 —
1369 2913 1555 2969 Matre
1591 2912 1730 2984 ejus.
1778 2914 2035 2969 Domum
2065 2912 2161 2969 hic

510 3004 806 3074 tugurium
839 3008 1021 3067 vocat,
1050 3002 1214 3073 quod
1256 3003 1443 3056 Lucas
1494 3000 1884 3057 diversorium
1916 3001 2063 3057 dixit
2088 3004 2155 3057 ³³.

509 3095 734 3148 Domus
756 3106 975 3162 nempe
991 3095 1134 3158 erat,
1155 3090 1321 3162 quod
1353 3096 1659 3161 utcunque
1698 3091 2156 3160 inhabitaretur;

508 3179 907 3236 diversorium
939 3183 1159 3247 autem,
1194 3184 1485 3250 tanquam
1518 3178 1689 3235 sedes
1713 3195 1783 3235 ac
1815 3180 2051 3235 mansio
2078 3180 2163 3235 in-

508 3269 927 3340 gredientium.
952 3267 1352 3323 Diversorium
1387 3268 1547 3323 enim
1574 3267 1854 3332 dicimus,
1875 3269 2054 3324 etiam
2071 3268 2159 3340 ip-

509 3374 644 3413 sum
672 3355 1014 3412 tentorium.
1049 3355 1197 3411 Cum
1238 3356 1399 3411 enim
1448 3356 1887 3412 concurrissent
1916 3358 1975 3411 in
2022 3358 2161 3412 civi-

510 3449 694 3502 tatem
720 3444 1013 3500 Bethleem
1041 3459 1250 3499 omnes
1280 3444 1437 3516 quia
1466 3444 1654 3499 David
1690 3444 2156 3511 descendebant,

509 3550 692 3591 causa
715 3549 928 3590 census
954 3549 1135 3605 quem
1168 3534 1497 3588 Czesarﬁeri
1518 3533 1537 3604 j
1549 3538 1792 3599 usserat,
1822 3538 1997 3605 prout
2022 3537 2159 3589 scri-

509 3623 629 3696 psit
660 3624 845 3678 Lucas
876 3622 943 3685 ⁸⁵,
978 3637 1098 3677 non
1126 3622 1495 3688 invenerunt,
1564 3621 1666 3693 qui
1725 3638 1863 3677 cum
1922 3624 2159 3693 Virgine

507 3716 678 3769 erant
711 3711 963 3767 domum
1001 3710 1254 3766 liberam
1297 3711 1373 3765 ad
1402 3711 1855 3782 hospitandum,
1914 3712 2051 3769 ideo
2082 3714 2159 3769 ad

508 3799 908 3857 diversorium
933 3798 1239 3871 quoddam
1271 3799 1737 3869 declinaverunt,
1772 3801 1832 3855 in
1864 3817 1985 3873 quo
2018 3817 2160 3873 prse-

510 3904 651 3961 sepe
672 3892 799 3944 erat
822 3888 1252 3959 jumentorum.
1283 3888 1486 3945 Statim
1506 3892 1707 3945 autem
1728 3891 1955 3961 peperit
1986 3893 2159 3962 Virgo

510 3976 805 4033 Christum
832 3994 844 4029 :
878 3981 933 4032 et
970 3976 1109 4048 quia
1140 3976 1476 4033 aliuslocus
1508 3992 1629 4032 non
1654 3981 1781 4033 erat
1810 3979 1870 4033 in
1900 3978 2160 4035 diverso-

507 4067 617 4136 rio,
646 4064 983 4121 involutum
1012 4063 1211 4121 fasciis
1240 4064 1555 4131 infantem,
1582 4066 1893 4123 reclinavit
1935 4066 1994 4122 in
2017 4084 2161 4140 prae-

508 4170 665 4227 sepe,
690 4155 861 4226 juxta
885 4154 1105 4211 Lucam
1137 4154 1206 4208 ³⁸.

578 4243 819 4309 Deinde,
850 4242 1001 4299 sicut
1040 4243 1119 4299 ait
1150 4242 1630 4315 Chrysostomus,
1664 4243 1861 4315 ipsum
1893 4244 2020 4300 tulit
2048 4243 2154 4317 (f):

506 4336 563 4388 et
590 4334 831 4402 quando
860 4331 1114 4401 ingressi
1133 4336 1264 4386 sunt
1294 4331 1469 4401 Magi,
1506 4332 1706 4403 ipsum
1736 4349 1914 4404 super
1962 4348 2159 4403 genua

505 4420 787 4477 habebat.
823 4423 937 4475 Nec
968 4422 1125 4475 enim
1169 4435 1333 4476 more
1365 4420 1615 4477 aliarum
1656 4426 1908 4478 matrum
1948 4427 2157 4495 partus

507 4508 739 4564 dolores
771 4509 1090 4573 sustinuit;
1124 4509 1267 4580 quia
1306 4525 1500 4582 neque
1526 4526 1595 4565 ex
1649 4511 1778 4566 viro
1822 4516 2154 4583 pepererat.

575 4596 737 4651 Vers.
767 4598 855 4651 11.
879 4596 953 4651 Et
972 4597 1271 4665 prostrati
1297 4627 1363 4636 —-
1396 4598 1721 4668 myrrham.
1756 4602 1823 4654 Et
1858 4600 2157 4671 quomodo

504 4683 704 4758 ipsum
718 4701 852 4741 esse
865 4684 1398 4751 crediderunt,cum
1414 4686 1559 4741 nihil
1578 4686 1842 4742 viderent
1854 4688 2004 4744 circa
2019 4704 2156 4745 eum

504 4777 709 4847 praeter
737 4774 1063 4843 tugurium,
1098 4779 1154 4830 et
1185 4778 1437 4831 matrem
1468 4773 1924 4846 pauperculam,
1956 4776 2159 4833 vilem‘

505 4878 617 4935 que
647 4861 967 4934 puerulum
999 4861 1196 4918 fasciis
1223 4862 1561 4918 involutum
1586 4863 1614 4917 ‘2
1645 4864 1959 4928 Quomodo
1980 4863 2009 4918 ?
2035 4865 2159 4921 Pri-

503 4967 674 5010 mum
696 4951 940 5025 quidem
971 4966 1007 5009 a
1039 4950 1225 5017 stella,
1251 4967 1381 5024 quae
1412 4966 1598 5024 supra
1617 4951 1817 5025 ipsum
1844 4967 2156 5025 permane-

576 5132 623 5169 ⁸³
653 5132 790 5188 Luc.
833 5148 889 5198 ιι,
909 5135 962 5188 7.
989 5132 1035 5169 ³⁵
1063 5126 1191 5188 Ibid
1222 5130 1270 5186 1.
1307 5128 1353 5167 ³⁵
1384 5127 1532 5189 Ibid.
1557 5133 1610 5189 7.

2269 619 2355 668 τόν
2387 612 2535 667 δόλον
2585 620 2676 665 τοῦ
2727 611 2985 686 Ἡρώδου,
3044 617 3133 664 καὶ
3163 610 3387 685 διάσυρε
3434 616 3526 669 τὴν
3559 614 3728 665 ἄνοιαν
3763 613 3847 664 αύ-

2269 710 2381 757 τοῦ.
2423 704 2485 755 Εἰ
2533 706 2621 773 μὲν
2664 706 2761 775 γὰρ
2795 700 2997 763 ἀληθῶς
3048 701 3244 773 ἔμελλεν
3290 701 3430 772 αύτῷ
3484 709 3843 776 προσκυνῆσαι,

2272 789 2418 844 διατί
2448 791 2616 866 λάθρα
2663 798 2811 842 τοῦτο
2863 789 3249 864 παρήγγειλεν,
3280 789 3322 842 εἰ
3377 786 3435 841 δὲ
3491 788 3675 841 ἀνελεῖν
3710 791 3846 842 αύτὸν

2270 878 2523 944 ἐϐούλετο,
2573 887 2682 940 πῶς
2713 878 2768 930 ού
2837 874 3091 941 συνεῖδεν,
3148 880 3225 929 ότι
3283 877 3337 929 ἐκ
3390 884 3481 929 τοῦ
3524 878 3690 953 λάθρα
3736 898 3843 952 παρ-

2271 967 2530 1038 αγγέλλειν
2624 967 2691 1026 εἰς
2785 966 3014 1036 ὑποψίαν
3113 962 3268 1018 δόλου

2271 1063 2480 1128 Πρῶτον
2538 1052 2597 1107 δε
2653 1054 2917 1127 ὴκρίϐωσε
2965 1059 3083 1129 περὶ
3143 1062 3234 1106 τοῦ
3309 1054 3544 1127 ἀστέρος,
3611 1059 3697 1107 καὶ
3748 1060 3850 1107 τότε

2785 966 3014 1036 ὑποψίαν
3113 965 3268 1018 δόλου
3365 969 3583 1028 τούτους
3662 965 3848 1031 ἐνιησι;

2268 1143 2632 1215 παρήγγειλεν,
2688 1144 2770 1195 ἵνα
2812 1143 2854 1195 εἰ
2905 1148 2976 1215 μὴ
3027 1140 3360 1200 δηλώσουσιν
3417 1143 3578 1213 αύτῷ,
3637 1148 3747 1218 περὶ
3795 1144 3853 1195 οὗ

2268 1231 2631 1306 παρήγγειλεν,
2689 1230 2789 1284 ἀπὸ
2856 1239 2945 1283 τοῦ
2998 1235 3195 1304 χρόνον
3256 1238 3348 1283 τοῦ
3400 1231 3613 1304 ἀστέρος
3664 1229 3849 1303 δυνηθῇ

3296 1318 3452 1385 Ἀλλ’,
3504 1318 3542 1371 ὦ
3621 1322 3850 1391 θεομάχε,

2271 1413 2427 1481 φαίην
2492 1410 2552 1459 ἄν
2616 1411 2747 1482 πρὸς
2789 1408 2963 1474 αὑτὸν,
3036 1416 3143 1467 πῶς
3197 1406 3480 1482 ἐπιχειρεῖς
3542 1407 3724 1460 ἀνελεῖν
3773 1412 3855 1459 τόν

2271 1495 2565 1564 ἀνα’λωτον;
2614 1505 2723 1558 πῶς
2774 1496 2830 1547 ού
2880 1503 3127 1560 συνῆκας,
3178 1497 3257 1547 ὄτι
3302 1498 3355 1547 ὅν
3402 1504 3666 1570 προφῆται
3710 1496 3858 1548 πάλαι

2270 1585 2639 1655 κατήγγειλαν,
2698 1589 2786 1636 καὶ
2839 1584 3005 1657 ἀστὴρ
3064 1584 3307 1656 ἐμήνυσε,
3361 1589 3451 1636 καὶ
3489 1586 3659 1657 Μάγοι
3705 1604 3855 1660 προσ-

2271 1680 2438 1724 κυνεῖν
2524 1672 2831 1745 ἐπείγονται,
2894 1676 3080 1725 τούτου
3172 1676 3532 1748 περιγενέσθαι
3616 1673 3861 1734 παντελῶς

2276 1757 2528 1814 ἀδύνατον
2555 1778 2569 1827 ;

2272 1322 2503 1395 θηρᾶσαι
2576 1324 2663 1371 τόν
2745 1319 3212 1391 ἐπιϐουλευόμενον.

3632 1942 3764 1994 Ἐπεὶ
3801 1945 3862 1994 τὸ

2269 2031 2467 2101 χωρίον
2520 2029 2729 2099 ἔμαθον,
2782 2032 2921 2089 τίνος
2969 2028 3126 2081 ἕνεκεν
3178 2031 3203 2080 6
3278 2028 3446 2103 ἀστὴρ
3498 2030 3651 2081 πάλιν
3713 2029 3860 2102 ἐφάνη

2270 2115 2485 2180 αύτοίςς
2519 2114 2629 2169 Ἰνα
2670 2113 2920 2188 ὑποδείξῃ
2964 2120 3020 2168 τό
3075 2114 3307 2176 παιδίον,
3371 2124 3485 2179 Πῶς
3517 2120 3619 2193 γάρ
3672 2120 3729 2169 οἶν
3770 2122 3863 2170 ἐπ-

2345 1940 2410 1989 Οὶ
2468 1935 2526 1990 δὲ
2593 1937 2907 2000 ἀκούσαντες
2969 1970 3036 1979 -—
3096 1936 3155 1997 ἧν
3222 1943 3279 1992 τὸ
3332 1937 3566 1993 παιδίον.

2269 2208 2497 2274 έγνωσαν
2552 2204 2675 2255 αύτό
2744 2203 2792 2255 ἐν
2845 2204 3043 2277 καλύϐη
3118 2209 3495 2277 γεγεννημένον,
3567 2211 3657 2259 καὶ
3736 2212 3866 2277 μήτε

2269 2296 2469 2366 μητέρα
2498 2295 2620 2364 ἕχον
2658 2292 2936 2367 λαμπράν;
2982 2296 3077 2345 Διά
3127 2302 3276 2347 τοῦτο
3323 2298 3496 2346 τοίνυν
3559 2293 3709 2347 ἐλθὼν
3741 2298 3862 2353 ἔστη

2269 2380 2457 2447 ἐπάνω,
2506 2383 2635 2433 ὅπου
2690 2378 2749 2440 ἦν
2781 2385 2838 2433 τό
2868 2379 3105 2450 παιδίον,
3141 2379 3407 2452 δεικνύων,
3460 2384 3541 2434 ὅτι
3592 2385 3719 2435 θεῖόν
3754 2382 3869 2435 ἐστι

2268 2472 2326 2520 τὸ
2356 2488 2503 2539 γεννη
2515 2471 2615 2524 θέν.

2342 2554 2561 2619 Ἰδόντες
2616 2555 2673 2610 δὲ
2726 2562 2811 2610 τόν
2869 2557 3064 2633 ἀστέρα
3124 2591 3192 2599 -
3261 2556 3485 2634 σφόδρα.
3546 2559 3869 2634 Ἐχάρησαν,

2269 2648 2338 2707 ὡς
2398 2648 2623 2719 εὑρόντες
2681 2650 2767 2698 τόν
2827 2644 3217 2716 ἀψευδέστατον
3286 2644 3499 2718 όδηγόν.
3558 2647 3873 2720 Ἐπληροφο-

2267 2736 2507 2808 ρήθησαν
2555 2738 2655 2807 γὰρ
2717 2734 2914 2798 λοιπόν,
2970 2736 3047 2787 ὄτι
3096 2741 3187 2787 καὶ
3239 2739 3296 2788 τὸ
3361 2737 3673 2807 ζητούμενον
3724 2738 3875 2811 εὑρή-

2270 2839 2452 2877 σουσι.

2342 2914 2442 2962 Καὶ
2492 2910 2715 2972 ἐλθόντες
2785 2912 2852 2971 εἰς
2920 2943 2987 2953 --
3042 2922 3138 2974 τῆς
3190 2916 3384 2986 μητρός
3449 2913 3629 2967 αὐτοῦ.
3687 2913 3877 2965 Οἰκίαν

2269 2997 2489 3051 ἐνταῦθα
2543 3004 2632 3063 την
2689 2999 2917 3058 καλύϐην
2975 3003 3195 3073 εἴρηκεν,
3253 3004 3314 3059 ἦν
3365 3003 3389 3053 6
3438 3007 3648 3061 Λουκᾶς
3710 3004 3877 3054 κατά-

2267 3084 2407 3158 λυμα
2444 3086 2599 3143 εἶπεν.
2650 3089 2808 3140 Οἰκία
2855 3092 2945 3161 μὲν
2992 3092 3091 3165 γὰρ
3143 3086 3228 3160 ἦν,
3280 3087 3373 3141 διὰ
3419 3093 3475 3141 τὸ
3527 3086 3879 3147 ὁπωσδήποτε

2270 3174 2546 3227 οἰκεῖσθαι·
2621 3176 2896 3249 κατάλυμα
2944 3174 3002 3229 δὲ
3071 3181 3135 3237 ὡς
3196 3182 3478 3249 καταγωγὴ
3536 3186 3634 3230 τῶν
3710 3178 3878 3250 εἰσερ-

2269 3267 2524 3335 χομένων.
2600 3264 2880 3316 Καταλύειν
2936 3268 3037 3338 γὰρ
3089 3265 3298 3337 λέγομεν
3350 3272 3437 3319 καὶ
3494 3271 3551 3319 τὸ
3608 3286 3879 3325 κατασκη-

2269 3360 2405 3405 νούν.
2457 3354 2665 3404 Πάντων
2708 3356 2808 3425 γὰρ
2867 3362 2964 3405 τῶν
3005 3353 3059 3404 ἐκ
3115 3350 3281 3406 Δαυὶδ
3330 3359 3691 3427 καταγομένων
3747 3375 3878 3407 συν-

2271 3436 2680 3512 δεδραμηκότων
2708 3442 2779 3503 εἰς
2815 3446 2909 3499 τὴν
2951 3442 3097 3494 πόλιν
3130 3443 3309 3509 αὐτοῦ,
3355 3449 3447 3502 τὴν
3488 3444 3731 3515 Βηθλεὲμ,
3777 3441 3881 3497 διὰ

2269 3534 2363 3587 τὴν
2391 3532 2534 3602 παρὰ
2563 3536 2821 3605 Καίσαρος
2843 3530 3145 3604 ἀπογραφὴν
3173 3534 3239 3594 ὡς
3267 3534 3291 3584 6
3324 3539 3533 3595 Λουκᾶς
3566 3536 3877 3606 ἱστόρησεν,

2270 3619 2374 3690 ούχ
2422 3620 2566 3691 εὖρον
2619 3619 2875 3693 ἐλεύθερον
2932 3621 3042 3692 (44)
3094 3618 3234 3673 οἷκον
3286 3621 3447 3683 ξενίας
3498 3624 3546 3674 οἱ
3602 3628 3716 3697 περὶ
3762 3627 3885 3680 οτὴν

2272 3710 2547 3779 Παρθένον·
2599 3705 2684 3760 διό
2728 3714 2817 3761 καὶ
2866 3710 2932 3769 εὶς
2970 3709 3200 3769 καλύϐην
3239 3714 3355 3763 τινά
3388 3712 3699 3780 κατελυσαν,
3751 3712 3799 3763 ἓν

2271 3798 2432 3868 φάτνη
2469 3795 2664 3868 ἀλόγων
2693 3794 2775 3870 ᾖν.
2809 3799 3009 3851 Αύτίκα
3037 3796 3096 3852 δὲ
3125 3805 3425 3871 γεννήσασα
3468 3804 3553 3852 τὸν
3586 3804 3815 3874 Χριστόν
3847 3802 3884 3859 ἠ

2271 3888 2545 3957 Παρθένος,
2581 3884 2690 3939 ἐπεὶ
2734 3887 2827 3939 ούκ
2866 3884 2927 3960 ᾖν
2958 3893 3113 3951 τόπος
3160 3888 3306 3949 ἄλλος
3355 3889 3404 3940 ἐν
3437 3898 3508 3961 τῷ
3546 3890 3890 3960 καταλύματι

2270 3972 2461 4046 ἐκείνῳ,
2500 3982 2931 4047 σπαργανώσασα
2962 3976 3185 4031 ἀνέκλινε
3216 3980 3273 4030 τό
3302 3977 3491 4054 βρέφος
3522 3977 3570 4030 ἐν
3592 3986 3653 4050 τῇ
3682 3998 3887 4051 φατνη,

2269 4064 2406 4115 κατά
2436 4066 2523 4115 τὸν
2560 4070 2791 4123 Λουκᾶν.

2340 4236 2486 4306 Εἶτα,
2540 4243 2715 4303 καθώς
2753 4261 2910 4313 φησιν
2964 4244 2989 4294 6
3037 4242 3150 4315 (45)
3199 4249 3598 4318 Χρυσόστομος,
3653 4243 3897 4299 ἀνείλετο

2269 4336 2445 4393 τοῦτο,
2468 4334 2555 4381 καὶ
2579 4329 2661 4382 ἐπὶ
2683 4340 2781 4382 τῶν
2802 4334 3028 4402 γονάτων
3047 4330 3207 4404 εἶχεν,
3234 4335 3315 4386 ὅτε
3338 4336 3386 4385 οἱ
3411 4337 3583 4405 Μάγοι
3605 4335 3895 4407 εἰσῄεσαν.

2270 4415 2410 4469 Ούδὲ
2438 4421 2539 4492 γὰρ
2571 4420 2619 4470 ἐν
2666 4416 2879 4483 ὀδύναις
2927 4418 3009 4493 ᾖν,
3052 4424 3120 4484 ὡς
3170 4425 3222 4475 αἱ
3257 4423 3408 4475 ἄλλαι
3453 4428 3688 4499 μητέρες,
3737 4420 3904 4477 διότι

2268 4507 2363 4559 ούκ
2402 4506 2454 4569 ἐξ
2488 4504 2674 4581 ἀνδρὸς
2706 4508 2963 4581 ἐγέννησε.

2193 4588 2237 4643 D
2341 4600 2442 4649 Καὶ
2498 4602 2737 4660 πεσόντες
2798 4629 2867 4640 —-
2924 4601 3177 4676 σμύρναν.
3240 4605 3341 4654 Καὶ
3389 4610 3495 4662 πῶς
3550 4600 3903 4660 ἐπείσθησαν

2268 4686 2345 4737 ὅτι
2405 4684 2555 4749 οὗτός
2607 4687 2769 4758 ἐστιν,
2826 4685 2977 4742 οὐδὲν
3037 4694 3173 4762 μέγα
3233 4696 3350 4765 περὶ
3417 4691 3572 4743 αὐτὸν
3632 4693 3901 4764 ὁρῶντες,

2267 4773 2394 4826 ἀλλὰ
2436 4775 2684 4844 καλύϐην,
2726 4782 2817 4830 καὶ
2846 4782 3047 4852 μητέρα
3105 4782 3382 4854 πενιχρὰν,
3429 4800 3517 4832 και
3563 4783 3621 4833 τὸ
3652 4777 3902 4833 παιδίον

2267 4864 2475 4926 εύτελῶς
2537 4863 3037 4941 ἐσπαργανωμένονς
3100 4875 3258 4937 Πῶς;
3331 4876 3522 4941 Πρῶτα
3594 4872 3711 4943 μὲν,
3782 4869 3913 4924 ἀπὸ

2264 4960 2357 5005 τοῦ
2419 4952 2759 5029 ἐφισταμένου
2831 4956 3066 5032 ἀστέρος,
3117 4959 3294 5012 ἔπειτα
3343 4955 3403 5012 δί
3450 4963 3539 5012 καὶ
3627 4960 3747 5013 θεία
3813 4978 3918 5025 τις

1785 5253 2346 5331 Variaalectiones
2379 5267 2581 5332 notae.

573 5400 687 5475 (44)
718 5395 979 5475 Ἒτοιμον,
1013 5394 1366 5474 σχολάζοντα.

572 5545 656 5616 (d)
688 5544 1110 5616 Immortalem.
1140 5542 1424 5598 ’Δνάλωτον
1444 5544 1551 5615 qui
1573 5538 1709 5614 capi
1735 5537 1963 5616 nequit.
1987 5536 2152 5603 Idem

498 5615 859 5689 vocabulum
886 5615 1140 5689 occurrit
1169 5631 1308 5687 pag.
1328 5616 1390 5669 71
1428 5616 1651 5687 penult.
1686 5616 1798 5689 (col
1829 5615 1956 5671 7.147
1991 5619 2076 5689 C).

573 5686 645 5772 (ιι)
670 5687 1062 5761 Superstitem
1091 5686 1228 5747 esse.
1272 5686 1659 5767 Περιγενέσθαι,
1683 5686 1986 5762 superare,
2020 5686 2153 5749 om.

2339 5404 2452 5479 (45)
2492 5409 2657 5465 Tom.
2690 5407 2809 5475 VII,
2838 5422 2899 5481 p.
2929 5404 3044 5466 ll8.

2264 5562 2417 5693 cei/)3.
2447 5621 2625 5679 Tulit.
2661 5622 2955 5695 Suscepit,
2986 5623 3243 5681 sustulit.
