4110 6408
343 353 448 410 145

342 479 600 553 ἰλλαμψις
688 478 1096 554 επληροφόρησε
1167 482 1260 543 τὰς
1344 481 1527 554 ψυχὰς
1584 486 1771 537 αὐτῶν.

342 578 493 621 τοῦτο
548 565 735 638 δῆλον,
778 569 864 642 ἀφ’
915 571 983 621 ὧν
1042 575 1402 643 προσήνεγκαν
1452 568 1652 646 δώρων.
1704 572 1961 644 Σύμϐολον

342 662 469 731 γὰρ,
520 661 548 709 ό
602 662 695 731 μὲν
738 662 967 731 χρυσός,
1007 658 1303 732 βασιλείας·
1345 664 1551 734 χρυσὸν
1590 663 1689 733 γὰρ
1729 666 1777 713 οί
1828 663 1962 720 13m?)-

345 768 461 799 κοοι
521 754 636 807 τοῖς
697 747 983 820 βασιλεῦσι
1042 745 1493 823 δασμοφοροῦσιν·
1555 751 1581 801 ό
1634 747 1693 802 δὲ
1736 749 1958 817 λίϐανος,

349 840 613 897 θεότητος·
647 836 855 899 λίϐανος
891 840 994 910 γὰρ
1040 846 1113 909 τῷ
1147 843 1255 909 Θεῷ
1305 836 1574 910 ἐθυμιᾶτο·
1619 841 1648 897 ἡ
1701 836 1760 892 δὲ
1797 842 1960 912 σμύρ-

348 948 433 991 να,
479 933 801 1001 νεκρωσεως·
870 946 1037 999 ταυτῃ
1098 930 1198 1002 γὰρ
1265 930 1314 979 οἰ
1379 928 1540 979 πάλαι
1597 932 1713 989 τοὺς
1754 932 1959 1004 νεκρούς

346 1016 580 1086 ἤλειφον,
607 1018 772 1087 χάριν
810 1022 902 1067 ⁴νοῦ
951 1020 1023 1089 μὴ
1082 1018 1364 1086 σήπεσθαι,
1410 1014 1550 1089 μηδὲ
1579 1017 1741 1079 ὄζειν.
1778 1015 1957 1071 Ἔδει-

344 1105 440 1167 ξαν
498 1101 610 1171 οὖν,
685 1104 771 1176 ἀφ’
828 1105 897 1155 ὧν
962 1110 1326 1177 προσήγαγον,
1385 1108 1465 1159 ὅτι
1527 1110 1584 1158 τὸ
1658 1111 1953 1179 φαινόμενον

338 1202 498 1246 τοῦτο
556 1190 771 1247 παιδίον
829 1199 919 1246 καὶ
959 1192 1208 1268 βασιλεύς
1262 1194 1394 1263 ἐστι,
1428 1200 1519 1248 καὶ
1568 1199 1718 1265 Θεὸς,
1750 1201 1838 1248 καὶ
1882 1216 1956 1249 νε-

339 1286 521 1356 κρωθη
534 1302 703 1356 σεται,
738 1286 806 1346 ὡς
835 1285 1127 1360 ἄνθρωπος,
1157 1281 1251 1337 διὰ
1278 1288 1396 1348 τοὺς
1426 1286 1748 1359 ἀνθρώπους.

418 1553 575 1606 Ἐστι
638 1549 698 1605 δὲ
743 1557 834 1605 καὶ
877 1552 1059 1624 ἑτέρως
1113 1552 1291 1620 εἰπεῖν,
1338 1553 1419 1606 ὃτι
1475 1552 1664 1606 ἐπεὶοὶ
1712 1551 1951 1626 βασιλεῖς

336 1641 649 1704 Βαϐυλῶνος
711 1647 805 1699 τὴν
862 1641 1201 1716 Ἰερουσαλὴμ
1273 1643 1433 1695 πάλαι
1488 1642 1949 1718 πολιορκήσαντες,

340 1734 407 1782 τά
432 1750 486 1783 τε
528 1733 643 1783 θεῖα
668 1730 908 1803 κειμήλια
933 1730 1294 1802 ἁπεσύλησαν,
1324 1736 1413 1784 καὶ
1440 1734 1532 1794 τὰς
1563 1734 1746 1792 θυσίας
1785 1734 1949 1785 ἔπαυ-

342 1840 460 1884 σαν,
495 1825 587 1872 καὶ
636 1823 723 1871 τόν
768 1819 891 1872 λαὸν
937 1821 1284 1892 κατέσφαξαν·
1319 1822 1348 1880 ἡ
1404 1817 1462 1872 δὲ
1513 1828 1602 1881 τῆς
1656 1820 1950 1882 Βαϐυλῶνος
1984 1846 2028 1900 Β

344 1908 597 1981 βασιλεία
637 1911 771 1982 μετὰ
814 1913 906 1961 καὶ
964 1918 1064 1961 τῶν
1114 1912 1406 1983 χρημάτων
1447 1910 1516 1972 εἰς
1578 1913 1701 1972 τοὺς
1748 1913 1951 1983 Πέρσας

338 2003 611 2069 μετέπεσε·
655 1998 941 2070 κομίζουσι
988 1998 1165 2051 λοιπὸν
1213 2002 1262 2051 οἱ
1300 2004 1519 2072 Πέρσαι,
1550 1996 1810 2071 διάδοχοι
1848 2006 1949 2051 τῶν

338 2088 682 2140 Βαϐυλωνίων
729 2092 1019 2159 γεγονότες,
1073 2096 1145 2156 τῷ
1202 2093 1434 2161 Δεσπότῃ
1490 2095 1581 2141 τοῦ
1628 2087 1948 2161 ἀτιμασθέν-

335 2196 430 2238 τος
486 2182 603 2229 τότε
652 2185 779 2229 ναοῦ
841 2181 1049 2249 χρυσὸν
1103 2181 1212 2249 μὲν,
1266 2177 1380 2230 ἀντὶ
1429 2186 1528 2230 τῶν
1576 2177 1948 2252 ἀφαιρεθέντων

336 2276 567 2339 χρυσῶν
630 2266 933 2339 κειμηλίων·
1003 2266 1205 2319 λίϐανον
1268 2264 1349 2336 δὲ,
1404 2270 1517 2320 ἀντὶ
1571 2275 1670 2321 τῶν
1731 2269 1944 2319 θυσιῶν·

333 2358 575 2429 σμύρναν
602 2352 685 2425 δὲ,
717 2356 844 2431 ὑπὲρ
898 2364 999 2409 τῶν
1028 2360 1483 2429 κατασφαγέντων.

408 2538 477 2586 Σύ
534 2530 595 2585 δὲ
647 2537 890 2605 γίνωσκε,
933 2537 1012 2586 ὅτι
1058 2536 1230 2607 ὥσπερ
1281 2537 1331 2588 οἱ
1361 2536 1555 2607 Μάγοι,
1584 2534 1627 2587 εἰ
1666 2535 1736 2607 μῆ
1770 2533 1946 2609 πόῥρω

326 2632 430 2684 τῆς
476 2624 673 2675 ἑαυτῶν
719 2622 948 2694 ἐγένοντο
992 2631 1109 2694 γῆς,
1150 2624 1244 2676 οὐκ
1291 2625 1352 2676 ἄν
1384 2620 1521 2677 εἶδον
1559 2627 1645 2676 τὸν
1690 2627 1941 2695 Χριστὸν·

330 2714 502 2773 οὕτως
556 2708 681 2763 οὐδὲ
729 2712 884 2773 αὐτὸς
946 2730 1127 2764 τουτον
1181 2710 1325 2785 ἴδῃς,
1376 2713 1418 2764 εἰ
1488 2718 1559 2785 μὴ
1618 2712 1794 2787 πόρρω
1844 2721 1943 2764 τῶν

328 2805 532 2872 γηίνων
588 2804 825 2871 σχέσεων
864 2800 1121 2874 ἀποστῇς.
1165 2807 1320 2873 Ἄφες
1370 2806 1554 2855 καὶσὺ
1603 2805 1690 2854 τὸν
1741 2801 1946 2854 ἐπίϐουο

328 2891 420 2943 λον
471 2889 724 2963 βασιλέα,
764 2896 854 2943 καὶ
900 2894 994 2949 τὴν
1041 2895 1422 2966 ταραττομένην
1462 2891 1633 2958 πόλιν,
1683 2890 1814 2962 λέγω
1872 2888 1940 2949 δὴ

332 2985 424 3032 τὸν
494 2976 827 3053 ἐνεδρεύοντα
890 2982 1307 3055 κοσμοκράτορα,
1361 2986 1451 3032 καὶ
1525 2985 1618 3038 τὴν
1672 2979 1942 3038 πολιτικήν

327 3068 554 3140 τύρϐην,
608 3073 696 3120 καὶ
738 3075 964 3121 σπεῦσον
1024 3067 1107 3121 ἐπὶ
1162 3072 1249 3121 τόν
1305 3074 1557 3143 Χριστόν.
1611 3070 1717 3122 Κᾶν
1778 3071 1941 3141 μάγος

331 3166 608 3231 περίεργος
666 3161 793 3221 εῖης,
839 3159 935 3209 κάν
1000 3158 1195 3229 ποιμὴν
1243 3157 1459 3227 ἁπλοῦς,
1483 3154 1634 3209 οὐδέν
1671 3176 1729 3210 σε
1780 3156 1941 3209 κωλύ-

331 3266 418 3299 σει
478 3256 658 3315 τοῦτο,
702 3250 855 3319 μόνον
905 3245 1008 3311 ἐάν,
1060 3246 1203 3308 ἄξιον
1255 3249 1471 3299 σεαυτὸν
1529 3248 1777 3308 τοιαύτης
1823 3247 1940 3307 θέας

328 3338 785 3410 ἀπεργασάμενος,
835 3335 918 3388 ἐπὶ
964 3343 1037 3405 τῷ
1088 3343 1456 3410 προσκυνῆσαι
1506 3336 1654 3408 ἦκῃς,
1723 3339 1813 3387 καὶ
1863 3338 1935 3407 μὴ

328 3425 416 3477 ἐπὶ
480 3424 555 3495 τῷ
602 3423 886 3496 ἀτιμάσαι,
926 3429 1030 3477 Καὶ
1072 3426 1173 3496 γὰρ
1221 3423 1465 3496 ἀτιμάζει
1512 3428 1599 3476 τόν
1645 3426 1873 3498 Χριστὸν
1912 3425 1937 3476 ό

325 3515 558 3576 ἀναξίως
601 3513 760 3565 αὐτοῦ
804 3512 1231 3585 μεταλαμϐάνων.
1286 3520 1386 3566 Και
1425 3515 1731 3587 προσάγαγε
1775 3512 1933 3583 αὐτῷ,

325 3602 447 3654 ἀντὶ
513 3606 603 3674 μὲν
676 3610 904 3676 χρυσοῦ,
978 3601 1322 3675 λαμπρότητα
1399 3603 1640 3676 καθαρῶν
1706 3600 1937 3676 πραξεων

322 3696 420 3744 καὶ
448 3695 639 3763 τιμίων
664 3691 847 3762 λόγων·
880 3690 996 3742 ἀντὶ
1040 3686 1098 3742 δὲ
1122 3689 1354 3757 λιϐάνου,
1381 3695 1708 3766 προσευχήν·
1742 3696 1937 3743 Κατευ-

329 3782 577 3837 eaeam
611 3781 735 3853 γὰρ,
765 3784 944 3852 φησὶν,
990 3780 1021 3837 ἠ
1074 3781 1349 3853 προσευχὴ
1393 3798 1514 3851 μου,
1580 3782 1647 3840 ὡς
1703 3780 1941 3851 θυμιαμα

327 3869 550 3921 ἐνώπιόν
594 3887 706 3920 σου·
754 3871 867 3920 ἀντὶ
899 3864 959 3920 δὲ
1008 3869 1263 3940 σμύρνης,
1293 3872 1543 3942 νέκρωσιν
1590 3870 1791 3936 παθῶν,
1825 3866 1939 3929 ἣτις

327 3958 568 4029 μαλιστα
617 3960 826 4028 συνέχει
870 3960 959 4013 τὴν
991 3954 1175 4008 οὐσίαν
1218 3964 1312 4019 τῆς
1358 3956 1565 4028 ψυχῆς,
1600 3960 1690 4009 καὶ
1722 3952 1942 4017 εὐωδίας

1979 3200 2020 3258 C

329 4045 565 4119 ἐμπίπλη
575 4065 629 4098 σι

405 4140 592 4188 Σκόπει
661 4132 738 4201 δὲ,
794 4136 874 4188 ὁτι
925 4141 1025 4187 τῶν
1076 4134 1270 4206 Μάγῶν
1316 4132 1560 4187 ἐλθόντων
1619 4134 1686 4195 εἰς
1728 4133 1942 4209 Ἱεροσό-

328 4224 493 4296 λυμα,
538 4229 627 4276 καὶ
673 4229 789 4298 περὶ
836 4231 925 4277 τοῦ
975 4222 1193 4297 ἀστέρος
1247 4223 1513 4289 εἰπόντων,
1562 4224 1713 4284 εὐθὺς
1767 4223 1943 4297 ἐθορυ-

329 4313 470 4371 ϐήθη
504 4320 654 4365 πᾶσα
682 4315 713 4371 ἡ
755 4313 904 4375 πόλις
931 4317 1021 4364 καὶ
1069 4314 1095 4364 ό
1139 4318 1400 4385 προφήτης
1444 4312 1515 4374 εἰς
1568 4317 1724 4384 μέσον
1764 4314 1939 4384 ἤγετο,

327 4407 422 4453 καὶ
491 4403 519 4453 ό
579 4409 669 4454 τοῦ
707 4406 861 4455 τόκου
914 4406 1072 4464 τόπος
1129 4400 1450 4474 ἐφανεροῦτο,
1495 4401 1585 4454 καί
1638 4400 1766 4454 ἄλλα
1825 4403 1942 4453 τινὰ

330 4492 555 4561 ἐγίνετο,
608 4492 675 4543 τὰ
732 4494 869 4543 κατὰ
936 4494 1057 4552 τοὺς
1111 4489 1505 4563 ἀγραυλοῦντας
1557 4493 1821 4563 ποιμένας,
1875 4493 1941 4542 τὰ

326 4583 467 4632 κατὰ
526 4582 645 4640 τοὺς
714 4580 982 4642 αἰνοῦντας
1039 4582 1125 4631 τὸν
1191 4582 1313 4632 Θεὸν
1368 4578 1636 4651 ἀγγέλους,
1675 4581 1743 4632 τὰ
1807 4581 1941 4632 κατὰ

328 4673 419 4721 τὸν
500 4674 733 4740 Συμεὼν,
784 4670 849 4719 τὰ
914 4670 1052 4721 κατὰ
1113 4671 1208 4726 τὴν
1278 4672 1478 4735 Ἀνναν,
1536 4667 1665 4742 οἷπερ
1732 4673 1942 4730 Λουκᾶς

330 4758 613 4832 ἀνέγραψε.
679 4764 858 4811 Ταῦτα
933 4754 993 4809 δε
1068 4759 1239 4809 πάντα
1300 4756 1532 4825 ἐτελεῖτο,
1598 4757 1699 4824 ἵνα,
1766 4759 1938 4821 καθὼς

327 4852 734 4921 προειρήκαμεν,
776 4850 847 4919 μὴ
907 4842 1165 4898 δύνωνται
1214 4845 1375 4917 λέγειν
1434 4846 1505 4906 εἰς
1561 4845 1775 4921 ὕστερον
1813 4845 1942 4900 Ἰου-

328 4934 489 5007 δαῖοι,
529 4939 611 4990 ὅτι
660 4936 759 4988 οὐκ
810 4936 1059 5006 ἔγνωσαν,
1110 4938 1234 4987 πότε
1289 4938 1612 5006 γεγέννηται.
1674 4940 1774 4987 Καὶ
1817 4937 1939 5007 γὰρ,

325 5026 393 5087 ὣς
434 5047 594 5099 φησιν
640 5027 667 5078 ό
717 5028 1105 5098 Χρυσόστομος
1151 5023 1287 5095 (46),
1327 5025 1463 5097 ἄχρι
1522 5022 1943 5097 συμπληρώσεως

319 5126 411 5168 τῶν
470 5120 684 5192 ἡμερῶν
743 5119 840 5165 τοῦ
907 5114 1260 5186 καθαρισμοῦ,
1341 5116 1607 5164 τουτέστιν
1667 5110 1751 5164 ἐπὶ
1828 5131 1943 5164 τεσ-

315 5211 614 5283 σαράκοντα
642 5207 877 5279 ἡμρας,
907 5199 955 5253 έν
1010 5201 1237 5274 Βηθλεὲμ
1269 5198 1329 5260 ἧν
1386 5204 1442 5255 τὸ
1471 5197 1704 5255 παιδίον·
1750 5204 1851 5254 Καὶ
1899 5220 1942 5253 ει

1974 4549 2020 4604 D

360 5395 409 5430 ³⁸
436 5387 606 5449 Psal.
645 5399 793 5449 CXL,
828 5384 892 5439 2.
980 5381 1025 5415 ³⁷
1051 5380 1187 5437 Luc.
1230 5396 1290 5453 ιι,
1323 5381 1471 5439 8-38.

1359 352 1719 412 COMMENT.
1764 355 1836 412 IN
1874 354 2328 413 MATTH/EUM.
2368 387 2438 398 —
2476 357 2631 415 CAP.
2664 354 2733 415 II.

1865 487 1966 536 Καὶ
1996 484 2045 541 Α
2073 482 2178 539 bat
2206 501 2218 539 :
2254 483 2471 540 deinde
2497 489 2697 542 autem
2751 484 3032 555 splendor
3060 483 3311 556 quidam
3342 482 3581 541 divinus
3603 484 3729 543 ani-

3629 353 3734 416 146

2073 587 2205 627 mas
2239 570 2507 644 ipsorum
2559 573 2915 640 illustrabat,
2977 578 3034 630 et
3079 573 3242 630 hunc
3280 573 3727 631 manifestabat.

2071 659 2390 732 Propterea
2429 661 2835 718 obtulerantei
2852 662 2976 718 haec
2993 678 3263 719 munera.
3298 664 3523 718 Aurum
3549 660 3732 735 siqni-

2070 749 2208 804 dem
2238 749 2418 819 regiae
2444 750 2745 820 dignitatis
2774 757 2899 807 erat
2925 751 3265 825 symbolum
3297 751 3548 819 ;subditi
3570 751 3730 807 enim

2070 853 2217 894 auro
2246 839 2466 896 tributa
2493 839 2737 910 regibus
2763 841 3034 912 pendunt
3066 859 3078 907 ;
3104 841 3237 896 thus
3288 845 3489 896 autem
3521 840 3731 895 divini-

2068 928 2223 993 tatis,
2268 930 2434 984 thure
2481 945 2736 1001 namque
2787 932 2905 985 Deo
2946 929 3251 996 adoletur;
3301 929 3542 1000 myrrha
3583 944 3727 985 vero

2066 1015 2460 1085 mortalitatis,
2474 1017 2587 1073 hac
2601 1016 2760 1073 enim
2776 1022 3002 1074 veteres
3018 1017 3326 1090 ungebant
3342 1022 3631 1083 mortuos,
3648 1032 3723 1072 ne

2067 1110 2487 1176 putrescerent,
2518 1112 2622 1161 aut
2674 1121 2920 1176 gravem
2948 1107 3268 1162 redderent
3310 1105 3579 1162 odorem.
3628 1105 3722 1161 Ab

2064 1196 2156 1249 bis
2186 1194 2381 1265 igitur,
2415 1210 2553 1266 quae
2596 1194 2987 1266 protulerunt,
3043 1194 3421 1262 muneribus,
3475 1194 3725 1251 demon-

2064 1285 2328 1338 strarunt
2383 1298 2522 1338 eum
2566 1282 2668 1355 qui
2709 1283 2985 1355 apparuit
3043 1298 3321 1355 puerum,
3378 1285 3433 1340 et
3503 1285 3723 1352 Regem

2065 1387 2199 1427 esse
2235 1376 2292 1428 et
2335 1375 2546 1443 Deum,
2581 1388 2646 1428 ac
2674 1375 2965 1445 tanquam
2993 1373 3305 1430 hominem
3342 1375 3588 1445 propter
3616 1372 3725 1429 ho-

2060 1462 2252 1516 mines
2292 1462 2648 1518 moriturum
2661 1506 2673 1519 .

2131 1552 2325 1605 Potest
2371 1566 2615 1624 quoque
2656 1556 2711 1608 et
2757 1551 2872 1607 alio
2931 1550 3115 1606 modo
3167 1549 3303 1618 dici,
3354 1548 3521 1621 quod
3572 1548 3721 1621 quia

2059 1639 2248 1707 Reges
2270 1638 2590 1709 Babylonis
2628 1639 2948 1695 Jerusalem
2977 1638 3291 1711 quondam
3344 1644 3722 1711 expugnave-

2058 1731 2211 1797 rant,
2272 1742 2340 1782 ac
2396 1727 2632 1783 divinos
2706 1729 3014 1785 thesauros
3088 1727 3412 1800 depraedati
3462 1726 3717 1793 fuerant,

2060 1815 2358 1871 ethostias
2410 1831 2645 1872 cessare
2702 1816 2982 1881 fecerant,
3028 1816 3443 1887 populumque
3486 1813 3723 1887 jugula-

2061 1911 2262 1960 verant
2295 1922 2308 1971 ;
2341 1919 2595 1974 regnum
2626 1909 2825 1961 autem
2882 1903 3204 1977 Babylonis
3260 1919 3385 1961 una
3424 1919 3560 1959 cum
3595 1902 3720 1958 suis

2058 1994 2350 2049 thesauris
2372 1993 2451 2049 ad
2474 1994 2685 2050 Persas
2724 1993 3066 2050 devolutum
3096 1996 3222 2049 erat
3259 2008 3270 2047 :
3304 1993 3434 2049 ideo
3463 1991 3721 2049 afferunt

2059 2082 2251 2139 Persae
2301 2082 2769 2155 Babyloniorum
2842 2084 3105 2139 haeredes
3183 2082 3439 2138 Domino
3491 2080 3715 2153 templi,

2058 2172 2222 2245 quod
2244 2177 2384 2229 tunc
2415 2173 2777 2229 contumelia
2803 2172 3081 2229 affectum
3113 2171 3323 2237 fuerat,
3349 2186 3566 2227 aurum
3591 2170 3721 2242 qui-

2058 2261 2197 2318 dem
2227 2277 2332 2333 pro
2359 2260 2600 2318 sublatis
2637 2262 2768 2319 auri
2824 2261 3140 2328 thesauris,
3191 2260 3325 2317 thus
3365 2264 3566 2317 autem
3608 2274 3720 2331 pro

2057 2349 2291 2415 hostiis,
2315 2351 2621 2422 myrrham
2664 2366 2806 2407 vero
2837 2366 2946 2422 pro
2972 2349 3284 2422 jugulatis.

2127 2442 2211 2495 Tu
2239 2439 2445 2495 itidem
2467 2438 2741 2505 observa,
2771 2439 2937 2512 quod
2982 2438 3493 2511 quemadmodum
3540 2438 3715 2509 Magi,

2055 2527 2169 2584 nisi
2208 2529 2387 2599 longe
2415 2544 2451 2584 a
2488 2528 2729 2600 propria
2758 2532 2913 2585 terra
2954 2528 3357 2596 recessissent,
3418 2526 3719 2584 Christum

2057 2632 2443 2689 nequaquam
2474 2617 2777 2683 vidissent,
2812 2619 2895 2673 ita
2933 2632 3126 2689 neque
3157 2621 3220 2673 tu
3258 2616 3461 2689 ipsum
3513 2615 3716 2671 videre

2054 2706 2299 2779 poteris,
2331 2707 2449 2761 nisi
2481 2705 2659 2776 longe
2686 2722 2723 2763 a
2751 2706 2999 2762 terrenis
3034 2705 3348 2763 atfectibus
3375 2704 3714 2761 recesseris.

2054 2795 2291 2851 Dimitte
2322 2802 2379 2851 et
2416 2800 2479 2851 tu
2511 2810 2755 2867 quoque
2786 2810 2989 2866 regem
3036 2794 3280 2851 insidias
3310 2797 3617 2866 parantem
3645 2808 3717 2850 ac

2053 2883 2355 2941 turbatam
2389 2884 2692 2940 civitatem
2734 2900 2749 2950 ;
2782 2884 2916 2940 dico
2948 2899 3091 2940 sane
3130 2883 3516 2939 insidiantem
3544 2897 3719 2938 mun-

2053 2972 2111 3027 di
2139 2976 2445 3039 rectorem,
2477 2972 2921 3045 tumultumque
2951 2972 3383 3040 civitatis,etad
3415 2970 3718 3028 Christum

2051 3061 2287 3117 festina.
2322 3061 2454 3117 Sive
2485 3061 2645 3117 enim
2685 3064 2890 3131 Magus
2920 3061 3103 3117 fueris
3152 3062 3388 3117 curiosa
3436 3064 3713 3126 sectatus,

2051 3149 2172 3205 sive
2204 3154 2405 3222 pastor
2436 3150 2709 3221 simplex,
2763 3149 2912 3206 nihil
2943 3148 3005 3204 id
3045 3149 3153 3207 tibi
3202 3149 3479 3215 obfuerit,
3531 3149 3716 3205 modo

2054 3240 2155 3295 tali
2184 3238 2415 3294 visione
2446 3238 2707 3311 teipsum
2744 3238 2993 3310 dignum
3032 3238 3312 3309 reddens,
3354 3237 3434 3294 ad
3455 3254 3594 3294 eum
3622 3254 3717 3294 ve-

2049 3329 2180 3384 nias
2204 3327 2604 3390 adorandum,
2638 3333 2693 3383 et
2722 3343 2845 3383 non
2868 3327 2947 3383 ad
2996 3326 3508 3384 inhonorandum.
3551 3327 3713 3382 Chri-

2050 3422 2210 3474 stum
2281 3417 2579 3489 siquidem
2643 3416 2981 3483 inhonorat,
3052 3418 3156 3489 qui
3203 3416 3405 3489 ipsum
3469 3416 3715 3487 indigne

2048 3507 2275 3579 recipit.
2312 3506 2527 3578 Sicque
2552 3505 2700 3563 offer
2757 3506 2875 3578 ipsi
2928 3522 3035 3578 pro
3095 3522 3245 3563 aUro
3304 3506 3552 3578 quidem
3607 3521 3716 3577 pu-

2046 3612 2254 3654 rorum
2306 3612 2559 3668 operum
2631 3595 3011 3668 splendorem
3048 3613 3061 3663 ;
3094 3611 3205 3669 pro
3266 3596 3437 3652 thure
3517 3598 3714 3652 autem

2048 3685 2425 3743 orationem:
2459 3685 2782 3755 Dirigatur
2827 3684 2990 3741 enim
3046 3686 3242 3742 oratio
3291 3699 3443 3753 mea,
3498 3684 3712 3757 inquit,

2047 3778 2192 3833 sicut
2210 3776 2514 3831 incensum
2575 3774 2640 3831 in
2671 3779 2978 3844 conspectu
3032 3779 3132 3831 tuo
3198 3775 3266 3830 ³⁸.
3321 3775 3429 3831 Pro
3464 3773 3715 3845 myrrha

2048 3880 2191 3922 vero
2249 3862 2633 3920 at‘fectionum
2701 3862 3247 3929 mortiﬁcationem,
3325 3878 3462 3935 quae
3516 3861 3712 3932 magis

2050 3955 2365 4011 conservat
2434 3952 2649 4009 animas
2699 3950 3128 4021 substantiam,
3177 3955 3233 4008 et
3283 3951 3451 4009 suavi
3506 3950 3715 4023 implet

2052 4043 2260 4101 odore.

2123 4130 2449 4188 Considera
2528 4129 2729 4194 etiam,
2805 4129 2973 4203 quod
3028 4129 3218 4200 Magis
3301 4128 3713 4201 Hierosolyma

2051 4219 2542 4292 ingredientibus,
2574 4218 2713 4276 etde
2741 4217 3328 4291 stellaloquentibus,
3357 4218 3557 4274 statim
3590 4221 3714 4274 tota

2052 4310 2261 4366 civitas
2285 4308 2526 4365 turbata
2562 4312 2669 4377 est,
2701 4306 3115 4380 prophetaque
3144 4306 3205 4362 in
3230 4305 3497 4362 medium
3522 4304 3714 4362 addu-

2051 4402 2179 4456 ctus
2192 4400 2298 4463 est,
2328 4412 2398 4453 ac
2426 4396 2596 4453 locus
2624 4399 2830 4468 partus
2852 4394 3281 4453 manifestatus.
3312 4397 3378 4451 Et
3402 4393 3521 4452 alia
3549 4410 3713 4467 quaa-

2050 4487 2193 4543 dam
2214 4485 2371 4542 facta
2390 4487 2530 4540 sunt
2562 4501 2574 4539 :
2604 4489 2727 4540 tum
2743 4483 2900 4540 circa
2926 4488 3191 4556 pastores
3222 4482 3286 4540 in
3324 4498 3470 4555 agro
3492 4483 3712 4554 degen-

2051 4580 2156 4641 tes,
2194 4579 2320 4630 tum
2346 4573 2505 4630 circa
2532 4572 2778 4643 angelos
2802 4573 2993 4629 Deum
3020 4572 3349 4641 laudantes,
3381 4576 3513 4630 tum
3555 4571 3713 4629 circa

2050 4664 2390 4721 Simeonem
2470 4666 2526 4719 et
2576 4663 2832 4728 Annam,
2888 4678 3023 4735 quae
3094 4662 3285 4719 Lucas
3345 4661 3584 4734 scripsit
3635 4661 3709 4719 ³⁷.

2050 4756 2186 4810 Hmc
2216 4757 2417 4810 autem
2448 4752 2651 4809 omnia
2684 4751 2977 4824 completa
3020 4755 3158 4808 sunt
3196 4755 3278 4817 ut,
3309 4750 3707 4825 quemadmo-

2050 4844 2199 4900 dum
2218 4843 2502 4912 diximus,
2533 4857 2655 4898 non
2677 4845 2926 4913 possent
2957 4841 3019 4897 in
3052 4843 3354 4913 posterum
3384 4841 3582 4898 dicere
3606 4840 3713 4895 Ju-

2051 4932 2166 4987 daei
2206 4950 2224 4987 :
2251 4932 2389 4998 Nos,
2435 4929 2684 5003 quando
2741 4934 2918 4987 natus
2949 4933 3056 4995 est,
3110 4945 3233 4986 non
3285 4929 3707 5001 cognovimus.

2050 5020 2297 5090 Etenim,
2331 5020 2480 5075 sicut
2508 5018 2651 5075 dicit
2670 5018 3148 5091 Chrysostomus,
3180 5033 3372 5092 usque
3398 5017 3477 5075 ad
3500 5015 3713 5088 imple-

2051 5110 2276 5166 tionem
2323 5108 2556 5165 dierum
2636 5106 3094 5173 Puriﬁcationis,
3148 5106 3265 5164 hoc
3304 5109 3392 5163 est
3430 5105 3509 5162 ad
3566 5120 3715 5177 qua-

2004 5234 2011 5239 -
2050 5199 2327 5271 draginta
2355 5197 2502 5265 dies,
2536 5197 2758 5257 mansit
2808 5212 2956 5271 puer
3011 5195 3311 5256 Bethleem
3341 5212 3357 5266 ;
3382 5198 3447 5255 ut
3469 5194 3584 5253 nisi
3611 5210 3713 5253 vo-

1555 5504 1777 5575 Variae
1821 5502 2150 5574 lectiones
2199 5509 2264 5572 et
2302 5497 2539 5571 notae.‘

340 5674 461 5749 (46)
500 5668 697 5726 Tom.
737 5653 874 5723 VII.
917 5667 977 5725 p-
1017 5649 1141 5708 103-
