  <div class='ocr_page' id='page_1' title='image "/cluster/home/n/w/nwhite01/storage/ocr_20150623/129/coo.31924054870344/083.png"; bbox 0 0 4110 6394; ppageno 0'>
   <div class='ocr_carea' id='block_1_1' title="bbox 503 355 2154 423">
    <p class='ocr_par' dir='ltr' id='par_1_1' title="bbox 503 359 2154 423">
     <span class='ocr_line' id='line_1_1' title="bbox 503 359 2154 423; baseline -0.005 0"><span class='ocrx_word' id='word_1_1' title='bbox 503 360 608 423; x_wconf 79' lang='grc'>147</span> <span class='ocrx_word' id='word_1_2' title='bbox 1839 359 2154 417; x_wconf 86' lang='lat' dir='ltr'>EUTHYMI</span> 
     </span>
    </p>
   </div>
   <div class='ocr_carea' id='block_1_2' title="bbox 2268 355 3895 423">
    <p class='ocr_par' dir='ltr' id='par_1_2' title="bbox 2268 355 3895 419">
     <span class='ocr_line' id='line_1_2' title="bbox 2268 355 3895 419; baseline 0.002 -4"><span class='ocrx_word' id='word_1_3' title='bbox 2268 355 2544 415; x_wconf 65' lang='lat' dir='ltr'>[GABENI</span> <span class='ocrx_word' id='word_1_4' title='bbox 3777 361 3805 417; x_wconf 76' lang='grc'><strong>1</strong></span> <span class='ocrx_word' id='word_1_5' title='bbox 3817 362 3895 419; x_wconf 82' lang='grc'>48</span> 
     </span>
    </p>
   </div>
   <div class='ocr_carea' id='block_1_3' title="bbox 503 484 2154 561">
    <p class='ocr_par' dir='ltr' id='par_1_3' title="bbox 503 486 2154 561">
     <span class='ocr_line' id='line_1_3' title="bbox 503 486 2154 561; baseline -0.003 -14"><span class='ocrx_word' id='word_1_6' title='bbox 503 490 755 549; x_wconf 89' lang='lat' dir='ltr'>luntarie</span> <span class='ocrx_word' id='word_1_7' title='bbox 770 489 1243 557; x_wconf 85' lang='lat' dir='ltr'>obsurduissent,</span> <span class='ocrx_word' id='word_1_8' title='bbox 1277 488 1603 561; x_wconf 88' lang='lat' dir='ltr'>oculosque</span> <span class='ocrx_word' id='word_1_9' title='bbox 1617 486 1964 544; x_wconf 83' lang='lat' dir='ltr'>clausissent</span> <span class='ocrx_word' id='word_1_10' title='bbox 1977 486 2055 542; x_wconf 91' lang='lat' dir='ltr'>ad</span> <span class='ocrx_word' id='word_1_11' title='bbox 2073 500 2154 552; x_wconf 81' lang='lat' dir='ltr'>ea;</span> 
     </span>
    </p>
   </div>
   <div class='ocr_carea' id='block_1_4' title="bbox 2268 484 3896 561">
    <p class='ocr_par' dir='ltr' id='par_1_4' title="bbox 2277 484 3896 560">
     <span class='ocr_line' id='line_1_4' title="bbox 2277 484 3896 560; baseline 0.003 -23"><span class='ocrx_word' id='word_1_12' title='bbox 2277 488 2348 557; x_wconf 80' lang='grc' dir='ltr'>μὴ</span> <span class='ocrx_word' id='word_1_13' title='bbox 2420 484 2618 545; x_wconf 83' lang='grc' dir='ltr'>ἑκόντες</span> <span class='ocrx_word' id='word_1_14' title='bbox 2673 484 2921 555; x_wconf 86' lang='grc' dir='ltr'>ἐκώφευον</span> <span class='ocrx_word' id='word_1_15' title='bbox 2987 487 3077 536; x_wconf 82' lang='grc' dir='ltr'>καὶ</span> <span class='ocrx_word' id='word_1_16' title='bbox 3125 485 3277 557; x_wconf 82' lang='grc' dir='ltr'>ἓμυον</span> <span class='ocrx_word' id='word_1_17' title='bbox 3332 487 3464 557; x_wconf 83' lang='grc' dir='ltr'>πρὸς</span> <span class='ocrx_word' id='word_1_18' title='bbox 3515 487 3583 538; x_wconf 89' lang='grc' dir='ltr'>τά</span> <span class='ocrx_word' id='word_1_19' title='bbox 3637 485 3896 560; x_wconf 85' lang='grc' dir='ltr'>λεγόμενα</span> 
     </span>
    </p>
   </div>
   <div class='ocr_carea' id='block_1_5' title="bbox 511 573 2154 650">
    <p class='ocr_par' dir='ltr' id='par_1_5' title="bbox 511 575 2154 650">
     <span class='ocr_line' id='line_1_5' title="bbox 511 575 2154 650; baseline -0.004 -13"><span class='ocrx_word' id='word_1_20' title='bbox 511 597 648 650; x_wconf 84' lang='lat' dir='ltr'>quae</span> <span class='ocrx_word' id='word_1_21' title='bbox 662 581 820 637; x_wconf 90' lang='lat' dir='ltr'>dicta</span> <span class='ocrx_word' id='word_1_22' title='bbox 844 580 938 637; x_wconf 92' lang='lat' dir='ltr'>vel</span> <span class='ocrx_word' id='word_1_23' title='bbox 958 582 1090 637; x_wconf 91' lang='lat' dir='ltr'>visa</span> <span class='ocrx_word' id='word_1_24' title='bbox 1116 583 1273 645; x_wconf 89' lang='lat' dir='ltr'>sunt,</span> <span class='ocrx_word' id='word_1_25' title='bbox 1297 578 1602 634; x_wconf 85' lang='lat' dir='ltr'>venissent</span> <span class='ocrx_word' id='word_1_26' title='bbox 1624 577 1820 648; x_wconf 88' lang='lat' dir='ltr'>utique</span> <span class='ocrx_word' id='word_1_27' title='bbox 1846 575 2154 643; x_wconf 70' lang='lat' dir='ltr'>Bethleem.</span> 
     </span>
    </p>
   </div>
   <div class='ocr_carea' id='block_1_6' title="bbox 2268 573 3887 650">
    <p class='ocr_par' dir='ltr' id='par_1_6' title="bbox 2275 573 3887 650">
     <span class='ocr_line' id='line_1_6' title="bbox 2275 573 3887 650; baseline 0.002 -25"><span class='ocrx_word' id='word_1_28' title='bbox 2275 578 2364 625; x_wconf 88' lang='grc' dir='ltr'>καὶ</span> <span class='ocrx_word' id='word_1_29' title='bbox 2445 575 2699 647; x_wconf 78' lang='grc' dir='ltr'>ὁρώμενα,</span> <span class='ocrx_word' id='word_1_30' title='bbox 2770 575 2973 636; x_wconf 79' lang='grc' dir='ltr'>πάντως</span> <span class='ocrx_word' id='word_1_31' title='bbox 3048 573 3108 625; x_wconf 83' lang='grc' dir='ltr'>ἂν</span> <span class='ocrx_word' id='word_1_32' title='bbox 3189 573 3433 631; x_wconf 81' lang='grc' dir='ltr'>εἰσῆλθον</span> <span class='ocrx_word' id='word_1_33' title='bbox 3501 574 3568 634; x_wconf 84' lang='grc' dir='ltr'>εἰς</span> <span class='ocrx_word' id='word_1_34' title='bbox 3634 576 3887 650; x_wconf 80' lang='grc' dir='ltr'>Βηθλεὲμ,</span> 
     </span>
    </p>
   </div>
   <div class='ocr_carea' id='block_1_7' title="bbox 503 664 2164 744">
    <p class='ocr_par' dir='ltr' id='par_1_7' title="bbox 503 664 2164 744">
     <span class='ocr_line' id='line_1_7' title="bbox 503 664 2164 744; baseline -0.004 -19"><span class='ocrx_word' id='word_1_35' title='bbox 503 670 824 744; x_wconf 89' lang='lat' dir='ltr'>ipsumque</span> <span class='ocrx_word' id='word_1_36' title='bbox 856 668 1162 725; x_wconf 86' lang='lat' dir='ltr'>vidissent.</span> <span class='ocrx_word' id='word_1_37' title='bbox 1209 672 1370 724; x_wconf 90' lang='lat' dir='ltr'>Nunc</span> <span class='ocrx_word' id='word_1_38' title='bbox 1400 671 1601 723; x_wconf 92' lang='lat' dir='ltr'>autem</span> <span class='ocrx_word' id='word_1_39' title='bbox 1631 669 1817 721; x_wconf 70' lang='lat' dir='ltr'>Persae</span> <span class='ocrx_word' id='word_1_40' title='bbox 1849 681 1886 720; x_wconf 89' lang='lat' dir='ltr'>a</span> <span class='ocrx_word' id='word_1_41' title='bbox 1945 664 2164 720; x_wconf 90' lang='lat' dir='ltr'>ﬁnibus</span> 
     </span>
    </p>
   </div>
   <div class='ocr_carea' id='block_1_8' title="bbox 502 752 2162 830">
    <p class='ocr_par' dir='ltr' id='par_1_8' title="bbox 502 752 2162 830">
     <span class='ocr_line' id='line_1_8' title="bbox 502 752 2162 830; baseline -0.003 -16"><span class='ocrx_word' id='word_1_42' title='bbox 502 762 671 814; x_wconf 82' lang='lat' dir='ltr'>terrae</span> <span class='ocrx_word' id='word_1_43' title='bbox 723 774 920 830; x_wconf 92' lang='lat' dir='ltr'>usque</span> <span class='ocrx_word' id='word_1_44' title='bbox 973 757 1271 812; x_wconf 87' lang='lat' dir='ltr'>Bethleem</span> <span class='ocrx_word' id='word_1_45' title='bbox 1319 758 1663 810; x_wconf 82' lang='lat' dir='ltr'>venerunt:</span> <span class='ocrx_word' id='word_1_46' title='bbox 1721 752 1948 809; x_wconf 68' lang='lat' dir='ltr'>Hebrtei</span> <span class='ocrx_word' id='word_1_47' title='bbox 2022 769 2162 809; x_wconf 91' lang='lat' dir='ltr'>vero</span> 
     </span>
    </p>
   </div>
   <div class='ocr_carea' id='block_1_9' title="bbox 500 840 2203 923">
    <p class='ocr_par' dir='ltr' id='par_1_9' title="bbox 500 840 2203 923">
     <span class='ocr_line' id='line_1_9' title="bbox 500 840 2203 923; baseline -0.002 -24"><span class='ocrx_word' id='word_1_48' title='bbox 500 846 794 904; x_wconf 85' lang='lat' dir='ltr'>Bethleem</span> <span class='ocrx_word' id='word_1_49' title='bbox 876 846 1472 917; x_wconf 89' lang='lat' dir='ltr'>circumadjacentes,</span> <span class='ocrx_word' id='word_1_50' title='bbox 1515 843 1709 915; x_wconf 82' lang='lat' dir='ltr'>ipsam</span> <span class='ocrx_word' id='word_1_51' title='bbox 1762 840 1992 911; x_wconf 85' lang='lat' dir='ltr'>ingredi</span> <span class='ocrx_word' id='word_1_52' title='bbox 2057 856 2203 923; x_wconf 15' lang='lat' dir='ltr'>no-A</span> 
     </span>
    </p>
   </div>
   <div class='ocr_carea' id='block_1_10' title="bbox 498 929 2159 1006">
    <p class='ocr_par' dir='ltr' id='par_1_10' title="bbox 498 929 2159 1006">
     <span class='ocr_line' id='line_1_10' title="bbox 498 929 2159 1006; baseline -0.004 -17"><span class='ocrx_word' id='word_1_53' title='bbox 498 935 757 1003; x_wconf 89' lang='lat' dir='ltr'>luerunt,</span> <span class='ocrx_word' id='word_1_54' title='bbox 788 950 986 1006; x_wconf 89' lang='lat' dir='ltr'>neque</span> <span class='ocrx_word' id='word_1_55' title='bbox 1016 949 1088 989; x_wconf 91' lang='lat' dir='ltr'>ea</span> <span class='ocrx_word' id='word_1_56' title='bbox 1136 934 1358 1001; x_wconf 90' lang='lat' dir='ltr'>videre,</span> <span class='ocrx_word' id='word_1_57' title='bbox 1403 946 1539 1003; x_wconf 71' lang='lat' dir='ltr'>quae</span> <span class='ocrx_word' id='word_1_58' title='bbox 1586 930 1665 987; x_wconf 90' lang='lat' dir='ltr'>ab</span> <span class='ocrx_word' id='word_1_59' title='bbox 1715 930 1809 986; x_wconf 91' lang='lat' dir='ltr'>his</span> <span class='ocrx_word' id='word_1_60' title='bbox 1863 929 1967 1001; x_wconf 89' lang='lat' dir='ltr'>qui</span> <span class='ocrx_word' id='word_1_61' title='bbox 2001 929 2159 984; x_wconf 88' lang='lat' dir='ltr'>vide-</span> 
     </span>
    </p>
   </div>
   <div class='ocr_carea' id='block_1_11' title="bbox 497 1019 2161 1093">
    <p class='ocr_par' dir='ltr' id='par_1_11' title="bbox 497 1019 2161 1093">
     <span class='ocr_line' id='line_1_11' title="bbox 497 1019 2161 1093; baseline -0.003 -15"><span class='ocrx_word' id='word_1_62' title='bbox 497 1027 647 1089; x_wconf 86' lang='lat' dir='ltr'>rant,</span> <span class='ocrx_word' id='word_1_63' title='bbox 708 1022 939 1079; x_wconf 85' lang='lat' dir='ltr'>fuerant</span> <span class='ocrx_word' id='word_1_64' title='bbox 975 1021 1307 1093; x_wconf 88' lang='lat' dir='ltr'>divulgata.</span> <span class='ocrx_word' id='word_1_65' title='bbox 1363 1024 1513 1076; x_wconf 87' lang='lat' dir='ltr'>Nam</span> <span class='ocrx_word' id='word_1_66' title='bbox 1565 1024 1621 1076; x_wconf 90' lang='lat' dir='ltr'>et</span> <span class='ocrx_word' id='word_1_67' title='bbox 1650 1024 1923 1091; x_wconf 86' lang='lat' dir='ltr'>pastores</span> <span class='ocrx_word' id='word_1_68' title='bbox 1971 1019 2161 1074; x_wconf 89' lang='lat' dir='ltr'>omni-</span> 
     </span>
    </p>
   </div>
   <div class='ocr_carea' id='block_1_12' title="bbox 496 1107 2157 1180">
    <p class='ocr_par' dir='ltr' id='par_1_12' title="bbox 496 1107 2157 1180">
     <span class='ocr_line' id='line_1_12' title="bbox 496 1107 2157 1180; baseline -0.002 -14"><span class='ocrx_word' id='word_1_69' title='bbox 496 1110 616 1167; x_wconf 90' lang='lat' dir='ltr'>bus</span> <span class='ocrx_word' id='word_1_70' title='bbox 642 1111 754 1166; x_wconf 90' lang='lat' dir='ltr'>sibi</span> <span class='ocrx_word' id='word_1_71' title='bbox 785 1109 1235 1167; x_wconf 87' lang='lat' dir='ltr'>occurrentibus</span> <span class='ocrx_word' id='word_1_72' title='bbox 1262 1109 1704 1173; x_wconf 87' lang='lat' dir='ltr'>nuntiaverunt,</span> <span class='ocrx_word' id='word_1_73' title='bbox 1720 1107 2157 1180; x_wconf 67' lang='lat' dir='ltr'>quaeviderant,</span> 
     </span>
    </p>
   </div>
   <div class='ocr_carea' id='block_1_13' title="bbox 2274 658 3887 738">
    <p class='ocr_par' dir='ltr' id='par_1_13' title="bbox 2274 658 3887 738">
     <span class='ocr_line' id='line_1_13' title="bbox 2274 658 3887 738; baseline 0.002 -24"><span class='ocrx_word' id='word_1_74' title='bbox 2274 667 2365 730; x_wconf 67' lang='lat' dir='ltr'>xai.</span> <span class='ocrx_word' id='word_1_75' title='bbox 2419 658 2557 713; x_wconf 72' lang='grc' dir='ltr'>εἶδον</span> <span class='ocrx_word' id='word_1_76' title='bbox 2622 661 2765 715; x_wconf 79' lang='grc' dir='ltr'>αύτό.</span> <span class='ocrx_word' id='word_1_77' title='bbox 2822 668 2928 714; x_wconf 79' lang='grc' dir='ltr'>Νῦν</span> <span class='ocrx_word' id='word_1_78' title='bbox 2990 658 3049 715; x_wconf 74' lang='grc' dir='ltr'>δε</span> <span class='ocrx_word' id='word_1_79' title='bbox 3110 665 3310 722; x_wconf 80' lang='grc' dir='ltr'>Πέρσαι</span> <span class='ocrx_word' id='word_1_80' title='bbox 3351 666 3439 735; x_wconf 71' lang='grc' dir='ltr'>μὲν</span> <span class='ocrx_word' id='word_1_81' title='bbox 3498 662 3597 715; x_wconf 88' lang='grc' dir='ltr'>ἀπὸ</span> <span class='ocrx_word' id='word_1_82' title='bbox 3644 667 3887 738; x_wconf 77' lang='grc' dir='ltr'>περάτων</span> 
     </span>
    </p>
   </div>
   <div class='ocr_carea' id='block_1_14' title="bbox 2273 748 3890 827">
    <p class='ocr_par' dir='ltr' id='par_1_14' title="bbox 2273 748 3890 827">
     <span class='ocr_line' id='line_1_14' title="bbox 2273 748 3890 827; baseline 0.002 -24"><span class='ocrx_word' id='word_1_83' title='bbox 2273 761 2364 811; x_wconf 86' lang='grc' dir='ltr'>τῆς</span> <span class='ocrx_word' id='word_1_84' title='bbox 2411 752 2717 822; x_wconf 77' lang='grc' dir='ltr'>οἰκουμένης</span> <span class='ocrx_word' id='word_1_85' title='bbox 2752 748 2906 809; x_wconf 80' lang='grc' dir='ltr'>ἦλθον</span> <span class='ocrx_word' id='word_1_86' title='bbox 2964 752 3059 813; x_wconf 83' lang='grc' dir='ltr'>ἕως</span> <span class='ocrx_word' id='word_1_87' title='bbox 3113 760 3203 812; x_wconf 84' lang='grc' dir='ltr'>τῆς</span> <span class='ocrx_word' id='word_1_88' title='bbox 3244 752 3493 824; x_wconf 75' lang='grc' dir='ltr'>Βηθλεὲμ,</span> <span class='ocrx_word' id='word_1_89' title='bbox 3546 751 3775 827; x_wconf 78' lang='grc' dir='ltr'>Ἑϐραῖοι</span> <span class='ocrx_word' id='word_1_90' title='bbox 3820 752 3890 806; x_wconf 82' lang='grc' dir='ltr'>δέ</span> 
     </span>
    </p>
   </div>
   <div class='ocr_carea' id='block_1_15' title="bbox 2272 840 3889 914">
    <p class='ocr_par' dir='ltr' id='par_1_15' title="bbox 2272 840 3889 914">
     <span class='ocr_line' id='line_1_15' title="bbox 2272 840 3889 914; baseline 0.002 -22"><span class='ocrx_word' id='word_1_91' title='bbox 2272 842 2699 914; x_wconf 77' lang='grc' dir='ltr'>παρακαθήμενοι</span> <span class='ocrx_word' id='word_1_92' title='bbox 2774 848 2835 911; x_wconf 80' lang='grc' dir='ltr'>τῇ</span> <span class='ocrx_word' id='word_1_93' title='bbox 2893 840 3139 913; x_wconf 76' lang='grc' dir='ltr'>Βηθλεὲμ,</span> <span class='ocrx_word' id='word_1_94' title='bbox 3209 841 3303 893; x_wconf 71' lang='grc' dir='ltr'>οὐκ</span> <span class='ocrx_word' id='word_1_95' title='bbox 3385 840 3644 899; x_wconf 77' lang='grc' dir='ltr'>ἠθέλησαν</span> <span class='ocrx_word' id='word_1_96' title='bbox 3720 842 3889 896; x_wconf 83' lang='grc' dir='ltr'>εἰσελ-</span> 
     </span>
    </p>
   </div>
   <div class='ocr_carea' id='block_1_16' title="bbox 2274 925 3882 1005">
    <p class='ocr_par' dir='ltr' id='par_1_16' title="bbox 2274 925 3882 1005">
     <span class='ocr_line' id='line_1_16' title="bbox 2274 925 3882 1005; baseline 0.001 -24"><span class='ocrx_word' id='word_1_97' title='bbox 2274 931 2375 981; x_wconf 85' lang='grc' dir='ltr'>θεῖν</span> <span class='ocrx_word' id='word_1_98' title='bbox 2432 928 2503 989; x_wconf 84' lang='grc' dir='ltr'>εἱς</span> <span class='ocrx_word' id='word_1_99' title='bbox 2560 930 2743 996; x_wconf 67' lang='grc' dir='ltr'>αὐτὴν,</span> <span class='ocrx_word' id='word_1_100' title='bbox 2786 925 2910 981; x_wconf 70' lang='grc' dir='ltr'>οὐδὲ</span> <span class='ocrx_word' id='word_1_101' title='bbox 2964 926 3092 982; x_wconf 78' lang='grc' dir='ltr'>ἰδεῖν</span> <span class='ocrx_word' id='word_1_102' title='bbox 3167 932 3233 982; x_wconf 83' lang='grc' dir='ltr'>τά</span> <span class='ocrx_word' id='word_1_103' title='bbox 3304 932 3446 1002; x_wconf 82' lang='grc' dir='ltr'>παρὰ</span> <span class='ocrx_word' id='word_1_104' title='bbox 3492 938 3591 981; x_wconf 86' lang='grc' dir='ltr'>τῶν</span> <span class='ocrx_word' id='word_1_105' title='bbox 3645 932 3882 1005; x_wconf 78' lang='grc' dir='ltr'>ὁρώντων</span> 
     </span>
    </p>
   </div>
   <div class='ocr_carea' id='block_1_17' title="bbox 2273 1017 3882 1091">
    <p class='ocr_par' dir='ltr' id='par_1_17' title="bbox 2273 1017 3882 1091">
     <span class='ocr_line' id='line_1_17' title="bbox 2273 1017 3882 1091; baseline 0.002 -22"><span class='ocrx_word' id='word_1_106' title='bbox 2273 1017 2639 1091; x_wconf 85' lang='grc' dir='ltr'>θρυλλούμενα.</span> <span class='ocrx_word' id='word_1_107' title='bbox 2692 1022 2793 1070; x_wconf 81' lang='grc' dir='ltr'>Καὶ</span> <span class='ocrx_word' id='word_1_108' title='bbox 2840 1019 2941 1090; x_wconf 84' lang='grc' dir='ltr'>γὰρ</span> <span class='ocrx_word' id='word_1_109' title='bbox 2999 1023 3090 1069; x_wconf 87' lang='grc' dir='ltr'>καὶ</span> <span class='ocrx_word' id='word_1_110' title='bbox 3177 1020 3226 1070; x_wconf 87' lang='grc' dir='ltr'>οἱ</span> <span class='ocrx_word' id='word_1_111' title='bbox 3267 1022 3504 1091; x_wconf 80' lang='grc' dir='ltr'>ποιμένες</span> <span class='ocrx_word' id='word_1_112' title='bbox 3557 1025 3739 1084; x_wconf 87' lang='grc' dir='ltr'>πᾶσιν,</span> <span class='ocrx_word' id='word_1_113' title='bbox 3797 1019 3882 1082; x_wconf 86' lang='grc' dir='ltr'>οἶς</span> 
     </span>
    </p>
   </div>
   <div class='ocr_carea' id='block_1_18' title="bbox 2268 1104 3882 1183">
    <p class='ocr_par' dir='ltr' id='par_1_18' title="bbox 2268 1104 3882 1183">
     <span class='ocr_line' id='line_1_18' title="bbox 2268 1104 3882 1183; baseline 0.004 -27"><span class='ocrx_word' id='word_1_114' title='bbox 2268 1109 2631 1177; x_wconf 75' lang='grc' dir='ltr'>ἐνετύγχανον,</span> <span class='ocrx_word' id='word_1_115' title='bbox 2673 1104 2974 1177; x_wconf 81' lang='grc' dir='ltr'>ἀνήγγελον,</span> <span class='ocrx_word' id='word_1_116' title='bbox 3030 1106 3064 1157; x_wconf 84' lang='grc' dir='ltr'><em>ἆ</em></span> <span class='ocrx_word' id='word_1_117' title='bbox 3106 1104 3267 1171; x_wconf 71' lang='grc' dir='ltr'>εἶδον,</span> <span class='ocrx_word' id='word_1_118' title='bbox 3302 1116 3367 1168; x_wconf 88' lang='grc' dir='ltr'>ῶς</span> <span class='ocrx_word' id='word_1_119' title='bbox 3412 1107 3610 1183; x_wconf 72' lang='grc' dir='ltr'>εἴρηκεν</span> <span class='ocrx_word' id='word_1_120' title='bbox 3668 1110 3693 1160; x_wconf 90' lang='grc' dir='ltr'>ό</span> <span class='ocrx_word' id='word_1_121' title='bbox 3738 1114 3882 1162; x_wconf 87' lang='grc' dir='ltr'>Λου-</span> 
     </span>
    </p>
   </div>
   <div class='ocr_carea' id='block_1_19' title="bbox 498 1196 2155 1271">
    <p class='ocr_par' dir='ltr' id='par_1_19' title="bbox 498 1196 2155 1271">
     <span class='ocr_line' id='line_1_19' title="bbox 498 1196 2155 1271; baseline -0.002 -15"><span class='ocrx_word' id='word_1_122' title='bbox 498 1201 653 1256; x_wconf 89' lang='lat' dir='ltr'>sicut</span> <span class='ocrx_word' id='word_1_123' title='bbox 673 1199 821 1255; x_wconf 84' lang='lat' dir='ltr'>dixit</span> <span class='ocrx_word' id='word_1_124' title='bbox 847 1200 1036 1256; x_wconf 90' lang='lat' dir='ltr'>Lucas</span> <span class='ocrx_word' id='word_1_125' title='bbox 1068 1198 1134 1253; x_wconf 78' lang='grc'>³⁸.</span> <span class='ocrx_word' id='word_1_126' title='bbox 1171 1199 1364 1254; x_wconf 60' lang='lat' dir='ltr'>Persae</span> <span class='ocrx_word' id='word_1_127' title='bbox 1422 1213 1681 1271; x_wconf 90' lang='lat' dir='ltr'>quoque,</span> <span class='ocrx_word' id='word_1_128' title='bbox 1731 1196 1836 1268; x_wconf 87' lang='lat' dir='ltr'>qui</span> <span class='ocrx_word' id='word_1_129' title='bbox 1890 1202 2024 1252; x_wconf 85' lang='lat' dir='ltr'>ante</span> <span class='ocrx_word' id='word_1_130' title='bbox 2058 1211 2155 1268; x_wconf 84' lang='lat' dir='ltr'>po-</span> 
     </span>
    </p>
   </div>
   <div class='ocr_carea' id='block_1_20' title="bbox 496 1283 2154 1362">
    <p class='ocr_par' dir='ltr' id='par_1_20' title="bbox 496 1283 2154 1362">
     <span class='ocr_line' id='line_1_20' title="bbox 496 1283 2154 1362; baseline -0.002 -18"><span class='ocrx_word' id='word_1_131' title='bbox 496 1287 710 1362; x_wconf 90' lang='lat' dir='ltr'>pulum</span> <span class='ocrx_word' id='word_1_132' title='bbox 750 1287 1138 1344; x_wconf 80' lang='lat' dir='ltr'>Hebraeorum</span> <span class='ocrx_word' id='word_1_133' title='bbox 1176 1286 1460 1342; x_wconf 87' lang='lat' dir='ltr'>Christum</span> <span class='ocrx_word' id='word_1_134' title='bbox 1508 1286 1807 1350; x_wconf 87' lang='lat' dir='ltr'>viderunt,</span> <span class='ocrx_word' id='word_1_135' title='bbox 1859 1283 2029 1356; x_wconf 90' lang='lat' dir='ltr'>quasi</span> <span class='ocrx_word' id='word_1_136' title='bbox 2074 1284 2154 1340; x_wconf 84' lang='lat' dir='ltr'>fa-</span> 
     </span>
    </p>
   </div>
   <div class='ocr_carea' id='block_1_21' title="bbox 495 1372 2158 1449">
    <p class='ocr_par' dir='ltr' id='par_1_21' title="bbox 495 1372 2158 1449">
     <span class='ocr_line' id='line_1_21' title="bbox 495 1372 2158 1449; baseline -0.002 -17"><span class='ocrx_word' id='word_1_137' title='bbox 495 1380 590 1433; x_wconf 93' lang='lat' dir='ltr'>cto</span> <span class='ocrx_word' id='word_1_138' title='bbox 620 1375 696 1449; x_wconf 88' lang='lat' dir='ltr'>(g)</span> <span class='ocrx_word' id='word_1_139' title='bbox 738 1376 1157 1446; x_wconf 86' lang='lat' dir='ltr'>signiﬁcarunt</span> <span class='ocrx_word' id='word_1_140' title='bbox 1184 1378 1391 1445; x_wconf 81' lang='lat' dir='ltr'>gentes</span> <span class='ocrx_word' id='word_1_141' title='bbox 1415 1378 1549 1430; x_wconf 91' lang='lat' dir='ltr'>ante</span> <span class='ocrx_word' id='word_1_142' title='bbox 1579 1374 1869 1446; x_wconf 92' lang='lat' dir='ltr'>populum</span> <span class='ocrx_word' id='word_1_143' title='bbox 1893 1372 2158 1429; x_wconf 85' lang='lat' dir='ltr'>Hebraeo-</span> 
     </span>
    </p>
   </div>
   <div class='ocr_carea' id='block_1_22' title="bbox 489 1462 2153 1538">
    <p class='ocr_par' dir='ltr' id='par_1_22' title="bbox 489 1462 2153 1538">
     <span class='ocr_line' id='line_1_22' title="bbox 489 1462 2153 1538; baseline -0.003 -16"><span class='ocrx_word' id='word_1_144' title='bbox 489 1480 627 1522; x_wconf 88' lang='lat' dir='ltr'>rum</span> <span class='ocrx_word' id='word_1_145' title='bbox 658 1466 857 1538; x_wconf 90' lang='lat' dir='ltr'>ipsum</span> <span class='ocrx_word' id='word_1_146' title='bbox 877 1465 1185 1535; x_wconf 85' lang='lat' dir='ltr'>agnituras</span> <span class='ocrx_word' id='word_1_147' title='bbox 1212 1479 1224 1530; x_wconf 91' lang='lat'><strong>;</strong></span> <span class='ocrx_word' id='word_1_148' title='bbox 1253 1464 1418 1538; x_wconf 91' lang='lat' dir='ltr'>quod</span> <span class='ocrx_word' id='word_1_149' title='bbox 1449 1464 1627 1519; x_wconf 89' lang='lat' dir='ltr'>etiam</span> <span class='ocrx_word' id='word_1_150' title='bbox 1646 1462 1861 1518; x_wconf 85' lang='lat' dir='ltr'>Paulus</span> <span class='ocrx_word' id='word_1_151' title='bbox 1887 1463 2032 1518; x_wconf 83' lang='lat' dir='ltr'>dixit</span> <span class='ocrx_word' id='word_1_152' title='bbox 2060 1465 2153 1518; x_wconf 84' lang='lat' dir='ltr'>Ju-</span> 
     </span>
    </p>
   </div>
   <div class='ocr_carea' id='block_1_23' title="bbox 2268 1193 3881 1271">
    <p class='ocr_par' dir='ltr' id='par_1_23' title="bbox 2268 1193 3881 1271">
     <span class='ocr_line' id='line_1_23' title="bbox 2268 1193 3881 1271; baseline 0.002 -25"><span class='ocrx_word' id='word_1_153' title='bbox 2268 1201 2379 1255; x_wconf 84' lang='grc' dir='ltr'>κᾶς.</span> <span class='ocrx_word' id='word_1_154' title='bbox 2436 1198 2502 1247; x_wconf 81' lang='grc' dir='ltr'>Οἱ</span> <span class='ocrx_word' id='word_1_155' title='bbox 2542 1200 2718 1267; x_wconf 84' lang='grc' dir='ltr'>μέντοι</span> <span class='ocrx_word' id='word_1_156' title='bbox 2762 1200 2983 1267; x_wconf 82' lang='grc' dir='ltr'>Πέρσαι,</span> <span class='ocrx_word' id='word_1_157' title='bbox 3016 1198 3116 1268; x_wconf 85' lang='grc' dir='ltr'>πρὸ</span> <span class='ocrx_word' id='word_1_158' title='bbox 3147 1204 3238 1248; x_wconf 82' lang='grc' dir='ltr'>τοῦ</span> <span class='ocrx_word' id='word_1_159' title='bbox 3275 1193 3448 1269; x_wconf 79' lang='grc' dir='ltr'>δήμου</span> <span class='ocrx_word' id='word_1_160' title='bbox 3490 1205 3590 1249; x_wconf 88' lang='grc' dir='ltr'>τῶν</span> <span class='ocrx_word' id='word_1_161' title='bbox 3627 1196 3881 1271; x_wconf 82' lang='grc' dir='ltr'>Ἐϐραίων</span> 
     </span>
    </p>
   </div>
   <div class='ocr_carea' id='block_1_24' title="bbox 2270 1280 3877 1359">
    <p class='ocr_par' dir='ltr' id='par_1_24' title="bbox 2270 1280 3877 1359">
     <span class='ocr_line' id='line_1_24' title="bbox 2270 1280 3877 1359; baseline 0.002 -24"><span class='ocrx_word' id='word_1_162' title='bbox 2270 1280 2464 1346; x_wconf 75' lang='grc' dir='ltr'>ἰδόντες</span> <span class='ocrx_word' id='word_1_163' title='bbox 2522 1287 2607 1335; x_wconf 89' lang='grc' dir='ltr'>τόν</span> <span class='ocrx_word' id='word_1_164' title='bbox 2667 1288 2918 1359; x_wconf 82' lang='grc' dir='ltr'>Χριστὸν,</span> <span class='ocrx_word' id='word_1_165' title='bbox 2979 1282 3259 1357; x_wconf 81' lang='grc' dir='ltr'>ἐσήμαναν,</span> <span class='ocrx_word' id='word_1_166' title='bbox 3322 1287 3391 1347; x_wconf 85' lang='grc' dir='ltr'>ὡς</span> <span class='ocrx_word' id='word_1_167' title='bbox 3449 1284 3496 1336; x_wconf 83' lang='grc' dir='ltr'>έν</span> <span class='ocrx_word' id='word_1_168' title='bbox 3568 1284 3877 1357; x_wconf 79' lang='grc' dir='ltr'>συμϐόλοις,</span> 
     </span>
    </p>
   </div>
   <div class='ocr_carea' id='block_1_25' title="bbox 2267 1370 3882 1448">
    <p class='ocr_par' dir='ltr' id='par_1_25' title="bbox 2267 1370 3882 1448">
     <span class='ocr_line' id='line_1_25' title="bbox 2267 1370 3882 1448; baseline 0.001 -24"><span class='ocrx_word' id='word_1_169' title='bbox 2267 1373 2344 1424; x_wconf 85' lang='grc' dir='ltr'>ὅτι</span> <span class='ocrx_word' id='word_1_170' title='bbox 2398 1375 2466 1424; x_wconf 83' lang='grc' dir='ltr'>τὰ</span> <span class='ocrx_word' id='word_1_171' title='bbox 2516 1375 2634 1431; x_wconf 85' lang='grc' dir='ltr'>ἔθνη</span> <span class='ocrx_word' id='word_1_172' title='bbox 2690 1376 2790 1445; x_wconf 90' lang='grc' dir='ltr'>πρό</span> <span class='ocrx_word' id='word_1_173' title='bbox 2852 1380 2944 1425; x_wconf 83' lang='grc' dir='ltr'>τοῦ</span> <span class='ocrx_word' id='word_1_174' title='bbox 3008 1370 3183 1445; x_wconf 77' lang='grc' dir='ltr'>δήμου</span> <span class='ocrx_word' id='word_1_175' title='bbox 3231 1382 3330 1425; x_wconf 85' lang='grc' dir='ltr'>τῶν</span> <span class='ocrx_word' id='word_1_176' title='bbox 3367 1372 3615 1448; x_wconf 78' lang='grc' dir='ltr'>Ἐϐραίων</span> <span class='ocrx_word' id='word_1_177' title='bbox 3657 1374 3882 1445; x_wconf 80' lang='grc' dir='ltr'>ἐπιγνώ-</span> 
     </span>
    </p>
   </div>
   <div class='ocr_carea' id='block_1_26' title="bbox 2267 1451 3879 1537">
    <p class='ocr_par' dir='ltr' id='par_1_26' title="bbox 2267 1451 3879 1537">
     <span class='ocr_line' id='line_1_26' title="bbox 2267 1451 3879 1537; baseline 0.004 -26"><span class='ocrx_word' id='word_1_178' title='bbox 2267 1480 2447 1512; x_wconf 90' lang='grc' dir='ltr'>σονται</span> <span class='ocrx_word' id='word_1_179' title='bbox 2511 1460 2683 1514; x_wconf 78' lang='grc' dir='ltr'>αὐτόν.</span> <span class='ocrx_word' id='word_1_180' title='bbox 2716 1460 2881 1535; x_wconf 78' lang='grc' dir='ltr'>’Ὁπερ</span> <span class='ocrx_word' id='word_1_181' title='bbox 2920 1466 3010 1514; x_wconf 83' lang='grc' dir='ltr'>καὶ</span> <span class='ocrx_word' id='word_1_182' title='bbox 3051 1464 3076 1513; x_wconf 92' lang='grc' dir='ltr'>ό</span> <span class='ocrx_word' id='word_1_183' title='bbox 3127 1462 3326 1524; x_wconf 79' lang='grc' dir='ltr'>Παῦλος</span> <span class='ocrx_word' id='word_1_184' title='bbox 3383 1451 3522 1534; x_wconf 85' lang='grc' dir='ltr'>ἔλεγε</span> <span class='ocrx_word' id='word_1_185' title='bbox 3574 1465 3702 1537; x_wconf 88' lang='grc' dir='ltr'>πρὸς</span> <span class='ocrx_word' id='word_1_186' title='bbox 3757 1462 3879 1533; x_wconf 79' lang='grc'>(47)</span> 
     </span>
    </p>
   </div>
   <div class='ocr_carea' id='block_1_27' title="bbox 2266 1546 3883 1623">
    <p class='ocr_par' dir='ltr' id='par_1_27' title="bbox 2266 1546 3883 1623">
     <span class='ocr_line' id='line_1_27' title="bbox 2266 1546 3883 1623; baseline 0 -21"><span class='ocrx_word' id='word_1_187' title='bbox 2266 1546 2540 1610; x_wconf 65' lang='grc' dir='ltr'>Ιουδαίους</span> <span class='ocrx_word' id='word_1_188' title='bbox 2575 1569 2587 1582; x_wconf 92' lang='grc'>·</span> <span class='ocrx_word' id='word_1_189' title='bbox 2641 1550 2721 1601; x_wconf 86' lang='grc' dir='ltr'>ὅτι</span> <span class='ocrx_word' id='word_1_190' title='bbox 2785 1548 2928 1621; x_wconf 79' lang='grc' dir='ltr'>’Υμίν</span> <span class='ocrx_word' id='word_1_191' title='bbox 3016 1549 3294 1622; x_wconf 86' lang='grc' dir='ltr'>ἀναγκαῖον</span> <span class='ocrx_word' id='word_1_192' title='bbox 3357 1551 3471 1622; x_wconf 79' lang='grc'>(48)</span> <span class='ocrx_word' id='word_1_193' title='bbox 3532 1548 3593 1609; x_wconf 72' lang='grc' dir='ltr'>ἦν</span> <span class='ocrx_word' id='word_1_194' title='bbox 3651 1549 3883 1623; x_wconf 82' lang='grc' dir='ltr'>πρῶτον’</span> 
     </span>
    </p>
   </div>
   <div class='ocr_carea' id='block_1_28' title="bbox 2262 1635 3879 1710">
    <p class='ocr_par' dir='ltr' id='par_1_28' title="bbox 2262 1635 3879 1710">
     <span class='ocr_line' id='line_1_28' title="bbox 2262 1635 3879 1710; baseline 0.001 -22"><span class='ocrx_word' id='word_1_195' title='bbox 2262 1636 2550 1696; x_wconf 80' lang='grc' dir='ltr'>λαληθῆναι</span> <span class='ocrx_word' id='word_1_196' title='bbox 2598 1640 2685 1689; x_wconf 89' lang='grc' dir='ltr'>τὸν</span> <span class='ocrx_word' id='word_1_197' title='bbox 2743 1637 2895 1709; x_wconf 85' lang='grc' dir='ltr'>λόγον</span> <span class='ocrx_word' id='word_1_198' title='bbox 2964 1645 3057 1690; x_wconf 81' lang='grc' dir='ltr'>τοῦ</span> <span class='ocrx_word' id='word_1_199' title='bbox 3116 1644 3332 1710; x_wconf 85' lang='grc' dir='ltr'>Κυρίου-</span> <span class='ocrx_word' id='word_1_200' title='bbox 3391 1635 3570 1697; x_wconf 76' lang='grc' dir='ltr'>ἐπειδὴ</span> <span class='ocrx_word' id='word_1_201' title='bbox 3640 1635 3699 1690; x_wconf 74' lang='grc' dir='ltr'>δὲ</span> <span class='ocrx_word' id='word_1_202' title='bbox 3754 1637 3879 1690; x_wconf 79' lang='grc' dir='ltr'>ἀνα-</span> 
     </span>
    </p>
   </div>
   <div class='ocr_carea' id='block_1_29' title="bbox 2263 1723 3880 1801">
    <p class='ocr_par' dir='ltr' id='par_1_29' title="bbox 2263 1723 3880 1801">
     <span class='ocr_line' id='line_1_29' title="bbox 2263 1723 3880 1801; baseline 0.001 -24"><span class='ocrx_word' id='word_1_203' title='bbox 2263 1724 2406 1788; x_wconf 85' lang='grc' dir='ltr'>ξίους</span> <span class='ocrx_word' id='word_1_204' title='bbox 2479 1726 2699 1786; x_wconf 81' lang='grc' dir='ltr'>ἑαυτούς</span> <span class='ocrx_word' id='word_1_205' title='bbox 2782 1726 3035 1799; x_wconf 86' lang='grc' dir='ltr'>ἐκρίνατε.</span> <span class='ocrx_word' id='word_1_206' title='bbox 3098 1723 3215 1779; x_wconf 76' lang='grc' dir='ltr'>ἰδοὺ</span> <span class='ocrx_word' id='word_1_207' title='bbox 3296 1730 3621 1801; x_wconf 81' lang='grc' dir='ltr'>στρεφόμεθα</span> <span class='ocrx_word' id='word_1_208' title='bbox 3672 1727 3743 1787; x_wconf 79' lang='grc' dir='ltr'>εἰς</span> <span class='ocrx_word' id='word_1_209' title='bbox 3808 1730 3880 1779; x_wconf 79' lang='grc' dir='ltr'>τὰ</span> 
     </span>
    </p>
   </div>
   <div class='ocr_carea' id='block_1_30' title="bbox 2184 1816 2409 1887">
    <p class='ocr_par' dir='ltr' id='par_1_30' title="bbox 2184 1816 2409 1887">
     <span class='ocr_line' id='line_1_30' title="bbox 2184 1816 2409 1887; baseline 0.013 -21"><span class='ocrx_word' id='word_1_210' title='bbox 2184 1833 2225 1887; x_wconf 84' lang='grc' dir='ltr'>Β</span> <span class='ocrx_word' id='word_1_211' title='bbox 2269 1816 2384 1872; x_wconf 78' lang='grc' dir='ltr'>ἔθνη</span> <span class='ocrx_word' id='word_1_212' title='bbox 2397 1856 2409 1869; x_wconf 93' lang='grc'>.</span> 
     </span>
    </p>
   </div>
   <div class='ocr_carea' id='block_1_31' title="bbox 2336 1904 3873 1978">
    <p class='ocr_par' dir='ltr' id='par_1_31' title="bbox 2336 1904 3873 1978">
     <span class='ocr_line' id='line_1_31' title="bbox 2336 1904 3873 1978; baseline 0.001 -23"><span class='ocrx_word' id='word_1_213' title='bbox 2336 1907 2437 1956; x_wconf 74' lang='grc' dir='ltr'>καὶ</span> <span class='ocrx_word' id='word_1_214' title='bbox 2496 1904 2950 1976; x_wconf 80' lang='grc' dir='ltr'>χρηματισθέντες</span> <span class='ocrx_word' id='word_1_215' title='bbox 3001 1936 3069 1943; x_wconf 91' lang='grc'><strong>-</strong></span> <span class='ocrx_word' id='word_1_216' title='bbox 3126 1909 3306 1977; x_wconf 84' lang='grc' dir='ltr'>χώραν</span> <span class='ocrx_word' id='word_1_217' title='bbox 3361 1904 3550 1961; x_wconf 73' lang='grc' dir='ltr'>αὐτῶν.</span> <span class='ocrx_word' id='word_1_218' title='bbox 3614 1907 3724 1978; x_wconf 89' lang='grc' dir='ltr'>Πρὸ</span> 
     </span>
    </p>
   </div>
   <div class='ocr_carea' id='block_1_32' title="bbox 2258 1988 3875 2065">
    <p class='ocr_par' dir='ltr' id='par_1_32' title="bbox 2258 1988 3875 2065">
     <span class='ocr_line' id='line_1_32' title="bbox 2258 1988 3875 2065; baseline 0.001 -21"><span class='ocrx_word' id='word_1_219' title='bbox 2258 1999 2354 2044; x_wconf 82' lang='grc' dir='ltr'>τοῦ</span> <span class='ocrx_word' id='word_1_220' title='bbox 2388 1988 2517 2044; x_wconf 82' lang='grc' dir='ltr'>ἰδεῖν</span> <span class='ocrx_word' id='word_1_221' title='bbox 2556 1995 2613 2043; x_wconf 86' lang='grc' dir='ltr'>τὸ</span> <span class='ocrx_word' id='word_1_222' title='bbox 2642 1989 2880 2062; x_wconf 79' lang='grc' dir='ltr'>παιδίον,</span> <span class='ocrx_word' id='word_1_223' title='bbox 2924 1994 3095 2065; x_wconf 77' lang='grc' dir='ltr'>ἀστὴρ</span> <span class='ocrx_word' id='word_1_224' title='bbox 3142 1994 3333 2055; x_wconf 74' lang='grc' dir='ltr'>αὐτοὺς</span> <span class='ocrx_word' id='word_1_225' title='bbox 3373 1991 3567 2065; x_wconf 80' lang='grc' dir='ltr'>ὡδήγει</span> <span class='ocrx_word' id='word_1_226' title='bbox 3601 2011 3613 2023; x_wconf 84' lang='lat'><strong><em>°</em></strong></span> <span class='ocrx_word' id='word_1_227' title='bbox 3648 1995 3775 2065; x_wconf 87' lang='grc' dir='ltr'>μετὰ</span> <span class='ocrx_word' id='word_1_228' title='bbox 3812 1990 3875 2045; x_wconf 70' lang='grc' dir='ltr'>δὲ</span> 
     </span>
    </p>
   </div>
   <div class='ocr_carea' id='block_1_33' title="bbox 2258 2077 3298 2152">
    <p class='ocr_par' dir='ltr' id='par_1_33' title="bbox 2258 2077 3298 2152">
     <span class='ocr_line' id='line_1_33' title="bbox 2258 2077 3298 2152; baseline 0.002 -21"><span class='ocrx_word' id='word_1_229' title='bbox 2258 2082 2317 2131; x_wconf 84' lang='grc' dir='ltr'>τὸ</span> <span class='ocrx_word' id='word_1_230' title='bbox 2384 2077 2533 2150; x_wconf 75' lang='grc' dir='ltr'>ἰδεῖν,</span> <span class='ocrx_word' id='word_1_231' title='bbox 2594 2080 2811 2152; x_wconf 76' lang='grc' dir='ltr'>ἄγγελος</span> <span class='ocrx_word' id='word_1_232' title='bbox 2873 2083 3049 2143; x_wconf 82' lang='grc' dir='ltr'>αὐτοῖς</span> <span class='ocrx_word' id='word_1_233' title='bbox 3099 2082 3298 2149; x_wconf 82' lang='grc' dir='ltr'>λοιπόν,</span> 
     </span>
    </p>
   </div>
   <div class='ocr_carea' id='block_1_34' title="bbox 436 1551 2152 1629">
    <p class='ocr_par' dir='ltr' id='par_1_34' title="bbox 436 1551 2152 1629">
     <span class='ocr_line' id='line_1_34' title="bbox 436 1551 2152 1629; baseline -0.003 -19"><span class='ocrx_word' id='word_1_234' title='bbox 436 1628 439 1629; x_wconf 15' lang='grc' dir='ltr'><em>ν</em></span> <span class='ocrx_word' id='word_1_235' title='bbox 490 1554 637 1610; x_wconf 68' lang='lat' dir='ltr'>daais</span> <span class='ocrx_word' id='word_1_236' title='bbox 670 1570 682 1607; x_wconf 89' lang='lat'>:</span> <span class='ocrx_word' id='word_1_237' title='bbox 723 1554 892 1610; x_wconf 83' lang='lat' dir='ltr'>Vobis</span> <span class='ocrx_word' id='word_1_238' title='bbox 919 1554 1152 1626; x_wconf 84' lang='lat' dir='ltr'>quidem</span> <span class='ocrx_word' id='word_1_239' title='bbox 1167 1552 1428 1621; x_wconf 80' lang='lat' dir='ltr'>oportuit</span> <span class='ocrx_word' id='word_1_240' title='bbox 1446 1553 1710 1621; x_wconf 85' lang='lat' dir='ltr'>primum</span> <span class='ocrx_word' id='word_1_241' title='bbox 1744 1551 2152 1623; x_wconf 83' lang='lat' dir='ltr'>toquiverbum</span> 
     </span>
    </p>
   </div>
   <div class='ocr_carea' id='block_1_35' title="bbox 488 1640 2152 1715">
    <p class='ocr_par' dir='ltr' id='par_1_35' title="bbox 488 1640 2152 1715">
     <span class='ocr_line' id='line_1_35' title="bbox 488 1640 2152 1715; baseline -0.002 -15"><span class='ocrx_word' id='word_1_242' title='bbox 488 1644 601 1700; x_wconf 88' lang='lat' dir='ltr'>Dei</span> <span class='ocrx_word' id='word_1_243' title='bbox 625 1644 671 1679; x_wconf 70' lang='lat'><strong>3°</strong></span> <span class='ocrx_word' id='word_1_244' title='bbox 706 1660 719 1699; x_wconf 91' lang='lat'>:</span> <span class='ocrx_word' id='word_1_245' title='bbox 752 1660 823 1698; x_wconf 85' lang='lat' dir='ltr'>ex</span> <span class='ocrx_word' id='word_1_246' title='bbox 840 1659 962 1715; x_wconf 91' lang='lat' dir='ltr'>quo</span> <span class='ocrx_word' id='word_1_247' title='bbox 977 1647 1175 1698; x_wconf 91' lang='lat' dir='ltr'>autem</span> <span class='ocrx_word' id='word_1_248' title='bbox 1205 1641 1487 1711; x_wconf 89' lang='lat' dir='ltr'>indignos</span> <span class='ocrx_word' id='word_1_249' title='bbox 1516 1657 1626 1698; x_wconf 83' lang='lat' dir='ltr'>vos</span> <span class='ocrx_word' id='word_1_250' title='bbox 1654 1640 1984 1714; x_wconf 89' lang='lat' dir='ltr'>judicastis,</span> <span class='ocrx_word' id='word_1_251' title='bbox 2018 1655 2152 1696; x_wconf 91' lang='lat' dir='ltr'>ecce</span> 
     </span>
    </p>
   </div>
   <div class='ocr_carea' id='block_1_36' title="bbox 488 1732 1270 1802">
    <p class='ocr_par' dir='ltr' id='par_1_36' title="bbox 488 1732 1270 1802">
     <span class='ocr_line' id='line_1_36' title="bbox 488 1732 1270 1802; baseline -0.001 -15"><span class='ocrx_word' id='word_1_252' title='bbox 488 1732 888 1791; x_wconf 83' lang='lat' dir='ltr'>convertimur</span> <span class='ocrx_word' id='word_1_253' title='bbox 928 1732 1007 1789; x_wconf 91' lang='lat' dir='ltr'>ad</span> <span class='ocrx_word' id='word_1_254' title='bbox 1046 1735 1270 1802; x_wconf 84' lang='lat' dir='ltr'>gentes.</span> 
     </span>
    </p>
   </div>
   <div class='ocr_carea' id='block_1_37' title="bbox 556 1907 2143 1977">
    <p class='ocr_par' dir='ltr' id='par_1_37' title="bbox 556 1907 2143 1977">
     <span class='ocr_line' id='line_1_37' title="bbox 556 1907 2143 1977; baseline -0.003 -12"><span class='ocrx_word' id='word_1_255' title='bbox 556 1909 719 1965; x_wconf 91' lang='lat' dir='ltr'>Vers.</span> <span class='ocrx_word' id='word_1_256' title='bbox 758 1911 843 1965; x_wconf 81' lang='lat' dir='ltr'>l2.</span> <span class='ocrx_word' id='word_1_257' title='bbox 875 1908 953 1964; x_wconf 87' lang='lat' dir='ltr'>Et</span> <span class='ocrx_word' id='word_1_258' title='bbox 984 1908 1227 1965; x_wconf 83' lang='lat' dir='ltr'>oraculo</span> <span class='ocrx_word' id='word_1_259' title='bbox 1259 1913 1500 1977; x_wconf 83' lang='lat' dir='ltr'>accepto</span> <span class='ocrx_word' id='word_1_260' title='bbox 1530 1937 1599 1947; x_wconf 94' lang='lat'><strong>—</strong></span> <span class='ocrx_word' id='word_1_261' title='bbox 1629 1907 1929 1977; x_wconf 80' lang='lat' dir='ltr'>regionem</span> <span class='ocrx_word' id='word_1_262' title='bbox 1957 1920 2143 1963; x_wconf 86' lang='lat' dir='ltr'>suam.</span> 
     </span>
    </p>
   </div>
   <div class='ocr_carea' id='block_1_38' title="bbox 483 1995 2148 2069">
    <p class='ocr_par' dir='ltr' id='par_1_38' title="bbox 483 1995 2148 2069">
     <span class='ocr_line' id='line_1_38' title="bbox 483 1995 2148 2069; baseline -0.002 -17"><span class='ocrx_word' id='word_1_263' title='bbox 483 1999 825 2069; x_wconf 82' lang='lat' dir='ltr'>Antequam</span> <span class='ocrx_word' id='word_1_264' title='bbox 846 2000 1101 2068; x_wconf 88' lang='lat' dir='ltr'>puerum</span> <span class='ocrx_word' id='word_1_265' title='bbox 1144 1996 1456 2062; x_wconf 83' lang='lat' dir='ltr'>vidissent,</span> <span class='ocrx_word' id='word_1_266' title='bbox 1524 1995 1693 2051; x_wconf 89' lang='lat' dir='ltr'>stella</span> <span class='ocrx_word' id='word_1_267' title='bbox 1740 1995 2030 2050; x_wconf 87' lang='lat' dir='ltr'>ducatum</span> <span class='ocrx_word' id='word_1_268' title='bbox 2065 1997 2148 2050; x_wconf 92' lang='lat' dir='ltr'>eis</span> 
     </span>
    </p>
   </div>
   <div class='ocr_carea' id='block_1_39' title="bbox 483 2084 2154 2158">
    <p class='ocr_par' dir='ltr' id='par_1_39' title="bbox 483 2084 2149 2158">
     <span class='ocr_line' id='line_1_39' title="bbox 483 2084 2149 2158; baseline -0.001 -17"><span class='ocrx_word' id='word_1_269' title='bbox 483 2086 799 2158; x_wconf 62' lang='lat' dir='ltr'>praestitit:</span> <span class='ocrx_word' id='word_1_270' title='bbox 831 2088 1153 2157; x_wconf 86' lang='lat' dir='ltr'>postquam</span> <span class='ocrx_word' id='word_1_271' title='bbox 1186 2089 1383 2140; x_wconf 90' lang='lat' dir='ltr'>autem</span> <span class='ocrx_word' id='word_1_272' title='bbox 1430 2085 1719 2149; x_wconf 90' lang='lat' dir='ltr'>viderunt,</span> <span class='ocrx_word' id='word_1_273' title='bbox 1768 2084 2020 2155; x_wconf 84' lang='lat' dir='ltr'>angelus</span> <span class='ocrx_word' id='word_1_274' title='bbox 2051 2084 2149 2139; x_wconf 91' lang='lat' dir='ltr'>de-</span> 
     </span>
    </p>
   </div>
   <div class='ocr_carea' id='block_1_40' title="bbox 2268 2084 3870 2158">
    <p class='ocr_par' dir='ltr' id='par_1_40' title="bbox 2268 2084 3870 2153">
     <span class='ocr_line' id='line_1_40' title="bbox 2268 2084 3870 2153; baseline 0.001 -22"><span class='ocrx_word' id='word_1_275' title='bbox 2268 2084 2317 2131; x_wconf 82' lang='lat' dir='ltr'><em>r6</em></span> <span class='ocrx_word' id='word_1_276' title='bbox 2384 2084 2533 2150; x_wconf 75' lang='grc' dir='ltr'>ἰδεῐν,</span> <span class='ocrx_word' id='word_1_277' title='bbox 2594 2084 2811 2152; x_wconf 74' lang='grc' dir='ltr'>ἅγγελος</span> <span class='ocrx_word' id='word_1_278' title='bbox 2873 2084 3049 2143; x_wconf 83' lang='grc' dir='ltr'>αὐτοῖς</span> <span class='ocrx_word' id='word_1_279' title='bbox 3099 2084 3298 2149; x_wconf 82' lang='grc' dir='ltr'>λοιπόν,</span> <span class='ocrx_word' id='word_1_280' title='bbox 3382 2084 3452 2145; x_wconf 86' lang='grc' dir='ltr'>ὡς</span> <span class='ocrx_word' id='word_1_281' title='bbox 3510 2084 3870 2153; x_wconf 80' lang='grc' dir='ltr'>άγιασθεῖσιν,</span> 
     </span>
    </p>
   </div>
   <div class='ocr_carea' id='block_1_41' title="bbox 481 2167 2154 2245">
    <p class='ocr_par' dir='ltr' id='par_1_41' title="bbox 481 2171 2143 2245">
     <span class='ocr_line' id='line_1_41' title="bbox 481 2171 2143 2245; baseline -0.001 -16"><span class='ocrx_word' id='word_1_282' title='bbox 481 2173 687 2245; x_wconf 89' lang='lat' dir='ltr'>inceps</span> <span class='ocrx_word' id='word_1_283' title='bbox 713 2173 885 2245; x_wconf 90' lang='lat' dir='ltr'>quasi</span> <span class='ocrx_word' id='word_1_284' title='bbox 906 2174 1035 2243; x_wconf 91' lang='lat' dir='ltr'>jam</span> <span class='ocrx_word' id='word_1_285' title='bbox 1065 2171 1469 2229; x_wconf 86' lang='lat' dir='ltr'>sanctiﬁcatos</span> <span class='ocrx_word' id='word_1_286' title='bbox 1495 2172 1841 2243; x_wconf 87' lang='lat' dir='ltr'>alloquitur.</span> <span class='ocrx_word' id='word_1_287' title='bbox 1868 2171 2143 2238; x_wconf 87' lang='lat' dir='ltr'>Oracuto,</span> 
     </span>
    </p>
   </div>
   <div class='ocr_carea' id='block_1_42' title="bbox 2268 2167 3875 2245">
    <p class='ocr_par' dir='ltr' id='par_1_42' title="bbox 2268 2167 3875 2243">
     <span class='ocr_line' id='line_1_42' title="bbox 2268 2167 3875 2243; baseline 0.001 -23"><span class='ocrx_word' id='word_1_288' title='bbox 2268 2168 2442 2240; x_wconf 73' lang='grc' dir='ltr'>ὅμιλεί.</span> <span class='ocrx_word' id='word_1_289' title='bbox 2504 2171 2955 2242; x_wconf 82' lang='grc' dir='ltr'>Χρηματισθέντες</span> <span class='ocrx_word' id='word_1_290' title='bbox 3009 2167 3086 2235; x_wconf 72' lang='grc' dir='ltr'>δὲ,</span> <span class='ocrx_word' id='word_1_291' title='bbox 3148 2169 3260 2223; x_wconf 82' lang='grc' dir='ltr'>ἀντὶ</span> <span class='ocrx_word' id='word_1_292' title='bbox 3307 2178 3420 2237; x_wconf 82' lang='grc' dir='ltr'>τοῦ,</span> <span class='ocrx_word' id='word_1_293' title='bbox 3480 2170 3875 2243; x_wconf 86' lang='grc' dir='ltr'>Παραγγελθέν-</span> 
     </span>
    </p>
   </div>
   <div class='ocr_carea' id='block_1_43' title="bbox 482 2254 2154 2333">
    <p class='ocr_par' dir='ltr' id='par_1_43' title="bbox 482 2260 2149 2333">
     <span class='ocr_line' id='line_1_43' title="bbox 482 2260 2149 2333; baseline 0 -16"><span class='ocrx_word' id='word_1_294' title='bbox 482 2261 694 2333; x_wconf 89' lang='lat' dir='ltr'>inquit,</span> <span class='ocrx_word' id='word_1_295' title='bbox 724 2267 985 2330; x_wconf 86' lang='lat' dir='ltr'>accepto,</span> <span class='ocrx_word' id='word_1_296' title='bbox 1008 2260 1122 2315; x_wconf 92' lang='lat' dir='ltr'>hoc</span> <span class='ocrx_word' id='word_1_297' title='bbox 1154 2264 1258 2315; x_wconf 93' lang='lat' dir='ltr'>est.</span> <span class='ocrx_word' id='word_1_298' title='bbox 1290 2260 1710 2315; x_wconf 82' lang='lat' dir='ltr'>Admonitione</span> <span class='ocrx_word' id='word_1_299' title='bbox 1730 2263 2149 2331; x_wconf 82' lang='lat' dir='ltr'>suscepta;re—</span> 
     </span>
    </p>
   </div>
   <div class='ocr_carea' id='block_1_44' title="bbox 2268 2254 3869 2333">
    <p class='ocr_par' dir='ltr' id='par_1_44' title="bbox 2268 2254 3869 2330">
     <span class='ocr_line' id='line_1_44' title="bbox 2268 2254 3869 2330; baseline 0.001 -22"><span class='ocrx_word' id='word_1_300' title='bbox 2268 2276 2358 2317; x_wconf 79' lang='grc' dir='ltr'>τες.</span> <span class='ocrx_word' id='word_1_301' title='bbox 2439 2257 2808 2330; x_wconf 81' lang='grc' dir='ltr'>Ἀνεχὼρησαν</span> <span class='ocrx_word' id='word_1_302' title='bbox 2878 2254 2936 2311; x_wconf 75' lang='grc' dir='ltr'>δὲ</span> <span class='ocrx_word' id='word_1_303' title='bbox 3010 2258 3277 2328; x_wconf 77' lang='grc' dir='ltr'>εὐπειθῶς,</span> <span class='ocrx_word' id='word_1_304' title='bbox 3360 2262 3425 2320; x_wconf 83' lang='grc' dir='ltr'>ὡς</span> <span class='ocrx_word' id='word_1_305' title='bbox 3506 2264 3705 2323; x_wconf 83' lang='grc' dir='ltr'>πιστοὶ,</span> <span class='ocrx_word' id='word_1_306' title='bbox 3774 2263 3869 2310; x_wconf 71' lang='grc' dir='ltr'>καὶ</span> 
     </span>
    </p>
   </div>
   <div class='ocr_carea' id='block_1_45' title="bbox 481 2344 2154 2421">
    <p class='ocr_par' dir='ltr' id='par_1_45' title="bbox 481 2348 2145 2420">
     <span class='ocr_line' id='line_1_45' title="bbox 481 2348 2145 2420; baseline 0 -15"><span class='ocrx_word' id='word_1_307' title='bbox 481 2350 638 2406; x_wconf 80' lang='lat' dir='ltr'>versi</span> <span class='ocrx_word' id='word_1_308' title='bbox 663 2366 800 2405; x_wconf 91' lang='lat' dir='ltr'>vero</span> <span class='ocrx_word' id='word_1_309' title='bbox 815 2355 971 2414; x_wconf 87' lang='lat' dir='ltr'>sunt,</span> <span class='ocrx_word' id='word_1_310' title='bbox 989 2348 1162 2404; x_wconf 88' lang='lat' dir='ltr'>citius</span> <span class='ocrx_word' id='word_1_311' title='bbox 1176 2348 1481 2405; x_wconf 90' lang='lat' dir='ltr'>credentes</span> <span class='ocrx_word' id='word_1_312' title='bbox 1511 2348 1596 2420; x_wconf 83' lang='lat' dir='ltr'>(Iz)</span> <span class='ocrx_word' id='word_1_313' title='bbox 1614 2351 1899 2420; x_wconf 89' lang='lat' dir='ltr'>tanquam</span> <span class='ocrx_word' id='word_1_314' title='bbox 1918 2348 2145 2416; x_wconf 90' lang='lat' dir='ltr'>ﬁdeles,</span> 
     </span>
    </p>
   </div>
   <div class='ocr_carea' id='block_1_46' title="bbox 2268 2344 3878 2421">
    <p class='ocr_par' dir='ltr' id='par_1_46' title="bbox 2268 2344 3878 2421">
     <span class='ocr_line' id='line_1_46' title="bbox 2268 2344 3878 2421; baseline 0.002 -25"><span class='ocrx_word' id='word_1_315' title='bbox 2268 2344 2487 2403; x_wconf 80' lang='grc' dir='ltr'>Ξιπῆλθον</span> <span class='ocrx_word' id='word_1_316' title='bbox 2538 2345 2609 2407; x_wconf 83' lang='grc' dir='ltr'>εἰς</span> <span class='ocrx_word' id='word_1_317' title='bbox 2666 2350 2762 2403; x_wconf 78' lang='grc' dir='ltr'>τὴν</span> <span class='ocrx_word' id='word_1_318' title='bbox 2815 2352 2999 2421; x_wconf 80' lang='grc' dir='ltr'>χώραν</span> <span class='ocrx_word' id='word_1_319' title='bbox 3063 2347 3253 2412; x_wconf 74' lang='grc' dir='ltr'>αὐτῶν,</span> <span class='ocrx_word' id='word_1_320' title='bbox 3309 2347 3544 2419; x_wconf 83' lang='grc' dir='ltr'>ἐσόμενοι</span> <span class='ocrx_word' id='word_1_321' title='bbox 3605 2344 3878 2401; x_wconf 76' lang='grc' dir='ltr'>διδάσκα-</span> 
     </span>
    </p>
   </div>
   <div class='ocr_carea' id='block_1_47' title="bbox 482 2432 2154 2527">
    <p class='ocr_par' dir='ltr' id='par_1_47' title="bbox 482 2436 2148 2509">
     <span class='ocr_line' id='line_1_47' title="bbox 482 2436 2148 2509; baseline -0.001 -15"><span class='ocrx_word' id='word_1_322' title='bbox 482 2438 547 2494; x_wconf 89' lang='lat' dir='ltr'>in</span> <span class='ocrx_word' id='word_1_323' title='bbox 573 2438 862 2508; x_wconf 79' lang='lat' dir='ltr'>regionem</span> <span class='ocrx_word' id='word_1_324' title='bbox 880 2450 1069 2503; x_wconf 87' lang='lat' dir='ltr'>suam,</span> <span class='ocrx_word' id='word_1_325' title='bbox 1104 2436 1284 2491; x_wconf 87' lang='lat' dir='ltr'>futuri</span> <span class='ocrx_word' id='word_1_326' title='bbox 1312 2436 1582 2493; x_wconf 91' lang='lat' dir='ltr'>doctores</span> <span class='ocrx_word' id='word_1_327' title='bbox 1622 2452 1851 2505; x_wconf 91' lang='lat' dir='ltr'>eorum,</span> <span class='ocrx_word' id='word_1_328' title='bbox 1902 2453 2038 2509; x_wconf 61' lang='lat' dir='ltr'>quas</span> <span class='ocrx_word' id='word_1_329' title='bbox 2071 2437 2148 2493; x_wconf 88' lang='lat' dir='ltr'>fa-</span> 
     </span>
    </p>
   </div>
   <div class='ocr_carea' id='block_1_48' title="bbox 2268 2432 3877 2527">
    <p class='ocr_par' dir='ltr' id='par_1_48' title="bbox 2268 2434 3877 2520">
     <span class='ocr_line' id='line_1_48' title="bbox 2268 2434 3877 2520; baseline 0.002 -35"><span class='ocrx_word' id='word_1_330' title='bbox 2268 2438 2335 2520; x_wconf 59' lang='lat' dir='ltr'>lci</span> <span class='ocrx_word' id='word_1_331' title='bbox 2403 2442 2500 2486; x_wconf 88' lang='grc' dir='ltr'>τῶν</span> <span class='ocrx_word' id='word_1_332' title='bbox 2570 2438 2935 2507; x_wconf 70' lang='grc' dir='ltr'>γεγενημένων,</span> <span class='ocrx_word' id='word_1_333' title='bbox 3014 2440 3103 2487; x_wconf 85' lang='grc' dir='ltr'>καὶ</span> <span class='ocrx_word' id='word_1_334' title='bbox 3184 2436 3277 2488; x_wconf 75' lang='grc' dir='ltr'>οὐκ</span> <span class='ocrx_word' id='word_1_335' title='bbox 3358 2434 3658 2509; x_wconf 70' lang='grc' dir='ltr'>ἀνέκαμψαν</span> <span class='ocrx_word' id='word_1_336' title='bbox 3737 2439 3877 2508; x_wconf 87' lang='grc' dir='ltr'>πρὸς</span> 
     </span>
    </p>
   </div>
   <div class='ocr_carea' id='block_1_49' title="bbox 480 2519 2154 2597">
    <p class='ocr_par' dir='ltr' id='par_1_49' title="bbox 480 2524 2149 2591">
     <span class='ocr_line' id='line_1_49' title="bbox 480 2524 2149 2591; baseline 0 -7"><span class='ocrx_word' id='word_1_337' title='bbox 480 2532 579 2584; x_wconf 92' lang='lat' dir='ltr'>cta</span> <span class='ocrx_word' id='word_1_338' title='bbox 608 2531 766 2582; x_wconf 89' lang='lat' dir='ltr'>sunt.</span> <span class='ocrx_word' id='word_1_339' title='bbox 810 2530 925 2583; x_wconf 88' lang='lat' dir='ltr'>Nec</span> <span class='ocrx_word' id='word_1_340' title='bbox 991 2525 1068 2581; x_wconf 92' lang='lat' dir='ltr'>ad</span> <span class='ocrx_word' id='word_1_341' title='bbox 1118 2524 1406 2581; x_wconf 82' lang='lat' dir='ltr'>Herodem</span> <span class='ocrx_word' id='word_1_342' title='bbox 1459 2525 1774 2591; x_wconf 87' lang='lat' dir='ltr'>redierunt,</span> <span class='ocrx_word' id='word_1_343' title='bbox 1817 2530 1875 2582; x_wconf 93' lang='lat' dir='ltr'>ut</span> <span class='ocrx_word' id='word_1_344' title='bbox 1927 2527 2149 2584; x_wconf 85' lang='lat' dir='ltr'>frustra</span> 
     </span>
    </p>
   </div>
   <div class='ocr_carea' id='block_1_50' title="bbox 2268 2519 3879 2597">
    <p class='ocr_par' dir='ltr' id='par_1_50' title="bbox 2279 2519 3879 2597">
     <span class='ocr_line' id='line_1_50' title="bbox 2279 2519 3879 2597; baseline 0.003 -22"><span class='ocrx_word' id='word_1_345' title='bbox 2279 2519 2522 2597; x_wconf 82' lang='grc' dir='ltr'>Ηρώδην,</span> <span class='ocrx_word' id='word_1_346' title='bbox 2580 2524 2662 2576; x_wconf 82' lang='grc' dir='ltr'>ἵνα</span> <span class='ocrx_word' id='word_1_347' title='bbox 2731 2529 2952 2597; x_wconf 80' lang='grc' dir='ltr'>συνήσῃ,</span> <span class='ocrx_word' id='word_1_348' title='bbox 3014 2526 3095 2577; x_wconf 87' lang='grc' dir='ltr'>ὅτι</span> <span class='ocrx_word' id='word_1_349' title='bbox 3147 2526 3317 2596; x_wconf 79' lang='grc' dir='ltr'>μάτην</span> <span class='ocrx_word' id='word_1_350' title='bbox 3383 2524 3717 2595; x_wconf 70' lang='grc' dir='ltr'>ἐπιϐουλεύει,</span> <span class='ocrx_word' id='word_1_351' title='bbox 3778 2530 3879 2579; x_wconf 83' lang='grc' dir='ltr'>καὶ</span> 
     </span>
    </p>
   </div>
   <div class='ocr_carea' id='block_1_51' title="bbox 481 2611 2154 2687">
    <p class='ocr_par' dir='ltr' id='par_1_51' title="bbox 481 2613 2149 2687">
     <span class='ocr_line' id='line_1_51' title="bbox 481 2613 2149 2687; baseline 0 -16"><span class='ocrx_word' id='word_1_352' title='bbox 481 2630 547 2671; x_wconf 92' lang='lat' dir='ltr'>se</span> <span class='ocrx_word' id='word_1_353' title='bbox 601 2614 872 2670; x_wconf 81' lang='lat' dir='ltr'>insidiari</span> <span class='ocrx_word' id='word_1_354' title='bbox 958 2613 1310 2685; x_wconf 87' lang='lat' dir='ltr'>intelligeret</span> <span class='ocrx_word' id='word_1_355' title='bbox 1383 2616 1439 2671; x_wconf 92' lang='lat' dir='ltr'>et</span> <span class='ocrx_word' id='word_1_356' title='bbox 1505 2614 1583 2670; x_wconf 92' lang='lat' dir='ltr'>ab</span> <span class='ocrx_word' id='word_1_357' title='bbox 1654 2614 1913 2687; x_wconf 68' lang='lat' dir='ltr'>incmpto</span> <span class='ocrx_word' id='word_1_358' title='bbox 1996 2616 2149 2672; x_wconf 81' lang='lat' dir='ltr'>desi-</span> 
     </span>
    </p>
   </div>
   <div class='ocr_carea' id='block_1_52' title="bbox 2268 2611 2998 2687">
    <p class='ocr_par' dir='ltr' id='par_1_52' title="bbox 2268 2611 2998 2687">
     <span class='ocr_line' id='line_1_52' title="bbox 2268 2611 2998 2687; baseline 0.005 -22"><span class='ocrx_word' id='word_1_359' title='bbox 2268 2615 2434 2685; x_wconf 75' lang='grc' dir='ltr'>παυθῇ</span> <span class='ocrx_word' id='word_1_360' title='bbox 2464 2620 2560 2674; x_wconf 84' lang='grc' dir='ltr'>τῆς</span> <span class='ocrx_word' id='word_1_361' title='bbox 2597 2611 2998 2687; x_wconf 75' lang='grc' dir='ltr'>ἐπιχειρήσεως.</span> 
     </span>
    </p>
   </div>
   <div class='ocr_carea' id='block_1_53' title="bbox 482 2706 662 2761">
    <p class='ocr_par' dir='ltr' id='par_1_53' title="bbox 482 2706 662 2761">
     <span class='ocr_line' id='line_1_53' title="bbox 482 2706 662 2761; baseline -0.017 0"><span class='ocrx_word' id='word_1_362' title='bbox 482 2706 662 2761; x_wconf 90' lang='lat' dir='ltr'>steret</span> 
     </span>
    </p>
   </div>
   <div class='ocr_carea' id='block_1_54' title="bbox 554 2791 2151 2865">
    <p class='ocr_par' dir='ltr' id='par_1_54' title="bbox 554 2791 2151 2865">
     <span class='ocr_line' id='line_1_54' title="bbox 554 2791 2151 2865; baseline 0.002 -18"><span class='ocrx_word' id='word_1_363' title='bbox 554 2794 719 2848; x_wconf 87' lang='lat' dir='ltr'>Vers.</span> <span class='ocrx_word' id='word_1_364' title='bbox 756 2792 842 2849; x_wconf 83' lang='lat' dir='ltr'>t3.</span> <span class='ocrx_word' id='word_1_365' title='bbox 880 2791 1151 2859; x_wconf 84' lang='lat' dir='ltr'>Quicum</span> <span class='ocrx_word' id='word_1_366' title='bbox 1176 2792 1539 2849; x_wconf 81' lang='lat' dir='ltr'>recessissent</span> <span class='ocrx_word' id='word_1_367' title='bbox 1570 2823 1633 2835; x_wconf 90' lang='lat'><strong><em>—</em></strong></span> <span class='ocrx_word' id='word_1_368' title='bbox 1677 2794 2038 2865; x_wconf 64' lang='lat' dir='ltr'>zEgyptum.</span> <span class='ocrx_word' id='word_1_369' title='bbox 2081 2825 2151 2837; x_wconf 90' lang='lat'>--</span> 
     </span>
    </p>
   </div>
   <div class='ocr_carea' id='block_1_55' title="bbox 493 2880 2153 2954">
    <p class='ocr_par' dir='ltr' id='par_1_55' title="bbox 493 2880 2153 2954">
     <span class='ocr_line' id='line_1_55' title="bbox 493 2880 2153 2954; baseline -0.002 -15"><span class='ocrx_word' id='word_1_370' title='bbox 493 2880 813 2953; x_wconf 90' lang='lat' dir='ltr'>Completis</span> <span class='ocrx_word' id='word_1_371' title='bbox 845 2881 1250 2952; x_wconf 88' lang='lat' dir='ltr'>quadraginta</span> <span class='ocrx_word' id='word_1_372' title='bbox 1279 2881 1486 2937; x_wconf 91' lang='lat' dir='ltr'>diebus</span> <span class='ocrx_word' id='word_1_373' title='bbox 1517 2882 1965 2954; x_wconf 89' lang='lat' dir='ltr'>puriﬁcationis,</span> <span class='ocrx_word' id='word_1_374' title='bbox 2005 2886 2153 2940; x_wconf 89' lang='lat' dir='ltr'>sicut</span> 
     </span>
    </p>
   </div>
   <div class='ocr_carea' id='block_1_56' title="bbox 487 2969 2153 3044">
    <p class='ocr_par' dir='ltr' id='par_1_56' title="bbox 487 2969 2153 3044">
     <span class='ocr_line' id='line_1_56' title="bbox 487 2969 2153 3044; baseline 0.002 -18"><span class='ocrx_word' id='word_1_375' title='bbox 487 2971 632 3027; x_wconf 91' lang='lat' dir='ltr'>dicit</span> <span class='ocrx_word' id='word_1_376' title='bbox 654 2972 846 3026; x_wconf 88' lang='lat' dir='ltr'>Lucas</span> <span class='ocrx_word' id='word_1_377' title='bbox 878 2970 945 3035; x_wconf 67' lang='grc' dir='ltr'>ιο,</span> <span class='ocrx_word' id='word_1_378' title='bbox 983 2969 1358 3026; x_wconf 83' lang='lat' dir='ltr'>adduxerunt</span> <span class='ocrx_word' id='word_1_379' title='bbox 1395 2970 1597 3027; x_wconf 89' lang='lat' dir='ltr'>Jesum</span> <span class='ocrx_word' id='word_1_380' title='bbox 1632 2972 2066 3044; x_wconf 78' lang='lat' dir='ltr'>Hierosolyma;</span> <span class='ocrx_word' id='word_1_381' title='bbox 2088 2981 2153 3030; x_wconf 89' lang='lat' dir='ltr'>ut</span> 
     </span>
    </p>
   </div>
   <div class='ocr_carea' id='block_1_57' title="bbox 481 3057 2154 3134">
    <p class='ocr_par' dir='ltr' id='par_1_57' title="bbox 481 3057 2154 3133">
     <span class='ocr_line' id='line_1_57' title="bbox 481 3057 2154 3133; baseline 0.002 -18"><span class='ocrx_word' id='word_1_382' title='bbox 481 3059 747 3115; x_wconf 78' lang='lat' dir='ltr'>sisterent</span> <span class='ocrx_word' id='word_1_383' title='bbox 795 3058 968 3114; x_wconf 76' lang='lat' dir='ltr'>illum</span> <span class='ocrx_word' id='word_1_384' title='bbox 1009 3057 1273 3125; x_wconf 88' lang='lat' dir='ltr'>Domino,</span> <span class='ocrx_word' id='word_1_385' title='bbox 1302 3058 1457 3114; x_wconf 82' lang='lat' dir='ltr'>sicut</span> <span class='ocrx_word' id='word_1_386' title='bbox 1508 3062 1792 3132; x_wconf 85' lang='lat' dir='ltr'>scriptum</span> <span class='ocrx_word' id='word_1_387' title='bbox 1819 3068 1899 3117; x_wconf 85' lang='lat' dir='ltr'>est</span> <span class='ocrx_word' id='word_1_388' title='bbox 1926 3062 1986 3116; x_wconf 86' lang='lat' dir='ltr'>in</span> <span class='ocrx_word' id='word_1_389' title='bbox 2035 3064 2154 3133; x_wconf 83' lang='lat' dir='ltr'>tege</span> 
     </span>
    </p>
   </div>
   <div class='ocr_carea' id='block_1_58' title="bbox 2268 3057 3878 3134">
    <p class='ocr_par' dir='ltr' id='par_1_58' title="bbox 2268 3058 3878 3134">
     <span class='ocr_line' id='line_1_58' title="bbox 2268 3058 3878 3134; baseline 0 -21"><span class='ocrx_word' id='word_1_390' title='bbox 2268 3058 2613 3132; x_wconf 82' lang='grc' dir='ltr'>Ἰεροσόλυμα,</span> <span class='ocrx_word' id='word_1_391' title='bbox 2686 3068 3031 3134; x_wconf 85' lang='grc' dir='ltr'>παραστῆσαι</span> <span class='ocrx_word' id='word_1_392' title='bbox 3120 3068 3192 3130; x_wconf 87' lang='grc' dir='ltr'>τῷ</span> <span class='ocrx_word' id='word_1_393' title='bbox 3274 3062 3469 3134; x_wconf 84' lang='grc' dir='ltr'>Κύρίῳ,</span> <span class='ocrx_word' id='word_1_394' title='bbox 3544 3062 3715 3121; x_wconf 86' lang='grc' dir='ltr'>καθώς</span> <span class='ocrx_word' id='word_1_395' title='bbox 3784 3064 3878 3130; x_wconf 80' lang='grc' dir='ltr'>γέ-</span> 
     </span>
    </p>
   </div>
   <div class='ocr_carea' id='block_1_59' title="bbox 484 3146 2154 3239">
    <p class='ocr_par' dir='ltr' id='par_1_59' title="bbox 484 3146 2154 3220">
     <span class='ocr_line' id='line_1_59' title="bbox 484 3146 2154 3220; baseline 0.003 -17"><span class='ocrx_word' id='word_1_396' title='bbox 484 3147 743 3203; x_wconf 86' lang='lat' dir='ltr'>Domini.</span> <span class='ocrx_word' id='word_1_397' title='bbox 763 3146 838 3202; x_wconf 87' lang='lat' dir='ltr'>Et</span> <span class='ocrx_word' id='word_1_398' title='bbox 866 3152 929 3202; x_wconf 86' lang='lat' dir='ltr'>ut</span> <span class='ocrx_word' id='word_1_399' title='bbox 948 3148 1333 3217; x_wconf 78' lang='lat' dir='ltr'>perfecerunt</span> <span class='ocrx_word' id='word_1_400' title='bbox 1350 3148 1568 3213; x_wconf 86' lang='lat' dir='ltr'>omnia,</span> <span class='ocrx_word' id='word_1_401' title='bbox 1590 3166 1721 3220; x_wconf 66' lang='lat' dir='ltr'>qua?</span> <span class='ocrx_word' id='word_1_402' title='bbox 1736 3151 2048 3207; x_wconf 82' lang='lat' dir='ltr'>secundum</span> <span class='ocrx_word' id='word_1_403' title='bbox 2079 3153 2154 3208; x_wconf 88' lang='lat' dir='ltr'>le-</span> 
     </span>
    </p>
   </div>
   <div class='ocr_carea' id='block_1_60' title="bbox 2268 3146 3879 3239">
    <p class='ocr_par' dir='ltr' id='par_1_60' title="bbox 2268 3147 3879 3223">
     <span class='ocr_line' id='line_1_60' title="bbox 2268 3147 3879 3223; baseline 0 -23"><span class='ocrx_word' id='word_1_404' title='bbox 2268 3168 2497 3223; x_wconf 87' lang='grc' dir='ltr'>γραπται</span> <span class='ocrx_word' id='word_1_405' title='bbox 2554 3147 2600 3199; x_wconf 75' lang='grc' dir='ltr'>ἐν</span> <span class='ocrx_word' id='word_1_406' title='bbox 2655 3152 2793 3220; x_wconf 87' lang='grc' dir='ltr'>νόμῳ</span> <span class='ocrx_word' id='word_1_407' title='bbox 2850 3154 3061 3222; x_wconf 81' lang='grc' dir='ltr'>Κυρίου.</span> <span class='ocrx_word' id='word_1_408' title='bbox 3122 3153 3242 3215; x_wconf 85' lang='grc' dir='ltr'>Καὶ,</span> <span class='ocrx_word' id='word_1_409' title='bbox 3297 3151 3362 3208; x_wconf 86' lang='grc' dir='ltr'>ὡς</span> <span class='ocrx_word' id='word_1_410' title='bbox 3393 3148 3628 3201; x_wconf 78' lang='grc' dir='ltr'>ἐτέλεσαν</span> <span class='ocrx_word' id='word_1_411' title='bbox 3668 3149 3879 3201; x_wconf 77' lang='grc' dir='ltr'>ἅπαντα</span> 
     </span>
    </p>
   </div>
   <div class='ocr_carea' id='block_1_61' title="bbox 484 3234 2154 3312">
    <p class='ocr_par' dir='ltr' id='par_1_61' title="bbox 484 3234 2154 3309">
     <span class='ocr_line' id='line_1_61' title="bbox 484 3234 2154 3309; baseline 0.001 -16"><span class='ocrx_word' id='word_1_412' title='bbox 484 3251 608 3309; x_wconf 89' lang='lat' dir='ltr'>gem</span> <span class='ocrx_word' id='word_1_413' title='bbox 630 3234 871 3293; x_wconf 82' lang='lat' dir='ltr'>Domini</span> <span class='ocrx_word' id='word_1_414' title='bbox 900 3241 1087 3300; x_wconf 82' lang='lat' dir='ltr'>erant,</span> <span class='ocrx_word' id='word_1_415' title='bbox 1122 3236 1346 3291; x_wconf 78' lang='lat' dir='ltr'>reversi</span> <span class='ocrx_word' id='word_1_416' title='bbox 1375 3244 1507 3290; x_wconf 83' lang='lat' dir='ltr'>sunt</span> <span class='ocrx_word' id='word_1_417' title='bbox 1536 3236 1601 3292; x_wconf 87' lang='lat' dir='ltr'>in</span> <span class='ocrx_word' id='word_1_418' title='bbox 1629 3237 1963 3307; x_wconf 71' lang='lat' dir='ltr'>Galilaeam,</span> <span class='ocrx_word' id='word_1_419' title='bbox 1990 3239 2051 3293; x_wconf 88' lang='lat' dir='ltr'>in</span> <span class='ocrx_word' id='word_1_420' title='bbox 2078 3240 2154 3293; x_wconf 87' lang='lat' dir='ltr'>ci-</span> 
     </span>
    </p>
   </div>
   <div class='ocr_carea' id='block_1_62' title="bbox 2268 3234 3877 3312">
    <p class='ocr_par' dir='ltr' id='par_1_62' title="bbox 2268 3236 3877 3312">
     <span class='ocr_line' id='line_1_62' title="bbox 2268 3236 3877 3312; baseline 0 -24"><span class='ocrx_word' id='word_1_421' title='bbox 2268 3240 2329 3289; x_wconf 89' lang='grc' dir='ltr'>τά</span> <span class='ocrx_word' id='word_1_422' title='bbox 2375 3240 2508 3288; x_wconf 76' lang='grc' dir='ltr'>κατὰ</span> <span class='ocrx_word' id='word_1_423' title='bbox 2572 3240 2659 3288; x_wconf 86' lang='grc' dir='ltr'>τόν</span> <span class='ocrx_word' id='word_1_424' title='bbox 2716 3241 2868 3308; x_wconf 90' lang='grc' dir='ltr'>νόμον</span> <span class='ocrx_word' id='word_1_425' title='bbox 2941 3242 3159 3311; x_wconf 80' lang='grc' dir='ltr'>Κυρίου,</span> <span class='ocrx_word' id='word_1_426' title='bbox 3237 3236 3566 3312; x_wconf 71' lang='grc' dir='ltr'>ὑπέστρεψαν</span> <span class='ocrx_word' id='word_1_427' title='bbox 3639 3237 3708 3299; x_wconf 88' lang='grc' dir='ltr'>εἰς</span> <span class='ocrx_word' id='word_1_428' title='bbox 3773 3242 3877 3293; x_wconf 82' lang='grc' dir='ltr'>τὴν</span> 
     </span>
    </p>
   </div>
   <div class='ocr_carea' id='block_1_63' title="bbox 486 3325 2154 3400">
    <p class='ocr_par' dir='ltr' id='par_1_63' title="bbox 486 3325 2154 3395">
     <span class='ocr_line' id='line_1_63' title="bbox 486 3325 2154 3395; baseline 0 -13"><span class='ocrx_word' id='word_1_429' title='bbox 486 3326 730 3382; x_wconf 82' lang='lat' dir='ltr'>vitalem</span> <span class='ocrx_word' id='word_1_430' title='bbox 755 3338 926 3379; x_wconf 87' lang='lat' dir='ltr'>suam</span> <span class='ocrx_word' id='word_1_431' title='bbox 958 3325 1255 3381; x_wconf 83' lang='lat' dir='ltr'>Nazareth</span> <span class='ocrx_word' id='word_1_432' title='bbox 1285 3326 1434 3380; x_wconf 75' lang='lat' dir='ltr'>“.Et</span> <span class='ocrx_word' id='word_1_433' title='bbox 1449 3325 1663 3380; x_wconf 82' lang='lat' dir='ltr'>exinde</span> <span class='ocrx_word' id='word_1_434' title='bbox 1677 3326 1875 3381; x_wconf 89' lang='lat' dir='ltr'>statim</span> <span class='ocrx_word' id='word_1_435' title='bbox 1904 3327 2154 3395; x_wconf 86' lang='lat' dir='ltr'>angelus</span> 
     </span>
    </p>
   </div>
   <div class='ocr_carea' id='block_1_64' title="bbox 2268 3325 3875 3400">
    <p class='ocr_par' dir='ltr' id='par_1_64' title="bbox 2268 3325 3875 3400">
     <span class='ocr_line' id='line_1_64' title="bbox 2268 3325 3875 3400; baseline -0.001 -22"><span class='ocrx_word' id='word_1_436' title='bbox 2268 3325 2561 3394; x_wconf 85' lang='grc' dir='ltr'>Γαλιλαίαν,</span> <span class='ocrx_word' id='word_1_437' title='bbox 2625 3326 2694 3387; x_wconf 83' lang='grc' dir='ltr'>εἰς</span> <span class='ocrx_word' id='word_1_438' title='bbox 2776 3331 2867 3384; x_wconf 78' lang='grc' dir='ltr'>τὴν</span> <span class='ocrx_word' id='word_1_439' title='bbox 2950 3327 3096 3378; x_wconf 87' lang='grc' dir='ltr'>πόλιν</span> <span class='ocrx_word' id='word_1_440' title='bbox 3172 3325 3339 3378; x_wconf 77' lang='grc' dir='ltr'>αὐτῶν</span> <span class='ocrx_word' id='word_1_441' title='bbox 3420 3327 3679 3400; x_wconf 71' lang='grc' dir='ltr'>Ναζαρέτ.</span> <span class='ocrx_word' id='word_1_442' title='bbox 3765 3331 3875 3378; x_wconf 76' lang='grc' dir='ltr'>Καὶ</span> 
     </span>
    </p>
   </div>
   <div class='ocr_carea' id='block_1_65' title="bbox 488 3411 2154 3487">
    <p class='ocr_par' dir='ltr' id='par_1_65' title="bbox 488 3411 2153 3487">
     <span class='ocr_line' id='line_1_65' title="bbox 488 3411 2153 3487; baseline 0 -16"><span class='ocrx_word' id='word_1_443' title='bbox 488 3417 734 3485; x_wconf 87' lang='lat' dir='ltr'>apparet</span> <span class='ocrx_word' id='word_1_444' title='bbox 762 3413 986 3484; x_wconf 88' lang='lat' dir='ltr'>Joseph</span> <span class='ocrx_word' id='word_1_445' title='bbox 1015 3411 1074 3467; x_wconf 89' lang='lat' dir='ltr'>in</span> <span class='ocrx_word' id='word_1_446' title='bbox 1097 3412 1343 3477; x_wconf 91' lang='lat' dir='ltr'>somnis,</span> <span class='ocrx_word' id='word_1_447' title='bbox 1373 3412 1593 3483; x_wconf 89' lang='lat' dir='ltr'>jubens</span> <span class='ocrx_word' id='word_1_448' title='bbox 1621 3429 1722 3469; x_wconf 93' lang='lat' dir='ltr'>eos</span> <span class='ocrx_word' id='word_1_449' title='bbox 1748 3415 1806 3469; x_wconf 90' lang='lat' dir='ltr'>in</span> <span class='ocrx_word' id='word_1_450' title='bbox 1836 3414 2153 3487; x_wconf 67' lang='lat' dir='ltr'>Egyptum</span> 
     </span>
    </p>
   </div>
   <div class='ocr_carea' id='block_1_66' title="bbox 2268 3411 3873 3487">
    <p class='ocr_par' dir='ltr' id='par_1_66' title="bbox 2268 3413 3873 3487">
     <span class='ocr_line' id='line_1_66' title="bbox 2268 3413 3873 3487; baseline 0 -22"><span class='ocrx_word' id='word_1_451' title='bbox 2268 3413 2440 3466; x_wconf 87' lang='grc' dir='ltr'>λοιπὸν</span> <span class='ocrx_word' id='word_1_452' title='bbox 2479 3414 2629 3476; x_wconf 76' lang='grc' dir='ltr'>εὐθὺς</span> <span class='ocrx_word' id='word_1_453' title='bbox 2678 3414 2893 3486; x_wconf 79' lang='grc' dir='ltr'>ἄγγελος</span> <span class='ocrx_word' id='word_1_454' title='bbox 2941 3420 3174 3487; x_wconf 88' lang='grc' dir='ltr'>φαίνεται</span> <span class='ocrx_word' id='word_1_455' title='bbox 3228 3422 3301 3485; x_wconf 83' lang='grc' dir='ltr'>τῷ</span> <span class='ocrx_word' id='word_1_456' title='bbox 3351 3417 3542 3487; x_wconf 82' lang='grc' dir='ltr'>Ἰωσὴφ</span> <span class='ocrx_word' id='word_1_457' title='bbox 3578 3414 3691 3467; x_wconf 87' lang='grc' dir='ltr'>κατ’</span> <span class='ocrx_word' id='word_1_458' title='bbox 3723 3418 3873 3486; x_wconf 81' lang='grc' dir='ltr'>ὄναρ,</span> 
     </span>
    </p>
   </div>
   <div class='ocr_carea' id='block_1_67' title="bbox 489 3500 2151 3575">
    <p class='ocr_par' dir='ltr' id='par_1_67' title="bbox 489 3500 2151 3575">
     <span class='ocr_line' id='line_1_67' title="bbox 489 3500 2151 3575; baseline 0.001 -17"><span class='ocrx_word' id='word_1_459' title='bbox 489 3501 717 3574; x_wconf 87' lang='lat' dir='ltr'>fugere.</span> <span class='ocrx_word' id='word_1_460' title='bbox 776 3501 917 3567; x_wconf 73' lang='lat' dir='ltr'>Quae</span> <span class='ocrx_word' id='word_1_461' title='bbox 957 3516 1098 3571; x_wconf 82' lang='lat' dir='ltr'>ergo</span> <span class='ocrx_word' id='word_1_462' title='bbox 1162 3501 1482 3567; x_wconf 67' lang='lat' dir='ltr'>Matthaaus,</span> <span class='ocrx_word' id='word_1_463' title='bbox 1550 3500 1852 3558; x_wconf 86' lang='lat' dir='ltr'>brevitatis</span> <span class='ocrx_word' id='word_1_464' title='bbox 1899 3508 2151 3575; x_wconf 85' lang='lat' dir='ltr'>amator,</span> 
     </span>
    </p>
   </div>
   <div class='ocr_carea' id='block_1_68' title="bbox 485 3587 2157 3664">
    <p class='ocr_par' dir='ltr' id='par_1_68' title="bbox 485 3587 2157 3664">
     <span class='ocr_line' id='line_1_68' title="bbox 485 3587 2157 3664; baseline 0.002 -18"><span class='ocrx_word' id='word_1_465' title='bbox 485 3587 885 3664; x_wconf 78' lang='lat' dir='ltr'>praetermisit,</span> <span class='ocrx_word' id='word_1_466' title='bbox 936 3587 1061 3646; x_wconf 64' lang='lat' dir='ltr'>haec</span> <span class='ocrx_word' id='word_1_467' title='bbox 1087 3589 1275 3646; x_wconf 92' lang='lat' dir='ltr'>Lucas</span> <span class='ocrx_word' id='word_1_468' title='bbox 1304 3593 1592 3663; x_wconf 90' lang='lat' dir='ltr'>tanquam</span> <span class='ocrx_word' id='word_1_469' title='bbox 1622 3591 1876 3663; x_wconf 87' lang='lat' dir='ltr'>diligens</span> <span class='ocrx_word' id='word_1_470' title='bbox 1905 3594 2157 3650; x_wconf 91' lang='lat' dir='ltr'>conscri-</span> 
     </span>
    </p>
   </div>
   <div class='ocr_carea' id='block_1_69' title="bbox 489 3678 629 3751">
    <p class='ocr_par' dir='ltr' id='par_1_69' title="bbox 489 3678 629 3751">
     <span class='ocr_line' id='line_1_69' title="bbox 489 3678 629 3751; baseline -0.007 -18"><span class='ocrx_word' id='word_1_471' title='bbox 489 3678 629 3751; x_wconf 90' lang='lat' dir='ltr'>psit.</span> 
     </span>
    </p>
   </div>
   <div class='ocr_carea' id='block_1_70' title="bbox 564 3766 2154 3836">
    <p class='ocr_par' dir='ltr' id='par_1_70' title="bbox 564 3766 2154 3836">
     <span class='ocr_line' id='line_1_70' title="bbox 564 3766 2154 3836; baseline 0.004 -15"><span class='ocrx_word' id='word_1_472' title='bbox 564 3767 760 3831; x_wconf 86' lang='lat' dir='ltr'>Quare</span> <span class='ocrx_word' id='word_1_473' title='bbox 800 3768 1006 3821; x_wconf 90' lang='lat' dir='ltr'>autem</span> <span class='ocrx_word' id='word_1_474' title='bbox 1038 3780 1159 3822; x_wconf 90' lang='lat' dir='ltr'>non</span> <span class='ocrx_word' id='word_1_475' title='bbox 1202 3766 1425 3823; x_wconf 89' lang='lat' dir='ltr'>mansit</span> <span class='ocrx_word' id='word_1_476' title='bbox 1456 3767 1719 3825; x_wconf 85' lang='lat' dir='ltr'>Christus</span> <span class='ocrx_word' id='word_1_477' title='bbox 1745 3769 2048 3836; x_wconf 87' lang='lat' dir='ltr'>Nazareth,</span> <span class='ocrx_word' id='word_1_478' title='bbox 2071 3771 2154 3828; x_wconf 91' lang='lat' dir='ltr'>sic</span> 
     </span>
    </p>
   </div>
   <div class='ocr_carea' id='block_1_71' title="bbox 490 3842 2151 3927">
    <p class='ocr_par' dir='ltr' id='par_1_71' title="bbox 490 3842 2151 3927">
     <span class='ocr_line' id='line_1_71' title="bbox 490 3842 2151 3927; baseline 0.003 -16"><span class='ocrx_word' id='word_1_479' title='bbox 490 3857 559 3911; x_wconf 88' lang='lat' dir='ltr'>ut</span> <span class='ocrx_word' id='word_1_480' title='bbox 586 3855 781 3910; x_wconf 91' lang='lat' dir='ltr'>occidi</span> <span class='ocrx_word' id='word_1_481' title='bbox 804 3868 927 3910; x_wconf 88' lang='lat' dir='ltr'>non</span> <span class='ocrx_word' id='word_1_482' title='bbox 976 3860 1177 3927; x_wconf 90' lang='lat' dir='ltr'>posset</span> <span class='ocrx_word' id='word_1_483' title='bbox 1206 3855 1233 3910; x_wconf 86' lang='lat'><strong>?</strong></span> <span class='ocrx_word' id='word_1_484' title='bbox 1261 3855 1428 3923; x_wconf 86' lang='lat' dir='ltr'>Quia,</span> <span class='ocrx_word' id='word_1_485' title='bbox 1464 3857 1511 3912; x_wconf 87' lang='lat' dir='ltr'>si</span> <span class='ocrx_word' id='word_1_486' title='bbox 1551 3857 1665 3913; x_wconf 93' lang='lat' dir='ltr'>hoc</span> <span class='ocrx_word' id='word_1_487' title='bbox 1696 3842 1921 3915; x_wconf 74' lang='lat' dir='ltr'>factum</span> <span class='ocrx_word' id='word_1_488' title='bbox 1978 3864 2151 3927; x_wconf 90' lang='lat' dir='ltr'>esset,</span> 
     </span>
    </p>
   </div>
   <div class='ocr_carea' id='block_1_72' title="bbox 494 3942 2155 4019">
    <p class='ocr_par' dir='ltr' id='par_1_72' title="bbox 494 3942 2155 4019">
     <span class='ocr_line' id='line_1_72' title="bbox 494 3942 2155 4019; baseline 0.002 -19"><span class='ocrx_word' id='word_1_489' title='bbox 494 3942 673 4015; x_wconf 87' lang='lat' dir='ltr'>aliqui</span> <span class='ocrx_word' id='word_1_490' title='bbox 691 3943 1089 4000; x_wconf 80' lang='lat' dir='ltr'>aiﬁrmassent</span> <span class='ocrx_word' id='word_1_491' title='bbox 1105 3943 1544 4001; x_wconf 85' lang='lat' dir='ltr'>humanitatem</span> <span class='ocrx_word' id='word_1_492' title='bbox 1572 3946 1743 4017; x_wconf 76' lang='lat' dir='ltr'>juxta</span> <span class='ocrx_word' id='word_1_493' title='bbox 1771 3949 2155 4019; x_wconf 89' lang='lat' dir='ltr'>phantasiam</span> 
     </span>
    </p>
   </div>
   <div class='ocr_carea' id='block_1_73' title="bbox 497 4032 2155 4103">
    <p class='ocr_par' dir='ltr' id='par_1_73' title="bbox 497 4032 2155 4103">
     <span class='ocr_line' id='line_1_73' title="bbox 497 4032 2155 4103; baseline 0.005 -17"><span class='ocrx_word' id='word_1_494' title='bbox 497 4035 725 4087; x_wconf 87' lang='lat' dir='ltr'>tantum</span> <span class='ocrx_word' id='word_1_495' title='bbox 769 4036 1149 4103; x_wconf 89' lang='lat' dir='ltr'>assumptam</span> <span class='ocrx_word' id='word_1_496' title='bbox 1174 4032 1375 4099; x_wconf 86' lang='lat' dir='ltr'>fuisse,</span> <span class='ocrx_word' id='word_1_497' title='bbox 1417 4034 1696 4091; x_wconf 88' lang='lat' dir='ltr'>humanis</span> <span class='ocrx_word' id='word_1_498' title='bbox 1721 4036 1992 4094; x_wconf 91' lang='lat' dir='ltr'>videlicet</span> <span class='ocrx_word' id='word_1_499' title='bbox 2033 4054 2155 4094; x_wconf 90' lang='lat' dir='ltr'>non</span> 
     </span>
    </p>
   </div>
   <div class='ocr_carea' id='block_1_74' title="bbox 496 4119 2156 4196">
    <p class='ocr_par' dir='ltr' id='par_1_74' title="bbox 496 4119 2156 4196">
     <span class='ocr_line' id='line_1_74' title="bbox 496 4119 2156 4196; baseline 0.005 -21"><span class='ocrx_word' id='word_1_500' title='bbox 496 4119 832 4191; x_wconf 90' lang='lat' dir='ltr'>subjectam</span> <span class='ocrx_word' id='word_1_501' title='bbox 860 4119 1194 4177; x_wconf 74' lang='lat' dir='ltr'>affectibus.</span> <span class='ocrx_word' id='word_1_502' title='bbox 1231 4121 1407 4194; x_wconf 90' lang='lat' dir='ltr'>Atqui</span> <span class='ocrx_word' id='word_1_503' title='bbox 1438 4139 1541 4179; x_wconf 90' lang='lat' dir='ltr'>eos</span> <span class='ocrx_word' id='word_1_504' title='bbox 1563 4128 1791 4181; x_wconf 91' lang='lat' dir='ltr'>tantum</span> <span class='ocrx_word' id='word_1_505' title='bbox 1823 4141 2041 4196; x_wconf 90' lang='lat' dir='ltr'>pueros</span> <span class='ocrx_word' id='word_1_506' title='bbox 2061 4143 2156 4183; x_wconf 88' lang='lat' dir='ltr'>oc-</span> 
     </span>
    </p>
   </div>
   <div class='ocr_carea' id='block_1_75' title="bbox 494 4208 2153 4287">
    <p class='ocr_par' dir='ltr' id='par_1_75' title="bbox 494 4208 2153 4287">
     <span class='ocr_line' id='line_1_75' title="bbox 494 4208 2153 4287; baseline 0.004 -21"><span class='ocrx_word' id='word_1_507' title='bbox 494 4208 639 4266; x_wconf 85' lang='lat' dir='ltr'>cidit</span> <span class='ocrx_word' id='word_1_508' title='bbox 670 4208 946 4275; x_wconf 85' lang='lat' dir='ltr'>Herodes,</span> <span class='ocrx_word' id='word_1_509' title='bbox 981 4209 1086 4281; x_wconf 92' lang='lat' dir='ltr'>qui</span> <span class='ocrx_word' id='word_1_510' title='bbox 1116 4210 1175 4265; x_wconf 91' lang='lat' dir='ltr'>in</span> <span class='ocrx_word' id='word_1_511' title='bbox 1210 4210 1525 4277; x_wconf 87' lang='lat' dir='ltr'>Bethleem,</span> <span class='ocrx_word' id='word_1_512' title='bbox 1560 4216 1616 4269; x_wconf 91' lang='lat' dir='ltr'>et</span> <span class='ocrx_word' id='word_1_513' title='bbox 1646 4212 1707 4268; x_wconf 90' lang='lat' dir='ltr'>in</span> <span class='ocrx_word' id='word_1_514' title='bbox 1764 4214 1982 4270; x_wconf 91' lang='lat' dir='ltr'>ﬁnibus</span> <span class='ocrx_word' id='word_1_515' title='bbox 2027 4216 2153 4287; x_wconf 87' lang='lat' dir='ltr'>ejus</span> 
     </span>
    </p>
   </div>
   <div class='ocr_carea' id='block_1_76' title="bbox 496 4298 2151 4372">
    <p class='ocr_par' dir='ltr' id='par_1_76' title="bbox 496 4298 2151 4372">
     <span class='ocr_line' id='line_1_76' title="bbox 496 4298 2151 4372; baseline 0.002 -16"><span class='ocrx_word' id='word_1_516' title='bbox 496 4301 684 4363; x_wconf 88' lang='lat' dir='ltr'>erant,</span> <span class='ocrx_word' id='word_1_517' title='bbox 717 4313 840 4354; x_wconf 90' lang='lat' dir='ltr'>non</span> <span class='ocrx_word' id='word_1_518' title='bbox 867 4298 972 4370; x_wconf 91' lang='lat' dir='ltr'>qui</span> <span class='ocrx_word' id='word_1_519' title='bbox 998 4298 1057 4353; x_wconf 91' lang='lat' dir='ltr'>in</span> <span class='ocrx_word' id='word_1_520' title='bbox 1090 4300 1395 4355; x_wconf 87' lang='lat' dir='ltr'>Nazareth.</span> <span class='ocrx_word' id='word_1_521' title='bbox 1451 4300 1564 4356; x_wconf 94' lang='lat' dir='ltr'>Sed</span> <span class='ocrx_word' id='word_1_522' title='bbox 1595 4301 1950 4372; x_wconf 67' lang='lat' dir='ltr'>praaviderat</span> <span class='ocrx_word' id='word_1_523' title='bbox 1977 4307 2151 4360; x_wconf 66' lang='lat' dir='ltr'>Deus:</span> 
     </span>
    </p>
   </div>
   <div class='ocr_carea' id='block_1_77' title="bbox 495 4384 2152 4463">
    <p class='ocr_par' dir='ltr' id='par_1_77' title="bbox 495 4384 2152 4463">
     <span class='ocr_line' id='line_1_77' title="bbox 495 4384 2152 4463; baseline 0.006 -24"><span class='ocrx_word' id='word_1_524' title='bbox 495 4385 543 4439; x_wconf 90' lang='lat' dir='ltr'>si</span> <span class='ocrx_word' id='word_1_525' title='bbox 568 4384 923 4441; x_wconf 88' lang='lat' dir='ltr'>inNazareth</span> <span class='ocrx_word' id='word_1_526' title='bbox 952 4386 1295 4454; x_wconf 90' lang='lat' dir='ltr'>mansisset,</span> <span class='ocrx_word' id='word_1_527' title='bbox 1320 4387 1713 4444; x_wconf 86' lang='lat' dir='ltr'>indicandum</span> <span class='ocrx_word' id='word_1_528' title='bbox 1737 4392 1951 4447; x_wconf 88' lang='lat' dir='ltr'>Herodi</span> <span class='ocrx_word' id='word_1_529' title='bbox 1976 4410 1991 4463; x_wconf 86' lang='lat'><strong><em>;</em></strong></span> <span class='ocrx_word' id='word_1_530' title='bbox 2019 4392 2152 4449; x_wconf 89' lang='lat' dir='ltr'>ideo</span> 
     </span>
    </p>
   </div>
   <div class='ocr_carea' id='block_1_78' title="bbox 497 4471 2152 4550">
    <p class='ocr_par' dir='ltr' id='par_1_78' title="bbox 497 4471 2152 4550">
     <span class='ocr_line' id='line_1_78' title="bbox 497 4471 2152 4550; baseline 0.007 -24"><span class='ocrx_word' id='word_1_531' title='bbox 497 4471 682 4527; x_wconf 91' lang='lat' dir='ltr'>etiam</span> <span class='ocrx_word' id='word_1_532' title='bbox 712 4472 789 4528; x_wconf 89' lang='lat' dir='ltr'>ab</span> <span class='ocrx_word' id='word_1_533' title='bbox 815 4472 947 4543; x_wconf 91' lang='lat' dir='ltr'>ipsa</span> <span class='ocrx_word' id='word_1_534' title='bbox 998 4472 1203 4541; x_wconf 84' lang='lat' dir='ltr'>fugere</span> <span class='ocrx_word' id='word_1_535' title='bbox 1241 4474 1442 4544; x_wconf 89' lang='lat' dir='ltr'>jussit.</span> <span class='ocrx_word' id='word_1_536' title='bbox 1496 4480 1560 4531; x_wconf 91' lang='lat' dir='ltr'>ln</span> <span class='ocrx_word' id='word_1_537' title='bbox 1596 4478 1921 4550; x_wconf 61' lang='lat' dir='ltr'>Egyptum</span> <span class='ocrx_word' id='word_1_538' title='bbox 1953 4485 2152 4537; x_wconf 91' lang='lat' dir='ltr'>autem</span> 
     </span>
    </p>
   </div>
   <div class='ocr_carea' id='block_1_79' title="bbox 496 4557 2153 4638">
    <p class='ocr_par' dir='ltr' id='par_1_79' title="bbox 496 4557 2153 4638">
     <span class='ocr_line' id='line_1_79' title="bbox 496 4557 2153 4638; baseline 0.005 -25"><span class='ocrx_word' id='word_1_539' title='bbox 496 4557 1219 4632; x_wconf 79' lang='lat' dir='ltr'>mittiturzsimulquidem</span> <span class='ocrx_word' id='word_1_540' title='bbox 1249 4568 1488 4634; x_wconf 89' lang='lat' dir='ltr'>propter</span> <span class='ocrx_word' id='word_1_541' title='bbox 1512 4580 1777 4630; x_wconf 90' lang='lat' dir='ltr'>causam,</span> <span class='ocrx_word' id='word_1_542' title='bbox 1798 4582 1981 4638; x_wconf 89' lang='lat' dir='ltr'>quam</span> <span class='ocrx_word' id='word_1_543' title='bbox 2012 4566 2153 4623; x_wconf 82' lang='lat' dir='ltr'>dixit</span> 
     </span>
    </p>
   </div>
   <div class='ocr_carea' id='block_1_80' title="bbox 496 4646 2149 4727">
    <p class='ocr_par' dir='ltr' id='par_1_80' title="bbox 496 4646 2149 4727">
     <span class='ocr_line' id='line_1_80' title="bbox 496 4646 2149 4727; baseline 0.007 -26"><span class='ocrx_word' id='word_1_544' title='bbox 496 4646 875 4715; x_wconf 89' lang='lat' dir='ltr'>evangelista,</span> <span class='ocrx_word' id='word_1_545' title='bbox 894 4650 966 4702; x_wconf 90' lang='lat' dir='ltr'>Ut</span> <span class='ocrx_word' id='word_1_546' title='bbox 990 4649 1390 4722; x_wconf 87' lang='lat' dir='ltr'>compleretur</span> <span class='ocrx_word' id='word_1_547' title='bbox 1412 4653 1702 4721; x_wconf 90' lang='lat' dir='ltr'>videlicet,</span> <span class='ocrx_word' id='word_1_548' title='bbox 1733 4656 1897 4727; x_wconf 91' lang='lat' dir='ltr'>quod</span> <span class='ocrx_word' id='word_1_549' title='bbox 1923 4656 2149 4713; x_wconf 90' lang='lat' dir='ltr'>dictum</span> 
     </span>
    </p>
   </div>
   <div class='ocr_carea' id='block_1_81' title="bbox 497 4736 2146 4815">
    <p class='ocr_par' dir='ltr' id='par_1_81' title="bbox 497 4736 2146 4815">
     <span class='ocr_line' id='line_1_81' title="bbox 497 4736 2146 4815; baseline 0.004 -24"><span class='ocrx_word' id='word_1_550' title='bbox 497 4739 586 4791; x_wconf 88' lang='lat' dir='ltr'>est</span> <span class='ocrx_word' id='word_1_551' title='bbox 617 4750 653 4791; x_wconf 90' lang='lat' dir='ltr'>a</span> <span class='ocrx_word' id='word_1_552' title='bbox 671 4736 920 4791; x_wconf 91' lang='lat' dir='ltr'>Domino</span> <span class='ocrx_word' id='word_1_553' title='bbox 950 4752 1051 4808; x_wconf 89' lang='lat' dir='ltr'>per</span> <span class='ocrx_word' id='word_1_554' title='bbox 1078 4739 1433 4810; x_wconf 89' lang='lat' dir='ltr'>prophetam</span> <span class='ocrx_word' id='word_1_555' title='bbox 1466 4741 1794 4799; x_wconf 88' lang='lat' dir='ltr'>dicentem:</span> <span class='ocrx_word' id='word_1_556' title='bbox 1822 4745 1920 4801; x_wconf 71' lang='lat' dir='ltr'>Ea,&quot;</span> <span class='ocrx_word' id='word_1_557' title='bbox 1947 4746 2146 4815; x_wconf 60' lang='lat' dir='ltr'>Egy-</span> 
     </span>
    </p>
   </div>
   <div class='ocr_carea' id='block_1_82' title="bbox 495 4827 2149 4907">
    <p class='ocr_par' dir='ltr' id='par_1_82' title="bbox 495 4827 2149 4907">
     <span class='ocr_line' id='line_1_82' title="bbox 495 4827 2149 4907; baseline 0.007 -26"><span class='ocrx_word' id='word_1_558' title='bbox 495 4829 592 4898; x_wconf 85' lang='lat' dir='ltr'>pto</span> <span class='ocrx_word' id='word_1_559' title='bbox 624 4828 827 4884; x_wconf 86' lang='lat' dir='ltr'>vocavi</span> <span class='ocrx_word' id='word_1_560' title='bbox 852 4827 1076 4885; x_wconf 82' lang='lat' dir='ltr'>Filium</span> <span class='ocrx_word' id='word_1_561' title='bbox 1108 4845 1293 4886; x_wconf 84' lang='lat' dir='ltr'>meum</span> <span class='ocrx_word' id='word_1_562' title='bbox 1318 4832 1365 4867; x_wconf 75' lang='lat'>&quot;</span> <span class='ocrx_word' id='word_1_563' title='bbox 1396 4849 1409 4900; x_wconf 88' lang='lat'><strong>;</strong></span> <span class='ocrx_word' id='word_1_564' title='bbox 1447 4832 1622 4889; x_wconf 92' lang='lat' dir='ltr'>simul</span> <span class='ocrx_word' id='word_1_565' title='bbox 1646 4834 1845 4906; x_wconf 89' lang='lat' dir='ltr'>etiam,</span> <span class='ocrx_word' id='word_1_566' title='bbox 1875 4836 2016 4907; x_wconf 91' lang='lat' dir='ltr'>quia</span> <span class='ocrx_word' id='word_1_567' title='bbox 2040 4836 2149 4893; x_wconf 89' lang='lat' dir='ltr'>Ba-</span> 
     </span>
    </p>
   </div>
   <div class='ocr_carea' id='block_1_83' title="bbox 2338 2788 3882 2865">
    <p class='ocr_par' dir='ltr' id='par_1_83' title="bbox 2338 2788 3882 2865">
     <span class='ocr_line' id='line_1_83' title="bbox 2338 2788 3882 2865; baseline 0.001 -22"><span class='ocrx_word' id='word_1_568' title='bbox 2338 2791 2820 2865; x_wconf 81' lang='grc' dir='ltr'>Ἀναχωρησάντων</span> <span class='ocrx_word' id='word_1_569' title='bbox 2901 2788 2960 2847; x_wconf 66' lang='grc' dir='ltr'>δε</span> <span class='ocrx_word' id='word_1_570' title='bbox 3030 2793 3196 2845; x_wconf 77' lang='grc' dir='ltr'>αὐτῶν</span> <span class='ocrx_word' id='word_1_571' title='bbox 3253 2822 3324 2834; x_wconf 90' lang='grc'>--</span> <span class='ocrx_word' id='word_1_572' title='bbox 3380 2794 3662 2864; x_wconf 75' lang='grc' dir='ltr'>Αἴγυπτον.</span> <span class='ocrx_word' id='word_1_573' title='bbox 3732 2792 3882 2851; x_wconf 85' lang='grc' dir='ltr'>Πλη-</span> 
     </span>
    </p>
   </div>
   <div class='ocr_carea' id='block_1_84' title="bbox 2262 2881 3879 2957">
    <p class='ocr_par' dir='ltr' id='par_1_84' title="bbox 2262 2881 3879 2957">
     <span class='ocr_line' id='line_1_84' title="bbox 2262 2881 3879 2957; baseline 0.002 -26"><span class='ocrx_word' id='word_1_574' title='bbox 2262 2881 2525 2953; x_wconf 84' lang='grc' dir='ltr'>ρωθεισῶν</span> <span class='ocrx_word' id='word_1_575' title='bbox 2591 2889 2691 2933; x_wconf 88' lang='grc' dir='ltr'>τῶν</span> <span class='ocrx_word' id='word_1_576' title='bbox 2755 2883 3149 2954; x_wconf 80' lang='grc' dir='ltr'>τεσσαράκοντα</span> <span class='ocrx_word' id='word_1_577' title='bbox 3222 2883 3425 2957; x_wconf 84' lang='grc' dir='ltr'>ἡμερῶν</span> <span class='ocrx_word' id='word_1_578' title='bbox 3498 2888 3589 2934; x_wconf 81' lang='grc' dir='ltr'>τοῦ</span> <span class='ocrx_word' id='word_1_579' title='bbox 3647 2883 3879 2957; x_wconf 86' lang='grc' dir='ltr'>καθαρι-</span> 
     </span>
    </p>
   </div>
   <div class='ocr_carea' id='block_1_85' title="bbox 2268 2968 3879 3043">
    <p class='ocr_par' dir='ltr' id='par_1_85' title="bbox 2268 2968 3879 3043">
     <span class='ocr_line' id='line_1_85' title="bbox 2268 2968 3879 3043; baseline 0.001 -22"><span class='ocrx_word' id='word_1_580' title='bbox 2268 2978 2423 3042; x_wconf 84' lang='grc' dir='ltr'>σμοῦ,</span> <span class='ocrx_word' id='word_1_581' title='bbox 2471 2972 2538 3033; x_wconf 82' lang='grc' dir='ltr'>ὧς</span> <span class='ocrx_word' id='word_1_582' title='bbox 2588 2972 2801 3043; x_wconf 90' lang='grc' dir='ltr'>φησινό</span> <span class='ocrx_word' id='word_1_583' title='bbox 2839 2977 3066 3037; x_wconf 81' lang='grc' dir='ltr'>Λουκᾶς,</span> <span class='ocrx_word' id='word_1_584' title='bbox 3115 2968 3375 3042; x_wconf 76' lang='grc' dir='ltr'>ἀνήγαγον</span> <span class='ocrx_word' id='word_1_585' title='bbox 3427 2973 3512 3023; x_wconf 89' lang='grc' dir='ltr'>τὸν</span> <span class='ocrx_word' id='word_1_586' title='bbox 3550 2971 3754 3028; x_wconf 80' lang='grc' dir='ltr'>Ἰησοῦν</span> <span class='ocrx_word' id='word_1_587' title='bbox 3798 2972 3879 3033; x_wconf 83' lang='grc' dir='ltr'>εἰς</span> 
     </span>
    </p>
   </div>
   <div class='ocr_carea' id='block_1_86' title="bbox 2262 3503 3877 3576">
    <p class='ocr_par' dir='ltr' id='par_1_86' title="bbox 2262 3503 3877 3576">
     <span class='ocr_line' id='line_1_86' title="bbox 2262 3503 3877 3576; baseline 0.001 -21"><span class='ocrx_word' id='word_1_588' title='bbox 2262 3504 2475 3557; x_wconf 79' lang='grc' dir='ltr'>κελεύων</span> <span class='ocrx_word' id='word_1_589' title='bbox 2528 3512 2701 3576; x_wconf 82' lang='grc' dir='ltr'>φυγεῖν</span> <span class='ocrx_word' id='word_1_590' title='bbox 2754 3504 2940 3566; x_wconf 79' lang='grc' dir='ltr'>αὐτούς</span> <span class='ocrx_word' id='word_1_591' title='bbox 2989 3504 3059 3566; x_wconf 85' lang='grc' dir='ltr'>εἰς</span> <span class='ocrx_word' id='word_1_592' title='bbox 3118 3508 3398 3575; x_wconf 82' lang='grc' dir='ltr'>Αἴγυπτον.</span> <span class='ocrx_word' id='word_1_593' title='bbox 3452 3503 3516 3558; x_wconf 70' lang='grc' dir='ltr'>Ἃ</span> <span class='ocrx_word' id='word_1_594' title='bbox 3568 3510 3756 3571; x_wconf 88' lang='grc' dir='ltr'>τοίνυν,</span> <span class='ocrx_word' id='word_1_595' title='bbox 3801 3508 3877 3567; x_wconf 88' lang='grc' dir='ltr'>ὡς</span> 
     </span>
    </p>
   </div>
   <div class='ocr_carea' id='block_1_87' title="bbox 2264 3589 3873 3668">
    <p class='ocr_par' dir='ltr' id='par_1_87' title="bbox 2264 3589 3873 3668">
     <span class='ocr_line' id='line_1_87' title="bbox 2264 3589 3873 3668; baseline 0 -21"><span class='ocrx_word' id='word_1_596' title='bbox 2264 3594 2657 3668; x_wconf 77' lang='grc' dir='ltr'>φιλοσύντομός,</span> <span class='ocrx_word' id='word_1_597' title='bbox 2684 3601 2911 3667; x_wconf 78' lang='grc' dir='ltr'>παρῆκεν</span> <span class='ocrx_word' id='word_1_598' title='bbox 2938 3595 2963 3645; x_wconf 85' lang='grc' dir='ltr'><strong><em>ὁ</em></strong></span> <span class='ocrx_word' id='word_1_599' title='bbox 2989 3595 3278 3655; x_wconf 79' lang='grc' dir='ltr'>Ματθαῐος,</span> <span class='ocrx_word' id='word_1_600' title='bbox 3314 3589 3500 3663; x_wconf 70' lang='grc' dir='ltr'>ταῦτα,</span> <span class='ocrx_word' id='word_1_601' title='bbox 3530 3596 3599 3656; x_wconf 86' lang='grc' dir='ltr'>ὡς</span> <span class='ocrx_word' id='word_1_602' title='bbox 3624 3593 3873 3668; x_wconf 79' lang='grc' dir='ltr'>ἀκριϐὴς,</span> 
     </span>
    </p>
   </div>
   <div class='ocr_carea' id='block_1_88' title="bbox 2263 3681 2825 3755">
    <p class='ocr_par' dir='ltr' id='par_1_88' title="bbox 2263 3681 2825 3755">
     <span class='ocr_line' id='line_1_88' title="bbox 2263 3681 2825 3755; baseline -0.005 -17"><span class='ocrx_word' id='word_1_603' title='bbox 2263 3685 2288 3738; x_wconf 88' lang='grc' dir='ltr'><strong><em>ὁ</em></strong></span> <span class='ocrx_word' id='word_1_604' title='bbox 2320 3688 2528 3742; x_wconf 85' lang='grc' dir='ltr'>Λουκᾶς</span> <span class='ocrx_word' id='word_1_605' title='bbox 2552 3681 2825 3755; x_wconf 72' lang='grc' dir='ltr'>ἀνέγραψε.</span> 
     </span>
    </p>
   </div>
   <div class='ocr_carea' id='block_1_89' title="bbox 2338 3768 3870 3845">
    <p class='ocr_par' dir='ltr' id='par_1_89' title="bbox 2338 3768 3870 3845">
     <span class='ocr_line' id='line_1_89' title="bbox 2338 3768 3870 3845; baseline 0 -21"><span class='ocrx_word' id='word_1_606' title='bbox 2338 3775 2438 3825; x_wconf 82' lang='grc' dir='ltr'>Καὶ</span> <span class='ocrx_word' id='word_1_607' title='bbox 2483 3768 2626 3824; x_wconf 84' lang='grc' dir='ltr'>διατί</span> <span class='ocrx_word' id='word_1_608' title='bbox 2674 3771 2767 3823; x_wconf 77' lang='grc' dir='ltr'>οὐκ</span> <span class='ocrx_word' id='word_1_609' title='bbox 2815 3773 3001 3843; x_wconf 82' lang='grc' dir='ltr'>ἔμεινεν</span> <span class='ocrx_word' id='word_1_610' title='bbox 3052 3771 3077 3822; x_wconf 87' lang='grc' dir='ltr'>ὁ</span> <span class='ocrx_word' id='word_1_611' title='bbox 3130 3773 3361 3844; x_wconf 83' lang='grc' dir='ltr'>Χριστὸς</span> <span class='ocrx_word' id='word_1_612' title='bbox 3409 3769 3668 3835; x_wconf 79' lang='grc' dir='ltr'>ἀνάλωτος</span> <span class='ocrx_word' id='word_1_613' title='bbox 3715 3771 3761 3824; x_wconf 79' lang='grc' dir='ltr'>ἐν</span> <span class='ocrx_word' id='word_1_614' title='bbox 3801 3779 3870 3845; x_wconf 75' lang='grc' dir='ltr'>τῇ</span> 
     </span>
    </p>
   </div>
   <div class='ocr_carea' id='block_1_90' title="bbox 2262 3858 3878 3934">
    <p class='ocr_par' dir='ltr' id='par_1_90' title="bbox 2262 3858 3878 3934">
     <span class='ocr_line' id='line_1_90' title="bbox 2262 3858 3878 3934; baseline 0 -21"><span class='ocrx_word' id='word_1_615' title='bbox 2262 3863 2505 3934; x_wconf 82' lang='grc' dir='ltr'>Ναζαρέτ</span> <span class='ocrx_word' id='word_1_616' title='bbox 2552 3863 2761 3927; x_wconf 81' lang='grc' dir='ltr'>;Διότι,</span> <span class='ocrx_word' id='word_1_617' title='bbox 2810 3858 2854 3911; x_wconf 86' lang='grc' dir='ltr'>εἰ</span> <span class='ocrx_word' id='word_1_618' title='bbox 2900 3866 3053 3912; x_wconf 83' lang='grc' dir='ltr'>τοῦτο</span> <span class='ocrx_word' id='word_1_619' title='bbox 3113 3863 3336 3931; x_wconf 84' lang='grc' dir='ltr'>γέγονεν,</span> <span class='ocrx_word' id='word_1_620' title='bbox 3397 3860 3569 3932; x_wconf 79' lang='grc' dir='ltr'>ἔλεγον</span> <span class='ocrx_word' id='word_1_621' title='bbox 3618 3861 3678 3913; x_wconf 82' lang='grc' dir='ltr'>ἄν</span> <span class='ocrx_word' id='word_1_622' title='bbox 3735 3880 3878 3922; x_wconf 89' lang='grc' dir='ltr'>τινες</span> 
     </span>
    </p>
   </div>
   <div class='ocr_carea' id='block_1_91' title="bbox 2269 3949 3871 4024">
    <p class='ocr_par' dir='ltr' id='par_1_91' title="bbox 2269 3949 3871 4024">
     <span class='ocr_line' id='line_1_91' title="bbox 2269 3949 3871 4024; baseline 0.001 -23"><span class='ocrx_word' id='word_1_623' title='bbox 2269 3949 2527 4022; x_wconf 83' lang='grc' dir='ltr'>ἰσχυρῶς,</span> <span class='ocrx_word' id='word_1_624' title='bbox 2604 3950 2682 4002; x_wconf 85' lang='grc' dir='ltr'>ὅτι</span> <span class='ocrx_word' id='word_1_625' title='bbox 2764 3950 2900 4001; x_wconf 85' lang='grc' dir='ltr'>κατὰ</span> <span class='ocrx_word' id='word_1_626' title='bbox 2969 3953 3257 4020; x_wconf 75' lang='grc' dir='ltr'>φαντασίαν</span> <span class='ocrx_word' id='word_1_627' title='bbox 3337 3949 3719 4024; x_wconf 81' lang='grc' dir='ltr'>ἐνηνθρώπησε,</span> <span class='ocrx_word' id='word_1_628' title='bbox 3793 3955 3871 4021; x_wconf 78' lang='grc' dir='ltr'>μὴ</span> 
     </span>
    </p>
   </div>
   <div class='ocr_carea' id='block_1_92' title="bbox 2266 4036 3872 4111">
    <p class='ocr_par' dir='ltr' id='par_1_92' title="bbox 2266 4036 3872 4111">
     <span class='ocr_line' id='line_1_92' title="bbox 2266 4036 3872 4111; baseline 0 -21"><span class='ocrx_word' id='word_1_629' title='bbox 2266 4039 2594 4111; x_wconf 76' lang='grc' dir='ltr'>ὑποκείμενος</span> <span class='ocrx_word' id='word_1_630' title='bbox 2652 4036 2991 4111; x_wconf 80' lang='grc' dir='ltr'>ἀνθρωπίνοις</span> <span class='ocrx_word' id='word_1_631' title='bbox 3056 4040 3265 4090; x_wconf 79' lang='grc' dir='ltr'>πάθεσι.</span> <span class='ocrx_word' id='word_1_632' title='bbox 3327 4044 3427 4091; x_wconf 81' lang='grc' dir='ltr'>Καὶ</span> <span class='ocrx_word' id='word_1_633' title='bbox 3496 4042 3598 4111; x_wconf 81' lang='grc' dir='ltr'>μὴν</span> <span class='ocrx_word' id='word_1_634' title='bbox 3650 4041 3772 4100; x_wconf 81' lang='grc' dir='ltr'>τοὺς</span> <span class='ocrx_word' id='word_1_635' title='bbox 3819 4036 3872 4090; x_wconf 84' lang='grc' dir='ltr'>ἐν</span> 
     </span>
    </p>
   </div>
   <div class='ocr_carea' id='block_1_93' title="bbox 2266 4124 3875 4201">
    <p class='ocr_par' dir='ltr' id='par_1_93' title="bbox 2266 4124 3875 4201">
     <span class='ocr_line' id='line_1_93' title="bbox 2266 4124 3875 4201; baseline -0.001 -22"><span class='ocrx_word' id='word_1_636' title='bbox 2266 4126 2492 4200; x_wconf 66' lang='grc' dir='ltr'>Βηθλεὲμ</span> <span class='ocrx_word' id='word_1_637' title='bbox 2538 4131 2625 4179; x_wconf 84' lang='grc' dir='ltr'>καὶ</span> <span class='ocrx_word' id='word_1_638' title='bbox 2672 4132 2780 4188; x_wconf 88' lang='grc' dir='ltr'>τοῖς</span> <span class='ocrx_word' id='word_1_639' title='bbox 2849 4127 3006 4200; x_wconf 87' lang='grc' dir='ltr'>ὁρίοις</span> <span class='ocrx_word' id='word_1_640' title='bbox 3066 4126 3225 4186; x_wconf 72' lang='grc' dir='ltr'>αὐτῆς</span> <span class='ocrx_word' id='word_1_641' title='bbox 3260 4124 3460 4188; x_wconf 77' lang='grc' dir='ltr'>παῖδας</span> <span class='ocrx_word' id='word_1_642' title='bbox 3491 4126 3678 4179; x_wconf 79' lang='grc' dir='ltr'>ἀνεῖλεν</span> <span class='ocrx_word' id='word_1_643' title='bbox 3707 4127 3875 4201; x_wconf 79' lang='grc' dir='ltr'>Ἠρώ-</span> 
     </span>
    </p>
   </div>
   <div class='ocr_carea' id='block_1_94' title="bbox 2268 4212 3873 4289">
    <p class='ocr_par' dir='ltr' id='par_1_94' title="bbox 2268 4212 3873 4289">
     <span class='ocr_line' id='line_1_94' title="bbox 2268 4212 3873 4289; baseline 0 -21"><span class='ocrx_word' id='word_1_644' title='bbox 2268 4212 2386 4281; x_wconf 77' lang='grc' dir='ltr'>δης,</span> <span class='ocrx_word' id='word_1_645' title='bbox 2439 4215 2498 4266; x_wconf 77' lang='grc' dir='ltr'>οὐ</span> <span class='ocrx_word' id='word_1_646' title='bbox 2553 4220 2652 4286; x_wconf 79' lang='grc' dir='ltr'>μὴν</span> <span class='ocrx_word' id='word_1_647' title='bbox 2699 4218 2816 4275; x_wconf 83' lang='grc' dir='ltr'>τοὺς</span> <span class='ocrx_word' id='word_1_648' title='bbox 2863 4218 2912 4267; x_wconf 67' lang='grc' dir='ltr'>ἓν</span> <span class='ocrx_word' id='word_1_649' title='bbox 2954 4217 3195 4289; x_wconf 68' lang='grc' dir='ltr'>Ναζαρὲτ</span> <span class='ocrx_word' id='word_1_650' title='bbox 3243 4236 3255 4248; x_wconf 92' lang='grc'><strong>·</strong></span> <span class='ocrx_word' id='word_1_651' title='bbox 3312 4214 3443 4267; x_wconf 86' lang='grc' dir='ltr'>ἀλλά</span> <span class='ocrx_word' id='word_1_652' title='bbox 3489 4220 3873 4289; x_wconf 86' lang='grc' dir='ltr'>προεγίνωσκεν</span> 
     </span>
    </p>
   </div>
   <div class='ocr_carea' id='block_1_95' title="bbox 2265 4302 3873 4377">
    <p class='ocr_par' dir='ltr' id='par_1_95' title="bbox 2265 4302 3873 4377">
     <span class='ocr_line' id='line_1_95' title="bbox 2265 4302 3873 4377; baseline 0.001 -22"><span class='ocrx_word' id='word_1_653' title='bbox 2265 4305 2291 4355; x_wconf 90' lang='lat'>6</span> <span class='ocrx_word' id='word_1_654' title='bbox 2324 4307 2471 4369; x_wconf 86' lang='grc' dir='ltr'>Θεὸς,</span> <span class='ocrx_word' id='word_1_655' title='bbox 2530 4304 2611 4355; x_wconf 85' lang='grc' dir='ltr'>ὅτι</span> <span class='ocrx_word' id='word_1_656' title='bbox 2657 4307 2817 4374; x_wconf 82' lang='grc' dir='ltr'>μένων</span> <span class='ocrx_word' id='word_1_657' title='bbox 2858 4302 2909 4355; x_wconf 84' lang='grc' dir='ltr'>έν</span> <span class='ocrx_word' id='word_1_658' title='bbox 2959 4303 3201 4377; x_wconf 65' lang='grc' dir='ltr'>Ναζαρὲτ</span> <span class='ocrx_word' id='word_1_659' title='bbox 3252 4305 3746 4376; x_wconf 79' lang='grc' dir='ltr'>καταμηνυθήσεται</span> <span class='ocrx_word' id='word_1_660' title='bbox 3797 4312 3873 4375; x_wconf 84' lang='grc' dir='ltr'>τῷ</span> 
     </span>
    </p>
   </div>
   <div class='ocr_carea' id='block_1_96' title="bbox 2262 4388 3871 4467">
    <p class='ocr_par' dir='ltr' id='par_1_96' title="bbox 2262 4388 3871 4467">
     <span class='ocr_line' id='line_1_96' title="bbox 2262 4388 3871 4467; baseline 0.001 -23"><span class='ocrx_word' id='word_1_661' title='bbox 2262 4388 2469 4464; x_wconf 74' lang='grc' dir='ltr'>Ἡρώδη</span> <span class='ocrx_word' id='word_1_662' title='bbox 2515 4408 2527 4421; x_wconf 81' lang='grc'><strong><em>⁸</em></strong></span> <span class='ocrx_word' id='word_1_663' title='bbox 2560 4388 2645 4443; x_wconf 82' lang='grc' dir='ltr'>διὸ</span> <span class='ocrx_word' id='word_1_664' title='bbox 2696 4396 2787 4443; x_wconf 86' lang='grc' dir='ltr'>καὶ</span> <span class='ocrx_word' id='word_1_665' title='bbox 2863 4390 2962 4445; x_wconf 83' lang='grc' dir='ltr'>ἀπὸ</span> <span class='ocrx_word' id='word_1_666' title='bbox 3015 4396 3210 4454; x_wconf 86' lang='grc' dir='ltr'>ταύτης</span> <span class='ocrx_word' id='word_1_667' title='bbox 3276 4395 3475 4465; x_wconf 78' lang='grc' dir='ltr'>φεύγειν</span> <span class='ocrx_word' id='word_1_668' title='bbox 3532 4393 3871 4467; x_wconf 77' lang='grc' dir='ltr'>προσέταξεν.</span> 
     </span>
    </p>
   </div>
   <div class='ocr_carea' id='block_1_97' title="bbox 2264 4478 3868 4554">
    <p class='ocr_par' dir='ltr' id='par_1_97' title="bbox 2264 4478 3868 4554">
     <span class='ocr_line' id='line_1_97' title="bbox 2264 4478 3868 4554; baseline 0 -20"><span class='ocrx_word' id='word_1_669' title='bbox 2264 4482 2353 4542; x_wconf 83' lang='grc' dir='ltr'>Εἰς</span> <span class='ocrx_word' id='word_1_670' title='bbox 2385 4484 2645 4551; x_wconf 80' lang='grc' dir='ltr'>Αἴγυπτον</span> <span class='ocrx_word' id='word_1_671' title='bbox 2691 4478 2749 4533; x_wconf 72' lang='grc' dir='ltr'>δὲ</span> <span class='ocrx_word' id='word_1_672' title='bbox 2791 4486 3068 4554; x_wconf 83' lang='grc' dir='ltr'>πέμπεται,</span> <span class='ocrx_word' id='word_1_673' title='bbox 3113 4481 3223 4553; x_wconf 81' lang='grc' dir='ltr'>ἅμα</span> <span class='ocrx_word' id='word_1_674' title='bbox 3268 4485 3358 4549; x_wconf 71' lang='grc' dir='ltr'>μὲν</span> <span class='ocrx_word' id='word_1_675' title='bbox 3399 4479 3493 4533; x_wconf 79' lang='grc' dir='ltr'>διὰ</span> <span class='ocrx_word' id='word_1_676' title='bbox 3544 4486 3636 4543; x_wconf 76' lang='grc' dir='ltr'>τὴν</span> <span class='ocrx_word' id='word_1_677' title='bbox 3671 4482 3868 4549; x_wconf 85' lang='grc' dir='ltr'>αἰτίαν,</span> 
     </span>
    </p>
   </div>
   <div class='ocr_carea' id='block_1_98' title="bbox 2265 4567 3871 4644">
    <p class='ocr_par' dir='ltr' id='par_1_98' title="bbox 2265 4567 3871 4644">
     <span class='ocr_line' id='line_1_98' title="bbox 2265 4567 3871 4644; baseline 0.003 -24"><span class='ocrx_word' id='word_1_678' title='bbox 2265 4569 2325 4629; x_wconf 78' lang='grc' dir='ltr'>ἢν</span> <span class='ocrx_word' id='word_1_679' title='bbox 2398 4567 2535 4623; x_wconf 82' lang='grc' dir='ltr'>εἶπεν</span> <span class='ocrx_word' id='word_1_680' title='bbox 2590 4573 2615 4621; x_wconf 91' lang='grc' dir='ltr'>ό</span> <span class='ocrx_word' id='word_1_681' title='bbox 2662 4571 3070 4642; x_wconf 79' lang='grc' dir='ltr'>Εὐαγγελιστης,</span> <span class='ocrx_word' id='word_1_682' title='bbox 3145 4574 3225 4623; x_wconf 85' lang='grc' dir='ltr'>ὅτι</span> <span class='ocrx_word' id='word_1_683' title='bbox 3294 4570 3405 4624; x_wconf 88' lang='grc' dir='ltr'>Ἱνα</span> <span class='ocrx_word' id='word_1_684' title='bbox 3480 4570 3726 4644; x_wconf 81' lang='grc' dir='ltr'>πληρωθῇ</span> <span class='ocrx_word' id='word_1_685' title='bbox 3807 4576 3871 4625; x_wconf 87' lang='grc' dir='ltr'>τό</span> 
     </span>
    </p>
   </div>
   <div class='ocr_carea' id='block_1_99' title="bbox 2260 4657 3865 4734">
    <p class='ocr_par' dir='ltr' id='par_1_99' title="bbox 2260 4657 3865 4734">
     <span class='ocr_line' id='line_1_99' title="bbox 2260 4657 3865 4734; baseline 0.001 -22"><span class='ocrx_word' id='word_1_686' title='bbox 2260 4660 2415 4734; x_wconf 77' lang='grc' dir='ltr'>ῥηθὲν</span> <span class='ocrx_word' id='word_1_687' title='bbox 2482 4661 2580 4711; x_wconf 83' lang='grc' dir='ltr'>ὑπὸ</span> <span class='ocrx_word' id='word_1_688' title='bbox 2627 4668 2718 4712; x_wconf 80' lang='grc' dir='ltr'>τοῦ</span> <span class='ocrx_word' id='word_1_689' title='bbox 2766 4665 2957 4732; x_wconf 78' lang='grc' dir='ltr'>Κυρίου</span> <span class='ocrx_word' id='word_1_690' title='bbox 3009 4657 3101 4713; x_wconf 78' lang='grc' dir='ltr'>διὰ</span> <span class='ocrx_word' id='word_1_691' title='bbox 3149 4668 3239 4712; x_wconf 83' lang='grc' dir='ltr'>τοῦ</span> <span class='ocrx_word' id='word_1_692' title='bbox 3284 4665 3551 4733; x_wconf 80' lang='grc' dir='ltr'>προφήτου</span> <span class='ocrx_word' id='word_1_693' title='bbox 3582 4660 3819 4731; x_wconf 89' lang='grc' dir='ltr'>λέγοντος</span> <span class='ocrx_word' id='word_1_694' title='bbox 3854 4680 3865 4692; x_wconf 87' lang='grc'><strong>·</strong></span> 
     </span>
    </p>
   </div>
   <div class='ocr_carea' id='block_1_100' title="bbox 2262 4746 3867 4821">
    <p class='ocr_par' dir='ltr' id='par_1_100' title="bbox 2262 4746 3867 4821">
     <span class='ocr_line' id='line_1_100' title="bbox 2262 4746 3867 4821; baseline 0 -19"><span class='ocrx_word' id='word_1_695' title='bbox 2262 4748 2348 4811; x_wconf 85' lang='grc' dir='ltr'>Ἐξ</span> <span class='ocrx_word' id='word_1_696' title='bbox 2428 4746 2694 4819; x_wconf 74' lang='grc' dir='ltr'>Αἰγύπτου</span> <span class='ocrx_word' id='word_1_697' title='bbox 2775 4748 2993 4801; x_wconf 81' lang='grc' dir='ltr'>ἐκαλεσα</span> <span class='ocrx_word' id='word_1_698' title='bbox 3074 4752 3160 4801; x_wconf 89' lang='grc' dir='ltr'>τόν</span> <span class='ocrx_word' id='word_1_699' title='bbox 3240 4751 3356 4802; x_wconf 86' lang='grc' dir='ltr'>Υἱόν</span> <span class='ocrx_word' id='word_1_700' title='bbox 3427 4762 3526 4821; x_wconf 85' lang='grc' dir='ltr'>μου</span> <span class='ocrx_word' id='word_1_701' title='bbox 3556 4767 3567 4779; x_wconf 92' lang='grc'><strong>·</strong></span> <span class='ocrx_word' id='word_1_702' title='bbox 3612 4749 3722 4820; x_wconf 82' lang='grc' dir='ltr'>οἶμα</span> <span class='ocrx_word' id='word_1_703' title='bbox 3784 4748 3867 4820; x_wconf 75' lang='grc' dir='ltr'>δὲ,</span> 
     </span>
    </p>
   </div>
   <div class='ocr_carea' id='block_1_101' title="bbox 2262 4834 3873 4911">
    <p class='ocr_par' dir='ltr' id='par_1_101' title="bbox 2262 4834 3873 4911">
     <span class='ocr_line' id='line_1_101' title="bbox 2262 4834 3873 4911; baseline 0.001 -21"><span class='ocrx_word' id='word_1_704' title='bbox 2262 4834 2442 4896; x_wconf 78' lang='grc' dir='ltr'>ἐπειδὴ</span> <span class='ocrx_word' id='word_1_705' title='bbox 2489 4839 2518 4896; x_wconf 83' lang='grc' dir='ltr'>ἡ</span> <span class='ocrx_word' id='word_1_706' title='bbox 2558 4837 2797 4890; x_wconf 82' lang='grc' dir='ltr'>Βαϐυλὼν</span> <span class='ocrx_word' id='word_1_707' title='bbox 2853 4844 2942 4891; x_wconf 85' lang='grc' dir='ltr'>καὶ</span> <span class='ocrx_word' id='word_1_708' title='bbox 2990 4840 3019 4897; x_wconf 83' lang='grc' dir='ltr'>ἡ</span> <span class='ocrx_word' id='word_1_709' title='bbox 3070 4837 3334 4910; x_wconf 79' lang='grc' dir='ltr'>Αἲγυπτος</span> <span class='ocrx_word' id='word_1_710' title='bbox 3382 4838 3616 4911; x_wconf 77' lang='grc' dir='ltr'>μάλιστα</span> <span class='ocrx_word' id='word_1_711' title='bbox 3658 4845 3749 4900; x_wconf 83' lang='grc' dir='ltr'>τῆς</span> <span class='ocrx_word' id='word_1_712' title='bbox 3796 4840 3873 4891; x_wconf 82' lang='grc' dir='ltr'>οἰ-</span> 
     </span>
    </p>
   </div>
   <div class='ocr_carea' id='block_1_102' title="bbox 570 5002 2154 5084">
    <p class='ocr_par' dir='ltr' id='par_1_102' title="bbox 570 5002 2154 5084">
     <span class='ocr_line' id='line_1_102' title="bbox 570 5002 2154 5084; baseline 0.009 -26"><span class='ocrx_word' id='word_1_713' title='bbox 570 5005 616 5044; x_wconf 67' lang='lat'><strong>&quot;</strong></span> <span class='ocrx_word' id='word_1_714' title='bbox 640 5002 780 5064; x_wconf 88' lang='lat' dir='ltr'>Luc.</span> <span class='ocrx_word' id='word_1_715' title='bbox 812 5021 928 5079; x_wconf 81' lang='lat' dir='ltr'>mi,</span> <span class='ocrx_word' id='word_1_716' title='bbox 964 5006 1047 5067; x_wconf 78' lang='grc'>18.</span> <span class='ocrx_word' id='word_1_717' title='bbox 1079 5008 1126 5046; x_wconf 81' lang='grc'>³⁹</span> <span class='ocrx_word' id='word_1_718' title='bbox 1157 5008 1280 5067; x_wconf 84' lang='lat' dir='ltr'>Act.</span> <span class='ocrx_word' id='word_1_719' title='bbox 1322 5024 1442 5079; x_wconf 80' lang='lat' dir='ltr'>xui,</span> <span class='ocrx_word' id='word_1_720' title='bbox 1476 5011 1565 5069; x_wconf 85' lang='grc'>46.</span> <span class='ocrx_word' id='word_1_721' title='bbox 1601 5013 1649 5050; x_wconf 69' lang='grc' dir='ltr'>ιο</span> <span class='ocrx_word' id='word_1_722' title='bbox 1678 5012 1817 5071; x_wconf 89' lang='lat' dir='ltr'>Luc.</span> <span class='ocrx_word' id='word_1_723' title='bbox 1846 5013 1910 5084; x_wconf 84' lang='lat' dir='ltr'>1i,</span> <span class='ocrx_word' id='word_1_724' title='bbox 1941 5017 2031 5071; x_wconf 88' lang='lat'>22.</span> <span class='ocrx_word' id='word_1_725' title='bbox 2067 5015 2109 5053; x_wconf 68' lang='grc' dir='ltr'>ιι</span> <span class='ocrx_word' id='word_1_726' title='bbox 2146 5018 2154 5071; x_wconf 91' lang='lat' dir='ltr'>l</span> 
     </span>
    </p>
   </div>
   <div class='ocr_carea' id='block_1_103' title="bbox 2268 5002 2873 5084">
    <p class='ocr_par' dir='ltr' id='par_1_103' title="bbox 2268 5016 2873 5083">
     <span class='ocr_line' id='line_1_103' title="bbox 2268 5016 2873 5083; baseline 0 -11"><span class='ocrx_word' id='word_1_727' title='bbox 2268 5017 2289 5072; x_wconf 79' lang='lat' dir='ltr'>l.</span> <span class='ocrx_word' id='word_1_728' title='bbox 2324 5016 2415 5074; x_wconf 85' lang='lat'>39.</span> <span class='ocrx_word' id='word_1_729' title='bbox 2446 5017 2493 5054; x_wconf 79' lang='grc'>4⁸</span> <span class='ocrx_word' id='word_1_730' title='bbox 2526 5017 2675 5075; x_wconf 88' lang='lat' dir='ltr'>Osee</span> <span class='ocrx_word' id='word_1_731' title='bbox 2711 5032 2786 5083; x_wconf 74' lang='lat' dir='ltr'>XI,</span> <span class='ocrx_word' id='word_1_732' title='bbox 2821 5020 2873 5073; x_wconf 85' lang='lat'>2.</span> 
     </span>
    </p>
   </div>
   <div class='ocr_carea' id='block_1_104' title="bbox 1697 5191 2659 5265">
    <p class='ocr_par' dir='ltr' id='par_1_104' title="bbox 1697 5191 2659 5265">
     <span class='ocr_line' id='line_1_104' title="bbox 1697 5191 2659 5265; baseline 0.002 -3"><span class='ocrx_word' id='word_1_733' title='bbox 1697 5191 1926 5263; x_wconf 74' lang='lat' dir='ltr'>Variae</span> <span class='ocrx_word' id='word_1_734' title='bbox 1968 5193 2299 5264; x_wconf 90' lang='lat' dir='ltr'>lectiones</span> <span class='ocrx_word' id='word_1_735' title='bbox 2348 5203 2415 5264; x_wconf 91' lang='lat' dir='ltr'>et</span> <span class='ocrx_word' id='word_1_736' title='bbox 2457 5203 2659 5265; x_wconf 85' lang='lat' dir='ltr'>notae.</span> 
     </span>
    </p>
   </div>
   <div class='ocr_carea' id='block_1_105' title="bbox 567 5353 1438 5431">
    <p class='ocr_par' dir='ltr' id='par_1_105' title="bbox 567 5353 1438 5431">
     <span class='ocr_line' id='line_1_105' title="bbox 567 5353 1438 5431; baseline 0.007 -22"><span class='ocrx_word' id='word_1_737' title='bbox 721 5356 1003 5431; x_wconf 61' lang='lat' dir='ltr'>llp6groz‘);</span> <span class='ocrx_word' id='word_1_738' title='bbox 1031 5353 1299 5414; x_wconf 75' lang='grc' dir='ltr'>Ἰουδαίου</span> <span class='ocrx_word' id='word_1_739' title='bbox 1331 5376 1345 5426; x_wconf 90' lang='grc'><strong>;</strong></span> <span class='ocrx_word' id='word_1_740' title='bbox 1374 5364 1438 5417; x_wconf 85' lang='grc' dir='ltr'>Α.</span> 
     </span>
    </p>
   </div>
   <div class='ocr_carea' id='block_1_106' title="bbox 543 5426 2143 5551">
    <p class='ocr_par' dir='ltr' id='par_1_106' title="bbox 543 5426 2143 5551">
     <span class='ocr_line' id='line_1_106' title="bbox 543 5426 2143 5551; baseline 0.006 -69"><span class='ocrx_word' id='word_1_741' title='bbox 543 5426 677 5551; x_wconf 46' lang='grc' dir='ltr'>Ιἱινειδ)</span> <span class='ocrx_word' id='word_1_742' title='bbox 720 5426 836 5494; x_wconf 81' lang='grc' dir='ltr'>Ἦν,</span> <span class='ocrx_word' id='word_1_743' title='bbox 878 5434 1012 5486; x_wconf 89' lang='lat' dir='ltr'>ante</span> <span class='ocrx_word' id='word_1_744' title='bbox 1063 5432 1363 5513; x_wconf 78' lang='grc' dir='ltr'>ἀναγκαῖον,</span> <span class='ocrx_word' id='word_1_745' title='bbox 1415 5430 1599 5513; x_wconf 76' lang='lat' dir='ltr'>habet</span> <span class='ocrx_word' id='word_1_746' title='bbox 1634 5431 2041 5505; x_wconf 83' lang='lat' dir='ltr'>Chrysostom.</span> <span class='ocrx_word' id='word_1_747' title='bbox 2102 5440 2143 5493; x_wconf 93' lang='lat' dir='ltr'>t.</span> 
     </span>
     <span class='ocr_line' id='line_1_107' title="bbox 592 5498 2141 5551; baseline 0 0"><span class='ocrx_word' id='word_1_748' title='bbox 592 5540 607 5551; x_wconf 91' lang='lat'>.</span> <span class='ocrx_word' id='word_1_749' title='bbox 647 5498 863 5551; x_wconf 63' lang='lat'>0.111.</span> <span class='ocrx_word' id='word_1_750' title='bbox 924 5503 989 5551; x_wconf 87' lang='lat' dir='ltr'>In</span> <span class='ocrx_word' id='word_1_751' title='bbox 1039 5502 1284 5551; x_wconf 78' lang='lat' dir='ltr'>relimns</span> <span class='ocrx_word' id='word_1_752' title='bbox 1335 5507 1645 5551; x_wconf 73' lang='lat' dir='ltr'>consentit.</span> <span class='ocrx_word' id='word_1_753' title='bbox 1698 5506 1881 5551; x_wconf 67' lang='lat' dir='ltr'>Nnmn</span> <span class='ocrx_word' id='word_1_754' title='bbox 1947 5510 2141 5551; x_wconf 71' lang='lat' dir='ltr'>lampn</span> 
     </span>
    </p>
   </div>
   <div class='ocr_carea' id='block_1_107' title="bbox 496 5497 2145 5575">
    <p class='ocr_par' dir='ltr' id='par_1_107' title="bbox 496 5497 2145 5575">
     <span class='ocr_line' id='line_1_108' title="bbox 496 5497 2145 5575; baseline 0.007 -22"><span class='ocrx_word' id='word_1_755' title='bbox 496 5497 607 5570; x_wconf 87' lang='lat' dir='ltr'>VII,</span> <span class='ocrx_word' id='word_1_756' title='bbox 647 5513 709 5570; x_wconf 90' lang='lat' dir='ltr'>p,</span> <span class='ocrx_word' id='word_1_757' title='bbox 743 5498 863 5555; x_wconf 76' lang='lat' dir='ltr'>lii.</span> <span class='ocrx_word' id='word_1_758' title='bbox 924 5503 990 5556; x_wconf 89' lang='lat' dir='ltr'>In</span> <span class='ocrx_word' id='word_1_759' title='bbox 1039 5497 1284 5575; x_wconf 83' lang='lat' dir='ltr'>reliquis</span> <span class='ocrx_word' id='word_1_760' title='bbox 1335 5504 1645 5560; x_wconf 90' lang='lat' dir='ltr'>consentit.</span> <span class='ocrx_word' id='word_1_761' title='bbox 1697 5497 1881 5564; x_wconf 77' lang='lat' dir='ltr'>Nemo</span> <span class='ocrx_word' id='word_1_762' title='bbox 1947 5510 2145 5566; x_wconf 89' lang='lat' dir='ltr'>tamen</span> 
     </span>
    </p>
   </div>
   <div class='ocr_carea' id='block_1_108' title="bbox 2258 5362 3870 5437">
    <p class='ocr_par' dir='ltr' id='par_1_108' title="bbox 2258 5362 3870 5437">
     <span class='ocr_line' id='line_1_109' title="bbox 2258 5362 3870 5437; baseline 0.004 -20"><span class='ocrx_word' id='word_1_763' title='bbox 2258 5363 2500 5421; x_wconf 87' lang='lat' dir='ltr'>Criticus</span> <span class='ocrx_word' id='word_1_764' title='bbox 2527 5378 2600 5437; x_wconf 81' lang='lat' dir='ltr'>ex</span> <span class='ocrx_word' id='word_1_765' title='bbox 2619 5362 2735 5419; x_wconf 89' lang='lat' dir='ltr'>hoc</span> <span class='ocrx_word' id='word_1_766' title='bbox 2752 5362 2885 5422; x_wconf 85' lang='lat' dir='ltr'>loco</span> <span class='ocrx_word' id='word_1_767' title='bbox 2905 5363 3248 5437; x_wconf 89' lang='lat' dir='ltr'>importabit</span> <span class='ocrx_word' id='word_1_768' title='bbox 3263 5363 3546 5423; x_wconf 88' lang='lat' dir='ltr'>lectiones</span> <span class='ocrx_word' id='word_1_769' title='bbox 3564 5364 3870 5424; x_wconf 88' lang='lat' dir='ltr'>variantes</span> 
     </span>
    </p>
   </div>
   <div class='ocr_carea' id='block_1_109' title="bbox 2257 5436 2773 5493">
    <p class='ocr_par' dir='ltr' id='par_1_109' title="bbox 2257 5436 2773 5493">
     <span class='ocr_line' id='line_1_110' title="bbox 2257 5436 2773 5493; baseline -0.004 0"><span class='ocrx_word' id='word_1_770' title='bbox 2257 5436 2558 5493; x_wconf 82' lang='lat' dir='ltr'>contextui</span> <span class='ocrx_word' id='word_1_771' title='bbox 2584 5451 2773 5492; x_wconf 88' lang='lat' dir='ltr'>sacro.</span> 
     </span>
    </p>
   </div>
   <div class='ocr_carea' id='block_1_110' title="bbox 572 5638 3397 5724">
    <p class='ocr_par' dir='ltr' id='par_1_110' title="bbox 572 5638 3397 5724">
     <span class='ocr_line' id='line_1_111' title="bbox 572 5638 3397 5724; baseline 0.004 -26"><span class='ocrx_word' id='word_1_772' title='bbox 572 5638 749 5711; x_wconf 82' lang='lat' dir='ltr'>Quasi</span> <span class='ocrx_word' id='word_1_773' title='bbox 794 5640 981 5713; x_wconf 79' lang='lat' dir='ltr'>facto.</span> <span class='ocrx_word' id='word_1_774' title='bbox 1068 5643 1251 5713; x_wconf 85' lang='lat' dir='ltr'>Quasi</span> <span class='ocrx_word' id='word_1_775' title='bbox 1301 5645 1506 5720; x_wconf 82' lang='lat' dir='ltr'>signis,</span> <span class='ocrx_word' id='word_1_776' title='bbox 1580 5648 1753 5721; x_wconf 86' lang='lat' dir='ltr'>quasi</span> <span class='ocrx_word' id='word_1_777' title='bbox 1814 5649 2139 5712; x_wconf 88' lang='lat' dir='ltr'>ominibus.</span> <span class='ocrx_word' id='word_1_778' title='bbox 2327 5650 2417 5724; x_wconf 86' lang='grc' dir='ltr'>(Ιι)</span> <span class='ocrx_word' id='word_1_779' title='bbox 2456 5650 2645 5709; x_wconf 81' lang='lat' dir='ltr'>Citius</span> <span class='ocrx_word' id='word_1_780' title='bbox 2669 5650 2991 5709; x_wconf 74' lang='lat' dir='ltr'>credentes.</span> <span class='ocrx_word' id='word_1_781' title='bbox 3025 5648 3397 5710; x_wconf 87' lang='lat' dir='ltr'>Obedientes.</span> 
     </span>
    </p>
   </div>
  </div>
