4110 6392
290 355 385 415 11ιῦ

1346 357 1705 419 COMMENT.
1748 356 1821 415 IN
1862 355 2299 419 MATTH/EUM.
2334 387 2407 402 --
2444 356 2608 415 CAP.
2634 353 2706 415 ῙῙ.

3594 355 3701 419 150

294 487 543 559 κουμένης
601 483 831 549 ἁπάσης
860 492 922 559 τῇ
958 487 1116 563 φλογὶ
1167 494 1258 550 τῆς
1304 486 1546 548 ἀσεϐείας
1597 483 1731 544 ἦσαν
1780 482 1920 538 ἔκκε-

2034 484 2284 558 bylonia
2341 488 2400 541 et
2452 484 2745 557 Egyptus
2794 483 2856 540 in
2908 483 3051 540 orbe
3100 485 3393 543 terrarum
3431 485 3699 542 maxime

303 578 573 648 καυμὲναι,
768 579 859 649 μεν
915 580 1043 639 τοὺς
1098 578 1298 650 μάγους
1362 574 1650 642 ἀπέστειλε,
1710 583 1807 637 τῆς
1863 572 1921 628 δὲ

304 665 458 728 αὐτὸς
517 662 704 733 ἐπέϐη,
766 664 1077 737 βουλόμενος
1147 664 1435 739 ἀμφοτέρας
1499 661 1917 739 διορθώσασθαι.

308 754 563 807 Διδάσκει
596 750 657 806 δε
706 756 841 828 ἡμᾶς
888 754 1134 821 ἐντεῦθεν,
1182 759 1272 806 καὶ
1316 755 1396 807 ὅτι
1443 757 1552 829 χρὴ
1603 756 1686 805 τὸν
1736 756 1922 806 πιστόν

307 842 461 904 εὐθὺς
520 846 577 894 ἐκ
634 848 921 915 προοιμίων
991 847 1313 916 πειρασμοὺς
1382 838 1708 917 προσδοκᾴν.
1785 841 1922 917 Ὀρα

312 929 401 984 οὑν
461 932 622 983 αὑτὸν
681 931 735 983 ἐκ
793 932 1105 1005 σπαργάνων
1163 931 1613 1002 ἐπιϐουλευόμενον
1665 935 1754 983 καὶ
1809 933 1922 1004 φεύ-

308 1041 470 1094 γοντα
519 1025 655 1093 πρὸς
706 1025 801 1079 τὴν
862 1022 1136 1095 ὑπερορίαν
1170 1037 1183 1050 ·
1214 1023 1389 1092 φεύγει
1428 1017 1488 1072 δὲ
1536 1024 1625 1072 καὶ
1668 1021 1698 1079 ἠ
1745 1024 1921 1095 μήτηρ

308 1116 406 1162 καὶ
452 1113 477 1161 ό
520 1111 737 1182 Ἰωσήφ.
798 1114 899 1163 Καὶ
952 1112 1000 1162 οἱ
1057 1111 1218 1182 μάγοι
1264 1105 1322 1162 δὲ
1375 1108 1423 1161 ἐν
1478 1109 1623 1171 τάξει
1675 1106 1922 1181 φνγιῖἲων

308 1199 601 1260 λεληθότως
661 1198 1026 1274 ἀνεχώρησαν.
1096 1203 1196 1252 Καὶ
1260 1202 1481 1271 μυρίους
1545 1198 1758 1259 ἅπαντες
1805 1203 1920 1268 (49)

306 1290 622 1346 ὑπέστησαν
677 1292 1022 1362 πειρασμοὺς,
1093 1288 1192 1351 ἵνα,
1245 1289 1364 1340 ὅταν
1422 1291 1512 1339 καὶ
1568 1291 1632 1339 σύ
1679 1283 1924 1361 διακονῇς

308 1386 647 1449 πνευματικῷ
702 1379 990 1450 πράγματι,
1060 1382 1147 1429 καὶ
1206 1381 1525 1451 περιπίπτῃς
1588 1383 1918 1451 πειρασμοῖς,

305 1468 447 1538 ἔχῃς
505 1463 826 1539 ὑπόδειγμα,
875 1470 1060 1539 καὶμὴ
1118 1462 1410 1540 δυσφορῇς,
1462 1464 1592 1517 ἀλλά
1635 1470 1920 1539 γινώσκῃς,

303 1558 391 1608 ὅτι
450 1560 736 1629 πειρασμοὶ
814 1562 925 1615 τοῖς
996 1556 1215 1626 ἀγαθοῖς
1282 1556 1562 1628 πράγμασι
1635 1555 1923 1627 συγκεκλη-

302 1664 527 1719 ρωνται,
598 1650 691 1696 τού
762 1640 1010 1697 διαϐόλου
1089 1647 1179 1716 μὲν
1257 1643 1328 1705 εἰς
1406 1640 1657 1716 ἐμπόδιον
1736 1644 1923 1706 αύτούς

305 1732 676 1806 ἑπεγείροντος,
724 1740 817 1784 τοῦ
876 1739 1010 1786 Θεοῦ
1077 1729 1137 1785 δὲ
1183 1739 1647 1808 παραχωροῦντος,
1707 1734 1777 1794 είς
1830 1727 1920 1783 δο-

308 1828 484 1894 κίμιον
517 1830 617 1875 τῶν
651 1820 970 1895 ἀγαπώντων
998 1821 1171 1875 αύτόν.

387 2005 489 2055 Καὶ
550 1999 706 2073 βλέπε
771 1996 1090 2073 παράδοξον.
1166 1998 1489 2057 Παλαιστίνη
1562 1999 1652 2072 μὶν
1715 1997 1923 2052 ἐπιϐουο

302 2089 467 2159 λεύει,
514 2093 776 2160 Αἴγυπτος
823 2084 883 2141 δὲ
943 2088 1100 2149 σώζει
1146 2091 1234 2141 τὸν
1289 2091 1554 2161 φεύγοντα·
1604 2088 1685 2140 ἵνα
1727 2089 1921 2161 μάθῃς,

303 2182 392 2232 ὅτι
438 2181 463 2231 6
515 2182 645 2238 Θεὸς
700 2184 806 2239 τοῖς
860 2176 1120 2239 ἕπιπόνοις
1172 2180 1238 2230 τὰ
1294 2173 1429 2235 ἡδέα
1486 2177 1773 2247 συνέζευξε,
1832 2180 1923 2230 καὶ

304 2268 670 2342 ἀμφοτέρωθεν
714 2267 983 2339 ὑφαίνεται
1040 2272 1137 2318 τῶν
1196 2265 1356 2337 ἁγίων
1406 2267 1431 2318 ό
1477 2264 1588 2339 βίος
1640 2266 1665 2317 ὃ
1714 2262 1781 2324 δὴ
1834 2270 1923 2318 καὶ

302 2356 535 2409 ἐνταῦθα
584 2360 782 2427 γέγονε.
836 2362 1068 2427 Πρῶτον,
1102 2354 1305 2426 ὑποψία
1338 2358 1458 2429 περὶ
1502 2360 1594 2414 τήν
1642 2357 1923 2428 Παρθένον.

301 2443 439 2512 εἶτα,
487 2447 618 2517 μετά
667 2448 754 2496 τόν
803 2447 974 2509 τόκον,
1020 2445 1168 2519 χαρά
1198 2460 1211 2474 '
1249 2443 1402 2496 πάλιν
1456 2448 1591 2516 φυγὴ
1648 2444 1716 2504 εἰς
1770 2446 1925 2515 Αἴγυ-

301 2555 456 2599 πτον,
517 2534 631 2585 εἶτα
670 2532 856 2585 ἐκεῖθεν
902 2530 1187 2594 ἀνάκλησις
1217 2552 1229 2564 ·
1265 2529 1413 2592 αὖθις
1458 2531 1634 2604 φόϐος,
1691 2528 1785 2584 διὰ
1837 2534 1923 2584 τὸν

303 2622 600 2696 Ἀρχέλαον
632 2643 646 2655 ·
678 2624 853 2673 ἔπειτα
926 2619 975 2672 ἐν
1052 2628 1113 2694 τῇ
1188 2621 1429 2695 Ναζαρὲτ
1502 2622 1693 2681 ἄνεσις.
1764 2623 1924 2673 Οὔπω

300 2716 406 2785 γὰρ
446 2709 508 2769 ἦν
545 2718 638 2763 τοῦ
702 2712 1116 2784 θαυματουργεδ
1172 2714 1372 2784 καιρός.
1434 2709 1493 2762 Εἰ
1550 2712 1651 2782 γὰρ
1693 2708 1748 2760 ἐκ
1787 2714 1923 2783 πρώ-

304 2821 398 2860 της
444 2800 659 2861 ἡλικίας
709 2795 1009 2861 ἐπεδείξατο
1073 2800 1335 2871 θαύματα,
1387 2797 1480 2849 οὑκ
1531 2796 1590 2848 ἂν
1636 2800 1920 2856 ἐπιστεύθη

301 2893 570 2961 γεγονέναι
614 2890 904 2962 ἄνθρωπος,
946 2889 1012 2948 ὡς
1049 2891 1361 2962 προέφημεν.
1410 2889 1505 2941 Διά
1540 2894 1692 2939 τοῦτο
1736 2889 1925 2948 κύησις

306 2979 638 3051 ἕννεάμηνος,
707 2981 796 3029 καὶ
855 2981 1112 3049 γέννησις,
1174 2982 1265 3029 καὶ
1330 2975 1765 3049 γαλακτοτροφίᾶι,
1834 2980 1925 3028 καὶ

306 3070 376 3120 τά
424 3068 563 3132 ἑξῆς,
621 3066 704 3117 ἵνα
760 3060 855 3117 διὰ
914 3066 1117 3117 πάντων
1171 3061 1551 3139 εύπαράδεκτος
1590 3067 1619 3122 ἠ
1669 3064 1925 3139 ἐνανθρώ-

306 3175 478 3217 πησις
527 3154 688 3207 αὐτοῦ
738 3158 971 3224 γίνηται.
1028 3152 1136 3206 Ούκ
1192 3155 1268 3205 ἔτι
1319 3150 1378 3206 δὲ
1414 3154 1438 3204 ό
1468 3153 1683 3225 ἄγγελος
1731 3152 1923 3225 ὀνομά-

307 3246 390 3305 ζει
420 3248 517 3301 τὴν
570 3244 830 3316 Παρθένὸν
878 3248 1103 3313 γυναῖκα
1153 3248 1245 3294 τοῦ
1292 3242 1506 3314 Ἰωσὴφ,
1563 3240 1689 3293 ἀλλά
1724 3246 1924 3316 μητέρα

305 3342 405 3385 τοῦ
436 3330 682 3384 παιδίου·
736 3331 921 3389 Ἐλύθη
971 3332 1071 3405 γὰρ
1124 3326 1230 3390 ἤδη
1268 3332 1294 3389 ἡ
1335 3330 1551 3401 ὑποψία,
1608 3335 1697 3384 καὶ
1726 3331 1921 3389 πεπλη-

304 3428 573 3496 ροφόρητο
627 3419 804 3472 λοιπὸν
856 3422 1075 3491 Ἰωσὴφ,
1134 3420 1215 3471 ὅτι
1271 3422 1405 3481 θεῖός
1470 3418 1609 3472 ἐστιν
1664 3421 1689 3471 ό
1747 3423 1918 3481 τόκος.

307 3511 484 3563 Εἰπὼν
519 3506 601 3579 δε,
653 3511 733 3561 ὅτι
772 3515 932 3581 Φεὺγε
979 3509 1053 3570 εἰς
1101 3510 1378 3580 Αἴγυπτον,
1437 3508 1530 3560 οὑκ
1581 3506 1921 3580 ἐπηγγείλατο

306 3595 650 3652 συνοδεύσειν
704 3597 897 3663 αύτοίς,
954 3596 1321 3669 αἰνιττόμενος,
1382 3598 1462 3649 ὃτι
1518 3600 1677 3668 μέγαν
1730 3599 1920 3667 ἔχουσι

306 3685 692 3758 συνοδοιπόρον
742 3690 800 3738 τό
852 3682 1089 3755 παιδίον,
1122 3685 1147 3737 ὃ
1189 3691 1278 3738 καὶ
1332 3686 1405 3748 εἰς
1467 3688 1727 3757 Αἴγυπτον
1768 3686 1919 3759 ὑπερ-

303 3778 543 3848 ορισθεδ,
605 3772 801 3828 δέδωκε
866 3782 971 3835 τοῖς
1048 3774 1351 3845 Αἰγυπτίοις
1431 3773 1668 3846 ἀφορμὴν
1726 3774 1921 3827 οἰκειώ-

310 3883 462 3925 σεως.
513 3862 759 3937 Ὕστερον
805 3866 909 3938 γάρ
958 3863 1177 3925 ἅπαντες
1229 3863 1372 3915 οὗτοι
1428 3859 1696 3936 δεξάμενοι
1730 3867 1789 3915 τὸ
1821 3868 1919 3922 κὴ-

306 3973 488 4025 ρυγμα
520 3960 613 4005 τοῦ
646 3952 979 4024 Εύαγγελίου,
1030 3955 1165 4024 μέγα
1215 3950 1455 4027 ἐφρόνουν
1500 3951 1583 4005 ἐπὶ
1629 3960 1702 4023 τῷ
1734 3949 1921 4006 ὑποδέ-

309 4042 511 4104 ξασθαι
542 4043 791 4113 φεύγοντα
827 4045 913 4093 τόν
947 4043 1156 4113 Κύριον.

310 4129 569 4194 catione,
631 4129 960 4201 plurimum
1030 4127 1441 4200 gloriabantur
1492 4127 1820 4201 animoque
1889 4128 2240 4199 gestiebant,
2304 4142 2397 4194 eo,

308 4218 566 4289 pissent.

2030 578 2200 631 erant
2254 574 2512 631 incensae
2571 574 2894 641 impietatis
2946 574 3218 631 ﬂamma.
3275 574 3366 630 Ab
3413 574 3516 631 illa
3558 590 3698 646 ergo

2030 664 2239 733 Magos
2291 664 2550 732 attraxit,
2600 663 2659 719 in
2712 663 2870 719 hanc
2919 667 3118 720 autem
3171 663 3427 730 intravit,
3474 666 3699 720 utram-

2029 768 2148 826 que
2182 752 2384 809 volens
2421 752 2501 809 ad
2530 756 2756 808 rectam
2799 751 2957 808 viam
2998 752 3230 810 reduci.
3277 752 3419 809 Hinc
3454 768 3698 826 quoque

2030 842 2204 898 docet
2252 857 2381 906 nos,
2409 842 2569 915 quod
2618 845 2676 896 et
2715 840 2954 896 ﬁdelem
3009 841 3210 897 statim
3260 857 3295 897 a
3348 841 3696 914 primordiis

2030 931 2382 987 tentationes
2430 934 2776 1003 exspectare
2824 932 3118 1001 oporteat.
3162 930 3301 985 Vide
3347 931 3506 986 enim
3549 948 3697 1000 quo-

2031 1022 2215 1078 modo
2246 1022 2374 1093 ipse
2407 1021 2597 1076 statim
2636 1036 2672 1076 a
2711 1018 2882 1076 cunis
2922 1020 3224 1092 appetitur
3253 1020 3507 1085 insidiis,
3546 1021 3697 1078 abit-

2030 1127 2147 1183 que
2178 1111 2238 1167 in
2274 1110 2548 1165 exsilium
2592 1125 2604 1163 :
2655 1109 2804 1178 fugit
2835 1124 3078 1182 quoque
3126 1113 3314 1165 mater
3357 1126 3427 1166 ac
3459 1111 3693 1182 Ioseph.

2033 1200 2145 1258 Sed
2169 1204 2225 1255 et
2262 1200 2409 1277 Magi
2451 1199 2510 1254 in
2549 1199 2800 1255 modum
2840 1197 3195 1269 fugientium
3220 1197 3376 1255 clam
3403 1199 3694 1257 discesse-

2029 1293 2188 1355 runt,
2264 1304 2595 1360 omnesque
2661 1287 2804 1359 justi
2871 1287 3221 1344 innumeras
3290 1289 3696 1345 sustinuerunt

2030 1378 2402 1442 tentationes,
2473 1382 2537 1432 ut
2601 1376 2646 1432 si
2715 1375 2963 1448 quando
3034 1376 3119 1431 rei
3187 1377 3476 1448 spirituali
3551 1393 3700 1450 ope-

2030 1483 2159 1523 ram
2187 1466 2441 1531 dederis,
2468 1470 2645 1537 atque
2676 1466 2737 1519 in
2759 1463 3113 1521 tentationes
3138 1464 3438 1531 incideris,
3468 1465 3699 1523 habeas

2029 1555 2385 1626 exemplum,
2441 1558 2497 1610 et
2547 1569 2623 1609 ne
2682 1553 2926 1609 moleste
2980 1552 3156 1619 feras,
3218 1554 3322 1609 sed
3380 1569 3696 1627 agnoscas,

2030 1644 2197 1718 quod
2237 1643 2589 1699 tentationes
2627 1643 2688 1697 in
2747 1646 2956 1697 sortem
2994 1641 3172 1698 bonis
3213 1642 3497 1715 operibus
3541 1644 3699 1700 datae

2031 1736 2169 1788 sunt
2210 1731 2494 1788 :diabolo
2534 1730 2780 1803 quidem
2822 1730 2884 1786 in
2924 1730 3304 1787 obstaculum
3337 1731 3697 1797 adducente,

1956 1820 2001 1876 B
2032 1824 2152 1878 Deo
2186 1837 2325 1878 vero
2378 1820 2457 1876 ad
2501 1820 2911 1892 probationem
2939 1835 3147 1877 eorum
3199 1820 3305 1893 qui
3347 1820 3519 1878 illum
3566 1821 3697 1878 dili-

2032 1913 2193 1980 gunt,
2236 1909 2553 1965 ordinante
2567 1949 2580 1963 .

2105 1996 2247 2054 Vide
2301 2002 2500 2053 autem
2566 1996 2650 2052 rei
2701 1996 3023 2052 novitatem
3084 2012 3097 2052 :
3158 1996 3453 2069 siquidem
3510 1997 3700 2055 Palae-

2032 2086 2188 2143 stina
2234 2086 2566 2149 insidiatur,
2607 2086 2894 2157 Egyptus
2937 2100 3077 2141 vero
3118 2090 3309 2141 servat
3347 2086 3696 2157 fugientem,

2032 2181 2097 2233 ut
2125 2176 2323 2232 discas
2351 2178 2535 2232 Deum
2562 2174 2826 2231 tristibus
2846 2174 2981 2231 laeta
3012 2175 3418 2245 conjunxisse.
3452 2179 3601 2233 Nam
3623 2176 3698 2233 ab

2030 2265 2299 2337 utrisque
2333 2268 2679 2322 sanctorum
2727 2264 2849 2320 vita
2887 2264 3199 2336 probatur,
3251 2264 3416 2337 quod
3464 2280 3603 2321 sane
3644 2268 3701 2322 et

2029 2354 2126 2410 hic
2164 2353 2391 2411 factum
2444 2357 2548 2409 est.
2614 2352 2877 2409 Primum
2927 2353 3188 2425 suspicio
3225 2352 3439 2410 habita
3493 2357 3582 2411 est
3622 2354 3699 2410 de

2031 2442 2265 2513 Virgine
2300 2458 2313 2508 ;
2347 2441 2563 2498 deinde
2595 2456 2661 2498 ex
2694 2445 2869 2514 partu
2900 2441 3213 2513 gaudium.
3249 2444 3507 2498 Rursum
3553 2441 3699 2512 fuga

2031 2533 2093 2587 in
2142 2534 2464 2604 Egyptum
2502 2548 2515 2601 ;
2548 2536 2755 2603 postea
2797 2534 2997 2587 autem
3028 2530 3189 2586 illinc
3220 2530 3543 2588 revocatio.
3592 2532 3697 2587 Ite-

2030 2636 2165 2676 rum
2222 2625 2416 2675 metus
2460 2622 2703 2692 propter
2749 2618 3145 2685 Archelaum;
3187 2618 3403 2675 deinde
3452 2619 3689 2692 requies

2032 2708 2089 2765 in
2131 2709 2435 2765 Nazareth.
2465 2708 2732 2765 Necdum
2780 2707 2941 2764 enim
2981 2707 3195 2764 edendi
3228 2708 3519 2765 miracula
3551 2713 3694 2765 tem-

2031 2816 2148 2871 pus
2196 2802 2341 2854 erat.
2384 2798 2536 2853 Nam
2573 2797 2623 2853 si
2660 2812 2696 2853 a
2739 2798 2936 2870 prima
2972 2797 3164 2854 statim
3201 2801 3371 2854 aetate
3400 2799 3697 2871 stupenda

1978 2906 1979 2909 η
2033 2887 2528 2953 demonstrasset,
2571 2901 2953 2958 nequaquam
2984 2885 3164 2942 homo
3213 2885 3471 2942 creditus
3499 2887 3691 2955 Tesset,

1955 3182 1996 3239 C

2032 2979 2100 3030 ut
2129 2974 2542 3047 praediximus.
2571 2975 2632 3029 In
2660 2975 2821 3029 hunc
2845 2973 3005 3030 enim
3030 2973 3204 3029 ﬁnem
3230 2989 3447 3030 novem
3473 2974 3691 3031 mensi-

2032 3064 2143 3119 bus
2197 3067 2366 3120 utero
2406 3065 2692 3134 gestatus,
2747 3066 2926 3118 natus
2978 3077 3047 3119 ac
3100 3061 3250 3119 lacte
3288 3063 3545 3120 nutritus
3585 3066 3692 3132 est,

2034 3156 2367 3224 ceeteraque
2398 3166 2507 3207 suo
2546 3150 2707 3207 facta
2742 3155 2882 3206 sunt
2911 3150 3139 3216 ordine,
3175 3155 3240 3207 ut
3276 3166 3383 3223 per
3417 3152 3547 3208 haec
3576 3168 3695 3209 om-

2032 3241 2131 3298 nia
2188 3240 2357 3297 facile
2415 3240 2537 3312 ejus
2589 3238 2920 3295 incarnatio
2983 3238 3364 3311 suscipiatur.
3432 3240 3695 3310 Angelus

2034 3333 2235 3387 autem
2257 3328 2541 3401 deinceps
2566 3327 2865 3398 Virginem
2890 3343 3013 3384 non
3034 3328 3307 3384 nominat
3323 3344 3580 3384 uxorem
3600 3330 3692 3385 Io-

2033 3423 2202 3491 seph,
2244 3418 2348 3473 sed
2402 3418 2565 3490 pueri
2607 3421 2879 3473 matrem.
2924 3417 3057 3473 Iam
3109 3416 3271 3473 enim
3320 3417 3517 3474 soluta
3565 3420 3691 3475 erat

2032 3507 2318 3579 suspicio,
2351 3511 2406 3562 et
2436 3506 2657 3577 Ioseph
2688 3506 2900 3562 certior
2942 3504 3204 3572 effectus,
3246 3505 3521 3562 divinum
3560 3521 3693 3563 esse

2028 3601 2287 3668 partum.
2323 3596 2533 3651 Dicens
2564 3598 2764 3651 autem
2793 3612 2806 3650 :
2863 3595 3026 3666 Fuge
3056 3596 3119 3651 in
3157 3595 3522 3666 Eyyptum,
3570 3611 3693 3653 non

2030 3684 2301 3758 promisit
2326 3684 2601 3741 comitem
2634 3700 2694 3739 se
2726 3682 2851 3739 fore
2883 3683 3127 3750 itineris,
3160 3683 3494 3752 insinuans,
3528 3684 3694 3758 quod

2030 3788 2313 3843 magnum
2379 3772 2669 3829 haberent
2718 3772 2830 3828 viae
2880 3772 3181 3840 comitem,
3237 3776 3373 3845 puta
3418 3788 3691 3845 puerum.

2029 3863 2164 3919 Haec
2195 3865 2483 3935 praeterea
2534 3861 2665 3931 ejus
2720 3860 2782 3915 in
2830 3860 3149 3933 Egyptum
3208 3861 3514 3932 relegatio,
3569 3879 3695 3921 mas

2031 3967 2215 4021 gnam
2270 3949 2437 4006 dedit
2487 3949 2777 4021 Egyptiis
2828 3949 3209 4005 occasionem
3259 3949 3690 4008 familiaritatis.

2031 4040 2247 4096 Postea
2280 4039 2441 4095 enim
2480 4054 2689 4093 omnes
2719 4037 2800 4105 hi,
2845 4042 3117 4110 suscepta
3154 4038 3455 4110 Evangelii
3477 4040 3691 4112 praedi-

2475 4126 2643 4199 quod
2695 4125 3022 4199 fugientem
3091 4126 3414 4184 Dominum
3489 4144 3694 4186 susce-

387 4312 491 4359 Καὶ
540 4308 655 4358 ἴσθι
689 4338 756 4348 -
790 4314 882 4360 τοῦ
923 4306 1174 4362 ἀπολέσαι
1222 4308 1369 4365 αύτό.
1427 4306 1570 4361 Ἴσθι
1621 4306 1737 4378 (50)
1795 4306 1917 4376 ἐκεῖ,

2098 4308 2263 4362 Vers.
2299 4306 2384 4363 13.
2432 4304 2507 4361 Et
2550 4308 2666 4361 esto
2704 4334 2773 4344 —
2811 4302 2892 4360 ad
2916 4301 3276 4373 perdendum
3322 4318 3478 4366 eum.
3528 4305 3692 4377 Esto,

307 4395 429 4447 ἀντὶ
469 4402 564 4447 τοῦ
610 4396 774 4465 Οῐκει,
826 4393 1085 4470 διάτριϐε.
1131 4404 1309 4451 Ταῦτα
1349 4394 1409 4450 δὲ
1446 4395 1674 4457 ἀκούσας
1702 4397 1917 4469 Ἰωσὴφ,

303 4485 405 4538 οὐκ
460 4480 875 4544 ὶσκανδαλίσθη.
946 4494 1139 4547 Συνῆκε
1203 4489 1320 4563 γὰρ,
1388 4488 1487 4552 ὅτι,
1546 4484 1654 4538 ἐπεὶ
1712 4485 1922 4557 ἄγγελοι

306 4571 654 4627 διακονοῦσιν
711 4573 783 4636 εἰς
844 4576 909 4626 τὰ
968 4578 1103 4627 κατά
1158 4579 1215 4628 τὸ
1290 4571 1525 4640 παιδίον,
1591 4574 1923 4647 οἰκονομικῶς

304 4664 485 4714 ποί-ιτα
549 4665 770 4732 γίνεται,
828 4668 916 4715 καὶ
978 4664 1037 4715 ού
1094 4668 1204 4740 χρὴ
1272 4664 1729 4739 περιεργάζεσθαι,
1799 4659 1923 4715 οὐδὲ

306 4749 621 4821 ἀντιλέγειν,
674 4749 784 4802 ἀλλ’
842 4752 1089 4813 εὐπειθῶς
1147 4755 1317 4820 εἴκειν,
1374 4753 1451 4815 οἷς
1502 4751 1562 4804 ἂν
1612 4753 1637 4804 ό
1671 4754 1798 4813 Θεὸς
1847 4769 1925 4804 κε-

303 4839 430 4911 λεύῃ
443 4860 456 4871 ο

380 4927 443 4979 Ὁ
499 4923 559 4980 δέ
610 4956 680 4969 -
730 4931 815 4980 τὸν
872 4930 991 4982 Υίόν
1060 4948 1181 5001 μου.
1232 4932 1302 4983 T6
1376 4925 1456 4998 δὲ,
1518 4928 1605 4991 Ἐξ
1656 4928 1924 5000 Αἰγύπτου

308 5016 537 5069 ἐκάλεσα
602 5018 691 5067 τὸν
750 5018 869 5070 Υἱόν
922 5036 1044 5089 μου,
1103 5023 1222 5092 περὶ
1279 5025 1377 5081 τῆς
1433 5016 1760 5080 ἀνακλήσεως
1810 5016 1925 5069 ἐαυ-

305 5112 409 5158 τῶν
440 5100 701 5161 Ἰουδαῖοι
749 5105 979 5181 ῥηθῆναι
1024 5105 1257 5179 λέγουσι.
1302 5109 1441 5183 Πρὸς
1470 5104 1557 5169 οὑς
1594 5106 1707 5178 (51)
1740 5123 1920 5179 φαμεν,

2028 4394 2142 4451 hoc
2170 4397 2280 4459 est,
2323 4392 2548 4460 Habita,
2598 4407 2969 4449 conversare.
3014 4392 3148 4447 Haec
3195 4396 3392 4449 autem
3446 4393 3695 4449 audiens

2028 4482 2268 4554 Ioseph,
2292 4496 2407 4537 non
2427 4496 2645 4553 passus
2663 4484 2749 4537 est
2769 4478 3218 4537 offendiculum.
3242 4483 3391 4537 Nam
3410 4479 3693 4539 intellexit

2031 4571 2216 4644 quod,
2250 4586 2389 4627 cum
2417 4569 2613 4641 angeli
2642 4569 2894 4625 ministri
2928 4572 3128 4625 essent
3159 4569 3236 4625 ad
3263 4585 3334 4627 ea
3361 4586 3498 4643 quae
3539 4571 3695 4629 circa

2030 4674 2283 4732 puerum
2306 4658 2655 4729 agebantur,
2684 4656 2890 4714 omnia
2908 4657 3412 4715 administratorie
3428 4658 3652 4716 ﬁebant
3675 4676 3691 4727 ;

2032 4764 2141 4804 nec
2169 4748 2230 4804 in
2260 4748 2349 4803 his
2380 4747 2686 4803 curiosum
2718 4763 2848 4803 esse
2879 4746 3206 4820 oportebat,
3254 4747 3361 4804 sed
3392 4748 3566 4806 facile
3614 4747 3694 4805 ad

2034 4835 2242 4893 omnia
2271 4852 2407 4909 quas
2437 4836 2721 4891 Dominus
2749 4834 3048 4906 jussisset,
3080 4834 3345 4892 obedire.

2104 4928 2264 4981 Vers.
2303 4927 2365 4980 14
2388 4925 2501 4980 Ille
2529 4939 2665 4981 vero
2696 4954 2763 4965 —
2792 4924 2969 4982 v.15.
2992 4924 3211 4981 Filium
3232 4938 3438 4982 meum.
3462 4923 3694 4981 Dictum

2034 5014 2211 5072 illud:
2227 5014 2326 5071 Ea:
2345 5013 2614 5085 Egypto
2630 5013 3039 5081 vocaviﬁlium
3060 5028 3267 5079 meum,
3290 5012 3478 5070 Iudaei
3491 5013 3566 5070 de
3584 5028 3695 5070 sua

2033 5104 2299 5177 ipsorum
2370 5102 2753 5161 revocatione
2809 5102 3039 5161 dictum
3104 5105 3398 5161 asserunt.
3462 5100 3693 5172 Quibus

1533 5282 1761 5353 Variae
1785 5281 2115 5353 lectiones
2146 5288 2214 5350 et
2239 5287 2447 5350 notae.

358 5484 478 5560 (49)
509 5478 792 5560 Aliquid‘
807 5478 905 5560 hic
952 5478 1145 5560 deest.
1178 5479 1506 5560 IHentenius
1553 5479 1736 5560 habet
1754 5476 1923 5560 justi.

288 5548 653 5639 Forte'eljgo-
672 5548 965 5639 οἱιδίκαιοι
1011 5550 1235 5639 legerit.
1292 5553 1407 5639 §ed
1448 5556 1643 5639 πισξρὶ,
1677 5548 1925 5639 ἐνάρετοι,

278 5636 332 5689 et
388 5622 652 5693 similia,
703 5624 891 5683 etiam
916 5637 1043 5681 non
1090 5627 1229 5680 sunt
1267 5622 1482 5683 aliena:
1540 5626 1666 5681 Mox
1720 5622 1930 5695 legitur

2036 5479 2199 5551 ἅγιοι.

2137 5550 2400 5619 50)Ἐκεῖ,
2436 5546 2654 5603 omittit
2680 5546 2746 5603 Α.

2112 5552 2226 5693 ξ51)
2252 5620 2394 5679 Vide
2422 5620 2722 5693 Chrysost.

2134 5598 2226 5694 si}
2252 5598 2400 5679 ἧᾶἔ
2422 5598 2803 5693 ὧῇέόεὶῗι.
2837 5617 2955 5690 v11,
2973 5633 3034 5694 p.
3069 5618 3193 5677 124.
3275 5598 3279 5603 ’
