4098 6396
518 390 617 453 151
1838 393 2136 451 EUTHYM

2274 390 2566 452 IGABENI
3780 382 3888 439 152

512 537 626 580 nos
683 519 952 589 dicimus,
1020 519 1177 577 hanc
1223 535 1457 593 quoque
1517 519 1842 593 prOphetiaa
1890 536 2130 577 norma:

2282 523 2362 574 ὅτι
2396 525 2484 573 καὶ
2508 526 2659 572 τοῦτο
2716 521 3033 591 προφητείας
3079 520 3231 589 νόμος
3286 514 3418 582 ἐστὶ,
3477 511 3727 566 τὸπολλά
3755 510 3881 564 πολ·-

514 627 663 678 esse,
712 616 775 666 ut
822 611 1003 665 multa
1051 610 1391 682 frequenter
1421 610 1489 664 de
1521 610 1647 665 aliis
1677 610 1972 679 dicantur,
2016 617 2071 666 et
2106 610 2132 665 i:

2278 611 2425 673 λάκις
2476 611 2703 684 ῥηθῆναι
2754 611 2842 679 μὲν
2898 606 2972 659 ἐπ’
3035 606 3219 671 αλλων,
3290 604 3627 676 πληρωθῆναι
3686 598 3743 654 δὲ
3808 600 3882 672 ἐφ’

514 700 640 757 aliis
679 700 1107 772 compleantur.
1144 699 1658 765 Quemadmodum
1697 701 1770 754 de
1801 700 2073 754 Simeone
2113 715 2132 753 ε

2278 699 2599 772 ἐτέρων·ὡς
2677 700 2734 749 τὸ
2818 695 2901 748 ἐπὶ
2979 704 3069 747 τοῦ
3137 700 3339 767 Συμεὼν
3417 698 3507 745 xui
3586 700 3675 745 τοῦ
3755 693 3885 743 Λευὶ

513 789 653 847 Levi
685 806 698 845 :
756 789 1027 844 Dividam
1076 804 1168 843 eos
1203 790 1264 843 in
1291 789 1486 853 Jacob,
1521 794 1571 843 et
1603 789 1935 857 dispergam
1975 804 2065 843 eos
2106 789 2131 842 2'.

2273 789 2445 863 ῥηθὲν,
2522 788 2601 839 ὅτι
2654 793 2910 861 Διαμεριῶ
2968 785 3151 846 αύτούς
3204 785 3253 836 ἐν
3309 782 3513 849 Ἰακώϐ,
3572 786 3661 833 καὶ
3723 776 3819 832 δια
3866 795 3879 808 ⁸

513 880 707 935 Israel
738 879 784 913 ‘3
818 895 829 932 :
865 878 1159 950 siquidem
1200 878 1256 931 id
1289 878 1534 949 posteris
1565 893 1774 932 eorum
1813 877 2046 932 accidit.
2087 880 2131 933 Si

2278 886 2448 951 σπερῶ
2502 876 2686 937 αὖτοὺς
2735 875 2782 927 έν
2826 874 3060 947 Ἰσραήλ.
3120 879 3219 927 Καὶ
3273 876 3371 948 γάρ
3433 872 3515 923 ἐπὶ
3572 880 3670 923 τῶν
3725 870 3883 940 ἐκγό-

512 967 730 1023 militer
781 970 837 1022 et
886 966 1030 1021 illud
1071 966 1298 1021 dictum
1338 966 1415 1021 ad
1459 966 1639 1021 Jacob
1673 983 1686 1021 :
1718 967 1863 1021 Esto
1908 966 2130 1021 domina

2274 987 2369 1017 νων
2416 966 2582 1017 αὐτῶν
2641 965 2805 1027 ἐξέϐη.
2870 969 2969 1017 Καὶ
3024 967 3080 1016 τὸ
3130 963 3214 1016 ἐπὶ
3267 971 3357 1015 τοῦ
3408 960 3589 1015 Ἰακὼϐ
3644 956 3702 1013 δε
3742 960 3885 1032 εἰρη-

506 1058 774 1127 fratrum
802 1062 1055 1119 tuorum,
1085 1061 1137 1111 et
1159 1056 1399 1111 adorent
1426 1061 1479 1111 te
1495 1055 1609 1125 ﬁlii
1628 1058 1823 1126 patris
1849 1057 1933 1110 tui
1950 1057 2019 1124 “,
2043 1070 2121 1110 no

2272 1060 2440 1129 μένον,
2505 1057 2585 1107 ὅτι
2658 1060 2807 1107 Γίνου
2893 1057 3072 1128 κύριος
3146 1059 3237 1105 τοῦ
3310 1049 3532 1125 ἀδελφοῦ
3608 1070 3724 1116 σου,
3788 1053 3880 1100 καὶ

513 1150 601 1202 est
628 1147 689 1201 in
732 1161 802 1202 eo
846 1144 1230 1216 completum,
1276 1145 1535 1200 maxime
1576 1159 1716 1200 cum
1762 1144 1890 1216 ispe
1942 1147 2131 1200 timere

2272 1145 2791 1218 προσκυνησάτωσάν
2903 1162 2960 1195 σε
3060 1144 3167 1194 υἱοὶ
3277 1149 3369 1194 τοῦ
3480 1144 3672 1213 πατρὸς
3760 1159 3884 1207 σου,

513 1251 582 1291 ac
610 1237 901 1300 tremeret,
933 1234 1213 1304 totiesque
1241 1237 1376 1289 ante
1407 1233 1649 1289 fratrem
1682 1250 1861 1289 suum
1891 1234 2043 1288 Esau
2070 1248 2131 1302 ge

2273 1234 2366 1287 οῦκ
2398 1233 2474 1285 ἐπ’
2517 1235 2677 1285 αὑτοῦ
2733 1233 2869 1294 τέλος
2915 1235 3044 1304 ἔσχε
3076 1249 3088 1261 ·
3121 1239 3231 1293 πῶς
3278 1234 3402 1305 γὰρ,
3442 1237 3533 1282 τοῦ
3580 1225 3889 1289 δεδοικότος

512 1340 594 1379 nu
623 1324 882 1380 ﬂecteret
917 1340 927 1377 :
963 1323 1067 1379 sed
1098 1323 1157 1378 in
1198 1322 1455 1394 posteris
1494 1326 1622 1394 ejus
1663 1323 2024 1394 completum
2059 1328 2130 1378 est

2273 1328 2362 1375 xui
2439 1327 2711 1397 τρέμοντος
2795 1326 2883 1372 καὶ
2966 1314 3245 1392 μυριάκις
3296 1326 3708 1394 προσκυνοῦντος
3794 1321 3888 1369 τὸν

514 1412 628 1468 Sed
653 1416 709 1468 et
741 1411 1077 1468 maledictio
1114 1414 1234 1467 Noe
1267 1409 1552 1466 adversus
1594 1411 1901 1477 Chanaan,
1944 1411 2000 1465 in
2031 1426 2132 1483 pos

2276 1408 2494 1483 ἀδελφὸν
2552 1412 2713 1463 αὐτοῦ
2790 1415 2877 1463 τὸν
2933 1410 3101 1462 ’[Ισαῦ
3138 1426 3150 1477 ;
3188 1409 3294 1461 ἀλλ’
3344 1408 3427 1461 ἐπὶ
3491 1418 3590 1460 τῶν
3666 1407 3889 1479 ἐκγόνων

510 1501 650 1557 teris
674 1501 802 1572 ejus
830 1500 1075 1573 impleta
1105 1505 1212 1555 est.
1246 1500 1338 1556 Sic
1364 1516 1508 1569 ergo
1526 1504 1579 1556 et
1603 1501 1697 1555 hic
1727 1500 2002 1555 dicimus.
2033 1502 2128 1555 Ute

2275 1500 2455 1556 αὐτοῦ.
2487 1504 2674 1553 Καὶτὸ
2706 1503 2850 1573 παρὰ
2902 1506 2993 1551 τοῦ
3044 1506 3155 1551 Νῶε
3190 1495 3247 1551 δε
3292 1498 3474 1569 λεχθὲν
3520 1497 3603 1550 ἐπὶ
3650 1506 3741 1549 τοῦ
3772 1504 3891 1550 Χα-

510 1590 671 1645 enim
698 1590 893 1645 verius
926 1590 1035 1643 dici
1062 1594 1251 1660 potest
1282 1590 1381 1643 Dei
1408 1588 1606 1657 Filius,
1632 1589 1757 1643 isne
1780 1588 1879 1660 qui
1910 1588 2128 1643 vituluc

2274 1592 2420 1657 ναάν,
2482 1589 2565 1641 ἐπὶ
2622 1598 2721 1641 τῶν
2778 1590 2999 1659 ἐκγονων
3068 1588 3230 1639 αὐτοῦ
3300 1587 3654 1661 πεπλήρωται.
3731 1588 3892 1638 Οῦτω

511 1677 802 1746 adoravit,
826 1682 881 1733 et
903 1676 1170 1733 initiatus
1199 1681 1290 1731 est
1310 1675 1692 1747 Beelphegor,
1723 1676 1992 1747 ﬁliosque
2025 1692 2129 1731 suo

2277 1675 2343 1735 δὴ
2405 1677 2673 1730 κάνταῦθα
2746 1678 2973 1749 λέγομεν.
3036 1682 3124 1738 Τίς
3183 1679 3280 1749 γάρ
3365 1676 3702 1749 ἀληθέστερος
3764 1679 3894 1738 Υίὸς

509 1782 581 1821 ac
602 1766 754 1822 ﬁlias
771 1765 1086 1821 daemoniis
1105 1763 1460 1820 sacriﬁcavit
1485 1782 1497 1819 :
1528 1781 1605 1820 an
1628 1765 1729 1835 qui
1750 1770 1961 1821 natura
1987 1764 2127 1819 Filiu

2277 1774 2409 1820 Θεοῦ
2444 1786 2456 1835 ;
2491 1769 2515 1819 ὁ
2547 1771 2632 1819 τὸν
2664 1772 2872 1839 μόσχον
2909 1754 3298 1840 προσκυνήσας,
3352 1770 3440 1817 καὶ
3487 1765 3734 1825 τελεσθεὶς
3765 1769 3891 1835 (50)

509 1860 614 1921 est,
644 1855 889 1927 mqualis
920 1855 980 1910 in
1010 1855 1234 1909 honore
1265 1870 1403 1909 cum
1440 1869 1509 1908 eo
1532 1853 1636 1925 qui
1668 1853 1917 1923 genuit?

2276 1863 2343 1926 τῷ
2371 1856 2677 1931 Βεελφεγῶρ,
2725 1861 2814 1907 xui
2866 1857 3030 1915 θύσας
3078 1858 3197 1915 τούς
3249 1857 3393 1915 υἱούς
3444 1856 3603 1905 αὐτοῦ
3652 1858 3742 1904 xui
3791 1873 3894 1915 τας

511 1948 793 2019 θυγατέρας
821 1953 932 2006 τοῖς
964 1941 1277 2016 δαιμονίοις,
1310 1943 1339 2001 ἢ
1372 1944 1397 1995 ὁ
1440 1946 1593 2014 φύσει
1628 1947 1745 2005 Υίός
1778 1949 1866 1995 καὶ
1899 1945 2147 2016 ὁμότιμος
2178 1953 2247 2015 τῷ
2275 1948 2646 2017 γεγεννηκότι;

579 2038 622 2106 -ι-
651 2036 772 2091 Hoc
803 2035 877 2090 de
916 2035 1041 2106 ipso
1086 2034 1327 2105 quidem
1358 2033 1539 2089 Israel
1579 2033 1813 2099 dicitur,
1857 2038 1919 2089 ut
1958 2033 2167 2090 asserit

2351 2035 2532 2105 [Τοῦτο
2748 2040 2838 2084 τοῦ
2886 2032 3028 2090 Ἰωήλ
3087 2032 3200 2103 (52)
3247 2036 3336 2103 μέν
3390 2030 3551 2100 ἐστιν,
3602 2034 3669 2093 ὡς
3710 2032 3734 2082 ὁ
3769 2032 3892 2103 (53)

508 2126 815 2197 Nyssenus
841 2141 854 2190 ;
888 2139 1096 2180 verum
1129 2122 1189 2177 in
1221 2121 1421 2177 multis
1452 2121 1888 2193 exemplaribus
1915 2137 2037 2177 non
2063 2122 2126 2177 ha

2276 2127 2493 2183 Νύσσης
2543 2122 2679 2193 λέγει
2712 2140 2724 2151 ⁸
2760 2121 2810 2173 ἐν
2858 2122 3063 2183 πολλοῖς
3126 2118 3183 2173 δὲ
3236 2130 3333 2171 τῶν
3402 2120 3726 2193 ἀντιγράφων
3778 2120 3892 2191 οὐχ

509 2212 700 2280 betur,
726 2216 854 2283 post
883 2210 1256 2284 publicatum
1284 2210 1551 2267 videlicet
1581 2210 1983 2282 Evangelium,
2016 2227 2050 2266 a
2075 2212 2098 2267 J
2110 2228 2127 2265 ι

2278 2213 2512 2285 εὕρηται,
2543 2210 2665 2283 παρ’
2721 2207 2993 2264 Ἰουδαίων
3051 2209 3313 2276 ἐκϐληθῖεν,
3382 2212 3507 2283 μετά
3555 2214 3613 2262 τὸ
3648 2210 3894 2282 Εὐαγγέ-

510 2301 657 2357 daais
678 2302 988 2374 rejectum.

816 2306 988 2357 stum.
2278 2301 2434 2376 λιον].

850 2390 999 2447 CAP.
1038 2390 1106 2444 II.
1147 2391 1233 2446 De
1270 2388 1471 2460 pueris
1504 2389 1848 2459 interfectis.

2498 2396 2643 2443 ΚΕΦ·
2678 2388 2748 2446 Β’.
2782 2394 2906 2460 Περὶ
2933 2396 3031 2441 τῶν
3060 2387 3423 2463 ἀναιρεθέντων
3453 2386 3683 2443 παίδων.

583 2483 741 2537 Vers.
778 2480 860 2535 16.
890 2480 1047 2534 Tunc
1072 2478 1328 2535 Herodes
1357 2508 1422 2517 —
1450 2478 1648 2534 valde.
1672 2478 1852 2548 Tunc,
1882 2478 2123 2550 quando
2144 2478 2171 2534 ?

2350 2483 2476 2532 Τότε
2539 2474 2778 2551 Ἡρώδης
2836 2508 2906 2518 -
2955 2477 3090 2532 λίαν.
3167 2482 3313 2544 Τότε,
3390 2479 3730 2543 πότε;Μεθὸ
3793 2477 3900 2535 ὸη-

511 2568 845 2641 Postquam
875 2567 1170 2636 videlicet,
1200 2567 1302 2639 qui
1334 2568 1473 2623 Jesu
1510 2582 1719 2622 curam
1758 2567 2075 2632 habebant,
2111 2567 2128 2621 i

2280 2566 2415 2626 λαδή
2474 2568 2694 2642 οἱπερὶ
2752 2570 2837 2618 τὸν
2912 2566 3115 2624 Ἰησοῦν
3198 2569 3383 2639 ἔφυγον
3457 2566 3527 2629 εἰς
3603 2570 3898 2637 Αἴγυπτον.

511 2659 832 2729 Egyptum
877 2657 1177 2726 fugerunt.
1225 2657 1415 2726 Usque
1466 2655 1545 2712 ad
1588 2655 1647 2710 id
1694 2655 1855 2711 enim
1891 2657 2129 2727 tempori

2284 2658 2451 2732 ’Ἄχρι
2497 2659 2598 2731 γάρ
2642 2660 2754 2709 τότε
2827 2659 2946 2727 περὶ
3014 2653 3295 2731 φροντίδας
3347 2656 3521 2730 ἐτέρας
3581 2658 3605 2707 ὁ
3655 2652 3902 2729 Ἡρώδης

514 2747 669 2803 circa
695 2762 869 2802 curas
913 2745 1061 2801 alias
1100 2750 1426 2815 occupatus
1463 2744 1575 2800 fuit
1622 2747 1876 2801 Herodes
1922 2764 1936 2801 :
1990 2761 2132 2801 uxor

2286 2745 2691 2819 ἀσχολούμενος,
2727 2741 2811 2795 οἷα
2841 2752 2934 2806 τῆς
2982 2748 3227 2815 γυναικὸς
3271 2744 3429 2797 αύτοῦ
3482 2749 3571 2796 καὶ
3622 2752 3720 2795 τῶν
3770 2750 3900 2796 παί-

512 2835 760 2908 propria
789 2850 857 2890 ac
899 2833 1033 2889 ﬁliis
1069 2832 1447 2888 molientibus
1478 2838 1685 2889 contra
1715 2850 1853 2889 eum
1877 2833 2123 2889 insidias

2286 2832 2410 2901 δων,
2476 2836 2946 2904 συσκευασαμένων
3025 2832 3302 2891 ἐπιϐουλὴν
3374 2833 3486 2885 κατ’
3544 2833 3723 2898 αὐτοῦ,
3791 2841 3901 2883 τῶν

515 2924 719 2996 sicque
751 2926 1053 2995 Magorum
1083 2921 1303 2979 oblitus
1328 2926 1472 2977 erat.
1494 2922 1556 2977 Id
1586 2927 1784 2979 autem
1808 2922 2012 2979 divina
2038 2924 2133 2979 Prt

2286 2924 2478 2993 Μάγων
2537 2921 2825 2985 ἐπελάθετο,
2860 2922 2994 2973 κατά
3050 2923 3186 2973 θείαν
3240 2926 3502 2993 πρόνοιαν,
3567 2922 3648 2973 ἵνα
3696 2918 3904 2973 διασω-

513 3012 779 3068 videntia
799 3011 1021 3068 factum
1053 3016 1158 3076 est,
1195 3016 1257 3066 ut
1277 3010 1337 3065 in
1362 3013 1617 3082 ngypto
1642 3027 1790 3083 puer
1816 3018 2131 3067 servaretui

2287 3014 2347 3085 θῇ
2392 3012 2459 3072 εἰς
2491 3012 2753 3081 Αἷγυπτον
2786 3013 2841 3061 τὸ
2894 3007 3126 3065 παιδίον.
3178 3013 3243 3062 Οἱ
3292 3014 3380 3083 μεν
3430 3007 3515 3063 οὖν
3573 3014 3767 3081 Μάγοι,
3820 3018 3902 3080 τῷ

517 3100 666 3173 Magi
694 3100 897 3172 itaque
919 3098 1132 3169 angelo
1155 3098 1490 3155 obedientes
1506 3100 1731 3155 reversi
1752 3103 1888 3155 sunt
1912 3120 1923 3158 :
1952 3100 2056 3155 sed
2077 3100 2135 3156 hi

2286 3100 2485 3173 ἀγγέλῳ
2548 3101 2859 3169 πεισθέντες,
2932 3098 3317 3174 ἀνεχώρησαν·
3351 3100 3502 3162 οὗτος
3576 3096 3635 3152 δὲ
3706 3098 3899 3151 ύπελα-

517 3186 773 3244 illusisse
804 3187 920 3244 sibi
948 3187 1212 3252 credidit,
1245 3187 1390 3259 quia
1418 3203 1541 3244 non
1562 3187 1993 3254 indicaverant,
2028 3189 2135 3245 εἱσι

2287 3188 2389 3253 ϐεν,
2449 3191 2528 3240 ὅτι
2579 3187 2843 3249 ἐνέπαιξαν
2893 3188 3053 3257 αύτῷ,
3104 3194 3174 3260 μή
3237 3192 3577 3260 μηνύσαντες,
3635 3193 3703 3249 ὡς
3765 3190 3904 3241 ons-

516 3278 934 3350 promiserant.
986 3276 1257 3349 Oportuit
1307 3280 1510 3331 autem
1543 3292 1663 3331 non
1711 3276 1906 3342 irasci,
1958 3278 2063 3332 sed
2113 3281 2133 3331 t

2291 3295 2505 3346 σχοντο.
2568 3272 2714 3328 Ἔδει
2774 3273 2832 3329 δὲ
2896 3281 2967 3349 μὴ
3041 3279 3366 3349 θνμωθῆναι,
3426 3276 3552 3330 ἀλλά
3603 3276 3905 3349 φοϐηθῆναι

517 3382 681 3422 mere
727 3368 783 3421 et
821 3364 1097 3435 cegitare,
1129 3362 1295 3436 quod
1325 3362 1549 3418 frustra
1590 3363 1962 3432 diligentiam
2013 3363 2133 3419 adh

2290 3370 2376 3417 xui
2408 3362 2659 3433 συνιδεῖν,
2709 3366 2787 3417 ὅτι
2832 3367 3003 3437 μάτην
3056 3364 3291 3421 σπεύδει.
3347 3372 3446 3421 Καὶ
3496 3369 3593 3441 γὰρ
3636 3372 3725 3418 xui
3773 3371 3908 3439 πρὸ·

517 3455 694 3509 beret.
741 3452 971 3508 Etenim
1021 3452 1187 3523 prius
1236 3467 1479 3523 quoque
1528 3452 1800 3508 audierat
1842 3469 1853 3507 :
1911 3469 1947 3508 a
1991 3452 2135 3522 Magi

2289 3474 2429 3529 τερον
2488 3458 2680 3513 ἤκουσε
2732 3458 2874 3529 παρά
2926 3458 3014 3524 μὲν
3060 3464 3157 3507 τῶν
3209 3459 3420 3527 Μάγων,
3463 3458 3541 3508 ὅτι
3595 3454 3762 3531 ἀστὴρ
3809 3459 3907 3507 τὸν

518 3541 785 3615 quidem,
818 3541 981 3613 quod
1009 3539 1175 3595 stella
1226 3545 1436 3594 natum
1477 3555 1615 3595 eum
1654 3541 2051 3609 signiﬁcasset
2081 3556 2093 3595 :

2288 3546 2593 3616 γεννηθέντα
2649 3548 2911 3615 μεμήνυκε
2954 3562 2965 3573 ·
3000 3547 3143 3617 παρά
3201 3542 3259 3596 δὲ
3308 3553 3407 3596 τῶν
3468 3543 3753 3620 ἀρχιερέων
3808 3550 3906 3598 καὶ

520 3630 896 3703 pontiﬁcibus
927 3634 1125 3685 autem
1159 3632 1215 3684 et
1263 3626 1487 3698 scribis,
1539 3630 1703 3701 quod
1754 3630 2055 3701 propheta:
2107 3630 2138 3685 d

2294 3637 2659 3705 Γραμματέων,
2713 3633 2793 3683 ὅτι
2850 3641 3116 3706 προφῇται
3189 3638 3305 3707 περὶ
3383 3633 3542 3686 αὐτοῦ
3610 3639 3912 3705 προανεφὼ-

522 3719 623 3775 illo
649 3717 1068 3791 praadixerant.
1110 3717 1239 3788 Ipse
1272 3723 1474 3771 tamen
1502 3716 1764 3775 maxime
1814 3718 2140 3775 insanieba‘

2290 3740 2453 3780 νησαν
2485 3740 2494 3750 ·
2526 3722 2551 3773 ὁ
2584 3717 2641 3773 δὲ
2673 3720 2906 3793 μάλιστα
2958 3727 3213 3794 μαίνεται,
3269 3726 3355 3775 ἵνα
3409 3720 3602 3795 δειχθῇ
3656 3722 3817 3775 τέλεον
3867 3726 3905 3780 ἠ

524 3812 585 3863 ut
657 3805 903 3862 tandem
955 3804 1084 3875 ejus
1160 3804 1573 3862 ostenderetur
1645 3806 1875 3863 malitia
1936 3824 2006 3864 ac
2084 3807 2142 3863 de

1396 3809 1573 3862 aretur
1645 3806 1875 3863 malitia
1936 3824 2006 3864 ac
2084 3807 2182 3863 de-
2291 3814 2516 3884 πονηρία
2545 3814 2633 3863 xui
2660 3811 2811 3863 οἶνοια
2838 3810 3014 3866 αὑτοῦ.

523 3894 769 3952 mentia.

594 3984 761 4040 Vers.
795 3982 882 4037 16.
914 3982 993 4038 Et
1019 4013 1086 4022 —
1115 3998 1151 4039 a
1180 3982 1380 4053 Magis.
1412 3983 1553 4039 Hinc
1585 3982 1717 4039 ausi
1757 3990 1894 4041 sunt
1933 3986 2184 4058 quidam

2366 3989 2467 4037 Kui
2518 4016 2587 4025 —
2642 3987 2785 4057 ποιρά
2842 3993 2939 4037 τῶν
3018 3988 3233 4058 Μάγων.
3297 3986 3553 4040 Ἐντεῦθεν
3608 3989 3910 4061 ὁρμώμενοί

522 4073 739 4137 dicere,
763 4070 1053 4128 Christum
1088 4070 1273 4128 fuisse
1304 4071 1563 4128 duorum
1599 4088 1915 4141 annorum,
1936 4075 2140 4146 quand

2294 4094 2422 4135 τινες
2471 4071 2629 4142 εἶπον,
2682 4072 2778 4127 δύο
2829 4074 3072 4127 ἐνιαυτῶν
3132 4083 3258 4128 εἶναι
3318 4080 3405 4128 τὸν
3450 4081 3698 4150 Χριστὸν,
3770 4079 3912 4135 ὁπη-

525 4179 560 4218 a
587 4161 768 4231 Magis
791 4160 1073 4217 adoratus
1104 4165 1205 4227 est,
1237 4164 1293 4216 et
1320 4159 1551 4216 stellam
1576 4166 1839 4233 tempore
1866 4164 2143 4220 nativitati

2292 4168 2411 4215 νίκα
2460 4165 2557 4215 ὑπὸ
2622 4172 2718 4215 τῶν
2774 4165 2967 4235 Μάγων
3050 4167 3439 4237 προσεκυνήθη.
3512 4172 3735 4224 Φανῆναι
3807 4170 3909 4238 μὲν

523 4251 651 4323 ejus
683 4249 1010 4323 aparuisse,
1043 4248 1317 4320 duosque
1341 4264 1531 4305 annos
1561 4250 1621 4305 in
1646 4250 1854 4307 itinere
1874 4251 2141 4323 Magorui

2295 4254 2394 4327 γάρ
2426 4256 2510 4304 τὸν
2543 4251 2736 4324 ἀστέρα
2779 4253 2886 4324 οἶμα
2929 4261 2989 4325 τῇ
3037 4260 3273 4324 γεννήσει
3318 4254 3499 4321 αὐτοῦ,
3545 4261 3660 4315 τούς
3712 4251 3809 4307 δύο
3842 4252 3913 4309 δὲ

524 4342 918 4410 consumptos
976 4352 1129 4393 esse.
1183 4338 1634 4409 Chrysostomus
1682 4355 1824 4396 vero
1886 4340 2142 4396 silentiur

2295 4340 2553 4402 ἐνιαυτοὺς
2611 4340 2935 4400 ἀναλωθῆναι
2973 4345 3109 4395 κατά
3158 4348 3250 4402 τήν
3299 4353 3399 4395 τῶν
3454 4346 3645 4415 Μάγων
3691 4341 3913 4398 ὁδοιπο-

522 4427 779 4498 imponit
805 4427 934 4483 haec
969 4425 1391 4482 astruentibus.
1446 4427 1759 4493 Quomodo
1795 4429 1953 4485 enim
1988 4430 2139 4485 veris

2297 4432 2431 4500 ρίαν.
2498 4429 2555 4481 Ὀ
2633 4427 2691 4482 δὲ
2758 4436 3131 4505 Χρυσόστομος
3391 4434 3719 4506 ἐπιστομίζει
3784 4439 3915 4497 τούς

522 4514 662 4571 mile
704 4518 880 4582 esset,
912 4514 987 4570 ad
1020 4514 1280 4570 duorum
1306 4519 1544 4587 tempus
1585 4531 1881 4573 annorum
1920 4518 2050 4574 illos
2080 4518 2140 4574 ite

2300 4517 2707 4590 ούτωλέγοντας.
2764 4527 2873 4580 Πῶς
2922 4523 3019 4595 γὰρ
3056 4518 3115 4579 ἦν
3162 4522 3310 4587 εἰκὸς,
3362 4520 3507 4583 διετῆ
3565 4528 3755 4598 χρόνον
3815 4524 3918 4575 αῖ)-

522 4602 753 4669 fecisse,
787 4602 1021 4659 etiamsi
1049 4618 1156 4674 per
1179 4609 1381 4672 gentes
1406 4603 1660 4676 locaque
1691 4610 1970 4663 extranea
1998 4607 2140 4663 veni:

2295 4611 2411 4667 τούς
2467 4604 2680 4672 ὁδεύειν,
2731 4608 2773 4660 εἱ
2816 4614 2904 4661 καὶ
2950 4605 3024 4662 δι’
3075 4610 3229 4663 ἐθνῶν
3277 4616 3364 4663 καὶ
3407 4616 3573 4665 τόπων
3625 4611 3913 4670 ἀσυνήθων

524 4691 704 4748 sent?
743 4693 872 4757 Qua
910 4690 1091 4747 etiam
1130 4706 1328 4756 causa,
1370 4692 1472 4764 qui
1515 4693 1722 4749 Christi
1763 4711 1969 4751 curam
2004 4694 2142 4751 habt

2295 4693 2539 4758 ἐϐάδιζον
2574 4702 2756 4766 ;Τίνος
2804 4696 2862 4750 δὲ
2906 4703 2995 4751 καὶ
3048 4702 3210 4772 χάριν
3264 4703 3313 4753 οἱ
3366 4707 3484 4775 περὶ
3532 4705 3618 4754 τὸν
3667 4706 3911 4774 Χριστὸν

522 4779 691 4845 bant,
717 4779 953 4835 duobus
971 4780 1142 4836 annis
1159 4779 1220 4835 in
1254 4780 1545 4836 Bethleem
1568 4783 2031 4853 permansissent
2052 4800 2140 4856 po:

2296 4782 2392 4839 δύο
2455 4786 2723 4849 ἐνιαυτούς
2776 4787 2976 4859 ἔμελλον
3057 4785 3295 4861 ἐνδημεῖν
3360 4800 3421 4863 τῇ
3480 4790 3724 4861 Βηθλεὲμ,
3772 4795 3912 4863 μετὰ

524 4885 797 4935 censum,
825 4869 997 4939 cujus
1023 4868 1213 4940 gratia
1242 4883 1312 4924 eo
1343 4875 1621 4927 venerant
1648 4871 1674 4928 ?
1705 4872 1818 4927 Sed
1845 4872 1986 4929 dicit
2018 4878 2142 4929 tant

2294 4880 2387 4933 τὴν
2432 4875 2762 4949 ἀπογραφὴν,
2794 4878 2857 4938 ἧς
2901 4879 3063 4949 χάριν
3114 4878 3267 4936 ἦλθον
3301 4879 3447 4948 ἐκεῖς
3488 4880 3637 4932 Ἀλλά
3679 4888 3912 4952 φανῆναι

523 4962 783 5033 tempore
813 4957 1047 5015 stellam
1072 4961 1248 5015 antea
1275 4960 1645 5030 apparuisse,
1679 4965 1906 5034 quanto
1937 4978 2141 5034 posset

2295 4967 2383 5038 μὲν
2419 4968 2505 5018 τὸν
2554 4967 2749 5037 άστέρα
2799 4970 2898 5042 πρὸ
2941 4966 3052 5036 (55)
3114 4972 3332 5043 χρόνου,
3396 4966 3468 5023 δι’
3516 4972 3640 5023 ὅσον
3700 4969 3911 5042 ἔμελλον

609 5138 654 5173 ¹ο³
684 5136 830 5194 Gen.
869 5150 1026 5202 XLIX,
1057 5135 1111 5202 7,
1190 5134 1239 5170 “
1272 5135 1393 5192 Gen
1424 5151 1605 5207 xxvu,
1641 5138 1730 5194 29.

1730 5262 1955 5330 Varia;
1982 5262 2315 5333 lectiones
2357 5273 2422 5333 et
2450 5274 2657 5334 notae.

598 5456 708 5531 (50)
741 5455 1023 5536 Chrys-.£-
1059 5453 1429 5536 ylams-
1486 5457 1553 5536 ᾼο
1703 5456 1989 5536 samem
2020 5458 2191 5513 nieo-

1115 5453 1194 5536 ΙῙἐ
1212 5455 1429 5536 Ρζθίξὸ.
1703 5456 1989 5536 Βεελφεγὼρ
2020 5458 2191 5513 τελού-
2298 5459 2479 5536 idest
2505 5461 2733 5536 Ἰσραήλ.

522 5526 699 5608 gaios,
720 5534 776 5608 et
812 5526 873 5608 ρζ
908 5526 1029 5608 162.
1057 5527 1122 5581 D.
1155 5533 1237 5598 Τῷ
1263 5526 1551 5608 Ιξεελφεγωρ
1582 5526 1969 5608 grauedo-0b.;

1582 5526 1969 5608 ᾇτεὶέσθηὶτάνᾙ
2371 5533 2487 5608 (ξε)
2523 5526 2841 5608 giegorius
2868 5532 3197 5608 Nyssenus.

594 5548 691 5593 νος,
720 5535 776 5584 et
812 5543 873 5599 p.
908 5535 1029 5583 162.
1057 5535 1122 5581 υ.
1155 5535 1237 5598 Τῷ
1264 5535 1551 5601 Βεελφεγὼρ
1582 5535 1945 5587 ἐτελέσθησαν.
2396 5537 2459 5587 53
2527 5535 2841 5603 Gregorius
2868 5535 3198 5605 Nyssenus.

620 5600 707 5669 51)
735 5598 971 5655 Inclusa
990 5597 1060 5680 in
1112 5597 1385 5668 margine
1420 5598 1604 5680 habet
1630 5601 1696 5654 A.
1875 5672 1885 5682 _
2370 5535 2487 5749 i542
2522 5606 2686 5660 Tom.
2724 5604 2831 5667 Vll,
2862 5621 3001 5677 pag.
3031 5607 3154 5673 108,
3183 5610 3248 5662 A.

594 5600 709 5747 252)
760 5672 1082 5729 Hentemus
1120 5684 1230 5743 pro
1280 5667 1447 5739 Ἰωήλ,
1498 5670 1727 5730 Videtur
1772 5670 2008 5747 legisse,
2056 5672 2182 5742 Ἰήλ,
2366 5676 2455 5749 (55
2520 5675 2716 5730 Πολλοῦ
2780 5676 2946 5734 addit
2998 5677 3039 5734 l.
3084 5677 3125 5735 l.
3182 5679 3465 5749 Chrysost
3516 5682 3684 5738 Forte
3719 5684 3773 5736 τό

619 5667 709 5746 52)
760 5670 1082 5729 Hentenius
1120 5667 1447 5743 ΡτοίΊωήλ,
1498 5670 1727 5730 videtur
1772 5670 2008 5747 legisse,
2056 5672 2182 5742 Ἰήλ,

2366 5667 2479 5749 (55)
2520 5675 2716 5730 Πολλοῦ
2780 5667 2977 5734 addit“
2998 5677 3039 5734 l.
3084 5667 3151 5735 1..
3182 5679 3465 5752 Chrysost
3516 5682 3684 5738 Forte
3719 5684 3909 5743 τόσου.
