4098 6408
243 402 338 461 153

246 530 523 595 ὁδεύοντες
586 536 820 607 φθάσαι,

250 641 299 673 τι
344 632 419 692 τῷ
472 630 733 696 Χριστῷ.
788 628 883 678 Διὰ
922 633 1076 678 τοῦτο
1132 628 1233 700 γὰρ
1284 622 1560 697 προέλαϐεν
1608 625 1633 675 6
1700 621 1890 695 ἀστὴρ,

260 715 338 762 ἱνα
376 714 688 783 φθάσαντες
734 714 954 788 εὑρωσιν
1010 714 1161 766 αὐτὸν
1212 713 1260 765 ἐν
1329 715 1667 787 σπαργάνοις.
1725 718 1890 764 Τούτο

260 804 355 874 γὰρ
402 798 466 858 ἦν
509 805 574 853 τὸ
610 800 941 875 παράδοξον,
992 802 1153 856 ’Ὥστε
1182 799 1400 869 ἄδηλον,
1435 805 1534 855 ε’ίτε
1573 801 1719 853 οὗτοι
1778 802 1881 873 πρὸ

263 898 357 941 τῶν
407 895 702 962 ποιμένων,
778 895 878 944 εἴτε
935 895 1034 966 πρὸ
1104 893 1298 942 τούτων
1352 893 1401 942 οἱ
1456 894 1692 961 ποιμένες
1753 885 1890 941 εἶδον

269 985 347 1032 τὸν
397 984 661 1054 Χριστὸν.
715 980 991 1056 Ὀπὸτερον
1060 983 1160 1055 γὰρ
1225 982 1287 1032 οἶν
1342 982 1525 1045 εἴποις,
1588 974 1888 1038 ἀκινδύνως

266 1089 416 1141 ερεις.

346 1159 403 1212 Εἰ
441 1155 502 1211 δὲ
552 1157 657 1211 ἀπὸ
705 1155 911 1222 διετοῦς
959 1163 1049 1211 καὶ
1107 1161 1378 1232 κατωτέρω
1430 1162 1548 1219 τοὺς
1605 1154 1803 1219 παὶδας
1860 1160 1884 1209 6

262 1240 512 1319 Ἠρωδης
571 1246 794 1321 ἀναιρεῖ,
853 1252 925 1321 μὴ
1001 1249 1298 1320 θαυμάσῃς.
1367 1247 1694 1300 ’Υπώπτευσε
1758 1250 1881 1322 γὰρ,

264 1342 335 1408 μή
396 1336 547 1396 εὐθὺς
614 1339 869 1411 ὁραθῆναι
921 1340 1007 1389 τὸν
1062 1339 1260 1410 ἀστέρα
1316 1338 1425 1398 τοῖς
1484 1339 1708 1408 Μάγοις,
1772 1328 1883 1388 ἀλλ’

266 1425 394 1485 ἴσως
438 1424 745 1497 προλαϐεῖν,
804 1431 893 1479 καὶ
953 1422 1044 1479 διὰ
1110 1432 1281 1491 τοῦτο,
1357 1424 1643 1497 ἀσφαλείας
1698 1426 1880 1494 ἕνεκεν,

266 1514 517 1567 ἐπλάτυνέ
571 1535 625 1567 τε
667 1520 755 1567 τὸν
812 1519 1012 1589 καιρὸν,
1066 1520 1155 1567 καὶ
1214 1518 1376 1589 μέχρι
1430 1522 1527 1567 τῶν
1584 1516 1737 1588 ὁρίων
1791 1522 1882 1574 τῆς

268 1604 500 1675 Βηθλεὲμ.
544 1608 632 1656 τὸν
696 1608 845 1675 φόνον
898 1603 1122 1668 ἐξέτεινε,
1182 1605 1264 1655 ἱνα
1318 1602 1603 1675 συγκλείσῃ
1680 1623 1880 1655 παντα-

264 1695 425 1763 χὸθεν
466 1697 525 1744 τὸ
567 1695 799 1765 θήραμα,
852 1698 942 1745 καὶ
996 1702 1065 1763 τῷ
1116 1692 1296 1751 πλήθει
1350 1702 1451 1745 τῶν
1500 1692 1879 1766 ἀναιρουμένων

274 1781 527 1853 συνανέλῃ
596 1786 686 1833 καὶ
755 1801 841 1833 τον
898 1784 1146 1855 Χριστὸν.
1201 1786 1301 1834 Καὶ
1350 1785 1467 1841 τοὺς
1527 1785 1615 1852 μὲν
1693 1777 1881 1842 διετεῖς

1275 407 1643 467 COMMENT.
1687 408 1759 462 IN
1794 408 2234 464 MATTHXEUM.
2275 439 2343 449 -—
2383 408 2538 465 CAP.
2569 405 2638 462 ΙῙ.

906 540 999 590 καὶ
1048 536 1327 595 ἐπιστῆναι
1384 535 1577 587 αὐτίκα
1626 536 1881 606 γεννηθέν·

2002 534 2083 590 illi
2128 533 2467 605 gradientes
2507 530 2818 606 pervenire
2851 548 2864 586 :
2900 532 3219 601 statimque
3248 526 3387 583 nato
3418 522 3650 581 Christo

3549 394 3650 452 154

2002 624 2285 681 adfuisse.
2308 623 2555 694 Propter
2566 622 2682 677 hoc
2694 620 2854 676 enim
2870 618 3039 675 stella
3054 623 3289 688 tempus
3304 609 3651 684 anticipavit

2002 713 2537 784 utpraavenientes,
2564 712 2625 766 in
2655 710 2850 766 fasciis
2898 724 3037 763 eum
3089 706 3441 762 invenirent.
3499 703 3649 755 Nam

2000 802 2129 857 haec
2182 816 2278 857 res
2336 806 2460 856 erat
2508 800 2683 871 plena
2761 797 3046 870 mysterii.
3104 797 3393 851 Incertum
3450 790 3647 861 igitur,

1998 891 2344 946 venerintne
2401 889 2461 944 hi
2515 893 2649 945 ante
2700 892 2991 961 pastores,
3041 901 3119 941 an
3178 886 3445 954 pastores
3513 881 3649 934 ante

1997 979 2166 1052 ipsos
2197 996 2208 1034 :
2244 978 2533 1034 utrumvis
2571 976 2727 1033 enim
2758 976 2996 1040 dixeris,
3032 988 3236 1029 secure
3265 970 3461 1027 dicere
3487 971 3648 1040 pote-

1996 1069 2098 1125 ris.

2069 1156 2242 1223 Quod
2268 1156 2314 1212 si
2346 1172 2377 1212 a
2398 1155 2627 1212 bimatu
2652 1158 2709 1211 et
2732 1154 2885 1210 infra
2910 1151 3090 1224 jussit
3128 1148 3389 1206 Herodes
3432 1160 3651 1219 pueros

1994 1245 2274 1311 interimi,
2306 1260 2381 1300 ne
2412 1243 2672 1299 mireris:
2703 1242 3124 1314 suspicabatur
3151 1239 3333 1303 enim,
3368 1251 3492 1293 non
3530 1241 3650 1290 sta-

1993 1336 2097 1391 tim
2113 1334 2465 1407 apparuisse
2488 1333 2668 1405 Magis
2697 1332 2950 1398 stellam,
2968 1330 3072 1386 sed
3096 1327 3365 1385 fortassis
3392 1339 3650 1397 puerum

1993 1427 2129 1480 ante
2142 1424 2271 1493 ejus
2283 1421 2714 1495 apparitionem
2727 1424 2935 1475 natum
2948 1418 3149 1474 fuisse.
3170 1416 3304 1471 ldeo
3318 1413 3650 1469 securitatis

1991 1527 2168 1568 causa
2186 1515 2417 1583 tempus
2430 1509 2800 1581 anticipavit,
2813 1512 2871 1564 et
2892 1521 3082 1579 usque
3099 1505 3178 1562 ad
3192 1504 3336 1559 ﬁnes
3352 1501 3648 1558 Bethleem

1991 1600 2221 1656 caedem
2284 1599 2564 1665 extendit,
2618 1602 2681 1653 ut
2731 1597 3015 1669 undique,
3073 1594 3230 1666 quod
3295 1591 3646 1653 venabatur,

1992 1689 2386 1754 concluderet,
2417 1695 2472 1744 et
2495 1703 2614 1743 una
2640 1703 2776 1742 cum
2797 1685 3242 1741 interfectorum
3269 1678 3648 1737 multitudine

1991 1779 2171 1834 etiam
2196 1777 2496 1833 Christum
2536 1776 2909 1831 interﬁceret.
2939 1774 3054 1828 Eos
3082 1786 3245 1841 ergo,
3293 1770 3400 1842 qui
3440 1766 3650 1823 bimuli

272 1870 492 1943 ἀναιρεῖ,
548 1873 632 1921 ἵνα
662 1872 760 1943 ἔχῃ
816 1870 1009 1932 πλάτος
1061 1872 1086 1921 6
1116 1875 1330 1943 χρόνος,
1376 1872 1543 1929 καθὼς
1582 1870 1874 1941 εἰρήκαμεν·

1994 1872 2176 1932 erant,
2219 1866 2453 1929 occidit,
2501 1870 2565 1919 ut
2590 1870 2829 1935 tempus
2869 1861 3324 1933 ampliationem
3380 1857 3643 1921 haberet,

270 1964 390 2019 τοὺς
441 1964 715 2032 κατωτέρω
775 1955 834 2011 δε
902 1962 1116 2031 φονεύει,
1184 1961 1316 2011 κατά
1371 1962 1459 2009 τὸν
1525 1964 1739 2031 χρόνον,
1826 1960 1878 2010 ὃν

266 2047 540 2121 ἠκρίϐωσε
592 2050 737 2119 παρὰ
774 2067 875 2099 των
921 2050 1141 2119 Μάγων.
1196 2047 1357 2099 ’Ὥστε
1409 2052 1498 2099 καὶ
1547 2051 1635 2098 τὸν
1664 2051 1877 2121 χρόνον,

261 2139 318 2188 ὃν
378 2138 537 2208 ἔμαθε
586 2140 730 2208 ποιρά
786 2145 885 2187 τῶν
944 2139 1157 2208 Μάγων,
1233 2135 1474 2210 ἐτήρησε,
1551 2141 1641 2187 καὶ
1688 2136 1881 2196 πλάτος

261 2228 437 2297 ἕτερον
502 2225 655 2286 αὐτὸς
696 2227 1010 2297 προσέθηκε.
1064 2228 1257 2277 Λοιπὸν
1315 2220 1402 2276 οὖν
1452 2228 1534 2289 τὸ,
1597 2227 1743 2277 Κατὰ
1793 2229 1879 2276 τὸν

262 2318 484 2385 χρόνον,
559 2315 613 2365 ὅν
675 2312 940 2386 ἠκρίϐωσε
990 2315 1131 2386 παρὰ
1186 2321 1286 2365 τῶν
1338 2314 1554 2383 Μάγων,
1613 2318 1683 2385 μὴ
1752 2316 1880 2386 πρὸς

258 2409 320 2453 τὸ
380 2401 482 2453 ἀπὸ
525 2400 733 2464 διετοῦς
805 2407 1022 2474 νοήσῃς,
1104 2401 1231 2453 ἀλλά
1296 2405 1427 2473 πρὸς
1494 2405 1553 2453 τὸ
1610 2407 1881 2477 κατωτέρω

262 2492 546 2552 σύνταξον.
594 2496 705 2563 Χρή
764 2494 864 2564 γὰρ
924 2494 1054 2562 μετά
1102 2496 1160 2542 τὸ
1234 2489 1334 2542 ἀπὸ
1409 2488 1610 2551 διετοῦς
1665 2491 1878 2561 στίζειν,

262 2582 381 2632 εἶτα
422 2583 481 2631 τό
542 2579 658 2641 ἑξῆς
701 2579 813 2631 ὃλον
867 2578 1255 2650 ἀναγινώσκειν.
1305 2579 1365 2632 Εἰ
1408 2582 1532 2653 γὰρ,
1585 2581 1653 2641 ὥς
1700 2599 1878 2651 φασιν,

263 2670 427 2739 ἔμαθε
482 2670 628 2743 παρά
674 2676 774 2719 τῶν
824 2670 1017 2738 Μάγων
1074 2664 1219 2726 διετῆ
1280 2667 1618 2741 πληρωθῆναι
1667 2672 1877 2742 χρόνον,

266 2758 367 2810 οὐκ
397 2759 461 2809 ἄν
489 2756 650 2810 ἀνεῖλε
674 2761 794 2819 τούς
832 2762 1126 2829 κατωτέρω.

340 3018 631 3089 Ἀποροῡσι
666 3013 727 3069 δέ
763 3036 915 3086 τινες,
959 3013 1126 3077 διατί,
1175 3023 1267 3068 τοῦ
1318 3023 1552 3087 Χριστοῦ
1606 3012 1875 3087 φυγαδευ-

270 3110 468 3169 θέντος,
520 3108 891 3177 περιῶφθησαν
944 3107 991 3157 οἱ
1056 3101 1244 3165 παῖδες
1301 3101 1500 3165 ἀδίκως
1558 3104 1667 3156 ἀντ’
1716 3105 1875 3157 αὐτοῦ

266 3199 776 3266 κατασφαττὸριενοι.
846 3198 982 3268 Πρὸς
1057 3194 1140 3255 οὖς
1207 3194 1441 3267 λέγομεν,
1526 3193 1607 3247 ὃτι
1699 3193 1876 3246 πολλοί

267 3290 362 3355 μὲν
394 3287 445 3335 οἱ
474 3280 797 3353 ἀδικοῦντες,
830 3280 1003 3343 οὐδεὶς
1052 3280 1111 3336 δε
1141 3285 1166 3334 6
1226 3280 1585 3356 ἀδικούμενος·
1633 3290 1734 3343 Πᾶς
1777 3286 1874 3354 γὰρ

270 3372 582 3426 ἀδικεῖσθαι
630 3370 819 3437 δοκῶν,
852 3374 881 3431 ἦ
932 3369 1027 3425 διὰ
1072 3372 1221 3424 λύσιν
1252 3377 1450 3425 οἰκείων
1487 3372 1876 3445 ἁμαρτημάτων

266 3466 479 3534 πάσχει
522 3471 713 3527 κακῶς,
764 3467 854 3513 καὶ
906 3462 999 3513 οὐκ
1050 3459 1330 3527 ἀδικεῖται,
1383 3462 1425 3514 εἰ
1481 3466 1550 3534 μὴ
1603 3466 1693 3513 καὶ
1744 3462 1875 3533 μᾶλ-

263 3554 355 3605 λον
420 3552 782 3623 εύεργετείται·
858 3556 889 3609 ἣ
969 3548 1044 3602 δι’
1114 3549 1351 3624 ἀφορμὴν
1434 3552 1715 3621 στεφάνων,
1789 3554 1877 3601 καὶ

265 3646 465 3713 ὁμοίως
522 3640 873 3711 εύεργετεῖται,

263 3736 381 3782 νίαν
433 3729 731 3781 ἀνάπαυσιν
777 3727 1251 3801 ἀντικομιζόμενος.
1310 3733 1408 3781 Καὶ
1468 3730 1494 3780 6
1540 3731 1630 3800 μὲν
1679 3724 1876 3780 ἀδικῶν

1735 3817 1876 3869 Ἐπεὶ

952 3644 1276 3714 προσκαίρου
1337 3641 1687 3701 κακοπαθείας
1752 3639 1878 3691 αἰω-

268 3815 472 3871 010‘qu-
526 3819 552 3869 6
604 3814 662 3869 δε
713 3825 883 3878 κακῶς
936 3820 1162 3888 πάσχων
1215 3816 1309 3869 ούκ
1366 3814 1655 3872 ἀδικεῖται.

266 3914 444 3959 τοίνυν
470 3908 519 3958 οἱ
566 3902 753 3967 παῖδες
799 3907 943 3958 οὗτοι
991 3902 1082 3958 διά
1125 3905 1275 3957 λύσιν
1323 3906 1521 3958 οἰκείων
1562 3905 1877 3979 ἁμαρτημά-

265 4016 370 4047 των
415 3996 513 4047 οὐκ
563 3993 910 4069 ἀνῃρέθησαν,
945 3990 1229 4069 πρόδηλον,
1264 3996 1341 4047 ὅτι
1390 3991 1461 4046 δι’
1496 3993 1731 4068 ἀφορμὴν
1767 4013 1878 4046 στε-

268 4087 441 4156 pium?
482 4086 790 4152 πεπόνθασι,
823 4088 913 4135 καὶ
967 4083 1062 4135 οὐκ
1111 4080 1472 4142 ἠδικήθησαν.
1511 4082 1662 4145 Ἴσως
1704 4079 1762 4135 δε
1789 4087 1878 4134 καὶ

271 4170 391 4225 οὐδ’
442 4172 643 4244 ἔμελλον
684 4170 941 4230 ἀποϐῆναι
989 4177 1250 4247 χρηστοί.
1314 4173 1372 4225 Εἰ
1400 4174 1501 4246 γὰρ
1550 4175 1671 4234 τούς
1703 4171 1877 4245 ἀμαρ-

268 4263 522 4322 τάνοντας
574 4261 667 4312 ούκ
720 4261 953 4314 ἐκκόπτει
1021 4260 1267 4322 πολλάκις
1328 4260 1427 4314 ἀπὸ
1484 4269 1573 4321 τῆς
1636 4265 1773 4324 ζωῆς
1853 4263 1877 4312 6

267 4353 420 4415 Θεὸς,
508 4354 763 4420 ἀναμένων
843 4354 937 4408 τὴν
1043 4349 1357 4425 ἕπίστροφὴν
1440 4350 1631 4418 αύτῶν,

267 4438 468 4510 μᾶλλον
516 4437 610 4489 οὐκ
652 4437 711 4489 ἂν
758 4438 1103 4510 ἐριξοτόμησε
1164 4442 1284 4499 τούς
1345 4438 1617 4510 μέλλοντας
1668 4441 1878 4491 ἔσεσθαι

268 4527 536 4599 μεγάλους
567 4526 637 4587 εἰς
684 4525 893 4601 ἀρετὴν,
936 4527 1047 4579 Ούκ
1095 4534 1164 4589 είς
1200 4530 1404 4599 μακρὰν
1457 4524 1515 4579 δε
1545 4532 1633 4579 καὶ
1684 4529 1710 4579 6
1762 4548 1879 4579 παι-

508 4354 763 4420 ἀναμένων
843 4354 937 4408 τὴν
1043 4349 1357 4420 ἕπίστροφὴν
1440 4350 1631 4418 αύτῶν,
1708 4349 1878 4420 πολλῷ

272 4613 525 4677 δοκτὸνος
574 4612 808 4690 Ἠρωδης
861 4613 1017 4673 δίκην
1070 4595 1231 4669 ἔδωκε
1260 4595 1355 4677 της
1396 4618 1642 4678 τοιαύτης
1671 4636 1878 4689 μιαιφο-
1915 4595 1958 4650 D

268 4710 407 4769 νίας,
468 4712 639 4778 πικρῷ
868 4706 1073 4777 θανάτῳ
1124 4704 1420 4765 καταλύσας
1469 4708 1556 4757 τὸν
1611 4704 1747 4777 βίον,
1820 4708 1879 4765 ὡς

266 4794 533 4854 Ἰώσηπος
556 4792 777 4865 ἱστορεῖ.

337 5075 422 5123 ἁτε
493 5069 770 5143 ἐπληρώθη
850 5098 920 5109 -
982 5068 1074 5120 ούκ
1151 5069 1301 5124 εἰσίν.
1358 5068 1517 5122 Ἔνθα
1568 5074 1746 5141 φησιν,
1800 5069 1880 5122 ὃτι

265 5158 404 5213 Τότε
464 5158 744 5231 ἐπληρώθη
798 5159 859 5209 τὸ
907 5158 1083 5231 ῥηθὲν,
1132 5153 1417 5224 δείκνυσιν,
1468 5158 1549 5210 ὃτι
1608 5167 1762 5211 τοῦτο
1798 5163 1879 5230 γέ-

258 5269 393 5320 γονε,
454 5244 768 5321 προειδότος
839 5253 929 5298 τοῦ
981 5252 1136 5313 Θεοῦ,
1197 5251 1288 5299 καὶ
1347 5252 1881 5320 προαναφωνήσαντος

257 5340 382 5392 αὐτὸ
444 5334 541 5391 διὰ
591 5344 686 5390 τοῦ
754 5339 1162 5407 προφήτου,-καὶ
1236 5341 1687 5410 συγχωρήσαντος
1747 5341 1881 5409 γενέ-

1990 1956 2140 2012 sicut
2164 1954 2547 2028 praediximus
2578 1970 2591 2019 ;
2625 1952 2757 2008 illos
2794 1967 2952 2016 vero,
3002 1950 3107 2023 qui
3175 1948 3425 2004 minoris
3479 1948 3651 2001 erant

1990 2046 2199 2111 astatis,
2220 2044 2553 2100 secundum
2569 2046 2807 2114 tempus
2824 2041 2990 2114 quod
3004 2038 3367 2111 exquisierat
3387 2052 3421 2091 a
3445 2034 3645 2103 Magis.

1988 2138 2191 2207 Itaque
2212 2138 2538 2205 ettempus,
2565 2133 2779 2206 quoda
2800 2130 2986 2200 Magis
3008 2130 3228 2194 didicit,
3273 2122 3607 2183 observavit
3630 2144 3642 2178 :

1990 2228 2047 2281 et
2088 2224 2462 2279 latitudinem
2498 2223 2748 2279 alteram
2784 2221 2911 2291 ipse
2945 2219 3177 2290 adjecit.
3222 2219 3423 2273 Restat
3449 2213 3649 2284 igitur,

1991 2318 2057 2370 ut
2085 2313 2271 2369 verba
2291 2312 2421 2368 illa:
2446 2311 2789 2368 Secundum
2813 2313 3058 2378 tempus,
3074 2306 3229 2378 quod
3242 2304 3598 2376 exquisierat
3614 2315 3653 2357 a

1990 2403 2202 2473 Magis,
2226 2416 2351 2457 non
2368 2401 2429 2457 in
2448 2416 2537 2465 eo,
2554 2398 2719 2472 quod
2742 2398 2977 2466 dicitur,
2999 2412 3035 2452 α
3051 2397 3296 2459 bimam,
3322 2392 3647 2461 intelligas;

1992 2492 2098 2549 sed
2127 2492 2188 2548 in
2220 2507 2311 2559 eo,
2355 2490 2521 2562 quod
2544 2488 2801 2551 additur,
2845 2492 2898 2543 et
2948 2485 3135 2555 infra.
3191 2485 3431 2554 Oportet
3488 2478 3649 2535 enim

1991 2586 2121 2652 post
2179 2582 2258 2647 id,
2310 2580 2478 2652 quod
2531 2578 2757 2644 dicitur,
2824 2592 2861 2633 a
2916 2576 3161 2637 bimam,
3209 2572 3653 2627 distinctionem

1991 2685 2226 2741 ponere,
2254 2668 2472 2723 deinde
2504 2670 2695 2723 totum
2739 2664 2904 2736 quod
2930 2662 3197 2735 sequitur
3227 2659 3408 2715 simul
3438 2656 3649 2727 legere.

1991 2760 2049 2815 Si
2067 2759 2250 2827 enim,
2270 2758 2418 2813 sicut
2441 2756 2666 2822 dicunt,
2684 2754 2945 2811 duorum
2969 2766 3269 2808 annorum
3293 2754 3529 2820 tempus
3552 2762 3649 2803 ex-

1991 2848 2220 2921 pletum
2237 2863 2372 2903 esse
2398 2846 2724 2909 didicisset,
2748 2857 3141 2916 nequaquam
3154 2856 3259 2898 eos
3279 2836 3647 2912 perdidisset,

1989 2936 2097 3009 qui
2130 2935 2373 2991 minoris
2406 2940 2575 2991 erant
2606 2933 2821 2989 aetatis.

2061 3026 2350 3081 Dubitant
2369 3029 2568 3080 autem
2598 3023 2858 3094 quidam,
2882 3036 3071 3094 quam
3104 3018 3185 3076 ob
3216 3031 3486 3083 causam,
3512 3028 3651 3071 cum

1989 3115 2260 3171 Christus
2276 3114 2474 3182 fugam
2490 3112 3061 3183 arripuisset,curam
3075 3123 3199 3163 non
3220 3105 3651 3175 habuitpuero-

1987 3220 2143 3269 rum,
2164 3202 2264 3275 qui
2292 3216 2398 3273 pro
2416 3201 2551 3272 ipso
2565 3198 2819 3271 jugulati
2839 3202 3000 3254 sunt.
3019 3196 3250 3261 Quibus
3266 3209 3376 3249 nos
3392 3192 3650 3247 dicimus

1988 3293 2208 3348 multos
2256 3291 2475 3361 injuste
2518 3304 2729 3360 agere:
2765 3286 2998 3343 nullum
3024 3290 3224 3341 autem
3252 3283 3470 3353 injuste
3502 3280 3645 3352 pati.

1989 3382 2193 3439 Omnis
2206 3380 2384 3443 enim,
2408 3380 2512 3451 qui
2530 3378 2746 3449 injuste
2772 3376 2897 3449 pati
2913 3376 3168 3439 videtur,
3196 3376 3297 3430 aut
3316 3369 3561 3444 patitur,
3585 3371 3652 3424 ut

1986 3470 2231 3543 propria
2245 3469 2429 3525 diluat
2440 3468 2655 3524 delicta
2675 3483 2689 3533 ;
2704 3470 2761 3523 et
2786 3466 2867 3521 ita
2880 3464 3107 3520 malum
3123 3462 3363 3534 quidem
3378 3458 3649 3521 sustinet,

1985 3574 2188 3615 verum
2201 3574 2320 3613 non
2336 3558 2415 3627 inj
2427 3555 2726 3627 uste,quin
2739 3554 2933 3625 potius
2955 3551 3242 3609 beneﬁcio
3259 3548 3535 3612 afﬁcitur;
3550 3550 3651 3602 aut

1989 3652 2053 3705 ut
2079 3664 2314 3705 coronae
2331 3647 2705 3703 occasionem
2728 3645 2968 3711 habeat,
2997 3648 3055 3700 et
3071 3644 3153 3699 ita
3171 3656 3412 3713 quoque
3435 3636 3653 3694 beneﬁ-

1986 3739 2166 3805 cium,
2206 3742 2443 3809 propter
2476 3735 2900 3807 tempestivam
2930 3733 3072 3789 mali
3113 3730 3514 3794 tolerantiam,
3567 3726 3647 3783 ob

1986 3843 2172 3900 quam
2191 3831 2546 3899 perpetuam
2571 3824 2783 3880 referet
2799 3823 3082 3895 requiem.
3103 3825 3328 3893 Itaque,
3353 3818 3458 3891 qui
3488 3815 3652 3873 alteri

1984 3917 2207 3986 irrogat
2236 3916 2533 3986 injuriam,
2569 3912 2971 3985 facitquidem
3007 3910 3293 3981 injuriam
3327 3925 3337 3963 :
3371 3906 3478 3979 qui
3504 3920 3648 3961 vero

1988 4004 2497 4068 malumsustinet,
2527 4015 2909 4074 nequaquam
2938 3999 3160 4070 injuria
3185 3996 3463 4054 afﬁcitur.
3503 3994 3653 4060 Quia

1986 4109 2129 4166 ergo
2142 4094 2202 4149 hi
2226 4093 2392 4165 pueri
2408 4107 2530 4148 non
2546 4095 2793 4163 propter
2808 4087 3251 4145 absolutionem
3264 4085 3649 4158 propriorum

1988 4182 2340 4239 delictorum
2368 4180 2867 4252 interemptisunt,
2898 4176 3291 4233 manifestum
3317 4179 3408 4231 est
3434 4187 3651 4244 passos

1988 4287 2139 4335 esse,
2173 4274 2238 4326 ut
2262 4270 2663 4334 occasionem,
2697 4284 2813 4340 qua
2844 4267 3297 4328 coronarentur,
3336 4261 3648 4325 haberent,

1986 4376 2096 4416 nec
2148 4375 2361 4431 passos
2408 4373 2539 4414 esse
2588 4358 2891 4428 injuriam.
2926 4353 3216 4411 Fortassis
3264 4357 3463 4407 autem
3502 4353 3560 4405 et
3591 4348 3650 4405 hi

1987 4450 2157 4521 pueri
2171 4447 2341 4520 probi
2357 4446 2537 4503 futuri
2554 4462 2675 4502 non
2690 4451 2877 4502 erant.
2900 4444 2957 4502 Si
2972 4442 3132 4501 enim
3146 4457 3247 4498 eos
3259 4440 3363 4513 qui
3376 4440 3648 4511 peccant,

1991 4540 2140 4591 Deus
2164 4537 2224 4592 in
2254 4535 2377 4592 vita
2407 4535 2678 4600 sustinet,
2712 4535 2989 4605 ipsorum
3020 4535 3377 4603 exspectans
3404 4542 3650 4584 conver-

1990 4626 2226 4682 sionem
2252 4644 2263 4685 ε
2290 4624 2477 4680 multo
2497 4623 2690 4693 magis
2706 4621 3040 4678 credendus
3059 4625 3166 4684 est,
3198 4616 3418 4688 eosqui
3438 4618 3652 4673 virtute

1988 4714 2195 4784 magni
2236 4713 2415 4770 futuri
2455 4716 2654 4769 essent
2683 4726 3070 4784 nequaquam
3115 4709 3240 4765 vita
3279 4705 3652 4779 privaturum

1988 4803 2193 4860 fuisse.
2223 4806 2425 4875 Neque
2450 4803 2635 4859 multo
2660 4806 2798 4873 post
2832 4815 3158 4873 puerorum
3184 4796 3521 4853 interfector
3546 4796 3652 4850 He-

1988 4893 2160 4951 rodes
2189 4908 2404 4965 poenas
2434 4891 2600 4947 dedit
2634 4889 2909 4947 violentae
2948 4887 3150 4951 caedis,
3183 4885 3400 4943 acerba
3457 4888 3651 4940 morte

1990 4982 2175 5039 vitam
2207 4982 2462 5049 solvens,
2492 4984 2670 5052 prout
2698 4977 2903 5036 scribit
2926 4975 3245 5048 Josephus.

2062 5074 2218 5127 Vers.
2241 5076 2300 5126 l7
2312 5110 2324 5121 .
2351 5072 2514 5125 Tunc
2540 5069 2885 5138 completum
2899 5070 2978 5121 est
2994 5096 3063 5105 —
3077 5061 3343 5119 Vers.18.
3366 5075 3485 5116 non
3504 5058 3644 5115 sint.

1992 5159 2247 5225 Quando
2278 5158 2420 5215 dicit
2452 5159 2651 5213 :Tunc
2708 5155 3059 5225 complet-um
3081 5158 3166 5210 est
3218 5149 3371 5223 quod
3418 5146 3643 5206 dictum

1991 5252 2093 5319 est,
2128 5246 2440 5318 signiﬁcat,
2473 5247 2586 5303 hoc
2616 5243 2969 5318 providente
3014 5245 3133 5299 Deo
3164 5240 3390 5297 factum
3417 5251 3548 5293 esse
3574 5251 3645 5294 ac

1994 5352 2101 5411 per
2125 5336 2482 5410 Prophetam
2511 5334 2888 5410 prmdicente,
2912 5334 2968 5390 et
2990 5331 3074 5390 ita
3102 5328 3224 5387 ﬁeri
3250 5326 3645 5402 permittente,

1510 5512 1739 5582 Variae
1771 5515 2102 5583 lectiones
2146 5523 2213 5583 et
2243 5523 2449 5583 notae.

308 5720 425 5797 (58)
458 5709 805 5786 Iosephus,
838 5705 926 5766 De
958 5706 1106 5766 bello
1123 5707 1388 5782 Iudaico,
1413 5707 1515 5767 lib.
1549 5726 1587 5779 ι,
1621 5724 1755 5783 cap.
1788 5712 1875 5778 2i,
1906 5725 1966 5784 p.
1999 5714 2125 5771 772.
