  <div class='ocr_page' id='page_1' title='image "/cluster/home/n/w/nwhite01/storage/ocr_20150623/129/coo.31924054870344/087.png"; bbox 0 0 4098 6392; ppageno 0'>
   <div class='ocr_carea' id='block_1_1' title="bbox 567 360 2185 429">
    <p class='ocr_par' dir='ltr' id='par_1_1' title="bbox 567 360 2180 420">
     <span class='ocr_line' id='line_1_1' title="bbox 567 360 2180 420; baseline -0.001 -2"><span class='ocrx_word' id='word_1_1' title='bbox 567 362 671 419; x_wconf 76' lang='grc'><strong>155</strong></span> <span class='ocrx_word' id='word_1_2' title='bbox 1884 360 2180 420; x_wconf 88' lang='lat' dir='ltr'><strong>EUTHYM</strong></span> 
     </span>
    </p>
   </div>
   <div class='ocr_carea' id='block_1_2' title="bbox 2322 360 3940 429">
    <p class='ocr_par' dir='ltr' id='par_1_2' title="bbox 2322 362 3940 429">
     <span class='ocr_line' id='line_1_2' title="bbox 2322 362 3940 429; baseline 0.007 -12"><span class='ocrx_word' id='word_1_3' title='bbox 2322 362 2583 419; x_wconf 82' lang='lat' dir='ltr'><strong>IGABEN</strong></span> <span class='ocrx_word' id='word_1_4' title='bbox 2591 366 2611 421; x_wconf 91' lang='grc' dir='ltr'>Ι</span> <span class='ocrx_word' id='word_1_5' title='bbox 3831 373 3940 429; x_wconf 80' lang='grc'><strong>156</strong></span> 
     </span>
    </p>
   </div>
   <div class='ocr_carea' id='block_1_3' title="bbox 571 486 2189 568">
    <p class='ocr_par' dir='ltr' id='par_1_3' title="bbox 571 486 2189 559">
     <span class='ocr_line' id='line_1_3' title="bbox 571 486 2189 559; baseline 0 -16"><span class='ocrx_word' id='word_1_6' title='bbox 571 486 906 544; x_wconf 88' lang='lat' dir='ltr'><strong>secundum</strong></span> <span class='ocrx_word' id='word_1_7' title='bbox 948 503 1121 545; x_wconf 91' lang='lat' dir='ltr'><strong>suam</strong></span> <span class='ocrx_word' id='word_1_8' title='bbox 1172 487 1688 559; x_wconf 79' lang='lat' dir='ltr'><strong>gubernationem.</strong></span> <span class='ocrx_word' id='word_1_9' title='bbox 1719 488 1951 545; x_wconf 82' lang='lat' dir='ltr'><strong>Rhama</strong></span> <span class='ocrx_word' id='word_1_10' title='bbox 1995 502 2189 544; x_wconf 70' lang='lat' dir='ltr'><strong>nomen</strong></span> 
     </span>
    </p>
   </div>
   <div class='ocr_carea' id='block_1_4' title="bbox 2319 486 3937 568">
    <p class='ocr_par' dir='ltr' id='par_1_4' title="bbox 2330 487 3937 568">
     <span class='ocr_line' id='line_1_4' title="bbox 2330 487 3937 568; baseline 0.005 -27"><span class='ocrx_word' id='word_1_11' title='bbox 2330 491 2454 542; x_wconf 86' lang='grc' dir='ltr'><strong>σθαι</strong></span> <span class='ocrx_word' id='word_1_12' title='bbox 2504 487 2574 543; x_wconf 87' lang='grc' dir='ltr'>δι’</span> <span class='ocrx_word' id='word_1_13' title='bbox 2624 491 2948 564; x_wconf 88' lang='grc' dir='ltr'>οἰκονομίαν.</span> <span class='ocrx_word' id='word_1_14' title='bbox 2986 492 3149 567; x_wconf 74' lang='grc' dir='ltr'><strong>Ῥαμὰ</strong></span> <span class='ocrx_word' id='word_1_15' title='bbox 3177 496 3267 567; x_wconf 71' lang='grc' dir='ltr'>μὲν</span> <span class='ocrx_word' id='word_1_16' title='bbox 3299 490 3386 547; x_wconf 80' lang='grc' dir='ltr'>οὖν</span> <span class='ocrx_word' id='word_1_17' title='bbox 3440 498 3599 568; x_wconf 79' lang='grc' dir='ltr'>ὄνομα</span> <span class='ocrx_word' id='word_1_18' title='bbox 3642 492 3703 554; x_wconf 81' lang='grc' dir='ltr'>ἧν</span> <span class='ocrx_word' id='word_1_19' title='bbox 3746 499 3937 566; x_wconf 87' lang='grc' dir='ltr'>τόπου,</span> 
     </span>
    </p>
   </div>
   <div class='ocr_carea' id='block_1_5' title="bbox 570 576 2188 657">
    <p class='ocr_par' dir='ltr' id='par_1_5' title="bbox 570 576 2188 635">
     <span class='ocr_line' id='line_1_5' title="bbox 570 576 2188 635; baseline 0 -3"><span class='ocrx_word' id='word_1_20' title='bbox 570 580 698 632; x_wconf 89' lang='lat' dir='ltr'><strong>erat</strong></span> <span class='ocrx_word' id='word_1_21' title='bbox 716 576 829 632; x_wconf 89' lang='lat' dir='ltr'><strong>loci</strong></span> <span class='ocrx_word' id='word_1_22' title='bbox 863 577 924 632; x_wconf 91' lang='lat' dir='ltr'><strong>in</strong></span> <span class='ocrx_word' id='word_1_23' title='bbox 966 577 1279 634; x_wconf 84' lang='lat' dir='ltr'><strong>Bethleem.</strong></span> <span class='ocrx_word' id='word_1_24' title='bbox 1312 578 1649 635; x_wconf 85' lang='lat' dir='ltr'><strong>Nominavit</strong></span> <span class='ocrx_word' id='word_1_25' title='bbox 1678 582 1877 633; x_wconf 92' lang='lat' dir='ltr'><strong>autem</strong></span> <span class='ocrx_word' id='word_1_26' title='bbox 1920 577 2188 633; x_wconf 89' lang='lat' dir='ltr'><strong>Bethleen</strong></span> 
     </span>
    </p>
   </div>
   <div class='ocr_carea' id='block_1_6' title="bbox 2319 576 3937 657">
    <p class='ocr_par' dir='ltr' id='par_1_6' title="bbox 2326 579 3937 657">
     <span class='ocr_line' id='line_1_6' title="bbox 2326 579 3937 657; baseline 0.005 -27"><span class='ocrx_word' id='word_1_27' title='bbox 2326 580 2376 630; x_wconf 71' lang='grc' dir='ltr'>ἓν</span> <span class='ocrx_word' id='word_1_28' title='bbox 2429 580 2674 652; x_wconf 78' lang='grc' dir='ltr'>Βηθλεέμ-</span> <span class='ocrx_word' id='word_1_29' title='bbox 2725 579 2925 653; x_wconf 79' lang='grc' dir='ltr'>Ῥαχὴλ</span> <span class='ocrx_word' id='word_1_30' title='bbox 2984 579 3173 642; x_wconf 75' lang='grc' dir='ltr'>δὲτὴν</span> <span class='ocrx_word' id='word_1_31' title='bbox 3223 584 3449 657; x_wconf 74' lang='grc' dir='ltr'>Βηθλεὲμ</span> <span class='ocrx_word' id='word_1_32' title='bbox 3508 584 3795 657; x_wconf 84' lang='grc' dir='ltr'>ὠνόμασεν,</span> <span class='ocrx_word' id='word_1_33' title='bbox 3829 585 3937 638; x_wconf 81' lang='grc' dir='ltr'>ἀπὸ</span> 
     </span>
    </p>
   </div>
   <div class='ocr_carea' id='block_1_7' title="bbox 566 665 2184 745">
    <p class='ocr_par' dir='ltr' id='par_1_7' title="bbox 566 665 2184 739">
     <span class='ocr_line' id='line_1_7' title="bbox 566 665 2184 739; baseline -0.001 -18"><span class='ocrx_word' id='word_1_34' title='bbox 566 665 804 730; x_wconf 83' lang='lat' dir='ltr'><strong>Rachel,</strong></span> <span class='ocrx_word' id='word_1_35' title='bbox 837 672 1081 738; x_wconf 77' lang='lat' dir='ltr'><strong>propter</strong></span> <span class='ocrx_word' id='word_1_36' title='bbox 1132 667 1342 723; x_wconf 78' lang='lat' dir='ltr'><strong>Rachel</strong></span> <span class='ocrx_word' id='word_1_37' title='bbox 1390 682 1639 723; x_wconf 92' lang='lat' dir='ltr'><strong>uxorem</strong></span> <span class='ocrx_word' id='word_1_38' title='bbox 1698 666 1901 733; x_wconf 90' lang='lat' dir='ltr'><strong>Jacob,</strong></span> <span class='ocrx_word' id='word_1_39' title='bbox 1962 682 2100 739; x_wconf 70' lang='lat' dir='ltr'><strong>quae</strong></span> <span class='ocrx_word' id='word_1_40' title='bbox 2158 666 2184 721; x_wconf 75' lang='grc' dir='ltr'><strong>ἱ]</strong></span> 
     </span>
    </p>
   </div>
   <div class='ocr_carea' id='block_1_8' title="bbox 2310 665 3928 745">
    <p class='ocr_par' dir='ltr' id='par_1_8' title="bbox 2326 666 3928 745">
     <span class='ocr_line' id='line_1_8' title="bbox 2326 666 3928 745; baseline 0.005 -26"><span class='ocrx_word' id='word_1_41' title='bbox 2326 666 2545 740; x_wconf 81' lang='grc' dir='ltr'><strong>Ῥαχὴλ,</strong></span> <span class='ocrx_word' id='word_1_42' title='bbox 2593 677 2687 731; x_wconf 86' lang='grc' dir='ltr'>τῆς</span> <span class='ocrx_word' id='word_1_43' title='bbox 2734 674 2983 740; x_wconf 87' lang='grc' dir='ltr'>γυναικὸς</span> <span class='ocrx_word' id='word_1_44' title='bbox 3030 671 3238 742; x_wconf 78' lang='grc' dir='ltr'>Ἰακὼϐ,</span> <span class='ocrx_word' id='word_1_45' title='bbox 3278 677 3528 745; x_wconf 78' lang='grc' dir='ltr'><strong>ταφείσης</strong></span> <span class='ocrx_word' id='word_1_46' title='bbox 3571 672 3618 725; x_wconf 77' lang='grc' dir='ltr'>ἐν</span> <span class='ocrx_word' id='word_1_47' title='bbox 3669 674 3928 743; x_wconf 83' lang='grc' dir='ltr'>Βηθλεέμ.</span> 
     </span>
    </p>
   </div>
   <div class='ocr_carea' id='block_1_9' title="bbox 571 754 2189 837">
    <p class='ocr_par' dir='ltr' id='par_1_9' title="bbox 571 754 2189 828">
     <span class='ocr_line' id='line_1_9' title="bbox 571 754 2189 828; baseline 0.001 -19"><span class='ocrx_word' id='word_1_48' title='bbox 571 754 866 810; x_wconf 82' lang='lat' dir='ltr'><strong>Bethleem</strong></span> <span class='ocrx_word' id='word_1_49' title='bbox 901 756 1134 828; x_wconf 90' lang='lat' dir='ltr'><strong>sepulta</strong></span> <span class='ocrx_word' id='word_1_50' title='bbox 1162 760 1269 813; x_wconf 91' lang='lat' dir='ltr'><strong>est.</strong></span> <span class='ocrx_word' id='word_1_51' title='bbox 1296 758 1608 827; x_wconf 85' lang='lat' dir='ltr'><strong>Postquam</strong></span> <span class='ocrx_word' id='word_1_52' title='bbox 1640 760 1841 812; x_wconf 89' lang='lat' dir='ltr'><strong>autem</strong></span> <span class='ocrx_word' id='word_1_53' title='bbox 1872 755 2019 811; x_wconf 80' lang='lat' dir='ltr'><strong>dixit</strong></span> <span class='ocrx_word' id='word_1_54' title='bbox 2047 772 2060 810; x_wconf 91' lang='lat'>:</span> <span class='ocrx_word' id='word_1_55' title='bbox 2096 756 2189 811; x_wconf 81' lang='lat' dir='ltr'><strong>Vo:</strong></span> 
     </span>
    </p>
   </div>
   <div class='ocr_carea' id='block_1_10' title="bbox 2318 754 3936 837">
    <p class='ocr_par' dir='ltr' id='par_1_10' title="bbox 2328 754 3936 837">
     <span class='ocr_line' id='line_1_10' title="bbox 2328 754 3936 837; baseline 0.004 -28"><span class='ocrx_word' id='word_1_56' title='bbox 2328 757 2497 809; x_wconf 78' lang='grc' dir='ltr'>Εἰπὼν</span> <span class='ocrx_word' id='word_1_57' title='bbox 2548 754 2626 825; x_wconf 81' lang='grc' dir='ltr'>δὲ,</span> <span class='ocrx_word' id='word_1_58' title='bbox 2672 759 2752 810; x_wconf 86' lang='grc' dir='ltr'>ὅτι</span> <span class='ocrx_word' id='word_1_59' title='bbox 2784 764 2926 817; x_wconf 80' lang='grc' dir='ltr'><strong>Φωνὴ</strong></span> <span class='ocrx_word' id='word_1_60' title='bbox 2981 760 3030 811; x_wconf 83' lang='grc' dir='ltr'>ἐν</span> <span class='ocrx_word' id='word_1_61' title='bbox 3059 759 3222 833; x_wconf 81' lang='grc' dir='ltr'><strong>Ῥαμὰ</strong></span> <span class='ocrx_word' id='word_1_62' title='bbox 3260 763 3523 829; x_wconf 78' lang='grc' dir='ltr'><strong>ἠκούσθη,</strong></span> <span class='ocrx_word' id='word_1_63' title='bbox 3580 761 3936 837; x_wconf 81' lang='grc' dir='ltr'>ἐφερμηνεύει,</span> 
     </span>
    </p>
   </div>
   <div class='ocr_carea' id='block_1_11' title="bbox 569 842 2187 921">
    <p class='ocr_par' dir='ltr' id='par_1_11' title="bbox 569 843 2183 917">
     <span class='ocr_line' id='line_1_11' title="bbox 569 843 2183 917; baseline 0.002 -20"><span class='ocrx_word' id='word_1_64' title='bbox 569 843 634 898; x_wconf 81' lang='lat' dir='ltr'><strong>in</strong></span> <span class='ocrx_word' id='word_1_65' title='bbox 664 843 897 900; x_wconf 84' lang='lat' dir='ltr'><strong>Rhama</strong></span> <span class='ocrx_word' id='word_1_66' title='bbox 923 845 1131 900; x_wconf 74' lang='lat' dir='ltr'><strong>audita</strong></span> <span class='ocrx_word' id='word_1_67' title='bbox 1163 850 1264 911; x_wconf 81' lang='lat' dir='ltr'><strong>est,</strong></span> <span class='ocrx_word' id='word_1_68' title='bbox 1299 844 1563 900; x_wconf 90' lang='lat' dir='ltr'><strong>subdens</strong></span> <span class='ocrx_word' id='word_1_69' title='bbox 1610 844 1895 911; x_wconf 83' lang='lat' dir='ltr'><strong>declarat,</strong></span> <span class='ocrx_word' id='word_1_70' title='bbox 1940 860 2077 917; x_wconf 64' lang='lat' dir='ltr'><strong>qua;</strong></span> <span class='ocrx_word' id='word_1_71' title='bbox 2107 860 2183 900; x_wconf 90' lang='lat' dir='ltr'><strong>vo</strong></span> 
     </span>
    </p>
   </div>
   <div class='ocr_carea' id='block_1_12' title="bbox 2320 842 3938 921">
    <p class='ocr_par' dir='ltr' id='par_1_12' title="bbox 2327 842 3938 921">
     <span class='ocr_line' id='line_1_12' title="bbox 2327 842 3938 921; baseline 0.004 -24"><span class='ocrx_word' id='word_1_72' title='bbox 2327 850 2404 906; x_wconf 87' lang='grc' dir='ltr'><strong>τίς</strong></span> <span class='ocrx_word' id='word_1_73' title='bbox 2444 842 2504 917; x_wconf 79' lang='grc' dir='ltr'><strong>ᾖν</strong></span> <span class='ocrx_word' id='word_1_74' title='bbox 2548 848 2578 903; x_wconf 86' lang='grc' dir='ltr'>ἡ</span> <span class='ocrx_word' id='word_1_75' title='bbox 2637 851 2797 917; x_wconf 83' lang='grc' dir='ltr'>φωνὴ,</span> <span class='ocrx_word' id='word_1_76' title='bbox 2853 848 2933 899; x_wconf 84' lang='grc' dir='ltr'>ὅτι</span> <span class='ocrx_word' id='word_1_77' title='bbox 2994 850 3196 921; x_wconf 84' lang='grc' dir='ltr'>θρῆνος,</span> <span class='ocrx_word' id='word_1_78' title='bbox 3250 855 3340 902; x_wconf 87' lang='grc' dir='ltr'>καὶ</span> <span class='ocrx_word' id='word_1_79' title='bbox 3394 853 3459 903; x_wconf 80' lang='grc' dir='ltr'>τὰ</span> <span class='ocrx_word' id='word_1_80' title='bbox 3506 851 3641 917; x_wconf 80' lang='grc' dir='ltr'>ἑξῆς,</span> <span class='ocrx_word' id='word_1_81' title='bbox 3706 849 3801 905; x_wconf 82' lang='grc' dir='ltr'>διὰ</span> <span class='ocrx_word' id='word_1_82' title='bbox 3837 858 3938 910; x_wconf 80' lang='grc' dir='ltr'><strong>την</strong></span> 
     </span>
    </p>
   </div>
   <div class='ocr_carea' id='block_1_13' title="bbox 570 930 2188 1010">
    <p class='ocr_par' dir='ltr' id='par_1_13' title="bbox 570 930 2188 1005">
     <span class='ocr_line' id='line_1_13' title="bbox 570 930 2188 1005; baseline -0.001 -18"><span class='ocrx_word' id='word_1_83' title='bbox 570 930 765 997; x_wconf 88' lang='lat' dir='ltr'><strong>fuerit,</strong></span> <span class='ocrx_word' id='word_1_84' title='bbox 781 948 999 1004; x_wconf 83' lang='lat' dir='ltr'><strong>nempe</strong></span> <span class='ocrx_word' id='word_1_85' title='bbox 1029 934 1396 997; x_wconf 81' lang='lat' dir='ltr'><strong>lamentatio,</strong></span> <span class='ocrx_word' id='word_1_86' title='bbox 1415 933 1703 1005; x_wconf 79' lang='lat' dir='ltr'><strong>ploratus,</strong></span> <span class='ocrx_word' id='word_1_87' title='bbox 1719 937 1775 990; x_wconf 90' lang='lat' dir='ltr'><strong>et</strong></span> <span class='ocrx_word' id='word_1_88' title='bbox 1794 933 1969 989; x_wconf 88' lang='lat' dir='ltr'><strong>ﬂetus</strong></span> <span class='ocrx_word' id='word_1_89' title='bbox 1986 932 2188 987; x_wconf 81' lang='lat' dir='ltr'><strong>multus</strong></span> 
     </span>
    </p>
   </div>
   <div class='ocr_carea' id='block_1_14' title="bbox 2319 930 3937 1010">
    <p class='ocr_par' dir='ltr' id='par_1_14' title="bbox 2330 933 3937 1010">
     <span class='ocr_line' id='line_1_14' title="bbox 2330 933 3937 1010; baseline 0.006 -26"><span class='ocrx_word' id='word_1_90' title='bbox 2330 934 2601 1005; x_wconf 85' lang='grc' dir='ltr'>ὠμοτάτην</span> <span class='ocrx_word' id='word_1_91' title='bbox 2658 933 2921 1010; x_wconf 82' lang='grc' dir='ltr'>ἀναίρεσιν</span> <span class='ocrx_word' id='word_1_92' title='bbox 2994 945 3093 988; x_wconf 88' lang='grc' dir='ltr'><strong>τῶν</strong></span> <span class='ocrx_word' id='word_1_93' title='bbox 3160 935 3405 993; x_wconf 85' lang='grc' dir='ltr'>παιδίων.</span> <span class='ocrx_word' id='word_1_94' title='bbox 3477 945 3576 993; x_wconf 79' lang='grc' dir='ltr'><strong>Καὶ</strong></span> <span class='ocrx_word' id='word_1_95' title='bbox 3624 940 3717 992; x_wconf 75' lang='grc' dir='ltr'>οὐκ</span> <span class='ocrx_word' id='word_1_96' title='bbox 3756 940 3937 998; x_wconf 79' lang='grc' dir='ltr'>ἤθελεν</span> 
     </span>
    </p>
   </div>
   <div class='ocr_carea' id='block_1_15' title="bbox 567 1022 2185 1097">
    <p class='ocr_par' dir='ltr' id='par_1_15' title="bbox 567 1022 2185 1094">
     <span class='ocr_line' id='line_1_15' title="bbox 567 1022 2185 1094; baseline 0 -18"><span class='ocrx_word' id='word_1_97' title='bbox 567 1027 811 1093; x_wconf 86' lang='lat' dir='ltr'><strong>prOpter</strong></span> <span class='ocrx_word' id='word_1_98' title='bbox 827 1022 1308 1079; x_wconf 86' lang='lat' dir='ltr'><strong>crudelissimam</strong></span> <span class='ocrx_word' id='word_1_99' title='bbox 1328 1038 1648 1094; x_wconf 89' lang='lat' dir='ltr'><strong>puerorum</strong></span> <span class='ocrx_word' id='word_1_100' title='bbox 1666 1022 2138 1079; x_wconf 90' lang='lat' dir='ltr'><strong>exstinctionem.</strong></span> <span class='ocrx_word' id='word_1_101' title='bbox 2157 1024 2185 1077; x_wconf 82' lang='grc' dir='ltr'><strong><em>Ε</em></strong></span> 
     </span>
    </p>
   </div>
   <div class='ocr_carea' id='block_1_16' title="bbox 2324 1022 3942 1097">
    <p class='ocr_par' dir='ltr' id='par_1_16' title="bbox 2329 1022 3942 1097">
     <span class='ocr_line' id='line_1_16' title="bbox 2329 1022 3942 1097; baseline 0.005 -23"><span class='ocrx_word' id='word_1_102' title='bbox 2329 1023 2358 1079; x_wconf 80' lang='grc' dir='ltr'>ἡ</span> <span class='ocrx_word' id='word_1_103' title='bbox 2414 1022 2637 1095; x_wconf 79' lang='grc' dir='ltr'>Βηθλεὲμ</span> <span class='ocrx_word' id='word_1_104' title='bbox 2667 1027 3122 1097; x_wconf 86' lang='grc' dir='ltr'>παρηγορηθῆναι,</span> <span class='ocrx_word' id='word_1_105' title='bbox 3186 1023 3323 1079; x_wconf 89' lang='grc' dir='ltr'>διότι</span> <span class='ocrx_word' id='word_1_106' title='bbox 3366 1028 3459 1079; x_wconf 74' lang='grc' dir='ltr'>οὐκ</span> <span class='ocrx_word' id='word_1_107' title='bbox 3491 1027 3592 1081; x_wconf 83' lang='grc' dir='ltr'>εἰσὶ</span> <span class='ocrx_word' id='word_1_108' title='bbox 3631 1031 3695 1081; x_wconf 82' lang='grc' dir='ltr'>τὰ</span> <span class='ocrx_word' id='word_1_109' title='bbox 3736 1027 3942 1082; x_wconf 85' lang='grc' dir='ltr'>παιδία</span> 
     </span>
    </p>
   </div>
   <div class='ocr_carea' id='block_1_17' title="bbox 569 1110 2187 1194">
    <p class='ocr_par' dir='ltr' id='par_1_17' title="bbox 569 1110 2187 1182">
     <span class='ocr_line' id='line_1_17' title="bbox 569 1110 2187 1182; baseline 0 -17"><span class='ocrx_word' id='word_1_110' title='bbox 569 1110 759 1167; x_wconf 89' lang='lat' dir='ltr'><strong>noluit</strong></span> <span class='ocrx_word' id='word_1_111' title='bbox 798 1110 1097 1167; x_wconf 89' lang='lat' dir='ltr'><strong>Bethleem</strong></span> <span class='ocrx_word' id='word_1_112' title='bbox 1156 1111 1624 1167; x_wconf 81' lang='lat' dir='ltr'><strong>consolationem</strong></span> <span class='ocrx_word' id='word_1_113' title='bbox 1680 1111 2014 1179; x_wconf 85' lang='lat' dir='ltr'><strong>admittere,</strong></span> <span class='ocrx_word' id='word_1_114' title='bbox 2077 1110 2187 1182; x_wconf 28' lang='lat' dir='ltr'><strong>qui.</strong></span> 
     </span>
    </p>
   </div>
   <div class='ocr_carea' id='block_1_18' title="bbox 2320 1110 3938 1194">
    <p class='ocr_par' dir='ltr' id='par_1_18' title="bbox 2331 1112 3938 1194">
     <span class='ocr_line' id='line_1_18' title="bbox 2331 1112 3938 1194; baseline 0.005 -31"><span class='ocrx_word' id='word_1_115' title='bbox 2331 1112 2509 1178; x_wconf 77' lang='grc' dir='ltr'>αὐτῆς,</span> <span class='ocrx_word' id='word_1_116' title='bbox 2538 1116 2827 1176; x_wconf 80' lang='grc' dir='ltr'><strong>τουτέστιν,</strong></span> <span class='ocrx_word' id='word_1_117' title='bbox 2861 1114 2918 1166; x_wconf 75' lang='grc' dir='ltr'>οὐ</span> <span class='ocrx_word' id='word_1_118' title='bbox 2946 1115 3125 1175; x_wconf 75' lang='grc' dir='ltr'>ζῶσιν.</span> <span class='ocrx_word' id='word_1_119' title='bbox 3155 1115 3405 1169; x_wconf 75' lang='grc' dir='ltr'><strong>Ἐντεῦθεν</strong></span> <span class='ocrx_word' id='word_1_120' title='bbox 3433 1113 3491 1169; x_wconf 79' lang='grc' dir='ltr'>δὲ</span> <span class='ocrx_word' id='word_1_121' title='bbox 3521 1122 3614 1176; x_wconf 78' lang='grc' dir='ltr'>τὴν</span> <span class='ocrx_word' id='word_1_122' title='bbox 3645 1118 3938 1194; x_wconf 79' lang='grc' dir='ltr'>ὑπερϐολὴν</span> 
     </span>
    </p>
   </div>
   <div class='ocr_carea' id='block_1_19' title="bbox 567 1198 2185 1275">
    <p class='ocr_par' dir='ltr' id='par_1_19' title="bbox 567 1198 2185 1269">
     <span class='ocr_line' id='line_1_19' title="bbox 567 1198 2185 1269; baseline 0.001 -16"><span class='ocrx_word' id='word_1_123' title='bbox 567 1198 738 1269; x_wconf 91' lang='lat' dir='ltr'><strong>pueri</strong></span> <span class='ocrx_word' id='word_1_124' title='bbox 793 1199 887 1254; x_wconf 91' lang='lat' dir='ltr'><strong>sui</strong></span> <span class='ocrx_word' id='word_1_125' title='bbox 928 1215 1051 1255; x_wconf 91' lang='lat' dir='ltr'><strong>non</strong></span> <span class='ocrx_word' id='word_1_126' title='bbox 1101 1203 1257 1265; x_wconf 90' lang='lat' dir='ltr'><strong>sunt,</strong></span> <span class='ocrx_word' id='word_1_127' title='bbox 1299 1201 1415 1256; x_wconf 93' lang='lat' dir='ltr'><strong>hoc</strong></span> <span class='ocrx_word' id='word_1_128' title='bbox 1455 1205 1557 1265; x_wconf 87' lang='lat' dir='ltr'><strong>est,</strong></span> <span class='ocrx_word' id='word_1_129' title='bbox 1592 1215 1715 1256; x_wconf 91' lang='lat' dir='ltr'><strong>non</strong></span> <span class='ocrx_word' id='word_1_130' title='bbox 1776 1200 2011 1258; x_wconf 86' lang='lat' dir='ltr'><strong>vivunt.</strong></span> <span class='ocrx_word' id='word_1_131' title='bbox 2074 1199 2185 1254; x_wconf 92' lang='lat' dir='ltr'><strong>Hin</strong></span> 
     </span>
    </p>
   </div>
   <div class='ocr_carea' id='block_1_20' title="bbox 1276 1198 2894 1275">
    <p class='ocr_par' dir='ltr' id='par_1_20' title="bbox 1299 1199 2894 1275">
     <span class='ocr_line' id='line_1_20' title="bbox 1299 1199 2894 1275; baseline 0.001 -19"><span class='ocrx_word' id='word_1_132' title='bbox 1299 1201 1415 1256; x_wconf 92' lang='lat' dir='ltr'><strong>hoc</strong></span> <span class='ocrx_word' id='word_1_133' title='bbox 1455 1205 1557 1265; x_wconf 86' lang='lat' dir='ltr'><strong>est,</strong></span> <span class='ocrx_word' id='word_1_134' title='bbox 1592 1215 1715 1256; x_wconf 90' lang='lat' dir='ltr'><strong>non</strong></span> <span class='ocrx_word' id='word_1_135' title='bbox 1776 1200 2011 1258; x_wconf 86' lang='lat' dir='ltr'><strong>vivunt.</strong></span> <span class='ocrx_word' id='word_1_136' title='bbox 2074 1199 2222 1254; x_wconf 91' lang='lat' dir='ltr'><strong>Hinc</strong></span> <span class='ocrx_word' id='word_1_137' title='bbox 2330 1209 2421 1254; x_wconf 84' lang='grc' dir='ltr'>τοῦ</span> <span class='ocrx_word' id='word_1_138' title='bbox 2451 1204 2647 1264; x_wconf 86' lang='grc' dir='ltr'>πάθους</span> <span class='ocrx_word' id='word_1_139' title='bbox 2676 1202 2894 1275; x_wconf 82' lang='grc' dir='ltr'><strong>ἐνέφηνε.</strong></span> 
     </span>
    </p>
   </div>
   <div class='ocr_carea' id='block_1_21' title="bbox 570 1288 1955 1362">
    <p class='ocr_par' dir='ltr' id='par_1_21' title="bbox 570 1288 1955 1362">
     <span class='ocr_line' id='line_1_21' title="bbox 570 1288 1955 1362; baseline 0.002 -19"><span class='ocrx_word' id='word_1_140' title='bbox 570 1290 772 1343; x_wconf 92' lang='lat' dir='ltr'><strong>autem</strong></span> <span class='ocrx_word' id='word_1_141' title='bbox 803 1288 1157 1345; x_wconf 88' lang='lat' dir='ltr'><strong>calamitatis</strong></span> <span class='ocrx_word' id='word_1_142' title='bbox 1184 1288 1419 1362; x_wconf 90' lang='lat' dir='ltr'><strong>aperuit</strong></span> <span class='ocrx_word' id='word_1_143' title='bbox 1448 1288 1955 1359; x_wconf 81' lang='lat' dir='ltr'><strong>magnitudinem.</strong></span> 
     </span>
    </p>
   </div>
   <div class='ocr_carea' id='block_1_22' title="bbox 639 1376 2257 1459">
    <p class='ocr_par' dir='ltr' id='par_1_22' title="bbox 639 1376 2222 1435">
     <span class='ocr_line' id='line_1_22' title="bbox 639 1376 2222 1435; baseline 0.002 -5"><span class='ocrx_word' id='word_1_144' title='bbox 639 1377 778 1431; x_wconf 88' lang='lat' dir='ltr'><strong>Vers</strong></span> <span class='ocrx_word' id='word_1_145' title='bbox 830 1379 895 1433; x_wconf 82' lang='lat' dir='ltr'><strong>t9</strong></span> <span class='ocrx_word' id='word_1_146' title='bbox 951 1377 1187 1432; x_wconf 83' lang='lat' dir='ltr'><strong>Mortuo</strong></span> <span class='ocrx_word' id='word_1_147' title='bbox 1245 1408 1314 1419; x_wconf 97' lang='lat'>—</span> <span class='ocrx_word' id='word_1_148' title='bbox 1369 1379 1531 1433; x_wconf 90' lang='lat' dir='ltr'><strong>Vers.</strong></span> <span class='ocrx_word' id='word_1_149' title='bbox 1587 1376 1675 1432; x_wconf 74' lang='lat'><strong>20.</strong></span> <span class='ocrx_word' id='word_1_150' title='bbox 1740 1378 1948 1433; x_wconf 81' lang='lat' dir='ltr'><strong>Pueri.</strong></span> <span class='ocrx_word' id='word_1_151' title='bbox 1980 1376 2222 1435; x_wconf 89' lang='lat' dir='ltr'><strong>Terram</strong></span> 
     </span>
    </p>
   </div>
   <div class='ocr_carea' id='block_1_23' title="bbox 2322 1376 3940 1459">
    <p class='ocr_par' dir='ltr' id='par_1_23' title="bbox 2400 1380 3940 1459">
     <span class='ocr_line' id='line_1_23' title="bbox 2400 1380 3940 1459; baseline 0.003 -24"><span class='ocrx_word' id='word_1_152' title='bbox 2400 1380 2810 1445; x_wconf 79' lang='grc' dir='ltr'><strong>Τελευτήσαντος</strong></span> <span class='ocrx_word' id='word_1_153' title='bbox 2865 1415 2934 1425; x_wconf 87' lang='lat'><strong>-—</strong></span> <span class='ocrx_word' id='word_1_154' title='bbox 2995 1380 3238 1438; x_wconf 86' lang='grc' dir='ltr'>παιδίου.</span> <span class='ocrx_word' id='word_1_155' title='bbox 3312 1389 3412 1443; x_wconf 80' lang='grc' dir='ltr'><strong>Γῆν</strong></span> <span class='ocrx_word' id='word_1_156' title='bbox 3470 1385 3700 1459; x_wconf 79' lang='grc' dir='ltr'>Ἰσραὴλ,</span> <span class='ocrx_word' id='word_1_157' title='bbox 3761 1385 3940 1447; x_wconf 81' lang='grc' dir='ltr'>ἁπλῶς</span> 
     </span>
    </p>
   </div>
   <div class='ocr_carea' id='block_1_24' title="bbox 569 1463 2187 1546">
    <p class='ocr_par' dir='ltr' id='par_1_24' title="bbox 569 1463 2187 1537">
     <span class='ocr_line' id='line_1_24' title="bbox 569 1463 2187 1537; baseline 0.001 -18"><span class='ocrx_word' id='word_1_158' title='bbox 569 1463 747 1520; x_wconf 78' lang='lat' dir='ltr'><strong>Israel</strong></span> <span class='ocrx_word' id='word_1_159' title='bbox 806 1465 1152 1537; x_wconf 88' lang='lat' dir='ltr'><strong>simpliciter</strong></span> <span class='ocrx_word' id='word_1_160' title='bbox 1202 1465 1351 1521; x_wconf 85' lang='lat' dir='ltr'><strong>dixit</strong></span> <span class='ocrx_word' id='word_1_161' title='bbox 1410 1465 1814 1522; x_wconf 83' lang='lat' dir='ltr'><strong>Palaestinam.</strong></span> <span class='ocrx_word' id='word_1_162' title='bbox 1881 1467 2187 1531; x_wconf 70' lang='lat' dir='ltr'><strong>Quaarente</strong></span> 
     </span>
    </p>
   </div>
   <div class='ocr_carea' id='block_1_25' title="bbox 2321 1463 3939 1546">
    <p class='ocr_par' dir='ltr' id='par_1_25' title="bbox 2331 1470 3939 1546">
     <span class='ocr_line' id='line_1_25' title="bbox 2331 1470 3939 1546; baseline 0.002 -23"><span class='ocrx_word' id='word_1_163' title='bbox 2331 1470 2439 1524; x_wconf 85' lang='grc' dir='ltr'>εἶπε</span> <span class='ocrx_word' id='word_1_164' title='bbox 2474 1476 2567 1529; x_wconf 78' lang='grc' dir='ltr'>τὴν</span> <span class='ocrx_word' id='word_1_165' title='bbox 2595 1472 2967 1531; x_wconf 73' lang='grc' dir='ltr'><strong>Παλαιστίνην·</strong></span> <span class='ocrx_word' id='word_1_166' title='bbox 3024 1474 3307 1534; x_wconf 77' lang='grc' dir='ltr'>ζητοῦντας</span> <span class='ocrx_word' id='word_1_167' title='bbox 3360 1470 3419 1526; x_wconf 71' lang='grc' dir='ltr'>δὲ</span> <span class='ocrx_word' id='word_1_168' title='bbox 3448 1479 3541 1532; x_wconf 76' lang='grc' dir='ltr'>τὴν</span> <span class='ocrx_word' id='word_1_169' title='bbox 3596 1474 3783 1546; x_wconf 71' lang='grc' dir='ltr'>ψυχὴν</span> <span class='ocrx_word' id='word_1_170' title='bbox 3838 1481 3939 1526; x_wconf 82' lang='grc' dir='ltr'>τοῦ</span> 
     </span>
    </p>
   </div>
   <div class='ocr_carea' id='block_1_26' title="bbox 569 1552 2187 1635">
    <p class='ocr_par' dir='ltr' id='par_1_26' title="bbox 569 1552 2187 1627">
     <span class='ocr_line' id='line_1_26' title="bbox 569 1552 2187 1627; baseline 0.001 -18"><span class='ocrx_word' id='word_1_171' title='bbox 569 1558 770 1610; x_wconf 88' lang='lat' dir='ltr'><strong>autem</strong></span> <span class='ocrx_word' id='word_1_172' title='bbox 792 1552 1059 1610; x_wconf 92' lang='lat' dir='ltr'><strong>animam</strong></span> <span class='ocrx_word' id='word_1_173' title='bbox 1074 1555 1263 1625; x_wconf 91' lang='lat' dir='ltr'><strong>pueri,</strong></span> <span class='ocrx_word' id='word_1_174' title='bbox 1279 1560 1341 1611; x_wconf 94' lang='lat' dir='ltr'><strong>ut</strong></span> <span class='ocrx_word' id='word_1_175' title='bbox 1356 1571 1488 1611; x_wconf 91' lang='lat' dir='ltr'><strong>eam</strong></span> <span class='ocrx_word' id='word_1_176' title='bbox 1501 1554 1817 1619; x_wconf 83' lang='lat' dir='ltr'><strong>auferrent,</strong></span> <span class='ocrx_word' id='word_1_177' title='bbox 1840 1560 1897 1610; x_wconf 90' lang='lat' dir='ltr'><strong>et</strong></span> <span class='ocrx_word' id='word_1_178' title='bbox 1923 1571 1960 1611; x_wconf 93' lang='lat' dir='ltr'>a</span> <span class='ocrx_word' id='word_1_179' title='bbox 1973 1571 2187 1627; x_wconf 91' lang='lat' dir='ltr'><strong>corpor</strong></span> 
     </span>
    </p>
   </div>
   <div class='ocr_carea' id='block_1_27' title="bbox 2320 1552 3938 1635">
    <p class='ocr_par' dir='ltr' id='par_1_27' title="bbox 2329 1557 3938 1635">
     <span class='ocr_line' id='line_1_27' title="bbox 2329 1557 3938 1635; baseline 0.002 -22"><span class='ocrx_word' id='word_1_180' title='bbox 2329 1557 2572 1628; x_wconf 88' lang='grc' dir='ltr'>παιδίου,</span> <span class='ocrx_word' id='word_1_181' title='bbox 2604 1568 2695 1613; x_wconf 79' lang='grc' dir='ltr'>τοῦ</span> <span class='ocrx_word' id='word_1_182' title='bbox 2724 1561 2901 1634; x_wconf 83' lang='grc' dir='ltr'>ἐξᾶραι</span> <span class='ocrx_word' id='word_1_183' title='bbox 2933 1562 3095 1621; x_wconf 74' lang='grc' dir='ltr'>αὐτὴν</span> <span class='ocrx_word' id='word_1_184' title='bbox 3129 1567 3217 1614; x_wconf 86' lang='grc' dir='ltr'>καὶ</span> <span class='ocrx_word' id='word_1_185' title='bbox 3247 1559 3282 1615; x_wconf 89' lang='grc' dir='ltr'><strong>δ</strong></span> <span class='ocrx_word' id='word_1_186' title='bbox 3288 1562 3524 1625; x_wconf 78' lang='grc' dir='ltr'>ιαζεῦξαι</span> <span class='ocrx_word' id='word_1_187' title='bbox 3549 1570 3641 1615; x_wconf 84' lang='grc' dir='ltr'>τοῦ</span> <span class='ocrx_word' id='word_1_188' title='bbox 3672 1566 3938 1635; x_wconf 86' lang='grc' dir='ltr'>σώματός,</span> 
     </span>
    </p>
   </div>
   <div class='ocr_carea' id='block_1_28' title="bbox 570 1643 2188 1723">
    <p class='ocr_par' dir='ltr' id='par_1_28' title="bbox 570 1643 2188 1715">
     <span class='ocr_line' id='line_1_28' title="bbox 570 1643 2188 1715; baseline 0.002 -17"><span class='ocrx_word' id='word_1_189' title='bbox 570 1648 936 1714; x_wconf 87' lang='lat' dir='ltr'><strong>separarent,</strong></span> <span class='ocrx_word' id='word_1_190' title='bbox 979 1644 1122 1699; x_wconf 88' lang='lat' dir='ltr'><strong>dicit</strong></span> <span class='ocrx_word' id='word_1_191' title='bbox 1146 1659 1247 1700; x_wconf 92' lang='lat' dir='ltr'><strong>eos</strong></span> <span class='ocrx_word' id='word_1_192' title='bbox 1277 1644 1377 1715; x_wconf 91' lang='lat' dir='ltr'><strong>qui</strong></span> <span class='ocrx_word' id='word_1_193' title='bbox 1428 1643 1720 1699; x_wconf 89' lang='lat' dir='ltr'><strong>Herodem</strong></span> <span class='ocrx_word' id='word_1_194' title='bbox 1771 1644 2188 1713; x_wconf 86' lang='lat' dir='ltr'><strong>contingebant</strong></span> 
     </span>
    </p>
   </div>
   <div class='ocr_carea' id='block_1_29' title="bbox 1532 1643 3150 1723">
    <p class='ocr_par' dir='ltr' id='par_1_29' title="bbox 1532 1643 3150 1723">
     <span class='ocr_line' id='line_1_29' title="bbox 1532 1643 3150 1723; baseline 0.002 -24"><span class='ocrx_word' id='word_1_195' title='bbox 1532 1643 1720 1699; x_wconf 74' lang='lat' dir='ltr'><strong>-odem</strong></span> <span class='ocrx_word' id='word_1_196' title='bbox 1771 1644 2215 1713; x_wconf 82' lang='lat' dir='ltr'><strong>contingebant.</strong></span> <span class='ocrx_word' id='word_1_197' title='bbox 2331 1654 2462 1721; x_wconf 87' lang='grc' dir='ltr'>φησὶ</span> <span class='ocrx_word' id='word_1_198' title='bbox 2492 1653 2611 1712; x_wconf 76' lang='grc' dir='ltr'>τοὺς</span> <span class='ocrx_word' id='word_1_199' title='bbox 2643 1655 2759 1722; x_wconf 88' lang='grc' dir='ltr'>περὶ</span> <span class='ocrx_word' id='word_1_200' title='bbox 2780 1654 2866 1703; x_wconf 86' lang='grc' dir='ltr'>τὸν</span> <span class='ocrx_word' id='word_1_201' title='bbox 2888 1648 3150 1723; x_wconf 78' lang='grc' dir='ltr'>Ἡρώδην.</span> 
     </span>
    </p>
   </div>
   <div class='ocr_carea' id='block_1_30' title="bbox 639 1732 2257 1815">
    <p class='ocr_par' dir='ltr' id='par_1_30' title="bbox 639 1732 2217 1805">
     <span class='ocr_line' id='line_1_30' title="bbox 639 1732 2217 1805; baseline 0.003 -18"><span class='ocrx_word' id='word_1_202' title='bbox 639 1734 682 1803; x_wconf 74' lang='grc' dir='ltr'><strong>-ι-</strong></span> <span class='ocrx_word' id='word_1_203' title='bbox 708 1735 949 1788; x_wconf 90' lang='lat' dir='ltr'><strong>Mortem</strong></span> <span class='ocrx_word' id='word_1_204' title='bbox 978 1734 1254 1790; x_wconf 89' lang='lat' dir='ltr'><strong>acerbam</strong></span> <span class='ocrx_word' id='word_1_205' title='bbox 1275 1732 1486 1788; x_wconf 88' lang='lat' dir='ltr'><strong>habuit</strong></span> <span class='ocrx_word' id='word_1_206' title='bbox 1517 1733 1800 1789; x_wconf 89' lang='lat' dir='ltr'><strong>Herodes.</strong></span> <span class='ocrx_word' id='word_1_207' title='bbox 1823 1734 2004 1790; x_wconf 90' lang='lat' dir='ltr'><strong>Febre</strong></span> <span class='ocrx_word' id='word_1_208' title='bbox 2034 1735 2217 1805; x_wconf 90' lang='lat' dir='ltr'><strong>enim,</strong></span> 
     </span>
    </p>
   </div>
   <div class='ocr_carea' id='block_1_31' title="bbox 2322 1732 3940 1815">
    <p class='ocr_par' dir='ltr' id='par_1_31' title="bbox 2400 1737 3940 1815">
     <span class='ocr_line' id='line_1_31' title="bbox 2400 1737 3940 1815; baseline 0.002 -24"><span class='ocrx_word' id='word_1_209' title='bbox 2400 1739 2442 1808; x_wconf 77' lang='grc' dir='ltr'><strong>-ί-</strong></span> <span class='ocrx_word' id='word_1_210' title='bbox 2474 1741 2670 1812; x_wconf 83' lang='grc' dir='ltr'>Πικρὰν</span> <span class='ocrx_word' id='word_1_211' title='bbox 2718 1740 2832 1810; x_wconf 81' lang='grc'>(59)</span> <span class='ocrx_word' id='word_1_212' title='bbox 2874 1740 3109 1798; x_wconf 83' lang='grc' dir='ltr'>τελευτὴν</span> <span class='ocrx_word' id='word_1_213' title='bbox 3156 1742 3312 1811; x_wconf 80' lang='grc' dir='ltr'>ἔσχεν</span> <span class='ocrx_word' id='word_1_214' title='bbox 3367 1737 3679 1813; x_wconf 86' lang='grc' dir='ltr'>ὀἩρώδης,</span> <span class='ocrx_word' id='word_1_215' title='bbox 3726 1750 3940 1815; x_wconf 83' lang='grc' dir='ltr'>πυρετῷ</span> 
     </span>
    </p>
   </div>
   <div class='ocr_carea' id='block_1_32' title="bbox 567 1821 2185 1901">
    <p class='ocr_par' dir='ltr' id='par_1_32' title="bbox 567 1821 2185 1895">
     <span class='ocr_line' id='line_1_32' title="bbox 567 1821 2185 1895; baseline 0.001 -18"><span class='ocrx_word' id='word_1_216' title='bbox 567 1821 922 1893; x_wconf 86' lang='lat' dir='ltr'><strong>dysenteria,</strong></span> <span class='ocrx_word' id='word_1_217' title='bbox 944 1821 1160 1888; x_wconf 88' lang='lat' dir='ltr'><strong>scabie,</strong></span> <span class='ocrx_word' id='word_1_218' title='bbox 1188 1822 1461 1895; x_wconf 88' lang='lat' dir='ltr'><strong>podagra</strong></span> <span class='ocrx_word' id='word_1_219' title='bbox 1499 1837 1569 1877; x_wconf 88' lang='lat' dir='ltr'><strong>ac</strong></span> <span class='ocrx_word' id='word_1_220' title='bbox 1595 1822 1991 1878; x_wconf 88' lang='lat' dir='ltr'><strong>verendorum</strong></span> <span class='ocrx_word' id='word_1_221' title='bbox 2018 1828 2185 1895; x_wconf 90' lang='lat' dir='ltr'><strong>putre</strong></span> 
     </span>
    </p>
   </div>
   <div class='ocr_carea' id='block_1_33' title="bbox 2320 1821 3938 1901">
    <p class='ocr_par' dir='ltr' id='par_1_33' title="bbox 2328 1824 3938 1901">
     <span class='ocr_line' id='line_1_33' title="bbox 2328 1824 3938 1901; baseline 0.002 -23"><span class='ocrx_word' id='word_1_222' title='bbox 2328 1832 2417 1879; x_wconf 85' lang='grc' dir='ltr'>καὶ</span> <span class='ocrx_word' id='word_1_223' title='bbox 2463 1824 2790 1901; x_wconf 84' lang='grc' dir='ltr'>δυσεντερίᾳ,</span> <span class='ocrx_word' id='word_1_224' title='bbox 2848 1833 2931 1880; x_wconf 82' lang='grc' dir='ltr'><strong>καὶ</strong></span> <span class='ocrx_word' id='word_1_225' title='bbox 2984 1836 3202 1900; x_wconf 83' lang='grc' dir='ltr'>κνησμῷ</span> <span class='ocrx_word' id='word_1_226' title='bbox 3259 1834 3348 1881; x_wconf 87' lang='grc' dir='ltr'>καὶ</span> <span class='ocrx_word' id='word_1_227' title='bbox 3392 1832 3532 1900; x_wconf 81' lang='grc' dir='ltr'>ὄγκῳ</span> <span class='ocrx_word' id='word_1_228' title='bbox 3580 1826 3778 1896; x_wconf 82' lang='grc' dir='ltr'><strong>ποδῶν,</strong></span> <span class='ocrx_word' id='word_1_229' title='bbox 3838 1835 3938 1882; x_wconf 82' lang='grc' dir='ltr'>καὶ</span> 
     </span>
    </p>
   </div>
   <div class='ocr_carea' id='block_1_34' title="bbox 567 1910 2185 1990">
    <p class='ocr_par' dir='ltr' id='par_1_34' title="bbox 567 1910 2185 1982">
     <span class='ocr_line' id='line_1_34' title="bbox 567 1910 2185 1982; baseline 0.002 -17"><span class='ocrx_word' id='word_1_230' title='bbox 567 1910 726 1976; x_wconf 92' lang='lat' dir='ltr'><strong>dine,</strong></span> <span class='ocrx_word' id='word_1_231' title='bbox 758 1913 1139 1980; x_wconf 88' lang='lat' dir='ltr'><strong>generatione</strong></span> <span class='ocrx_word' id='word_1_232' title='bbox 1168 1911 1489 1980; x_wconf 82' lang='lat' dir='ltr'><strong>vermium,</strong></span> <span class='ocrx_word' id='word_1_233' title='bbox 1549 1910 1813 1982; x_wconf 87' lang='lat' dir='ltr'><strong>spirandi</strong></span> <span class='ocrx_word' id='word_1_234' title='bbox 1855 1910 2185 1969; x_wconf 83' lang='lat' dir='ltr'><strong>difﬁcultate</strong></span> 
     </span>
    </p>
   </div>
   <div class='ocr_carea' id='block_1_35' title="bbox 2315 1910 3933 1990">
    <p class='ocr_par' dir='ltr' id='par_1_35' title="bbox 2331 1913 3933 1990">
     <span class='ocr_line' id='line_1_35' title="bbox 2331 1913 3933 1990; baseline 0.001 -22"><span class='ocrx_word' id='word_1_235' title='bbox 2331 1915 2491 1986; x_wconf 67' lang='grc' dir='ltr'>σήψει</span> <span class='ocrx_word' id='word_1_236' title='bbox 2518 1923 2610 1967; x_wconf 82' lang='grc' dir='ltr'>τοῦ</span> <span class='ocrx_word' id='word_1_237' title='bbox 2658 1913 2864 1968; x_wconf 78' lang='grc' dir='ltr'>αἰδοίου</span> <span class='ocrx_word' id='word_1_238' title='bbox 2910 1916 3185 1980; x_wconf 78' lang='grc' dir='ltr'>σκώληκας</span> <span class='ocrx_word' id='word_1_239' title='bbox 3213 1922 3467 1990; x_wconf 77' lang='grc' dir='ltr'>γεννώση,</span> <span class='ocrx_word' id='word_1_240' title='bbox 3510 1922 3601 1969; x_wconf 87' lang='grc' dir='ltr'>καὶ</span> <span class='ocrx_word' id='word_1_241' title='bbox 3644 1914 3933 1989; x_wconf 74' lang='grc' dir='ltr'>δυσπνοίᾳ,</span> 
     </span>
    </p>
   </div>
   <div class='ocr_carea' id='block_1_36' title="bbox 568 1999 2186 2081">
    <p class='ocr_par' dir='ltr' id='par_1_36' title="bbox 568 1999 2127 2058">
     <span class='ocr_line' id='line_1_36' title="bbox 568 1999 2127 2058; baseline 0 -3"><span class='ocrx_word' id='word_1_242' title='bbox 568 2003 897 2057; x_wconf 89' lang='lat' dir='ltr'><strong>actremore</strong></span> <span class='ocrx_word' id='word_1_243' title='bbox 928 2000 1348 2057; x_wconf 90' lang='lat' dir='ltr'><strong>membrorum</strong></span> <span class='ocrx_word' id='word_1_244' title='bbox 1376 1999 1601 2056; x_wconf 91' lang='lat' dir='ltr'><strong>malam</strong></span> <span class='ocrx_word' id='word_1_245' title='bbox 1634 1999 1810 2056; x_wconf 86' lang='lat' dir='ltr'><strong>solvit</strong></span> <span class='ocrx_word' id='word_1_246' title='bbox 1837 2002 2127 2058; x_wconf 90' lang='lat' dir='ltr'><strong>animam.</strong></span> 
     </span>
    </p>
   </div>
   <div class='ocr_carea' id='block_1_37' title="bbox 2318 1999 3936 2081">
    <p class='ocr_par' dir='ltr' id='par_1_37' title="bbox 2328 2005 3936 2081">
     <span class='ocr_line' id='line_1_37' title="bbox 2328 2005 3936 2081; baseline 0.001 -25"><span class='ocrx_word' id='word_1_247' title='bbox 2328 2009 2417 2056; x_wconf 84' lang='grc' dir='ltr'>καὶ</span> <span class='ocrx_word' id='word_1_248' title='bbox 2468 2009 2665 2078; x_wconf 81' lang='grc' dir='ltr'><strong>τρόμῳ,</strong></span> <span class='ocrx_word' id='word_1_249' title='bbox 2717 2010 2806 2057; x_wconf 81' lang='grc' dir='ltr'>καὶ</span> <span class='ocrx_word' id='word_1_250' title='bbox 2847 2014 3076 2078; x_wconf 80' lang='grc' dir='ltr'>σπασμῷ</span> <span class='ocrx_word' id='word_1_251' title='bbox 3105 2014 3203 2059; x_wconf 91' lang='grc' dir='ltr'><strong>τῶν</strong></span> <span class='ocrx_word' id='word_1_252' title='bbox 3248 2006 3430 2078; x_wconf 86' lang='grc' dir='ltr'>μελῶν,</span> <span class='ocrx_word' id='word_1_253' title='bbox 3483 2005 3777 2081; x_wconf 77' lang='grc' dir='ltr'>ἀπορρήξας</span> <span class='ocrx_word' id='word_1_254' title='bbox 3834 2012 3936 2064; x_wconf 77' lang='grc' dir='ltr'>τὴν</span> 
     </span>
    </p>
   </div>
   <div class='ocr_carea' id='block_1_38' title="bbox 2328 2093 2793 2168">
    <p class='ocr_par' dir='ltr' id='par_1_38' title="bbox 2328 2093 2793 2168">
     <span class='ocr_line' id='line_1_38' title="bbox 2328 2093 2793 2168; baseline 0 -22"><span class='ocrx_word' id='word_1_255' title='bbox 2328 2096 2555 2168; x_wconf 85' lang='grc' dir='ltr'>πονηρὰν</span> <span class='ocrx_word' id='word_1_256' title='bbox 2586 2093 2793 2165; x_wconf 69' lang='grc' dir='ltr'>ψυχήν.</span> 
     </span>
    </p>
   </div>
   <div class='ocr_carea' id='block_1_39' title="bbox 640 2176 2258 2255">
    <p class='ocr_par' dir='ltr' id='par_1_39' title="bbox 640 2176 2219 2243">
     <span class='ocr_line' id='line_1_39' title="bbox 640 2176 2219 2243; baseline 0.004 -14"><span class='ocrx_word' id='word_1_257' title='bbox 640 2176 805 2230; x_wconf 80' lang='lat' dir='ltr'><strong>Vers.</strong></span> <span class='ocrx_word' id='word_1_258' title='bbox 835 2178 924 2233; x_wconf 79' lang='grc'><strong>21.</strong></span> <span class='ocrx_word' id='word_1_259' title='bbox 973 2176 1085 2243; x_wconf 80' lang='lat' dir='ltr'><strong>Qui</strong></span> <span class='ocrx_word' id='word_1_260' title='bbox 1114 2176 1405 2233; x_wconf 75' lang='lat' dir='ltr'><strong>excitatus</strong></span> <span class='ocrx_word' id='word_1_261' title='bbox 1436 2207 1503 2216; x_wconf 98' lang='lat'><em>—</em></span> <span class='ocrx_word' id='word_1_262' title='bbox 1528 2177 1689 2233; x_wconf 83' lang='lat' dir='ltr'><strong>Vers.</strong></span> <span class='ocrx_word' id='word_1_263' title='bbox 1718 2179 1806 2232; x_wconf 85' lang='lat'><strong>22.</strong></span> <span class='ocrx_word' id='word_1_264' title='bbox 1824 2178 1940 2234; x_wconf 82' lang='lat' dir='ltr'><strong>Ire.</strong></span> <span class='ocrx_word' id='word_1_265' title='bbox 1974 2178 2219 2235; x_wconf 88' lang='lat' dir='ltr'><strong>Volebat</strong></span> 
     </span>
    </p>
   </div>
   <div class='ocr_carea' id='block_1_40' title="bbox 2318 2176 3936 2255">
    <p class='ocr_par' dir='ltr' id='par_1_40' title="bbox 2396 2179 3936 2255">
     <span class='ocr_line' id='line_1_40' title="bbox 2396 2179 3936 2255; baseline 0.001 -20"><span class='ocrx_word' id='word_1_266' title='bbox 2396 2181 2453 2235; x_wconf 66' lang='grc' dir='ltr'><strong>Ὀ</strong></span> <span class='ocrx_word' id='word_1_267' title='bbox 2509 2179 2568 2236; x_wconf 69' lang='grc' dir='ltr'>δὲ</span> <span class='ocrx_word' id='word_1_268' title='bbox 2618 2182 2843 2255; x_wconf 74' lang='grc' dir='ltr'><strong>ἐγερθεὶς</strong></span> <span class='ocrx_word' id='word_1_269' title='bbox 2898 2214 2969 2224; x_wconf 91' lang='grc'><strong><em>-</em></strong></span> <span class='ocrx_word' id='word_1_270' title='bbox 3020 2182 3273 2238; x_wconf 76' lang='grc' dir='ltr'>ἀπελθεῖν.</span> <span class='ocrx_word' id='word_1_271' title='bbox 3308 2182 3574 2237; x_wconf 81' lang='grc' dir='ltr'>Ἐϐούλετο</span> <span class='ocrx_word' id='word_1_272' title='bbox 3620 2186 3710 2255; x_wconf 69' lang='grc' dir='ltr'>μὲν</span> <span class='ocrx_word' id='word_1_273' title='bbox 3752 2203 3936 2237; x_wconf 88' lang='grc' dir='ltr'>κατοι-</span> 
     </span>
    </p>
   </div>
   <div class='ocr_carea' id='block_1_41' title="bbox 568 2263 2186 2347">
    <p class='ocr_par' dir='ltr' id='par_1_41' title="bbox 568 2263 2186 2337">
     <span class='ocr_line' id='line_1_41' title="bbox 568 2263 2186 2337; baseline 0.001 -19"><span class='ocrx_word' id='word_1_274' title='bbox 568 2263 812 2335; x_wconf 90' lang='lat' dir='ltr'><strong>quidem</strong></span> <span class='ocrx_word' id='word_1_275' title='bbox 828 2264 1165 2320; x_wconf 87' lang='lat' dir='ltr'><strong>habitarein</strong></span> <span class='ocrx_word' id='word_1_276' title='bbox 1181 2263 1445 2337; x_wconf 87' lang='lat' dir='ltr'><strong>partibus</strong></span> <span class='ocrx_word' id='word_1_277' title='bbox 1457 2264 1486 2319; x_wconf 88' lang='lat' dir='ltr'><strong>J</strong></span> <span class='ocrx_word' id='word_1_278' title='bbox 1492 2265 2004 2337; x_wconf 72' lang='lat' dir='ltr'><strong>udaate,siquidem</strong></span> <span class='ocrx_word' id='word_1_279' title='bbox 2014 2268 2044 2321; x_wconf 81' lang='lat' dir='ltr'>J</span> <span class='ocrx_word' id='word_1_280' title='bbox 2051 2267 2186 2323; x_wconf 58' lang='lat' dir='ltr'><strong>udas.</strong></span> 
     </span>
    </p>
   </div>
   <div class='ocr_carea' id='block_1_42' title="bbox 2315 2263 3933 2347">
    <p class='ocr_par' dir='ltr' id='par_1_42' title="bbox 2326 2270 3933 2347">
     <span class='ocr_line' id='line_1_42' title="bbox 2326 2270 3933 2347; baseline 0.001 -24"><span class='ocrx_word' id='word_1_281' title='bbox 2326 2280 2491 2331; x_wconf 86' lang='grc' dir='ltr'>κῆσαι</span> <span class='ocrx_word' id='word_1_282' title='bbox 2524 2272 2573 2323; x_wconf 86' lang='grc' dir='ltr'>ἐν</span> <span class='ocrx_word' id='word_1_283' title='bbox 2622 2281 2732 2332; x_wconf 89' lang='grc' dir='ltr'>τοῖς</span> <span class='ocrx_word' id='word_1_284' title='bbox 2760 2275 2942 2345; x_wconf 83' lang='grc' dir='ltr'><strong>μέρεσι</strong></span> <span class='ocrx_word' id='word_1_285' title='bbox 2989 2282 3082 2334; x_wconf 78' lang='grc' dir='ltr'>τῆς</span> <span class='ocrx_word' id='word_1_286' title='bbox 3113 2270 3391 2333; x_wconf 77' lang='grc' dir='ltr'>Ἰουδαίας·</span> <span class='ocrx_word' id='word_1_287' title='bbox 3425 2282 3604 2346; x_wconf 86' lang='grc' dir='ltr'>χῶραι</span> <span class='ocrx_word' id='word_1_288' title='bbox 3649 2275 3751 2347; x_wconf 85' lang='grc' dir='ltr'><strong>γὰρ</strong></span> <span class='ocrx_word' id='word_1_289' title='bbox 3790 2270 3933 2331; x_wconf 77' lang='grc' dir='ltr'>ἦσαν</span> 
     </span>
    </p>
   </div>
   <div class='ocr_carea' id='block_1_43' title="bbox 502 2352 2120 2429">
    <p class='ocr_par' dir='ltr' id='par_1_43' title="bbox 502 2352 2120 2429">
     <span class='ocr_line' id='line_1_43' title="bbox 502 2352 2120 2429; baseline 0.002 -22"><span class='ocrx_word' id='word_1_290' title='bbox 502 2374 505 2375; x_wconf 49' lang='grc' dir='ltr'><strong>ν</strong></span> <span class='ocrx_word' id='word_1_291' title='bbox 569 2356 625 2408; x_wconf 91' lang='lat' dir='ltr'><strong>et</strong></span> <span class='ocrx_word' id='word_1_292' title='bbox 646 2352 885 2409; x_wconf 83' lang='lat' dir='ltr'><strong>Galilaea</strong></span> <span class='ocrx_word' id='word_1_293' title='bbox 901 2353 1210 2409; x_wconf 60' lang='lat' dir='ltr'><strong>Palestina</strong></span> <span class='ocrx_word' id='word_1_294' title='bbox 1233 2353 1508 2425; x_wconf 87' lang='lat' dir='ltr'><strong>regiones</strong></span> <span class='ocrx_word' id='word_1_295' title='bbox 1525 2360 1711 2411; x_wconf 90' lang='lat' dir='ltr'><strong>erant.</strong></span> <span class='ocrx_word' id='word_1_296' title='bbox 1738 2358 1950 2411; x_wconf 87' lang='lat' dir='ltr'><strong>Verum</strong></span> <span class='ocrx_word' id='word_1_297' title='bbox 1975 2372 2120 2429; x_wconf 85' lang='lat' dir='ltr'><strong>prop</strong></span> 
     </span>
    </p>
   </div>
   <div class='ocr_carea' id='block_1_44' title="bbox 2321 2352 3939 2429">
    <p class='ocr_par' dir='ltr' id='par_1_44' title="bbox 2326 2359 3939 2425">
     <span class='ocr_line' id='line_1_44' title="bbox 2326 2359 3939 2425; baseline 0.002 -13"><span class='ocrx_word' id='word_1_298' title='bbox 2326 2368 2421 2422; x_wconf 87' lang='grc' dir='ltr'>τῆς</span> <span class='ocrx_word' id='word_1_299' title='bbox 2452 2361 2822 2425; x_wconf 80' lang='grc' dir='ltr'>Παλαιστίνης,</span> <span class='ocrx_word' id='word_1_300' title='bbox 2869 2364 2899 2421; x_wconf 80' lang='grc' dir='ltr'>ἦ</span> <span class='ocrx_word' id='word_1_301' title='bbox 2950 2381 3003 2414; x_wconf 90' lang='grc' dir='ltr'><strong>τε</strong></span> <span class='ocrx_word' id='word_1_302' title='bbox 3035 2359 3272 2415; x_wconf 87' lang='grc' dir='ltr'>’Ῑουδαία</span> <span class='ocrx_word' id='word_1_303' title='bbox 3319 2364 3463 2420; x_wconf 81' lang='grc' dir='ltr'><strong>καὶὴ</strong></span> <span class='ocrx_word' id='word_1_304' title='bbox 3508 2360 3775 2414; x_wconf 74' lang='grc' dir='ltr'><strong>Γαλιλαία⁸</strong></span> <span class='ocrx_word' id='word_1_305' title='bbox 3834 2359 3939 2415; x_wconf 84' lang='grc' dir='ltr'><strong>διὰ</strong></span> 
     </span>
    </p>
   </div>
   <div class='ocr_carea' id='block_1_45' title="bbox 564 2440 2182 2525">
    <p class='ocr_par' dir='ltr' id='par_1_45' title="bbox 564 2440 2182 2517">
     <span class='ocr_line' id='line_1_45' title="bbox 564 2440 2182 2517; baseline 0.004 -23"><span class='ocrx_word' id='word_1_306' title='bbox 564 2440 917 2497; x_wconf 89' lang='lat' dir='ltr'><strong>Archelaum</strong></span> <span class='ocrx_word' id='word_1_307' title='bbox 948 2442 1143 2498; x_wconf 86' lang='lat' dir='ltr'><strong>timuit</strong></span> <span class='ocrx_word' id='word_1_308' title='bbox 1179 2442 1279 2499; x_wconf 92' lang='lat' dir='ltr'><strong>illo</strong></span> <span class='ocrx_word' id='word_1_309' title='bbox 1310 2443 1412 2508; x_wconf 89' lang='lat' dir='ltr'><strong>ire,</strong></span> <span class='ocrx_word' id='word_1_310' title='bbox 1474 2458 1548 2498; x_wconf 93' lang='lat' dir='ltr'><strong>ne</strong></span> <span class='ocrx_word' id='word_1_311' title='bbox 1576 2443 1721 2499; x_wconf 87' lang='lat' dir='ltr'><strong>forte</strong></span> <span class='ocrx_word' id='word_1_312' title='bbox 1752 2448 1808 2500; x_wconf 90' lang='lat' dir='ltr'><strong>et</strong></span> <span class='ocrx_word' id='word_1_313' title='bbox 1829 2447 1955 2516; x_wconf 89' lang='lat' dir='ltr'><strong>ipse</strong></span> <span class='ocrx_word' id='word_1_314' title='bbox 1986 2449 2182 2517; x_wconf 84' lang='lat' dir='ltr'><strong>patren</strong></span> 
     </span>
    </p>
   </div>
   <div class='ocr_carea' id='block_1_46' title="bbox 2318 2440 3936 2525">
    <p class='ocr_par' dir='ltr' id='par_1_46' title="bbox 2327 2446 3936 2525">
     <span class='ocr_line' id='line_1_46' title="bbox 2327 2446 3936 2525; baseline 0.001 -23"><span class='ocrx_word' id='word_1_315' title='bbox 2327 2446 2387 2502; x_wconf 74' lang='grc' dir='ltr'>δὲ</span> <span class='ocrx_word' id='word_1_316' title='bbox 2414 2452 2502 2502; x_wconf 91' lang='grc' dir='ltr'>τὸν</span> <span class='ocrx_word' id='word_1_317' title='bbox 2542 2450 2823 2525; x_wconf 85' lang='grc' dir='ltr'>Ἀρχέλαον</span> <span class='ocrx_word' id='word_1_318' title='bbox 2874 2449 3100 2522; x_wconf 79' lang='grc' dir='ltr'>ἐφοϐήθη</span> <span class='ocrx_word' id='word_1_319' title='bbox 3133 2450 3242 2503; x_wconf 86' lang='grc' dir='ltr'>ἐκεῖ</span> <span class='ocrx_word' id='word_1_320' title='bbox 3292 2450 3547 2519; x_wconf 83' lang='grc' dir='ltr'>ἀπελθεῖν,</span> <span class='ocrx_word' id='word_1_321' title='bbox 3599 2454 3798 2515; x_wconf 83' lang='grc' dir='ltr'>μήποτε</span> <span class='ocrx_word' id='word_1_322' title='bbox 3837 2455 3936 2503; x_wconf 82' lang='grc' dir='ltr'>καὶ</span> 
     </span>
    </p>
   </div>
   <div class='ocr_carea' id='block_1_47' title="bbox 563 2529 2181 2614">
    <p class='ocr_par' dir='ltr' id='par_1_47' title="bbox 563 2529 2181 2603">
     <span class='ocr_line' id='line_1_47' title="bbox 563 2529 2181 2603; baseline 0.003 -18"><span class='ocrx_word' id='word_1_323' title='bbox 563 2529 893 2586; x_wconf 90' lang='lat' dir='ltr'><strong>mitaretur.</strong></span> <span class='ocrx_word' id='word_1_324' title='bbox 928 2534 1131 2603; x_wconf 90' lang='lat' dir='ltr'><strong>Neque</strong></span> <span class='ocrx_word' id='word_1_325' title='bbox 1166 2531 1329 2587; x_wconf 89' lang='lat' dir='ltr'><strong>enim</strong></span> <span class='ocrx_word' id='word_1_326' title='bbox 1359 2531 1750 2589; x_wconf 86' lang='lat' dir='ltr'><strong>determinate</strong></span> <span class='ocrx_word' id='word_1_327' title='bbox 1777 2533 2181 2603; x_wconf 85' lang='lat' dir='ltr'><strong>signiﬁcavera</strong></span> 
     </span>
    </p>
   </div>
   <div class='ocr_carea' id='block_1_48' title="bbox 2319 2529 3937 2614">
    <p class='ocr_par' dir='ltr' id='par_1_48' title="bbox 2326 2536 3937 2614">
     <span class='ocr_line' id='line_1_48' title="bbox 2326 2536 3937 2614; baseline 0.001 -24"><span class='ocrx_word' id='word_1_328' title='bbox 2326 2538 2483 2601; x_wconf 68' lang='grc' dir='ltr'>αὐτὸς</span> <span class='ocrx_word' id='word_1_329' title='bbox 2533 2545 2835 2611; x_wconf 77' lang='grc' dir='ltr'>μιμὸσηται</span> <span class='ocrx_word' id='word_1_330' title='bbox 2863 2544 2950 2591; x_wconf 88' lang='grc' dir='ltr'>τὸν</span> <span class='ocrx_word' id='word_1_331' title='bbox 2981 2542 3201 2613; x_wconf 82' lang='grc' dir='ltr'>πατέρα.</span> <span class='ocrx_word' id='word_1_332' title='bbox 3264 2540 3338 2591; x_wconf 70' lang='grc' dir='ltr'><strong>Οὐ</strong></span> <span class='ocrx_word' id='word_1_333' title='bbox 3369 2542 3467 2614; x_wconf 84' lang='grc' dir='ltr'><strong>γὰρ</strong></span> <span class='ocrx_word' id='word_1_334' title='bbox 3515 2536 3695 2600; x_wconf 87' lang='grc' dir='ltr'>ἰδικῶς</span> <span class='ocrx_word' id='word_1_335' title='bbox 3721 2539 3937 2612; x_wconf 80' lang='grc' dir='ltr'>ἐσήμα-</span> 
     </span>
    </p>
   </div>
   <div class='ocr_carea' id='block_1_49' title="bbox 566 2618 2184 2701">
    <p class='ocr_par' dir='ltr' id='par_1_49' title="bbox 566 2618 2180 2687">
     <span class='ocr_line' id='line_1_49' title="bbox 566 2618 2180 2687; baseline 0.004 -15"><span class='ocrx_word' id='word_1_336' title='bbox 566 2618 816 2687; x_wconf 90' lang='lat' dir='ltr'><strong>angelus</strong></span> <span class='ocrx_word' id='word_1_337' title='bbox 844 2618 1228 2675; x_wconf 89' lang='lat' dir='ltr'><strong>habitationis</strong></span> <span class='ocrx_word' id='word_1_338' title='bbox 1268 2619 1490 2687; x_wconf 91' lang='lat' dir='ltr'><strong>locum,</strong></span> <span class='ocrx_word' id='word_1_339' title='bbox 1552 2625 1619 2677; x_wconf 93' lang='lat' dir='ltr'><strong>ut</strong></span> <span class='ocrx_word' id='word_1_340' title='bbox 1671 2622 1955 2678; x_wconf 90' lang='lat' dir='ltr'><strong>ﬁduciam</strong></span> <span class='ocrx_word' id='word_1_341' title='bbox 1993 2622 2180 2679; x_wconf 90' lang='lat' dir='ltr'><strong>haber</strong></span> 
     </span>
    </p>
   </div>
   <div class='ocr_carea' id='block_1_50' title="bbox 2318 2618 3936 2701">
    <p class='ocr_par' dir='ltr' id='par_1_50' title="bbox 2324 2628 3936 2701">
     <span class='ocr_line' id='line_1_50' title="bbox 2324 2628 3936 2701; baseline 0.001 -22"><span class='ocrx_word' id='word_1_342' title='bbox 2324 2647 2401 2680; x_wconf 88' lang='grc' dir='ltr'><strong>νεν</strong></span> <span class='ocrx_word' id='word_1_343' title='bbox 2457 2629 2482 2680; x_wconf 87' lang='grc' dir='ltr'><strong>ό</strong></span> <span class='ocrx_word' id='word_1_344' title='bbox 2531 2628 2749 2700; x_wconf 82' lang='grc' dir='ltr'>ἄγγελος</span> <span class='ocrx_word' id='word_1_345' title='bbox 2814 2631 2901 2681; x_wconf 87' lang='grc' dir='ltr'>τὸν</span> <span class='ocrx_word' id='word_1_346' title='bbox 2954 2633 3107 2681; x_wconf 87' lang='grc' dir='ltr'>τόπον</span> <span class='ocrx_word' id='word_1_347' title='bbox 3177 2636 3271 2691; x_wconf 81' lang='grc' dir='ltr'>τῆς</span> <span class='ocrx_word' id='word_1_348' title='bbox 3323 2632 3616 2699; x_wconf 74' lang='grc' dir='ltr'>κατοικίας,</span> <span class='ocrx_word' id='word_1_349' title='bbox 3674 2630 3756 2681; x_wconf 84' lang='grc' dir='ltr'><strong>ἱνα</strong></span> <span class='ocrx_word' id='word_1_350' title='bbox 3808 2631 3936 2701; x_wconf 82' lang='grc' dir='ltr'>ἔχοι</span> 
     </span>
    </p>
   </div>
   <div class='ocr_carea' id='block_1_51' title="bbox 565 2712 2183 2791">
    <p class='ocr_par' dir='ltr' id='par_1_51' title="bbox 565 2712 788 2778">
     <span class='ocr_line' id='line_1_51' title="bbox 565 2712 788 2778; baseline -0.009 -15"><span class='ocrx_word' id='word_1_351' title='bbox 565 2712 788 2778; x_wconf 90' lang='lat' dir='ltr'><strong>posset.</strong></span> 
     </span>
    </p>
   </div>
   <div class='ocr_carea' id='block_1_52' title="bbox 933 2712 2551 2791">
    <p class='ocr_par' dir='ltr' id='par_1_52' title="bbox 2329 2716 2551 2791">
     <span class='ocr_line' id='line_1_52' title="bbox 2329 2716 2551 2791; baseline 0.005 -23"><span class='ocrx_word' id='word_1_352' title='bbox 2329 2716 2551 2791; x_wconf 84' lang='grc' dir='ltr'>θαρῥεῖν.</span> 
     </span>
    </p>
   </div>
   <div class='ocr_carea' id='block_1_53' title="bbox 638 2796 2256 2881">
    <p class='ocr_par' dir='ltr' id='par_1_53' title="bbox 638 2796 2214 2872">
     <span class='ocr_line' id='line_1_53' title="bbox 638 2796 2214 2872; baseline 0.004 -20"><span class='ocrx_word' id='word_1_353' title='bbox 638 2796 798 2853; x_wconf 88' lang='lat' dir='ltr'><strong>Scire</strong></span> <span class='ocrx_word' id='word_1_354' title='bbox 839 2800 1037 2853; x_wconf 88' lang='lat' dir='ltr'><strong>autem</strong></span> <span class='ocrx_word' id='word_1_355' title='bbox 1071 2801 1316 2870; x_wconf 88' lang='lat' dir='ltr'><strong>oportet,</strong></span> <span class='ocrx_word' id='word_1_356' title='bbox 1361 2798 1547 2871; x_wconf 90' lang='lat' dir='ltr'><strong>quod,</strong></span> <span class='ocrx_word' id='word_1_357' title='bbox 1606 2802 1839 2855; x_wconf 92' lang='lat' dir='ltr'><strong>mortuo</strong></span> <span class='ocrx_word' id='word_1_358' title='bbox 1888 2815 2214 2872; x_wconf 90' lang='lat' dir='ltr'><strong>puerorum</strong></span> 
     </span>
    </p>
   </div>
   <div class='ocr_carea' id='block_1_54' title="bbox 2313 2796 3931 2881">
    <p class='ocr_par' dir='ltr' id='par_1_54' title="bbox 2395 2802 3931 2881">
     <span class='ocr_line' id='line_1_54' title="bbox 2395 2802 3931 2881; baseline 0 -22"><span class='ocrx_word' id='word_1_359' title='bbox 2395 2810 2510 2879; x_wconf 83' lang='grc' dir='ltr'>Χρὴ</span> <span class='ocrx_word' id='word_1_360' title='bbox 2564 2802 2623 2858; x_wconf 71' lang='grc' dir='ltr'>δὲ</span> <span class='ocrx_word' id='word_1_361' title='bbox 2658 2812 2931 2878; x_wconf 72' lang='grc' dir='ltr'>γινώσκειν</span> <span class='ocrx_word' id='word_1_362' title='bbox 2989 2807 3090 2873; x_wconf 87' lang='grc' dir='ltr'>ὅτι,</span> <span class='ocrx_word' id='word_1_363' title='bbox 3146 2812 3237 2858; x_wconf 85' lang='grc' dir='ltr'>τοῦ</span> <span class='ocrx_word' id='word_1_364' title='bbox 3281 2802 3631 2859; x_wconf 86' lang='grc' dir='ltr'>παιδοκτόνου</span> <span class='ocrx_word' id='word_1_365' title='bbox 3684 2803 3931 2881; x_wconf 81' lang='grc' dir='ltr'>Ἡρώδου</span> 
     </span>
    </p>
   </div>
   <div class='ocr_carea' id='block_1_55' title="bbox 564 2885 2182 2970">
    <p class='ocr_par' dir='ltr' id='par_1_55' title="bbox 564 2885 2182 2959">
     <span class='ocr_line' id='line_1_55' title="bbox 564 2885 2182 2959; baseline 0.003 -18"><span class='ocrx_word' id='word_1_366' title='bbox 564 2885 935 2942; x_wconf 88' lang='lat' dir='ltr'><strong>interfectore</strong></span> <span class='ocrx_word' id='word_1_367' title='bbox 998 2888 1245 2957; x_wconf 89' lang='lat' dir='ltr'><strong>Herode,</strong></span> <span class='ocrx_word' id='word_1_368' title='bbox 1301 2893 1560 2959; x_wconf 88' lang='lat' dir='ltr'><strong>quatuor</strong></span> <span class='ocrx_word' id='word_1_369' title='bbox 1619 2887 1755 2942; x_wconf 89' lang='lat' dir='ltr'><strong>ﬁliis</strong></span> <span class='ocrx_word' id='word_1_370' title='bbox 1807 2888 1937 2959; x_wconf 89' lang='lat' dir='ltr'><strong>ejus</strong></span> <span class='ocrx_word' id='word_1_371' title='bbox 1992 2889 2182 2946; x_wconf 80' lang='lat' dir='ltr'><strong>electis</strong></span> 
     </span>
    </p>
   </div>
   <div class='ocr_carea' id='block_1_56' title="bbox 2312 2885 3930 2970">
    <p class='ocr_par' dir='ltr' id='par_1_56' title="bbox 2323 2893 3930 2970">
     <span class='ocr_line' id='line_1_56' title="bbox 2323 2893 3930 2970; baseline 0.002 -25"><span class='ocrx_word' id='word_1_372' title='bbox 2323 2893 2741 2966; x_wconf 77' lang='grc' dir='ltr'>τελευτήσαντος,</span> <span class='ocrx_word' id='word_1_373' title='bbox 2815 2903 2925 2957; x_wconf 89' lang='grc' dir='ltr'>τοῖς</span> <span class='ocrx_word' id='word_1_374' title='bbox 2994 2897 3321 2970; x_wconf 84' lang='grc' dir='ltr'>προκριθεῐσι</span> <span class='ocrx_word' id='word_1_375' title='bbox 3400 2901 3657 2969; x_wconf 77' lang='grc' dir='ltr'>τέσσαρσι</span> <span class='ocrx_word' id='word_1_376' title='bbox 3736 2898 3930 2949; x_wconf 76' lang='grc' dir='ltr'>τούτου</span> 
     </span>
    </p>
   </div>
   <div class='ocr_carea' id='block_1_57' title="bbox 562 2972 2180 3057">
    <p class='ocr_par' dir='ltr' id='par_1_57' title="bbox 562 2972 2180 3049">
     <span class='ocr_line' id='line_1_57' title="bbox 562 2972 2180 3049; baseline 0.006 -21"><span class='ocrx_word' id='word_1_377' title='bbox 562 2972 757 3030; x_wconf 87' lang='lat' dir='ltr'><strong>divisit</strong></span> <span class='ocrx_word' id='word_1_378' title='bbox 795 2974 989 3032; x_wconf 66' lang='lat' dir='ltr'><strong>Caesar</strong></span> <span class='ocrx_word' id='word_1_379' title='bbox 1016 2979 1318 3046; x_wconf 89' lang='lat' dir='ltr'><strong>Augustus</strong></span> <span class='ocrx_word' id='word_1_380' title='bbox 1356 2992 1611 3046; x_wconf 89' lang='lat' dir='ltr'><strong>regnum</strong></span> <span class='ocrx_word' id='word_1_381' title='bbox 1656 2977 1872 3049; x_wconf 91' lang='lat' dir='ltr'><strong>ipsius.</strong></span> <span class='ocrx_word' id='word_1_382' title='bbox 1924 2979 2180 3037; x_wconf 51' lang='lat' dir='ltr'><strong>Archelai</strong></span> 
     </span>
    </p>
   </div>
   <div class='ocr_carea' id='block_1_58' title="bbox 2317 2972 3935 3057">
    <p class='ocr_par' dir='ltr' id='par_1_58' title="bbox 2322 2980 3935 3057">
     <span class='ocr_line' id='line_1_58' title="bbox 2322 2980 3935 3057; baseline 0.001 -21"><span class='ocrx_word' id='word_1_383' title='bbox 2322 2988 2479 3036; x_wconf 85' lang='grc' dir='ltr'>παισὶ</span> <span class='ocrx_word' id='word_1_384' title='bbox 2504 2988 2597 3042; x_wconf 81' lang='grc' dir='ltr'>τὴν</span> <span class='ocrx_word' id='word_1_385' title='bbox 2643 2983 2915 3056; x_wconf 81' lang='grc' dir='ltr'>βασιλείαν</span> <span class='ocrx_word' id='word_1_386' title='bbox 2960 2984 3116 3037; x_wconf 69' lang='grc' dir='ltr'>αὐτοῦ</span> <span class='ocrx_word' id='word_1_387' title='bbox 3167 2980 3349 3037; x_wconf 81' lang='grc' dir='ltr'>διεῖλεν</span> <span class='ocrx_word' id='word_1_388' title='bbox 3399 2986 3423 3035; x_wconf 91' lang='grc' dir='ltr'><strong>ό</strong></span> <span class='ocrx_word' id='word_1_389' title='bbox 3462 2991 3667 3057; x_wconf 85' lang='grc' dir='ltr'>Καῖσαρ</span> <span class='ocrx_word' id='word_1_390' title='bbox 3724 2987 3935 3056; x_wconf 77' lang='grc' dir='ltr'>Αὔγου-</span> 
     </span>
    </p>
   </div>
   <div class='ocr_carea' id='block_1_59' title="bbox 562 3063 2180 3146">
    <p class='ocr_par' dir='ltr' id='par_1_59' title="bbox 562 3063 2180 3135">
     <span class='ocr_line' id='line_1_59' title="bbox 562 3063 2180 3135; baseline 0.005 -18"><span class='ocrx_word' id='word_1_391' title='bbox 562 3063 809 3133; x_wconf 88' lang='lat' dir='ltr'><strong>quidem</strong></span> <span class='ocrx_word' id='word_1_392' title='bbox 847 3064 1068 3121; x_wconf 66' lang='lat' dir='ltr'><strong>Judaaae</strong></span> <span class='ocrx_word' id='word_1_393' title='bbox 1120 3065 1429 3135; x_wconf 87' lang='lat' dir='ltr'><strong>regionem</strong></span> <span class='ocrx_word' id='word_1_394' title='bbox 1493 3065 1835 3134; x_wconf 88' lang='lat' dir='ltr'><strong>distribuit;</strong></span> <span class='ocrx_word' id='word_1_395' title='bbox 1887 3067 2018 3123; x_wconf 91' lang='lat' dir='ltr'><strong>aliis</strong></span> <span class='ocrx_word' id='word_1_396' title='bbox 2071 3084 2180 3125; x_wconf 47' lang='lat' dir='ltr'><strong>veri</strong></span> 
     </span>
    </p>
   </div>
   <div class='ocr_carea' id='block_1_60' title="bbox 2314 3063 3932 3146">
    <p class='ocr_par' dir='ltr' id='par_1_60' title="bbox 2326 3070 3932 3146">
     <span class='ocr_line' id='line_1_60' title="bbox 2326 3070 3932 3146; baseline 0.002 -23"><span class='ocrx_word' id='word_1_397' title='bbox 2326 3092 2466 3134; x_wconf 78' lang='grc' dir='ltr'>στοςο</span> <span class='ocrx_word' id='word_1_398' title='bbox 2512 3077 2602 3125; x_wconf 87' lang='grc' dir='ltr'>καὶ</span> <span class='ocrx_word' id='word_1_399' title='bbox 2667 3081 2738 3143; x_wconf 85' lang='grc' dir='ltr'>τῷ</span> <span class='ocrx_word' id='word_1_400' title='bbox 2782 3076 2871 3145; x_wconf 73' lang='grc' dir='ltr'><strong>μεν</strong></span> <span class='ocrx_word' id='word_1_401' title='bbox 2924 3073 3194 3146; x_wconf 80' lang='grc' dir='ltr'>Ἀρχελάῳ</span> <span class='ocrx_word' id='word_1_402' title='bbox 3246 3077 3340 3131; x_wconf 80' lang='grc' dir='ltr'><strong>την</strong></span> <span class='ocrx_word' id='word_1_403' title='bbox 3408 3070 3670 3126; x_wconf 74' lang='grc' dir='ltr'>Ἰουδαίαν</span> <span class='ocrx_word' id='word_1_404' title='bbox 3740 3078 3932 3145; x_wconf 85' lang='grc' dir='ltr'>χώραν</span> 
     </span>
    </p>
   </div>
   <div class='ocr_carea' id='block_1_61' title="bbox 561 3152 2179 3238">
    <p class='ocr_par' dir='ltr' id='par_1_61' title="bbox 561 3152 2179 3223">
     <span class='ocr_line' id='line_1_61' title="bbox 561 3152 2179 3223; baseline 0.003 -15"><span class='ocrx_word' id='word_1_405' title='bbox 561 3154 749 3223; x_wconf 86' lang='lat' dir='ltr'><strong>partes</strong></span> <span class='ocrx_word' id='word_1_406' title='bbox 801 3152 971 3220; x_wconf 89' lang='lat' dir='ltr'><strong>alias,</strong></span> <span class='ocrx_word' id='word_1_407' title='bbox 1061 3154 1215 3211; x_wconf 90' lang='lat' dir='ltr'><strong>sicut</strong></span> <span class='ocrx_word' id='word_1_408' title='bbox 1269 3154 1409 3210; x_wconf 87' lang='lat' dir='ltr'><strong>dicit</strong></span> <span class='ocrx_word' id='word_1_409' title='bbox 1476 3155 1664 3211; x_wconf 88' lang='lat' dir='ltr'><strong>Lucas</strong></span> <span class='ocrx_word' id='word_1_410' title='bbox 1712 3156 1782 3211; x_wconf 66' lang='grc' dir='ltr'><strong>ιε.</strong></span> <span class='ocrx_word' id='word_1_411' title='bbox 1851 3155 1964 3212; x_wconf 93' lang='lat' dir='ltr'><strong>Eos</strong></span> <span class='ocrx_word' id='word_1_412' title='bbox 2015 3162 2179 3213; x_wconf 77' lang='lat' dir='ltr'><strong>auter</strong></span> 
     </span>
    </p>
   </div>
   <div class='ocr_carea' id='block_1_62' title="bbox 2315 3152 3933 3238">
    <p class='ocr_par' dir='ltr' id='par_1_62' title="bbox 2324 3158 3933 3235">
     <span class='ocr_line' id='line_1_62' title="bbox 2324 3158 3933 3235; baseline 0.001 -23"><span class='ocrx_word' id='word_1_413' title='bbox 2324 3159 2580 3233; x_wconf 81' lang='grc' dir='ltr'>ἀπένειμε,</span> <span class='ocrx_word' id='word_1_414' title='bbox 2652 3169 2758 3221; x_wconf 86' lang='grc' dir='ltr'>τοῖς</span> <span class='ocrx_word' id='word_1_415' title='bbox 2841 3162 3015 3223; x_wconf 80' lang='grc' dir='ltr'>ἄλλοις</span> <span class='ocrx_word' id='word_1_416' title='bbox 3086 3159 3145 3214; x_wconf 69' lang='grc' dir='ltr'>δὲ</span> <span class='ocrx_word' id='word_1_417' title='bbox 3195 3164 3286 3222; x_wconf 83' lang='grc' dir='ltr'><strong>τὰς</strong></span> <span class='ocrx_word' id='word_1_418' title='bbox 3330 3161 3487 3222; x_wconf 78' lang='grc' dir='ltr'>ἄλλας</span> <span class='ocrx_word' id='word_1_419' title='bbox 3558 3158 3798 3235; x_wconf 78' lang='grc' dir='ltr'>μερίδας,</span> <span class='ocrx_word' id='word_1_420' title='bbox 3864 3163 3933 3224; x_wconf 85' lang='grc' dir='ltr'>ὧς</span> 
     </span>
    </p>
   </div>
   <div class='ocr_carea' id='block_1_63' title="bbox 559 3243 2177 3323">
    <p class='ocr_par' dir='ltr' id='par_1_63' title="bbox 559 3243 2174 3319">
     <span class='ocr_line' id='line_1_63' title="bbox 559 3243 2174 3319; baseline 0.003 -23"><span class='ocrx_word' id='word_1_421' title='bbox 559 3255 731 3311; x_wconf 90' lang='lat' dir='ltr'><strong>reges</strong></span> <span class='ocrx_word' id='word_1_422' title='bbox 798 3243 1126 3299; x_wconf 88' lang='lat' dir='ltr'><strong>tetrarchas</strong></span> <span class='ocrx_word' id='word_1_423' title='bbox 1184 3244 1537 3308; x_wconf 84' lang='lat' dir='ltr'><strong>nominavit,</strong></span> <span class='ocrx_word' id='word_1_424' title='bbox 1604 3245 1891 3315; x_wconf 89' lang='lat' dir='ltr'><strong>quoniam</strong></span> <span class='ocrx_word' id='word_1_425' title='bbox 1961 3247 2174 3319; x_wconf 91' lang='lat' dir='ltr'><strong>quisqu</strong></span> 
     </span>
    </p>
   </div>
   <div class='ocr_carea' id='block_1_64' title="bbox 2312 3243 3930 3323">
    <p class='ocr_par' dir='ltr' id='par_1_64' title="bbox 2323 3246 3930 3323">
     <span class='ocr_line' id='line_1_64' title="bbox 2323 3246 3930 3323; baseline 0.002 -22"><span class='ocrx_word' id='word_1_426' title='bbox 2323 3268 2480 3321; x_wconf 80' lang='grc' dir='ltr'>φησιν</span> <span class='ocrx_word' id='word_1_427' title='bbox 2535 3250 2560 3300; x_wconf 86' lang='grc' dir='ltr'>ὁ</span> <span class='ocrx_word' id='word_1_428' title='bbox 2613 3255 2844 3311; x_wconf 83' lang='grc' dir='ltr'>Λουκᾶς.</span> <span class='ocrx_word' id='word_1_429' title='bbox 2896 3250 3152 3321; x_wconf 81' lang='grc' dir='ltr'>Ὠνόμασε</span> <span class='ocrx_word' id='word_1_430' title='bbox 3202 3246 3261 3302; x_wconf 74' lang='grc' dir='ltr'><strong>δε</strong></span> <span class='ocrx_word' id='word_1_431' title='bbox 3320 3250 3510 3311; x_wconf 78' lang='grc' dir='ltr'>αὐτοὺς</span> <span class='ocrx_word' id='word_1_432' title='bbox 3566 3249 3805 3323; x_wconf 82' lang='grc' dir='ltr'>βασιλεῖς</span> <span class='ocrx_word' id='word_1_433' title='bbox 3842 3270 3930 3304; x_wconf 86' lang='grc' dir='ltr'>τε-</span> 
     </span>
    </p>
   </div>
   <div class='ocr_carea' id='block_1_65' title="bbox 563 3330 2181 3413">
    <p class='ocr_par' dir='ltr' id='par_1_65' title="bbox 563 3330 2181 3403">
     <span class='ocr_line' id='line_1_65' title="bbox 563 3330 2181 3403; baseline 0.003 -19"><span class='ocrx_word' id='word_1_434' title='bbox 563 3344 770 3385; x_wconf 92' lang='lat' dir='ltr'><strong>eorum</strong></span> <span class='ocrx_word' id='word_1_435' title='bbox 788 3336 1015 3401; x_wconf 72' lang='lat' dir='ltr'><strong>quartae</strong></span> <span class='ocrx_word' id='word_1_436' title='bbox 1032 3330 1218 3402; x_wconf 89' lang='lat' dir='ltr'><strong>partis</strong></span> <span class='ocrx_word' id='word_1_437' title='bbox 1244 3331 1641 3403; x_wconf 81' lang='lat' dir='ltr'><strong>principatum</strong></span> <span class='ocrx_word' id='word_1_438' title='bbox 1671 3333 1932 3389; x_wconf 88' lang='lat' dir='ltr'><strong>tenebat.</strong></span> <span class='ocrx_word' id='word_1_439' title='bbox 1962 3333 2134 3398; x_wconf 87' lang='lat' dir='ltr'><strong>Quod</strong></span> <span class='ocrx_word' id='word_1_440' title='bbox 2162 3351 2181 3389; x_wconf 78' lang='grc' dir='ltr'><strong>ε</strong></span> 
     </span>
    </p>
   </div>
   <div class='ocr_carea' id='block_1_66' title="bbox 2316 3330 3934 3413">
    <p class='ocr_par' dir='ltr' id='par_1_66' title="bbox 2320 3334 3934 3413">
     <span class='ocr_line' id='line_1_66' title="bbox 2320 3334 3934 3413; baseline 0.002 -25"><span class='ocrx_word' id='word_1_441' title='bbox 2320 3338 2580 3411; x_wconf 88' lang='grc' dir='ltr'>τράρχας,</span> <span class='ocrx_word' id='word_1_442' title='bbox 2642 3335 2783 3390; x_wconf 87' lang='grc' dir='ltr'>διότι</span> <span class='ocrx_word' id='word_1_443' title='bbox 2820 3339 3036 3400; x_wconf 82' lang='grc' dir='ltr'>ἕκαστος</span> <span class='ocrx_word' id='word_1_444' title='bbox 3086 3340 3335 3411; x_wconf 83' lang='grc' dir='ltr'>τετάρτης</span> <span class='ocrx_word' id='word_1_445' title='bbox 3364 3334 3575 3411; x_wconf 85' lang='grc' dir='ltr'>μερίδος</span> <span class='ocrx_word' id='word_1_446' title='bbox 3629 3336 3814 3413; x_wconf 73' lang='grc' dir='ltr'>ἦρχεν.</span> <span class='ocrx_word' id='word_1_447' title='bbox 3868 3340 3934 3392; x_wconf 83' lang='grc' dir='ltr'>Εἰ</span> 
     </span>
    </p>
   </div>
   <div class='ocr_carea' id='block_1_67' title="bbox 564 3417 2182 3499">
    <p class='ocr_par' dir='ltr' id='par_1_67' title="bbox 564 3417 2182 3493">
     <span class='ocr_line' id='line_1_67' title="bbox 564 3417 2182 3493; baseline 0.004 -22"><span class='ocrx_word' id='word_1_448' title='bbox 564 3417 754 3473; x_wconf 88' lang='lat' dir='ltr'><strong>Lucas</strong></span> <span class='ocrx_word' id='word_1_449' title='bbox 778 3418 1053 3474; x_wconf 88' lang='lat' dir='ltr'><strong>Pontium</strong></span> <span class='ocrx_word' id='word_1_450' title='bbox 1093 3418 1346 3474; x_wconf 89' lang='lat' dir='ltr'><strong>Pilatum</strong></span> <span class='ocrx_word' id='word_1_451' title='bbox 1373 3418 1593 3475; x_wconf 66' lang='lat' dir='ltr'><strong>Judzem</strong></span> <span class='ocrx_word' id='word_1_452' title='bbox 1616 3420 1930 3491; x_wconf 82' lang='lat' dir='ltr'><strong>praesidem</strong></span> <span class='ocrx_word' id='word_1_453' title='bbox 1962 3423 2182 3493; x_wconf 82' lang='lat' dir='ltr'><strong>scripsit</strong></span> 
     </span>
    </p>
   </div>
   <div class='ocr_carea' id='block_1_68' title="bbox 2314 3417 3932 3499">
    <p class='ocr_par' dir='ltr' id='par_1_68' title="bbox 2323 3423 3932 3499">
     <span class='ocr_line' id='line_1_68' title="bbox 2323 3423 3932 3499; baseline -0.001 -21"><span class='ocrx_word' id='word_1_454' title='bbox 2323 3423 2382 3478; x_wconf 73' lang='grc' dir='ltr'>δὲ</span> <span class='ocrx_word' id='word_1_455' title='bbox 2433 3428 2457 3477; x_wconf 90' lang='grc' dir='ltr'><strong>ό</strong></span> <span class='ocrx_word' id='word_1_456' title='bbox 2503 3431 2707 3487; x_wconf 86' lang='grc' dir='ltr'>Λουκᾶς</span> <span class='ocrx_word' id='word_1_457' title='bbox 2755 3430 2839 3479; x_wconf 86' lang='grc' dir='ltr'><strong>τόν</strong></span> <span class='ocrx_word' id='word_1_458' title='bbox 2896 3432 3108 3481; x_wconf 85' lang='grc' dir='ltr'>Πόντιον</span> <span class='ocrx_word' id='word_1_459' title='bbox 3160 3427 3384 3480; x_wconf 88' lang='grc' dir='ltr'>Πιλάτον</span> <span class='ocrx_word' id='word_1_460' title='bbox 3442 3429 3769 3499; x_wconf 78' lang='grc' dir='ltr'>ἡγεμονεύειν</span> <span class='ocrx_word' id='word_1_461' title='bbox 3827 3435 3932 3489; x_wconf 81' lang='grc' dir='ltr'>τῆς</span> 
     </span>
    </p>
   </div>
   <div class='ocr_carea' id='block_1_69' title="bbox 563 3506 2181 3591">
    <p class='ocr_par' dir='ltr' id='par_1_69' title="bbox 563 3506 2181 3580">
     <span class='ocr_line' id='line_1_69' title="bbox 563 3506 2181 3580; baseline 0.004 -20"><span class='ocrx_word' id='word_1_462' title='bbox 563 3506 715 3560; x_wconf 89' lang='lat' dir='ltr'><strong>nihil</strong></span> <span class='ocrx_word' id='word_1_463' title='bbox 744 3508 988 3563; x_wconf 90' lang='lat' dir='ltr'><strong>mirum.</strong></span> <span class='ocrx_word' id='word_1_464' title='bbox 1020 3507 1410 3562; x_wconf 88' lang='lat' dir='ltr'><strong>Postmodum</strong></span> <span class='ocrx_word' id='word_1_465' title='bbox 1442 3507 1600 3563; x_wconf 90' lang='lat' dir='ltr'><strong>enim</strong></span> <span class='ocrx_word' id='word_1_466' title='bbox 1627 3510 1914 3565; x_wconf 82' lang='lat' dir='ltr'><strong>Archelao</strong></span> <span class='ocrx_word' id='word_1_467' title='bbox 1940 3526 1972 3566; x_wconf 91' lang='lat' dir='ltr'><strong>e</strong></span> <span class='ocrx_word' id='word_1_468' title='bbox 2028 3526 2181 3580; x_wconf 35' lang='lat' dir='ltr'><strong>regni</strong></span> 
     </span>
    </p>
   </div>
   <div class='ocr_carea' id='block_1_70' title="bbox 2312 3506 3930 3591">
    <p class='ocr_par' dir='ltr' id='par_1_70' title="bbox 2323 3511 3930 3591">
     <span class='ocr_line' id='line_1_70' title="bbox 2323 3511 3930 3591; baseline 0.001 -24"><span class='ocrx_word' id='word_1_469' title='bbox 2323 3511 2582 3577; x_wconf 87' lang='grc' dir='ltr'>Ἰουδαίας</span> <span class='ocrx_word' id='word_1_470' title='bbox 2648 3514 2953 3589; x_wconf 79' lang='grc' dir='ltr'>ἀνέγραψεν,</span> <span class='ocrx_word' id='word_1_471' title='bbox 3031 3512 3180 3568; x_wconf 66' lang='grc' dir='ltr'>οὐδὲν</span> <span class='ocrx_word' id='word_1_472' title='bbox 3234 3519 3427 3570; x_wconf 88' lang='grc' dir='ltr'>καινόν.</span> <span class='ocrx_word' id='word_1_473' title='bbox 3485 3522 3729 3589; x_wconf 85' lang='grc' dir='ltr'>Ὕστερον</span> <span class='ocrx_word' id='word_1_474' title='bbox 3795 3519 3930 3591; x_wconf 84' lang='grc' dir='ltr'>γὰρ,</span> 
     </span>
    </p>
   </div>
   <div class='ocr_carea' id='block_1_71' title="bbox 563 3596 2181 3678">
    <p class='ocr_par' dir='ltr' id='par_1_71' title="bbox 563 3596 2181 3668">
     <span class='ocr_line' id='line_1_71' title="bbox 563 3596 2181 3668; baseline 0.004 -19"><span class='ocrx_word' id='word_1_475' title='bbox 563 3599 802 3666; x_wconf 90' lang='lat' dir='ltr'><strong>propter</strong></span> <span class='ocrx_word' id='word_1_476' title='bbox 836 3596 1247 3652; x_wconf 87' lang='lat' dir='ltr'><strong>accusationes</strong></span> <span class='ocrx_word' id='word_1_477' title='bbox 1296 3596 1502 3666; x_wconf 87' lang='lat' dir='ltr'><strong>ejecto,</strong></span> <span class='ocrx_word' id='word_1_478' title='bbox 1559 3596 1621 3651; x_wconf 92' lang='lat' dir='ltr'><strong>in</strong></span> <span class='ocrx_word' id='word_1_479' title='bbox 1673 3604 1975 3668; x_wconf 87' lang='lat' dir='ltr'><strong>posterum</strong></span> <span class='ocrx_word' id='word_1_480' title='bbox 2032 3615 2181 3656; x_wconf 65' lang='lat' dir='ltr'><strong>nem:</strong></span> 
     </span>
    </p>
   </div>
   <div class='ocr_carea' id='block_1_72' title="bbox 2310 3596 3928 3678">
    <p class='ocr_par' dir='ltr' id='par_1_72' title="bbox 2322 3603 3928 3678">
     <span class='ocr_line' id='line_1_72' title="bbox 2322 3603 3928 3678; baseline 0.001 -22"><span class='ocrx_word' id='word_1_481' title='bbox 2322 3603 2615 3675; x_wconf 86' lang='grc' dir='ltr'>Ἀρχελάου</span> <span class='ocrx_word' id='word_1_482' title='bbox 2657 3613 2750 3666; x_wconf 88' lang='grc' dir='ltr'>τῆς</span> <span class='ocrx_word' id='word_1_483' title='bbox 2800 3603 3073 3677; x_wconf 79' lang='grc' dir='ltr'>βασιλείας</span> <span class='ocrx_word' id='word_1_484' title='bbox 3124 3604 3429 3666; x_wconf 78' lang='grc' dir='ltr'>ἕκπισόντος</span> <span class='ocrx_word' id='word_1_485' title='bbox 3475 3603 3529 3656; x_wconf 83' lang='grc' dir='ltr'>ἐκ</span> <span class='ocrx_word' id='word_1_486' title='bbox 3583 3609 3928 3678; x_wconf 84' lang='grc' dir='ltr'>κατηγορίας,</span> 
     </span>
    </p>
   </div>
   <div class='ocr_carea' id='block_1_73' title="bbox 564 3683 2182 3768">
    <p class='ocr_par' dir='ltr' id='par_1_73' title="bbox 564 3683 2182 3759">
     <span class='ocr_line' id='line_1_73' title="bbox 564 3683 2182 3759; baseline 0.004 -22"><span class='ocrx_word' id='word_1_487' title='bbox 564 3697 688 3748; x_wconf 86' lang='lat' dir='ltr'><strong>rex,</strong></span> <span class='ocrx_word' id='word_1_488' title='bbox 721 3683 825 3738; x_wconf 89' lang='lat' dir='ltr'><strong>sed</strong></span> <span class='ocrx_word' id='word_1_489' title='bbox 847 3687 1197 3756; x_wconf 88' lang='lat' dir='ltr'><strong>procurator</strong></span> <span class='ocrx_word' id='word_1_490' title='bbox 1249 3684 1573 3741; x_wconf 89' lang='lat' dir='ltr'><strong>dicebatur.</strong></span> <span class='ocrx_word' id='word_1_491' title='bbox 1618 3687 1825 3759; x_wconf 91' lang='lat' dir='ltr'><strong>Itaque</strong></span> <span class='ocrx_word' id='word_1_492' title='bbox 1878 3687 2099 3744; x_wconf 90' lang='lat' dir='ltr'><strong>Pilatus</strong></span> <span class='ocrx_word' id='word_1_493' title='bbox 2150 3688 2182 3744; x_wconf 80' lang='lat' dir='ltr'><strong>i1</strong></span> 
     </span>
    </p>
   </div>
   <div class='ocr_carea' id='block_1_74' title="bbox 2318 3683 3936 3768">
    <p class='ocr_par' dir='ltr' id='par_1_74' title="bbox 2319 3691 3936 3768">
     <span class='ocr_line' id='line_1_74' title="bbox 2319 3691 3936 3768; baseline 0.001 -25"><span class='ocrx_word' id='word_1_494' title='bbox 2319 3692 2491 3744; x_wconf 74' lang='grc' dir='ltr'>οὐκέτι</span> <span class='ocrx_word' id='word_1_495' title='bbox 2542 3691 2813 3764; x_wconf 80' lang='grc' dir='ltr'>βασιλεὺς,</span> <span class='ocrx_word' id='word_1_496' title='bbox 2856 3692 2963 3744; x_wconf 83' lang='grc' dir='ltr'>ἀλλ’</span> <span class='ocrx_word' id='word_1_497' title='bbox 3013 3691 3308 3768; x_wconf 80' lang='grc' dir='ltr'>ἐπίτροπος,</span> <span class='ocrx_word' id='word_1_498' title='bbox 3366 3696 3531 3746; x_wconf 81' lang='grc' dir='ltr'>εἶτουν</span> <span class='ocrx_word' id='word_1_499' title='bbox 3569 3693 3775 3765; x_wconf 86' lang='grc' dir='ltr'>ἡγεμὼν</span> <span class='ocrx_word' id='word_1_500' title='bbox 3828 3702 3936 3755; x_wconf 85' lang='grc' dir='ltr'>τῆς</span> 
     </span>
    </p>
   </div>
   <div class='ocr_carea' id='block_1_75' title="bbox 568 3770 2186 3856">
    <p class='ocr_par' dir='ltr' id='par_1_75' title="bbox 568 3770 2186 3842">
     <span class='ocr_line' id='line_1_75' title="bbox 568 3770 2186 3842; baseline 0.002 -17"><span class='ocrx_word' id='word_1_501' title='bbox 568 3770 877 3842; x_wconf 86' lang='lat' dir='ltr'><strong>praesidem</strong></span> <span class='ocrx_word' id='word_1_502' title='bbox 894 3771 1113 3828; x_wconf 68' lang='lat' dir='ltr'><strong>Iudaeae</strong></span> <span class='ocrx_word' id='word_1_503' title='bbox 1130 3771 1242 3828; x_wconf 91' lang='lat' dir='ltr'><strong>sub</strong></span> <span class='ocrx_word' id='word_1_504' title='bbox 1259 3772 1488 3830; x_wconf 87' lang='lat' dir='ltr'><strong>Tiberio</strong></span> <span class='ocrx_word' id='word_1_505' title='bbox 1506 3776 1735 3832; x_wconf 84' lang='lat' dir='ltr'><strong>Caesare</strong></span> <span class='ocrx_word' id='word_1_506' title='bbox 1752 3779 1978 3833; x_wconf 87' lang='lat' dir='ltr'><strong>aRoma</strong></span> <span class='ocrx_word' id='word_1_507' title='bbox 1994 3777 2186 3832; x_wconf 82' lang='lat' dir='ltr'><strong>missu:</strong></span> 
     </span>
    </p>
   </div>
   <div class='ocr_carea' id='block_1_76' title="bbox 2314 3770 3932 3856">
    <p class='ocr_par' dir='ltr' id='par_1_76' title="bbox 2319 3777 3932 3856">
     <span class='ocr_line' id='line_1_76' title="bbox 2319 3777 3932 3856; baseline 0.001 -22"><span class='ocrx_word' id='word_1_508' title='bbox 2319 3777 2580 3841; x_wconf 87' lang='grc' dir='ltr'>Ἰουδαίας</span> <span class='ocrx_word' id='word_1_509' title='bbox 2632 3782 2657 3833; x_wconf 86' lang='grc' dir='ltr'>ὁ</span> <span class='ocrx_word' id='word_1_510' title='bbox 2726 3781 2948 3842; x_wconf 88' lang='grc' dir='ltr'>Πιλάτος</span> <span class='ocrx_word' id='word_1_511' title='bbox 3019 3783 3117 3833; x_wconf 84' lang='grc' dir='ltr'>ὑπὸ</span> <span class='ocrx_word' id='word_1_512' title='bbox 3169 3779 3408 3856; x_wconf 84' lang='grc' dir='ltr'>Τιϐερίου</span> <span class='ocrx_word' id='word_1_513' title='bbox 3488 3784 3757 3854; x_wconf 85' lang='grc' dir='ltr'>Καίσαρος</span> <span class='ocrx_word' id='word_1_514' title='bbox 3818 3780 3932 3836; x_wconf 78' lang='grc' dir='ltr'>ἀπὸ</span> 
     </span>
    </p>
   </div>
   <div class='ocr_carea' id='block_1_77' title="bbox 566 3853 2892 3942">
    <p class='ocr_par' dir='ltr' id='par_1_77' title="bbox 566 3853 2892 3942">
     <span class='ocr_line' id='line_1_77' title="bbox 566 3853 2892 3942; baseline 0.004 -28"><span class='ocrx_word' id='word_1_515' title='bbox 566 3864 658 3915; x_wconf 88' lang='lat' dir='ltr'><strong>est</strong></span> <span class='ocrx_word' id='word_1_516' title='bbox 2316 3853 2485 3942; x_wconf 78' lang='grc' dir='ltr'>Ῥώμη</span> <span class='ocrx_word' id='word_1_517' title='bbox 2496 3890 2517 3932; x_wconf 90' lang='grc' dir='ltr'><strong>ς</strong></span> <span class='ocrx_word' id='word_1_518' title='bbox 2548 3868 2867 3932; x_wconf 79' lang='grc' dir='ltr'>ἐξαπεστάλη</span> <span class='ocrx_word' id='word_1_519' title='bbox 2879 3910 2892 3923; x_wconf 93' lang='grc'><strong>.</strong></span> 
     </span>
    </p>
   </div>
   <div class='ocr_carea' id='block_1_78' title="bbox 634 3948 2252 4032">
    <p class='ocr_par' dir='ltr' id='par_1_78' title="bbox 634 3948 2209 4024">
     <span class='ocr_line' id='line_1_78' title="bbox 634 3948 2209 4024; baseline 0.007 -22"><span class='ocrx_word' id='word_1_520' title='bbox 634 3948 801 4003; x_wconf 84' lang='lat' dir='ltr'><strong>Vers.</strong></span> <span class='ocrx_word' id='word_1_521' title='bbox 840 3950 935 4007; x_wconf 83' lang='lat'><strong>22.</strong></span> <span class='ocrx_word' id='word_1_522' title='bbox 982 3951 1235 4007; x_wconf 84' lang='lat' dir='ltr'><strong>Graculo</strong></span> <span class='ocrx_word' id='word_1_523' title='bbox 1286 3958 1475 4009; x_wconf 82' lang='lat' dir='ltr'><strong>autem</strong></span> <span class='ocrx_word' id='word_1_524' title='bbox 1536 3960 1766 4024; x_wconf 85' lang='lat' dir='ltr'><strong>accepto</strong></span> <span class='ocrx_word' id='word_1_525' title='bbox 1818 3985 1889 3997; x_wconf 62' lang='grc' dir='ltr'><strong>κ-</strong></span> <span class='ocrx_word' id='word_1_526' title='bbox 1930 3955 2093 4011; x_wconf 81' lang='lat' dir='ltr'><strong>Vers.</strong></span> <span class='ocrx_word' id='word_1_527' title='bbox 2118 3957 2209 4013; x_wconf 87' lang='lat'><strong>23.</strong></span> 
     </span>
    </p>
   </div>
   <div class='ocr_carea' id='block_1_79' title="bbox 2313 3948 3931 4032">
    <p class='ocr_par' dir='ltr' id='par_1_79' title="bbox 2389 3955 3931 4032">
     <span class='ocr_line' id='line_1_79' title="bbox 2389 3955 3931 4032; baseline -0.001 -21"><span class='ocrx_word' id='word_1_528' title='bbox 2389 3961 2785 4032; x_wconf 81' lang='grc' dir='ltr'>Χρηματισθεὶς</span> <span class='ocrx_word' id='word_1_529' title='bbox 2844 3955 3002 4011; x_wconf 75' lang='grc' dir='ltr'><strong>δὲ-</strong></span> <span class='ocrx_word' id='word_1_530' title='bbox 3056 3960 3321 4031; x_wconf 70' lang='grc' dir='ltr'>Ναζαρέτ.</span> <span class='ocrx_word' id='word_1_531' title='bbox 3378 3962 3481 4012; x_wconf 85' lang='grc' dir='ltr'><strong>Καὶ</strong></span> <span class='ocrx_word' id='word_1_532' title='bbox 3538 3962 3663 4031; x_wconf 79' lang='grc' dir='ltr'>μὴν,</span> <span class='ocrx_word' id='word_1_533' title='bbox 3722 3962 3765 4011; x_wconf 88' lang='grc' dir='ltr'><strong>εί</strong></span> <span class='ocrx_word' id='word_1_534' title='bbox 3827 3962 3931 4017; x_wconf 79' lang='grc' dir='ltr'>τὴν</span> 
     </span>
    </p>
   </div>
   <div class='ocr_carea' id='block_1_80' title="bbox 564 4036 2182 4120">
    <p class='ocr_par' dir='ltr' id='par_1_80' title="bbox 564 4036 2180 4117">
     <span class='ocr_line' id='line_1_80' title="bbox 564 4036 2180 4117; baseline 0.005 -24"><span class='ocrx_word' id='word_1_535' title='bbox 564 4036 897 4095; x_wconf 71' lang='lat' dir='ltr'><strong>Nazareth.</strong></span> <span class='ocrx_word' id='word_1_536' title='bbox 930 4039 1101 4110; x_wconf 79' lang='lat' dir='ltr'><strong>Atqui</strong></span> <span class='ocrx_word' id='word_1_537' title='bbox 1123 4039 1248 4095; x_wconf 88' lang='lat' dir='ltr'><strong>siin</strong></span> <span class='ocrx_word' id='word_1_538' title='bbox 1270 4041 1533 4097; x_wconf 61' lang='lat' dir='ltr'><strong>Judwam</strong></span> <span class='ocrx_word' id='word_1_539' title='bbox 1554 4043 1637 4098; x_wconf 92' lang='lat' dir='ltr'><strong>ire</strong></span> <span class='ocrx_word' id='word_1_540' title='bbox 1660 4045 1962 4101; x_wconf 89' lang='lat' dir='ltr'><strong>metuebat</strong></span> <span class='ocrx_word' id='word_1_541' title='bbox 1976 4048 2180 4117; x_wconf 90' lang='lat' dir='ltr'><strong>propte</strong></span> 
     </span>
    </p>
   </div>
   <div class='ocr_carea' id='block_1_81' title="bbox 2314 4036 3932 4120">
    <p class='ocr_par' dir='ltr' id='par_1_81' title="bbox 2321 4043 3932 4120">
     <span class='ocr_line' id='line_1_81' title="bbox 2321 4043 3932 4120; baseline 0.001 -20"><span class='ocrx_word' id='word_1_542' title='bbox 2321 4043 2585 4100; x_wconf 85' lang='grc' dir='ltr'>Ἰουδαίαν</span> <span class='ocrx_word' id='word_1_543' title='bbox 2617 4046 2867 4120; x_wconf 78' lang='grc' dir='ltr'>ἐφοϐήθη,</span> <span class='ocrx_word' id='word_1_544' title='bbox 2903 4044 2975 4100; x_wconf 89' lang='grc' dir='ltr'>δι’</span> <span class='ocrx_word' id='word_1_545' title='bbox 3021 4047 3326 4120; x_wconf 75' lang='grc' dir='ltr'>Ἀρχέλαον,</span> <span class='ocrx_word' id='word_1_546' title='bbox 3365 4043 3471 4100; x_wconf 81' lang='grc' dir='ltr'>ἔδει</span> <span class='ocrx_word' id='word_1_547' title='bbox 3512 4046 3803 4119; x_wconf 78' lang='grc' dir='ltr'>φοϐηθῆναι</span> <span class='ocrx_word' id='word_1_548' title='bbox 3832 4052 3932 4101; x_wconf 85' lang='grc' dir='ltr'><strong>καὶ</strong></span> 
     </span>
    </p>
   </div>
   <div class='ocr_carea' id='block_1_82' title="bbox 564 4125 2182 4208">
    <p class='ocr_par' dir='ltr' id='par_1_82' title="bbox 564 4125 2179 4205">
     <span class='ocr_line' id='line_1_82' title="bbox 564 4125 2179 4205; baseline 0.006 -25"><span class='ocrx_word' id='word_1_549' title='bbox 564 4125 941 4193; x_wconf 81' lang='lat' dir='ltr'><strong>Archelaum,</strong></span> <span class='ocrx_word' id='word_1_550' title='bbox 969 4128 1285 4199; x_wconf 90' lang='lat' dir='ltr'><strong>oportebat</strong></span> <span class='ocrx_word' id='word_1_551' title='bbox 1315 4134 1371 4185; x_wconf 91' lang='lat' dir='ltr'><strong>et</strong></span> <span class='ocrx_word' id='word_1_552' title='bbox 1403 4130 1706 4187; x_wconf 69' lang='lat' dir='ltr'><strong>Galilaeam</strong></span> <span class='ocrx_word' id='word_1_553' title='bbox 1739 4133 1943 4188; x_wconf 90' lang='lat' dir='ltr'><strong>timere</strong></span> <span class='ocrx_word' id='word_1_554' title='bbox 1973 4138 2179 4205; x_wconf 90' lang='lat' dir='ltr'><strong>propte</strong></span> 
     </span>
    </p>
   </div>
   <div class='ocr_carea' id='block_1_83' title="bbox 2311 4125 3929 4208">
    <p class='ocr_par' dir='ltr' id='par_1_83' title="bbox 2319 4130 3929 4208">
     <span class='ocr_line' id='line_1_83' title="bbox 2319 4130 3929 4208; baseline -0.001 -20"><span class='ocrx_word' id='word_1_555' title='bbox 2319 4140 2412 4194; x_wconf 81' lang='grc' dir='ltr'>τὴν</span> <span class='ocrx_word' id='word_1_556' title='bbox 2472 4135 2767 4202; x_wconf 87' lang='grc' dir='ltr'>Γαλιλαίαν,</span> <span class='ocrx_word' id='word_1_557' title='bbox 2839 4132 2933 4188; x_wconf 77' lang='grc' dir='ltr'><strong>διὰ</strong></span> <span class='ocrx_word' id='word_1_558' title='bbox 2982 4138 3069 4187; x_wconf 88' lang='grc' dir='ltr'>τὸν</span> <span class='ocrx_word' id='word_1_559' title='bbox 3132 4132 3351 4208; x_wconf 76' lang='grc' dir='ltr'>ἀδελφὸν</span> <span class='ocrx_word' id='word_1_560' title='bbox 3424 4135 3585 4188; x_wconf 77' lang='grc' dir='ltr'>αὐτοῦ</span> <span class='ocrx_word' id='word_1_561' title='bbox 3655 4130 3929 4208; x_wconf 77' lang='grc' dir='ltr'>Ἡρώδην,</span> 
     </span>
    </p>
   </div>
   <div class='ocr_carea' id='block_1_84' title="bbox 562 4212 2180 4299">
    <p class='ocr_par' dir='ltr' id='par_1_84' title="bbox 562 4212 2180 4290">
     <span class='ocr_line' id='line_1_84' title="bbox 562 4212 2180 4290; baseline 0.006 -21"><span class='ocrx_word' id='word_1_562' title='bbox 562 4212 801 4271; x_wconf 86' lang='lat' dir='ltr'><strong>fratrem</strong></span> <span class='ocrx_word' id='word_1_563' title='bbox 833 4216 956 4286; x_wconf 89' lang='lat' dir='ltr'><strong>ejus</strong></span> <span class='ocrx_word' id='word_1_564' title='bbox 986 4216 1298 4285; x_wconf 86' lang='lat' dir='ltr'><strong>Herodem,</strong></span> <span class='ocrx_word' id='word_1_565' title='bbox 1355 4218 1454 4290; x_wconf 90' lang='lat' dir='ltr'><strong>qui</strong></span> <span class='ocrx_word' id='word_1_566' title='bbox 1511 4219 1574 4275; x_wconf 90' lang='lat' dir='ltr'><strong>in</strong></span> <span class='ocrx_word' id='word_1_567' title='bbox 1604 4236 1676 4277; x_wconf 89' lang='lat' dir='ltr'><strong>ea</strong></span> <span class='ocrx_word' id='word_1_568' title='bbox 1724 4222 2015 4278; x_wconf 87' lang='lat' dir='ltr'><strong>tetrarcha</strong></span> <span class='ocrx_word' id='word_1_569' title='bbox 2066 4228 2180 4280; x_wconf 75' lang='lat' dir='ltr'><strong>erat</strong></span> 
     </span>
    </p>
   </div>
   <div class='ocr_carea' id='block_1_85' title="bbox 2310 4212 3928 4299">
    <p class='ocr_par' dir='ltr' id='par_1_85' title="bbox 2319 4221 3928 4299">
     <span class='ocr_line' id='line_1_85' title="bbox 2319 4221 3928 4299; baseline -0.001 -22"><span class='ocrx_word' id='word_1_570' title='bbox 2319 4232 2711 4299; x_wconf 85' lang='grc' dir='ltr'>τετραρχοῦντα</span> <span class='ocrx_word' id='word_1_571' title='bbox 2762 4224 2943 4289; x_wconf 77' lang='grc' dir='ltr'>αὐτῆς,</span> <span class='ocrx_word' id='word_1_572' title='bbox 3002 4225 3070 4286; x_wconf 85' lang='grc' dir='ltr'>ὦς</span> <span class='ocrx_word' id='word_1_573' title='bbox 3129 4243 3258 4296; x_wconf 90' lang='grc' dir='ltr'>φησι</span> <span class='ocrx_word' id='word_1_574' title='bbox 3310 4229 3537 4285; x_wconf 88' lang='grc' dir='ltr'>Λουκᾶς·</span> <span class='ocrx_word' id='word_1_575' title='bbox 3597 4221 3764 4283; x_wconf 71' lang='grc' dir='ltr'>ἀλλ’ἢ</span> <span class='ocrx_word' id='word_1_576' title='bbox 3819 4230 3928 4282; x_wconf 91' lang='grc' dir='ltr'>Βη-</span> 
     </span>
    </p>
   </div>
   <div class='ocr_carea' id='block_1_86' title="bbox 566 4302 2184 4386">
    <p class='ocr_par' dir='ltr' id='par_1_86' title="bbox 566 4302 2184 4377">
     <span class='ocr_line' id='line_1_86' title="bbox 566 4302 2184 4377; baseline 0.007 -20"><span class='ocrx_word' id='word_1_577' title='bbox 566 4302 716 4359; x_wconf 90' lang='lat' dir='ltr'><strong>sicut</strong></span> <span class='ocrx_word' id='word_1_578' title='bbox 734 4303 874 4359; x_wconf 91' lang='lat' dir='ltr'><strong>dicit</strong></span> <span class='ocrx_word' id='word_1_579' title='bbox 903 4306 1119 4361; x_wconf 89' lang='lat' dir='ltr'><strong>Lucas.</strong></span> <span class='ocrx_word' id='word_1_580' title='bbox 1152 4307 1375 4365; x_wconf 90' lang='lat' dir='ltr'><strong>Verum</strong></span> <span class='ocrx_word' id='word_1_581' title='bbox 1407 4306 1729 4377; x_wconf 88' lang='lat' dir='ltr'><strong>Bethleem,</strong></span> <span class='ocrx_word' id='word_1_582' title='bbox 1754 4310 1865 4367; x_wconf 90' lang='lat' dir='ltr'><strong>sita</strong></span> <span class='ocrx_word' id='word_1_583' title='bbox 1892 4310 1952 4368; x_wconf 93' lang='lat' dir='ltr'><strong>in</strong></span> <span class='ocrx_word' id='word_1_584' title='bbox 1983 4312 2184 4369; x_wconf 68' lang='lat' dir='ltr'><strong>Judaea</strong></span> 
     </span>
    </p>
   </div>
   <div class='ocr_carea' id='block_1_87' title="bbox 1916 4302 3534 4386">
    <p class='ocr_par' dir='ltr' id='par_1_87' title="bbox 1916 4310 3534 4386">
     <span class='ocr_line' id='line_1_87' title="bbox 1916 4310 3534 4386; baseline -0.001 -19"><span class='ocrx_word' id='word_1_585' title='bbox 1916 4326 1952 4367; x_wconf 93' lang='lat' dir='ltr'><strong>n</strong></span> <span class='ocrx_word' id='word_1_586' title='bbox 1983 4312 2209 4377; x_wconf 66' lang='lat' dir='ltr'><strong>Judaea,</strong></span> <span class='ocrx_word' id='word_1_587' title='bbox 2322 4312 2471 4385; x_wconf 73' lang='grc' dir='ltr'>θλεεμ</span> <span class='ocrx_word' id='word_1_588' title='bbox 2502 4310 2563 4371; x_wconf 73' lang='grc' dir='ltr'>ἦν</span> <span class='ocrx_word' id='word_1_589' title='bbox 2591 4314 2836 4379; x_wconf 79' lang='grc' dir='ltr'>ὕποπτος,</span> <span class='ocrx_word' id='word_1_590' title='bbox 2870 4311 2917 4365; x_wconf 78' lang='grc' dir='ltr'>ἐν</span> <span class='ocrx_word' id='word_1_591' title='bbox 2948 4320 3010 4386; x_wconf 77' lang='grc' dir='ltr'>τῇ</span> <span class='ocrx_word' id='word_1_592' title='bbox 3048 4310 3284 4386; x_wconf 82' lang='grc' dir='ltr'>Ἰουδαίᾳ</span> <span class='ocrx_word' id='word_1_593' title='bbox 3306 4316 3534 4386; x_wconf 88' lang='grc' dir='ltr'>κειμένη.</span> 
     </span>
    </p>
   </div>
   <div class='ocr_carea' id='block_1_88' title="bbox 563 4396 1013 4461">
    <p class='ocr_par' dir='ltr' id='par_1_88' title="bbox 563 4396 1013 4461">
     <span class='ocr_line' id='line_1_88' title="bbox 563 4396 1013 4461; baseline 0.013 -17"><span class='ocrx_word' id='word_1_594' title='bbox 563 4396 839 4461; x_wconf 85' lang='lat' dir='ltr'><strong>suspecta</strong></span> <span class='ocrx_word' id='word_1_595' title='bbox 867 4398 1013 4450; x_wconf 90' lang='lat' dir='ltr'><strong>erat.</strong></span> 
     </span>
    </p>
   </div>
   <div class='ocr_carea' id='block_1_89' title="bbox 631 4480 2249 4586">
    <p class='ocr_par' dir='ltr' id='par_1_89' title="bbox 631 4480 2249 4586">
     <span class='ocr_line' id='line_1_89' title="bbox 631 4480 2249 4586; baseline 0.008 -52"><span class='ocrx_word' id='word_1_596' title='bbox 631 4480 1070 4586; x_wconf 43' lang='lat' dir='ltr'><strong>Vers.‘23.vUt</strong></span> <span class='ocrx_word' id='word_1_597' title='bbox 1123 4485 1579 4586; x_wconf 35' lang='lat' dir='ltr'><strong>favo-cabatur.</strong></span> <span class='ocrx_word' id='word_1_598' title='bbox 1644 4489 1711 4543; x_wconf 89' lang='lat' dir='ltr'><strong>Et</strong></span> <span class='ocrx_word' id='word_1_599' title='bbox 1774 4488 2020 4546; x_wconf 90' lang='lat' dir='ltr'><strong>ubinam</strong></span> <span class='ocrx_word' id='word_1_600' title='bbox 2095 4490 2249 4586; x_wconf 75' lang='lat' dir='ltr'><strong>hocl</strong></span> 
     </span>
    </p>
   </div>
   <div class='ocr_carea' id='block_1_90' title="bbox 2312 4480 3930 4586">
    <p class='ocr_par' dir='ltr' id='par_1_90' title="bbox 2388 4488 3930 4563">
     <span class='ocr_line' id='line_1_90' title="bbox 2388 4488 3930 4563; baseline 0.002 -22"><span class='ocrx_word' id='word_1_601' title='bbox 2388 4488 2565 4552; x_wconf 86' lang='grc' dir='ltr'>Ὅπως</span> <span class='ocrx_word' id='word_1_602' title='bbox 2616 4521 2685 4531; x_wconf 96' lang='grc'><strong><em>-</em></strong></span> <span class='ocrx_word' id='word_1_603' title='bbox 2715 4490 3053 4549; x_wconf 80' lang='grc' dir='ltr'>κληθήσεται.</span> <span class='ocrx_word' id='word_1_604' title='bbox 3114 4495 3214 4544; x_wconf 83' lang='grc' dir='ltr'><strong>Καὶ</strong></span> <span class='ocrx_word' id='word_1_605' title='bbox 3261 4496 3403 4543; x_wconf 87' lang='grc' dir='ltr'>ποῖοι</span> <span class='ocrx_word' id='word_1_606' title='bbox 3461 4497 3727 4563; x_wconf 80' lang='grc' dir='ltr'>προφῆται</span> <span class='ocrx_word' id='word_1_607' title='bbox 3765 4496 3930 4544; x_wconf 82' lang='grc' dir='ltr'>τοῦτο</span> 
     </span>
    </p>
   </div>
   <div class='ocr_carea' id='block_1_91' title="bbox 561 4567 2179 4654">
    <p class='ocr_par' dir='ltr' id='par_1_91' title="bbox 561 4567 2179 4648">
     <span class='ocr_line' id='line_1_91' title="bbox 561 4567 2179 4648; baseline 0.007 -27"><span class='ocrx_word' id='word_1_608' title='bbox 561 4567 869 4638; x_wconf 86' lang='lat' dir='ltr'><strong>prophetae</strong></span> <span class='ocrx_word' id='word_1_609' title='bbox 925 4570 1252 4626; x_wconf 83' lang='lat' dir='ltr'><strong>dixerunt?</strong></span> <span class='ocrx_word' id='word_1_610' title='bbox 1311 4576 1389 4629; x_wconf 86' lang='lat' dir='ltr'><strong>Ne</strong></span> <span class='ocrx_word' id='word_1_611' title='bbox 1444 4590 1726 4646; x_wconf 65' lang='lat' dir='ltr'><strong>quaeras;</strong></span> <span class='ocrx_word' id='word_1_612' title='bbox 1782 4591 1978 4648; x_wconf 86' lang='lat' dir='ltr'><strong>neque</strong></span> <span class='ocrx_word' id='word_1_613' title='bbox 2049 4578 2179 4634; x_wconf 88' lang='lat' dir='ltr'><strong>enin</strong></span> 
     </span>
    </p>
   </div>
   <div class='ocr_carea' id='block_1_92' title="bbox 2314 4567 3932 4654">
    <p class='ocr_par' dir='ltr' id='par_1_92' title="bbox 2320 4574 3932 4654">
     <span class='ocr_line' id='line_1_92' title="bbox 2320 4574 3932 4654; baseline -0.001 -22"><span class='ocrx_word' id='word_1_614' title='bbox 2320 4575 2481 4648; x_wconf 83' lang='grc' dir='ltr'>εἶπον,</span> <span class='ocrx_word' id='word_1_615' title='bbox 2523 4582 2591 4651; x_wconf 80' lang='grc' dir='ltr'>μὴ</span> <span class='ocrx_word' id='word_1_616' title='bbox 2647 4578 2902 4651; x_wconf 77' lang='grc' dir='ltr'>ζητήσης’</span> <span class='ocrx_word' id='word_1_617' title='bbox 2954 4578 3059 4651; x_wconf 79' lang='grc' dir='ltr'>οὐχ</span> <span class='ocrx_word' id='word_1_618' title='bbox 3104 4580 3337 4654; x_wconf 78' lang='grc' dir='ltr'>εὑρήσεις</span> <span class='ocrx_word' id='word_1_619' title='bbox 3382 4579 3507 4653; x_wconf 82' lang='grc' dir='ltr'>γὰρ,</span> <span class='ocrx_word' id='word_1_620' title='bbox 3559 4574 3701 4630; x_wconf 88' lang='grc' dir='ltr'>διότι</span> <span class='ocrx_word' id='word_1_621' title='bbox 3756 4576 3932 4631; x_wconf 83' lang='grc' dir='ltr'>πολλὰ</span> 
     </span>
    </p>
   </div>
   <div class='ocr_carea' id='block_1_93' title="bbox 558 4656 2176 4741">
    <p class='ocr_par' dir='ltr' id='par_1_93' title="bbox 558 4656 2176 4734">
     <span class='ocr_line' id='line_1_93' title="bbox 558 4656 2176 4734; baseline 0.009 -24"><span class='ocrx_word' id='word_1_622' title='bbox 558 4656 847 4715; x_wconf 87' lang='lat' dir='ltr'><strong>invenies.</strong></span> <span class='ocrx_word' id='word_1_623' title='bbox 862 4658 1127 4715; x_wconf 88' lang='lat' dir='ltr'><strong>Plurima</strong></span> <span class='ocrx_word' id='word_1_624' title='bbox 1147 4661 1307 4716; x_wconf 91' lang='lat' dir='ltr'><strong>enim</strong></span> <span class='ocrx_word' id='word_1_625' title='bbox 1325 4663 1814 4734; x_wconf 87' lang='lat' dir='ltr'><strong>propheticorum</strong></span> <span class='ocrx_word' id='word_1_626' title='bbox 1831 4666 2176 4724; x_wconf 78' lang='lat' dir='ltr'><strong>voluminum</strong></span> 
     </span>
    </p>
   </div>
   <div class='ocr_carea' id='block_1_94' title="bbox 2312 4656 3930 4741">
    <p class='ocr_par' dir='ltr' id='par_1_94' title="bbox 2316 4664 3930 4741">
     <span class='ocr_line' id='line_1_94' title="bbox 2316 4664 3930 4741; baseline 0 -22"><span class='ocrx_word' id='word_1_627' title='bbox 2316 4677 2415 4720; x_wconf 90' lang='grc' dir='ltr'><strong>τῶν</strong></span> <span class='ocrx_word' id='word_1_628' title='bbox 2472 4675 2803 4741; x_wconf 80' lang='grc' dir='ltr'>προφητικῶν</span> <span class='ocrx_word' id='word_1_629' title='bbox 2864 4666 3079 4739; x_wconf 83' lang='grc' dir='ltr'>βιϐλίων</span> <span class='ocrx_word' id='word_1_630' title='bbox 3135 4666 3417 4733; x_wconf 81' lang='grc' dir='ltr'>ἀπώλοντο,</span> <span class='ocrx_word' id='word_1_631' title='bbox 3457 4669 3522 4719; x_wconf 80' lang='grc' dir='ltr'>τὰ</span> <span class='ocrx_word' id='word_1_632' title='bbox 3567 4664 3655 4738; x_wconf 79' lang='grc' dir='ltr'><strong>μέν</strong></span> <span class='ocrx_word' id='word_1_633' title='bbox 3716 4664 3761 4716; x_wconf 79' lang='grc' dir='ltr'>ἐν</span> <span class='ocrx_word' id='word_1_634' title='bbox 3808 4674 3930 4728; x_wconf 85' lang='grc' dir='ltr'>ταῖς</span> 
     </span>
    </p>
   </div>
   <div class='ocr_carea' id='block_1_95' title="bbox 557 4745 2175 4829">
    <p class='ocr_par' dir='ltr' id='par_1_95' title="bbox 557 4745 2175 4828">
     <span class='ocr_line' id='line_1_95' title="bbox 557 4745 2175 4828; baseline 0.009 -30"><span class='ocrx_word' id='word_1_635' title='bbox 557 4745 890 4817; x_wconf 90' lang='lat' dir='ltr'><strong>perierunt:</strong></span> <span class='ocrx_word' id='word_1_636' title='bbox 921 4748 1137 4818; x_wconf 89' lang='lat' dir='ltr'><strong>partim</strong></span> <span class='ocrx_word' id='word_1_637' title='bbox 1168 4749 1413 4821; x_wconf 89' lang='lat' dir='ltr'><strong>quidem</strong></span> <span class='ocrx_word' id='word_1_638' title='bbox 1448 4766 1554 4822; x_wconf 92' lang='lat' dir='ltr'><strong>per</strong></span> <span class='ocrx_word' id='word_1_639' title='bbox 1592 4753 1929 4826; x_wconf 87' lang='lat' dir='ltr'><strong>frequentes</strong></span> <span class='ocrx_word' id='word_1_640' title='bbox 1961 4756 2175 4828; x_wconf 88' lang='lat' dir='ltr'><strong>captivi</strong></span> 
     </span>
    </p>
   </div>
   <div class='ocr_carea' id='block_1_96' title="bbox 2309 4745 3927 4829">
    <p class='ocr_par' dir='ltr' id='par_1_96' title="bbox 2316 4752 3927 4829">
     <span class='ocr_line' id='line_1_96' title="bbox 2316 4752 3927 4829; baseline -0.002 -20"><span class='ocrx_word' id='word_1_641' title='bbox 2316 4756 2727 4829; x_wconf 82' lang='grc' dir='ltr'>αἰχμαλωσίαις,</span> <span class='ocrx_word' id='word_1_642' title='bbox 2760 4754 2826 4807; x_wconf 79' lang='grc' dir='ltr'><strong>τὰ</strong></span> <span class='ocrx_word' id='word_1_643' title='bbox 2858 4752 2916 4808; x_wconf 68' lang='grc' dir='ltr'>δὲ</span> <span class='ocrx_word' id='word_1_644' title='bbox 2967 4761 3057 4808; x_wconf 88' lang='grc' dir='ltr'>καὶ</span> <span class='ocrx_word' id='word_1_645' title='bbox 3114 4754 3166 4818; x_wconf 84' lang='grc' dir='ltr'><strong>ἐξ</strong></span> <span class='ocrx_word' id='word_1_646' title='bbox 3215 4754 3454 4829; x_wconf 77' lang='grc' dir='ltr'>ἀμελείας</span> <span class='ocrx_word' id='word_1_647' title='bbox 3493 4763 3591 4808; x_wconf 89' lang='grc' dir='ltr'><strong>τῶν</strong></span> <span class='ocrx_word' id='word_1_648' title='bbox 3647 4752 3927 4827; x_wconf 81' lang='grc' dir='ltr'>Ἐϐραίων,</span> 
     </span>
    </p>
   </div>
   <div class='ocr_carea' id='block_1_97' title="bbox 558 4836 2176 4920">
    <p class='ocr_par' dir='ltr' id='par_1_97' title="bbox 558 4836 2176 4918">
     <span class='ocr_line' id='line_1_97' title="bbox 558 4836 2176 4918; baseline 0.007 -28"><span class='ocrx_word' id='word_1_649' title='bbox 558 4839 707 4890; x_wconf 90' lang='lat' dir='ltr'><strong>tates</strong></span> <span class='ocrx_word' id='word_1_650' title='bbox 736 4850 749 4899; x_wconf 90' lang='lat'><strong>;</strong></span> <span class='ocrx_word' id='word_1_651' title='bbox 779 4836 995 4905; x_wconf 89' lang='lat' dir='ltr'><strong>partim</strong></span> <span class='ocrx_word' id='word_1_652' title='bbox 1017 4840 1216 4893; x_wconf 89' lang='lat' dir='ltr'><strong>autem</strong></span> <span class='ocrx_word' id='word_1_653' title='bbox 1233 4844 1477 4911; x_wconf 92' lang='lat' dir='ltr'><strong>propter</strong></span> <span class='ocrx_word' id='word_1_654' title='bbox 1499 4841 1884 4899; x_wconf 69' lang='lat' dir='ltr'><strong>Hebraeorum</strong></span> <span class='ocrx_word' id='word_1_655' title='bbox 1904 4844 2176 4918; x_wconf 83' lang='lat' dir='ltr'><strong>negligen</strong></span> 
     </span>
    </p>
   </div>
   <div class='ocr_carea' id='block_1_98' title="bbox 1474 4836 3092 4920">
    <p class='ocr_par' dir='ltr' id='par_1_98' title="bbox 1474 4841 3092 4920">
     <span class='ocr_line' id='line_1_98' title="bbox 1474 4841 3092 4920; baseline 0.002 -24"><span class='ocrx_word' id='word_1_656' title='bbox 1474 4841 1884 4899; x_wconf 72' lang='lat' dir='ltr'><strong>&#39;Hebraaorum</strong></span> <span class='ocrx_word' id='word_1_657' title='bbox 1904 4844 2208 4918; x_wconf 83' lang='lat' dir='ltr'><strong>negligen-</strong></span> <span class='ocrx_word' id='word_1_658' title='bbox 2315 4848 2434 4899; x_wconf 82' lang='grc' dir='ltr'>τινὰ</span> <span class='ocrx_word' id='word_1_659' title='bbox 2463 4842 2521 4899; x_wconf 75' lang='grc' dir='ltr'>δὲ</span> <span class='ocrx_word' id='word_1_660' title='bbox 2550 4849 2640 4897; x_wconf 87' lang='grc' dir='ltr'><strong>καὶ</strong></span> <span class='ocrx_word' id='word_1_661' title='bbox 2669 4843 2723 4896; x_wconf 79' lang='grc' dir='ltr'>ἐκ</span> <span class='ocrx_word' id='word_1_662' title='bbox 2754 4847 3092 4920; x_wconf 86' lang='grc' dir='ltr'>κακουργίας.</span> 
     </span>
    </p>
   </div>
   <div class='ocr_carea' id='block_1_99' title="bbox 557 4921 1959 5003">
    <p class='ocr_par' dir='ltr' id='par_1_99' title="bbox 557 4921 1959 5003">
     <span class='ocr_line' id='line_1_99' title="bbox 557 4921 1959 5003; baseline 0.009 -25"><span class='ocrx_word' id='word_1_663' title='bbox 557 4921 702 4979; x_wconf 86' lang='lat' dir='ltr'><strong>tiam</strong></span> <span class='ocrx_word' id='word_1_664' title='bbox 732 4940 745 4989; x_wconf 89' lang='lat'>;</span> <span class='ocrx_word' id='word_1_665' title='bbox 778 4924 1071 4983; x_wconf 88' lang='lat' dir='ltr'><strong>nonnulla</strong></span> <span class='ocrx_word' id='word_1_666' title='bbox 1099 4941 1333 4999; x_wconf 90' lang='lat' dir='ltr'><strong>quoque</strong></span> <span class='ocrx_word' id='word_1_667' title='bbox 1372 4934 1614 5003; x_wconf 86' lang='lat' dir='ltr'><strong>prapter</strong></span> <span class='ocrx_word' id='word_1_668' title='bbox 1644 4932 1959 4991; x_wconf 88' lang='lat' dir='ltr'><strong>malitiam.</strong></span> 
     </span>
    </p>
   </div>
   <div class='ocr_carea' id='block_1_100' title="bbox 630 5097 1036 5167">
    <p class='ocr_par' dir='ltr' id='par_1_100' title="bbox 630 5097 1036 5167">
     <span class='ocr_line' id='line_1_100' title="bbox 630 5097 1036 5167; baseline 0 -13"><span class='ocrx_word' id='word_1_669' title='bbox 630 5097 677 5134; x_wconf 76' lang='grc'><strong>⁸⁵</strong></span> <span class='ocrx_word' id='word_1_670' title='bbox 707 5098 842 5155; x_wconf 86' lang='lat' dir='ltr'><strong>Luc.</strong></span> <span class='ocrx_word' id='word_1_671' title='bbox 869 5112 949 5167; x_wconf 80' lang='grc' dir='ltr'>ιη,</span> <span class='ocrx_word' id='word_1_672' title='bbox 982 5100 1036 5154; x_wconf 78' lang='grc'><strong>1.</strong></span> 
     </span>
    </p>
   </div>
   <div class='ocr_carea' id='block_1_101' title="bbox 1790 5204 2704 5277">
    <p class='ocr_par' dir='ltr' id='par_1_101' title="bbox 1790 5204 2704 5277">
     <span class='ocr_line' id='line_1_101' title="bbox 1790 5204 2704 5277; baseline 0.003 -3"><span class='ocrx_word' id='word_1_673' title='bbox 1790 5204 2015 5275; x_wconf 69' lang='lat' dir='ltr'><strong>Variae</strong></span> <span class='ocrx_word' id='word_1_674' title='bbox 2043 5206 2375 5277; x_wconf 88' lang='lat' dir='ltr'><strong>lectiones</strong></span> <span class='ocrx_word' id='word_1_675' title='bbox 2408 5215 2474 5275; x_wconf 92' lang='lat' dir='ltr'><strong>et</strong></span> <span class='ocrx_word' id='word_1_676' title='bbox 2502 5215 2704 5277; x_wconf 63' lang='lat' dir='ltr'><strong>notae.</strong></span> 
     </span>
    </p>
   </div>
   <div class='ocr_carea' id='block_1_102' title="bbox 623 5336 3921 5427">
    <p class='ocr_par' dir='ltr' id='par_1_102' title="bbox 623 5336 3921 5427">
     <span class='ocr_line' id='line_1_102' title="bbox 623 5336 3921 5427; baseline 0.005 -33"><span class='ocrx_word' id='word_1_677' title='bbox 764 5338 926 5427; x_wconf 46' lang='grc' dir='ltr'><strong>τῌωο</strong></span> <span class='ocrx_word' id='word_1_678' title='bbox 956 5342 1275 5427; x_wconf 72' lang='grc' dir='ltr'>ῌοιιιοηὶιιε</span> <span class='ocrx_word' id='word_1_679' title='bbox 1303 5343 1365 5401; x_wconf 90' lang='lat' dir='ltr'><strong>in</strong></span> <span class='ocrx_word' id='word_1_680' title='bbox 1396 5345 1615 5403; x_wconf 86' lang='lat' dir='ltr'><strong>codicis</strong></span> <span class='ocrx_word' id='word_1_681' title='bbox 1642 5346 1731 5403; x_wconf 83' lang='lat' dir='ltr'><strong>sui</strong></span> <span class='ocrx_word' id='word_1_682' title='bbox 1751 5348 2022 5427; x_wconf 74' lang='lat' dir='ltr'><strong>margine</strong></span> <span class='ocrx_word' id='word_1_683' title='bbox 2043 5366 2200 5423; x_wconf 85' lang='lat' dir='ltr'><strong>repe-</strong></span> <span class='ocrx_word' id='word_1_684' title='bbox 2306 5353 2555 5427; x_wconf 87' lang='lat' dir='ltr'><strong>repetita</strong></span> <span class='ocrx_word' id='word_1_685' title='bbox 2579 5368 2652 5409; x_wconf 87' lang='lat' dir='ltr'><strong>ex</strong></span> <span class='ocrx_word' id='word_1_686' title='bbox 2670 5350 3159 5427; x_wconf 82' lang='lat' dir='ltr'><strong>Teophylac_to,_e</strong></span> <span class='ocrx_word' id='word_1_687' title='bbox 3180 5366 3304 5425; x_wconf 91' lang='lat' dir='ltr'><strong>quo</strong></span> <span class='ocrx_word' id='word_1_688' title='bbox 3332 5351 3568 5410; x_wconf 90' lang='lat' dir='ltr'><strong>addidi.</strong></span> <span class='ocrx_word' id='word_1_689' title='bbox 3597 5351 3744 5410; x_wconf 85' lang='lat' dir='ltr'><strong>Vide</strong></span> <span class='ocrx_word' id='word_1_690' title='bbox 3760 5350 3921 5411; x_wconf 89' lang='lat' dir='ltr'><strong>edit.</strong></span> 
     </span>
    </p>
   </div>
   <div class='ocr_carea' id='block_1_103' title="bbox 554 5409 3681 5496">
    <p class='ocr_par' dir='ltr' id='par_1_103' title="bbox 554 5409 3681 5496">
     <span class='ocr_line' id='line_1_103' title="bbox 554 5409 3681 5496; baseline 0.006 -34"><span class='ocrx_word' id='word_1_691' title='bbox 554 5409 731 5464; x_wconf 76' lang='lat' dir='ltr'><strong>rerat.</strong></span> <span class='ocrx_word' id='word_1_692' title='bbox 764 5409 829 5464; x_wconf 92' lang='lat' dir='ltr'><strong>In</strong></span> <span class='ocrx_word' id='word_1_693' title='bbox 859 5418 1069 5470; x_wconf 90' lang='lat' dir='ltr'><strong>neutro</strong></span> <span class='ocrx_word' id='word_1_694' title='bbox 1116 5431 1368 5471; x_wconf 89' lang='lat' dir='ltr'><strong>meorum</strong></span> <span class='ocrx_word' id='word_1_695' title='bbox 1412 5422 1783 5490; x_wconf 88' lang='lat' dir='ltr'><strong>comparent.</strong></span> <span class='ocrx_word' id='word_1_696' title='bbox 1821 5409 1968 5477; x_wconf 51' lang='lat' dir='ltr'><strong>Suvnt</strong></span> <span class='ocrx_word' id='word_1_697' title='bbox 1996 5409 2198 5480; x_wconf 77' lang='lat' dir='ltr'><strong>autem</strong></span> <span class='ocrx_word' id='word_1_698' title='bbox 2308 5409 2473 5482; x_wconf 61' lang='lat' dir='ltr'><strong>Paris</strong></span> <span class='ocrx_word' id='word_1_699' title='bbox 2503 5409 2657 5491; x_wconf 85' lang='lat' dir='ltr'><strong>t63l,</strong></span> <span class='ocrx_word' id='word_1_700' title='bbox 2687 5409 2964 5496; x_wconf 56' lang='lat' dir='ltr'><strong>in-f&#39;ol.&#39;p.</strong></span> <span class='ocrx_word' id='word_1_701' title='bbox 2992 5409 3168 5479; x_wconf 82' lang='grc' dir='ltr'><strong>16.’Β.</strong></span> <span class='ocrx_word' id='word_1_702' title='bbox 3200 5409 3221 5425; x_wconf 65' lang='grc'><strong>⁸</strong></span> <span class='ocrx_word' id='word_1_703' title='bbox 3283 5409 3290 5410; x_wconf 20' lang='grc' dir='ltr'><strong>ί</strong></span> <span class='ocrx_word' id='word_1_704' title='bbox 3361 5409 3364 5410; x_wconf 15' lang='grc' dir='ltr'><em>ν</em></span> <span class='ocrx_word' id='word_1_705' title='bbox 3558 5409 3565 5410; x_wconf 20' lang='grc' dir='ltr'><strong>ί</strong></span> <span class='ocrx_word' id='word_1_706' title='bbox 3674 5462 3681 5467; x_wconf 87' lang='grc'><strong>-</strong></span> 
     </span>
    </p>
   </div>
   <div class='ocr_carea' id='block_1_104' title="bbox 555 5583 3935 5714">
    <p class='ocr_par' dir='ltr' id='par_1_104' title="bbox 555 5583 3935 5714">
     <span class='ocr_line' id='line_1_104' title="bbox 555 5583 3935 5714; baseline 0.005 -73"><span class='ocrx_word' id='word_1_707' title='bbox 555 5583 987 5714; x_wconf 47' lang='lat' dir='ltr'><strong>II“(saeé’iﬂplius</strong></span> <span class='ocrx_word' id='word_1_708' title='bbox 1024 5604 1146 5647; x_wconf 90' lang='lat' dir='ltr'><strong>non</strong></span> <span class='ocrx_word' id='word_1_709' title='bbox 1177 5607 1281 5649; x_wconf 87' lang='lat' dir='ltr'><strong>rex</strong></span> <span class='ocrx_word' id='word_1_710' title='bbox 1320 5592 1513 5666; x_wconf 88' lang='lat' dir='ltr'><strong>(erat),</strong></span> <span class='ocrx_word' id='word_1_711' title='bbox 1545 5596 1651 5652; x_wconf 90' lang='lat' dir='ltr'><strong>sed</strong></span> <span class='ocrx_word' id='word_1_712' title='bbox 1676 5603 2027 5669; x_wconf 90' lang='lat' dir='ltr'><strong>procurator</strong></span> <span class='ocrx_word' id='word_1_713' title='bbox 2054 5618 2160 5660; x_wconf 91' lang='lat' dir='ltr'><strong>seu</strong></span> <span class='ocrx_word' id='word_1_714' title='bbox 2189 5617 2404 5676; x_wconf 66' lang='lat' dir='ltr'><strong>praeses</strong></span> <span class='ocrx_word' id='word_1_715' title='bbox 2430 5602 2653 5661; x_wconf 64' lang='lat' dir='ltr'><strong>ludam</strong></span> <span class='ocrx_word' id='word_1_716' title='bbox 2706 5600 2933 5658; x_wconf 89' lang='lat' dir='ltr'><strong>Pilatus</strong></span> <span class='ocrx_word' id='word_1_717' title='bbox 2962 5617 2999 5661; x_wconf 89' lang='lat' dir='ltr'>a</span> <span class='ocrx_word' id='word_1_718' title='bbox 3036 5601 3268 5661; x_wconf 90' lang='lat' dir='ltr'><strong>Tiberio</strong></span> <span class='ocrx_word' id='word_1_719' title='bbox 3299 5601 3530 5661; x_wconf 67' lang='lat' dir='ltr'><strong>Caesare</strong></span> <span class='ocrx_word' id='word_1_720' title='bbox 3568 5604 3751 5659; x_wconf 85' lang='lat' dir='ltr'><strong>Roma</strong></span> <span class='ocrx_word' id='word_1_721' title='bbox 3778 5600 3935 5659; x_wconf 88' lang='lat' dir='ltr'><strong>mis-</strong></span> 
     </span>
    </p>
   </div>
  </div>
