4098 6406
222 393 301 449 1‘61
1234 400 1600 459 COMMENT.
1643 399 1721 455 IN
1761 399 2209 457 MATTHJEUM.
2250 432 2317 443 —
2358 401 2519 459 CAP.
2552 400 2652 459 III.

284 526 431 576 ΚΕΦ.
506 519 585 574 I".

918 616 1175 692 οὐρανῶν.

295 720 374 774 Ἐν
407 715 466 771 δε
498 728 625 781 ταῖς
670 723 898 794 ἡμέραις
938 755 1009 763 -
1056 720 1341 786 Ἰουδαίας.
1379 722 1461 776 Ἐν
1510 727 1684 785 ποίαις
1734 724 1857 795 ἠμέ-

232 829 340 884 ραις
372 825 387 873 ;
416 808 492 861 Οὐ
550 812 660 882 γὰρ
714 811 891 879 ὁπότε,
933 820 1059 876 παῖς
1103 814 1168 863 ὡν
1213 814 1237 863 ό
1284 812 1511 879 Ἰησοῦς,
1559 812 1628 873 εἰς
1674 812 1855 873 Ναζαο

232 917 311 973 ρετ
370 894 525 954 ἦλθεν
586 897 642 961 ἐξ
697 899 988 971 Αἰγύπτου,
1040 899 1145 952 ἀλλ’
1194 899 1241 952 ἐν
1294 908 1366 970 τῷ
1414 908 1712 972 τριακοστῷ
1766 901 1857 951 αύ-

230 995 319 1038 τοῦ
374 989 587 1048 πάντως
644 991 767 1053 ἔτει,
818 992 991 1052 καθὼς
1038 993 1233 1063 ἱστορεί
1280 996 1508 1051 Λουκᾶς.
1559 989 1694 1043 Ἀλλ’
1742 990 1855 1052 ἓθος

228 1076 338 1128 ἐστὶ
379 1084 441 1149 τῇ
494 1083 701 1150 Γρκφῇ,
733 1082 792 1129 τὸ
831 1077 878 1129 ἐν
922 1086 1032 1139 ταῖς
1064 1080 1283 1154 ἡμέραις
1326 1078 1536 1140 ἐκείναις
1568 1080 1681 1151 (60)
1713 1079 1853 1131 ἀκω-

224 1163 393 1225 λύτως
417 1165 609 1237 λέγειν,
644 1165 717 1238 ἐφ’
772 1163 831 1219 οὗ
863 1166 923 1218 ἂν
956 1166 1170 1239 ἐθελήσῃ
1220 1172 1439 1243 χρόνου,
1494 1164 1728 1243 δηλούσῃ
1762 1172 1854 1240 μό-

222 1274 308 1306 νον
360 1258 451 1307 τόν
502 1258 687 1327 καιρὸν
742 1255 953 1327 ἐκεῖνον,
1004 1255 1117 1327 ἐνῷ
1146 1260 1373 1328 γέγονεν,
1420 1254 1854 1329 ἀδιηγήσασθαι

228 1341 506 1415 βούλεται,
556 1345 788 1417 καθάπερ
837 1348 929 1397 καὶ
970 1352 1057 1396 νῦν
1105 1346 1130 1397 6
1176 1344 1566 1418 Εὐαγγελιστὴς
1616 1345 1848 1412 ἐποίησε,

220 1433 287 1483 τά
325 1432 380 1483 ἐν
412 1435 561 1503 μέσῳ
592 1429 978 1506 παραδραμών.

298 1526 405 1573 Καὶ
453 1518 607 1573 διατί
654 1525 783 1593 μετὰ
830 1524 1138 1595 τριακοστὸν
1192 1525 1302 1584 ἔτος
1345 1524 1371 1575 6
1411 1527 1642 1597 Χριστὸς
1699 1521 1848 1582 ἦλθεν

221 1607 308 1661 ἐπὶ
362 1613 421 1660 τό
474 1608 763 1683 βάπτισμα
796 1627 808 1673 ;
841 1615 983 1663 Διότι
1023 1612 1053 1669 ἠ
1103 1611 1283 1669 ἡλικία
1324 1612 1456 1671 αὕτη
1501 1619 1711 1686 στερεοῦ
1757 1618 1847 1666 καὶ

219 1699 615 1759 καθεστηκότος
695 1698 809 1750 ἐστὶ
890 1705 1231 1774 φρονήματος,
1309 1700 1446 1753 Ἐπεὶ
1508 1704 1606 1774 γὰρ
1673 1701 1845 1773 ἔμελλε

220 1794 527 1857 μεταποιεῖν
571 1790 663 1859 μὲν
719 1790 805 1838 τόν
852 1787 1071 1840 παλαιόν
1110 1793 1284 1860 νόμον,
1331 1791 1618 1861 νομοθετεῖν
1668 1787 1725 1843 δὲ
1756 1795 1843 1843 τόν

677 530 898 598 Πρῶτος
970 528 1225 590 Ἰωάννης
1298 525 1515 599 ἐκήρυξε
1586 524 2123 599 βασιλείανΑΟΑΡ.

3518 407 3622 464 158

2202 528 2294 582 III.
2346 527 2587 584 Primus
2648 528 2902 585 Joannes
2949 529 3301 600 praedicavit
3375 547 3617 602 regnum

2643 618 2939 674 caelorum.

2037 722 2181 793 Cap.
2223 723 2308 788 Ill,
2345 738 2496 778 vers.
2537 724 2588 777 1.
2640 724 2712 778 1η
2751 723 2954 781 diebus
3020 732 3213 782 autem
3262 756 3333 767 —
3360 726 3608 783 Judaece.

1965 813 2029 868 In
2051 812 2271 885 quibus
2291 813 2503 867 diebus
2520 814 2547 868 ‘I
2568 817 2767 886 Neque
2798 816 2955 871 enim
2992 816 3238 889 quando
3278 818 3448 872 Jesus
3470 832 3620 888 puer

1965 901 2162 957 adhuc
2194 918 2264 957 ex
2296 904 2526 973 ZEgypo
2553 903 2713 958 venit
2768 905 3073 970 Nazareth,
3132 905 3239 961 sed
3297 922 3435 961 cum
3487 906 3617 975 jam

1964 990 2203 1060 triginta
2254 994 2410 1046 esset
2462 1006 2782 1056 annorum,
2829 993 2980 1049 sicut
3054 1001 3255 1049 narrat
3316 996 3503 1049 Lucas
3533 996 3608 1050 ⁴⁶.

1963 1081 2177 1134 Verum
2234 1079 2550 1151 Scripturaa
2618 1096 2751 1136 mos
2780 1086 2885 1147 est,
2941 1083 3006 1137 In
3075 1084 3277 1139 diebus
3353 1083 3479 1138 illis
3531 1082 3619 1138 di-

1963 1183 2114 1234 cere,
2143 1167 2259 1224 hoc
2304 1173 2410 1235 est,
2447 1169 2858 1243 sequentibus,
2891 1171 2965 1226 de
3013 1172 3282 1244 quolibet
3321 1176 3610 1243 tempore,

1962 1256 2408 1313 manifestando
2439 1257 2633 1313 solum
2665 1265 2901 1332 tempus
2931 1260 3097 1326 illud,
3124 1277 3242 1334 quo
3271 1260 3426 1316 facta
3456 1266 3615 1326 sunt,

1959 1361 2095 1417 quae
2120 1345 2500 1401 narrarevult
2517 1362 2529 1400 :
2546 1346 3068 1419 quemadmodum
3092 1364 3251 1402 nunc
3282 1349 3615 1405 fecitEvan-

1958 1432 2188 1503 gelista,
2219 1449 2354 1505 quas
2380 1434 2441 1489 in
2467 1434 2667 1490 medio
2699 1440 2837 1491 sunt
2867 1438 3342 1507 praetermittens.

2028 1524 2093 1577 Et
2118 1538 2303 1594 quare
2333 1529 2467 1595 post
2493 1523 2857 1579 tricesimum
2903 1540 3131 1580 annum
3172 1524 3612 1581 venitChrlstus

1955 1609 2033 1665 ad
2060 1610 2363 1682 baptisma
2392 1611 2581 1677 ?Quia
2606 1615 2749 1668 aetas
2763 1612 2891 1668 haec
2916 1612 3123 1668 solidas
3138 1619 3316 1685 atque
3339 1614 3613 1686 perfectas

1952 1700 2282 1772 prudentiae
2320 1705 2425 1755 est.
2460 1700 2609 1767 Quia
2674 1703 2835 1757 enim
2868 1700 3133 1757 futurum
3165 1706 3309 1767 erat,
3370 1708 3434 1759 ut
3465 1707 3612 1758 vete-

1952 1804 2077 1843 rem
2109 1792 2533 1844 transmutaret
2561 1789 2773 1859 legem,
2806 1805 3151 1863 novamque
3178 1792 3458 1848 conderet
3486 1810 3499 1860 ;
3533 1792 3613 1848 ad

221 1880 362 1939 νέον,
408 1880 463 1926 τό
516 1872 573 1927 δε
617 1882 915 1948 μεταποιεῖν
965 1881 1054 1929 καὶ
1105 1879 1392 1949 νομοθετεῖν
1448 1882 1687 1931 τοιούτου
1738 1876 1841 1933 δεῖ-

1961 1876 2477 1932 transmutandum
2543 1884 2744 1933 autem
2778 1880 2836 1933 et
2892 1878 3277 1934 statuendum
3333 1879 3433 1935 tali
3463 1896 3611 1951 opus

220 1984 312 2015 ται
372 1970 719 2036 φρονήματος,
788 1963 1013 2036 ἀνέμεινε
1075 1969 1265 2024 ταύτην
1320 1971 1411 2025 τὴν
1468 1967 1693 2025 ἠλικίαν.
1761 1974 1843 2021 Δι-

219 2052 383 2103 ελθὼν
411 2056 512 2124 γὰρ
544 2058 793 2125 πρότερον
839 2056 933 2115 τὰς
980 2052 1277 2127 ἐπισφαλεῖς
1324 2054 1551 2124 ἡλικίας,
1595 2056 1726 2127 λέγω
1771 2053 1838 2115 δὴ

217 2146 317 2197 τὴν
366 2138 653 2206 παιδικὴν,
695 2141 744 2194 έν
838 2143 966 2194 πολὺ
1019 2146 1075 2194 τὸ
1121 2141 1354 2213 ἀνόητον,
1400 2150 1489 2197 καὶ
1532 2150 1625 2203 τὴν
1664 2164 1840 2219 μειρα-

214 2226 425 2297 κιώδη,
474 2230 583 2301 ἕνῇ
621 2227 848 2304 σφοδρόν
875 2235 933 2282 τό
966 2229 1262 2303 φιλήδονον,
1310 2237 1400 2284 καὶ
1445 2238 1537 2291 τὴν
1585 2240 1841 2302 νεανικὴν,

218 2318 267 2369 ἐν
366 2318 483 2370 λίαν
538 2323 595 2371 τὸ
650 2319 1063 2391 φιλοχρήματον,
1124 2324 1169 2372 ἐν
1227 2328 1288 2393 τῇ
1342 2319 1586 2395 ἀνδρικῇ,
1628 2327 1762 2376 κατά
1792 2345 1845 2378 τε

220 2418 386 2482 σῶμα
443 2414 538 2460 καὶ
589 2414 848 2481 φρόνημα,
897 2409 1074 2461 λοιπόν
1123 2407 1271 2468 ἦλθεν
1301 2410 1382 2463 ἐπὶ
1432 2416 1488 2464 τό
1541 2402 1843 2487 βάπτισμα,

223 2499 334 2565 ἵνα,
390 2496 495 2549 ἀπὸ
546 2501 732 2549 τούτου
784 2496 1139 2570 ἀναδειχθεὶς,
1196 2498 1422 2552 ἐντεῦθεν
1475 2501 1698 2573 ἄρξηται
1757 2512 1846 2556 τοῦ

221 2583 513 2639 διδάσκειν
556 2591 647 2638 καὶ
696 2595 891 2659 σημεῖα
938 2594 1125 2644 ποιεῖν,
1166 2590 1261 2640 Διά
1288 2596 1441 2642 τοῦτο
1470 2593 1571 2665 γὰρ
1614 2596 1728 2643 τότε
1758 2599 1847 2645 καὶ

225 2677 251 2727 6
292 2675 546 2737 Ἰωάννης
600 2679 700 2729 ὑπὸ
755 2684 887 2731 Θεοῦ
947 2682 1203 2749 πέμπεται
1259 2680 1387 2754 πρὸς
1437 2683 1522 2732 τόν
1579 2679 1849 2753 Ἰορδάνην

226 2767 527 2837 κηρύσσων
571 2766 683 2837 (61)
717 2765 1021 2839 βάπτισμα,
1056 2768 1138 2818 ἵνα
1177 2763 1272 2819 διὰ
1314 2771 1371 2820 τὸ
1420 2766 1701 2843 βάπτισμα
1732 2791 1852 2824 συν-

228 2853 485 2929 δράμωσι
537 2854 734 2923 πολλοὶ,
777 2860 867 2908 καὶ
925 2855 1137 2916 ἐπιστὰς
1177 2858 1201 2908 6
1242 2860 1477 2931 Χριστὸς
1518 2859 1677 2931 μέσον
1730 2860 1850 2913 πολ-

220 2943 324 2994 λῶν
381 2946 723 3019 μαρτυρηθῇ,
778 2946 1003 2997 κάτωθεν
1060 2947 1149 3017 μὲν
1216 2948 1358 3021 παρὰ
1412 2946 1667 3010 Ἰωάννου,
1724 2951 1852 3000 ἄνωο

228 3035 310 3084 θεν
364 3029 425 3084 δέ
473 3035 621 3107 παρὰ
674 3040 765 3085 τοῦ
814 3037 1019 3106 Πατρός
1067 3038 1155 3085 καὶ
1202 3042 1293 3087 τοῦ
1346 3035 1498 3108 ἁγίου
1528 3041 1844 3110 Πνεὺματος,

225 3126 315 3172 καὶ
386 3120 639 3189 ἐντεῦθεν,
711 3120 1132 3194 ἐπισπασάμενος
1198 3126 1383 3185 αὐτοὺς
1447 3126 1671 3200 ἄρξηται
1734 3148 1841 3200 μυ-

231 3214 529 3279 σταγῶγείν
558 3214 649 3260 καὶ
682 3211 1117 3285 θαυματουργεῐν,

300 3302 404 3350 Καὶ
454 3299 612 3349 πόθεν
664 3298 689 3348 6
730 3300 973 3359 Ἰωάννης
1015 3304 1358 3375 παραγέγονεν
1400 3300 1571 3369 ;Ἀπὸ
1625 3311 1720 3366 τῆς
1769 3303 1840 3355 έν-

227 3382 450 3457 δο-έρας
500 3384 717 3459 ἐρήμου.
780 3392 919 3444 Φησὶ
964 3391 1065 3461 γὰρ
1118 3390 1141 3440 6
1192 3395 1419 3460 Λουκᾴς,
1475 3393 1556 3443 ὅτι
1614 3392 1841 3465 Ἐγένετο

223 3479 372 3551 ῥῆμα
443 3482 582 3528 Θεοῦ
656 3474 739 3527 ἐπὶ
788 3476 1031 3534 Ἰωάννην
1101 3481 1187 3529 τόν
1245 3486 1335 3530 τοῦ
1395 3484 1663 3551 Ζαχαρίου
1731 3482 1841 3534 υἰόν

226 3566 269 3618 ἐν
335 3573 399 3637 τῇ
470 3562 670 3639 ἐρήμῳ,
726 3569 813 3616 καὶ
892 3562 1040 3622 ἦλθεν
1114 3570 1183 3628 εὶς
1236 3570 1329 3625 τὴν
1396 3574 1692 3644 περίχωρον
1749 3580 1840 3623 τοῦ

228 3651 522 3727 Ἰορδάνου.
583 3654 789 3710 Ταύτην
870 3657 1043 3705 τοίνυν
1114 3659 1206 3713 την
1276 3660 1570 3731 περίχωρον
1623 3660 1649 3710 6
1701 3666 1840 3713 Ματ-

226 3746 372 3805 θαίος
424 3746 618 3815 ἔρημον
665 3751 759 3804 τῆς
791 3738 1057 3803 Ἰουδαίας
1100 3744 1355 3817 ὠνόμασε.
1411 3750 1509 3798 Δύο
1554 3750 1655 3821 γὰρ
1694 3757 1839 3801 νοοῦ-

222 3852 312 3905 μεν
345 3830 577 3904 ἐρήμους
611 3847 623 3859 ·
658 3835 777 3902 μίαν
825 3834 915 3903 μὲν
966 3836 1060 3890 τὴν
1130 3830 1421 3906 ἓνδοτέραν,
1467 3833 1551 3907 ἀφ’
1592 3836 1655 3897 ἧς
1683 3833 1829 3895 ἦλθε·

224 3918 477 3992 δευτέραν
508 3916 589 3985 δὲ,
632 3922 725 3976 τὴν
767 3922 910 3993 παρὰ
960 3921 1080 3993 (62)
1104 3924 1187 3973 τὸν
1230 3918 1519 3995 Ἰορδάνην,
1552 3923 1629 3996 ἐφ’
1673 3927 1733 3983 ἦν
1764 3926 1838 3989 ἐξ·

220 4006 372 4065 ἦλθε.

294 4100 400 4149 Καὶ
475 4094 638 4167 λέγων
699 4128 767 4136 -—
823 4098 853 4155 ἠ
911 4095 1155 4170 βασιλεία
1221 4107 1319 4151 τῶν
1387 4100 1640 4174 οὐρανῶν.
1730 4110 1835 4157 Με-

222 4191 470 4250 τανοεῖτε,
524 4189 702 4256 φησιν,
758 4184 834 4257 ἐφ’
882 4183 953 4246 οἷς
1012 4189 1349 4261 ἡμαρτήκατε
1384 4209 1395 4222 ο
1431 4192 1619 4262 ἧγγικε
1664 4194 1765 4265 γὰρ
1810 4194 1835 4245 6

223 4277 482 4344 Χριστός,
537 4272 706 4325 ὀπίσω
746 4293 847 4346 μου
883 4273 1163 4347 ἐρχόμενος
1206 4275 1409 4349 (τοῦτον
1446 4280 1545 4352 γὰρ
1593 4287 1681 4330 νῦν
1730 4279 1837 4333 ὀνο·

221 4362 381 4433 μάζει
414 4360 692 4433 βασιλείαν
745 4362 993 4437 οὐρανῶν,
1027 4368 1098 4428 ὡς
1152 4364 1378 4436 βασιλέα
1413 4366 1669 4441 οὐράνιον,
1703 4372 1837 4422 κατὰ

220 4455 312 4507 τὴν
360 4449 633 4521 θεότητα),
683 4451 731 4511 ὃς
797 4453 1048 4526 εὑρίσκων
1101 4455 1237 4526 ὑμᾶς
1280 4462 1673 4527 μετανοοῦντας,
1730 4454 1834 4510 δω-

218 4544 444 4611 ρήσεται
476 4539 663 4610 ἄφεσιν
692 4547 789 4591 τῶν
823 4540 934 4613 (63)
968 4543 1364 4614 ἡμαρτημένων.

288 4627 359 4681 Ἦ
418 4626 696 4698 βασιλείαν
753 4630 979 4700 οὐρανῶν
1047 4630 1180 4702 λέγει
1262 4636 1355 4689 τὴν
1426 4631 1686 4685 πολιτείαν
1737 4644 1836 4686 τῶν

216 4716 473 4787 ἀγγελῶν,
531 4715 595 4773 ἣν
648 4719 672 4768 ό
720 4722 946 4787 Χριστὸς
996 4720 1116 4772 ὅσον
1144 4722 1286 4772 οὔπω
1334 4722 1620 4792 νομοθετεῖν
1669 4723 1839 4794 ἔμελλε

217 4802 309 4857 δια
362 4814 467 4857 τῶν
528 4805 870 4878 εύαγγελικῶν
918 4805 1155 4864 ἐντολῶν,
1216 4814 1435 4880 Λέγεται
1484 4806 1543 4862 δε
1592 4808 1840 4882 βασιλεία

212 4895 453 4965 οὐρανῶν
503 4898 593 4947 καὶ
642 4897 670 4953 ἡ
728 4894 1019 4958 ἀπόλαυσις
1064 4904 1164 4949 τῶν
1218 4896 1266 4950 ἓν
1310 4898 1549 4973 οὐρανοῖς
1594 4897 1828 4971 ἀγαθῶν.

212 4983 377 5040 Anici
427 4980 491 5035 δὲ
533 4987 623 5036 καὶ
675 4983 805 5037 ἄλλα
850 4984 1061 5038 πλείονα
1105 4988 1162 5039 τό
1208 4987 1368 5060 ὄνομα
1421 4996 1516 5050 τῆς
1565 4985 1839 5060 βασιλείας

211 5079 311 5124 τῶν
361 5072 625 5148 οὐρανῶν,
685 5072 1081 5147 πολυσήμαντον
1148 5074 1224 5144 ὃν,
1274 5078 1339 5139 ὡς
1382 5079 1645 5149 προϊόντες
1691 5077 1840 5151 εὑρὴ-

214 5178 401 5233 σομεν,

1951 1970 2075 2020 erat
2108 1965 2439 2036 sapientia:
2474 1965 2609 2021 ideo
2671 1970 2899 2022 tantam
2958 1968 3324 2040 exspectavit
3351 1972 3607 2023 aetatem.

1952 2053 2215 2110 Primum
2259 2053 2554 2124 siquidem
2606 2054 2869 2111 lubricas
2920 2055 3327 2127 pertransiens
3379 2060 3604 2123 aetates,

1950 2157 2168 2213 nempe
2182 2141 2521 2214 pueritiam,
2546 2158 2683 2213 quas
2708 2143 2960 2199 multam
2981 2143 3162 2199 habet
3181 2144 3610 2216 insipientiam,

1952 2230 2436 2300 adolescentiam,
2467 2232 2639 2301 cujus
2667 2235 2753 2286 est
2781 2232 3159 2288 vehementia
3187 2233 3573 2305 fvoluptatum
3597 2256 3609 2298 ;

1949 2320 2345 2391 juventutem,
2389 2320 2446 2374 in
2478 2335 2599 2391 qua
2632 2320 2819 2376 nimia
2861 2326 2951 2376 est
2980 2321 3231 2377 avaritia
3260 2338 3272 2387 ;
3313 2328 3520 2393 postea
3551 2322 3612 2379 in

1955 2413 2127 2464 astate
2143 2408 2444 2474 virili,tam
2472 2409 2674 2481 quoad
2697 2424 3125 2481 corpus,quam
3145 2411 3345 2482 quoad
3362 2411 3619 2482 pruden-

1956 2497 2121 2563 tiam,
2147 2498 2308 2553 venit
2359 2497 2438 2553 ad
2490 2498 2797 2569 baptisma
2831 2519 2843 2553 :
2873 2502 2937 2554 ut
2968 2499 3045 2553 ab
3091 2498 3206 2555 hoc
3240 2499 3615 2556 demonstra.-

1959 2590 2072 2651 tus,
2114 2586 2397 2658 deinceps
2449 2586 2663 2642 docere
2706 2586 3008 2659 inciperet,
3053 2588 3343 2660 signaque
3383 2588 3602 2646 facere.

1960 2678 2201 2748 Propter
2222 2676 2334 2731 hoc
2352 2676 2509 2731 enim
2538 2676 2717 2732 etiam
2735 2680 2876 2732 tunc
2888 2675 3152 2732 Joannes
3168 2678 3335 2733 aDeo
3359 2677 3611 2734 mittitur

1961 2765 2039 2820 ad
2072 2764 2413 2829 Iordanem,
2441 2764 2779 2835 praedicans
2809 2766 3202 2837 baptismum,
3237 2772 3300 2821 ut
3329 2766 3614 2838 baptismi

1962 2869 2146 2909 causa
2188 2854 2355 2909 multi
2396 2858 2834 2925 concurrerent,
2868 2858 2925 2911 et
2953 2856 3014 2910 in
3053 2856 3254 2911 medio
3286 2855 3613 2912 multorum

1962 2947 2164 2999 astans
2221 2943 2504 3007 Christus,
2556 2942 2962 2999 testimonium
3014 2943 3328 3015 acciperet,
3390 2943 3616 2999 inferne

1960 3033 2204 3104 quidem
2233 3047 2268 3087 a
2294 3032 2545 3099 Joanne,
2581 3046 2837 3103 superne
2868 3047 3009 3088 vero
3039 3048 3074 3088 a
3102 3033 3275 3088 Patre
3306 3036 3361 3089 et
3395 3033 3617 3105 Spiritu

1960 3124 2187 3186 sancto,
2215 3124 2271 3176 et
2307 3119 2448 3175 hinc
2474 3135 2576 3174 eos
2616 3119 2941 3184 attrahens,
2975 3119 3261 3192 inciperet
3290 3122 3475 3177 sacris
3510 3122 3617 3177 ini-

1879 3235 1917 3289 ρ
1958 3210 2123 3278 tiare,
2147 3208 2435 3265 miracula
2459 3210 2652 3264 edere.

2027 3298 2192 3354 Unde
2222 3302 2422 3353 autem
2453 3297 2611 3352 venit
2637 3299 2895 3353 Joannes
2925 3298 2953 3353 ?
2980 3297 3069 3353 Ab
3095 3296 3357 3353 interiori
3388 3312 3611 3354 eremo.

1951 3388 2042 3444 Ait
2072 3386 2233 3442 enim
2259 3386 2482 3444 Lucas:
2518 3386 2757 3442 Factum
2788 3392 2871 3442 est
2902 3386 3139 3442 verbum
3173 3387 3409 3442 Domini
3437 3402 3617 3456 super

1950 3476 2247 3541 Joannem,
2303 3475 2607 3531 Zachariae
2658 3476 2869 3545 ﬁlium,
2930 3477 2991 3530 in
3039 3476 3267 3531 deserto
3301 3492 3315 3541 ;
3346 3481 3399 3530 et
3454 3476 3617 3533 venit

1950 3565 2013 3621 in
2058 3565 2369 3635 regionem,
2420 3579 2549 3634 quae
2591 3563 2755 3619 circa
2798 3564 3113 3620 Jordanem
3180 3566 3380 3620 erat".
3442 3565 3607 3620 Hanc

1949 3654 2127 3725 igitur
2176 3654 2504 3722 regionem,
2546 3667 2677 3725 quae
2729 3652 2888 3708 circa
2934 3652 3259 3709 Jordanem
3301 3657 3446 3718 erat,
3474 3656 3612 3709 Mat-

1950 3743 2134 3799 thaeus
2164 3742 2467 3797 desertum
2485 3741 2819 3797 nominavit
2843 3742 3093 3797 Judaeaa.
3128 3742 3289 3797 Duas
3314 3741 3611 3813 siquidem

1949 3832 2142 3888 innuit
2195 3846 2427 3887 eremos
2466 3854 2477 3885 ε
2524 3846 2709 3886 unam
2755 3830 3124 3897 interiorem,
3171 3846 3207 3885 a
3261 3846 3385 3902 qua
3440 3830 3602 3885 venit

1945 3923 2206 3977 Joannes
2240 3936 2254 3986 ;
2315 3920 2587 3983 alteram,
2627 3934 2766 3991 quas
2804 3919 2964 3975 circa
3012 3919 3337 3975 Jordanem
3374 3923 3497 3975 erat
3532 3918 3612 3975 ad

1947 4026 2133 4083 quam
2156 4009 2337 4064 venit.

2020 4102 2181 4154 Vers.
2213 4104 2265 4152 2.
2288 4098 2368 4154 Et
2398 4098 2595 4153 dicens
2612 4127 2678 4137 —
2704 4111 2945 4167 regnum
2970 4097 3261 4153 calorum.
3295 4096 3605 4168 Poeniteat,

1944 4179 2161 4260 inquit,
2194 4203 2304 4243 vos
2336 4202 2605 4243 errorum
2638 4191 2974 4241 vestrorum
3004 4203 3022 4255 ;
3051 4184 3234 4240 instat
3263 4186 3423 4241 enim
3455 4186 3615 4241 Chri-

1949 4275 2241 4348 stus,qui,
2274 4279 2407 4347 post
2424 4291 2521 4329 me
2550 4279 2835 4330 venturus
2853 4277 2940 4329 est
2970 4273 3135 4345 (nam
3152 4273 3316 4327 hunc
3338 4273 3615 4329 nominat

1944 4366 2042 4421 hic
2095 4379 2352 4434 regnum
2402 4362 2710 4426 caelorum,
2766 4365 2971 4434 utpote
2997 4360 3295 4417 caelestem
3366 4363 3608 4431 Regem,

1947 4453 2280 4510 secundum
2364 4452 2812 4521 divinitatem):
2883 4449 2989 4522 qui
3035 4451 3083 4505 si
3138 4465 3245 4505 vos
3318 4450 3612 4507 invenerit

1946 4543 2379 4615 resipiscentes,
2410 4540 2660 4596 donabit
2686 4545 3071 4612 peccatorum
3096 4540 3536 4596 remissionem.

2018 4632 2116 4687 Vel
2145 4648 2398 4702 regnum
2424 4630 2709 4686 ccelorum
2758 4629 2901 4685 dicit
2934 4629 3198 4702 politiam
3250 4629 3607 4701 angelicam,

1947 4736 2133 4792 quam
2175 4720 2437 4778 Christus
2490 4718 2674 4791 paulo
2732 4726 2868 4790 post
2919 4718 3272 4775 conditurus
3327 4722 3455 4774 erat
3505 4734 3612 4790 per

1949 4809 2294 4879 evangelica
2324 4811 2640 4880 praecepta.
2673 4809 2895 4864 Dicitur
2924 4823 3169 4880 quoque
3199 4822 3449 4877 regnum
3498 4823 3611 4863 cm-

1946 4898 2165 4963 lorum,
2198 4898 2397 4953 fruitio
2446 4896 2776 4953 caelestium
2825 4896 3147 4953 bonorum.
3200 4895 3508 4966 Signiﬁcat
3554 4900 3612 4952 et

1947 4985 2063 5043 alia
2075 4985 2249 5059 plura
2265 5000 2487 5042 nomen
2500 4984 2667 5042 varie
2688 4984 3154 5055 signiﬁcativum
3179 4999 3419 5056 regnum
3446 4985 3611 5040 ι’ιείο-

1947 5091 2096 5143 rum,
2124 5077 2303 5149 prout
2326 5074 2388 5131 in
2420 5072 2811 5147 sequentibus
2841 5074 2951 5132 erit
2977 5072 3261 5130 invenire.

1438 5289 1668 5360 Variae
1705 5289 2036 5360 lectiones
2068 5296 2136 5359 et
2173 5295 2377 5357 notae.

278 5404 328 5439 ιι
353 5402 485 5460 Luc
516 5401 613 5473 III,
635 5402 721 5460 23.
758 5405 801 5441 ιτ
840 5406 899 5462 L.
930 5405 1024 5477 111,
1057 5405 1145 5463 23.

278 5528 395 5604 (ὀρ)
408 5529 513 5604 ita
531 5533 781 5604 uterque
793 5528 1013 5585 Codex.
1036 5530 1358 5604 Hentenius
1380 5531 1441 5604 id
1459 5545 1579 5587 non
1597 5546 1834 5604 expres-

209 5597 298 5669 sit.
350 5600 489 5657 Mihi
538 5599 606 5657 in
650 5597 916 5657 mentem
955 5602 1249 5668 veniebat,
1314 5601 1599 5669 ἀπολύτως,
1658 5597 1832 5661 abso-

207 5667 344 5748 lute.
377 5675 484 5748 gr
507 5672 957 5748 Chrysostomo,
1004 5672 1115 5748 qui
1138 5674 1263 5731 haec
1304 5678 1514 5735 tractat
1543 5667 1591 5732 t.
1616 5677 1728 5746 VII,
1760 5694 1822 5748 p.

216 5745 308 5802 139
336 5743 487 5803 nihil
518 5744 589 5804 in
618 5743 776 5805 hanc
803 5759 932 5805 rem
966 5743 1237 5804 efﬁcitur.

2039 5532 2127 5604 61)
2169 5536 2460 5604 Σηρῦσσειν
2492 5530 2553 5584 Β.

2042 5602 2132 5677 62)
2173 5602 2409 5677 Περὶῄτόν
2434 5602 2498 5656 Α.

2039 5533 2099 5589 61
2169 5536 2460 5604 Σηρῦσσειν
2492 5532 2553 5584 Β.

2042 5608 2107 5661 62
2173 5606 2299 5677 Περὶ
2322 5606 2409 5654 τόν
2434 5602 2498 5656 Α.

2015 5532 2132 5749 363}
2164 5681 2275 5730 Τῶν
2296 5671 2684 5750 ἁμαρτημάτων
2708 5672 2776 5727 Α.
