4098 6386
589 354 698 410 159
1570 422 1575 427 δ
1928 344 2207 401 EUTHYN

2360 344 2647 401 IGABENI
3867 350 3976 405 160

663 481 831 536 Vers.
865 477 919 534 3.
954 477 1067 535 Hic
1110 508 1177 520 —
1229 478 1464 537 semitas
1529 479 1682 548 ejus.
1740 476 1861 532 Vox
1918 472 2281 541 clamantis,.

2428 473 2590 535 Οὗτος
2648 504 2717 515 -—
2771 477 2865 537 τὰς
2919 472 3133 549 τρίϐους
3185 475 3371 530 αὑτοῦ.
3450 478 3540 541 Τὸ,
3600 480 3744 535 Φωνὴ
3806 474 3975 550 βοῶν-

588 568 892 624 defectiva
936 574 1024 623 est
1075 569 1289 624 oratio.
1339 567 1688 638 Intelligitur
1744 564 1952 621 enim:
1999 563 2123 619 Vm:
2152 579 2206 617 ει

2356 581 2444 624 τος
2506 562 2554 613 ἐν
2607 570 2667 634 τῇ
2729 562 2924 636 ἐρήμῳ,
2986 564 3300 617 ἐλλειπτικὸν
3359 564 3496 620 ἐστι.
3573 571 3785 618 Νοεῖται
3839 570 3970 638 γὰρ,

588 657 777 713 baudi
810 658 915 728 (est
945 657 1085 712 mihi
1116 658 1233 713 viri
1258 658 1574 713 clamantis
1605 658 1665 711 in
1708 652 1975 720 deserto),
2009 652 2111 707 illo
2142 666 2202 705 sc

2357 653 2437 703 ὅτι
2472 655 2616 709 Φωνὴ
2664 650 2962 714 ἐξακούεταί
3008 673 3096 725 μοι
3146 651 3337 728 ἀνδρὸς
3379 653 3605 726 βοῶντος
3646 654 3694 705 ἐν
3739 663 3801 727 τῇ
3853 654 3974 727 ἐρή-

587 746 741 812 licet,
769 746 935 818 quod
979 752 1065 801 est
1093 746 1258 817 apud
1279 746 1606 801 Jordanem
1636 760 1648 810 ;
1680 742 1989 799 clamantis
2021 745 2205 797 auten

2358 761 2458 811 μῳ,
2494 737 2703 799 δηλαδὴ
2728 749 2788 813 τῇ
2818 744 2962 813 παρὰ
2981 746 3065 794 τὸν
3088 740 3358 816 Ἰορδάνην
3394 764 3405 776 -
3436 742 3665 815 βοῶντος
3695 740 3965 795 δὲταῦτα.

588 852 723 907 quae
747 840 1110 907 sequuntur:
1135 838 1349 891 Parate
1372 835 1523 891 viam
1546 834 1796 900 Domini,
1817 836 1925 888 etc.
1948 831 2114 886 Viam
2145 845 2206 885 at

2360 829 2704 901 Ἑτοιμάσατε
2759 835 2851 888 τὴν
2912 828 3033 883 ὁδὸν
3092 836 3308 904 Κυρίου,
3362 836 3450 883 καὶ
3507 834 3572 883 τὰ
3626 832 3758 895 ἑξῆς.
3811 828 3973 883 Ὀδὸν

591 927 711 980 tem
739 924 993 988 Domini,
1017 929 1072 979 et
1099 924 1337 979 semitas
1358 924 1488 993 ejus
1515 931 1691 978 vocat
1716 922 1970 988 animas,
1996 920 2072 975 ad
2095 934 2209 990 qua

2362 914 2420 970 δὲ
2462 923 2655 989 Κυρίου
2710 923 2798 969 καί
2846 919 3055 993 τρίϐους
3105 921 3263 972 αὑτοῦ
3316 920 3461 972 καλεῖ
3516 922 3607 982 τὰς
3660 920 3865 991 ψυχὰς,
3904 920 3973 970 ὧν

588 1017 911 1068 venturum
939 1016 1063 1068 erat
1087 1012 1330 1067 verbum
1364 1010 1676 1079 Evangelii
1712 1026 1724 1065 :
1756 1025 1911 1081 quas
1940 1007 2118 1063 etiam
2148 1021 2206 1077 pa

2362 1006 2638 1059 ἐπιϐαίνειν
2694 1007 2888 1079 ἔμελλεν
2943 1011 2967 1060 ὁ
3011 1008 3164 1081 λόγος
3218 1017 3309 1061 τοῦ
3371 1008 3706 1081 Εὗαγγελίου,
3766 1010 3823 1069 ἃς
3880 1013 3971 1060 καὶ

589 1114 723 1155 rare
756 1100 1119 1163 exhortatur,
1152 1099 1275 1156 sive
1306 1100 1602 1155 mundare
1632 1099 2033 1153 instrumento
2066 1111 2207 1167 pcen

2362 1100 2702 1168 προτρέπεται
2756 1097 3064 1169 ἑτοιμάζειν,
3126 1100 3286 1169 ἠγουν
3342 1100 3631 1172 καθαίρειν,
3690 1106 3761 1168 τῷ
3821 1097 3976 1172 ἐργα-

589 1188 803 1254 tentiae,
837 1188 1223 1245 affectionum
1262 1188 1469 1259 spinas
1494 1186 1883 1252 extrahendo,
1922 1184 2147 1257 peccati
2170 1184 2207 1239 lz

2362 1184 2479 1257 λείῳ
2531 1194 2625 1246 τῆς
2685 1192 2959 1257 μετανοίας
3021 1185 3361 1248 ἀνασπῶντας
3434 1190 3523 1259 μὲν
3600 1189 3691 1248 τὰς
3742 1186 3976 1247 ἀκάνθας

590 1274 763 1347 pides
812 1276 1120 1348 ejiciendo,
1157 1282 1213 1333 et
1236 1278 1318 1333 ita
1340 1293 1555 1333 suaves
1599 1291 1669 1334 ac
1702 1275 1915 1333 molles
1944 1274 2024 1331 ad
2062 1272 2208 1346 ipsiu

2364 1284 2463 1328 τῶν
2514 1276 2712 1340 πάθῶν,
2773 1273 3105 1349 ἐκρίπτοντας
3159 1274 3218 1328 δὲ
3274 1280 3390 1336 τοὺς
3440 1275 3617 1337 λίθους
3669 1284 3763 1336 τῆς
3795 1275 3973 1348 ἀμαρ-

594 1365 1045 1437 susceptionem
1076 1365 1413 1422 efﬁciendo.

2365 1368 2501 1429 τίας,
2535 1368 2624 1415 καὶ
2678 1364 2841 1426 οὕτως
2891 1365 3090 1428 εὐθείας
3145 1369 3234 1417 καὶ
3287 1364 3484 1439 ὁμαλὰς
3540 1364 3693 1426 αὐτὰς
3742 1363 3976 1439 ἀπεργά-

2369 1453 2557 1513 ζεσθαι
2585 1456 2714 1527 πρὸς
2744 1450 3021 1526 ὑποδοχὴν
3048 1454 3233 1512 αὐτοῦ,

664 1544 826 1599 Vers.
868 1546 922 1599 4.
955 1546 1075 1615 Ipse
1102 1575 1166 1584 —
1200 1545 1316 1600 mel
1366 1544 1646 1601 silvestre.
1692 1540 1952 1599 Meminit
1977 1545 2031 1598 et
2056 1540 2256 1616 vestis,

2439 1542 2606 1601 Αὐτὸς
2643 1574 2711 1581 -
2758 1543 2872 1615 μελι
2916 1544 3115 1617 ἄγριον.
3160 1544 3537 1616 Ἐμνημόνευσε
3584 1547 3674 1595 καὶ
3714 1550 3803 1603 τῆς
3848 1562 3977 1595 στο-

592 1634 649 1686 et
678 1631 793 1686 cibi
846 1632 992 1702 ejus,
1027 1632 1348 1687 ostendens
1405 1636 1461 1687 et
1512 1646 1804 1703 pannum,
1867 1635 1923 1686 et
1976 1629 2210 1701 simplic

2367 1630 2476 1692 λῆς,
2527 1636 2617 1682 καὶ
2670 1641 2760 1691 τῆς
2813 1642 3003 1704 τροφῆς
3056 1633 3235 1695 αὐτοῦ,
3295 1621 3541 1685 δεικνύων
3590 1636 3647 1683 τὸ
3687 1632 3825 1683 λιτὸν
3882 1636 3978 1683 καὶ

591 1724 776 1775 tatem
836 1736 1042 1775 eorum
1105 1721 1219 1791 (ﬂ:
1276 1724 1331 1776 et
1392 1736 1497 1792 per
1543 1721 1670 1775 haec
1719 1719 1943 1774 docens
1991 1733 2205 1790 corpor

2372 1716 2590 1791 σχέδιον
2635 1721 2823 1785 αὐτῶν,
2865 1727 2954 1773 καὶ
3008 1718 3301 1785 διδάσκων,
3347 1724 3512 1795 μικρὰ
3550 1724 3637 1793 μὲν
3684 1724 3976 1794 φροντίζειν

591 1807 907 1864 minimam
924 1809 1272 1864 habendam
1291 1824 1417 1865 esse
1440 1824 1664 1873 curam,
1681 1807 2209 1879 despiciendamqu

2367 1815 2458 1859 τοῦ
2518 1815 2779 1881 σώματος,
2828 1817 3161 1884 καταφρονεῖν
3221 1807 3278 1863 δὲ
3340 1820 3430 1871 τῆς
3487 1808 3829 1870 πολυτελείας.
3888 1814 3978 1867 Μὴ

590 1898 1137 1969 sumptuositatem.
1198 1901 1276 1953 Ne
1308 1913 1545 1969 quaeras
1600 1900 1823 1965 autem,
1878 1896 2014 1968 quis
2053 1895 2134 1950 illi
2157 1912 2208 1949 vc

2369 1895 2604 1970 ζητήσης
2652 1894 2730 1961 δὲ,
2797 1904 2876 1959 τίς
2928 1899 3110 1971 ὖφηνεν
3164 1899 3303 1969 αὐτῷ
3360 1903 3417 1951 τὸ
3472 1895 3690 1970 ἔνδυμα,
3743 1899 3771 1955 ἦ
3818 1900 3976 1950 ποθεν

591 1990 743 2041 stem
808 1986 1063 2052 texebat,
1118 1991 1223 2042 aut
1287 1987 1447 2043 unde
1498 2001 1713 2041 zonam
1765 1984 2046 2041 habebat.
2079 1984 2209 2039 Mull

2367 1989 2494 2057 ἔσχε
2558 1991 2645 2044 τὴν
2700 1988 2885 2047 ζώνην·
2948 1988 3054 2039 ἐπεὶ
3110 1991 3528 2061 θαυμασιωτερον
3593 1987 3802 2060 μᾶλλον,
3860 1996 3976 2049 πῶς

590 2074 750 2130 enim
782 2076 976 2145 magis
1016 2075 1439 2131 admirandum
1485 2078 1591 2144 est,
1623 2074 1932 2145 quomodo
1962 2074 2022 2129 in
2053 2089 2208 2128 erem

2365 2074 2413 2126 ἐν
2470 2074 2642 2148 έρήμῴ
2686 2078 2925 2133 νηπιοθεν
2980 2076 3121 2150 ἀέρος
3179 2076 3495 2149 ἀνωμαλίαις
3547 2079 3678 2149 μετὰ
3725 2079 3971 2137 τοιαύτης

593 2181 629 2220 a
660 2179 845 2235 puero
877 2165 1030 2220 aeris
1054 2163 1443 2237 inaequalitati
1462 2180 1567 2236 per
1589 2163 1768 2219 talem
1791 2167 2028 2219 aetatem
2050 2179 2211 2219 assut

2364 2164 2566 2225 ἡλικίας
2614 2165 2826 2217 ἐπάλαιε
2855 2184 2865 2195 ’
2916 2170 3139 2237 γίνωσκε
3189 2163 3247 2218 δε
3295 2172 3467 2238 μόνον,
3528 2168 3609 2217 ὅτι
3652 2168 3785 2217 κατά
3832 2167 3973 2217 θείαν

594 2251 788 2307 factus
814 2256 917 2308 est.
951 2252 1013 2307 1d
1037 2256 1238 2307 autem
1269 2266 1457 2307 unum
1508 2251 1678 2317 scito,
1728 2251 1895 2323 quod
1927 2252 2105 2307 etiam
2131 2251 2212 2306 ille

2362 2258 2604 2328 πρόνοιαν
2654 2252 2819 2307 ἐκεῖνά
2857 2273 2910 2306 τε
2949 2254 3225 2322 ἐκτήσατο,
3258 2260 3346 2307 καὶ
3380 2255 3489 2327 (64)
3540 2254 3749 2327 ὸιήρκει
3795 2253 3976 2307 ταλαι-

594 2340 797 2395 divina
874 2342 926 2395 ei
986 2340 1333 2413 provisione
1382 2339 2017 2405 subministrabantur,
2064 2346 2119 2396 et
2170 2340 2212 2395 it

1100 2340 1333 2396 visione
1382 2339 2017 2405 subministrabantur,
2064 2346 2119 2396 et
2170 2340 2253 2396 ita
2362 2346 2717 2418 πωρούμενος,

596 2429 947 2486 afﬂictiones
970 2429 1310 2484 suﬂ‘erendo
1340 2428 1786 2501 perseverabat.

664 2518 947 2574 Locustas
974 2534 1115 2573 vero
1138 2518 1384 2589 quidam
1403 2517 1726 2573 herbarum
1740 2533 1868 2573 esse
1894 2517 2151 2587 virgulta
2168 2518 2250 2590 (le)

2432 2516 2701 2593 Ἀκρίδας,
2735 2518 2794 2573 δὲ
2822 2524 2954 2583 τινες
2978 2523 3067 2593 μὲν
3104 2519 3383 2597 ἀκρεμονας
3415 2520 3525 2593 (65)
3561 2519 3792 2592 βοτανῶν
3839 2516 3974 2572 εἶναι

594 2606 870 2662 dixerunt
889 2625 901 2675 ;
917 2607 1166 2678 quidam
1186 2610 1384 2662 autem
1411 2606 1663 2663 herbam
1684 2606 1900 2662 dictam
1918 2606 2212 2663 locustam

2363 2606 2523 2677 εἶπον,
2584 2613 2715 2670 τινες
2776 2606 2855 2675 δὲ,
2908 2610 3133 2683 βοτάνην
3193 2608 3391 2684 ἀκρίδα
3434 2609 3773 2681 καλουμένην,
3823 2607 3974 2661 ἄλλοι

592 2695 689 2752 alii
719 2711 853 2751 vero
900 2696 1095 2766 ipsum
1142 2696 1352 2751 insecti
1406 2711 1614 2764 genus.
1682 2695 1896 2752 Dicunt
1942 2696 2102 2751 enim
2159 2712 2210 2751 u:

2363 2694 2422 2750 δὲ
2460 2701 2518 2750 τὸ
2579 2702 2705 2761 ζῶον
2765 2699 2917 2754 αὑτό,
2963 2704 3096 2752 Φασί
3160 2702 3283 2773 γὰρ,
3334 2702 3496 2772 μέχρι
3544 2702 3632 2749 καὶ
3665 2702 3888 2771 σήμερον
3923 2697 3974 2749 ἐν

591 2799 708 2857 que
770 2784 849 2839 ad
912 2784 1271 2840 hodiernum
1333 2784 1510 2849 diem,
1545 2785 1606 2840 in
1648 2784 1764 2841 illis
1805 2786 2077 2857 partibus
2133 2785 2209 2857 p11

2361 2794 2466 2847 τοῖς
2520 2792 2727 2859 μέρεσιν
2780 2786 2991 2849 ἐκείνοις
3046 2788 3263 2849 πολλοὺς
3330 2790 3519 2839 ἐσθίειν
3579 2785 3704 2838 αὐτὸ
3767 2805 3973 2860 τεταρι-

589 2888 809 2945 rosque
834 2872 977 2928 illud
1010 2873 1183 2929 edere
1214 2873 1381 2929 fumo
1438 2874 1768 2939 siccatum;
1809 2878 1864 2929 et
1918 2874 2122 2946 ipsum
2170 2874 2207 2929 i1

2364 2880 2635 2947 χευμένον,
2706 2881 2804 2929 Kui
2874 2881 2973 2951 γὰρ
3041 2879 3171 2948 μετά
3226 2884 3322 2927 τῶν
3394 2878 3631 2948 καθαρῶν
3686 2875 3830 2934 ζώων
3881 2880 3974 2927 καὶ

590 2968 676 3017 ter
704 2962 990 3017 animalia
1038 2962 1268 3018 munda
1326 2962 1736 3031 legislatorem
1770 2963 2201 3019 adnumerasse

2360 2971 2511 3016 τοῦτο
2555 2965 2707 3027 τάξαι
2738 2970 2824 3017 τὸν
2868 2966 3147 3037 νομοθέτην
3180 2982 3191 2994 ·
3227 2968 3366 3035 ἔχειν
3400 2961 3457 3016 δὲ
3489 2960 3711 3020 δυσώδη
3749 2968 3838 3014 καὶ
3877 2983 3968 3014 πο-

589 3050 811 3106 habere
843 3054 1042 3106 autem
1066 3066 1310 3120 gravem
1325 3051 1594 3121 odorem,
1612 3051 1962 3123 malumque
1986 3058 2207 3121 gustun

2361 3058 2520 3125 νηράν
2579 3062 2789 3125 γεῦσιν.
2867 3061 3107 3126 Κρείττον
3180 3050 3238 3105 δὲ
3316 3056 3373 3103 τὸ
3434 3060 3660 3125 πρῶτον.
3720 3051 3848 3104 Mali
3910 3049 3972 3103 δὲ

594 3138 858 3194 Primum
916 3143 1121 3195 tamen
1174 3140 1372 3211 potius
1436 3140 1783 3223 tenendum.
1813 3145 1922 3196 est.
1964 3141 2071 3198 Mel
2105 3157 2212 3214 quc

2361 3145 2563 3216 ἄγριον,
2620 3147 2679 3196 τὸ
2737 3142 2783 3194 ἐν
2837 3150 2952 3205 ταῖς
3004 3150 3102 3193 τῶν
3154 3150 3351 3215 πετρῶν
3404 3147 3664 3213 σχισμαῖς
3714 3142 3812 3192 ὑπὸ
3866 3148 3969 3192 τῶν

590 3243 708 3300 que
761 3227 1028 3284 silvestre
1058 3229 1117 3283 in
1144 3233 1452 3301 petrarum
1484 3229 1763 3284 scissuris
1815 3228 1892 3287 ab
1918 3230 2208 3300 agrestibu

2363 3231 2552 3307 ἀγρίων
2618 3232 2878 3305 μελισσῶν
2938 3234 3343 3305 γεωργούμενον,
3414 3233 3598 3303 πικρὸν
3665 3233 3753 3281 καὶ
3806 3226 3973 3291 ἀηδὲς

592 3315 809 3387 apibus
831 3315 1143 3371 conﬁcitur
1171 3332 1183 3370 :
1219 3315 1322 3371 sed
1355 3332 1631 3372 amarum
1658 3324 1743 3371 est
1773 3332 1842 3373 ac
1873 3317 2141 3373 insuave.
2363 3325 2441 3378 ὄν,

661 3406 703 3473 -ἱ-
744 3403 965 3461 Habitu
992 3404 1169 3459 etiam
1228 3404 1609 3476 praidicabat,
1666 3410 1893 3461 vestem
1920 3422 2133 3476 gerens
2162 3407 2251 3463 lu-

2432 3412 2473 3480 -ι-
2512 3410 2603 3471 Εἰς
2645 3409 2756 3479 (66)
2810 3411 3080 3481 μετάνοιαν
3122 3408 3233 3481 (67)
3278 3407 3555 3480 παρεκάλει
3603 3411 3691 3458 καὶ
3738 3405 3835 3459 ἀπὸ
3876 3414 3976 3458 τοῦ

590 3492 863 3562 gubrem.
899 3493 1110 3549 Dicunt
1137 3497 1333 3549 autem
1364 3495 1661 3550 camelum
1717 3495 1985 3551 medium
2010 3512 2141 3551 esse
2166 3497 2208 3551 ir

2364 3504 2664 3571 σχήματος.
2716 3500 2965 3556 Πυθικὴν
3012 3500 3113 3571 γὰρ
3159 3496 3273 3569 εἶχε
3320 3501 3410 3555 τὴν
3467 3496 3671 3554 στολὴν.
3737 3500 3975 3566 Λέγουσι

590 3585 679 3637 ter
704 3581 937 3637 munda
967 3581 1251 3638 animalia
1303 3586 1359 3638 et
1393 3582 1708 3639 immunda
1742 3601 1755 3650 ;
1812 3583 1946 3640 licet
1976 3586 2135 3641 enim
2157 3601 2208 3641 ιιι

2363 3585 2440 3659 δὲ,
2500 3593 2593 3646 τὴν
2660 3586 2892 3659 κάμηλον
2949 3587 3143 3657 μεταξὺ
3230 3583 3357 3638 εἶναι
3414 3586 3646 3658 καθαροῦ
3704 3589 3791 3637 καὶ
3859 3589 3962 3656 μή.

592 3670 778 3725 minet
804 3676 1095 3742 tanquam
1118 3671 1439 3739 mundum,
1472 3672 1700 3728 inferne
1727 3677 1927 3729 tamen
1961 3674 2210 3743 ungula!

2363 3679 2503 3729 Καθὸ
2547 3679 2634 3748 μεν
2683 3678 2783 3749 γὰρ
2838 3680 3138 3749 μηρυκίζιι,
3197 3676 3423 3748 καθαρόν
3474 3672 3586 3725 ἐστι
3620 3689 3634 3704 ’
3666 3675 3793 3725 καθὸ
3856 3672 3976 3744 (68)

592 3773 716 3815 non
772 3758 955 3815 habet
979 3758 1207 3815 ﬁssam.
1256 3760 1405 3825 Quia
1442 3760 1623 3830 igitur
1650 3763 1912 3817 Joannes
1955 3764 2210 3835 populuz

2362 3760 2421 3816 δὲ
2452 3764 2545 3815 οὐκ
2576 3766 2685 3816 ἔστι
2716 3760 2941 3835 διχηλὸν
2995 3765 3127 3815 κατά
3177 3767 3299 3823 τοὺς
3329 3768 3544 3834 ὄνυχας,
3593 3761 3686 3813 οὐκ
3732 3764 3841 3813 ἐστι
3871 3781 3970 3813 κα-

591 3846 908 3902 Judaicum
939 3847 1041 3920 qui
1066 3848 1281 3903 misere
1312 3848 1576 3904 mundus
1622 3850 1971 3921 apparebat,
2006 3868 2076 3906 ac
2109 3867 2209 3923 gen

2363 3854 2536 3929 θαρὸν.
2598 3852 2739 3907 Ἐπεὶ
2789 3849 2875 3905 οὖν
2934 3856 3021 3904 καὶ
3052 3854 3076 3903 ὁ
3107 3851 3341 3913 Ἰωάννης
3394 3855 3480 3903 τὸν
3535 3869 3589 3902 τε
3639 3850 3750 3921 (69)
3798 3851 3973 3900 καθα-

592 3936 777 4000 tilem,
811 3936 915 4006 qui
973 3936 1325 3992 immundus
1357 3943 1501 4003 erat,
1549 3937 1630 3993 ad
1652 3938 1839 3995 Deum
1888 3938 2204 3997 adduceba

2362 3947 2448 4013 ρὸν
2494 3938 2750 3994 δοκοῦντα
2795 3941 2937 4007 λαὸν,
2993 3944 3078 3993 τὸν
3128 3936 3441 4008 Ἰουδαϊκὸν,
3482 3944 3570 3991 καὶ
3616 3942 3702 3990 τὸν
3745 3936 3980 4012 ἀκάθαρ-

592 4024 815 4080 idcirco
854 4023 1006 4096 pilos
1031 4023 1259 4081 ferebat
1288 4025 1684 4083 camelorum.

2360 4050 2466 4097 τον,
2518 4034 2603 4082 τὸν
2654 4030 2869 4097 ἐθνικὸν,
2924 4037 3159 4103 προσῆγε
3206 4036 3275 4099 τῷ
3330 4035 3465 4098 Θεῷ,
3521 4027 3635 4099 (70)
3678 4023 3771 4079 διὰ
3819 4032 3978 4078 τοῦτο

2361 4117 2529 4192 ἐφόρει
2558 4123 2649 4181 τὰς
2673 4125 2868 4193 τρίχας
2899 4129 2992 4181 τῆς
3022 4118 3282 4190 καμήλου.

665 4202 883 4258 Omnes
942 4203 1133 4259 sancti
1187 4201 1362 4257 cincti
1410 4219 1445 4259 a
1502 4202 1812 4274 Scriptura
1867 4204 2248 4274 inducuntur,

2434 4210 2475 4277 -ι-
2510 4210 2698 4269 Πάντες
2749 4211 2797 4261 οἱ
2838 4210 2981 4280 ἅγιοι
3031 4206 3309 4279 ἐζωσμένοι
3360 4205 3661 4277 εἰσάγονται
3720 4204 3860 4278 παρὰ
3908 4212 3977 4275 τῇ

590 4290 687 4347 vel
716 4295 1008 4365 tanquam
1061 4307 1299 4363 semper
1320 4293 1381 4348 in
1424 4308 1603 4365 opere
1625 4293 1805 4365 positi
1837 4310 1849 4349 ε
1883 4294 2208 4365 negligente

2366 4302 2562 4369 Γραφῇ,
2619 4299 2688 4357 ὡς
2746 4302 2821 4349 αεὶ
2879 4296 2925 4348 ἐν
2976 4300 3109 4371 ἔργῳ
3158 4300 3310 4355 ὄντες.
3364 4296 3431 4346 Οἱ
3480 4296 3581 4366 γὰρ
3632 4292 3827 4365 ἀμελεῖς
3884 4299 3984 4345 καὶ

593 4381 754 4438 enim
780 4386 835 4439 et
866 4382 1104 4441 delicati
1133 4400 1255 4443 non
1287 4383 1609 4455 cinguntur
1641 4402 1653 4437 :
1712 4384 1808 4441 vel
1858 4384 2001 4457 quia
2031 4400 2211 4442 concu

2366 4386 2613 4458 τρυφηλοὶ
2668 4386 2724 4437 οὐ
2787 4389 3063 4449 ζώννυνται
3123 4384 3254 4457 (71).
3317 4382 3381 4436 Ἦ
3436 4384 3516 4435 ὅτι
3562 4381 3845 4457 ἐνέκρωσαν
3909 4383 3984 4433 τα

1805 4534 2031 4603 νηπίω
2062 4536 2393 4605 lectiones
2427 4545 2492 4603 et
2533 4546 2736 4602 notae.

680 4701 790 4781 (64)
831 4702 873 4757 i.
922 4718 978 4781 Θ.
1030 4700 1262 4780 διαρκῶς
1327 4704 1638 4779 ἐνεκαρτέρει
1686 4712 1745 4776 τῇ
1793 4705 2120 4781 ταλαιπωρίᾳ
2162 4711 2252 4759 καὶ

2360 4779 2391 4781 μ
2426 4706 2538 4778 (69)
2580 4706 2810 4768 Nescio,
2852 4703 3260 4781 un_de_mi_sere
3298 4701 3577 4781 hauserit
3606 4701 3978 4781 Hentenius.

600 4772 996 4849 σκληραγωγία.
1124 4772 1133 4780 ’
1184 4846 1196 4849 Δ
1268 4780 1319 4849 μ’
1721 4772 1730 4776 ⁷
2029 4772 2037 4781 ’
2098 4772 2107 4777 ’

2366 4772 2527 4834 Fol'lé
2566 4792 2669 4848 pro
2710 4782 2795 4829 τόν
2826 4796 2896 4841 τε,
2927 4774 3066 4846 legit
3094 4776 3507 4849 οἰκτρῶςηΝᾶω
3541 4772 3760 4833 ἐλεεινως
3782 4772 3984 4829 nimis

665 4845 783 4918 (65)
826 4845 963 4911 Quo
986 4846 1366 4902 sensuhabet
1407 4846 1595 4909 Philo,
1639 4860 1777 4917 pag.
1804 4852 1928 4903 475.
2361 4845 2604 4911 recedit,
2637 4856 2819 4909 Δεινῶς
2849 4845 2990 4903 vere
3025 4845 3271 4918 prorsus
3302 4845 3568 4918 alienum
3608 4850 3715 4900 est.

668 4916 780 4988 (66)
824 4919 941 4971 Hoc
973 4924 1028 4972 et
1053 4919 1395 4988 proximum
1426 4916 1720 4973 scholium
1773 4918 1831 4973 in
1862 4918 2130 4987 margine
2160 4918 2252 4973 sui
2435 4920 2549 4988 (70)
2592 4920 2692 4975 Hic
2724 4918 2952 4975 auctior
2982 4916 3070 4973 est
3108 4916 3609 4988 Theophylactus.

668 4922 780 4988 (66)
824 4922 941 4971 Hoc
973 4924 1028 4972 et
1053 4922 1395 4988 proximum
1426 4922 1720 4973 scholium
1773 4922 1831 4973 in
1862 4922 2130 4987 margine
2160 4934 2214 4972 St

596 4987 819 5062 codicis
850 4989 1065 5062 reperit
1096 4989 1417 5044 Hentenius
1446 5005 1464 5062 _;
1496 4989 1613 5044 mei
1634 5005 1753 5045 non
1775 4995 2129 5061 agnoscunt.
2154 4989 2214 5047 Εε

2435 4922 2526 4985 (70
2592 4922 2692 4975 Hic
2724 4922 2952 4975 auctior
2982 4922 3070 4973 est
3108 4922 3609 4988 Theophylactus.

2432 4922 2549 5062 (Ἠ)
2589 4992 2691 5045 HIC
2742 4989 3038 5046 omissum
3074 4989 3201 5049 εὨς
3256 4995 3341 5039 νῦν
3391 4989 3439 5039 οἱ
3477 4994 3791 5062 ξαρακηνοι.
3854 4986 3992 5062 l‘lisi

597 5075 669 5115 ex
699 5057 1250 5133 Theophylactmp.
1277 5064 1361 5133 t7,
1407 5060 1496 5115 t8.
1691 5131 1701 5133 _
1740 5131 1779 5133 η
1818 5057 1843 5061 “
1974 5130 1983 5133 _
2239 5131 2249 5133 4
2363 5057 2549 5133 supra
2581 5061 2757 5118 etiam
2801 5062 3026 5117 omissa
3072 5063 3273 5116 essent
3317 5057 3598 5133 quaedam
3641 5058 3717 5113 ab
3758 5057 3992 5133 eodem

671 5130 781 5201 (67)
827 5128 971 5204 Haec
1004 5128 1345 5204 supplenda
1375 5136 1513 5204 sunt
1544 5131 1709 5202 apud
1738 5130 2114 5197 Hentenium,
2148 5131 2253 5204 qui
2363 5128 2573 5200 scriba,
2621 5133 2947 5204 crederem,
2992 5138 3152 5204 metu
3195 5128 3519 5204 Turc'arum
3567 5129 3703 5204 haec
3751 5128 4000 5187 omissa

600 5198 800 5275 tamen
827 5198 1097 5275 ἐκήρυσσί
1119 5198 1621 5275 videtur_legisse’.
1661 5273 1669 5275 4
2166 5198 2189 5204 “
2363 5219 2511 5271 esse,
2554 5198 2720 5275 quod
2750 5203 3019 5259 codicem
3050 5202 3165 5258 illis
3194 5202 3256 5257 in
3287 5201 3430 5257 locis
3472 5198 3785 5255 scribebat.

670 5271 781 5341 (68)
825 5271 991 5329 Forte
1012 5274 1153 5324 κάτω
1183 5272 1398 5344 reperit
1427 5273 1776 5330 Hentenius.

671 5426 738 5498 (ᾗ
769 5428 1050 5501 Ραηηιιηι
1079 5437 1133 5487 et
1156 5430 1590 5501 simplicitatem
1612 5447 1827 5488 eorum.
1852 5433 2123 5489 Pannum
2152 5431 2253 5489 ha-
2361 5433 2613 5491 amictus
2635 5435 2783 5501 ejus,
2814 5432 3123 5489 ostendens
3153 5447 3283 5489 eum
3318 5436 3546 5488 tenuem
3568 5436 3622 5487 et
3649 5428 3839 5499 facile
3868 5444 4014 5498 pa-

596 5495 699 5552 bet
719 5495 898 5555 etiam
929 5502 1107 5558 editio
1158 5495 1436 5575 princeps
1489 5503 1891 5575 Lovaniensis.
1946 5503 2252 5560 Habebam
2360 5506 2610 5563 rabilem
2643 5495 3068 5575 (subitariam).

598 5582 931 5657 proferrem
986 5571 2252 5657 typothgtsesjredebamquepinterpretem
2374 5577 2515 5657 __(_k)
2557 5571 2855 5648 Vifgutta.
2888 5571 3239 5635 Cacumina.
3301 5575 3388 5632 Ita
3434 5572 3600 5646 apud
3637 5571 3875 5639 Philon,
3918 5589 3997 5647 p.

600 5639 859 5699 voluisse
880 5639 1161 5715 parcam.
1196 5639 1402 5705 Reddo
1432 5669 1445 5703 :
1496 5639 1760 5706 Meminit
1785 5648 1961 5707 etiam
1990 5639 2172 5707 victus
2200 5652 2253 5705 et
2360 5639 2493 5706 475.
