4110 6386
517 308 621 381 163

1822 308 2174 377 EUTYHMII
2212 312 2545 371 ZIGABENI

3782 302 3893 369 164

517 449 863 505 Judtnorum
894 449 1088 515 sectis,
1120 464 1257 521 quas
1284 447 1379 503 hic
1404 449 1736 519 ponuntur.
1770 441 2080 501 Sadducmi
2116 441 2173 497 in

2286 445 2405 513 περὶ
2434 447 2534 492 τῶν
2588 440 2931 511 προκειμένων
2992 433 3088 490 δύο
3128 432 3432 490 Ἰουδαῑκῶν
3492 438 3759 510 αἱρέσεων.
3821 439 3895 489 Οἱ

520 534 741 589 caeteris
772 534 1217 605 quidemJudmi
1244 536 1670 587 erant:verum
1701 528 1981 600 Spiritum
2011 543 2180 583 sanc~

524 624 646 677 tum
676 626 732 676 et
762 621 1029 691 angelos,
1049 637 1119 676 ac
1148 620 1641 676 resurrectionem
1668 620 2043 671 mortuorum
2074 629 2179 668 ne-

524 710 767 778 gabant,
783 725 970 781 neque
984 710 1223 764 omnino
1237 724 1367 763 esse
1382 706 1723 761 credebant.
1742 702 2023 759 Pharisaei
2036 716 2176 756 vero

521 798 1025 870 etipsiquoquein
1053 798 1277 853 caeteris
1300 793 1854 862 Judaeis,habebant
1874 790 2174 862 quasdam

520 888 967 943 observationes
1006 887 1233 943 caeteris
1263 901 1386 941 non
1427 887 1875 945 communes,ut
1888 880 2174 951 jejunium

520 974 661 1031 bino
691 976 752 1030 in
781 974 1165 1031 hebdomade
1196 975 1326 1039 die;
1351 972 1695 1028 substantiae
1726 970 2009 1033 decimas,
2030 984 2177 1039 quas

521 1063 885 1135 pauperibus
924 1062 1288 1135 erogabant;
1328 1061 1580 1117 lotiones
1620 1075 1687 1114 ac
1735 1057 2177 1130 puriﬁcationes

520 1166 856 1215 urceorum,
899 1151 1312 1222 paropsidum,
1358 1165 1428 1204 ac
1481 1148 1864 1219 scyphorum,
1915 1144 2178 1214 aliosque

520 1239 620 1310 huj
631 1240 868 1294 usmodi
884 1254 1103 1294 mores.
1115 1239 1276 1295 Sicut
1287 1243 1487 1293 autem
1502 1235 1708 1291 scriba:
1723 1236 1845 1290 sive
1862 1232 2180 1304 legisperiti

522 1343 593 1383 ac
622 1328 893 1383 doctores
919 1328 1048 1383 aliis
1103 1326 1543 1399 prtestantiores
1573 1328 1741 1379 erant
1781 1342 1793 1378 :
1827 1324 1907 1378 ita
1954 1337 2097 1377 sane
2126 1326 2181 1376 et

523 1415 806 1471 Pharisaei
820 1433 889 1472 ac
905 1416 1217 1473 Sadducaei
1240 1420 1527 1485 tanquam
1540 1413 1677 1469 aliis
1693 1410 2031 1484 superiores
2048 1424 2180 1464 sese

517 1504 851 1575 jactabant.

594 1594 713 1648 Hos
742 1593 920 1663 igitur
975 1592 1238 1649 Joannes
1295 1590 1578 1648 accedere
1626 1588 1851 1654 videns,
1900 1588 2180 1659 ipsosque

524 1696 879 1751 agnoscens,
914 1686 1040 1736 tum
1066 1696 1172 1752 per
1217 1680 1651 1736 inhabitantem
1687 1678 1749 1732 in
1778 1692 1843 1733 se
1901 1677 2176 1746 gratiam,

2289 525 2642 582 Σαδδουκαῖοι
2696 527 2856 580 τᾶλλα
2917 530 3006 600 μὲν
3067 524 3317 580 Ἰουδαῖοι
3375 523 3530 594 ἦσαν,
3577 534 3784 599 Πνεῦμα
3828 523 3895 579 δὲ

2287 618 2433 690 ἅγιον
2478 623 2567 669 καὶ
2617 616 2862 689 ἁγγελους
2918 621 3007 669 καὶ
3048 624 3234 690 νεκρῶν
3283 614 3568 667 ἀνάστασιν
3618 614 3891 681 ἀθετοῦσι,

2286 712 2375 758 καὶ
2416 703 2530 759 οὐδ’
2562 706 2688 767 ὅλως
2716 703 2842 757 εἶναί
2873 725 3047 776 φασιν.
3079 707 3144 756 Οἱ
3187 712 3464 778 Φαρισαῖοι
3503 700 3578 773 δὲ,
3614 710 3701 756 καὶ
3733 705 3893 756 αὐτοὶ

2286 794 2447 845 τᾶλλα
2497 798 2587 865 μεν
2629 790 2885 845 Ἰουδαῖοι
2931 796 3067 863 (75),
3119 791 3263 864 εἶχον
3327 789 3387 844 δε
3443 795 3688 865 περιττάς
3741 812 3894 854 τινας

2286 888 2697 955 παρατηρήσεις,
2754 882 2879 948 οἷον,
2953 887 3195 938 νηστείαν
3256 879 3341 943 δὶς
3406 891 3496 941 τῆς
3566 878 3891 953 ἑϐδομάδος,

2288 968 2706 1031 ἁποδεκατώσεις
2752 980 2849 1031 τῆς
2885 970 3064 1030 οὐσίας
3113 970 3185 1030 εἰς
3227 974 3345 1031 τοὺς
3398 974 3637 1035 πένητας,
3693 968 3897 1041 βαπτι-

2290 1064 2449 1131 σμούς
2498 1064 2587 1111 καὶ
2643 1061 3001 1131 καθαρισμοὺς
3051 1058 3264 1121 ξεστῶν,
3330 1064 3419 1110 καὶ
3476 1060 3722 1129 πινάκων,
3797 1062 3896 1109 καὶ

2288 1154 2568 1221 ποτηρίων,
2597 1152 2685 1199 καὶ
2706 1156 2925 1199 τοιαῦτα
2954 1149 3100 1220 ἕτερα
3124 1149 3236 1203 ἔθη.
3264 1146 3463 1221 Ὠσπερ
3489 1144 3547 1199 δὲ
3568 1148 3685 1217 (76)
3706 1148 3756 1198 οἱ
3774 1146 3895 1217 (77)

2288 1242 2492 1307 νομικοὶ
2561 1241 2651 1288 καὶ
2727 1232 3047 1288 διδάσκαλοι
3106 1233 3484 1307 διαφορώτεροι
3552 1244 3650 1286 τῶν
3724 1234 3898 1286 ἄλλων

2289 1322 2444 1391 ἦσαν,
2478 1325 2611 1376 οὕτω
2644 1322 2710 1382 δή
2746 1328 2831 1376 καὶ
2862 1327 2910 1377 οἱ
2941 1331 3219 1398 Φαρισαῖοι
3247 1329 3337 1377 καὶ
3373 1320 3726 1377 Σαδδουκαῖοι
3754 1327 3901 1395 μέγα

2290 1411 2549 1487 ἐφρόνουν,
2584 1416 2653 1475 ὡς
2674 1418 3025 1489 περιττότεροι
3055 1421 3154 1465 τῶν
3181 1413 3368 1472 illa».

2360 1591 2583 1649 Τούτους
2624 1592 2938 1661 προσιόντας
2987 1585 3111 1641 ἰδὼν
3162 1590 3187 1641 0
3231 1588 3494 1658 Ἰωάννης,
3532 1593 3622 1642 καὶ
3651 1587 3898 1659 ἕπιγνοὺς

2290 1677 2499 1743 αύτούς,
2546 1685 2698 1729 τοῦτο
2749 1680 2858 1749 μεν,
2916 1676 2972 1728 ἐκ
3024 1685 3119 1739 τῆς
3177 1676 3481 1739 ἐνοικούσης
3557 1677 3696 1747 αύτῷ
3756 1678 3900 1737 θείας

522 1773 650 1825 tum
681 1785 821 1825 vero
851 1785 886 1825 a
923 1774 1087 1824 veste
1138 1768 1467 1841 habituque
1508 1766 1749 1838 insigni,
1782 1764 2025 1821 liberius
2076 1779 2173 1819 eos

2289 1768 2527 1837 χάριτος,
2560 1773 2712 1817 τοῦτο
2774 1762 2833 1817 δὲ
2881 1771 2969 1817 καὶ
2996 1766 3052 1817 ἐκ
3100 1774 3199 1817 τῶν
3252 1771 3582 1839 παρασήμων
3627 1773 3719 1827 τῆς
3762 1783 3899 1818 στο-

523 1858 716 1929 arguit
748 1874 763 1923 ;
797 1857 1096 1930 siquidem
1130 1857 1415 1913 ﬁduciam
1442 1856 1506 1911 in
1537 1872 1608 1912 eo
1644 1854 1925 1919 habebat,
1957 1853 2062 1925 qui
2117 1867 2177 1908 se

520 1948 786 2002 miserat.
828 1947 1031 2002 Miscet
1082 1951 1283 2002 autem
1336 1944 1821 2017 reprehensionis
1874 1941 2179 2010 asperitati

522 2034 785 2099 laudem,
821 2040 883 2089 ut
913 2034 1051 2089 inde
1071 2034 1319 2105 quidem
1348 2032 1754 2099 humilientur,
1805 2030 1947 2085 hinc
1977 2035 2177 2085 autem

524 2122 997 2177 consolationem
1045 2122 1363 2192 accipiant.
1428 2124 1576 2176 Nam
1625 2120 1784 2190 ipsos
1843 2117 2176 2189 alloquens,

521 2211 831 2281 Progenies
862 2211 1197 2278 viperarum
1218 2209 1563 2281 appellavit.
1582 2209 1741 2263 Sicut
1757 2206 1917 2262 enim
1950 2208 2173 2277 vipera-

520 2316 655 2356 rum
682 2300 896 2371 proles,
931 2316 1069 2355 cum
1098 2301 1428 2371 pariuntur,
1464 2314 1603 2353 suas
1627 2298 1909 2353 occidunt
1938 2302 2177 2361 matres,

521 2404 699 2445 exeso
726 2404 933 2445 eorum
974 2394 1195 2452 ventre,
1226 2388 1309 2443 ita
1357 2403 1503 2443 sane
1549 2393 1603 2441 et
1654 2386 1838 2441 Judaei
1888 2401 2031 2440 suos
2074 2400 2176 2457 pa-

525 2484 637 2533 tres
660 2477 1015 2549 spirituales,
1053 2481 1196 2548 puta
1240 2476 1563 2548 prophetas
1621 2475 1983 2530 occiderant.
2033 2474 2180 2529 Lau-

521 2566 688 2621 davit
742 2571 944 2621 autem
1015 2567 1179 2636 ipsos
1254 2565 1513 2619 dicens:
1563 2564 1699 2631 Quis
1756 2563 2179 2619 demonstravit

524 2655 685 2710 vobis
705 2656 920 2724 lugere
939 2660 1241 2709 aventi/ra
1272 2654 1362 2710 ira
1393 2654 1421 2708 ?
1447 2653 1779 2724 Apparebat
1806 2652 1986 2716 enim,
2012 2651 2178 2722 quod

519 2742 648 2799 sola
683 2744 955 2814 ipsorum
1019 2743 1356 2814 prudentia.

588 2995 872 3050 Futuram
912 3009 1053 3050 vero
1078 2993 1231 3049 iram
1283 2992 1440 3057 dicit,
1491 2992 1584 3047 vel
1625 3006 1761 3064 quae
1804 3006 1839 3046 a
1896 2988 2174 3047 Romanis

2286 1853 2382 1914 λῆς
2432 1859 2521 1906 καὶ
2576 1862 2668 1906 τοῦ
2725 1859 3022 1925 σχήματος,
3068 1853 3657 1928 παρρησιαστικώτερον
3708 1850 3897 1915 αὐτοῖς

2290 1938 2602 2013 διαλέγεται.
2658 1948 2757 1995 Καὶ
2803 1944 2904 2015 γὰρ
2952 1942 3155 2016 ἐθάρρει
3184 1951 3256 2012 τῷ
3311 1941 3671 1994 ἀποστείλαντι
3711 1944 3896 1998 αύτόν.

2289 2034 2523 2099 Μίγνυσι
2556 2028 2614 2082 δὲ
2671 2038 2733 2102 τῇ
2794 2031 3063 2103 αύστηρίᾳ
3106 2040 3202 2083 τῶν
3244 2030 3468 2102 ἐλέγχων
3516 2035 3605 2082 καὶ
3661 2033 3899 2095 ἔπαινον,

2292 2118 2374 2168 ἵνα
2429 2126 2489 2189 τῇ
2550 2121 2639 2190 μὲν
2712 2121 3091 2184 ταπεινωθῶσι,
3150 2128 3222 2189 τῷ
3299 2116 3357 2170 δὲ
3421 2121 3898 2193 παρηγορηθῶσιν.

2288 2204 2504 2276 Ἠλεγξε
2547 2209 2637 2277 μὲν
2671 2209 2772 2280 γὰρ
2814 2206 3019 2273 αὐτοὺς,
3072 2212 3366 2278 Γεννήματα
3404 2204 3629 2278 ἐχιδνῶν
3679 2211 3900 2269 τούτους

2289 2297 2739 2367 προσαγορεύσας.
2768 2293 2966 2367 Ὠσπερ
2990 2298 3089 2367 ’γὰρ
3118 2298 3183 2345 τὰ
3211 2300 3502 2366 γεννήματα
3529 2304 3627 2347 τῶν
3661 2292 3899 2367 ἐχιδνῶν

2291 2380 2650 2434 ἀποκτείνουσι
2681 2385 2769 2443 τάς
2801 2382 2992 2434 ἑαυτῶν
3019 2388 3268 2457 μητέρας,
3299 2380 3757 2457 διαϐιϐρώσκοντα
3799 2388 3899 2445 τὰς

2288 2473 2482 2522 τούτων
2534 2476 2799 2545 γαστέρας
2851 2470 2899 2523 ἐν
2944 2479 3016 2542 τῷ
3066 2473 3398 2523 κυῖσκεσθοιι⁸
3442 2473 3576 2523 οὕτω
3610 2469 3676 2531 δή
3719 2492 3809 2524 και
3842 2476 3898 2525 οἱ

2289 2554 2541 2610 Ἰουδαῖοι
2592 2563 2709 2619 τοὺς
2776 2564 3154 2631 πνευματικοὺς
3223 2560 3391 2612 αὐτῶν
3462 2565 3706 2632 πατέρας,
3766 2566 3897 2623 τοὺς

2287 2651 2572 2718 προφήτας,
2625 2646 2911 2701 ἀπέκτενον.
2954 2648 3197 2720 Ἐπήνεσε
3226 2644 3284 2699 δὲ
3326 2648 3532 2718 αύτούς,
3581 2649 3753 2701 εἱπωψ
3800 2654 3898 2711 Τίς

2289 2732 2548 2797 ὓπέδειξεν
2606 2737 2726 2808 ύμῖν
2773 2744 2949 2808 φυγεῖν
3020 2735 3120 2788 ἀπὸ
3176 2746 3269 2798 τῆς
3326 2736 3618 2809 μελλούσης
3686 2737 3892 2810 ὀργῆς;

2283 2822 2515 2895 Ἐνέφηνε
2555 2828 2679 2897 γὰρ,
2713 2826 2792 2876 ὅτι
2836 2822 3005 2885 οὐδεὶς
3035 2824 3185 2887 ἄλλος
3216 2825 3351 2897 (78),
3401 2826 3443 2878 εἰ
3469 2831 3540 2898 μή
3585 2828 3613 2884 ἡ
3676 2830 3896 2889 σύνεσις

2285 2930 2474 2965 αυτων.

2354 3000 2653 3053 Μέλλουσαν
2707 2998 2764 3054 δὲ
2815 3000 2972 3075 ὀργήν
3020 3000 3174 3073 λέγει,
3230 3006 3259 3060 ἦ
3312 3006 3405 3060 τήν
3464 3005 3565 3055 ἀπὸ
3620 3002 3892 3075 Ῥωμαίων

518 3082 577 3138 in
625 3083 927 3138 obsidione
984 3082 1181 3138 futura
1224 3088 1382 3138 erat:
1414 3080 1499 3136 vel
1558 3096 1690 3149 qua:
1731 3096 1767 3136 a
1809 3080 1928 3135 Deo
1957 3079 2019 3133 in
2078 3078 2173 3133 die

518 3172 530 3183 .
602 3171 638 3188 ..
684 3172 715 3182 ..
1102 3171 1116 3188 .
1615 3167 1992 3188 ___-_-_L
2084 3167 2143 3188 .__

2285 3086 2330 3139 ἓν
2357 3096 2418 3160 τῇ
2463 3089 2758 3163 πολιορκίᾳ,
2792 3093 2821 3148 ἦ
2852 3095 2944 3148 τήν
3007 3088 3108 3142 ἀπὸ
3160 3098 3293 3143 Θεοῦ
3350 3089 3398 3142 ἓν
3440 3093 3609 3165 ἡμέρᾳ
3647 3097 3891 3165 κρίσεως,

511 3171 717 3243 judicii
749 3189 766 3228 :
793 3188 1000 3244 quam,
1044 3171 1121 3227 ad
1165 3170 1573 3243 paenitentiam
1615 3167 2022 3242 properando,
2084 3167 2170 3222 fu-

513 3261 768 3331 giebant.
798 3259 1313 3331 Erumpendo(m)
1368 3258 1546 3329 igitur
1599 3257 1679 3312 ad
1727 3257 2054 3313 Pharisaaos
2106 3271 2172 3310 ac

515 3348 875 3404 Sadducazos
905 3347 1103 3417 dirigit
1142 3363 1482 3402 sermonem
1517 3346 1601 3418 (η)
1640 3362 1652 3400 ;
1686 3361 1789 3400 eos
1819 3349 2020 3400 autem
2056 3344 2169 3415 spi-

510 3438 626 3493 ritu
651 3438 1020 3506 discernens,
1053 3438 1175 3491 haac
1212 3436 1325 3490 illis
1360 3435 1612 3498 dicebat,
1646 3434 1748 3506 qui
1790 3434 1849 3488 in
1875 3434 2170 3489 Christum

514 3527 795 3583 credituri
840 3533 1026 3592 erant,
1070 3532 1127 3581 et
1173 3526 1255 3581 ita
1301 3526 1645 3597 praedictam
1713 3526 1865 3579 iram
1923 3524 2171 3579 omnino

514 3616 771 3671 evasuri.
832 3614 1004 3680 Quod
1051 3615 1098 3668 si
1142 3616 1326 3670 Lucas
1365 3613 1494 3668 haec
1533 3613 1723 3668 turbis
1753 3613 1920 3668 illum
1946 3612 2171 3666 dixisse

511 3706 610 3771 ait,
644 3704 723 3760 ad
752 3720 815 3759 se
844 3711 908 3759 ut
936 3703 1375 3775 baptizarentur
1404 3702 1800 3771 venientibus,
1856 3700 2001 3756 nihil
2031 3700 2169 3756 inde

513 3793 791 3849 turberis.
845 3793 1171 3849 Verisimile
1203 3797 1291 3849 est
1332 3793 1493 3848 enim
1549 3792 1643 3848 bis
1702 3793 1823 3847 haec
1875 3794 2167 3847 Joannem

509 3883 733 3939 dixisse
774 3899 786 3936 :
823 3899 982 3938 nunc
1006 3882 1252 3954 quidem
1278 3882 1396 3947 his,
1426 3897 1586 3937 nunc
1632 3898 1770 3937 vero
1810 3881 1944 3937 illis.
1975 3880 2171 3935 Admi-

511 3971 758 4027 rabatur
787 3977 984 4027 autem
1016 3971 1277 4026 Joannes
1310 3986 1597 4041 magnam
1638 3970 1912 4042 ipsorum
1973 3974 2169 4025 muta-

512 4059 782 4115 tionem:
816 4059 1126 4131 quomodo
1163 4058 1222 4114 hi
1277 4059 1380 4131 qui
1429 4059 1752 4131 prophetas
1803 4057 2166 4124 occiderant,

509 4148 709 4219 ipsum
739 4163 982 4219 quoque
1005 4163 1127 4202 non
1167 4147 1527 4214 occiderent,
1561 4147 1662 4203 sed
1706 4147 1900 4217 magis
1940 4146 2017 4202 ad
2048 4161 2171 4218 pne.

511 4237 817 4294 nitentiam
856 4237 1143 4292 venirent.

582 4328 749 4382 Vers.
817 4328 868 4379 8.
926 4326 1127 4381 Facite
1158 4357 1226 4365 —
1253 4324 1624 4394 paenitentia.
1655 4324 1765 4390 Qui
1792 4340 1828 4380 a
1857 4338 1999 4393 ergo
2028 4323 2170 4379 resi-

510 4416 757 4487 piscitis,
822 4415 1046 4480 scitote,
1128 4414 1295 4486 quod
1357 4430 1473 4470 non
1542 4414 1761 4470 sufﬁcit
1811 4414 2166 4484 pravitatem

510 4504 802 4559 duntaxat
853 4502 1057 4571 fugere
1099 4519 1112 4557 :
1165 4503 1270 4558 sed
1314 4508 1546 4573 oportet
1600 4503 1874 4557 virtutem
1922 4518 2167 4574 quoque

511 4590 764 4663 operari.
832 4591 1098 4655 Declina,
1178 4590 1389 4663 inquit,
1449 4607 1486 4647 a
1542 4592 1719 4662 malo,
1804 4594 1857 4645 et
1912 4592 2015 4659 fac
2074 4590 2167 4646 bo-

509 4697 655 4737 num
690 4680 758 4735 ⁸³.

581 4769 745 4827 Vers.
767 4770 822 4825 9.
852 4770 932 4825 Et
954 4782 1027 4826 ne
1048 4798 1120 4812 —
1167 4767 1489 4826 Abraham.
1531 4767 1624 4826 Ne
1682 4768 2018 4833 videamini,
2048 4768 2163 4826 hoc

580 4950 627 4988 ⁸³
658 4951 795 5007 Luc.
822 4964 900 5015 III,
924 4953 983 5008 7.
1023 4948 1071 4983 ⁶²
1101 4947 1255 5005 Psal.
1279 4964 1478 5018 xxxiii,
1512 4951 1600 5006 t5.

2283 3179 2343 3235 ἣν
2389 3179 2596 3249 ἔφευγον
2648 3176 2921 3249 ἐρχόμενοι
2980 3178 3051 3240 εἰς
3106 3183 3398 3250 μετάνοιαν.
3454 3184 3890 3252 Προηγουμένως,

2280 3268 2369 3337 μὲν
2434 3262 2520 3316 οὖν
2582 3269 2706 3338 πρὸς
2773 3270 2889 3327 τοὺς
2958 3272 3277 3340 Φαρισαίους
3332 3272 3422 3319 καὶ
3488 3265 3893 3332 Σαδδουκαίους

2282 3353 2508 3405 ἀπέτεινε
2579 3358 2666 3405 τὸν
2724 3354 2895 3425 λόγον,
2973 3358 3041 3415 ὡς
3104 3352 3386 3417 δοκοῦντας
3454 3362 3889 3431 φρονιμωτέρους·

2282 3438 2375 3493 διὰ
2404 3446 2566 3514 μέσου
2616 3439 2673 3495 δε
2720 3444 2887 3495 αὐτῶν
2944 3444 3081 3515 ἔλεγε
3128 3452 3295 3496 ταῦτα
3346 3448 3477 3519 πρὸς
3531 3449 3651 3507 τοὺς
3680 3444 3891 3517 μέλλον-

2280 3551 2371 3592 τας
2404 3531 2474 3592 εἰς
2522 3536 2752 3605 Χριστὸν
2784 3535 3064 3599 πιστεύειν,
3114 3534 3163 3584 οἱ
3201 3535 3405 3593 πάντως
3443 3538 3532 3585 καὶ
3562 3538 3655 3591 τήν
3706 3529 3891 3590 δηλω-

2283 3622 2457 3672 θεῖσαν
2524 3620 2685 3694 ὀργήν
2748 3620 2950 3693 ἔμελλον
3008 3621 3260 3693 ἐκφυγεῖν.
3332 3621 3396 3675 Εἰ
3448 3618 3506 3673 δὲ
3578 3623 3603 3673 0
3671 3628 3890 3685 Λουκᾶς

2280 3728 2459 3780 φησιν,
2510 3710 2590 3760 ὅτι
2656 3708 2794 3780 ἔλεγε
2847 3716 3015 3761 ταῦτα
3065 3716 3174 3771 τοῖς
3232 3708 3653 3784 ἐκπορευομένοις
3704 3710 3890 3782 ὄχλοις

2280 3796 2643 3869 βαπτισθῆναι
2700 3798 2787 3849 ὑπ’
2834 3797 3014 3869 αὐτοῦ,
3078 3803 3149 3870 μή
3200 3801 3497 3871 ταραχθῇς.
3553 3799 3704 3859 Εἰκὸς
3755 3802 3886 3874 γὰρ,

2280 3882 2364 3947 δὶς
2390 3893 2555 3937 ταῦτα
2582 3889 2667 3937 τὸν
2718 3885 2955 3943 Ἰωάννην
3010 3887 3187 3952 εἰπεῖν,
3238 3895 3327 3937 νῦν
3376 3890 3465 3959 μὲν
3524 3890 3747 3952 τούτοις,
3792 3895 3887 3939 νῦν

2280 3970 2339 4026 δὲ
2390 3973 2621 4035 ἐκείνοις.
2684 3973 3058 4031 Ἐκπλήττεται
3092 3971 3205 4027 διὸ
3259 3975 3495 4037 Ἰωάννης
3544 3981 3638 4035 τήν
3688 3974 3887 4050 ἀθρόαν

2279 4062 2446 4115 αὐτῶν
2512 4063 2823 4134 μεταϐολήν,
2882 4072 2991 4133 πῷς
3044 4064 3179 4136 (79),
3252 4069 3664 4137 προφητοκτόνοι
3720 4068 3881 4133 ὄντες,

2278 4151 2372 4203 ούκ
2447 4150 2721 4225 ἀναιροῦσι
2790 4156 2881 4204 καὶ
2935 4152 3109 4218 αὐτὸν,
3154 4150 3266 4221 ἀλλ,
3307 4156 3555 4226 ἔρχονται
3605 4159 3678 4215 είς
3724 4156 3887 4227 μετά-

2276 4259 2438 4294 νοιαν.

2350 4333 2609 4387 Ποιήσατε
2664 4360 2733 4369 --
2782 4335 3071 4401 μετανοίας.
3132 4329 3282 4385 Ἐπεὶ
3333 4335 3503 4384 τοίνυν
3560 4338 3882 4403 μετανοεῖτε,

2275 4422 2578 4489 γινώσκετε,
2611 4419 2690 4469 ὅτι
2724 4418 2816 4469 ούκ
2853 4417 2998 4493 ἀρκεῖ
3027 4424 3179 4491 μόνον
3223 4424 3281 4471 τὸ
3309 4427 3484 4493 φυγεῖν
3528 4424 3617 4478 τήν
3666 4426 3880 4490 κακίαν,

2278 4503 2405 4556 ἀλλά
2455 4510 2564 4578 χρὴ
2618 4510 2703 4557 καὶ
2761 4506 2946 4580 ἀρετήν
2986 4504 3371 4570 ἐπιδείξασθαι.
3433 4508 3701 4563 Ἐκκλινον
3748 4512 3879 4584 γὰρ,

2277 4597 2455 4665 φησὶν,
2493 4593 2593 4645 ἀπὸ
2624 4603 2812 4662 κακοῦ,
2837 4601 2925 4648 καὶ
2960 4601 3179 4655 ποίησον
3203 4596 3416 4668 ἀγαθὸν.

2347 4776 2448 4825 Καὶ
2476 4775 2549 4846 μή
2597 4804 2665 4815 -—-
2693 4771 2950 4850 ’Δϐραάμ.
2992 4806 3061 4816 —
3102 4778 3186 4834 Μή
3232 4770 3441 4847 δόξητε,
3475 4775 3587 4828 ἀντὶ
3633 4782 3743 4845 τοῦ,
3786 4780 3876 4836 Μὴ

1712 5073 1931 5142 Varia:
1970 5071 2299 5141 lectiones
2335 5080 2400 5139 et
2464 5084 2668 5143 notae.

605 5218 693 5283 75)
731 5214 923 5283 Ἦσαν,
956 5216 1124 5273 addit
1156 5219 1218 5270 Α·

605 5219 672 5273 75
731 5218 923 5283 Ἦσαν,
956 5218 1124 5273 addit
1156 5219 1191 5270 Α

581 5218 695 5433 Ξ76ξ
728 5286 853 5375 reip,
884 5304 995 5369 pro
1027 5284 1085 5369 ξι
1120 5288 1191 5344 Α.

605 5360 672 5414 77
732 5361 820 5425 Οι,
861 5364 1077 5416 οωιιιιι
1106 5361 1167 5414 Β.

605 5360 694 5425 77)
732 5360 820 5425 Οἱ,
861 5360 1077 5416 omittit
1106 5361 1167 5414 Β.

558 5496 685 5582 .(m)
717 5499 1139 5581 ῌροηγουμένως,
1170 5513 1295 5556 non
1322 5501 1427 5568 est.
1452 5498 1832 5570 erumpendo,
1871 5498 1977 5557 sed
2010 5514 2163 5570 prae-

512 5580 697 5645 cipue,
721 5580 787 5626 in
804 5580 1043 5640 primis.

2344 5213 2462 5358 E78;
2487 5213 2671 5270 intell.
2703 5212 2987 5279 ὑπέδειξεν.

2367 5286 2435 5341 79
2490 5287 2617 5358 Γάρ,
2640 5288 2960 5358 interponit

2367 5286 2457 5358 79)
2490 5287 2617 5363 Γάρ,
2640 5288 2960 5360 interponit
2987 5288 3055 5344 B.

2326 5496 2600 5581 _(n)__Post
2650 5514 2993 5581 sermonem,
3021 5500 3105 5557 ita
3157 5496 3501 5581 legendum,
3532 5502 3737 5581 iianai
3780 5513 3879 5581 sa‘

2267 5570 2587 5643 pientiores
2608 5571 2978 5640 videbantur,
2992 5587 3099 5645 per
3117 5588 3209 5631 eos
3222 5570 3423 5634 autem
3441 5570 3570 5635 hac
3589 5570 3734 5647 illis,
3759 5580 3875 5634 etc.
