  <div class='ocr_page' id='page_1' title='image "/cluster/home/n/w/nwhite01/storage/ocr_20150623/129/coo.31924054870344/092.png"; bbox 0 0 4110 6388; ppageno 0'>
   <div class='ocr_carea' id='block_1_1' title="bbox 174 295 2569 372">
    <p class='ocr_par' dir='ltr' id='par_1_1' title="bbox 174 295 2569 372">
     <span class='ocr_line' id='line_1_1' title="bbox 174 295 2569 372; baseline -0 -2"><span class='ocrx_word' id='word_1_1' title='bbox 174 304 254 370; x_wconf 68' lang='lat'><strong>165</strong></span> <span class='ocrx_word' id='word_1_2' title='bbox 1171 310 1541 372; x_wconf 86' lang='lat' dir='ltr'><strong>COMMENT.</strong></span> <span class='ocrx_word' id='word_1_3' title='bbox 1583 300 1655 370; x_wconf 80' lang='lat' dir='ltr'><strong>1N</strong></span> <span class='ocrx_word' id='word_1_4' title='bbox 1690 295 2125 370; x_wconf 61' lang='lat' dir='ltr'><strong>MATTHEUM.</strong></span> <span class='ocrx_word' id='word_1_5' title='bbox 2166 344 2236 355; x_wconf 89' lang='lat'>—</span> <span class='ocrx_word' id='word_1_6' title='bbox 2273 312 2428 371; x_wconf 87' lang='lat' dir='ltr'><strong>CAP.</strong></span> <span class='ocrx_word' id='word_1_7' title='bbox 2474 298 2569 370; x_wconf 87' lang='lat' dir='ltr'><strong>ni.</strong></span> 
     </span>
    </p>
   </div>
   <div class='ocr_carea' id='block_1_2' title="bbox 3473 317 3577 373">
    <p class='ocr_par' dir='ltr' id='par_1_2' title="bbox 3473 317 3577 373">
     <span class='ocr_line' id='line_1_2' title="bbox 3473 317 3577 373; baseline 0.01 -1"><span class='ocrx_word' id='word_1_8' title='bbox 3473 317 3577 373; x_wconf 84' lang='grc'><strong>166</strong></span> 
     </span>
    </p>
   </div>
   <div class='ocr_carea' id='block_1_3' title="bbox 181 437 1806 514">
    <p class='ocr_par' dir='ltr' id='par_1_3' title="bbox 181 437 1797 514">
     <span class='ocr_line' id='line_1_3' title="bbox 181 437 1797 514; baseline -0.002 -21"><span class='ocrx_word' id='word_1_9' title='bbox 181 439 428 497; x_wconf 72' lang='grc' dir='ltr'>θελήσητε.</span> <span class='ocrx_word' id='word_1_10' title='bbox 485 444 761 513; x_wconf 83' lang='grc' dir='ltr'>Παραινεῖ</span> <span class='ocrx_word' id='word_1_11' title='bbox 829 437 911 507; x_wconf 69' lang='grc' dir='ltr'>δί,</span> <span class='ocrx_word' id='word_1_12' title='bbox 967 443 1039 514; x_wconf 82' lang='grc' dir='ltr'>μὴ</span> <span class='ocrx_word' id='word_1_13' title='bbox 1094 439 1256 512; x_wconf 71' lang='grc' dir='ltr'>λέγειν</span> <span class='ocrx_word' id='word_1_14' title='bbox 1325 439 1375 491; x_wconf 81' lang='grc' dir='ltr'>ἐν</span> <span class='ocrx_word' id='word_1_15' title='bbox 1429 446 1545 499; x_wconf 86' lang='grc' dir='ltr'>ταῖς</span> <span class='ocrx_word' id='word_1_16' title='bbox 1607 438 1797 492; x_wconf 83' lang='grc' dir='ltr'>ἑαυτῶν</span> 
     </span>
    </p>
   </div>
   <div class='ocr_carea' id='block_1_4' title="bbox 1922 437 3571 514">
    <p class='ocr_par' dir='ltr' id='par_1_4' title="bbox 1922 437 3571 506">
     <span class='ocr_line' id='line_1_4' title="bbox 1922 437 3571 506; baseline 0.002 -12"><span class='ocrx_word' id='word_1_17' title='bbox 1922 439 2111 503; x_wconf 66' lang='lat' dir='ltr'><strong>est,Ne</strong></span> <span class='ocrx_word' id='word_1_18' title='bbox 2156 437 2360 503; x_wconf 81' lang='lat' dir='ltr'><strong>velitis,</strong></span> <span class='ocrx_word' id='word_1_19' title='bbox 2401 438 2701 495; x_wconf 90' lang='lat' dir='ltr'><strong>Admonet</strong></span> <span class='ocrx_word' id='word_1_20' title='bbox 2728 442 2947 506; x_wconf 86' lang='lat' dir='ltr'><strong>autem,</strong></span> <span class='ocrx_word' id='word_1_21' title='bbox 2970 438 3121 495; x_wconf 90' lang='lat' dir='ltr'><strong>nein</strong></span> <span class='ocrx_word' id='word_1_22' title='bbox 3135 439 3419 496; x_wconf 91' lang='lat' dir='ltr'><strong>cordibus</strong></span> <span class='ocrx_word' id='word_1_23' title='bbox 3445 441 3571 497; x_wconf 85' lang='lat' dir='ltr'><strong>suis</strong></span> 
     </span>
    </p>
   </div>
   <div class='ocr_carea' id='block_1_5' title="bbox 186 527 1802 604">
    <p class='ocr_par' dir='ltr' id='par_1_5' title="bbox 186 527 1802 604">
     <span class='ocr_line' id='line_1_5' title="bbox 186 527 1802 604; baseline -0.001 -23"><span class='ocrx_word' id='word_1_24' title='bbox 186 530 387 601; x_wconf 58' lang='grc' dir='ltr'>ψυχαῖς,</span> <span class='ocrx_word' id='word_1_25' title='bbox 466 530 553 581; x_wconf 80' lang='grc' dir='ltr'>ὅτι</span> <span class='ocrx_word' id='word_1_26' title='bbox 634 535 856 604; x_wconf 79' lang='grc' dir='ltr'>Πατέρα</span> <span class='ocrx_word' id='word_1_27' title='bbox 936 532 1126 602; x_wconf 78' lang='grc' dir='ltr'>ἔχομεν</span> <span class='ocrx_word' id='word_1_28' title='bbox 1203 532 1290 581; x_wconf 84' lang='grc' dir='ltr'>τὸν</span> <span class='ocrx_word' id='word_1_29' title='bbox 1372 527 1632 601; x_wconf 79' lang='grc' dir='ltr'>’Δϐρααμ,</span> <span class='ocrx_word' id='word_1_30' title='bbox 1712 533 1802 580; x_wconf 86' lang='grc' dir='ltr'>καὶ</span> 
     </span>
    </p>
   </div>
   <div class='ocr_carea' id='block_1_6' title="bbox 186 615 1799 694">
    <p class='ocr_par' dir='ltr' id='par_1_6' title="bbox 186 615 1799 694">
     <span class='ocr_line' id='line_1_6' title="bbox 186 615 1799 694; baseline -0.001 -23"><span class='ocrx_word' id='word_1_31' title='bbox 186 619 314 694; x_wconf 74' lang='grc' dir='ltr'>ἀρκεῖ</span> <span class='ocrx_word' id='word_1_32' title='bbox 369 620 501 690; x_wconf 56' lang='lat' dir='ltr'><strong>inpia</strong></span> <span class='ocrx_word' id='word_1_33' title='bbox 563 618 641 681; x_wconf 81' lang='grc' dir='ltr'><strong>εἰς</strong></span> <span class='ocrx_word' id='word_1_34' title='bbox 699 617 912 692; x_wconf 72' lang='grc' dir='ltr'>ἀρετὴν,</span> <span class='ocrx_word' id='word_1_35' title='bbox 972 621 1032 670; x_wconf 90' lang='grc' dir='ltr'>τὸ</span> <span class='ocrx_word' id='word_1_36' title='bbox 1078 615 1164 669; x_wconf 86' lang='grc' dir='ltr'><strong>ἀπ’</strong></span> <span class='ocrx_word' id='word_1_37' title='bbox 1214 615 1406 669; x_wconf 76' lang='grc' dir='ltr'>ἐκείνου</span> <span class='ocrx_word' id='word_1_38' title='bbox 1454 618 1799 688; x_wconf 74' lang='grc' dir='ltr'>κατάγεσθαι.</span> 
     </span>
    </p>
   </div>
   <div class='ocr_carea' id='block_1_7' title="bbox 185 705 1803 781">
    <p class='ocr_par' dir='ltr' id='par_1_7' title="bbox 185 705 1803 781">
     <span class='ocr_line' id='line_1_7' title="bbox 185 705 1803 781; baseline -0.002 -22"><span class='ocrx_word' id='word_1_39' title='bbox 185 708 250 760; x_wconf 70' lang='grc' dir='ltr'><strong>Οὐ</strong></span> <span class='ocrx_word' id='word_1_40' title='bbox 281 714 385 781; x_wconf 65' lang='grc' dir='ltr'><strong>χρὴ</strong></span> <span class='ocrx_word' id='word_1_41' title='bbox 426 709 563 781; x_wconf 62' lang='grc' dir='ltr'>γὰρ,</span> <span class='ocrx_word' id='word_1_42' title='bbox 618 711 756 780; x_wconf 67' lang='grc' dir='ltr'>μέγα</span> <span class='ocrx_word' id='word_1_43' title='bbox 812 714 1121 780; x_wconf 78' lang='grc' dir='ltr'><strong>φρονοῦντας</strong></span> <span class='ocrx_word' id='word_1_44' title='bbox 1172 705 1256 757; x_wconf 83' lang='grc' dir='ltr'><strong>ἐπὶ</strong></span> <span class='ocrx_word' id='word_1_45' title='bbox 1309 712 1420 765; x_wconf 87' lang='grc' dir='ltr'>ταῖς</span> <span class='ocrx_word' id='word_1_46' title='bbox 1472 713 1573 757; x_wconf 87' lang='grc' dir='ltr'><strong>τῶν</strong></span> <span class='ocrx_word' id='word_1_47' title='bbox 1610 710 1803 780; x_wconf 68' lang='grc' dir='ltr'>προαγό-</span> 
     </span>
    </p>
   </div>
   <div class='ocr_carea' id='block_1_8' title="bbox 181 794 1692 869">
    <p class='ocr_par' dir='ltr' id='par_1_8' title="bbox 181 794 1692 869">
     <span class='ocr_line' id='line_1_8' title="bbox 181 794 1692 869; baseline 0.001 -21"><span class='ocrx_word' id='word_1_48' title='bbox 181 818 268 848; x_wconf 65' lang='grc' dir='ltr'><strong>νων</strong></span> <span class='ocrx_word' id='word_1_49' title='bbox 298 794 537 869; x_wconf 80' lang='grc' dir='ltr'>ἀρεταῖς,</span> <span class='ocrx_word' id='word_1_50' title='bbox 572 796 763 857; x_wconf 70' lang='grc' dir='ltr'>αὐτοὺς</span> <span class='ocrx_word' id='word_1_51' title='bbox 794 795 997 869; x_wconf 82' lang='grc' dir='ltr'>ἀμελεῖν</span> <span class='ocrx_word' id='word_1_52' title='bbox 1031 795 1228 848; x_wconf 81' lang='grc' dir='ltr'>οἰκείων</span> <span class='ocrx_word' id='word_1_53' title='bbox 1258 796 1692 869; x_wconf 75' lang='grc' dir='ltr'><strong>κατορθωμάτων.</strong></span> 
     </span>
    </p>
   </div>
   <div class='ocr_carea' id='block_1_9' title="bbox 248 970 1807 1047">
    <p class='ocr_par' dir='ltr' id='par_1_9' title="bbox 248 970 1807 1047">
     <span class='ocr_line' id='line_1_9' title="bbox 248 970 1807 1047; baseline -0.004 -19"><span class='ocrx_word' id='word_1_54' title='bbox 248 978 397 1045; x_wconf 64' lang='grc' dir='ltr'><strong>Λέγω</strong></span> <span class='ocrx_word' id='word_1_55' title='bbox 434 1004 503 1015; x_wconf 83' lang='grc'><strong><em>-</em></strong></span> <span class='ocrx_word' id='word_1_56' title='bbox 547 973 809 1047; x_wconf 78' lang='grc' dir='ltr'>’Δϐραάμ.</span> <span class='ocrx_word' id='word_1_57' title='bbox 860 977 947 1031; x_wconf 82' lang='grc' dir='ltr'><strong>Μὴ</strong></span> <span class='ocrx_word' id='word_1_58' title='bbox 1003 977 1274 1046; x_wconf 78' lang='grc' dir='ltr'><strong>νομίσητε,</strong></span> <span class='ocrx_word' id='word_1_59' title='bbox 1333 975 1512 1044; x_wconf 77' lang='grc' dir='ltr'>φησὶν,</span> <span class='ocrx_word' id='word_1_60' title='bbox 1566 971 1667 1041; x_wconf 86' lang='grc' dir='ltr'>ὃτι,</span> <span class='ocrx_word' id='word_1_61' title='bbox 1724 970 1807 1024; x_wconf 78' lang='grc' dir='ltr'>ἐὰν</span> 
     </span>
    </p>
   </div>
   <div class='ocr_carea' id='block_1_10' title="bbox 175 1060 1810 1136">
    <p class='ocr_par' dir='ltr' id='par_1_10' title="bbox 175 1060 1810 1136">
     <span class='ocr_line' id='line_1_10' title="bbox 175 1060 1810 1136; baseline -0.002 -20"><span class='ocrx_word' id='word_1_62' title='bbox 175 1067 319 1136; x_wconf 69' lang='grc' dir='ltr'>ὑμεῖς</span> <span class='ocrx_word' id='word_1_63' title='bbox 386 1062 683 1133; x_wconf 75' lang='grc' dir='ltr'>ἀπόλησθε,</span> <span class='ocrx_word' id='word_1_64' title='bbox 742 1064 809 1123; x_wconf 82' lang='grc' dir='ltr'>ὡς</span> <span class='ocrx_word' id='word_1_65' title='bbox 894 1063 1120 1136; x_wconf 79' lang='grc' dir='ltr'><strong>ἄκαρποι</strong></span> <span class='ocrx_word' id='word_1_66' title='bbox 1190 1060 1393 1134; x_wconf 84' lang='grc' dir='ltr'>ἀρετῆς,</span> <span class='ocrx_word' id='word_1_67' title='bbox 1468 1060 1637 1113; x_wconf 74' lang='grc' dir='ltr'>οὐκέτι</span> <span class='ocrx_word' id='word_1_68' title='bbox 1711 1060 1810 1123; x_wconf 82' lang='grc' dir='ltr'>ἔξει</span> 
     </span>
    </p>
   </div>
   <div class='ocr_carea' id='block_1_11' title="bbox 175 1147 1810 1225">
    <p class='ocr_par' dir='ltr' id='par_1_11' title="bbox 175 1147 1810 1225">
     <span class='ocr_line' id='line_1_11' title="bbox 175 1147 1810 1225; baseline -0.004 -20"><span class='ocrx_word' id='word_1_69' title='bbox 175 1159 328 1205; x_wconf 71' lang='grc' dir='ltr'>τέκνα</span> <span class='ocrx_word' id='word_1_70' title='bbox 379 1154 407 1204; x_wconf 80' lang='grc' dir='ltr'><strong><em>ὁ</em></strong></span> <span class='ocrx_word' id='word_1_71' title='bbox 440 1151 692 1224; x_wconf 65' lang='grc' dir='ltr'>Ἁϐραάμ</span> <span class='ocrx_word' id='word_1_72' title='bbox 722 1170 734 1183; x_wconf 90' lang='grc'><strong>·</strong></span> <span class='ocrx_word' id='word_1_73' title='bbox 771 1147 994 1203; x_wconf 81' lang='grc' dir='ltr'>δύναται</span> <span class='ocrx_word' id='word_1_74' title='bbox 1044 1153 1144 1225; x_wconf 79' lang='grc' dir='ltr'><strong>’γὰρ</strong></span> <span class='ocrx_word' id='word_1_75' title='bbox 1196 1151 1221 1201; x_wconf 86' lang='grc' dir='ltr'>ὁ</span> <span class='ocrx_word' id='word_1_76' title='bbox 1249 1152 1375 1209; x_wconf 83' lang='grc' dir='ltr'>Θεὸς</span> <span class='ocrx_word' id='word_1_77' title='bbox 1422 1147 1479 1201; x_wconf 77' lang='grc' dir='ltr'>ἐκ</span> <span class='ocrx_word' id='word_1_78' title='bbox 1521 1158 1618 1201; x_wconf 91' lang='grc' dir='ltr'><strong>τῶν</strong></span> <span class='ocrx_word' id='word_1_79' title='bbox 1676 1148 1810 1219; x_wconf 78' lang='grc' dir='ltr'>ἀψύ-</span> 
     </span>
    </p>
   </div>
   <div class='ocr_carea' id='block_1_12' title="bbox 168 1236 1797 1314">
    <p class='ocr_par' dir='ltr' id='par_1_12' title="bbox 168 1236 1797 1314">
     <span class='ocr_line' id='line_1_12' title="bbox 168 1236 1797 1314; baseline -0.001 -22"><span class='ocrx_word' id='word_1_80' title='bbox 168 1262 284 1313; x_wconf 79' lang='grc' dir='ltr'><strong>χων</strong></span> <span class='ocrx_word' id='word_1_81' title='bbox 333 1243 544 1293; x_wconf 71' lang='grc' dir='ltr'>τούτων</span> <span class='ocrx_word' id='word_1_82' title='bbox 594 1240 750 1292; x_wconf 81' lang='grc' dir='ltr'>λίθων</span> <span class='ocrx_word' id='word_1_83' title='bbox 800 1238 995 1314; x_wconf 73' lang='grc' dir='ltr'>ἐγεῖραι</span> <span class='ocrx_word' id='word_1_84' title='bbox 1044 1243 1197 1291; x_wconf 80' lang='grc' dir='ltr'>τέκνα</span> <span class='ocrx_word' id='word_1_85' title='bbox 1258 1247 1332 1309; x_wconf 81' lang='grc' dir='ltr'>τῷ</span> <span class='ocrx_word' id='word_1_86' title='bbox 1381 1236 1639 1310; x_wconf 78' lang='grc' dir='ltr'>Ἀϐραάμ.</span> <span class='ocrx_word' id='word_1_87' title='bbox 1696 1243 1797 1291; x_wconf 80' lang='grc' dir='ltr'><strong>Καὶ</strong></span> 
     </span>
    </p>
   </div>
   <div class='ocr_carea' id='block_1_13' title="bbox 169 1321 1805 1402">
    <p class='ocr_par' dir='ltr' id='par_1_13' title="bbox 169 1321 1805 1402">
     <span class='ocr_line' id='line_1_13' title="bbox 169 1321 1805 1402; baseline -0.004 -19"><span class='ocrx_word' id='word_1_88' title='bbox 169 1336 273 1402; x_wconf 69' lang='grc' dir='ltr'><strong>γὰρ</strong></span> <span class='ocrx_word' id='word_1_89' title='bbox 341 1334 438 1382; x_wconf 76' lang='grc' dir='ltr'>καὶ</span> <span class='ocrx_word' id='word_1_90' title='bbox 491 1332 582 1381; x_wconf 80' lang='grc' dir='ltr'>τὸν</span> <span class='ocrx_word' id='word_1_91' title='bbox 636 1329 819 1381; x_wconf 84' lang='grc' dir='ltr'>Ἰσαὰκ</span> <span class='ocrx_word' id='word_1_92' title='bbox 869 1328 924 1380; x_wconf 83' lang='grc' dir='ltr'>ἐκ</span> <span class='ocrx_word' id='word_1_93' title='bbox 980 1335 1074 1390; x_wconf 85' lang='grc' dir='ltr'>τῆς</span> <span class='ocrx_word' id='word_1_94' title='bbox 1132 1326 1346 1399; x_wconf 76' lang='grc' dir='ltr'>ἀψύχου</span> <span class='ocrx_word' id='word_1_95' title='bbox 1405 1331 1494 1378; x_wconf 76' lang='grc' dir='ltr'>καὶ</span> <span class='ocrx_word' id='word_1_96' title='bbox 1543 1321 1805 1393; x_wconf 81' lang='grc' dir='ltr'>λιθώδους</span> 
     </span>
    </p>
   </div>
   <div class='ocr_carea' id='block_1_14' title="bbox 170 1410 1806 1493">
    <p class='ocr_par' dir='ltr' id='par_1_14' title="bbox 170 1410 1806 1493">
     <span class='ocr_line' id='line_1_14' title="bbox 170 1410 1806 1493; baseline -0.002 -24"><span class='ocrx_word' id='word_1_97' title='bbox 170 1426 383 1493; x_wconf 68' lang='grc' dir='ltr'>μήτρας</span> <span class='ocrx_word' id='word_1_98' title='bbox 436 1426 541 1479; x_wconf 74' lang='grc' dir='ltr'>τῆς</span> <span class='ocrx_word' id='word_1_99' title='bbox 570 1416 771 1492; x_wconf 72' lang='grc' dir='ltr'>Σάρρας</span> <span class='ocrx_word' id='word_1_100' title='bbox 826 1420 1029 1490; x_wconf 73' lang='grc' dir='ltr'>ἤγειρεν</span> <span class='ocrx_word' id='word_1_101' title='bbox 1070 1416 1231 1488; x_wconf 74' lang='grc' dir='ltr'>αὐτῷ.</span> <span class='ocrx_word' id='word_1_102' title='bbox 1292 1415 1452 1470; x_wconf 78' lang='grc' dir='ltr'>Ἐστι</span> <span class='ocrx_word' id='word_1_103' title='bbox 1502 1410 1561 1467; x_wconf 69' lang='grc' dir='ltr'><strong>δὲ</strong></span> <span class='ocrx_word' id='word_1_104' title='bbox 1590 1420 1677 1466; x_wconf 80' lang='grc' dir='ltr'>καὶ</span> <span class='ocrx_word' id='word_1_105' title='bbox 1704 1414 1806 1467; x_wconf 74' lang='grc' dir='ltr'><strong>ἑτέ-</strong></span> 
     </span>
    </p>
   </div>
   <div class='ocr_carea' id='block_1_15' title="bbox 169 1503 1801 1583">
    <p class='ocr_par' dir='ltr' id='par_1_15' title="bbox 169 1503 1801 1583">
     <span class='ocr_line' id='line_1_15' title="bbox 169 1503 1801 1583; baseline -0.004 -23"><span class='ocrx_word' id='word_1_106' title='bbox 169 1529 274 1583; x_wconf 76' lang='grc' dir='ltr'><strong>ρως</strong></span> <span class='ocrx_word' id='word_1_107' title='bbox 326 1509 514 1561; x_wconf 78' lang='grc' dir='ltr'>εἰπεῖν.</span> <span class='ocrx_word' id='word_1_108' title='bbox 572 1512 661 1564; x_wconf 82' lang='grc' dir='ltr'><strong>Μὴ</strong></span> <span class='ocrx_word' id='word_1_109' title='bbox 712 1507 1009 1577; x_wconf 76' lang='grc' dir='ltr'>κομπάζετε</span> <span class='ocrx_word' id='word_1_110' title='bbox 1066 1505 1148 1558; x_wconf 69' lang='grc' dir='ltr'><strong>ἐπὶ</strong></span> <span class='ocrx_word' id='word_1_111' title='bbox 1199 1513 1272 1575; x_wconf 84' lang='grc' dir='ltr'>τῷ</span> <span class='ocrx_word' id='word_1_112' title='bbox 1324 1507 1464 1576; x_wconf 83' lang='grc' dir='ltr'>ἔχειν</span> <span class='ocrx_word' id='word_1_113' title='bbox 1516 1503 1670 1578; x_wconf 79' lang='grc' dir='ltr'>ῥίζαν</span> <span class='ocrx_word' id='word_1_114' title='bbox 1718 1505 1801 1575; x_wconf 79' lang='grc' dir='ltr'><strong>γέ-</strong></span> 
     </span>
    </p>
   </div>
   <div class='ocr_carea' id='block_1_16' title="bbox 172 1590 1803 1668">
    <p class='ocr_par' dir='ltr' id='par_1_16' title="bbox 172 1590 1803 1668">
     <span class='ocr_line' id='line_1_16' title="bbox 172 1590 1803 1668; baseline -0.004 -20"><span class='ocrx_word' id='word_1_115' title='bbox 172 1616 298 1658; x_wconf 70' lang='grc' dir='ltr'>νους</span> <span class='ocrx_word' id='word_1_116' title='bbox 356 1600 447 1648; x_wconf 86' lang='grc' dir='ltr'>τὸν</span> <span class='ocrx_word' id='word_1_117' title='bbox 516 1593 777 1668; x_wconf 75' lang='grc' dir='ltr'>Ἀϐραάμ.</span> <span class='ocrx_word' id='word_1_118' title='bbox 836 1601 1000 1647; x_wconf 84' lang='grc' dir='ltr'>Τοῦτο</span> <span class='ocrx_word' id='word_1_119' title='bbox 1053 1596 1153 1668; x_wconf 77' lang='grc' dir='ltr'><strong>γὰρ</strong></span> <span class='ocrx_word' id='word_1_120' title='bbox 1222 1592 1329 1664; x_wconf 74' lang='grc' dir='ltr'>οὐχ</span> <span class='ocrx_word' id='word_1_121' title='bbox 1386 1593 1627 1665; x_wconf 80' lang='grc' dir='ltr'>ὑμέτερόν</span> <span class='ocrx_word' id='word_1_122' title='bbox 1691 1590 1803 1643; x_wconf 79' lang='grc' dir='ltr'>ἐστι</span> 
     </span>
    </p>
   </div>
   <div class='ocr_carea' id='block_1_17' title="bbox 168 1678 1800 1758">
    <p class='ocr_par' dir='ltr' id='par_1_17' title="bbox 168 1678 1800 1758">
     <span class='ocr_line' id='line_1_17' title="bbox 168 1678 1800 1758; baseline -0.004 -24"><span class='ocrx_word' id='word_1_123' title='bbox 168 1686 521 1758; x_wconf 76' lang='grc' dir='ltr'>κατόρθωμα,</span> <span class='ocrx_word' id='word_1_124' title='bbox 579 1682 708 1735; x_wconf 83' lang='grc' dir='ltr'>ἀλλα</span> <span class='ocrx_word' id='word_1_125' title='bbox 761 1690 896 1736; x_wconf 82' lang='grc' dir='ltr'>Θεοῦ</span> <span class='ocrx_word' id='word_1_126' title='bbox 937 1679 1122 1758; x_wconf 81' lang='grc' dir='ltr'>δῶρον,</span> <span class='ocrx_word' id='word_1_127' title='bbox 1170 1681 1226 1744; x_wconf 87' lang='grc' dir='ltr'>ὃς</span> <span class='ocrx_word' id='word_1_128' title='bbox 1279 1678 1500 1733; x_wconf 82' lang='grc' dir='ltr'>δύναται</span> <span class='ocrx_word' id='word_1_129' title='bbox 1531 1684 1602 1752; x_wconf 80' lang='grc' dir='ltr'>μὴ</span> <span class='ocrx_word' id='word_1_130' title='bbox 1646 1684 1800 1752; x_wconf 87' lang='grc' dir='ltr'>μόνον</span> 
     </span>
    </p>
   </div>
   <div class='ocr_carea' id='block_1_18' title="bbox 1908 529 3571 587">
    <p class='ocr_par' dir='ltr' id='par_1_18' title="bbox 1908 529 3571 587">
     <span class='ocr_line' id='line_1_18' title="bbox 1908 529 3571 587; baseline 0.001 -2"><span class='ocrx_word' id='word_1_131' title='bbox 1908 529 2106 585; x_wconf 81' lang='lat' dir='ltr'><strong>dicant</strong></span> <span class='ocrx_word' id='word_1_132' title='bbox 2138 545 2151 583; x_wconf 88' lang='lat'><strong>:</strong></span> <span class='ocrx_word' id='word_1_133' title='bbox 2184 531 2426 586; x_wconf 82' lang='lat' dir='ltr'><strong>Patrem</strong></span> <span class='ocrx_word' id='word_1_134' title='bbox 2444 531 2727 587; x_wconf 81' lang='lat' dir='ltr'><strong>habemus</strong></span> <span class='ocrx_word' id='word_1_135' title='bbox 2765 530 3073 586; x_wconf 78' lang='lat' dir='ltr'><strong>Abraham</strong></span> <span class='ocrx_word' id='word_1_136' title='bbox 3092 547 3110 584; x_wconf 91' lang='lat'><em>:</em></span> <span class='ocrx_word' id='word_1_137' title='bbox 3139 534 3196 585; x_wconf 89' lang='lat' dir='ltr'><strong>et</strong></span> <span class='ocrx_word' id='word_1_138' title='bbox 3225 530 3446 586; x_wconf 86' lang='lat' dir='ltr'><strong>sufﬁcit</strong></span> <span class='ocrx_word' id='word_1_139' title='bbox 3467 547 3571 587; x_wconf 91' lang='lat' dir='ltr'><strong>no-</strong></span> 
     </span>
    </p>
   </div>
   <div class='ocr_carea' id='block_1_19' title="bbox 1908 617 3570 693">
    <p class='ocr_par' dir='ltr' id='par_1_19' title="bbox 1908 617 3570 693">
     <span class='ocr_line' id='line_1_19' title="bbox 1908 617 3570 693; baseline 0.002 -20"><span class='ocrx_word' id='word_1_140' title='bbox 1908 617 2003 673; x_wconf 85' lang='lat' dir='ltr'><strong>bis</strong></span> <span class='ocrx_word' id='word_1_141' title='bbox 2025 619 2100 673; x_wconf 90' lang='lat' dir='ltr'><strong>ad</strong></span> <span class='ocrx_word' id='word_1_142' title='bbox 2131 618 2427 686; x_wconf 83' lang='lat' dir='ltr'><strong>virtutem,</strong></span> <span class='ocrx_word' id='word_1_143' title='bbox 2463 618 2629 691; x_wconf 94' lang='lat' dir='ltr'><strong>quod</strong></span> <span class='ocrx_word' id='word_1_144' title='bbox 2667 618 2747 674; x_wconf 85' lang='lat' dir='ltr'><strong>ab</strong></span> <span class='ocrx_word' id='word_1_145' title='bbox 2772 617 2872 674; x_wconf 91' lang='lat' dir='ltr'><strong>illo</strong></span> <span class='ocrx_word' id='word_1_146' title='bbox 2890 618 3339 675; x_wconf 82' lang='lat' dir='ltr'><strong>descendamus.</strong></span> <span class='ocrx_word' id='word_1_147' title='bbox 3369 623 3570 693; x_wconf 88' lang='lat' dir='ltr'><strong>Neque</strong></span> 
     </span>
    </p>
   </div>
   <div class='ocr_carea' id='block_1_20' title="bbox 1911 705 3570 779">
    <p class='ocr_par' dir='ltr' id='par_1_20' title="bbox 1911 705 3570 779">
     <span class='ocr_line' id='line_1_20' title="bbox 1911 705 3570 779; baseline 0.002 -18"><span class='ocrx_word' id='word_1_148' title='bbox 1911 706 2071 762; x_wconf 89' lang='lat' dir='ltr'><strong>enim</strong></span> <span class='ocrx_word' id='word_1_149' title='bbox 2123 705 2276 762; x_wconf 88' lang='lat' dir='ltr'><strong>ullos</strong></span> <span class='ocrx_word' id='word_1_150' title='bbox 2322 711 2576 778; x_wconf 85' lang='lat' dir='ltr'><strong>oportet,</strong></span> <span class='ocrx_word' id='word_1_151' title='bbox 2631 706 2705 763; x_wconf 91' lang='lat' dir='ltr'><strong>de</strong></span> <span class='ocrx_word' id='word_1_152' title='bbox 2755 707 3205 779; x_wconf 89' lang='lat' dir='ltr'><strong>progenitorum</strong></span> <span class='ocrx_word' id='word_1_153' title='bbox 3257 707 3570 764; x_wconf 81' lang='lat' dir='ltr'><strong>virtutibus</strong></span> 
     </span>
    </p>
   </div>
   <div class='ocr_carea' id='block_1_21' title="bbox 1913 794 3569 868">
    <p class='ocr_par' dir='ltr' id='par_1_21' title="bbox 1913 794 3569 868">
     <span class='ocr_line' id='line_1_21' title="bbox 1913 794 3569 868; baseline 0.002 -19"><span class='ocrx_word' id='word_1_154' title='bbox 1913 794 2153 865; x_wconf 91' lang='lat' dir='ltr'><strong>gloriari</strong></span> <span class='ocrx_word' id='word_1_155' title='bbox 2188 815 2199 847; x_wconf 92' lang='lat'>:</span> <span class='ocrx_word' id='word_1_156' title='bbox 2233 810 2369 849; x_wconf 92' lang='lat' dir='ltr'><strong>cum</strong></span> <span class='ocrx_word' id='word_1_157' title='bbox 2400 795 2517 866; x_wconf 87' lang='lat' dir='ltr'><strong>ipsi</strong></span> <span class='ocrx_word' id='word_1_158' title='bbox 2542 794 2909 866; x_wconf 82' lang='lat' dir='ltr'><strong>negligentes</strong></span> <span class='ocrx_word' id='word_1_159' title='bbox 2941 795 3061 851; x_wconf 90' lang='lat' dir='ltr'><strong>sint</strong></span> <span class='ocrx_word' id='word_1_160' title='bbox 3090 795 3163 851; x_wconf 92' lang='lat' dir='ltr'><strong>de</strong></span> <span class='ocrx_word' id='word_1_161' title='bbox 3191 797 3569 868; x_wconf 89' lang='lat' dir='ltr'><strong>propriarum</strong></span> 
     </span>
    </p>
   </div>
   <div class='ocr_carea' id='block_1_22' title="bbox 1914 873 3128 954">
    <p class='ocr_par' dir='ltr' id='par_1_22' title="bbox 1914 873 3128 954">
     <span class='ocr_line' id='line_1_22' title="bbox 1914 873 3128 954; baseline -0.002 -15"><span class='ocrx_word' id='word_1_162' title='bbox 1914 883 2200 954; x_wconf 89' lang='lat' dir='ltr'><strong>operibus</strong></span> <span class='ocrx_word' id='word_1_163' title='bbox 2226 883 2534 939; x_wconf 89' lang='lat' dir='ltr'><strong>virtutum.</strong></span> <span class='ocrx_word' id='word_1_164' title='bbox 3123 873 3128 879; x_wconf 82' lang='grc'><strong>’</strong></span> 
     </span>
    </p>
   </div>
   <div class='ocr_carea' id='block_1_23' title="bbox 1986 970 3563 1045">
    <p class='ocr_par' dir='ltr' id='par_1_23' title="bbox 1986 970 3563 1045">
     <span class='ocr_line' id='line_1_23' title="bbox 1986 970 3563 1045; baseline 0.003 -21"><span class='ocrx_word' id='word_1_165' title='bbox 1986 972 2144 1025; x_wconf 84' lang='lat' dir='ltr'><strong>Vers.</strong></span> <span class='ocrx_word' id='word_1_166' title='bbox 2177 970 2230 1026; x_wconf 87' lang='lat'><strong>9.</strong></span> <span class='ocrx_word' id='word_1_167' title='bbox 2281 970 2422 1027; x_wconf 76' lang='lat' dir='ltr'><strong>Dico</strong></span> <span class='ocrx_word' id='word_1_168' title='bbox 2460 1002 2529 1011; x_wconf 94' lang='lat'><em>—</em></span> <span class='ocrx_word' id='word_1_169' title='bbox 2579 971 2874 1029; x_wconf 65' lang='lat' dir='ltr'><strong>Abrahz.</strong></span> <span class='ocrx_word' id='word_1_170' title='bbox 2933 970 3013 1027; x_wconf 93' lang='lat' dir='ltr'><strong>Ne</strong></span> <span class='ocrx_word' id='word_1_171' title='bbox 3055 972 3300 1044; x_wconf 89' lang='lat' dir='ltr'><strong>putetis,</strong></span> <span class='ocrx_word' id='word_1_172' title='bbox 3349 973 3563 1045; x_wconf 85' lang='lat' dir='ltr'><strong>inquit,</strong></span> 
     </span>
    </p>
   </div>
   <div class='ocr_carea' id='block_1_24' title="bbox 1915 1059 3564 1133">
    <p class='ocr_par' dir='ltr' id='par_1_24' title="bbox 1915 1059 3564 1133">
     <span class='ocr_line' id='line_1_24' title="bbox 1915 1059 3564 1133; baseline 0.002 -20"><span class='ocrx_word' id='word_1_173' title='bbox 1915 1060 2075 1132; x_wconf 89' lang='lat' dir='ltr'><strong>quod</strong></span> <span class='ocrx_word' id='word_1_174' title='bbox 2104 1059 2154 1114; x_wconf 87' lang='lat' dir='ltr'><strong>si</strong></span> <span class='ocrx_word' id='word_1_175' title='bbox 2218 1076 2324 1116; x_wconf 92' lang='lat' dir='ltr'><strong>vos</strong></span> <span class='ocrx_word' id='word_1_176' title='bbox 2379 1060 2612 1132; x_wconf 83' lang='lat' dir='ltr'><strong>absque</strong></span> <span class='ocrx_word' id='word_1_177' title='bbox 2656 1061 2851 1116; x_wconf 89' lang='lat' dir='ltr'><strong>fructu</strong></span> <span class='ocrx_word' id='word_1_178' title='bbox 2907 1062 3195 1117; x_wconf 86' lang='lat' dir='ltr'><strong>virtutum</strong></span> <span class='ocrx_word' id='word_1_179' title='bbox 3253 1063 3564 1133; x_wconf 88' lang='lat' dir='ltr'><strong>perieritis,</strong></span> 
     </span>
    </p>
   </div>
   <div class='ocr_carea' id='block_1_25' title="bbox 1915 1147 3570 1221">
    <p class='ocr_par' dir='ltr' id='par_1_25' title="bbox 1915 1147 3570 1221">
     <span class='ocr_line' id='line_1_25' title="bbox 1915 1147 3570 1221; baseline 0.002 -18"><span class='ocrx_word' id='word_1_180' title='bbox 1915 1147 2063 1203; x_wconf 88' lang='lat' dir='ltr'><strong>nulli</strong></span> <span class='ocrx_word' id='word_1_181' title='bbox 2091 1147 2297 1221; x_wconf 88' lang='lat' dir='ltr'><strong>reliqui</strong></span> <span class='ocrx_word' id='word_1_182' title='bbox 2328 1154 2501 1204; x_wconf 91' lang='lat' dir='ltr'><strong>erunt</strong></span> <span class='ocrx_word' id='word_1_183' title='bbox 2529 1148 2783 1205; x_wconf 69' lang='lat' dir='ltr'><strong>Abrahae</strong></span> <span class='ocrx_word' id='word_1_184' title='bbox 2814 1148 2941 1205; x_wconf 89' lang='lat' dir='ltr'><strong>ﬁlii.</strong></span> <span class='ocrx_word' id='word_1_185' title='bbox 2990 1149 3188 1207; x_wconf 87' lang='lat' dir='ltr'><strong>Potest</strong></span> <span class='ocrx_word' id='word_1_186' title='bbox 3217 1151 3377 1206; x_wconf 91' lang='lat' dir='ltr'><strong>enim</strong></span> <span class='ocrx_word' id='word_1_187' title='bbox 3415 1152 3570 1207; x_wconf 91' lang='lat' dir='ltr'><strong>Deus</strong></span> 
     </span>
    </p>
   </div>
   <div class='ocr_carea' id='block_1_26' title="bbox 1916 1236 3571 1312">
    <p class='ocr_par' dir='ltr' id='par_1_26' title="bbox 1916 1236 3571 1312">
     <span class='ocr_line' id='line_1_26' title="bbox 1916 1236 3571 1312; baseline 0.002 -20"><span class='ocrx_word' id='word_1_188' title='bbox 1916 1236 1991 1292; x_wconf 92' lang='lat' dir='ltr'><strong>de</strong></span> <span class='ocrx_word' id='word_1_189' title='bbox 2043 1237 2385 1293; x_wconf 89' lang='lat' dir='ltr'><strong>inanimatis</strong></span> <span class='ocrx_word' id='word_1_190' title='bbox 2433 1237 2526 1293; x_wconf 91' lang='lat' dir='ltr'><strong>his</strong></span> <span class='ocrx_word' id='word_1_191' title='bbox 2582 1237 2880 1309; x_wconf 85' lang='lat' dir='ltr'><strong>lapidibus</strong></span> <span class='ocrx_word' id='word_1_192' title='bbox 2929 1238 3214 1295; x_wconf 83' lang='lat' dir='ltr'><strong>suscitare</strong></span> <span class='ocrx_word' id='word_1_193' title='bbox 3264 1238 3418 1296; x_wconf 90' lang='lat' dir='ltr'><strong>ﬁlios</strong></span> <span class='ocrx_word' id='word_1_194' title='bbox 3457 1240 3571 1312; x_wconf 89' lang='lat' dir='ltr'><strong>ipsi</strong></span> 
     </span>
    </p>
   </div>
   <div class='ocr_carea' id='block_1_27' title="bbox 1914 1324 3573 1397">
    <p class='ocr_par' dir='ltr' id='par_1_27' title="bbox 1914 1324 3573 1397">
     <span class='ocr_line' id='line_1_27' title="bbox 1914 1324 3573 1397; baseline 0.003 -18"><span class='ocrx_word' id='word_1_195' title='bbox 1914 1324 2188 1380; x_wconf 79' lang='lat' dir='ltr'><strong>Abrahae.</strong></span> <span class='ocrx_word' id='word_1_196' title='bbox 2242 1325 2463 1381; x_wconf 88' lang='lat' dir='ltr'><strong>Etenim</strong></span> <span class='ocrx_word' id='word_1_197' title='bbox 2495 1327 2695 1397; x_wconf 85' lang='lat' dir='ltr'><strong>ipsum</strong></span> <span class='ocrx_word' id='word_1_198' title='bbox 2746 1340 2989 1397; x_wconf 86' lang='lat' dir='ltr'><strong>quoque</strong></span> <span class='ocrx_word' id='word_1_199' title='bbox 3038 1331 3204 1382; x_wconf 90' lang='lat' dir='ltr'><strong>Isaac</strong></span> <span class='ocrx_word' id='word_1_200' title='bbox 3261 1328 3573 1384; x_wconf 81' lang='lat' dir='ltr'><strong>suscitavit</strong></span> 
     </span>
    </p>
   </div>
   <div class='ocr_carea' id='block_1_28' title="bbox 1915 1413 3571 1485">
    <p class='ocr_par' dir='ltr' id='par_1_28' title="bbox 1915 1413 3571 1485">
     <span class='ocr_line' id='line_1_28' title="bbox 1915 1413 3571 1485; baseline 0.002 -17"><span class='ocrx_word' id='word_1_201' title='bbox 1915 1413 1986 1481; x_wconf 91' lang='lat' dir='ltr'><strong>ei,</strong></span> <span class='ocrx_word' id='word_1_202' title='bbox 2020 1413 2095 1468; x_wconf 90' lang='lat' dir='ltr'><strong>de</strong></span> <span class='ocrx_word' id='word_1_203' title='bbox 2125 1413 2457 1469; x_wconf 90' lang='lat' dir='ltr'><strong>inanimato</strong></span> <span class='ocrx_word' id='word_1_204' title='bbox 2504 1429 2574 1469; x_wconf 91' lang='lat' dir='ltr'><strong>ac</strong></span> <span class='ocrx_word' id='word_1_205' title='bbox 2625 1413 2859 1485; x_wconf 85' lang='lat' dir='ltr'><strong>lapideo</strong></span> <span class='ocrx_word' id='word_1_206' title='bbox 2912 1416 3079 1473; x_wconf 63' lang='lat' dir='ltr'><strong>Sarae</strong></span> <span class='ocrx_word' id='word_1_207' title='bbox 3128 1420 3314 1471; x_wconf 91' lang='lat' dir='ltr'><strong>utero.</strong></span> <span class='ocrx_word' id='word_1_208' title='bbox 3372 1414 3571 1472; x_wconf 90' lang='lat' dir='ltr'><strong>Potest</strong></span> 
     </span>
    </p>
   </div>
   <div class='ocr_carea' id='block_1_29' title="bbox 1913 1501 3562 1576">
    <p class='ocr_par' dir='ltr' id='par_1_29' title="bbox 1913 1501 3562 1576">
     <span class='ocr_line' id='line_1_29' title="bbox 1913 1501 3562 1576; baseline 0.002 -19"><span class='ocrx_word' id='word_1_209' title='bbox 1913 1506 1968 1557; x_wconf 91' lang='lat' dir='ltr'><strong>et</strong></span> <span class='ocrx_word' id='word_1_210' title='bbox 2012 1501 2132 1558; x_wconf 91' lang='lat' dir='ltr'><strong>alio</strong></span> <span class='ocrx_word' id='word_1_211' title='bbox 2161 1502 2342 1558; x_wconf 94' lang='lat' dir='ltr'><strong>modo</strong></span> <span class='ocrx_word' id='word_1_212' title='bbox 2368 1502 2480 1558; x_wconf 91' lang='lat' dir='ltr'><strong>dici</strong></span> <span class='ocrx_word' id='word_1_213' title='bbox 2519 1519 2531 1558; x_wconf 92' lang='lat'>:</span> <span class='ocrx_word' id='word_1_214' title='bbox 2567 1505 2645 1559; x_wconf 89' lang='lat' dir='ltr'><strong>Ne</strong></span> <span class='ocrx_word' id='word_1_215' title='bbox 2678 1503 3031 1572; x_wconf 90' lang='lat' dir='ltr'><strong>gloriemini,</strong></span> <span class='ocrx_word' id='word_1_216' title='bbox 3073 1503 3238 1576; x_wconf 88' lang='lat' dir='ltr'><strong>quod</strong></span> <span class='ocrx_word' id='word_1_217' title='bbox 3268 1504 3562 1574; x_wconf 84' lang='lat' dir='ltr'><strong>originem</strong></span> 
     </span>
    </p>
   </div>
   <div class='ocr_carea' id='block_1_30' title="bbox 1910 1588 3569 1664">
    <p class='ocr_par' dir='ltr' id='par_1_30' title="bbox 1910 1588 3569 1664">
     <span class='ocr_line' id='line_1_30' title="bbox 1910 1588 3569 1664; baseline 0.001 -19"><span class='ocrx_word' id='word_1_218' title='bbox 1910 1588 2183 1646; x_wconf 88' lang='lat' dir='ltr'><strong>habeatis</strong></span> <span class='ocrx_word' id='word_1_219' title='bbox 2203 1591 2401 1662; x_wconf 90' lang='lat' dir='ltr'><strong>ipsum</strong></span> <span class='ocrx_word' id='word_1_220' title='bbox 2417 1590 2744 1647; x_wconf 82' lang='lat' dir='ltr'><strong>Abraham.</strong></span> <span class='ocrx_word' id='word_1_221' title='bbox 2772 1594 2972 1664; x_wconf 89' lang='lat' dir='ltr'><strong>Neque</strong></span> <span class='ocrx_word' id='word_1_222' title='bbox 2985 1593 3146 1647; x_wconf 91' lang='lat' dir='ltr'><strong>enim</strong></span> <span class='ocrx_word' id='word_1_223' title='bbox 3158 1593 3272 1648; x_wconf 88' lang='lat' dir='ltr'><strong>hoc</strong></span> <span class='ocrx_word' id='word_1_224' title='bbox 3298 1597 3500 1648; x_wconf 87' lang='lat' dir='ltr'><strong>vestru</strong></span> <span class='ocrx_word' id='word_1_225' title='bbox 3512 1609 3569 1647; x_wconf 92' lang='lat' dir='ltr'><strong>m</strong></span> 
     </span>
    </p>
   </div>
   <div class='ocr_carea' id='block_1_31' title="bbox 1908 1677 3567 1753">
    <p class='ocr_par' dir='ltr' id='par_1_31' title="bbox 1908 1677 3567 1753">
     <span class='ocr_line' id='line_1_31' title="bbox 1908 1677 3567 1753; baseline 0.002 -20"><span class='ocrx_word' id='word_1_226' title='bbox 1908 1677 2140 1735; x_wconf 92' lang='lat' dir='ltr'><strong>bonum</strong></span> <span class='ocrx_word' id='word_1_227' title='bbox 2190 1694 2339 1750; x_wconf 89' lang='lat' dir='ltr'><strong>opus</strong></span> <span class='ocrx_word' id='word_1_228' title='bbox 2386 1684 2491 1746; x_wconf 89' lang='lat' dir='ltr'><strong>est,</strong></span> <span class='ocrx_word' id='word_1_229' title='bbox 2552 1679 2657 1734; x_wconf 88' lang='lat' dir='ltr'><strong>sed</strong></span> <span class='ocrx_word' id='word_1_230' title='bbox 2700 1679 2803 1735; x_wconf 91' lang='lat' dir='ltr'><strong>Dei</strong></span> <span class='ocrx_word' id='word_1_231' title='bbox 2858 1681 3090 1736; x_wconf 92' lang='lat' dir='ltr'><strong>donum</strong></span> <span class='ocrx_word' id='word_1_232' title='bbox 3132 1699 3145 1737; x_wconf 91' lang='lat'>:</span> <span class='ocrx_word' id='word_1_233' title='bbox 3190 1681 3320 1752; x_wconf 72' lang='lat' dir='ltr'><strong>quic</strong></span> <span class='ocrx_word' id='word_1_234' title='bbox 3351 1685 3567 1753; x_wconf 89' lang='lat' dir='ltr'><strong>potest,</strong></span> 
     </span>
    </p>
   </div>
   <div class='ocr_carea' id='block_1_32' title="bbox 169 1768 1806 1845">
    <p class='ocr_par' dir='ltr' id='par_1_32' title="bbox 169 1769 1798 1845">
     <span class='ocr_line' id='line_1_32' title="bbox 169 1769 1798 1845; baseline -0.003 -21"><span class='ocrx_word' id='word_1_235' title='bbox 169 1772 228 1834; x_wconf 77' lang='grc' dir='ltr'><strong>ἐξ</strong></span> <span class='ocrx_word' id='word_1_236' title='bbox 286 1771 584 1845; x_wconf 67' lang='grc' dir='ltr'>ἀνθρώπων,</span> <span class='ocrx_word' id='word_1_237' title='bbox 640 1770 770 1823; x_wconf 79' lang='grc' dir='ltr'><strong>ἀλλά</strong></span> <span class='ocrx_word' id='word_1_238' title='bbox 822 1776 912 1823; x_wconf 82' lang='grc' dir='ltr'>καὶ</span> <span class='ocrx_word' id='word_1_239' title='bbox 966 1769 1021 1821; x_wconf 80' lang='grc' dir='ltr'>ἐκ</span> <span class='ocrx_word' id='word_1_240' title='bbox 1075 1778 1174 1822; x_wconf 90' lang='grc' dir='ltr'><strong>τῶν</strong></span> <span class='ocrx_word' id='word_1_241' title='bbox 1227 1772 1539 1842; x_wconf 73' lang='grc' dir='ltr'>φαινομένων</span> <span class='ocrx_word' id='word_1_242' title='bbox 1604 1770 1798 1820; x_wconf 78' lang='grc' dir='ltr'>τούτων</span> 
     </span>
    </p>
   </div>
   <div class='ocr_carea' id='block_1_33' title="bbox 1922 1768 3567 1845">
    <p class='ocr_par' dir='ltr' id='par_1_33' title="bbox 1922 1768 3567 1841">
     <span class='ocr_line' id='line_1_33' title="bbox 1922 1768 3567 1841; baseline 0.002 -20"><span class='ocrx_word' id='word_1_243' title='bbox 1922 1781 2127 1839; x_wconf 75' lang='lat' dir='ltr'><strong>nempe</strong></span> <span class='ocrx_word' id='word_1_244' title='bbox 2167 1768 2569 1839; x_wconf 88' lang='lat' dir='ltr'><strong>omnipotens,</strong></span> <span class='ocrx_word' id='word_1_245' title='bbox 2600 1768 2675 1823; x_wconf 91' lang='lat' dir='ltr'><strong>de</strong></span> <span class='ocrx_word' id='word_1_246' title='bbox 2701 1768 3135 1839; x_wconf 87' lang='lat' dir='ltr'><strong>apparentibus</strong></span> <span class='ocrx_word' id='word_1_247' title='bbox 3150 1770 3243 1824; x_wconf 91' lang='lat' dir='ltr'><strong>his</strong></span> <span class='ocrx_word' id='word_1_248' title='bbox 3263 1769 3567 1841; x_wconf 88' lang='lat' dir='ltr'><strong>lapidibus</strong></span> 
     </span>
    </p>
   </div>
   <div class='ocr_carea' id='block_1_34' title="bbox 168 1853 1704 1932">
    <p class='ocr_par' dir='ltr' id='par_1_34' title="bbox 168 1853 1704 1932">
     <span class='ocr_line' id='line_1_34' title="bbox 168 1853 1704 1932; baseline 0.001 -21"><span class='ocrx_word' id='word_1_249' title='bbox 168 1860 343 1912; x_wconf 71' lang='grc' dir='ltr'>λίθων</span> <span class='ocrx_word' id='word_1_250' title='bbox 380 1859 573 1932; x_wconf 65' lang='grc' dir='ltr'>ἐγεῖραι</span> <span class='ocrx_word' id='word_1_251' title='bbox 602 1864 758 1912; x_wconf 81' lang='grc' dir='ltr'>τέκνα</span> <span class='ocrx_word' id='word_1_252' title='bbox 786 1868 859 1930; x_wconf 82' lang='grc' dir='ltr'>τῷ</span> <span class='ocrx_word' id='word_1_253' title='bbox 881 1857 1143 1932; x_wconf 80' lang='grc' dir='ltr'>Ἀϐραὰμ,</span> <span class='ocrx_word' id='word_1_254' title='bbox 1179 1859 1264 1911; x_wconf 86' lang='grc' dir='ltr'>οἶα</span> <span class='ocrx_word' id='word_1_255' title='bbox 1287 1853 1704 1929; x_wconf 79' lang='grc' dir='ltr'>παντοδύναμος.</span> 
     </span>
    </p>
   </div>
   <div class='ocr_carea' id='block_1_35' title="bbox 250 1946 1799 2020">
    <p class='ocr_par' dir='ltr' id='par_1_35' title="bbox 250 1946 1799 2020">
     <span class='ocr_line' id='line_1_35' title="bbox 250 1946 1799 2020; baseline -0.005 -17"><span class='ocrx_word' id='word_1_256' title='bbox 250 1951 403 2010; x_wconf 71' lang='grc' dir='ltr'>Τινὲς</span> <span class='ocrx_word' id='word_1_257' title='bbox 450 1946 511 2001; x_wconf 80' lang='grc' dir='ltr'><strong>δέ</strong></span> <span class='ocrx_word' id='word_1_258' title='bbox 543 1967 694 2020; x_wconf 70' lang='grc' dir='ltr'>φασι,</span> <span class='ocrx_word' id='word_1_259' title='bbox 723 1951 845 2010; x_wconf 73' lang='grc' dir='ltr'>τοὺς</span> <span class='ocrx_word' id='word_1_260' title='bbox 893 1946 946 2010; x_wconf 79' lang='grc' dir='ltr'><strong>ἐξ</strong></span> <span class='ocrx_word' id='word_1_261' title='bbox 975 1946 1124 1999; x_wconf 76' lang='grc' dir='ltr'>ἐθνῶν</span> <span class='ocrx_word' id='word_1_262' title='bbox 1176 1950 1589 2008; x_wconf 75' lang='grc' dir='ltr'><strong>πεπιστευκότας</strong></span> <span class='ocrx_word' id='word_1_263' title='bbox 1640 1946 1799 1997; x_wconf 84' lang='grc' dir='ltr'>αἰνίτ-</span> 
     </span>
    </p>
   </div>
   <div class='ocr_carea' id='block_1_36' title="bbox 169 2036 1799 2110">
    <p class='ocr_par' dir='ltr' id='par_1_36' title="bbox 169 2036 1799 2110">
     <span class='ocr_line' id='line_1_36' title="bbox 169 2036 1799 2110; baseline -0.003 -21"><span class='ocrx_word' id='word_1_264' title='bbox 169 2040 367 2089; x_wconf 80' lang='grc' dir='ltr'>τεσθαι</span> <span class='ocrx_word' id='word_1_265' title='bbox 429 2041 521 2089; x_wconf 84' lang='grc' dir='ltr'>τὸν</span> <span class='ocrx_word' id='word_1_266' title='bbox 572 2037 744 2107; x_wconf 75' lang='grc' dir='ltr'>λόγον,</span> <span class='ocrx_word' id='word_1_267' title='bbox 795 2038 865 2102; x_wconf 83' lang='grc' dir='ltr'><strong>οἱ,</strong></span> <span class='ocrx_word' id='word_1_268' title='bbox 915 2039 1281 2110; x_wconf 80' lang='grc' dir='ltr'>πεπωρωμένοι</span> <span class='ocrx_word' id='word_1_269' title='bbox 1340 2040 1432 2087; x_wconf 83' lang='grc' dir='ltr'>καὶ</span> <span class='ocrx_word' id='word_1_270' title='bbox 1489 2036 1799 2091; x_wconf 81' lang='grc' dir='ltr'>ἀναίσθητοι</span> 
     </span>
    </p>
   </div>
   <div class='ocr_carea' id='block_1_37' title="bbox 170 2121 1801 2198">
    <p class='ocr_par' dir='ltr' id='par_1_37' title="bbox 170 2121 1801 2198">
     <span class='ocr_line' id='line_1_37' title="bbox 170 2121 1801 2198; baseline -0.001 -21"><span class='ocrx_word' id='word_1_271' title='bbox 170 2130 317 2187; x_wconf 77' lang='grc' dir='ltr'>ὄντες</span> <span class='ocrx_word' id='word_1_272' title='bbox 350 2134 450 2187; x_wconf 80' lang='grc' dir='ltr'>τῆς</span> <span class='ocrx_word' id='word_1_273' title='bbox 508 2124 749 2185; x_wconf 75' lang='grc' dir='ltr'>ἀληθείας</span> <span class='ocrx_word' id='word_1_274' title='bbox 802 2129 1052 2198; x_wconf 85' lang='grc' dir='ltr'>πρότερον</span> <span class='ocrx_word' id='word_1_275' title='bbox 1109 2121 1202 2177; x_wconf 77' lang='grc' dir='ltr'><strong>διὰ</strong></span> <span class='ocrx_word' id='word_1_276' title='bbox 1256 2133 1351 2187; x_wconf 80' lang='grc' dir='ltr'>τῆς</span> <span class='ocrx_word' id='word_1_277' title='bbox 1379 2127 1602 2184; x_wconf 87' lang='grc' dir='ltr'>πίστεως</span> <span class='ocrx_word' id='word_1_278' title='bbox 1635 2123 1801 2175; x_wconf 79' lang='grc' dir='ltr'>υἱοθε-</span> 
     </span>
    </p>
   </div>
   <div class='ocr_carea' id='block_1_38' title="bbox 168 2209 1800 2286">
    <p class='ocr_par' dir='ltr' id='par_1_38' title="bbox 168 2209 1800 2286">
     <span class='ocr_line' id='line_1_38' title="bbox 168 2209 1800 2286; baseline -0.002 -19"><span class='ocrx_word' id='word_1_279' title='bbox 168 2217 426 2273; x_wconf 68' lang='grc' dir='ltr'>τήθτσαν</span> <span class='ocrx_word' id='word_1_280' title='bbox 483 2216 725 2286; x_wconf 75' lang='grc' dir='ltr'>ὕστερον,</span> <span class='ocrx_word' id='word_1_281' title='bbox 775 2213 961 2268; x_wconf 78' lang='grc' dir='ltr'>’Ἄλλοι</span> <span class='ocrx_word' id='word_1_282' title='bbox 1004 2210 1063 2266; x_wconf 68' lang='grc' dir='ltr'><strong>δὲ</strong></span> <span class='ocrx_word' id='word_1_283' title='bbox 1090 2213 1323 2285; x_wconf 77' lang='grc' dir='ltr'>λέγουσι,</span> <span class='ocrx_word' id='word_1_284' title='bbox 1356 2209 1800 2286; x_wconf 82' lang='grc' dir='ltr'>παραδηλοῦσθαι</span> 
     </span>
    </p>
   </div>
   <div class='ocr_carea' id='block_1_39' title="bbox 167 2299 1800 2376">
    <p class='ocr_par' dir='ltr' id='par_1_39' title="bbox 167 2299 1800 2376">
     <span class='ocr_line' id='line_1_39' title="bbox 167 2299 1800 2376; baseline -0.002 -21"><span class='ocrx_word' id='word_1_285' title='bbox 167 2309 297 2364; x_wconf 69' lang='grc' dir='ltr'>τοὺς</span> <span class='ocrx_word' id='word_1_286' title='bbox 330 2302 384 2355; x_wconf 81' lang='grc' dir='ltr'>ἐν</span> <span class='ocrx_word' id='word_1_287' title='bbox 424 2312 498 2373; x_wconf 77' lang='grc' dir='ltr'>τῷ</span> <span class='ocrx_word' id='word_1_288' title='bbox 545 2312 711 2376; x_wconf 80' lang='grc' dir='ltr'>καιρῷ</span> <span class='ocrx_word' id='word_1_289' title='bbox 755 2310 850 2354; x_wconf 84' lang='grc' dir='ltr'>τοῦ</span> <span class='ocrx_word' id='word_1_290' title='bbox 879 2303 1079 2363; x_wconf 88' lang='grc' dir='ltr'>πάθους</span> <span class='ocrx_word' id='word_1_291' title='bbox 1130 2309 1222 2354; x_wconf 80' lang='grc' dir='ltr'>τοῦ</span> <span class='ocrx_word' id='word_1_292' title='bbox 1273 2306 1529 2376; x_wconf 70' lang='grc' dir='ltr'>Σωτῆρος,</span> <span class='ocrx_word' id='word_1_293' title='bbox 1578 2299 1678 2353; x_wconf 87' lang='grc' dir='ltr'>ἀπὸ</span> <span class='ocrx_word' id='word_1_294' title='bbox 1708 2306 1800 2352; x_wconf 81' lang='grc' dir='ltr'>τοῦ</span> 
     </span>
    </p>
   </div>
   <div class='ocr_carea' id='block_1_40' title="bbox 171 2387 1797 2465">
    <p class='ocr_par' dir='ltr' id='par_1_40' title="bbox 171 2387 1797 2465">
     <span class='ocr_line' id='line_1_40' title="bbox 171 2387 1797 2465; baseline 0 -22"><span class='ocrx_word' id='word_1_295' title='bbox 171 2394 483 2463; x_wconf 78' lang='grc' dir='ltr'>σχίζεσθαι</span> <span class='ocrx_word' id='word_1_296' title='bbox 552 2396 643 2452; x_wconf 76' lang='grc' dir='ltr'>τὰς</span> <span class='ocrx_word' id='word_1_297' title='bbox 701 2396 907 2465; x_wconf 79' lang='grc' dir='ltr'>πέτρας,</span> <span class='ocrx_word' id='word_1_298' title='bbox 969 2387 1063 2443; x_wconf 82' lang='grc' dir='ltr'><strong>διὰ</strong></span> <span class='ocrx_word' id='word_1_299' title='bbox 1114 2395 1339 2452; x_wconf 88' lang='grc' dir='ltr'>πίστεως</span> <span class='ocrx_word' id='word_1_300' title='bbox 1391 2391 1797 2451; x_wconf 83' lang='grc' dir='ltr'>υἱοθετηθέντας.</span> 
     </span>
    </p>
   </div>
   <div class='ocr_carea' id='block_1_41' title="bbox 172 2476 1799 2554">
    <p class='ocr_par' dir='ltr' id='par_1_41' title="bbox 172 2476 1799 2554">
     <span class='ocr_line' id='line_1_41' title="bbox 172 2476 1799 2554; baseline -0.002 -21"><span class='ocrx_word' id='word_1_301' title='bbox 172 2486 278 2534; x_wconf 71' lang='grc' dir='ltr'><strong>Καὶ</strong></span> <span class='ocrx_word' id='word_1_302' title='bbox 347 2481 497 2532; x_wconf 79' lang='grc' dir='ltr'>οὗτοι</span> <span class='ocrx_word' id='word_1_303' title='bbox 560 2476 619 2531; x_wconf 70' lang='grc' dir='ltr'><strong>δὲ</strong></span> <span class='ocrx_word' id='word_1_304' title='bbox 664 2478 892 2532; x_wconf 82' lang='grc' dir='ltr'>κάκεῖνοι</span> <span class='ocrx_word' id='word_1_305' title='bbox 962 2487 1034 2550; x_wconf 81' lang='grc' dir='ltr'>τῷ</span> <span class='ocrx_word' id='word_1_306' title='bbox 1086 2478 1328 2554; x_wconf 76' lang='grc' dir='ltr'>Ἅϐραάμ</span> <span class='ocrx_word' id='word_1_307' title='bbox 1396 2480 1799 2544; x_wconf 84' lang='grc' dir='ltr'>υἰοθετήθησαν,</span> 
     </span>
    </p>
   </div>
   <div class='ocr_carea' id='block_1_42' title="bbox 170 2567 1793 2642">
    <p class='ocr_par' dir='ltr' id='par_1_42' title="bbox 170 2567 1793 2642">
     <span class='ocr_line' id='line_1_42' title="bbox 170 2567 1793 2642; baseline -0.001 -22"><span class='ocrx_word' id='word_1_308' title='bbox 170 2572 239 2628; x_wconf 66' lang='grc' dir='ltr'>ὣς</span> <span class='ocrx_word' id='word_1_309' title='bbox 306 2576 405 2620; x_wconf 81' lang='grc' dir='ltr'>τοῦ</span> <span class='ocrx_word' id='word_1_310' title='bbox 463 2567 579 2620; x_wconf 86' lang='grc' dir='ltr'>κατ’</span> <span class='ocrx_word' id='word_1_311' title='bbox 635 2568 790 2620; x_wconf 76' lang='grc' dir='ltr'>αὐτὸν</span> <span class='ocrx_word' id='word_1_312' title='bbox 861 2567 1074 2620; x_wconf 72' lang='grc' dir='ltr'>αἰωνίου</span> <span class='ocrx_word' id='word_1_313' title='bbox 1116 2568 1333 2642; x_wconf 81' lang='grc' dir='ltr'>κλήρου</span> <span class='ocrx_word' id='word_1_314' title='bbox 1385 2568 1793 2641; x_wconf 85' lang='grc' dir='ltr'>μεταλαχόντες.</span> 
     </span>
    </p>
   </div>
   <div class='ocr_carea' id='block_1_43' title="bbox 178 2656 1804 2731">
    <p class='ocr_par' dir='ltr' id='par_1_43' title="bbox 178 2656 1804 2731">
     <span class='ocr_line' id='line_1_43' title="bbox 178 2656 1804 2731; baseline -0.001 -22"><span class='ocrx_word' id='word_1_315' title='bbox 178 2662 389 2729; x_wconf 66' lang='grc' dir='ltr'>κυρίως</span> <span class='ocrx_word' id='word_1_316' title='bbox 431 2660 540 2729; x_wconf 70' lang='grc' dir='ltr'>γὰρ</span> <span class='ocrx_word' id='word_1_317' title='bbox 584 2662 737 2709; x_wconf 81' lang='grc' dir='ltr'>τέκνα</span> <span class='ocrx_word' id='word_1_318' title='bbox 781 2664 873 2709; x_wconf 74' lang='grc' dir='ltr'>τοῦ</span> <span class='ocrx_word' id='word_1_319' title='bbox 926 2657 1150 2730; x_wconf 81' lang='grc' dir='ltr'>Αϐραάμ</span> <span class='ocrx_word' id='word_1_320' title='bbox 1201 2658 1332 2709; x_wconf 86' lang='grc' dir='ltr'>εἰσιν</span> <span class='ocrx_word' id='word_1_321' title='bbox 1389 2659 1437 2710; x_wconf 81' lang='grc' dir='ltr'>οἱ</span> <span class='ocrx_word' id='word_1_322' title='bbox 1489 2660 1583 2717; x_wconf 82' lang='grc' dir='ltr'>τὰς</span> <span class='ocrx_word' id='word_1_323' title='bbox 1623 2656 1804 2731; x_wconf 83' lang='grc' dir='ltr'>ἀρετὰς</span> 
     </span>
    </p>
   </div>
   <div class='ocr_carea' id='block_1_44' title="bbox 176 2745 1804 2819">
    <p class='ocr_par' dir='ltr' id='par_1_44' title="bbox 176 2745 1804 2819">
     <span class='ocr_line' id='line_1_44' title="bbox 176 2745 1804 2819; baseline -0.001 -22"><span class='ocrx_word' id='word_1_324' title='bbox 176 2748 345 2798; x_wconf 62' lang='grc' dir='ltr'>αὐτοῦ</span> <span class='ocrx_word' id='word_1_325' title='bbox 388 2749 725 2819; x_wconf 62' lang='grc' dir='ltr'>μιμούμενοι,</span> <span class='ocrx_word' id='word_1_326' title='bbox 774 2751 864 2798; x_wconf 84' lang='grc' dir='ltr'><strong>καὶ</strong></span> <span class='ocrx_word' id='word_1_327' title='bbox 913 2754 1011 2807; x_wconf 78' lang='grc' dir='ltr'>τῆς</span> <span class='ocrx_word' id='word_1_328' title='bbox 1055 2746 1216 2808; x_wconf 74' lang='grc' dir='ltr'>αὐτῆς</span> <span class='ocrx_word' id='word_1_329' title='bbox 1268 2746 1409 2817; x_wconf 74' lang='grc' dir='ltr'>αὐτῷ</span> <span class='ocrx_word' id='word_1_330' title='bbox 1465 2745 1804 2817; x_wconf 79' lang='grc' dir='ltr'>καταξιούμε-</span> 
     </span>
    </p>
   </div>
   <div class='ocr_carea' id='block_1_45' title="bbox 174 2831 1805 2908">
    <p class='ocr_par' dir='ltr' id='par_1_45' title="bbox 174 2831 1805 2908">
     <span class='ocr_line' id='line_1_45' title="bbox 174 2831 1805 2908; baseline -0.001 -23"><span class='ocrx_word' id='word_1_331' title='bbox 174 2854 257 2885; x_wconf 80' lang='grc' dir='ltr'><strong>νοι</strong></span> <span class='ocrx_word' id='word_1_332' title='bbox 314 2831 540 2908; x_wconf 77' lang='grc' dir='ltr'>μερίδος</span> <span class='ocrx_word' id='word_1_333' title='bbox 587 2833 635 2886; x_wconf 80' lang='grc' dir='ltr'>ἐν</span> <span class='ocrx_word' id='word_1_334' title='bbox 686 2842 749 2907; x_wconf 83' lang='grc' dir='ltr'>τῇ</span> <span class='ocrx_word' id='word_1_335' title='bbox 828 2833 1077 2907; x_wconf 80' lang='grc' dir='ltr'>βασιλείᾳ</span> <span class='ocrx_word' id='word_1_336' title='bbox 1137 2843 1236 2888; x_wconf 88' lang='grc' dir='ltr'><strong>τῶν</strong></span> <span class='ocrx_word' id='word_1_337' title='bbox 1306 2835 1554 2907; x_wconf 74' lang='grc' dir='ltr'>οὐρανῶν,</span> <span class='ocrx_word' id='word_1_338' title='bbox 1604 2832 1700 2885; x_wconf 80' lang='grc' dir='ltr'>κᾶν</span> <span class='ocrx_word' id='word_1_339' title='bbox 1752 2831 1805 2895; x_wconf 79' lang='grc' dir='ltr'><strong>ἐξ</strong></span> 
     </span>
    </p>
   </div>
   <div class='ocr_carea' id='block_1_46' title="bbox 174 2920 1804 2997">
    <p class='ocr_par' dir='ltr' id='par_1_46' title="bbox 174 2920 1804 2997">
     <span class='ocr_line' id='line_1_46' title="bbox 174 2920 1804 2997; baseline -0.001 -22"><span class='ocrx_word' id='word_1_340' title='bbox 174 2920 458 2975; x_wconf 70' lang='grc' dir='ltr'>Ἰουδαίων</span> <span class='ocrx_word' id='word_1_341' title='bbox 510 2920 625 2989; x_wconf 77' lang='grc' dir='ltr'>εἶεν,</span> <span class='ocrx_word' id='word_1_342' title='bbox 674 2922 769 2974; x_wconf 78' lang='grc' dir='ltr'>κᾶν</span> <span class='ocrx_word' id='word_1_343' title='bbox 810 2921 863 2985; x_wconf 84' lang='grc' dir='ltr'><em>ἐξ</em></span> <span class='ocrx_word' id='word_1_344' title='bbox 904 2922 1074 2978; x_wconf 83' lang='grc' dir='ltr'>ἐθνῶν.</span> <span class='ocrx_word' id='word_1_345' title='bbox 1122 2930 1201 2977; x_wconf 87' lang='grc' dir='ltr'>Με</span> <span class='ocrx_word' id='word_1_346' title='bbox 1249 2924 1351 2984; x_wconf 77' lang='grc' dir='ltr'>ξων</span> <span class='ocrx_word' id='word_1_347' title='bbox 1392 2925 1494 2997; x_wconf 75' lang='grc' dir='ltr'><strong>γὰρ</strong></span> <span class='ocrx_word' id='word_1_348' title='bbox 1537 2924 1567 2981; x_wconf 84' lang='grc' dir='ltr'>ἡ</span> <span class='ocrx_word' id='word_1_349' title='bbox 1603 2921 1655 2985; x_wconf 75' lang='grc' dir='ltr'><strong>ἐξ</strong></span> <span class='ocrx_word' id='word_1_350' title='bbox 1684 2920 1804 2995; x_wconf 87' lang='grc' dir='ltr'>ἀρε-</span> 
     </span>
    </p>
   </div>
   <div class='ocr_carea' id='block_1_47' title="bbox 182 3011 1804 3084">
    <p class='ocr_par' dir='ltr' id='par_1_47' title="bbox 182 3011 1804 3084">
     <span class='ocr_line' id='line_1_47' title="bbox 182 3011 1804 3084; baseline 0.001 -21"><span class='ocrx_word' id='word_1_351' title='bbox 182 3019 278 3073; x_wconf 74' lang='grc' dir='ltr'>τῆς</span> <span class='ocrx_word' id='word_1_352' title='bbox 328 3016 617 3083; x_wconf 74' lang='grc' dir='ltr'>συγγένεια</span> <span class='ocrx_word' id='word_1_353' title='bbox 662 3020 754 3072; x_wconf 83' lang='grc' dir='ltr'>τῆς</span> <span class='ocrx_word' id='word_1_354' title='bbox 792 3011 846 3075; x_wconf 77' lang='grc' dir='ltr'><strong>ἐξ</strong></span> <span class='ocrx_word' id='word_1_355' title='bbox 886 3012 1108 3084; x_wconf 81' lang='grc' dir='ltr'>αἳματος</span> <span class='ocrx_word' id='word_1_356' title='bbox 1162 3012 1491 3083; x_wconf 84' lang='grc' dir='ltr'>οἰκειώσεως,</span> <span class='ocrx_word' id='word_1_357' title='bbox 1545 3012 1667 3064; x_wconf 84' lang='grc' dir='ltr'>ὅσον</span> <span class='ocrx_word' id='word_1_358' title='bbox 1714 3015 1804 3064; x_wconf 82' lang='grc' dir='ltr'>καὶ</span> 
     </span>
    </p>
   </div>
   <div class='ocr_carea' id='block_1_48' title="bbox 183 3100 1146 3174">
    <p class='ocr_par' dir='ltr' id='par_1_48' title="bbox 183 3100 1146 3174">
     <span class='ocr_line' id='line_1_48' title="bbox 183 3100 1146 3174; baseline 0.003 -23"><span class='ocrx_word' id='word_1_359' title='bbox 183 3104 212 3157; x_wconf 68' lang='grc' dir='ltr'><strong>ἡ</strong></span> <span class='ocrx_word' id='word_1_360' title='bbox 246 3100 409 3171; x_wconf 60' lang='grc' dir='ltr'>ψυχὴ</span> <span class='ocrx_word' id='word_1_361' title='bbox 447 3105 735 3174; x_wconf 80' lang='grc' dir='ltr'>τιμιωτέρα</span> <span class='ocrx_word' id='word_1_362' title='bbox 757 3108 849 3152; x_wconf 80' lang='grc' dir='ltr'>τοῦ</span> <span class='ocrx_word' id='word_1_363' title='bbox 890 3107 1146 3173; x_wconf 77' lang='grc' dir='ltr'>σώματος.</span> 
     </span>
    </p>
   </div>
   <div class='ocr_carea' id='block_1_49' title="bbox 253 3186 1801 3264">
    <p class='ocr_par' dir='ltr' id='par_1_49' title="bbox 253 3186 1801 3264">
     <span class='ocr_line' id='line_1_49' title="bbox 253 3186 1801 3264; baseline 0.001 -24"><span class='ocrx_word' id='word_1_364' title='bbox 253 3186 392 3247; x_wconf 76' lang='grc' dir='ltr'><strong>Ἤδη</strong></span> <span class='ocrx_word' id='word_1_365' title='bbox 448 3220 523 3228; x_wconf 85' lang='grc'><strong><em>-</em></strong></span> <span class='ocrx_word' id='word_1_366' title='bbox 573 3189 643 3248; x_wconf 83' lang='grc' dir='ltr'><strong>εἰς</strong></span> <span class='ocrx_word' id='word_1_367' title='bbox 694 3196 796 3264; x_wconf 78' lang='grc' dir='ltr'>πῦρ</span> <span class='ocrx_word' id='word_1_368' title='bbox 856 3186 1122 3260; x_wconf 76' lang='grc' dir='ltr'>βάλλεται.</span> <span class='ocrx_word' id='word_1_369' title='bbox 1192 3188 1383 3261; x_wconf 82' lang='grc' dir='ltr'>[Ἀξίνη</span> <span class='ocrx_word' id='word_1_370' title='bbox 1436 3189 1547 3261; x_wconf 89' lang='grc'>(80)</span> <span class='ocrx_word' id='word_1_371' title='bbox 1601 3191 1713 3261; x_wconf 66' lang='grc' dir='ltr'>μὲν,</span> <span class='ocrx_word' id='word_1_372' title='bbox 1770 3190 1801 3248; x_wconf 84' lang='grc' dir='ltr'>ἡ</span> 
     </span>
    </p>
   </div>
   <div class='ocr_carea' id='block_1_50' title="bbox 184 3276 1806 3352">
    <p class='ocr_par' dir='ltr' id='par_1_50' title="bbox 184 3276 1806 3352">
     <span class='ocr_line' id='line_1_50' title="bbox 184 3276 1806 3352; baseline 0.001 -25"><span class='ocrx_word' id='word_1_373' title='bbox 184 3276 503 3347; x_wconf 52' lang='lat' dir='ltr'><strong>ria-[Idan</strong></span> <span class='ocrx_word' id='word_1_374' title='bbox 573 3282 731 3349; x_wconf 79' lang='grc' dir='ltr'>τομὴ,</span> <span class='ocrx_word' id='word_1_375' title='bbox 810 3277 1127 3351; x_wconf 75' lang='grc' dir='ltr'>ἐκτέμνουσα</span> <span class='ocrx_word' id='word_1_376' title='bbox 1197 3282 1320 3341; x_wconf 83' lang='grc' dir='ltr'>τοὺς</span> <span class='ocrx_word' id='word_1_377' title='bbox 1398 3276 1665 3352; x_wconf 79' lang='grc' dir='ltr'>ἀκάρπους</span> <span class='ocrx_word' id='word_1_378' title='bbox 1738 3278 1806 3339; x_wconf 89' lang='grc' dir='ltr'><strong>εἰς</strong></span> 
     </span>
    </p>
   </div>
   <div class='ocr_carea' id='block_1_51' title="bbox 185 3363 1805 3439">
    <p class='ocr_par' dir='ltr' id='par_1_51' title="bbox 185 3363 1805 3439">
     <span class='ocr_line' id='line_1_51' title="bbox 185 3363 1805 3439; baseline 0 -22"><span class='ocrx_word' id='word_1_379' title='bbox 185 3363 370 3437; x_wconf 74' lang='grc' dir='ltr'>ἀρετὰς</span> <span class='ocrx_word' id='word_1_380' title='bbox 423 3371 520 3418; x_wconf 82' lang='grc' dir='ltr'><strong>καὶ</strong></span> <span class='ocrx_word' id='word_1_381' title='bbox 548 3371 728 3418; x_wconf 88' lang='grc' dir='ltr'>πίστιν</span> <span class='ocrx_word' id='word_1_382' title='bbox 768 3363 1058 3429; x_wconf 84' lang='grc' dir='ltr'>Ἰουδαίους</span> <span class='ocrx_word' id='word_1_383' title='bbox 1105 3366 1204 3419; x_wconf 85' lang='grc' dir='ltr'>ἀπὸ</span> <span class='ocrx_word' id='word_1_384' title='bbox 1243 3374 1335 3419; x_wconf 86' lang='grc' dir='ltr'>τοῦ</span> <span class='ocrx_word' id='word_1_385' title='bbox 1384 3372 1562 3439; x_wconf 87' lang='grc' dir='ltr'>νόμου,</span> <span class='ocrx_word' id='word_1_386' title='bbox 1613 3365 1671 3419; x_wconf 78' lang='grc' dir='ltr'>οὐ</span> <span class='ocrx_word' id='word_1_387' title='bbox 1702 3371 1805 3439; x_wconf 75' lang='grc' dir='ltr'>μὴν</span> 
     </span>
    </p>
   </div>
   <div class='ocr_carea' id='block_1_52' title="bbox 168 3452 1807 3529">
    <p class='ocr_par' dir='ltr' id='par_1_52' title="bbox 168 3452 1807 3529">
     <span class='ocr_line' id='line_1_52' title="bbox 168 3452 1807 3529; baseline 0.001 -24"><span class='ocrx_word' id='word_1_388' title='bbox 168 3452 501 3527; x_wconf 25' lang='grc' dir='ltr'>κέκριζοῦσα.</span> <span class='ocrx_word' id='word_1_389' title='bbox 556 3454 704 3515; x_wconf 79' lang='grc' dir='ltr'>Ῥίζα</span> <span class='ocrx_word' id='word_1_390' title='bbox 754 3458 855 3529; x_wconf 72' lang='grc' dir='ltr'><strong>γὰρ</strong></span> <span class='ocrx_word' id='word_1_391' title='bbox 915 3455 1080 3507; x_wconf 73' lang='grc' dir='ltr'>αὐτῶν</span> <span class='ocrx_word' id='word_1_392' title='bbox 1138 3457 1163 3507; x_wconf 88' lang='grc' dir='ltr'>ὀ</span> <span class='ocrx_word' id='word_1_393' title='bbox 1196 3460 1365 3528; x_wconf 79' lang='grc' dir='ltr'>νόμος,</span> <span class='ocrx_word' id='word_1_394' title='bbox 1519 3454 1626 3507; x_wconf 84' lang='grc' dir='ltr'>ἀντ’</span> <span class='ocrx_word' id='word_1_395' title='bbox 1681 3455 1807 3508; x_wconf 73' lang='grc' dir='ltr'>ἐκεί·</span> 
     </span>
    </p>
   </div>
   <div class='ocr_carea' id='block_1_53' title="bbox 184 3540 1808 3618">
    <p class='ocr_par' dir='ltr' id='par_1_53' title="bbox 184 3540 1808 3618">
     <span class='ocr_line' id='line_1_53' title="bbox 184 3540 1808 3618; baseline 0.001 -25"><span class='ocrx_word' id='word_1_396' title='bbox 184 3562 278 3593; x_wconf 73' lang='grc' dir='ltr'><strong>νων</strong></span> <span class='ocrx_word' id='word_1_397' title='bbox 310 3546 363 3594; x_wconf 78' lang='grc' dir='ltr'>οἱ</span> <span class='ocrx_word' id='word_1_398' title='bbox 412 3548 787 3605; x_wconf 73' lang='grc' dir='ltr'>πιστεύσαντες</span> <span class='ocrx_word' id='word_1_399' title='bbox 852 3545 1266 3618; x_wconf 67' lang='grc' dir='ltr'>ἐγκεντρίζονται</span> <span class='ocrx_word' id='word_1_400' title='bbox 1317 3562 1328 3575; x_wconf 93' lang='grc'><strong>·</strong></span> <span class='ocrx_word' id='word_1_401' title='bbox 1383 3540 1579 3618; x_wconf 79' lang='grc' dir='ltr'>δένδρα</span> <span class='ocrx_word' id='word_1_402' title='bbox 1644 3540 1703 3596; x_wconf 71' lang='grc' dir='ltr'><strong>δὲ</strong></span> <span class='ocrx_word' id='word_1_403' title='bbox 1760 3545 1808 3596; x_wconf 85' lang='grc' dir='ltr'>οἱ</span> 
     </span>
    </p>
   </div>
   <div class='ocr_carea' id='block_1_54' title="bbox 187 3629 573 3707">
    <p class='ocr_par' dir='ltr' id='par_1_54' title="bbox 187 3629 573 3707">
     <span class='ocr_line' id='line_1_54' title="bbox 187 3629 573 3707; baseline -0.003 -23"><span class='ocrx_word' id='word_1_404' title='bbox 187 3629 573 3707; x_wconf 62' lang='grc' dir='ltr'>Ἰσραηλῖται.]</span> 
     </span>
    </p>
   </div>
   <div class='ocr_carea' id='block_1_55' title="bbox 257 3717 1807 3795">
    <p class='ocr_par' dir='ltr' id='par_1_55' title="bbox 257 3717 1807 3795">
     <span class='ocr_line' id='line_1_55' title="bbox 257 3717 1807 3795; baseline -0.001 -21"><span class='ocrx_word' id='word_1_405' title='bbox 257 3721 511 3782; x_wconf 65' lang='grc' dir='ltr'>Φοϐήσας</span> <span class='ocrx_word' id='word_1_406' title='bbox 570 3717 630 3773; x_wconf 74' lang='grc' dir='ltr'><strong>δὲ</strong></span> <span class='ocrx_word' id='word_1_407' title='bbox 689 3721 798 3793; x_wconf 82' lang='lat' dir='ltr'><strong>(8i)</strong></span> <span class='ocrx_word' id='word_1_408' title='bbox 854 3722 1059 3788; x_wconf 74' lang='grc' dir='ltr'>αὐτοὺς,</span> <span class='ocrx_word' id='word_1_409' title='bbox 1116 3726 1186 3785; x_wconf 88' lang='grc' dir='ltr'>ὡς</span> <span class='ocrx_word' id='word_1_410' title='bbox 1212 3721 1660 3795; x_wconf 87' lang='grc' dir='ltr'>ἀποπεσουμένους</span> <span class='ocrx_word' id='word_1_411' title='bbox 1715 3728 1807 3774; x_wconf 83' lang='grc' dir='ltr'>τοῦ</span> 
     </span>
    </p>
   </div>
   <div class='ocr_carea' id='block_1_56' title="bbox 186 3809 1807 3886">
    <p class='ocr_par' dir='ltr' id='par_1_56' title="bbox 186 3809 1807 3886">
     <span class='ocr_line' id='line_1_56' title="bbox 186 3809 1807 3886; baseline 0.001 -24"><span class='ocrx_word' id='word_1_412' title='bbox 186 3814 372 3880; x_wconf 64' lang='grc' dir='ltr'>γένους</span> <span class='ocrx_word' id='word_1_413' title='bbox 434 3817 530 3861; x_wconf 77' lang='grc' dir='ltr'>τοῦ</span> <span class='ocrx_word' id='word_1_414' title='bbox 599 3809 854 3883; x_wconf 75' lang='grc' dir='ltr'>Ἀϐραὰμ,</span> <span class='ocrx_word' id='word_1_415' title='bbox 930 3810 974 3863; x_wconf 81' lang='grc' dir='ltr'><strong>εἰ</strong></span> <span class='ocrx_word' id='word_1_416' title='bbox 1039 3816 1110 3883; x_wconf 81' lang='grc' dir='ltr'>μὴ</span> <span class='ocrx_word' id='word_1_417' title='bbox 1168 3816 1499 3886; x_wconf 83' lang='grc' dir='ltr'>προσέχοιεν,</span> <span class='ocrx_word' id='word_1_418' title='bbox 1571 3810 1807 3864; x_wconf 84' lang='grc' dir='ltr'>ἐπιτείνει</span> 
     </span>
    </p>
   </div>
   <div class='ocr_carea' id='block_1_57' title="bbox 185 3897 1809 3974">
    <p class='ocr_par' dir='ltr' id='par_1_57' title="bbox 185 3897 1809 3974">
     <span class='ocr_line' id='line_1_57' title="bbox 185 3897 1809 3974; baseline 0.002 -25"><span class='ocrx_word' id='word_1_419' title='bbox 185 3902 274 3949; x_wconf 76' lang='grc' dir='ltr'>τὸν</span> <span class='ocrx_word' id='word_1_420' title='bbox 326 3897 487 3970; x_wconf 66' lang='grc' dir='ltr'>φόϐον</span> <span class='ocrx_word' id='word_1_421' title='bbox 547 3901 643 3952; x_wconf 76' lang='grc' dir='ltr'>ἔτι.</span> <span class='ocrx_word' id='word_1_422' title='bbox 698 3900 774 3951; x_wconf 73' lang='grc' dir='ltr'><strong>Οὐ</strong></span> <span class='ocrx_word' id='word_1_423' title='bbox 830 3904 984 3972; x_wconf 83' lang='grc' dir='ltr'>μόνον</span> <span class='ocrx_word' id='word_1_424' title='bbox 1039 3903 1163 3974; x_wconf 69' lang='grc' dir='ltr'>γὰρ,</span> <span class='ocrx_word' id='word_1_425' title='bbox 1220 3906 1399 3973; x_wconf 77' lang='grc' dir='ltr'>φησὶν,</span> <span class='ocrx_word' id='word_1_426' title='bbox 1460 3900 1809 3955; x_wconf 82' lang='grc' dir='ltr'>ἀποπεσείσθε</span> 
     </span>
    </p>
   </div>
   <div class='ocr_carea' id='block_1_58' title="bbox 184 3987 1809 4063">
    <p class='ocr_par' dir='ltr' id='par_1_58' title="bbox 184 3987 1809 4063">
     <span class='ocr_line' id='line_1_58' title="bbox 184 3987 1809 4063; baseline 0.004 -26"><span class='ocrx_word' id='word_1_427' title='bbox 184 3995 278 4039; x_wconf 70' lang='grc' dir='ltr'>τοῦ</span> <span class='ocrx_word' id='word_1_428' title='bbox 330 3990 582 4039; x_wconf 76' lang='grc' dir='ltr'>τοιούτου</span> <span class='ocrx_word' id='word_1_429' title='bbox 611 3992 806 4059; x_wconf 65' lang='grc' dir='ltr'>γένους,</span> <span class='ocrx_word' id='word_1_430' title='bbox 859 3987 983 4055; x_wconf 90' lang='grc' dir='ltr'>ἀλλ’,</span> <span class='ocrx_word' id='word_1_431' title='bbox 1016 3992 1083 4051; x_wconf 86' lang='grc' dir='ltr'>ὡς</span> <span class='ocrx_word' id='word_1_432' title='bbox 1114 3988 1315 4042; x_wconf 81' lang='grc' dir='ltr'>ἀνίατοι</span> <span class='ocrx_word' id='word_1_433' title='bbox 1360 3990 1559 4055; x_wconf 86' lang='grc' dir='ltr'>λοιπὸν,</span> <span class='ocrx_word' id='word_1_434' title='bbox 1602 3994 1809 4063; x_wconf 84' lang='grc' dir='ltr'>ταχέως</span> 
     </span>
    </p>
   </div>
   <div class='ocr_carea' id='block_1_59' title="bbox 188 4075 1808 4155">
    <p class='ocr_par' dir='ltr' id='par_1_59' title="bbox 188 4075 1808 4155">
     <span class='ocr_line' id='line_1_59' title="bbox 188 4075 1808 4155; baseline 0.003 -28"><span class='ocrx_word' id='word_1_435' title='bbox 188 4075 544 4137; x_wconf 76' lang='grc' dir='ltr'>ἀποκοπέντες</span> <span class='ocrx_word' id='word_1_436' title='bbox 614 4084 704 4137; x_wconf 83' lang='grc' dir='ltr'>τῆς</span> <span class='ocrx_word' id='word_1_437' title='bbox 756 4076 971 4131; x_wconf 84' lang='grc' dir='ltr'>ἐνταῦθα</span> <span class='ocrx_word' id='word_1_438' title='bbox 1041 4082 1194 4145; x_wconf 83' lang='grc' dir='ltr'>ζωῆς,</span> <span class='ocrx_word' id='word_1_439' title='bbox 1270 4084 1359 4131; x_wconf 87' lang='grc' dir='ltr'>καὶ</span> <span class='ocrx_word' id='word_1_440' title='bbox 1420 4078 1523 4132; x_wconf 75' lang='grc' dir='ltr'>ἐκεῖ</span> <span class='ocrx_word' id='word_1_441' title='bbox 1578 4100 1808 4155; x_wconf 87' lang='grc' dir='ltr'>τιμωρη-</span> 
     </span>
    </p>
   </div>
   <div class='ocr_carea' id='block_1_60' title="bbox 191 4164 1809 4242">
    <p class='ocr_par' dir='ltr' id='par_1_60' title="bbox 191 4164 1809 4242">
     <span class='ocr_line' id='line_1_60' title="bbox 191 4164 1809 4242; baseline 0.002 -25"><span class='ocrx_word' id='word_1_442' title='bbox 191 4166 446 4222; x_wconf 71' lang='grc' dir='ltr'>θήσεσθε.</span> <span class='ocrx_word' id='word_1_443' title='bbox 520 4164 723 4228; x_wconf 83' lang='grc' dir='ltr'>Ἀξίνην</span> <span class='ocrx_word' id='word_1_444' title='bbox 783 4170 873 4239; x_wconf 72' lang='grc' dir='ltr'>μὲν</span> <span class='ocrx_word' id='word_1_445' title='bbox 935 4169 1038 4240; x_wconf 71' lang='grc' dir='ltr'><strong>γὰρ</strong></span> <span class='ocrx_word' id='word_1_446' title='bbox 1098 4177 1359 4241; x_wconf 86' lang='grc' dir='ltr'>τροπικῶς</span> <span class='ocrx_word' id='word_1_447' title='bbox 1416 4169 1653 4242; x_wconf 82' lang='grc' dir='ltr'>ὠνόμασε</span> <span class='ocrx_word' id='word_1_448' title='bbox 1721 4173 1809 4222; x_wconf 84' lang='grc' dir='ltr'>τὸν</span> 
     </span>
    </p>
   </div>
   <div class='ocr_carea' id='block_1_61' title="bbox 191 4251 1807 4333">
    <p class='ocr_par' dir='ltr' id='par_1_61' title="bbox 191 4251 1807 4333">
     <span class='ocr_line' id='line_1_61' title="bbox 191 4251 1807 4333; baseline 0.004 -29"><span class='ocrx_word' id='word_1_449' title='bbox 191 4255 421 4306; x_wconf 76' lang='grc' dir='ltr'>θάνατον</span> <span class='ocrx_word' id='word_1_450' title='bbox 451 4272 463 4283; x_wconf 84' lang='grc'><em>’</em></span> <span class='ocrx_word' id='word_1_451' title='bbox 500 4251 699 4328; x_wconf 78' lang='grc' dir='ltr'>δένδρα</span> <span class='ocrx_word' id='word_1_452' title='bbox 729 4252 806 4317; x_wconf 71' lang='grc' dir='ltr'><strong>δὲ,</strong></span> <span class='ocrx_word' id='word_1_453' title='bbox 838 4259 958 4317; x_wconf 79' lang='grc' dir='ltr'>τοὺς</span> <span class='ocrx_word' id='word_1_454' title='bbox 987 4255 1290 4331; x_wconf 78' lang='grc' dir='ltr'>ἀνθρώπους</span> <span class='ocrx_word' id='word_1_455' title='bbox 1316 4274 1328 4287; x_wconf 86' lang='grc'><strong>·</strong></span> <span class='ocrx_word' id='word_1_456' title='bbox 1355 4258 1509 4333; x_wconf 78' lang='grc' dir='ltr'>ῥίζαν</span> <span class='ocrx_word' id='word_1_457' title='bbox 1531 4254 1591 4311; x_wconf 73' lang='grc' dir='ltr'><strong>δὲ</strong></span> <span class='ocrx_word' id='word_1_458' title='bbox 1618 4258 1807 4331; x_wconf 76' lang='grc' dir='ltr'>αὐτῶν,</span> 
     </span>
    </p>
   </div>
   <div class='ocr_carea' id='block_1_62' title="bbox 189 4339 1315 4417">
    <p class='ocr_par' dir='ltr' id='par_1_62' title="bbox 189 4339 1315 4417">
     <span class='ocr_line' id='line_1_62' title="bbox 189 4339 1315 4417; baseline 0.004 -24"><span class='ocrx_word' id='word_1_459' title='bbox 189 4350 282 4400; x_wconf 70' lang='grc' dir='ltr'>τὴν</span> <span class='ocrx_word' id='word_1_460' title='bbox 319 4348 485 4406; x_wconf 75' lang='grc' dir='ltr'>ζωὴν.</span> <span class='ocrx_word' id='word_1_461' title='bbox 522 4350 633 4417; x_wconf 80' lang='grc' dir='ltr'><strong>Πῦρ</strong></span> <span class='ocrx_word' id='word_1_462' title='bbox 666 4339 725 4396; x_wconf 59' lang='grc' dir='ltr'><strong>δὲ</strong></span> <span class='ocrx_word' id='word_1_463' title='bbox 755 4341 861 4396; x_wconf 75' lang='grc' dir='ltr'>εἶπε</span> <span class='ocrx_word' id='word_1_464' title='bbox 884 4347 943 4396; x_wconf 86' lang='grc' dir='ltr'>τὸ</span> <span class='ocrx_word' id='word_1_465' title='bbox 971 4353 1062 4405; x_wconf 80' lang='grc' dir='ltr'>τῆς</span> <span class='ocrx_word' id='word_1_466' title='bbox 1085 4348 1315 4416; x_wconf 71' lang='grc' dir='ltr'>γεέννης,</span> 
     </span>
    </p>
   </div>
   <div class='ocr_carea' id='block_1_63' title="bbox 259 4430 1889 4541">
    <p class='ocr_par' dir='ltr' id='par_1_63' title="bbox 259 4430 1889 4541">
     <span class='ocr_line' id='line_1_63' title="bbox 259 4430 1889 4541; baseline 0.004 -56"><span class='ocrx_word' id='word_1_467' title='bbox 259 4432 417 4494; x_wconf 67' lang='grc' dir='ltr'>Τινὲς</span> <span class='ocrx_word' id='word_1_468' title='bbox 461 4430 526 4484; x_wconf 65' lang='grc' dir='ltr'><strong>δὲ</strong></span> <span class='ocrx_word' id='word_1_469' title='bbox 603 4433 755 4507; x_wconf 75' lang='grc' dir='ltr'>ῥίζαν</span> <span class='ocrx_word' id='word_1_470' title='bbox 820 4437 909 4506; x_wconf 74' lang='grc' dir='ltr'>μὲν</span> <span class='ocrx_word' id='word_1_471' title='bbox 979 4436 1332 4509; x_wconf 72' lang='grc' dir='ltr'>ἡρμήνευσαν,</span> <span class='ocrx_word' id='word_1_472' title='bbox 1406 4439 1493 4487; x_wconf 88' lang='grc' dir='ltr'>τὸν</span> <span class='ocrx_word' id='word_1_473' title='bbox 1548 4434 1889 4541; x_wconf 68' lang='grc' dir='ltr'>Ἀϐραὰμ,1)</span> 
     </span>
     <span class='ocr_line' id='line_1_64' title="bbox 295 4518 1805 4541; baseline 0.001 0"><span class='ocrx_word' id='word_1_474' title='bbox 295 4518 317 4541; x_wconf 64' lang='grc' dir='ltr'>ς</span> <span class='ocrx_word' id='word_1_475' title='bbox 459 4518 494 4539; x_wconf 74' lang='grc' dir='ltr'>ει-</span> <span class='ocrx_word' id='word_1_476' title='bbox 604 4525 674 4541; x_wconf 74' lang='lat'><strong>_.</strong></span> <span class='ocrx_word' id='word_1_477' title='bbox 919 4527 927 4539; x_wconf 86' lang='lat'><strong>.</strong></span> <span class='ocrx_word' id='word_1_478' title='bbox 1032 4525 1042 4536; x_wconf 83' lang='lat'><strong>.</strong></span> <span class='ocrx_word' id='word_1_479' title='bbox 1119 4522 1169 4541; x_wconf 67' lang='grc' dir='ltr'><strong>οι.</strong></span> <span class='ocrx_word' id='word_1_480' title='bbox 1300 4529 1311 4541; x_wconf 80' lang='lat'><strong>.</strong></span> <span class='ocrx_word' id='word_1_481' title='bbox 1564 4524 1609 4541; x_wconf 69' lang='grc' dir='ltr'><strong>ιον</strong></span> <span class='ocrx_word' id='word_1_482' title='bbox 1697 4525 1709 4541; x_wconf 74' lang='grc'><strong>,</strong></span> <span class='ocrx_word' id='word_1_483' title='bbox 1787 4534 1805 4541; x_wconf 77' lang='lat'><strong>-</strong></span> 
     </span>
    </p>
   </div>
   <div class='ocr_carea' id='block_1_64' title="bbox 194 4517 1808 4593">
    <p class='ocr_par' dir='ltr' id='par_1_64' title="bbox 194 4517 1808 4593">
     <span class='ocr_line' id='line_1_65' title="bbox 194 4517 1808 4593; baseline 0.003 -20"><span class='ocrx_word' id='word_1_484' title='bbox 194 4517 395 4593; x_wconf 76' lang='grc' dir='ltr'>δένδρα</span> <span class='ocrx_word' id='word_1_485' title='bbox 446 4518 531 4590; x_wconf 71' lang='grc' dir='ltr'><strong>δὲ,</strong></span> <span class='ocrx_word' id='word_1_486' title='bbox 590 4525 800 4583; x_wconf 72' lang='grc' dir='ltr'>τούτους</span> <span class='ocrx_word' id='word_1_487' title='bbox 848 4527 963 4584; x_wconf 74' lang='grc' dir='ltr'>τοὺς</span> <span class='ocrx_word' id='word_1_488' title='bbox 1017 4522 1514 4585; x_wconf 73' lang='grc' dir='ltr'>ἀναϐλαστῆσαντας</span> <span class='ocrx_word' id='word_1_489' title='bbox 1556 4524 1609 4588; x_wconf 79' lang='grc' dir='ltr'>ἐξ</span> <span class='ocrx_word' id='word_1_490' title='bbox 1648 4525 1808 4578; x_wconf 75' lang='grc' dir='ltr'>αὐτοῦ</span> 
     </span>
    </p>
   </div>
   <div class='ocr_carea' id='block_1_65' title="bbox 191 4608 1809 4685">
    <p class='ocr_par' dir='ltr' id='par_1_65' title="bbox 191 4608 1809 4685">
     <span class='ocr_line' id='line_1_66' title="bbox 191 4608 1809 4685; baseline 0.003 -24"><span class='ocrx_word' id='word_1_491' title='bbox 191 4608 513 4681; x_wconf 71' lang='grc' dir='ltr'>Ἰουδαίους,</span> <span class='ocrx_word' id='word_1_492' title='bbox 571 4609 750 4673; x_wconf 80' lang='grc' dir='ltr'>ἀξίνην</span> <span class='ocrx_word' id='word_1_493' title='bbox 791 4608 868 4678; x_wconf 67' lang='grc' dir='ltr'><strong>δὲ,</strong></span> <span class='ocrx_word' id='word_1_494' title='bbox 915 4615 1002 4664; x_wconf 86' lang='grc' dir='ltr'>τὸν</span> <span class='ocrx_word' id='word_1_495' title='bbox 1034 4616 1288 4684; x_wconf 82' lang='grc' dir='ltr'>Χριστὸν,</span> <span class='ocrx_word' id='word_1_496' title='bbox 1348 4612 1403 4675; x_wconf 86' lang='grc' dir='ltr'>ὃς</span> <span class='ocrx_word' id='word_1_497' title='bbox 1442 4613 1638 4685; x_wconf 80' lang='grc' dir='ltr'>ἔμελλεν</span> <span class='ocrx_word' id='word_1_498' title='bbox 1683 4614 1809 4667; x_wconf 88' lang='grc' dir='ltr'>ἀπο-</span> 
     </span>
    </p>
   </div>
   <div class='ocr_carea' id='block_1_66' title="bbox 193 4698 1810 4776">
    <p class='ocr_par' dir='ltr' id='par_1_66' title="bbox 193 4698 1810 4776">
     <span class='ocr_line' id='line_1_67' title="bbox 193 4698 1810 4776; baseline 0 -25"><span class='ocrx_word' id='word_1_499' title='bbox 193 4708 363 4771; x_wconf 76' lang='grc' dir='ltr'>τεμεῖν</span> <span class='ocrx_word' id='word_1_500' title='bbox 540 4698 745 4767; x_wconf 68' lang='grc' dir='ltr'>αὐτοὺς,</span> <span class='ocrx_word' id='word_1_501' title='bbox 795 4704 1036 4772; x_wconf 84' lang='grc' dir='ltr'>μένοντας</span> <span class='ocrx_word' id='word_1_502' title='bbox 1089 4699 1351 4776; x_wconf 80' lang='grc' dir='ltr'>ἀκάρπους</span> <span class='ocrx_word' id='word_1_503' title='bbox 1393 4701 1463 4764; x_wconf 80' lang='grc' dir='ltr'><strong>εἰς</strong></span> <span class='ocrx_word' id='word_1_504' title='bbox 1508 4706 1600 4761; x_wconf 81' lang='grc' dir='ltr'>τὴν</span> <span class='ocrx_word' id='word_1_505' title='bbox 1632 4706 1810 4755; x_wconf 84' lang='grc' dir='ltr'>πίστιν</span> 
     </span>
    </p>
   </div>
   <div class='ocr_carea' id='block_1_67' title="bbox 191 4787 1801 4864">
    <p class='ocr_par' dir='ltr' id='par_1_67' title="bbox 191 4787 1801 4864">
     <span class='ocr_line' id='line_1_68' title="bbox 191 4787 1801 4864; baseline 0.001 -24"><span class='ocrx_word' id='word_1_506' title='bbox 191 4797 281 4841; x_wconf 73' lang='grc' dir='ltr'>τοῦ</span> <span class='ocrx_word' id='word_1_507' title='bbox 364 4788 713 4860; x_wconf 70' lang='grc' dir='ltr'>Εὐαγγελίου,</span> <span class='ocrx_word' id='word_1_508' title='bbox 786 4789 1113 4864; x_wconf 60' lang='grc' dir='ltr'>ἐνκεντρίσαι</span> <span class='ocrx_word' id='word_1_509' title='bbox 1192 4787 1255 4843; x_wconf 63' lang='grc' dir='ltr'><strong>δὲ</strong></span> <span class='ocrx_word' id='word_1_510' title='bbox 1334 4795 1454 4853; x_wconf 82' lang='grc' dir='ltr'>τοὺς</span> <span class='ocrx_word' id='word_1_511' title='bbox 1502 4790 1556 4854; x_wconf 76' lang='grc' dir='ltr'><strong>ἐξ</strong></span> <span class='ocrx_word' id='word_1_512' title='bbox 1622 4791 1801 4848; x_wconf 85' lang='grc' dir='ltr'>ἐθνῶν,</span> 
     </span>
    </p>
   </div>
   <div class='ocr_carea' id='block_1_68' title="bbox 193 4874 1813 4955">
    <p class='ocr_par' dir='ltr' id='par_1_68' title="bbox 193 4874 1813 4955">
     <span class='ocr_line' id='line_1_69' title="bbox 193 4874 1813 4955; baseline 0.001 -24"><span class='ocrx_word' id='word_1_513' title='bbox 193 4879 376 4941; x_wconf 72' lang='grc' dir='ltr'>Οὕτως</span> <span class='ocrx_word' id='word_1_514' title='bbox 433 4874 525 4931; x_wconf 79' lang='grc' dir='ltr'>οὖν</span> <span class='ocrx_word' id='word_1_515' title='bbox 585 4884 912 4942; x_wconf 81' lang='grc' dir='ltr'>κατασείσας</span> <span class='ocrx_word' id='word_1_516' title='bbox 964 4882 1132 4932; x_wconf 80' lang='grc' dir='ltr'>αὐτων</span> <span class='ocrx_word' id='word_1_517' title='bbox 1178 4883 1238 4932; x_wconf 90' lang='grc' dir='ltr'>τὸ</span> <span class='ocrx_word' id='word_1_518' title='bbox 1282 4885 1541 4955; x_wconf 78' lang='grc' dir='ltr'>φρόνημα,</span> <span class='ocrx_word' id='word_1_519' title='bbox 1592 4884 1683 4933; x_wconf 87' lang='grc' dir='ltr'>καὶ</span> <span class='ocrx_word' id='word_1_520' title='bbox 1716 4900 1813 4939; x_wconf 80' lang='grc' dir='ltr'>μα-</span> 
     </span>
    </p>
   </div>
   <div class='ocr_carea' id='block_1_69' title="bbox 192 4963 1815 5045">
    <p class='ocr_par' dir='ltr' id='par_1_69' title="bbox 192 4963 1815 5045">
     <span class='ocr_line' id='line_1_70' title="bbox 192 4963 1815 5045; baseline 0.002 -26"><span class='ocrx_word' id='word_1_521' title='bbox 192 4966 351 5032; x_wconf 68' lang='grc' dir='ltr'>λάξας</span> <span class='ocrx_word' id='word_1_522' title='bbox 392 4976 492 5032; x_wconf 83' lang='grc' dir='ltr'>τῆς</span> <span class='ocrx_word' id='word_1_523' title='bbox 519 4970 720 5021; x_wconf 82' lang='grc' dir='ltr'>τούτων</span> <span class='ocrx_word' id='word_1_524' title='bbox 774 4963 1005 5042; x_wconf 77' lang='grc' dir='ltr'>καρδίας</span> <span class='ocrx_word' id='word_1_525' title='bbox 1032 4971 1092 5021; x_wconf 80' lang='grc' dir='ltr'>τό</span> <span class='ocrx_word' id='word_1_526' title='bbox 1138 4967 1383 5045; x_wconf 82' lang='grc' dir='ltr'>σκληρὸν,</span> <span class='ocrx_word' id='word_1_527' title='bbox 1430 4977 1504 5041; x_wconf 81' lang='grc' dir='ltr'>τῷ</span> <span class='ocrx_word' id='word_1_528' title='bbox 1549 4968 1688 5042; x_wconf 75' lang='grc' dir='ltr'>φόϐῳ</span> <span class='ocrx_word' id='word_1_529' title='bbox 1717 4978 1815 5033; x_wconf 82' lang='grc' dir='ltr'>τῆς</span> 
     </span>
    </p>
   </div>
   <div class='ocr_carea' id='block_1_70' title="bbox 196 5054 1812 5133">
    <p class='ocr_par' dir='ltr' id='par_1_70' title="bbox 196 5054 1812 5133">
     <span class='ocr_line' id='line_1_71' title="bbox 196 5054 1812 5133; baseline 0.002 -24"><span class='ocrx_word' id='word_1_530' title='bbox 196 5054 499 5123; x_wconf 72' lang='grc' dir='ltr'>ἐκπτώσεως</span> <span class='ocrx_word' id='word_1_531' title='bbox 544 5065 640 5113; x_wconf 79' lang='grc' dir='ltr'>τοῦ</span> <span class='ocrx_word' id='word_1_532' title='bbox 681 5061 869 5132; x_wconf 70' lang='grc' dir='ltr'>γένους</span> <span class='ocrx_word' id='word_1_533' title='bbox 914 5056 1172 5132; x_wconf 77' lang='grc' dir='ltr'>’Δϐραὰμ,</span> <span class='ocrx_word' id='word_1_534' title='bbox 1220 5064 1311 5112; x_wconf 79' lang='grc' dir='ltr'>καὶ</span> <span class='ocrx_word' id='word_1_535' title='bbox 1360 5066 1423 5132; x_wconf 76' lang='grc' dir='ltr'>τῇ</span> <span class='ocrx_word' id='word_1_536' title='bbox 1475 5058 1689 5133; x_wconf 74' lang='grc' dir='ltr'>ἐκτομῇ,</span> <span class='ocrx_word' id='word_1_537' title='bbox 1720 5063 1812 5113; x_wconf 83' lang='grc' dir='ltr'>καὶ</span> 
     </span>
    </p>
   </div>
   <div class='ocr_carea' id='block_1_71' title="bbox 195 5146 1809 5223">
    <p class='ocr_par' dir='ltr' id='par_1_71' title="bbox 195 5146 1809 5223">
     <span class='ocr_line' id='line_1_72' title="bbox 195 5146 1809 5223; baseline -0.001 -20"><span class='ocrx_word' id='word_1_538' title='bbox 195 5156 261 5217; x_wconf 69' lang='grc' dir='ltr'>τῷ</span> <span class='ocrx_word' id='word_1_539' title='bbox 305 5154 452 5223; x_wconf 81' lang='grc' dir='ltr'>πυρὶ,</span> <span class='ocrx_word' id='word_1_540' title='bbox 483 5149 667 5203; x_wconf 83' lang='grc' dir='ltr'>λοιπὸν</span> <span class='ocrx_word' id='word_1_541' title='bbox 699 5148 910 5220; x_wconf 76' lang='grc' dir='ltr'>εἰσάγει</span> <span class='ocrx_word' id='word_1_542' title='bbox 947 5149 1035 5200; x_wconf 82' lang='grc' dir='ltr'>τὸν</span> <span class='ocrx_word' id='word_1_543' title='bbox 1085 5152 1202 5221; x_wconf 82' lang='grc' dir='ltr'>περὶ</span> <span class='ocrx_word' id='word_1_544' title='bbox 1231 5155 1321 5201; x_wconf 85' lang='grc' dir='ltr'>τοῦ</span> <span class='ocrx_word' id='word_1_545' title='bbox 1369 5146 1610 5223; x_wconf 77' lang='grc' dir='ltr'>Χριστοῦ</span> <span class='ocrx_word' id='word_1_546' title='bbox 1654 5146 1809 5221; x_wconf 71' lang='grc' dir='ltr'>λόγον</span> 
     </span>
    </p>
   </div>
   <div class='ocr_carea' id='block_1_72' title="bbox 201 5234 1818 5314">
    <p class='ocr_par' dir='ltr' id='par_1_72' title="bbox 201 5234 1818 5314">
     <span class='ocr_line' id='line_1_73' title="bbox 201 5234 1818 5314; baseline 0.001 -23"><span class='ocrx_word' id='word_1_547' title='bbox 201 5242 318 5309; x_wconf 72' lang='grc' dir='ltr'>μετὰ</span> <span class='ocrx_word' id='word_1_548' title='bbox 370 5240 560 5303; x_wconf 82' lang='grc' dir='ltr'>πολλῆς</span> <span class='ocrx_word' id='word_1_549' title='bbox 614 5248 717 5301; x_wconf 80' lang='grc' dir='ltr'>τῆς</span> <span class='ocrx_word' id='word_1_550' title='bbox 774 5240 1072 5313; x_wconf 77' lang='grc' dir='ltr'>ὑπεροχῆς,</span> <span class='ocrx_word' id='word_1_551' title='bbox 1132 5239 1215 5291; x_wconf 82' lang='grc' dir='ltr'>ἶνα</span> <span class='ocrx_word' id='word_1_552' title='bbox 1270 5240 1472 5311; x_wconf 71' lang='grc' dir='ltr'>φανέντι</span> <span class='ocrx_word' id='word_1_553' title='bbox 1534 5234 1818 5314; x_wconf 79' lang='grc' dir='ltr'>προσδρά-</span> 
     </span>
    </p>
   </div>
   <div class='ocr_carea' id='block_1_73' title="bbox 206 5333 541 5407">
    <p class='ocr_par' dir='ltr' id='par_1_73' title="bbox 206 5333 541 5407">
     <span class='ocr_line' id='line_1_74' title="bbox 206 5333 541 5407; baseline 0.024 -25"><span class='ocrx_word' id='word_1_554' title='bbox 206 5346 348 5399; x_wconf 65' lang='grc' dir='ltr'>μσιν</span> <span class='ocrx_word' id='word_1_555' title='bbox 371 5333 541 5407; x_wconf 68' lang='grc' dir='ltr'>αὐτῷ.</span> 
     </span>
    </p>
   </div>
   <div class='ocr_carea' id='block_1_74' title="bbox 1909 1854 2829 1926">
    <p class='ocr_par' dir='ltr' id='par_1_74' title="bbox 1909 1854 2829 1926">
     <span class='ocr_line' id='line_1_75' title="bbox 1909 1854 2829 1926; baseline 0.001 -17"><span class='ocrx_word' id='word_1_556' title='bbox 1909 1855 2185 1911; x_wconf 87' lang='lat' dir='ltr'><strong>suscitate</strong></span> <span class='ocrx_word' id='word_1_557' title='bbox 2214 1854 2369 1911; x_wconf 88' lang='lat' dir='ltr'><strong>ﬁlios</strong></span> <span class='ocrx_word' id='word_1_558' title='bbox 2400 1855 2513 1926; x_wconf 90' lang='lat' dir='ltr'><strong>ipsi</strong></span> <span class='ocrx_word' id='word_1_559' title='bbox 2553 1855 2829 1911; x_wconf 80' lang='lat' dir='ltr'><strong>Abrahae.</strong></span> 
     </span>
    </p>
   </div>
   <div class='ocr_carea' id='block_1_75' title="bbox 1983 1944 3571 2017">
    <p class='ocr_par' dir='ltr' id='par_1_75' title="bbox 1983 1944 3571 2017">
     <span class='ocr_line' id='line_1_76' title="bbox 1983 1944 3571 2017; baseline 0.002 -18"><span class='ocrx_word' id='word_1_560' title='bbox 1983 1944 2226 2010; x_wconf 86' lang='lat' dir='ltr'><strong>Quidam</strong></span> <span class='ocrx_word' id='word_1_561' title='bbox 2267 1949 2466 2000; x_wconf 89' lang='lat' dir='ltr'><strong>autem</strong></span> <span class='ocrx_word' id='word_1_562' title='bbox 2496 1944 2703 1999; x_wconf 83' lang='lat' dir='ltr'><strong>dicunt</strong></span> <span class='ocrx_word' id='word_1_563' title='bbox 2742 1959 2844 2000; x_wconf 90' lang='lat' dir='ltr'><strong>eos</strong></span> <span class='ocrx_word' id='word_1_564' title='bbox 2892 1944 2997 2017; x_wconf 89' lang='lat' dir='ltr'><strong>qui</strong></span> <span class='ocrx_word' id='word_1_565' title='bbox 3024 1960 3055 2001; x_wconf 91' lang='lat' dir='ltr'><strong>e</strong></span> <span class='ocrx_word' id='word_1_566' title='bbox 3108 1946 3388 2016; x_wconf 85' lang='lat' dir='ltr'><strong>gentibus</strong></span> <span class='ocrx_word' id='word_1_567' title='bbox 3448 1961 3571 2002; x_wconf 92' lang='lat' dir='ltr'><strong>cre-</strong></span> 
     </span>
    </p>
   </div>
   <div class='ocr_carea' id='block_1_76' title="bbox 1908 2032 3570 2105">
    <p class='ocr_par' dir='ltr' id='par_1_76' title="bbox 1908 2032 3570 2105">
     <span class='ocr_line' id='line_1_77' title="bbox 1908 2032 3570 2105; baseline 0.001 -15"><span class='ocrx_word' id='word_1_568' title='bbox 1908 2035 2207 2099; x_wconf 91' lang='lat' dir='ltr'><strong>diderunt,</strong></span> <span class='ocrx_word' id='word_1_569' title='bbox 2260 2032 2354 2087; x_wconf 88' lang='lat' dir='ltr'><strong>his</strong></span> <span class='ocrx_word' id='word_1_570' title='bbox 2411 2032 2599 2087; x_wconf 84' lang='lat' dir='ltr'><strong>verbis</strong></span> <span class='ocrx_word' id='word_1_571' title='bbox 2654 2033 2947 2088; x_wconf 89' lang='lat' dir='ltr'><strong>insinuari</strong></span> <span class='ocrx_word' id='word_1_572' title='bbox 2977 2050 2989 2089; x_wconf 89' lang='lat'><strong>:</strong></span> <span class='ocrx_word' id='word_1_573' title='bbox 3024 2034 3121 2105; x_wconf 87' lang='lat' dir='ltr'><strong>qui</strong></span> <span class='ocrx_word' id='word_1_574' title='bbox 3174 2035 3437 2105; x_wconf 91' lang='lat' dir='ltr'><strong>primum</strong></span> <span class='ocrx_word' id='word_1_575' title='bbox 3490 2035 3570 2091; x_wconf 89' lang='lat' dir='ltr'><strong>ad</strong></span> 
     </span>
    </p>
   </div>
   <div class='ocr_carea' id='block_1_77' title="bbox 1911 2122 3570 2196">
    <p class='ocr_par' dir='ltr' id='par_1_77' title="bbox 1911 2122 3570 2196">
     <span class='ocr_line' id='line_1_78' title="bbox 1911 2122 3570 2196; baseline -0.001 -16"><span class='ocrx_word' id='word_1_576' title='bbox 1911 2123 2207 2180; x_wconf 87' lang='lat' dir='ltr'><strong>veritatem</strong></span> <span class='ocrx_word' id='word_1_577' title='bbox 2233 2122 2513 2178; x_wconf 90' lang='lat' dir='ltr'><strong>obdurati</strong></span> <span class='ocrx_word' id='word_1_578' title='bbox 2545 2127 2601 2178; x_wconf 90' lang='lat' dir='ltr'><strong>et</strong></span> <span class='ocrx_word' id='word_1_579' title='bbox 2630 2122 2934 2188; x_wconf 86' lang='lat' dir='ltr'><strong>insensati,</strong></span> <span class='ocrx_word' id='word_1_580' title='bbox 2983 2129 3193 2196; x_wconf 89' lang='lat' dir='ltr'><strong>postea</strong></span> <span class='ocrx_word' id='word_1_581' title='bbox 3250 2140 3356 2196; x_wconf 92' lang='lat' dir='ltr'><strong>per</strong></span> <span class='ocrx_word' id='word_1_582' title='bbox 3398 2124 3570 2181; x_wconf 89' lang='lat' dir='ltr'><strong>ﬁdem</strong></span> 
     </span>
    </p>
   </div>
   <div class='ocr_carea' id='block_1_78' title="bbox 1909 2210 3572 2284">
    <p class='ocr_par' dir='ltr' id='par_1_78' title="bbox 1909 2210 3572 2284">
     <span class='ocr_line' id='line_1_79' title="bbox 1909 2210 3572 2284; baseline 0.001 -16"><span class='ocrx_word' id='word_1_583' title='bbox 1909 2213 1971 2268; x_wconf 93' lang='lat' dir='ltr'><strong>in</strong></span> <span class='ocrx_word' id='word_1_584' title='bbox 1997 2211 2149 2268; x_wconf 84' lang='lat' dir='ltr'><strong>ﬁlios</strong></span> <span class='ocrx_word' id='word_1_585' title='bbox 2194 2210 2463 2282; x_wconf 89' lang='lat' dir='ltr'><strong>adoptati</strong></span> <span class='ocrx_word' id='word_1_586' title='bbox 2521 2217 2679 2266; x_wconf 90' lang='lat' dir='ltr'><strong>sunt.</strong></span> <span class='ocrx_word' id='word_1_587' title='bbox 2737 2210 2852 2270; x_wconf 83' lang='lat' dir='ltr'><strong>Alii</strong></span> <span class='ocrx_word' id='word_1_588' title='bbox 2912 2227 3053 2268; x_wconf 88' lang='lat' dir='ltr'><strong>vero</strong></span> <span class='ocrx_word' id='word_1_589' title='bbox 3097 2212 3230 2268; x_wconf 89' lang='lat' dir='ltr'><strong>illos</strong></span> <span class='ocrx_word' id='word_1_590' title='bbox 3264 2213 3572 2284; x_wconf 89' lang='lat' dir='ltr'><strong>designari</strong></span> 
     </span>
    </p>
   </div>
   <div class='ocr_carea' id='block_1_79' title="bbox 1910 2299 3570 2373">
    <p class='ocr_par' dir='ltr' id='par_1_79' title="bbox 1910 2299 3570 2373">
     <span class='ocr_line' id='line_1_80' title="bbox 1910 2299 3570 2373; baseline 0.002 -18"><span class='ocrx_word' id='word_1_591' title='bbox 1910 2299 2137 2364; x_wconf 89' lang='lat' dir='ltr'><strong>dicunt,</strong></span> <span class='ocrx_word' id='word_1_592' title='bbox 2169 2299 2273 2371; x_wconf 90' lang='lat' dir='ltr'><strong>qui</strong></span> <span class='ocrx_word' id='word_1_593' title='bbox 2289 2302 2560 2370; x_wconf 86' lang='lat' dir='ltr'><strong>tempore</strong></span> <span class='ocrx_word' id='word_1_594' title='bbox 2589 2299 2890 2355; x_wconf 89' lang='lat' dir='ltr'><strong>Passionis</strong></span> <span class='ocrx_word' id='word_1_595' title='bbox 2922 2300 3136 2356; x_wconf 87' lang='lat' dir='ltr'><strong>Christi</strong></span> <span class='ocrx_word' id='word_1_596' title='bbox 3166 2301 3246 2356; x_wconf 94' lang='lat' dir='ltr'><strong>ob</strong></span> <span class='ocrx_word' id='word_1_597' title='bbox 3277 2307 3570 2373; x_wconf 88' lang='lat' dir='ltr'><strong>petrarum</strong></span> 
     </span>
    </p>
   </div>
   <div class='ocr_carea' id='block_1_80' title="bbox 1911 2386 3573 2460">
    <p class='ocr_par' dir='ltr' id='par_1_80' title="bbox 1911 2386 3573 2460">
     <span class='ocr_line' id='line_1_81' title="bbox 1911 2386 3573 2460; baseline 0.002 -17"><span class='ocrx_word' id='word_1_598' title='bbox 1911 2388 2261 2445; x_wconf 88' lang='lat' dir='ltr'><strong>scissionem</strong></span> <span class='ocrx_word' id='word_1_599' title='bbox 2288 2402 2394 2459; x_wconf 91' lang='lat' dir='ltr'><strong>per</strong></span> <span class='ocrx_word' id='word_1_600' title='bbox 2438 2386 2623 2443; x_wconf 90' lang='lat' dir='ltr'><strong>ﬁdem</strong></span> <span class='ocrx_word' id='word_1_601' title='bbox 2642 2387 2704 2443; x_wconf 93' lang='lat' dir='ltr'><strong>in</strong></span> <span class='ocrx_word' id='word_1_602' title='bbox 2752 2386 2911 2443; x_wconf 87' lang='lat' dir='ltr'><strong>ﬁlios</strong></span> <span class='ocrx_word' id='word_1_603' title='bbox 2971 2388 3241 2460; x_wconf 86' lang='lat' dir='ltr'><strong>adoptati</strong></span> <span class='ocrx_word' id='word_1_604' title='bbox 3272 2396 3412 2445; x_wconf 92' lang='lat' dir='ltr'><strong>sunt</strong></span> <span class='ocrx_word' id='word_1_605' title='bbox 3469 2395 3573 2458; x_wconf 87' lang='lat' dir='ltr'><strong>;et</strong></span> 
     </span>
    </p>
   </div>
   <div class='ocr_carea' id='block_1_81' title="bbox 1910 2474 3572 2549">
    <p class='ocr_par' dir='ltr' id='par_1_81' title="bbox 1910 2474 3572 2549">
     <span class='ocr_line' id='line_1_82' title="bbox 1910 2474 3572 2549; baseline 0 -16"><span class='ocrx_word' id='word_1_606' title='bbox 1910 2476 1971 2533; x_wconf 90' lang='lat' dir='ltr'><strong>hi</strong></span> <span class='ocrx_word' id='word_1_607' title='bbox 1998 2482 2202 2532; x_wconf 90' lang='lat' dir='ltr'><strong>autem</strong></span> <span class='ocrx_word' id='word_1_608' title='bbox 2246 2481 2300 2531; x_wconf 92' lang='lat' dir='ltr'><strong>et</strong></span> <span class='ocrx_word' id='word_1_609' title='bbox 2354 2474 2437 2531; x_wconf 84' lang='lat' dir='ltr'><strong>illi</strong></span> <span class='ocrx_word' id='word_1_610' title='bbox 2488 2474 2549 2530; x_wconf 91' lang='lat' dir='ltr'><strong>in</strong></span> <span class='ocrx_word' id='word_1_611' title='bbox 2595 2475 2851 2531; x_wconf 69' lang='lat' dir='ltr'><strong>Abrahae</strong></span> <span class='ocrx_word' id='word_1_612' title='bbox 2900 2476 3057 2531; x_wconf 88' lang='lat' dir='ltr'><strong>ﬁlios</strong></span> <span class='ocrx_word' id='word_1_613' title='bbox 3103 2478 3362 2549; x_wconf 89' lang='lat' dir='ltr'><strong>cooptati</strong></span> <span class='ocrx_word' id='word_1_614' title='bbox 3412 2484 3572 2545; x_wconf 91' lang='lat' dir='ltr'><strong>sunt,</strong></span> 
     </span>
    </p>
   </div>
   <div class='ocr_carea' id='block_1_82' title="bbox 1912 2564 3571 2640">
    <p class='ocr_par' dir='ltr' id='par_1_82' title="bbox 1912 2564 3571 2640">
     <span class='ocr_line' id='line_1_83' title="bbox 1912 2564 3571 2640; baseline 0.002 -19"><span class='ocrx_word' id='word_1_615' title='bbox 1912 2570 2115 2637; x_wconf 89' lang='lat' dir='ltr'><strong>utpote</strong></span> <span class='ocrx_word' id='word_1_616' title='bbox 2163 2581 2301 2620; x_wconf 91' lang='lat' dir='ltr'><strong>cum</strong></span> <span class='ocrx_word' id='word_1_617' title='bbox 2352 2564 2489 2637; x_wconf 89' lang='lat' dir='ltr'><strong>ipso</strong></span> <span class='ocrx_word' id='word_1_618' title='bbox 2533 2570 2770 2620; x_wconf 68' lang='lat' dir='ltr'><strong>aeternas</strong></span> <span class='ocrx_word' id='word_1_619' title='bbox 2822 2565 3186 2622; x_wconf 63' lang='lat' dir='ltr'><strong>hereditatis</strong></span> <span class='ocrx_word' id='word_1_620' title='bbox 3236 2567 3571 2640; x_wconf 84' lang='lat' dir='ltr'><strong>participes.</strong></span> 
     </span>
    </p>
   </div>
   <div class='ocr_carea' id='block_1_83' title="bbox 1914 2652 3572 2728">
    <p class='ocr_par' dir='ltr' id='par_1_83' title="bbox 1914 2652 3572 2728">
     <span class='ocr_line' id='line_1_84' title="bbox 1914 2652 3572 2728; baseline 0.001 -19"><span class='ocrx_word' id='word_1_621' title='bbox 1914 2653 2152 2726; x_wconf 86' lang='lat' dir='ltr'><strong>Proprie</strong></span> <span class='ocrx_word' id='word_1_622' title='bbox 2192 2654 2353 2709; x_wconf 90' lang='lat' dir='ltr'><strong>enim</strong></span> <span class='ocrx_word' id='word_1_623' title='bbox 2385 2653 2640 2709; x_wconf 84' lang='lat' dir='ltr'><strong>Abrahae</strong></span> <span class='ocrx_word' id='word_1_624' title='bbox 2668 2652 2774 2708; x_wconf 91' lang='lat' dir='ltr'><strong>ﬁlii</strong></span> <span class='ocrx_word' id='word_1_625' title='bbox 2816 2660 2978 2725; x_wconf 90' lang='lat' dir='ltr'><strong>sunt,</strong></span> <span class='ocrx_word' id='word_1_626' title='bbox 3008 2655 3116 2726; x_wconf 91' lang='lat' dir='ltr'><strong>qui</strong></span> <span class='ocrx_word' id='word_1_627' title='bbox 3164 2656 3412 2712; x_wconf 85' lang='lat' dir='ltr'><strong>virtutes</strong></span> <span class='ocrx_word' id='word_1_628' title='bbox 3442 2657 3572 2728; x_wconf 85' lang='lat' dir='ltr'><strong>ejus</strong></span> 
     </span>
    </p>
   </div>
   <div class='ocr_carea' id='block_1_84' title="bbox 1913 2742 3569 2814">
    <p class='ocr_par' dir='ltr' id='par_1_84' title="bbox 1913 2742 3569 2814">
     <span class='ocr_line' id='line_1_85' title="bbox 1913 2742 3569 2814; baseline 0.001 -15"><span class='ocrx_word' id='word_1_629' title='bbox 1913 2742 2243 2809; x_wconf 88' lang='lat' dir='ltr'><strong>imitantur,</strong></span> <span class='ocrx_word' id='word_1_630' title='bbox 2298 2759 2366 2798; x_wconf 89' lang='lat' dir='ltr'><strong>ac</strong></span> <span class='ocrx_word' id='word_1_631' title='bbox 2436 2749 2596 2799; x_wconf 86' lang='lat' dir='ltr'><strong>sorte</strong></span> <span class='ocrx_word' id='word_1_632' title='bbox 2653 2743 2845 2814; x_wconf 90' lang='lat' dir='ltr'><strong>ipsius</strong></span> <span class='ocrx_word' id='word_1_633' title='bbox 2900 2746 2960 2798; x_wconf 93' lang='lat' dir='ltr'><strong>in</strong></span> <span class='ocrx_word' id='word_1_634' title='bbox 3034 2758 3220 2813; x_wconf 89' lang='lat' dir='ltr'><strong>regno</strong></span> <span class='ocrx_word' id='word_1_635' title='bbox 3275 2744 3569 2801; x_wconf 79' lang='lat' dir='ltr'><strong>caelorum</strong></span> 
     </span>
    </p>
   </div>
   <div class='ocr_carea' id='block_1_85' title="bbox 1914 2830 3576 2905">
    <p class='ocr_par' dir='ltr' id='par_1_85' title="bbox 1914 2830 3576 2905">
     <span class='ocr_line' id='line_1_86' title="bbox 1914 2830 3576 2905; baseline 0.002 -19"><span class='ocrx_word' id='word_1_636' title='bbox 1914 2830 2081 2901; x_wconf 77' lang='lat' dir='ltr'><strong>digni</strong></span> <span class='ocrx_word' id='word_1_637' title='bbox 2110 2831 2422 2897; x_wconf 88' lang='lat' dir='ltr'><strong>habentur,</strong></span> <span class='ocrx_word' id='word_1_638' title='bbox 2456 2832 2580 2886; x_wconf 90' lang='lat' dir='ltr'><strong>sive</strong></span> <span class='ocrx_word' id='word_1_639' title='bbox 2605 2847 2679 2886; x_wconf 85' lang='lat' dir='ltr'><strong>ex</strong></span> <span class='ocrx_word' id='word_1_640' title='bbox 2716 2831 2939 2887; x_wconf 70' lang='lat' dir='ltr'><strong>Judaais</strong></span> <span class='ocrx_word' id='word_1_641' title='bbox 2965 2831 3101 2899; x_wconf 90' lang='lat' dir='ltr'><strong>sint,</strong></span> <span class='ocrx_word' id='word_1_642' title='bbox 3138 2833 3263 2889; x_wconf 89' lang='lat' dir='ltr'><strong>sive</strong></span> <span class='ocrx_word' id='word_1_643' title='bbox 3321 2849 3392 2889; x_wconf 83' lang='lat' dir='ltr'><strong>ex</strong></span> <span class='ocrx_word' id='word_1_644' title='bbox 3433 2850 3576 2905; x_wconf 89' lang='lat' dir='ltr'><strong>gen-</strong></span> 
     </span>
    </p>
   </div>
   <div class='ocr_carea' id='block_1_86' title="bbox 1914 2920 3573 2993">
    <p class='ocr_par' dir='ltr' id='par_1_86' title="bbox 1914 2920 3573 2993">
     <span class='ocr_line' id='line_1_87' title="bbox 1914 2920 3573 2993; baseline 0.001 -16"><span class='ocrx_word' id='word_1_645' title='bbox 1914 2922 2092 2977; x_wconf 86' lang='lat' dir='ltr'><strong>tibus.</strong></span> <span class='ocrx_word' id='word_1_646' title='bbox 2148 2923 2297 2977; x_wconf 89' lang='lat' dir='ltr'><strong>Nam</strong></span> <span class='ocrx_word' id='word_1_647' title='bbox 2343 2924 2513 2977; x_wconf 89' lang='lat' dir='ltr'><strong>tanto</strong></span> <span class='ocrx_word' id='word_1_648' title='bbox 2560 2923 2757 2991; x_wconf 89' lang='lat' dir='ltr'><strong>major</strong></span> <span class='ocrx_word' id='word_1_649' title='bbox 2828 2925 2918 2976; x_wconf 91' lang='lat' dir='ltr'><strong>est</strong></span> <span class='ocrx_word' id='word_1_650' title='bbox 2968 2920 3199 2978; x_wconf 88' lang='lat' dir='ltr'><strong>virtutis</strong></span> <span class='ocrx_word' id='word_1_651' title='bbox 3270 2923 3573 2993; x_wconf 85' lang='lat' dir='ltr'><strong>cognatio,</strong></span> 
     </span>
    </p>
   </div>
   <div class='ocr_carea' id='block_1_87' title="bbox 1915 3007 3572 3082">
    <p class='ocr_par' dir='ltr' id='par_1_87' title="bbox 1915 3007 3572 3082">
     <span class='ocr_line' id='line_1_88' title="bbox 1915 3007 3572 3082; baseline 0.001 -18"><span class='ocrx_word' id='word_1_652' title='bbox 1915 3025 2097 3082; x_wconf 91' lang='lat' dir='ltr'><strong>quam</strong></span> <span class='ocrx_word' id='word_1_653' title='bbox 2128 3008 2459 3080; x_wconf 87' lang='lat' dir='ltr'><strong>sanguinis,</strong></span> <span class='ocrx_word' id='word_1_654' title='bbox 2499 3014 2729 3081; x_wconf 91' lang='lat' dir='ltr'><strong>quanto</strong></span> <span class='ocrx_word' id='word_1_655' title='bbox 2757 3007 2966 3065; x_wconf 91' lang='lat' dir='ltr'><strong>anima</strong></span> <span class='ocrx_word' id='word_1_656' title='bbox 3008 3024 3258 3082; x_wconf 88' lang='lat' dir='ltr'><strong>corpore</strong></span> <span class='ocrx_word' id='word_1_657' title='bbox 3288 3015 3572 3082; x_wconf 77' lang='lat' dir='ltr'><strong>praestan-</strong></span> 
     </span>
    </p>
   </div>
   <div class='ocr_carea' id='block_1_88' title="bbox 1914 3100 2165 3157">
    <p class='ocr_par' dir='ltr' id='par_1_88' title="bbox 1914 3100 2165 3157">
     <span class='ocr_line' id='line_1_89' title="bbox 1914 3100 2165 3157; baseline -0.012 -1"><span class='ocrx_word' id='word_1_658' title='bbox 1914 3100 2030 3157; x_wconf 90' lang='lat' dir='ltr'><strong>tior</strong></span> <span class='ocrx_word' id='word_1_659' title='bbox 2060 3103 2165 3155; x_wconf 86' lang='lat' dir='ltr'><strong>est.</strong></span> 
     </span>
    </p>
   </div>
   <div class='ocr_carea' id='block_1_89' title="bbox 1985 3187 3570 3259">
    <p class='ocr_par' dir='ltr' id='par_1_89' title="bbox 1985 3187 3570 3259">
     <span class='ocr_line' id='line_1_90' title="bbox 1985 3187 3570 3259; baseline 0.001 -16"><span class='ocrx_word' id='word_1_660' title='bbox 1985 3190 2155 3246; x_wconf 87' lang='lat' dir='ltr'><strong>Vers.</strong></span> <span class='ocrx_word' id='word_1_661' title='bbox 2187 3189 2272 3244; x_wconf 90' lang='grc'><strong>10.</strong></span> <span class='ocrx_word' id='word_1_662' title='bbox 2312 3187 2448 3245; x_wconf 82' lang='lat' dir='ltr'><strong>Iam</strong></span> <span class='ocrx_word' id='word_1_663' title='bbox 2479 3217 2547 3229; x_wconf 71' lang='grc' dir='ltr'><strong>ο-</strong></span> <span class='ocrx_word' id='word_1_664' title='bbox 2575 3187 2637 3242; x_wconf 82' lang='lat' dir='ltr'><strong>in</strong></span> <span class='ocrx_word' id='word_1_665' title='bbox 2666 3188 2858 3257; x_wconf 75' lang='lat' dir='ltr'><strong>ignem</strong></span> <span class='ocrx_word' id='word_1_666' title='bbox 2886 3187 3167 3243; x_wconf 81' lang='lat' dir='ltr'><strong>mittitur.</strong></span> <span class='ocrx_word' id='word_1_667' title='bbox 3195 3190 3281 3259; x_wconf 79' lang='grc' dir='ltr'><strong>-Η-</strong></span> <span class='ocrx_word' id='word_1_668' title='bbox 3311 3188 3570 3256; x_wconf 90' lang='lat' dir='ltr'><strong>Securis,</strong></span> 
     </span>
    </p>
   </div>
   <div class='ocr_carea' id='block_1_90' title="bbox 1915 3277 3575 3350">
    <p class='ocr_par' dir='ltr' id='par_1_90' title="bbox 1915 3277 3575 3350">
     <span class='ocr_line' id='line_1_91' title="bbox 1915 3277 3575 3350; baseline 0 -15"><span class='ocrx_word' id='word_1_669' title='bbox 1915 3277 2259 3349; x_wconf 85' lang='lat' dir='ltr'><strong>evangelica</strong></span> <span class='ocrx_word' id='word_1_670' title='bbox 2284 3283 2372 3333; x_wconf 88' lang='lat' dir='ltr'><strong>est</strong></span> <span class='ocrx_word' id='word_1_671' title='bbox 2398 3278 2754 3350; x_wconf 88' lang='lat' dir='ltr'><strong>amputatio,</strong></span> <span class='ocrx_word' id='word_1_672' title='bbox 2784 3292 2918 3349; x_wconf 82' lang='lat' dir='ltr'><strong>quae</strong></span> <span class='ocrx_word' id='word_1_673' title='bbox 2950 3282 3224 3350; x_wconf 88' lang='lat' dir='ltr'><strong>amputat</strong></span> <span class='ocrx_word' id='word_1_674' title='bbox 3248 3278 3472 3334; x_wconf 88' lang='lat' dir='ltr'><strong>steriles</strong></span> <span class='ocrx_word' id='word_1_675' title='bbox 3496 3279 3575 3335; x_wconf 90' lang='lat' dir='ltr'><strong>ad</strong></span> 
     </span>
    </p>
   </div>
   <div class='ocr_carea' id='block_1_91' title="bbox 1914 3366 3577 3439">
    <p class='ocr_par' dir='ltr' id='par_1_91' title="bbox 1914 3366 3577 3439">
     <span class='ocr_line' id='line_1_92' title="bbox 1914 3366 3577 3439; baseline -0.001 -14"><span class='ocrx_word' id='word_1_676' title='bbox 1914 3369 2163 3425; x_wconf 88' lang='lat' dir='ltr'><strong>virtutes</strong></span> <span class='ocrx_word' id='word_1_677' title='bbox 2196 3367 2451 3424; x_wconf 88' lang='lat' dir='ltr'><strong>etﬁdem</strong></span> <span class='ocrx_word' id='word_1_678' title='bbox 2476 3367 2716 3423; x_wconf 69' lang='lat' dir='ltr'><strong>Iudaeos</strong></span> <span class='ocrx_word' id='word_1_679' title='bbox 2748 3366 2949 3437; x_wconf 88' lang='lat' dir='ltr'><strong>alege,</strong></span> <span class='ocrx_word' id='word_1_680' title='bbox 2980 3383 3089 3423; x_wconf 87' lang='lat' dir='ltr'><strong>nec</strong></span> <span class='ocrx_word' id='word_1_681' title='bbox 3115 3375 3314 3424; x_wconf 90' lang='lat' dir='ltr'><strong>tamen</strong></span> <span class='ocrx_word' id='word_1_682' title='bbox 3330 3384 3577 3439; x_wconf 87' lang='lat' dir='ltr'><strong>prorsus</strong></span> 
     </span>
    </p>
   </div>
   <div class='ocr_carea' id='block_1_92' title="bbox 1916 3456 3575 3527">
    <p class='ocr_par' dir='ltr' id='par_1_92' title="bbox 1916 3456 3575 3527">
     <span class='ocr_line' id='line_1_93' title="bbox 1916 3456 3575 3527; baseline 0.001 -13"><span class='ocrx_word' id='word_1_683' title='bbox 1916 3458 2194 3514; x_wconf 88' lang='lat' dir='ltr'><strong>eradicat.</strong></span> <span class='ocrx_word' id='word_1_684' title='bbox 2227 3457 2422 3513; x_wconf 82' lang='lat' dir='ltr'><strong>Radix</strong></span> <span class='ocrx_word' id='word_1_685' title='bbox 2462 3456 2620 3512; x_wconf 91' lang='lat' dir='ltr'><strong>enim</strong></span> <span class='ocrx_word' id='word_1_686' title='bbox 2637 3456 2876 3511; x_wconf 91' lang='lat' dir='ltr'><strong>illorum</strong></span> <span class='ocrx_word' id='word_1_687' title='bbox 2910 3456 3024 3527; x_wconf 85' lang='lat' dir='ltr'><strong>lex,</strong></span> <span class='ocrx_word' id='word_1_688' title='bbox 3054 3458 3149 3512; x_wconf 90' lang='lat' dir='ltr'><strong>cui</strong></span> <span class='ocrx_word' id='word_1_689' title='bbox 3174 3457 3411 3513; x_wconf 91' lang='lat' dir='ltr'><strong>illorum</strong></span> <span class='ocrx_word' id='word_1_690' title='bbox 3443 3457 3575 3515; x_wconf 91' lang='lat' dir='ltr'><strong>loco</strong></span> 
     </span>
    </p>
   </div>
   <div class='ocr_carea' id='block_1_93' title="bbox 1916 3546 3577 3603">
    <p class='ocr_par' dir='ltr' id='par_1_93' title="bbox 1916 3546 3577 3603">
     <span class='ocr_line' id='line_1_94' title="bbox 1916 3546 3577 3603; baseline 0.001 0"><span class='ocrx_word' id='word_1_691' title='bbox 1916 3547 2259 3603; x_wconf 89' lang='lat' dir='ltr'><strong>inseruntur</strong></span> <span class='ocrx_word' id='word_1_692' title='bbox 2283 3546 2612 3603; x_wconf 89' lang='lat' dir='ltr'><strong>credentes.</strong></span> <span class='ocrx_word' id='word_1_693' title='bbox 2660 3546 2915 3601; x_wconf 84' lang='lat' dir='ltr'><strong>Arbores</strong></span> <span class='ocrx_word' id='word_1_694' title='bbox 2963 3551 3164 3602; x_wconf 89' lang='lat' dir='ltr'><strong>autem</strong></span> <span class='ocrx_word' id='word_1_695' title='bbox 3201 3552 3342 3603; x_wconf 92' lang='lat' dir='ltr'><strong>sunt</strong></span> <span class='ocrx_word' id='word_1_696' title='bbox 3392 3548 3577 3603; x_wconf 90' lang='lat' dir='ltr'><strong>Israe-</strong></span> 
     </span>
    </p>
   </div>
   <div class='ocr_carea' id='block_1_94' title="bbox 1917 3636 2061 3694">
    <p class='ocr_par' dir='ltr' id='par_1_94' title="bbox 1917 3636 2061 3694">
     <span class='ocr_line' id='line_1_95' title="bbox 1917 3636 2061 3694; baseline 0.028 -4"><span class='ocrx_word' id='word_1_697' title='bbox 1917 3636 2061 3694; x_wconf 57' lang='lat' dir='ltr'><strong>litae.</strong></span> 
     </span>
    </p>
   </div>
   <div class='ocr_carea' id='block_1_95' title="bbox 1989 3723 3575 3796">
    <p class='ocr_par' dir='ltr' id='par_1_95' title="bbox 1989 3723 3575 3796">
     <span class='ocr_line' id='line_1_96' title="bbox 1989 3723 3575 3796; baseline 0.001 -16"><span class='ocrx_word' id='word_1_698' title='bbox 1989 3726 2137 3781; x_wconf 82' lang='lat' dir='ltr'><strong>Cum</strong></span> <span class='ocrx_word' id='word_1_699' title='bbox 2162 3723 2292 3795; x_wconf 90' lang='lat' dir='ltr'><strong>jam</strong></span> <span class='ocrx_word' id='word_1_700' title='bbox 2329 3740 2430 3780; x_wconf 91' lang='lat' dir='ltr'><strong>eos</strong></span> <span class='ocrx_word' id='word_1_701' title='bbox 2466 3726 2772 3781; x_wconf 89' lang='lat' dir='ltr'><strong>terruisset</strong></span> <span class='ocrx_word' id='word_1_702' title='bbox 2802 3724 3026 3791; x_wconf 90' lang='lat' dir='ltr'><strong>dicens,</strong></span> <span class='ocrx_word' id='word_1_703' title='bbox 3062 3725 3223 3796; x_wconf 87' lang='lat' dir='ltr'><strong>quod</strong></span> <span class='ocrx_word' id='word_1_704' title='bbox 3250 3724 3362 3780; x_wconf 91' lang='lat' dir='ltr'><strong>nisi</strong></span> <span class='ocrx_word' id='word_1_705' title='bbox 3411 3740 3575 3781; x_wconf 87' lang='lat' dir='ltr'><strong>eave-</strong></span> 
     </span>
    </p>
   </div>
   <div class='ocr_carea' id='block_1_96' title="bbox 1917 3813 3579 3884">
    <p class='ocr_par' dir='ltr' id='par_1_96' title="bbox 1917 3813 3579 3884">
     <span class='ocr_line' id='line_1_97' title="bbox 1917 3813 3579 3884; baseline 0.001 -15"><span class='ocrx_word' id='word_1_706' title='bbox 1917 3819 2062 3878; x_wconf 87' lang='lat' dir='ltr'><strong>rent,</strong></span> <span class='ocrx_word' id='word_1_707' title='bbox 2099 3829 2135 3869; x_wconf 91' lang='lat' dir='ltr'><strong>a</strong></span> <span class='ocrx_word' id='word_1_708' title='bbox 2161 3828 2378 3883; x_wconf 88' lang='lat' dir='ltr'><strong>genere</strong></span> <span class='ocrx_word' id='word_1_709' title='bbox 2414 3813 2721 3870; x_wconf 82' lang='lat' dir='ltr'><strong>Abraham</strong></span> <span class='ocrx_word' id='word_1_710' title='bbox 2766 3813 3125 3879; x_wconf 84' lang='lat' dir='ltr'><strong>exciderent,</strong></span> <span class='ocrx_word' id='word_1_711' title='bbox 3170 3819 3349 3884; x_wconf 88' lang='lat' dir='ltr'><strong>auget</strong></span> <span class='ocrx_word' id='word_1_712' title='bbox 3377 3814 3579 3870; x_wconf 88' lang='lat' dir='ltr'><strong>adhuc</strong></span> 
     </span>
    </p>
   </div>
   <div class='ocr_carea' id='block_1_97' title="bbox 1919 3902 3575 3976">
    <p class='ocr_par' dir='ltr' id='par_1_97' title="bbox 1919 3902 3575 3976">
     <span class='ocr_line' id='line_1_98' title="bbox 1919 3902 3575 3976; baseline 0 -17"><span class='ocrx_word' id='word_1_713' title='bbox 1919 3908 2166 3959; x_wconf 90' lang='lat' dir='ltr'><strong>metum.</strong></span> <span class='ocrx_word' id='word_1_714' title='bbox 2194 3906 2323 3960; x_wconf 85' lang='lat' dir='ltr'><strong>Non</strong></span> <span class='ocrx_word' id='word_1_715' title='bbox 2353 3902 2572 3968; x_wconf 91' lang='lat' dir='ltr'><strong>solum,</strong></span> <span class='ocrx_word' id='word_1_716' title='bbox 2606 3902 2823 3974; x_wconf 87' lang='lat' dir='ltr'><strong>inquit,</strong></span> <span class='ocrx_word' id='word_1_717' title='bbox 2851 3918 2885 3957; x_wconf 88' lang='lat' dir='ltr'><strong>a</strong></span> <span class='ocrx_word' id='word_1_718' title='bbox 2916 3902 3245 3973; x_wconf 88' lang='lat' dir='ltr'><strong>taligenere</strong></span> <span class='ocrx_word' id='word_1_719' title='bbox 3266 3904 3575 3976; x_wconf 85' lang='lat' dir='ltr'><strong>excidetis,</strong></span> 
     </span>
    </p>
   </div>
   <div class='ocr_carea' id='block_1_98' title="bbox 1917 3990 3579 4064">
    <p class='ocr_par' dir='ltr' id='par_1_98' title="bbox 1917 3990 3579 4064">
     <span class='ocr_line' id='line_1_99' title="bbox 1917 3990 3579 4064; baseline 0.001 -16"><span class='ocrx_word' id='word_1_720' title='bbox 1917 4007 2124 4048; x_wconf 90' lang='lat' dir='ltr'><strong>verum</strong></span> <span class='ocrx_word' id='word_1_721' title='bbox 2150 3992 2328 4048; x_wconf 90' lang='lat' dir='ltr'><strong>etiam</strong></span> <span class='ocrx_word' id='word_1_722' title='bbox 2360 3990 2789 4047; x_wconf 88' lang='lat' dir='ltr'><strong>irremediabili</strong></span> <span class='ocrx_word' id='word_1_723' title='bbox 2818 3993 3020 4061; x_wconf 90' lang='lat' dir='ltr'><strong>modo,</strong></span> <span class='ocrx_word' id='word_1_724' title='bbox 3049 3992 3219 4048; x_wconf 89' lang='lat' dir='ltr'><strong>citius</strong></span> <span class='ocrx_word' id='word_1_725' title='bbox 3237 4007 3274 4049; x_wconf 89' lang='lat' dir='ltr'><strong>a</strong></span> <span class='ocrx_word' id='word_1_726' title='bbox 3304 3992 3579 4064; x_wconf 66' lang='lat' dir='ltr'><strong>praesenti</strong></span> 
     </span>
    </p>
   </div>
   <div class='ocr_carea' id='block_1_99' title="bbox 1916 4080 3577 4151">
    <p class='ocr_par' dir='ltr' id='par_1_99' title="bbox 1916 4080 3577 4151">
     <span class='ocr_line' id='line_1_100' title="bbox 1916 4080 3577 4151; baseline 0 -14"><span class='ocrx_word' id='word_1_727' title='bbox 1916 4083 2035 4137; x_wconf 91' lang='lat' dir='ltr'><strong>vita</strong></span> <span class='ocrx_word' id='word_1_728' title='bbox 2065 4081 2263 4147; x_wconf 84' lang='lat' dir='ltr'><strong>excisi,</strong></span> <span class='ocrx_word' id='word_1_729' title='bbox 2299 4080 2476 4137; x_wconf 88' lang='lat' dir='ltr'><strong>etiam</strong></span> <span class='ocrx_word' id='word_1_730' title='bbox 2504 4080 2585 4136; x_wconf 91' lang='lat' dir='ltr'><strong>ibi</strong></span> <span class='ocrx_word' id='word_1_731' title='bbox 2616 4082 2677 4137; x_wconf 93' lang='lat' dir='ltr'><strong>in</strong></span> <span class='ocrx_word' id='word_1_732' title='bbox 2712 4080 2912 4137; x_wconf 90' lang='lat' dir='ltr'><strong>futuro</strong></span> <span class='ocrx_word' id='word_1_733' title='bbox 2943 4096 3191 4151; x_wconf 73' lang='lat' dir='ltr'><strong>poenam</strong></span> <span class='ocrx_word' id='word_1_734' title='bbox 3246 4081 3440 4137; x_wconf 87' lang='lat' dir='ltr'><strong>luetis.</strong></span> <span class='ocrx_word' id='word_1_735' title='bbox 3473 4083 3577 4137; x_wconf 90' lang='lat' dir='ltr'><strong>Se-</strong></span> 
     </span>
    </p>
   </div>
   <div class='ocr_carea' id='block_1_100' title="bbox 1918 4169 3576 4240">
    <p class='ocr_par' dir='ltr' id='par_1_100' title="bbox 1918 4169 3576 4240">
     <span class='ocr_line' id='line_1_101' title="bbox 1918 4169 3576 4240; baseline 0 -15"><span class='ocrx_word' id='word_1_736' title='bbox 1918 4170 2094 4225; x_wconf 88' lang='lat' dir='ltr'><strong>curim</strong></span> <span class='ocrx_word' id='word_1_737' title='bbox 2128 4170 2288 4227; x_wconf 90' lang='lat' dir='ltr'><strong>enim</strong></span> <span class='ocrx_word' id='word_1_738' title='bbox 2316 4169 2627 4240; x_wconf 88' lang='lat' dir='ltr'><strong>ﬁgurative</strong></span> <span class='ocrx_word' id='word_1_739' title='bbox 2676 4175 2925 4225; x_wconf 90' lang='lat' dir='ltr'><strong>mortem</strong></span> <span class='ocrx_word' id='word_1_740' title='bbox 2959 4169 3295 4240; x_wconf 88' lang='lat' dir='ltr'><strong>appellavit,</strong></span> <span class='ocrx_word' id='word_1_741' title='bbox 3329 4171 3576 4225; x_wconf 87' lang='lat' dir='ltr'><strong>arbores</strong></span> 
     </span>
    </p>
   </div>
   <div class='ocr_carea' id='block_1_101' title="bbox 1918 4258 3572 4330">
    <p class='ocr_par' dir='ltr' id='par_1_101' title="bbox 1918 4258 3572 4330">
     <span class='ocr_line' id='line_1_102' title="bbox 1918 4258 3572 4330; baseline -0.001 -14"><span class='ocrx_word' id='word_1_742' title='bbox 1918 4264 2119 4317; x_wconf 91' lang='lat' dir='ltr'><strong>autem</strong></span> <span class='ocrx_word' id='word_1_743' title='bbox 2140 4259 2437 4326; x_wconf 92' lang='lat' dir='ltr'><strong>homines,</strong></span> <span class='ocrx_word' id='word_1_744' title='bbox 2455 4259 2686 4316; x_wconf 90' lang='lat' dir='ltr'><strong>radices</strong></span> <span class='ocrx_word' id='word_1_745' title='bbox 2702 4274 2845 4315; x_wconf 90' lang='lat' dir='ltr'><strong>vero</strong></span> <span class='ocrx_word' id='word_1_746' title='bbox 2862 4258 3039 4315; x_wconf 90' lang='lat' dir='ltr'><strong>vitam</strong></span> <span class='ocrx_word' id='word_1_747' title='bbox 3059 4259 3350 4330; x_wconf 88' lang='lat' dir='ltr'><strong>ipsorum,</strong></span> <span class='ocrx_word' id='word_1_748' title='bbox 3367 4259 3572 4330; x_wconf 86' lang='lat' dir='ltr'><strong>ignem</strong></span> 
     </span>
    </p>
   </div>
   <div class='ocr_carea' id='block_1_102' title="bbox 1918 4348 2854 4419">
    <p class='ocr_par' dir='ltr' id='par_1_102' title="bbox 1918 4348 2854 4419">
     <span class='ocr_line' id='line_1_103' title="bbox 1918 4348 2854 4419; baseline -0.003 -14"><span class='ocrx_word' id='word_1_749' title='bbox 1918 4350 2100 4405; x_wconf 89' lang='lat' dir='ltr'><strong>etiam</strong></span> <span class='ocrx_word' id='word_1_750' title='bbox 2129 4348 2275 4404; x_wconf 82' lang='lat' dir='ltr'><strong>dixit</strong></span> <span class='ocrx_word' id='word_1_751' title='bbox 2312 4348 2504 4419; x_wconf 90' lang='lat' dir='ltr'><strong>ipsius</strong></span> <span class='ocrx_word' id='word_1_752' title='bbox 2536 4348 2854 4419; x_wconf 82' lang='lat' dir='ltr'><strong>gehennae.</strong></span> 
     </span>
    </p>
   </div>
   <div class='ocr_carea' id='block_1_103' title="bbox 1991 4435 3574 4508">
    <p class='ocr_par' dir='ltr' id='par_1_103' title="bbox 1991 4435 3574 4508">
     <span class='ocr_line' id='line_1_104' title="bbox 1991 4435 3574 4508; baseline 0.001 -16"><span class='ocrx_word' id='word_1_753' title='bbox 1991 4436 2238 4503; x_wconf 90' lang='lat' dir='ltr'><strong>Quidam</strong></span> <span class='ocrx_word' id='word_1_754' title='bbox 2260 4453 2400 4493; x_wconf 92' lang='lat' dir='ltr'><strong>vero</strong></span> <span class='ocrx_word' id='word_1_755' title='bbox 2420 4437 2686 4493; x_wconf 92' lang='lat' dir='ltr'><strong>radicem</strong></span> <span class='ocrx_word' id='word_1_756' title='bbox 2700 4437 3161 4508; x_wconf 87' lang='lat' dir='ltr'><strong>interpretantur</strong></span> <span class='ocrx_word' id='word_1_757' title='bbox 3175 4435 3374 4508; x_wconf 89' lang='lat' dir='ltr'><strong>ipsum</strong></span> <span class='ocrx_word' id='word_1_758' title='bbox 3389 4437 3574 4494; x_wconf 82' lang='lat' dir='ltr'><strong>Abra-</strong></span> 
     </span>
    </p>
   </div>
   <div class='ocr_carea' id='block_1_104' title="bbox 1918 4524 3579 4597">
    <p class='ocr_par' dir='ltr' id='par_1_104' title="bbox 1918 4524 3579 4597">
     <span class='ocr_line' id='line_1_105' title="bbox 1918 4524 3579 4597; baseline 0.001 -14"><span class='ocrx_word' id='word_1_759' title='bbox 1918 4528 2081 4593; x_wconf 89' lang='lat' dir='ltr'><strong>ham,</strong></span> <span class='ocrx_word' id='word_1_760' title='bbox 2110 4525 2357 4582; x_wconf 88' lang='lat' dir='ltr'><strong>arbores</strong></span> <span class='ocrx_word' id='word_1_761' title='bbox 2399 4530 2595 4581; x_wconf 88' lang='lat' dir='ltr'><strong>autem</strong></span> <span class='ocrx_word' id='word_1_762' title='bbox 2628 4526 2868 4581; x_wconf 73' lang='lat' dir='ltr'><strong>Iuda-os</strong></span> <span class='ocrx_word' id='word_1_763' title='bbox 2894 4524 3001 4597; x_wconf 93' lang='lat' dir='ltr'><strong>qui</strong></span> <span class='ocrx_word' id='word_1_764' title='bbox 3046 4525 3124 4581; x_wconf 89' lang='lat' dir='ltr'><strong>ab</strong></span> <span class='ocrx_word' id='word_1_765' title='bbox 3156 4525 3290 4596; x_wconf 90' lang='lat' dir='ltr'><strong>ipso</strong></span> <span class='ocrx_word' id='word_1_766' title='bbox 3323 4525 3579 4597; x_wconf 89' lang='lat' dir='ltr'><strong>pullula-</strong></span> 
     </span>
    </p>
   </div>
   <div class='ocr_carea' id='block_1_105' title="bbox 1917 4614 3571 4687">
    <p class='ocr_par' dir='ltr' id='par_1_105' title="bbox 1917 4614 3571 4687">
     <span class='ocr_line' id='line_1_106' title="bbox 1917 4614 3571 4687; baseline 0.001 -15"><span class='ocrx_word' id='word_1_767' title='bbox 1917 4620 2079 4685; x_wconf 90' lang='lat' dir='ltr'><strong>runt,</strong></span> <span class='ocrx_word' id='word_1_768' title='bbox 2102 4614 2357 4670; x_wconf 89' lang='lat' dir='ltr'><strong>securim</strong></span> <span class='ocrx_word' id='word_1_769' title='bbox 2388 4630 2631 4687; x_wconf 89' lang='lat' dir='ltr'><strong>quoque</strong></span> <span class='ocrx_word' id='word_1_770' title='bbox 2662 4614 2984 4679; x_wconf 90' lang='lat' dir='ltr'><strong>Christum,</strong></span> <span class='ocrx_word' id='word_1_771' title='bbox 3003 4615 3107 4687; x_wconf 90' lang='lat' dir='ltr'><strong>qui</strong></span> <span class='ocrx_word' id='word_1_772' title='bbox 3135 4614 3303 4685; x_wconf 91' lang='lat' dir='ltr'><strong>ipsos</strong></span> <span class='ocrx_word' id='word_1_773' title='bbox 3334 4616 3571 4687; x_wconf 87' lang='lat' dir='ltr'><strong>quidem</strong></span> 
     </span>
    </p>
   </div>
   <div class='ocr_carea' id='block_1_106' title="bbox 1920 4703 3582 4773">
    <p class='ocr_par' dir='ltr' id='par_1_106' title="bbox 1920 4703 3582 4773">
     <span class='ocr_line' id='line_1_107' title="bbox 1920 4703 3582 4773; baseline -0.002 -10"><span class='ocrx_word' id='word_1_774' title='bbox 1920 4704 2227 4763; x_wconf 84' lang='lat' dir='ltr'><strong>excisurus</strong></span> <span class='ocrx_word' id='word_1_775' title='bbox 2250 4709 2395 4770; x_wconf 90' lang='lat' dir='ltr'><strong>erat,</strong></span> <span class='ocrx_word' id='word_1_776' title='bbox 2420 4704 2678 4760; x_wconf 84' lang='lat' dir='ltr'><strong>fructum</strong></span> <span class='ocrx_word' id='word_1_777' title='bbox 2705 4704 2783 4760; x_wconf 89' lang='lat' dir='ltr'><strong>ad</strong></span> <span class='ocrx_word' id='word_1_778' title='bbox 2810 4703 3113 4773; x_wconf 89' lang='lat' dir='ltr'><strong>Evangelii</strong></span> <span class='ocrx_word' id='word_1_779' title='bbox 3133 4703 3313 4760; x_wconf 88' lang='lat' dir='ltr'><strong>ﬁdem</strong></span> <span class='ocrx_word' id='word_1_780' title='bbox 3350 4720 3471 4761; x_wconf 93' lang='lat' dir='ltr'><strong>non</strong></span> <span class='ocrx_word' id='word_1_781' title='bbox 3500 4705 3582 4760; x_wconf 81' lang='lat' dir='ltr'><strong>fe-</strong></span> 
     </span>
    </p>
   </div>
   <div class='ocr_carea' id='block_1_107' title="bbox 1918 4792 3577 4865">
    <p class='ocr_par' dir='ltr' id='par_1_107' title="bbox 1918 4792 3577 4865">
     <span class='ocr_line' id='line_1_108' title="bbox 1918 4792 3577 4865; baseline 0 -14"><span class='ocrx_word' id='word_1_782' title='bbox 1918 4799 2118 4852; x_wconf 84' lang='lat' dir='ltr'><strong>rentes</strong></span> <span class='ocrx_word' id='word_1_783' title='bbox 2147 4810 2159 4850; x_wconf 90' lang='lat'><strong>:</strong></span> <span class='ocrx_word' id='word_1_784' title='bbox 2194 4793 2528 4850; x_wconf 87' lang='lat' dir='ltr'><strong>inserturus</strong></span> <span class='ocrx_word' id='word_1_785' title='bbox 2557 4797 2752 4849; x_wconf 87' lang='lat' dir='ltr'><strong>autem</strong></span> <span class='ocrx_word' id='word_1_786' title='bbox 2774 4792 2927 4859; x_wconf 89' lang='lat' dir='ltr'><strong>illos,</strong></span> <span class='ocrx_word' id='word_1_787' title='bbox 2959 4793 3064 4865; x_wconf 92' lang='lat' dir='ltr'><strong>qui</strong></span> <span class='ocrx_word' id='word_1_788' title='bbox 3094 4807 3124 4848; x_wconf 91' lang='lat' dir='ltr'><strong>e</strong></span> <span class='ocrx_word' id='word_1_789' title='bbox 3145 4794 3420 4865; x_wconf 90' lang='lat' dir='ltr'><strong>gentibus</strong></span> <span class='ocrx_word' id='word_1_790' title='bbox 3446 4810 3577 4851; x_wconf 85' lang='lat' dir='ltr'><strong>cre-</strong></span> 
     </span>
    </p>
   </div>
   <div class='ocr_carea' id='block_1_108' title="bbox 1920 4881 3579 4955">
    <p class='ocr_par' dir='ltr' id='par_1_108' title="bbox 1920 4881 3579 4955">
     <span class='ocr_line' id='line_1_109' title="bbox 1920 4881 3579 4955; baseline 0 -15"><span class='ocrx_word' id='word_1_791' title='bbox 1920 4884 2150 4941; x_wconf 86' lang='lat' dir='ltr'><strong>derent.</strong></span> <span class='ocrx_word' id='word_1_792' title='bbox 2176 4883 2500 4955; x_wconf 82' lang='lat' dir='ltr'><strong>Postquam</strong></span> <span class='ocrx_word' id='word_1_793' title='bbox 2520 4897 2663 4953; x_wconf 90' lang='lat' dir='ltr'><strong>ergo</strong></span> <span class='ocrx_word' id='word_1_794' title='bbox 2692 4881 2919 4940; x_wconf 87' lang='lat' dir='ltr'><strong>fastum</strong></span> <span class='ocrx_word' id='word_1_795' title='bbox 2949 4881 3222 4954; x_wconf 91' lang='lat' dir='ltr'><strong>ipsorum</strong></span> <span class='ocrx_word' id='word_1_796' title='bbox 3254 4882 3475 4947; x_wconf 88' lang='lat' dir='ltr'><strong>terruit,</strong></span> <span class='ocrx_word' id='word_1_797' title='bbox 3507 4899 3579 4940; x_wconf 86' lang='lat' dir='ltr'><strong>ac</strong></span> 
     </span>
    </p>
   </div>
   <div class='ocr_carea' id='block_1_109' title="bbox 1922 4970 3578 5040">
    <p class='ocr_par' dir='ltr' id='par_1_109' title="bbox 1922 4970 3578 5040">
     <span class='ocr_line' id='line_1_110' title="bbox 1922 4970 3578 5040; baseline -0.001 -10"><span class='ocrx_word' id='word_1_798' title='bbox 1922 4973 2119 5030; x_wconf 89' lang='lat' dir='ltr'><strong>cordis</strong></span> <span class='ocrx_word' id='word_1_799' title='bbox 2145 4987 2353 5029; x_wconf 91' lang='lat' dir='ltr'><strong>eorum</strong></span> <span class='ocrx_word' id='word_1_800' title='bbox 2383 4970 2661 5028; x_wconf 90' lang='lat' dir='ltr'><strong>duritiem</strong></span> <span class='ocrx_word' id='word_1_801' title='bbox 2713 4971 2925 5027; x_wconf 91' lang='lat' dir='ltr'><strong>timore</strong></span> <span class='ocrx_word' id='word_1_802' title='bbox 2979 4970 3236 5027; x_wconf 88' lang='lat' dir='ltr'><strong>cadendi</strong></span> <span class='ocrx_word' id='word_1_803' title='bbox 3277 4987 3311 5026; x_wconf 88' lang='lat' dir='ltr'><strong>a</strong></span> <span class='ocrx_word' id='word_1_804' title='bbox 3359 4983 3578 5040; x_wconf 88' lang='lat' dir='ltr'><strong>genere</strong></span> 
     </span>
    </p>
   </div>
   <div class='ocr_carea' id='block_1_110' title="bbox 1921 5058 3583 5132">
    <p class='ocr_par' dir='ltr' id='par_1_110' title="bbox 1921 5058 3583 5132">
     <span class='ocr_line' id='line_1_111' title="bbox 1921 5058 3583 5132; baseline -0.001 -14"><span class='ocrx_word' id='word_1_805' title='bbox 1921 5061 2247 5127; x_wconf 73' lang='lat' dir='ltr'><strong>Abraham,</strong></span> <span class='ocrx_word' id='word_1_806' title='bbox 2306 5059 2607 5116; x_wconf 82' lang='lat' dir='ltr'><strong>excisione</strong></span> <span class='ocrx_word' id='word_1_807' title='bbox 2661 5075 2730 5115; x_wconf 88' lang='lat' dir='ltr'><strong>ac</strong></span> <span class='ocrx_word' id='word_1_808' title='bbox 2758 5059 2895 5131; x_wconf 90' lang='lat' dir='ltr'><strong>igne</strong></span> <span class='ocrx_word' id='word_1_809' title='bbox 2943 5058 3225 5115; x_wconf 85' lang='lat' dir='ltr'><strong>emollivit</strong></span> <span class='ocrx_word' id='word_1_810' title='bbox 3255 5075 3267 5113; x_wconf 94' lang='lat'>:</span> <span class='ocrx_word' id='word_1_811' title='bbox 3299 5059 3583 5132; x_wconf 82' lang='lat' dir='ltr'><strong>deinceps</strong></span> 
     </span>
    </p>
   </div>
   <div class='ocr_carea' id='block_1_111' title="bbox 1924 5146 3586 5220">
    <p class='ocr_par' dir='ltr' id='par_1_111' title="bbox 1924 5146 3586 5220">
     <span class='ocr_line' id='line_1_112' title="bbox 1924 5146 3586 5220; baseline -0.002 -12"><span class='ocrx_word' id='word_1_812' title='bbox 1924 5166 2265 5208; x_wconf 88' lang='lat' dir='ltr'><strong>sermonem</strong></span> <span class='ocrx_word' id='word_1_813' title='bbox 2286 5149 2361 5205; x_wconf 90' lang='lat' dir='ltr'><strong>de</strong></span> <span class='ocrx_word' id='word_1_814' title='bbox 2383 5147 2612 5206; x_wconf 82' lang='lat' dir='ltr'><strong>Christo</strong></span> <span class='ocrx_word' id='word_1_815' title='bbox 2638 5165 2768 5205; x_wconf 89' lang='lat' dir='ltr'><strong>cum</strong></span> <span class='ocrx_word' id='word_1_816' title='bbox 2792 5147 2979 5206; x_wconf 85' lang='lat' dir='ltr'><strong>multa</strong></span> <span class='ocrx_word' id='word_1_817' title='bbox 3008 5148 3292 5220; x_wconf 86' lang='lat' dir='ltr'><strong>dignitate</strong></span> <span class='ocrx_word' id='word_1_818' title='bbox 3323 5146 3586 5218; x_wconf 91' lang='lat' dir='ltr'><strong>inducit,</strong></span> 
     </span>
    </p>
   </div>
   <div class='ocr_carea' id='block_1_112' title="bbox 1924 5239 2890 5313">
    <p class='ocr_par' dir='ltr' id='par_1_112' title="bbox 1924 5239 2890 5313">
     <span class='ocr_line' id='line_1_113' title="bbox 1924 5239 2890 5313; baseline -0.003 -16"><span class='ocrx_word' id='word_1_819' title='bbox 1924 5246 1990 5297; x_wconf 92' lang='lat' dir='ltr'><strong>ut</strong></span> <span class='ocrx_word' id='word_1_820' title='bbox 2026 5239 2140 5313; x_wconf 89' lang='lat' dir='ltr'><strong>ipsi</strong></span> <span class='ocrx_word' id='word_1_821' title='bbox 2161 5239 2474 5313; x_wconf 90' lang='lat' dir='ltr'><strong>apparenti</strong></span> <span class='ocrx_word' id='word_1_822' title='bbox 2493 5241 2890 5297; x_wconf 88' lang='lat' dir='ltr'><strong>occurrerent.</strong></span> 
     </span>
    </p>
   </div>
   <div class='ocr_carea' id='block_1_113' title="bbox 1421 5427 2356 5507">
    <p class='ocr_par' dir='ltr' id='par_1_113' title="bbox 1421 5427 2356 5507">
     <span class='ocr_line' id='line_1_114' title="bbox 1421 5427 2356 5507; baseline -0.003 -6"><span class='ocrx_word' id='word_1_823' title='bbox 1421 5427 1648 5501; x_wconf 64' lang='lat' dir='ltr'><strong>Variae</strong></span> <span class='ocrx_word' id='word_1_824' title='bbox 1676 5430 2009 5507; x_wconf 86' lang='lat' dir='ltr'><strong>lectiones</strong></span> <span class='ocrx_word' id='word_1_825' title='bbox 2040 5442 2108 5501; x_wconf 89' lang='lat' dir='ltr'><strong>et</strong></span> <span class='ocrx_word' id='word_1_826' title='bbox 2152 5439 2356 5499; x_wconf 65' lang='lat' dir='ltr'><strong>notae.</strong></span> 
     </span>
    </p>
   </div>
   <div class='ocr_carea' id='block_1_114' title="bbox 176 5544 1814 5697">
    <p class='ocr_par' dir='ltr' id='par_1_114' title="bbox 176 5544 1814 5697">
     <span class='ocr_line' id='line_1_115' title="bbox 176 5544 1814 5697; baseline -0.005 -78"><span class='ocrx_word' id='word_1_827' title='bbox 176 5549 611 5697; x_wconf 54' lang='lat' dir='ltr'><strong>He(8tg)lnc1usa</strong></span> <span class='ocrx_word' id='word_1_828' title='bbox 633 5552 708 5613; x_wconf 86' lang='lat' dir='ltr'><strong>in</strong></span> <span class='ocrx_word' id='word_1_829' title='bbox 740 5560 959 5619; x_wconf 85' lang='lat' dir='ltr'><strong>marg.</strong></span> <span class='ocrx_word' id='word_1_830' title='bbox 986 5544 1168 5606; x_wconf 88' lang='lat' dir='ltr'><strong>habet</strong></span> <span class='ocrx_word' id='word_1_831' title='bbox 1192 5546 1261 5605; x_wconf 86' lang='lat' dir='ltr'><strong>A.</strong></span> <span class='ocrx_word' id='word_1_832' title='bbox 1288 5547 1513 5607; x_wconf 87' lang='lat' dir='ltr'><strong>Eadem</strong></span> <span class='ocrx_word' id='word_1_833' title='bbox 1524 5550 1814 5613; x_wconf 86' lang='lat' dir='ltr'><strong>omiserat</strong></span> 
     </span>
     <span class='ocr_line' id='line_1_116' title="bbox 235 5647 495 5697; baseline 0 -2"><span class='ocrx_word' id='word_1_834' title='bbox 235 5647 270 5695; x_wconf 75' lang='grc' dir='ltr'><strong>η</strong></span> <span class='ocrx_word' id='word_1_835' title='bbox 321 5650 495 5697; x_wconf 77' lang='lat' dir='ltr'><strong>mus.</strong></span> 
     </span>
    </p>
   </div>
   <div class='ocr_carea' id='block_1_115' title="bbox 235 5647 495 5697">
    <p class='ocr_par' dir='ltr' id='par_1_115' title="bbox 235 5647 495 5697">
     <span class='ocr_line' id='line_1_117' title="bbox 235 5647 495 5697; baseline 0 -2"><span class='ocrx_word' id='word_1_836' title='bbox 235 5647 495 5697; x_wconf 76' lang='lat' dir='ltr'><strong>menius.</strong></span> 
     </span>
    </p>
   </div>
   <div class='ocr_carea' id='block_1_116' title="bbox 2004 5545 2580 5624">
    <p class='ocr_par' dir='ltr' id='par_1_116' title="bbox 2004 5545 2580 5624">
     <span class='ocr_line' id='line_1_118' title="bbox 2004 5545 2580 5624; baseline -0.002 -17"><span class='ocrx_word' id='word_1_837' title='bbox 2004 5550 2117 5624; x_wconf 87' lang='grc'><strong>(81)</strong></span> <span class='ocrx_word' id='word_1_838' title='bbox 2143 5547 2224 5616; x_wconf 73' lang='grc' dir='ltr'>Δί,</span> <span class='ocrx_word' id='word_1_839' title='bbox 2256 5545 2475 5607; x_wconf 88' lang='lat' dir='ltr'><strong>omittit</strong></span> <span class='ocrx_word' id='word_1_840' title='bbox 2503 5548 2580 5606; x_wconf 74' lang='grc' dir='ltr'><strong>Α.</strong></span> 
     </span>
    </p>
   </div>
  </div>
