4098 6396
483 335 584 395 ιδτ
1822 300 2169 365 EUTHYMII
2207 286 2532 360 ZIGABENI
3751 282 3852 341 168

555 462 722 519 Vers.
757 460 843 513 ll.
876 456 998 525 Ego
1024 450 1244 523 quidem
1275 479 1342 487 --
1370 443 1599 514 Spiritu
1620 442 1843 496 sancto.
1874 437 1949 490 In
1974 432 2144 503 pwni-
2172 432 2219 485 Α

487 553 743 615 tentiam,
777 548 891 603 hoc
922 521 1303 610 esu—Propter
1327 529 1757 607 paenitentiam,
1788 526 1954 597 ipsos
1980 521 2143 578 enim

487 612 839 699 conﬁtentes
857 634 979 688 sive
1007 628 1423 700 resipiscentes
1452 616 1815 691 baptizabat,
1845 612 1991 685 quia
2039 626 2144 665 eos

488 728 808 804 poenitebat
848 742 862 791 ;
895 699 1144 790 eratque
1176 716 1290 771 tale
1319 711 1619 783 baptisma
1647 701 2012 778 pmnitentim
2044 699 2146 754 de-

489 790 857 876 monstratio.
888 812 1025 865 Post
1059 823 1120 862 se
1151 808 1353 860 autem
1406 804 1719 854 venturum
1750 792 1891 847 dicit
1918 790 2142 851 Jesum,

490 912 627 964 ante
648 920 829 978 quem
853 901 979 972 ipse
1004 898 1161 951 viam
1186 893 1267 948 illi
1283 886 1683 962 praeparabat,
1704 881 1972 937 clamans
2003 878 2147 934 :Pa-

490 1004 617 1053 rate
643 968 797 1049 v‘iam
816 968 1064 1049 Domini,
1100 987 1162 1038 ut
1180 995 1362 1051 supra
1389 973 1789 1032 narravimus.
1824 968 1973 1022 Dixit
1990 980 2145 1037 quo-

489 1100 609 1157 que
639 1081 935 1138 Christum
961 1090 1022 1130 se
1052 1072 1374 1131 fortiorem,
1424 1068 1631 1134 utpote
1675 1054 1971 1114 divinitati
2012 1052 2145 1108 uni-

491 1147 640 1230 tum.
682 1170 832 1224 Illud
884 1180 1065 1221 vero:
1113 1161 1233 1216 Non
1283 1172 1413 1213 sum
1470 1153 1704 1207 idoneus
1752 1147 2148 1206 caieeamenta

487 1267 758 1333 portare,
815 1252 1198 1312 excellentem
1238 1246 1386 1316 ejus,
1416 1242 1522 1314 qui
1578 1234 2020 1311 praedicabatur
2051 1247 2148 1286 ex-

492 1318 697 1422 primit
720 1318 1087 1417 dignitatem.
1138 1331 1536 1392 Tantumdem
1576 1325 1737 1383 enim
1766 1327 1856 1378 est
1885 1336 1955 1377 ac
1992 1320 2039 1374 si
2065 1318 2150 1374 di-

495 1416 649 1494 ceret
675 1453 687 1490 :
717 1416 918 1505 Neque
948 1431 1098 1485 inter
1142 1429 1431 1480 extremos
1472 1416 1663 1489 ipsius
1706 1426 1912 1467 servos
1941 1423 2152 1463 nume-

495 1526 617 1584 rari
664 1496 936 1595 possum,
986 1519 1230 1588 propter
1292 1503 1759 1577 magnitudinem
1813 1496 2149 1553 Divinitatis

495 1614 615 1688 ipsi
653 1583 831 1667 unita!
862 1625 876 1674 ;
908 1583 1226 1677 postremis
1258 1595 1547 1668 siquidem
1577 1590 1762 1646 servis
1801 1583 2152 1656 hujusmodi

497 1686 895 1759 commissum
927 1697 1013 1749 est
1042 1686 1412 1760 obsequium.

2320 428 2456 500 Ἐγὼ
2530 428 2618 498 μὲν
2686 455 2753 465 ——-
2829 423 3092 493 Πνεύματι
3165 417 3320 490 ἁγίῳ.
3397 414 3485 476 Εἰς
3558 414 3849 486 μετάνοιαν,

2255 517 2367 569 ἀντὶ
2414 523 2525 583 τοῦ,
2574 516 2669 567 Διά
2715 517 2807 570 τὴν
2852 530 3140 583 μετάνοιαν.
3186 504 3712 579 Ἐξομολογουμένους
3752 502 3851 575 γὰρ

2254 606 2463 671 αὐτοὺς,
2518 608 2678 655 εἷτουν
2736 608 3129 673 μετανοοῦντας,
3186 594 3449 658 ἐϐάπτιζε,
3513 589 3651 644 διότι
3709 609 3853 663 μετε-

2254 700 2471 751 νόησαν.
2529 695 2632 747 Καὶ
2698 688 2757 747 ἦν
2815 692 2873 740 τὸ
2930 695 3164 739 τοιοῦτον
3230 683 3512 757 βάπτισμα
3588 675 3855 740 ἀπόδειξις

2256 787 2545 855 μετανοίας.
2620 779 2820 831 Ὀπίσω
2883 774 2940 828 δὲ
3008 775 3167 827 αὐτοῦ
3228 772 3495 845 ἐρχόμενον
3566 769 3703 839 λέγει
3768 770 3853 817 τόν

2254 873 2477 939 Ἰησοῦν,
2532 870 2591 921 οὗ
2647 868 2936 939 ἔμπροσθεν
2996 864 3151 924 αὐτὸς
3202 858 3544 920 κατεσκεύαξε
3595 862 3688 914 τὴν
3733 851 3854 907 ὁδόν

2258 961 2417 1012 αὐτοῦ
2483 958 2619 1031 βοῶν
2662 973 2678 989 ’
2732 955 3073 1026 Ἑτοιμάσατε
3140 955 3234 1008 τὴν
3323 944 3447 999 ὀδόν
3500 949 3713 1019 Κυρίου,
3787 945 3857 1002 ὡς

2258 1048 2491 1120 ἀνωτέρω
2524 1045 2907 1116 ἐξηγησάμεθα.
2941 1041 3304 1113 Ἰσχυρότερον
3352 1032 3410 1088 δὲ
3442 1034 3595 1086 αὐτόν
3633 1036 3854 1104 εἴρηκεν,

2259 1141 2327 1198 ὡς
2369 1140 2622 1206 ἡνωμένον
2679 1137 2902 1189 θεότητι.
2955 1133 3024 1181 T6
3071 1125 3152 1197 δὲ,
3184 1126 3260 1178 Οὔ
3308 1124 3401 1177 οὐκ
3440 1123 3547 1194 εἰμί
3589 1124 3762 1181 ικανός
3794 1122 3859 1170 τὰ

2258 1222 2577 1295 ὑποδήματα
2667 1220 2954 1293 βαυτάσαι,
3050 1220 3137 1273 τὴν
3228 1210 3647 1285 ὑπερϐάλλουσαν
3745 1208 3857 1279 (8‘2)

2260 1315 2526 1385 ὑπεροχὴν
2584 1318 2674 1362 τοῦ
2720 1309 3114 1382 κηρυσσομένου
3167 1306 3483 1375 παρίστησι.
3544 1300 3693 1368 Λέγει
3734 1298 3859 1368 γὰρ,

2261 1394 2339 1465 ὅτι
2385 1398 2525 1452 Οὐδὲ
2568 1399 2638 1459 εἰς
2676 1401 2794 1457 τούς
2837 1394 3098 1467 ἐσχάτους
3151 1392 3310 1443 αὑτοῦ
3369 1385 3865 1455 δούλους-ταγῆναι

2263 1488 2513 1562 δύναμαι,
2575 1486 2667 1539 διὰ
2708 1489 2765 1537 τό
2819 1486 3031 1556 μέγεθος
3084 1490 3174 1541 τῆς
3230 1481 3492 1537 ἠνωπένης
3552 1475 3691 1545 αὐτῷ
3751 1475 3866 1525 θεό-

2260 1599 2409 1639 τητος
2444 1596 2454 1606 ·
2486 1584 2594 1638 τοῖς
2653 1578 2757 1648 γὰρ
2816 1573 3069 1644 ἐσχάτοις
3134 1569 3360 1627 οἰκέταις
3414 1564 3784 1635 ἐπιτέτραπται
3835 1562 3864 1618 ἡ

2262 1671 2437 1720 τοιαύτ
2450 1688 2479 1725 η
2514 1668 2778 1737 ὑπηρεσία
2791 1708 2802 1718 ,

574 1740 895 1758 manus“...
928 1740 1013 1749 η-
1045 1740 1268 1760 ---πη

569 1788 797 1861 Reliqui
826 1799 963 1840 vero
993 1775 1396 1848 Evangelistae,
1433 1768 1760 1838 Corrigiam
1807 1764 2155 1820 calceamen-

2336 1759 2403 1808 Οί
2451 1751 2510 1807 δὲ
2559 1753 2731 1805 λοιποὶ
2772 1748 3139 1821 εὐαγγελισταὶ
3183 1744 3342 1796 λῦσαι
3394 1741 3478 1794 τόν
3530 1740 3719 1812 ἱμάντα
3767 1745 3868 1789 τῶν

2276 1847 2287 1861 ρ
2382 1841 2403 1861 δ
2508 1845 2519 1857 ι
2729 1840 2838 1861 ’ᾼην
2910 1835 3048 1861 -Y---.
3133 1836 3195 1861 ἔα
3253 1830 3376 1861 -ἳ.,...
3425 1827 3582 1861 3.:‘lm.
3647 1829 3721 1861 Χ-.
3773 1830 3865 1861 νηὶ

499 1888 691 1938 torum
710 1849 848 1945 ‘ejus
879 1873 1102 1928 solvere
1130 1866 1407 1921 dixerunt
1434 1862 1480 1895 ⁵³
1524 1874 1539 1925 ;
1576 1863 1641 1912 ut
1670 1852 2054 1911 manifestum
2082 1849 2158 1904 sit

497 1974 815 2037 utrumque
844 1961 1087 2022 dixisse,
1137 1969 1298 2010 nunc
1348 1948 1581 2021 quidem
1635 1945 1770 2013 hoc,
1824 1956 1985 1998 nunc
2014 1953 2155 1993 vero

499 2055 667 2114 illud.
701 2027 910 2108 ﬁicens
940 2051 1163 2109 autem,
1201 2042 1334 2111 Ipse
1364 2054 1463 2095 vos
1492 2031 1800 2105 baptizabit
1833 2029 1897 2083 in
1935 2027 2155 2098 Spiritu

2264 1841 2623 1916 ὑποδημάτων
2681 1840 2839 1892 αὐτοῦ
2907 1835 3070 1905 εἶπον,
3130 1836 3196 1895 ὡς
3252 1830 3381 1884 εἶναι
3425 1827 3604 1895 δῆλον,
3646 1829 3725 1879 ὅτι
3773 1830 3869 1877 καὶ

2268 1934 2533 2007 ἀμφότερα
2586 1930 2611 1981 ὀ
2657 1928 2893 1987 Ἰωάννης
2952 1921 3078 1989 εἶπε,
3145 1929 3232 1972 νῦν
3299 1923 3387 1992 μὲν
3444 1925 3616 1985 τοῦτο,
3668 1924 3753 1965 νῦν
3813 1911 3871 1966 δὲ

2266 2022 2443 2075 ἐκεῖνο.
2513 2020 2668 2073 Εἰπὸν
2740 2014 2819 2082 δὲ,
2893 2016 2972 2066 ὅτι
3059 2011 3222 2070 Αὐτὸς
3294 2010 3424 2080 ὑμᾶς
3499 2005 3749 2078 βαπτίσει
3821 2006 3872 2055 ὲν

2269 2114 2528 2182 Πνεύματι
2584 2107 2737 2179 ἁγίῳ,
2797 2100 3029 2161 ἐδήλωσε
3095 2106 3183 2151 καὶ
3250 2102 3341 2154 τὴν
3400 2102 3490 2147 τοῦ
3549 2098 3869 2146 Δεσποτικοῦ

2270 2199 2634 2272 βαπτίσματος
2716 2195 2999 2267 ὑπεροχὴν,
3059 2193 3127 2240 T6
3187 2188 3276 2258 μὲν
3343 2183 3483 2255 ἐμόν,
3564 2185 3713 2252 φησὶ,
3771 2177 3872 2250 βά-

2268 2306 2476 2359 πτισμα
2516 2284 2724 2355 ἀποχην
2778 2281 3041 2353 ἁμαρτιῶν
3086 2275 3291 2347 ἐνεργεῖ,
3344 2275 3402 2323 τὸ
3454 2267 3512 2322 δὲ
3559 2270 3743 2320 τούτου
3786 2286 3853 2338 με

2269 2380 2427 2434 τοκὴν
2473 2375 2776 2444 Πνεύματος
2821 2369 2974 2439 ἀγίου
3022 2368 3252 2438 παρέκει.
3302 2360 3567 2419 Ματθαῖος
3622 2360 3710 2428 μὲν
3761 2351 3873 2419 οὖν,

2270 2471 2360 2517 καὶ
2407 2464 2639 2535 Μάρκος,
2691 2464 2782 2510 καὶ
2835 2458 3078 2515 Ἰωάννης
3130 2449 3289 2515 εἷπον,
3350 2450 3429 2500 ὅτι
3480 2446 3559 2499 Ἐν
3614 2447 3881 2515 Πνεύματι

2275 2555 2406 2624 ἁγίῳ
2442 2570 2452 2581 ·
2484 2556 2691 2608 Λουκᾶς
2722 2543 2802 2609 δὲ,
2848 2547 2927 2597 ὅτι
2967 2542 3047 2595 Ἐν
3088 2543 3349 2611 Πνεύματι
3396 2535 3525 2607 ἁγίῳ
3571 2539 3660 2585 καὶ
3702 2537 3877 2604 πυρί·

2273 2647 2364 2694 καὶ
2425 2638 2581 2699 δῆλον
2632 2636 2809 2701 πάλιν,
2869 2635 2946 2685 ὅτι
3009 2635 3097 2682 καὶ
3158 2636 3307 2680 τοῦτο
3365 2627 3569 2677 κάκεῖνο
3622 2625 3823 2694 εἴρηκεν
3857 2621 3882 2671 ὁ

2276 2733 2590 2797 Βαπτιστης,
2652 2725 2698 2777 ἐν
2776 2720 3048 2793 διαφόροις
3122 2723 3340 2789 καιροῖς.
3417 2712 3680 2785 Ἐμφαίνει
3734 2706 3792 2761 δε
3856 2710 3880 2759 ό

2275 2819 2423 2890 λόγος
2476 2816 2868 2889 προηγουμένως
2916 2814 3005 2881 μὲν
3063 2812 3150 2864 τὴν
3207 2812 3298 2856 τοῦ
3352 2803 3505 2873 ἁγίου
3561 2802 3879 2870 Πνεύματος,

2277 2908 2323 2959 ἐν
2352 2903 2481 2959 εἴδει
2523 2908 2748 2977 πυρίνων
2792 2900 3064 2971 γλωσσῶν,
3118 2898 3201 2945 ἐπὶ
3237 2895 3357 2952 τοὺς
3401 2887 3716 2946 ἀποστόλους
3747 2888 3885 2938 κάθ-

2278 2994 2399 3048 οδον
2434 2996 2761 3050 ’τηνικαῦτα
2815 2987 2912 3062 γάρ
2976 2988 3021 3037 ἐν
3078 2985 3335 3053 Πνεύματι
3400 2979 3533 3049 ἁγίω
3603 2980 3693 3027 καὶ
3748 2978 3885 3046 πυρὶ

2772 3081 2949 3129 ἔπειτα
3000 3071 3059 3125 δὲ
3124 3076 3212 3122 καὶ
3262 3072 3319 3121 τό
3384 3066 3719 3138 νομοθετηθεν
3777 3063 3882 3113 ὑπὸ

502 2151 724 2207 sancto,
766 2139 971 2212 palam
1010 2134 1141 2190 fecit
1198 2125 1486 2186 Dominici
1546 2118 1926 2193 baptismatis
1970 2114 2158 2186 digni-

505 2239 705 2292 tatem.
738 2206 950 2291 Meum,
973 2222 1184 2294 inquit,
1205 2216 1510 2289 baptisma
1534 2206 1953 2268 abstinentiam
1976 2221 2012 2261 a
2028 2219 2160 2273 pec-

505 2323 651 2379 catis
680 2320 960 2391 operatur
993 2329 1007 2378 ;
1040 2291 1190 2366 illius
1236 2320 1399 2373 vero,
1461 2300 1709 2373 Spiritus
1759 2294 1947 2352 sancti
1978 2291 2159 2365 parti-

506 2414 700 2483 cipem
724 2380 890 2463 iacit.
927 2400 1231 2457 Matthaeus
1263 2408 1429 2459 sane,
1459 2393 1684 2446 Marcus
1706 2390 1763 2442 et
1791 2386 2050 2439 Joannes
2076 2380 2161 2434 di-

508 2467 717 2557 xerunt
751 2514 763 2553 :
797 2493 868 2547 In
900 2487 1124 2560 Spiritu
1144 2480 1424 2540 sancto“.
1459 2478 1647 2531 Lucas
1700 2487 1841 2528 vero
1871 2488 1883 2525 :
1910 2470 1980 2523 In
2030 2467 2162 2536 Spi-

509 2589 631 2644 ritu
651 2589 851 2640 sancto
876 2586 929 2635 et
948 2556 1122 2647 igni55
1150 2590 1162 2638 ;
1188 2570 1346 2626 unde
1367 2580 1607 2623 rursum
1651 2560 2042 2617 manifestum
2072 2556 2162 2620 ﬁt,

511 2680 569 2732 et
594 2675 732 2735 hoc,
762 2676 819 2725 et
847 2666 990 2723 illud
1038 2661 1364 2733 Baptistam
1420 2653 1599 2710 variis
1656 2649 1875 2706 dixisse
1933 2650 2163 2717 tempo-

507 2765 693 2821 ribus.
718 2733 947 2816 ﬁNostris
968 2752 1216 2826 quidam
1245 2744 1576 2817 majoribus
1601 2740 1674 2811 (0)
1706 2738 1803 2793 hic
1840 2751 2034 2791 sermo
2067 2733 2167 2789 de-

513 2854 825 2913 monstrat,
862 2823 1107 2915 Spiritus
1137 2836 1327 2894 sancti
1350 2848 1530 2905 super
1561 2827 1867 2900 apostolos
1892 2826 1953 2880 in
1980 2823 2168 2893 igneis

512 2940 730 3013 linguis
759 2938 1138 2992 descensum.
1170 2926 1334 2982 Tunc
1368 2922 1528 2977 enim
1554 2919 1614 2973 in
1649 2916 1861 2989 Spiritu
1891 2918 2096 2969 sancto
2114 2915 2170 2966 et

514 3005 639 3101 igni
676 3021 953 3098 baptizati
1009 3023 1173 3075 sunt.
1250 3014 1457 3069 Postea
1490 3021 1630 3063 vero
1684 3005 1839 3059 idem
1886 3005 2170 3074 operatur

518 3084 903 3176 constitutum
936 3127 972 3166 a
1016 3106 1242 3163 Christo
1293 3099 1620 3171 baptisma.
1672 3094 1898 3149 Etenim
1955 3090 2164 3161 cuique

2281 3084 2674 3138 ἐϐαπτίσθησαν
2708 3098 2720 3110 ο

518 3148 903 3176 υυυδιιιυιυω
936 3148 972 3166 αι
1018 3148 1240 3163 υμιιυυν
1293 3148 1617 3171 ηνι-ν---ντν
1674 3148 1731 3149 ,
2070 3148 2089 3161 ⁸

514 3207 815 3281 baptizato
832 3198 1075 3258 advolat
1091 3192 1340 3266 Spiritus
1354 3194 1593 3245 sanctus
1611 3198 1737 3240 non
1756 3181 1954 3237 solum
1968 3179 2164 3251 ipsum

2282 3178 2514 3245 Χριστοῦ
2572 3167 2871 3241 βάπτισμα.
2928 3164 3037 3217 Καὶ
3087 3164 3187 3235 γάρ
3241 3160 3519 3230 ἐφίπταται
3566 3156 3721 3205 παντὶ
3781 3148 3888 3222 βα-

2383 3262 2428 3281 μκ
2488 3262 2504 3281 1
2544 3280 2547 3281 ν
2624 3263 2827 3281 n-.-.-.....
2871 3252 3012 3281 ἕνα...
3068 3248 3125 3281 ιμ’.
3161 3252 3309 3281 "Amm
3354 3243 3571 3281 ἣσυυὶῒην
3637 3239 3763 3281 ἇλλὰ
3796 3258 3887 3281 ναι

518 3239 596 3266 υςι
645 3239 815 3263 ιιιαιυ
832 3239 1338 3266 αυιννιυυυυι-ηοο---
1354 3239 1561 3245 -.ς---η
1614 3239 1620 3240 ,
1990 3239 2014 3251 ι

518 3239 926 3358 εδιξοῐίὃοαιιε,
958 3300 1167 3343 verum
1192 3281 1372 3337 etiam
1399 3273 1770 3333 invisibiliter
1802 3269 2013 3325 animae
2044 3267 2164 3338 ejus

2283 3262 2572 3331 πτιζομένῳ
2622 3263 2829 3327 Πνεῦμα
2868 3252 3033 3323 ἅγιον,
3067 3248 3125 3301 οὐ
3157 3252 3309 3320 μόνον
3354 3243 3592 3315 ἁγιάζον,
3637 3239 3765 3291 ἀλλά
3796 3258 3888 3289 και

2297 3354 2307 3358 ‘
2443 3357 2449 3358 ν
2541 3346 2551 3358 ⁷
2650 3347 2661 3358 ι
2821 3342 2925 3358 lnm
2972 3340 2983 3349 ‘
3060 3338 3204 3358 \v,,_
3300 3337 3381 3358 ,ιη
3439 3333 3590 3358 :_'._-..
3645 3337 3739 3358 -.2-
3787 3328 3886 3358 .l...,

1767 3359 2031 3420 idoneus,
2061 3355 2173 3409 hoc
2283 3354 2349 3412 ὡς
2390 3328 2491 3422 πυρ
2532 3346 2764 3420 ἀοράτως
2818 3342 2930 3413 (83)
2963 3338 3239 3391 ἀναλίσκον
3295 3337 3381 3386 τόν
3429 3333 3591 3407 ῥύπον
3644 3337 3739 3389 τῆς
3787 3328 3889 3397 ψυ-

2282 3448 2391 3511 χῆς
2439 3438 2618 3489 αὐτοῦ.
2677 3434 2788 3485 Οὐκ
2841 3431 2943 3503 εἰμί
2975 3425 3032 3481 δὲ
3080 3427 3264 3489 ἱκανός,
3323 3421 3437 3474 ἀντι
3488 3427 3598 3484 τοῦ,
3638 3416 3749 3470 Οὐκ
3782 3416 3892 3488 εἰμὶ

2283 3528 2424 3591 ἄξιος
2458 3544 2468 3555 ·
2504 3525 2637 3577 οὕτω
2666 3524 2767 3596 γὰρ
2796 3518 3017 3593 ἔγραψεν
3049 3518 3073 3568 ό
3117 3515 3375 3573 Ἰωάννης.

2354 3616 2543 3689 [Αὐτός
2618 3612 2733 3683 (84)
2810 3611 2945 3680 ὑμᾶς
3022 3604 3414 3679 βαπτίσειοτῇ
3468 3600 3734 3671 μεταφορᾷ
3798 3601 3894 3654 τῆς

2282 3686 2456 3769 λέξεως
2495 3706 2553 3755 τὸ
2587 3699 2802 3770 δαψιλὲς
2852 3706 2942 3756 τῆς
2981 3696 3202 3767 χάριτος
3247 3690 3478 3763 ἐμφαίνει
3509 3689 3534 3738 6
3567 3686 3892 3747 Βαπτιστὴς,

2282 3799 2373 3847 καὶ
2417 3801 2478 3865 τῇ
2528 3790 2837 3859 ἐπεξηγήσει
2890 3792 2980 3837 τοῦ
3009 3786 3172 3855 πυρός
3224 3778 3377 3832 πάλιν
3428 3780 3487 3828 τό
3540 3770 3765 3847 σφοδρόν
3802 3776 3896 3823 καὶ

588 3654 719 3722 Ipse
746 3663 841 3704 vos
875 3639 1220 3713 baptizabit.
1271 3636 1382 3690 Per
1417 3628 1824 3701 metaphoram
1870 3620 2170 3685 dictionis,

521 3712 721 3816 gratim
751 3712 1189 3793 abundantiam
1215 3723 1391 3781 refert
1418 3718 1702 3792 Baptista.
1732 3716 1800 3769 Et
1822 3712 1979 3785 ignis
2006 3726 2175 3782 repe—

522 3798 747 3890 iitione,
768 3821 970 3895 gratiae
998 3812 1374 3873 vehementia
1400 3825 1469 3866 ac
1490 3798 2174 3877 incomprehensibilitas

523 3917 986 3977 demonstratur.

595 4008 761 4063 Vers.
792 4002 879 4056 12.
897 4000 1081 4067 Cujus
1103 4025 1161 4034 —
1184 3985 1677 4058 inezstinguibili.
1708 3985 1789 4037 Ex
1816 3979 1907 4035 his
1935 3978 2176 4033 demon-

527 4101 686 4162 strat,
715 4090 881 4165 quod
906 4087 1088 4159 judex
1119 4082 1298 4137 etiam
1325 4079 1396 4133 sit
1421 4074 1604 4132 futuri
1632 4069 1855 4128 saeculi.
1883 4071 1947 4122 Et
1977 4082 2176 4123 aream

2283 3885 2567 3937 ἀκάθεκτον
2598 3887 2691 3939 τῆς
2722 3878 2941 3950 χάριτος
2974 3868 3317 3923 ἐνδείκνυται.

2358 3972 2435 4024 Οὗ
2481 4001 2550 4010 -
2595 3966 2851 4034 ἀσϐέστῳ.
2909 3960 2996 4015 Ἐκ
3065 3962 3260 4011 τούτων
3331 3958 3586 4027 παριστᾷ,
3661 3952 3739 4002 ὅτι
3805 3953 3900 4001 καὶ

2286 4065 2466 4137 κριτὴς
2511 4058 2651 4110 ἐστιν
2699 4054 2851 4114 οὗτος
2898 4052 3015 4123 (85)
3055 4056 3146 4101 τοῦ
3200 4045 3467 4119 μέλλοντος
3522 4041 3728 4100 αἰῶνος.
3792 4042 3901 4091 Καὶ

525 4152 771 4259 quidem
820 4182 993 4235 vocat
1030 4168 1427 4229 universalem
1486 4161 1648 4219 orbis
1700 4157 2043 4220 Ecclesiam,
2100 4152 2179 4209 ad

527 4243 712 4347 quam
734 4282 945 4326 omnes
971 4266 1314 4335 operatores
1334 4272 1370 4310 a
1389 4250 1607 4309 Domini
1631 4243 2009 4321 providentia
2033 4256 2177 4296 con-

525 4328 843 4419 ducuntur.
896 4328 1295 4408 Ven-tilabrum
1345 4343 1788 4409 autemjustum
1848 4333 1977 4404 ejus
2019 4328 2176 4401 judi-

528 4452 708 4513 cium,
738 4444 901 4519 quod
938 4458 1040 4498 eos
1067 4453 1231 4504 sane,
1270 4433 1372 4506 qui
1421 4428 1587 4487 omni
1643 4422 1967 4496 iniquitatis
2006 4423 2164 4475 ventc

532 4539 849 4576 οηίιοηιιιν,
915 4528 1087 4576 ηιυιςὶ
1123 4524 1460 4576 naleaceos.
1508 4514 1688 4573 tradit
1725 4511 1846 4576 igni
1891 4510 2164 4576 gehenna

2293 4422 2504 4470 δικαίαν
2560 4422 2719 4465 αυτοῦ
2773 4422 2969 4481 κρίσιν,
3020 4426 3137 4467 ητις
3188 4422 3309 4462 τους
3377 4422 3465 4472 μεν
3524 4422 3673 4451 παντι
3732 4422 3887 4467 ανεμο

2289 4516 2378 4566 τῆς
2453 4505 2709 4576 ἀμαρτὶας
2782 4497 3164 4573 ῥιπιζομένονς,
3232 4494 3296 4552 ὡς
3365 4483 3685 4561 ἀχυρώδεις,
3760 4479 3887 4534 ἐκδί

2690 4520 2709 4560 ς
2783 4514 3164 4560 ριπιςομενονς,
3232 4514 3296 4552 ως
3365 4514 3685 4560 αχυρωυιις,
3760 4514 3913 4534 νωι-

530 4510 851 4608 agitantur,
915 4528 1089 4603 quasi
1123 4524 1460 4599 paleaceos,
1508 4514 1688 4573 tradit
1725 4511 1846 4583 igni
1891 4510 2181 4580 gehennae

532 4598 997 4696 inexstinguibili
1031 4598 1205 4685 ;illos
1249 4626 1410 4673 vero,
1457 4607 1561 4678 qui
1614 4604 1898 4659 virtutum
1958 4598 2185 4654 habent

534 4689 902 4789 gravitatem,
933 4709 995 4764 in
1032 4703 1389 4779 apothecam
1446 4692 1773 4751 caelestium
1833 4689 2183 4744 tabernacu-

534 4807 732 4865 lorum
756 4798 997 4870 colligit.

2288 4151 2460 4204 ἅλωνα
2515 4150 2604 4220 μὶν
2658 4143 2900 4215 ὀνομάζει
2956 4144 3041 4197 τὴν
3102 4132 3375 4207 πάνδημον
3428 4130 3736 4187 Ἐκκλησίαν
3799 4136 3903 4187 τῆς

2288 4241 2608 4310 οἰκουμένης,
2665 4234 2737 4294 εἰς
2796 4230 2853 4288 ἢν
2902 4232 3088 4289 πάντες
3138 4228 3186 4277 οἰ
3228 4222 3599 4297 γεωργηθέντες
3645 4220 3743 4269 ὑπὸ
3804 4225 3905 4278 τῆς

2290 4333 2609 4385 Δεσποτικῆς
2678 4320 2962 4393 ἐπιμελείας
3024 4317 3334 4387 συνάγονται
3385 4329 3397 4341 ⁸
3444 4312 3605 4363 πτύον
3666 4303 3744 4371 δὲ,
3806 4310 3908 4363 τὴν

2293 4414 2504 4470 δικαίαν
2560 4413 2719 4465 αὑτοῦ
2773 4414 2969 4481 κρίσιν,
3020 4408 3137 4467 ἣτις
3188 4407 3309 4462 τοὺς
3377 4403 3465 4472 μὲν
3524 4400 3673 4451 παντὶ
3732 4394 3909 4467 ἀνέμῳ

2293 4592 2431 4648 ὃωσι
2459 4596 2587 4667 πυρὶ
2617 4570 2855 4657 ἀσϐέστῳ
2888 4594 2982 4647 τῆς
3033 4587 3233 4654 γεέννης
3281 4582 3402 4640 τοὺς
3434 4573 3491 4629 δὲ
3535 4573 3701 4647 βάρος
3751 4570 3911 4640 ἑγον-

2291 4704 2385 4746 τας
2430 4682 2540 4753 (86)
2595 4678 2780 4753 ἀρετῆς
2836 4673 3067 4743 συλλέγει
3099 4671 3172 4733 εἰς
3223 4673 3310 4727 τὴν
3369 4665 3639 4723 ἀποθήκην
3672 4668 3768 4714 τῶν
3819 4659 3913 4712 οὐ·

2293 4775 2480 4848 ρανίων
2511 4776 2712 4827 σκηνῶν
2726 4811 2738 4823 .

610 4985 656 5021 ⁸³
714 4983 894 5039 Marc.
942 4992 983 5043 1,
1013 4972 1253 5041 7;Luc.
1307 4981 1391 5035 ιιι,
1426 4963 1490 5020 16
1518 4980 1531 5032 ;
1563 4959 1734 5017 Joan.
1762 4960 1803 5022 i,
1853 4959 1949 5011 27.
1985 4953 2033 4989 δι
2084 4955 2164 5010 Ma

2304 4969 2343 5016 ι,
2371 4949 2403 5005 8
2446 4965 2459 5016 ;
2488 4949 2661 5004 Joan.
2691 4960 2733 5010 1,
2782 4942 2871 5000 33.
2904 4942 2950 4978 ⁵⁵
3001 4939 3146 4999 Luc.
3179 4953 3262 5003 ιιι,
3321 4935 3403 4991 16.
3453 4933 3499 4969 ⁵⁵
3528 4932 3697 4989 Joan.
3729 4946 3766 4994 ι,
3814 4930 3917 4984 27.

1756 5052 1980 5124 Variae
2003 5051 2328 5120 lectiones
2377 5056 2443 5115 et
2468 5053 2647 5113 notae
3470 5024 3471 5027 6

641 5198 731 5265 82)
768 5190 990 5264 Ἀρχὴν,
1014 5200 1123 5257 pro
1153 5182 1441 5253 ὑπεροχήν.
1483 5179 1547 5232 Α.

771 5264 1056 5340 ίΑοράτως,
1088 5253 1303 5332 omittit
1327 5260 1391 5306 A.
1412 5318 1547 5340 ΒΛ..

642 5257 733 5323 83')
771 5257 1056 5323 Ἀοβάτως,
1088 5257 1303 5311 omittit
1327 5260 1391 5306 A.

620 5272 707 5340 (83
772 5272 861 5317 "Aa
902 5272 1056 5321 ατως,
1088 5272 1303 5311 omiuu
1327 5272 1391 5306 Α.

620 5272 733 5409 (84g
771 5282 1006 5390 Inciusa
1023 5330 1085 5384 in
1113 5322 1383 5394 margine
1410 5318 1593 5376 habet
1619 5316 1666 5370 A
1700 5314 1957 5382 ;omittit
1992 5312 2052 5365 Β.

620 5462 705 5536 (a)
742 5452 952 5515 Vestris
968 5451 1190 5526 quidem
1207 5444 1551 5517 majoribus.
1570 5439 1793 5505 Redde,
1820 5435 2199 5495 Potissimum

552 5542 764 5596 autem.

625 5579 1095 5687 ξῶηὸρενατονεε.
1152 5594 1263 5651 Υπό
1316 5588 1393 5652 ad
1422 5602 1611 5669 γεωργ.
1688 5598 1811 5642 non
1864 5579 1945 5639 ad
2011 5597 2198 5654 συναγ,

2373 5162 2484 5233 (85)
2526 5159 2711 5225 Οὗτος,
2737 5155 2921 5233 abest
2949 5158 3015 5210 A.

2375 5228 2490 5306 (86')
2528 5239 2651 5315 Τῆς,
2680 5228 2849 5288 addit
2877 5229 2936 5284 Β.

2305 5428 2573 5487 refertur.
2593 5424 2682 5482 Ad
2706 5438 2891 5496 quam
2924 5435 3131 5477 omnes
3157 5413 3482 5496 (homines)
3513 5407 3749 5496 Domini
3768 5424 3932 5496 cura.

2307 5480 2804 5581 {{éiﬁgamagh,
2823 5498 3061 5581 segetes
3087 5480 3189 5547 aut
3216 5480 3663 5581 fructusjrul'ti.
3694 5485 3778 5538 Ita
3803 5480 3929 5540 Co-

2308 5560 2512 5632 i‘intliii
2539 5560 2965 5647 appel'lantur'l
2989 5567 3125 5627 Cor.
3150 5577 3235 5637 ui,
3266 5564 3320 5631 9,
3350 5564 3483 5617 Θεοῦ
3512 5560 3786 5637 γεώργιον.
