4098 6410
180 298 246 355 I69
1191 310 1551 369 COMMENT.
1595 312 1667 368 IN
1708 310 2151 370 MATTHEUM.
2192 343 2263 357 -
2306 313 2466 374 CAP.
2507 315 2603 372 III.

3498 323 3603 379 170

222 434 301 480 Νῦν
475 435 636 507 γὰρ,
696 439 781 498 ὡς
825 437 882 491 ἓν
934 438 1113 506 ἄλωνι,
1167 438 1407 512 άναμὶξό
1465 446 1610 501 σῖτος
1649 443 1828 492 καὶτὸ

2011 443 2175 497 Nunc
2198 440 2493 514 siquidem
2525 441 2584 497 in
2615 457 2755 500 area
2807 441 2985 500 mista
3042 446 3181 501 sunt
3227 445 3487 504 triticum
3546 451 3604 506 et

170 521 355 591 ἄχυρον·
418 528 561 576 τότε
626 522 730 594 δὲ,
772 528 951 588 πολλὴ
986 532 1132 582 ἔσται
1177 529 1291 601 (87)
1341 531 1369 588 ἠ
1427 525 1715 604 διάκρισις,
1748 530 1830 584 ὅτε

170 608 356 681 μεωειὸ
392 620 563 677 σῖτος
611 616 704 678 εἰς
759 623 867 677 τὴν
921 617 1192 677 ἀποθήκην
1246 620 1691 691 συγκομισθῆναι.
1742 619 1829 673 Ἐν

170 707 220 774 τῇ
259 706 402 776 χειρὶ
455 700 526 756 δὲ
586 706 786 759 αὐτοῦ
852 705 983 778 εἷπε,
1029 705 1121 761 διὰ
1149 711 1205 761 τὸ
1252 705 1378 761 εἶναι
1428 712 1711 783 πρόχειρον
1741 714 1830 762 καὶ

176 793 353 865 ἕτοιμον
408 794 487 855 εἰς
579 800 651 848 τὸ
721 794 1030 871 διακρῖναι.
1082 797 1218 870 Ὅρα
1303 794 1382 867 δὲ,
1440 800 1518 850 ὅτι
1572 802 1702 870 μετὰ
1770 802 1829 850 τὸ

182 880 448 955 βαπτίζειν
518 883 573 936 ἐν
638 891 929 960 ιἰνεύματι
977 886 1109 959 ἁγίῳ
1161 891 1249 939 καὶ
1296 892 1446 961 πυρὶ,
1496 884 1830 963 διακαθαίρει

184 977 264 1031 τήν
290 974 490 1047 ιιῖλωνα⁵
529 975 628 1028 ἵνα
652 981 733 1048 μὴ
766 980 904 1049 μετά
927 980 983 1029 τὸ
1018 975 1301 1049 βάπτισμά
1328 977 1665 1050 ῥᾳθυμήσης.

251 1069 377 1117 Τότε
418 1096 489 1105 -
543 1066 644 1117 ὑπ’
696 1066 894 1122 αὐτοῦ.
951 1069 1091 1119 Μετὰ
1128 1074 1227 1118 τῶν
1259 1061 1457 1118 δούλων
1484 1067 1510 1117 ό
1544 1070 1826 1126 Δεσπότης·

203 1154 297 1207 ἀλλ’
332 1154 521 1207 ἐκεῖνοι
570 1158 693 1225 μὲν,
733 1156 823 1207 ἵνα
872 1160 1258 1227 μετανοήσωσι,
1303 1153 1417 1225 (88)
1469 1160 1825 1228 παρεγίνοντο·

207 1246 350 1308 οὗτος
379 1241 459 1312 δὶ,
512 1247 605 1297 ἶνα
660 1240 968 1316 ἀναδειχθῇ
1027 1253 1098 1315 τῷ
1144 1243 1269 1314 λαῷ.
1306 1243 1457 1296 Οὕτω
1502 1245 1603 1319 γάρ
1649 1248 1739 1297 καὶ
1804 1245 1829 1295 ό

212 1336 446 1395 Ἰωάννης
478 1330 645 1404 εἶπεν,
680 1336 766 1386 ὅτι
786 1332 901 1387 Ἰνα
931 1334 1192 1406 φανερωθῇ
1219 1340 1290 1403 τῷ
1325 1333 1557 1409 Ἰσραὴλ.

282 1513 343 1566 Ὀ
402 1509 461 1565 δί
518 1512 773 1572 Ἰωάννης
821 1542 890 1551 -
945 1514 1075 1583 πρός
1114 1530 1197 1583 με.
1250 1508 1424 1582 ’Ἑγνω
1470 1514 1550 1572 τίς
1591 1507 1671 1574 ἦν,
1728 1512 1827 1563 ὑπὸ

211 1599 306 1657 :66
349 1602 673 1663 ἐνοικοῦντος
728 1600 870 1671 αὐτῷ
918 1601 1055 1652 θείου
1105 1602 1418 1672 Πνεύματος.
1472 1603 1608 1658 Φησὶ
1644 1601 1747 1675 γὰρ
1801 1602 1827 1652 ό

208 1692 599 1763 dar/charis;
666 1691 932 1758 Ἰωάννης,
992 1690 1073 1741 ὅτι
1122 1687 1296 1741 Βλέπει
1365 1690 1390 1740 6
1445 1687 1681 1749 Ἰωάννης
1738 1692 1825 1740 τόν

1939 529 2114 601 palea
2145 547 2158 597 ;
2184 535 2323 586 tunc
2354 536 2554 587 autem
2601 532 2849 589 omnino
2894 531 3324 601 discernentur,
3352 537 3602 609 quando

1941 619 2303 675 frumentum
2329 620 2389 675 in
2416 620 2774 692 apothecam
2796 621 3183 679 deferendum
3202 629 3312 679 est.
3333 626 3395 681 In
3413 641 3603 684 manu

1942 711 2141 764 autem
2168 725 2277 765 sua
2315 709 2478 772 dixit,
2511 725 2581 765 eo
2613 710 2778 782 quod
2803 715 3119 784 promptus
3149 728 3218 770 ac
3244 718 3491 786 paratus
3514 718 3604 772 est

1942 797 2019 854 ad
2050 798 2527 869 dijudicandum.
2570 799 2713 855 Vide
2742 804 2942 857 autem
2958 802 3124 874 quod
3151 807 3475 876 postquam
3498 804 3602 862 ba-

1941 888 2248 959 ptizaverit
2276 889 2336 943 in
2356 888 2572 959 Spiritu
2598 894 2825 957 sancto,
2855 896 3151 963 expurgat
3172 892 3370 950 adhuc
3392 909 3599 952 aream

1942 994 2135 1044 suam,
2164 994 2237 1034 ne
2266 984 2544 1050 suscepto
2572 979 2876 1051 baptismo
2910 985 3167 1053 torpeas.

2014 1068 2175 1125 Vers.
2206 1072 2294 1124 13.
2345 1069 2500 1124 Τιιηι·
2530 1100 2596 1110 -
2654 1074 2728 1125 ab
2761 1085 2844 1126 eo.
2881 1072 3028 1127 Cum
3055 1070 3241 1127 servis
3292 1073 3458 1129 venit
3486 1076 3595 1131 Do-

1941 1156 2142 1212 minus
2171 1174 2183 1211 :
2214 1157 2321 1212 sed
2350 1157 2430 1212 illi
2465 1156 2733 1229 quidem,
2766 1164 2832 1215 ut
2884 1160 3237 1231 poenitentiae
3291 1168 3459 1219 actus
3497 1164 3597 1220 de-

1941 1250 2339 1303 monstrarent
2366 1246 2449 1319 (d)
2482 1252 2875 1314 accesserunt,
2930 1248 3043 1321 ipsi
3075 1266 3219 1307 vero
3263 1255 3322 1309 ut
3367 1252 3595 1325 populo

1940 1334 2433 1391 manifestaretur.
2482 1335 2567 1391 Ita
2608 1337 2769 1392 enim
2822 1338 2966 1395 dixit
2993 1340 3277 1410 Joannes,
3318 1340 3484 1415 quod
3515 1342 3592 1415 (r)

1938 1430 2004 1480 ut
2030 1424 2515 1493 manifestaretur
2546 1426 2751 1483 lsraeli
2778 1428 2846 1481 ⁵⁷.

2009 1516 2168 1570 Vers.
2198 1515 2289 1571 14.
2319 1514 2563 1571 Joannes
2594 1521 2789 1573 autem
2810 1547 2878 1557 —
2900 1516 2974 1573 ad
2996 1532 3105 1574 me.
3138 1519 3428 1589 Cognovit
3449 1519 3590 1592 quis

1938 1608 2094 1659 esset
2114 1619 2219 1674 per
2240 1604 2679 1661 inhabitantem
2698 1605 2757 1661 in
2782 1620 2845 1661 se
2860 1606 3147 1677 Spiritum
3169 1612 3465 1665 sanctum.
3498 1609 3594 1666 Ait

1937 1692 2098 1746 enim
2126 1691 2389 1748 Joannes
2419 1693 2786 1763 evangelista
2816 1710 2827 1747 :
2888 1694 3054 1751 Videt
3078 1697 3335 1753 Joannes
3387 1698 3591 1754 Jesum

205 1783 429 1839 Ἰησοῦν
493 1779 777 1852 ἐρχόμενον
848 1782 973 1850 πρός
1020 1777 1194 1844 αὐτόν,
1269 1782 1358 1830 καὶ
1414 1776 1575 1849 λέγει’
1635 1773 1745 1831 Ἴδε
1800 1779 1826 1829 ό

1949 1780 2249 1837 venientem
2288 1782 2370 1837 ad
2397 1797 2473 1847 se,
2502 1788 2558 1838 et
2585 1783 2668 1838 ait
2705 1800 2717 1837 :
2748 1783 2897 1839 Ecce
2924 1784 3128 1855 Agnus
3151 1785 3277 1853 Dei,
3300 1785 3399 1857 qui
3430 1786 3592 1842 tollit

206 1872 411 1942 ’Δμνὸς
440 1874 528 1921 τοῦ
580 1874 740 1933 Θεοῦ,
774 1868 800 1919 6
831 1870 987 1940 αἴρων
1034 1870 1128 1925 τὴν
1180 1866 1437 1940 ἁμαρτίαν
1467 1874 1559 1918 τοῦ
1599 1870 1821 1939 κόσμου,

202 1964 306 2012 καὶ
331 1962 397 2011 τὰ
418 1959 501 2021 ἐξῆ
513 1979 552 2020 ς.
575 1964 686 2010 Νῦν
710 1952 769 2008 δὲ
790 1952 824 2008 δ
831 1955 1063 2027 iugulus»
1086 1955 1260 2024 αὑτὸν,
1280 1954 1460 2026 λέγων·
1485 1955 1619 2028 Ἐγὼ
1638 1960 1825 2029 χρείαν

197 2050 326 2121 ἰχω
368 2049 471 2102 ὑπὸ
512 2053 608 2099 σοῦ
654 2044 1035 2118 βαπτισθῆναι.
1066 2042 1220 2116 Ἐγώ,
1255 2045 1280 2095 6
1315 2045 1601 2106 ὑπεύθυνος
1649 2044 1824 2120 ἀμαρ-

193 2145 375 2207 τίαις,
424 2140 529 2189 ὑπὸ
585 2142 677 2187 τοῦ
729 2133 1119 2209 ἀναμαρτήτου,
1180 2135 1204 2184 6
1266 2131 1540 2206 βαπτίζων
1594 2132 1642 2186 ἓν
1683 2133 1822 2205 ψιλῷ

192 2226 401 2295 ὕδατι,
461 2227 564 2278 ὑπό
622 2231 713 2277 τοῦ
772 2222 1125 2296 βαπτίζοντος
1170 2221 1219 2274 ἓν
1265 2224 1526 2294 Πνεύματι
1561 2223 1694 2295 ἁγιῳ
1734 2227 1825 2275 καὶ

190 2323 365 2392 πυρὶ,
431 2317 457 2367 6
518 2312 727 2382 δοῦλος,
783 2314 883 2365 ὑπὸ
932 2319 1023 2364 τοῦ
1088 2316 1375 2381 Δεσπότου,
1435 2313 1460 2364 6
1527 2314 1821 2384 ἄνθρωπος,

190 2408 310 2459 61:6
348 2413 443 2457 τοῦ
478 2411 636 2457 Θεοῶ
679 2406 770 2455 καὶ
802 2405 867 2454 σὺ
910 2400 1088 2453 λοιπόν
1118 2399 1368 2454 ἀνάπαλιν
1398 2403 1533 2475 ἔρχῃ
1565 2406 1697 2477 πρός
1736 2420 1819 2473 με.

191 2498 271 2549 Οἱ
344 2498 436 2567 μὲν
494 2489 581 2545 οὖν
622 2491 764 2544 ἀλλοι
810 2489 921 2543 κατ’
973 2488 1227 2563 ἐρώτησιν
1271 2489 1694 2561 ἀναγινώσκουσι
1742 2494 1822 2555 τὸ,

192 2591 300 2639 καὶ
366 2587 434 2636 Σὺ
495 2584 631 2655 ἰρχη
686 2584 816 2655 πρός
872 2598 982 2653 pia;
1041 2581 1066 2631 6
1121 2579 1367 2651 Θεολόγος
1421 2576 1480 2633 δὲ
1542 2584 1827 2653 Γρηγόριος

194 2676 353 2728 κατὰ
406 2673 701 2744 ἀπόφασιν,
762 2672 832 2732 ὡς
896 2672 1369 2744 προφητεύσαντος,
1434 2668 1513 2722 ὃτι
1579 2669 1826 2723 Ἀκολουο

196 2767 405 2824 Θήσεις
452 2780 545 2835 μοι
592 2760 965 2833 ἀναιρουμένῳ,
1007 2763 1275 2812 τουτέστιν
1337 2759 1451 2831 (89)
1505 2757 1824 2833 ἀναιρεθήσῃ

193 2859 300 2905 καὶ
329 2856 421 2906 σύ.

278 2942 629 3013 ’Δποκριθεὶς
657 2970 727 2978 —-
755 2939 897 3011 ἄρτι,
951 2942 1355 3010 Ιιαραχὼρησον
1409 2942 1529 3009 τόγε
1556 2944 1644 2989 νῦν
1675 2940 1821 3009 ἕχον,

195 3035 275 3103 μὴ
340 3030 459 3101 (90)
502 3026 915 3103 προϐαλλόμενος
959 3027 1032 3087 εἰς
1076 3031 1398 3101 παραίτησιν
1447 3029 1512 3079 τά
1554 3034 1649 3087 τῆς
1704 3025 1828 3098 ἐμῆς

1932 1877 2173 1938 peccata
2204 1870 2478 1937 mundi-"'3,
2500 1875 2612 1927 etc.
2643 1874 2808 1927 Nunc
2833 1888 2974 1928 vero
3005 1873 3365 1944 prohibebat
3383 1875 3589 1946 ipsum

1932 1959 2139 2015 dicens
2167 1976 2179 2015 :
2212 1961 2364 2016 Mihi
2387 1976 2526 2030 Opus
2562 1965 2645 2017 est
2671 1961 2856 2017 utabs
2890 1970 2943 2017 te
2970 1962 3238 2033 baptizer.
3273 1965 3425 2034 Ergo
3455 1978 3588 2036 pec-

1933 2049 2078 2104 catis
2132 2049 2453 2116 obnoxius,
2483 2049 2559 2105 ab
2607 2066 2677 2106 eo
2698 2051 2804 2122 qui
2834 2066 3082 2122 peccare
3111 2066 3233 2107 non
3264 2056 3457 2123 potest
3485 2069 3498 2119 ;
3522 2052 3584 2108 in

1931 2136 2097 2193 nuda
2127 2153 2285 2209 aqua
2304 2138 2719 2209 baptizans,ab
2742 2155 2812 2194 eo
2844 2140 2946 2211 qui
2985 2140 3250 2211 baptizat
3271 2140 3331 2195 in
3365 2140 3585 2212 Spiritu

1934 2230 2144 2283 sancto
2176 2232 2231 2282 et
2256 2226 2377 2296 igni
2409 2242 2422 2293 ;
2457 2242 2665 2283 servus
2692 2228 2999 2285 aDomino
3042 2245 3057 2295 ;
3087 2228 3272 2286 homo
3303 2244 3340 2285 a
3361 2230 3501 2300 Deo,
3528 2232 3586 2285 et

1932 2319 1995 2372 tu
2025 2318 2224 2371 tamen
2255 2331 2286 2371 e
2337 2315 2574 2372 diverso
2626 2317 2792 2372 venis
2835 2317 2914 2373 ad
2970 2332 3067 2373 me
3095 2316 3125 2372 ?
3152 2318 3260 2374 Alii
3291 2318 3454 2375 enim
3485 2333 3587 2390 per

1932 2404 2459 2475 interrogationem
2474 2405 2678 2477 legunt
2701 2406 3029 2462 verbailla:
3056 2407 3146 2462 Tu
3178 2407 3336 2464 venis
3350 2409 3429 2465 ad
3452 2423 3544 2465 me
3560 2409 3588 2463 ?

1931 2492 2263 2562 Theologus
2314 2498 2515 2550 autem
2574 2493 2893 2564 Gregorius
2962 2511 3070 2568 per
3125 2495 3583 2554 afﬁrmationem

1933 2584 2105 2655 quasi
2136 2582 2545 2655 prophetantis
2577 2599 2647 2639 ac
2678 2583 2968 2640 dicentis:
3010 2586 3285 2658 Sequeris
3349 2602 3430 2642 me
3480 2587 3587 2660 qui

1934 2672 2188 2737 occidar,
2220 2671 2336 2728 hoc
2357 2676 2463 2739 est,
2488 2672 2775 2729 occideris
2802 2676 2859 2730 et
2886 2678 2974 2733 tu.

2007 2943 2168 2997 Vers.
2206 2946 2288 2997 t5.
2318 2942 2691 3013 ReSpondens
2718 2975 2776 2985 —
2804 2943 3003 2999 modo.
3036 2943 3247 2999 Desine
3274 2944 3457 3001 modo
3484 2945 3592 3001 im-

1935 3030 2362 3103 peccabilitatis
2396 3046 2465 3086 ac
2496 3031 2818 3087 divinitatis
2849 3048 2992 3087 meae
3021 3033 3356 3089 velamenta
3385 3033 3593 3090 obten-

195 3121 625 3194 ἀναμαρτησίας
670 3121 759 3169 καὶ
805 3118 1067 3176 θεότητος,
1119 3122 1226 3169 Νῦν
1275 3118 1377 3190 γὰρ
1418 3115 1511 3167 οὐκ
1559 3118 1670 3167 ἔστι
1700 3118 1827 3168 τού-

1949 3119 2076 3175 iere
2110 3135 2337 3191 ;neque
2360 3120 2520 3175 enim
2553 3124 2695 3175 sunt
2745 3121 2874 3175 haec
2900 3122 3215 3193 praesentis
3279 3124 3591 3194 temporis,

193 3231 307 3262 των
368 3213 576 3281 καιρός·
634 3204 742 3257 ἀλλ’
780 3205 1118 3278 οἰκονομικῶς
1164 3206 1263 3257 ὑπὸ
1320 3212 1415 3257 6'66
1471 3203 1822 3277 βαπτίζομαι.

194 3300 415 3372 “(tamen
472 3299 577 3369 γαρ
638 3292 731 3348 διὰ
784 3298 904 3355 τοὺς
953 3293 1249 3367 ἀνθρώπους
1290 3298 1479 3366 γέγονα
1532 3295 1824 3371 ἄνθρωπος,

198 3390 290 3439 ἱνα
332 3390 405 3447 ὡς
460 3387 733 3453 ἄνθρωπος
778 3382 1054 3436 καταϐαλῶ
1099 3386 1184 3435 τόν
1232 3382 1592 3435 καταϐα)όντα
1645 3383 1831 3444 αὐτοὺς

198 3472 486 3529 διάϐοὴν·
529 3473 665 3527 οὓτω
698 3468 753 3525 δί
783 3472 995 3539 αὐτοὺς,
1041 3474 1109 3533 ὡς
1138 3471 1310 3537 αὐτοὶ,
1353 3470 1703 3545 βαπτίζομαι,
1748 3473 1831 3525 ἵνα

194 3564 423 3635 ἑνθοὲψω
468 3570 580 3625 τοῖς
618 3559 781 3614 ὕδασι
834 3565 921 3613 τόν
959 3561 1121 3635 ῥύπον
1168 3569 1267 3613 τῶν
1299 3561 1581 3613 μελλόντων
1622 3560 1832 3634 ἀναγεν-

196 3656 442 3712 νηθῆναι
491 3649 561 3705 δι’
591 3647 785 3713 ὕδατος
815 3654 905 3703 καὶ
932 3653 1248 3722 Πνεύματος.
1280 3649 1423 3723 *Αμα
1455 3647 1513 3704 δὲ
1544 3656 1634 3703 καὶ
1664 3652 1830 3724 ἔτερόν

196 3763 251 3795 τι
308 3743 599 3815 οἰκονομῶ,
640 3743 698 3792 τὸ
747 3739 850 3793 ἀπὸ
902 3746 995 3791 τοῦ
1043 3737 1406 3812 βαπτίσματος
1446 3736 1831 3812 ἀναδειχθῆναί

196 3852 266 3904 με
290 3840 373 3902 τῷ
401 3831 537 3901 λαῷ.

278 3920 447 3973 Οὕτω
504 3949 574 3959 —
634 3914 997 3975 δικαιοσύνην.
1049 3917 1222 3978 Οὕτως
1274 3917 1493 3991 ἁρμόζει
1549 3939 1659 3991 μοι,
1700 3918 1831 3978 πλη-

197 4018 391 4081 ρῶσαι
462 4014 638 4060 πᾶσαν
708 4006 913 4063 ἐντολὴν
964 4010 1109 4059 Θεοῦ.
1177 4010 1519 4065 Δικαιοσύνην
1568 4010 1670 4081 γὰρ
1722 4016 1832 4079 νῦν,

198 4103 309 4157 τήν
363 4098 483 4170 (91)
532 4096 732 4154 ἐντολὴν
771 4103 864 4148 τοῦ
891 4103 1025 4148 Θεοῦ
1064 4094 1218 4167 λέγει’
1254 4098 1437 4159 Πάσας
1482 4099 1571 4157 τάς
1611 4096 1830 4163 ἐντολάς,

202 4193 408 4259 φησιν,
469 4186 828 4261 ἐξεπλήρωσα,
888 4184 1018 4247 ὃσας
1067 4187 1092 4236 ό
1148 4189 1301 4258 νόμος
1360 4184 1634 4239 ἒκεἏευσενο
1700 4186 1831 4245 αὕτη

204 4276 273 4330 δὲ
307 4282 447 4350 μόνη
504 4275 803 4347 ὑπελείφθη,
847 4276 875 4333 ἡ
927 4279 1047 4347 περὶ
1088 4281 1180 4327 τοῦ
1230 4274 1613 4348 βαπτισθῆναι·
1656 4275 1835 4329 λοιπόν

203 4367 305 4419 οὖν
396 4365 555 4419 Οὕτω
640 4368 821 4438 πρέπει
894 4384 982 4417 ιιοι
1042 4363 1321 4436 πληρῶσαι
1385 4370 1559 4418 πᾶσαν
1612 4365 1831 4436 ἐντολὴν,

206 4454 408 4527 {go/9w,
444 4454 560 4527 (92)
606 4449 697 4505 δια
745 4460 836 4506 τοῦ
868 4451 1227 4527 βαπτισθῆναι
1260 4454 1361 4522 ἶνα,
1394 4453 1499 4507 ἐπεὶ
1549 4456 1574 4507 ὁ
1614 4456 1839 4517 παλαιός

214 4542 393 4617 Αδὰμ
437 4548 535 4602 τὴν
590 4547 711 4615 μίαν
757 4542 962 4603 ὺτολὴν
1008 4542 1101 4595 οὐκ
1140 4542 1453 4617 ἐπλήρωσεν,
1499 4544 1597 4618 ἐγώ
1637 4545 1835 4612 λοιπόν,

282 4723 337 4759 ⁵⁷
370 4725 546 4781 Joan.
588 4736 631 4791 ι,
657 4726 743 4779 31.
823 4722 871 4760 ⁸⁸
911 4721 1062 4781 Ibid.
1087 4722 1177 4779 29.

1938 3209 2041 3264 sed
2064 3209 2505 3280 dispensatorio
2532 3209 2714 3265 modo
2738 3225 2773 3265 a
2798 3214 2850 3265 te
2874 3209 3161 3281 baptizor.
3188 3211 3593 3276 Quemadmo-

1937 3298 2084 3353 dum
2115 3297 2274 3353 enim
2315 3303 2557 3370 propter
2584 3298 2864 3354 homines
2895 3299 3077 3354 homo
3119 3299 3309 3355 factus
3341 3317 3496 3365 sum,
3532 3305 3597 3357 ut

1941 3391 2227 3459 tanquam
2256 3388 2438 3443 homo
2464 3387 2664 3444 fallam
2685 3389 2758 3461 (ε)
2781 3388 3091 3444 diabolum
3119 3389 3280 3460 ipsos
3298 3389 3596 3462 decipien-

1940 3481 2056 3531 tem
2093 3477 2213 3543 ;ita
2239 3482 2480 3548 propter
2505 3477 2689 3549 ipsos,
2745 3477 2895 3533 sicut
2939 3477 3053 3549 ipsi
3104 3478 3393 3550 baptizor,
3454 3479 3598 3534 utin

1942 3565 2115 3637 aquis
2133 3581 2339 3621 eorum
2365 3566 2570 3621 sordes
2594 3567 2900 3638 sepeliam,
2925 3567 3028 3638 qui
3054 3568 3445 3637 regenerandi
3463 3572 3611 3624 sunt-

1940 3670 2046 3727 per
2076 3670 2299 3726 aquam
2332 3660 2387 3710 et
2414 3654 2717 3726 spiritum.
2760 3656 2944 3712 Simul
2974 3660 3175 3711 autem
3235 3662 3291 3712 et
3341 3656 3449 3711 hoc
3481 3657 3601 3712 dis-

1942 3744 2280 3816 pensatorie
2310 3760 2443 3814 ago,
2479 3748 2545 3800 ut
2566 3744 2838 3801 videlicet
2857 3760 2963 3817 per
2978 3744 3350 3817 baptismum
3372 3744 3601 3818 populo

1942 3832 2335 3889 demonstrer.

2016 3924 2177 3977 Vers.
2211 3922 2295 3977 15.
2327 3922 2430 3978 Sic
2456 3954 2526 3962 ——
2553 3922 2878 3992 justitiam.
2912 3923 3004 3977 Sic
3035 3924 3310 3995 congruit
3348 3926 3411 3980 ut
3440 3937 3602 3980 com-

1944 4010 2143 4084 pleam
2192 4026 2371 4066 omne
2410 4011 2505 4067 Dei
2538 4016 2947 4084 praeceptum:
2987 4013 3083 4068 hic
3116 4013 3276 4069 enim
3312 4013 3604 4084 justitiam

1945 4106 2312 4172 prmceptum
2349 4101 2446 4155 Dei
2467 4100 2747 4173 appellat.
2770 4102 3002 4172 Omnia,
3029 4102 3240 4175 inquit,
3268 4118 3405 4174 quae
3424 4102 3609 4173 jussit

1943 4189 2038 4245 lex
2068 4189 2363 4261 complevi
2395 4195 2712 4262 preecepta.
2749 4190 2952 4246 Solum
2983 4205 3201 4262 nempe
3234 4191 3292 4245 id
3306 4190 3607 4261 reliquum

1948 4283 2053 4345 est,
2108 4285 2171 4335 ut
2194 4279 2476 4350 baptizer.
2528 4280 2637 4337 Sic
2691 4279 2887 4351 itaque
2936 4280 3113 4345 decet,
3172 4286 3235 4334 ut
3288 4280 3606 4349 compleam

1945 4384 2174 4425 omnem
2201 4369 2509 4437 iustitiam,
2528 4368 2801 4425 videlicet
2822 4384 2927 4440 per
2952 4366 3341 4440 baptismum,
3373 4372 3439 4422 ut
3459 4367 3606 4440 quia

1946 4462 2116 4513 vetus
2146 4457 2339 4513 Adam
2372 4457 2610 4512 unicum
2665 4472 2785 4512 non
2842 4456 3163 4528 complevit
3209 4460 3603 4529 praeceptum,

1948 4562 2058 4618 ego
2072 4547 2467 4603 novusAdam
2491 4562 2601 4619 pro
2627 4546 2757 4619 ipso
2780 4546 2985 4603 omnia
3006 4545 3397 4619 adimpleam,
3423 4544 3608 4601 illius-

1438 4848 1664 4920 Variae
1711 4849 2041 4920 lectiones
2094 4859 2161 4921 et
2193 4860 2395 4922 notae.

281 4993 401 5065 (87)
430 4989 617 5044 Ἔστιν
648 4992 705 5049 ἠ.
740 4996 795 5047 Β.

281 4994 377 5065 (87
430 4994 617 5044 Ἔστιν
648 4994 705 5049 ἦ.
740 4996 795 5047 Β.

280 4994 401 5139 (88)
443 5066 822 5139 Παρεγένρντο,
854 5068 918 5118 Α.

284 5132 399 5210 (89)
419 5132 542 5210 _Pr6
574 5132 884 5197 ἀκολουθεῖς
926 5137 984 5190 et
1012 5132 1219 5210 ᾂναιρῇ,
1249 5137 1415 5206 quod
1460 5151 1830 5210 repereram,

214 5208 365 5274 dedi,
408 5208 673 5267 ἀκολουθή
685 5225 797 5268 σεις
834 5208 1077 5280 αναιρεθή
1090 5208 1154 5279 ση
1171 5252 1183 5263 ,

282 5283 386 5354 (90)
414 5280 787 5354 Particulam
804 5278 1147 5350 negativam
1169 5282 1265 5351 μή,
1290 5294 1478 5352 quam
1499 5295 1715 5338 sensus
1732 5297 1834 5354 po-

216 5350 482 5422 stulabat,
522 5350 769 5411 addidi.

273 5429 346 5505 (ᾳ)
362 5420 592 5489 sz't.
611 5428 748 5505 act.
774 5420 1279 5505 demenstrai'ent.
1300 5424 1370 5479 Ut
1396 5423 1833 5496 resipiscerent,

205 5508 256 5563 ιιι
276 5492 467 5565 aliam
498 5499 799 5560 mentem
830 5492 1166 5550 induerent.

250 5580 322 5657 (r)
350 5588 453 5635 οτι
483 5576 558 5634 in
594 5565 898 5657 versione
940 5565 1337 5625 omittendum
1369 5571 1513 5636 erat,
1560 5582 1683 5625 non
1708 5569 1835 5626 red-

181 5642 437 5719 dendum
468 5642 688 5727 quod-

369 5722 679 5809 ΡΑτιιοιι.
735 5726 864 5787 Gn.
915 5722 1176 5791 CXXIX.

2016 4993 2128 5066 (91)
2164 4993 2566 5067 Chrysostom.
2631 4997 2668 5051 t.
2710 4993 2825 5052 vn.
2866 5010 2926 5067 p.
2980 4992 3109 5054 140.
3159 4996 3224 5052 Β.
3276 5000 3376 5056 Τὴν
3421 4994 3617 5059 ἐκπλη-

1943 5084 2106 5140 ρωσιν
2137 5074 2209 5140 τῶ
2240 5065 2472 5140 ξντολῷν.

2017 5138 2213 5209 (92)Ιη
2243 5138 2328 5192 his
2354 5137 2612 5207 offendo.
2652 5137 2951 5195 Particula
2978 5142 3138 5209 ἤγουν
3171 5137 3335 5209 enim
3383 5138 3604 5209 similia

1941 5206 2157 5283 jungit.
2186 5206 2504 5283 Dissimilia
2533 5214 2729 5283 autem
2767 5206 3045 5283 πληρῶσαι
3072 5214 3126 5266 et
3152 5206 3251 5283 diu}
3280 5208 3600 5283 fatigamu-

1949 5277 2159 5351 σθῆναι.
2204 5280 2468 5351 Conjicio
2530 5281 2724 5351 igitur,
2790 5277 2907 5337 levi
2958 5282 3300 5345 mutatione,
3353 5277 3447 5335 διὰ
3503 5291 3600 5337 σοῦ

1949 5350 2332 5425 βαπτισθῆναι.

1950 5423 1956 5425 ⁷
2019 5425 2090 5496 (s)
2126 5423 2475 5477 Καταϐά).λειν
2538 5439 2661 5480 non
2710 5428 2865 5480 recte
2909 5423 3213 5481 redditum
3245 5427 3333 5480 est
3374 5425 3608 5495 fallere,

1948 5495 2231 5564 decipere,
2267 5512 2619 5568 quanquam
2639 5496 2797 5568 prius
2826 5494 2959 5552 ferri
2988 5496 3197 5566 possit.
3262 5496 3614 5552 Rati-adamas

1952 5573 2046 5642 est
2066 5568 2303 5624 hostem
2342 5568 2416 5623 de
2440 5571 2604 5642 statu
2628 5568 2905 5642 dejicere,
2935 5568 3190 5625 vincere.
3233 5570 3388 5642 Ergo
3414 5576 3485 5626 ut
3515 5586 3615 5642 op-

1947 5640 2205 5712 primam
2245 5670 2314 5681 —
2343 5640 2448 5713 qui
2467 5640 2775 5711 oppressit.

3304 5734 3336 5795 ὃ
