4098 6382
564 376 666 432 171

1899 359 2234 418 EUTHYMII
2271 355 2603 414 ZIGABENI
3826 347 3922 401 472

565 515 684 573 que
723 497 1128 570 posteritatem
1167 492 1497 567 perficiam,
1537 492 1593 547 et
1622 505 1659 545 a
1715 487 2220 544 condemnatione

2334 486 2356 536 6
2397 487 2501 543 νέος
2542 477 2735 553 Ἀδὰμ,
2783 476 2888 529 ἀντ’
2934 475 3093 528 αὐτοῦ
3125 474 3387 549 πληρωσω
3436 473 3630 538 πάσας,
3680 476 3768 525 καὶ
3810 472 3921 524 ἁνα-

566 604 757 661 quam
793 586 889 643 ille
919 602 955 643 a
984 601 1045 642 se
1093 580 1597 640 descendentibus
1627 576 1943 647 distribuit,
1978 576 2109 631 illos
2158 574 2224 629 li-

564 677 791 743 berem,
837 675 944 748 qui
978 691 1074 731 me
1112 673 1528 729 imitabuntur.
1579 671 1940 738 Praeceptum
2020 670 2224 720 autem

567 771 693 823 erat
732 764 851 832 Dei,
916 768 971 821 et
1017 763 1354 835 baptismus
1397 758 1659 816 Joannis.
1718 755 1820 813 Ait
1854 754 2058 810 enim:
2122 752 2225 817 Qui

566 853 724 914 misit
742 868 833 912 me
858 854 940 911 ad
971 851 1385 923 baptizsmdum
1416 850 1480 904 in
1511 861 1665 918 aqua
1697 846 1766 911 ⁵⁸,
1798 850 1911 900 etc.

638 1104 803 1161 Vers.
843 1103 932 1159 16.
981 1104 1141 1159 Tunc
1186 1130 1255 1141 —
1299 1115 1479 1172 aqua.
1535 1098 1745 1153 Dicunt
1799 1092 2005 1165 aliqui,
2059 1089 2225 1162 quod

568 1206 1060 1266 unumquemque
1092 1190 1522 1263 baptizatorum
1563 1186 1611 1242 is
1650 1185 1755 1257 qui
1784 1180 2129 1253 baptizabat
2167 1178 2226 1232 in

568 1296 794 1353 aquam
821 1280 897 1337 ad
920 1280 1139 1335 collum
1168 1293 1357 1351 usque
1378 1276 1715 1332 immissum
1738 1269 2059 1334 detinebat,
2084 1282 2229 1339 quo-

567 1386 753 1441 usque
782 1373 1022 1441 peccata
1049 1384 1159 1424 sua
1190 1366 1498 1423 confessus
1530 1370 1702 1427 esset,
1738 1368 1793 1417 et
1822 1363 1956 1432 post
2006 1356 2228 1413 confes-

568 1458 801 1514 sionem
824 1458 889 1529 (ι)
914 1456 1274 1513 ascendebat
1291 1455 1363 1510 de
1377 1470 1556 1526 aqua.
1588 1451 1848 1506 Christus
1862 1452 2063 1503 autem
2088 1462 2225 1501 cum

565 1550 881 1618 peccatum
911 1562 1033 1601 non
1077 1544 1335 1608 haberet,
1370 1558 1491 1598 non
1523 1546 1610 1597 est
1636 1540 1903 1595 detentus
1930 1537 1987 1591 in
2021 1550 2178 1607 aqua
2211 1550 2221 1589 :

569 1638 626 1692 et
655 1634 899 1690 obhanc
918 1650 1162 1690 causam
1191 1630 1799 1701 aiuntevangelistam
1828 1623 2225 1696 dicere,quod

569 1723 768 1780 statim
800 1724 1072 1780 ascendit
1109 1723 1183 1777 de
1223 1737 1402 1793 aqua.

639 1810 801 1868 Vers.
846 1814 936 1867 16.
988 1813 1065 1867 Et
1112 1826 1237 1867 ecce
1267 1842 1335 1852 ——
1370 1807 1786 1878 complacitum
1841 1812 1941 1862 est.
2000 1801 2225 1859 Veteris
2257 1845 2298 1898 B

564 1900 758 1956 Adam
789 1900 1194 1956 inobedientia
1230 1898 1581 1971 paradisum
1612 1895 1787 1952 nobis
1815 1893 2047 1956 clausit,
2082 1892 2226 1949 novi

569 1993 771 2046 autem
796 1989 1134 2045 obedientia
1173 1988 1390 2043 ccelum
1422 1986 1593 2042 nobis
1646 1983 1895 2056 aperuit.
1944 1981 2225 2051 Majorem

570 2079 732 2134 enim
768 2079 1065 2134 bonorum
1097 2077 1438 2132 fruitionem
1463 2074 1638 2130 nobis
1670 2071 2003 2143 acquisivit,
2039 2085 2225 2141 quam

570 2166 745 2223 fuerit
772 2166 1046 2239 perditio.
1072 2169 1135 2221 Et
1173 2166 1300 2221 vide
1339 2180 1455 2236 quo
1482 2169 1657 2235 pacto
1707 2160 1967 2223 Christus
2000 2157 2224 2230 populo

570 2255 1017 2311 demonstratus
1062 2259 1151 2309 est
1192 2270 1202 2307 :
1258 2252 1413 2307 clare
1462 2250 1728 2307 videlicet
1759 2266 1823 2304 ac
1891 2246 2222 2303 manifeste.

570 2342 899 2414 Postquam
930 2342 1089 2398 enim
1115 2344 1362 2398 Joannes
1376 2340 1449 2395 de
1482 2340 1609 2411 ipso
1637 2338 1819 2393 turbis
1854 2336 2224 2409 praedixerat,

570 2446 641 2487 ac
672 2431 893 2487 sensim
926 2432 1003 2488 ad
1027 2431 1206 2501 hujus
1233 2430 1390 2485 dicta
1422 2430 1695 2484 animum
1725 2424 2132 2489 advertebant,
2165 2425 2228 2478 ut

570 2519 849 2576 viderunt
873 2521 1054 2576 etiam
1085 2520 1282 2591 ipsum
1313 2519 1487 2591 quasi
1519 2533 1704 2572 unum
1761 2515 1836 2570 de
1865 2512 2087 2586 populo
2124 2511 2229 2568 ba-

571 2608 1250 2679 ptizari,offendiculum
1297 2606 1457 2679 passi
1502 2610 1662 2663 sunt.
1712 2603 1779 2660 Et
1820 2602 2041 2659 idcirco
2096 2600 2228 2656 cceli

571 2697 817 2770 quidem
850 2698 1214 2769 aperiuntur,
1243 2695 1642 2759 ostendentes,
1670 2693 1831 2765 quod
1861 2691 2098 2763 abipsis
2128 2690 2228 2745 de-

572 2786 869 2841 scenderit
897 2785 1196 2850 columba,
1222 2788 1286 2840 ut
1310 2799 1489 2856 super
1519 2797 1881 2838 eumvocem
1913 2780 2225 2845 derivaret,

571 2891 646 2931 ne
700 2876 889 2945 ipsam
930 2875 1004 2931 de
1052 2876 1275 2931 Joanne
1324 2872 1623 2930 testiﬁcari
1675 2875 1975 2944 putarent.
2030 2872 2095 2925 Et
2147 2869 2228 2924 ita

572 2964 745 3019 Pater
785 2964 1193 3021 testimonium
1245 2962 1404 3019 dedit
1454 2962 1642 3029 Filio;
1691 2960 1942 3033 Spiritus
1984 2962 2226 3014 sanctus

570 3066 713 3108 vero
740 3068 921 3125 super
968 3068 1094 3108 eum
1150 3050 1480 3117 descendit,
1531 3050 1704 3122 quasi
1752 3048 1938 3118 digito
1990 3046 2227 3102 demon-

571 3144 768 3198 strans
795 3142 958 3197 hunc
988 3156 1133 3208 esse,
1157 3141 1232 3196 de
1264 3156 1385 3212 quo
1418 3140 1664 3195 ferretur
1691 3137 2112 3195 testimonium.
2161 3136 2227 3189 In

571 3231 767 3304 specie
793 3236 986 3287 autem
1013 3230 1328 3286 columbae.
1363 3229 1485 3284 Hoc
1511 3228 1669 3283 enim
1692 3226 1915 3283 animal
1935 3226 1996 3281 in
2023 3225 2226 3280 multis
2261 3207 2300 3261 Ο

570 3319 859 3393 Spiritum
883 3319 1456 3376 sanctumimitatur.
1492 3317 1797 3389 Siquidem
1823 3315 2057 3372 homini
2081 3312 2226 3370 ami-

571 3426 710 3466 cum
737 3414 846 3478 est,
870 3425 980 3465 nec
1010 3408 1180 3465 facile
1207 3408 1463 3464 irritatur
1479 3408 1553 3463 ad
1570 3408 1744 3471 iram,
1780 3406 1957 3478 pullis
1983 3419 2225 3477 quoque

569 3499 873 3572 privatum
899 3499 1183 3571 patienter
1214 3498 1487 3561 sustinet,
1523 3512 1717 3568 neque
1769 3494 1966 3551 minus
1992 3494 2071 3551 ad
2120 3508 2223 3548 eos

570 3588 673 3661 qui
697 3603 759 3645 se
784 3589 1179 3660 privaverunt,
1219 3586 1445 3643 accedit
1484 3586 1988 3655 ;mundissimum
2047 3583 2224 3640 etiam

570 3681 676 3743 est,
706 3682 763 3735 et
786 3678 948 3734 bono
973 3677 1191 3748 gaudet
1218 3676 1423 3733 odore.

644 3856 829 3927 Hujus
854 3872 1088 3929 quoque
1106 3854 1401 3912 columbae
1419 3854 1613 3925 ﬁgura
1639 3858 1759 3910 erat
1777 3854 1896 3920 illa,
1929 3869 2065 3925 quae
2104 3856 2224 3909 Noe

568 3947 751 4002 ﬁnem
778 3945 987 4002 diluvii
1015 3945 1317 4001 nuntiavit.
1339 3944 1866 4009 Quemadmodum
1896 3942 2053 3997 enim
2087 3948 2223 3998 tunc

569 4039 697 4092 erat
720 4034 1012 4090 diluvium
1044 4034 1121 4091 ab
1152 4050 1332 4107 aqua,
1360 4034 1441 4089 ita
1480 4039 1534 4089 et
1557 4048 1718 4088 nunc
1768 4049 1803 4088 a
1834 4038 2081 4103 peccato
2113 4049 2125 4086 :
2169 4036 2225 4087 et

572 4125 725 4182 sicut
740 4124 843 4182 illa
863 4123 1239 4181 denuntiavit
1266 4123 1667 4180 cessationem
1692 4122 1849 4178 illius
1879 4121 2106 4189 diluvii,
2144 4123 2225 4178 ita

568 4220 626 4273 et
644 4216 761 4273 ista.
779 4215 959 4287 hujus
989 4215 1321 4288 praesentis.
1358 4214 1559 4286 Aperti
1588 4218 1725 4270 sunt
1756 4218 1957 4269 autem
1989 4211 2142 4278 caeli,
2168 4216 2224 4268 et

566 4320 745 4378 super
781 4304 1143 4377 baptizatum
1200 4303 1513 4360 descendit
1561 4303 1808 4376 Spiritus
1855 4306 2119 4367 sanctus,
2161 4304 2225 4357 ut

567 4394 875 4451 discamus
891 4411 1067 4466 super
1082 4409 1327 4451 omnem
1337 4393 1645 4449 hominem
1669 4393 2028 4465 baptizatum
2041 4390 2224 4448 coelos

568 4483 798 4555 aperiri,
814 4489 1096 4540 vocantes
1109 4484 1309 4555 ipsum
1328 4481 1405 4539 ad
1426 4498 1748 4554 supernam
1766 4481 2219 4538 habitationem.

2330 573 2592 645 πληρῶσω
2634 573 2694 620 τὸ
2739 568 2930 620 ἐκείνου
2984 568 3269 637 ὑστέρημα·
3320 568 3409 614 καὶ
3456 562 3513 621 ἧς
3554 560 3737 621 ἐκεῖνος
3772 561 3920 612 πάλαι

2331 656 2627 720 καταδίκης
2676 665 2781 717 τοῖς
2822 656 2874 718 ἐξ
2922 655 3082 707 αὐτοῦ
3134 649 3413 725 μετέδωκε,
3455 652 3647 710 ταύτης
3697 652 3792 721 ἐγὼ
3843 658 3920 701 νῦν

2335 749 2609 811 ἀπαλλάξω
2662 751 2779 807 τοὺς
2834 744 2885 807 ἐξ
2925 743 3067 817 ἐμοῦ.
3102 741 3304 801 Ἐντολή
3357 738 3415 792 δὲ
3467 737 3526 798 ἦν
3574 744 3719 804 Θεοῦ,
3756 742 3920 790 καὶτὸ

2332 840 2566 894 Ἰωάννου
2623 836 2925 910 βάπτισμα·
2973 837 3145 906 εἴρηκε
3188 834 3289 905 γὰρ
3324 830 3498 898 αύτος,
3534 829 3614 880 ὃτι
3642 828 3698 879 Ὀ
3723 826 3921 899 πέμψας

2334 948 2397 1002 με
2456 927 2731 1000 βαπτίζειν
2787 924 2834 977 ἐν
2902 919 3084 991 ὕδατι,
3152 921 3339 983 ἐκεῖνός
3392 939 3482 992 μοι
3539 920 3666 985 εἰπε,
3722 921 3808 968 καὶ
3864 917 3923 967 τὰ

2335 1018 2419 1080 ἐξῆ
2433 1039 2471 1079 ς.

2405 1109 2532 1159 Τότε
2596 1135 2664 1143 --
2736 1100 2902 1155 ὖὸατο
2913 1123 2951 1163 ς.

2339 1194 2756 1267 βαπτιζομένων,
2810 1191 2987 1263 χαλῶν
3046 1192 3070 1241 6
3154 1188 3452 1261 βαπτιστὴς
3510 1183 3919 1258 ᾶχριτραχὴλου,

3072 1278 3131 1329 ἂν
3192 1278 3301 1347 (93)
3358 1274 3786 1347 ἐξωμολογήσατο
3838 1275 3922 1333 τὰς

3029 1105 3163 1153 Φασί
3224 1119 3376 1167 τινες,
3433 1097 3512 1149 ὃτι
3562 1094 3775 1148 ἕκαστον
3832 1102 3922 1146 τῶν

2337 1292 2577 1353 κατεῖχεν
2653 1281 2828 1347 αὐτὸν,
2909 1282 3000 1340 ἓως

2339 1372 2594 1445 ἁμαρτίας
2662 1370 2840 1433 αὑτοῦ,
2893 1373 2981 1420 καὶ
3028 1372 3140 1419 τότε
3194 1364 3387 1438 ἀφεθεὶ,
3430 1361 3639 1416 ἀνέδυεν
3698 1362 3796 1414 ἀπὸ
3842 1369 3924 1413 τοῦ

2338 1458 2550 1522 ὓδατος·
2605 1462 2629 1511 6
2672 1457 2730 1511 δὲ
2774 1461 3017 1532 Χριστός,
3076 1460 3146 1529 μὴ
3200 1458 3335 1527 ἔχων
3383 1454 3662 1527 ἁμαρτίαν,
3714 1452 3804 1503 ούκ
3852 1449 3923 1501 ἐν-

2337 1546 2586 1623 εϐράὸυνε
2617 1549 2729 1621 (94)
2757 1556 2828 1617 τῷ
2878 1543 3056 1612 ύὸατι,
3090 1550 3177 1596 καὶ
3223 1547 3407 1595 τούτου
3439 1545 3600 1616 χάριν
3631 1540 3746 1612 (9ὅ)
3783 1540 3924 1591 εἰπεῖν

2336 1643 2422 1691 τόν
2459 1637 2852 1710 εὐαγγελιστην,
2883 1638 2962 1686 ὅτι
2984 1635 3135 1695 εὐθὺς
3163 1631 3313 1690 ἀνέϐη
3349 1631 3448 1683 ἀπὸ
3484 1638 3574 1683 τοῦ
3606 1626 3818 1690 ὓδατος.

2410 1821 2504 1870 Καὶ
2542 1812 2656 1867 ἰδού
2698 1847 2763 1855 -
2809 1811 3094 1870 εὐδόκησα.
3124 1811 3181 1863 Ἠ
3230 1814 3318 1883 μὲν
3372 1813 3610 1885 παρακοὴ
3657 1815 3749 1861 τοῦ
3774 1808 3924 1861 πάλαι

2335 1902 2507 1977 Ἀδὰμ
2553 1904 2847 1957 ἀπέκλεισεν
2896 1905 3021 1974 ἡμῖν
3060 1905 3145 1952 τόν
3186 1895 3527 1973 παράδεισον,
3560 1900 3589 1957 ἡ
3644 1894 3693 1950 δ’
3731 1898 3921 1954 ὑπακοὴ

2336 2003 2428 2047 τοῦ
2485 1998 2619 2059 νέου,
2697 1992 2867 2054 ἤνοιξε
2932 1996 3048 2051 τοὺς
3124 1989 3393 2063 οὐρανοὺς,
3460 1990 3923 2062 περιποιησαμένου

2335 2087 2461 2157 ἡμῖν
2546 2082 2833 2135 ἀπόλαυσιν
2914 2080 3130 2154 μείζονα
3215 2087 3311 2141 τῆς
3384 2076 3726 2138 ἀπολωλυίας.
3802 2074 3928 2149 Ὀρα

2337 2170 2416 2242 δὲ,
2471 2181 2579 2235 πῶς
2618 2174 2644 2225 ὁ
2692 2173 2923 2244 Χριστὸς
2963 2165 3332 2222 ἀναδείκνυται
3370 2176 3441 2239 τῷ
3460 2166 3567 2237 λαῷ
3606 2166 3851 2241 λαμπρῶς
3879 2184 3926 2217 τε

2335 2268 2425 2315 καί
2490 2260 2913 2334 μεγαλοπρεπῶς.
2968 2257 3107 2312 Ἐπεὶ
3164 2261 3263 2332 γὰρ
3330 2259 3354 2308 ό
3418 2255 3653 2317 Ἰωάννης
3728 2261 3927 2329 προεῖπε

2335 2356 2453 2427 περὶ
2494 2350 2653 2403 αὐτοῦ
2699 2356 2810 2410 τοῖς
2840 2348 3044 2420 ὄχλοις,
3076 2352 3164 2399 καὶ
3214 2349 3383 2422 ἠρέμα
3421 2346 3585 2418 τούτῳ
3628 2352 3926 2421 προσεῖχον,

2336 2443 2404 2503 ὡς
2435 2436 2572 2494 εἶδον
2617 2444 2706 2492 καὶ
2750 2438 2905 2491 αὑτὸν
2939 2437 3338 2510 βαπτιζόμενον,
3372 2438 3438 2497 ὡς
3470 2436 3557 2487 ἕνα
3581 2443 3681 2487 τῶν
3722 2434 3924 2504 πολλῶν,

2336 2526 2848 2587 ἐσκανδαλίσθησαν.
2906 2532 3005 2580 Καὶ
3042 2526 3219 2580 λοιπόν
3260 2524 3555 2597 ἀνοίγονται
3607 2526 3698 2596 μεν
3757 2526 3804 2576 οἱ
3853 2524 3928 2575 ούο

2336 2624 2504 2695 ρανοὶ,
2538 2615 2878 2682 δεικνύοντες,
2930 2617 3009 2668 ὅτι
3044 2614 3095 2678 ἐξ
3141 2615 3308 2667 αὐτῶν
3362 2612 3586 2672 κατῆλθε
3641 2618 3735 2666 καὶ
3780 2614 3808 2670 ἡ
3842 2630 3927 2665 πε-

2335 2710 2571 2784 ριστερὰ,
2612 2711 2701 2760 καὶ
2754 2708 2783 2764 ἡ
2842 2709 3002 2778 φωνή.
3053 2706 3270 2757 Κάτεισι
3320 2698 3378 2755 δὲ
3434 2705 3463 2760 ἡ
3524 2705 3613 2774 μὲν
3659 2700 3928 2773 φωνὴ,ἱνα

2337 2799 2574 2870 μάθωσιν
2606 2798 2654 2848 οἱ
2701 2799 2971 2867 παρόντες,
3003 2798 3083 2855 τίς
3129 2791 3269 2845 ἐστιν
3308 2792 3333 2843 ό
3375 2790 3775 2863 βαπτιζόμενος
3809 2791 3836 2848 ἡ
3872 2785 3924 2841 δέ

2337 2888 2638 2962 περιστερὰ,
2698 2885 2781 2935 ἶνα
2828 2883 3019 2954 ἑλκύσῃ
3058 2886 3151 2940 τὴν
3185 2882 3353 2954 φωνήν
3412 2877 3485 2932 ἐπ’
3524 2880 3704 2947 αὐτόν,
3737 2883 3824 2931 καὶ
3859 2880 3923 2949 μὴ

2335 2979 2644 3049 νομίσωσιν,
2695 2974 2772 3025 ὃτι
2828 2976 2945 3045 περὶ
2973 2970 3206 3024 Ἰωάννου
3262 2976 3513 3044 μαρτυρεῖ
3557 2970 3586 3027 ἡ
3626 2972 3788 3041 φωνὴ.
3834 2970 3923 3020 Καὶ

2337 3066 2363 3116 ό
2412 3067 2500 3137 μὲν
2551 3067 2733 3137 Πατὴρ
2775 3062 2964 3113 ἄνωθεν
3020 3059 3347 3133 ἐμαρτύρησε
3404 3062 3520 3133 περὶ
3562 3064 3655 3109 τοῦ
3708 3059 3845 3111 Υἱοῦ*
3875 3058 3927 3106 τό

2339 3150 2398 3207 δὲ
2425 3160 2633 3225 Πνεῦμα
2662 3156 2719 3203 τό
2760 3149 2908 3221 ἅγιον
2940 3147 3129 3205 κατέϐη
3182 3145 3255 3199 ἐπ’
3293 3145 3466 3218 αὐτὸν,
3518 3145 3631 3198 ἀντὶ
3674 3143 3926 3198 δακτύλου

2338 3239 2591 3312 δεικνύον,
2626 3240 2707 3293 ὃτι
2760 3239 2908 3299 οὗτός
2963 3236 3102 3289 ἐστιν
3147 3238 3172 3288 ό
3222 3238 3662 3311 μαρτυρούμενος.
3701 3234 3780 3288 Ἐν
3809 3230 3927 3286 είδει

2338 3329 2397 3383 δὲ
2426 3336 2753 3405 περιστερᾶς,
2789 3324 2930 3380 διότι
2971 3331 3112 3379 τουτὶ
3150 3330 3208 3378 τὸ
3269 3326 3399 3385 ζῶον
3452 3324 3504 3377 ἐκ
3545 3328 3747 3398 φύσεως
3779 3328 3929 3397 μιμή-

2336 3439 2474 3493 ματα
2521 3422 2635 3491 ἔχει
2684 3415 2774 3470 τοῦ
2839 3416 2991 3488 ἁγίου
3048 3418 3361 3487 Πνεύματος,
3423 3414 3785 3488 Φιλάνθρωπον
3838 3416 3928 3486 γὰρ

2336 3508 2448 3563 ἐστι
2525 3514 2615 3561 καὶ
2700 3505 3017 3569 ἀνεξίκακον.
3105 3504 3573 3576 Ἀποστερούμενον
3651 3507 3755 3578 γὰρ
3838 3511 3930 3555 τῶν

2334 3605 2560 3650 νεοσσῶν
2610 3597 2869 3669 ὑπομένει,
2901 3599 2991 3647 καὶ
3033 3590 3183 3646 οὐδὲν
3234 3594 3387 3652 ἧττον
3419 3597 3539 3655 τοὺς
3587 3592 3930 3667 ἀποστεροῦν-

2334 3706 2424 3747 τας
2472 3690 2765 3760 προσίεται.
2800 3689 2902 3738 Καὶ
2939 3685 3309 3759 καθαρώτατόν
3341 3681 3475 3754 ἐστι,
3518 3686 3608 3734 καὶ
3638 3689 3699 3755 τῇ
3747 3678 3932 3755 εὐωδίᾳ

2333 3780 2530 3849 χαίρει.

2403 3864 2547 3938 Ἀμα
2587 3860 2645 3917 δε
2688 3866 2883 3925 ταύτης
2931 3869 3026 3925 τῆς
3073 3867 3381 3938 περιστερᾶς
3430 3864 3590 3921 τύπος
3648 3858 3709 3919 ἦν
3752 3861 3929 3927 ἐκείνη,

2335 3956 2365 4013 ἡ
2412 3963 2483 4026 τῷ
2536 3960 2648 4007 Νῶε
2697 3961 2788 4006 τοῦ
2840 3951 3212 4025 κατακλυσμοῦ
3255 3956 3347 4009 τὴν
3401 3950 3549 4002 λύσιν
3604 3949 3932 4024 εὐαγγελισαη

2333 4047 2481 4116 μένη.
2529 4041 2730 4116 Ὠσπερ
2778 4044 2878 4115 γὰρ
2924 4045 3039 4094 τότε
3086 4040 3448 4112 κατακλυσμὸς
3502 4036 3561 4097 ἦν
3617 4038 3670 4102 ἐξ
3723 4037 3929 4109 ὓδατος,

2334 4132 2470 4186 οὓτω
2517 4137 2607 4187 καὶ
2656 4140 2746 4184 νῦν
2803 4131 2855 4193 ἐξ
2891 4129 3168 4205 ἁμαρτίας.
3207 4134 3305 4182 Καὶ
3349 4127 3520 4204 ὣσπερ
3573 4127 3737 4187 ἐκείνη
3790 4128 3934 4197 εὐηγ-

2332 4221 2577 4294 γελίσατο
2653 4226 2747 4280 τὴν
2822 4224 3048 4274 κόπασιν
3120 4218 3311 4271 ἐκείνου
3400 4226 3491 4269 τοῦ
3546 4218 3930 4289 κατακλυσμοῦ,

2333 4309 2467 4363 οὓτω
2499 4315 2589 4362 καὶ
2629 4310 2760 4367 αὕτη
2793 4317 2884 4361 τοῦ
2920 4314 3194 4383 παρόντος.
3228 4307 3603 4379 Ἠνεῴχθησαν
3665 4304 3723 4359 δὲ
3776 4308 3824 4357 oi
3850 4304 3933 4357 ού-

2332 4404 2501 4474 ρανοὶ,
2545 4405 2634 4452 καὶ
2687 4398 2937 4457 κατῆλθεν
2986 4398 3068 4450 ἐπὶ
3098 4401 3183 4449 τόν
3225 4394 3609 4470 βαπτιζόμενον
3640 4399 3697 4448 τό
3733 4391 3934 4467 Πνεῦμα

2332 4492 2390 4541 τό
2447 4488 2616 4561 ἅγιον,
2682 4488 2764 4541 ἵνα
2820 4490 3064 4561 μάθωμεν
3123 4489 3201 4538 ὅτι
3260 4485 3344 4538 ἐπὶ
3406 4488 3597 4546 παντὸς
3667 4484 3933 4558 ἀνθρώπου

564 4572 657 4629 Ad
686 4588 825 4628 eum
863 4588 1097 4644 quoque
1134 4572 1362 4629 accedit
1393 4572 1646 4644 Spiritus
1681 4578 1941 4628 sanctus.
1995 4570 2221 4636 Quodsi

2334 4575 2722 4651 βαπτιζόμενον
2784 4575 3077 4649 ἀνοίγονται
3133 4579 3223 4648 μεν
3282 4580 3330 4627 oi
3387 4574 3616 4649 οὐρανοὶ,
3672 4573 3935 4631 καλοῦντες

564 4660 696 4719 haec
728 4661 1110 4720 sensibilibus
1141 4662 1329 4719 oculis
1358 4676 1481 4718 non
1513 4662 1809 4726 videmus,
1851 4675 1926 4717 ne
1958 4660 2215 4718 diffidas.

564 4751 747 4821 Signa
758 4766 1022 4823 namque
1033 4751 1311 4808 ﬁdelibus
1326 4766 1448 4811 non
1461 4750 1695 4816 dantur,
1713 4749 1818 4805 sed
1831 4747 2169 4806 inﬁdelibus
2204 4765 2219 4819 ;

561 4840 741 4899 nobis
765 4844 967 4900 autem
995 4841 1305 4913 signorum
1332 4840 1465 4898 loco
1491 4838 1710 4897 sufﬁcit
1754 4838 1935 4899 ﬁdes.

634 5120 682 5161 ⁸⁸
707 5123 872 5182 Joan.
908 5140 945 5192 ι,
973 5125 1062 5179 33.

2332 4668 2486 4721 αὐτόν
2523 4667 2594 4728 εἰς
2637 4670 2731 4725 τὴν
2774 4665 2877 4718 ἂνω
2920 4670 3210 4717 κατοικίαν·
3245 4663 3486 4735 ἐπιφοιτᾴ
3538 4659 3597 4715 δε
3636 4665 3805 4735 τούτῳ
3850 4665 3935 4712 καὶ

2328 4760 2385 4811 τὸ
2426 4764 2635 4829 Πνεῦμα
2665 4759 2721 4808 τό
2748 4756 2918 4827 ἅγιον.
2970 4759 3030 4807 Et
3081 4751 3139 4807 δὲ
3177 4758 3246 4826 μὴ
3298 4761 3408 4814 τοῖς
3446 4752 3723 4814 αἰσθητοῖς
3774 4758 3937 4804 ταῦτα

2331 4845 2584 4920 βλέπομεν
2625 4844 2929 4918 ὀφθαλμοῖς,
2980 4848 3050 4917 μὴ
3105 4842 3431 4916 ἀπιστήσῃς.
3472 4844 3550 4895 Τὰ
3606 4848 3801 4914 σημεῖα
3837 4841 3935 4913 γάρ

2330 4937 2389 4990 ού
2444 4944 2549 4997 τοῖς
2602 4938 2957 5001 πιστεύουσιν,
3014 4932 3143 4986 ἀλλὰ
3201 4940 3311 4997 τοῖς
3370 4931 3633 4994 ἀπίστοις
3694 4933 3821 5004 ἡμῖν
3879 4923 3937 4981 δὲ

2333 5024 2478 5101 ἀρκεῖ
2506 5026 2535 5085 ἡ
2574 5030 2777 5092 πίστις,
2806 5023 2919 5078 ἀντὶ
2947 5027 3196 5098 σημείων.

1799 5248 2024 5320 Variae
2053 5249 2388 5320 lectiones
2431 5260 2494 5321 et
2525 5260 2728 5321 notas.

566 5462 577 5475 _
636 5391 750 5464 (93)
817 5392 1040 5465 Conjici
1115 5391 1310 5476 possit
1382 5388 1834 5476 ιξξομολοξχήοοιιτο2
1916 5394 2023 5451 etsi
2073 5412 2219 5476 .non

560 5464 792 5593 £29m,
824 5464 1146 5523 memorari
1175 5464 1777 5540 exempla'particulas
1808 5464 1868 5518 ἂν
1900 5482 2039 5523 cum
2068 5467 2218 5525 indi-

664 5551 776 5593 1vo.

2400 5396 2515 5541 (94%
2557 5391 2841 5470 Ἐϐρὰὃυνε
2871 5402 2937 5452 Α.

2403 5470 2493 5539 (95
2558 5469 2684 5523 Ἀπὸ
2716 5475 2889 5521 κοινοῦ
2917 5487 2937 5520 τ

2403 5468 2515 5541 (95)
2558 5468 2684 5523 Ἀπὸ
2716 5475 2889 5521 κοινοῦ
2917 5469 2975 5521 τό
3003 5468 3191 5541 φασιν.

628 5716 693 5791 (ι)
716 5716 939 5792 Ἀφιθείς
967 5732 1093 5776 non
1119 5721 1226 5789 est,
1246 5724 1380 5791 post
1409 5719 1847 5791 confessionem,
1882 5720 2007 5789 sed,
2040 5726 2094 5780 et
2126 5725 2265 5780 tunc
2294 5719 2539 5788 missus,
2566 5718 2871 5781 dimissus.
