4098 6408
149 382 227 438 1ἷ3
1140 374 1503 441 COMMENT.
1546 368 1622 437 'IN
1663 382 1766 438 MA

1882 380 2113 440 HEUM.
2154 415 2221 427 -
2262 386 2422 446 CAP.
2456 376 2559 444 ΙΙῘ.

203 514 256 563 Σὺ
332 506 395 562 δε
452 511 1003 586 προσεπιϐεώρήσον,
1085 511 1183 581 ὅτι,

152 604 319 671 Πάσχα
363 598 415 652 ἐν
465 605 578 673 μ.ίᾴ
627 602 863 676 τραπέζῃ
919 601 1225 675 πεπλήρωκε
1276 605 1365 674 μὲν
1423 606 1511 653 καὶ
1568 603 1761 655 ἔπαυσε

152 695 197 743 τὸ
224 687 523 744 Ἰουδαϊκὸν
560 694 791 763 Πάσχα,
843 690 1017 766 ἀρχὴν
1051 688 1109 743 δὲ
1137 697 1208 761 τῷ
1258 690 1427 762 οἰκείῳ
1474 687 1699 744 δέδωκεν
1738 708 1751 722 ο

157 781 266 833 οὕτω
312 785 408 832 καὶ
482 780 574 833 ἐπὶ
639 782 733 833 τοῦ
819 780 1207 853 βαπτίσματος,
1288 783 1335 833 εν
1420 780 1489 832 ἐνὶ
1546 790 1763 854 ποταμῷ

158 876 228 922 καὶ
264 871 421 941 ἄμφω
477 874 791 929 πεποίηκεν.
841 870 908 923 *Η
964 890 1018 922 τε
1072 872 1172 943 γὰρ
1228 870 1423 933 ἄνοιξις
1470 879 1567 923 τῶν
1608 872 1760 945 οὐρα-

160 969 253 1023 νῶν,
303 965 396 1012 καὶ
448 961 482 1017 ἡ
540 958 880 1032 ἐπιφοίτησις
930 967 1022 1012 τοῦ
1084 959 1236 1031 ἁγίου
1302 963 1615 1033 Πνευματος,
1672 969 1763 1014 τοῦ

160 1057 527 1121 Χριστιανικοῦ
586 1048 963 1122 βαπτίσματος
1015 1047 1148 1108 ἦσαν
1206 1053 1655 1125 προχαράγματοὶ.
1701 1055 1765 1104 Τί

160 1137 207 1191 δέ
228 1142 334 1191 ἐστι
366 1142 451 1203 τό,
485 1138 567 1192 Ἐν
672 1137 945 1198 εὐδόκησα
976 1155 989 1207 ;
1020 1138 1158 1192 Ἀντὶ
1213 1148 1323 1205 τοῦ,
1439 1138 1761 1193 ἐπαναπαύο-

155 1249 238 1301 μαι
270 1246 282 1259 ⁸
316 1229 347 1287 ᾗ
382 1225 602 1295 ἐπειδὴ,
651 1231 982 1300 γεννηθέντος
1030 1229 1209 1297 αὐτοῦ,
1242 1231 1290 1281 οἱ
1320 1228 1528 1301 ἄγγελοι
1573 1230 1763 1302 ὕμνουν

155 1320 371 1390 λίγοντις
406 1339 418 1351 ·
458 1319 598 1381 Δόξα
656 1317 703 1369 ἐν
758 1317 1002 1389 ὑψίστοις
1060 1326 1193 1389 Θεῷ,
1254 1324 1345 1371 καὶ
1398 1317 1482 1371 ἐπὶ
1544 1328 1641 1390 γῆς
1697 1318 1764 1371 εἰ·

376 1407 427 1459 ἐν
504 1408 799 1482 ἀνθρώποις
877 1405 1396 1460 εὐδοκία·Εὖδοκία
1458 1402 1527 1461 δέ
1601 1406 1758 1479 ἐστιν,

156 1502 177 1555 is
212 1497 384 1568 ἀγαθή
443 1497 661 1558 θελησις
694 1515 705 1528 ·
742 1496 913 1569 ἀγαθὴ
963 1494 1021 1550 δὲ
1069 1496 1275 1558 θέλησις
1321 1493 1403 1563 ἦν,
1440 1499 1498 1549 τὸ
1532 1500 1765 1557 σωθῆναι

154 1414 294 1483 μήνη.

155 1592 263 1649 τοὺς
314 1588 632 1662 ἀνθρώπους
669 1606 681 1618 ·
714 1595 802 1638 νῦν
855 1586 1010 1655 εἶπεν,
1060 1589 1139 1640 ὅτι
1188 1586 1352 1647 Οὗτός
1413 1585 1569 1654 ἐστιν,
1628 1586 1674 1639 ἐν
1725 1587 1764 1659 ᾧ

154 1682 213 1730 τα
258 1680 438 1749 ἀγαθὰ
482 1676 741 1742 ἠθελησα,
796 1681 1051 1743 τουτέστι,
1098 1673 1169 1729 δι’
1215 1676 1275 1729 οὗ
1314 1678 1343 1735 ἡ
1382 1682 1619 1751 σωτηρία
1666 1684 1764 1729 τῶν

152 1766 456 1841 ἀνθρώπων,

1262 510 1434 585 ὥσπερ
1506 509 1589 563 ἐπὶ
1666 515 1758 562 τοῦ
1792 510 1840 564 Α
1941 510 2132 567 Simul
2160 511 2329 569 etiam
2357 514 2597 571 attende

3425 386 3528 453 1⁵14

2648 534 2660 574 :
2712 515 2879 589 quod
2926 516 3076 575 sicut
3120 519 3182 576 in
3229 518 3543 578 Paschate‘

1870 599 1994 657 sive
2035 603 2216 659 Coena
2256 604 2511 674 mystica
2555 604 2656 677 (ιι),
2702 606 2763 661 in
2808 622 2928 663 una
2964 624 3173 665 mensa
3222 609 3531 667 Iudaicum

1870 691 2100 763 pascha
2126 692 2471 764 adimplevit
2498 710 2567 750 ac
2598 694 2809 763 ﬁnivit,
2844 701 2900 753 et
2926 714 3038 755 suo
3067 698 3229 755 dedit
3253 699 3489 757 initium
3514 717 3528 757 :

1872 780 1953 836 ita
1983 796 2225 853 quoque
2255 781 2312 836 in
2339 782 2721 855 baptismate,
2763 786 2823 841 in
2856 787 3069 843 eodem
3116 787 3364 845 ﬂumine
3395 790 3533 847 fecit

1872 869 2507 941 utrumque.leorum
2539 873 2697 928 enim
2731 875 3043 945 apertio,et
3065 876 3315 948 Spiritus
3342 879 3531 935 sancti

1873 958 2202 1023 descensio,
2238 958 2547 1016 Christiani
2575 960 2960 1033 baptismatis
2991 964 3153 1021 dona
3173 970 3359 1023 erant.
3379 966 3533 1032 Quid

1874 1054 1964 1102 est
1992 1052 2215 1103 autem.
2254 1048 2325 1103 In
2357 1065 2469 1121 quo
2494 1050 2643 1106 mihi
2672 1053 3082 1121 complacitum
3114 1062 3191 1110 est
3222 1056 3251 1109 7
3295 1058 3415 1112 Hoc
3443 1060 3535 1113 est

1874 1134 1930 1189 in
1957 1151 2075 1207 quo
2106 1136 2388 1193 oblector.
2421 1136 2537 1204 Vel,
2576 1140 2719 1211 quia
2746 1144 2887 1197 nato
2913 1140 3046 1212 ipso
3074 1142 3277 1198 laudes
3311 1144 3531 1200 cecine-

1872 1228 2011 1280 runt
2041 1224 2259 1293 angeli,
2302 1225 2562 1282 dicentes
2606 1244 2619 1282 :
2654 1226 2856 1285 Gloria
2886 1230 2952 1285 in
2977 1231 3269 1288 altissimis
3311 1234 3444 1299 Deo,
3480 1239 3535 1291 et

1870 1314 1935 1369 in
1962 1321 2123 1371 terra
2143 1330 2282 1385 pax,
2326 1316 2387 1370 in
2415 1315 2748 1374 hominibus
2782 1319 3206 1390 benepla‘citum
3228 1323 3295 1387 ⁸ο,
3325 1321 3387 1377 id
3419 1325 3531 1388 est,

1871 1403 2036 1458 bona
2064 1402 2362 1461 voluntas.
2397 1405 2560 1462 Bona
2578 1409 2777 1462 autem
2810 1408 3080 1464 voluntas
3109 1415 3231 1467 erat
3258 1414 3321 1467 ut
3348 1410 3536 1466 homi-

1872 1506 1981 1547 nes
2006 1491 2385 1549 salvarentur
2409 1494 2544 1550 ideo
2572 1511 2731 1551 nunc
2754 1496 2897 1553 dicit
2923 1514 2937 1552 :
2964 1498 3063 1553 Hic
3090 1499 3263 1567 est,in
3282 1516 3401 1573 quo
3426 1500 3533 1556 ho-

1874 1582 2138 1637 minibus
2162 1584 2323 1640 bona
2348 1584 2527 1649 volui,
2562 1585 2678 1642 hoc
2710 1590 2815 1653 est,
2845 1602 2953 1660 per
2990 1604 3174 1661 quem
3208 1594 3299 1647 est
3327 1589 3534 1647 homi-

1874 1686 2024 1727 num
2053 1671 2233 1728 salus.

226 1863 359 1909 Τότε
391 1888 455 1896 ——
483 1857 585 1909 ὑπὸ
635 1862 728 1908 τοῦ
759 1852 1029 1911 διαϐόλου.
1086 1852 1321 1922 Ἐπειδὴ,
1373 1858 1436 1916 ὡς
1478 1856 1765 1929 ἄνθρωπος,

1947 1850 2091 1922 Cap.
2115 1849 2211 1918 IV,
2235 1867 2294 1907 v.
2322 1851 2372 1907 1.
2408 1852 2568 1909 Τιιηι·
2596 1882 2666 1893 -
2695 1868 2733 1910 a
2760 1853 3015 1912 diabolo.
3055 1859 3379 1928 Postquam
3408 1861 3539 1915 tan-

161 1949 329 1998 πάντα
359 1949 486 2019 πρὸς
534 1941 893 1997 διδασκαλίαν
943 1954 1042 1997 τῶν
1097 1943 1377 2018 ἀνθρώπων
1419 1948 1509 1997 καὶ
1551 1947 1767 2017 ἔπραττε

153 2040 237 2087 καὶ
291 2037 561 2107 ὑπέμενεν,
620 2031 905 2087 ἐκδίδωσιν
962 2034 1137 2087 ἑαυτὸν
1189 2036 1318 2107 μετά
1367 2037 1426 2086 τὸ
1484 2032 1767 2107 βάπτισμα

151 2132 217 2195 τῷ
273 2124 415 2197 ἁγίῳ
450 2126 733 2198 Πνετῦματι,
785 2128 875 2177 καὶ
917 2124 1005 2177 ὑπ’
1054 2124 1213 2176 αὐτοῦ
1257 2125 1460 2196 ἄγεται,
1494 2123 1673 2199 πρὸςὸ
1705 2122 1763 2174 ἂν

150 2213 308 2265 ἐκεῖνο
360 2211 569 2285 κελεύῃ,
620 2218 709 2265 καὶ
752 2212 997 2285 ἀνάγεται
1042 2213 1107 2273 εἰς
1153 2217 1246 2272 τὴν
1302 2216 1511 2287 ἔρημον,
1565 2213 1648 2265 ἐπὶ
1694 2221 1764 2283 τῷ

149 2302 517 2374 πολεμηθῆναι
566 2303 666 2354 ὑπὸ
696 2309 785 2354 τοῦ
826 2298 1097 2367 διαϐόλου,
1155 2302 1237 2354 ἱνα
1290 2307 1382 2355 καὶ
1436 2305 1500 2354 σὺ
1547 2303 1677 2374 μετὰ
1706 2305 1764 2353 τὸ

150 2390 441 2464 βάπτισμα
496 2395 683 2463 μηκέτι
735 2393 949 2444 σεαυτὸν
1005 2392 1159 2463 οἷγης,
1226 2391 1354 2444 ἀλλὰ
1409 2392 1510 2465 ἄγη
1576 2389 1764 2464 μᾶλλον

150 2482 245 2533 ὗκὸ
312 2489 410 2533 τοῦ
483 2482 803 2552 Πνεύματος,
857 2485 947 2533 καὶ
1005 2482 1105 2546 ἵνα,
1177 2482 1307 2554 μετὰ
1358 2484 1416 2533 τὸ
1485 2480 1768 2553 βάπτισμα

150 2575 483 2644 περιπίπτων
538 2576 864 2643 πειρασμοῖς,
910 2574 980 2642 μὴ
1029 2572 1279 2644 ταράττῃ.
1320 2572 1414 2623 Διά
1465 2577 1617 2623 τοῦτο
1662 2572 1764 2643 γὰρ

152 2658 448 2724 ὡπλίσθης,
518 2660 602 2710 ἶνα
671 2659 918 2731 πολεμῇς.
988 2662 1137 2712 Ὅθεν
1209 2657 1333 2712 οὐδὲ
1397 2659 1581 2711 κωλύει
1646 2662 1767 2720 τοὺς

151 2752 484 2821 πειρασμοὺς
536 2748 769 2809 ἐπιόντας
819 2750 843 2800 6
889 2752 1035 2810 Θεὸς.
1088 2755 1294 2821 Πρῶτον
1343 2752 1451 2821 μὲν,
1506 2750 1589 2801 ἵνα
1633 2756 1769 2820 γνῷς

150 2844 235 2895 τὴν
274 2835 510 2909 δύναμιν
540 2845 637 2899 τῆς
674 2840 1030 2911 περιτεθείσης
1074 2857 1156 2890 σοι
1204 2838 1494 2899 πανοπλίας
1523 2856 1534 2869 °
1568 2840 1763 2903 ἔπειτα,

153 2928 231 2977 ἵνα
281 2929 464 2999 μάθῃς
526 2927 761 2999 πολεμεῖν
795 2945 807 2957 ·
860 2925 989 2994 εἶτα,
1052 2928 1133 2979 ἵνα
1188 2930 1307 3000 γένη
1367 2924 1585 3000 δόκιμος
1619 2949 1631 2960 ·
1690 2923 1764 2979 εἶθ

153 3016 331 3079 οὕτως,
405 3018 492 3067 ἵνα
542 3020 615 3088 μὴ
685 3015 1047 3089 ὑψηλοφρονῇς
1093 3034 1104 3046 ·
1154 3016 1237 3068 ἐπὶ
1292 3014 1351 3069 δὲ
1411 3020 1628 3083 τούτοις,
1685 3018 1769 3067 ἶνα

154 3101 322 3176 εἰδῇς,
396 3107 479 3156 ὅτι
550 3109 714 3177 μέγαν
785 3103 1140 3166 ἐνεπιστεύθης
1209 3108 1491 3179 θησαυρόν.
1549 3106 1613 3161 Εἰ
1665 3108 1766 3179 γὰρ

150 3202 217 3263 μὴ
276 3202 437 3246 τοῦτο
495 3190 573 3261 ἦν,
637 3194 731 3245 οὐκ
779 3193 839 3245 ἃν
895 3194 1178 3267 προσέϐαλε
1238 3198 1407 3267 μάτην
1458 3197 1482 3246 6
1541 3194 1756 3268 ἐχθρός.

151 3283 315 3338 Ἔνθα
344 3287 450 3355 γὰρ
480 3279 573 3355 ’ἰδη
602 3282 840 3349 πλοῦτον,
875 3282 979 3335 ἐκεῖ
1004 3286 1408 3359 παρατάττεται.

218 3371 466 3443 ’Δνὴχθη
522 3368 581 3424 δὲ
626 3373 699 3434 εἰς
748 3376 937 3446 ἔρημον
984 3374 1175 3426 ἄϐατον
1216 3372 1286 3425 '6
1339 3370 1509 3431 δηλῶν
1553 3376 1578 3426 6
1625 3376 1769 3448 Μάρ-

146 3482 257 3529 κος,
318 3465 547 3537 εἴρηκεν,
614 3463 690 3514 ὅτι
738 3467 827 3515 καὶ
881 3458 943 3520 ἦν
1009 3461 1111 3515 ἐκεῖ
1183 3465 1315 3535 μετὰ
1376 3471 1476 3515 τῶν
1554 3465 1766 3535 θηρίων,

148 3553 269 3603 ὄϐα
330 3556 423 3604 καὶ
497 3550 689 3624 μᾶλλον
750 3553 776 3603 6
828 3551 1069 3625 πόλεμος.
1134 3556 1261 3605 Τότε
1330 3555 1431 3629 γὰρ
1488 3552 1771 3606 ἐπιτίθεται

148 3641 344 3710 μᾶλλον
423 3643 452 3693 6
528 3637 791 3711 διάϐολος,
872 3642 992 3693 ὅταν
1076 3637 1168 3715 ἴδῃ
1250 3645 1605 3715 μεμονωμένον
1685 3644 1769 3693 τὸν

158 3732 451 3803 εἰνθρωπον,
488 3735 581 3783 καὶ
616 3730 990 3805 παρακλήσεως
1018 3732 1191 3792 πάσης
1220 3730 1584 3806 ἐστερημένον,

223 3916 331 3964 Καὶ
404 3941 480 3950 —
552 3907 836 3968 ἐπείνασεν,
914 3908 1227 3969 Ἐνήστευσε
1300 3918 1524 3983 πρῶτον,
1605 3906 1769 3963 διδά-

157 4019 315 4064 σκων,
372 4002 457 4051 ὅτι
507 4003 641 4071 μέγα
681 4002 1005 4075 προπύργιον
1048 4001 1077 4057 η
1130 4004 1346 4058 νηστεία
1386 4005 1491 4060 τοῖς
1541 3999 1770 4071 ἀνταγω-

151 4096 454 4162 νιζομὲιοις
510 4097 579 4159 τῷ
631 4085 862 4161 δαίμονι,
897 4088 1018 4161 Οὐχ
1070 4088 1291 4164 ὑπερέϐη
1348 4086 1407 4142 δὲ
1450 4092 1507 4141 τὸ
1562 4094 1768 4164 μέτρον,

154 4180 177 4229 ὃ
234 4179 527 4236 briareus-5
592 4182 691 4252 πρὸ
752 4178 909 4231 αὐτοῦ
990 4178 1184 4245 Ἠλίας,
1259 4184 1348 4232 καὶ
1414 4182 1514 4254 πρὸ
1580 4178 1769 4231 ἐκείνου

152 4276 414 4337 Μωυσῆς,
466 4268 553 4319 ἵνα
580 4271 651 4339 μὴ
694 4267 1017 4342 ὑπερελάσας
1046 4272 1140 4326 τὴν
1187 4264 1407 4340 δύναμιν
1451 4275 1543 4330 τῆς
1575 4266 1771 4340 ἀνθρω-

156 4364 305 4418 πίνης
359 4362 584 4428 φύσεως,
632 4355 918 4429 ἁπιστηθῇ,
966 4358 1046 4409 ὅτι
1089 4358 1359 4431 ἄνθρωπός
1400 4355 1564 4413 ἐστιν,
1618 4355 1771 4411 ’Ὀθεν

154 4446 381 4519 ὕστερον
461 4444 717 4509 ἐπείνασε,
779 4444 1025 4518 βεϐαιῶν,
1099 4447 1177 4498 ὃτι
1246 4446 1512 4521 ἄνθρωπός
1596 4448 1762 4501 ἐστιν.

148 4533 323 4589 Ἱδιον
372 4539 479 4608 γὰρ
534 4533 805 4606 ἀνθρώπου
849 4537 907 4587 τὸ
954 4533 1009 4586 ἐκ
1056 4539 1299 4596 νηστείας
1344 4541 1539 4606 πεινᾷν.
1592 4542 1772 4610 Περιτ-

148 4629 234 4677 τόν
266 4623 332 4677 δε
371 4622 543 4693 δοκεῖ’
582 4626 641 4675 τὸ
681 4628 795 4697 περὶ
839 4631 940 4675 τῶν
979 4632 1176 4675 νυκτῶν
1211 4645 1224 4657 ·
1258 4623 1405 4697 οἶμαι
1456 4621 1515 4677 δε
1547 4623 1641 4677 διὰ
1682 4627 1772 4687 τὰς

150 4720 405 4775 νηστείας
470 4721 573 4764 τῶν
624 4711 869 4788 Ἐϐραίων
938 4721 1090 4765 τοῦτο
1156 4716 1529 4789 προστεθῆναι,
1581 4712 1630 4767 οἱ
1682 4716 1775 4775 τὰς

154 4808 362 4877 ﬁscina;
419 4804 778 4869 νηστεύοντες,
834 4801 881 4854 ἐν
938 4809 1053 4865 ταῖς
1097 4803 1237 4865 νυξὶν
1286 4802 1579 4860 ἐσθίουσιν.
1615 4802 1674 4855 Ὀ
1717 4800 1776 4856 δὲ

152 4898 373 4969 Μάρκος
436 4897 529 4945 καὶ
611 4893 636 4944 6
714 4897 921 4952 Λουκᾶς
986 4898 1227 4965 παρῆκαν
1301 4894 1391 4954 τὰς
1460 4892 1653 4955 νύκτας
1708 4896 1777 4954 ὡς

156 5004 269 5036 νίνου
275 4989 411 5058 μία
419 5004 441 5045 ς
454 5026 470 5040 .

222 5080 332 5128 Καὶ
386 5105 463 5116 -
514 5076 793 5146 γένωνται.
858 5068 916 5125 Ὁ
971 5067 1031 5124 δε
1080 5072 1290 5144 Μκάρος
1346 5076 1435 5125 καὶ
1488 5072 1513 5123 6
1574 5076 1778 5131 Λουκᾶς

165 5159 315 5239 εἶπεν,
378 5166 464 5219 ὅτι
518 5166 611 5217 καὶ
673 5160 726 5214 ἐν
790 5166 908 5224 ταῖς
964 5162 1359 5235 τεσσαράκοντα
1422 5161 1641 5236 ἡμέραις
1714 5156 1775 5220 ἧν

232 5346 277 5388 ⁶θ
302 5350 434 5410 Luc.
470 5364 531 5418 ιι,
564 5347 656 5405 14.
741 5342 789 5380 ⁸1
824 5342 1069 5411 Marc.1,
1104 5342 1189 5400 13.

1873 1954 2061 2011 quam
2086 1939 2268 1996 homo
2293 1941 2498 1997 omnia
2517 1941 2594 1997 ad
2619 1941 2935 1999 hominum
2963 1944 3299 2002 doctrinam
3324 1946 3378 2003 et
3404 1946 3539 2003 fecit

1874 2033 1929 2084 et
1955 2027 2104 2093 tulit,
2128 2031 2518 2101 semetipsum
2533 2035 2668 2101 post
2682 2032 3051 2104 baptismum
3071 2034 3306 2106 Spiritui
3327 2039 3538 2093 sancto

1876 2117 2069 2181 tradit,
2104 2122 2167 2174 ut
2192 2119 2271 2174 ab
2302 2134 2372 2174 eo
2415 2119 2687 2188 ducatur,
2733 2137 3097 2196 quocunque
3148 2123 3244 2180 ille
3270 2124 3534 2195 jusserit.

1876 2206 2114 2263 Ducitur
2134 2210 2336 2263 autem
2362 2207 2424 2263 in
2447 2208 2774 2277 desertum,
2809 2216 2929 2268 uta
2953 2211 3199 2269 diabolo
3229 2228 3539 2287 oppugne-

1875 2300 1988 2360 tur,
2010 2300 2155 2352 utet
2185 2301 2246 2353 tu
2265 2301 2400 2368 post
2419 2297 2789 2370 baptismum
2816 2316 3199 2375 nequaquam
3231 2304 3315 2359 tui
3350 2304 3540 2375 ipsius

1875 2384 2085 2441 ductor
2100 2384 2309 2449 sis,sed
2324 2386 2563 2443 ducaris
2580 2388 2778 2458 potius
2810 2404 2847 2445 a
2872 2390 3089 2460 Spiritu
3102 2395 3158 2447 et
3177 2394 3313 2462 post
3328 2391 3541 2463 baptis-

1877 2489 2043 2529 mum
2070 2474 2130 2530 in
2160 2474 2510 2531 tentationes
2540 2475 2806 2532 incidens
2835 2493 2960 2534 non
2991 2479 3264 2535 turberis.
3303 2480 3394 2534 Ad
3423 2480 3539 2537 hoc

1876 2562 2038 2619 enim
2068 2566 2335 2620 armatus
2382 2580 2463 2630 es,
2496 2570 2562 2621 ut
2591 2566 2897 2637 praalieris.
2944 2571 3009 2623 Et
3048 2568 3190 2625 hinc
3233 2574 3340 2634 est,
3373 2569 3540 2642 quod

1878 2653 2223 2710 accedentes
2249 2656 2603 2712 tentationes
2632 2659 2786 2713 Deus
2817 2673 2933 2714 non
2960 2659 3254 2731 prohibet.
3282 2660 3541 2717 Primum

1876 2743 2144 2816 quidem,
2206 2748 2269 2799 ut
2315 2744 2590 2801 virtutem
2640 2752 2981 2813 armaturae,
3028 2765 3150 2820 qua
3182 2748 3427 2804 indutus
3479 2765 3542 2805 es

1879 2849 2190 2905 agnoscas.
2222 2834 2442 2889 Deinde
2470 2839 2532 2890 ut
2552 2835 2769 2892 bellare
2797 2837 3016 2892 discas.
3051 2838 3139 2894 Ad
3164 2838 3293 2895 haec
3324 2844 3388 2895 ut
3406 2854 3543 2911 pro-

1878 2924 2057 2980 batus
2088 2923 2218 2979 ﬁas.
2254 2926 2533 2980 Praeterea
2578 2929 2640 2981 ut
2678 2925 2793 2981 hoc
2832 2926 3016 2983 modo
3060 2943 3181 2983 non
3213 2928 3541 2987 extollaris.

1876 3014 2130 3069 Demum
2174 3017 2240 3067 ut
2284 3013 2437 3068 scias
2468 3028 2760 3082 magnum
2806 3014 2915 3070 tibi
2955 3017 3362 3072 concreditum
3412 3032 3545 3073 esse

1878 3104 2248 3159 thesaurum.
2283 3103 2399 3159 Nisi
2426 3103 2587 3158 enim
2617 3103 2697 3159 ita
2724 3103 2943 3168 fuisset,
2973 3121 3362 3178 nequaquam
3392 3106 3545 3162 frus-

1879 3197 1969 3248 tra
2022 3200 2216 3248 tecum
2248 3191 2590 3263 conﬂigeret
2617 3191 2914 3250 inimicus.
2969 3197 3114 3251 Nam
3154 3194 3260 3251 ubi
3299 3195 3541 3252 divitias

1881 3282 2054 3349 videt,
2085 3281 2166 3336 ibi
2206 3281 2394 3338 aciem
2420 3297 2493 3337 ex
2514 3281 2763 3337 adverso
2793 3282 3045 3338 instruit.

1953 3373 2173 3428 Ductus
2199 3376 2287 3428 est
2307 3376 2507 3428 autem
2532 3372 2591 3427 in
2621 3371 2925 3428 desertum
2951 3374 3315 3430 inaccessum
3344 3395 3355 3441 ;
3379 3375 3545 3447 quod

1880 3461 2273 3519 manifestans
2305 3463 2532 3517 Marcus
2565 3463 2633 3527 ⁶¹,
2666 3462 2808 3518 dicit
2836 3465 3013 3519 etiam
3058 3462 3239 3520 fuisse
3277 3464 3359 3520 ibi
3406 3480 3547 3520 cum

1880 3550 2110 3617 bestiis,
2144 3550 2304 3606 unde
2331 3551 2529 3621 majus
2557 3566 2800 3623 quoque
2825 3551 3050 3607 bellum
3082 3552 3551 3627 demonstratur.

1881 3640 2049 3696 Tunc
2075 3639 2234 3695 enim
2268 3638 2456 3711 magis
2486 3638 2655 3694 irruit
2702 3639 3001 3711 diabolus,
3060 3657 3198 3697 cum
3245 3642 3548 3700 hominem

1882 3730 2074 3802 magis
2095 3728 2310 3785 viderit
2335 3728 2680 3801 solitarium,
2701 3730 2984 3802 omnique
3011 3731 3306 3803 privatum
3328 3747 3543 3791 conso-

1878 3819 2120 3875 latione.
3150 3808 3153 3809 ν

1950 3910 2113 3964 Vers.
2145 3907 2177 3962 2
2206 3909 2286 3964 Et
2315 3938 2384 3949 —
2414 3907 2637 3964 esuriit.
2662 3907 2922 3963 Primum
2940 3907 3256 3981 jejunavit,
3288 3909 3544 3968 innuens

1881 3998 2047 4071 quod
2091 4013 2380 4068 magnum
2411 3997 2937 4070 propugnaculum
2983 3998 3058 4054 sit
3097 3999 3417 4071 jejunium,
3449 4000 3544 4057 his

1880 4089 1983 4161 qui
2016 4088 2276 4143 daamoni
2318 4090 2827 4159 repugnantNon
2859 4089 3110 4143 excessit
3142 4096 3342 4145 autem
3385 4106 3547 4146 men-

1883 4192 2107 4240 suram,
2153 4193 2337 4248 quam
2371 4183 2509 4232 ante
2537 4176 2741 4247 ipsum
2772 4176 3045 4246 attigerat
3092 4175 3266 4245 Elias,
3306 4181 3362 4233 et
3408 4184 3543 4233 ante

1882 4266 2053 4321 illum
2075 4266 2284 4322 Moses:
2304 4281 2379 4320 ne
2396 4265 2674 4321 virtutem
2688 4264 2969 4320 humana:
2992 4269 3218 4320 naturas
3237 4282 3546 4338 supergre-

1882 4354 2073 4421 diens,
2098 4353 2444 4409 incredibile
2469 4353 2764 4409 faceretse
2786 4355 3093 4409 hominem
3121 4369 3248 4409 esse
3280 4375 3291 4419 ;
3323 4360 3377 4410 et
3406 4355 3545 4411 hinc

1883 4448 1989 4509 est,
2022 4443 2185 4516 quod
2203 4449 2400 4515 postea
2453 4443 2676 4507 esuriit,
2704 4442 3014 4499 hominem
3056 4458 3116 4498 se
3162 4460 3293 4499 esse
3335 4445 3546 4500 conﬁr-

1883 4546 2081 4590 mans.
2116 4532 2422 4605 Siquidem
2453 4531 2678 4588 homini
2718 4534 3029 4604 proprium
3068 4538 3154 4588 est
3203 4549 3275 4589 ex
3312 4533 3547 4606 jejunio

1884 4622 2127 4679 esurire.
2158 4622 2465 4694 Superﬂue
2497 4626 2699 4678 autem
2728 4622 2869 4679 addi
2901 4622 3134 4678 videtur
3164 4623 3238 4679 de
3266 4624 3544 4680 noctibus.

1886 4713 2035 4769 Puto
2062 4717 2263 4768 tamen
2304 4716 2545 4785 propter
2595 4712 2971 4768 Hebraeorum
3006 4712 3234 4786 jejunia
3274 4714 3548 4771 additum

1886 4819 2038 4867 esse,
2075 4803 2178 4875 qui
2199 4802 2412 4858 diebus
2429 4802 2792 4872 jejunantes,
2820 4801 3092 4857 noctibus
3115 4802 3544 4859 edebant.Mar—

1888 4908 1994 4949 cus
2023 4897 2225 4948 tamen
2246 4895 2301 4947 et
2321 4892 2530 4958 Lucas,
2558 4894 2761 4946 noctes
2791 4896 3079 4964 tanquam
3103 4891 3548 4949 subintellectas

1889 4982 2314 5054 praeterierunt.

1960 5070 2123 5128 Vers.
2156 5075 2208 5127 3.
2242 5070 2317 5126 Et
2348 5100 2415 5110 -—
2441 5071 2610 5140 ﬁant.
2636 5070 2865 5127 Marcus
2905 5074 3107 5127 autem
3147 5075 3203 5127 et
3243 5072 3430 5126 Lucas
3462 5068 3549 5125 di-

1889 5165 2124 5228 xerunt,
2150 5160 2318 5233 quod
2338 5159 2520 5217 etiam
2542 5159 2603 5215 in
2624 5159 3029 5233 quadraginta
3054 5158 3269 5217 diebus
3290 5158 3537 5219 tentaba

1426 5516 1647 5595 Variae
1693 5522 2017 5595 lectiones
2040 5530 2107 5590 et
2135 5530 2339 5595 notae.

210 5736 285 5819 (ιι)
308 5738 449 5805 Sive
478 5748 669 5800 caena
704 5721 994 5798 mystica.
1018 5716 1153 5778 Haec
1182 5714 1257 5779 de
1282 5734 1392 5782 suo
1416 5718 1652 5779 videtur
1682 5719 1765 5781 ad

1882 5719 2012 5779 isse.
2036 5718 2103 5778 In
2129 5718 2279 5777 meis
2308 5732 2432 5777 non
2461 5721 2549 5777 est
2578 5717 2693 5778 ἦτοι
2721 5723 2813 5772 τοῦ
2842 5724 3103 5794 μυστικοῦ
3136 5710 3371 5777 δείπνου.
