4098 6432
582 390 686 447 175

1916 380 2266 442 EUTHYMII
2309 381 2632 441 ZIGABENI
3840 391 3933 447 176

581 518 679 572 tur
711 516 777 578 ⁸³,
823 514 889 569 ut
938 510 1321 568 manifestum
1366 509 1459 575 sit,
1508 509 1675 582 quod
1719 510 1782 566 in
1828 509 1939 566 illis
1999 510 2228 583 quiden:

2352 510 2740 583 πειραζόμενος,
2792 512 2856 570 ὡς
2920 508 3049 562 εἶναι
3117 506 3294 578 δῆλον,
3347 512 3425 565 ὅτι
3482 510 3530 565 ἕν
3588 511 3801 576 ἐκειναις
3854 521 3932 588 μὲν

582 603 782 676 ipsum
815 618 845 657 e
874 601 1206 674 longinquo
1229 600 1499 656 tentabat
1527 616 1780 672 :nempe
1806 616 1905 671 per
1937 617 2239 666 somnum,

581 708 689 766 per
722 691 1035 756 tristitiam,
1074 706 1181 762 per
1206 690 1533 760 ignaviam,
1574 696 1627 745 et
1646 690 1880 745 similia.
1915 689 2242 762 Postquam

582 785 781 838 autem
814 780 1014 852 ipsum
1045 780 1266 835 esurire
1288 778 1587 849 cognovit,
1608 779 1735 849 jam
1765 794 1951 850 prope
1973 780 2243 834 acmani-

578 869 725 926 feste
739 867 1223 941 appetivitzidque
1240 884 1345 940 per
1361 868 1556 923 Vitium
1576 867 1707 922 fami
1727 867 2084 923 conveniens
2097 873 2242 939 puta

578 957 805 1029 gulam.
838 957 1157 1013 Considera
1186 971 1323 1012 vero
1360 955 1501 1028 quid
1545 955 1740 1012 faciat.
1795 956 2078 1011 Audierat
2108 962 2164 1011 et
2205 971 2242 1012 a

576 1049 827 1114 Joanne,
862 1051 916 1103 et
946 1062 1052 1119 per
1072 1061 1279 1102 vocem
1304 1045 1534 1102 caelitus
1561 1045 1890 1116 delapsam,
1918 1045 2079 1101 hunc
2109 1060 2240 1101 esse

574 1137 678 1193 Dei
708 1136 915 1192 Filium
939 1153 952 1203 ;
995 1136 1279 1205 ignorans
1303 1149 1446 1204 ergo
1471 1135 1637 1207 quod
1665 1134 1764 1189 Dei
1789 1133 1966 1189 Filius
1996 1149 2239 1190 carnem

578 1225 1018 1297 assumpsisset,
1050 1223 1350 1296 siquidem
1374 1223 1547 1279 latuit
1572 1239 1709 1279 eum
1740 1238 2029 1279 arcanum
2052 1223 2239 1279 incar-

573 1313 834 1371 nationis
860 1314 1233 1386 mysterium,
1276 1312 1613 1385 suspicatus
1653 1318 1740 1368 est
1766 1312 2075 1368 hominem
2109 1312 2238 1384 qui-

574 1403 713 1460 dem
753 1419 906 1468 esse,
940 1418 977 1460 a
1008 1405 1123 1459 Deo
1154 1406 1357 1459 tamen
1386 1402 1467 1458 ob
1497 1401 1741 1458 virtutes
1771 1403 1959 1474 ipsius
1991 1401 2237 1474 adopta-

573 1496 723 1551 tum.
756 1492 963 1565 Itaque
993 1492 1045 1548 ei
1079 1492 1209 1563 jam
1236 1496 1468 1548 tantum
1498 1491 1709 1547 invidit
1738 1492 2051 1557 honorem,
2084 1490 2237 1548 sicut

577 1587 636 1640 et
662 1582 845 1639 veteri
872 1579 1067 1638 Adam
1101 1598 1115 1637 :
1148 1581 1436 1654 nisusque
1454 1588 1540 1637 est
1566 1581 1747 1650 hunc,
1778 1581 1935 1637 velut
1956 1580 2124 1638 illum
2154 1581 2234 1638 ab

570 1670 703 1744 ipso
733 1671 1005 1743 dejicere.

643 1851 710 1907 Et
755 1849 979 1907 idcirco
1021 1848 1266 1921 propius
1317 1848 1630 1914 accedens,
1662 1849 1917 1922 primam
1954 1849 2235 1922 producit

572 1938 981 2004 tentationem,
1014 1953 1233 2011 nempe
1263 1937 1665 2009 gulositatem,
1705 1954 1810 2010 per
1858 1954 2045 2010 quam
2077 1938 2235 2011 cepit

569 2034 627 2087 et
663 2029 927 2102 primum
953 2028 1165 2085 Adam.
1200 2028 1349 2094 Quia
1402 2044 1543 2099 ergo
1584 2028 1779 2084 nullus
1805 2029 2008 2084 aderat
2038 2028 2228 2096 cibus,

568 2133 641 2174 eo
672 2118 835 2189 quod
864 2117 1142 2173 desertus
1170 2116 1349 2172 nimis
1367 2123 1524 2172 esset
1554 2116 1740 2183 locus,
1774 2117 2001 2173 sciebat
2031 2124 2230 2174 autem

566 2205 713 2263 fami
746 2204 1203 2261 convenientem
1236 2220 1363 2260 esse
1402 2220 1625 2276 panem
1654 2204 1803 2276 ipse,
1836 2205 2079 2277 quidem
2110 2221 2232 2263 non

567 2293 757 2359 affert,
800 2310 870 2350 eo
900 2293 1063 2366 quod
1087 2293 1165 2350 ab
1205 2293 1551 2350 adversario
1584 2293 1848 2349 Christus
1882 2301 2232 2366 sumpturus

565 2399 692 2441 non
722 2388 868 2455 erat,
918 2383 1026 2439 sed
1060 2383 1233 2455 jubet
1263 2387 1326 2439 ut
1354 2383 1429 2439 de
1458 2383 1765 2455 lapidibus
1786 2400 1971 2455 panes
1995 2384 2226 2441 efﬁciat.

563 2472 633 2530 Et
653 2488 728 2529 ne
755 2471 1022 2529 Christus
1044 2471 1295 2529 insidias
1324 2478 1696 2543 agnosceret,
1720 2472 1971 2530 observa
1987 2474 2231 2530 technas

566 2561 698 2632 ejus
729 2577 798 2618 ac
828 2561 1066 2617 malitiae
1096 2560 1594 2630 magnitudinem.
1626 2564 1755 2617 Non
1784 2561 1933 2617 dixit
1962 2562 2229 2634 simplici-

564 2653 654 2707 ter
682 2666 695 2705 :
724 2648 946 2715 Facito,
980 2653 1045 2705 ut
1073 2650 1165 2705 isti
1192 2649 1423 2721 lapides
1448 2666 1632 2721 panes
1660 2651 1828 2715 ﬁant,
1859 2651 1963 2707 sed
1995 2652 2231 2724 praemi-

566 2738 765 2795 sit:Si
796 2738 985 2795 Filius
1022 2738 1126 2794 Dei
1154 2754 1230 2805 es,
1265 2743 1628 2811 utappareat
1656 2740 1821 2811 quod
1868 2743 1931 2796 ut
1960 2739 2231 2797 demons-

564 2831 770 2897 tretur,
797 2842 876 2883 an
906 2826 1084 2882 Filius
1118 2827 1217 2882 Dei
1250 2826 1342 2893 sit,
1378 2827 1521 2898 petit
1547 2827 1626 2900 (υ)
1652 2826 1924 2900 lapidum
1956 2830 2016 2884 in
2048 2846 2229 2900 panes

563 2916 693 2972 ﬁeri
750 2915 1357 2972 transformationem.
1416 2917 1578 2973 Putat
1655 2918 1816 2973 enim
1884 2918 2228 2990 hujusmodi

563 3005 758 3061 verbis
782 3004 1201 3077 pungendum,
1235 3011 1527 3077 tanquam
1576 3005 1793 3063 rubore
1824 3007 2227 3080 sulfundatur,

563 3094 613 3150 si
639 3094 819 3150 Filius
859 3094 961 3151 Dei
989 3111 1110 3151 non
1142 3110 1269 3151 esse
1301 3095 1600 3165 credatur,
1632 3100 1694 3152 ut
1732 3097 2007 3167 ignorato
2064 3097 2223 3165 dolo,

560 3182 791 3255 lapides
842 3183 903 3239 in
949 3199 1135 3255 panes
1188 3184 1592 3253 transformet,
1650 3192 1898 3257 accepta
1936 3192 2089 3243 certe
2141 3188 2226 3258 (οῖ)

2351 598 2608 672 πόρρωθεν
2640 599 2792 651 αὐτὸν
2837 597 3076 672 ἐπείραζε
3117 596 3189 651 δι’
3235 600 3418 667 ὕπνου,
3472 597 3543 653 δι’
3577 598 3819 668 ἀκηδίας,
3851 602 3934 658 διὰ

2353 684 2546 748 δειλίας
2592 693 2681 740 καὶ
2718 696 2815 738 τῶν
2846 690 3091 740 τοιούτων
3125 710 3136 721 ·
3170 687 3277 741 ἐπεὶ
3326 686 3385 741 δὲ
3436 692 3565 761 ἔγνω
3609 698 3785 744 τοῦτόν
3836 713 3934 747 πει-

2350 779 2597 844 νάσαντα,
2653 776 2830 829 λοιπὸν
2887 777 3174 851 προσῆλθεν
3218 776 3390 849 ἐγγὺς,
3440 784 3531 831 καὶ
3582 789 3799 853 φανερῶς
3831 782 3932 854 (96)

2351 866 2490 936 αύτῷ
2532 864 2842 937 προσϐάλλει
2883 863 2978 918 διὰ
3008 874 3097 918 τοῦ
3127 864 3428 925 ἐπιτηδείου
3458 876 3520 940 τῇ
3554 874 3698 941 πείνῃ
3727 872 3932 937 πάθους,

2347 953 2479 1026 λέγω
2538 952 2630 1023 δὴ,
2680 964 2772 1017 τῆς
2806 961 3252 1030 γαστριμαργίας.
3314 963 3415 1011 Καὶ
3463 962 3665 1024 σκόπει,
3697 962 3748 1010 τί
3778 967 3925 1016 ποιεῖ.

2347 1042 2567 1097 Ἤκουσε
2644 1049 2733 1096 καὶ
2814 1047 2959 1119 παρά
3022 1053 3114 1098 τοῦ
3189 1046 3421 1113 Ἰωάνου,
3480 1052 3569 1099 καὶ
3639 1050 3782 1121 παρά
3849 1056 3935 1109 τῆς

2347 1135 2749 1205 κατενεχθείσης
2809 1134 2999 1187 ἄνωθεν
3062 1143 3248 1207 φωνῆς,
3304 1137 3383 1187 ότι
3458 1136 3609 1199 οὗτος
3660 1139 3781 1198 Υἱός
3830 1137 3935 1190 ἐστι

2346 1229 2437 1273 τοῦ
2482 1230 2615 1275 Θεοῦ
2669 1227 2757 1275 καὶ
2812 1221 3004 1294 ἀγνοῶν
3053 1226 3133 1275 ὅτι
3177 1226 3203 1276 6
3233 1226 3353 1285 Υἱὸς
3380 1232 3471 1277 τοῦ
3513 1233 3647 1279 Θεοῦ
3688 1227 3936 1301 ἐνηνθρώ-

2346 1330 2511 1369 πησεν
2554 1332 2565 1344 ·
2612 1311 2759 1364 ἔλαθε
2813 1315 2913 1387 γὰρ
2965 1313 3119 1365 αὐτόν
3173 1315 3202 1371 ἡ
3260 1312 3549 1388 ἀπόρρητος
3602 1314 3763 1367 αὐτοῦ
3810 1314 3938 1369 ἔναν-

2348 1401 2617 1474 θρώπησις
2664 1418 2676 1430 ο

2343 1496 2416 1560 τῷ
2450 1496 2563 1560 Θεῷ
2596 1485 2687 1542 διὰ
2719 1492 2807 1550 τάς
2854 1489 3037 1563 ἀρετὰς
3084 1490 3264 1557 αὐτοῦ,
3313 1496 3403 1544 καὶ
3447 1492 3623 1545 λοιπὸν
3670 1491 3939 1566 ἐφθόνησεν

2344 1577 2485 1648 αὐτῷ
2533 1585 2629 1639 τῆς
2677 1578 3000 1641 τηλικαύτης
3053 1588 3228 1653 τιμῆς,
3262 1582 3435 1655 ὥσπερ
3480 1586 3568 1634 καὶ
3615 1590 3687 1653 τῷ
3743 1583 3939 1655 παλαιῷ

2345 1663 2544 1739 Ἀδάμ,
2573 1671 2663 1720 καὶ
2706 1669 2955 1722 ἔσπευσεν
3005 1667 3233 1723 ἐκϐαλεῖν
3290 1674 3380 1724 καὶ
3426 1677 3604 1724 τοῦτον
3636 1674 3846 1741 ταύτης,
3878 1675 3940 1734 ὡς

2345 1754 2533 1809 ἐκεῖνον
2553 1755 2716 1815 ἐκείνη
2728 1778 2749 1820 ς
2760 1802 2773 1814 ,

2739 1400 2984 1454 ὑπελαϐεν
3036 1403 3137 1470 ὃτι,
3196 1403 3463 1475 ἄνθρωπος
3527 1402 3616 1469 ὢν,
3667 1406 3935 1463 υἱοθετήοη

2414 1936 2502 1986 Διό
2583 1938 2672 1987 καὶ
2744 1935 3040 2010 προσελθὼν
3114 1935 3269 2010 ἐγγὺς
3323 1979 3336 2003 ,
3412 1942 3622 2012 πρώτην
3691 1959 3943 2015 προσαγει

2339 2028 2542 2094 πεῖραν,
2603 2027 2697 2081 τὴν
2768 2030 3214 2099 γαστριμαργίαν,
3278 2023 3353 2079 δι’
3406 2028 3467 2090 ἧς
3538 2028 3637 2081 εἷλε
3702 2034 3796 2082 καὶ
3862 2033 3944 2082 τὸν

2340 2119 2543 2183 πρῶτον
2595 2108 2771 2184 ’Δδάμ
2819 2133 2833 2146 ο
2879 2119 2969 2166 καὶ
3022 2113 3130 2167 ἐπεὶ
3186 2111 3424 2187 οὐδαμοῦ
3472 2114 3672 2189 βρῶσις
3720 2118 3806 2188 ἧν,
3857 2114 3947 2171 διὰ

2340 2203 2435 2257 τὴν
2471 2201 2601 2272 ἄγαν
2651 2202 2890 2275 ἐρημίαν,
2923 2200 3170 2273 ἐγίνωσκε
3222 2201 3280 2257 δὲ
3332 2212 3392 2277 τῇ
3441 2209 3589 2278 πείνῃ
3650 2209 3739 2259 τὸν
3795 2207 3947 2280 ἄρτον

2341 2284 2469 2341 εἶναι
2512 2289 2850 2357 κατάλληλον,
2902 2291 3051 2352 αὐτὸς
3107 2295 3197 2365 μὲν
3246 2294 3303 2346 ού
3350 2298 3651 2368 προσφέρει,
3681 2291 3828 2348 διότι
3858 2294 3950 2347 οὐκ

2340 2376 2537 2449 ἔμελλεν
2569 2378 2724 2431 αὐτὸν
2758 2383 2902 2455 παρά
2954 2388 3046 2433 τοῦ
3090 2381 3337 2454 πολεμίου
3392 2382 3564 2436 λαϐεῖν
3612 2386 3639 2435 6
3691 2388 3947 2458 Χριστός,

2339 2464 2599 2520 ἕπιτάττει
2657 2463 2717 2521 δε
2795 2468 2957 2540 αὐτῷ,
3018 2479 3243 2529 ποιῆσαι
3297 2475 3418 2533 τοὺς
3479 2469 3950 2547 ύποδεικνυμένους

2336 2554 2530 2622 λίθους,
2563 2558 2755 2632 ἄρτους
2787 2575 2797 2587 ·
2848 2562 2937 2611 καὶ
2988 2560 3069 2611 ἶνα
3114 2564 3185 2632 μὴ
3240 2565 3403 2633 νοήσῃ
3458 2564 3552 2621 τὴν
3604 2560 3887 2621 ἐπιϐουλὴν
3925 2564 3950 2614 6

2338 2649 2590 2719 Χριστὸς,
2642 2648 2738 2721 ὅρα
2794 2653 3044 2719 μηχανὴν
3109 2652 3199 2701 καὶ
3264 2655 3514 2725 πονηρίας
3584 2651 3880 2725 ὑπερϐολήν
3936 2666 3948 2681 ·

2340 2733 2432 2785 οὐκ
2484 2731 2619 2787 εἶπεν
2674 2734 2847 2799 ἁπλῶς
2904 2738 3004 2803 ὅτι,
3067 2743 3298 2796 Ποίησον
3349 2742 3465 2800 τοὺς
3511 2738 3684 2802 λίθους
3732 2743 3949 2816 ἄρτους,

2339 2821 2468 2875 ἀλλά
2522 2824 2771 2897 προέταξε
2801 2830 2859 2877 τό
2903 2842 2914 2854 ·
2952 2826 3012 2880 Εἰ
3070 2828 3193 2889 Υἱὸς
3244 2826 3291 2880 εἷ
3337 2836 3429 2881 τοῦ
3480 2836 3633 2895 Θεοῦ,
3664 2829 3751 2883 ἵνα
3796 2827 3949 2905 δόξῃ,

2338 2913 2415 2963 ὅτι
2468 2914 2599 2985 πρὸς
2652 2909 2919 2977 ἀπόδειξιν
2958 2922 3049 2968 τοῦ
3104 2913 3233 2968 εἶναι
3275 2915 3430 2969 αὐτόν
3461 2919 3579 2970 Υἱόν
3612 2925 3751 2972 Θεοῦ
3805 2920 3955 2980 ζητεῖ

2335 3003 2576 3072 γενέσθαι
2632 3006 2725 3061 τὴν
2794 3009 3142 3074 μεταποίησιν
3212 3013 3313 3056 τῶν
3362 3006 3517 3059 λίθων
3584 3007 3656 3068 εἰς
3725 3009 3946 3083 ἄρτους.

2334 3094 2488 3161 ’ῼετο
2544 3093 2669 3166 γὰρ,
2713 3092 2793 3143 ὅτι
2846 3095 3336 3168 παρακνισθήσεται
3382 3102 3452 3147 τῶ
3505 3094 3662 3167 λόγῳ,
3711 3099 3953 3170 καθάπερ

2340 3175 2653 3241 ὀνειδισθεὶς
2703 3179 2786 3232 ἐπὶ
2833 3189 2906 3251 τῷ
2946 3185 3017 3254 μὴ
3070 3178 3200 3234 εἶναι
3249 3183 3369 3244 Υἱὸς
3422 3191 3575 3252 Θεοῦ,
3623 3189 3714 3237 καὶ
3756 3183 3957 3257 ἀγνοῶν

560 3289 600 3331 a
626 3253 745 3330 Deo
776 3253 1063 3346 potestate
1092 3289 1199 3340 ;ac
1230 3274 1623 3345 postmodum
1650 3253 1859 3330 videns
1881 3276 2011 3348 jam
2042 3253 2225 3348 ipsos,

2341 3270 2423 3318 τὸν
2494 3264 2665 3332 δόλον,
2724 3268 3003 3341 μεταϐαλεῖ
3057 3273 3179 3331 τοὺς
3234 3270 3410 3333 λίθους
3465 3272 3537 3334 εἰς
3603 3253 3829 3347 ἄρτους,
3889 3275 3959 3335 ὡς

560 3378 789 3433 magna
814 3365 1099 3419 attractus
1131 3362 1343 3429 esurie,
1372 3362 1701 3434 dejiciatur.
1740 3364 1856 3420 Sed
1905 3381 2027 3421 non
2060 3365 2229 3422 latuit

561 3451 754 3517 illum,
813 3450 919 3524 qui
985 3449 1288 3523 sapientes
1365 3451 1819 3524 comprehendit
1893 3453 1952 3510 in
2013 3454 2229 3512 astutia

563 3557 676 3598 sua
716 3542 786 3597 ⁵³.

633 3629 795 3685 Vers.
857 3628 909 3682 4.
970 3627 1076 3694 Qui
1122 3658 1188 3669 -
1245 3629 1372 3685 Dei.
1428 3629 1725 3687 Intellecta
1775 3630 1934 3687 illius
1990 3634 2224 3697 astutia,

564 3716 805 3789 signum
836 3732 957 3773 non
979 3715 1166 3774 edidit
1190 3718 1563 3789 requisitum.
1590 3721 1737 3775 Nam
1761 3721 1933 3790 signa
1958 3722 2035 3777 ad
2066 3738 2227 3779 com-

562 3807 806 3863 modum
858 3807 1220 3863 intuentium
1252 3808 1379 3863 ﬁeri
1435 3816 1869 3865 consueverunt
1913 3811 2225 3868 :diabolus

563 3900 763 3954 autem
781 3896 1013 3951 nullam
1036 3894 1175 3951 inde
1197 3896 1492 3953 relaturus
1510 3903 1635 3955 erat
1652 3899 1982 3956 utilitatem.
2008 3902 2224 3957 Etenim

560 3999 758 4056 neque
807 3984 952 4041 visis
985 3986 1375 4056 postmodum
1406 3987 1690 4043 omnibus
1722 4004 1857 4060 quae
1887 3989 2023 4046 fecit
2068 3991 2225 4046 Chri-

563 4077 711 4137 stus,
738 4073 797 4130 in
823 4073 1027 4145 aliquo
1052 4079 1318 4131 mutatus
1340 4079 1448 4132 est.
1479 4074 1596 4132 Sed
1617 4076 1696 4133 ad
1717 4078 2009 4135 occultam
2026 4079 2221 4151 ipsius

559 4163 881 4236 respondet
910 4164 1346 4234 cogitationem,
1376 4169 1432 4221 et
1455 4181 1527 4221 ex
1551 4165 1685 4221 libri
1714 4169 2151 4225 Deuteronomii
2176 4172 2222 4206 ⁸⁸

561 4253 865 4325 Scriptura
898 4252 951 4309 ei
991 4252 1296 4310 silentium
1322 4254 1594 4327 imponit.
1627 4257 1710 4311 Ac
1751 4257 1799 4312 si
1836 4256 2054 4314 diceret
2089 4275 2100 4313 :
2133 4261 2223 4316 Ad

558 4341 708 4414 quid
737 4342 883 4398 mihi
909 4358 1063 4415 opus
1091 4347 1178 4399 est
1203 4359 1392 4416 panes
1420 4359 1492 4399 ex
1521 4344 1826 4416 lapidibus
1841 4345 2055 4414 facere,
2086 4365 2223 4421 pro-

558 4438 691 4504 pter
715 4431 937 4489 famem
963 4448 1097 4504 quae
1122 4450 1217 4489 me
1233 4439 1420 4503 urget.
1448 4434 1639 4490 Utillis
1652 4435 1789 4491 visis
1806 4436 2027 4495 alliciar
2048 4439 2223 4495 esca?

558 4519 737 4591 Atqui
766 4535 894 4575 non
927 4519 1052 4575 solo
1083 4537 1240 4592 pane
1261 4522 1574 4579 hominum
1603 4524 1719 4580 vita
1745 4526 1965 4582 servari
2001 4533 2219 4600 potest.

563 4607 671 4663 sed
710 4612 766 4663 et
808 4608 924 4664 alio
956 4615 1243 4680 praeterea
1275 4611 1387 4667 cibi
1433 4628 1668 4682 genere.
1703 4616 1889 4671 Omne
1924 4617 2219 4689 siquidem

2341 4620 2394 4653 ιιε
2443 4605 2641 4672 πείναν,
2697 4603 2779 4655 ἵνα
2844 4607 3096 4676 φανέντων
3150 4601 3461 4673 delecta-9&3;

558 4696 813 4752 verbum
848 4697 921 4753 ab
950 4714 1051 4753 ore
1106 4698 1208 4754 Dei
1252 4702 1565 4771 egrediens
1608 4702 1686 4759 ad
1739 4719 1878 4760 eum
1926 4707 2030 4777 qui
2060 4707 2220 4764 fame

558 4786 868 4859 premitur,
902 4786 1030 4844 loco
1062 4786 1181 4844 cibi
1212 4790 1397 4846 vitam
1442 4792 1573 4862 ejus
1616 4792 1890 4864 sustinet,
1924 4800 1976 4848 et
2005 4796 2223 4853 sufﬁcit

559 4874 635 4932 ei.
669 4874 756 4931 Ita
782 4891 925 4932 sane
957 4877 1391 4951 gastrimargiaa
1418 4879 1624 4936 dolum
1666 4880 2117 4951 longanimitate
2149 4900 2220 4941 ac

557 4962 867 5024 tolerantia
888 4965 1123 5038 repulit.
1149 4965 1607 5026 Observandum
1622 4968 1693 5043 (Ζ)
1721 4986 1859 5028 vero
1880 4973 2218 5032 Matthoeum

630 5134 676 5172 ⁸³
707 5135 877 5193 Marc.
909 5149 947 5203 ι,
982 5134 1048 5191 13
1081 5153 1095 5207 ;
1137 5133 1274 5192 Luc.
1310 5151 1388 5207 vx,
1419 5138 1474 5194 2.

2340 3357 2477 3427 ἔχων
2532 3355 2586 3408 ἐκ
2639 3364 2772 3411 Θεοῦ
2831 3355 3075 3432 δύναμιν,
3136 3364 3225 3413 καὶ
3293 3359 3492 3429 λοιπὸν,
3545 3358 3674 3413 ἰδὼν
3738 3362 3959 3429 αὐτούς,

2337 3446 2472 3497 πάνυ
2522 3455 2704 3499 πεινῶν
2774 3448 3131 3506 ἡττηθήσεται
3206 3456 3298 3521 τῇς
3357 3453 3591 3525 γαστρός
3630 3468 3643 3484 ·
3689 3448 3804 3503 ἀλλ’
3862 3451 3963 3503 ούκ

2336 3532 2484 3587 ἔλαθε
2524 3537 2612 3588 τὸν
2658 3531 3015 3609 δρασσόμενον
3063 3540 3184 3598 τοὺς
3236 3539 3421 3611 σοφούς
3462 3537 3513 3591 ἓν
3554 3546 3616 3613 τῇ
3649 3544 3967 3617 πανουργίᾳ

2338 3621 2401 3675 αύ
2410 3631 2527 3677 τῶν.

2406 3711 2465 3763 Ὀ
2523 3709 2583 3765 δὲ
2642 3710 2944 3787 ἀποκριθεὶς
2992 3745 3061 3755 -
3112 3722 3266 3771 Θεοῦ.
3326 3720 3500 3778 Συνεὶς
3558 3721 3653 3777 τὴν
3721 3738 3966 3795 πανουρ-

2334 3805 2455 3872 γίαν
2487 3800 2668 3868 αὑτοῦ,
2700 3805 2756 3854 τὸ
2786 3805 2876 3874 μεν
2922 3802 3233 3865 ἐπιζητηθεν
3277 3812 3492 3877 σημεῖον
3536 3807 3628 3859 οὐκ
3680 3806 3914 3866 ἐποίησε
3954 3830 3967 3842 ·

2338 3886 2480 3943 διότι
2535 3892 2600 3943 τὰ
2660 3898 2854 3963 σημεῖα
2923 3888 2997 3944 δι’
3062 3894 3302 3965 ὡφελειαν
3351 3903 3450 3947 τῶν
3508 3897 3747 3971 ὁρώντων
3813 3898 3969 3949 εἴωθε

2332 3980 2590 4051 γίνεσθαι,
2639 3982 2664 4031 ὁ
2715 3977 2774 4033 6“:
2805 3976 3043 4042 διάϐολος
3088 3977 3239 4035 οὐδὲν
3293 3983 3488 4056 ἔμελλεν
3542 3983 3780 4039 ἐντεῦθεν
3835 3992 3972 4058 ὡφε-

2333 4067 2555 4127 ληθῆναι
2590 4084 2603 4099 ·
2634 4074 2723 4122 καὶ
2771 4070 2870 4144 γὰρ
2918 4068 3152 4145 ὕστερον,
3212 4067 3337 4124 ἰδὼν
3380 4076 3570 4142 πάντα,
3626 4076 3734 4127 ὅσα
3774 4074 3969 4132 ἐποιη-

2336 4176 2420 4210 σεν
2476 4158 2503 4209 6
2569 4160 2799 4232 Χριστὸς
2851 4201 2865 4225 ,
2925 4155 3076 4211 οὐδὲν
3134 4159 3421 4233 μετεϐλήθη
3477 4179 3489 4192 ·
3549 4166 3675 4236 πρὸς
3748 4161 3815 4217 δὲ
3879 4168 3973 4216 τὸν

2332 4249 2681 4319 κεκρυμμένον
2750 4246 2908 4299 αὐτοῦ
2990 4253 3182 4301 σκοπὸν
3258 4249 3611 4323 ἀπολογεῖται,
3672 4256 3775 4304 καὶ
3863 4252 3971 4305 ἀπὸ

2331 4341 2423 4401 τῆς
2472 4334 2521 4385 ἐν
2569 4344 2631 4407 τῇ
2680 4334 2848 4408 βίϐλῳ
2886 4344 2978 4389 τοῦ
3028 4343 3423 4411 Δευτερονομίου
3478 4346 3689 4415 Γραφῆς
3747 4338 3978 4397 ἐπιστο-

2332 4423 2473 4495 μίζει
2530 4422 2707 4494 αὐτὸν,
2754 4426 2942 4478 ὡσανεὶ
3000 4425 3159 4498 λέγων
3193 4449 3205 4461 ·
3265 4434 3327 4481 Τί
3380 4448 3469 4501 μοι
3531 4437 3698 4482 ποιεῖν
3762 4434 3979 4505 ἄρτους

2332 4510 2387 4563 ἐκ
2449 4509 2605 4565 λίθων
2667 4511 3004 4582 ἐπιτάττειςς
3051 4518 3261 4578 Πάντως
3316 4514 3409 4570 διὰ
3458 4522 3552 4575 τὴν
3609 4525 3980 4593 συνέχουσάν

3518 4607 3652 4661 Ἀλλ’
3724 4610 3834 4663 οὐκ
3892 4611 3980 4663 ἐπ’

2330 4690 2472 4767 ἄρτῳ
2524 4696 2663 4764 μόνῳ
2715 4695 2935 4756 ζήσεται
2991 4696 3276 4768 ἄνθρωπος,
3321 4693 3429 4747 ἀλλ’
3477 4699 3592 4749 ἔστι
3630 4702 3729 4751 καὶ
3790 4702 3984 4773 ἔτερος

2328 4785 2515 4853 τρόπος
2569 4788 2783 4856 τροφῆς.
2844 4786 2944 4836 Καὶ
3008 4786 3109 4860 γὰρ
3163 4791 3264 4837 πᾶν
3314 4785 3480 4859 ῥῆμα,
3541 4785 3984 4862 ἐκπορευόμενον

2331 4864 2425 4922 διὰ
2479 4872 2741 4944 στόματος
2794 4879 2927 4926 Θεοῦ
2975 4870 3057 4926 ἐπὶ
3108 4876 3195 4926 τὸν
3246 4882 3514 4942 πεινῶντα,
3555 4869 3720 4936 δίκην
3756 4888 3989 4953 τροφῆς

2330 4962 2541 5031 συνέχει
2588 4964 2683 5020 τὴν
2751 4961 2886 5025 ζωὴν
2960 4960 3143 5033 αὐτοῦ,
3196 4969 3285 5016 καὶ
3345 4963 3493 5039 ἀρκεῖ
3559 4965 3733 5037 αὐτῷ.
3802 4970 3986 5025 Οὕτω

2325 5050 2671 5123 μακροθύμως
2724 5048 3083 5125 ἀπεκρούσατο
3142 5056 3237 5113 τὴν
3283 5058 3533 5130 μηχανὴν
3579 5062 3671 5119 τῆς
3729 5077 3993 5138 γαστρι-

1579 5140 1626 5176 θ³
1655 5139 1786 5199 Job.
1815 5157 1873 5213 v,
1901 5138 1968 5198 t3
2004 5144 2064 5214 ;I
2094 5145 2228 5205 Cor.
2250 5163 2330 5220 ω,
2365 5148 2457 5207 19.
2534 5148 2582 5185 ⁸³
2606 5149 2771 5209 Deut.
2799 5166 2917 5225 vni,
2951 5154 3005 5209 3.

1804 5269 2028 5340 Variae
2067 5271 2398 5363 lectiones
2421 5283 2487 5344 et
2516 5284 2721 5345 notae.

630 5402 744 5478 (96)
771 5409 950 5480 Τούτῳ
976 5409 1044 5463 Α.

604 5528 706 5614 “(0)
759 5534 835 5614 Ut
862 5533 1154 5614 videatur,
1187 5536 1263 5592 ad
1310 5534 1851 5602 demonstrandum
1905 5554 2043 5601 eum
2077 5561 2212 5603 esse

554 5599 917 5677 FiliumADei,
951 5599 1169 5677 petere.

626 5675 708 5749 (ac)
750 5675 969 5736 Certe.‘
995 5677 1167 5736 Forte
1209 5684 1344 5752 post
1376 5683 1512 5755 ἔχων
1557 5685 1775 5759 reperit
1814 5683 1990 5763 δῆθεν,
2026 5689 2210 5763 idque

2320 5546 2578 5605 reddidit
2603 5555 2774 5605 certe.

2394 5622 2469 5704 ει)
2509 5619 2969 5704 ρὸεενυαηιίαηι.
2995 5617 3237 5679 Videtur
3266 5622 3479 5704 legisse
3499 5636 3959 5704 παρατηρητέον
3975 5674 3994 5699 .

2320 5688 2481 5763 Infra
2504 5691 2916 5769 ἀπαρατηρήτως
2944 5708 3189 5767 prorsus
3214 5688 3495 5768 neglexit.
