4098 6436
237 366 336 422 ΓΠ
1267 363 1639 423 COMMFNT.
1679 365 1752 421 IN
1791 365 2246 426 MATTHAEUM.
2277 398 2345 410 —
2371 369 2526 426 CAP.
2557 369 2648 427 IV.
3535 370 3640 430 178

241 513 491 568 μαργιας.
528 496 968 569 Ἀπαρατήρητον
999 491 1120 565 (97)
1155 489 1215 546 δὲ
1243 493 1323 562 τὸ,
1362 495 1446 545 τὸν
1480 494 1748 546 Ματθαῖον
1778 514 1859 566 μεν

2021 496 2282 553 luraliter
2314 497 2543 566 lapides
2556 496 2790 565 dlcere;
2823 496 3045 554 Lucam
3063 510 3206 554 vero
3238 495 3490 566 lapidem
3517 497 3636 555 sin-

237 585 417 644 λίθους
448 584 613 636 εἰπεῖν
649 584 1028 654 πληθυντικῶς,
1051 587 1141 635 τὸν
1179 580 1239 635 δε
1265 589 1470 636 Λουκᾶν
1499 582 1640 636 λίθον
1668 583 1855 647 ἑνικῶς.

2018 585 2260 642 ulariter
2335 587 2402 638 ⁸⁵.
2434 588 2792 658 Frequenter
2831 586 2988 642 enim
3032 586 3191 658 apud
3244 587 3636 656 evangelistas

241 675 526 746 Πολλαχου
580 677 688 749 γὰρ
749 683 848 725 τῶν
903 672 1282 745 εὐαγγελιστῶν
1340 673 1581 733 τοιαύτας
1633 675 1859 749 εὑρήσεις

2012 675 2080 746 tUj
2091 676 2347 741 usmodi,
2361 691 2496 748 quae
2513 675 2659 731 nihil
2673 674 3335 746 ofﬁciant,diversitates
3349 677 3630 749 reperies.

241 765 489 826 massa;
516 761 865 837 ἀδιαφορίας.

312 859 355 924 -ί-
392 857 524 908 Ἀπὸ
555 854 675 925 (98)
704 862 797 916 τῆς
820 852 1055 913 Παλαιᾶς
1076 851 1217 905 ἐστιν
1242 855 1272 910 ἡ
1289 858 1572 927 μαρτυρίαι
1595 854 1866 916 Μωυσέως

2045 856 2092 910 Α
2126 855 2310 910 Veteri
2330 858 2705 911 Testamento
2733 854 3163 928 depromptum
3177 858 3268 912 est
3300 872 3314 922 ;
3353 858 3440 910 est
3472 856 3632 914 enim

241 949 344 1015 γὰρ
381 944 593 1016 ὁλόγος.
614 947 828 1017 Καὶγάρ
843 948 933 995 καὶ
957 941 1245 1016 οἱἘϐραίοι
1257 963 1327 1014 τῳ
1347 944 1512 1015 μάννα
1542 943 1859 1018 ἐτράφησαν,

2009 943 2226 1000 'erbum
2249 945 2438 1000 Mosis.
2470 948 2618 1000 Nam
2643 948 2697 1000 et
2717 944 2947 1000 Hebraei
2968 960 3196 1001 manna
3219 944 3627 1012 comederunt,

242 1035 336 1085 οὐκ
378 1035 528 1107 ἄρτῳ
561 1038 692 1104 ὄντι,
740 1032 868 1085 ἀλλά
899 1029 993 1085 διὰ
1020 1033 1250 1107 ῥήματος
1297 1040 1430 1085 Θεοῦ
1470 1039 1644 1085 πᾶσαν
1675 1037 1860 1108 χρείαν

2015 1033 2135 1089 uod
2161 1049 2300 1089 cum
2339 1050 2461 1089 non
2489 1038 2641 1088 esset
2667 1034 2858 1104 panis,
2891 1049 3128 1090 omnem
3181 1037 3376 1090 tamen
3414 1049 3627 1091 eorum

234 1132 340 1174 τῶν
365 1123 630 1194 Ἐϐραίων
675 1119 980 1196 πληροῦντι,
1022 1127 1112 1174 καὶ
1157 1124 1326 1174 πάντα
1364 1126 1634 1194 γινομένῳ,
1672 1126 1771 1174 ὅσα

2007 1123 2288 1194 upplebat
2320 1122 2746 1193 indigentiam:
2781 1128 3080 1179 mutatum
3138 1123 3198 1179 in
3256 1123 3463 1180 omnia
3491 1139 3625 1197 quae

235 1221 427 1285 φαγεῖν
468 1234 554 1275 τις
597 1213 860 1285 ἐπεθύμει.
897 1215 1014 1264 Εἴτε
1055 1215 1155 1287 γὰρ
1210 1211 1411 1284 ἰχθύος,
1463 1215 1563 1264 εἴτε
1601 1212 1725 1279 ὠοῦ,
1766 1216 1853 1265 εἴτε

2012 1213 2217 1284 ptabat
2244 1213 2484 1284 quisque
2515 1212 2710 1278 edere,
2745 1212 2868 1268 sive
2919 1212 3165 1284 piscem,
3235 1212 3357 1268 sive
3423 1228 3623 1282 ovum,

232 1312 404 1376 τυροῦ
455 1304 706 1375 ἐπεθύμει
733 1304 758 1354 ὁ
788 1298 1062 1371 Ἰουδαῖος,
1107 1303 1354 1359 τοιαύτην
1393 1301 1574 1373 γεῦσιν
1608 1307 1850 1375 παρεῖχεν

2007 1302 2092 1357 ive
2119 1317 2359 1358 caseum
2416 1302 2862 1374 concupisceret
2908 1301 3174 1366 Judaeus,
3202 1300 3358 1358 illius
3387 1306 3625 1372 gustum

234 1394 384 1464 αὐτῷ
418 1396 477 1445 τὸ
522 1394 710 1464 μάννα.

1968 1406 2194 1447 manna
2224 1392 2274 1447 ei
2305 1390 2636 1463 praebebat.

303 1489 444 1536 Τότε
504 1513 576 1525 -—
647 1482 821 1537 Πόλιν.
883 1479 1303 1556 Παραλαμϐάνει,
1371 1479 1481 1533 ἀντὶ
1543 1488 1634 1533 τοῦ
1689 1500 1856 1556 παρα-

2037 1484 2196 1536 Vers.
2240 1485 2290 1535 5.
2341 1481 2505 1537 Tunc
2535 1480 2945 1536 —cz'vz'tatem.
2981 1480 3254 1545 Assumit,
3324 1480 3440 1536 hoc
3507 1482 3615 1549 est,

229 1572 413 1625 λαϐὼν
455 1575 600 1643 ᾱγει.
651 1577 750 1625 Καὶ
793 1574 894 1644 γὰρ
940 1569 1106 1642 ἀφῆκε
1147 1573 1232 1622 τὸν
1272 1568 1463 1643 ἐχθρὸν
1494 1570 1637 1642 ἄγειν
1678 1570 1847 1636 αὐτὸν,

2008 1570 2334 1626 ssumendo
2364 1570 2547 1627 ducit.
2591 1569 2861 1626 Permisit
2891 1570 3051 1625 enim
3103 1569 3347 1625 inimico
3403 1568 3621 1625 ducere

231 1668 370 1716 ὅπου
421 1663 578 1726 Θεῖιει,
632 1667 724 1714 καὶ
782 1660 1039 1732 πολεμεῖν,
1092 1663 1158 1722 ὡς
1205 1659 1471 1732 βούλεται,
1530 1660 1612 1712 ἵνα
1659 1679 1849 1712 παντα-

2003 1677 2029 1716 e
2047 1676 2169 1733 quo
2206 1661 2430 1730 liberet,
2457 1668 2513 1716 et
2530 1676 2800 1733 pugnare
2829 1662 2976 1716 sicut
2999 1660 3190 1727 vellet,
3220 1663 3286 1716 ut
3314 1660 3621 1731 undequa-

229 1756 403 1824 χοθεν
437 1754 708 1818 ἡττηθεὶς,
767 1756 924 1823 μόνος
969 1747 1320 1822 δραπετεύση.
1374 1748 1551 1820 Ἀγίαν
1606 1746 1664 1801 ὁε
1706 1749 1847 1802 πόλιν

2001 1766 2084 1822 ςιιε
2114 1750 2306 1805 victus
2339 1749 2503 1805 solus
2530 1750 2857 1819 aufugeret.
2894 1751 3172 1806 Sanctam
3196 1753 3400 1807 autem
3418 1749 3619 1806 civita-

229 1843 406 1912 λέγει,
474 1847 566 1898 τήν
624 1839 989 1912 Ἰερουσαλήμ,
1051 1842 1120 1900 ὡς
1175 1848 1245 1910 τῷ
1289 1846 1402 1908 Θεῷ
1466 1838 1847 1912 ἀφωρισμένην,

2002 1855 2074 1894 am
2099 1842 2272 1895 vocat
2323 1839 2673 1906 Jerusalem,
2736 1843 2998 1910 utpotea
3051 1841 3169 1895 Deo
3222 1838 3536 1904 delectam,
3566 1841 3620 1895 et

236 1936 334 1980 καὶ
402 1927 492 1981 διὰ
560 1938 716 1982 τοῦτο
781 1929 1073 2000 σεϐασμίαν
1127 1931 1155 1988 ἦ
1227 1931 1294 1989 ὡς
1356 1931 1441 1980 τὸν
1511 1929 1659 2000 ἅγιον
1732 1931 1851 1981 ναὸν

1999 1927 2097 1983 leo
2128 1928 2187 1983 in
2217 1927 2550 1984 reverentia
2577 1928 2850 1984 habitam
2885 1943 2896 1981 :
2931 1931 3036 1984 aut
3064 1942 3135 1984 eo
3152 1927 3314 2000 quod
3337 1930 3617 1984 sanctum

228 2022 497 2090 ἔχουσαν.

1961 2017 2203 2074 haberet
2235 2017 2544 2089 templum.

307 2115 414 2161 Καὶ
457 2139 527 2150 -—
565 2111 722 2178 ἱεροῦ.
762 2111 832 2161 Τὸ
884 2109 1182 2182 πτερύγιον,
1243 2102 1578 2179 οἲκοδόμημα
1625 2103 1684 2165 ἧν
1715 2107 1850 2178 ὑψηο

2031 2109 2190 2162 Vers.
2217 2109 2270 2162 5.
2311 2107 2392 2162 Et
2415 2138 2485 2148 —
2518 2106 2744 2178 templi.
2785 2104 3182 2163 Pinnaculum
3241 2104 3614 2163 domuncula

219 2198 312 2250 ἱὸν
343 2201 509 2269 ἄγαν,
542 2194 1064 2270 παρῳκοδομημένον
1097 2204 1156 2254 τῆ
1187 2195 1384 2270 πλευρᾷ
1412 2202 1504 2248 τοῦ
1539 2198 1697 2268 ἱεροῦ,
1731 2197 1837 2255 ἦτοι

1959 2201 2085 2253 erat
2103 2196 2335 2254 excelsa
2365 2196 2558 2263 valde,
2592 2196 2672 2253 ad
2696 2195 2854 2252 latus
2876 2195 3084 2268 templi
3111 2197 3543 2268 superstructa.

221 2287 320 2339 τοῦ
354 2295 512 2338 ναοῦ.

302 2383 410 2430 Καὶ
440 2407 517 2419 —
546 2373 692 2428 πόδα
738 2395 853 2428 σου.
912 2375 1180 2434 Ἠττηθεὶς
1236 2378 1329 2432 τήν
1391 2379 1601 2448 πρώτην
1644 2374 1844 2449 πεῖραν,

2027 2377 2256 2431 Vers.6.
2278 2375 2356 2430 Et
2375 2373 2650 2444 —pedem
2688 2376 2874 2430 tuum.
2910 2373 3099 2430 Prima
3125 2373 3315 2430 victus
3343 2373 3614 2431 tentatio-

220 2465 311 2518 ἐπὶ
349 2463 602 2538 δεύτερον
649 2464 823 2536 ἀγῶνα
869 2472 1055 2538 χωρεῖ,
1116 2469 1204 2516 καὶ
1251 2460 1344 2515 διὰ
1381 2459 1676 2526 κενοδοξίας
1725 2463 1838 2516 ἑλεῖν

1997 2479 2044 2530 e,
2082 2464 2154 2518 ad
2186 2463 2511 2518 secundum
2531 2462 2802 2534 procedit
2823 2466 3147 2529 certamen,
3179 2466 3236 2518 et
3264 2478 3370 2535 per
3389 2477 3615 2520 vanam

221 2558 388 2607 αὑτὸν
448 2555 732 2629 ἐπιχειρεῖ.
798 2558 884 2606 Διὸ
937 2557 1026 2606 καὶ
1087 2552 1366 2618 ἐπιτάττει,
1422 2556 1839 2627 κατακρημνίσαι

1997 2553 2196 2609 loriam
2230 2552 2430 2624 ipsum
2457 2553 2658 2608 nititur
2687 2553 3002 2619 attrahere,
3037 2553 3294 2624 ideoque
3352 2552 3529 2624 jubet
3552 2554 3615 2608 ut

223 2645 414 2696 ἑαυτὸν
467 2650 561 2696 καὶ
633 2641 983 2701 διασωθῆναι.
1035 2642 1143 2695 Ἵνα
1213 2638 1270 2694 δὲ
1327 2645 1622 2716 παρακνίση
1694 2640 1841 2692 πάλιν

1992 2642 2220 2712 eipsum
2247 2642 2577 2714 praecipitet
2602 2657 2672 2697 ac
2704 2645 2910 2696 servet.
2945 2643 3133 2713 thue
3178 2641 3372 2712 ipsum
3401 2656 3610 2696 rursus

222 2735 411 2799 αὑτὸν,
457 2734 614 2785 πάλιν
667 2734 944 2808 προτάττει
989 2735 1046 2783 τὸ
1097 2731 1156 2783 Εἰ
1210 2733 1329 2793 Υἱὸς
1382 2727 1425 2782 εἷ
1453 2737 1545 2783 τοῦ
1585 2737 1738 2796 Θεοῦ,
1782 2733 1840 2791 ὡς

1989 2735 2202 2802 ιυοεεῑ,
2265 2730 2568 2802 praemittit
2647 2730 2906 2786 iterum:
2964 2729 3025 2784 Si
3106 2729 3291 2786 Filius
3371 2730 3476 2785 Dei
3531 2744 3607 2796 es,

222 2823 285 2874 ἂν
355 2821 488 2894 δόξῃ
553 2823 708 2874 πάλιν
772 2823 946 2882 ζητεῖν
1000 2825 1087 2872 καὶ
1156 2828 1308 2872 τοῦτο
1375 2823 1433 2871 τὸ
1495 2828 1728 2892 σημεῖον,
1773 2823 1840 2881 εὶς

2000 2820 2127 2875 uasi
2143 2819 2342 2874 denuo
2369 2821 2635 2875 videatur
2647 2819 2757 2875 hoc
2780 2819 3020 2889 signum
3043 2819 3122 2874 ad
3146 2820 3261 2875 hoc
3289 2819 3611 2892 procedere

223 2909 506 2974 ἀπόδειξιν
556 2919 650 2963 τοῦ
697 2911 825 2963 εἰναι
883 2910 1034 2962 αὐτὸν
1097 2912 1214 2962 Υἱὸν
1263 2917 1354 2961 τοῦ
1406 2916 1558 2975 Θεοῦ,
1613 2908 1699 2960 ἅτε
1751 2915 1841 2960 τοῦ

1993 2909 2097 2981 ια),
2127 2914 2191 2965 ut
2222 2925 2282 2965 se
2308 2909 2526 2965 Filium
2561 2910 2660 2965 Dei
2691 2924 2822 2965 esse
2853 2909 3230 2974 demonstret,
3260 2924 3611 2980 quanquam

219 3006 487 3074 προτέρου
525 3005 599 3071 μὴ
659 3005 957 3071 γεγονότος.
1003 3005 1156 3051 ’Ὠετο
1201 3001 1302 3072 γὰρ
1335 3000 1414 3050 ὅτι
1459 2998 1582 3072 ῥᾷον
1630 3000 1837 3056 πεισθή-

1990 2998 2010 3053 1
2041 2999 2207 3070 prius
2236 3013 2353 3053 non
2379 2998 2578 3053 fecerit
2605 2998 2717 3069 (bb)
2738 3015 2751 3064 ;
2778 2998 3029 3068 putabat
3041 3014 3260 3070 nempe
3278 2997 3510 3054 facilius
3527 2997 3608 3053 illi

225 3110 400 3155 σεται,
444 3091 486 3142 εἰ
534 3095 627 3141 καὶ
678 3095 746 3162 μή
796 3086 867 3141 δι’
909 3089 1100 3162 ἕτερον,
1151 3088 1278 3139 αλλοξ
1325 3107 1384 3159 γε
1424 3084 1517 3139 διὰ
1559 3091 1678 3148 τοὺς
1726 3087 1842 3159 μέλ-

1989 3103 2130 3143 ιοεεθ
2175 3087 2542 3160 persuaderi,
2594 3092 2650 3142 et
2690 3088 2737 3141 si
2765 3103 2887 3142 non
2946 3087 3026 3142 ob
3079 3087 3268 3152 aliud,
3301 3090 3359 3143 at
3391 3087 3607 3144 saltem

222 3180 402 3240 λοντας
454 3179 614 3230 αὐτὸν
654 3181 776 3251 ὁρᾷν
810 3179 945 3230 οὕτω
993 3185 1456 3252 τερατουργοῦντα⁹
1513 3176 1690 3228 πολλοί
1741 3178 1839 3248 γὰρ

1989 3181 2195 3248 ιτορῑει·
2223 3176 2355 3231 illos
2385 3178 2483 3247 qui
2516 3191 2654 3231 eum
2686 3174 2988 3231 mirabilia
3023 3179 3376 3246 operantem
3420 3175 3607 3231 visuri

226 3267 367 3326 ἦσαν
421 3273 537 3320 τότε
589 3269 733 3319 κάτω
788 3271 1032 3341 παρόντες
1099 3272 1188 3318 καὶ
1243 3266 1420 3318 λοιπὸν
1482 3271 1840 3341 περιπεσεῖται

1987 3245 2137 3335 rant,
2173 3270 2315 3321 tunc
2341 3245 2503 3320 enim
2535 3263 2700 3320 multi
2733 3263 2977 3319 inferius
3009 3245 3262 3319 aderant
3299 3268 3355 3320 et
3415 3264 3498 3320 ita
3543 3265 3604 3320 in

225 3368 296 3428 τῷ
367 3358 730 3429 ὑφαπλωθεντι
784 3354 985 3428 δικτύῳ
1049 3365 1146 3418 τῆς
1200 3352 1520 3424 κενοδοξίας,
1599 3358 1666 3416 ὡς
1747 3361 1839 3405 τοῦ

1989 3371 2259 3426 xpassam
2277 3369 2449 3410 vante
2461 3354 2662 3425 gloriae
2678 3369 2912 3410 nassam
2931 3352 3438 3425 incideret,utpote
3455 3352 3607 3425 seip-

224 3447 561 3505 ἐπαινεθῆναι
612 3447 732 3520 παρ’
783 3446 952 3498 αὐτῶν
985 3446 1143 3498 ἕνεκεν
1192 3448 1331 3497 κάτω
1394 3443 1564 3516 βαλὼν
1624 3443 1829 3499 ἑαυτόν,

1984 3444 2316 3499 umidcirco
2333 3443 2780 3516 praecipitando,
2804 3448 2867 3498 ut
2896 3443 2975 3498 ab
2993 3442 3077 3496 eis
3101 3442 3471 3499 laudaretur.
3510 3442 3601 3514 Ip-

223 3535 527 3608 ’E?ﬂxcraz
618 3532 676 3587 δὲ
759 3543 940 3588 τοῦτον
1022 3539 1111 3586 καὶ
1191 3533 1291 3586 ἀπὸ
1373 3543 1468 3594 τῆς
1558 3539 1838 3594 Δαυίτικης

1986 3549 2086 3588 um
2099 3549 2342 3605 quoque
2357 3532 2638 3588 Davidica
2650 3533 2892 3588 attrahit
2905 3531 3299 3604 Scriptura,ut
3314 3530 3604 3587 videretur

226 3632 455 3697 I‘pa?ﬁ;,
540 3626 626 3676 ἱνα
701 3621 827 3697 δόξῃ
899 3628 990 3676 καὶ
1056 3624 1207 3684 αὐτὸς
1272 3622 1372 3675 ἀπο
1448 3628 1656 3695 Γραφῆς
1730 3623 1838 3672 πεί-

1985 3623 2122 3678 tiam
2152 3638 2189 3678 a
2218 3622 2525 3694 Scriptura
2554 3622 2759 3678 divina
2786 3620 3186 3678 verisimillter
3216 3620 3599 3692 persuadere.

224 3717 326 3767 Θειν
400 3714 738 3778 ἀξιοπίστως·
792 3712 900 3765 ἀλλ’
966 3712 1082 3766 οὐδ’
1168 3712 1390 3764 ἐνταῦθα
1460 3711 1639 3769 λέληθε
1713 3728 1838 3763 κακ-

1978 3711 2164 3768 Γειιιηῐι
2188 3711 2250 3766 hi
2267 3711 2392 3783 ejus
2412 3711 2531 3766 doli
2555 3709 2855 3766 Christum
2875 3725 3262 3783 nequaquam
3276 3709 3596 3767 latuerunt.

223 3813 450 3876 οὗργῶν.

293 3894 426 3965 Ἔφη
461 3923 530 3933 -
562 3896 697 3945 Θιὸυ
738 3910 850 3946 σον.
904 3895 1199 3964 Γέγραπται
1238 3889 1285 3942 ἐν
1327 3897 1400 3960 τῷ
1458 3891 1835 3964 Δευτερονομίῳ

2017 3890 2186 3945 Vers.
2201 3889 2255 3943 7.
2280 3888 2445 3945 Dixit
2464 3919 2532 3929 —
2554 3888 2740 3944 Deum
2761 3894 2922 3944 tuum
2938 3928 2951 3943 .
2981 3887 3050 3943 Et
3071 3887 3187 3944 hoc
3208 3886 3494 3958 scriptum
3513 3887 3601 3943 est

223 3989 308 4034 καὶ
340 3990 518 4035 τοῦτο·
554 3983 881 4054 Ἐκπειράζει
912 3977 972 4033 δε
1006 3984 1092 4032 τὸν
1138 3983 1288 4048 Θεὸν,
1321 3981 1345 4032 ὁ
1375 3977 1641 4052 μηδεμιᾶς
1681 3977 1834 4050 ἀνάγ-

1981 3995 2004 4036 ]
2027 3978 2485 4035 Deuteronomio
2509 3980 2578 4032 ⁸⁸.
2607 3980 2814 4033 Tentat
2834 3981 3035 4033 autem
3061 3978 3250 4032 Deum
3272 3975 3397 4048 qui,
3433 3975 3599 4031 nulla

225 4093 321 4133 κης
360 4072 688 4142 ἐπικειμένης
716 4069 1027 4145 ἐπιρρίπτων
1068 4070 1247 4122 ἑαυτὸν
1281 4071 1347 4129 εἰς
1377 4076 1610 4144 προφανῆ
1657 4064 1834 4120 κίνδυ-

1979 4071 2202 4124 astante
2233 4068 2599 4133 necessitate,
2629 4068 2892 4138 seipsum
2931 4067 2992 4120 in
3033 4065 3418 4121 manifestum
3447 4079 3597 4136 prte-

223 4183 325 4223 νον,
365 4161 413 4212 ἐν
441 4168 517 4231 τῷ
555 4159 758 4234 θαρῥεῑν
787 4169 858 4230 τῷ
891 4167 1031 4230 Θεῷ.

1980 4159 2152 4230 ipitat
2178 4157 2530 4230 periculum,
2554 4156 2633 4211 ob
2663 4155 2928 4210 habitam
2959 4155 3020 4210 in
3061 4157 3248 4209 Deum
3285 4153 3593 4210 ﬁduciam.

294 4251 457 4303 Ποΐλιν
518 4280 590 4288 —
650 4255 1026 4322 προσκυνήσῃς
1092 4267 1171 4321 με.
1247 4250 1494 4322 Περιττὸν
1564 4243 1645 4311 ἧν,
1715 4245 1834 4298 ἁνα··

2014 4248 2176 4303 Vers.
2211 4251 2262 4303 8.
2292 4247 2512 4302 Iterum
2545 4276 2613 4286 —
2648 4246 2713 4300 V.
2756 4248 2815 4300 9.
2847 4244 3206 4301 Adoraveris
3235 4259 3341 4298 me.
3383 4243 3596 4313 Super-

222 4347 490 4414 γραφῆναι
537 4343 628 4390 καὶ
670 4342 726 4389 τὸ
763 4342 924 4410 ὄνομα
953 4344 1045 4389 τοῦ
1093 4341 1264 4412 ὄρους.
1309 4341 1442 4389 Ποία
1487 4337 1589 4410 γὰρ
1644 4334 1830 4387 ἐκεῖθεν

1979 4352 2199 4394 acuum
2229 4335 2434 4390 fuisset
2463 4349 2686 4390 nomen
2719 4332 2938 4390 ascribi
2971 4331 3191 4387 montis
3219 4347 3232 4386 :
3272 4346 3404 4402 quae
3429 4330 3594 4387 enim

227 4429 439 4500 ὠφέλεια
475 4445 487 4492 ;
522 4430 644 4486 τέως
703 4423 753 4478 δ’
806 4427 915 4493 οὖν,
971 4424 1253 4498 ἀποτυχὼν
1309 4431 1400 4477 καὶ
1441 4433 1536 4485 τῆς
1586 4421 1830 4496 δευτέρας

1973 4426 2145 4481 uisset
2168 4423 2308 4480 inde
2339 4428 2661 4479 consecuta
2699 4421 2919 4478 utilitas
2940 4422 2969 4477 ‘I
3009 4420 3248 4476 Interim
3274 4419 3591 4475 frustratus

225 4517 521 4592 προσϐολῆς
555 4517 582 4565 ὁ
610 4515 817 4588 ἐχθρὸς,
859 4522 951 4568 καὶ
1004 4515 1076 4577 εἰς
1122 4519 1304 4589 τρίτην
1346 4515 1825 4588 παρασκευάζεται,

1975 4514 2204 4570 ecundo
2226 4528 2462 4585 quoque
2485 4512 2712 4582 impetu
2736 4509 3026 4574 inimicus,
3055 4509 3134 4565 ad
3163 4507 3400 4564 tertium
3431 4508 3593 4563 insu-

226 4615 309 4666 τήν
367 4604 469 4658 διὰ
526 4603 886 4680 φιλαργυρίας,
947 4605 1005 4662 ἢν
1058 4609 1147 4656 καὶ
1195 4605 1488 4656 τελευταῖαν
1555 4601 1824 4676 ἐτήρησεν,

1970 4618 2041 4659 ~er
2056 4604 2506 4674 praeparatur,et
2518 4616 2622 4673 per
2643 4599 2956 4658 avaritiam
2977 4615 3168 4672 quam
3190 4598 3588 4655 novissimam

225 4701 285 4758 ὼς
350 4699 754 4767 χαλεπωτέραν.
816 4699 915 4747 Καὶ
973 4693 1150 4765 ἀνάγει
1203 4693 1356 4745 αὐτὸν
1417 4693 1482 4752 εἰς
1514 4696 1629 4764 ὅρος
1689 4691 1828 4762 ὑψη-

1971 4692 2230 4760 ervabat,
2252 4695 2509 4763 utpoque
2529 4690 3030 4763 periculosiorem,
3060 4689 3314 4760 dejicere
3337 4691 3589 4745 conatur

225 4787 456 4850 ὶοτατον,
489 4788 685 4853 καὶτῷ
718 4780 958 4854 δακτύλῳ
1006 4779 1270 4834 δείκνυσιν
1317 4781 1478 4850 αὐτῶ,
1530 4780 1577 4832 ἐν
1629 4787 1821 4853 στιγμῇ

1972 4787 1993 4837 ι
2024 4781 2086 4837 in
2115 4785 2375 4838 montem
2404 4780 2567 4837 ducit
2605 4780 2909 4836 excelsum
2949 4778 3137 4845 valde,
3191 4793 3261 4835 ac
3319 4777 3508 4850 digito
3534 4777 3588 4834 ei

223 4883 439 4951 χρόνον,
492 4877 669 4936 καθὼς
727 4875 1103 4945 προσέθηκενὸ
1144 4878 1371 4940 Λουκᾶς,
1429 4875 1719 4936 τουτέστιν,
1773 4871 1822 4923 ἐν

1969 4873 2320 4934 lemonstrat,
2357 4872 2420 4927 in
2467 4875 2764 4928 momento
2824 4868 3121 4940 temporis,
3172 4867 3339 4941 quod
3404 4866 3587 4924 etiam

283 5057 329 5094 ⁸⁵
362 5057 506 5113 Luc.
541 5070 624 5125 iv,
646 5054 702 5109 3.
781 5054 829 5092 ⁸⁸
861 5053 1037 5113 Deut.
1072 5068 1150 5121 vr,
1184 5053 1274 5111 16.

1444 5228 1670 5299 Variae
1695 5227 2024 5298 lectiones
2055 5233 2123 5296 et
2162 5234 2367 5296 notae.

276 5438 379 5512 (97)
402 5437 456 5512 Ι.
478 5452 533 5494 e.
574 5437 654 5512 μή
684 5428 805 5486 δέον
837 5431 1251 5512 παρατηρήσεως
1288 5426 1675 5512 ἀκριϐεστέραςἸ

276 5438 356 5512 (97
402 5438 445 5494 Ι.
478 5452 533 5494 e.
574 5438 654 5508 μή
684 5438 805 5486 δέον
837 5438 1251 5503 παρατηρήσεως
1288 5438 1675 5502 ἀκριϐεστέρας.

273 5438 379 5582 (98ξ
416 5511 562 5566 Haec
606 5506 672 5561 in
703 5507 922 5560 neutro
953 5515 1227 5557 meorum
1257 5504 1628 5572 comparent.
1665 5499 1902 5572 Sumpta
1930 5498 2070 5555 sunt
2093 5512 2167 5554 ex
2194 5495 2523 5571 Theophyl.
2551 5510 2618 5568 p.
2658 5497 2748 5553 22.

271 5639 375 5707 (aa)
405 5633 775 5695 Procedere.
811 5629 963 5707 Imo,
994 5639 1296 5707 quaerereh
1322 5628 1580 5707 petere._
1716 5697 1749 5707 η
1975 5694 1995 5707 _
2071 5697 2082 5707 ι
2243 5693 2255 5705 θ

269 5694 374 5782 (bc)
407 5694 840 5779 Quanquam,
865 5704 976 5757 etc.
1006 5694 1031 5765 ζ
1050 5713 1178 5753 cum
1207 5694 1376 5770 prius
1405 5711 1527 5753 non
1556 5695 1774 5764 fecerit,
1807 5709 1932 5754 non
1970 5694 2186 5752 factum
2210 5694 2304 5751 sit.
