4098 6442
523 343 628 402 179

1829 336 2183 396 EUTYHMII
2209 333 2552 394 Z’IGABENI

3794 331 3925 391 180

528 468 1060 535 addidit'LuCas“,
1078 468 1195 525 hoc
1223 470 1328 533 est,
1356 466 1417 523 in
1438 481 1630 540 parvo
1658 469 1954 538 tempore,
1988 468 2183 537 partes

2303 462 2499 537 βραχεῖ
2538 469 2726 537 καιρῷ,
2774 462 2841 515 τὰ
2868 464 2995 533 μέρη
3028 467 3122 523 τῆς
3150 459 3475 534 οἰκουμένης,
3514 462 3562 513 ἓν
3591 458 3666 523 οἷς
3706 462 3923 513 ἔκειντο

531 560 796 627 orhis,in
822 559 1045 632 quibus
1076 558 1291 615 mundi
1315 572 1501 627 regna
1520 556 1630 613 sita
1661 560 1846 625 erant,
1877 555 2100 620 dicens,
2125 555 2185 610 in

508 650 648 707 hac
673 650 917 722 quidem
940 652 1111 721 parte
1137 648 1401 719 positum
1451 651 1538 701 est
1574 661 1829 716 regnum
1895 648 2187 701 Romano-

530 756 665 796 rum
694 754 705 794 :
742 738 803 793 in
824 739 937 794 ista
958 753 1101 793 vero
1118 740 1453 801 Persarum,
1485 739 1539 790 et
1568 735 1627 789 in
1664 734 1763 790 illa
1784 735 2184 805 Assyriorum,

532 844 604 886 ac
634 827 764 900 pari
797 827 977 883 modo
1007 826 1081 881 de
1112 826 1357 881 caeteris.
1393 827 1457 879 Et
1494 825 1635 879 item
1675 824 1788 879 hoc
1818 823 2187 895 praecipuam

533 918 714 975 habet
734 915 1010 986 gloriam,
1044 916 1091 969 si
1122 913 1345 970 formas
1376 917 1609 985 spectas
1635 928 1707 968 ac
1735 911 1958 983 species
1982 929 1995 979 ;
2024 911 2188 966 aliud

535 1022 677 1063 vero
718 1006 781 1061 in
809 1005 958 1070 aliis,
989 1008 1042 1059 et
1074 1008 1139 1059 ut
1176 1002 1360 1058 semel
1389 1002 1607 1065 dicam,
1647 1000 1851 1057 omnia
1900 1004 2187 1058 recenset.

535 1095 760 1152 Deinde
802 1094 916 1150 ait:
948 1095 1093 1150 Haec
1123 1093 1323 1148 omnia
1353 1090 1462 1146 tibi
1508 1090 1695 1157 dabo;
1746 1094 1889 1162 puta
1939 1105 2075 1161 quae
2126 1089 2187 1144 in

534 1184 736 1253 regnis
750 1182 964 1239 mundi
985 1182 1383 1244 continentur,
1411 1181 1461 1239 si
1495 1186 1822 1250 prostratus
1851 1180 2188 1236 adoraveris

532 1288 647 1331 me.
667 1271 1003 1338 Quomodo,
1025 1269 1393 1336 odolose,tot
1409 1284 1479 1326 ac
1496 1269 1637 1325 talia
1654 1272 1990 1325 commutas
2013 1269 2188 1323 unica

537 1361 940 1419 adoratione?
987 1360 1232 1432 Utique;
1292 1362 1356 1414 ut
1428 1357 1533 1414 ubi
1582 1358 1861 1429 praecepti
1910 1357 2189 1413 facilitate

534 1450 841 1523 deceperis
872 1449 1133 1506 aVaritite
1157 1449 1341 1505 hamo
1369 1461 1506 1502 eum
1534 1447 1872 1516 transﬁgas,
1906 1446 2185 1513 videlicet,

535 1557 674 1598 cum
704 1554 910 1596 amore
928 1537 1270 1611 possidendi
1304 1551 1626 1607 regnorum
1658 1535 1897 1592 divitias
1925 1540 1977 1592 te
2005 1536 2192 1592 adora

535 1629 707 1686 verit.
760 1627 1124 1683 Manifestius
1174 1632 1378 1682 autem
1437 1626 1515 1682 ait
1580 1614 1790 1692 Lucas,
1863 1625 2082 1681 dixisse
2138 1618 2189 1680 ei

537 1717 853 1775 diabolum
883 1732 895 1773 :
938 1716 1062 1771 Tibi
1082 1716 1228 1771 dabo
1249 1721 1596 1786 potestatem
1616 1716 1765 1772 hanc
1781 1716 2119 1771 universam
2137 1722 2189 1771 et

537 1808 798 1878 gloriam
823 1821 1040 1875 eorum,
1065 1806 1208 1877 quia
1225 1805 1376 1861 mihi
1397 1805 1621 1861 tradita
1646 1810 1749 1870 est,
1779 1810 1833 1860 et
1864 1805 2189 1874 cuicunque
2221 1833 2262 1886 Β

538 1898 668 1954 volo
685 1896 760 1952 do
790 1910 919 1951 eam
948 1913 962 1964 ;
985 1900 1049 1949 tu
1065 1894 1253 1965 igitur
1273 1895 1329 1949 si
1354 1895 1689 1963 provolutus
1712 1909 1912 1950 coram
1940 1909 2030 1950 me
2051 1893 2187 1950 ado-

539 1987 793 2051 raveris,
822 1989 989 2040 erunt
1008 1991 1112 2040 tua
1130 1984 1327 2040 omnia
1352 1984 1418 2037 5°.
1445 1983 1756 2040 Matthmus
1785 1982 2031 2055 quidem
2065 1984 2188 2037 haec

533 2074 819 2148 prteteriit
846 2080 1140 2146 tanquam
1187 2087 1305 2127 non
1362 2073 1745 2129 necessaria:
1804 2072 1993 2131 Lucas
2046 2087 2186 2128 vero

536 2164 789 2229 addidit,
823 2162 968 2235 quia
996 2162 1111 2218 hoc
1136 2162 1265 2217 loco
1293 2161 1473 2218 dicta.

2296 554 2349 606 αἱ
2390 551 2657 625 βασιλεῖαι
2713 558 2805 603 τοῦ
2853 555 3076 623 κόσμου,
3134 550 3312 623 λέγων·
3362 550 3443 605 Ἐν
3470 553 3635 622 τούτῳ
3680 553 3787 623 μὲν
3845 558 3923 620 τῷ

2295 646 2436 715 μέρει
2484 638 2648 693 κεῖται
2714 642 2743 698 ἡ
2803 637 3050 712 βασιλεία
3099 648 3198 691 τῶν
3263 639 3546 712 Ῥωμαίων,
3616 638 3663 691 ἐν
3734 640 3921 711 τούτῳ

2299 726 2374 797 δὲ,
2414 733 2439 788 η
2501 739 2600 781 τῶν
2659 737 2893 805 Περσῶν,
2945 728 2992 781 ἐν
3032 729 3206 801 ἐκείνῳ
3254 726 3334 791 δὲ,
3382 731 3411 787 ἡ
3454 738 3554 781 τῶν
3602 729 3924 803 Ἀσσυρίων

2296 823 2384 871 καὶ
2440 821 2507 870 τὰ
2566 818 2685 881 ἑξῆς
2733 821 2940 891 ὁμοίως·
2976 823 3065 870 καὶ
3106 823 3185 870 ὅτι
3227 821 3256 877 ἡ
3303 820 3392 889 μὲν
3445 821 3557 891 ἔχει
3611 815 3785 881 δόξαν
3832 817 3923 871 ἐπὶ

2296 904 2475 961 τοῖσδε
2513 905 2617 968 τοῖς
2652 904 2868 974 εἴδεσιν,
2915 908 3025 980 (99)
3058 910 3087 966 ἡ
3147 905 3205 960 δὲ
3235 907 3320 961 ἐπὶ
3368 905 3573 979 τοῖσδε,
3611 913 3704 960 καὶ
3751 907 3922 976 illa),

2294 996 2371 1050 ἐπ’
2416 997 2605 1066 ἄλλοις,
2649 1001 2737 1050 καὶ
2778 997 2947 1059 ἁπλῶς
3000 1000 3168 1051 πάντα
3223 997 3515 1070 καταλέγει.
3565 994 3695 1052 Εἶτα
3752 1015 3920 1071 φησι·

2296 1094 2473 1139 Ταῦτα
2507 1089 2679 1140 πάντα
2728 1107 2812 1140 σοι
2845 1084 3022 1155 δώσω,
3077 1084 3286 1147 δηλαδὴ
3341 1091 3407 1140 τὰ
3467 1096 3565 1140 τῶν
3615 1087 3924 1161 βασιλειῶν

2296 1184 2388 1229 τοῦ
2437 1178 2663 1249 κόσμου,
2724 1176 2807 1229 ἐὰν
2860 1182 3030 1231 πεσὼν
3085 1183 3454 1251 πγοσκυνήσης
3511 1198 3593 1251 με.
3660 1185 3807 1245 Πῶς,
3880 1175 3922 1229 ὦ

2299 1264 2458 1332 ὁόλιε,
2506 1270 2571 1319 τὰ
2614 1275 2849 1320 τοσαῦτα
2908 1272 2997 1320 καὶ
3049 1268 3268 1320 τοιαῦτα
3308 1274 3751 1341 προσκυνὴματος
3808 1267 3924 1329 ἑνός

2300 1356 2663 1429 ἀπεμπολεῖςς
2718 1360 2946 1422 Πάντως,
3010 1360 3109 1423 ἵνα,
3176 1366 3237 1431 τῇ
3309 1358 3517 1431 εὐκολίᾳ
3577 1367 3669 1413 τοῦ
3730 1361 3920 1412 ἐπιτά-

2299 1466 2495 1517 γματος
2550 1445 2848 1513 ἀπατήσας,
2913 1451 3212 1520 περιπείρῃς
3282 1447 3436 1500 αὑτὸν
3495 1456 3565 1518 τῷ
3629 1447 3922 1522 ἀγκίστρῳ

2300 1543 2391 1595 τῆς
2472 1536 2833 1610 φιλαργυρίας,
2915 1540 2982 1597 ὡς
3057 1540 3209 1609 ἔρωτι
3273 1544 3360 1589 τοῦ
3443 1540 3757 1596 κτήσασθαι
3830 1541 3922 1590 τόν

2300 1623 2519 1677 πλοῦτον
2576 1633 2676 1677 τῶν
2732 1624 3013 1697 βασιλειῶν
3069 1630 3503 1699 προσκυνήσαντα
3560 1646 3635 1682 σε.
3696 1626 3920 1679 Πλατύ-

2298 1732 2438 1786 τερον
2473 1711 2533 1767 δέ
2570 1734 2726 1786 φησιν
2759 1717 2782 1766 6
2817 1721 3039 1781 Λουκᾶς,
3083 1718 3163 1767 ὅτι
3202 1717 3333 1768 εἶπεν
3366 1716 3504 1786 αύτῲ
3560 1717 3584 1768 6
3639 1713 3917 1777 διάϐολος·

2300 1807 2385 1855 Σοὶ
2451 1803 2530 1873 (Ι)
2593 1800 2749 1856 δώσω
2804 1809 2898 1863 τὴν
2962 1803 3199 1867 ἐξουσίαν
3265 1807 3457 1863 ταύτην
3512 1805 3752 1870 ἅπασαν,
3827 1812 3919 1859 καὶ

2299 1896 2392 1950 τὴν
2443 1889 2599 1955 δόξαν
2671 1894 2858 1958 αὐτῶν,
2921 1896 3000 1946 ὅτι
3066 1893 3180 1966 ἐμοὶ
3251 1892 3630 1968 παραδέδοται,
3706 1899 3807 1946 καὶ

2299 1980 2382 2032 ἐὰν
2447 1981 2591 2048 θελω,
2659 1979 2859 2056 δίδωμι
2909 1984 3097 2041 αὐτὴν,
3161 1988 3226 2036 Σύ
3290 1981 3396 2050 οὖν,
3450 1984 3532 2035 ἐὰν
3600 1990 3916 2059 προσκυνή-

2301 2089 2395 2142 σῃς
2451 2070 2663 2123 ἐνώπιόν
2731 2091 2852 2143 μου,
2924 2075 3073 2125 ἔσται
3134 2093 3228 2126 σου
3286 2081 3453 2130 πᾶσα.
3518 2074 3575 2126 ⁸0
3646 2078 3741 2146 μεν
3825 2070 3916 2126 οὖν

2297 2162 2565 2223 Ματθαιος
2616 2168 2783 2213 ταῦτα
2834 2163 3156 2235 παράλειψιν,
3187 2166 3257 2225 ὡς
3286 2164 3378 2216 ούκ
3433 2163 3715 2235 ἀναγκαῖα·
3775 2165 3802 2215 6
3856 2160 3915 2215 δὲ

536 2259 746 2315 Λουκᾶς
786 2253 1107 2324 προσέθηκεν
1148 2251 1300 2317 αὐτὰ,
1358 2254 1425 2312 ὡς
1476 2258 1765 2307 τηνικαῦτα
1800 2251 2045 2325 ῥηθέντα.
2097 2247 2296 2310 Πολλὰς
2336 2246 2394 2301 δὲ
2432 2252 2677 2314 τοιαύτας
2706 2251 3044 2325 παραλείψεις
3082 2258 3171 2304 καὶ
3198 2256 3503 2327 προσθήκας
3531 2253 3580 2305 ἐν
3610 2260 3723 2315 τοῖς
3759 2252 3919 2324 εὐαγ-

520 2342 803 2415 ργελισταίς
839 2342 1096 2415 εὑρήσεις,
1132 2344 1221 2391 καὶ
1253 2338 1335 2392 ἐπὶ
1360 2347 1540 2392 πασῶν
1572 2341 1663 2411 ἔχε
1687 2338 1837 2391 λύσιν
1878 2341 1965 2400 τὰς
1993 2336 2315 2399 δηλωθείσας
2338 2339 2529 2401 αἰτίας.

612 2430 929 2503 Pleraeque
959 2433 1162 2486 autem
1180 2428 1528 2497 hujusmodi
1549 2428 1904 2485 omissiones
1935 2444 2001 2483 ac
2029 2428 2187 2483 addi-

538 2520 729 2577 tiones
761 2519 926 2591 apud
958 2518 1354 2588 evangelistas
1384 2517 1662 2589 reperies,
1692 2522 1747 2574 et
1786 2518 1847 2574 in
1905 2517 2188 2575 omnibus

538 2624 648 2683 pro
674 2609 971 2667 solutione
1000 2608 1313 2680 praedictas
1346 2606 1557 2665 adhibe
1596 2622 1829 2664 causas.

612 2877 771 2935 νοτε.
802 2876 891 2932 10.
927 2872 1395 2931 Tunc—solum
1445 2874 1618 2930 coles.
1670 2876 1789 2929 Hoc
1838 2889 2080 2946 quoque
2129 2873 2191 2930 in

538 2964 994 3023 Deuteronomio
1048 2962 1333 3036 scriptum
1379 2967 1467 3020 est
1525 2965 1596 3021 σθ.
1667 2963 1990 3020 Considera
2054 2980 2189 3019 vero

2376 2431 2494 2497 ['H
2546 2428 2626 2500 (2)
2694 2435 2917 2501 χρονικὴ
3009 2435 3203 2503 στιγμὴ
3262 2441 3356 2491 τῆς
3414 2430 3794 2505 ἀστρονομίας,
3854 2431 3914 2483 ού

2296 2520 2432 2571 πάνυ
2465 2538 2515 2569 τι
2549 2517 2733 2591 βραχύ
2768 2516 3045 2592 διάστημα
3107 2524 3373 2579 κέκτηται.
3434 2520 3617 2593 Ἤρκει
3683 2518 3780 2573 οὖν
3842 2521 3917 2581 εἰς

2300 2612 2451 2679 μόνον
2526 2610 2585 2659 τὸ
2646 2604 2817 2671 δεῖξαι
2870 2612 2933 2661 τὰ
2990 2613 3119 2684 μέρη
3181 2619 3270 2670 τῆς
3336 2610 3659 2682 οἰκουμένης,
3729 2610 3781 2663 ἐν
3835 2612 3916 2672 οἷς

2300 2698 2491 2749 ἔκειντο
2543 2699 2597 2749 αἱ
2625 2696 2912 2770 βασιλεῖαι,
2963 2704 3052 2752 καὶ
3090 2699 3162 2759 εἰς
3192 2703 3250 2752 τό
3301 2699 3457 2753 εἰπεῖν
3488 2700 3643 2772 ὀλίγα
3664 2706 3794 2774 περὶ
3818 2708 3916 2761 τῆς

2301 2782 2430 2849 δόξη
2441 2806 2461 2846 ς
2484 2786 2695 2857 αύτών.]

2372 2879 2497 2928 Τότε
2555 2908 2622 2916 —
2693 2878 2832 2949 μόνῳ
2909 2877 3231 2951 λατρεύσεις.
3317 2884 3419 2933 Καὶ
3498 2886 3651 2932 τοῦτο
3715 2879 3768 2933 ἐν
3840 2888 3911 2951 τῷ

2302 2971 2677 3037 Δευτερονομίῳ
2744 2971 3056 3041 γέγραπται.
3118 2972 3301 3021 Σκόπει
3367 2967 3450 3036 δε,
3518 2970 3597 3021 ὅτι
3665 2969 3753 3022 ἐπὶ
3819 2974 3911 3041 μὲν

537 3054 706 3128 quod
735 3055 796 3111 in
823 3053 1121 3126 prioribus
1151 3052 1397 3124 quidem
1424 3051 1853 3109 tentationibus
1906 3053 2189 3124 patienter

2303 3061 2402 3116 τοῖς
2476 3054 2801 3128 προλαϐοῦσι
2874 3064 3187 3130 πειρασμοῖς
3266 3060 3610 3132 μακροθύμως
3690 3058 3910 3133 ἁπεκρί-

536 3143 933 3216 responderit.
965 3142 1071 3199 Ubi
1113 3146 1314 3197 autem
1359 3141 1506 3198 vidit
1550 3141 1755 3213 ipsum
1812 3142 2192 3213 impudenter

538 3234 641 3290 Dei
686 3233 761 3290 ad
844 3248 907 3288 se
963 3231 1375 3289 adorationem
1423 3231 1733 3297 attrahere,
1802 3230 2191 3305 divinumque

537 3327 812 3394 expetere
832 3320 1147 3387 honorem,
1180 3325 1323 3376 tunc
1348 3320 1549 3392 ipsum
1576 3319 1921 3391 increpavit,
1950 3321 2186 3377 dicens:

540 3412 674 3478 Abi,
705 3414 955 3480 Satana,
987 3410 1103 3466 hoc
1132 3415 1243 3475 est,
1278 3410 1531 3474 Recede,
1587 3409 1945 3467 adversarie.
2000 3411 2189 3466 Lucas

544 3516 683 3557 vero
710 3500 992 3572 scripsit:
1026 3500 1154 3557 Abi
1180 3504 1312 3567 post
1338 3514 1439 3563 me,
1468 3498 1690 3555 Satana
1721 3500 1789 3564 ⁷ο,
1836 3500 1951 3555 hoc
2018 3504 2125 3568 est,
2158 3516 2189 3556 θ

535 3592 871 3660 .conspectu
900 3603 1036 3643 meo
1058 3592 1110 3642 te
1140 3586 1307 3643 aufer
1336 3603 1349 3653 ;
1373 3586 1537 3658 quod
1581 3588 1737 3642 enim
1762 3592 1898 3661 post
1927 3587 2189 3660 aliquem

538 3678 801 3751 ponitur,
827 3676 933 3748 ipsi
964 3691 1087 3733 non
1114 3680 1379 3749 apparet.
1409 3678 1610 3748 Neque
1641 3676 1922 3733 sustinuit
1942 3682 2005 3733 ut
2029 3693 2194 3735 men-

541 3765 699 3822 dacii
737 3769 1012 3837 argueret
1039 3764 1335 3820 dicentem
1372 3764 1577 3820 omnia
1630 3764 1741 3821 sibi
1795 3764 2012 3821 tradita
2041 3782 2188 3837 esse,

542 3854 651 3911 sed
680 3853 881 3910 denuo
929 3853 1131 3925 ipsum
1162 3869 1198 3911 a
1239 3852 1539 3925 Scriptura
1580 3853 1815 3925 repulit,
1850 3859 1906 3910 et
1952 3860 2194 3911 versuto

539 3942 851 4014 ﬂagellum
875 3942 1033 3999 facta
1047 3946 1133 3999 est
1152 3942 1501 4015 increpatio,
1517 3958 1715 4016 neque
1745 3942 1908 3999 enim
1930 3944 2191 4016 amplius

539 4032 828 4090 toleravit.

615 4124 682 4178 Et
711 4121 843 4177 ideo
868 4120 970 4193 (cc)
994 4119 1302 4177 Mattheeus
1319 4120 1564 4193 quidem
1579 4126 1947 4192 postremam
1968 4123 2197 4195 scripsit

538 4211 808 4270 avaritia:
838 4211 1228 4267 tentationem
1259 4226 1269 4265 :
1308 4212 1494 4266 Lucas
1525 4216 1725 4267 autem
1786 4212 1983 4283 potius
2020 4228 2194 4269 vanae

540 4299 764 4370 glorias,
795 4299 940 4374 quia
968 4299 1274 4355 Matthseus
1322 4314 1467 4356 sane
1498 4299 1674 4355 etiam
1732 4300 1957 4356 ordinis
2012 4305 2194 4360 tenta-

2300 3162 2428 3213 νετο,
2478 3146 2561 3197 ὅτε
2613 3141 2673 3196 δε
2704 3141 2838 3198 εἶδεν
2892 3146 3047 3198 αὑτὸν
3090 3150 3184 3203 τὴν
3228 3154 3317 3199 τοῦ
3371 3155 3504 3201 Θεοῦ
3544 3151 3909 3221 προσκύνησιν

2301 3232 2367 3292 εἰς
2417 3232 2598 3285 ἑαυτὸν
2648 3231 3015 3305 ἀναισχύντως
3081 3235 3310 3307 ἕλκοντα,
3372 3241 3460 3290 καὶ
3537 3245 3672 3290 Θεοῦ
3750 3242 3909 3310 τιμὴν

2298 3322 2640 3387 ἀπαιτοῦντα,
2724 3328 2839 3375 τότε
2923 3323 3231 3396 ἐπετίμησεν
3317 3326 3455 3397 αύτῷ
3540 3327 3712 3379 εἰπών·
3784 3326 3909 3379 ’Υπ-

2299 3412 2392 3481 άγε
2457 3412 2558 3481 (3),
2608 3418 2826 3483 Σατανᾶ,
2891 3417 3173 3480 τουτέστιν,
3231 3413 3515 3489 ἀναχώρει,
3568 3415 3905 3489 ἁντικείμενε.

2291 3490 2357 3555 ιΘ
2390 3496 2449 3553 δὲ
2502 3506 2705 3561 Λουκᾶς
2728 3500 2927 3573 ’Υπαγε
2993 3502 3161 3556 ὀπίσω
3214 3523 3336 3576 μου,
3400 3504 3640 3577 ἔγραψεν,
3696 3508 3722 3558 ὃ
3767 3504 3907 3558 ἐστιν

2303 3590 2675 3662 Ἀφανίσθητι.
2763 3590 2819 3643 Ὀ
2885 3595 2984 3664 γὰρ
3063 3592 3228 3645 ὀπίσω
3280 3594 3417 3655 τινός
3488 3599 3777 3666 γενόμενος,
3850 3594 3907 3646 ού

2300 3684 2533 3751 φαίνεται
2586 3679 2746 3749 αύτῷ.
2806 3680 2917 3732 Οὐκ
2966 3682 3181 3753 ἠνέχετο
3241 3678 3298 3735 δὲ
3329 3682 3531 3754 ἐλέγξαι
3571 3684 3728 3736 αὐτόν
3778 3684 3905 3755 ψευ-

2305 3770 2543 3839 σάμενον,
2578 3770 2658 3819 ὅτι
2697 3769 2721 3819 6
2758 3773 2954 3841 κόσμος
3009 3768 3149 3841 αύτῴ
3201 3768 3584 3845 παραδέδοται,
3634 3773 3769 3826 ἀλλὰ
3810 3776 3907 3825 ποί-

2301 3856 2379 3910 λιν
2411 3855 2512 3909 ἀπὸ
2555 3865 2652 3919 τῆς
2692 3863 2897 3932 Γραφῆς
2954 3859 3109 3911 αὑτὸν
3167 3863 3529 3931 καταισχύνει.
3585 3867 3683 3915 Καὶ
3728 3864 3905 3915 λοιπόν

2304 3946 2501 4019 μάστιξ
2528 3955 2602 4017 τῷ
2629 3956 2839 4021 πονηρὼ
2865 3951 3068 4019 γέγονεν
3118 3951 3146 4007 ἡ
3200 3950 3522 4022 ἐπιτίμησις.
3575 3951 3767 4005 Οὐκέτι
3805 3954 3905 4027 γὰρ

2303 4033 2637 4110 ἐκαρτέρησε.

2381 4130 2478 4178 Καὶ
2548 4122 2694 4178 διατὶ
2744 4128 3007 4187 Mus-Gaio;
3061 4128 3152 4198 μὲν
3217 4127 3504 4181 τελευταῖον
3571 4129 3767 4202 ἔγραψε
3820 4132 3904 4181 τόν

2306 4214 2597 4287 πείρασμόν
2671 4222 2765 4275 τῆς
2824 4214 3187 4289 φιλαργυρίας,
3248 4218 3272 4269 ὁ
3324 4214 3383 4269 δε
3453 4224 3657 4279 Λουκᾶς
3715 4218 3904 4291 μᾶλλον

2302 4306 2391 4356 τὸν
2454 4311 2548 4365 τῆς
2595 4301 2894 4367 κενοδοξίας
2946 4321 2960 4369 ;
3015 4310 3155 4358 Διότι
3205 4308 3462 4367 Μαι-θαίος
3518 4311 3606 4379 μὲν
3669 4314 3761 4362 καὶ
3816 4316 3905 4368 τῆς

542 4390 765 4446 tionem
789 4404 995 4446 curam
1016 4388 1246 4455 habuit,
1271 4388 1457 4444 Lucas
1480 4404 1621 4445 vero
1644 4390 1824 4445 solius
1841 4391 2189 4448 narrationis

2304 4393 2496 4455 τάξεως
2546 4401 2645 4445 τῶν
2704 4402 3003 4466 πειρασμῶν
3039 4393 3321 4467 ἐφρόντισε·
3380 4402 3583 4458 Λουκᾶς
3639 4395 3698 4451 δε
3749 4402 3905 4471 μόνης

539 4493 773 4535 earum.
806 4479 871 4534 In
901 4492 1024 4550 quo
1080 4492 1224 4547 ergo
1280 4494 1317 4534 a
1364 4478 1792 4535 tentationibus
1870 4480 2194 4538 Salvatoris

541 4566 979 4624 instituemur?
1033 4569 1102 4623 Ut
1132 4570 1287 4623 certe
1340 4567 1587 4625 inimico
1638 4584 1950 4642 nunquam
2008 4571 2193 4628 ﬁdem

544 4653 1032 4713 habeamus:ne
1088 4654 1137 4711 si
1168 4656 1335 4714 utilia
1398 4657 1647 4730 quidem
1704 4674 1773 4715 ac
1857 4660 2194 4718 necessaria

616 4834 661 4872 ⁸⁷
695 4834 835 4891 Luc.
868 4848 952 4901 ιν,
980 4838 1031 4890 5.
1062 4834 1113 4873 σε
1140 4832 1288 4892 lbid.
1324 4831 1376 4902 6,
1398 4839 1453 4892 7.

2304 4490 2399 4542 τῆς
2449 4479 2749 4553 διηγήσεως
2802 4482 2995 4540 αὐτῶν.
3061 4488 3124 4537 Τί
3185 4480 3272 4536 οὖν
3302 4484 3402 4538 ἀπὸ
3450 4494 3551 4557 τῷν
3602 4496 3903 4561 πειρασμῶν

2302 4578 2395 4623 τοῦ
2453 4579 2688 4644 Σωτῆρος
2764 4570 3123 4645 παιδευόμεθα
3178 4590 3191 4640 ;
3240 4578 3308 4627 Τό
3373 4580 3444 4647 μὴ
3516 4578 3789 4629 πείθεσθαι
3836 4582 3905 4644 τῷ

2305 4659 2479 4735 ἐχθρῷ
2534 4658 2819 4734 μηδέποτε,
2879 4658 3018 4735 μηδὲ
3090 4662 3134 4714 εἰ
3198 4668 3448 4737 χρήσιμα
3504 4670 3591 4717 καὶ
3647 4663 3905 4738 ἀναγκαία

1531 4836 1578 4871 ⁶⁹
1606 4834 1773 4893 Deut.
1802 4852 1879 4901 vr,
1909 4840 1959 4894 3.
1990 4837 2037 4873 7°
2067 4838 2208 4895 Luc.
2236 4854 2316 4903 1v,
2357 4838 2410 4895 8.

1761 4990 1981 5058 Variae
2010 4991 2338 5060 lectiones
2370 5000 2435 5059 et
2459 4991 2674 5072 Inotae.

558 5131 562 5135 4
615 5161 729 5235 (99)
760 5160 947 5218 Intell.
979 5164 1077 5212 τῶν
1098 5157 1391 5286 χέημοξτων
1415 5160 1504 5212 καὶ
1527 5161 1866 5232 πραγμάτων.

723 5228 1097 5308 Παραδίδοται
1183 5275 1195 5288 .
1354 5301 1394 5308 __
1495 5302 1506 5308 _
1681 5306 1688 5308 _
1767 5252 1778 5263 '
1818 5303 1827 5308 _

643 5236 661 5287 ί
723 5234 1097 5308 Παραδίδοται
1127 5234 1195 5288 Β.

611 5234 691 5377 ὃ)
714 5306 854 5377 Haec
881 5304 944 5359 in
974 5308 1193 5377 utroqu

720 5301 854 5360 Haec
881 5304 944 5359 in
974 5308 1228 5374 utroque
1251 5301 1467 5374 codice
1494 5302 1769 5371 leguntur
1813 5303 1873 5358 in
1927 5303 2199 5373 margine

543 5390 612 5447 ac
626 5373 973 5447 referuntur
1002 5374 1080 5447 ad
1096 5373 1458 5447 vocabulum
1493 5382 1739 5445 στιγμῆς,
1764 5375 1930 5447 quod
1980 5391 2009 5431 e
2039 5375 2199 5432 Luca

541 5445 823 5502 laudatur
850 5446 914 5501 in
944 5445 1169 5502 scholio
1194 5446 1491 5502 proximo.

614 5516 693 5590 (3)
726 5516 1024 5588 Chrysost.
1051 5521 1094 5573 t.
1132 5514 1242 5585 Vll,
1270 5532 1337 5590 p.
1380 5514 1617 5575 172.Ἀ.’
1663 5514 1727 5573 Β.
1788 5517 1950 5574 hunc
1996 5517 2198 5576 locum

610 5665 722 5745 (cc)
753 5664 1077 5740 Ideo..Cur.

2284 5162 2717 5239 interpretans,
2752 5164 2859 5239 bis
2881 5163 3063 5221 habet
3088 5166 3257 5218 οπὶσω
3296 5187 3417 5239 μου.
3450 5168 3557 5223 Sed
3598 5168 3711 5225 ista
3730 5180 3901 5224 voca-

2308 5233 2627 5310 bula‘non
2648 5238 2771 5291 tam
2804 5235 3222 5307 Chrysostomi,
3257 5233 3439 5310 quam
3463 5239 3737 5295 codicum
3770 5252 3902 5310 auc-

2308 5307 2540 5383 toritate
2572 5307 2856 5383 nituntur.
2892 5306 3039 5383 Nam
3069 5306 3516 5383 Clirysostomus
3569 5312 3793 5383 saepius
3816 5306 3901 5383 di-

2307 5392 2478 5452 versa
2516 5378 2649 5452 loca
2675 5378 2937 5452 invicem
2957 5378 3414 5452 jungit.”07riaw
3444 5402 3543 5452 μου
3569 5424 3581 5446 ,
3620 5378 3683 5437 ut
3722 5380 3798 5437 ad
3838 5379 3895 5433 h.

2308 5466 2359 5530 Ι..
2380 5449 2576 5523 docui,
2603 5449 2919 5521 expulsum
2943 5434 3031 5508 est
3050 5434 3399 5511 auctoritate
3425 5434 3897 5527 Origenis,quem

2310 5519 2441 5576 Ylde
2480 5525 2519 5577 t.
2555 5520 2648 5577 Ill.
2678 5538 2741 5577 D.
2780 5521 2906 5576 540.

2346 5538 2441 5576 lae
2480 5538 2519 5577 ι.
2555 5538 2648 5586 ιιι,
2678 5538 2741 5593 p.
2780 5538 2906 5576 οίιυ.
