4098 6442
222 354 319 411 181
1264 363 1633 423 COMMENT.
1677 363 1748 421 IN
1784 362 2218 423 MA’ITH/EUM.
2261 396 2330 409 -—
2368 366 2521 424 CAP.
2567 368 2663 424 III.
3551 374 3657 432 182

236 484 524 542 ἒπιτάττει.
592 492 781 543 Σαίνει
832 492 923 564 μὲν
976 492 1080 565 γὰρ
1135 498 1207 563 τῷ
1262 500 1508 566 χρηστῷ,
1563 491 1773 563 τελευτᾷ
1827 488 1854 544 ὃ

2035 492 2217 549 ibeat.
2289 493 2596 566 Siquidem
2646 510 2750 568 per
2796 511 2869 552 ea
2924 512 3057 569 quae
3113 498 3438 555 commoda
3493 456 3653 573 sunt,

247 598 314 639 εις
340 580 595 653 πονηρὸν·
654 580 742 649 (4)
782 585 947 654 τὸμὴ
1007 578 1103 634 διὰ
1148 581 1295 655 λιμὸν
1348 585 1378 640 ἥ
1427 582 1671 639 τοιαύτην
1727 578 1865 639 ἆλλητ

2034 582 2273 638 dulatur
2303 599 2313 637 :
2348 583 2476 639 ﬁnit
2504 599 2646 640 vero
2678 585 2736 639 in
2770 586 3018 641 malum.
3049 586 3242 659 thue
3263 603 3374 643 nec
3407 594 3651 662 pr0pter

247 667 477 738 ἂνᾶγκην
536 676 715 721 ποιεῖν
776 670 979 743 θέλημα
1035 678 1128 724 τού
1199 667 1462 743 δαίμονος,
1539 668 1663 721 ἄλλα
1725 690 1861 722 κατα

2030 687 2239 738 amem,
2268 672 2524 728 aliamve
2554 678 2866 744 urgentem
2899 675 3334 742 necessitatem,
3353 676 3648 736 faciamus

250 763 452 832 φεύγειν
485 757 574 810 ἐπὶ
605 763 699 811 τὸν
732 765 884 813 Θεὸν·
918 763 977 812 τὸ
1008 765 1081 833 μὴ
1120 761 1441 834 ἐκπειράζειν
1480 762 1567 812 τὸν
1612 762 1761 828 Θεὸν,
1793 765 1868 812 καὶ

2024 761 2283 816 laemonis
2308 762 2696 827 voluntatem,
2729 765 2831 819 sed
2859 764 2936 819 ad
2966 765 3153 820 Deum
3181 766 3602 836 confugiamus
3630 786 3642 825 :

249 851 306 899 τὸ
337 853 410 920 μὴ
452 852 754 923 προσέχειν
801 857 874 920 τῷ
921 846 1150 921 διαϐόλῳ
1197 856 1391 922 σημεῖα
1430 850 1691 909 ζητοῦντι.
1726 849 1867 902 Δόλοι

2034 866 2063 905 e
2088 849 2275 905 Deum
2307 854 2623 918 tentemus,
2678 868 2871 925 neque
2926 852 3168 909 diabolo
3199 856 3376 924 signa
3420 858 3645 928 petenti

247 942 350 1011 γὰρ
400 942 615 1000 τούτοις
664 937 1034 1013 ἐναποκρύψας
1078 939 1227 995 αἰτεῖ.
1277 940 1416 999 Τινὲς
1472 935 1530 991 δε
1583 958 1731 1011 φασι,
1791 942 1865 990 τοι

2024 940 2392 997 1tendamus.
2448 942 2584 997 Haec
2634 943 2795 998 enim
2857 941 3154 999 occultato
3213 943 3328 1000 sub
3371 945 3456 1000 eis
3507 946 3642 1005 dolo

251 1024 505 1081 διάϐολον
552 1026 835 1092 ὑποδεῖξαι
877 1036 951 1100 τῷ
990 1036 1206 1104 Χριστῷ
1248 1029 1425 1091 πάσας
1470 1030 1559 1089 τὰς
1600 1026 1869 1101 βασιλείας

2023 1030 2267 1087 ιοςῑηΙειι.
2319 1031 2577 1097 Quidam
2604 1036 2805 1089 autem
2831 1032 3041 1090 dicunt
3068 1032 3381 1090 diabolum
3411 1030 3641 1095 Christo

242 1126 340 1172 τοῦ
393 1124 603 1192 κόσμου
652 1124 744 1172 καί
781 1122 872 1177 τὴν
923 1115 1081 1182 δόξαν
1122 1117 1308 1184 αὐτῶν,
1361 1117 1419 1170 ού
1453 1117 1570 1169 κατ’
1622 1120 1860 1176 αἴσθησιπ

2018 1122 2426 1177 .emonstrasse
2489 1121 2691 1177 omnia
2764 1136 2952 1192 regna
3013 1122 3228 1178 mundi
3279 1127 3336 1179 et
3387 1123 3636 1193 gloriam

237 1218 508 1277 τοπικῶς,
571 1208 701 1262 ἀλλὰ
765 1210 900 1261 κατὰ
963 1206 1197 1261 διάνοιαν
1258 1208 1648 1281 ύπογραφῖκῶς.
1708 1214 1855 1260 Τοῦτ(

2021 1228 2211 1277 orum,
2240 1226 2359 1266 non
2374 1210 2452 1267 ad
2478 1226 2721 1267 sensum
2743 1210 3026 1278 localiter,
3052 1211 3160 1268 sed
3178 1211 3255 1268 ad
3274 1212 3639 1273 intellectum

242 1297 305 1354 δε
365 1298 539 1367 εἶπον,
590 1295 687 1353 διὰ
732 1302 790 1352 τὸ
840 1297 887 1352 ἐν
939 1305 1133 1372 στιγμῇ
1189 1302 1384 1372 χρόνου
1428 1299 1621 1360 ταύτας
1661 1294 1860 1351 ὑποδεῖ-

2023 1299 2369 1370 esignando.
2409 1300 2527 1355 Hoc
2553 1302 2753 1357 autem
2795 1299 3070 1357 dixerunt
3100 1304 3344 1373 propter
3368 1302 3430 1357 id
3471 1305 3636 1376 quod

240 1388 354 1452 ξαι.
1977 1390 2269 1463 scriptum
2296 1393 2402 1457 est,
2448 1389 2578 1448 haec
2605 1391 2661 1445 in
2692 1394 3003 1447 momento
3055 1392 3342 1464 temporis
3393 1392 3637 1453 demon-

1976 1484 2193 1536 strasse
2205 1522 2217 1535 .

310 1573 453 1621 Τότε
507 1598 582 1609 —
631 1564 893 1630 διάϐολος.
956 1566 1011 1620 Ὀ
1083 1563 1142 1619 δὲ
1205 1570 1415 1628 Λουκᾶς
1475 1564 1716 1639 ἔγραψεν,
1785 1565 1865 1616 ὁτι

2043 1569 2206 1625 Vers.
2224 1569 2282 1624 11
2302 1611 2314 1625 .
2333 1570 2489 1626 Tunc
2500 1599 2568 1610 —
2581 1569 2880 1627 diabolus.
2903 1569 3093 1625 Lucas
3109 1573 3312 1626 autem
3324 1571 3626 1646 scripsit",

233 1664 331 1711 καὶ
406 1658 715 1719 natalium;
776 1660 947 1710 πάντα
1002 1660 1291 1731 πειρασμὸν
1360 1656 1385 1707 ὁ
1445 1651 1708 1721 διάϐολος,
1770 1653 1851 1706 ἀπ·

2020 1659 2140 1715 uod
2199 1658 2499 1731 completa
2551 1659 2720 1714 omni
2766 1659 3111 1726 tentatione,
3157 1659 3438 1716 diabolus
3490 1662 3631 1719 abs-

232 1754 375 1806 ἐστη
434 1750 529 1800 ἀπ’
583 1748 744 1800 αὐτοῦ
801 1748 937 1821 ἄχρι
976 1754 1179 1821 καιροῦ.
1221 1750 1322 1799 Καὶ
1377 1749 1628 1817 φαίνεται,
1681 1744 1759 1796 ὁτι
1814 1750 1850 1795 ολ

2011 1748 2147 1803 essit
2186 1748 2257 1804 ab
2288 1765 2354 1803 eo
2383 1764 2571 1820 usque
2601 1748 2679 1804 ad
2709 1752 2957 1820 tempus.
2999 1749 3257 1820 Apparet
3286 1753 3484 1807 autem
3511 1756 3629 1809 tres

238 1838 703 1909 ἀπαριθμηθέντες
767 1844 906 1911 τρεῖς
970 1839 1273 1909 πειρασμοὶ,
1342 1833 1594 1906 κεφάλαια
1657 1835 1856 1886 πάντων

2011 1841 2353 1894 numeratas
2377 1838 2752 1901 tentationes,
2783 1838 2984 1909 capita
3026 1838 3301 1894 omnium
3328 1854 3464 1897 esse
3506 1844 3629 1898 ten-

238 1928 356 1978 εὶσὶ
413 1935 507 1977 τῶν
560 1934 888 2001 πειρασμῶν.
934 1926 1019 1979 Ἐκ
1078 1927 1271 1977 τούτων
1324 1926 1424 1996 γὰρ
1482 1926 1571 1975 καὶ
1611 1924 1659 1974 οἱ
1717 1921 1856 1975 ἄλλοι

2003 1927 2281 1982 ationum.
2316 1926 2403 1981 Ab
2433 1927 2525 1982 his
2555 1942 2818 2000 namque
2836 1930 3065 1982 eceterae
3090 1942 3303 1984 omnes
3328 1929 3621 1998 oriuntur,

230 2017 429 2076 πάντες
486 2014 891 2088 ἀπογεννῶνται,
949 2019 1038 2067 καὶ
1095 2015 1120 2066 ὁ
1176 2014 1241 2065 τὰ
1293 2014 1433 2071 πάθη
1488 2019 1654 2064 ταῦτα
1716 2018 1848 2071 νική-

2006 2019 2032 2071 ι
2056 2016 2160 2089 qui
2185 2017 2296 2073 hos
2344 2016 2622 2072 devicerit
2672 2016 2934 2083 effectus,
2974 2020 3182 2073 contra
3212 2032 3415 2073 omnes
3441 2019 3624 2076 victo-

231 2124 361 2167 σας,
426 2108 546 2177 ἔχει
589 2107 727 2157 κατὰ
773 2108 977 2157 πάντων
1024 2105 1090 2156 τὰ
1131 2106 1429 2174 νικητήρια.
1469 2104 1540 2154 Τὸ
1592 2098 1651 2153 δὲ
1689 2100 1849 2175 ’Ἄχρι

2003 2106 2118 2161 iam
2145 2104 2432 2162 obtineat.
2459 2105 2631 2171 Quod
2654 2108 2855 2162 autem
2878 2104 3121 2161 additur
3150 2122 3162 2161 :
3187 2107 3375 2179 Usque
3397 2106 3468 2162 ad
3485 2115 3621 2166 tem-

224 2202 454 2267 καιροῡ,
508 2198 777 2266 σημαίνει,
826 2192 907 2245 ὃτι
951 2197 1113 2266 μέχρι
1168 2199 1259 2252 τῆς
1305 2192 1449 2263 παρὰ
1492 2197 1591 2241 τῶν
1628 2185 1842 2242 Ἰουδαί-

2002 2211 2088 2261 us,
2118 2194 2434 2265 signiﬁcat,
2462 2210 2655 2268 usque
2683 2194 2760 2251 ad
2789 2193 3129 2251 Iudaeorum
3159 2195 3427 2253 insidias.
3459 2199 3620 2255 Tunc

225 2305 298 2334 ων
350 2283 662 2347 ἐπιϐουλῆς.
723 2288 851 2335 Τότε
911 2285 1013 2355 γὰρ
1072 2280 1223 2333 πάλιν
1280 2276 1613 2354 προσέϐαλεν,
1666 2278 1723 2330 ού
1779 2275 1843 2330 δέ

2002 2284 2121 2340 nim
2147 2299 2386 2340 rursum
2440 2284 2833 2356 oppugnavit,
2866 2300 2990 2341 non
3032 2300 3135 2356 per
3195 2285 3479 2357 seipsum,
3514 2288 3620 2345 sed

226 2373 449 2440 ἑαυτοῦ,
514 2370 643 2425 ἀλλὰ
713 2368 807 2424 διὰ
863 2378 961 2423 τῶν
1016 2366 1307 2440 Ἰουδαίων,
1367 2370 1436 2430 ὡς
1494 2364 1566 2420 δι’
1621 2366 1844 2443 ὀργάνων

1786 2388 1851 2420 ων
1958 2389 2066 2446 per
2093 2374 2348 2439 Iudaeos,
2381 2377 2677 2446 tanquam
2706 2388 2810 2445 per
2834 2388 3067 2445 organa
3096 2374 3404 2446 quaedam.

224 2472 413 2515 τινῶν.

301 2554 348 2622 ἦ·
389 2558 529 2613 Ton;
578 2559 717 2626 τρεῖς
765 2551 842 2621 (5)
890 2550 1203 2625 πειρασμούς
1248 2548 1329 2620 (6)
1379 2546 1611 2605 ἐνίκησεν
1661 2544 1686 2597 ὁ
1747 2547 1849 2599 Κύ-

2028 2555 2165 2610 Tres
2187 2553 2542 2610 tentationes
2565 2552 2845 2609 sustinuit
2860 2553 3169 2629 Dominus,
3192 2569 3413 2627 nempe
3435 2555 3613 2629 gulae,

227 2661 362 2713 ριος,
460 2646 549 2694 τὸν
627 2651 716 2702 τῆς
790 2644 1233 2714 γαστριμαργίας,
1315 2639 1401 2690 τὸν
1480 2643 1570 2697 τῆς
1642 2632 1845 2687 κενοδο-

1996 2659 2119 2699 anae
2145 2643 2345 2713 gloria
2376 2650 2430 2699 et
2460 2642 2743 2699 avaritias.
2780 2644 2928 2699 Sunt
2947 2643 3165 2700 etenim
3197 2644 3320 2701 haec
3340 2646 3614 2703 omnium

230 2732 369 2801 ξίας,
422 2736 516 2783 καὶ
566 2735 655 2783 τὸν
708 2738 802 2792 τῆς
858 2729 1304 2802 φιλοχρηματίας,
1361 2728 1519 2799 ἤγουν
1576 2725 1847 2798 φιλοπλου-

1995 2732 2254 2789 ialorum
2278 2733 2602 2789 affectuum
2630 2733 2823 2805 capita
2851 2749 2862 2786 :
2891 2733 2992 2806 qui
3046 2734 3159 2789 has
3228 2734 3519 2802 devicerit,
3552 2736 3613 2792 in

228 2826 367 2881 τὶας,
415 2818 582 2873 Οὗτοι
620 2824 721 2894 γὰρ
776 2820 907 2872 εἰσιν
956 2821 1004 2871 οἱ
1048 2817 1298 2891 ἄρχοντες
1351 2824 1450 2868 τῶν
1480 2817 1677 2868 παθῶν.
1717 2816 1846 2867 Τού-

1996 2823 2153 2878 multis
2184 2837 2426 2895 quoque
2459 2821 2589 2877 aliis
2620 2822 2815 2891 magis
2832 2821 3021 2878 victor
3040 2823 3269 2879 evadet.
3304 2824 3614 2883 Lucasita-

228 2931 356 2972 τους
407 2908 495 2963 οὖν
559 2914 805 2976 νικήσας,
862 2913 950 2961 καὶ
1011 2911 1127 2968 τούς
1176 2907 1361 2967 ἄλλους
1412 2904 1581 2975 πολλῷ
1631 2903 1838 2976 μᾶλλον.

1996 2928 2067 2968 ue
2089 2912 2230 2968 dicit
2246 2914 2314 2982 ⁷³,
2336 2912 2499 2984 quod
2517 2927 2761 2967 omnem
2789 2912 3174 2983 compleverit
3197 2914 3609 2989 tentationem,

226 3000 387 3053 Ὀθεν
445 3004 471 3053 ὁ
530 3006 734 3060 Λουκᾶς
792 3018 971 3072 φησιν,
1031 2998 1110 3050 ὅτι
1167 2998 1337 3050 πάντα
1389 2997 1677 3069 πειρασμὸν
1733 2993 1841 3046 ἐτέ-

1994 3016 2021 3057 ο
2047 3000 2212 3073 quod
2262 3000 2655 3056 tentationum
2695 3001 2887 3073 capita
2939 3004 3402 3059 consummavit.
3443 3005 3612 3069 Quod

228 3090 364 3145 λεσε.
416 3090 540 3142 Ὀτι
582 3086 641 3142 δε
688 3088 900 3160 ἄγγελοι
945 3083 1281 3140 διακονοῦσιν
1336 3085 1497 3155 αύτῷ,
1550 3082 1836 3149 δείκνυσιν,

1993 3095 2151 3146 utem
2169 3089 2352 3146 etiam
2391 3090 2590 3161 angeli
2619 3090 2672 3145 ei
2700 3090 3057 3157 ministrant,
3105 3091 3406 3161 signiﬁcat
3435 3093 3611 3150 nobis

229 3182 311 3233 ὅτι
352 3186 443 3232 καὶ
505 3183 629 3252 ἡμῖν
690 3181 824 3253 μετὰ
873 3181 967 3235 τὴν
1019 3180 1165 3235 νίκην
1227 3175 1440 3248 ἄγγελοι
1496 3176 1833 3248 ὑπηρετοῦσι.

1986 3196 2193 3252 110ίῖ118
2260 3179 2507 3249 angelos
2576 3183 2714 3251 post
2776 3179 3085 3236 victoriam
3142 3180 3604 3242 ministraturos.

230 3274 411 3323 Πάντα
448 3273 552 3342 γὰρ
588 3266 661 3321 δι’
708 3270 848 3339 ἡμᾶς
896 3270 987 3319 καὶ
1026 3273 1161 3319 ποιεῖ
1198 3270 1287 3317 καὶ
1321 3261 1586 3318 δείκνυσιν
1633 3263 1657 3315 ὀ
1710 3271 1839 3338 Χρι-

1998 3270 2157 3327 mnia
2188 3268 2488 3342 siquidem
2528 3271 2769 3341 propter
2809 3283 2921 3324 nos
2961 3273 3017 3325 et
3064 3267 3205 3325 facit
3252 3274 3307 3326 et
3347 3272 3608 3330 ostendit

231 3364 373 3426 στός,
437 3358 549 3411 ἐπεὶ
602 3358 763 3429 αὐτῷ,
825 3359 915 3428 ζὼς
963 3361 1092 3426 Θεῷ,
1154 3354 1231 3408 ἀεὶ
1283 3356 1332 3408 οἱ
1388 3354 1595 3425 ἄγγελοι
1646 3354 1837 3428 ὑπουρ-

1986 3359 2254 3426 Iominus,
2314 3358 2407 3413 cui
2465 3357 2647 3414 veluti
2700 3360 2819 3414 Deo
2879 3372 3117 3431 semper
3172 3359 3369 3429 angeli
3432 3360 3604 3418 mini-

225 3458 437 3521 γοῦσιν.

1944 3451 2157 3505 strant.

300 3544 403 3592 Καὶ
459 3569 528 3579 —
581 3534 857 3595 διηκόνουν
934 3534 1093 3605 αύτῷ.
1168 3532 1290 3586 Ὀτε
1368 3536 1457 3606 μεν
1534 3534 1583 3584 οἱ
1643 3532 1835 3602 ἀγῶνες

2012 3538 2174 3593 Vers.
2201 3538 2287 3591 11.
2312 3538 2378 3592 Et
2402 3567 2468 3577 —
2488 3535 2917 3594 ministrabant
2946 3537 3015 3593 εἰ.
3044 3536 3335 3610 Tempore
3357 3539 3604 3612 quidem

226 3626 383 3693 ἦσαν,
444 3628 543 3680 οὐκ
596 3630 762 3679 εἴασεν
816 3625 1011 3687 αύτούς
1086 3625 1379 3696 φαίνεσθαι,
1444 3621 1529 3673 ἳνα
1609 3625 1679 3693 μὴ
1756 3621 1832 3694 (7)

1982 3626 2339 3683 antationum
2363 3639 2487 3681 non
2506 3626 2773 3697 permisit
2790 3641 2893 3682 eos
2911 3641 3220 3699 apparere,
3244 3642 3317 3683 ne
3333 3629 3600 3701 praedam

225 3718 455 3790 ἀπολέσῃ
517 3723 611 3775 τὴν
670 3718 856 3791 ἄγραν
908 3716 991 3766 ὅτε
1048 3710 1107 3766 δὲ
1158 3717 1244 3765 τὸν
1301 3711 1689 3784 ἀνταγωνιστὴν
1735 3709 1833 3762 ἐνί-

1980 3714 2069 3787 1ιί)
2082 3714 2353 3787 perderet
2385 3729 2396 3769 :
2422 3718 2748 3787 postquam
2772 3718 2973 3772 autem
3007 3714 3418 3773 adversarium
3464 3733 3598 3790 pro‘

220 3828 355 3867 κησε
412 3809 553 3859 κατὰ
618 3808 822 3881 κράτος,
886 3808 975 3855 καὶ
1031 3800 1206 3875 φυγεῖν
1268 3804 1646 3875 παρεσκεύασε,
1717 3804 1832 3853 τότε

1984 3804 2071 3859 ria
2101 3802 2318 3859 devicit
2338 3802 2704 3873 auctoritate,
2729 3817 2799 3859 ac
2830 3802 3035 3873 fugere
3065 3804 3274 3875 coegit,
3306 3810 3450 3862 tunc
3468 3807 3601 3879 jam

220 3905 497 3972 ραίνονται
574 3896 773 3967 λοιπὸν,
851 3895 934 3946 ἶνα
1013 3894 1181 3966 μάθῃς
1256 3894 1335 3944 ὅτι
1412 3896 1500 3944 καὶ
1564 3892 1621 3943 σε
1680 3892 1832 3962 μετὰ

1980 3894 2251 3964 pparent,
2284 3895 2350 3947 ut
2379 3893 2619 3948 noveris
2672 3891 2837 3964 quod
2894 3896 3220 3965 postquam
3251 3892 3313 3949 in
3343 3895 3598 3953 modum

216 3994 306 4050 τὰς
368 3988 447 4061 (8)
506 3987 625 4039 κατ’
680 3988 871 4038 ἐκείνου
927 3987 1095 4047 νίκας,
1165 3981 1375 4055 ἄγγελοι
1440 3978 1676 4043 δέξονται
1739 3984 1830 4033 καὶ

1937 3982 2067 4054 ejus
2095 3980 2326 4047 viceris,
2370 3984 2425 4035 et
2452 3984 2508 4036 te
2535 3980 2861 4053 suscipiant
2883 3996 2953 4038 ac
2978 3981 3288 4054 stipabunt
3303 3984 3522 4055 angeli.

218 4074 489 4151 δορυφορή
501 4096 596 4128 σου
606 4095 705 4128 σιν.

288 4168 568 4228 Ἀκούσας
646 4195 716 4206 —
800 4162 1095 4215 Γαλιλαίαν.
1169 4161 1444 4226 Ἀκούσας,
1534 4158 1615 4211 ὃτι
1697 4178 1829 4233 παρ-

2011 4163 2174 4216 Vers.
2217 4160 2303 4216 12.
2332 4159 2483 4217 Cum
2514 4158 2769 4216 audisset
2791 4189 2862 4202 —
2896 4161 3223 4219 Galilaeam.
3266 4162 3595 4236 Postquam

212 4253 379 4313 εδοθη
427 4256 504 4316 εἰς
559 4258 619 4307 τὸ
677 4250 1035 4326 δεσμωτήριον
1089 4251 1187 4303 ύπὸ
1234 4245 1472 4324 Ἡρώδου
1522 4256 1615 4301 τοῦ
1671 4268 1829 4322 τετρ-

1977 4249 2202 4306 udisset
2227 4249 2391 4322 quod
2418 4250 2479 4304 in
2497 4249 3056 4306 carceremtraditus
3082 4254 3236 4307 esset
3261 4252 3341 4307 ab
3366 4253 3595 4310 Herode

208 4348 414 4418 ἄρχον,
447 4346 621 4403 καθώς
652 4340 754 4416 ἐρεῖ
772 4346 986 4415 προῖὼν.

1934 4338 2251 4406 tetrarcha,
2284 4338 2436 4395 sicut
2456 4338 2519 4395 in
2551 4339 2934 4410 sequentibus
2957 4339 3227 4396 dicturus
3247 4344 3354 4397 est.

280 4440 627 4508 Ἀνεχώρησε
697 4429 774 4502 δε,
856 4426 1121 4483 παιδεύων
1202 4430 1355 4501 ἡμᾶς,
1429 4430 1626 4500 φεύγειν
1705 4431 1826 4489 τοὺς

2007 4429 2256 4485 Secessit
2308 4432 2509 4484 autem
2564 4429 2858 4485 instruens
2929 4445 3059 4495 nos,
3110 4434 3176 4485 ut
3236 4430 3591 4491 tentationes

206 4526 567 4599 πειρασμούς.
618 4522 727 4576 Ούκ
778 4524 887 4573 ἔστι
935 4521 1036 4591 γὰρ
1083 4517 1336 4590 ἔγκλημα,
1388 4520 1447 4569 τὸ
1505 4522 1576 4589 μη
1628 4517 1822 4593 ἐττιρῥί-

1972 4517 2251 4591 igiamus.
2276 4520 2477 4590 Neque
2500 4517 2880 4574 enimvitium
2901 4523 3010 4583 est,
3040 4519 3303 4592 seipsum
3322 4521 3590 4594 periculo

295 4582 304 4599 ,
411 4580 422 4597 ,
533 4580 545 4584 -
943 4580 954 4591 .
1009 4580 1016 4591 .
1113 4580 1125 4589 .
1243 4580 1252 4590 .
1326 4580 1333 4584 .
1505 4580 1513 4589 .
1713 4580 1754 4593 ..

203 4633 356 4666 πτειν
413 4612 601 4665 ἑαυτὸν
655 4611 720 4671 εἰς
774 4606 1039 4680 κίνδυνον,
1095 4607 1223 4661 ἀλλά
1274 4611 1354 4677 τὸ,
1404 4605 1693 4680 ἐμπεσόντα
1747 4612 1819 4682 μὴ

1966 4580 2051 4665 ida
2080 4606 2338 4679 objicere
2372 4580 2396 4664 ε’
2415 4606 2521 4663 sed
2547 4606 2650 4663 ubi
2665 4607 2961 4677 inciderit,
2994 4580 3301 4670 non‘stare
3324 4580 3584 4671 viriliter.

273 4795 322 4829 τί
361 4792 509 4848 Luc.
542 4806 624 4861 ιν,
660 4790 743 4845 l3.
822 4790 867 4825 δ’
899 4786 1048 4844 Ibid.

1435 4902 1658 4979 Variae
1683 4910 2012 4981 lectiones
2054 4920 2121 4980 et
2141 4918 2344 4980 notae.

267 5065 342 5179 (ἓ)
386 5062 579 5179 Ειίεὲω
611 5060 737 5116 haec
781 5057 1049 5132 pendent
1076 5070 1150 5111 ex
1196 5053 1626 5128 superioribus,
1668 5059 1720 5107 τί
1748 5084 1817 5097 --

1997 5055 2079 5179 ἕξ)
2110 5055 2413 5144 Chrvsost.
2447 5056 2590 5111 tom.
2626 5054 2738 5119 VII,
2772 5071 2827 5127 p.
2864 5055 2985 5112 172.
3017 5056 3083 5113 E.
3123 5056 3287 5111 Ὠστε
3315 5063 3387 5134 μὴ
3419 5062 3584 5135 ταύτῃ

1966 5147 1990 5179 ο
2029 5147 2161 5179 ησαι
2216 5147 2309 5179 την
2358 5146 2544 5179 ανοαν.
2592 5128 2803 5179 eodem
2862 5142 3064 5179 sensu.
3134 5129 3332 5179 ⁶Αονοαν
3384 5137 3582 5179 autem

198 5127 592 5208 παιδευόμεθας
713 5201 749 5208 __
782 5127 802 5132 —
1275 5127 1313 5208 ί,
1413 5200 1424 5208 _
1550 5199 1588 5208 .,

1967 5127 2187 5208 065335
2216 5131 2309 5208 fit?
2358 5127 2544 5200 ἄγραν,
2592 5128 2803 5208 eodem
2862 5142 3064 5208 sensu.
3110 5127 3332 5208 ⁸’Ἄγραν
3384 5127 3585 5192 autem

260 5210 339 5281 (5)
380 5197 513 5281 Haec
536 5197 597 5261 in
626 5201 793 5281 nullo
826 5214 1106 5281 meorum
1123 5197 1523 5281 reperiuntur.
1548 5198 1816 5270 Repetite.

1747 5200 1816 5255 ita
1923 5198 2216 5281 intelligit,
2248 5203 2342 5281 τὴν
2372 5197 2773 5281 προ-σαγομένην
2804 5203 2948 5276 παρὰ
2975 5207 3065 5254 τοῦ
3097 5197 3365 5260 διαϐόλου.

201 5269 421 5337 suntex
454 5274 896 5350 Theophylact.
932 5287 997 5350 ρ.
1038 5271 1109 5350 23
1324 5344 1333 5350 _
1427 5340 1438 5350 .
1643 5269 1652 5270 “
1994 5272 2077 5342 (8)
2119 5269 2285 5336 Κατά,
2319 5269 2564 5328 omittit.
2582 5269 2650 5327 Α.
2878 5269 2888 5276 “
3132 5310 3133 5313 η

262 5353 333 5425 (6)
370 5341 662 5426 Ὑπέμεινὲν
689 5341 1165 5415 videtur—legisse
1191 5341 1540 5397 Hentenius.

1484 5355 1540 5396 8.
2682 5350 2690 5359 .
3100 5350 3102 5357 .

255 5498 361 5573 (διά)
373 5496 665 5557 Praedam
674 5535 700 5573 -.
724 5472 1808 5573 N911remaneasstarestare?!

1968 5503 2055 5555 ςτο,
2086 5484 2117 5569 [
2150 5490 2214 5556 τῇ
2236 5557 2247 5572 ἱ
2274 5481 2613 5573 Σαμαρείτιδι
2674 5484 2694 5572 ]
2739 5502 2881 5573 τους.
2914 5486 3157 5573 μαθητὰς
3221 5486 3464 5573 ἐπίτηδες
3514 5493 3586 5560 εἰς

203 5553 525 5631 (initiis-to
551 5563 855 5639 capiente
895 5553 972 5613 et'
999 5553 1273 5611 vincente
1325 5553 1678 5636 diabolum,"
1701 5556 1804 5637 qui

203 5643 443 5684 mum..."
465 5661 538 5684 nn
550 5652 708 5684 ηριιη
733 5636 797 5684 at
814 5628 1056 5684 vincere
1072 5625 1361 5682 voluerat.
1384 5627 1572 5681 Locus
1596 5627 1801 5684 similis

1958 5560 2006 5615 ὸν
2038 5553 2045 5555 ”
2079 5553 2286 5684 ,ἆγέοὰν
2346 5553 2594 5683 ’πέὀιψαςο
2674 5553 2759 5610 ἳνα
2819 5553 2924 5631 μὴ’
2962 5563 3170 5635 πτοήσῃ
3229 5565 3324 5622 τὴν
3389 5553 3576 5643 ἄγραν,

1959 5643 2055 5684 em
2076 5626 2156 5684 lbl
2207 5668 2219 5681 .
2262 5644 2321 5684 D.
2354 5631 2419 5684 3e
2484 5630 2570 5684 At
2603 5628 2708 5684 Καὶ
2738 5631 2808 5684 μὴ
2845 5628 3048 5684 σοϐἠση
3072 5636 3165 5684 τὴν
3194 5632 3382 5684 οἷονοαν-

198 5625 708 5717 Clitistumvcapei'e
733 5636 797 5717 et
814 5625 1572 5717 V‘it19_81“'t3"vo_lue‘ra‘t.nl.pcp_s
1596 5625 1801 5717 similis

1763 5627 1801 5717 its
1909 5627 2055 5684 Item
2076 5625 2219 5684 ibid.
2262 5644 2321 5701 p.
2354 5625 2457 5686 389
2484 5625 2531 5683 Α
2556 5643 2570 5684 :
2603 5628 2708 5685 Καὶ
2736 5625 3048 5708 μὴ’σοϐἠσῃ
3072 5625 3165 5693 τὴν
3194 5632 3381 5709 ἄγραν.

192 5696 442 5787 εἶρξὧῖ
455 5696 814 5789 (Ξῑιῖγεοει.
845 5704 975 5758 tom
998 5698 1110 5765 ΧΠ,
1136 5714 1195 5771 p.
1230 5698 1333 5755 356
1362 5697 1401 5753 c
1427 5713 1443 5753 ε
1472 5702 1611 5772 Μόνη
1643 5696 1800 5752 διελέ.

1668 5696 1800 5752 ἤδη,
2262 5696 2283 5701 -
2736 5696 2747 5703 .
3024 5696 3035 5708 .
3235 5696 3249 5709 .
3264 5696 3286 5731 ,ι
