  <div class='ocr_page' id='page_1' title='image "/cluster/home/n/w/nwhite01/storage/ocr_20150623/129/coo.31924054870344/101.png"; bbox 0 0 4098 6426; ppageno 0'>
   <div class='ocr_carea' id='block_1_1' title="bbox 562 400 2243 475">
    <p class='ocr_par' dir='ltr' id='par_1_1' title="bbox 562 400 2243 475">
     <span class='ocr_line' id='line_1_1' title="bbox 562 400 2243 475; baseline -0.01 -3"><span class='ocrx_word' id='word_1_1' title='bbox 562 412 671 475; x_wconf 77' lang='grc'><strong>183</strong></span> <span class='ocrx_word' id='word_1_2' title='bbox 1887 400 2243 461; x_wconf 90' lang='lat' dir='ltr'><strong>EUTHYMII</strong></span> 
     </span>
    </p>
   </div>
   <div class='ocr_carea' id='block_1_2' title="bbox 2285 394 3969 455">
    <p class='ocr_par' dir='ltr' id='par_1_2' title="bbox 2285 394 3969 455">
     <span class='ocr_line' id='line_1_2' title="bbox 2285 394 3969 455; baseline -0.004 0"><span class='ocrx_word' id='word_1_3' title='bbox 2285 397 2615 455; x_wconf 87' lang='lat' dir='ltr'><strong>ZIGABENI</strong></span> <span class='ocrx_word' id='word_1_4' title='bbox 3859 394 3969 450; x_wconf 77' lang='grc'><strong>184</strong></span> 
     </span>
    </p>
   </div>
   <div class='ocr_carea' id='block_1_3' title="bbox 567 517 2247 607">
    <p class='ocr_par' dir='ltr' id='par_1_3' title="bbox 567 530 2243 607">
     <span class='ocr_line' id='line_1_3' title="bbox 567 530 2243 607; baseline -0.008 -10"><span class='ocrx_word' id='word_1_5' title='bbox 567 544 635 597; x_wconf 86' lang='lat' dir='ltr'><strong>In</strong></span> <span class='ocrx_word' id='word_1_6' title='bbox 664 537 969 596; x_wconf 67' lang='lat' dir='ltr'><strong>Gatilmam</strong></span> <span class='ocrx_word' id='word_1_7' title='bbox 986 552 1122 594; x_wconf 84' lang='lat' dir='ltr'><strong>vero</strong></span> <span class='ocrx_word' id='word_1_8' title='bbox 1147 536 1290 602; x_wconf 87' lang='lat' dir='ltr'><strong>abit,</strong></span> <span class='ocrx_word' id='word_1_9' title='bbox 1313 534 1490 592; x_wconf 88' lang='lat' dir='ltr'>simul</span> <span class='ocrx_word' id='word_1_10' title='bbox 1506 533 1746 607; x_wconf 85' lang='lat' dir='ltr'><strong>quidem</strong></span> <span class='ocrx_word' id='word_1_11' title='bbox 1766 535 1828 588; x_wconf 92' lang='lat' dir='ltr'><strong>ut</strong></span> <span class='ocrx_word' id='word_1_12' title='bbox 1843 530 2243 602; x_wconf 90' lang='lat' dir='ltr'><strong>compleretur</strong></span> 
     </span>
    </p>
   </div>
   <div class='ocr_carea' id='block_1_4' title="bbox 2354 517 3967 607">
    <p class='ocr_par' dir='ltr' id='par_1_4' title="bbox 2354 517 3967 595">
     <span class='ocr_line' id='line_1_4' title="bbox 2354 517 3967 595; baseline -0.003 -16"><span class='ocrx_word' id='word_1_13' title='bbox 2354 528 2540 584; x_wconf 83' lang='grc' dir='ltr'>στῆναί</span> <span class='ocrx_word' id='word_1_14' title='bbox 2613 526 2877 595; x_wconf 87' lang='grc' dir='ltr'>γενναίως.</span> <span class='ocrx_word' id='word_1_15' title='bbox 2937 522 3023 584; x_wconf 89' lang='grc' dir='ltr'><strong>Εἰς</strong></span> <span class='ocrx_word' id='word_1_16' title='bbox 3091 525 3185 581; x_wconf 80' lang='grc' dir='ltr'><strong>τὴν</strong></span> <span class='ocrx_word' id='word_1_17' title='bbox 3262 519 3535 573; x_wconf 79' lang='grc' dir='ltr'><strong>Γαλιλαίαν</strong></span> <span class='ocrx_word' id='word_1_18' title='bbox 3604 517 3661 573; x_wconf 63' lang='grc' dir='ltr'><strong>δὲ</strong></span> <span class='ocrx_word' id='word_1_19' title='bbox 3725 521 3967 574; x_wconf 78' lang='grc' dir='ltr'>ἄπεισιν⁹</span> 
     </span>
    </p>
   </div>
   <div class='ocr_carea' id='block_1_5' title="bbox 572 621 2237 703">
    <p class='ocr_par' dir='ltr' id='par_1_5' title="bbox 572 621 2237 703">
     <span class='ocr_line' id='line_1_5' title="bbox 572 621 2237 703; baseline -0.008 -18"><span class='ocrx_word' id='word_1_20' title='bbox 572 646 709 703; x_wconf 67' lang='lat' dir='ltr'><strong>quae</strong></span> <span class='ocrx_word' id='word_1_21' title='bbox 723 629 796 684; x_wconf 92' lang='lat' dir='ltr'><strong>de</strong></span> <span class='ocrx_word' id='word_1_22' title='bbox 811 644 881 684; x_wconf 89' lang='lat' dir='ltr'><strong>ea</strong></span> <span class='ocrx_word' id='word_1_23' title='bbox 900 628 1174 683; x_wconf 84' lang='lat' dir='ltr'><strong>scribitur</strong></span> <span class='ocrx_word' id='word_1_24' title='bbox 1190 626 1527 700; x_wconf 82' lang='lat' dir='ltr'><strong>prophetia,</strong></span> <span class='ocrx_word' id='word_1_25' title='bbox 1560 624 1709 679; x_wconf 83' lang='lat' dir='ltr'><strong>sicut</strong></span> <span class='ocrx_word' id='word_1_26' title='bbox 1726 622 1970 678; x_wconf 79' lang='lat' dir='ltr'><strong>interius</strong></span> <span class='ocrx_word' id='word_1_27' title='bbox 1985 621 2237 683; x_wconf 85' lang='lat' dir='ltr'><strong>dicetur;</strong></span> 
     </span>
    </p>
   </div>
   <div class='ocr_carea' id='block_1_6' title="bbox 572 709 2240 790">
    <p class='ocr_par' dir='ltr' id='par_1_6' title="bbox 572 709 2240 790">
     <span class='ocr_line' id='line_1_6' title="bbox 572 709 2240 790; baseline -0.008 -14"><span class='ocrx_word' id='word_1_28' title='bbox 572 724 758 790; x_wconf 90' lang='lat' dir='ltr'><strong>utque</strong></span> <span class='ocrx_word' id='word_1_29' title='bbox 792 717 933 773; x_wconf 91' lang='lat' dir='ltr'><strong>inde</strong></span> <span class='ocrx_word' id='word_1_30' title='bbox 971 717 1293 788; x_wconf 86' lang='lat' dir='ltr'><strong>piscatores</strong></span> <span class='ocrx_word' id='word_1_31' title='bbox 1343 715 1689 786; x_wconf 85' lang='lat' dir='ltr'><strong>piscaretur,</strong></span> <span class='ocrx_word' id='word_1_32' title='bbox 1743 709 2048 783; x_wconf 85' lang='lat' dir='ltr'><strong>apostolos</strong></span> <span class='ocrx_word' id='word_1_33' title='bbox 2091 709 2240 775; x_wconf 88' lang='lat' dir='ltr'><strong>dico,</strong></span> 
     </span>
    </p>
   </div>
   <div class='ocr_carea' id='block_1_7' title="bbox 573 798 2244 880">
    <p class='ocr_par' dir='ltr' id='par_1_7' title="bbox 573 798 2244 880">
     <span class='ocr_line' id='line_1_7' title="bbox 573 798 2244 880; baseline -0.005 -18"><span class='ocrx_word' id='word_1_34' title='bbox 573 808 678 880; x_wconf 89' lang='lat' dir='ltr'><strong>qui</strong></span> <span class='ocrx_word' id='word_1_35' title='bbox 708 806 789 862; x_wconf 92' lang='lat' dir='ltr'><strong>ibi</strong></span> <span class='ocrx_word' id='word_1_36' title='bbox 840 806 1245 862; x_wconf 85' lang='lat' dir='ltr'><strong>morabantur.</strong></span> <span class='ocrx_word' id='word_1_37' title='bbox 1304 804 1469 860; x_wconf 89' lang='lat' dir='ltr'><strong>Unde</strong></span> <span class='ocrx_word' id='word_1_38' title='bbox 1514 808 1569 859; x_wconf 88' lang='lat' dir='ltr'><strong>et</strong></span> <span class='ocrx_word' id='word_1_39' title='bbox 1602 801 1796 872; x_wconf 85' lang='lat' dir='ltr'><strong>angeli</strong></span> <span class='ocrx_word' id='word_1_40' title='bbox 1851 799 2154 855; x_wconf 88' lang='lat' dir='ltr'><strong>sublevato</strong></span> <span class='ocrx_word' id='word_1_41' title='bbox 2183 798 2244 853; x_wconf 92' lang='lat' dir='ltr'><strong>in</strong></span> 
     </span>
    </p>
   </div>
   <div class='ocr_carea' id='block_1_8' title="bbox 574 888 2246 964">
    <p class='ocr_par' dir='ltr' id='par_1_8' title="bbox 574 888 2246 964">
     <span class='ocr_line' id='line_1_8' title="bbox 574 888 2246 964; baseline -0.007 -12"><span class='ocrx_word' id='word_1_42' title='bbox 574 896 792 953; x_wconf 67' lang='lat' dir='ltr'><strong>caelum</strong></span> <span class='ocrx_word' id='word_1_43' title='bbox 827 895 1077 959; x_wconf 80' lang='lat' dir='ltr'><strong>Christo,</strong></span> <span class='ocrx_word' id='word_1_44' title='bbox 1111 893 1385 949; x_wconf 65' lang='lat' dir='ltr'><strong>Galilazos</strong></span> <span class='ocrx_word' id='word_1_45' title='bbox 1422 891 1869 964; x_wconf 85' lang='lat' dir='ltr'><strong>appellaverunt</strong></span> <span class='ocrx_word' id='word_1_46' title='bbox 1898 904 2021 956; x_wconf 91' lang='lat' dir='ltr'><strong>eos,</strong></span> <span class='ocrx_word' id='word_1_47' title='bbox 2045 888 2246 945; x_wconf 80' lang='lat' dir='ltr'><strong>dicen-</strong></span> 
     </span>
    </p>
   </div>
   <div class='ocr_carea' id='block_1_9' title="bbox 573 977 2243 1056">
    <p class='ocr_par' dir='ltr' id='par_1_9' title="bbox 573 977 2243 1056">
     <span class='ocr_line' id='line_1_9' title="bbox 573 977 2243 1056; baseline -0.004 -18"><span class='ocrx_word' id='word_1_48' title='bbox 573 987 663 1039; x_wconf 88' lang='lat' dir='ltr'><strong>tes</strong></span> <span class='ocrx_word' id='word_1_49' title='bbox 701 1026 712 1039; x_wconf 95' lang='lat'><strong>.</strong></span> <span class='ocrx_word' id='word_1_50' title='bbox 748 984 875 1041; x_wconf 86' lang='lat' dir='ltr'><strong>Viri</strong></span> <span class='ocrx_word' id='word_1_51' title='bbox 906 983 1149 1049; x_wconf 66' lang='lat' dir='ltr'><strong>Galila’i,</strong></span> <span class='ocrx_word' id='word_1_52' title='bbox 1176 983 1329 1056; x_wconf 78' lang='lat' dir='ltr'><strong>quid</strong></span> <span class='ocrx_word' id='word_1_53' title='bbox 1353 982 1519 1038; x_wconf 80' lang='lat' dir='ltr'><strong>statis</strong></span> <span class='ocrx_word' id='word_1_54' title='bbox 1540 980 1867 1051; x_wconf 82' lang='lat' dir='ltr'><strong>aspicientes</strong></span> <span class='ocrx_word' id='word_1_55' title='bbox 1883 980 1945 1033; x_wconf 83' lang='lat' dir='ltr'><strong>in</strong></span> <span class='ocrx_word' id='word_1_56' title='bbox 1964 977 2243 1039; x_wconf 64' lang='lat' dir='ltr'><strong>caelum”.</strong></span> 
     </span>
    </p>
   </div>
   <div class='ocr_carea' id='block_1_10' title="bbox 654 1248 2243 1322">
    <p class='ocr_par' dir='ltr' id='par_1_10' title="bbox 654 1248 2243 1322">
     <span class='ocr_line' id='line_1_10' title="bbox 654 1248 2243 1322; baseline -0.005 -12"><span class='ocrx_word' id='word_1_57' title='bbox 654 1254 817 1310; x_wconf 86' lang='lat' dir='ltr'><strong>Vers.</strong></span> <span class='ocrx_word' id='word_1_58' title='bbox 871 1255 957 1309; x_wconf 85' lang='grc'><strong>13.</strong></span> <span class='ocrx_word' id='word_1_59' title='bbox 1012 1251 1092 1307; x_wconf 88' lang='lat' dir='ltr'><strong>Et</strong></span> <span class='ocrx_word' id='word_1_60' title='bbox 1149 1282 1216 1292; x_wconf 97' lang='lat'><em>—</em></span> <span class='ocrx_word' id='word_1_61' title='bbox 1273 1250 1627 1322; x_wconf 84' lang='lat' dir='ltr'><strong>Nephtalim.</strong></span> <span class='ocrx_word' id='word_1_62' title='bbox 1674 1248 1911 1317; x_wconf 80' lang='lat' dir='ltr'><strong>Relicta,</strong></span> <span class='ocrx_word' id='word_1_63' title='bbox 1975 1249 2084 1304; x_wconf 92' lang='lat' dir='ltr'><strong>hoc</strong></span> <span class='ocrx_word' id='word_1_64' title='bbox 2135 1250 2243 1317; x_wconf 92' lang='lat' dir='ltr'><strong>est,</strong></span> 
     </span>
    </p>
   </div>
   <div class='ocr_carea' id='block_1_11' title="bbox 580 1337 2241 1416">
    <p class='ocr_par' dir='ltr' id='par_1_11' title="bbox 580 1337 2241 1416">
     <span class='ocr_line' id='line_1_11' title="bbox 580 1337 2241 1416; baseline -0.005 -17"><span class='ocrx_word' id='word_1_65' title='bbox 580 1342 898 1416; x_wconf 74' lang='lat' dir='ltr'><strong>praeterita.</strong></span> <span class='ocrx_word' id='word_1_66' title='bbox 927 1344 1088 1397; x_wconf 90' lang='lat' dir='ltr'><strong>Tunc</strong></span> <span class='ocrx_word' id='word_1_67' title='bbox 1115 1340 1274 1396; x_wconf 93' lang='lat' dir='ltr'><strong>enim</strong></span> <span class='ocrx_word' id='word_1_68' title='bbox 1307 1355 1430 1395; x_wconf 91' lang='lat' dir='ltr'><strong>non</strong></span> <span class='ocrx_word' id='word_1_69' title='bbox 1471 1343 1559 1395; x_wconf 89' lang='lat' dir='ltr'><strong>est</strong></span> <span class='ocrx_word' id='word_1_70' title='bbox 1589 1338 1892 1409; x_wconf 84' lang='lat' dir='ltr'><strong>ingressus</strong></span> <span class='ocrx_word' id='word_1_71' title='bbox 1931 1337 2241 1392; x_wconf 87' lang='lat' dir='ltr'><strong>Nazareth.</strong></span> 
     </span>
    </p>
   </div>
   <div class='ocr_carea' id='block_1_12' title="bbox 652 1425 2247 1498">
    <p class='ocr_par' dir='ltr' id='par_1_12' title="bbox 652 1425 2247 1498">
     <span class='ocr_line' id='line_1_12' title="bbox 652 1425 2247 1498; baseline -0.003 -13"><span class='ocrx_word' id='word_1_72' title='bbox 652 1431 821 1488; x_wconf 89' lang='lat' dir='ltr'><strong>Vers.</strong></span> <span class='ocrx_word' id='word_1_73' title='bbox 865 1431 950 1486; x_wconf 75' lang='grc'><strong>14.</strong></span> <span class='ocrx_word' id='word_1_74' title='bbox 987 1431 1059 1487; x_wconf 90' lang='lat' dir='ltr'><strong>Ut</strong></span> <span class='ocrx_word' id='word_1_75' title='bbox 1092 1430 1483 1498; x_wconf 79' lang='lat' dir='ltr'><strong>compteretur</strong></span> <span class='ocrx_word' id='word_1_76' title='bbox 1512 1460 1579 1468; x_wconf 98' lang='lat'><em>—</em></span> <span class='ocrx_word' id='word_1_77' title='bbox 1620 1427 1685 1483; x_wconf 93' lang='lat' dir='ltr'><strong>V.</strong></span> <span class='ocrx_word' id='word_1_78' title='bbox 1748 1428 1826 1483; x_wconf 78' lang='grc'><strong>16.</strong></span> <span class='ocrx_word' id='word_1_79' title='bbox 1873 1428 1972 1482; x_wconf 84' lang='lat' dir='ltr'><strong>eis.</strong></span> <span class='ocrx_word' id='word_1_80' title='bbox 2005 1425 2247 1481; x_wconf 81' lang='lat' dir='ltr'><strong>Galilaea</strong></span> 
     </span>
    </p>
   </div>
   <div class='ocr_carea' id='block_1_13' title="bbox 582 1515 2248 1593">
    <p class='ocr_par' dir='ltr' id='par_1_13' title="bbox 582 1515 2248 1593">
     <span class='ocr_line' id='line_1_13' title="bbox 582 1515 2248 1593; baseline -0.004 -17"><span class='ocrx_word' id='word_1_81' title='bbox 582 1520 830 1593; x_wconf 88' lang='lat' dir='ltr'><strong>quidem</strong></span> <span class='ocrx_word' id='word_1_82' title='bbox 863 1519 1026 1589; x_wconf 88' lang='lat' dir='ltr'><strong>regio</strong></span> <span class='ocrx_word' id='word_1_83' title='bbox 1052 1521 1179 1574; x_wconf 89' lang='lat' dir='ltr'><strong>erat</strong></span> <span class='ocrx_word' id='word_1_84' title='bbox 1209 1518 1535 1574; x_wconf 70' lang='lat' dir='ltr'><strong>Palestinaa.</strong></span> <span class='ocrx_word' id='word_1_85' title='bbox 1570 1517 1721 1575; x_wconf 88' lang='lat' dir='ltr'><strong>Olim</strong></span> <span class='ocrx_word' id='word_1_86' title='bbox 1755 1520 1955 1571; x_wconf 87' lang='lat' dir='ltr'><strong>autem</strong></span> <span class='ocrx_word' id='word_1_87' title='bbox 1987 1515 2127 1569; x_wconf 90' lang='lat' dir='ltr'><strong>data</strong></span> <span class='ocrx_word' id='word_1_88' title='bbox 2158 1517 2248 1569; x_wconf 90' lang='lat' dir='ltr'><strong>est</strong></span> 
     </span>
    </p>
   </div>
   <div class='ocr_carea' id='block_1_14' title="bbox 583 1603 2242 1684">
    <p class='ocr_par' dir='ltr' id='par_1_14' title="bbox 583 1603 2242 1684">
     <span class='ocr_line' id='line_1_14' title="bbox 583 1603 2242 1684; baseline -0.005 -19"><span class='ocrx_word' id='word_1_89' title='bbox 583 1610 646 1666; x_wconf 90' lang='lat' dir='ltr'><strong>in</strong></span> <span class='ocrx_word' id='word_1_90' title='bbox 668 1612 886 1664; x_wconf 88' lang='lat' dir='ltr'><strong>sortem</strong></span> <span class='ocrx_word' id='word_1_91' title='bbox 910 1606 1149 1684; x_wconf 86' lang='lat' dir='ltr'><strong>duabus</strong></span> <span class='ocrx_word' id='word_1_92' title='bbox 1176 1606 1444 1662; x_wconf 89' lang='lat' dir='ltr'><strong>tribubus</strong></span> <span class='ocrx_word' id='word_1_93' title='bbox 1466 1605 1728 1663; x_wconf 88' lang='lat' dir='ltr'><strong>Zabulon</strong></span> <span class='ocrx_word' id='word_1_94' title='bbox 1756 1610 1809 1660; x_wconf 92' lang='lat' dir='ltr'><strong>et</strong></span> <span class='ocrx_word' id='word_1_95' title='bbox 1836 1603 2242 1676; x_wconf 73' lang='lat' dir='ltr'><strong>Nephthalim:</strong></span> 
     </span>
    </p>
   </div>
   <div class='ocr_carea' id='block_1_15' title="bbox 584 1693 2243 1771">
    <p class='ocr_par' dir='ltr' id='par_1_15' title="bbox 584 1693 2243 1771">
     <span class='ocr_line' id='line_1_15' title="bbox 584 1693 2243 1771; baseline -0.005 -16"><span class='ocrx_word' id='word_1_96' title='bbox 584 1703 819 1771; x_wconf 87' lang='lat' dir='ltr'><strong>partem</strong></span> <span class='ocrx_word' id='word_1_97' title='bbox 842 1702 1042 1753; x_wconf 87' lang='lat' dir='ltr'><strong>tamen</strong></span> <span class='ocrx_word' id='word_1_98' title='bbox 1063 1695 1624 1767; x_wconf 90' lang='lat' dir='ltr'><strong>ejusinhabitabant</strong></span> <span class='ocrx_word' id='word_1_99' title='bbox 1647 1700 1852 1764; x_wconf 87' lang='lat' dir='ltr'><strong>gentes</strong></span> <span class='ocrx_word' id='word_1_100' title='bbox 1873 1693 2243 1763; x_wconf 82' lang='lat' dir='ltr'><strong>alienigenae.</strong></span> 
     </span>
    </p>
   </div>
   <div class='ocr_carea' id='block_1_16' title="bbox 588 1784 2246 1856">
    <p class='ocr_par' dir='ltr' id='par_1_16' title="bbox 588 1784 2246 1856">
     <span class='ocr_line' id='line_1_16' title="bbox 588 1784 2246 1856; baseline -0.004 -13"><span class='ocrx_word' id='word_1_101' title='bbox 588 1790 655 1843; x_wconf 89' lang='lat' dir='ltr'><strong>Et</strong></span> <span class='ocrx_word' id='word_1_102' title='bbox 683 1788 917 1842; x_wconf 88' lang='lat' dir='ltr'><strong>videtur</strong></span> <span class='ocrx_word' id='word_1_103' title='bbox 945 1786 1160 1841; x_wconf 87' lang='lat' dir='ltr'><strong>horum</strong></span> <span class='ocrx_word' id='word_1_104' title='bbox 1200 1785 1689 1856; x_wconf 90' lang='lat' dir='ltr'><strong>propheticorum</strong></span> <span class='ocrx_word' id='word_1_105' title='bbox 1731 1784 2049 1840; x_wconf 81' lang='lat' dir='ltr'><strong>verborum</strong></span> <span class='ocrx_word' id='word_1_106' title='bbox 2100 1784 2246 1838; x_wconf 89' lang='lat' dir='ltr'><strong>ordo</strong></span> 
     </span>
    </p>
   </div>
   <div class='ocr_carea' id='block_1_17' title="bbox 587 1874 2243 1946">
    <p class='ocr_par' dir='ltr' id='par_1_17' title="bbox 587 1874 2243 1946">
     <span class='ocr_line' id='line_1_17' title="bbox 587 1874 2243 1946; baseline -0.002 -16"><span class='ocrx_word' id='word_1_107' title='bbox 587 1875 863 1941; x_wconf 74' lang='lat' dir='ltr'><strong>difﬁcilis,</strong></span> <span class='ocrx_word' id='word_1_108' title='bbox 910 1880 1033 1930; x_wconf 92' lang='lat' dir='ltr'><strong>tum</strong></span> <span class='ocrx_word' id='word_1_109' title='bbox 1068 1878 1303 1946; x_wconf 84' lang='lat' dir='ltr'><strong>propter</strong></span> <span class='ocrx_word' id='word_1_110' title='bbox 1334 1874 1633 1929; x_wconf 82' lang='lat' dir='ltr'><strong>defectum</strong></span> <span class='ocrx_word' id='word_1_111' title='bbox 1664 1874 2084 1945; x_wconf 89' lang='lat' dir='ltr'><strong>quorumdam,</strong></span> <span class='ocrx_word' id='word_1_112' title='bbox 2121 1878 2243 1927; x_wconf 89' lang='lat' dir='ltr'><strong>tum</strong></span> 
     </span>
    </p>
   </div>
   <div class='ocr_carea' id='block_1_18' title="bbox 585 1962 2248 2037">
    <p class='ocr_par' dir='ltr' id='par_1_18' title="bbox 585 1962 2248 2037">
     <span class='ocr_line' id='line_1_18' title="bbox 585 1962 2248 2037; baseline -0.003 -18"><span class='ocrx_word' id='word_1_113' title='bbox 585 1964 1187 2037; x_wconf 84' lang='lat' dir='ltr'><strong>prOpterignoratum</strong></span> <span class='ocrx_word' id='word_1_114' title='bbox 1202 1979 1404 2018; x_wconf 90' lang='lat' dir='ltr'><strong>eorum</strong></span> <span class='ocrx_word' id='word_1_115' title='bbox 1427 1962 1809 2018; x_wconf 87' lang='lat' dir='ltr'><strong>intellectum.</strong></span> <span class='ocrx_word' id='word_1_116' title='bbox 1840 1964 1959 2031; x_wconf 85' lang='lat' dir='ltr'><strong>Ego</strong></span> <span class='ocrx_word' id='word_1_117' title='bbox 1988 1965 2189 2015; x_wconf 89' lang='lat' dir='ltr'><strong>tamen</strong></span> <span class='ocrx_word' id='word_1_118' title='bbox 2213 1975 2248 2015; x_wconf 89' lang='lat' dir='ltr'><strong>a</strong></span> 
     </span>
    </p>
   </div>
   <div class='ocr_carea' id='block_1_19' title="bbox 590 2049 2248 2126">
    <p class='ocr_par' dir='ltr' id='par_1_19' title="bbox 590 2049 2248 2126">
     <span class='ocr_line' id='line_1_19' title="bbox 590 2049 2248 2126; baseline -0.003 -18"><span class='ocrx_word' id='word_1_119' title='bbox 590 2052 940 2126; x_wconf 90' lang='lat' dir='ltr'><strong>prophetico</strong></span> <span class='ocrx_word' id='word_1_120' title='bbox 955 2051 1105 2107; x_wconf 88' lang='lat' dir='ltr'><strong>libro</strong></span> <span class='ocrx_word' id='word_1_121' title='bbox 1128 2052 1293 2107; x_wconf 92' lang='lat' dir='ltr'><strong>illum</strong></span> <span class='ocrx_word' id='word_1_122' title='bbox 1312 2051 1639 2123; x_wconf 88' lang='lat' dir='ltr'><strong>requirens,</strong></span> <span class='ocrx_word' id='word_1_123' title='bbox 1661 2050 1920 2105; x_wconf 81' lang='lat' dir='ltr'><strong>intellexi</strong></span> <span class='ocrx_word' id='word_1_124' title='bbox 1940 2049 2248 2121; x_wconf 92' lang='lat' dir='ltr'><strong>quomodo</strong></span> 
     </span>
    </p>
   </div>
   <div class='ocr_carea' id='block_1_20' title="bbox 588 2139 2249 2213">
    <p class='ocr_par' dir='ltr' id='par_1_20' title="bbox 588 2139 2249 2213">
     <span class='ocr_line' id='line_1_20' title="bbox 588 2139 2249 2213; baseline -0.002 -16"><span class='ocrx_word' id='word_1_125' title='bbox 588 2158 660 2197; x_wconf 88' lang='lat' dir='ltr'><strong>ea</strong></span> <span class='ocrx_word' id='word_1_126' title='bbox 690 2142 961 2197; x_wconf 87' lang='lat' dir='ltr'><strong>ordinare</strong></span> <span class='ocrx_word' id='word_1_127' title='bbox 992 2145 1262 2213; x_wconf 89' lang='lat' dir='ltr'><strong>oporteat</strong></span> <span class='ocrx_word' id='word_1_128' title='bbox 1291 2162 1302 2196; x_wconf 86' lang='lat'><strong>:</strong></span> <span class='ocrx_word' id='word_1_129' title='bbox 1337 2155 1550 2211; x_wconf 87' lang='lat' dir='ltr'><strong>nempe</strong></span> <span class='ocrx_word' id='word_1_130' title='bbox 1580 2140 1659 2195; x_wconf 87' lang='lat' dir='ltr'><strong>ita</strong></span> <span class='ocrx_word' id='word_1_131' title='bbox 1681 2139 1977 2195; x_wconf 87' lang='lat' dir='ltr'><strong>convenit.</strong></span> <span class='ocrx_word' id='word_1_132' title='bbox 2019 2141 2061 2195; x_wconf 92' lang='grc' dir='ltr'><strong>Ο</strong></span> <span class='ocrx_word' id='word_1_133' title='bbox 2096 2145 2249 2194; x_wconf 88' lang='lat' dir='ltr'><strong>terra</strong></span> 
     </span>
    </p>
   </div>
   <div class='ocr_carea' id='block_1_21' title="bbox 589 2229 2245 2301">
    <p class='ocr_par' dir='ltr' id='par_1_21' title="bbox 589 2229 2245 2301">
     <span class='ocr_line' id='line_1_21' title="bbox 589 2229 2245 2301; baseline -0.002 -14"><span class='ocrx_word' id='word_1_134' title='bbox 589 2230 877 2295; x_wconf 90' lang='lat' dir='ltr'><strong>Zabulon,</strong></span> <span class='ocrx_word' id='word_1_135' title='bbox 912 2235 969 2287; x_wconf 92' lang='lat' dir='ltr'><strong>et</strong></span> <span class='ocrx_word' id='word_1_136' title='bbox 997 2246 1032 2286; x_wconf 93' lang='grc' dir='ltr'>ο</span> <span class='ocrx_word' id='word_1_137' title='bbox 1088 2234 1240 2285; x_wconf 88' lang='lat' dir='ltr'><strong>terra</strong></span> <span class='ocrx_word' id='word_1_138' title='bbox 1298 2230 1670 2301; x_wconf 85' lang='lat' dir='ltr'><strong>Nephthalim</strong></span> <span class='ocrx_word' id='word_1_139' title='bbox 1710 2229 2012 2301; x_wconf 86' lang='lat' dir='ltr'><strong>(Intelligit</strong></span> <span class='ocrx_word' id='word_1_140' title='bbox 2051 2235 2245 2285; x_wconf 89' lang='lat' dir='ltr'><strong>autem</strong></span> 
     </span>
    </p>
   </div>
   <div class='ocr_carea' id='block_1_22' title="bbox 590 2318 2247 2390">
    <p class='ocr_par' dir='ltr' id='par_1_22' title="bbox 590 2318 2247 2390">
     <span class='ocr_line' id='line_1_22' title="bbox 590 2318 2247 2390; baseline -0.001 -14"><span class='ocrx_word' id='word_1_141' title='bbox 590 2320 899 2385; x_wconf 68' lang='lat' dir='ltr'><strong>Galilaeam,</strong></span> <span class='ocrx_word' id='word_1_142' title='bbox 946 2320 1099 2375; x_wconf 89' lang='lat' dir='ltr'><strong>sicut</strong></span> <span class='ocrx_word' id='word_1_143' title='bbox 1140 2318 1367 2374; x_wconf 92' lang='lat' dir='ltr'><strong>dictum</strong></span> <span class='ocrx_word' id='word_1_144' title='bbox 1418 2322 1553 2390; x_wconf 89' lang='lat' dir='ltr'><strong>est),</strong></span> <span class='ocrx_word' id='word_1_145' title='bbox 1597 2323 1673 2383; x_wconf 92' lang='lat' dir='ltr'><strong>et,</strong></span> <span class='ocrx_word' id='word_1_146' title='bbox 1707 2335 1742 2374; x_wconf 95' lang='lat' dir='ltr'><strong>o</strong></span> <span class='ocrx_word' id='word_1_147' title='bbox 1802 2335 1903 2373; x_wconf 91' lang='lat' dir='ltr'><strong>vos</strong></span> <span class='ocrx_word' id='word_1_148' title='bbox 1956 2318 2059 2390; x_wconf 87' lang='lat' dir='ltr'><strong>qui</strong></span> <span class='ocrx_word' id='word_1_149' title='bbox 2092 2318 2247 2375; x_wconf 88' lang='lat' dir='ltr'><strong>circa</strong></span> 
     </span>
    </p>
   </div>
   <div class='ocr_carea' id='block_1_23' title="bbox 588 2407 2244 2475">
    <p class='ocr_par' dir='ltr' id='par_1_23' title="bbox 588 2407 2244 2475">
     <span class='ocr_line' id='line_1_23' title="bbox 588 2407 2244 2475; baseline -0.002 -9"><span class='ocrx_word' id='word_1_150' title='bbox 588 2410 748 2466; x_wconf 82' lang='lat' dir='ltr'><strong>viam</strong></span> <span class='ocrx_word' id='word_1_151' title='bbox 782 2408 985 2475; x_wconf 89' lang='lat' dir='ltr'><strong>maris,</strong></span> <span class='ocrx_word' id='word_1_152' title='bbox 1020 2408 1082 2463; x_wconf 93' lang='lat' dir='ltr'><strong>id</strong></span> <span class='ocrx_word' id='word_1_153' title='bbox 1109 2413 1211 2473; x_wconf 92' lang='lat' dir='ltr'><strong>est,</strong></span> <span class='ocrx_word' id='word_1_154' title='bbox 1257 2409 1413 2463; x_wconf 86' lang='lat' dir='ltr'><strong>circa</strong></span> <span class='ocrx_word' id='word_1_155' title='bbox 1442 2424 1607 2464; x_wconf 90' lang='lat' dir='ltr'><strong>mare</strong></span> <span class='ocrx_word' id='word_1_156' title='bbox 1639 2407 1895 2464; x_wconf 65' lang='lat' dir='ltr'><strong>Galilieae</strong></span> <span class='ocrx_word' id='word_1_157' title='bbox 1925 2408 2200 2463; x_wconf 88' lang='lat' dir='ltr'><strong>habitatis</strong></span> <span class='ocrx_word' id='word_1_158' title='bbox 2231 2425 2244 2474; x_wconf 92' lang='lat'><strong>;</strong></span> 
     </span>
    </p>
   </div>
   <div class='ocr_carea' id='block_1_24' title="bbox 589 2497 2243 2570">
    <p class='ocr_par' dir='ltr' id='par_1_24' title="bbox 589 2497 2243 2570">
     <span class='ocr_line' id='line_1_24' title="bbox 589 2497 2243 2570; baseline -0.002 -15"><span class='ocrx_word' id='word_1_159' title='bbox 589 2502 646 2555; x_wconf 89' lang='lat' dir='ltr'><strong>et</strong></span> <span class='ocrx_word' id='word_1_160' title='bbox 673 2514 709 2554; x_wconf 96' lang='lat' dir='ltr'><strong>o</strong></span> <span class='ocrx_word' id='word_1_161' title='bbox 734 2514 838 2553; x_wconf 89' lang='lat' dir='ltr'><strong>vos</strong></span> <span class='ocrx_word' id='word_1_162' title='bbox 862 2497 967 2570; x_wconf 88' lang='lat' dir='ltr'><strong>qui</strong></span> <span class='ocrx_word' id='word_1_163' title='bbox 990 2502 1153 2553; x_wconf 89' lang='lat' dir='ltr'><strong>trans</strong></span> <span class='ocrx_word' id='word_1_164' title='bbox 1182 2497 1537 2553; x_wconf 86' lang='lat' dir='ltr'><strong>Jordanem:</strong></span> <span class='ocrx_word' id='word_1_165' title='bbox 1572 2502 1627 2553; x_wconf 91' lang='lat' dir='ltr'><strong>et</strong></span> <span class='ocrx_word' id='word_1_166' title='bbox 1659 2514 1694 2553; x_wconf 97' lang='lat' dir='ltr'><strong>o</strong></span> <span class='ocrx_word' id='word_1_167' title='bbox 1721 2497 1960 2553; x_wconf 70' lang='lat' dir='ltr'><strong>Galilaaa</strong></span> <span class='ocrx_word' id='word_1_168' title='bbox 1981 2497 2243 2568; x_wconf 87' lang='lat' dir='ltr'><strong>gentium</strong></span> 
     </span>
    </p>
   </div>
   <div class='ocr_carea' id='block_1_25' title="bbox 590 2586 2247 2659">
    <p class='ocr_par' dir='ltr' id='par_1_25' title="bbox 590 2586 2247 2659">
     <span class='ocr_line' id='line_1_25' title="bbox 590 2586 2247 2659; baseline -0.001 -16"><span class='ocrx_word' id='word_1_169' title='bbox 590 2591 797 2659; x_wconf 86' lang='lat' dir='ltr'><strong>(Vocat</strong></span> <span class='ocrx_word' id='word_1_170' title='bbox 867 2590 1069 2643; x_wconf 86' lang='lat' dir='ltr'><strong>autem</strong></span> <span class='ocrx_word' id='word_1_171' title='bbox 1120 2586 1425 2643; x_wconf 64' lang='lat' dir='ltr'><strong>Galilaeam</strong></span> <span class='ocrx_word' id='word_1_172' title='bbox 1474 2586 1755 2657; x_wconf 86' lang='lat' dir='ltr'><strong>gentium,</strong></span> <span class='ocrx_word' id='word_1_173' title='bbox 1812 2603 1942 2644; x_wconf 91' lang='lat' dir='ltr'><strong>eam</strong></span> <span class='ocrx_word' id='word_1_174' title='bbox 1999 2587 2247 2643; x_wconf 75' lang='lat' dir='ltr'><strong>Galilaeaa</strong></span> 
     </span>
    </p>
   </div>
   <div class='ocr_carea' id='block_1_26' title="bbox 589 2675 2248 2750">
    <p class='ocr_par' dir='ltr' id='par_1_26' title="bbox 589 2675 2248 2750">
     <span class='ocr_line' id='line_1_26' title="bbox 589 2675 2248 2750; baseline 0.001 -19"><span class='ocrx_word' id='word_1_175' title='bbox 589 2680 822 2750; x_wconf 88' lang='lat' dir='ltr'><strong>partem</strong></span> <span class='ocrx_word' id='word_1_176' title='bbox 849 2691 1035 2748; x_wconf 85' lang='lat' dir='ltr'><strong>quam</strong></span> <span class='ocrx_word' id='word_1_177' title='bbox 1067 2680 1271 2747; x_wconf 85' lang='lat' dir='ltr'><strong>gentes</strong></span> <span class='ocrx_word' id='word_1_178' title='bbox 1304 2675 1697 2748; x_wconf 87' lang='lat' dir='ltr'><strong>incolebant.)</strong></span> <span class='ocrx_word' id='word_1_179' title='bbox 1728 2676 1949 2732; x_wconf 84' lang='lat' dir='ltr'><strong>Deinde</strong></span> <span class='ocrx_word' id='word_1_180' title='bbox 1981 2692 2248 2749; x_wconf 91' lang='lat' dir='ltr'><strong>compre-</strong></span> 
     </span>
    </p>
   </div>
   <div class='ocr_carea' id='block_1_27' title="bbox 588 2765 2247 2837">
    <p class='ocr_par' dir='ltr' id='par_1_27' title="bbox 588 2765 2247 2837">
     <span class='ocr_line' id='line_1_27' title="bbox 588 2765 2247 2837; baseline 0.001 -16"><span class='ocrx_word' id='word_1_181' title='bbox 588 2765 860 2821; x_wconf 86' lang='lat' dir='ltr'><strong>hendens</strong></span> <span class='ocrx_word' id='word_1_182' title='bbox 913 2780 1122 2821; x_wconf 90' lang='lat' dir='ltr'><strong>omnes</strong></span> <span class='ocrx_word' id='word_1_183' title='bbox 1174 2765 1277 2837; x_wconf 91' lang='lat' dir='ltr'><strong>qui</strong></span> <span class='ocrx_word' id='word_1_184' title='bbox 1342 2765 1402 2821; x_wconf 92' lang='lat' dir='ltr'><strong>in</strong></span> <span class='ocrx_word' id='word_1_185' title='bbox 1456 2766 1753 2836; x_wconf 82' lang='lat' dir='ltr'><strong>praedictis</strong></span> <span class='ocrx_word' id='word_1_186' title='bbox 1808 2766 1954 2821; x_wconf 91' lang='lat' dir='ltr'><strong>locis</strong></span> <span class='ocrx_word' id='word_1_187' title='bbox 2010 2767 2247 2823; x_wconf 88' lang='lat' dir='ltr'><strong>habita-</strong></span> 
     </span>
    </p>
   </div>
   <div class='ocr_carea' id='block_1_28' title="bbox 587 2854 2245 2925">
    <p class='ocr_par' dir='ltr' id='par_1_28' title="bbox 587 2854 2245 2925">
     <span class='ocr_line' id='line_1_28' title="bbox 587 2854 2245 2925; baseline 0.001 -15"><span class='ocrx_word' id='word_1_188' title='bbox 587 2854 751 2921; x_wconf 90' lang='lat' dir='ltr'><strong>bant,</strong></span> <span class='ocrx_word' id='word_1_189' title='bbox 810 2869 904 2910; x_wconf 90' lang='lat' dir='ltr'><strong>res</strong></span> <span class='ocrx_word' id='word_1_190' title='bbox 976 2854 1090 2909; x_wconf 90' lang='lat' dir='ltr'><strong>illis</strong></span> <span class='ocrx_word' id='word_1_191' title='bbox 1164 2855 1448 2911; x_wconf 89' lang='lat' dir='ltr'><strong>salutares</strong></span> <span class='ocrx_word' id='word_1_192' title='bbox 1523 2856 1913 2925; x_wconf 88' lang='lat' dir='ltr'><strong>denuntiavit,</strong></span> <span class='ocrx_word' id='word_1_193' title='bbox 2001 2856 2245 2913; x_wconf 90' lang='lat' dir='ltr'><strong>dicens:</strong></span> 
     </span>
    </p>
   </div>
   <div class='ocr_carea' id='block_1_29' title="bbox 590 2942 2247 3017">
    <p class='ocr_par' dir='ltr' id='par_1_29' title="bbox 590 2942 2247 3017">
     <span class='ocr_line' id='line_1_29' title="bbox 590 2942 2247 3017; baseline 0.002 -18"><span class='ocrx_word' id='word_1_194' title='bbox 590 2942 840 3014; x_wconf 78' lang='lat' dir='ltr'><strong>Populus</strong></span> <span class='ocrx_word' id='word_1_195' title='bbox 856 2943 954 3015; x_wconf 87' lang='lat' dir='ltr'><strong>qui</strong></span> <span class='ocrx_word' id='word_1_196' title='bbox 972 2943 1201 3000; x_wconf 81' lang='lat' dir='ltr'><strong>sedebat</strong></span> <span class='ocrx_word' id='word_1_197' title='bbox 1223 2945 1279 2999; x_wconf 83' lang='lat' dir='ltr'><strong>in</strong></span> <span class='ocrx_word' id='word_1_198' title='bbox 1302 2945 1551 3000; x_wconf 76' lang='lat' dir='ltr'><strong>tenebris</strong></span> <span class='ocrx_word' id='word_1_199' title='bbox 1568 2945 1719 3000; x_wconf 82' lang='lat' dir='ltr'><strong>vidit</strong></span> <span class='ocrx_word' id='word_1_200' title='bbox 1749 2947 1935 3001; x_wconf 84' lang='lat' dir='ltr'><strong>lucem</strong></span> <span class='ocrx_word' id='word_1_201' title='bbox 1959 2962 2247 3017; x_wconf 83' lang='lat' dir='ltr'><strong>magnam,</strong></span> 
     </span>
    </p>
   </div>
   <div class='ocr_carea' id='block_1_30' title="bbox 590 3032 2249 3089">
    <p class='ocr_par' dir='ltr' id='par_1_30' title="bbox 590 3032 2249 3089">
     <span class='ocr_line' id='line_1_30' title="bbox 590 3032 2249 3089; baseline 0 -2"><span class='ocrx_word' id='word_1_202' title='bbox 590 3035 701 3087; x_wconf 84' lang='lat' dir='ltr'><strong>etc.</strong></span> <span class='ocrx_word' id='word_1_203' title='bbox 754 3034 820 3087; x_wconf 91' lang='lat' dir='ltr'><strong>Et</strong></span> <span class='ocrx_word' id='word_1_204' title='bbox 867 3032 1145 3088; x_wconf 88' lang='lat' dir='ltr'><strong>tenebras</strong></span> <span class='ocrx_word' id='word_1_205' title='bbox 1197 3033 1739 3089; x_wconf 88' lang='lat' dir='ltr'><strong>vocaviterrorem.</strong></span> <span class='ocrx_word' id='word_1_206' title='bbox 1789 3033 2249 3089; x_wconf 85' lang='lat' dir='ltr'><strong>Errabantenim</strong></span> 
     </span>
    </p>
   </div>
   <div class='ocr_carea' id='block_1_31' title="bbox 590 3120 2252 3194">
    <p class='ocr_par' dir='ltr' id='par_1_31' title="bbox 590 3120 2252 3194">
     <span class='ocr_line' id='line_1_31' title="bbox 590 3120 2252 3194; baseline 0.002 -19"><span class='ocrx_word' id='word_1_207' title='bbox 590 3120 783 3176; x_wconf 64' lang='lat' dir='ltr'><strong>Judaei</strong></span> <span class='ocrx_word' id='word_1_208' title='bbox 812 3121 1057 3194; x_wconf 90' lang='lat' dir='ltr'><strong>quidem</strong></span> <span class='ocrx_word' id='word_1_209' title='bbox 1089 3121 1247 3179; x_wconf 85' lang='lat' dir='ltr'><strong>circa</strong></span> <span class='ocrx_word' id='word_1_210' title='bbox 1296 3123 1648 3194; x_wconf 88' lang='lat' dir='ltr'><strong>Scripturas,</strong></span> <span class='ocrx_word' id='word_1_211' title='bbox 1679 3128 1882 3194; x_wconf 85' lang='lat' dir='ltr'><strong>gentes</strong></span> <span class='ocrx_word' id='word_1_212' title='bbox 1912 3138 2053 3179; x_wconf 90' lang='lat' dir='ltr'><strong>vero</strong></span> <span class='ocrx_word' id='word_1_213' title='bbox 2093 3124 2252 3179; x_wconf 89' lang='lat' dir='ltr'><strong>circa</strong></span> 
     </span>
    </p>
   </div>
   <div class='ocr_carea' id='block_1_32' title="bbox 592 3210 1154 3269">
    <p class='ocr_par' dir='ltr' id='par_1_32' title="bbox 592 3210 1154 3269">
     <span class='ocr_line' id='line_1_32' title="bbox 592 3210 1154 3269; baseline 0.004 -3"><span class='ocrx_word' id='word_1_214' title='bbox 592 3210 818 3267; x_wconf 90' lang='lat' dir='ltr'><strong>cultum</strong></span> <span class='ocrx_word' id='word_1_215' title='bbox 858 3210 1154 3269; x_wconf 87' lang='lat' dir='ltr'><strong>divinum.</strong></span> 
     </span>
    </p>
   </div>
   <div class='ocr_carea' id='block_1_33' title="bbox 662 3390 2247 3460">
    <p class='ocr_par' dir='ltr' id='par_1_33' title="bbox 662 3390 2247 3460">
     <span class='ocr_line' id='line_1_33' title="bbox 662 3390 2247 3460; baseline 0.001 -15"><span class='ocrx_word' id='word_1_216' title='bbox 662 3390 880 3445; x_wconf 92' lang='lat' dir='ltr'><strong>Lucem</strong></span> <span class='ocrx_word' id='word_1_217' title='bbox 907 3393 1107 3446; x_wconf 89' lang='lat' dir='ltr'><strong>autem</strong></span> <span class='ocrx_word' id='word_1_218' title='bbox 1148 3405 1437 3460; x_wconf 90' lang='lat' dir='ltr'><strong>magnam</strong></span> <span class='ocrx_word' id='word_1_219' title='bbox 1470 3390 1771 3445; x_wconf 91' lang='lat' dir='ltr'><strong>Christum</strong></span> <span class='ocrx_word' id='word_1_220' title='bbox 1820 3390 2157 3447; x_wconf 85' lang='lat' dir='ltr'><strong>nominavit</strong></span> <span class='ocrx_word' id='word_1_221' title='bbox 2180 3392 2247 3457; x_wconf 70' lang='grc' dir='ltr'><strong>τι,</strong></span> 
     </span>
    </p>
   </div>
   <div class='ocr_carea' id='block_1_34' title="bbox 592 3478 2251 3552">
    <p class='ocr_par' dir='ltr' id='par_1_34' title="bbox 592 3478 2251 3552">
     <span class='ocr_line' id='line_1_34' title="bbox 592 3478 2251 3552; baseline 0.001 -18"><span class='ocrx_word' id='word_1_222' title='bbox 592 3479 696 3552; x_wconf 89' lang='lat' dir='ltr'><strong>qui</strong></span> <span class='ocrx_word' id='word_1_223' title='bbox 744 3478 1205 3549; x_wconf 83' lang='lat' dir='ltr'><strong>frequenterlux</strong></span> <span class='ocrx_word' id='word_1_224' title='bbox 1259 3494 1396 3534; x_wconf 90' lang='lat' dir='ltr'><strong>vera</strong></span> <span class='ocrx_word' id='word_1_225' title='bbox 1447 3478 1820 3550; x_wconf 90' lang='lat' dir='ltr'><strong>appellatur:</strong></span> <span class='ocrx_word' id='word_1_226' title='bbox 1851 3479 1977 3552; x_wconf 86' lang='lat' dir='ltr'><strong>ipse</strong></span> <span class='ocrx_word' id='word_1_227' title='bbox 2031 3481 2251 3536; x_wconf 90' lang='lat' dir='ltr'><strong>etenim</strong></span> 
     </span>
    </p>
   </div>
   <div class='ocr_carea' id='block_1_35' title="bbox 591 3568 2250 3633">
    <p class='ocr_par' dir='ltr' id='par_1_35' title="bbox 591 3568 2250 3633">
     <span class='ocr_line' id='line_1_35' title="bbox 591 3568 2250 3633; baseline 0 -8"><span class='ocrx_word' id='word_1_228' title='bbox 591 3569 703 3625; x_wconf 91' lang='lat' dir='ltr'><strong>hos</strong></span> <span class='ocrx_word' id='word_1_229' title='bbox 752 3568 831 3624; x_wconf 89' lang='lat' dir='ltr'><strong>ab</strong></span> <span class='ocrx_word' id='word_1_230' title='bbox 881 3584 1079 3623; x_wconf 90' lang='lat' dir='ltr'><strong>errore</strong></span> <span class='ocrx_word' id='word_1_231' title='bbox 1118 3568 1342 3633; x_wconf 86' lang='lat' dir='ltr'><strong>eduxit,</strong></span> <span class='ocrx_word' id='word_1_232' title='bbox 1393 3568 1695 3624; x_wconf 87' lang='lat' dir='ltr'><strong>illustrans</strong></span> <span class='ocrx_word' id='word_1_233' title='bbox 1752 3584 1853 3624; x_wconf 91' lang='lat' dir='ltr'><strong>eos</strong></span> <span class='ocrx_word' id='word_1_234' title='bbox 1882 3569 1941 3625; x_wconf 91' lang='lat' dir='ltr'><strong>in</strong></span> <span class='ocrx_word' id='word_1_235' title='bbox 1997 3571 2250 3626; x_wconf 92' lang='lat' dir='ltr'><strong>modum</strong></span> 
     </span>
    </p>
   </div>
   <div class='ocr_carea' id='block_1_36' title="bbox 591 3657 2250 3732">
    <p class='ocr_par' dir='ltr' id='par_1_36' title="bbox 591 3657 2250 3732">
     <span class='ocr_line' id='line_1_36' title="bbox 591 3657 2250 3732; baseline 0.002 -19"><span class='ocrx_word' id='word_1_236' title='bbox 591 3657 762 3713; x_wconf 91' lang='lat' dir='ltr'><strong>lucis.</strong></span> <span class='ocrx_word' id='word_1_237' title='bbox 798 3657 1021 3712; x_wconf 89' lang='lat' dir='ltr'><strong>Deinde</strong></span> <span class='ocrx_word' id='word_1_238' title='bbox 1053 3658 1259 3713; x_wconf 87' lang='lat' dir='ltr'><strong>iterum</strong></span> <span class='ocrx_word' id='word_1_239' title='bbox 1292 3658 1632 3730; x_wconf 88' lang='lat' dir='ltr'><strong>hujusmodi</strong></span> <span class='ocrx_word' id='word_1_240' title='bbox 1659 3660 1926 3715; x_wconf 88' lang='lat' dir='ltr'><strong>tenebras</strong></span> <span class='ocrx_word' id='word_1_241' title='bbox 1967 3659 2250 3732; x_wconf 88' lang='lat' dir='ltr'><strong>interpre-</strong></span> 
     </span>
    </p>
   </div>
   <div class='ocr_carea' id='block_1_37' title="bbox 595 3746 2249 3817">
    <p class='ocr_par' dir='ltr' id='par_1_37' title="bbox 595 3746 2249 3817">
     <span class='ocr_line' id='line_1_37' title="bbox 595 3746 2249 3817; baseline 0.002 -15"><span class='ocrx_word' id='word_1_242' title='bbox 595 3749 752 3802; x_wconf 86' lang='lat' dir='ltr'><strong>tatur</strong></span> <span class='ocrx_word' id='word_1_243' title='bbox 774 3746 1053 3817; x_wconf 75' lang='lat' dir='ltr'><strong>regionem</strong></span> <span class='ocrx_word' id='word_1_244' title='bbox 1074 3747 1296 3812; x_wconf 79' lang='lat' dir='ltr'><strong>mortis,</strong></span> <span class='ocrx_word' id='word_1_245' title='bbox 1321 3752 1379 3802; x_wconf 87' lang='lat' dir='ltr'><strong>et</strong></span> <span class='ocrx_word' id='word_1_246' title='bbox 1398 3748 1664 3804; x_wconf 82' lang='lat' dir='ltr'><strong>umbram</strong></span> <span class='ocrx_word' id='word_1_247' title='bbox 1686 3749 1890 3805; x_wconf 80' lang='lat' dir='ltr'><strong>mortis</strong></span> <span class='ocrx_word' id='word_1_248' title='bbox 1916 3748 2009 3804; x_wconf 89' lang='lat' dir='ltr'><strong>his</strong></span> <span class='ocrx_word' id='word_1_249' title='bbox 2023 3766 2249 3806; x_wconf 85' lang='lat' dir='ltr'><strong>vocans</strong></span> 
     </span>
    </p>
   </div>
   <div class='ocr_carea' id='block_1_38' title="bbox 594 3834 2251 3909">
    <p class='ocr_par' dir='ltr' id='par_1_38' title="bbox 594 3834 2251 3909">
     <span class='ocr_line' id='line_1_38' title="bbox 594 3834 2251 3909; baseline 0.002 -17"><span class='ocrx_word' id='word_1_250' title='bbox 594 3834 962 3902; x_wconf 90' lang='lat' dir='ltr'><strong>nominibus,</strong></span> <span class='ocrx_word' id='word_1_251' title='bbox 1011 3834 1155 3908; x_wconf 89' lang='lat' dir='ltr'><strong>quia</strong></span> <span class='ocrx_word' id='word_1_252' title='bbox 1176 3835 1327 3892; x_wconf 86' lang='lat' dir='ltr'><strong>sicut</strong></span> <span class='ocrx_word' id='word_1_253' title='bbox 1348 3837 1555 3892; x_wconf 90' lang='lat' dir='ltr'><strong>mortis</strong></span> <span class='ocrx_word' id='word_1_254' title='bbox 1588 3838 1754 3909; x_wconf 89' lang='lat' dir='ltr'><strong>regio</strong></span> <span class='ocrx_word' id='word_1_255' title='bbox 1786 3854 1854 3894; x_wconf 87' lang='lat' dir='ltr'><strong>ac</strong></span> <span class='ocrx_word' id='word_1_256' title='bbox 1892 3838 2128 3907; x_wconf 89' lang='lat' dir='ltr'><strong>umbra,</strong></span> <span class='ocrx_word' id='word_1_257' title='bbox 2160 3843 2251 3895; x_wconf 89' lang='lat' dir='ltr'><strong>est</strong></span> 
     </span>
    </p>
   </div>
   <div class='ocr_carea' id='block_1_39' title="bbox 595 3924 2253 3999">
    <p class='ocr_par' dir='ltr' id='par_1_39' title="bbox 595 3924 2253 3999">
     <span class='ocr_line' id='line_1_39' title="bbox 595 3924 2253 3999; baseline 0.004 -18"><span class='ocrx_word' id='word_1_258' title='bbox 595 3924 975 3996; x_wconf 89' lang='lat' dir='ltr'><strong>sepulcrum:</strong></span> <span class='ocrx_word' id='word_1_259' title='bbox 1032 3926 1195 3993; x_wconf 83' lang='lat' dir='ltr'><strong>regio</strong></span> <span class='ocrx_word' id='word_1_260' title='bbox 1259 3925 1507 3998; x_wconf 88' lang='lat' dir='ltr'><strong>quidem</strong></span> <span class='ocrx_word' id='word_1_261' title='bbox 1555 3927 1733 3999; x_wconf 89' lang='lat' dir='ltr'><strong>quasi</strong></span> <span class='ocrx_word' id='word_1_262' title='bbox 1784 3928 1974 3994; x_wconf 90' lang='lat' dir='ltr'><strong>locus,</strong></span> <span class='ocrx_word' id='word_1_263' title='bbox 2033 3929 2253 3987; x_wconf 87' lang='lat' dir='ltr'><strong>umbra</strong></span> 
     </span>
    </p>
   </div>
   <div class='ocr_carea' id='block_1_40' title="bbox 595 4014 2251 4085">
    <p class='ocr_par' dir='ltr' id='par_1_40' title="bbox 595 4014 2251 4085">
     <span class='ocr_line' id='line_1_40' title="bbox 595 4014 2251 4085; baseline 0.004 -15"><span class='ocrx_word' id='word_1_264' title='bbox 595 4029 739 4070; x_wconf 87' lang='lat' dir='ltr'><strong>vero</strong></span> <span class='ocrx_word' id='word_1_265' title='bbox 760 4014 930 4085; x_wconf 89' lang='lat' dir='ltr'><strong>quasi</strong></span> <span class='ocrx_word' id='word_1_266' title='bbox 959 4014 1227 4071; x_wconf 75' lang='lat' dir='ltr'><strong>tenebrae.</strong></span> <span class='ocrx_word' id='word_1_267' title='bbox 1262 4018 1410 4071; x_wconf 87' lang='lat' dir='ltr'><strong>Nam</strong></span> <span class='ocrx_word' id='word_1_268' title='bbox 1462 4015 1708 4072; x_wconf 68' lang='lat' dir='ltr'><strong>tenebrae</strong></span> <span class='ocrx_word' id='word_1_269' title='bbox 1749 4017 1969 4073; x_wconf 89' lang='lat' dir='ltr'><strong>umbra</strong></span> <span class='ocrx_word' id='word_1_270' title='bbox 2004 4023 2111 4073; x_wconf 88' lang='lat' dir='ltr'><strong>est.</strong></span> <span class='ocrx_word' id='word_1_271' title='bbox 2167 4020 2251 4076; x_wconf 92' lang='lat' dir='ltr'><strong>Ita</strong></span> 
     </span>
    </p>
   </div>
   <div class='ocr_carea' id='block_1_41' title="bbox 597 4102 2248 4176">
    <p class='ocr_par' dir='ltr' id='par_1_41' title="bbox 597 4102 2248 4176">
     <span class='ocr_line' id='line_1_41' title="bbox 597 4102 2248 4176; baseline 0.002 -16"><span class='ocrx_word' id='word_1_272' title='bbox 597 4106 655 4161; x_wconf 84' lang='lat' dir='ltr'><strong>et</strong></span> <span class='ocrx_word' id='word_1_273' title='bbox 680 4102 887 4159; x_wconf 88' lang='lat' dir='ltr'><strong>mortis</strong></span> <span class='ocrx_word' id='word_1_274' title='bbox 904 4103 1222 4176; x_wconf 84' lang='lat' dir='ltr'><strong>spiritualis</strong></span> <span class='ocrx_word' id='word_1_275' title='bbox 1251 4104 1413 4175; x_wconf 87' lang='lat' dir='ltr'><strong>regio</strong></span> <span class='ocrx_word' id='word_1_276' title='bbox 1435 4121 1505 4161; x_wconf 90' lang='lat' dir='ltr'><strong>ac</strong></span> <span class='ocrx_word' id='word_1_277' title='bbox 1532 4106 1910 4175; x_wconf 89' lang='lat' dir='ltr'><strong>umbra,erat</strong></span> <span class='ocrx_word' id='word_1_278' title='bbox 1927 4106 2021 4163; x_wconf 87' lang='lat' dir='ltr'><strong>ille</strong></span> <span class='ocrx_word' id='word_1_279' title='bbox 2056 4124 2248 4175; x_wconf 89' lang='lat' dir='ltr'><strong>error;</strong></span> 
     </span>
    </p>
   </div>
   <div class='ocr_carea' id='block_1_42' title="bbox 594 4193 2247 4267">
    <p class='ocr_par' dir='ltr' id='par_1_42' title="bbox 594 4193 2247 4267">
     <span class='ocr_line' id='line_1_42' title="bbox 594 4193 2247 4267; baseline 0.002 -17"><span class='ocrx_word' id='word_1_280' title='bbox 594 4193 759 4264; x_wconf 85' lang='lat' dir='ltr'><strong>regio</strong></span> <span class='ocrx_word' id='word_1_281' title='bbox 814 4208 979 4258; x_wconf 89' lang='lat' dir='ltr'><strong>sane,</strong></span> <span class='ocrx_word' id='word_1_282' title='bbox 1026 4194 1213 4249; x_wconf 87' lang='lat' dir='ltr'><strong>veluti</strong></span> <span class='ocrx_word' id='word_1_283' title='bbox 1266 4210 1431 4250; x_wconf 87' lang='lat' dir='ltr'><strong>more</strong></span> <span class='ocrx_word' id='word_1_284' title='bbox 1472 4196 1729 4267; x_wconf 89' lang='lat' dir='ltr'><strong>sepulcri</strong></span> <span class='ocrx_word' id='word_1_285' title='bbox 1787 4212 1889 4252; x_wconf 90' lang='lat' dir='ltr'><strong>eos</strong></span> <span class='ocrx_word' id='word_1_286' title='bbox 1918 4198 2247 4264; x_wconf 89' lang='lat' dir='ltr'><strong>continens,</strong></span> 
     </span>
    </p>
   </div>
   <div class='ocr_carea' id='block_1_43' title="bbox 593 4281 2249 4358">
    <p class='ocr_par' dir='ltr' id='par_1_43' title="bbox 593 4281 2249 4358">
     <span class='ocr_line' id='line_1_43' title="bbox 593 4281 2249 4358; baseline 0.003 -20"><span class='ocrx_word' id='word_1_287' title='bbox 593 4282 699 4355; x_wconf 89' lang='lat' dir='ltr'><strong>qui</strong></span> <span class='ocrx_word' id='word_1_288' title='bbox 727 4282 789 4338; x_wconf 90' lang='lat' dir='ltr'><strong>in</strong></span> <span class='ocrx_word' id='word_1_289' title='bbox 822 4281 1017 4354; x_wconf 91' lang='lat' dir='ltr'><strong>ipsum</strong></span> <span class='ocrx_word' id='word_1_290' title='bbox 1045 4282 1413 4349; x_wconf 85' lang='lat' dir='ltr'><strong>incidissent,</strong></span> <span class='ocrx_word' id='word_1_291' title='bbox 1456 4284 1697 4354; x_wconf 88' lang='lat' dir='ltr'><strong>mortui,</strong></span> <span class='ocrx_word' id='word_1_292' title='bbox 1754 4286 1959 4358; x_wconf 89' lang='lat' dir='ltr'><strong>quoad</strong></span> <span class='ocrx_word' id='word_1_293' title='bbox 2005 4302 2249 4343; x_wconf 88' lang='lat' dir='ltr'><strong>sensum</strong></span> 
     </span>
    </p>
   </div>
   <div class='ocr_carea' id='block_1_44' title="bbox 595 4371 2250 4449">
    <p class='ocr_par' dir='ltr' id='par_1_44' title="bbox 595 4371 2250 4449">
     <span class='ocr_line' id='line_1_44' title="bbox 595 4371 2250 4449; baseline 0.002 -21"><span class='ocrx_word' id='word_1_294' title='bbox 595 4371 855 4429; x_wconf 83' lang='lat' dir='ltr'><strong>veritatis</strong></span> <span class='ocrx_word' id='word_1_295' title='bbox 899 4387 913 4439; x_wconf 86' lang='lat'><strong>;</strong></span> <span class='ocrx_word' id='word_1_296' title='bbox 945 4371 1163 4428; x_wconf 90' lang='lat' dir='ltr'><strong>umbra</strong></span> <span class='ocrx_word' id='word_1_297' title='bbox 1188 4388 1348 4439; x_wconf 86' lang='lat' dir='ltr'><strong>vero,</strong></span> <span class='ocrx_word' id='word_1_298' title='bbox 1400 4378 1605 4445; x_wconf 90' lang='lat' dir='ltr'><strong>utpote</strong></span> <span class='ocrx_word' id='word_1_299' title='bbox 1640 4374 1892 4449; x_wconf 84' lang='lat' dir='ltr'><strong>tenebris</strong></span> <span class='ocrx_word' id='word_1_300' title='bbox 1923 4391 2028 4431; x_wconf 92' lang='lat' dir='ltr'><strong>eos</strong></span> <span class='ocrx_word' id='word_1_301' title='bbox 2059 4375 2250 4432; x_wconf 76' lang='lat' dir='ltr'><strong>oﬂ‘un-</strong></span> 
     </span>
    </p>
   </div>
   <div class='ocr_carea' id='block_1_45' title="bbox 596 4460 2251 4538">
    <p class='ocr_par' dir='ltr' id='par_1_45' title="bbox 596 4460 2251 4538">
     <span class='ocr_line' id='line_1_45' title="bbox 596 4460 2251 4538; baseline 0.004 -22"><span class='ocrx_word' id='word_1_302' title='bbox 596 4461 769 4517; x_wconf 90' lang='lat' dir='ltr'><strong>dens.</strong></span> <span class='ocrx_word' id='word_1_303' title='bbox 816 4463 895 4517; x_wconf 88' lang='lat' dir='ltr'><strong>Ne</strong></span> <span class='ocrx_word' id='word_1_304' title='bbox 937 4460 1169 4516; x_wconf 87' lang='lat' dir='ltr'><strong>mireris</strong></span> <span class='ocrx_word' id='word_1_305' title='bbox 1216 4466 1439 4531; x_wconf 90' lang='lat' dir='ltr'><strong>autem,</strong></span> <span class='ocrx_word' id='word_1_306' title='bbox 1506 4464 1552 4517; x_wconf 92' lang='lat' dir='ltr'><strong>si</strong></span> <span class='ocrx_word' id='word_1_307' title='bbox 1621 4464 1969 4535; x_wconf 87' lang='lat' dir='ltr'><strong>prophetica</strong></span> <span class='ocrx_word' id='word_1_308' title='bbox 2013 4465 2251 4538; x_wconf 89' lang='lat' dir='ltr'><strong>eloquia</strong></span> 
     </span>
    </p>
   </div>
   <div class='ocr_carea' id='block_1_46' title="bbox 594 4550 2249 4622">
    <p class='ocr_par' dir='ltr' id='par_1_46' title="bbox 594 4550 2249 4622">
     <span class='ocr_line' id='line_1_46' title="bbox 594 4550 2249 4622; baseline 0.004 -18"><span class='ocrx_word' id='word_1_309' title='bbox 594 4551 821 4620; x_wconf 81' lang='lat' dir='ltr'><strong>integre</strong></span> <span class='ocrx_word' id='word_1_310' title='bbox 883 4563 1007 4605; x_wconf 91' lang='lat' dir='ltr'><strong>non</strong></span> <span class='ocrx_word' id='word_1_311' title='bbox 1052 4550 1336 4622; x_wconf 90' lang='lat' dir='ltr'><strong>posuerit.</strong></span> <span class='ocrx_word' id='word_1_312' title='bbox 1393 4550 1814 4609; x_wconf 89' lang='lat' dir='ltr'><strong>Universaliter</strong></span> <span class='ocrx_word' id='word_1_313' title='bbox 1888 4554 2047 4611; x_wconf 91' lang='lat' dir='ltr'><strong>enim</strong></span> <span class='ocrx_word' id='word_1_314' title='bbox 2100 4554 2249 4610; x_wconf 87' lang='lat' dir='ltr'><strong>scire</strong></span> 
     </span>
    </p>
   </div>
   <div class='ocr_carea' id='block_1_47' title="bbox 596 4638 2251 4715">
    <p class='ocr_par' dir='ltr' id='par_1_47' title="bbox 596 4638 2251 4715">
     <span class='ocr_line' id='line_1_47' title="bbox 596 4638 2251 4715; baseline 0.002 -21"><span class='ocrx_word' id='word_1_315' title='bbox 596 4641 849 4709; x_wconf 89' lang='lat' dir='ltr'><strong>oportet,</strong></span> <span class='ocrx_word' id='word_1_316' title='bbox 904 4638 1295 4710; x_wconf 82' lang='lat' dir='ltr'><strong>evangelistas</strong></span> <span class='ocrx_word' id='word_1_317' title='bbox 1360 4640 1655 4697; x_wconf 92' lang='lat' dir='ltr'><strong>interdum</strong></span> <span class='ocrx_word' id='word_1_318' title='bbox 1733 4642 1980 4715; x_wconf 90' lang='lat' dir='ltr'><strong>quidem</strong></span> <span class='ocrx_word' id='word_1_319' title='bbox 2033 4644 2251 4714; x_wconf 86' lang='lat' dir='ltr'><strong>integre</strong></span> 
     </span>
    </p>
   </div>
   <div class='ocr_carea' id='block_1_48' title="bbox 597 4727 2251 4804">
    <p class='ocr_par' dir='ltr' id='par_1_48' title="bbox 597 4727 2251 4804">
     <span class='ocr_line' id='line_1_48' title="bbox 597 4727 2251 4804; baseline 0.004 -22"><span class='ocrx_word' id='word_1_320' title='bbox 597 4727 887 4783; x_wconf 87' lang='lat' dir='ltr'><strong>dictorum</strong></span> <span class='ocrx_word' id='word_1_321' title='bbox 919 4728 1275 4783; x_wconf 86' lang='lat' dir='ltr'><strong>mentionem</strong></span> <span class='ocrx_word' id='word_1_322' title='bbox 1301 4727 1514 4797; x_wconf 84' lang='lat' dir='ltr'><strong>facere,</strong></span> <span class='ocrx_word' id='word_1_323' title='bbox 1539 4731 1907 4804; x_wconf 89' lang='lat' dir='ltr'><strong>quandoque</strong></span> <span class='ocrx_word' id='word_1_324' title='bbox 1933 4737 2133 4788; x_wconf 88' lang='lat' dir='ltr'><strong>autem</strong></span> <span class='ocrx_word' id='word_1_325' title='bbox 2152 4733 2251 4789; x_wconf 86' lang='lat' dir='ltr'><strong>illa</strong></span> 
     </span>
    </p>
   </div>
   <div class='ocr_carea' id='block_1_49' title="bbox 596 4815 2250 4893">
    <p class='ocr_par' dir='ltr' id='par_1_49' title="bbox 596 4815 2250 4893">
     <span class='ocr_line' id='line_1_49' title="bbox 596 4815 2250 4893; baseline 0.002 -20"><span class='ocrx_word' id='word_1_326' title='bbox 596 4815 967 4886; x_wconf 88' lang='lat' dir='ltr'><strong>abbreviare,</strong></span> <span class='ocrx_word' id='word_1_327' title='bbox 990 4822 1043 4873; x_wconf 87' lang='lat' dir='ltr'><strong>et</strong></span> <span class='ocrx_word' id='word_1_328' title='bbox 1062 4816 1389 4890; x_wconf 90' lang='lat' dir='ltr'><strong>aliquando</strong></span> <span class='ocrx_word' id='word_1_329' title='bbox 1405 4820 1725 4877; x_wconf 89' lang='lat' dir='ltr'><strong>verborum</strong></span> <span class='ocrx_word' id='word_1_330' title='bbox 1748 4822 1989 4893; x_wconf 90' lang='lat' dir='ltr'><strong>quidem</strong></span> <span class='ocrx_word' id='word_1_331' title='bbox 2012 4838 2250 4878; x_wconf 87' lang='lat' dir='ltr'><strong>sensum</strong></span> 
     </span>
    </p>
   </div>
   <div class='ocr_carea' id='block_1_50' title="bbox 596 4906 2246 4981">
    <p class='ocr_par' dir='ltr' id='par_1_50' title="bbox 596 4906 2246 4981">
     <span class='ocr_line' id='line_1_50' title="bbox 596 4906 2246 4981; baseline 0.003 -19"><span class='ocrx_word' id='word_1_332' title='bbox 596 4906 899 4977; x_wconf 82' lang='lat' dir='ltr'><strong>integrum</strong></span> <span class='ocrx_word' id='word_1_333' title='bbox 921 4922 1182 4973; x_wconf 88' lang='lat' dir='ltr'><strong>servare,</strong></span> <span class='ocrx_word' id='word_1_334' title='bbox 1206 4908 1501 4981; x_wconf 85' lang='lat' dir='ltr'><strong>quasdam</strong></span> <span class='ocrx_word' id='word_1_335' title='bbox 1522 4925 1665 4967; x_wconf 87' lang='lat' dir='ltr'><strong>vero</strong></span> <span class='ocrx_word' id='word_1_336' title='bbox 1683 4910 1905 4967; x_wconf 91' lang='lat' dir='ltr'><strong>diction</strong></span> <span class='ocrx_word' id='word_1_337' title='bbox 1916 4927 1976 4966; x_wconf 76' lang='lat' dir='ltr'><strong>es</strong></span> <span class='ocrx_word' id='word_1_338' title='bbox 1994 4917 2246 4976; x_wconf 86' lang='lat' dir='ltr'><strong>mutare,</strong></span> 
     </span>
    </p>
   </div>
   <div class='ocr_carea' id='block_1_51' title="bbox 595 4995 2252 5074">
    <p class='ocr_par' dir='ltr' id='par_1_51' title="bbox 595 4995 2252 5074">
     <span class='ocr_line' id='line_1_51' title="bbox 595 4995 2252 5074; baseline 0.002 -20"><span class='ocrx_word' id='word_1_339' title='bbox 595 4995 928 5072; x_wconf 88' lang='lat' dir='ltr'><strong>quandoid</strong></span> <span class='ocrx_word' id='word_1_340' title='bbox 965 4997 1026 5054; x_wconf 91' lang='lat' dir='ltr'><strong>in</strong></span> <span class='ocrx_word' id='word_1_341' title='bbox 1055 4997 1221 5057; x_wconf 92' lang='lat' dir='ltr'><strong>nullo</strong></span> <span class='ocrx_word' id='word_1_342' title='bbox 1269 5014 1609 5058; x_wconf 89' lang='lat' dir='ltr'><strong>sermonem</strong></span> <span class='ocrx_word' id='word_1_343' title='bbox 1660 5004 1842 5072; x_wconf 90' lang='lat' dir='ltr'><strong>potest</strong></span> <span class='ocrx_word' id='word_1_344' title='bbox 1868 5017 2252 5074; x_wconf 89' lang='lat' dir='ltr'><strong>corrumpere</strong></span> 
     </span>
    </p>
   </div>
   <div class='ocr_carea' id='block_1_52' title="bbox 666 5265 1473 5336">
    <p class='ocr_par' dir='ltr' id='par_1_52' title="bbox 666 5265 1473 5336">
     <span class='ocr_line' id='line_1_52' title="bbox 666 5265 1473 5336; baseline 0.006 -14"><span class='ocrx_word' id='word_1_345' title='bbox 666 5265 714 5304; x_wconf 79' lang='grc'>⁷³</span> <span class='ocrx_word' id='word_1_346' title='bbox 738 5266 864 5323; x_wconf 81' lang='lat' dir='ltr'><strong>Act.</strong></span> <span class='ocrx_word' id='word_1_347' title='bbox 894 5282 933 5335; x_wconf 82' lang='grc' dir='ltr'><strong>ι,</strong></span> <span class='ocrx_word' id='word_1_348' title='bbox 972 5266 1057 5323; x_wconf 89' lang='grc'><strong>11.</strong></span> <span class='ocrx_word' id='word_1_349' title='bbox 1089 5266 1137 5304; x_wconf 69' lang='grc' dir='ltr'><strong><em>τι</em></strong></span> <span class='ocrx_word' id='word_1_350' title='bbox 1162 5267 1332 5327; x_wconf 84' lang='lat' dir='ltr'><strong>Joan.</strong></span> <span class='ocrx_word' id='word_1_351' title='bbox 1357 5266 1396 5336; x_wconf 77' lang='grc'>1,</span> <span class='ocrx_word' id='word_1_352' title='bbox 1420 5269 1473 5329; x_wconf 80' lang='lat'><strong>9.</strong></span> 
     </span>
    </p>
   </div>
   <div class='ocr_carea' id='block_1_53' title="bbox 2351 610 3967 688">
    <p class='ocr_par' dir='ltr' id='par_1_53' title="bbox 2351 610 3967 688">
     <span class='ocr_line' id='line_1_53' title="bbox 2351 610 3967 688; baseline -0.002 -21"><span class='ocrx_word' id='word_1_353' title='bbox 2351 615 2460 688; x_wconf 79' lang='grc' dir='ltr'>ἅμα</span> <span class='ocrx_word' id='word_1_354' title='bbox 2525 618 2633 687; x_wconf 71' lang='grc' dir='ltr'>μὲν,</span> <span class='ocrx_word' id='word_1_355' title='bbox 2709 614 2790 665; x_wconf 81' lang='grc' dir='ltr'><strong>ἵνα</strong></span> <span class='ocrx_word' id='word_1_356' title='bbox 2838 612 3082 684; x_wconf 79' lang='grc' dir='ltr'><em>πληρωθῇ</em></span> <span class='ocrx_word' id='word_1_357' title='bbox 3156 614 3182 669; x_wconf 76' lang='grc' dir='ltr'>ἡ</span> <span class='ocrx_word' id='word_1_358' title='bbox 3253 616 3370 685; x_wconf 86' lang='grc' dir='ltr'>περί</span> <span class='ocrx_word' id='word_1_359' title='bbox 3426 610 3588 671; x_wconf 70' lang='grc' dir='ltr'>αὐτῆς</span> <span class='ocrx_word' id='word_1_360' title='bbox 3644 616 3967 683; x_wconf 77' lang='grc' dir='ltr'>προφητεία,</span> 
     </span>
    </p>
   </div>
   <div class='ocr_carea' id='block_1_54' title="bbox 2352 698 3971 780">
    <p class='ocr_par' dir='ltr' id='par_1_54' title="bbox 2352 698 3971 780">
     <span class='ocr_line' id='line_1_54' title="bbox 2352 698 3971 780; baseline -0.001 -25"><span class='ocrx_word' id='word_1_361' title='bbox 2352 708 2421 767; x_wconf 85' lang='grc' dir='ltr'>ὡς</span> <span class='ocrx_word' id='word_1_362' title='bbox 2484 706 2791 780; x_wconf 78' lang='grc' dir='ltr'>ῥηθήσεται·</span> <span class='ocrx_word' id='word_1_363' title='bbox 2856 703 2969 775; x_wconf 78' lang='grc' dir='ltr'>ἅμα</span> <span class='ocrx_word' id='word_1_364' title='bbox 3025 698 3104 771; x_wconf 74' lang='grc' dir='ltr'>δε,</span> <span class='ocrx_word' id='word_1_365' title='bbox 3174 699 3259 753; x_wconf 83' lang='grc' dir='ltr'>ἳνα</span> <span class='ocrx_word' id='word_1_366' title='bbox 3315 700 3500 754; x_wconf 85' lang='grc' dir='ltr'>ἐκεῖθεν</span> <span class='ocrx_word' id='word_1_367' title='bbox 3561 699 3782 773; x_wconf 73' lang='grc' dir='ltr'>ἀλιεύση</span> <span class='ocrx_word' id='word_1_368' title='bbox 3846 706 3971 762; x_wconf 84' lang='grc' dir='ltr'>τούς</span> 
     </span>
    </p>
   </div>
   <div class='ocr_carea' id='block_1_55' title="bbox 2354 788 3966 865">
    <p class='ocr_par' dir='ltr' id='par_1_55' title="bbox 2354 788 3966 865">
     <span class='ocr_line' id='line_1_55' title="bbox 2354 788 3966 865; baseline -0.002 -18"><span class='ocrx_word' id='word_1_369' title='bbox 2354 794 2534 861; x_wconf 78' lang='grc' dir='ltr'><strong>ἁλιεῖς,</strong></span> <span class='ocrx_word' id='word_1_370' title='bbox 2582 793 2710 864; x_wconf 82' lang='grc' dir='ltr'>λέγω</span> <span class='ocrx_word' id='word_1_371' title='bbox 2779 790 2845 851; x_wconf 69' lang='grc' dir='ltr'><strong>δὴ</strong></span> <span class='ocrx_word' id='word_1_372' title='bbox 2902 795 3018 852; x_wconf 83' lang='grc' dir='ltr'>τοὺς</span> <span class='ocrx_word' id='word_1_373' title='bbox 3085 790 3421 851; x_wconf 86' lang='grc' dir='ltr'>ἀποστόλους.</span> <span class='ocrx_word' id='word_1_374' title='bbox 3486 789 3623 845; x_wconf 84' lang='grc' dir='ltr'>Ἐκεῖ</span> <span class='ocrx_word' id='word_1_375' title='bbox 3682 793 3793 865; x_wconf 82' lang='grc' dir='ltr'>γὰρ</span> <span class='ocrx_word' id='word_1_376' title='bbox 3877 788 3966 846; x_wconf 67' lang='lat'><strong>6‘1-</strong></span> 
     </span>
    </p>
   </div>
   <div class='ocr_carea' id='block_1_56' title="bbox 2352 880 3967 958">
    <p class='ocr_par' dir='ltr' id='par_1_56' title="bbox 2352 880 3967 958">
     <span class='ocr_line' id='line_1_56' title="bbox 2352 880 3967 958; baseline -0.002 -22"><span class='ocrx_word' id='word_1_377' title='bbox 2352 883 2570 958; x_wconf 78' lang='grc' dir='ltr'>έτριϐον.</span> <span class='ocrx_word' id='word_1_378' title='bbox 2634 886 2734 935; x_wconf 84' lang='grc' dir='ltr'><strong>Καὶ</strong></span> <span class='ocrx_word' id='word_1_379' title='bbox 2771 884 2872 955; x_wconf 82' lang='grc' dir='ltr'>γὰρ</span> <span class='ocrx_word' id='word_1_380' title='bbox 2921 886 3011 933; x_wconf 87' lang='grc' dir='ltr'>καὶ</span> <span class='ocrx_word' id='word_1_381' title='bbox 3065 881 3114 934; x_wconf 86' lang='grc' dir='ltr'><strong>οἰ</strong></span> <span class='ocrx_word' id='word_1_382' title='bbox 3152 880 3362 952; x_wconf 77' lang='grc' dir='ltr'>ἄγγελοι</span> <span class='ocrx_word' id='word_1_383' title='bbox 3411 880 3646 953; x_wconf 72' lang='grc' dir='ltr'>ὓστερον,</span> <span class='ocrx_word' id='word_1_384' title='bbox 3692 884 3768 942; x_wconf 83' lang='grc' dir='ltr'><strong>εἰς</strong></span> <span class='ocrx_word' id='word_1_385' title='bbox 3808 880 3967 955; x_wconf 82' lang='grc' dir='ltr'>οῦρα-</span> 
     </span>
    </p>
   </div>
   <div class='ocr_carea' id='block_1_57' title="bbox 3304 969 3969 1046">
    <p class='ocr_par' dir='ltr' id='par_1_57' title="bbox 3304 969 3969 1046">
     <span class='ocr_line' id='line_1_57' title="bbox 3304 969 3969 1046; baseline -0.003 -22"><span class='ocrx_word' id='word_1_386' title='bbox 3304 977 3561 1046; x_wconf 84' lang='grc' dir='ltr'>Χριστοῦ,</span> <span class='ocrx_word' id='word_1_387' title='bbox 3653 969 3969 1033; x_wconf 77' lang='grc' dir='ltr'>Γαλιλαίους</span> 
     </span>
    </p>
   </div>
   <div class='ocr_carea' id='block_1_58' title="bbox 2353 1056 3970 1135">
    <p class='ocr_par' dir='ltr' id='par_1_58' title="bbox 2353 1056 3970 1135">
     <span class='ocr_line' id='line_1_58' title="bbox 2353 1056 3970 1135; baseline -0.001 -22"><span class='ocrx_word' id='word_1_388' title='bbox 2353 1061 2542 1124; x_wconf 68' lang='grc' dir='ltr'>αὐτοὺς</span> <span class='ocrx_word' id='word_1_389' title='bbox 2582 1061 2848 1131; x_wconf 75' lang='grc' dir='ltr'><strong>ἐκάλεσαν,</strong></span> <span class='ocrx_word' id='word_1_390' title='bbox 2903 1061 3143 1130; x_wconf 76' lang='grc' dir='ltr'><strong>εἰπόντες,</strong></span> <span class='ocrx_word' id='word_1_391' title='bbox 3189 1062 3271 1113; x_wconf 82' lang='grc' dir='ltr'>ὅτι</span> <span class='ocrx_word' id='word_1_392' title='bbox 3308 1056 3531 1135; x_wconf 70' lang='grc' dir='ltr'><strong>’Ἄνδρες</strong></span> <span class='ocrx_word' id='word_1_393' title='bbox 3583 1059 3879 1127; x_wconf 86' lang='grc' dir='ltr'>Γαλιλαῖοι,</span> <span class='ocrx_word' id='word_1_394' title='bbox 3922 1064 3970 1112; x_wconf 87' lang='grc' dir='ltr'>τὶ</span> 
     </span>
    </p>
   </div>
   <div class='ocr_carea' id='block_1_59' title="bbox 2352 970 3206 1044">
    <p class='ocr_par' dir='ltr' id='par_1_59' title="bbox 2352 970 3206 1044">
     <span class='ocr_line' id='line_1_59' title="bbox 2352 970 3206 1044; baseline -0.002 -20"><span class='ocrx_word' id='word_1_395' title='bbox 2352 976 2434 1025; x_wconf 84' lang='grc' dir='ltr'><strong>νόν</strong></span> <span class='ocrx_word' id='word_1_396' title='bbox 2533 970 3018 1044; x_wconf 84' lang='grc' dir='ltr'>ἀναλαμϐανομένου</span> <span class='ocrx_word' id='word_1_397' title='bbox 3114 978 3206 1022; x_wconf 86' lang='grc' dir='ltr'><strong>τοῦ</strong></span> 
     </span>
    </p>
   </div>
   <div class='ocr_carea' id='block_1_60' title="bbox 2357 1151 3456 1226">
    <p class='ocr_par' dir='ltr' id='par_1_60' title="bbox 2357 1151 3456 1226">
     <span class='ocr_line' id='line_1_60' title="bbox 2357 1151 3456 1226; baseline 0 -22"><span class='ocrx_word' id='word_1_398' title='bbox 2357 1151 2612 1210; x_wconf 78' lang='grc' dir='ltr'><strong>ἑστήκατε</strong></span> <span class='ocrx_word' id='word_1_399' title='bbox 2643 1151 2972 1226; x_wconf 78' lang='grc' dir='ltr'>ἐμϐλέποντες</span> <span class='ocrx_word' id='word_1_400' title='bbox 3003 1152 3073 1213; x_wconf 86' lang='grc' dir='ltr'>εἰς</span> <span class='ocrx_word' id='word_1_401' title='bbox 3108 1154 3194 1203; x_wconf 87' lang='grc' dir='ltr'>τὸν</span> <span class='ocrx_word' id='word_1_402' title='bbox 3223 1151 3456 1226; x_wconf 72' lang='grc' dir='ltr'>οὐρανόν.</span> 
     </span>
    </p>
   </div>
   <div class='ocr_carea' id='block_1_61' title="bbox 2427 1235 3970 1315">
    <p class='ocr_par' dir='ltr' id='par_1_61' title="bbox 2427 1235 3970 1315">
     <span class='ocr_line' id='line_1_61' title="bbox 2427 1235 3970 1315; baseline -0.001 -21"><span class='ocrx_word' id='word_1_403' title='bbox 2427 1245 2528 1294; x_wconf 83' lang='grc' dir='ltr'><strong>Καὶ</strong></span> <span class='ocrx_word' id='word_1_404' title='bbox 2572 1273 2640 1281; x_wconf 90' lang='grc'><strong>-</strong></span> <span class='ocrx_word' id='word_1_405' title='bbox 2677 1241 2988 1314; x_wconf 85' lang='grc' dir='ltr'>Νεφθαλειμ.</span> <span class='ocrx_word' id='word_1_406' title='bbox 3030 1241 3356 1305; x_wconf 83' lang='grc' dir='ltr'>Καταλιπών,</span> <span class='ocrx_word' id='word_1_407' title='bbox 3389 1238 3503 1292; x_wconf 84' lang='grc' dir='ltr'>ἀντὶ</span> <span class='ocrx_word' id='word_1_408' title='bbox 3533 1245 3643 1311; x_wconf 85' lang='grc' dir='ltr'>τοῦ,</span> <span class='ocrx_word' id='word_1_409' title='bbox 3676 1235 3970 1315; x_wconf 71' lang='grc' dir='ltr'>παραδρα-</span> 
     </span>
    </p>
   </div>
   <div class='ocr_carea' id='block_1_62' title="bbox 2354 1330 3671 1403">
    <p class='ocr_par' dir='ltr' id='par_1_62' title="bbox 2354 1330 3671 1403">
     <span class='ocr_line' id='line_1_62' title="bbox 2354 1330 3671 1403; baseline 0.001 -22"><span class='ocrx_word' id='word_1_410' title='bbox 2354 1336 2482 1403; x_wconf 87' lang='grc' dir='ltr'>μών.</span> <span class='ocrx_word' id='word_1_411' title='bbox 2516 1334 2641 1385; x_wconf 86' lang='grc' dir='ltr'><strong>Τότε</strong></span> <span class='ocrx_word' id='word_1_412' title='bbox 2666 1333 2768 1403; x_wconf 82' lang='grc' dir='ltr'><strong>γὰρ</strong></span> <span class='ocrx_word' id='word_1_413' title='bbox 2798 1331 2892 1382; x_wconf 70' lang='grc' dir='ltr'><strong>οὐκ</strong></span> <span class='ocrx_word' id='word_1_414' title='bbox 2924 1330 3157 1389; x_wconf 83' lang='grc' dir='ltr'>εἰσῆλθεν</span> <span class='ocrx_word' id='word_1_415' title='bbox 3186 1330 3257 1393; x_wconf 85' lang='grc' dir='ltr'>εἰς</span> <span class='ocrx_word' id='word_1_416' title='bbox 3286 1334 3379 1389; x_wconf 82' lang='grc' dir='ltr'><strong>τὴν</strong></span> <span class='ocrx_word' id='word_1_417' title='bbox 3409 1333 3671 1403; x_wconf 81' lang='grc' dir='ltr'><strong>Ναζαρέτ.</strong></span> 
     </span>
    </p>
   </div>
   <div class='ocr_carea' id='block_1_63' title="bbox 2424 1419 3973 1496">
    <p class='ocr_par' dir='ltr' id='par_1_63' title="bbox 2424 1419 3973 1496">
     <span class='ocr_line' id='line_1_63' title="bbox 2424 1419 3973 1496; baseline 0 -23"><span class='ocrx_word' id='word_1_418' title='bbox 2424 1419 2534 1473; x_wconf 81' lang='grc' dir='ltr'>Ἰνα</span> <span class='ocrx_word' id='word_1_419' title='bbox 2602 1420 2849 1494; x_wconf 74' lang='grc' dir='ltr'>πληρωθῇ</span> <span class='ocrx_word' id='word_1_420' title='bbox 2920 1451 2987 1461; x_wconf 94' lang='grc'><strong>-</strong></span> <span class='ocrx_word' id='word_1_421' title='bbox 3054 1419 3251 1481; x_wconf 69' lang='grc' dir='ltr'>αὐτοῖς,</span> <span class='ocrx_word' id='word_1_422' title='bbox 3340 1420 3396 1473; x_wconf 79' lang='grc' dir='ltr'><strong>Ἠ</strong></span> <span class='ocrx_word' id='word_1_423' title='bbox 3481 1419 3731 1472; x_wconf 87' lang='grc' dir='ltr'>Γαλιλαία</span> <span class='ocrx_word' id='word_1_424' title='bbox 3817 1425 3973 1496; x_wconf 89' lang='grc' dir='ltr'>χώρα</span> 
     </span>
    </p>
   </div>
   <div class='ocr_carea' id='block_1_64' title="bbox 2355 1507 3972 1585">
    <p class='ocr_par' dir='ltr' id='par_1_64' title="bbox 2355 1507 3972 1585">
     <span class='ocr_line' id='line_1_64' title="bbox 2355 1507 3972 1585; baseline -0.001 -23"><span class='ocrx_word' id='word_1_425' title='bbox 2355 1512 2445 1582; x_wconf 69' lang='grc' dir='ltr'>μὲν</span> <span class='ocrx_word' id='word_1_426' title='bbox 2506 1507 2565 1569; x_wconf 76' lang='grc' dir='ltr'><strong>ἦν</strong></span> <span class='ocrx_word' id='word_1_427' title='bbox 2638 1520 2731 1572; x_wconf 86' lang='grc' dir='ltr'>τῆς</span> <span class='ocrx_word' id='word_1_428' title='bbox 2782 1514 3154 1577; x_wconf 71' lang='grc' dir='ltr'><strong>Παλαιστίνης,</strong></span> <span class='ocrx_word' id='word_1_429' title='bbox 3227 1512 3296 1571; x_wconf 84' lang='grc' dir='ltr'>ὡς</span> <span class='ocrx_word' id='word_1_430' title='bbox 3355 1516 3759 1585; x_wconf 80' lang='grc' dir='ltr'><strong>προειρήκαμεν·</strong></span> <span class='ocrx_word' id='word_1_431' title='bbox 3828 1508 3972 1567; x_wconf 72' lang='grc' dir='ltr'>ἐκληο</span> 
     </span>
    </p>
   </div>
   <div class='ocr_carea' id='block_1_65' title="bbox 2356 1596 3969 1673">
    <p class='ocr_par' dir='ltr' id='par_1_65' title="bbox 2356 1596 3969 1673">
     <span class='ocr_line' id='line_1_65' title="bbox 2356 1596 3969 1673; baseline 0.001 -22"><span class='ocrx_word' id='word_1_432' title='bbox 2356 1596 2623 1672; x_wconf 76' lang='grc' dir='ltr'>ροὸοτηθη</span> <span class='ocrx_word' id='word_1_433' title='bbox 2675 1596 2733 1653; x_wconf 72' lang='grc' dir='ltr'><strong>δὲ</strong></span> <span class='ocrx_word' id='word_1_434' title='bbox 2773 1600 2935 1653; x_wconf 90' lang='grc' dir='ltr'>πάλαι</span> <span class='ocrx_word' id='word_1_435' title='bbox 2964 1607 3074 1660; x_wconf 86' lang='grc' dir='ltr'>ταῖς</span> <span class='ocrx_word' id='word_1_436' title='bbox 3108 1597 3236 1652; x_wconf 72' lang='grc' dir='ltr'>δυσὶ</span> <span class='ocrx_word' id='word_1_437' title='bbox 3264 1599 3466 1673; x_wconf 82' lang='grc' dir='ltr'><strong>φυλαῖς,</strong></span> <span class='ocrx_word' id='word_1_438' title='bbox 3508 1608 3569 1672; x_wconf 74' lang='grc' dir='ltr'><strong>τῇ</strong></span> <span class='ocrx_word' id='word_1_439' title='bbox 3624 1607 3716 1652; x_wconf 90' lang='grc' dir='ltr'><strong>τοῦ</strong></span> <span class='ocrx_word' id='word_1_440' title='bbox 3764 1598 3969 1653; x_wconf 73' lang='grc' dir='ltr'>Ζαϐου-</span> 
     </span>
    </p>
   </div>
   <div class='ocr_carea' id='block_1_66' title="bbox 2355 1687 3967 1763">
    <p class='ocr_par' dir='ltr' id='par_1_66' title="bbox 2355 1687 3967 1763">
     <span class='ocr_line' id='line_1_66' title="bbox 2355 1687 3967 1763; baseline -0.001 -22"><span class='ocrx_word' id='word_1_441' title='bbox 2355 1688 2476 1758; x_wconf 82' lang='grc' dir='ltr'>λὼν,</span> <span class='ocrx_word' id='word_1_442' title='bbox 2541 1693 2629 1741; x_wconf 83' lang='grc' dir='ltr'><strong>καὶ</strong></span> <span class='ocrx_word' id='word_1_443' title='bbox 2674 1697 2735 1761; x_wconf 74' lang='grc' dir='ltr'>τῇ</span> <span class='ocrx_word' id='word_1_444' title='bbox 2793 1698 2885 1741; x_wconf 87' lang='grc' dir='ltr'><strong>τοῦ</strong></span> <span class='ocrx_word' id='word_1_445' title='bbox 2939 1687 3255 1761; x_wconf 72' lang='grc' dir='ltr'><strong>Νεφθαλείμ·</strong></span> <span class='ocrx_word' id='word_1_446' title='bbox 3314 1694 3466 1763; x_wconf 83' lang='grc' dir='ltr'><strong>μέρος</strong></span> <span class='ocrx_word' id='word_1_447' title='bbox 3519 1687 3577 1742; x_wconf 74' lang='grc' dir='ltr'><strong>δὲ</strong></span> <span class='ocrx_word' id='word_1_448' title='bbox 3630 1690 3798 1750; x_wconf 69' lang='grc' dir='ltr'>αὐτῆς</span> <span class='ocrx_word' id='word_1_449' title='bbox 3854 1692 3967 1747; x_wconf 82' lang='grc' dir='ltr'>ἔθνη</span> 
     </span>
    </p>
   </div>
   <div class='ocr_carea' id='block_1_67' title="bbox 2356 1776 3968 1853">
    <p class='ocr_par' dir='ltr' id='par_1_67' title="bbox 2356 1776 3968 1853">
     <span class='ocr_line' id='line_1_67' title="bbox 2356 1776 3968 1853; baseline 0.001 -24"><span class='ocrx_word' id='word_1_450' title='bbox 2356 1785 2623 1850; x_wconf 81' lang='grc' dir='ltr'><strong>κατῴκουν</strong></span> <span class='ocrx_word' id='word_1_451' title='bbox 2673 1778 2958 1851; x_wconf 84' lang='grc' dir='ltr'>ἀλλόφυλα,</span> <span class='ocrx_word' id='word_1_452' title='bbox 3025 1783 3124 1832; x_wconf 80' lang='grc' dir='ltr'><strong>Καὶ</strong></span> <span class='ocrx_word' id='word_1_453' title='bbox 3175 1776 3323 1831; x_wconf 78' lang='grc' dir='ltr'>δοκεῖ</span> <span class='ocrx_word' id='word_1_454' title='bbox 3376 1782 3465 1851; x_wconf 72' lang='grc' dir='ltr'>μὲν</span> <span class='ocrx_word' id='word_1_455' title='bbox 3521 1780 3550 1837; x_wconf 79' lang='grc' dir='ltr'>ἡ</span> <span class='ocrx_word' id='word_1_456' title='bbox 3612 1787 3713 1830; x_wconf 91' lang='grc' dir='ltr'><strong>τῶν</strong></span> <span class='ocrx_word' id='word_1_457' title='bbox 3762 1798 3968 1853; x_wconf 85' lang='grc' dir='ltr'>προφη-</span> 
     </span>
    </p>
   </div>
   <div class='ocr_carea' id='block_1_68' title="bbox 2278 1865 3968 1942">
    <p class='ocr_par' dir='ltr' id='par_1_68' title="bbox 2278 1865 3968 1942">
     <span class='ocr_line' id='line_1_68' title="bbox 2278 1865 3968 1942; baseline -0.001 -22"><span class='ocrx_word' id='word_1_458' title='bbox 2278 1883 2320 1937; x_wconf 85' lang='lat' dir='ltr'>B</span> <span class='ocrx_word' id='word_1_459' title='bbox 2357 1877 2512 1920; x_wconf 87' lang='grc' dir='ltr'>τικῶν</span> <span class='ocrx_word' id='word_1_460' title='bbox 2557 1871 2750 1920; x_wconf 83' lang='grc' dir='ltr'>τούτων</span> <span class='ocrx_word' id='word_1_461' title='bbox 2788 1870 2958 1942; x_wconf 86' lang='grc' dir='ltr'><strong>ῥητῶν</strong></span> <span class='ocrx_word' id='word_1_462' title='bbox 3009 1869 3255 1932; x_wconf 76' lang='grc' dir='ltr'><strong>σύνταξις</strong></span> <span class='ocrx_word' id='word_1_463' title='bbox 3310 1865 3607 1942; x_wconf 74' lang='grc' dir='ltr'>δυσχερὴς,</span> <span class='ocrx_word' id='word_1_464' title='bbox 3660 1866 3757 1922; x_wconf 75' lang='grc' dir='ltr'>διά</span> <span class='ocrx_word' id='word_1_465' title='bbox 3807 1887 3862 1921; x_wconf 88' lang='grc' dir='ltr'><strong>τε</strong></span> <span class='ocrx_word' id='word_1_466' title='bbox 3914 1872 3968 1919; x_wconf 83' lang='grc' dir='ltr'><strong>τό</strong></span> 
     </span>
    </p>
   </div>
   <div class='ocr_carea' id='block_1_69' title="bbox 2359 1954 3969 2030">
    <p class='ocr_par' dir='ltr' id='par_1_69' title="bbox 2359 1954 3969 2030">
     <span class='ocr_line' id='line_1_69' title="bbox 2359 1954 3969 2030; baseline 0.001 -23"><span class='ocrx_word' id='word_1_467' title='bbox 2359 1956 2598 2009; x_wconf 85' lang='grc' dir='ltr'>ἐλλείπειν</span> <span class='ocrx_word' id='word_1_468' title='bbox 2672 1960 2788 2008; x_wconf 86' lang='grc' dir='ltr'><strong>τινά</strong></span> <span class='ocrx_word' id='word_1_469' title='bbox 2862 1963 2951 2009; x_wconf 80' lang='grc' dir='ltr'><strong>καὶ</strong></span> <span class='ocrx_word' id='word_1_470' title='bbox 3042 1954 3136 2009; x_wconf 73' lang='grc' dir='ltr'><strong>διὰ</strong></span> <span class='ocrx_word' id='word_1_471' title='bbox 3218 1962 3276 2009; x_wconf 85' lang='grc' dir='ltr'><strong>τό</strong></span> <span class='ocrx_word' id='word_1_472' title='bbox 3360 1957 3661 2030; x_wconf 72' lang='grc' dir='ltr'>ἀγνοεῖσθαι</span> <span class='ocrx_word' id='word_1_473' title='bbox 3746 1962 3843 2017; x_wconf 81' lang='grc' dir='ltr'>τὴν</span> <span class='ocrx_word' id='word_1_474' title='bbox 3896 1960 3969 2009; x_wconf 85' lang='grc' dir='ltr'><strong>ἒν-</strong></span> 
     </span>
    </p>
   </div>
   <div class='ocr_carea' id='block_1_70' title="bbox 2356 2044 3968 2120">
    <p class='ocr_par' dir='ltr' id='par_1_70' title="bbox 2356 2044 3968 2120">
     <span class='ocr_line' id='line_1_70' title="bbox 2356 2044 3968 2120; baseline 0.001 -24"><span class='ocrx_word' id='word_1_475' title='bbox 2356 2066 2496 2098; x_wconf 90' lang='grc' dir='ltr'>νοιαν</span> <span class='ocrx_word' id='word_1_476' title='bbox 2575 2046 2764 2103; x_wconf 66' lang='grc' dir='ltr'>αὐτῶν,</span> <span class='ocrx_word' id='word_1_477' title='bbox 2838 2045 2968 2118; x_wconf 84' lang='grc' dir='ltr'><strong>Ἐγὼ</strong></span> <span class='ocrx_word' id='word_1_478' title='bbox 3055 2044 3113 2100; x_wconf 73' lang='grc' dir='ltr'><strong>δὲ</strong></span> <span class='ocrx_word' id='word_1_479' title='bbox 3170 2051 3364 2105; x_wconf 85' lang='grc' dir='ltr'>ταύτην</span> <span class='ocrx_word' id='word_1_480' title='bbox 3434 2046 3533 2099; x_wconf 87' lang='grc' dir='ltr'>ἀπὸ</span> <span class='ocrx_word' id='word_1_481' title='bbox 3608 2056 3698 2108; x_wconf 80' lang='grc' dir='ltr'>τῆς</span> <span class='ocrx_word' id='word_1_482' title='bbox 3772 2066 3968 2120; x_wconf 84' lang='grc' dir='ltr'>προφη-</span> 
     </span>
    </p>
   </div>
   <div class='ocr_carea' id='block_1_71' title="bbox 2356 2133 3969 2209">
    <p class='ocr_par' dir='ltr' id='par_1_71' title="bbox 2356 2133 3969 2209">
     <span class='ocr_line' id='line_1_71' title="bbox 2356 2133 3969 2209; baseline 0.001 -23"><span class='ocrx_word' id='word_1_483' title='bbox 2356 2143 2504 2195; x_wconf 84' lang='grc' dir='ltr'>τικῆς</span> <span class='ocrx_word' id='word_1_484' title='bbox 2583 2134 2767 2207; x_wconf 79' lang='grc' dir='ltr'>βίϐλου</span> <span class='ocrx_word' id='word_1_485' title='bbox 2841 2133 3109 2209; x_wconf 74' lang='grc' dir='ltr'>διαγνοὺς,</span> <span class='ocrx_word' id='word_1_486' title='bbox 3190 2140 3365 2209; x_wconf 83' lang='grc' dir='ltr'>ἔγνων,</span> <span class='ocrx_word' id='word_1_487' title='bbox 3440 2146 3550 2199; x_wconf 85' lang='grc' dir='ltr'><strong>πῶς</strong></span> <span class='ocrx_word' id='word_1_488' title='bbox 3619 2141 3733 2209; x_wconf 79' lang='grc' dir='ltr'><strong>χρὴ</strong></span> <span class='ocrx_word' id='word_1_489' title='bbox 3811 2142 3969 2189; x_wconf 82' lang='grc' dir='ltr'>ταῦτα</span> 
     </span>
    </p>
   </div>
   <div class='ocr_carea' id='block_1_72' title="bbox 2360 2227 3966 2300">
    <p class='ocr_par' dir='ltr' id='par_1_72' title="bbox 2360 2227 3966 2300">
     <span class='ocr_line' id='line_1_72' title="bbox 2360 2227 3966 2300; baseline 0.001 -24"><span class='ocrx_word' id='word_1_490' title='bbox 2360 2227 2671 2278; x_wconf 82' lang='grc' dir='ltr'>συντάττειν.</span> <span class='ocrx_word' id='word_1_491' title='bbox 2742 2232 3004 2300; x_wconf 81' lang='grc' dir='ltr'>Προσήκει</span> <span class='ocrx_word' id='word_1_492' title='bbox 3055 2230 3153 2299; x_wconf 82' lang='grc' dir='ltr'><strong>γὰρ</strong></span> <span class='ocrx_word' id='word_1_493' title='bbox 3217 2227 3395 2287; x_wconf 76' lang='grc' dir='ltr'>οὕτως.</span> <span class='ocrx_word' id='word_1_494' title='bbox 3456 2227 3524 2279; x_wconf 76' lang='grc' dir='ltr'><em>Ὠ</em></span> <span class='ocrx_word' id='word_1_495' title='bbox 3575 2234 3643 2298; x_wconf 84' lang='grc' dir='ltr'>γῆ</span> <span class='ocrx_word' id='word_1_496' title='bbox 3701 2234 3803 2278; x_wconf 88' lang='grc' dir='ltr'><strong>τοῦ</strong></span> <span class='ocrx_word' id='word_1_497' title='bbox 3865 2232 3966 2278; x_wconf 89' lang='grc' dir='ltr'><strong>Ζα-</strong></span> 
     </span>
    </p>
   </div>
   <div class='ocr_carea' id='block_1_73' title="bbox 3190 2140 3365 2209">
    <p class='ocr_par' dir='ltr' id='par_1_73' title="bbox 3190 2140 3365 2209">
     <span class='ocr_line' id='line_1_73' title="bbox 3190 2140 3365 2209; baseline -0.006 -20"><span class='ocrx_word' id='word_1_498' title='bbox 3190 2140 3345 2209; x_wconf 81' lang='grc' dir='ltr'>ἔγνων</span> <span class='ocrx_word' id='word_1_499' title='bbox 3352 2178 3365 2200; x_wconf 98' lang='grc'><strong>,</strong></span> 
     </span>
    </p>
   </div>
   <div class='ocr_carea' id='block_1_74' title="bbox 2358 2312 3966 2389">
    <p class='ocr_par' dir='ltr' id='par_1_74' title="bbox 2358 2312 3966 2389">
     <span class='ocr_line' id='line_1_74' title="bbox 2358 2312 3966 2389; baseline 0 -24"><span class='ocrx_word' id='word_1_500' title='bbox 2358 2313 2550 2365; x_wconf 78' lang='grc' dir='ltr'>ϐουλὼν</span> <span class='ocrx_word' id='word_1_501' title='bbox 2600 2314 2611 2368; x_wconf 88' lang='grc' dir='ltr'>Ῐ</span> <span class='ocrx_word' id='word_1_502' title='bbox 2669 2319 2753 2366; x_wconf 82' lang='grc' dir='ltr'><strong>καὶ</strong></span> <span class='ocrx_word' id='word_1_503' title='bbox 2813 2316 2852 2365; x_wconf 81' lang='grc' dir='ltr'><em>ὦ</em></span> <span class='ocrx_word' id='word_1_504' title='bbox 2909 2324 2975 2387; x_wconf 83' lang='grc' dir='ltr'>γῆ</span> <span class='ocrx_word' id='word_1_505' title='bbox 3034 2325 3124 2368; x_wconf 88' lang='grc' dir='ltr'><strong>τοῦ</strong></span> <span class='ocrx_word' id='word_1_506' title='bbox 3184 2315 3478 2389; x_wconf 79' lang='grc' dir='ltr'>Νεφθαλείμ</span> <span class='ocrx_word' id='word_1_507' title='bbox 3522 2316 3533 2371; x_wconf 83' lang='lat'>!</span> <span class='ocrx_word' id='word_1_508' title='bbox 3577 2315 3717 2387; x_wconf 86' lang='grc' dir='ltr'>λέγει</span> <span class='ocrx_word' id='word_1_509' title='bbox 3766 2312 3827 2368; x_wconf 70' lang='grc' dir='ltr'><strong>δὲ</strong></span> <span class='ocrx_word' id='word_1_510' title='bbox 3876 2319 3966 2372; x_wconf 83' lang='grc' dir='ltr'><strong>τὴν</strong></span> 
     </span>
    </p>
   </div>
   <div class='ocr_carea' id='block_1_75' title="bbox 2358 2401 3964 2478">
    <p class='ocr_par' dir='ltr' id='par_1_75' title="bbox 2358 2401 3964 2478">
     <span class='ocr_line' id='line_1_75' title="bbox 2358 2401 3964 2478; baseline -0.001 -23"><span class='ocrx_word' id='word_1_511' title='bbox 2358 2402 2653 2474; x_wconf 80' lang='grc' dir='ltr'>Γαλιλαίαν,</span> <span class='ocrx_word' id='word_1_512' title='bbox 2713 2405 2778 2464; x_wconf 84' lang='grc' dir='ltr'><strong>ως</strong></span> <span class='ocrx_word' id='word_1_513' title='bbox 2828 2408 3052 2478; x_wconf 83' lang='grc' dir='ltr'>εἴρηται·</span> <span class='ocrx_word' id='word_1_514' title='bbox 3123 2410 3231 2470; x_wconf 84' lang='grc' dir='ltr'>καὶ,</span> <span class='ocrx_word' id='word_1_515' title='bbox 3297 2404 3337 2457; x_wconf 84' lang='grc' dir='ltr'><strong>ὦ</strong></span> <span class='ocrx_word' id='word_1_516' title='bbox 3397 2407 3445 2457; x_wconf 84' lang='grc' dir='ltr'><strong>οἱ</strong></span> <span class='ocrx_word' id='word_1_517' title='bbox 3496 2408 3632 2458; x_wconf 90' lang='grc' dir='ltr'><strong>κατά</strong></span> <span class='ocrx_word' id='word_1_518' title='bbox 3687 2408 3789 2462; x_wconf 83' lang='grc' dir='ltr'>τὴν</span> <span class='ocrx_word' id='word_1_519' title='bbox 3848 2401 3964 2456; x_wconf 81' lang='grc' dir='ltr'><strong>ὁδὸν</strong></span> 
     </span>
    </p>
   </div>
   <div class='ocr_carea' id='block_1_76' title="bbox 2356 2492 3965 2568">
    <p class='ocr_par' dir='ltr' id='par_1_76' title="bbox 2356 2492 3965 2568">
     <span class='ocr_line' id='line_1_76' title="bbox 2356 2492 3965 2568; baseline 0.001 -25"><span class='ocrx_word' id='word_1_520' title='bbox 2356 2502 2451 2555; x_wconf 83' lang='grc' dir='ltr'>τῆς</span> <span class='ocrx_word' id='word_1_521' title='bbox 2502 2492 2788 2561; x_wconf 77' lang='grc' dir='ltr'>θαλάσσης,</span> <span class='ocrx_word' id='word_1_522' title='bbox 2832 2499 3115 2561; x_wconf 86' lang='grc' dir='ltr'>τουτέστιν,</span> <span class='ocrx_word' id='word_1_523' title='bbox 3160 2498 3207 2548; x_wconf 83' lang='grc' dir='ltr'><strong>οἱ</strong></span> <span class='ocrx_word' id='word_1_524' title='bbox 3237 2498 3381 2568; x_wconf 84' lang='grc' dir='ltr'>παρὰ</span> <span class='ocrx_word' id='word_1_525' title='bbox 3428 2500 3520 2554; x_wconf 79' lang='grc' dir='ltr'><strong>τὴν</strong></span> <span class='ocrx_word' id='word_1_526' title='bbox 3555 2494 3831 2549; x_wconf 85' lang='grc' dir='ltr'>θάλασσαν</span> <span class='ocrx_word' id='word_1_527' title='bbox 3875 2502 3965 2553; x_wconf 82' lang='grc' dir='ltr'>τῆς</span> 
     </span>
    </p>
   </div>
   <div class='ocr_carea' id='block_1_77' title="bbox 2358 2580 3962 2659">
    <p class='ocr_par' dir='ltr' id='par_1_77' title="bbox 2358 2580 3962 2659">
     <span class='ocr_line' id='line_1_77' title="bbox 2358 2580 3962 2659; baseline 0 -24"><span class='ocrx_word' id='word_1_528' title='bbox 2358 2582 2635 2646; x_wconf 82' lang='grc' dir='ltr'>Γαλιλαίας</span> <span class='ocrx_word' id='word_1_529' title='bbox 2710 2584 2968 2645; x_wconf 81' lang='grc' dir='ltr'>οἰκοῦντες</span> <span class='ocrx_word' id='word_1_530' title='bbox 3023 2588 3112 2637; x_wconf 87' lang='grc' dir='ltr'><strong>καὶ</strong></span> <span class='ocrx_word' id='word_1_531' title='bbox 3170 2586 3208 2636; x_wconf 82' lang='grc' dir='ltr'><strong>ὦ</strong></span> <span class='ocrx_word' id='word_1_532' title='bbox 3268 2588 3316 2637; x_wconf 82' lang='grc' dir='ltr'><strong>οἱ</strong></span> <span class='ocrx_word' id='word_1_533' title='bbox 3378 2590 3535 2659; x_wconf 85' lang='grc' dir='ltr'>πέραν</span> <span class='ocrx_word' id='word_1_534' title='bbox 3594 2592 3685 2637; x_wconf 87' lang='grc' dir='ltr'><strong>τοῦ</strong></span> <span class='ocrx_word' id='word_1_535' title='bbox 3766 2580 3962 2657; x_wconf 75' lang='grc' dir='ltr'><strong>Ἰορδά-</strong></span> 
     </span>
    </p>
   </div>
   <div class='ocr_carea' id='block_1_78' title="bbox 3489 2671 3963 2727">
    <p class='ocr_par' dir='ltr' id='par_1_78' title="bbox 3489 2671 3963 2727">
     <span class='ocr_line' id='line_1_78' title="bbox 3489 2671 3963 2727; baseline 0.004 -2"><span class='ocrx_word' id='word_1_536' title='bbox 3489 2672 3696 2727; x_wconf 80' lang='grc' dir='ltr'>ὶκάλεσε</span> <span class='ocrx_word' id='word_1_537' title='bbox 3752 2671 3812 2727; x_wconf 70' lang='grc' dir='ltr'><strong>δὲ</strong></span> <span class='ocrx_word' id='word_1_538' title='bbox 3869 2680 3963 2726; x_wconf 88' lang='grc' dir='ltr'>Γα-</span> 
     </span>
    </p>
   </div>
   <div class='ocr_carea' id='block_1_79' title="bbox 2356 2762 3965 2839">
    <p class='ocr_par' dir='ltr' id='par_1_79' title="bbox 2356 2762 3965 2839">
     <span class='ocr_line' id='line_1_79' title="bbox 2356 2762 3965 2839; baseline -0.001 -24"><span class='ocrx_word' id='word_1_539' title='bbox 2356 2762 2556 2815; x_wconf 87' lang='grc' dir='ltr'>λιλαίαν</span> <span class='ocrx_word' id='word_1_540' title='bbox 2614 2771 2713 2814; x_wconf 88' lang='grc' dir='ltr'><strong>τῶν</strong></span> <span class='ocrx_word' id='word_1_541' title='bbox 2762 2762 2937 2831; x_wconf 80' lang='grc' dir='ltr'>ἐθνῶν,</span> <span class='ocrx_word' id='word_1_542' title='bbox 2990 2767 3048 2816; x_wconf 90' lang='grc' dir='ltr'><strong>τό</strong></span> <span class='ocrx_word' id='word_1_543' title='bbox 3107 2768 3257 2839; x_wconf 82' lang='grc' dir='ltr'><em>μέρος</em></span> <span class='ocrx_word' id='word_1_544' title='bbox 3302 2774 3397 2826; x_wconf 79' lang='grc' dir='ltr'>τῆς</span> <span class='ocrx_word' id='word_1_545' title='bbox 3454 2764 3751 2830; x_wconf 83' lang='grc' dir='ltr'>Γαλιλαίας,</span> <span class='ocrx_word' id='word_1_546' title='bbox 3823 2766 3850 2817; x_wconf 84' lang='grc' dir='ltr'><strong><em>ὃ</em></strong></span> <span class='ocrx_word' id='word_1_547' title='bbox 3904 2766 3965 2814; x_wconf 81' lang='grc' dir='ltr'><strong>τὰ</strong></span> 
     </span>
    </p>
   </div>
   <div class='ocr_carea' id='block_1_80' title="bbox 2356 2673 3427 2731">
    <p class='ocr_par' dir='ltr' id='par_1_80' title="bbox 2356 2673 3427 2731">
     <span class='ocr_line' id='line_1_80' title="bbox 2356 2673 3427 2731; baseline 0.005 -7"><span class='ocrx_word' id='word_1_548' title='bbox 2356 2677 2484 2731; x_wconf 76' lang='grc' dir='ltr'>νουῘ</span> <span class='ocrx_word' id='word_1_549' title='bbox 2540 2678 2630 2725; x_wconf 86' lang='grc' dir='ltr'><strong>καὶ</strong></span> <span class='ocrx_word' id='word_1_550' title='bbox 2673 2674 2711 2724; x_wconf 83' lang='grc' dir='ltr'>ὦ</span> <span class='ocrx_word' id='word_1_551' title='bbox 2766 2674 3013 2727; x_wconf 90' lang='grc' dir='ltr'>Γαλιλαία</span> <span class='ocrx_word' id='word_1_552' title='bbox 3060 2683 3157 2726; x_wconf 90' lang='grc' dir='ltr'>τῶν</span> <span class='ocrx_word' id='word_1_553' title='bbox 3206 2673 3359 2727; x_wconf 80' lang='grc' dir='ltr'>ἐθνῶν</span> <span class='ocrx_word' id='word_1_554' title='bbox 3415 2675 3427 2729; x_wconf 75' lang='grc' dir='ltr'><strong>Ι</strong></span> 
     </span>
    </p>
   </div>
   <div class='ocr_carea' id='block_1_81' title="bbox 2360 2853 3964 2924">
    <p class='ocr_par' dir='ltr' id='par_1_81' title="bbox 2360 2853 3964 2924">
     <span class='ocr_line' id='line_1_81' title="bbox 2360 2853 3964 2924; baseline 0.001 -21"><span class='ocrx_word' id='word_1_555' title='bbox 2360 2854 2477 2909; x_wconf 84' lang='grc' dir='ltr'>ἔθνη</span> <span class='ocrx_word' id='word_1_556' title='bbox 2539 2858 2827 2924; x_wconf 80' lang='grc' dir='ltr'>κατῴκουν·</span> <span class='ocrx_word' id='word_1_557' title='bbox 2888 2853 3018 2923; x_wconf 82' lang='grc' dir='ltr'>εἶτα,</span> <span class='ocrx_word' id='word_1_558' title='bbox 3086 2853 3412 2923; x_wconf 67' lang='grc' dir='ltr'>ἐπισυνάψας</span> <span class='ocrx_word' id='word_1_559' title='bbox 3473 2855 3670 2916; x_wconf 86' lang='grc' dir='ltr'>πάντας</span> <span class='ocrx_word' id='word_1_560' title='bbox 3730 2857 3851 2915; x_wconf 79' lang='grc' dir='ltr'>τοὺς</span> <span class='ocrx_word' id='word_1_561' title='bbox 3921 2856 3964 2904; x_wconf 80' lang='grc' dir='ltr'>εν</span> 
     </span>
    </p>
   </div>
   <div class='ocr_carea' id='block_1_82' title="bbox 2362 2939 3964 3016">
    <p class='ocr_par' dir='ltr' id='par_1_82' title="bbox 2362 2939 3964 3016">
     <span class='ocr_line' id='line_1_82' title="bbox 2362 2939 3964 3016; baseline 0 -22"><span class='ocrx_word' id='word_1_562' title='bbox 2362 2950 2471 3004; x_wconf 79' lang='grc' dir='ltr'>τοῖς</span> <span class='ocrx_word' id='word_1_563' title='bbox 2546 2939 2834 3001; x_wconf 75' lang='grc' dir='ltr'>ὃηλωθείσι</span> <span class='ocrx_word' id='word_1_564' title='bbox 2901 2946 3099 3015; x_wconf 86' lang='grc' dir='ltr'>τόποις,</span> <span class='ocrx_word' id='word_1_565' title='bbox 3178 2943 3517 3015; x_wconf 73' lang='grc' dir='ltr'>εῦηγελίσατο</span> <span class='ocrx_word' id='word_1_566' title='bbox 3574 2944 3639 2995; x_wconf 82' lang='grc' dir='ltr'>τὰ</span> <span class='ocrx_word' id='word_1_567' title='bbox 3714 2949 3964 3016; x_wconf 81' lang='grc' dir='ltr'>σωτήρια,</span> 
     </span>
    </p>
   </div>
   <div class='ocr_carea' id='block_1_83' title="bbox 3892 3027 3968 3083">
    <p class='ocr_par' dir='ltr' id='par_1_83' title="bbox 3892 3027 3968 3083">
     <span class='ocr_line' id='line_1_83' title="bbox 3892 3027 3968 3083; baseline -0.013 0"><span class='ocrx_word' id='word_1_568' title='bbox 3892 3027 3968 3083; x_wconf 65' lang='lat' dir='ltr'><strong>id:</strong></span> 
     </span>
    </p>
   </div>
   <div class='ocr_carea' id='block_1_84' title="bbox 2363 3121 3965 3195">
    <p class='ocr_par' dir='ltr' id='par_1_84' title="bbox 2363 3121 3965 3195">
     <span class='ocr_line' id='line_1_84' title="bbox 2363 3121 3965 3195; baseline 0.001 -22"><span class='ocrx_word' id='word_1_569' title='bbox 2363 3131 2466 3194; x_wconf 87' lang='grc' dir='ltr'><strong>φῶς</strong></span> <span class='ocrx_word' id='word_1_570' title='bbox 2523 3126 2678 3195; x_wconf 85' lang='grc' dir='ltr'>μέγα,</span> <span class='ocrx_word' id='word_1_571' title='bbox 2742 3126 2833 3174; x_wconf 85' lang='grc' dir='ltr'>καὶ</span> <span class='ocrx_word' id='word_1_572' title='bbox 2910 3125 2975 3174; x_wconf 85' lang='grc' dir='ltr'>τὰ</span> <span class='ocrx_word' id='word_1_573' title='bbox 3043 3122 3179 3185; x_wconf 78' lang='grc' dir='ltr'><strong>ἑξῆς.</strong></span> <span class='ocrx_word' id='word_1_574' title='bbox 3252 3127 3351 3176; x_wconf 82' lang='grc' dir='ltr'><strong>Καὶ</strong></span> <span class='ocrx_word' id='word_1_575' title='bbox 3425 3127 3605 3183; x_wconf 80' lang='grc' dir='ltr'>σκότος</span> <span class='ocrx_word' id='word_1_576' title='bbox 3677 3126 3768 3195; x_wconf 69' lang='grc' dir='ltr'>μὶν</span> <span class='ocrx_word' id='word_1_577' title='bbox 3847 3121 3965 3174; x_wconf 77' lang='grc' dir='ltr'>ὠνό-</span> 
     </span>
    </p>
   </div>
   <div class='ocr_carea' id='block_1_85' title="bbox 2283 3208 3965 3296">
    <p class='ocr_par' dir='ltr' id='par_1_85' title="bbox 2283 3208 3965 3296">
     <span class='ocr_line' id='line_1_85' title="bbox 2283 3208 3965 3296; baseline 0 -35"><span class='ocrx_word' id='word_1_578' title='bbox 2283 3241 2323 3296; x_wconf 80' lang='lat' dir='ltr'>C</span> <span class='ocrx_word' id='word_1_579' title='bbox 2362 3230 2516 3282; x_wconf 85' lang='grc' dir='ltr'>μασε,</span> <span class='ocrx_word' id='word_1_580' title='bbox 2564 3214 2657 3269; x_wconf 79' lang='grc' dir='ltr'>τὴν</span> <span class='ocrx_word' id='word_1_581' title='bbox 2696 3210 2913 3268; x_wconf 86' lang='grc' dir='ltr'>πλάνην,</span> <span class='ocrx_word' id='word_1_582' title='bbox 2949 3211 3268 3264; x_wconf 86' lang='grc' dir='ltr'>Ἐπλανῶντο</span> <span class='ocrx_word' id='word_1_583' title='bbox 3312 3214 3411 3286; x_wconf 85' lang='grc' dir='ltr'><strong>γὰρ</strong></span> <span class='ocrx_word' id='word_1_584' title='bbox 3441 3208 3696 3271; x_wconf 80' lang='grc' dir='ltr'>Ἰουδαῖοι</span> <span class='ocrx_word' id='word_1_585' title='bbox 3736 3214 3825 3285; x_wconf 74' lang='grc' dir='ltr'><strong>μὲν</strong></span> <span class='ocrx_word' id='word_1_586' title='bbox 3856 3213 3965 3284; x_wconf 85' lang='grc' dir='ltr'>περὶ</span> 
     </span>
    </p>
   </div>
   <div class='ocr_carea' id='block_1_86' title="bbox 2362 3296 3490 3374">
    <p class='ocr_par' dir='ltr' id='par_1_86' title="bbox 2362 3296 3490 3374">
     <span class='ocr_line' id='line_1_86' title="bbox 2362 3296 3490 3374; baseline 0.003 -23"><span class='ocrx_word' id='word_1_587' title='bbox 2362 3301 2456 3361; x_wconf 90' lang='grc' dir='ltr'><strong>τάς</strong></span> <span class='ocrx_word' id='word_1_588' title='bbox 2487 3302 2708 3374; x_wconf 85' lang='grc' dir='ltr'>Γραφάς,</span> <span class='ocrx_word' id='word_1_589' title='bbox 2737 3302 2804 3352; x_wconf 89' lang='grc' dir='ltr'><strong>τά</strong></span> <span class='ocrx_word' id='word_1_590' title='bbox 2832 3302 2949 3358; x_wconf 80' lang='grc' dir='ltr'>ἔθνη</span> <span class='ocrx_word' id='word_1_591' title='bbox 2987 3296 3044 3353; x_wconf 78' lang='grc' dir='ltr'><strong>δὲ</strong></span> <span class='ocrx_word' id='word_1_592' title='bbox 3076 3306 3196 3373; x_wconf 86' lang='grc' dir='ltr'>περὶ</span> <span class='ocrx_word' id='word_1_593' title='bbox 3225 3304 3281 3353; x_wconf 86' lang='grc' dir='ltr'><strong>τό</strong></span> <span class='ocrx_word' id='word_1_594' title='bbox 3315 3300 3490 3364; x_wconf 84' lang='grc' dir='ltr'>σέϐας.</span> 
     </span>
    </p>
   </div>
   <div class='ocr_carea' id='block_1_87' title="bbox 2362 3030 3815 3105">
    <p class='ocr_par' dir='ltr' id='par_1_87' title="bbox 2362 3030 3815 3105">
     <span class='ocr_line' id='line_1_87' title="bbox 2362 3030 3815 3105; baseline 0.003 -23"><span class='ocrx_word' id='word_1_595' title='bbox 2362 3032 2533 3083; x_wconf 87' lang='grc' dir='ltr'>εἰπών·</span> <span class='ocrx_word' id='word_1_596' title='bbox 2589 3030 2647 3083; x_wconf 73' lang='lat' dir='ltr'><strong>¢O</strong></span> <span class='ocrx_word' id='word_1_597' title='bbox 2712 3031 2828 3092; x_wconf 87' lang='grc' dir='ltr'>λαός</span> <span class='ocrx_word' id='word_1_598' title='bbox 2894 3034 2918 3084; x_wconf 89' lang='grc' dir='ltr'><strong>ὁ</strong></span> <span class='ocrx_word' id='word_1_599' title='bbox 2982 3035 3269 3105; x_wconf 79' lang='grc' dir='ltr'>καθήμενος</span> <span class='ocrx_word' id='word_1_600' title='bbox 3340 3031 3386 3084; x_wconf 73' lang='grc' dir='ltr'>ἐν</span> <span class='ocrx_word' id='word_1_601' title='bbox 3461 3037 3659 3101; x_wconf 81' lang='grc' dir='ltr'>σκότει,</span> <span class='ocrx_word' id='word_1_602' title='bbox 3737 3034 3815 3105; x_wconf 90' lang='grc'><strong>(9)</strong></span> 
     </span>
    </p>
   </div>
   <div class='ocr_carea' id='block_1_88' title="bbox 2435 3386 3961 3464">
    <p class='ocr_par' dir='ltr' id='par_1_88' title="bbox 2435 3386 3961 3464">
     <span class='ocr_line' id='line_1_88' title="bbox 2435 3386 3961 3464; baseline -0.001 -22"><span class='ocrx_word' id='word_1_603' title='bbox 2435 3395 2547 3449; x_wconf 79' lang='grc' dir='ltr'><strong>Φῶς</strong></span> <span class='ocrx_word' id='word_1_604' title='bbox 2597 3386 2655 3441; x_wconf 75' lang='grc' dir='ltr'><strong>δὲ</strong></span> <span class='ocrx_word' id='word_1_605' title='bbox 2693 3393 2846 3461; x_wconf 82' lang='grc' dir='ltr'>μέγα,</span> <span class='ocrx_word' id='word_1_606' title='bbox 2903 3394 2990 3443; x_wconf 91' lang='grc' dir='ltr'><strong>τόν</strong></span> <span class='ocrx_word' id='word_1_607' title='bbox 3043 3394 3292 3463; x_wconf 84' lang='grc' dir='ltr'>Χριστόν,</span> <span class='ocrx_word' id='word_1_608' title='bbox 3342 3393 3398 3454; x_wconf 86' lang='grc' dir='ltr'>ὃς</span> <span class='ocrx_word' id='word_1_609' title='bbox 3439 3390 3678 3462; x_wconf 78' lang='grc' dir='ltr'>ἀλλαχοῦ</span> <span class='ocrx_word' id='word_1_610' title='bbox 3712 3398 3816 3464; x_wconf 87' lang='grc' dir='ltr'><strong>φῶς</strong></span> <span class='ocrx_word' id='word_1_611' title='bbox 3846 3388 3961 3447; x_wconf 87' lang='grc' dir='ltr'>ἀλη-</span> 
     </span>
    </p>
   </div>
   <div class='ocr_carea' id='block_1_89' title="bbox 2365 3477 3962 3555">
    <p class='ocr_par' dir='ltr' id='par_1_89' title="bbox 2365 3477 3962 3555">
     <span class='ocr_line' id='line_1_89' title="bbox 2365 3477 3962 3555; baseline 0.001 -25"><span class='ocrx_word' id='word_1_612' title='bbox 2365 3480 2500 3531; x_wconf 82' lang='grc' dir='ltr'>θινὸν</span> <span class='ocrx_word' id='word_1_613' title='bbox 2566 3484 2987 3555; x_wconf 81' lang='grc' dir='ltr'>προσηγόρευται</span> <span class='ocrx_word' id='word_1_614' title='bbox 3089 3485 3188 3533; x_wconf 85' lang='grc' dir='ltr'><strong>Καὶ</strong></span> <span class='ocrx_word' id='word_1_615' title='bbox 3243 3483 3344 3555; x_wconf 78' lang='grc' dir='ltr'>γὰρ</span> <span class='ocrx_word' id='word_1_616' title='bbox 3418 3481 3573 3542; x_wconf 73' lang='grc' dir='ltr'>αὐτὸς</span> <span class='ocrx_word' id='word_1_617' title='bbox 3629 3485 3848 3543; x_wconf 84' lang='grc' dir='ltr'>τούτους</span> <span class='ocrx_word' id='word_1_618' title='bbox 3894 3477 3962 3541; x_wconf 84' lang='grc' dir='ltr'><strong>ἐξ·</strong></span> 
     </span>
    </p>
   </div>
   <div class='ocr_carea' id='block_1_90' title="bbox 2363 3567 3960 3642">
    <p class='ocr_par' dir='ltr' id='par_1_90' title="bbox 2363 3567 3960 3642">
     <span class='ocr_line' id='line_1_90' title="bbox 2363 3567 3960 3642; baseline 0.001 -22"><span class='ocrx_word' id='word_1_619' title='bbox 2363 3573 2552 3640; x_wconf 81' lang='grc' dir='ltr'>ἡγαγεν</span> <span class='ocrx_word' id='word_1_620' title='bbox 2598 3570 2653 3621; x_wconf 82' lang='grc' dir='ltr'>ἔκ</span> <span class='ocrx_word' id='word_1_621' title='bbox 2704 3578 2799 3630; x_wconf 85' lang='grc' dir='ltr'>τῆς</span> <span class='ocrx_word' id='word_1_622' title='bbox 2846 3569 3068 3640; x_wconf 78' lang='grc' dir='ltr'>πλάνης,</span> <span class='ocrx_word' id='word_1_623' title='bbox 3120 3567 3276 3628; x_wconf 83' lang='grc' dir='ltr'>δίκην</span> <span class='ocrx_word' id='word_1_624' title='bbox 3326 3574 3490 3642; x_wconf 88' lang='grc' dir='ltr'>φωτὸς</span> <span class='ocrx_word' id='word_1_625' title='bbox 3532 3571 3713 3635; x_wconf 74' lang='grc' dir='ltr'>αὐτοῖς</span> <span class='ocrx_word' id='word_1_626' title='bbox 3758 3569 3960 3641; x_wconf 76' lang='grc' dir='ltr'>ἐπιλάμ-</span> 
     </span>
    </p>
   </div>
   <div class='ocr_carea' id='block_1_91' title="bbox 2361 3656 3958 3732">
    <p class='ocr_par' dir='ltr' id='par_1_91' title="bbox 2361 3656 3958 3732">
     <span class='ocr_line' id='line_1_91' title="bbox 2361 3656 3958 3732; baseline 0.001 -24"><span class='ocrx_word' id='word_1_627' title='bbox 2361 3656 2488 3727; x_wconf 80' lang='grc' dir='ltr'>ψας.</span> <span class='ocrx_word' id='word_1_628' title='bbox 2543 3658 2672 3711; x_wconf 84' lang='grc' dir='ltr'>Εἶτα</span> <span class='ocrx_word' id='word_1_629' title='bbox 2725 3658 2877 3709; x_wconf 81' lang='grc' dir='ltr'>πάλιν</span> <span class='ocrx_word' id='word_1_630' title='bbox 2931 3659 3286 3732; x_wconf 77' lang='grc' dir='ltr'>ἐφηρμηνευσε</span> <span class='ocrx_word' id='word_1_631' title='bbox 3351 3663 3408 3712; x_wconf 89' lang='grc' dir='ltr'><strong>τό</strong></span> <span class='ocrx_word' id='word_1_632' title='bbox 3466 3668 3701 3713; x_wconf 75' lang='grc' dir='ltr'>τοιοῦτον</span> <span class='ocrx_word' id='word_1_633' title='bbox 3766 3664 3958 3722; x_wconf 85' lang='grc' dir='ltr'>σκότος,</span> 
     </span>
    </p>
   </div>
   <div class='ocr_carea' id='block_1_92' title="bbox 2362 3748 3961 3819">
    <p class='ocr_par' dir='ltr' id='par_1_92' title="bbox 2362 3748 3961 3819">
     <span class='ocr_line' id='line_1_92' title="bbox 2362 3748 3961 3819; baseline -0.001 -19"><span class='ocrx_word' id='word_1_634' title='bbox 2362 3754 2548 3819; x_wconf 82' lang='grc' dir='ltr'>Χώραν</span> <span class='ocrx_word' id='word_1_635' title='bbox 2625 3749 2845 3800; x_wconf 85' lang='grc' dir='ltr'>θανάτου</span> <span class='ocrx_word' id='word_1_636' title='bbox 2927 3754 3014 3801; x_wconf 90' lang='grc' dir='ltr'>καὶ</span> <span class='ocrx_word' id='word_1_637' title='bbox 3089 3753 3239 3802; x_wconf 82' lang='grc' dir='ltr'>σκιὰν</span> <span class='ocrx_word' id='word_1_638' title='bbox 3318 3751 3539 3803; x_wconf 68' lang='grc' dir='ltr'>θανάτου</span> <span class='ocrx_word' id='word_1_639' title='bbox 3609 3758 3760 3805; x_wconf 86' lang='grc' dir='ltr'>τοῦτο</span> <span class='ocrx_word' id='word_1_640' title='bbox 3825 3748 3961 3801; x_wconf 88' lang='grc' dir='ltr'>καλέ-</span> 
     </span>
    </p>
   </div>
   <div class='ocr_carea' id='block_1_93' title="bbox 2365 3836 3960 3917">
    <p class='ocr_par' dir='ltr' id='par_1_93' title="bbox 2365 3836 3960 3917">
     <span class='ocr_line' id='line_1_93' title="bbox 2365 3836 3960 3917; baseline 0.001 -28"><span class='ocrx_word' id='word_1_641' title='bbox 2365 3856 2480 3898; x_wconf 89' lang='grc' dir='ltr'>σας.</span> <span class='ocrx_word' id='word_1_642' title='bbox 2527 3836 2728 3912; x_wconf 81' lang='grc' dir='ltr'>Ὠσπερ</span> <span class='ocrx_word' id='word_1_643' title='bbox 2770 3840 2871 3912; x_wconf 85' lang='grc' dir='ltr'>γὰρ</span> <span class='ocrx_word' id='word_1_644' title='bbox 2924 3847 3013 3891; x_wconf 87' lang='grc' dir='ltr'>τοῦ</span> <span class='ocrx_word' id='word_1_645' title='bbox 3064 3848 3363 3912; x_wconf 82' lang='grc' dir='ltr'>σωματικοῦ</span> <span class='ocrx_word' id='word_1_646' title='bbox 3407 3843 3629 3894; x_wconf 87' lang='grc' dir='ltr'>θανάτου</span> <span class='ocrx_word' id='word_1_647' title='bbox 3679 3848 3838 3917; x_wconf 82' lang='grc' dir='ltr'>χώρα</span> <span class='ocrx_word' id='word_1_648' title='bbox 3877 3843 3960 3892; x_wconf 87' lang='grc' dir='ltr'><strong>καὶ</strong></span> 
     </span>
    </p>
   </div>
   <div class='ocr_carea' id='block_1_94' title="bbox 2364 3926 3955 4002">
    <p class='ocr_par' dir='ltr' id='par_1_94' title="bbox 2364 3926 3955 4002">
     <span class='ocr_line' id='line_1_94' title="bbox 2364 3926 3955 4002; baseline 0.001 -22"><span class='ocrx_word' id='word_1_649' title='bbox 2364 3928 2547 3980; x_wconf 84' lang='grc' dir='ltr'>σκιάό</span> <span class='ocrx_word' id='word_1_650' title='bbox 2602 3930 2760 3999; x_wconf 87' lang='grc' dir='ltr'>τάφος</span> <span class='ocrx_word' id='word_1_651' title='bbox 2809 3927 2942 3981; x_wconf 80' lang='grc' dir='ltr'>ἐστί·</span> <span class='ocrx_word' id='word_1_652' title='bbox 2995 3934 3150 4001; x_wconf 88' lang='grc' dir='ltr'>χώρα</span> <span class='ocrx_word' id='word_1_653' title='bbox 3202 3932 3311 4002; x_wconf 71' lang='grc' dir='ltr'>μὲν,</span> <span class='ocrx_word' id='word_1_654' title='bbox 3370 3933 3437 3991; x_wconf 81' lang='grc' dir='ltr'>ὡς</span> <span class='ocrx_word' id='word_1_655' title='bbox 3485 3934 3659 3993; x_wconf 89' lang='grc' dir='ltr'>τόπος·</span> <span class='ocrx_word' id='word_1_656' title='bbox 3717 3934 3841 3984; x_wconf 90' lang='grc' dir='ltr'><strong>σκιά</strong></span> <span class='ocrx_word' id='word_1_657' title='bbox 3883 3926 3955 3995; x_wconf 75' lang='grc' dir='ltr'><strong>δὲ,</strong></span> 
     </span>
    </p>
   </div>
   <div class='ocr_carea' id='block_1_95' title="bbox 2363 4020 3956 4093">
    <p class='ocr_par' dir='ltr' id='par_1_95' title="bbox 2363 4020 3956 4093">
     <span class='ocr_line' id='line_1_95' title="bbox 2363 4020 3956 4093; baseline 0.001 -25"><span class='ocrx_word' id='word_1_658' title='bbox 2363 4020 2431 4078; x_wconf 88' lang='grc' dir='ltr'>ὡς</span> <span class='ocrx_word' id='word_1_659' title='bbox 2482 4022 2682 4077; x_wconf 83' lang='grc' dir='ltr'>σκότος’</span> <span class='ocrx_word' id='word_1_660' title='bbox 2724 4021 2909 4080; x_wconf 89' lang='grc' dir='ltr'>σκότος</span> <span class='ocrx_word' id='word_1_661' title='bbox 2945 4021 3047 4093; x_wconf 86' lang='grc' dir='ltr'><strong>γὰρ</strong></span> <span class='ocrx_word' id='word_1_662' title='bbox 3088 4020 3117 4077; x_wconf 84' lang='grc' dir='ltr'>ἡ</span> <span class='ocrx_word' id='word_1_663' title='bbox 3156 4022 3299 4071; x_wconf 88' lang='grc' dir='ltr'>σκιά·</span> <span class='ocrx_word' id='word_1_664' title='bbox 3347 4020 3478 4072; x_wconf 80' lang='grc' dir='ltr'>οὕτω</span> <span class='ocrx_word' id='word_1_665' title='bbox 3526 4026 3615 4073; x_wconf 81' lang='grc' dir='ltr'><strong>καὶ</strong></span> <span class='ocrx_word' id='word_1_666' title='bbox 3650 4028 3742 4073; x_wconf 86' lang='grc' dir='ltr'>τοῦ</span> <span class='ocrx_word' id='word_1_667' title='bbox 3787 4020 3956 4091; x_wconf 72' lang='grc' dir='ltr'>ψυχι-</span> 
     </span>
    </p>
   </div>
   <div class='ocr_carea' id='block_1_96' title="bbox 2361 4106 3955 4182">
    <p class='ocr_par' dir='ltr' id='par_1_96' title="bbox 2361 4106 3955 4182">
     <span class='ocr_line' id='line_1_96' title="bbox 2361 4106 3955 4182; baseline -0.001 -24"><span class='ocrx_word' id='word_1_668' title='bbox 2361 4114 2455 4159; x_wconf 90' lang='grc' dir='ltr'><strong>κοῦ</strong></span> <span class='ocrx_word' id='word_1_669' title='bbox 2512 4108 2729 4158; x_wconf 87' lang='grc' dir='ltr'>θανάτου</span> <span class='ocrx_word' id='word_1_670' title='bbox 2788 4112 2944 4182; x_wconf 87' lang='grc' dir='ltr'>χώρα</span> <span class='ocrx_word' id='word_1_671' title='bbox 2999 4113 3087 4159; x_wconf 86' lang='grc' dir='ltr'><strong>καὶ</strong></span> <span class='ocrx_word' id='word_1_672' title='bbox 3148 4108 3291 4181; x_wconf 81' lang='grc' dir='ltr'>σκἰά,</span> <span class='ocrx_word' id='word_1_673' title='bbox 3350 4112 3380 4167; x_wconf 81' lang='grc' dir='ltr'><strong>ἠ</strong></span> <span class='ocrx_word' id='word_1_674' title='bbox 3437 4108 3602 4169; x_wconf 85' lang='grc' dir='ltr'>πλάνη</span> <span class='ocrx_word' id='word_1_675' title='bbox 3657 4109 3820 4168; x_wconf 85' lang='grc' dir='ltr'>ἐκείνη</span> <span class='ocrx_word' id='word_1_676' title='bbox 3882 4106 3955 4166; x_wconf 72' lang='grc' dir='ltr'><strong>ἦν·</strong></span> 
     </span>
    </p>
   </div>
   <div class='ocr_carea' id='block_1_97' title="bbox 2361 4198 3963 4271">
    <p class='ocr_par' dir='ltr' id='par_1_97' title="bbox 2361 4198 3963 4271">
     <span class='ocr_line' id='line_1_97' title="bbox 2361 4198 3963 4271; baseline 0.001 -24"><span class='ocrx_word' id='word_1_677' title='bbox 2361 4202 2517 4268; x_wconf 90' lang='grc' dir='ltr'>χώρα</span> <span class='ocrx_word' id='word_1_678' title='bbox 2565 4199 2673 4267; x_wconf 75' lang='grc' dir='ltr'>μὲν,</span> <span class='ocrx_word' id='word_1_679' title='bbox 2721 4198 2789 4256; x_wconf 82' lang='grc' dir='ltr'>ὡς</span> <span class='ocrx_word' id='word_1_680' title='bbox 2833 4201 3019 4270; x_wconf 90' lang='grc' dir='ltr'>τρόπον</span> <span class='ocrx_word' id='word_1_681' title='bbox 3072 4200 3233 4266; x_wconf 78' lang='grc' dir='ltr'>τάφου</span> <span class='ocrx_word' id='word_1_682' title='bbox 3287 4203 3591 4270; x_wconf 85' lang='grc' dir='ltr'>συνέχουσα</span> <span class='ocrx_word' id='word_1_683' title='bbox 3644 4204 3765 4260; x_wconf 75' lang='grc' dir='ltr'>τοὺς</span> <span class='ocrx_word' id='word_1_684' title='bbox 3821 4199 3963 4271; x_wconf 85' lang='grc' dir='ltr'>ἐμπε-</span> 
     </span>
    </p>
   </div>
   <div class='ocr_carea' id='block_1_98' title="bbox 2361 4284 3959 4361">
    <p class='ocr_par' dir='ltr' id='par_1_98' title="bbox 2361 4284 3959 4361">
     <span class='ocr_line' id='line_1_98' title="bbox 2361 4284 3959 4361; baseline 0.004 -24"><span class='ocrx_word' id='word_1_685' title='bbox 2361 4290 2629 4345; x_wconf 86' lang='grc' dir='ltr'>πτωκότας</span> <span class='ocrx_word' id='word_1_686' title='bbox 2698 4284 2827 4357; x_wconf 75' lang='grc' dir='ltr'><strong>αὐτῇ</strong></span> <span class='ocrx_word' id='word_1_687' title='bbox 2908 4292 3302 4361; x_wconf 79' lang='grc' dir='ltr'>νενεκρωμένους</span> <span class='ocrx_word' id='word_1_688' title='bbox 3376 4288 3447 4349; x_wconf 84' lang='grc' dir='ltr'><strong>εἰς</strong></span> <span class='ocrx_word' id='word_1_689' title='bbox 3522 4290 3774 4347; x_wconf 74' lang='grc' dir='ltr'>αἴσθησιν</span> <span class='ocrx_word' id='word_1_690' title='bbox 3841 4286 3959 4343; x_wconf 82' lang='grc' dir='ltr'>ἀλη-</span> 
     </span>
    </p>
   </div>
   <div class='ocr_carea' id='block_1_99' title="bbox 2365 4371 3959 4451">
    <p class='ocr_par' dir='ltr' id='par_1_99' title="bbox 2365 4371 3959 4451">
     <span class='ocr_line' id='line_1_99' title="bbox 2365 4371 3959 4451; baseline 0.004 -25"><span class='ocrx_word' id='word_1_691' title='bbox 2365 4376 2518 4434; x_wconf 87' lang='grc' dir='ltr'>θείας·</span> <span class='ocrx_word' id='word_1_692' title='bbox 2581 4377 2705 4426; x_wconf 89' lang='grc' dir='ltr'><strong>σκιά</strong></span> <span class='ocrx_word' id='word_1_693' title='bbox 2759 4371 2839 4438; x_wconf 78' lang='grc' dir='ltr'><strong>δὲ,</strong></span> <span class='ocrx_word' id='word_1_694' title='bbox 2876 4379 2942 4438; x_wconf 87' lang='grc' dir='ltr'>ὡς</span> <span class='ocrx_word' id='word_1_695' title='bbox 2990 4377 3314 4438; x_wconf 79' lang='grc' dir='ltr'>σκοτίζουσα</span> <span class='ocrx_word' id='word_1_696' title='bbox 3362 4378 3570 4439; x_wconf 72' lang='grc' dir='ltr'>αὐτούς.</span> <span class='ocrx_word' id='word_1_697' title='bbox 3624 4379 3684 4432; x_wconf 86' lang='grc' dir='ltr'>Εἰ</span> <span class='ocrx_word' id='word_1_698' title='bbox 3739 4379 3854 4451; x_wconf 81' lang='grc'><strong>(10)</strong></span> <span class='ocrx_word' id='word_1_699' title='bbox 3906 4371 3959 4426; x_wconf 67' lang='grc' dir='ltr'><strong>δὲ</strong></span> 
     </span>
    </p>
   </div>
   <div class='ocr_carea' id='block_1_100' title="bbox 2361 4462 3957 4541">
    <p class='ocr_par' dir='ltr' id='par_1_100' title="bbox 2361 4462 3957 4541">
     <span class='ocr_line' id='line_1_100' title="bbox 2361 4462 3957 4541; baseline 0.001 -27"><span class='ocrx_word' id='word_1_700' title='bbox 2361 4468 2433 4535; x_wconf 81' lang='grc' dir='ltr'>μὴ</span> <span class='ocrx_word' id='word_1_701' title='bbox 2494 4462 2713 4537; x_wconf 82' lang='grc' dir='ltr'>ἀκέραια</span> <span class='ocrx_word' id='word_1_702' title='bbox 2770 4468 2833 4516; x_wconf 85' lang='grc' dir='ltr'><strong>τά</strong></span> <span class='ocrx_word' id='word_1_703' title='bbox 2890 4469 3191 4538; x_wconf 84' lang='grc' dir='ltr'>προφητικά</span> <span class='ocrx_word' id='word_1_704' title='bbox 3244 4469 3435 4519; x_wconf 85' lang='grc' dir='ltr'>τέθεικε</span> <span class='ocrx_word' id='word_1_705' title='bbox 3490 4468 3649 4541; x_wconf 81' lang='grc' dir='ltr'>ῥητὰ,</span> <span class='ocrx_word' id='word_1_706' title='bbox 3712 4473 3785 4541; x_wconf 76' lang='grc' dir='ltr'>μὴ</span> <span class='ocrx_word' id='word_1_707' title='bbox 3847 4468 3957 4519; x_wconf 89' lang='grc' dir='ltr'>θαυ-</span> 
     </span>
    </p>
   </div>
   <div class='ocr_carea' id='block_1_101' title="bbox 2281 4555 3956 4654">
    <p class='ocr_par' dir='ltr' id='par_1_101' title="bbox 2281 4555 3956 4654">
     <span class='ocr_line' id='line_1_101' title="bbox 2281 4555 3956 4654; baseline -0.001 -49"><span class='ocrx_word' id='word_1_708' title='bbox 2281 4597 2326 4654; x_wconf 85' lang='lat' dir='ltr'><strong>D</strong></span> <span class='ocrx_word' id='word_1_709' title='bbox 2360 4556 2558 4627; x_wconf 76' lang='grc' dir='ltr'>μάσης.</span> <span class='ocrx_word' id='word_1_710' title='bbox 2614 4559 2727 4627; x_wconf 74' lang='grc' dir='ltr'><strong>Χρὴ</strong></span> <span class='ocrx_word' id='word_1_711' title='bbox 2775 4557 2877 4627; x_wconf 89' lang='grc' dir='ltr'><strong>γάρ</strong></span> <span class='ocrx_word' id='word_1_712' title='bbox 2932 4555 3219 4618; x_wconf 82' lang='grc' dir='ltr'>καθολικῶς</span> <span class='ocrx_word' id='word_1_713' title='bbox 3264 4563 3561 4629; x_wconf 88' lang='grc' dir='ltr'>γινώσκειν,</span> <span class='ocrx_word' id='word_1_714' title='bbox 3614 4560 3727 4630; x_wconf 83' lang='grc' dir='ltr'><strong>(Η)</strong></span> <span class='ocrx_word' id='word_1_715' title='bbox 3786 4560 3864 4609; x_wconf 86' lang='grc' dir='ltr'><strong>ὁτι</strong></span> <span class='ocrx_word' id='word_1_716' title='bbox 3912 4555 3956 4606; x_wconf 80' lang='grc' dir='ltr'><strong>οἱ</strong></span> 
     </span>
    </p>
   </div>
   <div class='ocr_carea' id='block_1_102' title="bbox 2360 4643 3957 4723">
    <p class='ocr_par' dir='ltr' id='par_1_102' title="bbox 2360 4643 3957 4723">
     <span class='ocr_line' id='line_1_102' title="bbox 2360 4643 3957 4723; baseline -0.001 -26"><span class='ocrx_word' id='word_1_717' title='bbox 2360 4643 2727 4716; x_wconf 74' lang='grc' dir='ltr'>εῦαγγελὶσταὶ</span> <span class='ocrx_word' id='word_1_718' title='bbox 2794 4648 2917 4698; x_wconf 76' lang='grc' dir='ltr'>ποτε</span> <span class='ocrx_word' id='word_1_719' title='bbox 2987 4650 3076 4718; x_wconf 73' lang='grc' dir='ltr'>μὲν</span> <span class='ocrx_word' id='word_1_720' title='bbox 3140 4646 3389 4723; x_wconf 77' lang='grc' dir='ltr'>ἀκεραίων</span> <span class='ocrx_word' id='word_1_721' title='bbox 3442 4656 3543 4700; x_wconf 86' lang='grc' dir='ltr'><strong>τῶν</strong></span> <span class='ocrx_word' id='word_1_722' title='bbox 3606 4648 3778 4721; x_wconf 83' lang='grc' dir='ltr'>ῥητῶν</span> <span class='ocrx_word' id='word_1_723' title='bbox 3839 4644 3957 4697; x_wconf 87' lang='grc' dir='ltr'>ἀπο-</span> 
     </span>
    </p>
   </div>
   <div class='ocr_carea' id='block_1_103' title="bbox 2359 4734 3952 4809">
    <p class='ocr_par' dir='ltr' id='par_1_103' title="bbox 2359 4734 3952 4809">
     <span class='ocr_line' id='line_1_103' title="bbox 2359 4734 3952 4809; baseline -0.005 -17"><span class='ocrx_word' id='word_1_724' title='bbox 2359 4737 2760 4807; x_wconf 76' lang='grc' dir='ltr'>μνημονεύουσι,</span> <span class='ocrx_word' id='word_1_725' title='bbox 2842 4736 2957 4807; x_wconf 67' lang='grc'><strong>(12)</strong></span> <span class='ocrx_word' id='word_1_726' title='bbox 3028 4740 3151 4789; x_wconf 72' lang='grc' dir='ltr'>ποτε</span> <span class='ocrx_word' id='word_1_727' title='bbox 3223 4734 3301 4806; x_wconf 73' lang='grc' dir='ltr'><strong>δὲ,</strong></span> <span class='ocrx_word' id='word_1_728' title='bbox 3373 4736 3732 4809; x_wconf 78' lang='grc' dir='ltr'>ἐπιτέμνουσιν</span> <span class='ocrx_word' id='word_1_729' title='bbox 3807 4734 3952 4801; x_wconf 74' lang='grc' dir='ltr'>αὐτὰ,</span> 
     </span>
    </p>
   </div>
   <div class='ocr_carea' id='block_1_104' title="bbox 2358 4821 3954 4900">
    <p class='ocr_par' dir='ltr' id='par_1_104' title="bbox 2358 4821 3954 4900">
     <span class='ocr_line' id='line_1_104' title="bbox 2358 4821 3954 4900; baseline -0.003 -23"><span class='ocrx_word' id='word_1_730' title='bbox 2358 4827 2479 4877; x_wconf 75' lang='grc' dir='ltr'>ποτε</span> <span class='ocrx_word' id='word_1_731' title='bbox 2540 4821 2598 4877; x_wconf 73' lang='grc' dir='ltr'><strong>δὲ</strong></span> <span class='ocrx_word' id='word_1_732' title='bbox 2655 4828 2747 4885; x_wconf 80' lang='grc' dir='ltr'><strong>τὴν</strong></span> <span class='ocrx_word' id='word_1_733' title='bbox 2820 4828 2908 4897; x_wconf 77' lang='grc' dir='ltr'>μὲν</span> <span class='ocrx_word' id='word_1_734' title='bbox 2976 4834 3074 4877; x_wconf 87' lang='grc' dir='ltr'><strong>τῶν</strong></span> <span class='ocrx_word' id='word_1_735' title='bbox 3138 4827 3308 4900; x_wconf 80' lang='grc' dir='ltr'>ῥητῶν</span> <span class='ocrx_word' id='word_1_736' title='bbox 3385 4824 3619 4879; x_wconf 73' lang='grc' dir='ltr'>διάνοιαν</span> <span class='ocrx_word' id='word_1_737' title='bbox 3686 4824 3954 4895; x_wconf 82' lang='grc' dir='ltr'>ὀλόκληρον</span> 
     </span>
    </p>
   </div>
   <div class='ocr_carea' id='block_1_105' title="bbox 2364 4910 3957 4991">
    <p class='ocr_par' dir='ltr' id='par_1_105' title="bbox 2364 4910 3957 4991">
     <span class='ocr_line' id='line_1_105' title="bbox 2364 4910 3957 4991; baseline -0.003 -25"><span class='ocrx_word' id='word_1_738' title='bbox 2364 4912 2725 4981; x_wconf 80' lang='grc' dir='ltr'>ἀποσώζουσι,</span> <span class='ocrx_word' id='word_1_739' title='bbox 2783 4914 2942 4977; x_wconf 84' lang='grc' dir='ltr'>λέξεις</span> <span class='ocrx_word' id='word_1_740' title='bbox 3014 4911 3072 4967; x_wconf 76' lang='grc' dir='ltr'><strong>δέ</strong></span> <span class='ocrx_word' id='word_1_741' title='bbox 3128 4934 3271 4978; x_wconf 89' lang='grc' dir='ltr'>τινας</span> <span class='ocrx_word' id='word_1_742' title='bbox 3331 4914 3749 4991; x_wconf 81' lang='grc' dir='ltr'>ἀπαρατηρήτως</span> <span class='ocrx_word' id='word_1_743' title='bbox 3807 4910 3957 4964; x_wconf 78' lang='grc' dir='ltr'>ὑπαλ-</span> 
     </span>
    </p>
   </div>
   <div class='ocr_carea' id='block_1_106' title="bbox 2361 4999 3956 5078">
    <p class='ocr_par' dir='ltr' id='par_1_106' title="bbox 2361 4999 3956 5078">
     <span class='ocr_line' id='line_1_106' title="bbox 2361 4999 3956 5078; baseline -0.003 -23"><span class='ocrx_word' id='word_1_744' title='bbox 2361 5003 2663 5070; x_wconf 87' lang='grc' dir='ltr'>λάττουσιν,</span> <span class='ocrx_word' id='word_1_745' title='bbox 2715 5005 2835 5056; x_wconf 88' lang='grc' dir='ltr'>ὃταν</span> <span class='ocrx_word' id='word_1_746' title='bbox 2867 4999 3017 5058; x_wconf 75' lang='grc' dir='ltr'>οὐδέν</span> <span class='ocrx_word' id='word_1_747' title='bbox 3065 5023 3117 5056; x_wconf 91' lang='grc' dir='ltr'><strong>τι</strong></span> <span class='ocrx_word' id='word_1_748' title='bbox 3163 5003 3339 5077; x_wconf 72' lang='grc' dir='ltr'>μελλοι</span> <span class='ocrx_word' id='word_1_749' title='bbox 3383 5012 3456 5074; x_wconf 81' lang='grc' dir='ltr'><strong>τῷ</strong></span> <span class='ocrx_word' id='word_1_750' title='bbox 3500 5004 3633 5078; x_wconf 81' lang='grc' dir='ltr'>λόγῳ</span> <span class='ocrx_word' id='word_1_751' title='bbox 3681 5010 3832 5058; x_wconf 86' lang='grc' dir='ltr'>τοῦτο</span> <span class='ocrx_word' id='word_1_752' title='bbox 3875 4999 3956 5051; x_wconf 90' lang='grc' dir='ltr'>λυ-</span> 
     </span>
    </p>
   </div>
   <div class='ocr_carea' id='block_1_107' title="bbox 2364 5094 2661 5166">
    <p class='ocr_par' dir='ltr' id='par_1_107' title="bbox 2364 5094 2661 5166">
     <span class='ocr_line' id='line_1_107' title="bbox 2364 5094 2661 5166; baseline 0.01 -20"><span class='ocrx_word' id='word_1_753' title='bbox 2364 5094 2661 5166; x_wconf 87' lang='grc' dir='ltr'>μαίνεσθαι.</span> 
     </span>
    </p>
   </div>
   <div class='ocr_carea' id='block_1_108' title="bbox 1814 5394 2733 5468">
    <p class='ocr_par' dir='ltr' id='par_1_108' title="bbox 1814 5394 2733 5468">
     <span class='ocr_line' id='line_1_108' title="bbox 1814 5394 2733 5468; baseline 0.001 -3"><span class='ocrx_word' id='word_1_754' title='bbox 1814 5394 2042 5465; x_wconf 75' lang='lat' dir='ltr'><strong>Variae</strong></span> <span class='ocrx_word' id='word_1_755' title='bbox 2080 5396 2407 5468; x_wconf 88' lang='lat' dir='ltr'><strong>lectiones</strong></span> <span class='ocrx_word' id='word_1_756' title='bbox 2435 5403 2502 5466; x_wconf 90' lang='lat' dir='ltr'><strong>et</strong></span> <span class='ocrx_word' id='word_1_757' title='bbox 2532 5407 2733 5468; x_wconf 68' lang='lat' dir='ltr'><strong>notae.</strong></span> 
     </span>
    </p>
   </div>
   <div class='ocr_carea' id='block_1_109' title="bbox 580 5548 2248 5706">
    <p class='ocr_par' dir='ltr' id='par_1_109' title="bbox 580 5548 2248 5706">
     <span class='ocr_line' id='line_1_109' title="bbox 580 5548 2248 5706; baseline -0.008 -72"><span class='ocrx_word' id='word_1_758' title='bbox 580 5560 936 5706; x_wconf 50' lang='lat' dir='ltr'><strong>&#39;gagidsaifut</strong></span> <span class='ocrx_word' id='word_1_759' title='bbox 958 5565 1207 5638; x_wconf 89' lang='lat' dir='ltr'><strong>uterque</strong></span> <span class='ocrx_word' id='word_1_760' title='bbox 1234 5565 1423 5623; x_wconf 84' lang='lat' dir='ltr'><strong>codex</strong></span> <span class='ocrx_word' id='word_1_761' title='bbox 1454 5565 1633 5624; x_wconf 87' lang='lat' dir='ltr'><strong>etiam</strong></span> <span class='ocrx_word' id='word_1_762' title='bbox 1673 5566 1727 5623; x_wconf 90' lang='lat' dir='ltr'><strong>in</strong></span> <span class='ocrx_word' id='word_1_763' title='bbox 1768 5568 1949 5635; x_wconf 85' lang='lat' dir='ltr'><strong>textu,</strong></span> <span class='ocrx_word' id='word_1_764' title='bbox 1983 5583 2092 5640; x_wconf 91' lang='lat' dir='ltr'><strong>pro</strong></span> <span class='ocrx_word' id='word_1_765' title='bbox 2122 5568 2248 5625; x_wconf 87' lang='lat' dir='ltr'><strong>vul-</strong></span> 
     </span>
    </p>
   </div>
   <div class='ocr_carea' id='block_1_110' title="bbox 663 5705 1195 5779">
    <p class='ocr_par' dir='ltr' id='par_1_110' title="bbox 663 5705 1195 5779">
     <span class='ocr_line' id='line_1_110' title="bbox 663 5705 1195 5779; baseline 0 -13"><span class='ocrx_word' id='word_1_766' title='bbox 663 5705 782 5779; x_wconf 75' lang='grc' dir='ltr'>(ιο)</span> <span class='ocrx_word' id='word_1_767' title='bbox 814 5708 875 5760; x_wconf 81' lang='grc' dir='ltr'>Δί</span> <span class='ocrx_word' id='word_1_768' title='bbox 888 5706 1106 5765; x_wconf 90' lang='lat' dir='ltr'><strong>omittit</strong></span> <span class='ocrx_word' id='word_1_769' title='bbox 1127 5710 1195 5767; x_wconf 83' lang='lat' dir='ltr'><strong>A.</strong></span> 
     </span>
    </p>
   </div>
   <div class='ocr_carea' id='block_1_111' title="bbox 2430 5565 3403 5713">
    <p class='ocr_par' dir='ltr' id='par_1_111' title="bbox 2430 5565 3403 5713">
     <span class='ocr_line' id='line_1_111' title="bbox 2430 5565 3403 5713; baseline 0.004 -89"><span class='ocrx_word' id='word_1_770' title='bbox 2430 5569 2542 5713; x_wconf 50' lang='lat'><strong>£11)</strong></span> <span class='ocrx_word' id='word_1_771' title='bbox 2584 5565 2863 5623; x_wconf 65' lang='grc' dir='ltr'>Διδάσκειν</span> <span class='ocrx_word' id='word_1_772' title='bbox 2894 5584 3003 5641; x_wconf 88' lang='lat' dir='ltr'><strong>pro</strong></span> <span class='ocrx_word' id='word_1_773' title='bbox 3032 5575 3305 5642; x_wconf 86' lang='grc' dir='ltr'>γινώσκειν</span> <span class='ocrx_word' id='word_1_774' title='bbox 3336 5575 3403 5629; x_wconf 80' lang='grc' dir='ltr'><strong>Α.</strong></span> 
     </span>
     <span class='ocr_line' id='line_1_112' title="bbox 2457 5642 3075 5713; baseline 0.003 -18"><span class='ocrx_word' id='word_1_775' title='bbox 2457 5642 2540 5713; x_wconf 86' lang='grc'><strong>12)</strong></span> <span class='ocrx_word' id='word_1_776' title='bbox 2582 5644 2979 5713; x_wconf 79' lang='grc' dir='ltr'>Μνημονεύουσι</span> <span class='ocrx_word' id='word_1_777' title='bbox 3010 5645 3075 5701; x_wconf 82' lang='grc' dir='ltr'><strong>Α.</strong></span> 
     </span>
    </p>
   </div>
   <div class='ocr_carea' id='block_1_112' title="bbox 2457 5642 3075 5717">
    <p class='ocr_par' dir='ltr' id='par_1_112' title="bbox 2457 5642 3075 5717">
     <span class='ocr_line' id='line_1_113' title="bbox 2457 5642 3075 5717; baseline 0.003 -22"><span class='ocrx_word' id='word_1_778' title='bbox 2457 5642 2540 5713; x_wconf 86' lang='grc'><strong>12)</strong></span> <span class='ocrx_word' id='word_1_779' title='bbox 2582 5648 2694 5700; x_wconf 87' lang='grc' dir='ltr'><strong>Μνη</strong></span> <span class='ocrx_word' id='word_1_780' title='bbox 2701 5644 2916 5717; x_wconf 80' lang='grc' dir='ltr'>μονεύου</span> <span class='ocrx_word' id='word_1_781' title='bbox 2926 5660 2979 5694; x_wconf 88' lang='grc' dir='ltr'><strong>σι</strong></span> <span class='ocrx_word' id='word_1_782' title='bbox 3010 5645 3075 5701; x_wconf 82' lang='grc' dir='ltr'><strong>Α.</strong></span> 
     </span>
    </p>
   </div>
  </div>
