4098 6408
239 403 331 461 185

308 532 463 605 (Κεφ
525 530 627 605 Δ’)
684 538 816 608 Περὶ
884 542 983 596 τῆς
1043 530 1392 597 διδασκαλίας
1442 543 1535 589 τοῦ
1601 543 1858 612 Σωτῆρος.
1897 546 1940 599 A

312 622 439 675 Ἀπὸ
490 626 610 676 τότε
671 655 741 663 -
792 623 1044 699 οὐρανῶν.
1101 633 1264 678 Τοῦτο
1321 628 1422 700 πρὸ
1487 633 1578 679 τοῦ
1636 634 1870 701 Σωτῆρος

255 714 277 765 6
321 713 568 775 Ἰωάννης
622 711 889 788 ἐκήρυξεν.
942 714 1200 789 Ἀρχεται
1246 712 1304 767 δὲ
1350 720 1439 767 καὶ
1470 716 1495 767 6
1539 719 1766 789 Χριστός
1797 715 1869 769 ἐν·

259 806 445 871 mea,
498 804 586 855 ἶνα
646 800 817 877 δείξῃ,
874 804 953 856 ὅτι
1007 810 1281 880 προοίμιον
1335 805 1493 858 αὐτοῦ
1546 804 1868 863 ἧνόἸωάν-

255 914 362 957 vss,
413 897 508 945 καὶ
554 895 637 945 ὁτι
690 893 783 945 οὐκ
837 896 979 946 ἔστιν
1032 894 1182 955 οὗτος
1235 892 1464 956 ἐναντίος
1518 893 1709 967 ἐκείνῳ.
1765 897 1869 951 Καὶ

256 984 353 1057 γὰρ
422 979 536 1035 ἔδει
610 990 812 1055 πρῶτον
889 981 1041 1036 ἄλλον
1098 991 1439 1057 μαρτυρῆσαι
1495 988 1611 1058 περὶ
1685 984 1866 1055 αὐτοῦ,

257 1076 343 1122 καὶ
393 1076 515 1124 τότε
559 1070 717 1124 αὐτόν
774 1072 963 1130 ἐλθεῖν,
1019 1074 1159 1134 Τινὲς
1200 1068 1259 1125 δι
1287 1072 1547 1143 λέγουσιν,
1598 1075 1678 1126 ὃτι
1722 1069 1870 1126 δοκεῖ

254 1164 343 1234 μὲν
391 1163 417 1212 6
468 1163 707 1233 Χριστός
751 1163 819 1213 τὰ
870 1161 1005 1214 αὐτὰ
1041 1170 1113 1233 τῷ
1147 1162 1353 1237 Ἰωάννῃ
1405 1165 1711 1237 κηρύσσειν,
1762 1164 1866 1216 οἷον

254 1253 310 1301 τὸ
368 1250 701 1317 Μετανοεῖτε,
769 1256 859 1303 καὶ
926 1254 985 1304 τό
1042 1251 1292 1323 Ἤγγικεν
1360 1254 1389 1310 ἡ
1460 1251 1705 1325 βασιλεία
1767 1259 1867 1304 τῶν

256 1339 511 1414 οὐρανῶν,
568 1338 663 1391 οὐκ
721 1342 835 1392 ἔστι
891 1337 969 1395 δέ.
1029 1340 1086 1393 Ὀ
1137 1342 1227 1413 μὲν
1288 1343 1387 1417 γὰρ
1440 1341 1692 1413 Ἰωάννης,
1767 1348 1868 1395 Με-

254 1435 503 1493 τανοεῖτε,
565 1428 746 1500 ἔλεγεν,
803 1427 877 1501 ἐφ’
948 1431 1020 1490 οἷς
1085 1432 1423 1504 ἡμαρτήκατε
1456 1450 1469 1463 ⁸
1525 1431 1550 1482 6
1616 1428 1674 1483 δὲ
1740 1438 1867 1506 Χρι-

256 1520 401 1584 στός,
462 1522 794 1587 Μετανοεῖτε,
848 1517 961 1571 ἀντὶ
1004 1526 1115 1585 τοῦ,
1173 1518 1569 1573 Μεταϐάλλεσθε
1618 1518 1718 1572 ἀπὸ
1772 1528 1868 1593 τῆς

254 1607 480 1667 παλαιᾶς
538 1605 627 1659 ἐπὶ
696 1611 791 1665 τήν
848 1613 1056 1667 καινήν,
1121 1614 1223 1662 Καὶ
1275 1611 1577 1683 παράγουσι
1628 1609 1869 1683 μάρτυρα

253 1700 340 1748 τόν
407 1697 647 1769 Μάρκον,
708 1698 997 1769 προσθέντα
1070 1701 1147 1750 τό·
1222 1700 1327 1753 Καὶ
1380 1702 1647 1751 πιστεύετε
1694 1697 1741 1749 ἒν
1794 1705 1866 1767 τῷ

258 1785 579 1857 Enim-7616i.
640 1790 741 1838 Καὶ
812 1786 837 1837 ὁ
891 1789 979 1858 μὲν
1056 1786 1316 1857 Ἰωάννης,
1391 1792 1540 1860 φασὶ,
1594 1786 1867 1861 βασιλείαν

262 1874 509 1946 οὐρανῶν,
588 1877 674 1925 τὸν
741 1878 974 1949 Χριστόν
1051 1876 1332 1943 ὠνόμασεν·
1403 1878 1429 1929 ό
1502 1874 1561 1929 δε
1638 1880 1869 1951 Χριστός

263 1968 358 2020 τήν
418 1962 657 2037 οὐράνιον
737 1968 826 2015 καὶ
898 1962 1178 2036 ἀγγελικὴν
1243 1970 1524 2032 πολιτείαν,
1596 1965 1655 2024 ἣν
1713 1965 1870 2028 αὑτός

256 2051 431 2124 ἔμελλε
526 2053 835 2123 νομοθετεῖν,
933 2057 1002 2117 ὡς
1081 2060 1482 2129 προειρήκαμεν.
1562 2054 1620 2107 Ὀ
1695 2059 1869 2127 μέντοι

252 2144 497 2215 Μάρκος,
559 2142 671 2192 ἀντὶ
745 2148 838 2193 τοῦ
916 2142 1162 2195 Βασιλεία
1218 2151 1317 2195 τῶν
1374 2144 1623 2216 οὐρανῶν,
1664 2143 1721 2195 Ἣ
1773 2143 1870 2217 βα-

256 2228 433 2281 σιλεία
491 2237 582 2280 τοῦ
631 2234 758 2282 Θεοῦ
812 2228 937 2283 εἷπε.
995 2236 1094 2284 Καὶ
1143 2239 1333 2284 νοεῖται
1381 2235 1476 2301 ἔτι,
1528 2234 1605 2287 ὅτι
1654 2236 1869 2305 ἤγγικεν

252 2320 282 2375 ἡ
334 2316 589 2389 βασιλεία
638 2326 730 2371 τοῦ
780 2327 933 2390 Θεοῦ,
993 2321 1074 2371 ἵνα
1117 2318 1408 2394 βασιλεύσῃ
1459 2330 1556 2373 τῶν
1600 2325 1869 2375 πιστευόν-

253 2427 378 2458 των.
432 2414 549 2459 Τῶν
594 2410 682 2479 μὲν
752 2411 854 2480 γὰρ
928 2406 1159 2462 ἀπίστων
1219 2412 1372 2482 φύσει
1432 2409 1547 2463 ἐστὶ
1621 2409 1872 2483 βασιλεὺς

253 2499 279 2547 6
329 2498 456 2557 Υἱός
508 2498 623 2566 (l3)
679 2501 768 2549 καὶ
814 2502 983 2569 Λόγος
1024 2516 1036 2528 ·

256 2589 414 2656 φύσει
484 2590 576 2637 καὶ
632 2590 953 2660 προαιρέσει,
1009 2586 1261 2650 ἑκουσίως
1331 2583 1628 2661 δεχομένων
1676 2593 1734 2642 τό
1783 2591 1869 2644 ὑπ’

256 2674 419 2726 αὑτοῦ
460 2672 838 2747 βασιλεύεσθαι
851 2720 864 2732 .

1080 2507 1177 2550 τῶν
1240 2495 1299 2551 δε
1348 2504 1716 2566 πιστευόντων,
1782 2506 1873 2553 καὶ

332 2769 644 2837 Περιπατῶν
701 2795 770 2805 -
824 2764 979 2835 αὐτῷ.
1037 2767 1302 2826 Ματθαῖος
1357 2768 1446 2839 μὲν
1503 2766 1724 2820 ἐνταῦθά
1778 2789 1870 2842 φη-

260 2872 367 2921 σιν,
422 2854 503 2904 ὅτι
543 2854 675 2924 μετὰ
719 2856 776 2904 τὸ
824 2850 1194 2926 παραδοθῆναι
1250 2858 1337 2907 τόν
1386 2856 1623 2915 Ἰωάννην
1658 2856 1871 2916 ἠκολού-

258 2943 433 2997 θησαν
473 2942 617 2994 οὗτοι
670 2950 742 2993 τῶ
782 2942 956 3000 Ἰησοῦ
996 2961 1009 2973 ο
1061 2944 1086 2994 6
1137 2940 1186 2996 δ’
1229 2944 1600 3016 εὐαγγελιστὴς
1632 2946 1873 3009 Ἰωάννης

258 3030 475 3102 μᾶλλον,
507 3032 589 3082 ὅτι
631 3034 733 3104 πρὸ
774 3039 866 3084 τοῦ
897 3028 1284 3106 παραδοθῆναι.
1330 3038 1431 3086 Καὶ
1461 3036 1729 3097 Ματθαῖος
1781 3039 1871 3109 μὲν

1754 3123 1871 3180 66“:

255 3209 524 3276 Ἰωάννης,
585 3211 668 3262 ὅτι
723 3214 809 3263 τόν
860 3214 951 3283 μὲν
1014 3207 1281 3285 Ἀνδρέαν,
1329 3214 1355 3264 ὁ
1410 3213 1639 3283 Ἰησοῦς,
1671 3218 1755 3268 τόν
1812 3212 1872 3269 δε

257 3304 476 3372 Πέτρον,
534 3300 560 3350 6
638 3296 903 3373 Ἀνδρέας.
972 3298 1123 3353 Ὀθεν
1190 3304 1422 3376 φανερόν,
1501 3304 1581 3356 ὅτι
1656 3299 1872 3381 δευτέρα

254 3390 390 3446 αὕτη
447 3391 479 3446 ἠ
543 3388 731 3451 κλῆσις
780 3390 862 3447 ἦν.
912 3394 1013 3443 Καὶ
1064 3392 1166 3463 γὰρ
1222 3389 1662 3454 ἀκολουθήσαντες
1706 3394 1866 3465 αὐτῷ,

257 3118 418 3186 εἶπεν,
455 3123 538 3173 ὅτι
588 3125 676 3173 καὶ
727 3120 1045 3197 ἀμφοτέρους
1094 3124 1119 3174 6
1174 3122 1377 3184 Ἰησοῦς
1426 3122 1660 3178 ἐκάλεσεν
1694 3143 1707 3155 ο

250 3484 356 3551 πρό
396 3485 495 3530 τοῦ
538 3474 908 3552 παραδοθῆναι
954 3482 1041 3531 τόν
1089 3478 1350 3546 Ἰωάννην,
1386 3480 1668 3540 ἐπανῆλθον
1714 3483 1868 3537 πάλιν

252 3568 321 3627 εἰς
354 3572 445 3625 τήν
482 3564 625 3619 ἰδίαν
663 3564 919 3641 πατρίδα,
953 3572 1043 3619 καὶ
1090 3573 1182 3626 τὴν
1230 3574 1483 3645 προτέραν
1532 3575 1722 3642 τέχνην
1752 3592 1869 3644 μετ-

252 3657 608 3731 εχειρίζοντο,
664 3657 751 3709 ἅτε
802 3660 889 3708 τόν
947 3661 1036 3730 μὲν
1095 3659 1333 3717 Ἰωάννην
1385 3655 1582 3721 ἰδόντες
1634 3659 1869 3735 παραδο-

255 3748 426 3811 θέντα,
492 3749 580 3797 τόν
648 3742 707 3798 δε
758 3747 967 3804 Ἰησοῦν
1026 3745 1469 3819 ἀναχωρήσαντα.
1529 3754 1726 3803 Λοιπὸν
1780 3748 1867 3803 οὖν

250 3837 277 3886 6
329 3838 589 3909 Χριστός,
628 3831 805 3897 ἐνδοὺς
854 3835 1034 3897 αὐτοῖς
1084 3839 1141 3888 τό
1192 3846 1413 3912 πρῶτον,
1448 3840 1661 3911 ἔρχεται
1714 3841 1867 3894 πάλιν

249 3924 681 3996 ἁνακτησόμενος
727 3929 817 3976 καὶ
861 3924 1051 3978 κελεύει
1105 3924 1421 3992 ἀκολουθεῖν,
1478 3929 1578 3990 ἵνα,
1632 3927 1740 3980 ἀνθ’
1799 3930 1866 3980 ὧν

250 4012 403 4086 εἶχον
461 4010 713 4079 δικτύων,
771 4013 1013 4076 λαϐόντες
1081 4015 1199 4090 παρ’
1260 4015 1422 4067 αὐτοῦ
1488 4021 1583 4074 τήν
1651 4016 1865 4089 λογικὴν

251 4110 520 4175 σαγήνην,
570 4108 661 4155 καὶ
710 4101 981 4177 βάλλοντες
1025 4104 1095 4166 εἰς
1134 4108 1223 4163 τήν
1275 4104 1542 4158 θάλασσαν
1579 4113 1669 4159 τοῦ
1719 4106 1862 4180 βίου,

250 4199 376 4257 τοὺς
425 4192 736 4267 ἀνθρώπους
784 4193 897 4265 (14)
939 4195 1285 4267 θηρεύσωσιν,
1333 4193 1448 4247 ἀντὶ
1496 4204 1594 4248 τῶν
1641 4196 1863 4268 ἰχθύων.

250 4289 442 4336 Σκόπει
528 4279 610 4350 δὲ,
687 4291 791 4343 πῶς
858 4281 1041 4345 εὐθέως
1102 4284 1429 4352 ὑπήκουσαν,
1499 4290 1587 4338 καὶ
1662 4284 1864 4359 ἀφῆκαν

249 4372 284 4425 ἆ
316 4372 492 4446 εἶχον,
524 4368 693 4445 μηδέν
736 4392 784 4424 τι
831 4376 1305 4447 προφασισάμενοι.
1356 4379 1457 4427 Καὶ
1494 4377 1595 4450 γὰρ
1646 4375 1810 4439 οὕτως
1838 4378 1864 4429 6

250 4466 491 4537 Χριστός
550 4460 816 4534 βούλεται,
870 4466 1063 4523 παντὸς
1132 4461 1417 4535 ἀναγκαίου
1492 4469 1747 4537 προτιμᾴν
1804 4468 1862 4516 τό

247 4552 560 4605 ἀκολουθεῖν
615 4550 771 4621 αὐτῷ.
814 4558 965 4605 Δεῦτε
1017 4548 1098 4618 δὲ,
1156 4551 1322 4605 ὀπίσω
1372 4572 1495 4626 μου,
1556 4549 1712 4619 εἶπεν,
1752 4552 1863 4606 ἀντὶ

246 4650 364 4707 τοῦ,
402 4640 629 4695 Ἀκολου
638 4641 697 4697 θή
708 4642 830 4692 σάτέ
859 4660 967 4713 μοι.

321 4727 603 4805 [Ἀδελφοὶ
656 4730 767 4800 (15)
820 4726 937 4795 δύο,
994 4733 1242 4802 γεγόνασι
1304 4736 1483 4805 πρώτη
1546 4731 1736 4793 κλῆσις
1792 4740 1864 4803 τῷ

244 4828 499 4895 Χριστῷ,
553 4814 868 4870 διδάσκοντι
917 4822 1008 4871 καὶ
1070 4815 1165 4871 διὰ
1228 4821 1414 4871 τούτου
1466 4824 1522 4872 τὸ
1578 4824 1862 4894 προσήκειν

247 4908 547 4982 aeneae;
607 4906 990 4977 πολιτεύεσθαι,
1050 4912 1139 4961 καὶ
1198 4904 1398 4983 ἀδελφὰ
1469 4914 1688 4984 φρονεῖν,
1743 4913 1863 4972 τοὺς

244 5001 704 5072 μαθητευομένους
730 4998 890 5070 αὐτῷ.
921 4997 940 5068 ]

318 5179 366 5215 ⁷⁸
396 5179 576 5237 Marc.
608 5192 648 5245 ι,
689 5179 769 5235 15.
845 5175 896 5212 ⁷⁸
924 5174 1074 5235 Ibid.
1150 5174 1197 5214 ⁷⁷
1228 5177 1415 5238 Joan;
1436 5193 1477 5246 1,
1510 5180 1577 5235 35
1606 5176 1767 5251 seqq.
1828 5176 1833 5179 “

1250 407 1626 469 COMMENT.
1667 408 1739 465 IN
1779 409 2231 470 MATTHAEUM.
2270 442 2338 453 -
2370 411 2534 470 CAP.
2575 408 2669 469 IV.

1901 3268 1943 3324 C

1956 3748 2219 3819 quidem
2283 3750 2567 3805 traditum
2611 3765 2764 3816 esse,

3530 410 3637 469 186

2324 537 2501 610 (CAP.
2534 538 2649 611 IV.)
2676 539 2761 596 De
2785 539 3051 595 doctrina
3087 538 3331 596 Christi.

2051 629 2212 683 Vers.
2252 632 2333 681 l7.
2362 628 2456 683 Ea:
2481 643 2540 683 eo
2586 634 2847 697 tempore
2871 660 2938 669 —
2980 631 3286 685 caelorum.
3323 629 3453 684 Haec
3499 636 3637 685 ante

1978 715 2334 772 Salvatorem
2348 718 2612 774 Joannes
2630 718 2991 789 praedicavit.
3011 718 3430 790 Incipitautem
3454 718 3636 774 etiam

1977 805 2115 861 inde
2140 806 2425 872 Christus,
2465 810 2528 863 ut
2555 807 2829 863 ostendat
2857 807 3218 881 principium
3253 824 3428 863 suum
3457 807 3640 864 fuisse

1977 896 2292 961 Joannem,
2344 900 2401 952 et
2456 912 2847 968 nequaquam
2930 897 3010 952 illi
3072 897 3427 953 contrarium
3483 913 3635 952 esse.

1979 986 2185 1056 Operm
2213 985 2469 1057 pretium
2495 988 2653 1041 enim
2686 990 2830 1052 erat,
2881 992 2942 1041 ut
2971 986 3223 1058 primum
3257 985 3407 1042 alius
3434 987 3507 1042 de
3566 1002 3636 1043 eo

1976 1073 2152 1130 ferret
2192 1074 2617 1140 testimonium,
2651 1078 2704 1131 et
2748 1079 2883 1130 tunc
2916 1075 3134 1131 veniret
3186 1076 3327 1148 ipse.
3385 1075 3639 1141 Quidam

1977 1167 2173 1220 autem
2236 1162 2458 1229 dicunt,
2512 1163 2697 1219 videri
2754 1164 2996 1236 quidem
3057 1164 3271 1220 eadem
3313 1164 3637 1236 praedicare

1978 1252 2291 1317 Christum,
2314 1267 2445 1324 quae
2480 1254 2751 1317 Joannes,
2773 1257 2918 1325 puta
2951 1269 2963 1307 :
2992 1253 3341 1323 Resipiscite,
3377 1260 3433 1309 et
3464 1253 3639 1309 instat

1976 1357 2216 1412 regnum
2267 1342 2559 1407 calorum,
2621 1356 2742 1396 non
2798 1347 2998 1398 tamen
3062 1342 3143 1397 ita
3178 1358 3325 1397 esse.
3371 1342 3635 1398 Joannes

1974 1428 2275 1501 siquidem
2324 1430 2470 1486 dixit
2511 1449 2522 1485 :
2582 1430 2947 1502 Resipiscite,
2996 1436 3233 1503 propter
3281 1437 3526 1504 peccata
3578 1432 3639 1487 in

1974 1518 2196 1592 quibus
2227 1519 2572 1576 offendistis.
2632 1520 2895 1577 Christus
2940 1536 3075 1593 vero
3107 1538 3119 1575 :
3151 1520 3513 1592 Resipiscite,
3577 1523 3642 1575 ut

1976 1609 2274 1665 transferri
2306 1609 2653 1665 mereamini
2692 1624 2729 1666 a
2766 1610 2945 1665 veteri
2999 1611 3374 1666 Testamento
3424 1610 3531 1683 (ee)
3580 1609 3639 1663 in

1976 1714 2218 1753 novum.
2254 1701 2316 1753 Et
2342 1701 2601 1754 Marcum
2634 1715 2742 1771 pro
2770 1703 2914 1755 teste
2947 1699 3275 1765 adducunt,
3303 1700 3404 1773 qui
3443 1699 3639 1754 addit:

1978 1787 2051 1841 Et
2105 1789 2322 1843 credite
2372 1788 2703 1858 Evangelia
2750 1789 2820 1844 ⁷⁵.
2875 1791 2939 1843 Et
3006 1789 3286 1853 Joannes,
3340 1789 3637 1861 inquiunt,

1902 1910 1944 1964 Β
1980 1874 2274 1931 Christum
2292 1877 2525 1932 vocavit
2555 1892 2797 1947 regnum
2822 1878 3115 1934 calorum.
3143 1877 3414 1933 Christus
3440 1882 3640 1933 autem

1980 1964 2735 2038 caelestemangelicamque
2752 1966 3042 2038 politiam,
3076 1983 3258 2038 quam
3290 1966 3415 2038 ipse
3443 1966 3640 2022 condi-

1983 2059 2148 2110 turus
2181 2060 2322 2119 erat,
2359 2060 2419 2110 ut
2449 2056 3099 2126 praediximusMarcus
3129 2060 3273 2111 Sane
3301 2072 3408 2128 pro
3450 2056 3641 2127 Regna

1981 2144 2254 2199 caelorum
2282 2144 2441 2208 dixit,
2470 2146 2726 2216 Regnum
2759 2144 2862 2199 Dei
2885 2146 2953 2180 ⁷⁵·
2986 2145 3331 2215 Intelligitur
3356 2149 3643 2216 praeterea

1979 2248 2231 2303 regnum
2260 2233 2361 2289 Dei
2403 2234 2640 2297 instare,
2693 2238 2757 2290 ut
2819 2250 2998 2305 super
3056 2236 3366 2290 credentes
3414 2239 3636 2303 regnet.

1983 2322 2284 2394 Siquidem
2319 2322 2762 2379 incredulorum
2801 2328 3014 2379 natura
3046 2322 3167 2378 Rex
3200 2330 3285 2379 est
3316 2322 3488 2378 Filius
3540 2323 3640 2378 Dei

1980 2415 2037 2466 et
2066 2409 2348 2475 Verbum,
2378 2411 2742 2466 credentium
2773 2426 2915 2466 vero
2944 2414 3194 2482 utroque
3210 2414 3405 2474 modo,
3434 2414 3640 2466 natura

1980 2499 2253 2556 videlicet
2279 2504 2336 2555 et
2362 2499 2688 2565 voluntate,
2716 2517 2851 2555 cum
2879 2506 3084 2572 sponte
3140 2500 3637 2571 gubernationem

1982 2590 2111 2661 ejus
2152 2589 2505 2662 suscipiant.
2820 2598 2826 2602 '

2057 2769 2219 2828 Vers.
2257 2774 2339 2826 18.
2372 2770 2692 2827 Ambulans
2723 2803 2791 2811 —
2832 2771 2901 2827 V.
2941 2775 3028 2828 20.
3086 2771 3250 2827 Eum.
3302 2772 3641 2827 Matthaeeus

1982 2858 2226 2929 quidem
2254 2860 2314 2914 in
2343 2859 2454 2915 hoc
2484 2858 2613 2915 loco
2662 2859 2827 2926 dicit,
2878 2866 3195 2932 postquam
3249 2861 3498 2917 traditus
3554 2866 3640 2917 est

1980 2948 2241 3004 Joannes
2298 2950 2409 3005 hos
2452 2966 2579 3004 esse
2615 2949 2913 3005 Christum
2966 2956 3215 3005 secutos.
3270 2950 3643 3021 Evangelista

1981 3052 2122 3093 vero
2148 3036 2432 3105 Joannes,
2460 3038 2623 3110 quod
2646 3038 2835 3108 potius
2862 3044 3178 3110 antequam
3210 3038 3540 3094 traderetur
3568 3040 3637 3092 7".

1982 3126 2268 3183 Praeterea
2298 3126 2602 3183 Matthaaus
2617 3126 2824 3182 asserit
2853 3126 3366 3199 simulutrumque
3391 3143 3642 3183 vocasse

1979 3216 2180 3270 Jesum
2217 3231 2230 3281 ;
2263 3216 2523 3271 Joannes
2554 3220 2774 3280 autem,
2834 3214 2999 3287 quod
3048 3215 3349 3271 Andream
3399 3216 3636 3286 quidem

1978 3306 2165 3370 Jesus,
2184 3305 2411 3359 Petrum
2436 3319 2576 3360 vero
2602 3303 2867 3360 Andreas
2892 3305 3209 3362 vocaverit.
3253 3304 3417 3360 Unde
3450 3304 3635 3359 mani-

1981 3393 2194 3449 festum
2227 3393 2491 3449 esthanc
2512 3393 2840 3449 secundam
2883 3392 3062 3448 fuisse
3096 3393 3491 3449 vocationem.
3544 3396 3632 3450 Et-

1980 3483 2137 3539 enim
2164 3499 2301 3538 cum
2331 3499 2467 3538 eum
2489 3483 2673 3539 secuti
2705 3482 2953 3539 fuissent
2979 3488 3113 3539 ante
3158 3484 3405 3539 Joannis
3452 3483 3634 3539 tradi-

1979 3573 2222 3635 tionem,
2257 3586 2493 3626 rursum
2514 3572 2583 3626 ad
2599 3572 2854 3643 patriam
2875 3572 3095 3627 reversi
3126 3577 3285 3641 sunt,
3325 3577 3636 3644 artemque

1977 3660 2237 3731 priorem
2293 3668 2681 3717 exercuerunt
2716 3677 2728 3716 :
2759 3666 2964 3733 utpote
3015 3661 3283 3717 videntes
3343 3664 3636 3717 Joannem

2843 3750 2873 3802 J
2878 3766 3047 3805 esum
3096 3766 3240 3806 vero
3285 3751 3601 3807 secessisse
3615 3795 3627 3807 .

1977 3837 2363 3893 Postmodum
2418 3839 2598 3908 igitur
2650 3838 2938 3905 Christus,
2984 3839 3246 3911 primum
3279 3839 3362 3894 eis
3414 3839 3637 3895 factum

1977 3929 2313 3999 ignoscens,
2346 3928 2502 3983 venit
2534 3934 2598 3983 ut
2635 3943 2878 3983 rursum
2911 3943 3012 3983 eos
3036 3934 3348 4001 recuperet
3378 3946 3390 3985 :
3434 3930 3636 4000 jubet-

1977 4033 2094 4090 que
2131 4022 2191 4073 ut
2216 4024 2559 4089 sequantur,
2586 4023 2642 4073 et
2667 4033 2774 4090 pro
2806 4017 3030 4072 retibus
3063 4035 3192 4090 quae
3219 4019 3632 4090 possidebant,

1976 4112 2217 4161 sumant
2246 4107 2324 4161 ab
2377 4123 2447 4162 eo
2499 4106 2855 4162 rationalem
2910 4122 3194 4178 sagenam
3231 4113 3335 4163 :et‘
3355 4107 3413 4162 in
3470 4123 3636 4163 mare

1978 4195 2176 4250 saeculi
2208 4196 2529 4261 mittentes,
2560 4212 2669 4268 pro
2692 4196 2957 4267 piscibus
2986 4196 3262 4251 homines
3282 4196 3539 4267 capiant.
3558 4199 3638 4261 Et

1974 4283 2106 4339 vide
2137 4286 2448 4357 quomodo
2473 4285 2695 4354 statim,
2724 4284 2814 4340 his
2845 4300 2979 4357 quae
3010 4285 3393 4357 possidebant
3417 4285 3633 4341 relictis

1975 4372 2351 4441 obedierunt,
2384 4375 2529 4430 nihil
2571 4374 3045 4444 tergiversantes.
3100 4374 3184 4430 Ita
3230 4389 3450 4445 nempe
3503 4375 3634 4432 vult

1975 4464 2269 4529 Christus,
2304 4469 2366 4519 ut
2414 4463 2604 4519 cuivis
2661 4463 2993 4519 necessitati
3057 4479 3202 4518 suus
3247 4469 3635 4536 praeponatur

1974 4552 2382 4625 discipulatus.
2406 4553 2557 4608 Dixit
2583 4557 2775 4608 autem
2804 4568 2816 4606 :
2859 4553 3059 4609 Venite
3081 4558 3213 4621 post
3248 4568 3359 4618 me,
3391 4552 3506 4609 hoc
3528 4560 3628 4621 est,

1897 4623 1943 4679 D
1975 4623 2301 4714 Sequimini
2330 4658 2444 4697 me.

2049 4733 2277 4787 Fratres
2304 4730 2559 4795 fuerunt,
2596 4731 2697 4803 qui
2749 4731 3012 4803 primum
3040 4746 3076 4785 a
3105 4730 3336 4786 Christo
3382 4730 3632 4788 docente

1974 4821 2171 4876 vocati
2187 4826 2355 4876 sunt:
2380 4826 2504 4875 tum
2532 4821 2674 4892 quia
2700 4820 2841 4876 hu1c
2866 4820 3143 4876 convenit
3161 4818 3416 4876 fraterno
3451 4821 3633 4877 modo

1976 4909 2337 4980 gubernare:
2358 4914 2479 4965 tum
2504 4910 2648 4982 quia
2660 4908 2922 4967 fraterno
2935 4909 3114 4966 modo
3138 4924 3342 4982 sapere
3356 4915 3631 4983 oporteat

1953 5014 2078 5056 .eos
2109 4999 2213 5073 qui
2239 4998 2318 5056 ab
2343 4999 2476 5072 ipso
2516 4999 2825 5057 docentur.

1480 5303 1709 5376 Varias
1740 5303 2070 5374 lectiones
2118 5312 2186 5373 et
2214 5313 2420 5375 notae.

342 5482 426 5549 l3)
469 5481 575 5534 Kal
606 5479 788 5549 Λόγος
813 5474 839 5527 6
864 5474 1007 5536 Υἱός.
1057 5480 1119 5529 Δ.

342 5484 401 5538 l3
469 5482 575 5534 Καὶ
606 5482 788 5549 Λόγος
813 5482 839 5527 6
864 5482 900 5530 Υ

314 5482 426 5627 ίίὸ
463 5553 800 5626 Θηρεύωσιν.
843 5552 900 5603 Β.

1962 5460 1963 5463 “
2039 5474 2153 5547 (15)
2196 5474 2434 5533 Inclusa
2462 5474 2524 5531 in
2552 5473 2824 5545 margine
2847 5472 3033 5531 habet
3058 5472 3132 5531 A.

305 5688 403 5759 (ee)
441 5672 1007 5759 Testamentaﬂix
1030 5664 1256 5759 puten‘},
1290 5673 1564 5759 Itaque;
1584 5676 1889 5746 repertum
1914 5687 2050 5731 esse
2080 5672 2159 5730 ab
2199 5670 2485 5731 Hentenio
2510 5670 2574 5728 in
2603 5669 2823 5728 codice.
2857 5669 3053 5728 Malim
3095 5667 3377 5743 equidem
3406 5668 3620 5727 intelli-

235 5742 363 5831 gere
378 5742 683 5822 πολιτείας,
715 5744 896 5822 quod
920 5742 1103 5817 paulo
1146 5742 1386 5803 inferius
1422 5744 1656 5818 legitur.
