4098 6390
536 346 640 402 187

610 470 778 528 Vers.
809 474 898 526 2t.
936 470 1013 526 Et
1041 487 1391 543 progressus
1421 502 1487 511 ——
1518 471 1585 525 V.
1630 474 1718 525 22.
1763 470 1939 526 Eum.
1973 470 2196 524 Horum
2228 469 2275 522 Α

539 578 776 634 quoque
806 560 986 617 ﬁdem
1016 561 1262 626 intuere,
1292 577 1414 633 qua
1445 564 1677 632 patrem
1709 559 1889 617 etiam
1916 559 2195 631 despexe-

538 655 693 706 runt.
720 654 967 706 Necesse
1000 650 1159 705 enim
1206 655 1291 706 est
1320 650 1666 723 parentibus
1698 665 1942 722 quoque
1973 665 2196 720 praepo-

538 755 677 795 nere
715 740 1031 795 Christum.
1067 743 1263 812 Neque
1316 756 1503 812 parva
1532 738 1761 795 virtutis
1794 738 2068 810 ipsorum
2099 737 2197 793 de-

537 829 887 885 monstratio
927 835 1032 899 est,
1066 830 1231 901 quod
1269 834 1683 902 paupertatem
1717 828 1868 886 adeo
1899 828 2066 883 facile
2110 833 2197 884 tu-

536 917 727 985 lerint,
762 934 831 973 ac
858 918 1114 991 propriis
1145 918 1425 975 manibus
1456 919 1679 974 victum
1722 918 2086 991 quaesierint,
2142 920 2198 973 et

536 1011 737 1063 mutuo
760 1006 905 1062 inter
928 1024 987 1063 se
1016 1024 1219 1064 amore
1246 1008 1503 1078 colligati
1526 1008 1765 1077 fuerint,
1797 1012 2027 1080 patrem
2054 1022 2194 1080 quo-

536 1113 654 1169 que
680 1112 802 1153 una
832 1112 1035 1152 secum
1061 1096 1397 1161 habuerint,
1429 1097 1632 1170 illique
1661 1096 2047 1153 inservierint.
2091 1097 2197 1152 Ve-

535 1185 770 1241 risimile
808 1189 896 1241 est
922 1191 1141 1252 autem,
1184 1186 1423 1243 audisse
1468 1203 1570 1243 eos
1612 1203 1646 1243 a
1675 1187 1841 1243 Petro
1864 1186 2192 1251 etAndrea,

536 1275 885 1348 promisisse
909 1275 1231 1344 Christum,
1271 1276 1431 1350 quod
1464 1281 1775 1349 sequentes
1809 1291 1891 1343 se,
1925 1275 2198 1332 redderet

535 1364 854 1421 hominum
885 1364 1231 1437 piscatores.

606 1455 767 1510 Vers.
828 1458 915 1509 23.
946 1455 1117 1509 Ει-
1144 1456 1447 1527 synagogis
1480 1470 1701 1512 eorum.
1756 1455 1821 1511 In
1878 1454 2196 1528 synagogis

536 1559 747 1600 eorum
773 1543 1029 1599 docebat
1064 1561 1074 1599 :
1100 1546 1316 1617 partim
1348 1545 1589 1618 quidem
1622 1550 1681 1600 ut
1709 1545 1909 1617 plures
1943 1544 2191 1601 attrahe-

536 1636 638 1698 ret,
664 1635 879 1703 partim
907 1649 1043 1688 vero
1066 1649 1140 1688 ne
1163 1633 1300 1705 quis
1347 1634 1541 1690 dicere
1573 1638 1788 1706 posset,
1823 1635 1985 1707 quod
2015 1634 2193 1689 rudes

536 1721 809 1779 clanculo
836 1721 1057 1777 docens
1076 1722 1381 1793 deciperet,
1404 1723 1599 1795 palam
1620 1739 1738 1778 non
1755 1740 1937 1779 ausus
1953 1723 2187 1780 docere.

608 1811 767 1867 Vers.
815 1816 900 1867 23.
939 1812 1013 1866 Et
1060 1813 1377 1883 praedicans
1425 1844 1485 1853 —-
1532 1814 1717 1883 regni.
1772 1816 2000 1869 Marcus
2054 1829 2189 1869 vero
2225 1844 2272 1899 Β

534 1900 769 1973 scripsit
803 1922 814 1954 :
840 1901 1020 1972 Regni
1041 1902 1230 1956 Dei”.
1261 1902 1358 1957 Est
1383 1906 1582 1957 autem
1613 1902 1992 1971 Evangelium
2022 1903 2189 1972 regni

533 1990 655 2057 Dei,
689 1993 918 2045 Novum
971 1993 1435 2058 Testamentum,
1491 1995 1689 2062 utpote
1739 1992 1812 2047 de
1861 2007 2045 2063 regno
2090 1992 2191 2049 Dei

531 2079 873 2151 disputans,
906 2084 1008 2136 aut
1030 2079 1107 2136 ad
1136 2096 1387 2152 regnum
1429 2080 1550 2147 Dei,
1583 2080 1697 2153 ipsi
1727 2080 2074 2138 obedientes
2106 2081 2191 2137 in-

530 2168 775 2224 ducens.

602 2346 767 2401 Vers.
802 2345 889 2401 23.
922 2346 999 2399 Et
1029 2376 1096 2385 -—
1126 2347 1364 2416 populo.
1422 2351 1593 2410 Νόσος
1622 2348 1868 2421 quidem
1904 2349 2035 2421 (pro
2065 2364 2187 2422 quo

530 2451 640 2491 nos
666 2434 934 2492 morbum
971 2435 1280 2507 vertimus)
1312 2441 1401 2492 est
1430 2437 1661 2495 diutina
1686 2439 1987 2511 perversio
2018 2439 2186 2496 habi-

528 2525 752 2581 tudinis
805 2524 1123 2597 corporis:
1174 2526 1423 2578 Μαλακία
1478 2544 1620 2583 vero
1672 2530 1880 2600 (quam
1924 2528 2186 2585 diximus

527 2613 906 2685 languorem)
960 2614 1325 2686 principium
1384 2622 1476 2673 est
1525 2617 1839 2674 laxationis
1893 2618 2179 2691 corporis,

528 2701 723 2758 morbi
755 2703 1113 2774 praenuntia.
1148 2706 1214 2759 Et
1264 2705 1326 2760 in
1378 2722 1627 2779 corpore
1674 2723 1817 2763 sane
1869 2707 1950 2765 ita
1982 2712 2091 2766 est.
2122 2710 2186 2765 In

530 2794 736 2848 anima
758 2796 957 2847 autem
985 2792 1234 2849 morbus
1260 2796 1500 2865 quidem
1553 2801 1640 2853 est
1692 2798 1918 2869 peccati
1972 2803 2137 2854 actus
2167 2816 2180 2852 :

522 2881 782 2953 languor
806 2898 944 2938 vero
974 2882 1243 2940 inductio
1293 2885 1663 2956 cogitationis
1696 2886 1774 2943 ad
1832 2892 2000 2943 actus
2047 2903 2185 2944 con-

524 2987 781 3029 sensum.

596 3064 753 3118 Vers.
778 3064 867 3117 24.
889 3062 1209 3133 Divulgata
1232 3095 1299 3105 ——
1312 3066 1570 3135 Syriam.
1592 3068 1972 3123 Marcusvero
1988 3066 2139 3123 dixit
2165 3085 2178 3123 :

521 3152 730 3208 Exivi!
748 3158 939 3208 autem
954 3168 1159 3208 rumor
1174 3153 1246 3209 de
1266 3169 1329 3210 eo
1343 3156 1403 3209 in
1423 3162 1603 3212 totam
1627 3156 2181 3228 undiqueregionem

524 3242 793 3299 Galilcece
811 3243 1128 3311 ﬁnitimam
1152 3244 1221 3296 79.
1243 3242 1431 3299 Lucas
1456 3260 1599 3301 vero
1630 3261 1641 3300 :
1674 3246 1751 3300 Et
1773 3245 2184 3316 egrediebatur

519 3347 697 3388 sonus
725 3331 798 3387 de
820 3348 884 3387 eo
931 3333 995 3387 in
1027 3348 1254 3389 omnem
1284 3333 1467 3389 locum
1508 3334 1771 3404 ﬁnitima:
1817 3336 2064 3406 regionis
2111 3336 2178 3392 ⁸ο.

520 3423 744 3477 Rumor
774 3426 973 3476 autem
1024 3427 1079 3476 et
1128 3437 1313 3477 sonus
1363 3423 1702 3493 signiﬁcant
1745 3424 1973 3481 famam
2029 3426 2177 3495 ejus.

520 3512 807 3565 Praeterea
837 3526 1012 3581 quam
1052 3510 1200 3565 dixit
1236 3511 1540 3567 Matthteus
1582 3512 1836 3583 Syriam,
1865 3512 2021 3569 hanc
2075 3529 2182 3569 cae-

517 3599 624 3656 teri
676 3598 924 3655 Galilaeae
969 3597 1289 3656 ﬁnitimam
1342 3601 1649 3671 regionem
1712 3602 2177 3673 appellaverunt.

513 3688 851 3744 Dimanavit
880 3691 1081 3745 autem
1112 3690 1186 3745 de
1214 3706 1283 3745 eo
1315 3689 1497 3755 fama,
1529 3691 1690 3764 quod
1755 3691 1896 3748 talia
1944 3692 2183 3751 doceret

516 3776 719 3850 qualia
766 3792 1081 3849 nunquam
1115 3777 1503 3845 audivissent,
1556 3785 1611 3837 et
1658 3781 1825 3853 quod
1872 3797 2179 3840 sermones

515 3865 820 3922 miraculis
873 3865 1276 3932 conﬁrmaret,
1328 3868 1613 3942 quodque
1647 3886 1782 3927 cum
1829 3872 2178 3930 auctoritate

517 3955 758 4013 doceret
796 3970 865 4011 ac
910 3960 1273 4028 operaretur,
1300 3958 1451 4016 sicut
1479 3960 1541 4014 in
1578 3961 1775 4017 Marco
1805 3959 2177 4019 manifestius

514 4059 799 4101 Invenies.

588 4133 751 4191 Vers.
788 4137 881 4191 24.
922 4135 997 4191 Et
1026 4165 1095 4177 —
1125 4136 1362 4193 sanavit
1388 4152 1498 4194 eos.
1532 4140 1668 4193 Post
1694 4138 1881 4195 verba
1919 4140 2040 4207 illa,
2071 4156 2173 4198 va-

515 4224 621 4282 riis
640 4225 879 4287 morbis.
903 4224 1199 4281 distinctio
1224 4226 1508 4298 ponenda
1530 4231 1638 4283 est.
1672 4229 1950 4286 Tormina
1976 4235 2173 4287 autem

515 4317 689 4370 vocat
716 4313 1065 4371 morborum
1094 4313 1353 4370 dolores.
1388 4315 1657 4372 Lunatici
1705 4333 1848 4374 vero
1902 4322 2175 4377 tenentur

514 4402 824 4459 affectione
845 4408 1259 4475 corruptorum
1281 4404 1627 4461 humerum.
1659 4407 1809 4472 Quia
1839 4409 1998 4463 enim
2030 4408 2175 4467 luna

515 4509 649 4548 cum
686 4492 764 4547 ad
794 4493 1040 4565 plenum
1068 4492 1271 4549 lumen
1327 4493 1647 4565 devenerit,
1683 4500 1960 4553 naturam
1989 4498 2173 4555 habet

1876 339 2224 399 EUTHYMII
2259 338 2557 397 ZIGABEN
2563 341 2585 395 Ι

3806 340 3918 397 188

2382 473 2483 521 Καὶ
2511 465 2706 541 προϐὰς
2736 499 2801 508 -
2833 466 2992 539 αὐτῷ.
3024 465 3162 541 Ὀρα
3206 468 3296 519 καὶ
3338 467 3431 524 τήν
3471 470 3665 518 τουτων
3704 470 3914 537 πίστιν,

2309 553 2379 609 δι’
2430 557 2488 616 ἢν
2533 562 2621 609 καὶ
2652 564 2741 609 τοῦ
2798 560 2999 630 Πατρός
3048 559 3453 632 κατεφρόνησαν.
3504 559 3619 630 Χρὴ
3668 558 3764 629 γὰρ
3819 562 3918 610 καὶ

2305 655 2404 699 τῶν
2463 650 2646 719 γονέων
2717 653 2975 722 προτιμᾷν
3047 648 3131 698 τόν
3191 648 3438 719 Χριστόν.
3499 644 3574 696 Οὔ
3636 648 3800 718 μικρὰ
3853 643 3919 700 δὲ

2307 734 2576 799 ἀπόδειξις
2614 745 2709 798 τῆς
2758 735 2934 811 ἀρετῆς
2983 736 3170 801 αὐτῶν,
3221 738 3277 787 τὸ
3333 738 3508 787 πενίαν
3559 738 3722 809 φέρειν
3764 735 3919 788 εὐκό-

2304 825 2422 892 λως,
2475 831 2563 879 καὶ
2610 829 2666 879 τό
2721 826 2821 879 ἀπὸ
2876 833 2972 879 τῶν
3012 826 3208 879 οἰκείων
3257 825 3535 900 τρέφεσθαι
3571 834 3781 898 χειρῶν,
3817 831 3919 878 καὶ

2305 919 2363 968 τό
2416 913 2766 969 συνδεδέσθαι
2833 914 3086 981 ἀλλήλοις,
3145 917 3233 967 καὶ
3288 918 3345 966 τό
3406 916 3490 965 τόν
3541 918 3746 989 Πατέρα
3792 914 3918 987 μεθ’

2307 1006 2497 1059 ἑαυτῶν
2553 1009 2691 1079 ἔχειν
2735 1010 2824 1059 καὶ
2874 1008 3187 1080 θεραπεύειν.
3222 1003 3373 1067 Εἰκὸς
3426 1001 3502 1069 ὸέ,
3554 1007 3643 1055 καὶ
3689 1005 3917 1067 τούτους

2308 1095 2531 1149 ἀκοῦσαι
2587 1098 2731 1172 παρὰ
2779 1100 2974 1169 Πέτρου
3026 1099 3115 1146 καὶ
3167 1090 3435 1167 Ἀνδρέου,
3500 1094 3579 1146 ὅτι
3642 1093 3916 1166 ὑπέσχετο

2305 1195 2526 1246 ποιῆσαι
2604 1190 2724 1249 τοὺς
2809 1184 3216 1246 ἀκολουθοῦντας
3312 1182 3475 1257 αὐτῷ,
3574 1181 3732 1246 ἁλιεῖς
3817 1180 3914 1236 ἆν-

2308 1279 2543 1352 θρὼπων.

2378 1461 2478 1509 Καὶ
2527 1489 2592 1497 -
2640 1464 2967 1530 συναγωγαῖς
3025 1457 3212 1511 αὐτῶν.
3278 1464 3550 1532 Περιῆγεν,
3613 1456 3728 1528 (16)
3791 1455 3917 1509 ἀντὶ

2303 1554 2415 1613 τοῦ,
2451 1552 2792 1621 Περιήρχετο.
2821 1547 2900 1598 Ἐν
2948 1554 3059 1607 ταῖς
3110 1554 3433 1619 συναγωγαῖς
3487 1543 3546 1598 δὲ
3602 1542 3861 1599 ἐδίδασκε
3904 1567 3917 1579 ·

2301 1643 2450 1688 τοῦτο
2505 1642 2612 1709 μεν,
2659 1640 2741 1688 ῖνα
2786 1636 3023 1699 πλείονας
3066 1635 3409 1708 ἐφελκύσηται
3442 1652 3454 1665 ⁸
3502 1643 3655 1688 τοῦτο
3690 1632 3768 1702 δὲ,
3824 1637 3920 1688 ἵνα

2302 1722 2489 1797 μηδεὶς
2521 1729 2638 1798 ἔχοι
2676 1727 2858 1798 λέγειν,
2891 1728 2971 1778 ὅτι
2998 1726 3167 1800 λάθρα
3198 1722 3470 1778 διδάσκων
3500 1729 3615 1785 τοὺς
3663 1723 3914 1798 ἀμαθεῖς,

2302 1813 2534 1886 ἐξαπατᾷ
2562 1819 2790 1879 τούτους,
2819 1819 2889 1888 μή
2923 1814 3120 1890 θαρρῶν
3148 1814 3194 1867 ἐν
3235 1815 3418 1873 πλήθει
3460 1809 3755 1869 διδάσκειν.

2373 1910 2475 1957 Καὶ
2519 1908 2799 1978 κηρύσσων
2845 1937 2910 1944 -
2962 1904 3253 1977 βασιλείας.
3295 1903 3353 1954 ’0
3414 1900 3472 1956 δὲ
3520 1907 3751 1978 Μάρκος,
3809 1911 3917 1965 τῆς

2301 1992 2576 2066 βασιλείας
2623 2002 2713 2045 τοῦ
2754 2001 2887 2046 Θεοῦ
2927 1993 3164 2068 ἔγραψεν.
3214 1993 3521 2065 Εὐαγγελιον
3568 1990 3626 2045 δὲ
3664 2003 3760 2054 τῆς
3805 1992 3913 2065 βα-

2303 2081 2495 2144 σιλείας
2521 2091 2615 2135 τοῦ
2644 2090 2797 2148 Θεοῦ,
2844 2085 2873 2141 ή
2911 2087 3072 2141 Καινη
3122 2084 3378 2153 Διαθήκη,
3423 2085 3491 2145 ὡς
3520 2086 3637 2155 περὶ
3680 2091 3772 2142 τῆς
3805 2080 3915 2155 βοι-

2303 2171 2498 2234 σιλείας
2526 2180 2617 2224 τοῦ
2648 2179 2781 2225 Θεοῦ
2815 2168 3266 2244 διαλαμϐάνουσα,
3300 2172 3330 2231 ἣ
3379 2174 3448 2234 ὡς
3492 2172 3783 2242 εἰσάγουσα
3831 2171 3914 2233 εἰς

2296 2266 2387 2319 τήν
2418 2261 2688 2334 βασιλείαν
2720 2269 2811 2313 τοῦ
2844 2269 2976 2315 Θεοῦ
3002 2265 3122 2323 τοὺς
3147 2263 3481 2333 πειθομένους
3512 2260 3666 2333 αὐτῇ.

2372 2355 2469 2403 Καὶ
2498 2383 2565 2391 -
2594 2351 2721 2422 λαῷ.
2774 2355 2945 2412 Νόσος
2974 2355 3063 2423 μέν
3108 2353 3242 2414 ἐστι,
3276 2352 3305 2408 ἡ
3339 2355 3533 2423 χρονία
3583 2354 3907 2424 παρατροπὴ

2297 2448 2387 2500 τῆς
2438 2448 2529 2492 τοῦ
2582 2446 2821 2512 σώματος
2864 2440 3017 2503 ἕξεως
3052 2458 3062 2468 ·
3097 2438 3329 2512 μαλακία
3371 2435 3448 2509 δὲ,
3493 2438 3637 2513 ἀρχή
3690 2444 3911 2510 χαυνω-

2298 2549 2421 2591 σεως
2482 2535 2736 2602 σώματος,
2806 2528 3122 2601 προάγγελος
3186 2532 3363 2585 νόσου.
3427 2527 3562 2579 Ἀλλ’
3617 2527 3753 2579 οὕτω
3811 2530 3909 2600 μὲν

2295 2617 2378 2671 ἐπὶ
2434 2624 2693 2691 σώματος.
2745 2619 2857 2672 Ἐπὶ
2917 2614 2975 2670 δὲ
3026 2616 3232 2690 ψυχῆς,
3284 2622 3431 2677 νόσος
3478 2620 3587 2689 μὲν,
3638 2616 3909 2691 ἁμαρτίας

2648 2707 2881 2780 μαλακία
2948 2704 3025 2773 δὲ,
3095 2708 3368 2779 χαύνωσις
3431 2704 3710 2779 λογισμοῦ,
3769 2708 3910 2781 πρὸς

2296 2800 2679 2870 συγκατάθεσιν
2702 2795 2969 2870 ἐνεργείας.

2294 2707 2521 2782 ἐνέργεια
2575 2726 2587 2737 ·

2367 2982 2467 3030 Καὶ
2524 2976 2747 3036 ἀπῆλθεν
2797 3009 2864 3016 —
2923 2980 3108 3049 Συρίαν
3160 2993 3171 3004 ·
3221 2975 3280 3026 Ὁ
3332 2971 3390 3027 δὲ
3445 2976 3656 3048 Μάρκος
3711 2973 3848 3027 εἶπεν
3885 2992 3898 3003 ·

2296 3067 2503 3130 Ἐξῆλθε
2554 3064 2611 3119 δὲ
2668 3069 2697 3126 ἠ
2760 3065 2886 3124 ἀκοὴ
2941 3066 3100 3118 αὐτοῦ
3164 3065 3313 3124 εὐθὺς
3367 3063 3437 3125 εἰς
3491 3063 3609 3121 ὅλην
3663 3067 3754 3122 τήν
3805 3084 3903 3117 πε-

2291 3162 2524 3233 ρίχωρον
2575 3166 2668 3218 τῆς
2724 3156 3017 3217 Γαλιλαίας.
3067 3154 3125 3207 Ὀ
3183 3150 3241 3206 δὲ
3292 3160 3514 3214 Λουκᾶς
3570 3157 3669 3206 Καί
3724 3152 3906 3216 ἐξεπο-

2291 3249 2462 3320 ρεύετο
2508 3242 2645 3318 ἦχος
2682 3250 2799 3321 περὶ
2854 3245 3013 3297 αὐτοῦ
3071 3244 3137 3305 εἰς
3190 3244 3359 3296 πάντα
3413 3247 3567 3295 τόπον
3622 3252 3711 3303 τῆς
3754 3262 3902 3315 περι‹

2290 3342 2492 3410 χωρου-
2524 3335 2710 3393 Ἀκοήν
2761 3332 2819 3387 δὲ
2863 3339 2952 3386 καὶ
3002 3330 3156 3406 ἦχον,
3204 3337 3297 3391 τὴν
3341 3337 3457 3406 περὶ
3512 3332 3669 3385 αὐτοῦ
3716 3338 3901 3404 φήμην

2290 3425 2545 3497 λέγουσιν.
2604 3423 2703 3476 “HV
2759 3420 2817 3477 δὲ
2877 3422 2983 3475 εἶπε
3031 3429 3217 3495 Συρίαν
3271 3423 3295 3473 ό
3353 3424 3639 3489 Ματθαῖος,
3695 3424 3900 3481 ταύτην

2292 3512 2430 3567 εἶπον
2491 3518 2541 3567 οἱ
2609 3514 2753 3566 οὓ).οι
2805 3518 3101 3588 περίχωρον
3165 3520 3261 3572 τῆς
3314 3510 3603 3573 Γαλιλαίας·
3668 3510 3901 3569 Ἀπῆλθε

2294 3601 2351 3656 δὲ
2399 3607 2428 3663 ἡ
2493 3608 2610 3676 περὶ
2668 3603 2826 3654 αὐτοῦ
2885 3601 3035 3668 ἀκοή,
3097 3598 3234 3654 διότι
3298 3608 3516 3653 τοιαῦτα
3585 3595 3895 3667 ἐδίδασκεν,

2291 3692 2375 3743 οἵα
2420 3689 2669 3743 οὐδέποτε
2705 3696 2956 3758 ἤκουσαν,
2998 3696 3086 3743 καὶ
3135 3692 3214 3742 ὅτι
3262 3694 3382 3752 τοὺς
3425 3689 3608 3761 λόγους
3657 3688 3897 3742 ἐϐεϐαίου

2288 3788 2393 3841 τοῖς
2451 3783 2705 3853 θαύμασι,
2762 3785 2850 3833 καὶ
2902 3782 2978 3833 ὅτι
3030 3779 3434 3843 ἐξουσιαστικῶς
3482 3783 3568 3829 καί
3611 3775 3891 3846 ἐδίδασκε,

2288 3875 2376 3922 καὶ
2429 3868 2859 3944 ἐθαυματούργει,
2915 3872 2984 3933 ὡς
3041 3870 3282 3945 εὑρήσεις
3330 3873 3672 3942 φανερώτερον
3718 3865 3766 3919 ἐν
3816 3876 3895 3941 τῷ

2285 3960 2504 4032 Μάρκῳ.

2359 4149 2457 4200 Καὶ
2509 4178 2576 4187 -
2630 4146 2965 4221 ἐθεράπευσεν
3024 4144 3235 4207 αὐτούς.
3282 4147 3428 4197 Μετὰ
3488 4147 3567 4209 τό,
3624 4142 3895 4206 ποικίλαις

2282 4238 2477 4301 νόσοις,
2540 4240 2768 4287 στικτέον
2834 4233 3049 4286 τελείαν.
3128 4235 3391 4293 Βασάνους
3460 4229 3519 4285 δὲ
3579 4232 3733 4303 λέγει,
3794 4234 3895 4296 τὰς

2285 4322 2385 4375 ἀπὸ
2441 4330 2541 4375 τῶν
2594 4327 2757 4375 νόσων
2819 4319 3026 4384 ὀδύνας.
3080 4322 3138 4375 Ὀ
3194 4318 3253 4375 δὲ
3322 4321 3673 4394 σεληνιασμός
3721 4323 3893 4385 πάθος

2284 4411 2426 4464 ἐστὶν
2500 4410 2599 4464 ἀπό
2662 4416 2964 4469 σεσηπότων
3039 4419 3227 4484 χυμῶν
3286 4413 3681 4483 συνιστάμενος.
3742 4412 3893 4464 Ἐπεὶ

2281 4503 2382 4576 γὰρ
2412 4501 2530 4572 (17)
2574 4502 2603 4559 ή
2653 4500 2863 4567 σελήνη,
2896 4499 3193 4573 πλησιφαής
3240 4504 3505 4573 γινομένη,
3541 4502 3696 4571 φύσιν
3749 4502 3888 4571 ἔχει,

516 4595 622 4652 per
652 4579 1023 4651 splendorem
1062 4598 1240 4638 suum
1272 4585 1643 4641 attractivam
1675 4585 2023 4652 humerum,
2069 4588 2172 4660 qui

2298 4587 2377 4642 iul:
2406 4598 2499 4652 τῆς
2544 4589 2730 4642 ἐκεῖθεν
2784 4594 3115 4663 πεμπομένης
3163 4590 3330 4662 αὐγῇς
3389 4587 3639 4661 ἀνασχεῖν
3691 4591 3783 4650 τὰς
3838 4587 3890 4641 ἐν

517 4669 577 4725 in
608 4668 961 4742 corporibus
996 4675 1151 4737 sunt,
1180 4671 1242 4728 ﬁt
1285 4677 1349 4728 ut
1375 4672 1437 4728 hi
1478 4677 1617 4729 tunc
1664 4674 1990 4732 turbentur.
2043 4677 2170 4732 Fre-

516 4773 709 4831 quens
738 4759 955 4815 etenim
987 4774 1056 4816 ac
1081 4776 1300 4832 pravus
1348 4776 1539 4833 vapor
1569 4762 1647 4819 ab
1693 4763 1836 4835 ipsis
1890 4764 2171 4837 elevatus,

518 4848 830 4905 cerebrum
844 4847 1109 4913 dilaniat,
1137 4848 1567 4924 hominemque
1592 4857 1940 4925 contorquet
1976 4870 2171 4920 ;cum-

516 4954 634 5012 que
662 4938 793 4995 hinc
823 4954 859 4995 a
910 4938 1055 4995 luna
1103 4941 1421 5022 patiantur,
1474 4941 1723 4998 lunatici
1775 4943 2174 5022 appellantur.

515 5028 734 5085 Verum
761 5044 867 5085 cur
898 5045 931 5084 ε,
963 5027 1122 5085 nullo
1169 5017 1387 5086 horum
1418 5032 1772 5104 priusquam
1818 5038 2068 5100 curaret,
2098 5017 2172 5093 de

515 5116 631 5174 ﬁde
654 5118 985 5193 requisivit,
1030 5118 1548 5192 quemadmodum
1578 5127 1788 5193 postea
1810 5122 1947 5180 fecit
1983 5139 2019 5180 a
2045 5124 2173 5197 plu-

589 5295 636 5329 ⁷⁸
660 5296 833 5353 Marc.
858 5312 896 5362 ι,
928 5299 1016 5355 14.
1093 5300 1141 5334 ⁷⁸
1174 5298 1326 5355 lbid.
1359 5302 1428 5353 28
1504 5300 1550 5335 8°
1578 5299 1719 5355 Luc.
1751 5316 1825 5367 ιν,
1860 5305 1947 5358 37.

2282 4687 2393 4743 τοῖς
2469 4685 2704 4754 σώμασιν
2790 4682 3101 4754 ὑγρότητας,
3164 4681 3523 4752 ταράσσονται
3596 4685 3895 4737 τηνικαῦτα

2282 4773 2371 4821 καὶ
2429 4768 2589 4836 οὗτοι,
2630 4773 2720 4822 καὶ
2779 4769 2956 4823 λοιπὸν
3011 4768 3063 4833 ἐξ
3119 4769 3286 4821 αὐτῶν
3343 4768 3501 4841 ἀτμός
3550 4765 3743 4841 δριμὺς
3794 4773 3892 4822 καὶ

2281 4862 2502 4931 πονηρός
2577 4858 2963 4933 ἀναφερόμενος,
3039 4860 3349 4928 σπαράσσει
3416 4861 3503 4911 τόν
3584 4857 3887 4930 ἐγκέφαλον,

2281 4952 2371 4999 καὶ
2402 4945 2706 5021 διαστρέφει
2734 4951 2820 5000 τὸν
2851 4949 3138 5021 ἄνθρωπον.
3174 4952 3314 5023 Διότι
3356 4944 3414 5001 δὲ
3443 4954 3611 5003 ταῦτα
3639 4966 3893 5018 πασχου-

2285 5054 2366 5088 σιν
2398 5038 2496 5089 ὑπὸ
2531 5037 2767 5103 σελήνης,
2808 5037 3008 5109 λέγεται
3040 5036 3407 5104 σεληνιασμός.
3456 5040 3603 5089 Διατί
3659 5033 3716 5087 δὲ
3751 5053 3889 5110 παρ’

2282 5122 2487 5205 οὐδενός
2534 5129 2724 5199 τούτων
2782 5129 2881 5202 πρό
2942 5128 3381 5203 τῆς-,θεραπείας
3430 5125 3524 5203 οὐκ
3593 5124 3895 5199 ἐπεζήτησε

1757 5427 1976 5498 Variae
2012 5428 2344 5499 lectiones
2373 5437 2667 5497 etnotae.

512 5587 988 5715 ιθέξξέρυθίυον
1015 5591 1209 5664 Priora
1237 5594 1528 5651 vocabula
1569 5611 1689 5653 non
1721 5598 1991 5669 agnoscit
2017 5599 2166 5656 Hen-

2346 5599 2462 5673 (17)
2504 5603 2567 5675 Δέ
2590 5614 2696 5675 pro
2720 5600 2821 5674 γάρ
2855 5604 2920 5654 Δ.
