4098 6458
242 344 335 402 189
1275 349 1632 408 COMMENT.
1674 348 2219 423 IN-MATTHEUM.
2259 383 2329 397 --
2386 356 2542 414 CAP.
2576 358 2643 414 V.
3546 365 3651 421 190

253 480 444 543 πίστιν,
493 475 568 536 ὡς
622 477 785 550 παρὰ
820 475 1027 529 πολλῶν
1058 475 1220 529 ἄλλων
1251 476 1507 553 ὕστερονς
1551 480 1695 531 Διότι
1742 480 1871 530 οὔπα

2026 479 2163 536 ibus
2185 481 2212 538 ?
2241 481 2392 547 Quia
2413 483 2681 540 nondum
2695 485 3078 543 manifestam
3097 503 3221 543 suae
3250 490 3526 560 potentiae
3547 490 3644 545 de-

258 573 338 625 τῆς
372 565 566 618 ἑαυτοῦ
602 561 883 637 δυνάμεως
913 563 1188 631 ἀπόδειξιν
1231 577 1367 640 σαφῆ
1406 563 1651 621 δέδωκεν.
1688 566 1876 629 Ἄλλως

2026 572 2490 628 monstrationem
2521 574 2763 631 dederat
2789 597 2801 627 :
2853 576 3089 649 alioque
3121 577 3306 633 modo
3335 579 3493 634 idem
3512 596 3644 652 pro-

262 654 366 726 (18)
393 673 445 706 τε
474 650 559 723 δὲ,
596 654 733 706 αὐτὸ
762 664 939 725 τοῦτο,
976 662 1034 708 τό
1060 660 1333 731 προσιέναι
1368 661 1459 709 καὶ
1486 656 1791 731 προσάγειν,
1824 656 1880 709 οὐ

2026 674 2212 716 .ucere
2240 661 2602 719 etadhibere
2654 669 2903 737 poterat,
2938 665 3052 722 ﬁde
3098 668 3268 723 etiam
3329 684 3452 725 non
3483 650 3644 726 acce-

266 753 350 806 τῆς
374 746 662 815 τυχούσης
694 750 920 806 πίστεως
951 747 1035 803 ἦν.

570 763 628 802 τη
640 766 662 806 ς
694 750 920 806 πίστεως
951 747 1035 803 ἦν.
1994 750 2188 806 dente.

337 839 433 887 Καὶ
460 833 841 893 ἠκολούθησαν
872 868 941 875 -
992 839 1149 909 πέραν
1188 843 1278 888 τοῦ
1330 832 1611 909 Ἰορδάνου.
1649 840 1749 890 Καὶ
1782 835 1881 889 ἀπο

2064 839 2230 897 Vers.
2266 843 2353 896 25.
2396 842 2464 896 Et
2498 850 2711 899 secutae
2762 875 2829 883 -—
2884 850 3043 899 trans
3097 846 3418 903 Jordanem
3487 846 3643 906 sitis.

265 931 355 976 τοῦ
378 930 544 975 τόπου
579 920 821 993 δηλαδὴ,
854 932 947 978 τοῦ
972 929 1131 1001 πέραν
1160 934 1250 978 τοῦ
1282 922 1569 1001 Ἰορδάνου.

2027 933 2158 1004 [ἐραν
2185 937 2276 982 τοῦ
2310 928 2596 1006 Ἰορδάνου,
2636 934 2815 989 etiam
2849 934 3120 991 videlicet
3158 953 3194 993 a
3240 938 3482 1008 regione
3510 953 3645 1009 quae

1992 1020 2103 1077 sita
2133 1024 2257 1078 erat
2284 1025 2447 1078 trans
2487 1022 2829 1080 Iordanem.

591 1128 741 1177 ΚΕΦ.
777 1130 832 1177 Ε.
888 1126 1013 1197 Περὶ
1053 1131 1154 1176 τῶν
1184 1130 1553 1199 μακαρισμῶν.

2409 1112 2556 1167 CAP.
2593 1114 2660 1167 V.
2693 1115 2781 1171 De
2813 1114 3250 1171 beatitudinibus

333 1208 486 1264 Ἰδὼν
518 1242 591 1253 —
622 1216 760 1285 ὄροςο
798 1212 821 1286 [
850 1215 937 1274 Εἰς
989 1216 1100 1285 (l9)
1151 1218 1269 1289 ὅρος
1315 1212 1508 1276 ἀναϐὰς
1540 1213 1733 1279 ἐξέθετο
1763 1218 1882 1277 τοὺς

2062 1199 2211 1272 Cap.
2252 1201 2315 1267 V,
2348 1216 2507 1258 vers.
2553 1207 2600 1258 1.
2651 1205 2796 1260 Cum
2844 1204 3071 1262 vidisset
3101 1237 3169 1246 —
3203 1213 3480 1263 montem.
3515 1208 3555 1277 -ι-
3582 1209 3644 1264 In

260 1305 645 1375 μπαρισμούς
713 1304 739 1353 ό
806 1304 1014 1377 Κύριος,
1089 1299 1361 1356 διδάσκων
1432 1302 1721 1371 κάντεῦθεν,
1801 1307 1877 1357 ὅτι

2025 1294 2195 1345 nonte
2225 1289 2625 1347 beatitudines
2657 1294 2926 1364 exposuit
2957 1295 3268 1365 Dominus,
3323 1298 3546 1352 docens
3572 1313 3643 1352 ex

260 1396 373 1465 χρή
438 1394 531 1443 τὸν
606 1399 951 1467 μακαρισμοῦ
1010 1400 1194 1464 τυχεῖν
1264 1391 1518 1466 ἐφιέμενον
1589 1393 1878 1454 ἀποστῆναι

2033 1394 2104 1435 oc
2134 1383 2409 1451 oportere
2434 1380 2776 1453 cupientem
2804 1382 3092 1454 attingere
3123 1384 3574 1453 beatitudinem,
3607 1401 3645 1443 a

259 1490 364 1532 τῶν
403 1481 788 1553 χαμαιζήλων,
818 1486 910 1533 καὶ
962 1484 1089 1555 πρὸς
1136 1486 1200 1535 τὰ
1248 1483 1544 1559 ὑψηλότερα
1590 1503 1877 1558 μετεωρισ-

2026 1468 2286 1559 ζθριεθιιείε
2330 1468 2499 1525 humi
2551 1470 2733 1527 rebus
2781 1472 3073 1543 abstrahi,
3133 1477 3189 1530 et
3226 1475 3305 1531 ad
3363 1474 3644 1532 sublimia

262 1572 441 1628 θῆναι.
480 1570 498 1640 ]
1476 1556 1486 1559 ν
1754 1556 1761 1558 ἡ

1476 1556 1486 1559 ⁷
1754 1556 1761 1558 ⁷
1988 1556 2225 1615 elevari.

340 1658 529 1717 Ἀνέϐη
589 1656 649 1712 δὲ
699 1659 812 1731 (20)
864 1660 937 1722 εἰς
981 1663 1037 1712 τό
1087 1665 1198 1733 ὅρος
1246 1664 1303 1713 τὸ
1351 1662 1591 1728 πλησίον,
1626 1665 1737 1735 οἶμα
1789 1666 1878 1736 μεν

2060 1650 2121 1701 In
2157 1651 2423 1704 montem
2456 1649 2794 1719 proximum
2828 1652 3117 1718 ascendit,
3165 1652 3346 1709 simul
3397 1654 3643 1725 quidem

261 1748 514 1801 ἐκκλίνων
565 1753 687 1809 τούς
736 1750 784 1801 ἐν
837 1754 980 1822 μέσῳ
1031 1749 1296 1823 θορύϐους,
1347 1753 1458 1825 ἅμα
1511 1749 1570 1805 δε
1625 1757 1715 1805 καὶ
1758 1751 1877 1805 ἀπε-

2022 1736 2302 1806 umultus,
2333 1738 2437 1810 qui
2459 1738 2519 1792 in
2550 1738 2672 1794 imo
2694 1744 2860 1797 erant
2886 1740 3228 1807 declinans;
3255 1743 3432 1798 simul
3463 1742 3640 1799 etiam

265 1845 566 1911 ρίσπαστον
626 1843 721 1896 τὴν
781 1835 1136 1892 διδασκαλίαν
1170 1843 1500 1899 ποιήσασθαι
1543 1840 1874 1914 βουλόμενος.

2027 1826 2218 1899 bsque
2249 1826 2371 1881 ulla
2402 1826 2782 1883 distractione
2826 1829 3037 1885 docere
3090 1831 3360 1903 cupiens.
3413 1831 3643 1889 Transit

2025 1916 2142 1938 _=_
2183 1930 2207 1938 -
2252 1930 2381 1938 ---μ
2420 1932 2723 1938 --μ----ω
2766 1918 2831 1938 ,Α
2868 1934 2905 1938 __
2936 1935 3056 1938 μη--

268 1926 476 1985 Μετεεη
522 1930 624 2001 γὰρ
684 1926 788 1980 ἀπὸ
842 1938 938 1990 τῆς
1003 1931 1276 1999 θεραπείας
1342 1939 1440 1983 τῶν
1496 1933 1746 2003 σωμάτων
1795 1931 1877 1984 ἐπὶ

2023 1916 2146 1970 nim
2180 1930 2216 1971 a
2246 1930 2389 1971 cura
2412 1932 2729 1987 corporum
2762 1918 2831 1974 ad
2858 1934 3067 1975 curam
3099 1919 3465 1976 animarum.
3492 1923 3641 1976 Nam

262 2023 361 2075 τὴν
404 2018 635 2091 ἰατρείαν
667 2025 768 2069 τῶν
796 2018 1011 2090 ψυχῶν.
1046 2018 1197 2071 Οὕτω
1248 2022 1352 2093 γὰρ
1397 2019 1477 2073 ἀεὶ
1506 2029 1668 2073 ποιῶν
1714 2017 1877 2073 διετέ-

2022 2019 2067 2060 La
2096 2018 2328 2075 semper
2349 2004 2427 2059 ab
2462 2003 2561 2059 illa
2591 2006 2797 2060 transit
2828 2006 2907 2062 ad
2933 2007 3125 2071 istam,
3176 2012 3232 2065 et
3291 2024 3501 2064 rursus
3563 2007 3640 2065 ab

256 2106 354 2167 λιι,
415 2105 744 2177 μεταϐαίνων
796 2106 884 2159 ἀπ’
938 2106 1129 2168 ἐκείνης
1184 2106 1266 2160 ἐπὶ
1320 2111 1533 2175 ταύτην,
1581 2114 1670 2161 καὶ
1726 2109 1874 2171 αὖθις

1785 2109 1877 2171 ῖθις
1984 2093 2099 2150 hac
2127 2093 2202 2149 ad
2228 2092 2413 2162 illam,
2441 2096 2507 2149 ut
2552 2094 2780 2150 variam
2812 2100 3050 2167 praestet
3080 2096 3403 2153 utilitatem.

254 2196 363 2248 απὸ
410 2199 613 2257 ταύτης
668 2194 751 2247 ἐπ’
810 2195 1027 2261 ἐκείνην,
1086 2201 1175 2249 καὶ
1230 2198 1471 2256 ποικίλην
1522 2203 1874 2272 παρεχόμενος

250 2291 348 2343 τὴν
376 2285 648 2356 ὠφέλειαν.

2056 2273 2217 2328 Vers.
2244 2273 2294 2327 4.
2328 2275 2591 2346 Cumque
2614 2274 2849 2331 sedisset
2866 2306 2934 2314 —
2960 2276 3168 2346 ipsius.
3188 2275 3373 2331 Simul
3394 2276 3637 2349 quidem

328 2379 435 2427 Καὶ
495 2376 813 2435 καθίσαντος
866 2404 932 2415 -
1003 2374 1184 2430 αὐτοῦ.
1242 2375 1562 2436 ’Συνανῆλθον
1783 2381 1873 2429 καὶ

2018 2362 2171 2419 arbae
2205 2363 2623 2427 ascenderunt,
2668 2363 2947 2436 discipuli
2988 2371 3186 2421 autem
3239 2371 3636 2431 accesserunt,

252 2468 301 2514 οί
345 2461 528 2533 ὄχλοι,
575 2462 873 2535 προσῆλθον
933 2460 992 2515 δὲ
1044 2466 1093 2515 οἱ
1147 2466 1403 2536 μαθηταὶ,
1459 2468 1523 2525 ὡς
1565 2465 1870 2540 οἰκειότερον

2018 2468 2271 2525 mquam
2289 2451 2643 2508 familiarius
2662 2468 2806 2524 erga
2843 2470 2978 2510 eum
3011 2454 3301 2520 affecti,et
3329 2454 3636 2529 quippiam

253 2552 398 2622 αὐτῷ
468 2548 791 2623 διακείμενοι
837 2592 855 2621 ,
913 2551 1140 2613 θελοντες
1215 2549 1551 2626 διδαχθῆναί
1625 2575 1677 2606 τι
1746 2555 1870 2629 παρ’

1215 2549 1551 2626 διδαχθῆναί
1625 2575 1677 2606 τι
1746 2555 1870 2629 παρ’
1978 2541 2058 2597 ad
2089 2541 2413 2612 eo,discere
2444 2542 2773 2616 cupientes.

255 2660 441 2697 αντου.
3370 2676 3373 2677 ,

330 2734 433 2783 Καὶ
490 2727 706 2791 ἀνοίξας
755 2759 823 2771 -
872 2725 1155 2783 ἐδίδασκεν
1225 2730 1435 2795 αὐτούς.
1487 2736 1636 2794 Τίνος
1706 2736 1867 2787 ἕνεκεν

2048 2720 2211 2777 Vers.
2245 2724 2297 2776 2.
2335 2723 2411 2779 Et
2439 2729 2644 2793 aperto
2667 2754 2733 2763 —
2758 2723 2998 2780 docebat
3022 2738 3134 2780 eos.
3166 2723 3354 2788 Quam
3380 2722 3459 2780 ob
3489 2738 3633 2781 cau-

252 2816 414 2881 εἶπεν,
463 2820 549 2870 ὅτι
595 2823 688 2871 καὶ
755 2817 959 2882 ἀνοίξας
999 2822 1055 2871 τὸ
1113 2823 1283 2892 στόμα
1340 2820 1499 2873 αὐτοῦ
1531 2838 1544 2889 ;
1580 2826 1723 2875 Διότι
1778 2826 1867 2876 καὶ

2014 2827 2110 2867 am
2135 2811 2294 2878 dicit,
2328 2814 2481 2885 quod
2515 2829 2580 2867 os
2611 2829 2785 2869 suum
2810 2812 3091 2886 aperuit?
3124 2812 3272 2878 Quia
3302 2813 3483 2869 etiam
3507 2829 3632 2870 non

251 2914 325 2979 μὴ
362 2907 582 2979 ἀνοιγων
638 2908 764 2960 αὐτὸ
823 2905 1105 2961 ἐδίδασκεν
1157 2909 1365 2977 αὐτοῦς,
1397 2910 1479 2982 ἀφ’
1511 2911 1578 2962 ὧν
1628 2914 1863 2985 ἔπραττε.

2015 2907 2183 2973 perto
2209 2918 2308 2958 ore
2327 2902 2580 2959 docebat
2598 2918 2700 2958 eos
2714 2902 3026 2975 operibus.
3058 2902 3147 2957 Ad
3168 2902 3492 2975 discipulos
3506 2903 3632 2975 qui-

254 3000 395 3070 Πρὸς
440 3000 534 3069 μὲν
582 2992 672 3049 οὖν
726 3002 846 3059 τοὺς
892 3000 1134 3069 μαθητὰς
1184 2998 1436 3053 ἀποτείνει
1492 3004 1612 3061 τοὺς
1659 3000 1860 3072 λόγους,

2013 3007 2112 3047 .em
2154 2991 2355 3061 dirigit
2379 3007 2740 3057 sermonem,
2775 3007 2850 3047 ne
2877 2991 3064 3048 turbis
3090 2991 3375 3049 molestus
3393 3008 3528 3048 esse
3552 2992 3631 3049 vi—

256 3088 336 3137 ἰνα
387 3086 700 3157 ἀνεπαχθὴς
744 3083 871 3160 δόξῃ
924 3094 1029 3147 τοῖς
1077 3086 1277 3158 ὄχλοις,
1323 3092 1521 3149 κοινοὺς
1574 3085 1633 3145 δὲ
1677 3090 1864 3152 αὐτοὺς

2011 3085 2205 3145 eatur,
2239 3081 2641 3137 communiter
2680 3086 2879 3138 tamen
2906 3080 3067 3137 illum
3100 3082 3376 3154 proponit
3396 3081 3470 3138 ad
3503 3081 3629 3138 uni-

250 3183 484 3228 ποιεῖται
557 3178 691 3248 πρὸς
747 3177 947 3237 πάντας
1001 3174 1303 3251 ἀνθρώπους
1376 3182 1467 3230 καὶ
1531 3178 1859 3241 καθολικούς.

1265 3198 1303 3238 νς
1376 3182 1467 3230 καὶ
1531 3178 1859 3241 καθολικούς,
1900 3241 1931 3251 _
1975 3187 2178 3228 versos
2200 3187 2269 3226 ac
2301 3170 2570 3241 singulos
2590 3171 2883 3227 homines.

322 3270 509 3335 Λέγων
562 3294 634 3304 —-
690 3263 939 3339 οὐρανῶν.
996 3265 1106 3317 Οὐκ
1164 3266 1315 3333 εἶπεν,
1372 3269 1419 3319 οἱ
1480 3272 1683 3339 πτωχοὶ
1756 3276 1862 3329 τοῖς
1893 3241 1934 3298 C

2041 3261 2207 3316 Vers.
2245 3265 2296 3317 3.
2334 3262 2628 3317 Dicens—
2659 3262 2962 3318 caelorum.
2988 3263 3114 3317 Non
3143 3260 3307 3327 dixit,
3332 3276 3629 3333 pauperes

246 3360 557 3427 χρήμασιν,
591 3352 700 3404 αλλ’
732 3354 779 3405 οἱ
825 3359 1037 3426 πτωχοὶ
1087 3362 1159 3425 τῷ
1188 3357 1442 3427 πνεύματι
1477 3372 1488 3386 ⁶
1521 3360 1788 3410 τουτέστιν
1812 3360 1862 3410 οἱ

2011 3350 2474 3415 ossessionibus,
2494 3351 2594 3406 sed
2613 3353 2899 3422 Pauperes
2910 3351 3148 3420 spiritu,
3163 3351 3277 3406 hoc
3291 3355 3398 3417 est,
3438 3350 3629 3406 humi-

247 3447 486 3495 ταπεινοὶ
527 3449 589 3513 τῇ
635 3444 750 3513 (21)
777 3447 1079 3516 προαιρέσει
1127 3448 1216 3496 καὶ
1262 3452 1326 3516 τῇ
1359 3444 1539 3517 ψυχῇ,
1570 3454 1736 3498 ταῦτα
1774 3454 1861 3499 νῦν

2006 3456 2057 3496 ιε
2085 3440 2289 3497 animo
2330 3456 2399 3496 ac
2438 3440 2742 3496 voluntate
2773 3458 2786 3508 ;
2820 3440 3090 3497 animum
3118 3456 3375 3512 namque
3406 3448 3624 3513 πνεῦμα,

244 3540 453 3599 πνεῦμα
504 3533 789 3603 ὀνομάσας.
848 3532 923 3584 Οὐ
975 3536 1075 3605 γὰρ
1132 3531 1263 3593 όηέκ
1319 3537 1677 3606 περιστάσεώς
1729 3555 1862 3596 τινος

2010 3530 2031 3585 1
2064 3538 2172 3594 est,
2202 3530 2477 3596 spiritum
2506 3529 2850 3585 nominavit.
2882 3532 3085 3601 Neque
3128 3528 3287 3583 enim
3313 3528 3420 3602 qui
3449 3529 3628 3584 infor-

243 3624 516 3686 ταπεινὸς,
572 3620 717 3679 οὗτος
763 3624 1108 3694 μακαριστὸς,
1155 3617 1295 3674 διότι
1346 3619 1497 3676 οὐδὲν
1550 3632 1649 3675 τῶν
1704 3622 1861 3698 ἀπρο-

2009 3618 2138 3674 mio
2164 3618 2380 3691 quovis
2407 3618 2776 3685 humiliatur,
2808 3618 2902 3673 hic
2932 3618 3142 3673 beatus
3181 3623 3287 3683 est,
3313 3618 3459 3691 quia
3484 3618 3627 3676 nihil

242 3714 466 3782 αιρέτων
528 3714 876 3781 μακαριστόν.
932 3716 1089 3765 Πᾶσα
1138 3711 1239 3783 γὰρ
1297 3709 1448 3785 ἀρετὴ
1503 3719 1576 3781 τῷ
1639 3711 1860 3784 ἑκουσίῳ

2008 3707 2137 3762 υοά
2167 3707 2637 3763 involuntarium
2691 3711 2802 3773 est,
2848 3707 3165 3764 beatiﬁcat.
3230 3709 3433 3764 Omnis
3466 3708 3626 3765 enim

235 3800 736 3872 χαρακτηρίζεται.
783 3801 1006 3869 Πτωχόν
1063 3796 1122 3850 de
1172 3798 1414 3867 ἐνταῦθα,
1458 3804 1543 3852 τὸν
1599 3804 1853 3871 ταπεινόν,

2010 3797 2155 3852 irtus
2185 3812 2291 3868 per
2315 3796 2376 3853 id
2407 3797 2573 3870 quod
2598 3797 2996 3853 voluntarium
3026 3802 3133 3862 est,
3164 3797 3625 3869 imprimiturUf)

234 3887 489 3941 ἐκάλεσεν
570 3885 673 3939 ἆπό
744 3894 837 3938 τοῦ
911 3892 1320 3959 κατεπτηχέναι,
1386 3891 1412 3940 ὅ
1463 3888 1576 3941 ἐστι
1631 3889 1852 3961 πεφοϐῆ-

2008 3893 2305 3962 ’auperem
2336 3893 2536 3944 autem
2564 3886 2661 3943 hic
2692 3888 2928 3943 vocavit
2961 3887 3161 3943 animo
3192 3887 3472 3942 humilem
3498 3904 3513 3953 ;
3561 3891 3626 3943 ut

232 3980 395 4031 σθαι.
448 3976 512 4029 Ὀ
565 3978 669 4050 γὰρ
723 3980 1071 4049 ταπεινόφρων
1128 3975 1206 4029 ἀεὶ
1266 3977 1498 4050 φοϐεῖται
1552 3982 1638 4032 τόν
1709 3983 1850 4047 Θεὸν,

2008 3984 2209 4053 τωχὸς,
2255 3979 2449 4043 idest,
2488 3992 2740 4049 pauper,
2773 3975 3009 4033 dicatur
3059 3975 3159 4029 ἀπὸ
3217 3983 3309 4029 τοῦ
3363 3996 3626 4035 πατεπτη-

229 4070 305 4127 ὡς
360 4064 640 4139 μηδέποτε
688 4065 1045 4139 εὖαρεστὴσας
1094 4066 1255 4136 αὐτῷ.
1308 4072 1492 4120 Σκόπει
1549 4064 1627 4134 δὲ,
1686 4071 1847 4122 όποῖοι

2008 4075 2145 4141 fuat,
2174 4068 2341 4141 quod
2364 4070 2452 4123 est
2507 4066 2763 4121 timuisse
2792 4065 2917 4119 sive
2958 4065 3232 4121 territum
3266 4080 3403 4122 esse.
3437 4064 3626 4137 Siqui-

228 4156 481 4228 θεμέλιον
541 4165 641 4217 τῆς
692 4151 1048 4216 διδασκαλίας
1100 4154 1422 4210 κατεϐάλετο.
1475 4158 1619 4211 Ἐπεῖ
1668 4160 1769 4232 γὰρ
1826 4162 1846 4217 ἡ

2006 4177 2109 4218 .em
2140 4156 2384 4217 humilis
2416 4160 2517 4211 aut
2544 4154 2841 4211 modestus
2891 4154 3116 4221 animo,
3148 4157 3333 4210 Deum
3388 4169 3624 4225 semper

226 4246 664 4319 ὖτᾷηλοφροσύνη
725 4249 810 4297 τόν
881 4263 935 4297 τε
992 4240 1235 4297 διάϐολον
1302 4245 1568 4313 κατέϐαλε,
1624 4253 1713 4299 καὶ
1771 4252 1844 4300 τοι

2004 4252 2152 4316 Lmet,
2187 4253 2473 4320 tanquam
2493 4243 2595 4316 qui
2616 4243 2765 4299 nihil
2786 4259 3055 4315 unquam
3067 4243 3238 4314 juxta
3262 4242 3421 4299 illius
3445 4243 3622 4299 bene“-

224 4336 662 4409 πρωτόπλαστον
698 4332 945 4399 ἐξέϐαλεν,
992 4333 1233 4391 οἰηθέντα
1285 4339 1414 4388 Θεὸν
1462 4338 1676 4390 ἔσεσθαι
1727 4341 1842 4410 μετέ

2005 4339 2247 4395 lacitum
2272 4333 2581 4409 peregerit.
2610 4332 2934 4389 Considera
2962 4347 3118 4403 vero,
3174 4331 3347 4404 quale
3409 4331 3622 4389 funda-

224 4432 328 4482 τὴν
380 4434 473 4477 του
535 4424 689 4485 ξύλου
724 4420 944 4496 βρῶσιν,
974 4428 1065 4474 καὶ
1113 4424 1239 4497 ῥίζα
1285 4429 1374 4476 καὶ
1422 4430 1567 4496 πηγὴ
1618 4435 1717 4487 τῶν
1758 4447 1842 4479 κα-

2002 4432 2239 4483 oentum
2254 4424 2538 4481 doctrinae
2555 4439 2677 4478 suae
2692 4422 3056 4479 substernat.
3081 4420 3228 4482 Quia
3244 4420 3402 4475 enim
3419 4434 3620 4489 super-

222 4524 336 4567 κὼν
404 4514 655 4568 ἁπάντων
707 4516 908 4583 γέγονεν
960 4512 1119 4578 αὕτη,
1174 4511 1449 4566 ἀντίπαλον
1508 4515 1638 4588 αὐτῇ
1700 4536 1834 4568 κατα

2004 4516 2069 4572 πίε.
2096 4513 2411 4571 daibolum
2432 4511 2649 4582 dejecit
2674 4531 2688 4578 ;
2717 4527 2787 4567 ac
2822 4510 3278 4583 protoplastum,
3312 4513 3622 4581 putantem

226 4605 495 4666 σκευάζει
547 4604 839 4676 φάρμακον,
875 4605 970 4660 τὴν
1011 4604 1508 4677 ταπεινοφροσύνην,
1560 4608 1649 4657 καὶ
1703 4606 1844 4679 ῥίζαι

2000 4605 2129 4677 ςηοά
2159 4609 2476 4676 postquam
2515 4601 2589 4657 de
2619 4601 2782 4673 ligno
2822 4599 3199 4666 comedisset,
3238 4601 3388 4654 Deus
3436 4597 3618 4664 ﬁeret,

222 4699 439 4753 ταύτην
516 4698 611 4744 καὶ
684 4689 922 4764 κρηπῖδα
976 4699 1075 4743 τῶν
1148 4692 1340 4765 ἀρετῶν
1406 4694 1738 4759 ὑποτίθησιν,
1794 4696 1840 4753 ἧς

2002 4694 2250 4751 cntinuo
2271 4691 2622 4765 prostravit;
2641 4690 2938 4763 radixque
2957 4688 3155 4746 etfons
3169 4688 3440 4745 omnium
3465 4687 3620 4744 facta

222 4784 688 4841 ὑποσπασθείσης
727 4779 932 4832 ἅπαντα
959 4779 1142 4844 τᾶλλα,
1191 4785 1281 4832 καὶ
1326 4780 1368 4832 εἰ
1409 4786 1572 4855 μέχρι
1626 4790 1715 4834 τοῦ
1772 4783 1840 4835 οὐ·

2016 4788 2053 4839 st
2078 4782 2375 4839 malorum
2408 4798 2422 4849 ;
2458 4780 2826 4837 contrarium
2871 4778 2983 4851 ipsi
3021 4782 3316 4851 praeparat
3344 4778 3622 4850 pharma-

220 4881 392 4941 ρει-δοῦ
436 4873 755 4945 φθάνουσιν,
788 4871 1137 4944 ὑποσύρονται
1183 4874 1273 4922 καὶ
1311 4875 1752 4939 καταπίπτουσιν,
1786 4874 1838 4923 ὧι

2003 4889 2123 4939 um,
2158 4871 2344 4931 animi
2369 4870 2647 4935 videlicet
2668 4868 3055 4937 modestiam,
3086 4871 3144 4923 et
3165 4867 3329 4943 hanc
3353 4866 3619 4923 radicem

224 4960 307 5015 ἐπὶ
334 4970 433 5015 τοῦ
468 4964 792 5034 Φαρισαίου.

1994 4978 2036 5018 ιϐ
2065 4962 2530 5019 fundamentum
2558 4959 2843 5016 substruit
2862 4960 3146 5014 virtutum
3173 4974 3187 5024 ;
3211 4973 3335 5031 quo
3363 4957 3612 5028 dejecto,

222 5051 455 5123 reliqua
485 5049 705 5108 omnia
729 5047 912 5104 etiam
949 5047 996 5104 si
1023 5046 1102 5104 ad
1141 5047 1358 5104 coelum
1391 5063 1588 5127 usque
1614 5050 1981 5125 pertingant,
1996 5051 2403 5127 detrahuntur
2423 5066 2491 5107 ac
2514 5049 2818 5114 decidunt,
2838 5047 3355 5121 quemadmodum
3382 5046 3443 5101 in
3468 5045 3621 5101 Pha-

224 5141 398 5200 εἱδαο
427 5150 755 5200 ostensum
776 5142 883 5195 est.

1382 5276 1383 5279 ‘
1436 5286 1443 5309 -·
1470 5262 1711 5345 variae?
1725 5265 2055 5345 lectiones
2081 5277 2145 5333 et
2185 5274 2387 5333 notae.

298 5414 399 5486 (18)
440 5418 500 5470 In
529 5412 634 5469 his
663 5423 932 5485 prorsus
956 5405 1245 5486 abhorret-
1265 5406 1458 5464 versio
1484 5407 1775 5475 Hontenii.
2032 5410 2147 5553 μοζ
2177 5414 2237 5462 Δέ
2267 5378 2437 5465 abest
2464 5408 2536 5466 A.
2628 5380 2631 5385 θ

298 5478 400 5553 (19)
440 5486 700 5545 Inclusa
736 5483 800 5538 in
832 5493 1111 5550 margine
1136 5479 1314 5536 habet
1339 5485 1405 5535 A.
1740 5550 1743 5553 Α
2055 5486 2111 5537 24
2170 5488 2243 5553 Τῇ
2278 5480 2434 5553 ψυχῇ
2466 5499 2554 5532 και
2593 5498 2631 5531 τη

296 5478 400 5559 (19)
440 5478 700 5545 Inclusa
736 5483 800 5538 in
832 5478 1111 5550 margine
1136 5479 1314 5536 habet
1339 5485 1405 5535 A.
1740 5550 1743 5553 Α

1740 5550 1743 5553 Α
2032 5478 2143 5553 (21)
2170 5488 2243 5554 Τῇ
2278 5480 2434 5553 ψυχῇ
2466 5499 2554 5532 και
2593 5479 2653 5552 τῇ
2689 5480 2991 5555 προαιρέσει
3020 5479 3086 5532 Α.

281 5673 347 5751 (ί)
374 5665 806 5748 Ῐηιρνίηιίιιιν.
836 5655 1145 5722 Noscitur,
1180 5657 1469 5730 signatur.
1500 5657 1898 5734 Χαραχηριζει

1336 5660 1469 5718 Ltm‘.
1500 5657 1947 5734 Χαρακηριξειν,
1970 5663 2171 5717 notum
2194 5657 2284 5717 rei
2309 5657 2663 5729 imprimere,
2696 5656 2954 5728 signare.
