4098 6402
594 373 693 428 191

1913 361 2266 421 EUTHYMII
2308 360 2640 419 ZIGABENI
3845 366 3938 423 192

664 498 882 569 Aptum
911 512 1153 570 quoque
1183 495 1503 569 praemium
1525 494 1663 551 huic
1692 491 2033 565 rependitur
2060 510 2073 547 :
2133 506 2232 563 prc

2428 488 2761 547 Κατάλληλον
2794 484 2873 555 δε,
2931 492 3020 542 καὶ
3067 491 3127 541 τὸ
3174 490 3367 551 ταύτης
3406 489 3643 543 ἔπαθλον.
3678 489 3814 545 Ἀντὶ
3846 496 3937 570 γὰρ

589 592 856 643 extrema
913 586 1186 642 videlicet
1239 585 1574 656 abjectione
1618 599 1895 638 summus
1944 582 2158 650 honor,
2188 584 2245 635 et

587 692 705 747 quo
731 676 928 731 nullus
962 677 1154 746 major
1185 674 1422 747 reperiri
1453 676 1669 747 potest.
1708 673 1817 727 Per
1852 671 2099 726 modum
2136 686 2243 726 au-

584 772 701 823 tem
735 766 1175 822 beatitudinum
1206 769 1507 837 praecepta
1554 764 1682 819 haac
1708 762 1957 830 induxit,
1992 760 2240 816 invidio-

582 872 717 911 sum
747 856 1017 911 devitans
1046 870 1405 911 sermonem.
1465 852 1786 925 Oportebat
1832 851 1992 906 enim
2051 855 2113 906 ut
2180 850 2240 904 in

580 944 872 1017 principio
898 949 1205 1000 mansuete
1229 960 1355 999 cum
1391 942 1476 997 eis
1509 943 1872 1015 loqueretur,
1905 944 1961 996 et
1986 940 2069 996 ita
2094 954 2237 1011 pau-

586 1032 753 1088 latim
785 1033 861 1089 ad
894 1032 1350 1104 principiendum
1383 1031 1710 1086 deveniret.

655 1123 847 1186 Quam
874 1123 951 1179 ob
978 1137 1225 1177 causam
1282 1121 1433 1175 dixit
1490 1135 1801 1192 pauperes,
1858 1124 1912 1173 et
1962 1132 2085 1173 non
2133 1117 2241 1172 hu-

584 1210 756 1266 miles
784 1209 812 1263 ?
844 1210 991 1275 Quia
1020 1225 1347 1282 pauperem
1375 1225 1506 1266 esse
1530 1209 1664 1282 plus
1692 1214 1799 1273 est,
1832 1224 2019 1280 quam
2046 1206 2242 1262 humi-

580 1299 700 1355 lem
728 1315 876 1354 esse.
914 1301 1060 1355 Sunt
1090 1300 1251 1355 enim
1284 1300 1433 1355 varii
1488 1298 1839 1355 humilitatis
1905 1296 2069 1353 modi
2100 1315 2111 1354 :
2144 1295 2241 1351 hic

582 1388 830 1461 quidem
870 1388 1243 1444 mediocriter
1274 1389 1478 1445 animo
1506 1388 1810 1444 modestus
1844 1390 1954 1449 est,
1981 1385 2076 1441 ille
2099 1400 2241 1441 vero

583 1493 720 1533 cum
753 1477 1097 1533 excellentia
1131 1496 1144 1545 ;
1186 1493 1367 1550 quam
1413 1476 1803 1533 humilitatem
1836 1476 2015 1532 etiam
2060 1474 2241 1530 David

582 1566 991 1632 commendat,
1024 1567 1265 1622 dicens:
1300 1569 1411 1623 Cor
1440 1566 1752 1623 contritum
1783 1571 1837 1621 et
1859 1565 2238 1622 humiliatum

583 1656 740 1711 Deus
764 1671 877 1711 non
904 1657 1182 1726 despicies
1215 1659 1281 1710 ⁸1.

641 1744 806 1799 Vers.
833 1749 885 1800 4.
915 1747 1091 1801 Beati
1118 1776 1187 1787 —
1226 1745 1681 1803 consolationem
1739 1745 2048 1813 accipient.
2085 1743 2239 1809 Quia

2354 589 2445 640 τῆς
2480 581 2644 653 ἄκρας
2695 578 2924 651 ἀτιμίας,
2957 581 3094 653 ἄκρα
3146 584 3271 650 τιμὴ
3319 584 3406 633 καὶ
3462 580 3555 632 οὐκ
3607 583 3746 632 ἔστιν
3793 584 3937 657 εὑρεῖν

2354 669 2603 724 ἐπέκεινα.
2628 668 2711 722 Ἐν
2745 668 2889 731 τάξει
2919 665 2977 721 δὲ
3022 676 3362 742 μακαρισμοῦ
3418 671 3507 732 τὰς
3538 668 3741 733 ἐντολὰς
3764 675 3940 735 ταύτας

2354 759 2647 830 εἰσήγαγεν,
2712 756 3160 831 ἀνεπαχθέστερον
3217 763 3302 811 τὸν
3358 760 3505 832 λόγον
3561 768 3741 816 ποιῶν.
3805 758 3939 814 Ἐδει

2351 851 2453 924 γὰρ
2498 848 2548 900 ἐν
2601 846 2744 921 ἀρχῇ
2794 857 3073 924 πραότερον
3119 848 3293 909 αύτοῖς
3341 848 3614 922 ὁμιλῆσαι,
3660 855 3749 903 καὶ
3790 851 3940 914 οὕτως

2352 940 2523 1012 ἠρέμα
2543 937 2838 1013 προϐαίνειν
2867 938 2932 999 εἰς
2965 942 3021 990 τὸ
3044 937 3347 991 ἐπιτάττειν.

2423 1118 2571 1178 Τίνος
2627 1135 2785 1169 ενεκεν
2825 1117 2939 1189 (22)
2995 1117 3089 1169 οὐκ
3136 1114 3290 1183 εἶπεν,
3330 1120 3394 1170 Οἱ
3443 1122 3693 1182 ταπεινοὶ,
3738 1114 3841 1169 ἀλλ’
3882 1119 3941 1171 Οἱ

2351 1210 2561 1277 πτωχοί
2595 1222 2607 1273 ;
2648 1205 2769 1257 Ὀτι
2804 1212 2957 1259 τοῦτο
3004 1205 3195 1259 ἐκείνου
3247 1206 3415 1262 πλέον.
3471 1212 3572 1261 Καὶ
3628 1210 3728 1282 γὰρ
3781 1207 3942 1261 πολλοὶ

2352 1302 2448 1357 τῆς
2489 1299 2955 1370 ταπεινοφροσύνης
3001 1298 3051 1349 οἱ
3098 1301 3301 1372 τρόποι.
3356 1301 3457 1350 Καὶ
3492 1299 3518 1348 6
3561 1299 3651 1369 μὲν
3705 1299 3815 1349 ἑστι
3856 1317 3942 1351 τα-

2350 1387 2522 1447 πεινὸς
2573 1389 2878 1459 συμμέτρως
2914 1403 2926 1415 ·
2974 1387 2999 1438 6
3054 1383 3113 1439 δὲ
3169 1386 3282 1458 μεθ’
3350 1384 3636 1459 ὑπερϐολῆς
3708 1386 3932 1449 ἁπάσης.

2350 1476 2557 1532 Ταύτην
2605 1479 2697 1526 καὶ
2742 1475 2766 1526 6
2805 1477 3064 1548 μακάριος
3107 1471 3275 1529 Δαυῐδ
3318 1474 3516 1529 ἐπαινεῖ
3566 1476 3724 1549 λέγων
3762 1494 3772 1505 ·
3820 1482 3941 1549 Καρ-

2353 1560 2473 1615 δίαν
2520 1568 2955 1638 συντετριμμένην
3007 1569 3096 1617 καὶ
3142 1569 3576 1639 τεταπεινωμένην
3616 1567 3641 1618 6
3683 1568 3807 1627 Θεὸς
3856 1565 3941 1618 οὐκ

2352 1648 2705 1714 ἓξουδενώσει.

2421 1745 2688 1817 Μακάριοι
2729 1773 2795 1783 -
2846 1743 3367 1819 παρακληθήσονται.
3418 1746 3563 1797 Ἐπεὶ
3612 1746 3794 1806 πάντες
3834 1745 3938 1797 ὑπε-

577 1849 787 1889 omiies
814 1835 1102 1904 putabant
1129 1851 1229 1890 eos
1248 1850 1375 1891 esse
1407 1836 1639 1898 beatos,
1676 1834 1780 1906 qui
1808 1834 1868 1888 in
1897 1833 2119 1901 gaudio
2151 1848 2232 1886 es-

2348 1830 2605 1902 λάμϐανον
2655 1837 2942 1907 μακαρίους
2991 1836 3105 1906 μὲν,
3154 1836 3273 1894 τοὺς
3320 1830 3367 1884 ἓν
3416 1839 3582 1908 χαρᾷ,
3632 1832 3842 1896 ἀθλίους
3891 1830 3943 1887 δε

578 1928 728 1992 sent,
761 1924 1005 1979 miseros
1046 1940 1187 1979 vero
1249 1925 1443 1997 quiin
1497 1922 1835 1987 afﬂictione,
1893 1921 2237 1993 hujusmodi

578 2012 920 2083 opinionem
934 2013 1223 2068 radicitus
1237 2013 1452 2084 evellit,
1463 2013 1823 2069 contrariam
1844 2011 2211 2067 substituens
2222 2050 2234 2064 .

576 2101 870 2170 Lugentes
904 2106 1101 2156 autem
1144 2102 1301 2166 dicit,
1332 2118 1451 2157 non
1493 2102 1596 2173 qui
1631 2100 1979 2173 simpliciter
2013 2099 2233 2170 lugent:

578 2189 685 2243 sed
717 2189 819 2261 qui
841 2206 948 2262 pro
963 2194 1221 2261 peccatis
1248 2190 1473 2261 lugent.
1501 2190 1778 2245 Miserum
1810 2190 1969 2245 enim
2004 2205 2074 2245 ac
2098 2204 2240 2261 pro-

574 2276 828 2333 hibitum
861 2284 949 2334 est
994 2279 1192 2350 lugere
1246 2280 1325 2336 ob
1353 2296 1423 2336 ea
1483 2297 1609 2352 qua;
1640 2280 1774 2352 quis
1829 2279 2048 2351 patitur
2097 2278 2233 2351 (gg).

579 2367 835 2423 Tristitia
875 2370 1027 2424 enim
1056 2370 1283 2435 mundi,
1340 2370 1422 2426 ait
1446 2369 1681 2434 Paulus,
1728 2375 1969 2425 mortem
2036 2383 2236 2439 opera-

582 2462 715 2524 tur;
737 2472 803 2513 ea
825 2473 980 2526 vero,
1002 2474 1133 2529 quae
1153 2460 1465 2515 secundum
1489 2460 1676 2515 Deum
1698 2464 1798 2528 est,
1821 2461 2235 2527 panitentiam

580 2544 645 2599 in
662 2547 916 2602 salutem
930 2547 1199 2603 stabilem
1213 2550 1259 2585 ⁸³
1277 2548 1305 2603 ?
1327 2548 1642 2613 Quomodo
1657 2562 1797 2616 ergo
1812 2546 1927 2601 alio
1946 2546 2077 2601 loco
2094 2546 2237 2602 dicit

577 2632 792 2689 Paulus
820 2651 832 2689 :
869 2637 1126 2692 Gaudete
1151 2638 1215 2692 in
1238 2638 1472 2693 Domino
1502 2651 1722 2708 semper
1747 2636 1793 2671 ⁸³
1818 2633 1846 2688 ?
1877 2636 2023 2700 Quia
2053 2646 2108 2689 et
2137 2634 2235 2690 ille

577 2723 867 2794 gaudium
894 2723 1053 2790 dicit,
1089 2726 1297 2798 quode
1318 2727 1473 2782 luctu
1499 2726 1700 2781 oritur.
1736 2724 1944 2793 Habet,
1972 2740 2233 2796 namque

572 2811 765 2866 luctus
777 2829 1083 2884 repensum
1098 2816 1207 2871 sibi
1227 2814 2063 2885 gaudiquuemadmodum
2081 2814 2231 2868 enim

570 2906 891 2974 postquam
914 2906 1237 2960 vehemens
1263 2905 1467 2977 pluvia
1488 2906 1822 2976 impetuose
1842 2903 2227 2970 descenderit,

576 2992 860 3047 serenitas
897 2994 1164 3049 stabilior
1177 3011 1303 3049 esse
1326 2998 1497 3051 solet:
1520 2995 1597 3050 ita
1614 3009 1850 3065 quoque
1869 2993 2134 3048 deductis
2149 2992 2230 3048 la-

571 3082 815 3151 crymis,
848 3083 1241 3155 tranquillitas
1270 3090 1325 3140 et
1358 3083 1646 3154 gaudium
1679 3083 1865 3138 animi
1897 3081 2180 3137 succedit.

639 3170 775 3226 Vult
804 3176 1001 3228 autem
1024 3173 1119 3228 hic
1136 3190 1352 3237 sermo,
1380 3188 1499 3229 non
1528 3172 1712 3227 modo
1740 3172 1808 3226 de
1837 3172 2093 3244 propriis
2114 3186 2227 3227 nos

571 3257 772 3329 lugere
795 3260 1023 3316 delictis
1056 3278 1264 3317 verum
1296 3262 1476 3318 etiam
1495 3261 1569 3317 de
1594 3260 1840 3317 alienis:
1863 3265 1921 3316 et
1939 3260 2074 3315 talis
2102 3264 2229 3315 erat

570 3348 743 3403 Mosis
767 3350 1030 3417 animus,
1052 3351 1314 3417 Davidis,
1336 3349 1590 3406 Danielis
1616 3350 1767 3422 (hh),
1797 3349 1963 3405 Pauli
1987 3353 2227 3404 caetero-

570 3452 821 3510 rumque
843 3439 1214 3510 huiusmodi.
1238 3440 1713 3496 Consolationem
1736 3454 1880 3495 vero
1905 3438 2221 3510 accipient,

570 3526 693 3582 sive
728 3526 1104 3585 laetabuntur.
1132 3528 1281 3584 Ubi?
1311 3530 1377 3584 Et
1402 3529 1461 3583 in
1488 3529 1787 3599 praesenti,
1818 3531 1877 3583 et
1904 3527 1962 3582 in
1998 3527 2219 3583 futuro.

567 3614 632 3668 In
656 3618 930 3686 praesenti
957 3617 1201 3689 quidem
1222 3634 1294 3674 ea
1314 3634 1441 3690 spe,
1469 3618 1628 3690 quod
1651 3622 1891 3689 peccata
1918 3632 2028 3673 sua
2058 3617 2223 3673 luctu

568 3702 897 3777 redimant;
934 3706 995 3761 in
1028 3706 1228 3763 futuro
1258 3723 1399 3763 vero
1427 3723 1549 3762 non
1577 3706 1703 3763 sola
1731 3707 1953 3763 horum
2016 3706 2223 3763 remis-

571 3791 757 3859 sione,
791 3810 1001 3853 verum
1033 3797 1212 3853 etiam
1243 3796 1623 3853 beatitudine.

649 3883 691 3953 ’Ξ-
715 3887 863 3943 Nam
881 3886 984 3958 qui
1008 3886 1165 3942 ﬁlios
1189 3891 1292 3943 aut
1309 3902 1524 3942 uxores
1553 3889 1821 3942 mortuas
1844 3885 2067 3956 lugent,
2098 3901 2220 3942 non

569 3976 980 4050 possessiones
1002 3980 1103 4031 aut
1122 3976 1363 4046 propria
1381 3980 1590 4031 amant
1624 3975 2001 4047 corpora(ii),
2024 3991 2135 4031 nec
2153 3991 2221 4031 eo

567 4064 816 4121 turbinis
846 4070 1113 4136 tempore
1142 4064 1262 4120 ullo
1296 4064 1478 4120 modo
1499 4064 1951 4136 concupiscunt,
1986 4080 2106 4120 non
2137 4065 2224 4120 in-

561 4154 731 4227 juriis
758 4159 1206 4225 exasperentur,
1236 4170 1345 4209 nec
1368 4153 1483 4209 alia
1504 4154 1849 4210 obsidentur
1866 4154 2178 4210 affectione
2206 4172 2220 4210 :

566 4252 790 4317 quanto
826 4245 1022 4317 magis
1047 4244 1145 4316 qui
1176 4259 1319 4299 suas
1345 4244 1545 4315 lugent
1569 4243 1945 4314 aegritudines
1978 4244 2023 4315 (j
2038 4244 2117 4316 α),
2151 4259 2221 4302 eo

567 4334 751 4392 modo
791 4349 907 4407 quo
946 4349 1049 4389 eas
1078 4333 1281 4405 lugere
1309 4332 1557 4404 dignum
1590 4337 1696 4390 est.

640 4512 808 4569 Vers.
843 4512 896 4567 5.
925 4511 1093 4568 Beati
1116 4542 1185 4553 —
1224 4517 1467 4568 terram.
1500 4511 1791 4577 Quoniam
1844 4511 1988 4567 olim
2020 4512 2094 4568 ab
2119 4512 2224 4569 ho-

2350 1924 2467 1982 τούς
2500 1919 2547 1972 ἐν
2583 1921 2772 1992 θλίψει,
2813 1922 3091 1996 πρὸῥριξον
3140 1922 3351 1993 ἀνασπᾷ
3402 1927 3495 1981 τὴν
3548 1926 3793 1981 τοιαύτην
3829 1925 3943 1975 ὑπό-

2349 2008 2522 2080 ληψιν,
2560 2011 2856 2063 τόύναντίον
2886 2013 3264 2084 ὑποτιθέμενος.
3312 2014 3632 2074 Πενθούντας
3682 2008 3744 2065 δὲ
3796 2012 3941 2084 λέγει,

2349 2098 2406 2150 ού
2454 2102 2578 2161 τοὺς
2616 2098 2790 2161 ἁπλῶς
2835 2103 3167 2165 πενθοῦντας,
3208 2100 3336 2153 ἀλλὰ
3387 2104 3508 2164 τοὺς
3540 2102 3666 2175 ὑπὲρ
3718 2101 3943 2176 ἁμαρτη-

2348 2190 2543 2261 μάτων.
2591 2192 2661 2242 Τὸ
2709 2192 2811 2264 γὰρ
2862 2191 2989 2264 ὑπὲρ
3048 2188 3301 2262 βιωτικοῦ
3362 2192 3675 2265 πράγματος
3732 2192 3941 2257 πενθεῖν,

2348 2278 2523 2330 ἄθλιον
2579 2282 2669 2330 καὶ
2743 2278 3108 2351 κεκωλυμένον.
3168 2284 3306 2337 Φησὶ
3364 2282 3463 2354 γὰρ
3523 2281 3548 2332 6
3605 2280 3824 2346 Παῦλος,
3874 2283 3945 2333 ὃτι

2344 2365 2403 2419 Ἡ
2457 2371 2547 2439 μὲν
2604 2375 2696 2420 τοῦ
2752 2373 2954 2441 κόσμου
3012 2368 3171 2434 λύπη,
3235 2371 3454 2422 θάνατον
3509 2371 3886 2443 κατεργάζεται
3929 2388 3939 2399 ·

2345 2458 2376 2513 ἠ
2439 2452 2499 2509 δὲ
2550 2459 2686 2509 κατὰ
2737 2460 2887 2522 Θεὸν,
2943 2460 3214 2529 μετάνοιαν
3286 2457 3357 2520 εἰς
3424 2464 3688 2532 σωτηρίαν
3762 2457 3943 2532 ἀμετα-

2344 2544 2583 2617 μέλητον.
2640 2550 2741 2599 Καὶ
2806 2554 2916 2608 πῶς
2964 2548 2990 2597 6
3048 2546 3246 2607 Παῦλος
3296 2546 3449 2599 πάλιν
3497 2545 3606 2600 εἷπε
3661 2569 3673 2582 ·
3732 2552 3943 2621 Χαίρετε

2344 2633 2392 2686 ἐν
2448 2640 2624 2709 Κυρίῳ
2668 2638 2885 2688 πάντοτε
2918 2652 2932 2703 ;
2968 2636 3082 2708 (23)
3124 2640 3262 2689 Διότι
3318 2635 3553 2699 κάκεῖνος
3600 2641 3692 2696 τὴν
3751 2637 3806 2690 ἐκ
3858 2644 3943 2690 τοῦ

2341 2726 2555 2785 πένθους
2605 2724 2739 2797 λέγει
2779 2726 2892 2798 (24)
2946 2728 3141 2799 χαράν.
3200 2724 3356 2798 Ἐχει
3406 2728 3505 2801 γὰρ
3557 2734 3709 2779 τοῦτο
3777 2728 3943 2802 χαρὰν

2344 2814 2864 2890 συγκεκληρωμένην.
2942 2818 3182 2891 Καθάπερ
3258 2818 3381 2889 γὰρ,
3466 2817 3611 2869 ὑετοῦ
3714 2813 3944 2890 σφοδροῦ

2340 2904 2772 2979 καταρραγέντος,
2835 2901 2989 2957 εὐδία
3056 2907 3297 2976 γίνεσθαι
3362 2907 3550 2966 εἴωθεν,
3628 2906 3767 2959 οὕτω
3836 2910 3939 2978 καὶ,

2342 2989 2583 3067 δακρύων
2632 2997 3063 3066 κατενεχθέντων,
3094 2993 3296 3066 γαλήνη
3350 2999 3437 3047 καὶ
3481 2998 3630 3070 χαρὰ
3676 3004 3741 3068 τῇ
3791 2995 3939 3067 ψυχῇ

2340 3080 2615 3154 ἐγγίνεται.

2409 3172 2653 3225 Βούλεται
2711 3169 2771 3225 6":
2826 3180 2914 3224 νῦν
2963 3175 2988 3225 6
3031 3172 3185 3245 λόγος
3230 3175 3428 3227 πενθειν
3479 3175 3616 3247 ἡμᾶς
3669 3179 3743 3247 μὴ
3795 3178 3941 3247 μόνον

2338 3263 2464 3334 ὑπὲρ
2516 3269 2615 3313 τῶν
2666 3262 2865 3314 οἰκείων
2925 3262 3335 3338 ἁμαρτημάτων,
3369 3262 3498 3315 ἀλλὰ
3548 3268 3639 3316 καὶ
3687 3266 3815 3336 ὑπὲρ
3847 3270 3941 3314 τῶν

2338 3349 2636 3423 ἀλλοτρίων,
2673 3347 2757 3402 οἶα
2805 3347 2865 3409 ἧν
2908 3353 2938 3409 ἡ
2982 3351 3137 3424 ψυχὴ
3172 3357 3438 3415 Μωῦσέως
3489 3358 3579 3405 καὶ
3630 3350 3802 3412 Δαυῖδ
3857 3357 3943 3404 καὶ

2340 3439 2545 3491 Παύλου
2572 3444 2660 3492 καὶ
2688 3448 2786 3492 τῶν
2816 3444 3081 3496 τοιούτων.
3115 3441 3622 3516 Παρακληθὴσονται
3670 3440 3749 3513 δε,
3784 3446 3939 3515 ἤγουν

2337 3530 2797 3603 εὐφρανθήσονται.
2855 3538 2962 3583 Ποῦ
3003 3550 3019 3602 ;
3071 3536 3172 3584 Καὶ
3228 3533 3451 3585 ἐνταῦθα
3501 3538 3590 3585 καὶ
3642 3531 3775 3588 ἐκεῖ.
3834 3530 3939 3585 Ἐν-

2334 3620 2505 3671 ταῦθα
2560 3623 2669 3691 μὲν,
2729 3627 2791 3692 τῇ
2866 3616 3043 3673 ἐλπίδι
3116 3629 3213 3682 τῆς
3287 3620 3695 3695 ἀπολυτρώσεως
3755 3622 3935 3674 αὐτῶν·

2334 3708 2442 3760 ἐκεῖ
2470 3705 2550 3773 δε,
2581 3708 2640 3760 ού
2671 3713 2822 3782 μόνον
2868 3716 2930 3782 τῇ
2984 3708 3164 3783 ἀφέσει
3211 3714 3422 3781 τούτων,
3463 3710 3591 3764 ἀλλὰ
3621 3717 3714 3765 καὶ
3744 3719 3807 3785 τῇ
3842 3730 3941 3784 μα-

2335 3817 2432 3872 καρ
2442 3802 2553 3856 ιότη
2564 3817 2631 3853 τι.

2406 3889 2473 3940 0i
2523 3890 2622 3961 γὰρ
2677 3888 2792 3959 (25)
2852 3884 3051 3951 παῖδας
3112 3894 3198 3942 καὶ
3276 3896 3531 3962 γυναῖκας
3589 3888 3945 3952 ἀποθανόντας

2336 3978 2661 4052 θρηνοῦντες,
2694 3977 2753 4030 ού
2802 3980 3114 4052 χρημάτων,
3149 3978 3207 4031 ού
3260 3982 3514 4053 σωμάτων
3563 3979 3773 4056 ἐρῶσιν,
3823 3976 3945 4033 οὐδὲ

2334 4065 2450 4118 κατ’
2521 4064 2707 4118 ἐκεῖνον
2782 4074 2879 4129 τῆς
2935 4064 3130 4130 ὀδύνης
3183 4071 3272 4120 τὸν
3346 4073 3528 4144 καιρὸν
3589 4069 3747 4122 ἄλλου
3808 4071 3947 4129 τινὸς

2334 4154 2578 4228 ἐφίενται,
2630 4155 2736 4226 ούχ
2792 4155 2976 4228 ὕϐρεσι
3022 4157 3419 4230 παροξύνονται,
3474 4158 3580 4230 οὐχ
3630 4160 3732 4211 ὑπὸ
3790 4157 3945 4211 ἄλλου

2333 4244 2733 4319 πολιορκοῦνται
2798 4265 2932 4307 τινος
2988 4248 3187 4310 πάθους
3242 4269 3253 4280 ·
3306 4252 3453 4320 πόσῳ
3520 4247 3710 4320 μᾶλλον
3777 4251 3828 4301 οἱ
3883 4248 3948 4299 τὰ

2334 4334 2691 4407 ἁμαρτήματα
2768 4337 3067 4398 πενθοῦντες
3149 4339 3217 4389 τὰ
3296 4336 3511 4404 ἑαυτῶν,
3590 4341 3660 4398 ὡς
3744 4340 3948 4391 πενθεῖν

2334 4422 2478 4486 ἄξιον
2512 4442 2525 4492 ;

2403 4514 2671 4586 Μακάριοι
2713 4543 2783 4556 -
2838 4518 2931 4573 τὴν
2982 4519 3106 4585 γὴν.
3164 4517 3307 4570 Ἐπεὶ
3355 4515 3516 4570 πάλαι
3572 4523 3685 4579 τοῖς
3743 4516 3952 4592 ἀνθρὼ-

569 4601 833 4658 minibus
851 4615 1074 4670 magno
1088 4600 1285 4655 studio
1302 4599 1696 4657 aﬂ‘ectabatur
1712 4605 1880 4657 terrae
1894 4601 2219 4673 possessio,

2347 4621 2446 4663 τοις
2475 4600 2940 4677 περισπούδαστος
2969 4601 3031 4663 ἧν
3080 4608 3109 4664 ἡ
3157 4605 3473 4681 κληρονομία
3503 4616 3600 4668 τῆς
3630 4616 3699 4679 γῆ
3713 4628 3759 4678 ς,
3793 4583 3951 4664 τίθη-

568 4691 724 4746 hanc
738 4689 915 4746 etiam
940 4705 1041 4761 pro
1062 4689 1297 4745 virtutis
1314 4690 1564 4761 praemio
1588 4690 1774 4761 ponit.
1798 4690 2057 4755 Quidam
2078 4705 2221 4747 sane

2347 4711 2391 4745 τι
2418 4697 2508 4747 καὶ
2541 4694 2735 4751 ταύτην
2766 4694 2983 4747 ἔπαθλον
3026 4694 3232 4771 ἀρετῆς.
3269 4700 3369 4750 Καὶ
3400 4716 3533 4759 τινες
3561 4700 3650 4770 μεν
3682 4706 3788 4770 γῆν
3824 4717 3949 4755 νοη-

641 4870 683 4905 ⁸¹
720 4868 870 4926 Psal.
904 4887 953 4935 ι,
988 4869 1056 4923 19
1128 4870 1175 4906 ⁸³
1207 4868 1256 4924 ΙΙ
1290 4870 1420 4926 Cor.
1451 4884 1550 4935 vri,
1584 4869 1673 4927 10.
1767 4868 1815 4905 ⁸³
1849 4868 2107 4942 Philipp.
2158 4885 2234 4939 iv,
2261 4872 2315 4929 4.

1788 5047 2013 5118 Varize
2045 5048 2374 5118 lectiones
2415 5058 2482 5119 et
2512 5059 2717 5121 notaa.

636 5244 752 5315 (22)
792 5244 913 5300 Hoc
952 5242 1249 5301 scholium
1291 5243 1379 5315 in,
1408 5248 1621 5302 neutro
1673 5260 1949 5304 meorum
1978 5247 2217 5315 legitur.

2404 5248 2517 5315 (24)
2558 5249 2753 5303 Φάσκει
2783 5254 2845 5306 Α.

636 5248 752 5315 (22)
792 5248 913 5300 Hoc
952 5248 1249 5301 scholium
1291 5248 1354 5301 in
1408 5248 1621 5302 neutro
1673 5260 1949 5304 meorum
1978 5248 2034 5303 le
2081 5248 2217 5304 'tur.
2426 5251 2496 5304 24
2558 5249 2753 5303 Φάσκει
2783 5254 2845 5306 Α.

566 5316 924 5397 Excerptuin
936 5318 1139 5397 autem
1156 5319 1243 5373 est
1260 5330 1333 5374 ex
1357 5314 1565 5387 Chrys.
1596 5323 1744 5373 tom.
1764 5317 1879 5385 VII,
1905 5333 1969 5391 p.
1999 5262 2124 5376 4:35.
2155 5321 2217 5377 Ε.
2404 5248 2517 5394 ξὲὕζ
2553 5321 2675 5397 Hoc
2693 5322 2757 5377 in
2776 5320 2941 5397 nullo
2958 5336 3235 5397 meorum
3255 5326 3581 5397 comparet.
3598 5324 3959 5397 Repetitum

642 5386 771 5459 (23y
786 5389 985 5449 Πάντες
1005 5389 1064 5443 Β.
1477 5386 1488 5387 ί
1908 5386 1926 5391 “

2347 5386 2425 5451 est
2444 5386 2518 5449 ex'
2548 5393 2856 5466 Chrysost.
2889 5397 3033 5451 tom.
3058 5394 3173 5459 VII,
3201 5410 3263 5467 p.
3295 5386 3422 5453 187'.
3451 5397 3514 5451 ι).

644 5529 759 5601 (gg)
792 5528 871 5584 0b
895 5543 961 5585 ea
987 5544 1134 5601 quae
1163 5530 1295 5601 quis
1322 5529 1574 5598 patitur.
1609 5529 1697 5586 Ob
1721 5545 1850 5588 rem
1880 5532 2219 5591 terrestrem

575 5599 663 5656 ob
687 5615 917 5665 casum,
947 5599 1026 5655 ob
1051 5599 1443 5657 infortunium
1477 5602 1834 5659 humanum.

649 5671 779 5743 (hh)
810 5670 1000 5730 Δανιὴλ
1029 5671 1091 5728 in
1118 5672 1283 5730 nullo
1313 5688 1581 5730 meorum
1621 5673 1857 5746 legitur.

2426 5533 2489 5605 ἱὶ)
2527 5534 2697 5607 Εοτῑθ
2723 5533 3228 5607 ίῐινθῐιίίγσωματων
3263 5532 3431 5589 ἰδίων.

2380 5605 2501 5699 (ᾖ)
2535 5605 2687 5664 Suus
2713 5605 3112 5681 mgritudines.
3142 5611 3385 5703 Peccata
3410 5623 3538 5666 sua.
