4098 6416
216 338 306 397 193
1256 349 1624 409 COMMENT.
1668 352 1739 408 IN
1774 344 2216 413 MATTHEUM.
2259 386 2327 397 -
2367 357 2523 414 CAP.
2556 350 2622 414 V.
3530 368 3630 423 194

223 472 303 528 τὴν
334 468 383 522 ἐν
426 469 651 545 οῦρανῳ
686 473 964 548 λέγουσιν,
999 477 1026 529 6
1058 472 1117 530 δε
1142 476 1256 549 (26)
1294 482 1676 553 Χρυσόστομός
1702 500 1841 552 φησιζ

2008 496 2181 539 trram
2222 482 2703 552 intellectualem,
2755 485 2973 543 caelum
3018 504 3145 545 esse
3182 490 3407 547 dicunt.
3447 492 3626 564 Chry-

235 563 303 614 ὅτι
336 566 429 615 καὶ
475 562 753 621 αἰσθητόν
804 569 1029 619 τέθεικεν
1086 566 1326 636 ἔπαθλον,
1372 564 1466 621 διὰ
1512 572 1631 630 τοὺς
1679 589 1853 641 παχυ-

2009 576 2265 627 )stomus
2295 588 2437 628 vero
2464 574 2561 639 ait,
2596 575 2760 646 quod
2791 581 2847 631 et
2872 578 3213 635 sensibilem
3240 596 3349 652 pro
3379 562 3627 652 praemio

235 656 580 727 τερους,τοῦς
610 657 687 707 τὰ
738 655 972 714 αἰσθητὰ
1015 659 1115 731 πρὸ
1166 665 1265 709 τῶν
1322 666 1517 715 νοητῶν
1548 661 1853 721 ζητοῦντας.

2010 662 2247 726 osuerit,
2292 668 2529 734 propter
2573 666 2911 732 crassiores,
2954 668 3057 740 qui
3097 668 3393 724 sensibilis
3430 669 3628 741 potius

241 745 392 797 Εἰωθε
428 745 535 815 γὰρ
590 740 670 795 δι’
717 744 836 797 ὃλου
899 753 994 797 τοῦ
1058 746 1375 819 Εὗαγγελίου
1430 752 1736 822 προτρέπειν
1787 749 1856 810 εἰς

2012 765 2144 805 uam
2186 751 2577 821 intelligiban
2628 759 2924 825 quaerunt.
2959 758 3099 812 Toto
3138 774 3402 830 namque
3432 740 3630 815 iEvan-

242 831 446 905 ἀρετήν,
515 837 646 886 ποτε
715 837 826 907 μὲν,
897 834 1001 888 ἀπὸ
1046 844 1146 887 τῶν
1214 835 1516 908 μελλόντων,
1590 840 1713 890 ποτὲ
1774 834 1855 907 δὲ,

2015 839 2118 895 alio
2149 840 2223 895 ad
2252 840 2525 897 virtutem
2583 842 2731 899 solet
2760 844 3085 915 adhortari,
3134 848 3498 921 quandoque
3526 865 3633 922 per

242 921 342 975 ἀπὸ
372 932 476 974 τῶν
524 927 825 991 παρόντων,
874 929 966 977 καὶ
1017 928 1132 978 οὔτε
1167 926 1287 978 ὅταν
1326 930 1488 984 νοητὰ
1526 927 1720 979 ἔπαθλα
1770 932 1855 979 τί-

2010 933 2183 993 itura,
2222 930 2522 986 interdum
2557 948 2801 1003 quoque
2842 940 2898 988 et
2928 950 3033 1005 per
3061 937 3400 1006 praesentia.
3432 921 3628 1002 Quan-

244 1014 420 1079 θησιν,
458 1011 744 1089 ἀποστερεῖ
782 1022 881 1066 τῶν
913 1014 1198 1082 αἰσθητῶν,
1255 1018 1391 1084 οὔτε,
1446 1017 1564 1068 ὅταν
1601 1015 1853 1079 αἰσθητὰ,

2013 1032 2150 1073 nam
2182 1032 2377 1090 neque
2411 1018 2510 1074 ubi
2540 1020 2927 1091 intelligibilia
2956 1024 3122 1095 ponit
3148 1024 3413 1096 praemia,
3442 1025 3631 1098 privat

238 1101 548 1178 ἀφαιρεῖται
587 1105 657 1155 τὰ
705 1105 892 1162 νοητά,
955 1110 1163 1163 Ζητείτε
1218 1107 1340 1177 γὰρ,
1393 1109 1543 1177 φησὶ,
1594 1108 1689 1163 τὴν
1757 1102 1856 1177 βα-

2014 1106 2349 1163 :nsibilibus
2378 1124 2390 1162 :
2418 1123 2612 1181 neque
2638 1125 2669 1166 e
2698 1110 2951 1177 diverso,
2986 1128 3123 1169 cum
3163 1113 3474 1170 sensibilia
3508 1116 3632 1187 pol-

241 1192 446 1245 σιλείοω
514 1200 609 1244 τοῦ
670 1197 820 1264 Θεοῦ,
894 1198 985 1246 καὶ
1050 1201 1216 1247 ταῦτα
1281 1195 1452 1247 πάντά
1504 1196 1853 1269 προστεθήσε-

2018 1201 2187 1263 3etur,
2236 1195 2625 1267 intelligibilia
2656 1200 2866 1255 aufert.
2931 1201 3190 1268 Quaerite
3226 1203 3409 1270 enim,
3444 1204 3636 1277 inquit

236 1301 330 1334 ται
406 1284 555 1355 ὑμῖν.
629 1284 734 1338 Καὶ
815 1278 987 1346 αὖθις·
1077 1279 1268 1346 Οὐδείς
1339 1283 1479 1337 ἔστιν
1545 1284 1600 1346 ὃς
1661 1282 1854 1356 ἀφῆκεν

2015 1285 2220 1341 rimam
2247 1300 2485 1356 regnum
2508 1287 2616 1343 Dei
2636 1294 2689 1344 et
2707 1290 3005 1358 iustitiam
3031 1292 3174 1360 ejus,
3198 1298 3252 1348 et
3288 1293 3408 1349 hac
3433 1298 3633 1350 omnia

239 1372 435 1443 οὶκίαν,
473 1373 504 1430 ἦ
533 1380 721 1443 γονεῖς,
748 1377 838 1425 καὶ
860 1374 928 1425 τὰ
947 1372 1085 1442 ἑξῆς,
1116 1372 1171 1436 ὃς
1202 1373 1262 1425 οῦ
1292 1378 1363 1447 μὴ
1398 1372 1633 1446 ἀπολάϐῃ
1662 1372 1852 1426 πολλα-

2015 1374 2319 1445 ijicientur
2346 1376 2502 1433 vobis
2557 1377 2624 1431 ⁸⁴.
2664 1380 2730 1434 Et
2765 1394 2976 1434 rursus
3007 1397 3019 1434 :
3049 1381 3233 1437 Nemo
3263 1388 3341 1438 est
3372 1383 3475 1453 qui
3505 1383 3633 1439 reli-

236 1459 509 1514 πλασίονα
556 1461 608 1513 ἐν
652 1470 725 1533 τῷ
782 1471 951 1535 καιρῷ
1005 1465 1193 1536 τούτῳ,
1240 1467 1329 1515 καὶ
1382 1462 1432 1515 ἐν
1462 1471 1535 1535 τῷ
1577 1463 1725 1517 αἰῶνι
1779 1470 1853 1534 τῷ

2016 1467 2155 1522 terit
2192 1464 2417 1521 domum
2473 1472 2573 1523 aut
2602 1471 2817 1538 patrem
2842 1469 2912 1537 ⁸⁵,
2946 1473 3079 1536 etc.,
3107 1470 3206 1541 qui
3231 1487 3346 1526 non
3381 1471 3634 1539 fruatur

231 1550 483 1623 μέλλοντι
511 1552 653 1613 ζωήν
682 1550 892 1605 αἰώνιον
903 1596 917 1609 .

2009 1555 2148 1610 Lutto
2182 1555 2464 1626 pluribus
2484 1556 2547 1612 in
2574 1556 2676 1613 hoc
2700 1561 3040 1627 tempore,et
3067 1559 3130 1614 in
3147 1560 3364 1629 futuro
3390 1562 3627 1625 swcuto,

1958 1644 2078 1700 vita
2109 1650 2345 1699 aeterna.

315 1737 511 1807 Πραείς
555 1731 670 1803 (27)
714 1730 969 1803 λέγονται,
1012 1731 1118 1803 οὐχ
1158 1732 1207 1783 οἱ
1262 1727 1511 1804 μηδόλῶς
1563 1730 1848 1805 ὀργίζόμε-
1882 1791 1928 1807 ἢ

2029 1735 2071 1803 -ι-
2099 1733 2265 1789 Mites
2306 1732 2605 1799 dicuntur,
2638 1749 2759 1789 non
2792 1735 2895 1807 qui
2942 1736 3178 1807 penitus
3211 1752 3331 1793 non
3361 1738 3634 1793 irascun-

234 1843 331 1876 νοι
364 1841 377 1853 ·
410 1824 461 1875 οἱ
489 1829 718 1875 τοιοῦτοι
758 1824 863 1894 γὰρ
916 1819 1225 1879 ἀναίσθητοι
1258 1838 1270 1851 ⁸
1308 1819 1414 1873 ἀλλ’
1447 1822 1496 1873 οἰ
1547 1822 1707 1893 θυμόν
1760 1822 1850 1893 μεν

2012 1837 2057 1877 ιιι
2087 1838 2098 1876 ;
2130 1821 2481 1894 hujusmodi
2506 1822 2666 1879 enim
2699 1823 2985 1879 insensati
3015 1830 3172 1894 sunt,
3209 1827 3314 1881 sed
3343 1827 3446 1897 qui
3477 1828 3630 1883 iram

241 1916 482 1985 ἔχοντες,
516 1918 830 1985 κρατοῦντες
872 1906 951 1977 δε,
1000 1915 1090 1963 καὶ
1141 1911 1225 1963 ὅτε
1282 1906 1366 1963 δεῖ
1407 1908 1757 1983 ὀργιζόμενοι,
1788 1911 1854 1971 ὡς

2011 1913 2206 1968 uidem
2248 1911 2529 1976 sentiunt,
2577 1927 2704 1968 sese
2753 1916 2955 1969 tamen
3007 1914 3333 1979 continent,
3379 1916 3629 1986 quando

235 2008 337 2054 καὶ
367 1997 538 2054 Δαυῖδ
568 1997 707 2054 εἶπεν
741 2017 754 2030 ’
805 1998 1133 2073 Ὀργίζεσθε,
1165 2004 1256 2052 καὶ
1283 2003 1356 2071 μή
1404 1998 1740 2074 ἁμαρτάνετε.

2014 2006 2162 2057 atem
2193 2005 2426 2074 oportet
2457 1999 2813 2066 irascuntur,
2870 2002 3022 2058 sicut
3061 2003 3199 2059 dicit
3233 2004 3422 2059 David
3456 2023 3469 2060 :
3502 2005 3632 2061 Ira-

314 2094 589 2164 Μακάριοι
634 2121 706 2131 -
758 2090 1247 2164 χορτασθήσονται.
1310 2089 1449 2142 Ἐπεὶ
1518 2088 1686 2161 μέλλει
1736 2091 1852 2161 περὶ

1209 2109 1247 2144 ι.
1310 2089 1449 2142 Ἐπεὶ
1518 2088 1686 2161 μέλλει
1736 2091 1852 2161 περὶ
1959 2091 2195 2148 scimim'
2225 2097 2277 2147 et
2306 2092 2487 2147 nolite
2511 2106 2755 2160 peccare
2779 2092 2824 2127 ⁸⁸

230 2182 601 2254 ἑλεημοσύνης
658 2180 837 2248 εἰπεῖν,
892 2186 1194 2254 προαναιρεί
1249 2182 1343 2237 τὴν
1400 2176 1709 2249 πλεονεξίαν,
1771 2178 1848 2229 ἱνα

2034 2181 2232 2237 Vers.6
2243 2180 2498 2236 .Beati—
2512 2186 2712 2236 satura
2721 2180 2860 2236 bunt
2868 2181 3118 2245 ur.Quia
3132 2182 3205 2237 de
3222 2181 3633 2255 eleemosynaj

230 2246 482 2345 καθαρὸς
524 2272 549 2321 6
598 2269 730 2332 ἔλεος
773 2246 1007 2340 γίνηται.
1053 2246 1125 2320 Ἠ.
1170 2264 1482 2325 δικαιοσύνη
1534 2270 1658 2342 γὰρ,
1692 2246 1848 2318 ⁷ὄιντί-

2014 2271 2226 2325 icturus
2255 2274 2363 2335 est,
2399 2268 2583 2325 aufert
2616 2269 2878 2341 primum
2906 2270 3220 2327 avaritiam
3242 2264 3316 2327 ~ut
3343 2246 3501 2343 pura
3526 2246 3632 2328 fiat

232 2361 407 2421 ποιλός
459 2358 575 2412 ἐστι
616 2367 675 2431 τῇ
733 2357 1019 2430 πλεονεξίᾳ.
1081 2360 1147 2410 Οἱ
1197 2365 1466 2419 πεινῶντες
1513 2353 1573 2409 δε
1619 2361 1708 2409 καὶ
1764 2353 1850 2409 δι-

2010 2358 2384 2426 iisericordia,
2411 2358 2640 2429 justitia
2679 2359 2838 2415 enim
2878 2360 3140 2415 avaritiae
3185 2361 3482 2416 contraria
3517 2366 3628 2417 est.

230 2451 442 2523 ’ᾇῶντες
501 2445 657 2516 εἶπεν,
716 2445 829 2499 ἀντὶ
887 2454 1001 2514 τοῦ,
1062 2449 1127 2498 Οἱ
1194 2442 1405 2520 σφόδρα
1467 2445 1848 2518 ἐπιθυμοῦντες,

2015 2448 2117 2504 ixit
2160 2453 2380 2518 autem,
2413 2448 2729 2504 esurientes
2754 2453 2806 2503 et
2821 2448 3103 2515 sitientes,
3140 2450 3253 2505 hoc
3296 2454 3405 2513 est,
3444 2450 3633 2520 pluri-

237 2541 381 2592 ἰναό
414 2534 652 2611 σφοδρός
697 2540 824 2611 ἔρως
860 2545 958 2599 τῆς
1010 2535 1315 2607 πλεονεξίας,
1366 2534 1451 2589 ἰπὶ
1502 2539 1597 2595 τὴν
1652 2531 1855 2588 δικαιο-

2015 2555 2133 2594 lum
2159 2536 2669 2609 concupiscentes,
2712 2542 2777 2593 ut
2820 2538 3141 2599 vehemens
3172 2539 3429 2594 avaritiae
3462 2553 3633 2596 aiuor

242 2633 410 2686 σύνην
470 2629 759 2700 μεταστὰς,
794 2624 944 2699 ἀνέλῃ
1000 2623 1212 2684 ἐκείνην.
1261 2626 1736 2699 Χορτασθήσονται
1774 2621 1852 2690 δε,

2015 2647 2024 2683 ι
2050 2626 2342 2699 justitiam
2372 2624 2715 2690 translatus,
2742 2626 2908 2682 illam
2957 2627 3228 2698 perimat.
3269 2628 3633 2684 Saturabun-

239 2722 437 2777 παντὸς
469 2717 694 2789 ἀγαθοῦ.

1964 2721 2060 2773 tur
2081 2722 2303 2782 autem,
2332 2716 2496 2771 omni
2525 2715 2800 2771 videlicet
2825 2716 3007 2772 bono.

316 2803 537 2865 Ἐπειδὴ
592 2806 704 2878 (28)
758 2806 807 2858 οἰ
858 2804 1154 2858 πλεονέκται
1211 2799 1466 2857 δοκοῦσιν
1531 2806 1739 2878 εὔποροι
1791 2798 1858 2855 εἶ-

2034 2808 2077 2876 νί-
2108 2805 2257 2872 Quia
2286 2804 2452 2861 avari
2483 2804 2863 2861 abundantes
2893 2821 3024 2861 esse
3056 2805 3331 2861 videntur
3360 2810 3416 2863 et
3475 2810 3630 2863 satu-

238 2918 328 2950 ναι
358 2903 452 2950 καὶ
481 2895 867 2970 χορτάζεσθαι,
908 2890 1003 2947 διὰ
1044 2896 1196 2947 τοῦτό
1241 2913 1419 2967 φησιν,
1453 2895 1534 2946 ὅτι
1575 2896 1623 2946 οἱ
1655 2890 1856 2946 δίκαιοι

1760 2911 1858 2946 xm
1963 2896 2096 2961 rati,
2129 2896 2265 2952 ideo
2292 2897 2368 2951 ait
2385 2895 2582 2965 justos
2613 2895 2812 2967 potius
2837 2896 3190 2952 saturandos
3226 2912 3378 2952 esse.

240 2988 438 3060 μᾶλλον
460 2987 948 3059 χορτασθήσονται.

317 3079 591 3150 Μακάριοι
614 3106 685 3118 -
710 3074 887 3133 ἐλεηθὴ
900 3093 1096 3128 σονται.
1122 3075 1277 3148 Παρὰ
1294 3079 1386 3126 τοῦ
1409 3079 1563 3141 Θεοῦ,
1590 3068 1624 3125 δ
1629 3072 1857 3132 ηλονότι.

2036 3075 2196 3130 Vers.
2254 3079 2308 3129 7.
2356 3073 2527 3130 Beati
2570 3104 2637 3113 —
2676 3074 3150 3131 misericordiam
3182 3082 3622 3146 consequentur.

242 3165 389 3223 Πλὴν
459 3166 517 3217 οὗ
576 3173 846 3232 τοσοῦτον,
902 3166 1022 3216 ὅσον
1082 3161 1328 3222 ἠλέησαν.
1384 3161 1523 3221 Ὀση
1584 3163 1686 3236 γάρ
1744 3159 1858 3214 ἔστι

2046 3166 2162 3219 Deo
2193 3166 2368 3229 certe,
2405 3162 2512 3218 sed
2544 3178 2659 3220 non
2708 3166 2935 3219 tantam
2979 3163 3290 3227 duntaxat,
3338 3169 3631 3235 quantam

242 3252 484 3329 διαφορά
546 3259 802 3328 πονηρίας
849 3257 942 3306 καὶ
997 3251 1344 3324 ἀγαθότητος,
1399 3252 1428 3312 ἣ
1490 3251 1701 3325 μᾶλλον,
1757 3252 1855 3309 ὅση

2013 3253 2075 3308 »εἰ
2125 3252 2543 3326 prmstiterunt.
2601 3253 2902 3318 Quantum
2957 3251 3115 3307 enim
3172 3251 3418 3307 interest
3477 3251 3631 3308 inter

237 3344 527 3418 ἀνθρώπου
557 3350 647 3397 καί
677 3352 830 3415 Θεοῦ,
861 3344 1089 3401 τοσαύτη
1118 3347 1209 3395 καὶ
1247 3340 1573 3417 ἀνθρωπίνης
1602 3346 1688 3395 καὶ
1724 3342 1855 3403 θείας

2011 3341 2195 3400 talum
2222 3342 2548 3409 etbonum,
2582 3341 2905 3413 autpotius
2934 3344 3230 3413 quantum
3257 3340 3405 3397 inter
3436 3341 3629 3397 homi-

236 3434 571 3509 ἐλεημοσύνη
582 3455 623 3497 ς.

2014 3448 2104 3489 em
2131 3436 2187 3489 et
2214 3433 2424 3498 Deum,
2455 3435 2684 3488 tantum
2716 3430 2980 3488 humana
3013 3430 3421 3488 misericordia
3449 3431 3632 3487 distat

1967 3538 2005 3580 a
2033 3522 2259 3579 divina.

316 3617 471 3688 Οὐχὶ
497 3616 616 3686 (29)
663 3610 759 3667 διὰ
804 3614 1097 3689 χρημάτων
1148 3614 1301 3683 μόνον
1338 3612 1478 3664 ἔστιν
1518 3608 1690 3675 ἐλεεῖν,
1731 3607 1859 3663 ἀλλὰ

2036 3614 2078 3683 -ι-
2125 3614 2252 3667 Non
2285 3610 2767 3683 possessionibus
2814 3612 3046 3666 tantum
3096 3614 3411 3682 prastatur
3458 3609 3632 3665 mise-

234 3711 335 3758 καὶ
388 3706 575 3775 λόγου,
624 3703 719 3755 κᾶν
762 3700 930 3776 μηδεν
987 3706 1135 3776 ἔχῃς,
1168 3697 1263 3754 διὰ
1318 3696 1581 3775 δακρύων.
1616 3699 1852 3762 Ποικίλος

2010 3701 2243 3766 .cordia,
2272 3700 2376 3756 sed
2396 3704 2451 3756 et
2469 3699 3048 3766 sermonibus.0uod
3075 3699 3121 3754 si
3153 3698 3299 3755 nihil
3324 3699 3628 3765 habueris,

234 3799 345 3869 γὰρ
377 3796 404 3847 6
456 3803 553 3856 τῆς
603 3792 948 3866 ἑλεημοσύνης
996 3796 1207 3867 τρόπος,
1264 3794 1353 3842 καὶ
1396 3790 1610 3842 πλατεῖα
1658 3790 1788 3847 αὕτη
1824 3791 1852 3847 ἠ

2014 3790 2146 3847 tiam
2174 3789 2456 3861 lacrymis
2474 3792 2788 3861 praestatur
2812 3804 2823 3843 :
2853 3789 3054 3844 varius
3084 3792 3170 3843 est
3198 3788 3357 3844 enim
3382 3787 3632 3844 eleemo-

235 3884 449 3943 ἐντολή.
482 3883 889 3941 Ἐλεηθήσονται
935 3878 994 3934 δε
1040 3880 1263 3933 ἐνταῦθα
1307 3883 1420 3952 μεν,
1469 3881 1614 3954 παρὰ
1665 3877 1853 3954 ἀνθρὼ-

2017 3895 2129 3943 ῖοω
2160 3878 2400 3943 modus,
2424 3878 2735 3949 latumque
2758 3882 3140 3949 praeceptum.
3177 3876 3635 3933 Misericordiam

232 3993 357 4027 πων
391 3992 404 4005 ·
439 3973 567 4043 ἐκεῖ,
601 3970 680 4040 δε,
706 3975 851 4046 παρὰ
874 3978 967 4023 τοῦ
998 3978 1152 4025 Θεοῦ.

2026 3984 2109 4024 πο
2139 3972 2602 4040 consequentur,
2634 3966 2730 4022 hic
2763 3966 2840 4022 ab
2887 3965 3243 4022 hominibus
3295 3970 3354 4021 et
3385 3966 3445 4021 in
3489 3965 3644 4021 futu-

1966 4074 2104 4114 rum
2137 4074 2173 4112 a
2206 4059 2347 4113 Deo.

320 4156 595 4227 Μακάριοι
640 4183 708 4194 —-
758 4151 995 4223 ἅψονται.
1046 4151 1321 4223 Καθαροὺς
1366 4156 1427 4221 τῇ
1484 4144 1684 4223 καρδίᾳ
1733 4150 1857 4214 νόει,

2039 4147 2200 4203 Vers.
2233 4148 2285 4200 8.
2316 4146 2488 4203 Beati
2511 4176 2580 4185 -—
2606 4143 2912 4204 videbunt.
2949 4144 3133 4199 Puros
3159 4143 3339 4199 corde
3367 4142 3639 4212 intelligit

237 4249 375 4304 τοὺς
415 4239 588 4315 μηδὲν
634 4260 688 4293 τι
738 4242 962 4314 πονηρόν
1018 4239 1222 4301 ἑαυτοῖς
1276 4234 1603 4305 συνειδότας,
1653 4238 1683 4296 ἣ
1740 4241 1855 4300 τοὺς

2021 4237 2073 4291 ui
2104 4235 2325 4292 nullius
2356 4236 2583 4306 peccati
2615 4234 2724 4290 sibi
2764 4232 2986 4289 conscii
3019 4236 3156 4288 sunt
3204 4248 3217 4286 :
3256 4238 3357 4287 aut
3394 4232 3497 4303 qui
3537 4247 3639 4287 cor

238 4332 615 4405 φυλάσσοντας
661 4335 755 4389 τὴν
802 4326 1024 4405 καρδίαν
1079 4327 1361 4402 ἁμόλυντον
1404 4326 1505 4380 ἀπό
1558 4336 1657 4379 τῶν
1718 4323 1856 4385 ἡδυ-

2018 4328 2211 4381 srvant
2238 4341 2274 4380 a
2304 4322 2711 4395 voluptatibus
2755 4320 3159 4394 impollutum,
3191 4336 3378 4392 quam
3414 4319 3636 4375 sancti-

240 4425 509 4488 παθειῶν,
564 4422 687 4494 ὅπερ
739 4422 765 4472 ό
818 4419 1022 4481 Παῦλος
1071 4418 1334 4491 ἁγιασμόν
1380 4415 1636 4483 ἐκάλεσεν,
1684 4415 1858 4469 εἰπών’

2020 4413 2242 4470 ioniam
2267 4417 2447 4469 vocat
2475 4411 2715 4478 Paulus,
2750 4411 2953 4467 dicens
2985 4411 3027 4445 ⁸⁷
3054 4424 3065 4464 :
3093 4412 3301 4472 Pacem
3331 4408 3638 4467 sectamini

244 4513 484 4585 Εἰρήνην
552 4507 765 4563 διώκετε
822 4512 954 4582 μετὰ
1009 4510 1234 4574 πάντων,
1293 4511 1383 4559 καὶ
1432 4510 1518 4558 τόν
1577 4505 1860 4577 ἁγιασμόν,

2018 4504 2045 4559 d
2065 4518 2258 4559 omnes
2288 4508 2342 4558 et
2369 4500 2826 4558 sanctimoniam
2862 4517 2875 4567 ;
2903 4501 3029 4555 sine
3062 4514 3181 4572 qua
3210 4514 3379 4556 nemo
3418 4497 3636 4555 videbit

243 4602 311 4654 οὗ
371 4606 549 4675 χωρὶς
604 4596 779 4661 οὐδεὶς
832 4598 1017 4670 ὄψεται
1073 4601 1160 4650 τὸν
1220 4599 1428 4670 Κύριον.
1486 4594 1744 4666 ’Ὄψονται
1804 4590 1861 4646 δε

2020 4591 2414 4650 ‘eum.Videbit
2434 4596 2636 4648 autem
2664 4589 3343 4661 Deum,dixit,tanquam
3364 4588 3638 4645 humana

241 4698 340 4745 τόν
395 4694 549 4758 Θεὸν,
597 4691 669 4750 ὡς
716 4685 933 4741 δυνατόν
988 4686 1280 4760 ἀνθρωπίνῃ
1337 4688 1508 4758 φύσει.
1560 4686 1765 4737 Τέθεικε
1804 4680 1859 4736 δὴ

2022 4689 2184 4740 atura
2203 4685 2505 4754 potentem
2528 4680 2676 4754 (hic).
2702 4680 2865 4737 Hanc
2889 4695 3028 4735 vero
3050 4678 3481 4736 beatitudinem
3501 4681 3640 4750 post

242 4786 339 4837 τὸν
392 4782 737 4855 μακαρισμὸν
790 4785 971 4832 τοῦτον
1025 4780 1157 4851 μετὰ
1206 4780 1293 4830 τὸν
1344 4784 1440 4837 τῆς
1497 4772 1860 4848 ἑλεημοσύνης,

2017 4773 2421 4844 leemosynam
2442 4770 2660 4844 posuit,
2687 4785 2831 4827 nam
2872 4768 3043 4825 multi
3064 4768 3359 4841 justitiam
3389 4783 3461 4825 ac
3484 4766 3635 4825 elec-

326 4964 372 5000 "
396 4961 600 5022 Matth.
632 4976 715 5028 VI,
747 4962 837 5017 33.
915 4960 964 4996 ⁸⁵
984 4959 1120 5017 an.
1148 4964 1303 5025 mil,
1334 4959 1424 5024 29,
1449 4955 1538 5011 30.
1618 4956 1665 4991 ³⁵
1694 4953 1851 5013 Psal.
1884 4969 1940 5011 iv

1015 4974 1120 5017 .nc.
1148 4964 1303 5025 mil,
1334 4959 1424 5024 29,
1449 4955 1538 5011 30.
1618 4956 1665 4991 ³⁸
1694 4953 1851 5013 Psal.
1884 4969 1963 5021 iv,
1991 4953 2046 5020 5,
2125 4951 2169 4988 ⁸⁷
2212 4950 2387 5008 Hebr.
2414 4967 2515 5019 xu,
2547 4952 2633 5007 14.

1494 5134 1713 5206 Variaa
1749 5132 2080 5205 lectiones
2106 5140 2173 5201 et
2202 5140 2382 5200 notae

305 5351 417 5426 (26)
456 5352 637 5426 Ῑοωτ
674 5336 883 5422 v"’1?-
914 5336 1264 5426 ⁵8δέ
1320 5409 1399 5426 ,πά
1432 5402 1729 5426 ..μημι
1800 5419 1836 5426 _

710 5336 796 5408 νη»
824 5354 883 5422 p-
914 5340 1034 5395 188-
1058 5336 1128 5426 .C-
1158 5409 1193 5426 ..
1320 5409 1358 5426 .,
1432 5407 1499 5426 ..ι
1631 5402 1729 5426 ι.
1800 5419 1836 5426 _
1976 5332 2328 5426 negasse};

305 5352 392 5426 (26
456 5352 637 5407 Tom.
676 5352 796 5408 Vll,
824 5354 883 5422 Ρ.
914 5352 1034 5395 188.
1067 5352 1128 5395 U.
1158 5409 1169 5420 '
1976 5352 2329 5403 agnoscunt.

297 5352 417 5499 (27(
452 5423 587 5481 Hoc
619 5419 690 5499 in
720 5427 881 5471 meis
909 5424 1034 5466 non
1058 5409 1290 5481 legitur.
1320 5409 1402 5465 Ex
1432 5402 1759 5480 Theophyl.
1800 5419 1862 5478 p.
1974 5402 2166 5499 “(E92
2182 5396 2613 5499 lbe‘ophylact.
2642 5413 2705 5471 p.
2745 5399 2816 5454 26
2842 5398 2883 5453 E
2912 5398 2972 5455 et
3009 5392 3419 5469 Chrysostom.
3455 5394 3492 5453 t.
3520 5392 3634 5465 VII,

230 5472 838 5563 ιίόἃέὲιῖἱηῇιιιω.
923 5553 982 5563 __
1116 5472 1223 5563 ξ’
1309 5555 1320 5563 _
1446 5472 1723 5563 μ
1803 5472 1853 5563 ’ί
1974 5472 2250 5547 pa’g.139
2281 5476 2348 5530 D.

283 5549 789 5647 (ἷϐἶέἶὶξιὶηᾞοο
820 5570 894 5613 ex
923 5550 1420 5626 Theopbylact.p.
1445 5553 1513 5607 26
1542 5549 1726 5607 D.Mei
1738 5562 1863 5606 non

274 5702 391 5781 (ωε)
432 5698 803 5767 Tanquam
844 5711 916 5724 ——
941 5685 1256 5751 potentem.
1290 5679 1361 5735 Ut
1383 5690 1741 5737 concessum
1770 5677 2052 5733 creaturae
2078 5671 2398 5732 humanas.
