4098 6412
462 363 566 424 495
1783 356 2139 427 EUTHYMII
2168 355 2516 427 :ZIGABENI
3729 359 3838 427 196

463 509 780 568 mosynam
832 495 1102 564 assecuti,
1123 496 1282 553 circa
1322 495 1653 568 voluptates
1702 495 1915 552 devicti
1963 511 2075 552 sun

2237 493 2377 548 διότι
2397 494 2574 548 πολλοὶ
2602 492 2944 554 δικαιοσύνην
2970 501 3052 552 καὶ
3078 492 3426 572 ἐλεημοσύνην
3443 500 3834 574 κατορθοῦντες,

465 584 730 640 Ostendit
749 585 950 657 itaque
978 586 1138 641 solas
1166 585 1292 642 illas
1316 601 1436 642 non
1460 583 1728 640 sufﬁcere
1749 585 2013 642 virtutes.

2236 588 2490 644 ἡττῶνται
2554 593 2648 646 τῆς
2700 582 3044 654 ἡδυπαθείας,
3100 595 3189 642 καὶ
3249 587 3535 654 δείκνυσιν,
3605 590 3684 641 ὅτι
3741 587 3837 640 οὐκ

2236 675 2485 750 ἀρκοῦσιν
2517 673 2698 728 ἐκεῖναι
2732 679 2886 745 μόναι
2913 679 2966 728 αἱ
2994 675 3191 749 ἀρεταί.

535 766 576 834 -ι-
615 763 820 819 Mundi
872 763 1049 820 corde
1083 771 1243 833 sunt,
1274 763 1375 836 qui
1426 765 1796 820 continenter
1835 763 2063 833 degunt
2109 780 2123 829 ;

2309 767 2544 836 Καθαροὶ
2584 764 2695 836 (30)
2748 772 2807 837 τῇ
2865 763 3067 842 καρδίᾳ
3118 768 3246 821 εἰσὶν
3296 771 3344 820 οἱ
3402 774 3675 842 σώφρονες.
3732 774 3838 820 Τοῦ

463 853 596 909 εἰπε
622 853 971 909 continentia
996 859 1183 909 autem
1204 869 1359 909 nemo
1378 853 1587 909 videbit
1609 853 1790 910 Deum
1813 853 1883 908 ⁸⁸.
1911 853 2081 918 Quen

2235 853 2501 926 ἁγιασμοῦ
2543 857 2665 928 γὰρ,
2719 858 2836 912 ἤτοι
2889 865 2984 917 τῆς
3034 861 3375 930 σωφροσύνης
3422 866 3612 933 χωρὶς,
3667 855 3841 917 οὐδεὶς

465 943 792 999 admodum
845 943 1004 997 enim
1062 941 1374 1014 speculum
1427 943 1477 996 si
1531 958 1755 1014 purum
1814 942 1908 1008 sit,
1976 941 2083 1010 ﬁgi

2235 945 2416 1015 ὄψεται
2461 946 2546 995 τὸν
2590 946 2795 1016 Κύριον.
2828 943 3028 1016 Ὠσπερ
3060 949 3160 1018 γὰρ
3211 952 3268 998 τὸ
3318 949 3629 1022 κάτοπτρον,
3675 945 3760 997 ἐὰν

463 1047 562 1088 ras
591 1031 796 1104 recipit
829 1047 841 1086 :
877 1031 960 1087 ita
987 1035 1044 1088 et
1073 1031 1277 1087 anima
1313 1047 1461 1104 pura
1498 1033 1598 1088 Dei
1657 1030 1900 1101 suscipit
1951 1030 2081 1086 visi<

2235 1035 2481 1105 καθαρὸν,
2539 1035 2655 1084 τότε
2717 1029 2936 1104 δέχεται
2992 1037 3086 1096 τὰς
3144 1037 3409 1107 ἑαφάσεις,
3470 1036 3604 1087 οὕτω
3659 1040 3748 1086 καὶ
3808 1037 3838 1092 ἡ

463 1136 626 1178 nem.
2234 1124 2441 1196 καθαρὰ
2467 1120 2624 1192 ψυχὴ
2661 1118 2878 1193 δέχεται
2902 1122 3019 1193 ὄψιν
3053 1132 3205 1178 Θεοῦ.

541 1210 703 1266 Vers.
746 1211 833 1265 iO.
866 1210 1035 1266 Beati
1072 1241 1138 1249 ——
1172 1210 1569 1267 vocabuntur.
1619 1209 1726 1275 Qui
1762 1224 1886 1265 non
1931 1209 2125 1264 solum

2306 1212 2570 1283 Μακάριοι
2601 1243 2668 1250 -
2719 1211 3093 1270 κληθήσονται.
3138 1215 3202 1264 Οἱ
3249 1218 3320 1286 μὴ
3377 1217 3527 1286 μόνον
3589 1213 3737 1264 αὐτοὶ
3767 1218 3840 1286 μή

463 1299 578 1373 ipsi
609 1299 928 1355 seditiones
958 1315 1080 1355 non
1111 1305 1369 1366 movent,
1405 1300 1511 1355 sed
1542 1302 1599 1355 et
1636 1299 1785 1356 alios
1822 1305 2081 1355 movente

2239 1303 2628 1364 στασιάζοντες,
2691 1298 2818 1352 ἀλλὰ
2874 1305 2963 1352 καὶ
3020 1300 3224 1374 ἐτέρους
3285 1303 3668 1363 στασιάζοντας
3723 1322 3845 1354 συν-

466 1389 545 1446 ad
583 1405 797 1462 pacem
841 1389 1153 1451 reducunt,
1199 1387 1303 1444 ﬁlii
1336 1388 1439 1444 Dei
1489 1389 1875 1452 vocabuntur,
1928 1392 2084 1460 utpol

2237 1394 2447 1463 άγοντες
2505 1390 2574 1450 εἰς
2622 1390 2845 1464 εἰρήνην.
2903 1392 3016 1443 Υἱοὶ
3056 1388 3115 1443 δὲ
3169 1399 3302 1444 Θεοῦ
3355 1391 3730 1456 κληθήσονται,
3776 1392 3849 1452 ὡς

467 1479 679 1535 Filium
727 1479 855 1550 ejus
898 1478 1270 1548 unigenitum
1325 1479 1626 1534 imitantes
1679 1498 1691 1528 :
1742 1479 1912 1549 cujus
1971 1492 2085 1549 opu

2238 1482 2596 1553 μιμησάμενοι
2661 1480 2748 1531 τὸν
2817 1488 3064 1551 μονογενῆ
3130 1483 3250 1533 Υἰὸν
3311 1480 3492 1547 αὐτοῦ,
3637 1485 3846 1552 γέγονεν

467 1569 576 1626 fuit
604 1567 955 1624 dissidentia
984 1569 1042 1622 in
1085 1584 1274 1623 unum
1304 1569 1608 1635 reducere,
1642 1583 1712 1625 ac
1742 1568 2014 1624 inimicos
2045 1583 2085 1622 1'1

2239 1573 2407 1642 ἔργον,
2461 1576 2770 1640 συναγαγεῖν
2818 1572 2884 1620 τὰ
2937 1565 3218 1637 διεστῶτα,
3262 1574 3352 1621 καὶ
3403 1568 3724 1631 καταλλάξαι
3784 1571 3849 1621 τὰ

467 1658 799 1716 conciliare.
851 1657 967 1713 Erit
1022 1657 1285 1728 profecto
1334 1657 1511 1713 etiam
1566 1658 1776 1713 beatus
1818 1656 2085 1729 paciﬁcu:

2240 1657 2714 1730 ἐκπεπολεμωμένα.
2794 1661 2886 1716 Εἳη
2955 1653 3006 1710 δ’
3061 1656 3120 1708 ἂν
3183 1661 3634 1731 μεμακαρισμένος
3706 1657 3849 1730 εἰρη-

465 1749 582 1804 hoc
604 1755 712 1812 est,
739 1747 799 1801 in
826 1761 971 1818 pace
989 1761 1233 1801 servans
1256 1745 1625 1802 voluntatem
1651 1746 1910 1818 propriae
1936 1750 2080 1801 earn

2239 1750 2466 1813 νοποιὸς,
2497 1752 2586 1798 καὶ
2643 1746 2668 1797 ό
2719 1745 3018 1819 εἰρηνεύσας
3045 1747 3100 1798 τό
3151 1745 3348 1818 θέλημα
3393 1753 3489 1806 τῆς
3543 1743 3683 1806 ἰδίας
3715 1765 3847 1819 σαρ-

468 1854 604 1894 cum
633 1836 937 1892 voluntate
965 1835 1180 1891 animas
1200 1852 1345 1906 suae,
1371 1841 1428 1892 et
1452 1835 1616 1908 quod
1645 1852 1900 1909 pravum
1933 1836 2021 1908 (ll)
2042 1852 2086 1891 ea

2239 1840 2328 1898 κὸς
2373 1838 2503 1908 μετὰ
2539 1843 2629 1888 τοῦ
2667 1835 2950 1908 θελήματος
2977 1845 3070 1896 τῆς
3105 1835 3294 1908 ψυχῆς
3333 1835 3513 1904 αὐτοῦ,
3567 1839 3654 1887 καὶ
3700 1836 3842 1887 ὑπο·

469 1927 686 1983 meliori
716 1926 1060 1997 subjiciens.

2240 1924 2394 1987 τάξας
2419 1926 2476 1976 τό
2513 1930 2692 1996 χεῖρον
2719 1933 2791 1996 τῷ
2815 1929 3091 1998 κρείττονι.

537 2019 579 2086 -ι-
607 2020 730 2072 Non
753 2015 945 2072 solum
974 2031 1183 2086 pacem
1212 2015 1667 2071 cum'omnibus
1696 2014 2008 2082 habentes,
2034 2031 2127 2070 ve-

2312 2013 2388 2065 Οὐ
2431 2017 2582 2086 μόνον
2615 2015 2663 2065 οἱ
2706 2013 3043 2087 εἰρηνεύοντες
3073 2013 3221 2067 αὐτοὶ
3267 2016 3398 2086 πρὸς
3445 2014 3657 2079 πάντας,
3715 2011 3849 2065 ἀλλὰ

465 2121 601 2162 rum
631 2105 806 2160 etiam
851 2104 1169 2159 seditiosos
1209 2109 1418 2159 mutuo
1449 2104 1598 2159 inter
1629 2119 1690 2158 se
1722 2103 2083 2176 paciﬁcante:

2240 2109 2329 2154 καὶ
2384 2105 2432 2155 οἱ
2490 2104 2692 2176 ἐτέρους
2743 2103 3126 2164 στασιάζοντας
3175 2102 3638 2164 καταλλάσσοντες.
3686 2102 3847 2175 Εἰρη-

468 2195 752 2250 Dicuntur
782 2198 983 2248 autem
1023 2189 1265 2264 paciﬁci,
1300 2197 1353 2248 et
1383 2192 1484 2264 qui
1515 2208 1622 2263 per
1650 2192 1986 2248 doctrinam
2022 2193 2080 2248 in

2239 2196 2443 2243 νοποιοὶ
2483 2189 2542 2244 δέ
2576 2192 2679 2244 εἰσι
2716 2197 2805 2244 καὶ
2849 2195 2905 2244 ὀὶ
2959 2189 3052 2244 διὰ
3081 2189 3432 2252 διδασκαλίας
3460 2195 3582 2254 τοὺς
3619 2189 3851 2263 ἐχθροὺς

467 2282 658 2338 micos
700 2281 778 2338 ad
823 2283 1010 2337 Deum
1055 2280 1219 2352 (mm)
1271 2284 1626 2335 convertunt
1677 2298 1690 2336 :
1732 2281 1834 2353 qui
1876 2280 1978 2336 ﬁlii
2031 2283 2085 2336 ῡι

2243 2289 2332 2333 τοῦ
2391 2288 2523 2334 Θεοῦ
2578 2281 2967 2356 ἐπιστρέφοντες
3021 2303 3032 2314 ·
3089 2283 3194 2333 υἱοὶ
3257 2277 3318 2333 δὲ
3377 2288 3512 2335 Θεοῦ
3571 2282 3618 2332 οἱ
3674 2288 3850 2332 τοιοῦ-

469 2370 862 2443 appellantur.
909 2373 1056 2426 Nam
1095 2373 1154 2425 et
1179 2369 1524 2441 Unigenitus
1565 2371 1685 2425 Deo
1716 2385 1831 2426 nos
1867 2385 2087 2427 reconc

2239 2391 2340 2424 τοι.
2396 2374 2494 2423 Καὶ
2541 2373 2642 2444 γὰρ
2685 2376 2775 2422 καὶ
2825 2371 2860 2422 όν
2903 2374 3181 2443 μονογενὴς
3235 2369 3549 2432 κατήλλαξεν
3594 2370 3728 2441 ἡμᾶς
3777 2375 3849 2438 τῷ

467 2459 653 2517 liavit.

2242 2468 2373 2530 Θεῷ.

541 2552 700 2605 Vers.
751 2549 832 2603 £0.
885 2548 1058 2605 Beati
1088 2579 1154 2586 —
1185 2548 1472 2604 caelorum.
1549 2549 1591 2618 -ια
1647 2550 1918 2618 Regnum
1964 2550 2132 2607 coelo-

2310 2551 2576 2622 Μακάριοι
2622 2579 2691 2590 --
2735 2548 2982 2621 οὐρανῶν.
3039 2547 3309 2601 Βασιλείαν
3370 2548 3481 2619 (32)
3540 2553 3644 2600 τῶν,
3692 2545 3850 2620 οὐρα-

467 2645 626 2702 riim,
654 2637 749 2693 alii
782 2637 1027 2710 quidem
1057 2636 1280 2701 dicunt,
1313 2636 1499 2692 vitam
1527 2653 1708 2708 quam
1741 2639 1800 2693 in
1838 2639 2001 2694 ccrlis
2028 2640 2085 2695 dt

2239 2646 2358 2702 νῶν,
2409 2639 2457 2691 οἱ
2514 2642 2603 2710 μὲν
2659 2642 2869 2709 λέγουσι
2923 2642 3013 2697 τὴν
3062 2638 3110 2690 ἐν
3167 2637 3404 2710 οὐρανοῖς
3457 2633 3750 2707 διαγωγὴν,
3801 2637 3851 2688 οἱ

471 2731 615 2798 gunt
644 2744 657 2794 ;
686 2727 785 2782 alii
810 2743 971 2790 vero,
1005 2725 1300 2798 aequalem
1333 2725 1558 2796 angelis
1600 2726 1800 2782 statim
1826 2727 1888 2783 in
1925 2728 2088 2784 ccelis

2243 2725 2322 2794 δὲ,
2354 2732 2448 2786 την
2496 2727 2767 2798 ἱσάγγελον
2813 2725 2861 2778 ἐν
2912 2728 3149 2801 οὐρανοῖς
3198 2728 3542 2790 κατάστασιν,
3577 2727 3626 2776 οἱ
3675 2721 3755 2791 δὲ,
3787 2728 3847 2776 τό

469 2816 621 2873 tertii
644 2819 862 2880 autem,
892 2815 1151 2886 speciem
1179 2814 1395 2872 divinae
1418 2815 1665 2871 visionis
1686 2816 1832 2886 (nn),
1853 2833 1987 2889 quae
2012 2835 2079 2872 cu

2242 2813 2376 2876 εἶδος
2437 2826 2533 2877 τῆς
2597 2819 2768 2876 θεῑκῆς
2839 2820 3156 2891 ὡραιότητος
3209 2824 3309 2867 τῶν
3365 2816 3691 2888 φορεσάντων
3753 2817 3846 2871 τὴν

469 2921 588 2978 que
600 2904 946 2976 rependitur
957 2904 1129 2975 juxta
1144 2904 1490 2974 qualitatem
1511 2921 1580 2960 ac
1601 2906 1989 2977 quantitatem
2011 2923 2079 2962 su

2242 2906 2412 2958 εἰκόνα
2493 2913 2584 2957 τοῦ
2656 2905 2962 2980 ἐπουρανίου
3024 2948 3036 2972 ,
3094 2908 3210 2966 ἣτις
3291 2901 3508 2956 δίδοται
3569 2905 3705 2955 κατὰ
3790 2906 3848 2954 τὸ

465 2976 700 3066 jiistitiae
721 3012 733 3062 ;
753 2993 947 3065 quarti
969 3008 1102 3048 vero
1128 3007 1380 3062 regnum
1406 2976 1689 3048 caelorum
1707 2993 1913 3049 dicunt
1936 3011 2083 3051 remi

2241 2999 2385 3046 ποιόν
2416 3014 2470 3046 τε
2499 2999 2587 3046 καὶ
2617 2998 2778 3046 ποσὸν
2810 3003 2899 3054 τῆς
2945 2993 2991 3045 ἐν
3037 2994 3239 3064 ἑκάστῳ
3277 2990 3639 3056 δικαιοσύνης,
3669 2994 3718 3042 οἱ
3759 2987 3841 3064 δὲ,

471 3083 840 3148 nerationem,
871 3099 999 3154 quae
1025 3081 1356 3137 secundum
1376 3081 1644 3138 habitam
1676 3083 1929 3153 gratiam
1953 3083 2089 3140 datu

2240 3087 2332 3142 τὴν
2371 3086 2504 3136 κατὰ
2542 3085 2703 3158 χάριν
2748 3080 3033 3156 μετάδοσιν
3079 3091 3178 3134 τῶν
3231 3085 3465 3154 φυσικῶς
3513 3081 3628 3152 (33)
3669 3099 3848 3154 προσ-

469 3173 563 3228 his
594 3173 694 3246 qui
716 3189 786 3227 ex
806 3188 870 3227 se
898 3172 974 3227 ad
1006 3174 1189 3227 Deum
1215 3171 1437 3226 bonum
1465 3171 1755 3228 accedunt
1781 3173 1914 3246 (00).
1937 3175 2020 3245 -Η-
2046 3177 2086 3229 Ε

2239 3178 2396 3225 όντων
2445 3181 2517 3243 τῷ
2569 3179 2682 3242 Θεῷ
2735 3172 2942 3243 ἀγαθῶν
2989 3172 3131 3243 (34),
3175 3177 3287 3222 Τῶν
3334 3173 3604 3246 τεσσάρων
3655 3165 3729 3239 δὲ,
3786 3173 3847 3222 τὸ

467 3261 560 3318 his
603 3266 862 3333 quatuor
887 3260 1116 3316 tertium
1147 3267 1204 3316 et
1232 3264 1508 3331 quartum
1540 3276 1788 3332 regnum
1822 3263 1922 3318 Dei
1950 3264 2085 3320 etiai

2239 3267 2412 3335 τρίτον
2439 3265 2614 3314 καὶτὸ
2672 3266 2934 3336 τέταρτον,
2973 3265 3063 3312 καὶ
3117 3259 3390 3332 βασιλείαν
3435 3266 3528 3312 τοῦ
3579 3266 3712 3312 Θεοῦ
3764 3258 3846 3310 λέ-

469 3350 796 3421 appellant.
1474 3356 1488 3362 ‘

1474 3356 1488 3362 “
2237 3371 2445 3424 γουσιν,

542 3441 656 3494 Hoo
682 3437 826 3493 dixit
850 3452 924 3492 ne
947 3443 1118 3510 putes
1145 3437 1370 3510 ubique
1402 3437 1710 3509 pulchram
1740 3453 1868 3495 esse
1897 3455 2124 3513 pacem.

2308 3447 2473 3492 Τοῦτο
2515 3437 2670 3507 εἶπεν,
2731 3441 2815 3492 ἱνα
2871 3444 2941 3512 μὴ
3000 3443 3242 3512 νομίσῃς,
3298 3440 3378 3491 ὅτι
3425 3444 3703 3510 πανταχοῦ
3752 3456 3853 3490 κα-

467 3527 766 3587 Justitiam
795 3531 998 3582 autem
1023 3526 1118 3581 hic
1150 3526 1553 3582 universaliter
1578 3544 1820 3583 omnem
1851 3529 2085 3585 virtute:

2236 3529 2322 3581 λον
2375 3531 2404 3587 ἡ
2462 3529 2659 3602 εἰρήνη.
2716 3531 3059 3585 Δικαιοσύνην
3129 3523 3188 3580 δε
3261 3535 3366 3587 νῦν,
3434 3527 3550 3599 (35)
3619 3525 3847 3578 καθόλου

469 3616 820 3674 nominavit.
851 3615 1076 3680 Quodsi
1107 3615 1286 3685 hujus
1317 3631 1561 3687 quoque
1588 3617 1802 3687 egregii
1845 3617 2087 3675 facinori

2238 3625 2412 3672 πᾶσαν
2467 3616 2652 3690 ἀρετὴν
2689 3617 2972 3690 ὠνόμασεν.
3036 3617 3178 3670 Ἐπεὶ
3239 3613 3299 3668 δὲ
3346 3621 3435 3668 καὶ
3505 3618 3692 3668 τούτου
3750 3623 3848 3668 τοῦ

469 3705 787 3778 praemium
815 3705 1017 3776 posuit
1040 3720 1292 3774 regnum
1323 3705 1608 3761 cmlorum
1635 3723 1648 3760 :
1675 3721 1749 3762 ne
1779 3707 1828 3762 is
1858 3707 2087 3779 indigni

2239 3709 2643 3781 κατορθώματος
2717 3706 2934 3759 ἔπαθλον
2999 3708 3193 3760 τέθεικε
3257 3709 3351 3763 τὴν
3407 3703 3679 3777 βασιλείαν
3742 3713 3849 3757 τῶν

468 3794 754 3865 ris,quasi
768 3795 1074 3865 praemium
1087 3793 1346 3849 alienum
1361 3794 2086 3867 sumentibusﬂuanquai

2239 3798 2484 3871 οὐρανῶν,
2537 3800 2608 3868 μὴ
2680 3793 3020 3868 δυσχεράνῃς
3065 3793 3149 3846 ἐπὶ
3213 3801 3318 3854 τοῖς
3373 3793 3572 3846 ἀλλοῖον
3623 3796 3848 3865 ἔχουσιν

472 3883 631 3938 enim
677 3883 851 3938 variae
895 3883 1167 3938 videntur
1209 3887 1467 3956 acceptae
1517 3885 1638 3956 (pp)
1687 3884 2090 3942 retributiones

2239 3885 2473 3940 ἔπαθλον.
2518 3885 2578 3938 Εἰ
2618 3887 2720 3960 ⁴γὰρ
2770 3889 2860 3938 καὶ
2909 3880 3154 3956 διάφοροι
3197 3879 3445 3936 δοκοῦσιν
3496 3882 3552 3934 αἰ
3595 3883 3851 3957 ῥηθεῖσαι

470 3977 716 4044 propter
728 3971 1038 4026 nominum
1055 3973 1415 4038 varietatem,
1433 3988 1646 4029 omnes
1662 3980 1860 4030 tamen
1877 3990 2088 4045 regnum

2239 3975 2479 4049 ἀμοιϐαὶ,
2548 3971 2642 4027 διὰ
2719 3978 2813 4032 τὴν
2880 3974 3154 4046 ἑτερότητα
3227 3981 3327 4024 τῶν
3394 3972 3679 4045 ὀνομάτων,
3732 3969 3848 4023 ἀλλ’

473 4060 754 4115 caelorum
781 4059 1116 4129 designant.
1150 4060 1457 4132 Siquidem
1481 4077 1691 4117 omnes
1717 4062 1822 4134 qui
1850 4063 1941 4118 his
1963 4064 2091 4135 dig:

2238 4063 2324 4118 οὖν
2382 4072 2548 4118 πᾶσαι
2594 4068 2689 4122 τὴν
2749 4062 3021 4135 βασιλείαν
3073 4071 3174 4114 τῶν
3226 4063 3453 4137 οὐρανῶν
3507 4061 3847 4114 αἰνίττονται.

471 4148 763 4205 habentur
805 4149 1313 4218 retributionibus,
1353 4166 1538 4220 regno
1569 4167 1808 4222 quoque
1841 4153 2089 4211 caelorur

2238 4159 2428 4214 Πάντες
2455 4156 2558 4226 γὰρ
2608 4155 2655 4205 οἱ
2685 4155 2879 4206 τούτων
2928 4151 3244 4223 ἀξιωθέντες,
3301 4156 3526 4214 καὶτῆς·
3567 4149 3848 4223 βασιλείας

474 4237 774 4303 fruuntur,
802 4238 933 4295 ideo
963 4239 1141 4295 etiam
1172 4254 1380 4295 omnes
1402 4239 1563 4295 beati
1594 4239 1730 4294 dicti
1764 4245 1918 4298 sunt.

2237 4253 2335 4297 τῶν
2383 4243 2610 4318 οὐρανῶν
2652 4242 2976 4294 ἀπολαύουσι
3009 4259 3022 4272 ⁸
3083 4238 3169 4293 διό
3225 4246 3312 4294 καὶ
3361 4243 3542 4301 πάντες
3588 4241 3850 4313 μακάριοι

2161 4343 2206 4400 D
2239 4334 2518 4405 ὠνομάσθη
2529 4351 2644 4387 σαν.

546 4418 588 4488 -ξ-
633 4420 760 4472 Non
811 4417 917 4472 soli
959 4422 1248 4490 martyres
1285 4419 1758 4490 persecutionem
1811 4421 2122 4491 sustinent,

2311 4422 2389 4475 Οὐ
2432 4426 2582 4495 μόνον
2637 4421 2749 4494 (36)
2807 4424 2856 4474 οἱ
2906 4422 3164 4496 μάρτυρες
3218 4416 3516 4487 διώκονται,
3573 4417 3700 4472 ἀλλὰ
3749 4423 3849 4472 καὶ

547 4595 596 4632 ⁸⁸
624 4596 792 4652 Hebr.
827 4598 926 4668 ιιι,
959 4598 1042 4652 14.

1711 4726 1934 4795 Variae
1961 4725 2294 4828 lectiones
2334 4739 2400 4799 et
2425 4735 2606 4812 notae

550 4863 571 5153 ἓ

577 4863 664 4943 go)
690 4864 772 4943 ἓξ
799 4863 1060 4943 Theoph.
1092 4881 1158 4943 p.
1186 4866 1340 4943 26_E.
1407 4835 1411 4838 ⁴

2309 4873 2421 4943 (34)
2463 4873 2548 4929 Ab
2579 4880 2678 4924 τῶν
2708 4871 2786 4927 ad
2802 4871 3046 4943 λέγουσιν
3077 4866 3293 4928 omittit
3323 4865 3675 4928 Hentenius.

696 4936 1022 5016 :I‘heophyl.
1046 4936 1112 5016 ΡΙ
1142 4938 1304 5016 27‘A.
1432 5009 1448 5016 _
1516 5009 1530 5016 _
1603 5013 1610 5016 _
1643 5009 1654 5016 _
1904 5011 1915 5016 _
2153 4985 2159 5004 ε

1904 5011 1915 5016 _
2153 4985 2159 5004 .,
2308 4936 2425 5016 (35)
2467 4951 2593 5011 Νῦν,
2623 4936 2956 5016 οωὶιιίῑ.’ᾼ.
3025 5015 3030 5016 ν
3275 4995 3280 5002 .

575 4941 668 5153 31)
697 4941 1110 5062 Theophyl.
1142 4942 1206 4991 27
1238 4941 1304 4994 A.
1643 5009 1654 5019 .
1904 5011 1915 5022 ο
2153 4985 2159 5004 -,
2308 4941 2425 5087 (35)
2467 4951 2593 5011 Νῦν,
2623 4941 2956 5025 omittite.
3133 5012 3143 5024 .
3188 5013 3199 5023 θ
3275 4995 3281 5002 .
3440 5013 3449 5024 1
3729 5010 3742 5022 ο

575 5014 640 5067 32
696 5009 926 5064 Inclusa
952 5024 1021 5063 co
1069 5025 1138 5064 ex
1158 5013 1417 5091 uterque
1432 5009 1618 5066 habet
1641 5024 1701 5091 in
1730 5025 2018 5093 margine.
2309 5017 2400 5099 (36
2464 5019 2596 5071 Haec
2621 5030 2686 5097 in
2715 5030 2984 5084 margine
3007 5013 3236 5070 Codicis
3261 5015 3479 5095 reperit
3498 5015 3850 5071 Hentenius.

575 5086 639 5138 33
697 5082 1084 5153 Vehementer
1112 5079 1410 5153 discrepat
1434 5081 1782 5148 Hentenius,
1826 5100 1925 5153 qui
1965 5083 2131 5141 haud
2238 5089 2343 5146 Mei
2369 5088 2484 5145 hoc
2509 5085 2730 5144 scholio
2761 5090 2986 5144 carent.
3016 5084 3435 5153 TheOphylacti
3466 5088 3572 5150 est,
3600 5099 3660 5153 p.
3692 5087 3760 5139 27
3781 5087 3850 5142 B.

575 5079 664 5161 _3_3)
697 5082 1084 5161 Vehementer
1112 5079 1410 5161 discrepat
1434 5080 1782 5148 Hentenius,
1826 5079 1925 5158 qui
1965 5083 2131 5141 haud
2238 5079 2343 5146 Mei
2369 5079 2484 5145 hoc
2509 5085 2730 5144 scholio
2761 5079 2986 5144 car'ent.
3016 5079 3435 5157 TheOphylacti
3466 5088 3572 5150 est,
3600 5099 3660 5156 p.
3692 5087 3760 5139 27
3781 5087 3851 5142 B.

479 5149 662 5212 dubié
685 5156 1005 5227 προσιόντων
1032 5149 1192 5222 legit.
1309 5149 1328 5152 ”
1844 5149 1868 5158 "
2163 5173 2166 5180 .

553 5297 639 5374 (ιι)
669 5273 934 5374 Ρνιιυιιῖιῃ.
960 5295 1243 5374 Deterius.
2242 5301 2400 5359 istud
2438 5300 2666 5360 facilius
2690 5304 2798 5359 est.
2832 5300 3154 5359 Hentenius
3177 5299 3306 5358 haec
3337 5314 3586 5373 prorsus
3613 5299 3858 5373 praeter-

576 5385 686 5422 mm
867 5369 1068 5424 Deum.
1103 5367 1222 5422 Dei.
2312 5375 2322 5385 '
2363 5375 2373 5384 '
2414 5416 2428 5430 .
3338 5367 3358 5373 ’
3615 5367 3632 5373 ”

555 5368 960 5509 inn))82c§i'iem
979 5469 1049 5480 --
1072 5436 1355 5494 visionis.l
1372 5427 1898 5509 niaginemdivinas
1923 5443 2134 5500 formas
2243 5379 2437 5509 milii)
2459 5444 3003 5503 Remunerationem
3023 5473 3088 5486 -
3105 5443 3411 5502 accedunt.
3433 5443 3746 5502 Communi

580 5436 960 5518 nn)'Spec_-ie-i_n
979 5469 1049 5480 -—-
1072 5436 1355 5518 visionisl
1367 5436 1671 5518 maginem
1683 5437 1902 5518 divinae
1923 5443 2134 5518 formai
2274 5517 2281 5518 ί
2323 5445 2437 5518 (oo)
2459 5444 3003 5518 Remunerationem
3023 5473 3088 5486 —
3105 5443 3411 5518 accedunt.
3433 5443 3857 5502 Communica—

484 5524 692 5596 eorum
708 5509 1174 5596 lquihabueru‘n't
1195 5509 1820 5596 imaginemnccelestis.
1839 5514 1984 5596 ‘Si_n_e_
2015 5515 2136 5596 ullo
2244 5509 2842 5596 tionem,quaarﬁtper
2857 5516 3133 5596 gratiam,
3147 5517 3356 5576 eorum
3375 5516 3853 5589 bonorumque;

485 5580 672 5638 dubio
705 5580 769 5635 ﬁt
798 5581 1008 5636 allusio
1037 5581 1114 5637 ad
1141 5581 1163 5636 Ι
1194 5583 1324 5638 Cor.
1361 5599 1459 5648 xv,
1489 5583 1578 5638 49.
1610 5584 1788 5653 Igitur
1818 5585 2031 5642 dubito
2063 5585 2137 5641 de
2247 5587 2404 5644 Deus
2474 5580 2834 5645 armaturam
2859 5580 3078 5646 habet.

485 5650 832 5732 integritate
863 5651 1149 5732 lectionis.
1199 5653 1314 5732 Aut
1366 5654 1527 5732 enim
1589 5658 1908 5732 φορεσόντων
1941 5657 2134 5732 ιθερης
2318 5605 2760 5732 (ppfAcoeptw.
2793 5662 3078 5722 Memorat

483 5650 832 5734 integritate.
863 5651 1149 5734 lectionis.
1199 5653 1314 5734 Aut
1366 5654 1527 5734 enim
1589 5650 1908 5734 φξρεσόντων
1941 5657 2134 5734 ιθερης
2318 5650 2451 5734 (ppj
2473 5662 2760 5732 Accepta.
2793 5662 3144 5722 lemoratm.

485 5724 655 5796 dum,
689 5727 793 5784 aut
818 5723 952 5786 loco
989 5723 1297 5801 ἐπουρανίου
1329 5723 1748 5800 corrigendum
1776 5723 2137 5801 xoixoa.'Sed
