4098 6400
186 352 276 409 197
1186 348 1538 410 COMMENT.
1584 351 1652 409 ΙΝ
1693 353 1787 413 MA

1906 352 2148 414 H/EUM.
2188 389 2257 398 —
2297 357 2455 416 CAP.
2488 362 2556 419 V.
3453 365 3555 423 198

180 478 357 532 πολλοὶ
419 479 574 530 ἕνεκεν
634 484 731 529 τοῦ
805 476 1021 551 βοηθεῖν
1084 487 1197 541 τοῖς
1267 474 1650 554 ἀδικουμένοις,
1708 487 1787 535 καὶ

1906 484 2005 539 sed
2028 484 2266 556 plurimi
2296 502 2538 559 quoque
2563 486 2682 555 alii,
2712 489 2855 560 quia
2897 488 3015 545 illis
3039 494 3177 547 sunt
3215 491 3434 547 auxilio
3457 494 3563 563 qni

181 573 353 628 πάσης
408 566 583 627 ἁπλῶς
632 566 848 637 ἀρετῆς,
883 570 1202 627 Δικαιοσύνη
1248 573 1369 643 γὰρ,
1416 572 1446 628 ἠ
1502 578 1650 623 πάσα
1681 570 1792 647 ἀρε-

179 663 263 715 τή.
302 657 442 710 Ἐπεὶ
491 661 581 709 καὶ
629 656 852 709 κλέπται
908 663 998 709 καὶ
1046 665 1209 730 φονεῖς
1260 655 1536 712 διώκονται
1597 660 1701 713 αλλ’
1734 661 1792 714 οὗ

178 750 443 821 μακάριοι.

250 927 519 999 Μακάριοι
577 954 643 963 —
699 924 861 977 ἕνεκεν
920 923 1065 997 ἐμοῦ.
1128 923 1240 980 Ἵνα
1296 926 1409 1000 (37)
1467 932 1538 1001 μὴ
1604 928 1792 982 ὑπολά-

180 1015 293 1087 ϐῃς,
355 1016 436 1066 ὅτι
486 1017 545 1065 τὸ
598 1013 774 1076 ἁπλῶς
821 1022 1064 1090 πονηροῖς
1105 1014 1311 1090 ῥήμασι
1359 1015 1647 1089 βάλλεσθαι
1690 1039 1793 1092 μα-

176 1108 379 1176 κάριον,
414 1100 514 1155 δύο
562 1104 858 1177 προσέθηκε
903 1101 1233 1179 διορισμοὺς,
1284 1109 1363 1178 τὸ,
1417 1102 1590 1179 ψευδῆ
1625 1110 1689 1159 τὰ
1718 1107 1792 1159 λε-

174 1202 371 1265 γόμενα
410 1190 566 1259 εἶναι,
626 1197 717 1246 καὶ
769 1190 864 1246 διὰ
896 1197 983 1247 τὸν
1030 1198 1261 1268 Χριστὸν
1305 1201 1471 1249 ταῦτα
1514 1194 1783 1268 λέγεσθαι.

176 1284 236 1337 Εἰ
266 1287 372 1356 γὰρ
422 1287 499 1356 μή
551 1290 721 1355 ταῦτα
763 1283 929 1345 οὕτως
972 1286 1104 1356 ἔχει,
1137 1284 1327 1357 μᾶλλον
1384 1286 1561 1349 ἄθλιος
1615 1288 1640 1338 ὁ
1697 1306 1791 1338 κα-

175 1381 276 1433 κῶς
326 1372 556 1427 ἀκούων.
608 1375 672 1426 Τί
730 1380 831 1425 τῶν
884 1373 1142 1449 ῥηθεισών
1198 1377 1394 1428 τούτων
1442 1379 1790 1451 παραινέσεων

178 1459 604 1538 παραδοξότερον
656 1463 845 1533 γίνοιτ’
905 1460 986 1529 ἂν,
1049 1464 1169 1515 ὅταν
1244 1466 1310 1516 τὰ
1387 1471 1516 1517 πᾶσι
1575 1467 1788 1538 φευκτὰ,

174 1558 309 1604 πᾶσι
359 1553 578 1605 ποθεινὰ
631 1556 865 1623 γίνηται,
914 1548 1009 1605 διὰ
1052 1557 1147 1612 την
1195 1561 1295 1607 τῶν
1353 1551 1583 1607 ἐπάθλων
1632 1574 1791 1628 μεγα-

174 1642 420 1700 λειότητα
452 1658 467 1708 ;
497 1640 559 1693 Ὀ
606 1637 666 1694 δὲ
713 1645 800 1693 καὶ
828 1645 1070 1717 φορτικὰ,
1118 1648 1208 1695 καὶ
1255 1641 1460 1696 ἐναντία
1509 1652 1570 1718 τῇ
1628 1650 1791 1720 μέχρι

174 1736 291 1784 τότε
347 1733 605 1803 συνηθείᾳ
659 1738 761 1783 τῶν
808 1730 1089 1807 ἀνθρώπων
1139 1729 1488 1806 δογματίσας,
1526 1736 1662 1807 ὅμως
1700 1739 1791 1787 καὶ

176 1824 379 1889 ἔπεισε,
406 1826 495 1873 καὶ
523 1823 695 1874 πείθει
724 1817 924 1894 σχεδὸν
960 1828 1130 1874 πᾶσαν
1162 1827 1256 1880 την
1284 1823 1607 1896 οἰκουμένην.

1902 566 2245 625 afﬁciuntur
2272 569 2511 640 injuria,
2554 574 2610 627 et
2652 572 3058 630 universaliter
3087 582 3323 647 propter
3351 592 3563 647 quam-

1904 670 2136 727 cunque
2176 655 2473 713 virtutem.
2522 657 2754 715 Justitia
2797 660 3093 733 siquidem
3143 663 3338 719 omnis
3374 664 3562 719 virtus

1902 748 2011 800 est.
2056 747 2233 800 Fures
2270 762 2412 803 vero
2444 748 2619 803 etiam
2653 749 2969 807 homicidas
3011 752 3419 824 perfectionem
3457 769 3563 826 pa-

1905 832 2117 889 tientur
2146 850 2267 891 non
2298 841 2499 893 tamen
2529 838 2686 895 beati
2725 840 3021 897 dicuntur.

1974 924 2137 979 Vers.
2178 926 2268 981 11.
2301 925 2470 983 Beati
2494 957 2556 969 —-
2579 934 2820 999 propter
2856 947 2961 986 me.
2995 931 3083 987 Ad
3116 930 3422 1003 apostolos
3454 933 3560 1005 qui

1901 1012 2172 1081 aderant,
2213 1031 2553 1073 sermonem
2592 1018 2808 1090 dirigit,
2852 1021 3172 1077 ostendens
3211 1022 3559 1079 doctoribus

1900 1102 2209 1176 proprium
2235 1120 2364 1160 esse
2405 1106 2638 1177 probris
2678 1107 2853 1165 afﬁci.
2897 1113 2975 1167 Ne
3006 1115 3207 1167 autem
3247 1113 3558 1183 suSpiceris

1900 1192 2061 1263 quod
2083 1193 2423 1266 simpliciter
2439 1196 2636 1252 verbis
2660 1199 2834 1254 malis
2860 1199 3065 1272 impeti
3094 1201 3168 1257 sit
3186 1200 3453 1267 beatum,
3475 1202 3560 1257 id-

1900 1281 2056 1337 circo
2086 1282 2334 1352 addidit,
2365 1300 2499 1356 quae
2527 1286 2703 1357 plane
2733 1286 3179 1346 distinctionem
3196 1290 3444 1356 faciunt,
3477 1291 3560 1347 vi-

1898 1369 2110 1427 delicet
2142 1376 2207 1428 ut
2241 1388 2373 1445 quas
2401 1374 2679 1431 dicuntur
2716 1377 3028 1433 mendacia
3058 1378 3193 1447 sint,
3228 1386 3283 1435 et
3314 1385 3556 1451 propter

1901 1459 2198 1517 Christum
2224 1478 2294 1518 ea
2316 1462 2611 1520 dicantur.
2638 1465 2859 1530 Quodsi
2876 1467 3004 1523 haec
3022 1483 3144 1522 non
3159 1468 3237 1524 ita
3255 1483 3315 1523 se
3331 1469 3558 1526 habent

1900 1549 2083 1607 miser
2121 1550 2321 1623 potius
2354 1557 2441 1609 est
2472 1553 2577 1625 qui
2610 1554 2761 1609 male
2795 1556 2985 1625 audit,
3020 1560 3221 1629 utpote
3261 1556 3555 1629 plurimos

1900 1640 2022 1695 suis
2043 1639 2215 1696 malis
2234 1642 2512 1713 operibus
2534 1641 2863 1699 offendens.
2886 1645 3039 1710 Quid
3069 1661 3211 1716 ergo
3233 1646 3325 1701 his
3353 1646 3561 1703 admo-

1898 1729 2215 1786 nitionibus
2240 1731 2568 1787 mirabilius
2590 1748 2716 1789 esse
2744 1738 2980 1805 potest?
3004 1735 3231 1792 utinam
3248 1752 3391 1791 vero
3421 1753 3556 1808 quae

1818 1821 1865 1876 Β
1898 1820 1976 1875 ab
2020 1819 2297 1875 omnibus
2341 1821 2656 1887 evitantur,
2719 1839 3084 1895 praemorum
3145 1826 3557 1896 magnitudine

178 1910 334 1967 ﬁant
362 1910 648 1967 omnibus
669 1910 1088 1967 desiderabilia
1120 1913 1239 1984 (qq)
1264 1915 1412 1969 Nam
1430 1914 1532 1985 qui
1557 1914 1763 1984 gravia
1785 1929 1853 1969 ac
1868 1909 2120 1966 molesta
2146 1914 2202 1965 et
2229 1910 2549 1967 hominum
2573 1914 2992 1969 consuetudini
3018 1913 3096 1970 ad
3112 1914 3172 1970 id
3204 1930 3394 1987 usque
3414 1920 3558 1971 tem-

175 2001 345 2073 poris
378 2000 676 2057 contraria
705 2000 1057 2073 praacripsit,
1092 2003 1386 2073 persuasit
1418 2007 1620 2059 tamen
1651 2008 1708 2060 et
1737 2000 2055 2077 persuadet
2080 1998 2361 2055 universo
2387 1999 2507 2056 fere
2537 2001 2678 2057 orbi.

244 2096 474 2165 Χαίρετε
532 2123 600 2131 -
656 2090 914 2164 οὐρανοῖς.
996 2093 1213 2165 Χαίρετε
1284 2098 1374 2144 καὶ
1450 2091 1782 2165 ἀγαλλιᾶσθε,

168 2181 360 2241 πάντες
402 2181 451 2233 οἱ
506 2175 902 2252 ὀνειδιζόμενοι,
965 2185 1054 2233 καί
1104 2177 1433 2254 διωκόμενοι,
1472 2188 1560 2235 καὶ
1616 2192 1789 2245 κακῶς

168 2270 474 2338 ἀκούοντες,
508 2273 572 2330 ὡς
611 2273 838 2344 εἴρηται.
890 2269 1060 2323 Εἰπὼν
1106 2266 1184 2337 δὲ,
1218 2272 1298 2323 ὅτι
1338 2273 1363 2323 ὁ
1413 2274 1614 2335 Μισθὸς
1646 2274 1787 2345 ὑμῶν

168 2358 329 2423 πολὺς
381 2357 431 2411 ἒν
481 2366 592 2421 τοῖς
642 2358 699 2411 οὐ
752 2366 913 2430 ανοίς,
971 2357 1203 2431 ἐπήγαγε
1252 2366 1340 2413 καὶ
1393 2360 1566 2434 ἑτέραν
1618 2364 1786 2436 παρά-

168 2449 264 2506 κλη
273 2468 384 2503 σιν.

241 2542 283 2608 -ξ-
319 2541 392 2590 Τὸ
427 2540 534 2609 γὰρ
738 2532 1017 2610 ὑπομεῖναι
1044 2533 1259 2606 ὄνειδος,
1307 2544 1443 2611 μέγα
1489 2544 1579 2592 καὶ
1629 2540 1788 2613 χαλε-

168 2635 432 2681 πώτατον.
472 2630 559 2679 Διὸ
589 2630 682 2677 καὶ
720 2628 745 2678 ὁ
783 2626 917 2693 Ἰὼϐ,
958 2631 1075 2687 τοὺς
1119 2626 1300 2689 ἄλλους
1344 2630 1619 2701 ὑπομείνας
1670 2648 1786 2681 πει-

169 2722 429 2791 ρασμοῦς,
463 2721 584 2768 τότε
627 2715 860 2788 μάλιστα
891 2717 1189 2790 ἐταράχθη,
1221 2720 1305 2770 ὅτε
1334 2715 1602 2780 ὠνείδιζον
1646 2718 1786 2789 αὐτῷ

171 2810 219 2859 οἱ
252 2808 410 2880 pilai,
437 2808 510 2868 ως
538 2802 614 2858 δι’
642 2805 903 2881 ἁμαρτίας
930 2809 1219 2879 πάσχοντι.

245 2986 399 3036 Οὕτω
426 3016 494 3027 -
530 2986 654 3044 τοὺς
684 2987 784 3059 πρὸ
818 2986 979 3057 ὑμῶν.
1015 2985 1271 3038 Ἐντεῦθεν
1316 2988 1548 3060 φανερὸν,
1582 2987 1661 3038 ὅτι
1705 2991 1783 3039 τό·

174 3076 441 3148 Μακάριοί
475 3072 618 3139 ἐστε,
666 3079 755 3125 καὶ
783 3075 848 3125 τά
887 3073 1020 3139 ἑξῆς,
1055 3071 1205 3136 ἰδίως
1250 3077 1380 3148 πρὸς
1409 3080 1523 3137 τοὺς
1554 3078 1788 3147 μαθητὰς

1971 2090 2131 2145 Vers.
2167 2090 2255 2146 12.
2293 2089 2559 2146 Gaudete
2586 2122 2653 2129 —
2683 2091 2861 2149 costis.
2898 2092 3160 2149 Gaudete
3199 2096 3255 2150 et
3300 2093 3555 2150 exultate

1896 2178 2103 2249 spiritu
2133 2178 2501 2251 quicumque
2528 2180 2722 2251 proba
2743 2197 2812 2237 ac
2835 2182 3278 2253 persecutiones
3308 2182 3555 2239 sustine—

1894 2268 1967 2321 tis
1998 2271 2055 2323 et
2094 2269 2279 2323 modo
2314 2286 2424 2340 quo
2460 2268 2689 2325 dictum
2735 2276 2822 2326 est
2859 2270 3013 2327 male
3040 2272 3280 2328 auditis.
3341 2272 3556 2328 Dicens

1896 2361 2097 2415 autem
2125 2357 2362 2414 :Merces
2390 2364 2585 2415 vestra
2616 2359 2799 2415 multa
2825 2362 2986 2417 estin
3011 2361 3173 2418 cretis
3204 2360 3386 2418 aliam
3409 2378 3555 2434 quo-

1895 2461 2013 2519 que
2043 2446 2509 2503 consolationem
2541 2447 2791 2505 induxit.

1967 2535 2009 2605 -ι-
2035 2536 2186 2590 Nam
2209 2536 2537 2607 opprobria
2555 2537 2849 2593 sustinere
2888 2554 3177 2610 magnum
3202 2543 3308 2605 est,
3334 2542 3389 2595 et
3426 2555 3555 2611 gra-

1895 2638 1967 2678 ve
1998 2623 2344 2680 admodum.
2375 2626 2535 2681 Unde
2567 2633 2621 2681 et
2641 2625 2749 2681 Job
2770 2631 3087 2699 postquam
3114 2627 3259 2684 alias
3288 2627 3556 2684 tentatio-

1896 2728 2003 2768 nes
2055 2716 2346 2784 patienter
2392 2714 2756 2782 toleraverat,
2793 2720 2928 2773 tanc
2976 2718 3236 2773 maxime
3285 2717 3555 2773 turbatus

1896 2807 2007 2863 est.
2033 2802 2281 2873 quando
2308 2802 2386 2858 ab
2405 2804 2614 2860 amicis
2640 2806 2981 2877 opprobriis
3008 2805 3404 2871 afﬁciebatur,
3432 2812 3554 2863 tan-

1894 2907 2082 2965 quam
2112 2896 2348 2964 propter
2379 2899 2623 2964 peccata
2649 2911 2759 2949 sua
2790 2900 3110 2967 pateretur.

1967 2980 2133 3035 Vers.
2168 2982 2253 3036 12.
2286 2978 2382 3037 Ita
2413 3013 2474 3022 —
2501 2998 2603 3054 qui
2642 2998 2741 3039 vos
2769 2992 3210 3053 praecesserunt.
3258 2986 3400 3041 Hinc
3431 3003 3556 3043 ma-

1898 3068 2177 3125 nifestum
2204 3075 2290 3125 est
2310 3070 2473 3143 quod
2498 3070 2670 3127 illud:
2704 3073 3187 3141 Beatiestis,etc.,
3210 3075 3447 3146 proprie
3476 3075 3555 3131 ad

170 3166 367 3235 εἴρηκε,
420 3160 520 3214 διὰ
560 3167 727 3235 μέσον
780 3160 838 3215 δὲ
871 3164 1057 3229 αὐτῶν,
1107 3170 1198 3216 καὶ
1234 3168 1363 3239 πρὸς
1393 3165 1641 3232 ἅπαντας,
1674 3167 1787 3217 ὅσοι

1906 3158 2222 3230 discipulos
2253 3160 2481 3226 dixerit,
2525 3165 2581 3216 et
2606 3161 2752 3233 ipsis
2798 3162 3222 3229 mediantibus,
3268 3164 3445 3219 etiam
3478 3165 3553 3221 ad

172 3253 421 3324 μελλονσι
463 3255 748 3325 μιμεῖσθαι
796 3258 914 3314 τοὺς
963 3254 1205 3325 μαθητὰς
1257 3254 1443 3310 αὐτοῦ.
1495 3256 1644 3307 Οὕτω
1684 3257 1785 3328 γὰρ

170 3339 414 3408 ἐδίωξαν,
452 3347 609 3414 φησὶ,
641 3346 763 3404 τοὺς
816 3347 1087 3417 προφήτας
1138 3347 1254 3405 τοὺς
1306 3347 1407 3418 πρὸ
1464 3345 1630 3417 ὑμῶν,
1672 3352 1789 3406 Πῶς

171 3432 325 3493 οὕτως
377 3448 391 3497 ;
452 3427 837 3491 Ὀνειδίξοντες
891 3428 1154 3501 δηλονότι,
1208 3437 1293 3483 καὶ
1351 3429 1647 3498 διώκοντες,
1700 3439 1787 3486 καὶ

169 3522 405 3593 λέγοντες
454 3527 557 3572 πᾶν
606 3524 832 3593 πονηρὸν
880 3521 1025 3595 ῥῆμα
1069 3520 1182 3592 (39)
1228 3522 1343 3573 κατ’
1392 3522 1557 3575 αὐτῶν
1585 3520 1788 3593 ψευδό-

168 3631 334 3682 psum,
360 3613 531 3663 ἕνεκεν
568 3618 660 3661 τοῦ
711 3616 864 3664 Θεοῦ.
897 3607 1095 3683 Ὠσπερ
1150 3613 1251 3685 γὰρ
1310 3606 1456 3683 ὑμεῖς
1511 3612 1633 3686 παρ’
1665 3611 1788 3685 ἐμοῦ

170 3700 639 3765 ἀποσταλήσεσθε,
693 3698 1022 3772 κηρύξοντες,
1074 3700 1175 3751 ὅσα
1231 3698 1524 3773 ἐντελοῦμαι
1578 3719 1589 3730 ·
1654 3700 1789 3754 οὕτω

171 3786 236 3847 δὴ
269 3789 508 3841 κάκεῖνοι
540 3792 687 3863 παρά
739 3796 831 3840 τοῦ
890 3796 1022 3841 Θεοῦ
1071 3788 1459 3846 ἀπεστάλησαν.
1497 3790 1663 3842 Εἰπὼν
1707 3787 1785 3857 δὲ,

170 3881 248 3930 ὅτι
276 3883 413 3941 Τοὺς
458 3883 735 3951 προφήτας
777 3882 900 3931 τοὺς
941 3882 1040 3953 πρὸ
1075 3879 1239 3950 ὑμῶν,
1285 3878 1536 3950 ἐνέφηνεν,
1569 3880 1647 3931 ὅτι
1699 3885 1790 3931 καὶ

169 3968 311 4019 οὗτοι
344 3970 831 4041 προφητεύσουσιν.
898 3965 1006 4038 [Εἰ
1053 3966 1167 4039 (40)
1213 3972 1380 4018 τοίνυν
1435 3967 1647 4029 ἐκείνοις
1697 3968 1790 4020 οὐκ

171 4054 231 4115 ἦν
258 4056 537 4128 ἐπίψογον,
568 4060 628 4108 τὸ
661 4058 890 4126 πάσχειν
919 4052 1012 4108 διὰ
1052 4059 1203 4125 Θεὸν,
1236 4058 1435 4117 πάντως
1465 4053 1583 4108 οὐδ’
1619 4057 1790 4131 ὑμῖν.]

171 4145 324 4197 Οὕτω
384 4153 490 4206 τοῖς
550 4152 843 4218 προφήταις
893 4151 1205 4217 παρισώσας
1252 4145 1457 4211 αὐτοὺς,
1510 4143 1789 4205 ἀνέστησεν

172 4236 343 4286 αὐτῶν
374 4238 442 4286 τὰ
474 4239 633 4309 φρονή
638 4252 799 4306 ματα.

244 4324 402 4377 Βλέπε
446 4320 529 4390 δὲ,
561 4326 691 4396 μετὰ
736 4327 902 4385 πόσας
947 4322 1148 4385 ἐντολὰς
1196 4328 1282 4377 τὸν
1316 4328 1651 4400 μακαρισμὸν
1698 4333 1789 4379 τοῦ

172 4410 419 4487 διωγμοῦ
473 4421 570 4465 τοῦ
609 4414 769 4465 ἕνεκεν
826 4410 1185 4482 δικαιοσύνης,
1241 4420 1330 4466 καὶ
1382 4418 1468 4467 τὸν
1519 4422 1612 4467 τοῦ
1662 4414 1789 4467 ὀνει-

1896 3263 1994 3304 om
2005 3264 2126 3315 nes,
2146 3248 2581 3321 quidiscipulos
2595 3266 2735 3306 suos
2748 3256 2947 3308 essent
2972 3252 3383 3309 imitatur1.Ita
3398 3253 3553 3309 enim

1895 3337 2100 3409 inquit,
2131 3340 2429 3407 persecuti
2450 3347 2587 3395 sunt
2612 3342 2959 3410 prophetas,
2992 3341 3090 3413 qui
3119 3357 3221 3397 vos
3245 3357 3555 3411 praecesse-

1897 3433 2060 3482 runt.
2079 3430 2205 3493 Quo
2235 3428 2417 3483 modo
2438 3428 2563 3484 ita?
2580 3430 2905 3502 opprobrio
2930 3431 3203 3487 videlicet
3232 3432 3555 3488 afﬁcientes

1896 3521 1954 3573 et
1983 3523 2409 3589 persequentes
2452 3524 2507 3575 et
2544 3519 2804 3575 dicentes
2833 3535 3011 3576 omne
3052 3522 3278 3577 malum
3305 3520 3555 3578 verbum

1897 3606 2260 3677 mentiendo,
2299 3613 2544 3681 propter
2593 3614 2799 3665 Deum.
2852 3612 3010 3668 Sicut
3057 3612 3217 3667 enim
3256 3628 3363 3668 vos
3398 3628 3434 3668 a
3472 3628 3556 3667 me

1898 3697 2213 3753 mittemini
2246 3698 2614 3769 praedicaturi
2657 3716 3028 3772 quaecunque
3066 3716 3425 3773 praecepero,
3476 3702 3559 3758 ita

1898 3790 1955 3841 et
1983 3785 2065 3841 illi
2093 3803 2128 3841 a
2158 3788 2276 3843 Deo
2308 3788 2471 3842 missi
2492 3793 2681 3843 erant.
2718 3790 2927 3844 Dicens
2953 3794 3156 3846 autem
3186 3807 3199 3845 :
3235 3790 3558 3861 PrOphetas

1899 3876 2001 3947 qui
2040 3891 2133 3932 vos
2173 3881 2612 3946 praecesserunt,
2659 3878 3006 3936 manifestat
3048 3879 3215 3952 quod
3272 3880 3453 3935 etiam
3494 3878 3556 3933 hi

1900 3966 2363 4038 prophetabunt.
2402 3968 2457 4023 Si
2479 3982 2636 4037 ergo,
2659 3968 3011 4040 inquit,non
3028 3974 3153 4025 erat
3180 3968 3293 4023 illis
3322 3967 3559 4024 indeco-

1898 4071 2033 4111 rum
2087 4056 2208 4128 pati
2264 4060 2500 4128 pr0pter
2554 4060 2761 4123 Deum,
2832 4072 3028 4130 neque
3077 4059 3330 4114 omnino
3364 4058 3555 4113 vobis.

1898 4146 1984 4201 Ita
2010 4144 2315 4217 prophetis
2345 4161 2447 4202 eos
2486 4146 2887 4219 adea-quando,
2920 4151 3149 4203 mentes
3179 4148 3365 4203 erexit
3396 4146 3557 4218 ipso-

1899 4249 2056 4289 rum.

1970 4324 2233 4380 Observa
2250 4328 2452 4381 autem
2478 4328 2612 4399 post
2629 4329 2775 4398 quot
2798 4329 3097 4398 praecepta
3129 4324 3392 4397 posuerit
3413 4323 3561 4380 bea-

1896 4413 2211 4470 titudinem
2238 4414 2555 4470 tolerandae
2584 4415 3033 4489 persecutionis,
3065 4431 3201 4487 qua:
3232 4412 3298 4469 ﬁt
3318 4417 3561 4486 propter

174 4501 398 4576 δισμοῦ,
445 4508 539 4555 καὶ
596 4510 687 4563 τῆς
747 4500 984 4569 διώξεως,
1038 4509 1127 4557 καὶ
1184 4512 1279 4565 τῆς
1336 4503 1651 4575 κακολογίας
1704 4508 1787 4557 τέ-

1906 4502 2203 4571 iustitiam,
2233 4507 2288 4560 et
2318 4520 2383 4560 ex
2396 4504 2957 4577 probrationis,quae
2986 4504 3053 4561 ﬁt
3072 4508 3313 4577 propter
3340 4520 3410 4559 ac
3432 4519 3561 4559 ma-

175 4596 331 4663 θεικε,
368 4591 571 4659 δηλῶν,
610 4594 688 4645 ὅτι
728 4598 837 4666 χρὴ
884 4595 1079 4654 πάσαις
1123 4600 1241 4655 ταῖς
1290 4594 1678 4669 προλαϐοῦσαις
1716 4592 1789 4647 ἐν·

172 4683 348 4745 τολαῖς
396 4685 859 4755 συγκεκροτῆσθαι
907 4686 993 4736 τὸν
1044 4682 1111 4744 εἰς
1154 4686 1370 4745 τούτους
1425 4687 1539 4744 τοὺς
1588 4682 1790 4755 ἀγῶνας

176 4770 559 4846 ἀποδυόμενον.
594 4776 688 4825 Διὰ
742 4780 891 4825 τοῦτο
938 4775 1039 4848 ’γὰρ
1091 4776 1183 4824 καὶ
1234 4772 1377 4837 τάξει
1416 4778 1519 4826 τινὶ
1567 4775 1788 4847 χρησά-

172 4884 318 4939 μενος
363 4870 587 4941 χρῦσῆν
633 4866 758 4938 ἡμῖν
810 4865 985 4939 σειρὰν
1034 4863 1242 4937 ὕφηνσδ.
1291 4863 1351 4917 '0
1397 4867 1487 4939 μὲν
1539 4866 1641 4939 γὰρ
1691 4882 1787 4917 τα-

1895 4591 1948 4649 le
2000 4593 2315 4659 dictorum,
2349 4594 2517 4667 quod
2556 4594 2841 4651 omnibus
2894 4594 3197 4667 praedictis
3238 4592 3559 4649 virtutibus

1896 4683 2276 4755 oporteatadj
2288 4687 2456 4739 utum
2469 4700 2595 4740 esse
2608 4700 2747 4740 eum
2759 4685 2863 4757 qui
2877 4685 3007 4741 haec
3018 4683 3335 4741 certamina
3350 4698 3558 4754 aggre-

1896 4771 2243 4830 ditur.Nam
2271 4773 2409 4830 ideo
2428 4789 2671 4849 quoque
2698 4780 2855 4831 certo
2884 4792 3027 4831 usus
3050 4774 3281 4839 ordine,
3307 4788 3558 4831 auream

1895 4861 2070 4919 nobis
2100 4866 2376 4921 catenam
2423 4864 2754 4922 contexuit.
2791 4865 2903 4932 Qui
2925 4866 3087 4923 enim
3134 4864 3340 4923 animo
3361 4862 3561 4920 humi-

1403 5044 1625 5117 Variae
1667 5044 1994 5115 lectiones
2034 5053 2335 5115 etnotae.

234 5242 352 5319 (37)
393 5247 544 5326 ante
568 5244 699 5326 haec
714 5259 787 5302 ex
806 5242 1135 5326 Theophyl.
1152 5260 1208 5326 p.
1224 5247 1292 5326 2_7
1323 5242 1372 5326 C_
1397 5243 1564 5326 addit
1589 5244 1781 5326 versio

170 5316 454 5404 Hentenii,
480 5334 620 5403 quas
642 5323 847 5404 tamen
870 5316 988 5403 mei
1008 5331 1133 5404 non
1155 5316 1382 5404 habent
1403 5319 1578 5404 {[1965
1598 5320 1781 5404 πορόν-

170 5406 256 5455 τας
305 5385 449 5453 τοὺς
482 5385 806 5461 ἇποστὸλους
862 5388 1207 5461 ἀποτείνεται,
1257 5385 1494 5461 δεικνὺς,
1540 5390 1623 5461 ὅτι
1667 5385 1781 5461 ’μά-

168 5433 460 5521 λέταητοίν
512 5433 858 5519 διδασκάλων
898 5458 957 5515 id
964 5480 1039 5515 ιον
1068 5466 1128 5515 τὸ
1175 5433 1548 5523 ένειδίζεσθίκι.
1581 5433 1781 5515 ἸναΓὸε

1896 5248 1970 5319 μὴ
1991 5263 2043 5300 κ.
2078 5264 2134 5301 τ.
2167 5244 2215 5299 λ.

1953 5316 2065 5389 (38),
2102 5314 2533 5389 Theophylact.
2574 5330 2634 5388 p.
2667 5317 2734 5371 27
2767 5316 2830 5373 C.

1990 5387 2079 5532 39;
2118 5387 2286 5461 Ῥῆμα
2305 5387 2529 5470 omittit

1990 5461 2053 5516 40
2081 5461 2353 5517 OInclusa
2384 5463 2629 5518 omittit.

1988 5461 2353 5518 40)01nclusa
2384 5461 2604 5518 omittit
2624 5464 2697 5518 A.

231 5648 346 5723 (qq)
384 5640 1363 5723 Utinam—desiderabitia‘._cum
1389 5658 1460 5703 ea
1497 5656 1636 5715 quas
1682 5639 1969 5701 omnibus
2007 5639 2287 5699 videntur
2331 5638 2630 5712 fugienda,
2685 5637 2972 5698 omnibus
3000 5635 3154 5699 ﬁunt
3201 5640 3557 5714 expetenda,

170 5714 399 5798 propter
427 5720 831 5797 praemiorum
854 5714 1361 5788 magnitudinem.
