4098 6390
516 316 618 375 199

1842 304 2192 389 EUTHYMII
2229 298 2536 363 ZIGABEN
2543 306 2562 363 Ι
3772 308 3867 364 200

514 444 585 499 lis
616 448 724 507 est.
783 441 1023 514 propria
1075 440 1298 509 lugebit
1355 442 1548 495 errata
1582 455 1594 503 ;
1628 438 1726 509 qui
1784 451 1925 492 vero
1980 435 2167 505 luget,

2286 437 2470 502 πεινὸς,
2517 439 2606 487 καὶ
2663 436 2729 487 τὰ
2775 433 2939 487 οἰκεῖα
2986 434 3234 493 πενθήσει
3290 432 3408 505 (41)
3458 436 3865 508 παραπτώματα·

514 532 695 589 etiam
754 532 907 586 mitis
962 531 1113 585 erit:
1154 535 1210 585 et
1253 529 1350 599 qui
1406 530 1754 583 mansuetus
1813 530 1922 591 est,
1974 525 2171 595 justus

511 636 754 692 quoque
782 621 886 676 erit
924 620 1173 675 omnino
1202 636 1214 673 :
1239 619 1438 689 justus
1467 633 1623 681 vero,
1658 616 1836 671 etiam
1868 614 2173 669 miserebi-

510 716 619 765 tur.
664 710 762 764 His
814 714 1016 765 autem
1074 708 1357 763 omnibus
1411 723 1590 778 opere
1641 704 1931 777 perfectis.
1989 702 2169 759 etiam

510 800 777 854 mundus
834 800 941 854 erit
982 798 1181 865 corde,
1222 796 1354 853 talis
1407 813 1546 852 vero
1591 794 1880 867 paciﬁcus
1933 808 2171 866 quoque

509 893 646 956 erit;
678 890 775 959 qui
830 894 1027 944 autem
1081 889 1199 942 huc
1232 903 1419 958 usque
1454 885 1713 958 profecit,
1775 883 1853 940 ad
1905 883 2171 956 pericula

510 979 690 1035 etiam
718 978 1060 1042 exendetur,
1093 994 1161 1033 ac
1192 982 1399 1033 caetera
1424 992 1560 1047 quae
1583 978 1919 1046 sequuntur
1946 988 2170 1042 magno

510 1068 714 1125 animo
764 1066 1053 1122 tolerabit.
1090 1066 1409 1136 Postquam
1462 1079 1604 1134 ergo
1652 1079 1790 1135 quae
1829 1067 2173 1135 Opportuna

510 1162 678 1213 erant
718 1154 1050 1224 admonuit,
1092 1170 1299 1211 rursus
1364 1152 1645 1210 laudibus
1701 1169 1802 1208 eos
1834 1155 2059 1207 recreat
2088 1151 2173 1205 di-

509 1261 672 1302 cens.

586 1335 851 1391 Vers.13.
877 1334 984 1389 Vos
1002 1363 1062 1373 —-
1081 1340 1281 1390 terrae.
1299 1334 1535 1387 Terram
1554 1331 1650 1387 hic
1673 1330 1949 1386 homines
1965 1329 2170 1402 appel-

511 1422 669 1489 lavit,
701 1423 877 1495 quasi
904 1428 1113 1478 eterra
1142 1422 1455 1478 formatos.
1494 1424 1589 1475 Est
1614 1425 1811 1476 autem
1841 1422 2072 1475 tantum
2102 1434 2171 1474 ac

515 1513 564 1566 si
619 1512 886 1567 diceret:
929 1511 1213 1566 Homines
1266 1510 1327 1565 in
1376 1510 1633 1580 peccatis
1678 1508 1989 1580 putrefacti
2031 1511 2171 1563 sunt

513 1601 767 1671 corrupti
801 1600 880 1656 ab
910 1601 1162 1655 humore
1192 1598 1592 1655 aﬂ‘ectionum.
1634 1600 1748 1653 Vos
1792 1597 1971 1666 igitur
1996 1613 2032 1652 a
2077 1612 2169 1651 me

512 1689 679 1745 electi
698 1690 771 1745 ad
801 1689 1131 1747 curandam
1156 1689 1312 1744 hanc
1339 1688 1516 1744 totius
1544 1686 1750 1742 mundi
1772 1685 2166 1758 putredinem,

2282 525 2306 575 6
2359 520 2417 576 δὲ
2465 532 2632 576 ταῦτα
2678 526 2891 595 πενθῶν,
2934 528 3023 576 καὶ
3070 529 3233 598 πρᾶος
3273 526 3444 575 ἔσται·
3504 524 3529 574 ὁ
3598 517 3654 573 δὲ
3698 528 3867 597 πρᾶος,

2280 614 2485 674 πάντως
2516 617 2662 666 ἔσται
2698 619 2787 666 καὶ
2833 610 3056 674 δίκαιος·
3094 616 3118 665 6
3161 609 3219 666 δε
3251 609 3480 681 δίκαιος,
3524 616 3614 663 καὶ
3664 609 3867 669 ἐλεήσει·

2281 704 2306 754 ὁ
2357 700 2415 755 δε
2467 711 2634 755 ταῦτα
2688 706 2857 756 πάντα
2913 705 3271 777 κατορθώσας,
3329 707 3418 753 xui
3489 700 3601 772 (42)
3655 703 3873 775 καθαρὸς

2282 795 2428 844 ἔσται
2484 801 2546 865 τῇ
2609 789 2822 865 καρδίᾳ·
2868 794 2893 844 6
2944 790 3003 845 δε
3059 799 3310 858 τοιοῦτος,
3343 796 3431 843 καὶ
3490 790 3871 865 εἰρηνοποιόςό

2282 878 2340 933 δε
2388 885 2553 956 μέχρι
2601 886 2787 935 τούτου
2819 882 3107 956 προκόψας,
3141 886 3230 932 καὶ
3279 883 3408 954 πρὸς
3455 875 3725 939 κινδύνους
3775 899 3871 931 πα-

2279 970 2581 1043 ρατάξεται,
2641 976 2730 1024 καὶ
2786 974 2851 1024 τά
2908 972 3020 1034 ἑξῆς
3077 972 3435 1028 ὑποστήσεται
3482 967 3870 1041 μεγαλοψύχως.

2281 1066 2603 1135 Παραινέσας
2633 1066 2803 1113 τοίνυν
2835 1060 2869 1113 ἃ
2898 1068 3180 1136 προσῆκεν,
3215 1059 3467 1112 ἀναπαύει
3516 1057 3669 1110 πάλιν
3700 1057 3874 1119 αύτούς

2279 1158 2387 1212 τοῖς
2411 1149 2704 1223 ἐγκωμίοις.
3120 1156 3121 1161 “

2350 1329 2515 1402 ’Υμεῖς
2572 1363 2642 1372 —
2707 1339 2823 1402 γῆς.
2893 1337 2993 1389 Γῆν
3084 1329 3326 1399 ἐνταῦθα,
3409 1332 3530 1389 τοὺς
3591 1326 3875 1403 ἀνθρώπους

2281 1418 2537 1488 ἐκάλεσεν,
2597 1422 2666 1482 ὡς
2706 1419 2759 1472 ἐκ
2807 1429 2901 1492 γῆς
2957 1420 3301 1480 πλασθέντας.
3347 1417 3413 1470 ⁸0
3462 1414 3521 1470 δε
3571 1416 3726 1489 λέγει,
3773 1436 3875 1469 τοι-

2280 1516 2431 1562 οῦτον
2490 1509 2652 1563 ἐστιν.
2716 1512 2782 1561 Οἱ
2839 1510 3102 1582 ἄνθρωποι
3178 1511 3359 1568 πάντες
3432 1512 3702 1566 σεσήπασι
3773 1512 3875 1567 ταῖς

2669 1596 3041 1672 διαφθαρέντες
3105 1601 3205 1650 ὑπό
3276 1605 3368 1658 τῆς
3439 1598 3723 1670 ὑγρότητος
3786 1602 3876 1646 τῶν

2280 1691 2478 1741 παθτόνο
2514 1691 2657 1761 ὑμεῖς
2691 1685 2799 1755 οὑν,
2844 1688 3127 1759 ἐκλεγέντες
3155 1688 3278 1762 παρ’
3323 1686 3448 1759 ἐμοῦ
3478 1689 3608 1760 πρὸς
3662 1685 3877 1757 ἰατρείαν

2282 1598 2584 1672 ἁμαρτίαις,

511 1779 650 1834 estis
674 1778 761 1834 sal
790 1782 987 1833 terrm:
1010 1784 1249 1849 accepta
1283 1776 1495 1833 virtute
1522 1777 1599 1831 ad
1629 1774 2167 1845 constringendum

2286 1787 2376 1840 τῆς
2407 1783 2743 1851 παγκοσμίου
2790 1780 2984 1839 ταύτης
3020 1774 3323 1843 σηπεδόνος,
3355 1774 3469 1828 ἐστὶ
3509 1779 3566 1827 τὸ
3616 1774 3743 1836 ἅλας
3788 1781 3878 1826 τῶν

510 1868 672 1939 ipsos
702 1872 756 1923 et
788 1866 1241 1930 coarctandum,
1296 1869 1582 1938 praeterea
1613 1881 1682 1920 ac
1743 1863 2168 1930 occidendum,

509 1972 731 2012 vermes
761 1956 1115 2021 invisibiles,
1170 1955 1281 2010 hoc
1311 1959 1415 2021 est,
1449 1959 1511 2009 ut
1544 1970 1648 2025 per
1678 1953 1896 2009 bonam
1927 1952 2169 2021 famam,

510 2044 828 2101 rationales
858 2043 1105 2101 affectus
1135 2061 1169 2099 a
1199 2043 1363 2116 gravi
1396 2048 1775 2115 peccatorum
1821 2042 2001 2097 odore
2033 2040 2175 2097 libe—

513 2133 680 2191 retis.

588 2314 630 2383 -ι-
672 2311 977 2384 Propheta;
1019 2312 1095 2368 ad
1138 2328 1317 2367 unam
1370 2318 1605 2382 gentem
1658 2311 1820 2367 missi
1873 2318 2031 2377 sunt,
2075 2328 2177 2368 vos

518 2406 720 2457 autem
752 2399 839 2455 sal
870 2402 1010 2455 estis
1054 2400 1312 2455 universi
1345 2399 1531 2465 orbis,
1576 2416 1679 2471 per
1709 2400 2039 2457 doctrinam
2089 2416 2176 2456 ar-

518 2489 759 2559 guendo
790 2506 859 2545 ac
890 2488 1235 2557 sti'iugendo
1267 2489 1611 2553 dissolutos,
1645 2505 1717 2544 ne
1749 2494 1996 2545 aeternos
2036 2505 2178 2562 pro-

516 2578 743 2634 ducant
770 2594 1022 2634 vermes.
1049 2578 1179 2633 Non
1206 2593 1348 2647 ergo
1374 2579 1828 2653 mordacitatem
1860 2579 2176 2649 reprehen-

516 2667 756 2722 sionum
769 2666 1089 2736 abjiciatis,
1110 2665 1216 2721 sed
1231 2665 1624 2738 etopprobria
1647 2683 1716 2722 ac
1737 2668 2173 2737 persecutiones

515 2752 818 2811 sustinete.
879 2755 1019 2810 Ideo
1059 2754 1261 2810 subdit
1302 2774 1313 2813 :
1362 2754 1420 2809 Si
1471 2761 1661 2812 autem
1711 2756 1795 2811 sat
1846 2757 2173 2827 infatuatus

509 2845 695 2914 fuerit
714 2844 771 2898 in
802 2860 912 2916 quo
937 2846 1185 2901 satietur
1210 2844 1352 2899 ‘tAd
1376 2844 1537 2900 nihil
1564 2847 1817 2914 amplius
1845 2847 2024 2911 valet,
2058 2846 2175 2901 nisi

512 2940 576 2989 ut
628 2934 791 3005 foras
834 2934 1210 3004 projiciatur,
1268 2935 1343 2990 ab
1398 2934 1726 2990 hominibus
1773 2935 2170 2991 conculcetur.

512 3026 569 3080 Si
599 3023 757 3079 enim
792 3027 839 3077 is
871 3024 973 3095 qui
1005 3022 1175 3079 docet
1199 3023 1524 3079 infatuatus
1557 3023 1749 3089 fuerit,
1769 3025 1882 3080 hoc
1910 3030 2014 3090 est,
2049 3041 2171 3081 non

509 3114 703 3184 arguit
730 3129 800 3169 ac
834 3113 1084 3183 stringit,
1121 3113 1226 3168 sed
1257 3113 1553 3169 emollitus
1584 3118 1687 3177 est,
1728 3113 1788 3169 in
1835 3130 1959 3186 quo
2002 3114 2173 3170 salie-
2204 3150 2242 3204 ε

512 3207 627 3268 tur,
660 3202 721 3257 id
754 3206 840 3258 est
871 3204 1194 3272 corrigetur
1223 3202 1250 3258 ?
1271 3205 1353 3257 Ex
1380 3218 1449 3258 eo
1489 3207 1757 3274 tempore
1808 3205 1984 3273 igitur
2013 3204 2173 3260 foras

513 3292 823 3364 projicitur
855 3308 890 3346 a
912 3292 1180 3361 magistri
1206 3291 1513 3361 dignitate,
1546 3297 1603 3348 et
1623 3292 2025 3359 conculcatur,
2057 3293 2172 3349 hoc

516 3385 623 3449 est,
652 3380 992 3452 despicitur.

592 3472 752 3526 Vers.
793 3470 879 3525 13.
920 3468 1081 3535 Quod
1131 3468 1179 3523 si
1206 3500 1271 3509 —-
1317 3470 1580 3526 satietur.
1626 3470 1772 3527 Salis
1807 3470 2044 3527 fatuitas
2084 3476 2175 3528 est

517 3557 792 3614 debilitas
842 3558 1251 3614 mordacitatis
1291 3558 1497 3630 ipsius.
1547 3560 1691 3615 Dicit
1741 3576 1929 3631 ergo:
1980 3561 2175 3617 Videte

516 3647 691 3721 quale
746 3647 1117 3703 ministerium
1175 3647 1347 3703 vobis
1402 3648 1897 3705 committendum
1956 3655 2061 3715 est,
2122 3658 2177 3706 et

518 3736 859 3792 contendite
882 3752 954 3791 ne
975 3737 1260 3793 laxemiui
1284 3739 1816 3809 persecutionibus,
1842 3740 2176 3812 opprobriis

516 3841 586 3882 ac
646 3824 994 3891 maledictis,
1054 3831 1116 3882 ut
1162 3826 1515 3897 prmdictum
1572 3832 1677 3896 est,
1729 3844 1921 3901 neque
1972 3828 2177 3886 utilem

516 3915 971 3971 mordacitatem
1023 3917 1332 3988 respuatis.
1390 3917 1451 3973 Si
1502 3918 1656 3974 enim
1706 3920 1800 3975 sat
1836 3919 2177 3987 infatuatus

510 4005 722 4074 fuerit,
755 4021 869 4075 quo
894 4004 1144 4061 satietur
1177 4005 1347 4063 ?Hoc
1365 4011 1470 4072 est,
1504 4007 1552 4062 si
1588 4024 1694 4064 vos
1729 4007 1939 4065 molles
1989 4008 2178 4065 eﬁecti

513 4094 757 4161 fueritis,
791 4099 893 4150 aut
928 4094 1129 4150 utilem
1162 4095 1620 4151 mordacitatem
1648 4096 2024 4167 neglexeritis
2052 4114 2177 4170 quo

515 4182 632 4237 alio
686 4182 807 4237 sale
838 4183 1149 4254 saliemini,
1192 4184 1310 4240 sive
1363 4183 1744 4255 condiemini,
1801 4188 1950 4243 sicut
1997 4186 2181 4249 habet

516 4274 739 4327 Marcus
770 4273 816 4306 ⁸9
845 4272 873 4328 7
924 4274 1035 4327 Vos
1066 4273 1223 4327 enim
1272 4273 1359 4328 sal
1400 4273 1619 4330 electus
1659 4276 1822 4342 estis,
1872 4292 1980 4332 nec
2024 4276 2179 4332 alius

513 4361 769 4432 reliquus
800 4366 903 4416 est.
935 4363 1167 4426 Quanto
1200 4362 1378 4432 igitur
1417 4380 1537 4435 prae
1592 4365 1803 4420 cateris
1847 4365 1925 4421 ad
1972 4365 2181 4438 hujus-

517 4449 685 4504 modi
707 4450 1099 4507 ministerium
1128 4450 1288 4507 electi
1313 4453 1470 4517 estis,
1499 4457 1659 4509 tanto
1686 4455 1940 4525 amplius
1973 4471 2180 4511 cavere

518 4537 762 4603 debetis,
796 4554 868 4593 ne
891 4538 970 4593 ob
998 4539 1307 4611 propriam
1331 4541 1641 4597 mollitiem
1664 4560 1734 4598 ac
1773 4543 2176 4609 inutilitatem,

519 4630 575 4684 et
597 4625 1063 4699 putrefactorum
1082 4630 1497 4700 perditionem,
1526 4636 1588 4688 ut
1612 4632 1835 4689 dictum
1868 4639 1974 4700 est,
2008 4650 2181 4691 accu-

520 4714 640 4772 sari
672 4716 935 4788 possitis.

588 4807 750 4864 Vers.
781 4807 874 4865 13.
909 4806 1007 4863 Ad
1036 4839 1102 4849 —
1126 4808 1468 4867 hominibus.
1491 4811 1580 4868 Ad
1600 4812 1746 4869 nihil
1776 4813 2039 4887 amplius
2068 4815 2177 4872 uti-

587 4987 634 5023 "
662 4988 835 5045 Marc.
869 5002 948 5055 ix,
993 4987 1079 5043 50.

2284 1866 2585 1940 ἀνθρώπων,
2622 1864 2845 1940 δύναμιν
2868 1866 3078 1938 λογικὴν
3132 1865 3184 1929 ἐξ
3231 1864 3355 1939 ἐμοῦ
3403 1863 3746 1937 λαμϐάνοντες
3775 1862 3877 1935 (43)

2285 1961 2492 2029 στύφειν
2534 1958 2717 2017 αὐτοὺς
2770 1961 2859 2009 καὶ
2907 1958 3258 2028 επισφίγγειν,
3288 1959 3378 2007 καὶ
3427 1954 3743 2006 ἀποκτείνειν
3798 1954 3878 2024 μὲν

2282 2049 2402 2106 τούς
2464 2045 2719 2119 ἀοράτους
2785 2046 3076 2115 σκώληκας,
3138 2050 3271 2117 φημὶ
3341 2040 3408 2102 δή
3469 2047 3593 2106 τοὺς
3647 2041 3880 2115 ἐμπαθεῖς

2282 2135 2589 2207 λογισμούς,
2625 2134 2965 2188 ἀπαλλάττειν
2993 2131 3051 2187 δε
3082 2142 3177 2195 τῆς
3205 2130 3481 2195 δυσωδίας
3514 2140 3614 2184 τῶν
3645 2132 3879 2205 ἁμαρτη-

2284 2227 2460 2298 μάτων
2471 2267 2483 2279 .

2355 2318 2396 2385 -ι-
2437 2317 2502 2367 Oi
2533 2317 2623 2387 μεν
2663 2321 2927 2387 προφῆται
2960 2313 3073 2384 (44)
3119 2312 3189 2373 εἰς
3228 2312 3276 2366 ἓν
3320 2313 3461 2373 ἔθνος
3493 2309 3878 2367 ἀπεστάλησαν

2285 2406 2428 2477 ὑμεῖς
2472 2401 2531 2457 δε
2560 2413 2650 2465 τῆς
2674 2413 2774 2475 γῆς
2806 2403 3011 2463 ἁπάσης
3039 2400 3153 2454 ἐστὶ
3182 2404 3239 2453 τὸ
3268 2400 3417 2470 ἅλας,
3447 2399 3540 2453 ὸιά
3569 2407 3665 2462 τῆς
3699 2395 3882 2451 διδασ-

2284 2494 2463 2555 καλίας
2497 2496 2585 2546 καὶ
2633 2501 2731 2545 τῶν
2768 2491 2995 2565 ἐλέγχων
3047 2493 3326 2563 στύφοντες
3360 2493 3477 2550 τοὺς
3519 2491 3775 2561 χαύνους,
3808 2488 3883 2538 ἶνα

2284 2587 2356 2655 μή
2418 2587 2713 2654 γεννήσωσι
2769 2585 2892 2642 τοὺς
2951 2579 3322 2641 ἀτελευτήτους
3380 2578 3671 2639 σκώληκας.
3732 2577 3881 2629 Ὠστε

2284 2677 2355 2743 μὴ
2414 2670 2739 2728 ἀποϐάλλητε
2794 2674 2888 2729 τὴν
2958 2674 3285 2741 στυφνότητα
3335 2676 3434 2720 τῶν
3488 2666 3739 2740 ἐλέγχων,
3795 2663 3881 2717 κᾶν

2286 2758 2571 2819 διώκησθε.
2615 2764 2702 2813 Διό
2748 2779 2925 2832 φησιν·
2974 2758 3090 2812 Ἐἀν
3141 2755 3199 2811 δε
3243 2761 3301 2810 τὸ
3351 2757 3477 2819 ἅλας
3530 2759 3800 2829 μωρανθῇ,
3838 2753 3882 2806 ἐν

2283 2856 2386 2903 τίνι
2426 2851 2771 2909 ἁλισθήσεται
2807 2868 2819 2918 ;
2854 2848 2936 2910 Εἰς
2981 2844 3132 2900 οὐδὲν
3167 2847 3347 2919 ἰσχύει
3400 2849 3495 2912 ἔτι,
3554 2845 3599 2898 εἰ
3632 2850 3704 2918 μὴ
3766 2842 3883 2917 βλη-

2287 2943 2436 2999 θῆναι
2484 2938 2598 3006 ἐξω,
2645 2944 2735 2991 καὶ
2782 2939 3201 2990 καταπατεῖσθαι
3262 2938 3362 2989 ὑπὸ
3411 2944 3511 2988 τῶν
3571 2934 3874 3009 ἀνθρώπων.

2280 3030 2338 3082 Ὀ
2395 3032 2496 3103 γὰρ
2544 3024 2871 3090 διδάσκαλος
2915 3026 2998 3079 ἐὰν
3054 3028 3327 3099 μωρανθῇ,
3368 3029 3651 3095 τουτέστιν,
3710 3024 3751 3077 εἰ
3798 3021 3883 3075 οὑκ

2282 3119 2484 3192 ἐλέγχει
2513 3123 2603 3170 καὶ
2637 3120 2836 3189 στύφει,
2868 3115 2995 3168 ἀλλά
3014 3118 3288 3188 χαυνωθῇ,
3317 3113 3364 3166 ἐν
3392 3119 3493 3167 τίνι
3520 3114 3880 3179 ἁλισθήσεται,

2282 3214 2545 3275 τουτέστι,
2579 3203 3001 3282 διορθωθήσεται
3034 3223 3048 3273 ;
3085 3205 3211 3257 Ἀπὸ
3256 3209 3366 3257 τότε
3410 3202 3496 3257 οὑν
3528 3204 3621 3267 ἔξω
3654 3204 3884 3278 ῥίπτεται

2282 3307 2374 3351 τοῦ
2427 3294 2816 3350 διδασκαλικοῦ
2870 3294 3167 3369 ἀξιώματος
3214 3299 3305 3347 καὶ
3346 3301 3747 3363 καταπατεῖται,
3776 3311 3885 3345 του-

2282 3394 2446 3450 τέστι,
2479 3392 2902 3462 καταφρονεῖται.

2355 3478 2472 3531 Ἐὰν
2530 3508 2595 3517 -—
2662 3474 3026 3533 ἁλισθήσεται.
3100 3478 3286 3549 Μωρία
3367 3472 3551 3533 ἅλατός
3622 3474 3783 3539 ἐστιν,
3856 3470 3882 3527 ἡ

2285 3567 2525 3621 ἀσθένεια
2588 3574 2679 3627 τῆς
2748 3569 3025 3627 ποιότητος
3089 3563 3269 3617 αὑτοῦ.
3342 3567 3497 3634 Λέγει
3566 3566 3760 3625 τοίνυν,
3814 3558 3889 3610 ὅτι

2284 3657 2516 3721 Βλέπετε,
2568 3656 2679 3707 οἷαν
2737 3650 3004 3706 διακονίαν
3063 3651 3457 3726 ἐγχειρίζεσθαι
3525 3650 3746 3717 μελλετε,
3804 3649 3889 3698 καὶ

2287 3746 2621 3819 ἀγωνίζεσθε,
2656 3748 2726 3815 μὴ
2776 3745 3117 3815 χαυνωθῆναι
3164 3738 3441 3814 διωγμοῖς,
3475 3740 3503 3798 ἦ
3545 3736 3887 3811 ὀνειδισμοῖς,

2286 3838 2315 3897 ἣ
2352 3835 2707 3907 κακολογίαις,
2742 3835 2805 3893 ὡς
2852 3828 3273 3908 προδεδήλωται,
3320 3826 3450 3903 μηδ’
3482 3827 3757 3882 ἀποϐαλεῖν
3802 3829 3889 3883 τὴν

2288 3925 2538 3998 ὠφελιμον
2590 3926 2868 3980 ποιότητα.
2921 3920 3039 3973 Ἐἀν
3079 3922 3180 3996 γὰρ
3398 3923 3457 3972 τὸ
3516 3919 3641 3980 ἅλας
3686 3934 3890 3991 μωραν-

2291 4016 2377 4086 θῇ,
2448 4011 2497 4064 ἓν
2573 4016 2676 4063 τίνι
2751 4010 3117 4077 ἁλισθήσεται,
3196 4013 3482 4080 τουτέστιν,
3554 4008 3670 4061 Ἐὰν
3754 4008 3891 4078 ὑμεῖς

2286 4102 2619 4174 χαυνωθῆτε,
2665 4101 2693 4160 ἦ
2744 4104 2836 4159 τήν
2885 4100 3135 4172 ὠφέλιμον
3188 4102 3445 4157 ποιότητα
3492 4096 3807 4161 ἀποϐάλητε,
3845 4092 3890 4144 ἐν

2289 4196 2390 4243 τίνι
2444 4190 2597 4263 ἑτέρῳ
2654 4188 2807 4241 ἅλατι
2864 4188 3236 4254 ἁλισθήσεσθε,
3288 4191 3458 4240 εῖτουν
3508 4184 3889 4261 ἀρτυθήσεσθε,

2288 4282 2357 4342 ὡς
2388 4280 2412 4330 ὀ
2444 4281 2654 4351 Μάρκος
2684 4278 2805 4350 (46)
2854 4274 3009 4335 εἶπεν.
3067 4277 3232 4350 Ὑμεῖς
3278 4279 3378 4349 γάρ
3431 4275 3547 4329 ἐστε
3599 4278 3655 4327 τὸ
3695 4273 3890 4344 ἐκλεγεν

2288 4368 2435 4439 ἅλας,
2494 4373 2583 4420 καὶ
2661 4367 2767 4440 οὑχ
2834 4366 3195 4419 ὑπολέλειπται
3267 4368 3455 4440 ἕτερον.
3510 4362 3657 4435 ”Οσῳ
3726 4368 3892 4416 τοίνυν

2287 4459 2631 4531 προεκρίθητε
2677 4460 2880 4509 πάντων
2921 4457 2988 4517 εἰς
3034 4461 3128 4515 τὴν
3172 4459 3418 4514 τοιαύτην
3451 4452 3743 4520 διακονίαν,
3778 4469 3889 4504 τοσ-

2290 4550 2420 4619 ούτῳ
2471 4550 2755 4622 προσέχειν
2816 4544 3055 4619 ὀφείλετε,
3117 4547 3199 4598 ἶνα
3255 4550 3325 4618 μή
3390 4550 3479 4597 καὶ
3547 4553 3639 4606 τῆς
3698 4543 3894 4595 ἑαυτῶν

2288 4641 2637 4710 χαυνότητος,
2682 4640 2772 4688 καὶ
2829 4634 3219 4708 ἀνενεργησίας,
3268 4640 3358 4688 καὶ
3410 4643 3503 4697 τῆς
3543 4642 3642 4686 τῶν
3692 4650 3893 4703 σεσημ-

2287 4730 2469 4801 μένων,
2504 4728 2569 4789 ὡς
2598 4729 2819 4801 εἴρηται,
2855 4724 3111 4788 ἀπωλείας
3145 4724 3468 4785 ἀπαιτηθῆτε
3500 4721 3674 4781 δίκην.

2358 4816 2449 4880 Εἰς
2502 4847 2573 4859 -
2626 4814 2928 4892 ἀνθρώπων.
2988 4816 3075 4878 Εἰς
3156 4812 3307 4870 οὐδὲν
3397 4817 3473 4868 ἔτι
3546 4811 3890 4889 χρησιμεύει,

1728 5087 1950 5161 Variae
1980 5091 2311 5162 lectiones
2346 5100 2412 5161 et
2441 5102 2645 5162 notae.

746 5230 1123 5305 ’Δμαρτήματα
1151 5237 1210 5285 Α.

593 5300 704 5441 (te)
750 5300 1116 5371 Kut,'omittit
1146 5305 1216 5361 A.

617 5372 707 5440 43)
750 5376 971 5441 Δύναμιν
1010 5377 1216 5441 στύφειν

617 5372 707 5455 εξ)
750 5376 971 5455 aquatum
1010 5377 1218 5455 στύφειν
1252 5390 1374 5431 non
1413 5376 1689 5455 cohaeret.
1722 5378 1839 5434 Aut
1868 5393 2009 5449 ergo
2064 5387 2176 5447 τοῦ,

525 5445 785 5521 autum:
809 5445 1302 5521 interponendum
1326 5450 1463 5521 ante
1488 5450 1717 5521 στύφειν.

600 5513 713 5662 (44)
744 5515 823 5568 Ex
850 5513 1277 5588 Theophylact.
1304 5534 1364 5591 p.
1397 5520 1465 5576 27
1497 5522 1558 5575 E.

625 5585 714 5657 45)
757 5588 819 5637 Δί
844 5600 953 5657 pro
980 5590 1081 5661 γάρ
1116 5595 1179 5644 Δ.

625 5585 714 5657 45)
757 5588 819 5637 Δί
844 5600 953 5657 pro
980 5585 1081 5661 γάρ
1097 5585 1179 5644 ⁷Δ.

2361 5236 2474 5309 (46)
2515 5235 2743 5293 Scilicet
2762 5237 2989 5311 marcus
3009 5234 3193 5292 habet
3208 5233 3461 5311 ἀρτύσετε
3470 5279 3482 5292 .
3517 5234 3629 5311 Sed
3650 5233 3901 5311 mutavit

2288 5306 2548 5380 tempus,
2581 5313 2645 5364 ut
2676 5307 3053 5380 aequiparare
3076 5306 3286 5380 posset
3309 5306 3557 5380 Matthaei
3577 5306 3894 5364 vocabulo.

2292 5378 2784 5453 εεᾶἀρτυθήσετᾱι
2813 5378 3014 5453 tamen
3040 5378 3118 5453 eg
3144 5379 3347 5453 aliquo
3375 5378 3602 5453 scholio
3632 5393 3897 5451 occupa-

2290 5451 2373 5507 vit
2414 5450 2736 5508 nbnnullos
2767 5451 2936 5508 Marci
2989 5450 3267 5517 codices;
3282 5450 3345 5507 in
3384 5451 3476 5507 his
3509 5467 3711 5509 meum
3756 5450 3901 5507 cum

2292 5522 2553 5591 scholiis,
2586 5538 2769 5597 quem
2798 5523 3037 5595 appello
3065 5523 3153 5578 12.
