4098 6458
196 368 264 435 2οὶ

1260 401 1628 466 COMMENT.
1668 408 1739 464 IN
1772 406 2214 469 MATTHEUM.
2255 443 2324 454 -—
2363 413 2521 469 CAP.
2560 410 2635 471 V.

3521 419 3629 475 202

220 515 448 590 μωρανθῇ
481 522 550 581 τὸ
591 520 887 585 δηλωθὶν
924 531 1064 600 ἅλας,
1100 530 1142 585 εἰ
1178 536 1249 605 μὴ
1308 532 1381 595 εἰς
1417 536 1476 586 τὸ
1523 534 1738 609 ῥιφῆναι
1768 536 1848 599 ἓξο

1969 535 2044 593 lis
2066 540 2154 593 est
2180 538 2267 594 sal
2288 538 2635 604 infatuatus,
2659 538 2774 595 nisi
2822 543 2886 597 ut
2912 544 3078 598 extra
3113 541 3485 601 Dominicam
3516 559 3624 602 au-

232 617 303 673 τὶε.
323 614 658 679 δεσποτικῆς
683 618 836 679 αύλῆ
850 641 899 690 ς,
931 626 1021 675 καὶ
1048 625 1483 691 καταπατεῖσθαι,
1517 625 1542 675 ὃ
1564 623 1676 677 ἔστι
1706 645 1862 678 κατα-

238 704 523 779 φρονεῖσθαι
547 710 711 781 ποιρὰ
738 718 849 761 τῶν
890 710 1192 785 ἀνθρώπων.

304 795 475 870 Ὺξεεῖς
514 828 580 838 -
638 802 883 871 κόσμου.
959 805 1164 872 Κόσμον
1234 800 1387 853 πάλιν
1453 805 1577 863 τοὺς
1660 801 1708 854 ἐν
1787 811 1859 875 τῷ

247 892 421 958 κόσμῳ
477 884 612 940 εἶπεν
670 886 1003 961 ἀνθρώπους,
1054 889 1121 940 ὦν
1153 892 1531 943 σκοτισθέντων
1582 899 1655 962 τῷ
1721 895 1858 963 ζόφῳ

238 985 335 1038 τῆς
384 977 602 1044 πλάνης,
642 978 839 1048 Ὑμεῖς,
894 984 1076 1051 φησιν,
1117 976 1377 1050 ἑξελέγητε
1425 976 1555 1032 εἶναι
1613 989 1719 1053 φῶς
1769 981 1858 1033 αύ-

238 1075 360 1134 τῶν,
402 1069 542 1119 ὥστε
592 1066 838 1139 φωτίζειν
897 1070 964 1119 τὰ
1007 1072 1214 1140 ὄμματα
1254 1076 1355 1121 τῶν
1416 1068 1603 1142 ψυχῶν
1666 1070 1853 1137 αὐτῶν,

228 1162 368 1228 φωτὶ
438 1151 805 1218 διδασκαλίας
866 1162 958 1208 καὶ
1022 1162 1146 1228 φωτὶ
1205 1163 1463 1228 γνώσεως,
1507 1166 1856 1233 χειραγωγεῖν

227 1245 430 1305 αὐτούς
462 1244 546 1297 ἐπὶ
576 1250 670 1302 τὴν
726 1248 886 1320 ορθήν
916 1245 1093 1319 τρίϐον
1132 1254 1228 1308 τῆς
1257 1246 1535 1308 εύσεϐείας.
1588 1250 1687 1301 Δύο
1739 1253 1854 1301 τοί-

218 1356 321 1386 νυν
354 1331 639 1395 διακονίας
687 1333 1142 1407 ἓνεχειρίσθησαν,
1191 1355 1251 1388 το
1300 1336 1495 1397 ἁλίζειν
1539 1340 1714 1389 καὶτὸ
1751 1358 1855 1409 γω-

217 1424 423 1485 τίζειν.
465 1430 555 1476 Δεῖ
586 1426 687 1496 γὰρ
738 1433 943 1499 πρῶτον
991 1422 1357 1497 ἀπαλλαγῆναι
1394 1434 1486 1487 τῆς
1542 1423 1852 1496 σηπεδόνος,

211 1512 344 1566 εἶτα
384 1515 786 1571 συνετισθῆναι.

297 1603 381 1655 Ού
431 1633 505 1643 —
539 1608 775 1675 κειμένη.
836 1604 930 1655 Διά
984 1605 1182 1665 ταύτης
1229 1611 1324 1666 τῆς
1370 1604 1695 1679 παραϐολῆς,
1762 1610 1852 1658 καὶ

204 1700 327 1752 τῆς
380 1694 519 1763 μετά
568 1695 789 1759 ταύτην,
827 1692 898 1753 εἰς
946 1690 1211 1766 ἀκρίϐειαν
1262 1697 1353 1745 καὶ
1404 1692 1685 1766 ἀσφάλειαν
1726 1692 1850 1767 βὶου

203 1785 449 1841 τούτους
506 1781 694 1853 eam,
766 1787 855 1834 καὶ
929 1781 1236 1854 ἐναγωνίους
1300 1780 1430 1835 εἶναι
1496 1783 1705 1850 κελεύει,
1786 1784 1851 1845 ὥς

1971 625 2094 683 lam
2124 627 2487 699 projiciatur,
2523 633 2579 684 et
2607 628 3005 698 conculcetur,
3034 630 3149 687 hoc
3179 635 3287 697 est,
3339 632 3627 705 despicia-

1972 719 2065 770 tur
2096 715 2173 771 ab
2206 716 2572 772 hominibus.

2046 806 2201 859 Vers.
2231 806 2316 860 14.
2358 806 2554 861 Vos—
2598 807 2821 863 mundi.
2873 808 3163 865 Mundum
3211 825 3419 866 rursus
3475 811 3627 870 dixit

1967 892 2246 951 homines
2285 896 2345 950 in
2407 896 2639 953 mundo
2702 896 3084 955 habitantes:
3134 898 3347 970 quibus
3406 903 3622 958 erroris

1966 982 2219 1053 caligine
2249 984 2604 1052 obscuratis,
2665 986 2803 1052 Vos,
2856 986 3067 1059 inquit,
3120 987 3289 1043 electi
3334 988 3495 1056 estis,
3559 995 3623 1047 ut

1964 1070 2065 1125 lux
2091 1087 2299 1128 eorum
2326 1073 2475 1138 sitis,
2519 1080 2700 1146 utque
2725 1075 2935 1131 oculos
2981 1076 3320 1133 animarum
3349 1077 3620 1150 ipsorum

1964 1161 2093 1217 luce
2132 1161 2418 1218 doctrinae
2444 1179 2513 1218 ac
2545 1164 2805 1220 scientiae
2835 1164 3195 1234 illuminetis,
3252 1170 3309 1222 et
3338 1168 3416 1224 ad
3446 1169 3619 1226 semi-

1965 1256 2057 1307 tas
2086 1256 2273 1307 rectas
2303 1251 2488 1307 divini
2512 1252 2707 1307 cultus
2739 1252 3065 1310 deducatis.
3099 1254 3236 1311 Ideo
3259 1271 3478 1330 nempe
3510 1258 3618 1314 mi-

1964 1339 2274 1395 nisterium
2304 1340 2553 1395 saliendi
2583 1356 2652 1397 ac
2681 1341 3059 1398 illuminandi
3100 1343 3184 1399 eis
3243 1346 3616 1402 commissum

1962 1432 2107 1483 erat.
2140 1429 2408 1484 Primum
2436 1430 2597 1486 enim
2625 1434 2860 1502 oportet
2898 1446 2937 1487 a
2978 1432 3295 1503 putredine
3349 1433 3611 1499 liberari,
3698 1496 3711 1501 ί

1960 1515 2175 1573 deinde
2204 1518 2445 1573 erudiri.

2032 1606 2192 1662 Vers.
2224 1607 2309 1663 14.
2342 1608 2477 1664 Νοη
2524 1609 2828 1679 —posita.
2877 1612 2980 1665 Per
3029 1609 3188 1667 hanc
3240 1615 3613 1684 sequentem-

1958 1711 2076 1767 que
2103 1695 2451 1766 parabolam
2479 1696 2560 1752 ad
2603 1699 2733 1753 vitae
2774 1698 3200 1770 perfectionem
3229 1715 3299 1757 ac
3330 1700 3612 1759 munitio—

1957 1800 2095 1839 nem
2129 1785 2298 1857 ipsos
2329 1785 2556 1841 inducit
2587 1785 2719 1858 (rr),
2758 1793 2815 1843 et
2841 1787 3236 1844 certaminum
3290 1791 3609 1862 praefectos

206 1874 337 1923 ὑπὸ
394 1879 508 1933 τοῖς
550 1871 794 1923 ἁπάντων
849 1871 1129 1944 ὀφθαλμοῖς
1185 1879 1278 1924 τοῦ
1332 1872 1515 1925 λοιποῦ
1562 1877 1845 1945 κειμένους,

1966 1888 2086 1928 esse
2106 1874 2295 1945 jubet,
2331 1878 2619 1947 tanquam
2663 1876 2776 1931 sub
2805 1876 3070 1932 omnium
3100 1878 3287 1934 oculis
3326 1879 3387 1935 in
3418 1884 3612 1951 poste-

205 1966 328 2012 καὶ
382 1959 435 2012 ἐν
481 1966 625 2033 μέσῳ
672 1969 747 2032 τῷ
805 1962 1005 2036 θεάτρῳ
1041 1969 1132 2022 τῆς
1177 1961 1477 2035 οἰκουμένης
1520 1960 1846 2036 ἀγωνιζομέ-

202 2068 366 2110 νους.
450 2050 526 2101 Ού
613 2046 857 2121 δύναται,
924 2055 1076 2123 φησι,
1148 2050 1291 2111 πόλις
1365 2050 1622 2124 κρυϐῆναι
1678 2050 1846 2105 ἐπάνω

200 2144 382 2210 ὄρους
429 2143 645 2211 κειμένη
682 2160 695 2173 ·
761 2136 886 2192 οὐδὲ
944 2141 1091 2212 ὑμεῖς
1146 2136 1375 2193 δύνασθε
1432 2138 1710 2213 κρυϐῆναι,
1760 2144 1845 2194 ἐπὶ

196 2236 314 2279 τοῦ
339 2228 519 2298 ὕψους
551 2236 645 2289 τῆς
676 2225 1036 2291 διδασκαλίας
1063 2230 1305 2291 τεθέντες.
1342 2234 1537 2282 Λοιπὸν
1567 2226 1654 2283 οὖν
1678 2249 1845 2303 προσ-

199 2322 379 2388 έκετε,
465 2326 581 2380 πῶς
646 2316 983 2370 πολιτεύεσθε
1051 2322 1140 2370 καὶ
1191 2320 1398 2390 γίνεσθε
1469 2326 1575 2380 τοῖς
1632 2318 1845 2372 ἀποϐλέ-

198 2425 416 2458 πουσιν
452 2406 530 2468 εἰς
586 2406 723 2479 ὑμᾶς
779 2406 1053 2460 κάλλιστον
1102 2406 1398 2482 ἀρχέτυπον
1436 2412 1527 2461 καί
1584 2406 1703 2462 ϐίου
1754 2413 1842 2463 καὶ

198 2496 399 2567 λόγου.

286 2582 541 2638 Ούδὶ-
592 2592 708 2647 τοῖς
744 2584 793 2638 ἓν
841 2593 905 2658 τῇ
958 2586 1123 2659 οἰκίᾳ,
1184 2582 1316 2639 Οὐδ’
1373 2585 1661 2640 ἀνάπτουσί
1716 2607 1843 2650 τινες

204 2674 439 2747 λύχνον,
489 2677 685 2728 καὶτὰ
740 2675 877 2737 ἑξῆς.
931 2679 1129 2730 Λοιπὸν
1182 2672 1270 2727 οὖν
1318 2673 1435 2729 οὐδ’
1481 2678 1600 2749 ἐγὼ,
1640 2675 1843 2747 ἀνάψας

208 2766 358 2835 ὑμᾶς
398 2770 538 2836 φωτὶ
598 2766 932 2836 θεογνωσίας,
982 2763 1239 2837 βούλομαι
1293 2770 1427 2837 ὑμᾶς
1475 2768 1797 2839 κρύπτεσθαι
1827 2784 1839 2797 ·

210 2852 331 2904 ἀλλ’
392 2851 519 2906 ἰδοὺ
570 2856 763 2926 τίθημι
811 2856 948 2927 ὑμᾶς
998 2853 1082 2906 ἐπὶ
1136 2858 1230 2913 τὴν
1283 2854 1525 2926 λυχνίαν,
1565 2855 1694 2927 λέγω
1752 2852 1841 2924 δὴ,

212 2942 303 2994 ἐπὶ
354 2948 444 2995 τὸν
493 2943 704 3013 ὑψηλὸν
748 2948 903 2996 τόπον
944 2952 1037 3004 τῆς
1076 2939 1452 3010 διδασκαλίας,
1499 2946 1634 2997 ὥστε
1681 2948 1843 3017 φωτί-

216 3033 328 3092 ζειν
360 3036 563 3093 πάντας
595 3036 716 3093 τοὺς
743 3031 792 3084 ἐν
822 3040 885 3104 τῇ
916 3033 1214 3105 οἰκουμένῃ.

288 3124 445 3173 Οὕτω
497 3152 570 3162 ——-
622 3126 713 3173 τὸν
768 3121 817 3173 ἐν
873 3129 985 3183 τοῖς
1046 3122 1295 3195 ούρανοῖς.
1361 3122 1664 3196 [Λαμψάτω
1727 3123 1843 3195 (47)

216 3208 306 3263 οὖν
336 3212 519 3280 εἰπὼν,
554 3211 617 3263 ού
648 3211 844 3264 κελεύει
876 3212 1163 3285 θεατριζειν
1205 3217 1300 3271 τὴν
1332 3214 1539 3287 ἀρετὴν,
1581 3210 1689 3265 ἀλλ’
1730 3213 1842 3284 (48)
1875 3254 1915 3311 C

216 3300 542 3373 ἐργάζεσθαι
620 3301 806 3367 αὐτὴν,
874 3303 1113 3353 ειωθυῖαν
1188 3300 1270 3373 ἀφ’
1349 3301 1533 3362 ἑαυτῆς
1604 3302 1841 3375 λάμπειν,

218 3396 308 3442 καὶ
358 3390 559 3449 ἑαυτήν
608 3386 946 3462 δημοσιεύειν
994 3392 1127 3442 κατά
1158 3395 1253 3448 τὴν
1296 3397 1387 3443 τοῦ
1429 3394 1596 3465 μύρου
1638 3390 1839 3463 φύσιν]

220 3484 314 3530 Διά
362 3488 524 3532 τοῦτο
577 3476 639 3531 δὲ
688 3480 803 3550 (49)
859 3478 1117 3551 λαμψάτω
1169 3481 1199 3537 ἡ
1244 3481 1537 3553 καθαρότης
1582 3489 1671 3533 τοῦ
1718 3481 1841 3555 βίον

216 3574 308 3621 καὶ
348 3569 513 3640 λόγου
567 3570 713 3640 ὑμῶν
764 3567 978 3620 ἐνώπιον
1022 3576 1123 3620 τῶν
1174 3567 1478 3641 ἀνθρώπων,
1532 3569 1635 3642 ούχ
1683 3573 1842 3625 ἕνεκεν

218 3660 745 3732 ἀνθρωπαρεσκείας,
804 3656 912 3709 ἀλλ’
972 3660 1056 3709 ἵνα
1125 3654 1316 3709 ἴδωσιν
1377 3660 1519 3730 ὑμῶν
1581 3662 1647 3711 τὰ
1711 3661 1843 3715 καλὰ

218 3749 369 3818 ἔργα,
436 3750 509 3798 τὰ
572 3746 625 3799 ἐν
679 3746 902 3819 πράξεσι
953 3751 1043 3799 καὶ
1094 3744 1289 3818 λόγοις,
1358 3752 1448 3799 καὶ
1506 3753 1843 3820 μιμήσωνται

218 3844 410 3891 ταῦτα,
458 3838 585 3892 Ἔτι
625 3832 686 3887 δὲ
722 3840 832 3901 καὶ,
869 3836 951 3887 ἶνα
1002 3831 1273 3899 δοξάσωσι
1312 3838 1398 3888 τὸν
1447 3841 1654 3912 Πατέρα
1700 3839 1842 3909 ὑμῶν

214 3930 306 3977 τόν
366 3925 420 3977 ἐν
490 3932 598 3985 τοῖς
660 3924 913 3997 οὐρανοῖς,
975 3927 1089 3982 ἤτοι
1158 3928 1246 3977 τὸν
1322 3928 1471 3991 Θεὸν,
1546 3926 1691 3996 ᾧτινι
1749 3923 1844 3980 διὰ

213 4021 456 4077 πίστεως
522 4016 891 4079 υἱοθετὴθητε,
945 4016 1050 4066 υἱοὶ
1106 4016 1196 4087 μὲν
1258 4014 1441 4085 αὐτοῦ,
1505 4011 1717 4088 ἀδελφοὶ
1781 4012 1840 4070 δὲ

211 4103 345 4176 ἐμοῦ
395 4110 696 4176 γενόμενοι,
747 4104 1067 4176 ’Υμνήσουσι
1101 4105 1199 4178 γὰρ
1251 4103 1428 4168 αὐτὸν,
1479 4106 1551 4166 ὡς
1593 4108 1841 4164 τοιαύτην

210 4193 575 4265 ἐντειλάμενον
659 4192 942 4246 πολιτείαν.
1039 4197 1139 4246 Καὶ
1218 4196 1321 4264 μὴν
1410 4192 1563 4255 αὐτὸς
1644 4195 1840 4251 ταύτην

210 4284 531 4351 ἐνετείλατο,
601 4282 707 4335 ἀλλ’
754 4284 899 4335 εἴωθε
954 4284 1021 4334 τὰ
1076 4281 1261 4334 ἑαυτοῦ
1324 4283 1709 4355 κατορθώματα
1770 4290 1842 4333 τῶ

211 4378 391 4446 Πατρὶ
468 4372 719 4433 πολλάκις
769 4370 1084 4437 ἀνατιθέναι,
1158 4372 1225 4431 ὡς
1289 4375 1555 4444 προῖόντες
1615 4371 1840 4443 εὑρήσο-

208 4484 330 4534 μεν,
386 4470 562 4535 τιμῶν
619 4464 685 4523 ὡς
736 4465 962 4533 Πατέρα,
1006 4465 1098 4513 καὶ
1160 4460 1273 4533 ἅμα
1340 4457 1608 4529 δεικνύων,
1663 4460 1745 4512 ὅτι
1791 4458 1840 4513 ἓν

210 4554 374 4618 εἰσιν,
403 4555 592 4624 ὥσπερ
625 4559 685 4623 τῇ
720 4554 891 4623 φύσει,
918 4550 1055 4603 ούτω
1083 4554 1173 4602 καὶ
1211 4557 1285 4621 τῷ
1319 4549 1587 4622 θελήματι.

1955 1978 2089 2018 rum
2123 1966 2454 2034 ponendos,
2488 1968 2544 2020 et
2568 1965 2629 2019 in
2677 1966 2877 2022 medio
2907 1965 3086 2036 hujus
3118 1968 3329 2023 mundi
3379 1968 3609 2027 theatro

1954 2058 2264 2109 certantes.
2293 2055 2424 2110 Non
2451 2061 2661 2123 potest,
2694 2054 2907 2127 inquit,
2961 2056 3163 2113 civitas
3193 2056 3472 2114 abscondi
3505 2075 3606 2115 su-

1954 2158 2058 2214 per
2078 2150 2320 2199 montem
2371 2146 2579 2215 posita.
2636 2146 2840 2217 Neque
2870 2160 2977 2201 vos
3031 2145 3316 2203 occultari
3364 2149 3608 2219 potestis

1953 2232 2016 2287 in
2054 2233 2340 2289 doctrinae
2366 2233 2678 2289 altitudine
2709 2233 2997 2291 collocati.
3045 2234 3360 2307 Reliquum
3390 2241 3477 2292 est
3504 2237 3609 2310 igi-

1954 2324 2068 2387 tur,
2101 2327 2167 2377 ut
2197 2321 2431 2377 solliciti
2464 2320 2611 2389 sitis,
2638 2322 2950 2395 quomodo
2981 2322 3343 2395 gubernetis,
3400 2329 3457 2382 et
3479 2324 3608 2381 aliis

1953 2409 2161 2467 oculos
2184 2410 2243 2465 in
2268 2427 2371 2466 vos
2399 2410 2744 2482 ﬁgentibus,
2798 2412 3095 2484 optimum
3126 2412 3251 2469 sitis
3298 2414 3609 2487 exemplar

1950 2500 2082 2558 vitae
2111 2516 2182 2556 ac
2212 2499 2517 2557 doctrinis.

2023 2589 2187 2645 Vers.
2222 2590 2307 2645 15.
2338 2590 2540 2661 Neque
2566 2621 2635 2630 —
2684 2590 2778 2661 qui
2806 2591 2868 2645 in
2895 2590 3061 2648 domo
3094 2596 3253 2647 sunt.
3309 2622 3378 2632 —
3400 2592 3605 2665 Neque

1952 2678 2211 2736 accendit
2238 2679 2541 2751 quisquam
2566 2679 2891 2749 lucernam,
2924 2684 3036 2737 etc.
3088 2681 3288 2737 Restat
3310 2680 3510 2751 igitur,
3542 2686 3606 2738 ut

1951 2782 2148 2839 neque
2180 2782 2293 2837 ego
2322 2784 2428 2823 vos
2462 2783 2530 2823 eo
2553 2767 2671 2823 ﬁne
2697 2768 2902 2824 divina
2934 2768 3182 2825 scientia
3209 2769 3600 2836 accenderim,

1953 2861 2019 2912 ut
2042 2856 2480 2913 absconderem
2506 2874 2517 2912 :
2547 2856 2654 2913 sed
2684 2874 2820 2914 ecce
2851 2874 3009 2929 pono
3034 2874 3141 2913 vos
3184 2874 3366 2930 super
3394 2859 3610 2916 cande-

1952 2945 2209 3013 labrum,
2240 2946 2356 3001 hoc
2386 2950 2493 3011 est,
2521 2962 2703 3017 super
2726 2946 3026 3002 excelsum
3068 2946 3353 3003 doctrinae
3384 2947 3608 3012 locum,

1954 3038 2018 3089 ut
2039 3050 2246 3089 omnes
2272 3035 2373 3106 qui
2410 3034 2472 3089 in
2517 3036 2699 3090 domo
2732 3044 2887 3100 sunt,
2922 3035 3289 3091 illuminetis.

2024 3123 2185 3179 Vers.
2217 3125 2303 3178 16.
2338 3124 2433 3179 Sic
2459 3154 2527 3164 —
2553 3124 2656 3194 qui
2685 3124 2749 3177 in
2783 3124 2931 3179 caelis
2957 3131 3055 3180 est.
3091 3124 3309 3180 Luceat
3336 3140 3481 3181 sane
3512 3125 3607 3180 di-

1954 3228 2118 3279 cens,
2140 3228 2258 3267 non
2278 3212 2449 3284 jubet
2481 3216 2540 3267 ut
2569 3212 2629 3267 in
2669 3211 3078 3283 spectaculum
3111 3212 3295 3268 virtus
3320 3217 3604 3285 ponatur,

1953 3302 2057 3356 sed
2087 3307 2150 3356 ut
2190 3302 2320 3373 ipsa
2353 3318 2528 3373 opere
2561 3300 2955 3372 compleatur,
2990 3317 3121 3372 quae
3150 3317 3254 3372 per
3313 3316 3375 3356 se
3415 3299 3608 3357 lucere

1953 3392 2118 3455 solet,
2156 3406 2223 3444 ac
2251 3389 2512 3461 seipsam
2544 3389 2832 3458 unguenti
2874 3405 3037 3444 more
3071 3388 3386 3460 propalare
3421 3408 3431 3446 :
3467 3388 3603 3444 ideo

1950 3477 2146 3534 luceat
2179 3478 2403 3551 puritas
2436 3478 2579 3533 vitae
2606 3494 2674 3533 ac
2702 3478 2993 3533 sermonis
3046 3477 3222 3531 vestri
3270 3494 3472 3533 coram
3499 3478 3605 3533 ho-

1951 3568 2236 3633 minibus,
2285 3584 2403 3622 non
2446 3567 2524 3622 ob
2578 3567 2841 3622 studium
2900 3566 3250 3621 hominibus
3308 3565 3605 3638 placendi,

1952 3659 2049 3713 sed
2098 3664 2161 3712 ut
2187 3658 2423 3713 videant
2454 3663 2636 3712 vestra
2660 3671 2841 3724 opera
2868 3656 3036 3719 bona,
3067 3672 3205 3727 quae
3226 3655 3510 3727 operibus
3538 3671 3608 3711 ac

1953 3746 2332 3803 sermonibus
2362 3746 2667 3801 imitentur
2710 3752 2764 3800 et
2814 3750 3100 3816 praeterea
3167 3750 3231 3799 ut
3280 3745 3609 3814 gloriﬁcent

1950 3839 2189 3893 Patrem
2220 3840 2473 3891 vestrum
2520 3835 2614 3905 qui
2665 3835 2728 3889 in
2768 3833 2923 3890 caelis
2975 3839 3079 3897 est,
3134 3833 3249 3889 hoc
3279 3837 3367 3889 est
3394 3832 3606 3901 Deum,

1951 3941 1987 3981 a
2014 3940 2136 3995 quo
2167 3939 2271 3995 per
2302 3923 2483 3978 ﬁdem
2510 3920 2767 3993 adoPtati
2816 3921 2991 3992 estis;
3027 3920 3132 3975 ﬁlii
3186 3920 3424 3991 quidem
3455 3920 3604 3991 ejus,

1950 4013 2163 4069 fratres
2189 4017 2387 4067 autem
2412 4009 2732 4066 meieﬂ‘ecti
2764 4026 2775 4064 :
2808 4008 3057 4066 laudant
3096 4008 3254 4064 enim
3288 4008 3510 4081 ipsum,
3542 4012 3609 4064 ut

1950 4103 2047 4174 qui
2074 4100 2423 4171 hujusmouli
2454 4098 2723 4171 politiam
2777 4096 3159 4153 ordinaverit.
3214 4097 3343 4169 Ipse
3402 4102 3605 4153 tamen

1951 4191 2211 4247 Christus
2240 4190 2397 4245 hanc
2429 4188 2752 4254 constituit,
2782 4188 2889 4243 sed
2940 4187 3188 4259 propria
3232 4202 3415 4258 opera
3460 4187 3608 4244 solet

1950 4281 2106 4336 Patri
2134 4280 2471 4352 frequenter
2496 4277 2832 4341 attribuere,
2897 4282 2961 4332 ut
2992 4276 3052 4331 in
3084 4276 3473 4347 sequentibus
3499 4275 3610 4330 erit

1950 4371 2214 4426 invenire
2248 4386 2258 4424 :
2297 4369 2532 4424 Patrem
2566 4366 2836 4423 videlicet
2875 4365 3205 4431 honorans,
3256 4370 3311 4420 et
3334 4364 3607 4420 similiter

1949 4459 2390 4528 demonstrans,
2421 4456 2584 4528 quod
2614 4471 2807 4512 unum
2838 4454 2956 4511 sint
2982 4453 3138 4510 sicut
3175 4458 3413 4517 natura,
3444 4452 3525 4509 ita
3548 4458 3607 4509 et

1949 4548 2279 4605 voluntate.
2888 4549 2893 4553 ’

284 4609 513 4715 [Ἳέμῶη
727 4609 910 4713 quala,
967 4609 1320 4713 ἐργαζομένων
1361 4609 1451 4692 τιίι⁸
1496 4638 1648 4709 καλὰ,
1707 4637 1839 4712 λαμ-

2021 4638 2063 4707 -ι-
2090 4635 2293 4699 Vobis,
2322 4634 2525 4707 inquit,
2562 4632 2715 4689 bona
2744 4648 2929 4705 opera
2978 4631 3354 4697 facientibus,
3409 4629 3607 4687 luceat

210 4732 371 4801 φάτω
400 4736 468 4785 τὸ
503 4730 599 4783 ἀπ’
638 4729 808 4783 αὐτῶν
848 4738 952 4803 φῶς
983 4732 1146 4802 ὑμῶν,
1181 4731 1208 4781 ὅ
1236 4732 1345 4799 καὶ,
1390 4725 1616 4801 μηδενὸς
1666 4724 1842 4801 δημο-

216 4828 515 4889 σιεύοντος,
570 4822 745 4872 εἴωθεν
789 4820 915 4872 αὐτὸ
973 4819 1124 4872 ἑαυτὸ
1174 4817 1502 4893 θριαμϐεύειν
1552 4816 1842 4871 ἀποπαλλό-

216 4932 366 4984 μενον
399 4921 507 4964 τῶν
540 4908 760 4982 καλῶν]

287 5008 377 5061 Μὴ
436 5032 510 5042 —-
552 4998 853 5072 πληρῶσαι.
912 4995 1125 5058 Ἐπειδὴ
1181 4998 1398 5071 μείζονα
1449 5005 1548 5049 τῶν
1608 4994 1841 5049 παλαιῶν

1952 4726 2026 4783 ab
2052 4726 2138 4781 eis
2166 4724 2268 4779 lux
2297 4730 2489 4780 vestra
2517 4739 2528 4776 :
2566 4738 2701 4796 quas
2726 4722 2893 4778 nullo
2911 4723 3089 4778 etiam
3116 4721 3477 4794 publicante,
3502 4734 3609 4793 per

1953 4815 2210 4887 seipsam
2242 4812 2619 4885 triumphare
2640 4811 2790 4867 solet
2829 4810 2950 4884 (ss),
3012 4826 3048 4867 a
3099 4810 3271 4867 bonis
3323 4808 3606 4882 operibus

1953 4904 2295 4978 prosiliens.

2026 4995 2188 5049 Vers.
2226 4993 2310 5047 17.
2343 4992 2429 5050 Ne
2469 5022 2538 5033 —
2563 4990 2643 5047 ad
2694 4988 3110 5061 complendum.
3170 4987 3317 5057 Quia
3370 4986 3606 5059 majora

1458 5173 1683 5246 Variae
1711 5171 2043 5244 lectiones
2075 5180 2141 5240 et
2180 5179 2386 5239 notae.

308 5384 398 5446 47)
430 5378 684 5439 Inclusa
713 5374 776 5432 in
807 5390 1002 5446 marg.
1030 5373 1205 5431 habet
1232 5373 1303 5432 A.

308 5384 373 5440 47
430 5382 684 5439 Inclusa
713 5382 776 5432 in
807 5390 1002 5446 marg.
1030 5382 1205 5431 habet
1232 5382 1303 5432 A.

286 5382 398 5529 $48;
423 5453 571 5510 Ἀλλ’
601 5448 933 5529 ἐργάζεσθαι
958 5446 1144 5517 αὐτήν,
1174 5446 1397 5503 absunt
1416 5445 1483 5499 Α.

284 5619 390 5693 (fr)
409 5619 619 5693 Malim
650 5613 741 5672 ad
761 5611 949 5693 υίςαητ
976 5605 1605 5693 eammeam
1628 5607 1845 5693 ιεςεξιερ

223 5667 936 5768 ηὲιέάαῆᾜνῆωνίους
970 5684 1174 5737 autem
1215 5667 1604 5740 reddiderim,
1642 5667 1877 5748 fortes,’

473 5786 768 5846 ΡΑτιοι..
812 5772 923 5833 Gn.
966 5768 1206 5829 CXXIX.

2023 5367 2136 5439 (49)
2165 5362 2225 5421 δὴ
2249 5366 2465 5423 omittit
2482 5368 2552 5439 Α.

2023 5369 2114 5439 (49
2165 5367 2225 5421 δὴ
2249 5367 2465 5423 omittit
2486 5368 2552 5421 Α.

2023 5367 2136 5513 (5οζ
2168 5439 2403 5496 Inclusa
2464 5437 2657 5495 Codex
2707 5441 2950 5509 uterque
3000 5433 3185 5493 habet
3207 5433 3271 5492 in
3308 5432 3604 5506 margine.

1955 5602 2308 5660 constantes.

2027 5671 2127 5745 (ss)
2157 5673 2274 5728 Per
2296 5700 2365 5712 --
2384 5669 2553 5726 solet.
2586 5668 2659 5727 Se
2684 5668 2880 5743 ipsam
2909 5664 3227 5740 illustrare,
3247 5661 3609 5740 patefacere.

3289 5760 3321 5814 Ἰ
