4098 6390
566 380 671 437 203

569 502 874 577 praecepta
903 496 1252 555 conditurus
1292 492 1413 547 erat
1442 489 1550 554 his,
1582 501 1717 558 quae
1745 487 1915 539 erant
1941 481 2001 535 in
2031 473 2223 575 Veteri
2255 473 2300 528 A

566 564 960 654 'l‘estamento,
987 586 1193 641 dicens
1219 598 1230 638 :
1253 580 1505 636 Audistis
1526 575 1683 647 quod
1705 574 1929 629 dictum
1958 575 2041 625 est
2065 564 2221 624 anti-

568 682 698 754 quis
725 698 737 735 :
770 680 903 735 Non
935 675 1190 733 occides:
1219 671 1321 741 qui
1360 674 1555 725 autem
1595 663 1892 725 occiderit,
1950 672 2081 714 reus
2112 656 2223 711 emt

558 746 810 842 judicio.
832 768 960 837 Ego
982 770 1169 821 autem
1186 761 1317 816 dico
1334 758 1522 814 vobis:
1550 753 1745 809 Omnis
1759 750 1861 821 qui
1886 755 2091 804 temere
2104 746 2221 799 ira-

568 834 759 916 scitur
785 834 1108 926 fratrisuo,
1136 865 1269 907 reus
1284 848 1392 904 erit
1406 844 1636 916 judicio
1664 844 1732 906 9°,
1763 845 1898 903 etc.,
1925 843 1982 892 et
2006 834 2224 891 divinae

569 924 888 1017 cujusdam
915 942 1284 1010 ccelestisque
1309 934 1522 1008 politiae
1548 932 1705 987 viam
1728 928 1985 984 incidere
2004 924 2097 994 (ιι)
2132 938 2226 977 vo-

571 1035 762 1091 lebat:
825 1049 897 1088 ne
940 1031 1043 1104 qui
1106 1032 1342 1101 propter
1392 1024 1711 1079 novitatem
1764 1017 2224 1088 suspicarentur,

571 1125 734 1197 quod
772 1138 931 1179 nova
984 1119 1271 1183 condens,
1326 1118 1525 1170 vetera
1582 1108 1908 1177 auferebat,
1968 1115 2225 1173 eumque

573 1190 938 1269 contrarium
961 1209 1076 1264 illis
1098 1223 1230 1263 esse
1252 1204 1529 1277 putarent
1555 1220 1566 1259 :
1593 1200 1851 1273 primum
1868 1195 2005 1250 huic
2030 1190 2227 1247 mede-

571 1307 667 1359 tur
694 1299 1031 1372 suspicioni.

645 1390 761 1447 Sed
791 1388 1110 1444 videamus
1150 1382 1459 1457 quomodo
1504 1381 1695 1451 legem
1750 1372 2129 1446 compleverit
2157 1385 2229 1426 ac

572 1480 918 1552 prophetas.
962 1474 1287 1546 Prophetas
1303 1471 1546 1543 quidem
1573 1466 1913 1539 complevit,
1945 1460 2229 1552 omnibus

572 1548 708 1641 quia
725 1567 799 1623 de
829 1566 957 1638 ipso
990 1565 1345 1633 scripserunt
1388 1560 1715 1631 prophctze,
1749 1569 1928 1626 opere
1968 1548 2229 1621 comple-

574 1658 673 1714 tis.
707 1660 853 1713 Nam
868 1655 947 1710 ob
978 1654 1037 1708 id
1069 1666 1309 1724 quoque
1328 1649 1665 1718 frequenter
1680 1643 2033 1699 addiderunt
2056 1653 2230 1695 evan-

575 1746 837 1815 gelistte:
874 1744 942 1800 Ut
979 1740 1368 1810 compleretur
1416 1736 1574 1807 quod
1601 1734 1822 1789 dictum
1856 1738 1941 1788 est
1961 1742 2231 1815 perpro-

570 1814 833 1904 phetam.
849 1833 1065 1901 Legem
1080 1835 1280 1884 autem
1298 1842 1418 1881 uno
1433 1824 1677 1896 quidem
1695 1822 1898 1890 modo,
1912 1814 2231 1888 complevit
2257 1827 2297 1881 Β

571 1922 719 1980 nihil
745 1918 1237 1991 transgrediendo
1282 1931 1487 1972 eorum
1516 1930 1645 1985 quae
1704 1912 1793 1965 lex
1822 1911 2105 1980 jusserat.
2138 1905 2231 1959 Di-

574 2016 740 2069 xerat
769 2010 925 2066 enim
960 2008 1124 2081 prius
1160 2006 1239 2062 ad
1264 2008 1553 2061 Joannem
1584 2019 1594 2055 :
1630 2002 1726 2056 Sic
1771 2000 1931 2055 decet
1956 2014 2055 2053 nos
2077 2012 2228 2052 com-

573 2101 736 2170 plere
750 2113 971 2155 omnem
984 2096 1339 2167 justitiam91
1370 2109 1382 2159 ;
1408 2092 1523 2147 alio
1542 2095 1742 2147 autem
1766 2088 1966 2148 modo,
2001 2086 2232 2142 addens

576 2189 681 2261 ipsi
714 2203 850 2259 quae
877 2185 1275 2257 praetermissa
1302 2186 1471 2238 erant
1498 2196 1508 2233 :
1542 2178 1708 2251 quod
1752 2178 1930 2233 etiam
1962 2175 2055 2230 hic
2106 2190 2233 2230 ma-

577 2278 667 2347 gis
698 2291 1025 2346 congruum
1056 2277 1148 2328 est
1175 2270 1517 2340 intelligere.
1556 2269 1703 2323 Cum
1736 2268 1893 2322 enim
1952 2266 2047 2320 lex
2099 2279 2233 2336 pec-

577 2371 847 2421 catorum
873 2364 1023 2418 ﬁnes
1049 2361 1369 2434 prohibeat,
1425 2359 1687 2413 Christus
1741 2355 2033 2428 principia
2081 2370 2234 2425 quo-

576 2471 690 2528 que
716 2454 909 2509 vetuit.
969 2450 1276 2523 Siquidem
1329 2447 1517 2504 credes
1560 2447 1786 2502 fructus
1839 2450 1928 2500 est
1983 2444 2230 2515 peccati,

575 2543 747 2599 radix
776 2547 970 2597 autem
1000 2541 1123 2611 ejus
1146 2543 1231 2595 est
1261 2539 1348 2594 ira
1381 2559 1392 2591 :
1428 2536 1539 2592 nisi
1589 2551 1729 2591 vero
1782 2534 1918 2606 quis
1970 2533 2231 2588 radicem

579 2632 906 2696 abstulerit,
948 2628 1319 2701 quandoque
1350 2626 1596 2682 tandem
1640 2624 1891 2679 fructum
1923 2623 2231 2693 producet.

578 2724 739 2776 Patet
759 2719 932 2790 igitur
944 2734 1223 2773 mancum
1239 2716 1421 2771 fuisse
1446 2718 1832 2786 prmeeptum,
1855 2713 2017 2784 quod
2038 2711 2233 2767 solum

579 2809 851 2865 occidere
876 2806 1138 2863 vetabat.
1173 2808 1290 2861 Hoc
1313 2810 1514 2860 autem
1574 2803 1835 2858 Christus
1890 2800 2231 2873 complevit,

578 2896 931 2970 praecipiens
984 2911 1105 2950 non
1157 2894 1350 2959 irasci,
1419 2892 1584 2964 quod
1633 2892 1694 2945 in
1747 2890 1877 2946 aliis
1924 2889 2235 2961 praeceptis

578 2985 960 3057 procedendo
990 2983 1186 3039 licebit
1215 2982 1507 3038 invenire.

654 3077 721 3131 Et
744 3089 926 3146 quare
948 3077 1114 3129 vetus
1172 3074 1259 3127 lex
1285 3076 1411 3126 erat
1466 3068 1870 3142 imperfecta?
1923 3068 2067 3135 Quia
2126 3068 2237 3122 He-

1872 347 2227 411 EUTHYMII
2267 342 2595 402 ZIGABENI

3830 326 3931 384 204

2330 467 2776 542 παραγγελμάτων
2839 463 3008 536 ἔμελλε
3077 464 3386 534 νόμογετεῖν,
3462 456 3621 528 λέγων
3670 470 3683 483 ·
3750 453 3927 507 Ἠκού-

2334 580 2458 613 σατε
2532 562 2608 611 ὅτι
2681 555 2859 631 ἐρρέθη
2932 559 3041 613 τοῖς
3117 550 3367 623 ἀρχαίοις
3417 567 3429 581 ·
3483 546 3557 599 Οὐ
3613 547 3923 617 φονεύσεις·

2334 650 2387 711 ὃς
2441 645 2490 700 δ’
2564 646 2623 698 ἆν
2678 646 2922 717 φονεύσῃ,
2992 644 3174 713 ἔνοχος
3229 643 3375 691 ἔσται
3428 644 3490 707 τῇ
3551 639 3718 707 κρίσει
3761 650 3774 663 ·

2335 735 2393 790 δὲ
2448 737 2578 807 λέγω
2635 736 2773 807 ὑμῖν,
2836 736 2916 783 ὄτι
2969 738 3070 792 πᾶς
3133 732 3158 780 6
3207 728 3537 801 ὀργιζόμενος
3604 732 3675 794 τῷ
3729 718 3929 793 ἀδελφῷ

2335 827 2490 880 αὐτοῦ
2542 826 2677 891 εἰκῆ,
2728 826 2911 894 ἔνοχος
2962 824 3109 873 ἔσται
3161 826 3222 890 τῇ
3279 822 3471 893 κρίσει,
3512 819 3601 866 καὶ
3658 816 3723 865 τὰ
3778 811 3924 874 ἑξῆς·

2334 922 2423 969 καὶ
2497 918 2635 974 θείας
2686 915 2825 974 τινος
2894 916 2983 962 καὶ
3050 909 3291 983 οὐρανίου
3365 905 3627 966 πολιτείας
3701 900 3927 955 ἐϐούλετο

2334 1011 2501 1076 τεμεῖν
2543 1000 2688 1069 ὁδὸν,
2733 1004 2816 1054 ἶνα
2861 1006 2931 1073 μή
2985 1018 3134 1067 τινες,
3181 994 3275 1050 διὰ
3321 999 3380 1048 1'6
3420 994 3635 1060 ξενίζον,
3671 990 3929 1045 ὑπολάϐωο

2337 1113 2438 1159 σιν,
2500 1094 2580 1145 ὃτι
2636 1090 2857 1166 ἀναιρῶν
2918 1091 2984 1141 τὰ
3044 1086 3258 1153 παλαιὰ,
3338 1086 3601 1157 νομοθετεί
3668 1085 3773 1148 νέα,
3847 1085 3929 1132 καὶ

2332 1186 2622 1255 νομίσωσιν
2677 1180 2829 1232 αὐτὸν
2892 1179 3145 1246 ἀντίθεον,
3190 1175 3564 1249 προθεραπεύει
3611 1176 3704 1230 τὴν
3757 1171 3930 1222 τοιαύ-

2334 1291 2428 1331 την
2469 1269 2677 1341 ὑπόληψ
2688 1290 2750 1322 ιν.

2409 1360 2583 1426 Ἀλλὰ,
2633 1367 2744 1421 πῶς
2791 1356 3058 1431 ἐπλήρωσε
3109 1358 3196 1407 τὸν
3244 1358 3396 1426 νόμον
3438 1356 3526 1404 καὶ
3574 1353 3695 1411 τοὺς
3734 1354 3929 1425 προφη-

2336 1469 2445 1515 τας,
2496 1445 2712 1521 ἶὸωμεν.
2753 1450 2887 1508 Τοὺς
2934 1450 3201 1520 προφήτας
3241 1445 3328 1515 μὲν
3391 1440 3679 1515 ἐπλήρωσε,
3733 1437 3930 1512 πληρώ-

2339 1558 2435 1600 σας
2486 1540 2656 1611 ἔργοις
2717 1538 2906 1601 πάντα,
2963 1536 3063 1586 ὅσα
3118 1537 3235 1606 περὶ
3292 1530 3451 1583 αὐτοῦ
3494 1534 3882 1602 προεφήτευσαν
3916 1545 3927 1557 ·

2339 1625 2425 1681 διὸ
2496 1631 2585 1679 καὶ
2639 1628 2755 1678 καθ’
2823 1626 3037 1677 ἕκαστον
3094 1631 3193 1674 τὼν
3250 1621 3702 1694 προφητευθέντων
3755 1622 3933 1692 προσέ-

2342 1718 2503 1775 θηκαν
2549 1717 2596 1768 οἱ
2652 1712 3015 1785 εὐαγγελισταὶ
3052 1715 3110 1763 1'6
3139 1728 3152 1740 '
3187 1732 3215 1761 ι(
3245 1708 3355 1763 Ἰνα
3396 1708 3643 1782 πληρωθῇ
3686 1710 3747 1759 τὸ
3789 1708 3934 1780 ῥηθὲν

2343 1802 2433 1858 διὰ
2479 1812 2571 1857 τοῦ
2623 1808 2891 1876 προφήτου
2924 1818 2936 1832 ·
2983 1822 3011 1851 ›ι
3061 1803 3146 1852 τὸν
3199 1796 3257 1851 δὲ
3298 1802 3451 1870 νόμον
3500 1797 3571 1849 ἐνι
3623 1797 3711 1868 μὲν
3769 1800 3933 1868 τρόπῳ

2340 1893 2695 1967 πεπλήρωκεν,
2788 1890 2836 1942 ἐν
2917 1898 2990 1961 τῷ
3079 1884 3245 1961 μηδὲν
3329 1891 3544 1959 νόμιμον
3616 1884 3931 1959 παραϐῆναι.

2341 1986 2529 2058 Εἲρηκε
2582 1987 2683 2056 γὰρ
2734 1984 2865 2055 πρὸς
2919 1984 3006 2032 τὸν
3064 1979 3322 2040 Ἰωάννην,
3393 1978 3474 2029 ὅτι
3533 1976 3680 2028 Οὕτω
3754 1978 3934 2050 πρέπον

2341 2071 2481 2125 ἐστὶν
2538 2074 2683 2145 ἡμῖν,
2746 2069 3025 2145 πληρῶσαι
3097 2074 3271 2120 πᾶσαν
3341 2063 3723 2124 δικαιοσύνηνι
3790 2066 3933 2137 ἑτέρῳ

2343 2157 2422 2230 δὲ,
2456 2160 2502 2213 ἐν
2534 2168 2606 2230 τῷ
2640 2161 2947 2234 προσθεῖναι
2996 2156 3136 2228 αὐτῷ
3174 2158 3239 2208 τά
3286 2154 3547 2220 λείποντα,
3572 2156 3597 2207 ὅ
3636 2158 3724 2206 καὶ
3758 2154 3935 2226 μᾶλλον

2342 2249 2563 2302 ἐνταῦθα
2600 2256 2729 2301 νοεῖν
2778 2243 3050 2321 ἁρμόδιον.
3106 2251 3209 2299 Τοῦ
3238 2249 3397 2316 νόμου
3445 2246 3543 2318 γὰρ
3588 2245 3655 2295 τὰ
3682 2243 3805 2301 τέλη
3843 2251 3935 2295 τῶν

2343 2339 2731 2412 ἁμαρτημάτων
2790 2336 3091 2402 κωλύοντος,
3147 2335 3172 2385 6
3227 2336 3455 2407 Χριστὸς
3510 2335 3729 2394 καὶτὰς
3777 2332 3936 2405 ἀρχὰς

2344 2426 2614 2481 ἐκώλυσεν.
2656 2425 2714 2479 Ὀ
2748 2430 2891 2498 φόνος
2935 2428 3023 2497 μὲν
3074 2426 3175 2498 γὰρ
3221 2426 3420 2493 καρπός
3450 2420 3589 2474 ἐστιν
3642 2421 3931 2496 ἁμαρτίαν

2342 2518 2465 2590 ῥίζα
2505 2514 2563 2569 δε
2610 2520 2803 2575 ταύτης
2855 2517 2885 2572 ἡ
2946 2512 3094 2586 ὀργή.
3156 2515 3251 2564 Καὶ
3301 2511 3344 2563 εἰ
3397 2515 3468 2583 μὴ
3524 2530 3605 2573 τις
3661 2510 3810 2584 ἁνέλη
3849 2515 3934 2570 τὴν

2342 2607 2515 2680 ῥίζαν,
2589 2608 2728 2657 ἔστιν
2782 2606 2865 2656 ὅτε
2928 2606 3336 2678 καρποφορήσει.
3412 2597 3680 2653 Δέδεικται
3752 2606 3933 2665 τοίνυν,

2344 2697 2420 2746 ὅτι
2481 2693 2690 2755 ἐλλιπὴς
2748 2689 2808 2751 ἧν
2867 2695 2897 2750 ἡ
2975 2694 3089 2764 περὶ
3163 2696 3255 2742 τοῦ
3319 2693 3392 2761 μὴ
3458 2692 3680 2760 φονεύειν
3748 2690 3931 2748 ἐντολή.

2347 2783 2703 2858 Ἀνεπλήρωσε
2756 2778 2815 2833 δὲ
2867 2783 3059 2837 ταύτην
3097 2780 3124 2831 6
3172 2781 3425 2852 Χριστὸς,
3477 2776 3818 2851 ἐντειλάμενος
3868 2784 3931 2850 μὴ

2345 2872 2672 2944 ὀργίζεσθαι.
2727 2877 2888 2925 Τοῦτο
2953 2866 3012 2923 δε
3060 2873 3150 2921 καὶ
3209 2866 3292 2920 ἐπὶ
3350 2875 3447 2920 τῶν
3513 2866 3677 2919 ἄλλων
3737 2866 3935 2920 ἐντολῶν

2346 2962 2580 3037 εὐρησεις
2614 2965 2827 3034 προϊών.

2419 3054 2519 3103 Καὶ
2590 3046 2736 3102 ὃιατί
2810 3046 2990 3108 ἀτελὴς
3047 3042 3107 3105 ἦν
3175 3047 3200 3098 6
3258 3046 3473 3107 παλαιὸς
3546 3048 3738 3119 νόμος;
3804 3049 3935 3099 Διὸτι

576 3163 725 3221 braei
772 3164 938 3218 durae
1008 3161 1251 3217 cervicis
1301 3164 1488 3226 erant,
1566 3175 1675 3214 nec
1735 3158 2002 3214 ferebant
2062 3174 2229 3229 grave

2348 3138 2807 3212 σκληροτράχηλοι
2878 3133 3011 3194 ἦσαν
3088 3137 3137 3187 οἱ
3192 3134 3441 3209 Ἑϐραῖοι,
3495 3138 3584 3187 καὶ
3649 3134 3745 3187 οὐκ
3809 3136 3936 3193 ἠνεί-

579 3254 797 3325 jugum
830 3268 842 3307 :
877 3250 1223 3322 illositaque
1243 3248 1667 3306 velutint‘antcs
1695 3248 1843 3303 lacte
1868 3248 2111 3318 potavit,
2132 3262 2236 3302 no-

582 3343 676 3397 bis
716 3346 913 3397 autem
983 3345 1276 3411 tanquam
1336 3338 1478 3393 viris
1530 3337 1787 3392 solidum
1828 3336 2109 3408 apposuit
2154 3337 2236 3391 ci-

580 3431 758 3487 bum.

655 3517 973 3584 Quomodo
988 3533 1128 3573 vero
1150 3516 1289 3572 alibi
1309 3515 1730 3573 dixitChristus
1765 3518 2011 3587 :Jugum
2040 3532 2232 3573 meum

579 3623 762 3664 suave
791 3613 894 3669 est,
925 3611 977 3662 et
1001 3622 1145 3661 onus
1184 3621 1375 3661 meum
1434 3606 1553 3660 leve
1581 3608 1628 3640 ⁹²
1654 3604 1681 3659 ‘?
1713 3604 1861 3672 Quia
1918 3606 2041 3661 leve
2096 3606 2235 3661 facit

580 3696 697 3752 hoc
724 3696 1001 3751 laborum
1034 3696 1427 3750 remuneratio
1459 3710 1527 3749 ac
1560 3696 1941 3766 praemiorum
1997 3694 2232 3764 magni-

580 3786 746 3841 tudo.
776 3787 888 3840 Lex
919 3784 1081 3839 enim
1108 3799 1169 3838 se
1201 3783 1572 3839 servantibus
1602 3784 1760 3839 bona
1790 3788 1957 3839 terrze
1989 3785 2235 3856 promit-

580 3873 763 3931 tebat.
797 3872 1063 3930 Christus
1090 3878 1292 3929 autem
1320 3873 1483 3929 bona
1525 3873 1799 3929 coelestia.

655 4111 850 4184 1-Alio
878 4112 1058 4170 etiam
1090 4114 1291 4180 modo,
1352 4129 1474 4170 non
1523 4113 1711 4180 solvit,
1765 4115 1862 4170 sed
1909 4114 2234 4187 complevit

576 4204 777 4277 potius
797 4202 981 4273 legem
1016 4210 1272 4259 veterem
1297 4219 1310 4258 :
1342 4218 1535 4275 neque
1558 4205 1715 4258 enim
1745 4203 2067 4275 Evangelio
2094 4221 2229 4261 con-

575 4292 760 4350 traria
790 4296 931 4355 erat,
965 4291 1070 4347 sed
1101 4292 1301 4363 potius
1352 4292 1452 4348 via
1509 4292 1585 4348 ad
1648 4293 1869 4364 ipsum,
1947 4310 2014 4349 ac
2038 4310 2230 4365 prreco

575 4380 835 4453 praevius
856 4380 1136 4436 etumbra
1157 4385 1491 4453 typusque;
1526 4383 1792 4439 veniente
1817 4390 2016 4441 autem
2043 4386 2231 4441 Evan-

576 4469 750 4539 gelio,
779 4468 1071 4539 completa
1088 4475 1173 4524 est
1190 4486 1259 4525 ac
1282 4471 1554 4536 cessavit,
1581 4470 1734 4526 sicut
1762 4488 1877 4527 nox
1913 4479 2228 4546 appetente

2346 3248 2506 3300 χοντο
2558 3229 2717 3300 ζυγὸν
2752 3224 2936 3299 βαρύν.
2988 3229 3169 3277 Τοίνυν
3219 3223 3443 3287 ἐκείνους
3481 3227 3590 3296 μὲν,
3628 3227 3693 3285 ὡς
3730 3229 3938 3285 νηπίους

2346 3318 2419 3377 εἰς
2478 3316 2683 3391 ἀρετὴν,
2734 3315 2871 3388 ⁴γάλα
2935 3313 3168 3366 ἐπότισεν
3212 3334 3224 3347 ·
3271 3314 3394 3386 ἡμῖν
3445 3310 3524 3379 δὲ,
3584 3315 3648 3374 ὡς
3696 3311 3936 3388 ἀνδράσι,

2344 3413 2645 3483 προσήγαγε
2673 3407 2881 3479 στερεὰν
2912 3408 3127 3479 τροφήν.

2417 3500 2521 3552 Καὶ
2564 3504 2674 3557 πῶς
2718 3497 2743 3547 6
2792 3496 3022 3568 Χριστὸς
3065 3495 3264 3567 εἴρηκεν
3306 3491 3566 3565 ἀλλάχοῦ,
3620 3492 3701 3545 ὅτι
3757 3492 3814 3545 Ὁ
3852 3492 3939 3553 ζυ-

2344 3592 2436 3659 γός
2494 3605 2593 3658 μου
2650 3586 2913 3657 χρηστὸς,
2970 3588 3060 3635 καὶ
3126 3586 3183 3635 τὸ
3265 3586 3472 3655 φορτίον
3529 3601 3629 3654 μου
3688 3581 3936 3656 ἐλαφρόνς

2345 3680 2487 3729 Διότι
2526 3674 2791 3748 ἑλαφρύνει
2834 3680 3010 3724 τοῦτον
3065 3673 3091 3728 ὃ
3154 3679 3252 3723 τῶν
3303 3675 3468 3723 πόνων
3515 3667 3808 3740 ἀντίδοσις,
3854 3674 3937 3722 καὶ

2344 3767 2373 3823 ἡ
2434 3763 2773 3837 μεγαλειότης
2842 3769 2943 3813 τῶν
3010 3759 3264 3815 ἐπάθλων.
3325 3759 3383 3811 ⁸0
3455 3763 3609 3831 νόμος
3676 3763 3768 3832 μὲν
3842 3760 3934 3831 γὰρ

2342 3860 2452 3915 τοῖς
2503 3854 2848 3926 κατορθοῦσιν
2906 3850 3060 3903 αὐτὸν
3120 3852 3185 3901 τὰ
3242 3847 3416 3920 ἀγαθὰ
3465 3857 3561 3909 τῆς
3624 3858 3722 3920 γῆς
3782 3851 3935 3919 ἐπηγ-

2341 3941 2544 4013 γείλατο
2595 3938 2785 3995 δώσειν
2814 3958 2826 3971 ·
2874 3941 2899 3992 6
2937 3936 2997 3992 δε
3021 3941 3274 4011 Χριστὸς,
3320 3940 3386 3990 τὰ
3428 3936 3600 4010 ἀγαθὰ
3642 3945 3738 3990 τοῦ
3784 3937 3938 4010 οὐρα-

2341 4051 2450 4087 νου.

2417 4118 2653 4193 [Ἄλλως
2704 4120 2819 4192 (51)
2878 4137 2952 4189 τε,
3018 4117 3075 4170 οὐ
3135 4116 3432 4177 κατελυσεν.

2340 4214 2427 4263 τὸν
2474 4210 2691 4262 παλαιὸν
2743 4212 2894 4281 νόμον
2949 4209 2974 4259 6
3028 4212 3277 4281 Χριστός.
3339 4202 3481 4258 066“:
3526 4207 3626 4280 γὰρ
3685 4204 3936 4258 ὰντέκειτο

2340 4306 2413 4358 τῷ
2453 4299 2767 4370 Εὐαγγελίῳ,
2799 4296 2989 4371 μᾶλλον
3029 4300 3118 4368 μὲν
3153 4292 3241 4348 οὖν
3288 4292 3413 4357 ὁδὸς
3462 4292 3522 4353 ἧν
3558 4291 3709 4356 οὗτος
3759 4294 3842 4348 ἐπὶ
3882 4297 3935 4345 τὸ

2341 4386 2680 4459 Εὑαγγέλιον,
2744 4392 2833 4439 καὶ
2888 4384 3210 4460 προκηρυξις
3265 4384 3442 4451 αὐτοῦ,
3499 4389 3588 4436 καὶ
3654 4386 3802 4451 σκιὰ,
3854 4387 3936 4435 καὶ

2597 4476 2860 4539 Ἐλθοντος
2950 4472 3009 4528 δὲ
3080 4480 3173 4528 τοῦ
3229 4473 3573 4545 Εὐαγγελίου,
3666 4474 3934 4547 ἐπληρώθη

3513 4115 3619 4168 ἀλλ’
3674 4116 3936 4190 ἐπλήρωσε

2338 4480 2517 4540 τύπος.

574 4557 687 4622 die,
720 4558 871 4612 sicut
896 4556 1103 4612 umbra
1142 4557 1359 4613 additis
1384 4559 1699 4615 coloribus.
1725 4544 2041 4632 Oportebat
2068 4565 2227 4620 enim

2340 4566 2510 4637 οὗτος,
2578 4571 2665 4619 καὶ
2724 4570 3007 4635 πέπαυται,
3079 4567 3148 4627 ὡς
3220 4563 3330 4630 νὺξ,
3404 4564 3602 4637 ἡμέρας
3669 4567 3935 4635 φανείσης,

572 4646 972 4720 paedagogum
997 4647 1338 4719 prmceptori
1374 4650 1715 4707 concedere.

643 4950 691 4988 9°
720 4946 921 5008 Matth.
953 4966 1010 5017 v,
1046 4947 1134 5017 2t,
1168 4948 1254 5007 22.
1334 4952 1376 4988 91
1404 4950 1607 5013 Matth.
1630 4968 1721 5026 In,
1754 4956 1840 5013 15.

2339 4659 2410 4719 ὡς
2464 4658 2609 4728 σκιὰ,
2669 4658 2963 4732 χρωμάτων
3022 4656 3134 4726 (52)
3202 4652 3595 4712 ἐπιϐληθέντων.
3644 4648 3797 4706 Ἐδει
3837 4654 3933 4724 γὰρ

2336 4751 2423 4801 τὸν
2665 4743 3009 4820 παιδαγωγὸν
3079 4751 3152 4817 τῷ
3225 4739 3537 4816 διδασκάλῳ
3614 4749 3938 4816 παραχωρῆ-

2337 4857 2449 4893 σαι.

1923 4962 1969 4996 ει
2000 4963 2199 5022 Matth.
2239 4981 2318 5037 Χῖ,
2374 4967 2464 5025 30.

1795 5112 2013 5182 Variae
2046 5115 2380 5189 lectiones
2416 5128 2482 5189 et
2512 5126 2714 5187 notae.

639 5274 749 5416 (Si;
792 5270 1023 5331 Inclusa
1050 5274 1109 5330 in
1140 5274 1413 5346 margine
1437 5276 1613 5333 habet
1644 5283 1709 5335 A.

639 5344 727 5416 (52
783 5345 1126 5411 Hentenius,
1170 5348 1475 5403 coloribus.
1512 5351 1681 5406 Recte

639 5344 749 5433 (εει)
780 5345 1126 5426 Hentenius,
1170 5344 1490 5433 coloribus...
1512 5351 1867 5433 Rectemergo
1895 5363 2213 5433 χρωμάτων,

565 5417 813 5480 correXi!
868 5435 977 5488 PFO
1042 5422 1356 5491 χρημάτων.
1585 5417 1872 5478 ἐπιϐάλλξιν
1895 5417 2219 5507 Πιχρώματά

2332 5293 2570 5361 Gregor.
2600 5290 2870 5363 Nazianz.
2900 5304 2960 5363 p_.
2997 5292 3083 5346 35.

2401 5359 2517 5435 (53)
2549 5361 2805 5434 Respicit
2838 5359 2962 5419 Gal.
2996 5376 3076 5426 ιιι,
3107 5359 3198 5415 24.

635 5539 1304 5631 ῘὲξίέίῗῗῗεὴΜίὲΡίῗθ·
1338 5546 1533 5631 θτεξξοθ
1561 5546 1881 5621 eleganter,
1934 5560 2130 5630 τέμνειν
2166 5556 2314 5617 ὁδόν.
2344 5557 2463 5617 Sed
2488 5558 2650 5617 hunc
2678 5562 2920 5631 tropum
2948 5556 3137 5615 Latini
3174 5571 3297 5613 non
3365 5560 3499 5613 sunt
3542 5556 3773 5622 imitati,
3819 5552 3933 5609 nisi

562 5607 715 5667 fcrte
745 5610 846 5667 ubi
876 5628 1074 5671 sermo
1104 5615 1176 5672 sit
1205 5616 1278 5673 de
1307 5616 1582 5689 rupibus.
