4098 6414
601 410 711 473 20⁵7

1962 406 2300 467 EUTHYMII
2340 404 2645 464 ZIGABEN
2650 402 2673 462 Ι
3871 395 3964 459 9.08

602 544 797 598 etnon
814 539 1058 605 faciunt,
1078 539 1265 595 vitam
1281 536 1549 594 viventes
1568 536 1857 593 doctrinae
1874 536 2237 593 contrariam
2261 561 2268 600 ;

2389 533 2516 586 ἀλλὰ
2559 536 2711 604 μόνον
2761 525 3136 596 διδάσκουσιν,
3190 528 3650 601 ἀντιφθεγγόμενον
3707 534 3767 600 τῇ
3817 523 3964 581 διδά-

601 644 712 686 vos
767 632 969 684 autem
1020 634 1076 683 et
1116 628 1331 683 docere
1363 631 1418 683 et
1462 627 1657 682 facere
1688 626 1940 691 debetis,
1982 630 2047 681 ut
2082 624 2278 682 verbis

603 717 767 773 facta
803 717 1187 773 concordent.
1229 718 1341 771 Aut
1382 716 1561 770 etiam
1603 716 1772 771 aliter
1801 715 1913 770 hoc
1944 713 2230 785 intelliges
2260 731 2271 769 :

609 806 695 862 Illi
716 806 961 879 quidem
983 810 1367 878 peccatorum
1392 805 1541 860 fines
1562 806 1873 860 observant
1896 820 1909 858 :
1937 819 2045 859 vos
2071 806 2275 858 autem

604 894 902 967 principia
931 910 1178 967 quoque
1209 894 1527 950 observare
1552 893 1803 948 debetis.
1837 891 2075 947 Scribas
2108 906 2277 947 nam-

610 999 730 1056 que
788 989 845 1040 et
896 984 1227 1039 Pharisaeos
1283 983 1379 1039 hic
1434 988 1591 1039 recte
1649 987 1980 1054 operantes,
2041 986 2096 1037 et
2151 995 2275 1036 non

610 1072 1118 1143 transgredientes
1141 1072 1420 1144 accipito.
1451 1071 1743 1128 Justitiam
1764 1088 1903 1128 vero
1932 1069 2277 1143 simpliciter

616 1161 766 1219 dixit
790 1177 1033 1219 omnem
1060 1162 1360 1218 virtutem.

681 1337 1006 1395 Considera
1058 1342 1261 1395 autem
1321 1338 1632 1410 quomodo
1684 1341 1742 1393 et
1792 1352 1897 1409 per
1954 1338 2275 1408 praesentia

607 1428 815 1495 verba,
847 1432 905 1484 et
932 1443 1039 1500 per
1068 1442 1140 1483 ea
1169 1443 1306 1499 quas
1346 1427 1616 1500 superius
1648 1426 1805 1481 dicta
1837 1430 1992 1491 sunt,
2026 1441 2149 1481 non
2181 1442 2273 1483 ca-

606 1516 940 1573 lumnietur
976 1516 1168 1587 legem
1207 1520 1488 1580 veterem,
1540 1516 1642 1571 sed
1692 1516 1886 1586 ipsam
1927 1514 2123 1586 potius
2172 1530 2273 1571 au-

609 1610 765 1677 geat.
794 1607 1007 1660 Verum
1040 1605 1089 1659 si
1118 1604 1218 1660 illa
1246 1604 1784 1677 irreprehensibilis
1810 1608 1919 1668 est,
1945 1619 2049 1658 cur
2075 1603 2273 1659 salvos

609 1710 733 1751 non
766 1694 909 1751 facit
938 1694 1073 1749 illos
1104 1693 1207 1766 qui
1244 1694 1439 1764 ipsam
1477 1697 1757 1748 servant?
1788 1695 1979 1763 Usque
2009 1692 2087 1748 ad
2113 1691 2273 1748 Chri-

613 1782 689 1838 sti
720 1782 967 1855 quidem
1000 1782 1326 1838 adventum
1353 1780 1550 1837 salvos
1573 1798 1676 1837 eos
1702 1781 1977 1845 faciebat,
2001 1781 2098 1851 qui
2130 1796 2274 1851 gna-

2389 622 2579 693 σκαλὶᾳ
2620 624 2706 672 τόν
2762 618 2877 692 βίον
2927 622 3155 691 ἔχοντες
3202 615 3351 691 ὑμεῖς
3408 615 3468 671 δὲ
3519 622 3609 669 καὶ
3658 624 3837 686 ποιεῖν,
3887 624 3964 670 xui

2387 708 2667 764 διδάσκειν
2711 709 2949 781 ὀφείλετε.
3007 709 3089 760 ἵνα
3157 705 3428 780 συνᾴδωσι
3468 709 3533 760 τὰ
3584 710 3707 780 ἔργα
3757 713 3856 767 τοῖς
3894 706 3964 758 λό-

2384 820 2513 873 γοις.
2567 798 2632 851 Ἥ
2695 803 2783 850 καὶ
2824 797 3006 870 ἑτέρως
3042 804 3194 849 τοῦτο
3242 802 3468 865 νοήσεις,
3520 797 3600 848 ὃτι
3647 796 3853 848 Ἐκεῖνοι
3887 798 3963 867 μὲν

2381 891 2448 941 τὰ
2502 887 2619 945 τέλη
2681 896 2779 938 τῶν
2838 886 3225 959 ἁμαρτημάτων
3288 888 3655 958 φυλάττουσιν·
3726 885 3864 956 ὑμεῖς
3915 882 3965 936 δὲ

2385 981 2473 1029 καὶ
2524 978 2617 1036 τὰς
2667 974 2837 1048 ἀρχὰς
2883 975 3152 1048 φυλάττειν
3208 975 3448 1047 ὀφείλετε,
3506 978 3607 1045 εἴγε
3658 971 3966 1046 Γρᾶμματεῐς

2383 1071 2473 1118 καὶ
2523 1070 2841 1138 Φαρισαίους
2898 1063 3118 1118 ἐνταῦθα
3173 1068 3296 1126 τοὺς
3347 1064 3750 1136 κατορθοῦντας,
3781 1066 3867 1114 καὶ
3916 1062 3965 1113 οὐ

2380 1158 2501 1217 τοὺς
2560 1161 2982 1228 παρανομοῦντας
3046 1153 3242 1216 λάϐοις.
3310 1156 3655 1211 Δικαιοσύνην
3727 1148 3785 1206 δὲ
3846 1148 3964 1203 εἶπεν

2383 1244 2559 1305 ἁπλῶς
2587 1250 2760 1297 πᾶσαν
2786 1243 2990 1317 ἀρετήν.

2453 1331 2595 1408 ’Ὁρα
2650 1328 2730 1398 δε,
2783 1335 2920 1395 ὅπως
2963 1336 3053 1385 καὶ
3108 1328 3203 1385 διὰ
3247 1340 3347 1385 τῶν
3400 1334 3662 1405 παρόντων
3718 1329 3965 1404 ῥημάτων,

2380 1427 2471 1475 καὶ
2525 1419 2618 1476 διὰ
2668 1431 2767 1474 τῶν
2819 1422 3054 1497 ἀνωτέρω
3106 1422 3403 1495 εἰρημένων,
3468 1421 3526 1472 οὐ
3579 1416 3843 1473 διαϐάλλει
3886 1423 3967 1476 τὴν

2380 1511 2604 1565 παλαιὰν
2668 1513 2998 1584 νομοθεσίαν,
3070 1511 3176 1563 ἀλλ’
3246 1510 3484 1564 ἐπιτείνει
3545 1509 3735 1582 μᾶλλον
3797 1508 3963 1566 αὐτὴν.

2384 1606 2484 1654 Καὶ
2529 1602 2571 1654 εἰ
2618 1598 2939 1663 ἀδιάϐλητὸς
2973 1599 3106 1667 ἐστι,
3146 1596 3291 1652 διατί
3335 1601 3392 1652 οῦ
3436 1603 3594 1662 σώζει
3634 1602 3754 1659 τοὺς
3797 1616 3965 1670 μετερ-

2381 1694 2635 1762 χομένους
2682 1691 2883 1756 αὐτὴνς
2937 1694 3115 1764 Μέχρι
3161 1692 3251 1763 μὲν
3298 1698 3389 1750 τῆς
3448 1695 3540 1741 τοῦ
3592 1695 3827 1761 Χριστοῦ
3878 1707 3967 1739 πα-

2379 1785 2600 1854 ρουσίας
2654 1780 2816 1840 ἔσωζε
2873 1783 2991 1841 τοὺς
3046 1778 3276 1853 ἀκριϐεῖς
3329 1778 3561 1851 φύλακας
3615 1777 3800 1844 αὐτῆς,
3856 1776 3969 1848 μετὰ

606 1871 966 1943 viteripsam
990 1870 1410 1927 custodiebant
1436 1889 1448 1928 :
1484 1877 1688 1942 pOStea
1705 1886 1845 1926 vero
1868 1886 2007 1925 cum
2028 1869 2268 1926 infantia

2380 1876 2530 1921 τοῦτο
2562 1866 2643 1936 δέ,
2684 1878 2778 1930 τῆς
2806 1874 3119 1930 νηπιότητος
3164 1869 3230 1929 εἰς
3278 1865 3578 1942 άνδρότητα
3617 1865 3966 1941 προκοψάσης,

608 1961 667 2016 in
715 1960 942 2016 virilem
965 1962 1094 2030 jam
1125 1959 1435 2031 profecerit
1465 1964 1717 2024 aetatem,
1747 1966 1803 2014 et
1826 1960 2066 2030 copiosa
2088 1959 2273 2028 gratia

608 2048 959 2105 hominibus
982 2048 1122 2103 data
1144 2049 1234 2113 sit,
1260 2048 1645 2119 maximaque
1669 2049 1972 2119 proposita
1996 2049 2108 2103 sint
2126 2064 2248 2119 prae

612 2139 734 2195 mia
751 2155 861 2210 pro
877 2139 1177 2194 bonorum
1202 2138 1588 2194 retributione
1611 2154 1793 2209 operu
1807 2155 1858 2193 ω
1877 2138 2094 2209 (neque
2111 2139 2273 2195 enim

613 2228 875 2298 amplius
906 2228 1206 2299 possessio
1234 2232 1399 2283 terra:
1431 2228 1811 2299 promitiitur,
1845 2232 1947 2282 aut
1975 2228 2271 2283 bonorum

612 2322 1009 2381 terrenorum,
1043 2332 1238 2388 neque
1267 2316 1812 2387 prolisfecunditas,
1835 2318 2130 2386 autlonga
2158 2318 2273 2373 vita

614 2421 718 2461 seu
748 2404 1000 2461 victoria
1026 2406 1100 2460 de
1126 2404 1401 2469 inimicis,
1432 2405 1535 2460 sed
1558 2404 1687 2460 coeli
1715 2405 2051 2469 haereditas,
2085 2406 2269 2463 bono-

611 2509 869 2565 rumque
896 2493 1241 2557 cmlestium,
1274 2499 1330 2548 et
1362 2494 1456 2548 Dei
1491 2494 1813 2565 adoptatio,
1845 2510 1913 2548 ac
1940 2494 2272 2550 fraternitas

614 2598 751 2636 cum
780 2581 1082 2650 Unigenito
1107 2583 1259 2651 ejus,
1282 2581 1531 2636 victoria
1553 2598 1793 2654 quoque
1816 2586 2024 2637 contra
2048 2582 2273 2639 daemo-

612 2686 745 2733 nes,
777 2674 832 2725 et
863 2669 1125 2741 perpetui
1147 2668 1315 2739 regni
1342 2670 1862 2739 communicatio):
1900 2671 2109 2727 merito
2128 2686 2271 2727 sane

611 2774 837 2829 magna
872 2759 1189 2828 exiguntur
1230 2760 1553 2815 certamina
1594 2759 1670 2815 ab
1710 2760 1993 2815 omnibus
2027 2760 2129 2832 qui
2166 2762 2273 2817 hu-

608 2846 878 2919 jusmodi
900 2847 1144 2919 prmmia
1168 2847 1316 2904 forte
1342 2854 1481 2904 sunt
1512 2849 1807 2919 accepturi
1838 2865 1851 2913 ;
1885 2854 1939 2905 et
1965 2848 2057 2903 his
2088 2855 2274 2905 certa-

612 2936 879 2992 minibus
936 2937 1253 3008 supposita
1305 2941 1446 2993 sunt
1499 2937 1711 2992 Christi
1760 2941 2052 3009 praacepta
2112 2939 2267 3010 (xx),

611 3025 713 3097 qui
759 3025 1045 3097 praedicta
1101 3027 1374 3098 promisit
1418 3027 1665 3100 praemia
1717 3048 1728 3079 :
1792 3028 2270 3096 magnitudinem

610 3114 770 3170 enim
794 3114 1071 3171 laborum
1090 3115 1165 3171 ad
1184 3116 1665 3188 magnitudinem
1685 3117 1964 3187 opposuit
1984 3116 2271 3189 (yy)praa-

608 3219 894 3260 miorum.

681 3294 845 3349 Vers.
886 3298 968 3349 21.
1017 3293 1244 3349 Auditis
1285 3325 1354 3334 -—
1401 3294 1464 3348 V.
1507 3298 1595 3349 22.
1629 3295 1885 3363 judicio.
1934 3297 1977 3365 -l-
2017 3298 2079 3351 In
2117 3296 2270 3353 libro

609 3381 795 3438 Exodi
827 3381 1043 3437 dicitur
1077 3398 1089 3436 :
1122 3383 1259 3437 Non
1293 3383 1513 3439 occides
1551 3384 1633 3448 ⁹³;
1677 3390 1729 3437 et
1772 3390 1905 3455 post
1936 3384 2157 3440 multa:
2204 3386 2272 3442 Si

608 3470 739 3542 quis
761 3471 1019 3541 aliquem
1034 3471 1411 3538 percusserit,
1434 3479 1622 3527 morte
1637 3473 1941 3539 moriatur,
1968 3474 2013 3508 ³⁵
2032 3478 2141 3530 etc.

680 3562 997 3630 Postquam
1012 3558 1195 3614 corda
1210 3559 1478 3631 ipsorum
1494 3560 1963 3616 beatitudinibus
1980 3562 2272 3633 premolli-

607 3648 712 3714 vit,
744 3651 800 3702 et
830 3647 908 3702 ad
938 3647 1215 3702 virtutem
1247 3649 1498 3713 exacuit,
1534 3650 1763 3719 majora
1794 3651 2077 3720 deinceps
2103 3652 2270 3709 addit

609 3740 936 3807 praecepta.
970 3735 1178 3807 Incipit
1203 3742 1401 3792 autem
1430 3737 1508 3791 ab
1537 3738 1867 3803 affectibus,
1898 3740 1995 3810 qui
2025 3745 2267 3797 natura-

606 3824 785 3880 liores
816 3828 974 3888 sunt,
1006 3829 1152 3895 puta
1181 3825 1265 3879 ira
1293 3830 1350 3880 et
1380 3828 1878 3897 concupiscentia.
1918 3832 1981 3884 Et
2010 3829 2267 3899 primum

608 3913 684 3967 de
733 3912 820 3969 ira
869 3911 1125 3984 disserit,
1174 3913 1390 3969 deinde
1427 3915 1608 3971 etiam
1659 3916 1733 3971 de
1785 3918 2269 3988 concupiscentia

608 4005 838 4057 tractat.

682 4090 937 4161 Dignum
960 4095 1044 4148 est
1065 4096 1267 4147 autem
1298 4092 1780 4165 utinquiramus,
1814 4111 1999 4167 quare
2036 4112 2158 4152 non
2189 4096 2267 4155 ab

606 4191 678 4232 eo
731 4176 951 4248 incepit
1006 4177 1170 4249 quod
1218 4178 1278 4234 in
1335 4177 1465 4247 lege
1513 4179 1775 4249 primum
1830 4186 1955 4235 erat
2004 4182 2264 4252 positum

596 4270 993 4337 praeceptum.
1012 4266 1166 4331 Quia
1179 4282 1313 4321 cum
1331 4266 1475 4322 illud
1499 4267 1573 4321 dc
1588 4267 1889 4323 divinitate
1905 4268 2261 4341 loqueretur,

604 4353 917 4425 oportebat
946 4355 1193 4426 quidem
1226 4354 1369 4411 illud
1405 4356 1580 4411 etiam
1616 4357 1929 4428 complere,
1963 4364 2020 4414 et
2039 4360 2265 4432 aliquid

602 4441 677 4497 de
708 4445 798 4498 sui
828 4442 1018 4514 ipsius
1048 4443 1334 4514 dignitate
1369 4444 1680 4501 manifeste
1710 4446 1952 4503 addere.
1986 4450 2264 4506 Nondum

602 4534 801 4586 autem
820 4536 1052 4601 tempus
1078 4538 1226 4588 erat.
1256 4533 1482 4589 Etenim
1502 4535 1546 4589 si
1574 4534 1751 4590 etiam
1774 4536 2261 4607 postdoctrinam

600 4624 782 4691 atque
809 4598 981 4689 signa
1001 4620 1359 4676 daemonium
1384 4622 1665 4679 dicebant
1692 4598 1829 4680 eum
1857 4626 2097 4695 habere,
2123 4644 2259 4685 cum
2287 4598 2336 4654 D

598 4711 802 4765 tamen
831 4708 977 4765 nihil
1002 4708 1076 4765 de
1103 4710 1237 4781 ipsa
1260 4712 1579 4769 manifeste
1609 4713 1868 4770 diceret:
1898 4716 2068 4788 quid,
2097 4718 2261 4774 obse-

598 4812 720 4863 cro,
750 4812 874 4853 non
897 4796 1190 4856 dixissent
1211 4799 1711 4873 atque'fecissent,
1740 4802 1787 4857 si
1809 4808 1947 4861 ante
1970 4804 2101 4862 haec
2127 4823 2257 4864 om-

671 4978 717 5029 9?
749 4977 929 5035 Exod.
962 4994 1057 5044 xx,
1099 4982 1184 5037 13.
1296 4980 1343 5016 ⁹⁴
1375 4979 1561 5039 Exod.
1602 4998 1723 5050 1x1,
1760 4987 1843 5041 l2.

2380 1963 2470 2010 xui
2521 1957 2715 2018 πολλῆς
2778 1960 3002 2030 χάριτος
3053 1954 3301 2019 δοθείσης
3358 1965 3462 2018 τοῖς
3528 1955 3835 2030 ἀνθρώποις,
3892 1957 3969 2004 καὶ

2381 2046 2632 2119 μελίστων
2709 2045 2940 2099 ἐπάθλων
3012 2049 3356 2121 προτεθέντων
3424 2046 3494 2108 εἰς
3573 2044 3798 2118 ἀμοιϐὴν
3882 2050 3968 2094 τῶν

2381 2138 2815 2210 κατορθωμάτων·
2856 2136 3028 2189 οὐκέτι
3074 2140 3172 2210 γὰρ
3216 2136 3536 2209 κληρονομία
3585 2144 3704 2206 γῆς,
3757 2138 3843 2186 καὶ
3884 2140 3969 2184 τῶν

2381 2224 2437 2276 ἐκ
2465 2233 2561 2297 γῆς
2592 2224 2818 2296 ἀγαθῶν,
2864 2222 2987 2278 οὐδὲ
3017 2223 3363 2293 πολυπαιδία,
3395 2230 3485 2277 καὶ
3510 2234 3698 2299 γῆρας,
3732 2228 3820 2276 καὶ
3847 2229 3972 2274 νῖκαι

2381 2317 2499 2366 κατ’
2565 2314 2787 2389 ἐχθρῶν,
2876 2314 2981 2366 ἀλλ’
3050 2315 3269 2389 οὐρανοῦ
3336 2314 3656 2388 κληρονομία
3715 2318 3803 2365 καὶ
3884 2319 3970 2362 τῶν

2382 2404 2631 2476 οὐρανίων
2677 2403 2903 2475 ἀγαθῶν,
2952 2409 3042 2456 καὶ
3090 2406 3327 2457 υἱοθεσία
3382 2411 3537 2472 Θεοῦ,
3575 2408 3664 2455 καὶ
3704 2399 3973 2473 ἀδελφότης

2380 2497 2512 2565 πρὸς
2562 2496 2648 2544 τὸν
2704 2500 2990 2564 Μονογενῆ,
3046 2498 3135 2545 καὶ
3182 2501 3322 2545 νῖκαι
3370 2496 3506 2545 κατά
3558 2490 3839 2564 δαιμόνων,
3894 2492 3972 2540 καὶ

2381 2588 2623 2633 κοινωνία
2676 2580 2950 2654 βασιλείας
3004 2580 3357 2640 ἀτελευτήτου·
3416 2582 3624 2644 εἰκότως
3682 2587 3775 2633 καὶ
3831 2579 3971 2652 μεγά-

2380 2671 2513 2732 λους
2561 2670 2762 2742 ἀγῶνας
2820 2670 3161 2723 ἀπαιτοῦνται
3222 2674 3408 2734 πάντες
3475 2674 3523 2724 οἱ
3575 2679 3674 2722 τῶν
3743 2671 3973 2722 τοιούτων

2381 2759 2612 2812 ἐπάθλων
2690 2768 2873 2832 τυχεῖν
2942 2759 3222 2832 μέλλοντες,
3285 2765 3375 2812 καὶ
3455 2759 3590 2821 οἱους
3658 2761 3974 2813 ὑποτίθενται

2382 2851 2437 2901 αἱ
2493 2848 2691 2901 ἐντολαὶ
2756 2853 2847 2901 τοῦ
2927 2856 3182 2924 Χριστοῦ,
3258 2858 3350 2903 τοῦ
3407 2855 3496 2902 xui
3561 2852 3626 2903 τὰ
3690 2846 3975 2908 δηλωθέντα

2380 2938 2579 2990 ἔπαθλα
2632 2936 3097 3010 ἐπαγγειλαμένου.
3167 2942 3245 2991 Τὰ
3294 2943 3395 3014 γὰρ
3447 2941 3638 3012 μεγέθη
3694 2947 3794 2991 τῶν
3848 2935 3974 3008 ἀγω-

2380 3047 2496 3093 νων,
2523 3030 2654 3101 πρός
2683 3026 2751 3079 τά
2778 3031 2969 3101 μεγέθη
3001 3036 3102 3081 τῶν
3125 3026 3356 3081 ἐπάθλων
3386 3028 3780 3101 ἐνομοθέτησεν.

2452 3291 2743 3344 ’Πκοῦσατε
2772 3323 2840 3331 -
2868 3296 3060 3367 κρίσει.
3098 3290 3227 3364 [Τῆς
3258 3290 3374 3363 (55)
3405 3288 3594 3358 βίϐλου
3626 3297 3719 3350 τῆς
3746 3283 3971 3352 Ἐξόδου·

2381 3379 2455 3431 Οὐ
2488 3383 2768 3452 φονεύσεις.
2826 3386 2927 3434 Kui
2964 3383 3096 3453 μετὰ
3132 3380 3315 3433 πολλά⁶
3358 3380 3472 3433 Ἐὰν
3501 3377 3707 3452 πατάξῃ
3750 3382 3825 3439 τίς
3849 3396 3974 3443 τινα,

2382 3471 2581 3541 θανάτῳ
2614 3472 2973 3538 θανατούσθω,
3006 3475 3095 3523 καὶ
3123 3472 3188 3523 τὰ
3217 3470 3300 3532 ἐξῆ
3314 3490 3353 3532 ς.
3386 3469 3409 3542 ]

2451 3559 2825 3633 Προαπαλύνας
2880 3563 2972 3623 τὰς
3030 3556 3257 3633 καρδίας
3306 3559 3473 3612 αὐτῶν
3540 3556 3588 3609 ἐν
3645 3565 3760 3619 τοῖς
3814 3573 3975 3628 μακα-

2377 3656 2609 3721 ρισμοῖς,
2673 3655 2763 3702 xui
2816 3649 3121 3723 παραθήξας
3159 3649 3227 3710 εἰς
3263 3647 3469 3725 ἀρετὴν,
3531 3646 3755 3699 ἅπτεται
3807 3645 3975 3698 λοιπὸν

2378 3743 2467 3789 καὶ
2518 3739 2767 3810 μειζόνων
2841 3738 3074 3794 ἐντολῶν.
3130 3740 3258 3793 Ἀπὸ
3326 3746 3425 3791 τῶν
3489 3741 3855 3811 φυσικωτέρων
3922 3729 3975 3784 δὲ

2376 3828 2603 3900 ἄρχεται
2666 3830 2865 3899 παθῶν,
2935 3831 3100 3901 θυμοῦ
3159 3828 3289 3900 λέγω
3355 3832 3444 3879 καὶ
3501 3826 3804 3899 ἐπιθυμίας.
3885 3827 3979 3876 Καὶ

2375 3926 2578 3991 πρῶτον
2634 3920 2723 3989 μεν
2781 3924 2899 3991 περὶ
2946 3926 3037 3971 τοῦ
3098 3920 3263 3991 θυμοῦ
3331 3913 3648 3989 διαλέγεται,
3706 3913 3822 3967 εἶτα
3871 3908 3981 3964 δια-

2376 4004 2625 4078 λαμϐάνει
2654 4012 2740 4059 καὶ
2770 4012 2885 4082 περὶ
2910 4016 3004 4068 τῆς
3031 4006 3337 4079 ἐπιθυμίας.

2445 4094 2621 4159 Ἀξιον
2654 4093 2712 4149 δὲ
2756 4097 3007 4165 ζητῆσαι,
3045 4093 3191 4149 διατὶ
3220 4101 3290 4169 μὴ
3335 4095 3527 4171 ἤρξατο
3558 4094 3659 4147 ἀπὸ
3686 4102 3786 4155 τῆς
3835 4091 3883 4143 ἐν
3913 4097 3980 4161 τῷ

2373 4190 2511 4257 νόμῳ
2564 4192 2772 4259 πρώτης
2816 4191 3050 4259 κειμένης
3098 4184 3322 4247 ἐντολῆς.
3376 4190 3539 4254 Διότι,
3586 4188 3706 4257 περὶ
3746 4191 3839 4243 τῆς
3881 4183 3981 4232 θεὸ-

2374 4294 2530 4337 τητος
2559 4272 2741 4346 οὖσαν,
2789 4274 2892 4328 ἔδει
2929 4281 3018 4329 καὶ
3049 4276 3210 4334 αὐτὴν
3250 4274 3646 4350 ἀναπληρῶσαι,
3681 4278 3777 4325 καὶ
3821 4287 3981 4345 προσ-

2376 4365 2681 4436 θεῖναι
2728 4374 2953 4438 φανερῶς
2992 4370 3111 4441 περὶ
3150 4374 3243 4426 τῆς
3280 4364 3465 4417 ἑαυτοῦ
3509 4366 3779 4424 θεότητος.
3824 4364 3980 4413 Οὔπω

2374 4450 2433 4505 δὲ
2480 4458 2660 4528 καιρός
2708 4451 2788 4513 ἧν.
2834 4455 2896 4508 Εἰ
2937 4458 3037 4529 ’γὰρ
3082 4460 3172 4508 xui
3213 4457 3343 4528 μετὰ
3372 4460 3466 4512 τήν
3507 4449 3868 4505 διδασκαλίαν
3899 4452 3983 4501 καὶ

2370 4545 2437 4594 τὰ
2482 4551 2694 4615 σημεῖα,
2746 4540 3081 4617 δαιμονῶντα
3123 4544 3278 4597 αὐτὸν
3321 4543 3555 4608 ἐκάλουν,
3603 4546 3783 4594 καίτοι
3818 4535 3982 4614 μηδὲν

2371 4637 2487 4705 περὶ
2542 4633 2705 4695 αὐτῆς
2759 4638 2969 4708 φανερὸν
3018 4635 3240 4687 εἰπόντα⁹
3301 4638 3353 4685 τί
3406 4633 3499 4685 οὐκ
3555 4631 3614 4683 ἂν
3666 4636 3761 4684 καὶ
3823 4628 3979 4692 εἷπον,

2368 4727 2459 4775 xui
2503 4721 2774 4793 ἐποίησαν,
2830 4724 2874 4776 εἰ
2916 4728 3017 4798 πρὸ
3070 4727 3266 4776 τούτων
3299 4723 3533 4775 ἁπάντων
3578 4720 3905 4795 ἐπεχείρησέ
3936 4737 3984 4769 τι

2368 4819 2603 4865 τοιοῦτον
2653 4813 3017 4885 φθέγξασθαι;
3066 4818 3167 4866 Καὶ
3217 4809 3365 4866 διατί
3411 4816 3483 4885 μὴ
3528 4818 3754 4886 φανερῶς
3795 4808 3981 4878 ἔλεγεν,

1830 5162 2050 5233 Variae
2078 5165 2408 5237 lectiones
2437 5176 2503 5237 et
2528 5177 2731 5239 notae.

664 5354 776 5426 (55)
814 5351 1044 5413 Inclusa
1064 5353 1127 5413 in
1154 5356 1425 5428 margine
1450 5357 1638 5417 habet
1662 5359 1852 5418 codex
1884 5364 2153 5435 uterque.

661 5533 793 5613 (mir)
812 5533 883 5614 Et
906 5536 1065 5616 Itis...
1087 5543 1411 5616 praecepta,
1430 5538 1495 5616 Et
1515 5539 1607 5616 cuj
1619 5539 1856 5616 usmodi
1876 5538 2253 5616 (certamina)

587 5609 943 5688 praecipiunt
968 5609 1253 5688 mandata
1282 5609 1511 5667 Christi.
1542 5609 1639 5669 Est
1664 5609 1906 5670 uberior
1935 5609 2253 5686 explicatio

588 5674 681 5728 τοῦ
701 5674 958 5749 μεῇιάλους
991 5676 1219 5750 ἀγῶνας.

2435 5366 2552 5441 (56)
2590 5366 2907 5444 προσθῆναι.
2946 5376 3007 5427 Α.

2434 5544 2564 5628 (31y)
2597 5547 2903 5619 Opposuit.
2941 5549 3051 5608 Pro
3078 5550 3498 5623 magnitudine
3523 5552 3717 5626 jussit,
3752 5556 3988 5613 consti-

2362 5619 2495 5674 tuit.
