4098 6428
208 325 293 389 10%
1286 334 1658 398 COMMENT.
1696 337 1771 395 IN
1806 337 2245 399 MA’I'I‘HASUM.
2276 371 2345 382 -
2375 340 2537 399 CAP.
2576 338 2652 400 V.

3517 343 3627 402 210

222 466 296 518 ὅτι
350 462 488 525 Θεὸς
538 458 708 533 ian;
768 468 930 518 Διότι
982 464 1212 541 θορυϐεῖν
1255 461 1425 537 ἔμελλε
1475 468 1600 528 τοὺς
1656 465 1841 539 ἀκροα-

1961 467 2062 525 nia
2107 467 2221 523 tale
2272 467 2585 539 quippiam
2635 466 2802 540 loqui
2850 468 3192 525 tentasset?
3248 468 3362 526 Cur
3421 474 3625 527 autem

232 561 344 619 τοὶς,
375 556 439 611 Εἰ
481 558 583 629 γὰρ
611 557 667 607 οἱ
708 557 983 628 μαθηταὶ,
1029 560 1261 615 συνόντες
1294 554 1457 625 αύτῷ,
1495 560 1583 608 καὶ
1626 557 1849 609 καθεκά-

230 668 361 706 στην
415 644 823 719 διδασκόμενοι,
872 650 968 697 καὶ
1021 648 1513 719 θαυματουργοῦντα
1558 643 1845 717 βλέποντες,

224 746 321 791 καὶ
371 746 476 789 τῶν
524 734 841 810 ἀπορρήτων
888 742 1276 803 κοινωνοῦντες,
1328 737 1417 785 καὶ
1465 729 1687 805 δύναμιν
1726 734 1848 807 παρ’

219 829 395 881 αὐτοῦ
473 827 740 883 τοσαύτην
806 823 1068 893 λαϐόντες,
1156 826 1221 883 ὠς
1302 828 1392 875 καὶ
1448 841 1656 899 νεκρούς
1734 824 1846 896 (57)

214 918 479 987 ἁνία-τοῖιν,
538 915 637 967 οὐκ
693 911 959 973 ἠδύναντο
1020 915 1190 965 πὰντα
1253 909 1541 985 βαστάζειν
1593 916 1693 988 πρὸ
1753 922 1848 977 τῆς

210 1004 529 1079 ἐπιδημίας
576 1012 671 1057 τοῦ
720 1004 875 1075 ἁγίου
927 1006 1258 1075 Πνεύματοςο
1290 1010 1404 1063 πῶς
1454 998 1623 1074 δῆμος
1670 1002 1851 1056 ἀσύνε-

196 1116 331 1161 τος,
386 1100 487 1147 καί
555 1094 826 1154 τοσαύτης
875 1092 1065 1166 ἀρετῆς
1121 1090 1617 1164 ἀπολιμπανόμενος,
1681 1090 1850 1164 ἔμελλε

193 1192 289 1258 μὴ
362 1186 737 1257 ταραχθῆναι,
802 1186 894 1235 καὶ
967 1184 1038 1254 μὴ
1106 1181 1338 1253 μάλιστα
1393 1185 1608 1253 νομίσαι
1664 1188 1848 1233 τοῦτον

192 1275 491 1340 ἀντίθεον,
569 1277 664 1325 καὶ
728 1276 823 1330 τὴν
896 1278 989 1324 τοῦ
1064 1276 1199 1324 Θεοῦ
1270 1274 1425 1342 τιμὴν
1483 1271 1851 1341 ἀναισχύντως

194 1368 708 1437 σφετεοιζόμενονς
750 1365 844 1413 Διά
887 1368 1041 1413 τοῦτο
1104 1368 1273 1431 σοφῶς
1312 1360 1423 1430 (58)
1470 1378 1523 1413 τε
1578 1363 1667 1411 καὶ
1714 1359 1848 1411 οἰκο-

180 1462 486 1527 νομικῶς,
558 1454 684 1504 ποτε
741 1455 851 1523 μὲν,
916 1452 1212 1523 θεοπρεπεῖς
1270 1447 1614 1522 ἐργαζόμενος
1680 1467 1840 1522 παραυ

179 1539 562 1608 δοξοποιίας,
611 1543 805 1600 ταύτας
840 1538 1025 1611 ἀφίησι
1063 1540 1356 1613 κηρύττειν,
1402 1539 1483 1590 ὅτι
1528 1541 1653 1599 Θεός
1691 1536 1805 1589 ἐστι
1830 1559 1842 1571 ·

176 1636 341 1685 ποτε
404 1629 495 1697 δὲ,
568 1634 869 1703 παρακιρνᾷ
919 1632 1010 1680 καὶ
1063 1628 1279 1701 ῥήματα
1342 1634 1453 1688 τοῖς
1510 1626 1705 1698 λόγοις,
1760 1630 1845 1699 ἒμ-

176 1724 453 1793 φαντικὰ
511 1728 608 1779 τῆς
650 1718 812 1770 αὐτοῦ
861 1720 1099 1779 θεότητος
1146 1734 1157 1746 ·
1213 1716 1272 1769 ix
1334 1724 1424 1769 τοῦ
1486 1724 1702 1789 φανεροῦ
1763 1713 1843 1783 δὲ,

1960 557 2273 613 manifeste
2299 572 2422 611 non
2470 556 2616 612 dixit
2647 574 2707 613 se
2740 559 2927 613 Deum
2968 574 3097 613 esse
3129 557 3157 612 ?
3208 559 3359 624 Quia
3404 575 3477 615 ex
3504 559 3623 616 hoc

1960 645 2241 703 turbandi
2276 651 2446 701 erant
2475 646 2798 702 auditores.
2831 648 2887 702 Si
2923 647 3085 703 enim
3126 647 3391 719 discipuli
3421 648 3625 721 ipsum

1958 741 2409 805 cognoscentes,
2440 738 2497 790 et
2542 735 2621 790 ab
2650 750 2721 791 eo
2767 735 3030 807 quotidie
3083 735 3296 802 edocti,
3355 736 3623 793 videntes

1959 839 2197 897 quoque
2216 823 2505 879 mirabilia
2523 829 2894 895 operantem,
2916 840 2987 881 ac
3004 824 3184 880 rebus
3214 824 3622 882 inetfahilibus

1957 913 2483 977 communicantes,
2518 918 2679 969 tanta
2704 914 2879 969 etiam
2905 913 2982 969 ab
3008 930 3079 969 eo
3116 920 3362 986 accepta
3390 917 3621 983 virtute,

1958 1007 2024 1058 ut
2069 1005 2126 1058 et
2180 1007 2450 1057 mortuos
2523 1002 2894 1066 suscitarent,
2957 1018 3342 1075 nequaquam
3432 1009 3624 1061 tamen

1957 1092 2312 1166 priusquam
2332 1091 2587 1164 Spiritus
2610 1098 2851 1149 sanctus
2880 1092 3210 1159 adveniret,
3232 1095 3439 1151 omnia
3470 1095 3624 1150 ferre

1957 1184 2235 1254 poterant
2252 1203 2264 1235 :
2279 1181 2585 1254 quomodo
2599 1180 2856 1253 populus
2874 1181 3183 1252 insipiens,
3203 1187 3504 1254 tantasque
3526 1198 3626 1239 ex-

1956 1286 2095 1342 pers
2131 1270 2383 1335 virtutis,
2417 1274 2650 1340 poterat
2678 1286 2801 1326 non
2833 1270 3079 1336 turbari,
3120 1275 3223 1327 aut
3256 1286 3380 1327 non
3408 1275 3620 1343 putare

1955 1360 2155 1432 ipsum
2171 1360 2359 1429 magis
2383 1376 2512 1414 esse
2531 1362 2647 1415 Deo
2660 1360 3046 1425 contrarium,
3064 1361 3115 1432 ej
3126 1376 3308 1433 usque
3332 1361 3624 1418 honorem

1957 1450 2069 1505 sibi
2138 1448 2518 1521 impudenter
2570 1448 2932 1505 vindicare?
2994 1449 3130 1505 Ideo
3210 1450 3504 1521 sapienter
3557 1466 3627 1507 ac

1955 1537 2395 1608 dispensatorio
2426 1535 2629 1601 modo,
2661 1536 3032 1608 quandoque
3064 1537 3185 1593 Deo
3222 1537 3497 1608 proprias
3560 1540 3621 1592 et

1956 1625 2343 1683 admirabiles
2399 1626 2663 1681 actiones
2713 1630 3011 1696 operatur,
3070 1625 3284 1699 hisque
3341 1626 3626 1698 relinquit

1956 1715 2063 1787 (zz)
2123 1719 2187 1771 ut
2240 1731 2302 1770 se
2360 1717 2544 1770 Deum
2602 1730 2729 1769 esse
2803 1715 3167 1786 praedicent:
3253 1715 3620 1787 quandoque

178 1818 311 1864 καὶ
358 1814 437 1873 ὡς
484 1809 566 1861 ίπὶ
608 1812 667 1861 τὸ
712 1807 975 1873 πλεῖστον,
1028 1808 1244 1859 ταπεινὰ
1302 1810 1420 1881 περὶ
1458 1805 1645 1858 ἑαυτοῦ
1694 1807 1841 1879 φθέγ-

1955 1820 2093 1861 vero
2107 1804 2391 1860 doctrinae
2417 1820 2540 1859 suae
2570 1804 2753 1859 verba
2782 1803 3095 1869 admiscet,
3121 1820 3256 1876 quae
3277 1820 3451 1861 suam
3471 1804 3625 1860 indi-

182 1919 407 1972 γσται,
471 1896 560 1951 διὰ
610 1901 709 1957 τὴν
767 1895 1034 1950 ἀσθένειαν
1073 1905 1171 1948 τῶν
1225 1894 1514 1969 ἀκροατῶν.
1558 1896 1845 1967 Ἐγίνωσκε

184 1992 347 2061 γὰρ,
414 1990 501 2041 ὅτι
545 1990 615 2040 τὰ
664 1990 793 2059 ἔργα
838 1994 1021 2039 τοῦτον
1069 1985 1181 2057 (59)
1231 1989 1638 2061 φανερώσουσιν,
1682 1981 1718 2037 ἄ
1755 1982 1843 2035 ού-

184 2076 233 2131 δ
236 2083 332 2139 εὶς
383 2077 549 2140 ἄλλος
587 2076 848 2134 ἐποίησεν.
882 2076 1215 2136 Ἀλαζονικὸν
1252 2077 1378 2148 γὰρ,
1407 2076 1466 2127 τὸ
1504 2078 1623 2148 περὶ
1658 2072 1843 2126 εαυτοῦ

182 2187 337 2221 τινα
373 2167 592 2242 μεγαλα
613 2166 797 2239 λέγειν,
834 2165 927 2218 καί
950 2165 1204 2220 ὕποπτον.

287 2419 443 2475 Ἀλλ’
506 2418 595 2471 ίπὶ
640 2420 701 2471 τὸ
926 2420 1257 2489 προκείμενον
1301 2413 1680 2481 ἐπανελθόντες,
1731 2414 1844 2467 θεα-

193 2512 472 2581 σώμεθα,
528 2516 641 2568 πῶς
700 2508 759 2560 όύ
810 2506 1058 2559 καταλύει
1112 2508 1199 2559 τὸν
1248 2508 1424 2578 νόμον,
1474 2502 1603 2556 ἀλλὰ
1652 2502 1843 2575 μᾶλλον

198 2599 550 2673 ἀναπληροῖ,
584 2599 650 2657 ὡς
681 2596 897 2659 ἐλλιπῶς
944 2598 1154 2668 ἔχοντα.
1185 2598 1323 2653 Φησὶ
1350 2596 1475 2668 γὰρ,
1505 2594 1586 2647 ὅτι
1615 2592 1840 2664 Ἐλὲχθη

197 2692 367 2763 παρὰ
424 2696 523 2740 τοῦ
576 2688 859 2759 νομοθέτου
899 2688 1035 2761 πρὸς
1076 2688 1195 2745 τοὺς
1242 2683 1502 2758 ἀρχαίους
1550 2681 1839 2756 Ἐϐραίους,

199 2780 298 2832 ὃτι
355 2778 443 2831 0-3
495 2780 761 2850 φονεύσεις
814 2774 1090 2849 ὁμόφυλον,
1140 2773 1182 2826 ὦ
1235 2774 1475 2848 ἄνθρωπε
1512 2790 1525 2803 ⁸
1582 2772 1635 2835 ὃς
1676 2768 1727 2825 δ’
1784 2769 1842 2823 ἃν

207 2871 484 2940 φονεύσῃ,
545 2867 832 2927 ὑπεύθυνος
908 2866 1059 2917 ἔσται
1116 2871 1177 2937 τῇ
1246 2881 1576 2937 κατακρισει,
1641 2866 1713 2924 εἰς
1785 2863 1843 2915 τὸ

213 2954 419 3010 δοῦναι
480 2952 639 3013 δίκην
685 2954 834 3017 ἀξίαν
883 2961 976 3006 τοῦ
1026 2957 1179 3025 φόνου
1212 2967 1225 2983 ⁸
1269 2952 1368 3025 ίσγὼ
1413 2948 1474 3004 δε
1518 2951 1647 3023 λέγω
1698 2952 1839 3022 ὑμῖν,

214 3049 305 3100 ὅτι
372 3051 485 3107 πᾶς
542 3047 572 3097 ὁ
629 3044 970 3119 ὀργιζόμενος
1019 3051 1090 3114 τῷ
1148 3039 1352 3114 ἀδελφῷ
1425 3040 1584 3094 αὐτοῦ
1649 3041 1839 3111 μάτην,

214 3134 467 3209 ἀκαίρως
490 3135 687 3206 (ταῦτα
725 3136 827 3208 γὰρ
866 3130 1021 3191 δηλοῖ
1050 3135 1109 3185 τὸ
1148 3131 1306 3203 εἰκῆ),
1348 3133 1530 3202 ἔνοχος
1580 3132 1729 3182 ἔσται
1776 3135 1838 3201 τῇ

212 3230 565 3299 κατακρίσει.
612 3225 871 3298 Προσθεὶς
923 3219 983 3276 δὲ
1025 3224 1084 3274 τὸ
1130 3221 1263 3288 εἰκῆ,
1307 3220 1401 3274 οὐκ
1450 3218 1611 3273 ἀνεῖλε
1648 3219 1843 3271 παντά-

212 3336 355 3368 πασι
402 3319 503 3373 τήν
553 3313 737 3388 ὀργὴν,
791 3311 920 3365 ἀλλὰ
965 3316 1125 3384 μόνην
1175 3316 1271 3369 τὴν
1327 3312 1544 3383 ἄκαιρον
1590 3307 1840 3371 ἐξέϐαλεν.

210 3406 269 3459 Ἠ
318 3408 431 3478 γὰρ
482 3408 741 3477 εὔκαιρος,
787 3402 1059 3474 ὠφελιμος.
1105 3400 1261 3455 ’Ἐστι
1317 3396 1378 3454 δὲ
1426 3402 1663 3472 εὔκαιρος
1708 3397 1837 3472 ὀργὴ

210 3498 243 3553 ἡ
304 3498 564 3567 γινομνη
620 3494 758 3545 κατὰ
814 3500 915 3544 τῶν
972 3490 1375 3563 πολιτευομένων
1446 3487 1684 3549 ἐναντίως
1739 3494 1839 3538 τῶν

212 3584 438 3637 ἐντολῶν
468 3591 564 3635 τοῦ
600 3588 751 3647 Θεοῦ,
792 3582 916 3633 ὅταν
956 3585 1025 3652 μὴ
1062 3584 1195 3654 πρὸς
1238 3575 1517 3637 ἐκδίκησιν
1564 3579 1837 3650 ἡμετέραν,

215 3674 346 3726 ἀλλὰ
397 3676 538 3746 πρὸς
570 3671 816 3744 ὠφέλειαν
864 3678 964 3723 τῶν
1024 3677 1199 3732 κακῶς
1246 3667 1498 3741 βιούντων
1546 3665 1599 3728 ἐξ
1629 3664 1841 3738 ἀγάπης

212 3769 304 3816 καὶ
354 3758 710 3835 φιλαδελφίας
756 3759 1110 3833 ὀργιξώμεθα,
1160 3761 1291 3831 μετὰ
1324 3765 1420 3818 τῆς
1466 3757 1840 3829 προσηκούσης

212 3852 668 3925 εὐσχημοσύνης.
721 3849 1029 3922 Ὀργίζεσθε
1069 3851 1192 3923 γὰρ,
1235 3852 1388 3920 φησὶ,
1427 3850 1517 3899 καὶ
1559 3849 1630 3917 μὴ
1674 3844 1838 3917 ἁμαρ-

213 3944 418 4005 τάνετε,
472 3944 740 4003 τουτέστι,
792 3942 877 3997 Μὴ
912 3938 1024 4009 (6|)
1069 3935 1118 3989 ἓν
1157 3946 1230 4008 τῷ
1260 3936 1571 4010 ὀργίζεσθαι
1608 3937 1835 3998 πταίετε,

211 4039 395 4092 and»;
451 4034 724 4103 χρώμενοι
761 4036 825 4100 τῇ
882 4028 1034 4101 ὀργῇ.
1090 4024 1375 4098 Ἀδελφούς
1403 4020 1463 4078 δε
1510 4026 1650 4096 ἡμᾶς
1687 4021 1841 4081 ἀλλή-

212 4120 315 4172 λων
368 4118 635 4185 ἐκάλεσεν,
689 4121 756 4180 ὡς
804 4120 893 4170 τὸν
938 4116 1093 4168 αὐτὸν
1150 4118 1368 4187 ἔχοντας
1410 4116 1561 4182 Θεὸν,
1614 4116 1702 4165 καὶ
1750 4113 1837 4163 τὸν

210 4210 374 4263 αὑτὸν
433 4208 769 4283 προπάτορα,
823 4212 913 4259 καὶ
973 4210 1069 4264 τὴν
1143 4206 1305 4263 αὐτὴν
1364 4206 1544 4276 φύσιν,
1597 4205 1687 4255 καὶ
1743 4204 1838 4259 τὴν

210 4299 383 4357 αὖτὴν
435 4303 646 4364 πίστιν,
683 4301 775 4349 καὶ
811 4298 905 4356 τὰς
948 4294 1103 4355 αὐτὰς
1146 4293 1370 4359 ἐντολὰς,
1403 4298 1493 4345 καὶ
1532 4294 1622 4351 τὰς
1679 4290 1837 4353 αὐτὰς

211 4387 545 4460 ἐπαγγελίας
591 4394 694 4438 τῶν
738 4383 968 4437 ἐπάθλων
1024 4383 1159 4453 (62).
1220 4379 1376 4444 Εἶδες
1430 4387 1481 4435 τί
1526 4380 1833 4454 προσέταξε.

207 4485 313 4531 Τοῦ
368 4481 531 4549 φόνου
610 4479 706 4534 τήν
759 4475 911 4549 ῥίζαν
961 4471 1217 4543 ἐξέκοψεν.
1281 4472 1339 4524 '0
1386 4473 1488 4544 γὰρ
1541 4475 1613 4543 μὴ
1673 4470 1835 4531 οὕτως

1955 1898 2086 1948 cent
2111 1892 2507 1948 divinitatem.
2538 1891 2841 1948 Manifeste
2884 1896 3086 1947 autem
3118 1897 3176 1947 et
3225 1899 3286 1947 ut
3314 1891 3625 1965 plurimun

1953 1981 2208 2038 humilia
2237 1982 2311 2036 de
2343 1981 2539 2051 seipso
2561 1981 2823 2053 loquitur
2850 1988 3093 2053 propter
3134 1980 3487 2037 auditorum
3516 1981 3627 2037 im-

1950 2071 2369 2135 becillitatem;
2415 2069 2639 2126 sciebat
2678 2069 2839 2125 enim
2878 2070 3039 2141 quod
3074 2072 3460 2142 postmodum
3517 2087 3626 2129 sua

1952 2161 2155 2233 ipsum
2186 2160 2632 2215 manifestarent
2661 2174 2867 2231 opera,
2898 2158 3106 2231 qualia
3135 2158 3333 2215 nullus
3357 2159 3510 2216 alius
3538 2160 3620 2216 fe-

1952 2256 2131 2307 cerat.
2163 2249 2506 2320 Arrogantis
2558 2249 2716 2304 enim
2748 2253 2857 2315 est,
2904 2264 3014 2305 nec
3064 2249 3404 2321 suspicione
3434 2254 3617 2317 caret,

1952 2355 2177 2411 magna
2206 2340 2487 2412 quaedam
2519 2337 2595 2393 de
2616 2336 2810 2409 seipso
2850 2336 3069 2394 dicere.

2026 2429 2143 2486 Sed
2171 2432 2249 2485 ad
2287 2427 2664 2501 pr0positum
2705 2426 3041 2493 redeuntes,
3094 2426 3412 2483 videamus
3470 2442 3622 2499 quo-

1952 2519 2137 2575 modo
2167 2518 2360 2589 legem
2402 2532 2523 2573 non
2562 2515 2778 2582 solvat,
2794 2515 2896 2571 sed
2931 2515 3230 2588 compleat
3258 2516 3463 2588 potius
3490 2520 3622 2573 tan-

1954 2605 2903 2681 quamimperfectam.Aitenim:
2930 2606 3164 2661 Dictum
3182 2612 3273 2662 est
3316 2621 3353 2662 a
3392 2605 3628 2678 legisla-

1955 2704 2080 2753 tore
2096 2697 2385 2753 veteribus
2404 2695 2662 2750 Hebraeis
2686 2712 2699 2749 :
2720 2696 2847 2751 Non
2864 2694 3125 2765 occides,
3170 2710 3207 2750 o
3250 2695 3457 2761 homo,
3480 2694 3624 2751 alte-

1951 2801 2089 2841 rum
2112 2786 2198 2841 tui
2230 2785 2475 2855 generis.
2503 2782 2856 2855 Quicunque
2883 2788 3085 2839 autem
3104 2784 3407 2853 occiderit,
3442 2784 3626 2840 obno-

1952 2876 2081 2930 xius
2106 2874 2214 2930 erit
2242 2872 2750 2936 condemnationi,
2766 2876 2832 2927 ut
2844 2887 3077 2943 pmnam
3093 2872 3245 2928 caedi
3263 2872 3586 2928 convenien
3600 2900 3625 2915 -

1955 2969 2073 3021 tem
2087 2964 2227 3021 luat.
2250 2966 2366 3032 Ego
2386 2967 2589 3018 autem
2603 2960 2733 3017 dico
2748 2961 2942 3026 vobis,
2958 2961 3123 3033 quod
3137 2961 3337 3017 omnis
3350 2962 3454 3033 qui
3472 2961 3621 3018 iras-

1952 3054 2101 3109 citur
2148 3052 2313 3108 fratri
2356 3067 2465 3106 suo
2498 3052 2823 3120 incassum,
2858 3066 2966 3106 nec
3016 3065 3281 3119 congruo
3349 3056 3617 3122 tempore

1954 3142 2273 3215 (haecenim
2298 3141 2521 3196 indicat
2540 3139 2721 3195 dictio
2756 3143 2890 3203 εἰκῆ,
2911 3154 3097 3211 quam
3125 3154 3235 3194 nos
3262 3144 3475 3195 temere
3488 3155 3620 3195 ver-

1952 3233 2156 3299 timus)
2185 3229 2484 3287 obnoxius
2522 3229 2629 3284 erit
2674 3227 3185 3283 condemnationi.
3240 3226 3483 3283 Addens
3513 3244 3617 3284 au-

1950 3326 2071 3377 tem
2103 3327 2336 3384 temere,
2369 3334 2485 3373 non
2534 3317 2947 3373 omnimodam
2992 3316 3229 3373 abstulit
3267 3317 3437 3381 iram,
3505 3318 3620 3374 sed

1950 3410 2431 3482 intempestivam
2492 3413 2721 3463 tantum
2792 3406 3050 3478 abiecit:
3106 3422 3243 3478 quae
3289 3406 3453 3462 enim
3512 3422 3617 3478 op-

1948 3505 2209 3572 portune.
2228 3505 2334 3563 est,
2370 3498 2525 3553 utilis
2553 3502 2658 3553 est.
2690 3495 2916 3552 Dicitur
2933 3500 3134 3551 autem
3160 3495 3248 3551 ira
3268 3500 3615 3568 opportuna

1948 3605 2083 3661 quae
2110 3589 2358 3644 sumitur
2384 3588 2669 3642 adversus
2694 3601 2797 3641 eos
2826 3585 2931 3657 qui
2961 3589 3168 3641 contra
3193 3585 3291 3640 Dei
3310 3590 3612 3657 praecepta

1946 3681 2192 3737 vivunt:
2241 3676 2484 3750 quando
2524 3692 2647 3731 non
2693 3675 2772 3731 ad
2832 3674 3266 3730 vindicandum
3311 3689 3446 3743 nos,
3506 3674 3616 3731 sed

1948 3768 2027 3824 ad
2053 3768 2360 3824 utilitatem
2392 3782 2589 3821 eorum
2620 3763 2723 3837 qui
2755 3763 2911 3819 male
2941 3764 3165 3829 vivunt,
3202 3779 3275 3818 ex
3300 3762 3616 3821 dilectione

1947 3862 2003 3913 et
2024 3872 2229 3913 amore
2258 3854 2519 3911 fraterno
2546 3852 2877 3914 irascimur,
2928 3868 3070 3907 cum
3119 3867 3385 3920 congrua
3414 3852 3609 3908 hone-

1949 3951 2119 4003 state.
2159 3944 2495 4001 Irascimini
2522 3943 2705 4009 enim,
2730 3941 2943 4013 inquit,
2972 3948 3021 3995 et
3051 3941 3232 3997 nolite
3265 3956 3511 4010 peccare
3542 3942 3609 4009 ⁸⁵,

1946 4037 2061 4092 hoc
2090 4040 2200 4103 est,
2243 4038 2322 4090 Ne
2353 4034 2413 4088 in
2456 4031 2771 4088 irascendo
2825 4029 3045 4099 erretis,
3096 4030 3187 4085 ira
3240 4030 3399 4086 male
3452 4036 3616 4087 uten-

1951 4132 2054 4181 tes.
2088 4127 2201 4179 Nos
2230 4138 2463 4194 quoque
2493 4121 2705 4176 fratres
2737 4118 2887 4176 inter
2916 4134 3029 4175 nos
3062 4119 3320 4175 invicem
3351 4120 3609 4186 vocavit,

1946 4216 2152 4284 utpote
2181 4211 2459 4268 eumdem
2491 4209 2782 4265 habentes
2820 4211 3030 4274 Deum,
3061 4207 3467 4280 eumdemque
3496 4209 3612 4280 pri-

1945 4318 2115 4358 mum
2160 4307 2482 4373 parentem,
2529 4298 2807 4355 eamdem
2864 4302 3165 4361 naturam,
3221 4300 3278 4352 et
3328 4296 3609 4354 eamdem

1942 4392 2144 4455 ﬁdem,
2180 4390 2393 4446 eadem
2426 4392 2732 4460 praecepta,
2769 4391 2825 4442 et
2872 4385 3086 4441 eadem
3116 4384 3424 4457 promissa
3457 4401 3606 4457 pras-

1946 4479 2227 4535 miorum.
2260 4478 2399 4533 Vide
2416 4483 2617 4533 autem
2634 4476 2779 4547 quid
2804 4473 3119 4531 addiderit.
3160 4474 3429 4531 Radicem
3462 4490 3610 4532 sane

212 4567 580 4641 ὀργιζόμενος,
622 4563 729 4636 οὐχ
766 4563 875 4627 ἣξει
918 4565 1043 4615 ποτε
1069 4565 1201 4635 πρὸς
1238 4565 1409 4633 φόνον,
1453 4561 1627 4635 ὥσπερ
1663 4555 1780 4612 οὐδ’
1810 4560 1836 4611 ὁ

1955 4568 2124 4624 caedis
2144 4568 2381 4624 incidit:
2403 4567 2500 4638 qui
2532 4566 2692 4621 enim
2717 4566 2799 4622 ita
2818 4580 2942 4621 non
2963 4564 3254 4633 irascitur,
3290 4580 3611 4638 nunquam

213 4658 368 4729 ῥίζαν
402 4655 693 4720 ἐκκόπτων,
725 4652 869 4708 ἐάσει
895 4648 1087 4706 κλάδον
1116 4654 1271 4725 φῦναί
1298 4669 1440 4707 ποτε.

294 4932 342 4966 ’⁵
382 4928 537 4986 Psal.
578 4943 656 4994 iv,
689 4928 782 4982 15.

1945 4658 2023 4715 ad
2054 4656 2280 4713 caedem
2338 4656 2681 4729 perveniet:
2720 4655 2870 4711 sicut
2898 4670 3095 4728 neque
3133 4654 3184 4709 is
3210 4654 3317 4727 qui
3344 4655 3610 4714 radicem

1946 4741 2237 4811 amputat,
2268 4752 2508 4795 ramum
2543 4751 2813 4809 unquam
2852 4734 3188 4808 germinare
3218 4734 3392 4792 sinet.

1449 5070 1671 5143 Varias
1708 5070 2041 5142 lectiones
2087 5078 2154 5138 et
2183 5078 2387 5138 notae.

280 5304 378 5382 (57)
392 5295 931 5382 Refernnturﬁm
949 5288 1252 5382 ⁸9-ξὲίὲ
1270 5303 1331 5382 ‘5'.
1346 5290 1411 5382 ἓξ
1423 5287 1548 5382 Ρίῖἷ
1558 5286 1834 5382 99Ηὲιῖίὲ

213 5360 629 5457 legunt-Lapsa);
661 5360 1727 5457 ἐγείρετε.*ξοδ-ξὶωῃὶθίὲξρκξὲἶεοῐᾶ
1752 5363 1837 5415 est

204 5431 719 5535 é'tﬁs'égtbzho;
756 5431 861 5497 vel
900 5439 1046 5492 ante
1072 5448 1212 5489 eum
1238 5431 1316 5488 ab
1348 5431 1618 5502 Origene.

248 5524 588 5611 (58)’σαφῶς-
630 5524 700 5578 Β·

226 5728 315 5803 (ετ)
334 5722 588 5789 [Iusque
621 5698 738 5761 νει

2041 5286 2128 5357 59)
2162 5285 2316 5357 αὐτόν
2354 5284 2582 5350 malim,
2626 5282 2714 5341 uti
2743 5282 3063 5343 Hentenius
3089 5279 3326 5339 videtur
3360 5277 3602 5353 legisse.

2044 5353 2135 5413 60⁷)
2164 5356 2247 5409 ἐπι
2271 5353 2329 5409 δὲ
2360 5361 2436 5410 τό.
2472 5359 2539 5413 Α.

2042 5428 2130 5500 61)
2161 5433 2255 5500 μὴ,
2285 5428 2502 5483 omittit
2532 5428 2593 5482 C.

2018 5500 2131 5570 (62)
2168 5500 2356 5555 ἀθλων.
2393 5503 2449 5554 Β.

741 5685 999 5762 inquit.
1032 5682 1252 5755 Hisque
1280 5681 1583 5753 relinquit,
1614 5679 1830 5752 hisque
1855 5668 2132 5735 concedit
2161 5682 2217 5733 et
2247 5675 2553 5750 permittit.
