  <div class='ocr_page' id='page_1' title='image "/cluster/home/n/w/nwhite01/storage/ocr_20150623/129/coo.31924054870344/115.png"; bbox 0 0 4098 6420; ppageno 0'>
   <div class='ocr_carea' id='block_1_1' title="bbox 535 324 636 386">
    <p class='ocr_par' dir='ltr' id='par_1_1' title="bbox 535 324 636 386">
     <span class='ocr_line' id='line_1_1' title="bbox 535 324 636 386; baseline 0.01 -1"><span class='ocrx_word' id='word_1_1' title='bbox 535 324 636 386; x_wconf 77' lang='grc'><strong>211</strong></span> 
     </span>
    </p>
   </div>
   <div class='ocr_carea' id='block_1_2' title="bbox 611 447 2278 525">
    <p class='ocr_par' dir='ltr' id='par_1_2' title="bbox 611 447 2278 525">
     <span class='ocr_line' id='line_1_2' title="bbox 611 447 2278 525; baseline -0.006 -14"><span class='ocrx_word' id='word_1_2' title='bbox 611 457 772 511; x_wconf 85' lang='lat' dir='ltr'>Vers.</span> <span class='ocrx_word' id='word_1_3' title='bbox 802 452 892 511; x_wconf 74' lang='lat'>22.</span> <span class='ocrx_word' id='word_1_4' title='bbox 923 451 1263 525; x_wconf 80' lang='lat' dir='ltr'>Quicunque</span> <span class='ocrx_word' id='word_1_5' title='bbox 1284 482 1350 492; x_wconf 90' lang='lat'><strong><em>—</em></strong></span> <span class='ocrx_word' id='word_1_6' title='bbox 1366 450 1636 509; x_wconf 75' lang='lat' dir='ltr'>consilio.</span> <span class='ocrx_word' id='word_1_7' title='bbox 1661 450 1938 523; x_wconf 83' lang='lat' dir='ltr'>Superius</span> <span class='ocrx_word' id='word_1_8' title='bbox 1952 448 2199 521; x_wconf 87' lang='lat' dir='ltr'>quidem</span> <span class='ocrx_word' id='word_1_9' title='bbox 2232 447 2278 500; x_wconf 83' lang='grc' dir='ltr'><strong>Α</strong></span> 
     </span>
    </p>
   </div>
   <div class='ocr_carea' id='block_1_3' title="bbox 542 537 2199 616">
    <p class='ocr_par' dir='ltr' id='par_1_3' title="bbox 542 537 2199 616">
     <span class='ocr_line' id='line_1_3' title="bbox 542 537 2199 616; baseline -0.005 -15"><span class='ocrx_word' id='word_1_10' title='bbox 542 561 702 611; x_wconf 92' lang='lat' dir='ltr'>eum,</span> <span class='ocrx_word' id='word_1_11' title='bbox 727 545 831 616; x_wconf 90' lang='lat' dir='ltr'>qui</span> <span class='ocrx_word' id='word_1_12' title='bbox 852 548 1084 599; x_wconf 89' lang='lat' dir='ltr'>tantum</span> <span class='ocrx_word' id='word_1_13' title='bbox 1108 543 1471 598; x_wconf 81' lang='lat' dir='ltr'>irascebatur</span> <span class='ocrx_word' id='word_1_14' title='bbox 1489 541 1910 597; x_wconf 83' lang='lat' dir='ltr'>condemnavit</span> <span class='ocrx_word' id='word_1_15' title='bbox 1936 556 1947 592; x_wconf 92' lang='lat'><strong>:</strong></span> <span class='ocrx_word' id='word_1_16' title='bbox 1972 537 2070 593; x_wconf 93' lang='lat' dir='ltr'>hic</span> <span class='ocrx_word' id='word_1_17' title='bbox 2098 553 2199 592; x_wconf 90' lang='lat' dir='ltr'>au-</span> 
     </span>
    </p>
   </div>
   <div class='ocr_carea' id='block_1_4' title="bbox 540 630 2203 704">
    <p class='ocr_par' dir='ltr' id='par_1_4' title="bbox 540 630 2203 704">
     <span class='ocr_line' id='line_1_4' title="bbox 540 630 2203 704; baseline -0.006 -14"><span class='ocrx_word' id='word_1_18' title='bbox 540 640 662 690; x_wconf 88' lang='lat' dir='ltr'>tem</span> <span class='ocrx_word' id='word_1_19' title='bbox 700 650 858 697; x_wconf 90' lang='lat' dir='ltr'>eum,</span> <span class='ocrx_word' id='word_1_20' title='bbox 886 632 988 704; x_wconf 87' lang='lat' dir='ltr'>qui</span> <span class='ocrx_word' id='word_1_21' title='bbox 1033 631 1110 687; x_wconf 89' lang='lat' dir='ltr'>ad</span> <span class='ocrx_word' id='word_1_22' title='bbox 1148 631 1330 687; x_wconf 90' lang='lat' dir='ltr'>verba</span> <span class='ocrx_word' id='word_1_23' title='bbox 1367 646 1553 701; x_wconf 90' lang='lat' dir='ltr'>usque</span> <span class='ocrx_word' id='word_1_24' title='bbox 1590 630 1873 700; x_wconf 79' lang='lat' dir='ltr'>procedit.</span> <span class='ocrx_word' id='word_1_25' title='bbox 1919 630 2070 684; x_wconf 83' lang='lat' dir='ltr'>Raca</span> <span class='ocrx_word' id='word_1_26' title='bbox 2100 641 2203 681; x_wconf 87' lang='lat' dir='ltr'>au-</span> 
     </span>
    </p>
   </div>
   <div class='ocr_carea' id='block_1_5' title="bbox 542 714 2199 788">
    <p class='ocr_par' dir='ltr' id='par_1_5' title="bbox 542 714 2199 788">
     <span class='ocr_line' id='line_1_5' title="bbox 542 714 2199 788; baseline -0.007 -9"><span class='ocrx_word' id='word_1_27' title='bbox 542 728 663 779; x_wconf 86' lang='lat' dir='ltr'>tem</span> <span class='ocrx_word' id='word_1_28' title='bbox 690 738 804 778; x_wconf 85' lang='lat' dir='ltr'>vox</span> <span class='ocrx_word' id='word_1_29' title='bbox 848 726 937 776; x_wconf 93' lang='lat' dir='ltr'>est</span> <span class='ocrx_word' id='word_1_30' title='bbox 970 720 1272 782; x_wconf 80' lang='lat' dir='ltr'>Hebraica,</span> <span class='ocrx_word' id='word_1_31' title='bbox 1322 720 1478 774; x_wconf 90' lang='lat' dir='ltr'>idem</span> <span class='ocrx_word' id='word_1_32' title='bbox 1522 718 1867 788; x_wconf 84' lang='lat' dir='ltr'>significans</span> <span class='ocrx_word' id='word_1_33' title='bbox 1916 714 2077 788; x_wconf 90' lang='lat' dir='ltr'>quod</span> <span class='ocrx_word' id='word_1_34' title='bbox 2115 723 2199 770; x_wconf 85' lang='lat' dir='ltr'>tu.</span> 
     </span>
    </p>
   </div>
   <div class='ocr_carea' id='block_1_6' title="bbox 544 806 2203 880">
    <p class='ocr_par' dir='ltr' id='par_1_6' title="bbox 544 806 2203 880">
     <span class='ocr_line' id='line_1_6' title="bbox 544 806 2203 880; baseline -0.007 -12"><span class='ocrx_word' id='word_1_35' title='bbox 544 815 693 869; x_wconf 86' lang='lat' dir='ltr'>Cum</span> <span class='ocrx_word' id='word_1_36' title='bbox 746 811 904 866; x_wconf 91' lang='lat' dir='ltr'>enim</span> <span class='ocrx_word' id='word_1_37' title='bbox 960 810 1230 865; x_wconf 79' lang='lat' dir='ltr'>irascitur</span> <span class='ocrx_word' id='word_1_38' title='bbox 1280 808 1585 880; x_wconf 85' lang='lat' dir='ltr'>quispiam</span> <span class='ocrx_word' id='word_1_39' title='bbox 1649 807 1707 861; x_wconf 89' lang='lat' dir='ltr'>in</span> <span class='ocrx_word' id='word_1_40' title='bbox 1780 806 2047 868; x_wconf 90' lang='lat' dir='ltr'>alterum,</span> <span class='ocrx_word' id='word_1_41' title='bbox 2131 820 2203 858; x_wconf 83' lang='lat' dir='ltr'>ex</span> 
     </span>
    </p>
   </div>
   <div class='ocr_carea' id='block_1_7' title="bbox 540 891 2203 969">
    <p class='ocr_par' dir='ltr' id='par_1_7' title="bbox 540 891 2203 969">
     <span class='ocr_line' id='line_1_7' title="bbox 540 891 2203 969; baseline -0.005 -15"><span class='ocrx_word' id='word_1_42' title='bbox 540 900 782 954; x_wconf 88' lang='lat' dir='ltr'>nomine</span> <span class='ocrx_word' id='word_1_43' title='bbox 804 898 1004 969; x_wconf 88' lang='lat' dir='ltr'>ipsum</span> <span class='ocrx_word' id='word_1_44' title='bbox 1026 897 1235 952; x_wconf 90' lang='lat' dir='ltr'>nolens</span> <span class='ocrx_word' id='word_1_45' title='bbox 1253 896 1575 968; x_wconf 87' lang='lat' dir='ltr'>appellare,</span> <span class='ocrx_word' id='word_1_46' title='bbox 1597 896 1763 967; x_wconf 90' lang='lat' dir='ltr'>quasi</span> <span class='ocrx_word' id='word_1_47' title='bbox 1792 895 2035 950; x_wconf 85' lang='lat' dir='ltr'>nomine</span> <span class='ocrx_word' id='word_1_48' title='bbox 2053 891 2203 947; x_wconf 90' lang='lat' dir='ltr'>indi-</span> 
     </span>
    </p>
   </div>
   <div class='ocr_carea' id='block_1_8' title="bbox 547 982 2205 1059">
    <p class='ocr_par' dir='ltr' id='par_1_8' title="bbox 547 982 2205 1059">
     <span class='ocr_line' id='line_1_8' title="bbox 547 982 2205 1059; baseline -0.004 -18"><span class='ocrx_word' id='word_1_49' title='bbox 547 1002 758 1059; x_wconf 87' lang='lat' dir='ltr'>gnum,</span> <span class='ocrx_word' id='word_1_50' title='bbox 816 986 945 1041; x_wconf 92' lang='lat' dir='ltr'>loco</span> <span class='ocrx_word' id='word_1_51' title='bbox 1007 986 1267 1040; x_wconf 87' lang='lat' dir='ltr'>nominis</span> <span class='ocrx_word' id='word_1_52' title='bbox 1319 984 1509 1056; x_wconf 86' lang='lat' dir='ltr'>ponit,</span> <span class='ocrx_word' id='word_1_53' title='bbox 1558 990 1640 1049; x_wconf 85' lang='lat' dir='ltr'>tu,</span> <span class='ocrx_word' id='word_1_54' title='bbox 1688 984 1748 1039; x_wconf 93' lang='lat' dir='ltr'>in</span> <span class='ocrx_word' id='word_1_55' title='bbox 1803 983 2043 1054; x_wconf 90' lang='lat' dir='ltr'>signum</span> <span class='ocrx_word' id='word_1_56' title='bbox 2102 982 2205 1036; x_wconf 71' lang='lat' dir='ltr'>irte</span> 
     </span>
    </p>
   </div>
   <div class='ocr_carea' id='block_1_9' title="bbox 543 1068 2206 1135">
    <p class='ocr_par' dir='ltr' id='par_1_9' title="bbox 543 1068 2206 1135">
     <span class='ocr_line' id='line_1_9' title="bbox 543 1068 2206 1135; baseline -0.005 -4"><span class='ocrx_word' id='word_1_57' title='bbox 543 1081 601 1132; x_wconf 86' lang='lat' dir='ltr'>et</span> <span class='ocrx_word' id='word_1_58' title='bbox 625 1074 1105 1131; x_wconf 85' lang='lat' dir='ltr'>abominationis.</span> <span class='ocrx_word' id='word_1_59' title='bbox 1141 1073 1310 1128; x_wconf 90' lang='lat' dir='ltr'>Hunc</span> <span class='ocrx_word' id='word_1_60' title='bbox 1342 1076 1539 1128; x_wconf 86' lang='lat' dir='ltr'>autem</span> <span class='ocrx_word' id='word_1_61' title='bbox 1568 1070 2014 1135; x_wconf 85' lang='lat' dir='ltr'>condemnavit,</span> <span class='ocrx_word' id='word_1_62' title='bbox 2050 1068 2206 1124; x_wconf 87' lang='lat' dir='ltr'>velut</span> 
     </span>
    </p>
   </div>
   <div class='ocr_carea' id='block_1_10' title="bbox 544 1159 2209 1221">
    <p class='ocr_par' dir='ltr' id='par_1_10' title="bbox 544 1159 2209 1221">
     <span class='ocr_line' id='line_1_10' title="bbox 544 1159 2209 1221; baseline -0.004 0"><span class='ocrx_word' id='word_1_63' title='bbox 544 1180 930 1221; x_wconf 87' lang='lat' dir='ltr'>communem</span> <span class='ocrx_word' id='word_1_64' title='bbox 998 1168 1278 1219; x_wconf 89' lang='lat' dir='ltr'>naturam</span> <span class='ocrx_word' id='word_1_65' title='bbox 1351 1161 1849 1218; x_wconf 88' lang='lat' dir='ltr'>abominantem:</span> <span class='ocrx_word' id='word_1_66' title='bbox 1896 1165 1958 1215; x_wconf 87' lang='lat' dir='ltr'>et</span> <span class='ocrx_word' id='word_1_67' title='bbox 2016 1159 2209 1215; x_wconf 89' lang='lat' dir='ltr'>senio-</span> 
     </span>
    </p>
   </div>
   <div class='ocr_carea' id='block_1_11' title="bbox 543 1250 2208 1325">
    <p class='ocr_par' dir='ltr' id='par_1_11' title="bbox 543 1250 2208 1325">
     <span class='ocr_line' id='line_1_11' title="bbox 543 1250 2208 1325; baseline -0.004 -16"><span class='ocrx_word' id='word_1_68' title='bbox 543 1269 678 1309; x_wconf 91' lang='lat' dir='ltr'>rum</span> <span class='ocrx_word' id='word_1_69' title='bbox 709 1252 909 1325; x_wconf 87' lang='lat' dir='ltr'>populi</span> <span class='ocrx_word' id='word_1_70' title='bbox 939 1252 1205 1315; x_wconf 89' lang='lat' dir='ltr'>consilio,</span> <span class='ocrx_word' id='word_1_71' title='bbox 1241 1267 1409 1307; x_wconf 90' lang='lat' dir='ltr'>reum</span> <span class='ocrx_word' id='word_1_72' title='bbox 1442 1251 1642 1324; x_wconf 90' lang='lat' dir='ltr'>ipsum</span> <span class='ocrx_word' id='word_1_73' title='bbox 1673 1250 1997 1312; x_wconf 82' lang='lat' dir='ltr'>constituit,</span> <span class='ocrx_word' id='word_1_74' title='bbox 2028 1254 2093 1304; x_wconf 91' lang='lat' dir='ltr'>ut</span> <span class='ocrx_word' id='word_1_75' title='bbox 2135 1251 2208 1305; x_wconf 90' lang='lat' dir='ltr'>ab</span> 
     </span>
    </p>
   </div>
   <div class='ocr_carea' id='block_1_12' title="bbox 546 1342 1030 1413">
    <p class='ocr_par' dir='ltr' id='par_1_12' title="bbox 546 1342 1030 1413">
     <span class='ocr_line' id='line_1_12' title="bbox 546 1342 1030 1413; baseline -0.008 -14"><span class='ocrx_word' id='word_1_76' title='bbox 546 1343 632 1399; x_wconf 87' lang='lat' dir='ltr'>eis</span> <span class='ocrx_word' id='word_1_77' title='bbox 660 1342 1030 1413; x_wconf 88' lang='lat' dir='ltr'>objurgetur.</span> 
     </span>
    </p>
   </div>
   <div class='ocr_carea' id='block_1_13' title="bbox 617 1428 2213 1501">
    <p class='ocr_par' dir='ltr' id='par_1_13' title="bbox 617 1428 2213 1501">
     <span class='ocr_line' id='line_1_13' title="bbox 617 1428 2213 1501; baseline -0.002 -16"><span class='ocrx_word' id='word_1_78' title='bbox 617 1431 778 1487; x_wconf 80' lang='lat' dir='ltr'>Vers.</span> <span class='ocrx_word' id='word_1_79' title='bbox 820 1432 908 1486; x_wconf 74' lang='lat'>22.</span> <span class='ocrx_word' id='word_1_80' title='bbox 952 1432 1299 1501; x_wconf 83' lang='lat' dir='ltr'>Quicunque</span> <span class='ocrx_word' id='word_1_81' title='bbox 1331 1458 1393 1469; x_wconf 87' lang='lat'><strong>-</strong></span> <span class='ocrx_word' id='word_1_82' title='bbox 1422 1430 1597 1499; x_wconf 80' lang='lat' dir='ltr'>ignis.</span> <span class='ocrx_word' id='word_1_83' title='bbox 1638 1429 1803 1483; x_wconf 87' lang='lat' dir='ltr'>Hunc</span> <span class='ocrx_word' id='word_1_84' title='bbox 1836 1428 2027 1497; x_wconf 88' lang='lat' dir='ltr'>magis</span> <span class='ocrx_word' id='word_1_85' title='bbox 2074 1442 2213 1483; x_wconf 92' lang='lat' dir='ltr'>con-</span> 
     </span>
    </p>
   </div>
   <div class='ocr_carea' id='block_1_14' title="bbox 547 1518 2214 1592">
    <p class='ocr_par' dir='ltr' id='par_1_14' title="bbox 547 1518 2214 1592">
     <span class='ocr_line' id='line_1_14' title="bbox 547 1518 2214 1592; baseline -0.004 -15"><span class='ocrx_word' id='word_1_86' title='bbox 547 1520 875 1585; x_wconf 88' lang='lat' dir='ltr'>demnavit,</span> <span class='ocrx_word' id='word_1_87' title='bbox 904 1524 1105 1592; x_wconf 90' lang='lat' dir='ltr'>utpote</span> <span class='ocrx_word' id='word_1_88' title='bbox 1136 1518 1497 1575; x_wconf 84' lang='lat' dir='ltr'>auferentem</span> <span class='ocrx_word' id='word_1_89' title='bbox 1530 1519 1759 1573; x_wconf 87' lang='lat' dir='ltr'>afratre</span> <span class='ocrx_word' id='word_1_90' title='bbox 1782 1521 2066 1581; x_wconf 86' lang='lat' dir='ltr'>mentem,</span> <span class='ocrx_word' id='word_1_91' title='bbox 2093 1532 2214 1589; x_wconf 89' lang='lat' dir='ltr'>qua.</span> 
     </span>
    </p>
   </div>
   <div class='ocr_carea' id='block_1_15' title="bbox 550 1605 2212 1677">
    <p class='ocr_par' dir='ltr' id='par_1_15' title="bbox 550 1605 2212 1677">
     <span class='ocr_line' id='line_1_15' title="bbox 550 1605 2212 1677; baseline -0.003 -13"><span class='ocrx_word' id='word_1_92' title='bbox 550 1609 628 1664; x_wconf 92' lang='lat' dir='ltr'>ab</span> <span class='ocrx_word' id='word_1_93' title='bbox 649 1608 1094 1664; x_wconf 86' lang='lat' dir='ltr'>irrationalibus</span> <span class='ocrx_word' id='word_1_94' title='bbox 1118 1608 1441 1663; x_wconf 87' lang='lat' dir='ltr'>distamus:</span> <span class='ocrx_word' id='word_1_95' title='bbox 1466 1606 1557 1662; x_wconf 85' lang='lat' dir='ltr'>vel</span> <span class='ocrx_word' id='word_1_96' title='bbox 1590 1607 1784 1677; x_wconf 82' lang='lat' dir='ltr'>potius</span> <span class='ocrx_word' id='word_1_97' title='bbox 1819 1610 2109 1677; x_wconf 89' lang='lat' dir='ltr'>tanquam</span> <span class='ocrx_word' id='word_1_98' title='bbox 2130 1605 2212 1659; x_wconf 87' lang='lat' dir='ltr'>in-</span> 
     </span>
    </p>
   </div>
   <div class='ocr_carea' id='block_1_16' title="bbox 546 1694 2214 1769">
    <p class='ocr_par' dir='ltr' id='par_1_16' title="bbox 546 1694 2214 1769">
     <span class='ocr_line' id='line_1_16' title="bbox 546 1694 2214 1769; baseline -0.003 -16"><span class='ocrx_word' id='word_1_99' title='bbox 546 1697 843 1769; x_wconf 88' lang='lat' dir='ltr'>juriosum</span> <span class='ocrx_word' id='word_1_100' title='bbox 874 1701 1081 1753; x_wconf 88' lang='lat' dir='ltr'>contra</span> <span class='ocrx_word' id='word_1_101' title='bbox 1110 1697 1310 1751; x_wconf 88' lang='lat' dir='ltr'>ﬁdem.</span> <span class='ocrx_word' id='word_1_102' title='bbox 1332 1695 1394 1751; x_wconf 89' lang='lat' dir='ltr'>Si</span> <span class='ocrx_word' id='word_1_103' title='bbox 1420 1696 1579 1751; x_wconf 90' lang='lat' dir='ltr'>enim</span> <span class='ocrx_word' id='word_1_104' title='bbox 1602 1695 1794 1751; x_wconf 88' lang='lat' dir='ltr'>ﬁdelis</span> <span class='ocrx_word' id='word_1_105' title='bbox 1814 1694 1990 1750; x_wconf 85' lang='lat' dir='ltr'>frater</span> <span class='ocrx_word' id='word_1_106' title='bbox 2013 1694 2214 1749; x_wconf 82' lang='lat' dir='ltr'>fatuus</span> 
     </span>
    </p>
   </div>
   <div class='ocr_carea' id='block_1_17' title="bbox 550 1784 1722 1856">
    <p class='ocr_par' dir='ltr' id='par_1_17' title="bbox 550 1784 1722 1856">
     <span class='ocr_line' id='line_1_17' title="bbox 550 1784 1722 1856; baseline -0.003 -14"><span class='ocrx_word' id='word_1_107' title='bbox 550 1790 656 1856; x_wconf 87' lang='lat' dir='ltr'>est,</span> <span class='ocrx_word' id='word_1_108' title='bbox 690 1786 865 1842; x_wconf 91' lang='lat' dir='ltr'>utille</span> <span class='ocrx_word' id='word_1_109' title='bbox 892 1786 1051 1850; x_wconf 90' lang='lat' dir='ltr'>dicit,</span> <span class='ocrx_word' id='word_1_110' title='bbox 1086 1786 1248 1841; x_wconf 90' lang='lat' dir='ltr'>fatua</span> <span class='ocrx_word' id='word_1_111' title='bbox 1288 1784 1545 1841; x_wconf 88' lang='lat' dir='ltr'>estﬁdes</span> <span class='ocrx_word' id='word_1_112' title='bbox 1572 1785 1722 1855; x_wconf 89' lang='lat' dir='ltr'>ejus.</span> 
     </span>
    </p>
   </div>
   <div class='ocr_carea' id='block_1_18' title="bbox 625 1871 2213 1945">
    <p class='ocr_par' dir='ltr' id='par_1_18' title="bbox 625 1871 2213 1945">
     <span class='ocr_line' id='line_1_18' title="bbox 625 1871 2213 1945; baseline -0.003 -15"><span class='ocrx_word' id='word_1_113' title='bbox 625 1875 725 1930; x_wconf 90' lang='lat' dir='ltr'>Hic</span> <span class='ocrx_word' id='word_1_114' title='bbox 742 1880 934 1930; x_wconf 88' lang='lat' dir='ltr'>autem</span> <span class='ocrx_word' id='word_1_115' title='bbox 948 1873 1211 1945; x_wconf 91' lang='lat' dir='ltr'>primum</span> <span class='ocrx_word' id='word_1_116' title='bbox 1240 1873 1653 1929; x_wconf 84' lang='lat' dir='ltr'>manifestatur</span> <span class='ocrx_word' id='word_1_117' title='bbox 1678 1888 1893 1927; x_wconf 90' lang='lat' dir='ltr'>nomen</span> <span class='ocrx_word' id='word_1_118' title='bbox 1923 1871 2213 1941; x_wconf 65' lang='lat' dir='ltr'>gehennie</span> 
     </span>
    </p>
   </div>
   <div class='ocr_carea' id='block_1_19' title="bbox 550 1961 2213 2033">
    <p class='ocr_par' dir='ltr' id='par_1_19' title="bbox 550 1961 2213 2033">
     <span class='ocr_line' id='line_1_19' title="bbox 550 1961 2213 2033; baseline -0.002 -14"><span class='ocrx_word' id='word_1_119' title='bbox 550 1964 728 2033; x_wconf 84' lang='lat' dir='ltr'>ignis.</span> <span class='ocrx_word' id='word_1_120' title='bbox 755 1966 916 2019; x_wconf 84' lang='lat' dir='ltr'>Hanc</span> <span class='ocrx_word' id='word_1_121' title='bbox 954 1978 1097 2018; x_wconf 89' lang='lat' dir='ltr'>vero</span> <span class='ocrx_word' id='word_1_122' title='bbox 1131 1963 1471 2031; x_wconf 84' lang='lat' dir='ltr'>gehennam</span> <span class='ocrx_word' id='word_1_123' title='bbox 1492 1962 1690 2018; x_wconf 88' lang='lat' dir='ltr'>vocari</span> <span class='ocrx_word' id='word_1_124' title='bbox 1717 1962 1917 2016; x_wconf 89' lang='lat' dir='ltr'>dicunt</span> <span class='ocrx_word' id='word_1_125' title='bbox 1942 1961 2213 2033; x_wconf 89' lang='lat' dir='ltr'>quidam,</span> 
     </span>
    </p>
   </div>
   <div class='ocr_carea' id='block_1_20' title="bbox 549 2049 2213 2124">
    <p class='ocr_par' dir='ltr' id='par_1_20' title="bbox 549 2049 2213 2124">
     <span class='ocr_line' id='line_1_20' title="bbox 549 2049 2213 2124; baseline -0.002 -17"><span class='ocrx_word' id='word_1_126' title='bbox 549 2052 728 2124; x_wconf 92' lang='lat' dir='ltr'>quasi</span> <span class='ocrx_word' id='word_1_127' title='bbox 751 2067 982 2123; x_wconf 88' lang='lat' dir='ltr'>semper</span> <span class='ocrx_word' id='word_1_128' title='bbox 1008 2058 1286 2122; x_wconf 80' lang='grc' dir='ltr'>γεννῶσαν,</span> <span class='ocrx_word' id='word_1_129' title='bbox 1312 2051 1371 2106; x_wconf 91' lang='lat' dir='ltr'>id</span> <span class='ocrx_word' id='word_1_130' title='bbox 1401 2055 1509 2116; x_wconf 90' lang='lat' dir='ltr'>est,</span> <span class='ocrx_word' id='word_1_131' title='bbox 1564 2054 1951 2119; x_wconf 88' lang='lat' dir='ltr'>generantem</span> <span class='ocrx_word' id='word_1_132' title='bbox 1990 2049 2213 2117; x_wconf 81' lang='lat' dir='ltr'>ignem.</span> 
     </span>
    </p>
   </div>
   <div class='ocr_carea' id='block_1_21' title="bbox 554 2138 2218 2209">
    <p class='ocr_par' dir='ltr' id='par_1_21' title="bbox 554 2138 2218 2209">
     <span class='ocr_line' id='line_1_21' title="bbox 554 2138 2218 2209; baseline -0.002 -14"><span class='ocrx_word' id='word_1_133' title='bbox 554 2140 665 2195; x_wconf 86' lang='lat' dir='ltr'>Alii</span> <span class='ocrx_word' id='word_1_134' title='bbox 686 2156 823 2195; x_wconf 90' lang='lat' dir='ltr'>vero</span> <span class='ocrx_word' id='word_1_135' title='bbox 848 2140 1193 2196; x_wconf 88' lang='lat' dir='ltr'>Hebraicum</span> <span class='ocrx_word' id='word_1_136' title='bbox 1216 2155 1437 2194; x_wconf 91' lang='lat' dir='ltr'>nomen</span> <span class='ocrx_word' id='word_1_137' title='bbox 1461 2140 1679 2209; x_wconf 85' lang='lat' dir='ltr'>dicunt,</span> <span class='ocrx_word' id='word_1_138' title='bbox 1709 2138 2057 2208; x_wconf 87' lang='lat' dir='ltr'>hujusmodi</span> <span class='ocrx_word' id='word_1_139' title='bbox 2080 2153 2218 2208; x_wconf 85' lang='lat' dir='ltr'>sup-</span> 
     </span>
    </p>
   </div>
   <div class='ocr_carea' id='block_1_22' title="bbox 554 2227 2218 2301">
    <p class='ocr_par' dir='ltr' id='par_1_22' title="bbox 554 2227 2218 2301">
     <span class='ocr_line' id='line_1_22' title="bbox 554 2227 2218 2301; baseline -0.002 -16"><span class='ocrx_word' id='word_1_140' title='bbox 554 2229 802 2301; x_wconf 90' lang='lat' dir='ltr'>plicium</span> <span class='ocrx_word' id='word_1_141' title='bbox 825 2229 1192 2298; x_wconf 89' lang='lat' dir='ltr'>signiﬁcans.</span> <span class='ocrx_word' id='word_1_142' title='bbox 1222 2228 1280 2282; x_wconf 90' lang='lat' dir='ltr'>Si</span> <span class='ocrx_word' id='word_1_143' title='bbox 1305 2227 1485 2297; x_wconf 84' lang='lat' dir='ltr'>igitur</span> <span class='ocrx_word' id='word_1_144' title='bbox 1504 2228 1616 2283; x_wconf 91' lang='lat' dir='ltr'>has</span> <span class='ocrx_word' id='word_1_145' title='bbox 1644 2244 1780 2299; x_wconf 66' lang='lat' dir='ltr'>quas</span> <span class='ocrx_word' id='word_1_146' title='bbox 1813 2243 1847 2282; x_wconf 92' lang='lat' dir='ltr'>a</span> <span class='ocrx_word' id='word_1_147' title='bbox 1871 2227 2218 2282; x_wconf 89' lang='lat' dir='ltr'>nobisleves</span> 
     </span>
    </p>
   </div>
   <div class='ocr_carea' id='block_1_23' title="bbox 552 2315 2219 2389">
    <p class='ocr_par' dir='ltr' id='par_1_23' title="bbox 552 2315 2219 2389">
     <span class='ocr_line' id='line_1_23' title="bbox 552 2315 2219 2389; baseline -0.001 -16"><span class='ocrx_word' id='word_1_148' title='bbox 552 2318 916 2389; x_wconf 89' lang='lat' dir='ltr'>judicautur,</span> <span class='ocrx_word' id='word_1_149' title='bbox 944 2317 1192 2388; x_wconf 84' lang='lat' dir='ltr'>injurias</span> <span class='ocrx_word' id='word_1_150' title='bbox 1214 2316 1292 2372; x_wconf 91' lang='lat' dir='ltr'>ita</span> <span class='ocrx_word' id='word_1_151' title='bbox 1316 2316 1566 2388; x_wconf 87' lang='lat' dir='ltr'>punivit,</span> <span class='ocrx_word' id='word_1_152' title='bbox 1591 2332 1709 2387; x_wconf 88' lang='lat' dir='ltr'>qua</span> <span class='ocrx_word' id='word_1_153' title='bbox 1726 2315 2219 2371; x_wconf 88' lang='lat' dir='ltr'>condemnatione</span> 
     </span>
    </p>
   </div>
   <div class='ocr_carea' id='block_1_24' title="bbox 535 2405 2222 2477">
    <p class='ocr_par' dir='ltr' id='par_1_24' title="bbox 535 2405 2222 2477">
     <span class='ocr_line' id='line_1_24' title="bbox 535 2405 2222 2477; baseline -0.001 -15"><span class='ocrx_word' id='word_1_154' title='bbox 535 2407 724 2475; x_wconf 81' lang='lat' dir='ltr'>digni</span> <span class='ocrx_word' id='word_1_155' title='bbox 747 2422 977 2472; x_wconf 88' lang='lat' dir='ltr'>sumus,</span> <span class='ocrx_word' id='word_1_156' title='bbox 1009 2406 1115 2477; x_wconf 89' lang='lat' dir='ltr'>qui</span> <span class='ocrx_word' id='word_1_157' title='bbox 1141 2420 1353 2473; x_wconf 84' lang='lat' dir='ltr'>graves</span> <span class='ocrx_word' id='word_1_158' title='bbox 1382 2409 1583 2461; x_wconf 90' lang='lat' dir='ltr'>contra</span> <span class='ocrx_word' id='word_1_159' title='bbox 1612 2405 1822 2460; x_wconf 82' lang='lat' dir='ltr'>fratres</span> <span class='ocrx_word' id='word_1_160' title='bbox 1855 2405 2222 2461; x_wconf 86' lang='lat' dir='ltr'>incessanter</span> 
     </span>
    </p>
   </div>
   <div class='ocr_carea' id='block_1_25' title="bbox 534 2494 2223 2567">
    <p class='ocr_par' dir='ltr' id='par_1_25' title="bbox 534 2494 2223 2567">
     <span class='ocr_line' id='line_1_25' title="bbox 534 2494 2223 2567; baseline -0.001 -16"><span class='ocrx_word' id='word_1_161' title='bbox 534 2494 1453 2567; x_wconf 72' lang='lat' dir='ltr'>-eﬁ‘undimus?Easitaquequae</span> <span class='ocrx_word' id='word_1_162' title='bbox 1471 2494 1631 2550; x_wconf 91' lang='lat' dir='ltr'>leves</span> <span class='ocrx_word' id='word_1_163' title='bbox 1658 2495 1952 2559; x_wconf 87' lang='lat' dir='ltr'>videntur,</span> <span class='ocrx_word' id='word_1_164' title='bbox 1980 2500 2223 2566; x_wconf 86' lang='lat' dir='ltr'>propter</span> 
     </span>
    </p>
   </div>
   <div class='ocr_carea' id='block_1_26' title="bbox 530 2583 2224 2655">
    <p class='ocr_par' dir='ltr' id='par_1_26' title="bbox 530 2583 2224 2655">
     <span class='ocr_line' id='line_1_26' title="bbox 530 2583 2224 2655; baseline 0.001 -16"><span class='ocrx_word' id='word_1_165' title='bbox 530 2620 537 2626; x_wconf 60' lang='grc' dir='ltr'>ν</span> <span class='ocrx_word' id='word_1_166' title='bbox 565 2598 773 2653; x_wconf 86' lang='lat' dir='ltr'>graves</span> <span class='ocrx_word' id='word_1_167' title='bbox 804 2584 1054 2655; x_wconf 84' lang='lat' dir='ltr'>punivit,</span> <span class='ocrx_word' id='word_1_168' title='bbox 1094 2589 1153 2637; x_wconf 90' lang='lat' dir='ltr'>ut</span> <span class='ocrx_word' id='word_1_169' title='bbox 1178 2583 1306 2639; x_wconf 87' lang='lat' dir='ltr'>illas</span> <span class='ocrx_word' id='word_1_170' title='bbox 1334 2583 2009 2654; x_wconf 88' lang='lat' dir='ltr'>timendasjudicantes,</span> <span class='ocrx_word' id='word_1_171' title='bbox 2043 2583 2224 2640; x_wconf 88' lang='lat' dir='ltr'>duca-</span> 
     </span>
    </p>
   </div>
   <div class='ocr_carea' id='block_1_27' title="bbox 567 2671 2223 2744">
    <p class='ocr_par' dir='ltr' id='par_1_27' title="bbox 567 2671 2223 2744">
     <span class='ocr_line' id='line_1_27' title="bbox 567 2671 2223 2744; baseline -0.001 -16"><span class='ocrx_word' id='word_1_172' title='bbox 567 2689 704 2728; x_wconf 91' lang='lat' dir='ltr'>mus</span> <span class='ocrx_word' id='word_1_173' title='bbox 735 2673 845 2729; x_wconf 86' lang='lat' dir='ltr'>has</span> <span class='ocrx_word' id='word_1_174' title='bbox 888 2671 1426 2741; x_wconf 86' lang='lat' dir='ltr'>formidabiliores;</span> <span class='ocrx_word' id='word_1_175' title='bbox 1462 2676 1589 2727; x_wconf 91' lang='lat' dir='ltr'>tum</span> <span class='ocrx_word' id='word_1_176' title='bbox 1635 2673 1813 2727; x_wconf 88' lang='lat' dir='ltr'>etiam</span> <span class='ocrx_word' id='word_1_177' title='bbox 1865 2672 2009 2744; x_wconf 88' lang='lat' dir='ltr'>quia</span> <span class='ocrx_word' id='word_1_178' title='bbox 2043 2673 2223 2728; x_wconf 87' lang='lat' dir='ltr'>iratos</span> 
     </span>
    </p>
   </div>
   <div class='ocr_carea' id='block_1_28' title="bbox 532 2760 2225 2834">
    <p class='ocr_par' dir='ltr' id='par_1_28' title="bbox 532 2760 2225 2834">
     <span class='ocr_line' id='line_1_28' title="bbox 532 2760 2225 2834; baseline -0.001 -17"><span class='ocrx_word' id='word_1_179' title='bbox 532 2798 539 2801; x_wconf 89' lang='lat'>-</span> <span class='ocrx_word' id='word_1_180' title='bbox 566 2777 681 2818; x_wconf 92' lang='lat' dir='ltr'>non</span> <span class='ocrx_word' id='word_1_181' title='bbox 709 2776 949 2831; x_wconf 75' lang='lat' dir='ltr'>magnae</span> <span class='ocrx_word' id='word_1_182' title='bbox 967 2761 1159 2816; x_wconf 92' lang='lat' dir='ltr'>solum</span> <span class='ocrx_word' id='word_1_183' title='bbox 1180 2760 1261 2833; x_wconf 87' lang='lat' dir='ltr'>iuj</span> <span class='ocrx_word' id='word_1_184' title='bbox 1276 2762 1436 2827; x_wconf 64' lang='lat' dir='ltr'>urite,</span> <span class='ocrx_word' id='word_1_185' title='bbox 1467 2761 1571 2816; x_wconf 92' lang='lat' dir='ltr'>sed</span> <span class='ocrx_word' id='word_1_186' title='bbox 1601 2766 1657 2817; x_wconf 91' lang='lat' dir='ltr'>et</span> <span class='ocrx_word' id='word_1_187' title='bbox 1676 2777 1868 2832; x_wconf 64' lang='lat' dir='ltr'>parva:</span> <span class='ocrx_word' id='word_1_188' title='bbox 1888 2762 2225 2834; x_wconf 86' lang='lat' dir='ltr'>frequenter</span> 
     </span>
    </p>
   </div>
   <div class='ocr_carea' id='block_1_29' title="bbox 566 2850 2223 2923">
    <p class='ocr_par' dir='ltr' id='par_1_29' title="bbox 566 2850 2223 2923">
     <span class='ocr_line' id='line_1_29' title="bbox 566 2850 2223 2923; baseline -0.001 -16"><span class='ocrx_word' id='word_1_189' title='bbox 566 2851 646 2907; x_wconf 92' lang='lat' dir='ltr'>ad</span> <span class='ocrx_word' id='word_1_190' title='bbox 691 2851 887 2907; x_wconf 62' lang='lat' dir='ltr'>caedes</span> <span class='ocrx_word' id='word_1_191' title='bbox 927 2856 1272 2923; x_wconf 90' lang='lat' dir='ltr'>provocant,</span> <span class='ocrx_word' id='word_1_192' title='bbox 1318 2852 1470 2906; x_wconf 88' lang='lat' dir='ltr'>iram</span> <span class='ocrx_word' id='word_1_193' title='bbox 1501 2850 1579 2906; x_wconf 90' lang='lat' dir='ltr'>ad</span> <span class='ocrx_word' id='word_1_194' title='bbox 1637 2851 1909 2909; x_wconf 79' lang='lat' dir='ltr'>scintillae</span> <span class='ocrx_word' id='word_1_195' title='bbox 1972 2852 2223 2905; x_wconf 85' lang='lat' dir='ltr'>modum</span> 
     </span>
    </p>
   </div>
   <div class='ocr_carea' id='block_1_30' title="bbox 567 2940 981 2998">
    <p class='ocr_par' dir='ltr' id='par_1_30' title="bbox 567 2940 981 2998">
     <span class='ocr_line' id='line_1_30' title="bbox 567 2940 981 2998; baseline -0.007 0"><span class='ocrx_word' id='word_1_196' title='bbox 567 2940 981 2998; x_wconf 89' lang='lat' dir='ltr'>accendentes.</span> 
     </span>
    </p>
   </div>
   <div class='ocr_carea' id='block_1_31' title="bbox 638 3029 2226 3102">
    <p class='ocr_par' dir='ltr' id='par_1_31' title="bbox 638 3029 2226 3102">
     <span class='ocr_line' id='line_1_31' title="bbox 638 3029 2226 3102; baseline 0 -17"><span class='ocrx_word' id='word_1_197' title='bbox 638 3032 799 3086; x_wconf 88' lang='lat' dir='ltr'>Vers.</span> <span class='ocrx_word' id='word_1_198' title='bbox 828 3033 916 3086; x_wconf 83' lang='lat'>23.</span> <span class='ocrx_word' id='word_1_199' title='bbox 944 3030 1009 3085; x_wconf 81' lang='lat' dir='ltr'>Si</span> <span class='ocrx_word' id='word_1_200' title='bbox 1046 3060 1114 3069; x_wconf 86' lang='lat'>-—-</span> <span class='ocrx_word' id='word_1_201' title='bbox 1146 3029 1211 3084; x_wconf 93' lang='lat' dir='ltr'>V.</span> <span class='ocrx_word' id='word_1_202' title='bbox 1244 3033 1332 3085; x_wconf 73' lang='grc'>24.</span> <span class='ocrx_word' id='word_1_203' title='bbox 1367 3030 1583 3086; x_wconf 82' lang='lat' dir='ltr'>Munus</span> <span class='ocrx_word' id='word_1_204' title='bbox 1617 3037 1804 3087; x_wconf 83' lang='lat' dir='ltr'>tuum.</span> <span class='ocrx_word' id='word_1_205' title='bbox 1840 3031 2050 3087; x_wconf 89' lang='lat' dir='ltr'>Omnia</span> <span class='ocrx_word' id='word_1_206' title='bbox 2091 3047 2226 3102; x_wconf 74' lang='lat' dir='ltr'>quae</span> 
     </span>
    </p>
   </div>
   <div class='ocr_carea' id='block_1_32' title="bbox 566 3120 2228 3192">
    <p class='ocr_par' dir='ltr' id='par_1_32' title="bbox 566 3120 2228 3192">
     <span class='ocr_line' id='line_1_32' title="bbox 566 3120 2228 3192; baseline 0.001 -18"><span class='ocrx_word' id='word_1_207' title='bbox 566 3120 842 3191; x_wconf 89' lang='lat' dir='ltr'>superius</span> <span class='ocrx_word' id='word_1_208' title='bbox 881 3120 1044 3185; x_wconf 82' lang='lat' dir='ltr'>dixit,</span> <span class='ocrx_word' id='word_1_209' title='bbox 1089 3123 1143 3175; x_wconf 87' lang='lat' dir='ltr'>et</span> <span class='ocrx_word' id='word_1_210' title='bbox 1178 3136 1308 3192; x_wconf 76' lang='lat' dir='ltr'>quae</span> <span class='ocrx_word' id='word_1_211' title='bbox 1342 3136 1503 3175; x_wconf 90' lang='lat' dir='ltr'>nunc</span> <span class='ocrx_word' id='word_1_212' title='bbox 1533 3121 1688 3183; x_wconf 90' lang='lat' dir='ltr'>dicit,</span> <span class='ocrx_word' id='word_1_213' title='bbox 1722 3137 1978 3192; x_wconf 71' lang='lat' dir='ltr'>quaeque</span> <span class='ocrx_word' id='word_1_214' title='bbox 2019 3126 2228 3192; x_wconf 91' lang='lat' dir='ltr'>postea</span> 
     </span>
    </p>
   </div>
   <div class='ocr_carea' id='block_1_33' title="bbox 567 3208 2230 3281">
    <p class='ocr_par' dir='ltr' id='par_1_33' title="bbox 567 3208 2230 3281">
     <span class='ocr_line' id='line_1_33' title="bbox 567 3208 2230 3281; baseline 0.001 -18"><span class='ocrx_word' id='word_1_215' title='bbox 567 3208 831 3265; x_wconf 88' lang='lat' dir='ltr'>dicturus</span> <span class='ocrx_word' id='word_1_216' title='bbox 855 3212 959 3275; x_wconf 88' lang='lat' dir='ltr'>est,</span> <span class='ocrx_word' id='word_1_217' title='bbox 990 3208 1065 3263; x_wconf 92' lang='lat' dir='ltr'>de</span> <span class='ocrx_word' id='word_1_218' title='bbox 1103 3208 1417 3264; x_wconf 87' lang='lat' dir='ltr'>dilectione</span> <span class='ocrx_word' id='word_1_219' title='bbox 1466 3213 1622 3273; x_wconf 91' lang='lat' dir='ltr'>sunt,</span> <span class='ocrx_word' id='word_1_220' title='bbox 1656 3225 1841 3280; x_wconf 86' lang='lat' dir='ltr'>quam</span> <span class='ocrx_word' id='word_1_221' title='bbox 1901 3210 2230 3281; x_wconf 83' lang='lat' dir='ltr'>frequenter</span> 
     </span>
    </p>
   </div>
   <div class='ocr_carea' id='block_1_34' title="bbox 568 3297 2229 3370">
    <p class='ocr_par' dir='ltr' id='par_1_34' title="bbox 568 3297 2229 3370">
     <span class='ocr_line' id='line_1_34' title="bbox 568 3297 2229 3370; baseline 0 -16"><span class='ocrx_word' id='word_1_222' title='bbox 568 3298 753 3370; x_wconf 89' lang='lat' dir='ltr'>ponit,</span> <span class='ocrx_word' id='word_1_223' title='bbox 787 3314 857 3353; x_wconf 89' lang='lat' dir='ltr'>ac</span> <span class='ocrx_word' id='word_1_224' title='bbox 897 3297 1298 3353; x_wconf 87' lang='lat' dir='ltr'>diversimode</span> <span class='ocrx_word' id='word_1_225' title='bbox 1343 3297 1572 3361; x_wconf 88' lang='lat' dir='ltr'>laudat,</span> <span class='ocrx_word' id='word_1_226' title='bbox 1627 3298 1775 3353; x_wconf 90' lang='lat' dir='ltr'>sicut</span> <span class='ocrx_word' id='word_1_227' title='bbox 1804 3298 1863 3353; x_wconf 92' lang='lat' dir='ltr'>in</span> <span class='ocrx_word' id='word_1_228' title='bbox 1912 3315 2229 3369; x_wconf 77' lang='lat' dir='ltr'>progressu</span> 
     </span>
    </p>
   </div>
   <div class='ocr_carea' id='block_1_35' title="bbox 566 3386 2229 3459">
    <p class='ocr_par' dir='ltr' id='par_1_35' title="bbox 566 3386 2229 3459">
     <span class='ocr_line' id='line_1_35' title="bbox 566 3386 2229 3459; baseline 0 -16"><span class='ocrx_word' id='word_1_229' title='bbox 566 3388 782 3459; x_wconf 68' lang='lat' dir='ltr'>saepius</span> <span class='ocrx_word' id='word_1_230' title='bbox 826 3387 1217 3441; x_wconf 87' lang='lat' dir='ltr'>inveniemus.</span> <span class='ocrx_word' id='word_1_231' title='bbox 1266 3386 1416 3441; x_wconf 87' lang='lat' dir='ltr'>Cum</span> <span class='ocrx_word' id='word_1_232' title='bbox 1456 3387 1617 3442; x_wconf 90' lang='lat' dir='ltr'>enim</span> <span class='ocrx_word' id='word_1_233' title='bbox 1646 3392 1803 3442; x_wconf 89' lang='lat' dir='ltr'>esset</span> <span class='ocrx_word' id='word_1_234' title='bbox 1831 3391 2001 3452; x_wconf 90' lang='lat' dir='ltr'>Deus,</span> <span class='ocrx_word' id='word_1_235' title='bbox 2048 3389 2229 3444; x_wconf 90' lang='lat' dir='ltr'>nostri</span> 
     </span>
    </p>
   </div>
   <div class='ocr_carea' id='block_1_36' title="bbox 567 3475 2229 3548">
    <p class='ocr_par' dir='ltr' id='par_1_36' title="bbox 567 3475 2229 3548">
     <span class='ocr_line' id='line_1_36' title="bbox 567 3475 2229 3548; baseline 0 -15"><span class='ocrx_word' id='word_1_236' title='bbox 567 3491 774 3534; x_wconf 88' lang='lat' dir='ltr'>amore</span> <span class='ocrx_word' id='word_1_237' title='bbox 798 3475 981 3531; x_wconf 91' lang='lat' dir='ltr'>homo</span> <span class='ocrx_word' id='word_1_238' title='bbox 1005 3476 1198 3531; x_wconf 89' lang='lat' dir='ltr'>factus</span> <span class='ocrx_word' id='word_1_239' title='bbox 1228 3479 1333 3541; x_wconf 92' lang='lat' dir='ltr'>est,</span> <span class='ocrx_word' id='word_1_240' title='bbox 1357 3476 1676 3547; x_wconf 89' lang='lat' dir='ltr'>omniaque</span> <span class='ocrx_word' id='word_1_241' title='bbox 1705 3492 1941 3548; x_wconf 84' lang='lat' dir='ltr'>passus,</span> <span class='ocrx_word' id='word_1_242' title='bbox 1977 3482 2102 3533; x_wconf 90' lang='lat' dir='ltr'>utet</span> <span class='ocrx_word' id='word_1_243' title='bbox 2121 3494 2229 3533; x_wconf 88' lang='lat' dir='ltr'>nos</span> 
     </span>
    </p>
   </div>
   <div class='ocr_carea' id='block_1_37' title="bbox 569 3564 2231 3636">
    <p class='ocr_par' dir='ltr' id='par_1_37' title="bbox 569 3564 2231 3636">
     <span class='ocr_line' id='line_1_37' title="bbox 569 3564 2231 3636; baseline 0.001 -16"><span class='ocrx_word' id='word_1_244' title='bbox 569 3566 783 3631; x_wconf 87' lang='lat' dir='ltr'>Deum,</span> <span class='ocrx_word' id='word_1_245' title='bbox 813 3581 879 3619; x_wconf 92' lang='lat' dir='ltr'>ac</span> <span class='ocrx_word' id='word_1_246' title='bbox 902 3580 1012 3620; x_wconf 92' lang='lat' dir='ltr'>nos</span> <span class='ocrx_word' id='word_1_247' title='bbox 1057 3564 1315 3620; x_wconf 90' lang='lat' dir='ltr'>invicem</span> <span class='ocrx_word' id='word_1_248' title='bbox 1357 3580 1724 3630; x_wconf 88' lang='lat' dir='ltr'>amaremus,</span> <span class='ocrx_word' id='word_1_249' title='bbox 1755 3570 1812 3620; x_wconf 88' lang='lat' dir='ltr'>et</span> <span class='ocrx_word' id='word_1_250' title='bbox 1843 3582 1949 3636; x_wconf 88' lang='lat' dir='ltr'>per</span> <span class='ocrx_word' id='word_1_251' title='bbox 1970 3566 2231 3622; x_wconf 90' lang='lat' dir='ltr'>dilectio-</span> 
     </span>
    </p>
   </div>
   <div class='ocr_carea' id='block_1_38' title="bbox 566 3653 2229 3728">
    <p class='ocr_par' dir='ltr' id='par_1_38' title="bbox 566 3653 2229 3728">
     <span class='ocr_line' id='line_1_38' title="bbox 566 3653 2229 3728; baseline 0 -17"><span class='ocrx_word' id='word_1_252' title='bbox 566 3670 708 3711; x_wconf 87' lang='lat' dir='ltr'>nem</span> <span class='ocrx_word' id='word_1_253' title='bbox 734 3654 908 3709; x_wconf 84' lang='lat' dir='ltr'>nobis</span> <span class='ocrx_word' id='word_1_254' title='bbox 932 3658 1141 3708; x_wconf 90' lang='lat' dir='ltr'>mutuo</span> <span class='ocrx_word' id='word_1_255' title='bbox 1176 3653 1619 3723; x_wconf 89' lang='lat' dir='ltr'>colligaremur,</span> <span class='ocrx_word' id='word_1_256' title='bbox 1673 3670 1982 3726; x_wconf 74' lang='lat' dir='ltr'>unumque</span> <span class='ocrx_word' id='word_1_257' title='bbox 2020 3671 2229 3728; x_wconf 89' lang='lat' dir='ltr'>corpus</span> 
     </span>
    </p>
   </div>
   <div class='ocr_carea' id='block_1_39' title="bbox 568 3742 2230 3818">
    <p class='ocr_par' dir='ltr' id='par_1_39' title="bbox 568 3742 2230 3818">
     <span class='ocr_line' id='line_1_39' title="bbox 568 3742 2230 3818; baseline 0.001 -19"><span class='ocrx_word' id='word_1_258' title='bbox 568 3743 963 3809; x_wconf 87' lang='lat' dir='ltr'>efﬁceremur,</span> <span class='ocrx_word' id='word_1_259' title='bbox 1018 3747 1198 3813; x_wconf 88' lang='lat' dir='ltr'>caput</span> <span class='ocrx_word' id='word_1_260' title='bbox 1258 3742 1549 3798; x_wconf 89' lang='lat' dir='ltr'>habentes</span> <span class='ocrx_word' id='word_1_261' title='bbox 1601 3743 1917 3799; x_wconf 89' lang='lat' dir='ltr'>Christum.</span> <span class='ocrx_word' id='word_1_262' title='bbox 1986 3744 2230 3818; x_wconf 86' lang='lat' dir='ltr'>ideoque</span> 
     </span>
    </p>
   </div>
   <div class='ocr_carea' id='block_1_40' title="bbox 566 3830 2232 3905">
    <p class='ocr_par' dir='ltr' id='par_1_40' title="bbox 566 3830 2232 3905">
     <span class='ocr_line' id='line_1_40' title="bbox 566 3830 2232 3905; baseline 0.002 -18"><span class='ocrx_word' id='word_1_263' title='bbox 566 3847 783 3905; x_wconf 82' lang='lat' dir='ltr'>pugnae</span> <span class='ocrx_word' id='word_1_264' title='bbox 800 3847 1014 3887; x_wconf 90' lang='lat' dir='ltr'>nervos</span> <span class='ocrx_word' id='word_1_265' title='bbox 1031 3830 1375 3903; x_wconf 73' lang='lat' dir='ltr'>praecidens,</span> <span class='ocrx_word' id='word_1_266' title='bbox 1397 3847 1531 3904; x_wconf 72' lang='lat' dir='ltr'>quae</span> <span class='ocrx_word' id='word_1_267' title='bbox 1562 3832 1938 3888; x_wconf 88' lang='lat' dir='ltr'>dilectionem</span> <span class='ocrx_word' id='word_1_268' title='bbox 1962 3849 2232 3890; x_wconf 90' lang='lat' dir='ltr'>corrum-</span> 
     </span>
    </p>
   </div>
   <div class='ocr_carea' id='block_1_41' title="bbox 568 3919 2229 3993">
    <p class='ocr_par' dir='ltr' id='par_1_41' title="bbox 568 3919 2229 3993">
     <span class='ocr_line' id='line_1_41' title="bbox 568 3919 2229 3993; baseline 0.001 -17"><span class='ocrx_word' id='word_1_269' title='bbox 568 3924 737 3993; x_wconf 87' lang='lat' dir='ltr'>punt,</span> <span class='ocrx_word' id='word_1_270' title='bbox 767 3919 979 3976; x_wconf 88' lang='lat' dir='ltr'>aufert.</span> <span class='ocrx_word' id='word_1_271' title='bbox 1009 3920 1331 3975; x_wconf 86' lang='lat' dir='ltr'>Considera</span> <span class='ocrx_word' id='word_1_272' title='bbox 1356 3935 1498 3991; x_wconf 88' lang='lat' dir='ltr'>ergo</span> <span class='ocrx_word' id='word_1_273' title='bbox 1532 3921 1756 3977; x_wconf 86' lang='lat' dir='ltr'>amoris</span> <span class='ocrx_word' id='word_1_274' title='bbox 1782 3938 1924 3991; x_wconf 87' lang='lat' dir='ltr'>erga</span> <span class='ocrx_word' id='word_1_275' title='bbox 1952 3923 2229 3979; x_wconf 86' lang='lat' dir='ltr'>homines</span> 
     </span>
    </p>
   </div>
   <div class='ocr_carea' id='block_1_42' title="bbox 568 4009 2229 4083">
    <p class='ocr_par' dir='ltr' id='par_1_42' title="bbox 568 4009 2229 4083">
     <span class='ocr_line' id='line_1_42' title="bbox 568 4009 2229 4083; baseline 0.001 -17"><span class='ocrx_word' id='word_1_276' title='bbox 568 4009 1065 4082; x_wconf 88' lang='lat' dir='ltr'>magnitudinem.</span> <span class='ocrx_word' id='word_1_277' title='bbox 1101 4009 1679 4081; x_wconf 90' lang='lat' dir='ltr'>Despicithonorem,</span> <span class='ocrx_word' id='word_1_278' title='bbox 1707 4011 1811 4083; x_wconf 90' lang='lat' dir='ltr'>qui</span> <span class='ocrx_word' id='word_1_279' title='bbox 1845 4012 1957 4067; x_wconf 89' lang='lat' dir='ltr'>sibi</span> <span class='ocrx_word' id='word_1_280' title='bbox 1992 4013 2229 4068; x_wconf 83' lang='lat' dir='ltr'>exhibe-</span> 
     </span>
    </p>
   </div>
   <div class='ocr_carea' id='block_1_43' title="bbox 567 4098 2222 4170">
    <p class='ocr_par' dir='ltr' id='par_1_43' title="bbox 567 4098 2222 4170">
     <span class='ocr_line' id='line_1_43' title="bbox 567 4098 2222 4170; baseline 0.001 -17"><span class='ocrx_word' id='word_1_281' title='bbox 567 4102 661 4153; x_wconf 84' lang='lat' dir='ltr'>tur</span> <span class='ocrx_word' id='word_1_282' title='bbox 698 4113 820 4170; x_wconf 70' lang='lat' dir='ltr'>prae</span> <span class='ocrx_word' id='word_1_283' title='bbox 852 4112 1057 4153; x_wconf 90' lang='lat' dir='ltr'>amore</span> <span class='ocrx_word' id='word_1_284' title='bbox 1079 4112 1217 4167; x_wconf 87' lang='lat' dir='ltr'>erga</span> <span class='ocrx_word' id='word_1_285' title='bbox 1250 4098 1509 4164; x_wconf 88' lang='lat' dir='ltr'>fratrem,</span> <span class='ocrx_word' id='word_1_286' title='bbox 1539 4105 1774 4155; x_wconf 88' lang='lat' dir='ltr'>tantum</span> <span class='ocrx_word' id='word_1_287' title='bbox 1811 4116 1931 4155; x_wconf 90' lang='lat' dir='ltr'>non</span> <span class='ocrx_word' id='word_1_288' title='bbox 1983 4100 2222 4155; x_wconf 91' lang='lat' dir='ltr'>dicens:</span> 
     </span>
    </p>
   </div>
   <div class='ocr_carea' id='block_1_44' title="bbox 566 4186 2227 4255">
    <p class='ocr_par' dir='ltr' id='par_1_44' title="bbox 566 4186 2227 4255">
     <span class='ocr_line' id='line_1_44' title="bbox 566 4186 2227 4255; baseline 0.001 -13"><span class='ocrx_word' id='word_1_289' title='bbox 566 4186 881 4243; x_wconf 87' lang='lat' dir='ltr'>Auferatur</span> <span class='ocrx_word' id='word_1_290' title='bbox 921 4187 1168 4243; x_wconf 89' lang='lat' dir='ltr'>servitus</span> <span class='ocrx_word' id='word_1_291' title='bbox 1208 4203 1361 4252; x_wconf 90' lang='lat' dir='ltr'>mea,</span> <span class='ocrx_word' id='word_1_292' title='bbox 1395 4192 1456 4243; x_wconf 86' lang='lat' dir='ltr'>ut.</span> <span class='ocrx_word' id='word_1_293' title='bbox 1495 4193 1557 4243; x_wconf 89' lang='lat' dir='ltr'>tu</span> <span class='ocrx_word' id='word_1_294' title='bbox 1594 4188 1757 4244; x_wconf 87' lang='lat' dir='ltr'>fratri</span> <span class='ocrx_word' id='word_1_295' title='bbox 1790 4189 2227 4255; x_wconf 90' lang='lat' dir='ltr'>reconcilieris;</span> 
     </span>
    </p>
   </div>
   <div class='ocr_carea' id='block_1_45' title="bbox 566 4275 2231 4348">
    <p class='ocr_par' dir='ltr' id='par_1_45' title="bbox 566 4275 2231 4348">
     <span class='ocr_line' id='line_1_45' title="bbox 566 4275 2231 4348; baseline 0.001 -16"><span class='ocrx_word' id='word_1_296' title='bbox 566 4291 709 4332; x_wconf 90' lang='lat' dir='ltr'>nam</span> <span class='ocrx_word' id='word_1_297' title='bbox 762 4275 1121 4332; x_wconf 89' lang='lat' dir='ltr'>sacriﬁcium</span> <span class='ocrx_word' id='word_1_298' title='bbox 1174 4277 1352 4332; x_wconf 88' lang='lat' dir='ltr'>etiam</span> <span class='ocrx_word' id='word_1_299' title='bbox 1394 4280 1482 4331; x_wconf 89' lang='lat' dir='ltr'>est</span> <span class='ocrx_word' id='word_1_300' title='bbox 1534 4292 1675 4348; x_wconf 85' lang='lat' dir='ltr'>erga</span> <span class='ocrx_word' id='word_1_301' title='bbox 1725 4277 1966 4333; x_wconf 88' lang='lat' dir='ltr'>fratrem</span> <span class='ocrx_word' id='word_1_302' title='bbox 2022 4295 2231 4333; x_wconf 90' lang='lat' dir='ltr'>recon-</span> 
     </span>
    </p>
   </div>
   <div class='ocr_carea' id='block_1_46' title="bbox 565 4365 1938 4439">
    <p class='ocr_par' dir='ltr' id='par_1_46' title="bbox 565 4365 1938 4439">
     <span class='ocr_line' id='line_1_46' title="bbox 565 4365 1938 4439; baseline 0.001 -18"><span class='ocrx_word' id='word_1_303' title='bbox 565 4366 808 4432; x_wconf 90' lang='lat' dir='ltr'>ciliatio,</span> <span class='ocrx_word' id='word_1_304' title='bbox 850 4381 1040 4437; x_wconf 90' lang='lat' dir='ltr'>neque</span> <span class='ocrx_word' id='word_1_305' title='bbox 1070 4365 1229 4421; x_wconf 89' lang='lat' dir='ltr'>illam</span> <span class='ocrx_word' id='word_1_306' title='bbox 1267 4366 1496 4437; x_wconf 85' lang='lat' dir='ltr'>absque</span> <span class='ocrx_word' id='word_1_307' title='bbox 1524 4365 1637 4422; x_wconf 90' lang='lat' dir='ltr'>hac</span> <span class='ocrx_word' id='word_1_308' title='bbox 1680 4368 1938 4439; x_wconf 88' lang='lat' dir='ltr'>suscipit.</span> 
     </span>
    </p>
   </div>
   <div class='ocr_carea' id='block_1_47' title="bbox 637 4453 2230 4524">
    <p class='ocr_par' dir='ltr' id='par_1_47' title="bbox 637 4453 2230 4524">
     <span class='ocr_line' id='line_1_47' title="bbox 637 4453 2230 4524; baseline 0.002 -15"><span class='ocrx_word' id='word_1_309' title='bbox 637 4458 835 4510; x_wconf 81' lang='lat' dir='ltr'>Restat</span> <span class='ocrx_word' id='word_1_310' title='bbox 862 4454 1060 4524; x_wconf 87' lang='lat' dir='ltr'>igitur,</span> <span class='ocrx_word' id='word_1_311' title='bbox 1083 4462 1148 4510; x_wconf 89' lang='lat' dir='ltr'>ut</span> <span class='ocrx_word' id='word_1_312' title='bbox 1172 4456 1295 4510; x_wconf 86' lang='lat' dir='ltr'>sive</span> <span class='ocrx_word' id='word_1_313' title='bbox 1326 4453 1533 4511; x_wconf 87' lang='lat' dir='ltr'>laudes</span> <span class='ocrx_word' id='word_1_314' title='bbox 1556 4455 1671 4511; x_wconf 92' lang='lat' dir='ltr'>Deo</span> <span class='ocrx_word' id='word_1_315' title='bbox 1699 4456 1931 4521; x_wconf 89' lang='lat' dir='ltr'>reddas,</span> <span class='ocrx_word' id='word_1_316' title='bbox 1970 4457 2089 4512; x_wconf 89' lang='lat' dir='ltr'>sive</span> <span class='ocrx_word' id='word_1_317' title='bbox 2112 4473 2230 4512; x_wconf 90' lang='lat' dir='ltr'>ora-</span> 
     </span>
    </p>
   </div>
   <div class='ocr_carea' id='block_1_48' title="bbox 565 4541 2230 4614">
    <p class='ocr_par' dir='ltr' id='par_1_48' title="bbox 565 4541 2230 4614">
     <span class='ocr_line' id='line_1_48' title="bbox 565 4541 2230 4614; baseline 0.002 -16"><span class='ocrx_word' id='word_1_318' title='bbox 565 4542 786 4598; x_wconf 85' lang='lat' dir='ltr'>tionem</span> <span class='ocrx_word' id='word_1_319' title='bbox 817 4541 1139 4613; x_wconf 90' lang='lat' dir='ltr'>(siquidem</span> <span class='ocrx_word' id='word_1_320' title='bbox 1188 4544 1368 4599; x_wconf 91' lang='lat' dir='ltr'>etiam</span> <span class='ocrx_word' id='word_1_321' title='bbox 1399 4544 1525 4599; x_wconf 84' lang='lat' dir='ltr'>haec</span> <span class='ocrx_word' id='word_1_322' title='bbox 1572 4544 1853 4600; x_wconf 79' lang='lat' dir='ltr'>sacrificia</span> <span class='ocrx_word' id='word_1_323' title='bbox 1884 4547 2057 4614; x_wconf 89' lang='lat' dir='ltr'>sunt),</span> <span class='ocrx_word' id='word_1_324' title='bbox 2109 4546 2230 4601; x_wconf 89' lang='lat' dir='ltr'>sive</span> 
     </span>
    </p>
   </div>
   <div class='ocr_carea' id='block_1_49' title="bbox 568 4629 2229 4703">
    <p class='ocr_par' dir='ltr' id='par_1_49' title="bbox 568 4629 2229 4703">
     <span class='ocr_line' id='line_1_49' title="bbox 568 4629 2229 4703; baseline 0.002 -17"><span class='ocrx_word' id='word_1_325' title='bbox 568 4629 733 4686; x_wconf 89' lang='lat' dir='ltr'>aliud</span> <span class='ocrx_word' id='word_1_326' title='bbox 763 4630 1189 4702; x_wconf 87' lang='lat' dir='ltr'>quodcunque,</span> <span class='ocrx_word' id='word_1_327' title='bbox 1222 4648 1287 4685; x_wconf 90' lang='lat' dir='ltr'>ne</span> <span class='ocrx_word' id='word_1_328' title='bbox 1320 4631 1589 4703; x_wconf 86' lang='lat' dir='ltr'>proferas</span> <span class='ocrx_word' id='word_1_329' title='bbox 1618 4633 1737 4697; x_wconf 89' lang='lat' dir='ltr'>illa,</span> <span class='ocrx_word' id='word_1_330' title='bbox 1768 4633 1936 4688; x_wconf 90' lang='lat' dir='ltr'>fratri</span> <span class='ocrx_word' id='word_1_331' title='bbox 1977 4640 2073 4689; x_wconf 91' lang='lat' dir='ltr'>tuo</span> <span class='ocrx_word' id='word_1_332' title='bbox 2096 4634 2229 4690; x_wconf 89' lang='lat' dir='ltr'>irre-</span> 
     </span>
    </p>
   </div>
   <div class='ocr_carea' id='block_1_50' title="bbox 568 4718 2231 4795">
    <p class='ocr_par' dir='ltr' id='par_1_50' title="bbox 568 4718 2231 4795">
     <span class='ocr_line' id='line_1_50' title="bbox 568 4718 2231 4795; baseline 0.002 -21"><span class='ocrx_word' id='word_1_333' title='bbox 568 4718 937 4785; x_wconf 84' lang='lat' dir='ltr'>conciliatus,</span> <span class='ocrx_word' id='word_1_334' title='bbox 972 4720 1166 4774; x_wconf 90' lang='lat' dir='ltr'>sciens</span> <span class='ocrx_word' id='word_1_335' title='bbox 1193 4722 1356 4792; x_wconf 92' lang='lat' dir='ltr'>quod</span> <span class='ocrx_word' id='word_1_336' title='bbox 1387 4720 1532 4775; x_wconf 90' lang='lat' dir='ltr'>nihil</span> <span class='ocrx_word' id='word_1_337' title='bbox 1562 4721 1779 4777; x_wconf 87' lang='lat' dir='ltr'>horum</span> <span class='ocrx_word' id='word_1_338' title='bbox 1818 4724 1888 4777; x_wconf 92' lang='lat' dir='ltr'>sit</span> <span class='ocrx_word' id='word_1_339' title='bbox 1923 4729 2231 4795; x_wconf 86' lang='lat' dir='ltr'>susceptu-</span> 
     </span>
    </p>
   </div>
   <div class='ocr_carea' id='block_1_51' title="bbox 564 4806 2228 4878">
    <p class='ocr_par' dir='ltr' id='par_1_51' title="bbox 564 4806 2228 4878">
     <span class='ocr_line' id='line_1_51' title="bbox 564 4806 2228 4878; baseline 0.002 -15"><span class='ocrx_word' id='word_1_340' title='bbox 564 4823 688 4873; x_wconf 88' lang='lat' dir='ltr'>rus,</span> <span class='ocrx_word' id='word_1_341' title='bbox 721 4806 836 4862; x_wconf 90' lang='lat' dir='ltr'>nisi</span> <span class='ocrx_word' id='word_1_342' title='bbox 872 4808 1034 4878; x_wconf 91' lang='lat' dir='ltr'>prius</span> <span class='ocrx_word' id='word_1_343' title='bbox 1065 4808 1478 4864; x_wconf 89' lang='lat' dir='ltr'>reconcilieris.</span> <span class='ocrx_word' id='word_1_344' title='bbox 1510 4812 1711 4865; x_wconf 86' lang='lat' dir='ltr'>Fertur</span> <span class='ocrx_word' id='word_1_345' title='bbox 1764 4816 1966 4866; x_wconf 92' lang='lat' dir='ltr'>autem</span> <span class='ocrx_word' id='word_1_346' title='bbox 2000 4812 2228 4867; x_wconf 82' lang='lat' dir='ltr'>indiffe-</span> 
     </span>
    </p>
   </div>
   <div class='ocr_carea' id='block_1_52' title="bbox 565 4896 2230 4970">
    <p class='ocr_par' dir='ltr' id='par_1_52' title="bbox 565 4896 2230 4970">
     <span class='ocr_line' id='line_1_52' title="bbox 565 4896 2230 4970; baseline 0.003 -19"><span class='ocrx_word' id='word_1_347' title='bbox 565 4901 763 4952; x_wconf 89' lang='lat' dir='ltr'>renter</span> <span class='ocrx_word' id='word_1_348' title='bbox 784 4902 1070 4961; x_wconf 88' lang='lat' dir='ltr'>sermo,et</span> <span class='ocrx_word' id='word_1_349' title='bbox 1091 4896 1167 4952; x_wconf 89' lang='lat' dir='ltr'>ad</span> <span class='ocrx_word' id='word_1_350' title='bbox 1190 4913 1327 4952; x_wconf 92' lang='lat' dir='ltr'>eum</span> <span class='ocrx_word' id='word_1_351' title='bbox 1343 4898 1445 4969; x_wconf 89' lang='lat' dir='ltr'>qui</span> <span class='ocrx_word' id='word_1_352' title='bbox 1463 4897 1707 4953; x_wconf 75' lang='lat' dir='ltr'>affectus</span> <span class='ocrx_word' id='word_1_353' title='bbox 1724 4904 1807 4954; x_wconf 88' lang='lat' dir='ltr'>est</span> <span class='ocrx_word' id='word_1_354' title='bbox 1835 4900 1887 4953; x_wconf 91' lang='lat' dir='ltr'>in</span> <span class='ocrx_word' id='word_1_355' title='bbox 1911 4900 2149 4970; x_wconf 87' lang='lat' dir='ltr'>injuria,</span> <span class='ocrx_word' id='word_1_356' title='bbox 2174 4906 2230 4957; x_wconf 90' lang='lat' dir='ltr'>et</span> 
     </span>
    </p>
   </div>
   <div class='ocr_carea' id='block_1_53' title="bbox 567 4985 2227 5060">
    <p class='ocr_par' dir='ltr' id='par_1_53' title="bbox 567 4985 2227 5060">
     <span class='ocr_line' id='line_1_53' title="bbox 567 4985 2227 5060; baseline 0.002 -19"><span class='ocrx_word' id='word_1_357' title='bbox 567 4985 647 5041; x_wconf 90' lang='lat' dir='ltr'>ad</span> <span class='ocrx_word' id='word_1_358' title='bbox 677 5000 816 5042; x_wconf 92' lang='lat' dir='ltr'>eum</span> <span class='ocrx_word' id='word_1_359' title='bbox 847 4985 948 5058; x_wconf 89' lang='lat' dir='ltr'>qui</span> <span class='ocrx_word' id='word_1_360' title='bbox 990 4985 1273 5057; x_wconf 87' lang='lat' dir='ltr'>injuriam</span> <span class='ocrx_word' id='word_1_361' title='bbox 1298 4986 1602 5056; x_wconf 81' lang='lat' dir='ltr'>irrogavit.</span> <span class='ocrx_word' id='word_1_362' title='bbox 1634 4988 1770 5043; x_wconf 90' lang='lat' dir='ltr'>Etsi</span> <span class='ocrx_word' id='word_1_363' title='bbox 1797 4989 2039 5060; x_wconf 82' lang='lat' dir='ltr'>quidem</span> <span class='ocrx_word' id='word_1_364' title='bbox 2074 4991 2227 5045; x_wconf 86' lang='lat' dir='ltr'>male</span> 
     </span>
    </p>
   </div>
   <div class='ocr_carea' id='block_1_54' title="bbox 565 5074 2221 5149">
    <p class='ocr_par' dir='ltr' id='par_1_54' title="bbox 565 5074 2221 5149">
     <span class='ocr_line' id='line_1_54' title="bbox 565 5074 2221 5149; baseline 0.002 -19"><span class='ocrx_word' id='word_1_365' title='bbox 565 5091 777 5146; x_wconf 88' lang='lat' dir='ltr'>passus</span> <span class='ocrx_word' id='word_1_366' title='bbox 817 5091 900 5140; x_wconf 90' lang='lat' dir='ltr'>es,</span> <span class='ocrx_word' id='word_1_367' title='bbox 930 5075 1213 5147; x_wconf 88' lang='lat' dir='ltr'>injuriam</span> <span class='ocrx_word' id='word_1_368' title='bbox 1244 5074 1323 5130; x_wconf 91' lang='lat' dir='ltr'>illi</span> <span class='ocrx_word' id='word_1_369' title='bbox 1378 5076 1634 5145; x_wconf 88' lang='lat' dir='ltr'>remitte,</span> <span class='ocrx_word' id='word_1_370' title='bbox 1686 5080 1742 5131; x_wconf 92' lang='lat' dir='ltr'>et</span> <span class='ocrx_word' id='word_1_371' title='bbox 1775 5078 2008 5149; x_wconf 89' lang='lat' dir='ltr'>patiens</span> <span class='ocrx_word' id='word_1_372' title='bbox 2056 5085 2221 5144; x_wconf 89' lang='lat' dir='ltr'>esto;</span> 
     </span>
    </p>
   </div>
   <div class='ocr_carea' id='block_1_55' title="bbox 564 5164 2225 5241">
    <p class='ocr_par' dir='ltr' id='par_1_55' title="bbox 564 5164 2225 5241">
     <span class='ocr_line' id='line_1_55' title="bbox 564 5164 2225 5241; baseline 0.002 -20"><span class='ocrx_word' id='word_1_373' title='bbox 564 5165 731 5239; x_wconf 92' lang='lat' dir='ltr'>quod</span> <span class='ocrx_word' id='word_1_374' title='bbox 744 5165 791 5221; x_wconf 91' lang='lat' dir='ltr'>si</span> <span class='ocrx_word' id='word_1_375' title='bbox 813 5164 1408 5237; x_wconf 88' lang='lat' dir='ltr'>injuriamirrogasti,</span> <span class='ocrx_word' id='word_1_376' title='bbox 1430 5166 1670 5222; x_wconf 90' lang='lat' dir='ltr'>medere</span> <span class='ocrx_word' id='word_1_377' title='bbox 1684 5166 1740 5221; x_wconf 90' lang='lat' dir='ltr'>in</span> <span class='ocrx_word' id='word_1_378' title='bbox 1744 5167 1766 5238; x_wconf 85' lang='lat' dir='ltr'><strong>j</strong></span> <span class='ocrx_word' id='word_1_379' title='bbox 1778 5168 1937 5234; x_wconf 76' lang='lat' dir='ltr'>urias,</span> <span class='ocrx_word' id='word_1_380' title='bbox 1959 5168 2225 5241; x_wconf 89' lang='lat' dir='ltr'>nihilque</span> 
     </span>
    </p>
   </div>
   <div class='ocr_carea' id='block_1_56' title="bbox 1858 314 2576 381">
    <p class='ocr_par' dir='ltr' id='par_1_56' title="bbox 1858 314 2576 381">
     <span class='ocr_line' id='line_1_56' title="bbox 1858 314 2576 381; baseline -0.017 0"><span class='ocrx_word' id='word_1_381' title='bbox 1858 320 2207 381; x_wconf 86' lang='lat' dir='ltr'>EUTHYMII</span> <span class='ocrx_word' id='word_1_382' title='bbox 2246 314 2576 377; x_wconf 86' lang='lat' dir='ltr'>ZIGABENI</span> 
     </span>
    </p>
   </div>
   <div class='ocr_carea' id='block_1_57' title="bbox 2266 4500 2310 4554">
    <p class='ocr_par' dir='ltr' id='par_1_57' title="bbox 2266 4500 2310 4554">
     <span class='ocr_line' id='line_1_57' title="bbox 2266 4500 2310 4554; baseline 0 0"><span class='ocrx_word' id='word_1_383' title='bbox 2266 4500 2310 4554; x_wconf 93' lang='lat' dir='ltr'><strong>D</strong></span> 
     </span>
    </p>
   </div>
   <div class='ocr_carea' id='block_1_58' title="bbox 3826 320 3944 377">
    <p class='ocr_par' dir='ltr' id='par_1_58' title="bbox 3826 320 3944 377">
     <span class='ocr_line' id='line_1_58' title="bbox 3826 320 3944 377; baseline -0.008 0"><span class='ocrx_word' id='word_1_384' title='bbox 3826 320 3944 377; x_wconf 81' lang='grc'>212</span> 
     </span>
    </p>
   </div>
   <div class='ocr_carea' id='block_1_59' title="bbox 2378 439 3942 519">
    <p class='ocr_par' dir='ltr' id='par_1_59' title="bbox 2378 439 3942 519">
     <span class='ocr_line' id='line_1_59' title="bbox 2378 439 3942 519; baseline -0.005 -22"><span class='ocrx_word' id='word_1_385' title='bbox 2378 443 2469 505; x_wconf 86' lang='grc' dir='ltr'>’ος</span> <span class='ocrx_word' id='word_1_386' title='bbox 2514 475 2583 485; x_wconf 90' lang='grc'><strong><em>-</em></strong></span> <span class='ocrx_word' id='word_1_387' title='bbox 2627 439 2905 516; x_wconf 67' lang='grc' dir='ltr'>ωνεδρίῲ.</span> <span class='ocrx_word' id='word_1_388' title='bbox 2956 440 3224 515; x_wconf 82' lang='grc' dir='ltr'>Ἀνωτέρω</span> <span class='ocrx_word' id='word_1_389' title='bbox 3275 441 3364 515; x_wconf 71' lang='grc' dir='ltr'>μὶν</span> <span class='ocrx_word' id='word_1_390' title='bbox 3392 441 3479 494; x_wconf 88' lang='grc' dir='ltr'>τόν</span> <span class='ocrx_word' id='word_1_391' title='bbox 3546 440 3719 513; x_wconf 74' lang='grc' dir='ltr'>ψιλῶς</span> <span class='ocrx_word' id='word_1_392' title='bbox 3786 443 3942 519; x_wconf 72' lang='grc' dir='ltr'>ὀργι-</span> 
     </span>
    </p>
   </div>
   <div class='ocr_carea' id='block_1_60' title="bbox 2311 528 3942 607">
    <p class='ocr_par' dir='ltr' id='par_1_60' title="bbox 2311 528 3942 607">
     <span class='ocr_line' id='line_1_60' title="bbox 2311 528 3942 607; baseline 0 -22"><span class='ocrx_word' id='word_1_393' title='bbox 2311 536 2521 606; x_wconf 80' lang='grc' dir='ltr'>ςόμενον</span> <span class='ocrx_word' id='word_1_394' title='bbox 2579 536 2872 607; x_wconf 79' lang='grc' dir='ltr'>κατέκρινεν</span> <span class='ocrx_word' id='word_1_395' title='bbox 2919 552 2932 564; x_wconf 77' lang='grc' dir='ltr'><strong>ο</strong></span> <span class='ocrx_word' id='word_1_396' title='bbox 2990 530 3213 584; x_wconf 84' lang='grc' dir='ltr'>ἐνταῦθα</span> <span class='ocrx_word' id='word_1_397' title='bbox 3278 528 3357 600; x_wconf 67' lang='grc' dir='ltr'>δὲ,</span> <span class='ocrx_word' id='word_1_398' title='bbox 3438 533 3522 583; x_wconf 86' lang='grc' dir='ltr'>τὸν</span> <span class='ocrx_word' id='word_1_399' title='bbox 3592 538 3684 583; x_wconf 82' lang='grc' dir='ltr'>καὶ</span> <span class='ocrx_word' id='word_1_400' title='bbox 3764 538 3942 607; x_wconf 81' lang='grc' dir='ltr'>μέχρι</span> 
     </span>
    </p>
   </div>
   <div class='ocr_carea' id='block_1_61' title="bbox 2308 617 3937 697">
    <p class='ocr_par' dir='ltr' id='par_1_61' title="bbox 2308 617 3937 697">
     <span class='ocr_line' id='line_1_61' title="bbox 2308 617 3937 697; baseline -0.001 -21"><span class='ocrx_word' id='word_1_401' title='bbox 2308 625 2464 694; x_wconf 85' lang='grc' dir='ltr'>λόγου</span> <span class='ocrx_word' id='word_1_402' title='bbox 2520 627 2789 697; x_wconf 73' lang='grc' dir='ltr'>προϊόντα.</span> <span class='ocrx_word' id='word_1_403' title='bbox 2844 619 2915 675; x_wconf 90' lang='grc' dir='ltr'>Τὸ</span> <span class='ocrx_word' id='word_1_404' title='bbox 2962 621 3100 695; x_wconf 83' lang='grc' dir='ltr'>ῥακὰ</span> <span class='ocrx_word' id='word_1_405' title='bbox 3157 617 3235 688; x_wconf 73' lang='grc' dir='ltr'>δὲ,</span> <span class='ocrx_word' id='word_1_406' title='bbox 3294 619 3537 679; x_wconf 78' lang='grc' dir='ltr'>Ἑϐραῐκή</span> <span class='ocrx_word' id='word_1_407' title='bbox 3591 620 3708 674; x_wconf 80' lang='grc' dir='ltr'>ἐστι</span> <span class='ocrx_word' id='word_1_408' title='bbox 3764 644 3937 695; x_wconf 84' lang='grc' dir='ltr'>φωνη,</span> 
     </span>
    </p>
   </div>
   <div class='ocr_carea' id='block_1_62' title="bbox 2314 710 3942 785">
    <p class='ocr_par' dir='ltr' id='par_1_62' title="bbox 2314 710 3942 785">
     <span class='ocr_line' id='line_1_62' title="bbox 2314 710 3942 785; baseline 0 -20"><span class='ocrx_word' id='word_1_409' title='bbox 2314 710 2552 771; x_wconf 76' lang='grc' dir='ltr'>δηλοῦσα</span> <span class='ocrx_word' id='word_1_410' title='bbox 2584 716 2666 777; x_wconf 73' lang='grc' dir='ltr'>τό,</span> <span class='ocrx_word' id='word_1_411' title='bbox 2702 710 2787 765; x_wconf 82' lang='grc' dir='ltr'>σύ.</span> <span class='ocrx_word' id='word_1_412' title='bbox 2827 711 2967 764; x_wconf 82' lang='grc' dir='ltr'>Ἐπεὶ</span> <span class='ocrx_word' id='word_1_413' title='bbox 3006 711 3107 783; x_wconf 83' lang='grc' dir='ltr'>γὰρ</span> <span class='ocrx_word' id='word_1_414' title='bbox 3156 710 3491 785; x_wconf 76' lang='grc' dir='ltr'>ὀργιζόμενός</span> <span class='ocrx_word' id='word_1_415' title='bbox 3534 730 3614 774; x_wconf 89' lang='grc' dir='ltr'>τις</span> <span class='ocrx_word' id='word_1_416' title='bbox 3654 716 3813 764; x_wconf 86' lang='grc' dir='ltr'>κατά</span> <span class='ocrx_word' id='word_1_417' title='bbox 3862 733 3942 765; x_wconf 76' lang='grc' dir='ltr'>τισ</span> 
     </span>
    </p>
   </div>
   <div class='ocr_carea' id='block_1_63' title="bbox 2311 799 3939 873">
    <p class='ocr_par' dir='ltr' id='par_1_63' title="bbox 2311 799 3939 873">
     <span class='ocr_line' id='line_1_63' title="bbox 2311 799 3939 873; baseline 0 -20"><span class='ocrx_word' id='word_1_418' title='bbox 2311 822 2392 864; x_wconf 91' lang='grc' dir='ltr'>νος</span> <span class='ocrx_word' id='word_1_419' title='bbox 2426 800 2519 853; x_wconf 68' lang='grc' dir='ltr'>οὐκ</span> <span class='ocrx_word' id='word_1_420' title='bbox 2560 799 2698 862; x_wconf 86' lang='grc' dir='ltr'>ἀξιοῖ</span> <span class='ocrx_word' id='word_1_421' title='bbox 2726 799 2945 852; x_wconf 77' lang='grc' dir='ltr'>καλέσαι</span> <span class='ocrx_word' id='word_1_422' title='bbox 2986 806 3166 852; x_wconf 88' lang='grc' dir='ltr'>τοῦτον</span> <span class='ocrx_word' id='word_1_423' title='bbox 3206 800 3258 862; x_wconf 79' lang='grc' dir='ltr'>ἐξ</span> <span class='ocrx_word' id='word_1_424' title='bbox 3289 800 3560 873; x_wconf 82' lang='grc' dir='ltr'>ὀνόματος,</span> <span class='ocrx_word' id='word_1_425' title='bbox 3610 803 3679 863; x_wconf 86' lang='grc' dir='ltr'>ὡς</span> <span class='ocrx_word' id='word_1_426' title='bbox 3717 800 3939 863; x_wconf 85' lang='grc' dir='ltr'>ἀνάξιον</span> 
     </span>
    </p>
   </div>
   <div class='ocr_carea' id='block_1_64' title="bbox 2312 886 3943 962">
    <p class='ocr_par' dir='ltr' id='par_1_64' title="bbox 2312 886 3943 962">
     <span class='ocr_line' id='line_1_64' title="bbox 2312 886 3943 962; baseline 0 -20"><span class='ocrx_word' id='word_1_427' title='bbox 2312 891 2561 962; x_wconf 87' lang='grc' dir='ltr'>ὀνόματος</span> <span class='ocrx_word' id='word_1_428' title='bbox 2605 908 2616 919; x_wconf 92' lang='grc'><strong>·</strong></span> <span class='ocrx_word' id='word_1_429' title='bbox 2675 888 2786 942; x_wconf 80' lang='grc' dir='ltr'>ἀντὶ</span> <span class='ocrx_word' id='word_1_430' title='bbox 2857 889 3108 961; x_wconf 86' lang='grc' dir='ltr'>ὀνόματος</span> <span class='ocrx_word' id='word_1_431' title='bbox 3179 886 3238 943; x_wconf 72' lang='grc' dir='ltr'>δὲ</span> <span class='ocrx_word' id='word_1_432' title='bbox 3292 892 3350 942; x_wconf 89' lang='grc' dir='ltr'>τὸ</span> <span class='ocrx_word' id='word_1_433' title='bbox 3415 894 3479 941; x_wconf 80' lang='grc' dir='ltr'>σὺ</span> <span class='ocrx_word' id='word_1_434' title='bbox 3546 892 3792 957; x_wconf 83' lang='grc' dir='ltr'>τίθησιν,</span> <span class='ocrx_word' id='word_1_435' title='bbox 3873 896 3943 951; x_wconf 83' lang='grc' dir='ltr'>εὶς</span> 
     </span>
    </p>
   </div>
   <div class='ocr_carea' id='block_1_65' title="bbox 2314 975 3943 1052">
    <p class='ocr_par' dir='ltr' id='par_1_65' title="bbox 2314 975 3943 1052">
     <span class='ocr_line' id='line_1_65' title="bbox 2314 975 3943 1052; baseline 0.001 -21"><span class='ocrx_word' id='word_1_436' title='bbox 2314 977 2563 1052; x_wconf 73' lang='grc' dir='ltr'>ἔνδειγμα</span> <span class='ocrx_word' id='word_1_437' title='bbox 2608 986 2701 1039; x_wconf 85' lang='grc' dir='ltr'>τῆς</span> <span class='ocrx_word' id='word_1_438' title='bbox 2760 978 2917 1051; x_wconf 87' lang='grc' dir='ltr'>ὀργῆς</span> <span class='ocrx_word' id='word_1_439' title='bbox 2970 983 3060 1031; x_wconf 83' lang='grc' dir='ltr'>καὶ</span> <span class='ocrx_word' id='word_1_440' title='bbox 3116 975 3407 1052; x_wconf 82' lang='grc' dir='ltr'>βδελύξεως</span> <span class='ocrx_word' id='word_1_441' title='bbox 3449 996 3461 1009; x_wconf 82' lang='grc'><em>’</em></span> <span class='ocrx_word' id='word_1_442' title='bbox 3510 982 3791 1052; x_wconf 76' lang='grc' dir='ltr'>κατέκρινε</span> <span class='ocrx_word' id='word_1_443' title='bbox 3852 985 3943 1033; x_wconf 84' lang='grc' dir='ltr'>καὶ</span> 
     </span>
    </p>
   </div>
   <div class='ocr_carea' id='block_1_66' title="bbox 2310 1065 3944 1142">
    <p class='ocr_par' dir='ltr' id='par_1_66' title="bbox 2310 1065 3944 1142">
     <span class='ocr_line' id='line_1_66' title="bbox 2310 1065 3944 1142; baseline 0 -20"><span class='ocrx_word' id='word_1_444' title='bbox 2310 1074 2517 1137; x_wconf 86' lang='grc' dir='ltr'>τοῦτον,</span> <span class='ocrx_word' id='word_1_445' title='bbox 2587 1070 2653 1129; x_wconf 86' lang='grc' dir='ltr'>ὡς</span> <span class='ocrx_word' id='word_1_446' title='bbox 2704 1072 2797 1126; x_wconf 81' lang='grc' dir='ltr'>τὴν</span> <span class='ocrx_word' id='word_1_447' title='bbox 2864 1070 3041 1127; x_wconf 74' lang='grc' dir='ltr'>κοινὴν</span> <span class='ocrx_word' id='word_1_448' title='bbox 3111 1070 3264 1140; x_wconf 83' lang='grc' dir='ltr'>φύσιν</span> <span class='ocrx_word' id='word_1_449' title='bbox 3323 1065 3779 1142; x_wconf 83' lang='grc' dir='ltr'>βδελυσσόμενον,</span> <span class='ocrx_word' id='word_1_450' title='bbox 3851 1074 3944 1122; x_wconf 86' lang='grc' dir='ltr'>καὶ</span> 
     </span>
    </p>
   </div>
   <div class='ocr_carea' id='block_1_67' title="bbox 2316 1153 3945 1232">
    <p class='ocr_par' dir='ltr' id='par_1_67' title="bbox 2316 1153 3945 1232">
     <span class='ocr_line' id='line_1_67' title="bbox 2316 1153 3945 1232; baseline -0.001 -20"><span class='ocrx_word' id='word_1_451' title='bbox 2316 1161 2496 1230; x_wconf 76' lang='grc' dir='ltr'>ἔνοχον</span> <span class='ocrx_word' id='word_1_452' title='bbox 2568 1158 2723 1210; x_wconf 69' lang='grc' dir='ltr'>αὐτὸν</span> <span class='ocrx_word' id='word_1_453' title='bbox 2780 1165 2851 1229; x_wconf 84' lang='grc' dir='ltr'>τῷ</span> <span class='ocrx_word' id='word_1_454' title='bbox 2918 1153 3175 1231; x_wconf 86' lang='grc' dir='ltr'>συνεδρίῳ</span> <span class='ocrx_word' id='word_1_455' title='bbox 3241 1166 3339 1210; x_wconf 84' lang='grc' dir='ltr'>τῶν</span> <span class='ocrx_word' id='word_1_456' title='bbox 3396 1157 3770 1232; x_wconf 79' lang='grc' dir='ltr'>πρεσϐῦτέρων</span> <span class='ocrx_word' id='word_1_457' title='bbox 3850 1166 3945 1211; x_wconf 88' lang='grc' dir='ltr'>τοῦ</span> 
     </span>
    </p>
   </div>
   <div class='ocr_carea' id='block_1_68' title="bbox 2307 1246 3788 1321">
    <p class='ocr_par' dir='ltr' id='par_1_68' title="bbox 2307 1246 3788 1321">
     <span class='ocr_line' id='line_1_68' title="bbox 2307 1246 3788 1321; baseline 0 -20"><span class='ocrx_word' id='word_1_458' title='bbox 2307 1248 2443 1301; x_wconf 53' lang='grc' dir='ltr'>κλαοῦ</span> <span class='ocrx_word' id='word_1_459' title='bbox 2468 1251 2810 1318; x_wconf 72' lang='grc' dir='ltr'>κατέστησεν,</span> <span class='ocrx_word' id='word_1_460' title='bbox 2833 1247 2906 1310; x_wconf 87' lang='grc' dir='ltr'>εἰς</span> <span class='ocrx_word' id='word_1_461' title='bbox 2934 1250 2994 1300; x_wconf 88' lang='grc' dir='ltr'>τὸ</span> <span class='ocrx_word' id='word_1_462' title='bbox 3023 1246 3147 1321; x_wconf 79' lang='grc' dir='ltr'>παρ’</span> <span class='ocrx_word' id='word_1_463' title='bbox 3173 1246 3342 1301; x_wconf 75' lang='grc' dir='ltr'>αὐτῶν</span> <span class='ocrx_word' id='word_1_464' title='bbox 3372 1247 3788 1320; x_wconf 73' lang='grc' dir='ltr'>ἐπιτιμηθῆναι.</span> 
     </span>
    </p>
   </div>
   <div class='ocr_carea' id='block_1_69' title="bbox 2391 1426 3947 1503">
    <p class='ocr_par' dir='ltr' id='par_1_69' title="bbox 2391 1426 3947 1503">
     <span class='ocr_line' id='line_1_69' title="bbox 2391 1426 3947 1503; baseline 0.001 -25"><span class='ocrx_word' id='word_1_465' title='bbox 2391 1426 2485 1489; x_wconf 80' lang='grc' dir='ltr'>’ος</span> <span class='ocrx_word' id='word_1_466' title='bbox 2541 1457 2609 1465; x_wconf 90' lang='grc'><strong>-</strong></span> <span class='ocrx_word' id='word_1_467' title='bbox 2660 1430 2848 1498; x_wconf 87' lang='grc' dir='ltr'>πυρός.</span> <span class='ocrx_word' id='word_1_468' title='bbox 2932 1432 3123 1480; x_wconf 89' lang='grc' dir='ltr'>Τοῦτον</span> <span class='ocrx_word' id='word_1_469' title='bbox 3196 1427 3429 1498; x_wconf 83' lang='grc' dir='ltr'>μεγάλως</span> <span class='ocrx_word' id='word_1_470' title='bbox 3493 1431 3823 1503; x_wconf 75' lang='grc' dir='ltr'>κατέκρινεν,</span> <span class='ocrx_word' id='word_1_471' title='bbox 3881 1430 3947 1489; x_wconf 81' lang='grc' dir='ltr'>ὡς</span> 
     </span>
    </p>
   </div>
   <div class='ocr_carea' id='block_1_70' title="bbox 2322 1511 3945 1589">
    <p class='ocr_par' dir='ltr' id='par_1_70' title="bbox 2322 1511 3945 1589">
     <span class='ocr_line' id='line_1_70' title="bbox 2322 1511 3945 1589; baseline 0.001 -22"><span class='ocrx_word' id='word_1_472' title='bbox 2322 1514 2695 1589; x_wconf 85' lang='grc' dir='ltr'>ἀφαιρούμενον</span> <span class='ocrx_word' id='word_1_473' title='bbox 2749 1513 2851 1569; x_wconf 86' lang='grc' dir='ltr'>ἀπὸ</span> <span class='ocrx_word' id='word_1_474' title='bbox 2913 1522 3007 1568; x_wconf 88' lang='grc' dir='ltr'>τοῦ</span> <span class='ocrx_word' id='word_1_475' title='bbox 3059 1511 3284 1587; x_wconf 83' lang='grc' dir='ltr'>ἀδελφοῦ</span> <span class='ocrx_word' id='word_1_476' title='bbox 3338 1520 3431 1574; x_wconf 78' lang='grc' dir='ltr'>τὴν</span> <span class='ocrx_word' id='word_1_477' title='bbox 3481 1520 3766 1588; x_wconf 75' lang='grc' dir='ltr'>φρόνησιν,</span> <span class='ocrx_word' id='word_1_478' title='bbox 3824 1518 3945 1569; x_wconf 87' lang='grc' dir='ltr'>καθ’</span> 
     </span>
    </p>
   </div>
   <div class='ocr_carea' id='block_1_71' title="bbox 2325 1601 3945 1677">
    <p class='ocr_par' dir='ltr' id='par_1_71' title="bbox 2325 1601 3945 1677">
     <span class='ocr_line' id='line_1_71' title="bbox 2325 1601 3945 1677; baseline 0.001 -22"><span class='ocrx_word' id='word_1_479' title='bbox 2325 1604 2384 1661; x_wconf 81' lang='grc' dir='ltr'>ἣν</span> <span class='ocrx_word' id='word_1_480' title='bbox 2442 1612 2541 1655; x_wconf 84' lang='grc' dir='ltr'>τῶν</span> <span class='ocrx_word' id='word_1_481' title='bbox 2590 1602 2789 1675; x_wconf 87' lang='grc' dir='ltr'>ἀλόγων</span> <span class='ocrx_word' id='word_1_482' title='bbox 2843 1601 3175 1677; x_wconf 78' lang='grc' dir='ltr'>διαφέρομεν,</span> <span class='ocrx_word' id='word_1_483' title='bbox 3231 1606 3260 1663; x_wconf 77' lang='grc' dir='ltr'>ἦ</span> <span class='ocrx_word' id='word_1_484' title='bbox 3316 1604 3528 1677; x_wconf 86' lang='grc' dir='ltr'>μᾶλλον,</span> <span class='ocrx_word' id='word_1_485' title='bbox 3579 1606 3647 1668; x_wconf 85' lang='grc' dir='ltr'>ὡς</span> <span class='ocrx_word' id='word_1_486' title='bbox 3712 1606 3793 1669; x_wconf 83' lang='grc' dir='ltr'>εἰς</span> <span class='ocrx_word' id='word_1_487' title='bbox 3849 1612 3945 1665; x_wconf 83' lang='grc' dir='ltr'>τὴν</span> 
     </span>
    </p>
   </div>
   <div class='ocr_carea' id='block_1_72' title="bbox 2322 1692 3947 1769">
    <p class='ocr_par' dir='ltr' id='par_1_72' title="bbox 2322 1692 3947 1769">
     <span class='ocr_line' id='line_1_72' title="bbox 2322 1692 3947 1769; baseline 0.001 -23"><span class='ocrx_word' id='word_1_488' title='bbox 2322 1698 2501 1746; x_wconf 89' lang='grc' dir='ltr'>πίστιν</span> <span class='ocrx_word' id='word_1_489' title='bbox 2555 1692 2858 1768; x_wconf 76' lang='grc' dir='ltr'>ὑϐρίζοντα.</span> <span class='ocrx_word' id='word_1_490' title='bbox 2905 1694 2967 1748; x_wconf 84' lang='grc' dir='ltr'>Εἰ</span> <span class='ocrx_word' id='word_1_491' title='bbox 3017 1696 3119 1769; x_wconf 88' lang='grc' dir='ltr'>γάρ</span> <span class='ocrx_word' id='word_1_492' title='bbox 3169 1696 3196 1745; x_wconf 86' lang='grc' dir='ltr'>ό</span> <span class='ocrx_word' id='word_1_493' title='bbox 3244 1697 3432 1756; x_wconf 89' lang='grc' dir='ltr'>πιστὸς</span> <span class='ocrx_word' id='word_1_494' title='bbox 3485 1692 3714 1767; x_wconf 83' lang='grc' dir='ltr'>ἀδελφός</span> <span class='ocrx_word' id='word_1_495' title='bbox 3768 1700 3947 1769; x_wconf 86' lang='grc' dir='ltr'>μωρός</span> 
     </span>
    </p>
   </div>
   <div class='ocr_carea' id='block_1_73' title="bbox 2249 1780 3745 1859">
    <p class='ocr_par' dir='ltr' id='par_1_73' title="bbox 2249 1780 3745 1859">
     <span class='ocr_line' id='line_1_73' title="bbox 2249 1780 3745 1859; baseline 0.003 -26"><span class='ocrx_word' id='word_1_496' title='bbox 2249 1804 2294 1859; x_wconf 76' lang='grc' dir='ltr'>Β</span> <span class='ocrx_word' id='word_1_497' title='bbox 2323 1780 2485 1850; x_wconf 84' lang='grc' dir='ltr'>ἐστιν,</span> <span class='ocrx_word' id='word_1_498' title='bbox 2519 1785 2587 1844; x_wconf 87' lang='grc' dir='ltr'>ὡς</span> <span class='ocrx_word' id='word_1_499' title='bbox 2620 1783 2770 1843; x_wconf 85' lang='grc' dir='ltr'>οὗτός</span> <span class='ocrx_word' id='word_1_500' title='bbox 2811 1802 2960 1854; x_wconf 87' lang='grc' dir='ltr'>φησι,</span> <span class='ocrx_word' id='word_1_501' title='bbox 2991 1785 3143 1858; x_wconf 81' lang='grc' dir='ltr'>μωρὰ</span> <span class='ocrx_word' id='word_1_502' title='bbox 3171 1788 3261 1836; x_wconf 84' lang='grc' dir='ltr'>καὶ</span> <span class='ocrx_word' id='word_1_503' title='bbox 3290 1786 3320 1841; x_wconf 80' lang='grc' dir='ltr'>ἡ</span> <span class='ocrx_word' id='word_1_504' title='bbox 3350 1789 3526 1844; x_wconf 83' lang='grc' dir='ltr'>πίστις</span> <span class='ocrx_word' id='word_1_505' title='bbox 3552 1784 3745 1844; x_wconf 79' lang='grc' dir='ltr'>αὐτοῦ,</span> 
     </span>
    </p>
   </div>
   <div class='ocr_carea' id='block_1_74' title="bbox 2398 1868 3946 1947">
    <p class='ocr_par' dir='ltr' id='par_1_74' title="bbox 2398 1868 3946 1947">
     <span class='ocr_line' id='line_1_74' title="bbox 2398 1868 3946 1947; baseline 0 -22"><span class='ocrx_word' id='word_1_506' title='bbox 2398 1872 2647 1925; x_wconf 80' lang='grc' dir='ltr'>Ἐνταῦθα</span> <span class='ocrx_word' id='word_1_507' title='bbox 2696 1868 2755 1925; x_wconf 70' lang='grc' dir='ltr'>δὲ</span> <span class='ocrx_word' id='word_1_508' title='bbox 2798 1880 3003 1946; x_wconf 89' lang='grc' dir='ltr'>πρῶτον</span> <span class='ocrx_word' id='word_1_509' title='bbox 3052 1871 3256 1946; x_wconf 82' lang='grc' dir='ltr'>ἐξέφηνε</span> <span class='ocrx_word' id='word_1_510' title='bbox 3293 1876 3351 1925; x_wconf 87' lang='grc' dir='ltr'>τὸ</span> <span class='ocrx_word' id='word_1_511' title='bbox 3400 1878 3561 1947; x_wconf 81' lang='grc' dir='ltr'>ὄνομα</span> <span class='ocrx_word' id='word_1_512' title='bbox 3599 1882 3693 1936; x_wconf 82' lang='grc' dir='ltr'>τῆς</span> <span class='ocrx_word' id='word_1_513' title='bbox 3734 1878 3946 1946; x_wconf 83' lang='grc' dir='ltr'>γεέννης</span> 
     </span>
    </p>
   </div>
   <div class='ocr_carea' id='block_1_75' title="bbox 2324 1958 3941 2037">
    <p class='ocr_par' dir='ltr' id='par_1_75' title="bbox 2324 1958 3941 2037">
     <span class='ocr_line' id='line_1_75' title="bbox 2324 1958 3941 2037; baseline 0.002 -24"><span class='ocrx_word' id='word_1_514' title='bbox 2324 1968 2416 2013; x_wconf 88' lang='grc' dir='ltr'>τοῦ</span> <span class='ocrx_word' id='word_1_515' title='bbox 2489 1966 2673 2033; x_wconf 86' lang='grc' dir='ltr'>πυρός.</span> <span class='ocrx_word' id='word_1_516' title='bbox 2750 1964 2953 2015; x_wconf 86' lang='grc' dir='ltr'>Γέενναν</span> <span class='ocrx_word' id='word_1_517' title='bbox 3016 1958 3076 2014; x_wconf 77' lang='grc' dir='ltr'>δὲ</span> <span class='ocrx_word' id='word_1_518' title='bbox 3143 1961 3414 2016; x_wconf 86' lang='grc' dir='ltr'>καλεῖσθαι</span> <span class='ocrx_word' id='word_1_519' title='bbox 3488 1967 3688 2022; x_wconf 86' lang='grc' dir='ltr'>ταύτην</span> <span class='ocrx_word' id='word_1_520' title='bbox 3762 1970 3941 2037; x_wconf 83' lang='grc' dir='ltr'>φασὶν,</span> 
     </span>
    </p>
   </div>
   <div class='ocr_carea' id='block_1_76' title="bbox 2326 2049 3944 2127">
    <p class='ocr_par' dir='ltr' id='par_1_76' title="bbox 2326 2049 3944 2127">
     <span class='ocr_line' id='line_1_76' title="bbox 2326 2049 3944 2127; baseline 0.002 -26"><span class='ocrx_word' id='word_1_521' title='bbox 2326 2051 2374 2101; x_wconf 80' lang='grc' dir='ltr'>οἱ</span> <span class='ocrx_word' id='word_1_522' title='bbox 2427 2052 2537 2122; x_wconf 71' lang='grc' dir='ltr'>μὲν,</span> <span class='ocrx_word' id='word_1_523' title='bbox 2592 2053 2655 2110; x_wconf 84' lang='grc' dir='ltr'>ὡς</span> <span class='ocrx_word' id='word_1_524' title='bbox 2708 2049 2786 2103; x_wconf 84' lang='grc' dir='ltr'>ἀεὶ</span> <span class='ocrx_word' id='word_1_525' title='bbox 2832 2059 3091 2122; x_wconf 89' lang='grc' dir='ltr'>γεννῶσαν</span> <span class='ocrx_word' id='word_1_526' title='bbox 3149 2054 3208 2105; x_wconf 85' lang='grc' dir='ltr'>τὸ</span> <span class='ocrx_word' id='word_1_527' title='bbox 3261 2060 3364 2127; x_wconf 91' lang='grc' dir='ltr'>πῦρ</span> <span class='ocrx_word' id='word_1_528' title='bbox 3400 2070 3411 2082; x_wconf 81' lang='grc'><em>’</em></span> <span class='ocrx_word' id='word_1_529' title='bbox 3464 2056 3512 2105; x_wconf 85' lang='grc' dir='ltr'>οἱ</span> <span class='ocrx_word' id='word_1_530' title='bbox 3556 2049 3615 2106; x_wconf 78' lang='grc' dir='ltr'>δὲ</span> <span class='ocrx_word' id='word_1_531' title='bbox 3666 2052 3944 2127; x_wconf 80' lang='grc' dir='ltr'>Ἑϐραίκὸν</span> 
     </span>
    </p>
   </div>
   <div class='ocr_carea' id='block_1_77' title="bbox 2328 2138 3941 2211">
    <p class='ocr_par' dir='ltr' id='par_1_77' title="bbox 2328 2138 3941 2211">
     <span class='ocr_line' id='line_1_77' title="bbox 2328 2138 3941 2211; baseline 0.002 -20"><span class='ocrx_word' id='word_1_532' title='bbox 2328 2142 2487 2211; x_wconf 87' lang='grc' dir='ltr'>ὄνομα</span> <span class='ocrx_word' id='word_1_533' title='bbox 2538 2146 2691 2192; x_wconf 91' lang='grc' dir='ltr'>τοῦτο</span> <span class='ocrx_word' id='word_1_534' title='bbox 2729 2139 2962 2211; x_wconf 87' lang='grc' dir='ltr'>λέγουσι,</span> <span class='ocrx_word' id='word_1_535' title='bbox 3019 2138 3213 2200; x_wconf 77' lang='grc' dir='ltr'>δηλοῦν</span> <span class='ocrx_word' id='word_1_536' title='bbox 3261 2146 3355 2200; x_wconf 77' lang='grc' dir='ltr'>τὴν</span> <span class='ocrx_word' id='word_1_537' title='bbox 3409 2144 3653 2200; x_wconf 77' lang='grc' dir='ltr'>τοιαύτην</span> <span class='ocrx_word' id='word_1_538' title='bbox 3702 2144 3941 2198; x_wconf 82' lang='grc' dir='ltr'>κόλασιν.</span> 
     </span>
    </p>
   </div>
   <div class='ocr_carea' id='block_1_78' title="bbox 2327 2226 3945 2306">
    <p class='ocr_par' dir='ltr' id='par_1_78' title="bbox 2327 2226 3945 2306">
     <span class='ocr_line' id='line_1_78' title="bbox 2327 2226 3945 2306; baseline 0.003 -26"><span class='ocrx_word' id='word_1_539' title='bbox 2327 2228 2388 2280; x_wconf 87' lang='grc' dir='ltr'>Εἰ</span> <span class='ocrx_word' id='word_1_540' title='bbox 2444 2232 2613 2280; x_wconf 81' lang='grc' dir='ltr'>τοίνυν</span> <span class='ocrx_word' id='word_1_541' title='bbox 2662 2232 2756 2291; x_wconf 80' lang='grc' dir='ltr'>τὰς</span> <span class='ocrx_word' id='word_1_542' title='bbox 2809 2226 3071 2292; x_wconf 79' lang='grc' dir='ltr'>δοκούσας</span> <span class='ocrx_word' id='word_1_543' title='bbox 3119 2230 3243 2304; x_wconf 83' lang='grc' dir='ltr'>παρ’</span> <span class='ocrx_word' id='word_1_544' title='bbox 3314 2233 3439 2303; x_wconf 82' lang='grc' dir='ltr'>ἡμῖν</span> <span class='ocrx_word' id='word_1_545' title='bbox 3489 2230 3713 2306; x_wconf 80' lang='grc' dir='ltr'>ἐλαφρὰς</span> <span class='ocrx_word' id='word_1_546' title='bbox 3771 2231 3945 2305; x_wconf 78' lang='grc' dir='ltr'>ὕϐρεις</span> 
     </span>
    </p>
   </div>
   <div class='ocr_carea' id='block_1_79' title="bbox 2330 2315 3948 2391">
    <p class='ocr_par' dir='ltr' id='par_1_79' title="bbox 2330 2315 3948 2391">
     <span class='ocr_line' id='line_1_79' title="bbox 2330 2315 3948 2391; baseline 0.004 -23"><span class='ocrx_word' id='word_1_547' title='bbox 2330 2317 2488 2377; x_wconf 79' lang='grc' dir='ltr'>οὕτως</span> <span class='ocrx_word' id='word_1_548' title='bbox 2527 2315 2761 2387; x_wconf 77' lang='grc' dir='ltr'>ἐκόλασε,</span> <span class='ocrx_word' id='word_1_549' title='bbox 2805 2324 2960 2381; x_wconf 89' lang='grc' dir='ltr'>ποίας</span> <span class='ocrx_word' id='word_1_550' title='bbox 3009 2319 3159 2391; x_wconf 75' lang='grc' dir='ltr'>ἐσμὲν</span> <span class='ocrx_word' id='word_1_551' title='bbox 3205 2319 3343 2384; x_wconf 82' lang='grc' dir='ltr'>ἄξιοι</span> <span class='ocrx_word' id='word_1_552' title='bbox 3393 2318 3711 2391; x_wconf 80' lang='grc' dir='ltr'>καταδίκης,</span> <span class='ocrx_word' id='word_1_553' title='bbox 3760 2325 3811 2374; x_wconf 86' lang='grc' dir='ltr'>οἱ</span> <span class='ocrx_word' id='word_1_554' title='bbox 3857 2325 3948 2383; x_wconf 77' lang='grc' dir='ltr'>τὰς</span> 
     </span>
    </p>
   </div>
   <div class='ocr_carea' id='block_1_80' title="bbox 2333 2404 3944 2483">
    <p class='ocr_par' dir='ltr' id='par_1_80' title="bbox 2333 2404 3944 2483">
     <span class='ocr_line' id='line_1_80' title="bbox 2333 2404 3944 2483; baseline 0.004 -26"><span class='ocrx_word' id='word_1_555' title='bbox 2333 2404 2548 2477; x_wconf 83' lang='grc' dir='ltr'>βαρείας</span> <span class='ocrx_word' id='word_1_556' title='bbox 2619 2409 2755 2459; x_wconf 88' lang='grc' dir='ltr'>κατά</span> <span class='ocrx_word' id='word_1_557' title='bbox 2820 2416 2921 2459; x_wconf 87' lang='grc' dir='ltr'>τῶν</span> <span class='ocrx_word' id='word_1_558' title='bbox 3007 2404 3241 2480; x_wconf 87' lang='grc' dir='ltr'>ἀδελφῶν</span> <span class='ocrx_word' id='word_1_559' title='bbox 3320 2407 3542 2479; x_wconf 87' lang='grc' dir='ltr'>ἀφειδῶς</span> <span class='ocrx_word' id='word_1_560' title='bbox 3623 2409 3944 2483; x_wconf 72' lang='grc' dir='ltr'>ἐκχέοντεςς</span> 
     </span>
    </p>
   </div>
   <div class='ocr_carea' id='block_1_81' title="bbox 2333 2492 3947 2572">
    <p class='ocr_par' dir='ltr' id='par_1_81' title="bbox 2333 2492 3947 2572">
     <span class='ocr_line' id='line_1_81' title="bbox 2333 2492 3947 2572; baseline 0.003 -25"><span class='ocrx_word' id='word_1_561' title='bbox 2333 2494 2603 2547; x_wconf 86' lang='grc' dir='ltr'>Ἐκόλασεν</span> <span class='ocrx_word' id='word_1_562' title='bbox 2658 2492 2745 2548; x_wconf 83' lang='grc' dir='ltr'>οὖν</span> <span class='ocrx_word' id='word_1_563' title='bbox 2798 2498 2888 2557; x_wconf 85' lang='grc' dir='ltr'>τὰς</span> <span class='ocrx_word' id='word_1_564' title='bbox 2942 2493 3206 2558; x_wconf 78' lang='grc' dir='ltr'>δοκούσας</span> <span class='ocrx_word' id='word_1_565' title='bbox 3258 2496 3493 2571; x_wconf 76' lang='grc' dir='ltr'>ἐλαφρὰς,</span> <span class='ocrx_word' id='word_1_566' title='bbox 3557 2495 3651 2551; x_wconf 83' lang='grc' dir='ltr'>διὰ</span> <span class='ocrx_word' id='word_1_567' title='bbox 3708 2501 3805 2562; x_wconf 85' lang='grc' dir='ltr'>τάς</span> <span class='ocrx_word' id='word_1_568' title='bbox 3853 2499 3947 2572; x_wconf 84' lang='grc' dir='ltr'>βα-</span> 
     </span>
    </p>
   </div>
   <div class='ocr_carea' id='block_1_82' title="bbox 2332 2584 3945 2662">
    <p class='ocr_par' dir='ltr' id='par_1_82' title="bbox 2332 2584 3945 2662">
     <span class='ocr_line' id='line_1_82' title="bbox 2332 2584 3945 2662; baseline 0.004 -27"><span class='ocrx_word' id='word_1_569' title='bbox 2332 2588 2492 2658; x_wconf 86' lang='grc' dir='ltr'>ρείας,</span> <span class='ocrx_word' id='word_1_570' title='bbox 2555 2585 2637 2636; x_wconf 83' lang='grc' dir='ltr'>ἵνα</span> <span class='ocrx_word' id='word_1_571' title='bbox 2683 2587 2879 2647; x_wconf 84' lang='grc' dir='ltr'>ταύτας</span> <span class='ocrx_word' id='word_1_572' title='bbox 2935 2584 3154 2658; x_wconf 78' lang='grc' dir='ltr'>φοϐερὰς</span> <span class='ocrx_word' id='word_1_573' title='bbox 3208 2591 3491 2652; x_wconf 80' lang='grc' dir='ltr'>κρίνοντες,</span> <span class='ocrx_word' id='word_1_574' title='bbox 3547 2586 3748 2651; x_wconf 71' lang='grc' dir='ltr'>ἐκείνας</span> <span class='ocrx_word' id='word_1_575' title='bbox 3800 2588 3945 2662; x_wconf 78' lang='grc' dir='ltr'>φοϐε-</span> 
     </span>
    </p>
   </div>
   <div class='ocr_carea' id='block_1_83' title="bbox 2331 2672 3947 2750">
    <p class='ocr_par' dir='ltr' id='par_1_83' title="bbox 2331 2672 3947 2750">
     <span class='ocr_line' id='line_1_83' title="bbox 2331 2672 3947 2750; baseline 0.003 -27"><span class='ocrx_word' id='word_1_576' title='bbox 2331 2676 2555 2747; x_wconf 87' lang='grc' dir='ltr'>ρωτέρας</span> <span class='ocrx_word' id='word_1_577' title='bbox 2606 2677 2916 2746; x_wconf 85' lang='grc' dir='ltr'>νομίζωμεν.</span> <span class='ocrx_word' id='word_1_578' title='bbox 2960 2672 3154 2735; x_wconf 67' lang='grc' dir='ltr'>’Ἄλλως</span> <span class='ocrx_word' id='word_1_579' title='bbox 3203 2693 3258 2727; x_wconf 90' lang='grc' dir='ltr'>τε</span> <span class='ocrx_word' id='word_1_580' title='bbox 3295 2680 3404 2747; x_wconf 83' lang='grc' dir='ltr'>καὶ,</span> <span class='ocrx_word' id='word_1_581' title='bbox 3465 2673 3605 2728; x_wconf 83' lang='grc' dir='ltr'>διότι</span> <span class='ocrx_word' id='word_1_582' title='bbox 3642 2684 3755 2737; x_wconf 84' lang='grc' dir='ltr'>τοῖς</span> <span class='ocrx_word' id='word_1_583' title='bbox 3803 2677 3947 2750; x_wconf 82' lang='grc' dir='ltr'>ὀργι-</span> 
     </span>
    </p>
   </div>
   <div class='ocr_carea' id='block_1_84' title="bbox 2339 2762 3945 2839">
    <p class='ocr_par' dir='ltr' id='par_1_84' title="bbox 2339 2762 3945 2839">
     <span class='ocr_line' id='line_1_84' title="bbox 2339 2762 3945 2839; baseline 0.003 -26"><span class='ocrx_word' id='word_1_584' title='bbox 2339 2764 2570 2833; x_wconf 82' lang='grc' dir='ltr'>ζομένοις</span> <span class='ocrx_word' id='word_1_585' title='bbox 2608 2762 2667 2814; x_wconf 73' lang='grc' dir='ltr'>οὐ</span> <span class='ocrx_word' id='word_1_586' title='bbox 2699 2768 2852 2835; x_wconf 88' lang='grc' dir='ltr'>μόνον</span> <span class='ocrx_word' id='word_1_587' title='bbox 2894 2766 2947 2815; x_wconf 81' lang='grc' dir='ltr'>αἱ</span> <span class='ocrx_word' id='word_1_588' title='bbox 2982 2764 3203 2835; x_wconf 78' lang='grc' dir='ltr'>μεγάλαι</span> <span class='ocrx_word' id='word_1_589' title='bbox 3232 2764 3426 2837; x_wconf 77' lang='grc' dir='ltr'>ὕϐρεις,</span> <span class='ocrx_word' id='word_1_590' title='bbox 3461 2764 3591 2817; x_wconf 85' lang='grc' dir='ltr'>ἀλλά</span> <span class='ocrx_word' id='word_1_591' title='bbox 3634 2771 3728 2818; x_wconf 81' lang='grc' dir='ltr'>καὶ</span> <span class='ocrx_word' id='word_1_592' title='bbox 3760 2768 3816 2818; x_wconf 83' lang='grc' dir='ltr'>αἱ</span> <span class='ocrx_word' id='word_1_593' title='bbox 3854 2786 3945 2839; x_wconf 84' lang='grc' dir='ltr'>με·</span> 
     </span>
    </p>
   </div>
   <div class='ocr_carea' id='block_1_85' title="bbox 2334 2852 3947 2925">
    <p class='ocr_par' dir='ltr' id='par_1_85' title="bbox 2334 2852 3947 2925">
     <span class='ocr_line' id='line_1_85' title="bbox 2334 2852 3947 2925; baseline 0.003 -23"><span class='ocrx_word' id='word_1_594' title='bbox 2334 2856 2479 2923; x_wconf 82' lang='grc' dir='ltr'>ρικαὶ</span> <span class='ocrx_word' id='word_1_595' title='bbox 2534 2853 2649 2923; x_wconf 87' lang='grc'>(63)</span> <span class='ocrx_word' id='word_1_596' title='bbox 2693 2856 2876 2924; x_wconf 82' lang='grc' dir='ltr'>φόνους</span> <span class='ocrx_word' id='word_1_597' title='bbox 2916 2853 3227 2925; x_wconf 83' lang='grc' dir='ltr'>ἐξαρτύουσι</span> <span class='ocrx_word' id='word_1_598' title='bbox 3264 2854 3530 2923; x_wconf 81' lang='grc' dir='ltr'>πολλάκις,</span> <span class='ocrx_word' id='word_1_599' title='bbox 3596 2852 3757 2913; x_wconf 87' lang='grc' dir='ltr'>δίκην</span> <span class='ocrx_word' id='word_1_600' title='bbox 3802 2875 3947 2909; x_wconf 88' lang='grc' dir='ltr'>σπιν-</span> 
     </span>
    </p>
   </div>
   <div class='ocr_carea' id='block_1_86' title="bbox 2339 2940 3191 3017">
    <p class='ocr_par' dir='ltr' id='par_1_86' title="bbox 2339 2940 3191 3017">
     <span class='ocr_line' id='line_1_86' title="bbox 2339 2940 3191 3017; baseline 0.005 -26"><span class='ocrx_word' id='word_1_601' title='bbox 2339 2942 2495 3013; x_wconf 81' lang='grc' dir='ltr'>θῆρος</span> <span class='ocrx_word' id='word_1_602' title='bbox 2527 2940 2847 3003; x_wconf 83' lang='grc' dir='ltr'>ἐξάπτουσαι</span> <span class='ocrx_word' id='word_1_603' title='bbox 2882 2946 2975 3001; x_wconf 80' lang='grc' dir='ltr'>τὴν</span> <span class='ocrx_word' id='word_1_604' title='bbox 3009 2943 3191 3017; x_wconf 77' lang='grc' dir='ltr'>ὀργήν.</span> 
     </span>
    </p>
   </div>
   <div class='ocr_carea' id='block_1_87' title="bbox 2410 3028 3943 3110">
    <p class='ocr_par' dir='ltr' id='par_1_87' title="bbox 2410 3028 3943 3110">
     <span class='ocr_line' id='line_1_87' title="bbox 2410 3028 3943 3110; baseline 0.003 -29"><span class='ocrx_word' id='word_1_605' title='bbox 2410 3028 2546 3081; x_wconf 83' lang='grc' dir='ltr'>Ἐὰν</span> <span class='ocrx_word' id='word_1_606' title='bbox 2584 3061 2653 3070; x_wconf 94' lang='lat'><strong><em>—</em></strong></span> <span class='ocrx_word' id='word_1_607' title='bbox 2690 3028 2858 3105; x_wconf 88' lang='grc' dir='ltr'>δῶρόν</span> <span class='ocrx_word' id='word_1_608' title='bbox 2902 3050 3017 3086; x_wconf 91' lang='grc' dir='ltr'>σου.</span> <span class='ocrx_word' id='word_1_609' title='bbox 3062 3034 3259 3100; x_wconf 80' lang='grc' dir='ltr'>Πάντα,</span> <span class='ocrx_word' id='word_1_610' title='bbox 3305 3034 3407 3086; x_wconf 86' lang='grc' dir='ltr'>ὅσα</span> <span class='ocrx_word' id='word_1_611' title='bbox 3443 3052 3498 3086; x_wconf 90' lang='grc' dir='ltr'>τε</span> <span class='ocrx_word' id='word_1_612' title='bbox 3538 3032 3779 3110; x_wconf 77' lang='grc' dir='ltr'>ἀνωτέρω</span> <span class='ocrx_word' id='word_1_613' title='bbox 3820 3031 3943 3099; x_wconf 84' lang='grc' dir='ltr'>εἷπε,</span> 
     </span>
    </p>
   </div>
   <div class='ocr_carea' id='block_1_88' title="bbox 2267 3120 3944 3219">
    <p class='ocr_par' dir='ltr' id='par_1_88' title="bbox 2267 3120 3944 3219">
     <span class='ocr_line' id='line_1_88' title="bbox 2267 3120 3944 3219; baseline 0.002 -48"><span class='ocrx_word' id='word_1_614' title='bbox 2267 3162 2307 3219; x_wconf 78' lang='lat' dir='ltr'>C</span> <span class='ocrx_word' id='word_1_615' title='bbox 2337 3124 2427 3171; x_wconf 90' lang='grc' dir='ltr'>καὶ</span> <span class='ocrx_word' id='word_1_616' title='bbox 2472 3121 2573 3171; x_wconf 89' lang='grc' dir='ltr'>ὅσα</span> <span class='ocrx_word' id='word_1_617' title='bbox 2619 3126 2707 3171; x_wconf 92' lang='grc' dir='ltr'>νῦν</span> <span class='ocrx_word' id='word_1_618' title='bbox 2754 3120 2907 3193; x_wconf 79' lang='grc' dir='ltr'>λέγει,</span> <span class='ocrx_word' id='word_1_619' title='bbox 2958 3127 3049 3174; x_wconf 86' lang='grc' dir='ltr'>καὶ</span> <span class='ocrx_word' id='word_1_620' title='bbox 3100 3124 3200 3175; x_wconf 84' lang='grc' dir='ltr'>ὅσα</span> <span class='ocrx_word' id='word_1_621' title='bbox 3252 3125 3383 3194; x_wconf 84' lang='grc' dir='ltr'>μετὰ</span> <span class='ocrx_word' id='word_1_622' title='bbox 3430 3130 3585 3176; x_wconf 87' lang='grc' dir='ltr'>τοῦτο</span> <span class='ocrx_word' id='word_1_623' title='bbox 3639 3122 3764 3196; x_wconf 82' lang='grc' dir='ltr'>ἐρεῖ,</span> <span class='ocrx_word' id='word_1_624' title='bbox 3824 3125 3944 3197; x_wconf 68' lang='grc' dir='ltr'>ὑπὲρ</span> 
     </span>
    </p>
   </div>
   <div class='ocr_carea' id='block_1_89' title="bbox 2340 3207 3943 3283">
    <p class='ocr_par' dir='ltr' id='par_1_89' title="bbox 2340 3207 3943 3283">
     <span class='ocr_line' id='line_1_89' title="bbox 2340 3207 3943 3283; baseline 0.002 -24"><span class='ocrx_word' id='word_1_625' title='bbox 2340 3207 2543 3279; x_wconf 81' lang='grc' dir='ltr'>ἀγάπης</span> <span class='ocrx_word' id='word_1_626' title='bbox 2592 3209 2745 3278; x_wconf 85' lang='grc' dir='ltr'>εἰσὶν,</span> <span class='ocrx_word' id='word_1_627' title='bbox 2803 3208 2862 3267; x_wconf 84' lang='grc' dir='ltr'>ἢν</span> <span class='ocrx_word' id='word_1_628' title='bbox 2912 3210 3142 3281; x_wconf 86' lang='grc' dir='ltr'>μάλιστα</span> <span class='ocrx_word' id='word_1_629' title='bbox 3186 3216 3306 3283; x_wconf 86' lang='grc' dir='ltr'>περὶ</span> <span class='ocrx_word' id='word_1_630' title='bbox 3346 3211 3536 3264; x_wconf 87' lang='grc' dir='ltr'>πολλοῦ</span> <span class='ocrx_word' id='word_1_631' title='bbox 3580 3214 3808 3282; x_wconf 85' lang='grc' dir='ltr'>τίθεται,</span> <span class='ocrx_word' id='word_1_632' title='bbox 3860 3215 3943 3264; x_wconf 75' lang='grc' dir='ltr'>καὶ</span> 
     </span>
    </p>
   </div>
   <div class='ocr_carea' id='block_1_90' title="bbox 2341 3293 3947 3375">
    <p class='ocr_par' dir='ltr' id='par_1_90' title="bbox 2341 3293 3947 3375">
     <span class='ocr_line' id='line_1_90' title="bbox 2341 3293 3947 3375; baseline 0.001 -26"><span class='ocrx_word' id='word_1_633' title='bbox 2341 3293 2688 3371; x_wconf 73' lang='grc' dir='ltr'>διαφερόντως</span> <span class='ocrx_word' id='word_1_634' title='bbox 2766 3296 2979 3365; x_wconf 83' lang='grc' dir='ltr'>ἐπαινεῖ,</span> <span class='ocrx_word' id='word_1_635' title='bbox 3052 3302 3115 3361; x_wconf 83' lang='grc' dir='ltr'>ὡς</span> <span class='ocrx_word' id='word_1_636' title='bbox 3197 3300 3244 3352; x_wconf 89' lang='grc' dir='ltr'>ἐν</span> <span class='ocrx_word' id='word_1_637' title='bbox 3326 3301 3532 3364; x_wconf 86' lang='grc' dir='ltr'>πολλοῖς</span> <span class='ocrx_word' id='word_1_638' title='bbox 3589 3301 3947 3375; x_wconf 74' lang='grc' dir='ltr'>προϐαίνοντες</span> 
     </span>
    </p>
   </div>
   <div class='ocr_carea' id='block_1_91' title="bbox 2342 3387 3945 3463">
    <p class='ocr_par' dir='ltr' id='par_1_91' title="bbox 2342 3387 3945 3463">
     <span class='ocr_line' id='line_1_91' title="bbox 2342 3387 3945 3463; baseline 0 -24"><span class='ocrx_word' id='word_1_639' title='bbox 2342 3387 2645 3459; x_wconf 79' lang='grc' dir='ltr'>εὑρήσομεν.</span> <span class='ocrx_word' id='word_1_640' title='bbox 2709 3392 2839 3449; x_wconf 87' lang='grc' dir='ltr'>Θεὸς</span> <span class='ocrx_word' id='word_1_641' title='bbox 2891 3391 2993 3462; x_wconf 90' lang='grc' dir='ltr'>γάρ</span> <span class='ocrx_word' id='word_1_642' title='bbox 3045 3389 3134 3455; x_wconf 81' lang='grc' dir='ltr'>ὧν,</span> <span class='ocrx_word' id='word_1_643' title='bbox 3209 3391 3424 3461; x_wconf 84' lang='grc' dir='ltr'>ἀγαπῶν</span> <span class='ocrx_word' id='word_1_644' title='bbox 3484 3394 3641 3463; x_wconf 82' lang='grc' dir='ltr'>ἡμᾶς,</span> <span class='ocrx_word' id='word_1_645' title='bbox 3701 3392 3945 3462; x_wconf 75' lang='grc' dir='ltr'>ἑνηνθρώ·</span> 
     </span>
    </p>
   </div>
   <div class='ocr_carea' id='block_1_92' title="bbox 2340 3478 3945 3552">
    <p class='ocr_par' dir='ltr' id='par_1_92' title="bbox 2340 3478 3945 3552">
     <span class='ocr_line' id='line_1_92' title="bbox 2340 3478 3945 3552; baseline 0.001 -24"><span class='ocrx_word' id='word_1_646' title='bbox 2340 3494 2495 3547; x_wconf 87' lang='grc' dir='ltr'>πησε,</span> <span class='ocrx_word' id='word_1_647' title='bbox 2553 3481 2640 3529; x_wconf 85' lang='grc' dir='ltr'>καὶ</span> <span class='ocrx_word' id='word_1_648' title='bbox 2670 3478 2840 3529; x_wconf 86' lang='grc' dir='ltr'>πάντα</span> <span class='ocrx_word' id='word_1_649' title='bbox 2868 3479 3134 3546; x_wconf 84' lang='grc' dir='ltr'>πέπονθεν,</span> <span class='ocrx_word' id='word_1_650' title='bbox 3187 3479 3269 3531; x_wconf 84' lang='grc' dir='ltr'>ἶνα</span> <span class='ocrx_word' id='word_1_651' title='bbox 3300 3485 3389 3534; x_wconf 83' lang='grc' dir='ltr'>καὶ</span> <span class='ocrx_word' id='word_1_652' title='bbox 3418 3481 3564 3552; x_wconf 77' lang='grc' dir='ltr'>ἡμεῖς</span> <span class='ocrx_word' id='word_1_653' title='bbox 3616 3483 3706 3533; x_wconf 87' lang='grc' dir='ltr'>τόν</span> <span class='ocrx_word' id='word_1_654' title='bbox 3739 3485 3860 3533; x_wconf 77' lang='grc' dir='ltr'>Θεὸν</span> <span class='ocrx_word' id='word_1_655' title='bbox 3897 3497 3945 3529; x_wconf 88' lang='grc' dir='ltr'>τε</span> 
     </span>
    </p>
   </div>
   <div class='ocr_carea' id='block_1_93' title="bbox 2339 3564 3945 3642">
    <p class='ocr_par' dir='ltr' id='par_1_93' title="bbox 2339 3564 3945 3642">
     <span class='ocr_line' id='line_1_93' title="bbox 2339 3564 3945 3642; baseline 0.003 -26"><span class='ocrx_word' id='word_1_656' title='bbox 2339 3570 2429 3617; x_wconf 84' lang='grc' dir='ltr'>καὶ</span> <span class='ocrx_word' id='word_1_657' title='bbox 2478 3564 2688 3626; x_wconf 78' lang='grc' dir='ltr'>ἑαυτοὺς</span> <span class='ocrx_word' id='word_1_658' title='bbox 2732 3564 3033 3639; x_wconf 83' lang='grc' dir='ltr'>ἀγαπῶμεν,</span> <span class='ocrx_word' id='word_1_659' title='bbox 3083 3573 3172 3620; x_wconf 84' lang='grc' dir='ltr'>καὶ</span> <span class='ocrx_word' id='word_1_660' title='bbox 3208 3566 3302 3621; x_wconf 82' lang='grc' dir='ltr'>διὰ</span> <span class='ocrx_word' id='word_1_661' title='bbox 3353 3578 3444 3630; x_wconf 84' lang='grc' dir='ltr'>τῆς</span> <span class='ocrx_word' id='word_1_662' title='bbox 3490 3573 3703 3642; x_wconf 83' lang='grc' dir='ltr'>ἁγάπης</span> <span class='ocrx_word' id='word_1_663' title='bbox 3759 3565 3945 3623; x_wconf 83' lang='grc' dir='ltr'>συνδε-</span> 
     </span>
    </p>
   </div>
   <div class='ocr_carea' id='block_1_94' title="bbox 2343 3653 3943 3731">
    <p class='ocr_par' dir='ltr' id='par_1_94' title="bbox 2343 3653 3943 3731">
     <span class='ocr_line' id='line_1_94' title="bbox 2343 3653 3943 3731; baseline 0.004 -24"><span class='ocrx_word' id='word_1_664' title='bbox 2343 3657 2505 3727; x_wconf 80' lang='grc' dir='ltr'>θῶμεν</span> <span class='ocrx_word' id='word_1_665' title='bbox 2580 3653 2839 3721; x_wconf 78' lang='grc' dir='ltr'>ἀλληλοις,</span> <span class='ocrx_word' id='word_1_666' title='bbox 2891 3662 2981 3709; x_wconf 87' lang='grc' dir='ltr'>καὶ</span> <span class='ocrx_word' id='word_1_667' title='bbox 3057 3659 3323 3731; x_wconf 85' lang='grc' dir='ltr'>γενώμεθα</span> <span class='ocrx_word' id='word_1_668' title='bbox 3379 3658 3429 3710; x_wconf 78' lang='grc' dir='ltr'>ἓν</span> <span class='ocrx_word' id='word_1_669' title='bbox 3489 3668 3661 3731; x_wconf 87' lang='grc' dir='ltr'>σῶμα,</span> <span class='ocrx_word' id='word_1_670' title='bbox 3727 3657 3943 3731; x_wconf 74' lang='grc' dir='ltr'>κεφαλὴν</span> 
     </span>
    </p>
   </div>
   <div class='ocr_carea' id='block_1_95' title="bbox 2339 3746 3940 3821">
    <p class='ocr_par' dir='ltr' id='par_1_95' title="bbox 2339 3746 3940 3821">
     <span class='ocr_line' id='line_1_95' title="bbox 2339 3746 3940 3821; baseline 0.001 -26"><span class='ocrx_word' id='word_1_671' title='bbox 2339 3746 2550 3815; x_wconf 82' lang='grc' dir='ltr'>ἔχοντες</span> <span class='ocrx_word' id='word_1_672' title='bbox 2580 3746 2735 3796; x_wconf 83' lang='grc' dir='ltr'>αὐτὸν</span> <span class='ocrx_word' id='word_1_673' title='bbox 2783 3748 2868 3796; x_wconf 82' lang='grc' dir='ltr'>τὸν</span> <span class='ocrx_word' id='word_1_674' title='bbox 2900 3750 3150 3820; x_wconf 75' lang='grc' dir='ltr'>Χριστόν.</span> <span class='ocrx_word' id='word_1_675' title='bbox 3185 3749 3274 3800; x_wconf 81' lang='grc' dir='ltr'>Διὸ</span> <span class='ocrx_word' id='word_1_676' title='bbox 3312 3751 3403 3800; x_wconf 82' lang='grc' dir='ltr'>καὶ</span> <span class='ocrx_word' id='word_1_677' title='bbox 3439 3756 3645 3821; x_wconf 86' lang='grc' dir='ltr'>πρῶτον</span> <span class='ocrx_word' id='word_1_678' title='bbox 3697 3752 3765 3801; x_wconf 84' lang='grc' dir='ltr'>τὰ</span> <span class='ocrx_word' id='word_1_679' title='bbox 3793 3753 3940 3819; x_wconf 85' lang='grc' dir='ltr'>νεῦρα</span> 
     </span>
    </p>
   </div>
   <div class='ocr_carea' id='block_1_96' title="bbox 2340 3834 3941 3909">
    <p class='ocr_par' dir='ltr' id='par_1_96' title="bbox 2340 3834 3941 3909">
     <span class='ocr_line' id='line_1_96' title="bbox 2340 3834 3941 3909; baseline 0.006 -25"><span class='ocrx_word' id='word_1_680' title='bbox 2340 3841 2431 3894; x_wconf 81' lang='grc' dir='ltr'>τῆς</span> <span class='ocrx_word' id='word_1_681' title='bbox 2488 3834 2669 3904; x_wconf 85' lang='grc' dir='ltr'>μάχης</span> <span class='ocrx_word' id='word_1_682' title='bbox 2743 3835 3061 3907; x_wconf 72' lang='grc' dir='ltr'>ὑποτέμνων,</span> <span class='ocrx_word' id='word_1_683' title='bbox 3120 3836 3186 3888; x_wconf 85' lang='grc' dir='ltr'>τὰ</span> <span class='ocrx_word' id='word_1_684' title='bbox 3240 3836 3530 3909; x_wconf 87' lang='grc' dir='ltr'>λυμαντικά</span> <span class='ocrx_word' id='word_1_685' title='bbox 3586 3845 3679 3899; x_wconf 87' lang='grc' dir='ltr'>τῆς</span> <span class='ocrx_word' id='word_1_686' title='bbox 3741 3837 3941 3909; x_wconf 80' lang='grc' dir='ltr'>ἀγάπης</span> 
     </span>
    </p>
   </div>
   <div class='ocr_carea' id='block_1_97' title="bbox 2341 3921 3943 4000">
    <p class='ocr_par' dir='ltr' id='par_1_97' title="bbox 2341 3921 3943 4000">
     <span class='ocr_line' id='line_1_97' title="bbox 2341 3921 3943 4000; baseline 0.001 -27"><span class='ocrx_word' id='word_1_687' title='bbox 2341 3921 2607 3975; x_wconf 82' lang='grc' dir='ltr'>ἀπέλαυνε.</span> <span class='ocrx_word' id='word_1_688' title='bbox 2672 3926 2774 3976; x_wconf 86' lang='grc' dir='ltr'>Καὶ</span> <span class='ocrx_word' id='word_1_689' title='bbox 2819 3924 2915 3996; x_wconf 88' lang='grc' dir='ltr'>ὅρα</span> <span class='ocrx_word' id='word_1_690' title='bbox 2964 3925 3348 3997; x_wconf 82' lang='grc' dir='ltr'>φιλανθρωπίας</span> <span class='ocrx_word' id='word_1_691' title='bbox 3401 3926 3710 4000; x_wconf 77' lang='grc' dir='ltr'>ὑπερϐολήν,</span> <span class='ocrx_word' id='word_1_692' title='bbox 3775 3933 3943 3979; x_wconf 75' lang='grc' dir='ltr'>Κατα-</span> 
     </span>
    </p>
   </div>
   <div class='ocr_carea' id='block_1_98' title="bbox 2342 4012 3944 4089">
    <p class='ocr_par' dir='ltr' id='par_1_98' title="bbox 2342 4012 3944 4089">
     <span class='ocr_line' id='line_1_98' title="bbox 2342 4012 3944 4089; baseline 0 -26"><span class='ocrx_word' id='word_1_693' title='bbox 2342 4017 2515 4083; x_wconf 87' lang='grc' dir='ltr'>φρονεί</span> <span class='ocrx_word' id='word_1_694' title='bbox 2559 4018 2655 4073; x_wconf 86' lang='grc' dir='ltr'>τῆς</span> <span class='ocrx_word' id='word_1_695' title='bbox 2716 4014 2787 4073; x_wconf 87' lang='grc' dir='ltr'>εἱς</span> <span class='ocrx_word' id='word_1_696' title='bbox 2843 4012 2999 4064; x_wconf 76' lang='grc' dir='ltr'>αὐτόν</span> <span class='ocrx_word' id='word_1_697' title='bbox 3047 4022 3222 4086; x_wconf 87' lang='grc' dir='ltr'>τιμῆς,</span> <span class='ocrx_word' id='word_1_698' title='bbox 3278 4016 3405 4089; x_wconf 71' lang='grc' dir='ltr'>ὑπὲρ</span> <span class='ocrx_word' id='word_1_699' title='bbox 3460 4024 3554 4078; x_wconf 79' lang='grc' dir='ltr'>τῆς</span> <span class='ocrx_word' id='word_1_700' title='bbox 3611 4016 3683 4078; x_wconf 84' lang='grc' dir='ltr'>εἰς</span> <span class='ocrx_word' id='word_1_701' title='bbox 3736 4012 3944 4086; x_wconf 82' lang='grc' dir='ltr'>ἀδελφὸν</span> 
     </span>
    </p>
   </div>
   <div class='ocr_carea' id='block_1_99' title="bbox 2341 4099 3939 4175">
    <p class='ocr_par' dir='ltr' id='par_1_99' title="bbox 2341 4099 3939 4175">
     <span class='ocr_line' id='line_1_99' title="bbox 2341 4099 3939 4175; baseline 0.004 -24"><span class='ocrx_word' id='word_1_702' title='bbox 2341 4099 2570 4171; x_wconf 84' lang='grc' dir='ltr'>ἀγάπης,</span> <span class='ocrx_word' id='word_1_703' title='bbox 2644 4107 2929 4173; x_wconf 86' lang='grc' dir='ltr'>μονονουχὶ</span> <span class='ocrx_word' id='word_1_704' title='bbox 3011 4102 3171 4175; x_wconf 87' lang='grc' dir='ltr'>λέγων</span> <span class='ocrx_word' id='word_1_705' title='bbox 3217 4121 3227 4134; x_wconf 90' lang='grc'><strong>·</strong></span> <span class='ocrx_word' id='word_1_706' title='bbox 3297 4104 3666 4175; x_wconf 81' lang='grc' dir='ltr'>Ἐγκοπτέσθω</span> <span class='ocrx_word' id='word_1_707' title='bbox 3740 4108 3771 4163; x_wconf 81' lang='grc' dir='ltr'>ἡ</span> <span class='ocrx_word' id='word_1_708' title='bbox 3849 4103 3939 4174; x_wconf 82' lang='grc' dir='ltr'>ἐμὴ</span> 
     </span>
    </p>
   </div>
   <div class='ocr_carea' id='block_1_100' title="bbox 2340 4186 3945 4266">
    <p class='ocr_par' dir='ltr' id='par_1_100' title="bbox 2340 4186 3945 4266">
     <span class='ocr_line' id='line_1_100' title="bbox 2340 4186 3945 4266; baseline 0.003 -26"><span class='ocrx_word' id='word_1_709' title='bbox 2340 4188 2571 4264; x_wconf 77' lang='grc' dir='ltr'>λατρεία,</span> <span class='ocrx_word' id='word_1_710' title='bbox 2611 4190 2695 4241; x_wconf 82' lang='grc' dir='ltr'>ἶνα</span> <span class='ocrx_word' id='word_1_711' title='bbox 2732 4194 2790 4241; x_wconf 79' lang='grc' dir='ltr'>οὐ</span> <span class='ocrx_word' id='word_1_712' title='bbox 2824 4186 3109 4263; x_wconf 74' lang='grc' dir='ltr'>διαλλαγῇς</span> <span class='ocrx_word' id='word_1_713' title='bbox 3148 4196 3278 4265; x_wconf 88' lang='grc' dir='ltr'>πρὸς</span> <span class='ocrx_word' id='word_1_714' title='bbox 3307 4196 3391 4245; x_wconf 89' lang='grc' dir='ltr'>τὸν</span> <span class='ocrx_word' id='word_1_715' title='bbox 3430 4191 3647 4266; x_wconf 85' lang='grc' dir='ltr'>ἀδελφόν</span> <span class='ocrx_word' id='word_1_716' title='bbox 3690 4214 3808 4248; x_wconf 86' lang='grc' dir='ltr'>σου.</span> <span class='ocrx_word' id='word_1_717' title='bbox 3852 4194 3945 4245; x_wconf 82' lang='grc' dir='ltr'>Καὶ</span> 
     </span>
    </p>
   </div>
   <div class='ocr_carea' id='block_1_101' title="bbox 2340 4278 3941 4355">
    <p class='ocr_par' dir='ltr' id='par_1_101' title="bbox 2340 4278 3941 4355">
     <span class='ocr_line' id='line_1_101' title="bbox 2340 4278 3941 4355; baseline 0.004 -26"><span class='ocrx_word' id='word_1_718' title='bbox 2340 4281 2441 4351; x_wconf 83' lang='grc' dir='ltr'>γὰρ</span> <span class='ocrx_word' id='word_1_719' title='bbox 2476 4280 2637 4330; x_wconf 87' lang='grc' dir='ltr'>θυσίά</span> <span class='ocrx_word' id='word_1_720' title='bbox 2666 4278 2781 4331; x_wconf 81' lang='grc' dir='ltr'>ἐστὶ</span> <span class='ocrx_word' id='word_1_721' title='bbox 2820 4282 2970 4338; x_wconf 82' lang='grc' dir='ltr'>καὶὴ</span> <span class='ocrx_word' id='word_1_722' title='bbox 3020 4284 3152 4355; x_wconf 92' lang='grc' dir='ltr'>πρός</span> <span class='ocrx_word' id='word_1_723' title='bbox 3207 4286 3294 4334; x_wconf 89' lang='grc' dir='ltr'>τόν</span> <span class='ocrx_word' id='word_1_724' title='bbox 3350 4280 3567 4355; x_wconf 87' lang='grc' dir='ltr'>ἀδελφὸν</span> <span class='ocrx_word' id='word_1_725' title='bbox 3620 4283 3941 4352; x_wconf 69' lang='grc' dir='ltr'>καταλλαγὴ,</span> 
     </span>
    </p>
   </div>
   <div class='ocr_carea' id='block_1_102' title="bbox 2341 4366 3640 4445">
    <p class='ocr_par' dir='ltr' id='par_1_102' title="bbox 2341 4366 3640 4445">
     <span class='ocr_line' id='line_1_102' title="bbox 2341 4366 3640 4445; baseline 0.006 -27"><span class='ocrx_word' id='word_1_726' title='bbox 2341 4372 2430 4419; x_wconf 83' lang='grc' dir='ltr'>καὶ</span> <span class='ocrx_word' id='word_1_727' title='bbox 2462 4372 2628 4442; x_wconf 80' lang='grc' dir='ltr'>χωρὶς</span> <span class='ocrx_word' id='word_1_728' title='bbox 2659 4368 2850 4429; x_wconf 68' lang='grc' dir='ltr'>ταύτης</span> <span class='ocrx_word' id='word_1_729' title='bbox 2879 4366 3003 4421; x_wconf 63' lang='grc' dir='ltr'>οὐδὲ</span> <span class='ocrx_word' id='word_1_730' title='bbox 3034 4368 3228 4428; x_wconf 83' lang='grc' dir='ltr'>ἐκείνην</span> <span class='ocrx_word' id='word_1_731' title='bbox 3259 4368 3640 4445; x_wconf 84' lang='grc' dir='ltr'>προσδέχεται.</span> 
     </span>
    </p>
   </div>
   <div class='ocr_carea' id='block_1_103' title="bbox 2414 4454 3939 4533">
    <p class='ocr_par' dir='ltr' id='par_1_103' title="bbox 2414 4454 3939 4533">
     <span class='ocr_line' id='line_1_103' title="bbox 2414 4454 3939 4533; baseline 0.004 -24"><span class='ocrx_word' id='word_1_732' title='bbox 2414 4461 2609 4509; x_wconf 86' lang='grc' dir='ltr'>Λοιπὸν</span> <span class='ocrx_word' id='word_1_733' title='bbox 2646 4454 2753 4521; x_wconf 81' lang='grc' dir='ltr'>οὖν,</span> <span class='ocrx_word' id='word_1_734' title='bbox 2786 4456 2880 4509; x_wconf 82' lang='grc' dir='ltr'>κᾶν</span> <span class='ocrx_word' id='word_1_735' title='bbox 2918 4458 3075 4529; x_wconf 77' lang='grc' dir='ltr'>ὕμνον</span> <span class='ocrx_word' id='word_1_736' title='bbox 3124 4462 3402 4533; x_wconf 78' lang='grc' dir='ltr'>προσάγῃς</span> <span class='ocrx_word' id='word_1_737' title='bbox 3430 4466 3561 4531; x_wconf 84' lang='grc' dir='ltr'>Θεῷ,</span> <span class='ocrx_word' id='word_1_738' title='bbox 3613 4461 3709 4513; x_wconf 80' lang='grc' dir='ltr'>κᾶν</span> <span class='ocrx_word' id='word_1_739' title='bbox 3766 4461 3939 4532; x_wconf 72' lang='grc' dir='ltr'>εὐχήν,</span> 
     </span>
    </p>
   </div>
   <div class='ocr_carea' id='block_1_104' title="bbox 2341 4546 3938 4626">
    <p class='ocr_par' dir='ltr' id='par_1_104' title="bbox 2341 4546 3938 4626">
     <span class='ocr_line' id='line_1_104' title="bbox 2341 4546 3938 4626; baseline 0.004 -30"><span class='ocrx_word' id='word_1_740' title='bbox 2341 4550 2429 4597; x_wconf 88' lang='grc' dir='ltr'>καὶ</span> <span class='ocrx_word' id='word_1_741' title='bbox 2483 4553 2649 4597; x_wconf 77' lang='grc' dir='ltr'>ταῦτα</span> <span class='ocrx_word' id='word_1_742' title='bbox 2698 4548 2799 4620; x_wconf 84' lang='grc' dir='ltr'>γὰρ</span> <span class='ocrx_word' id='word_1_743' title='bbox 2852 4549 3012 4599; x_wconf 90' lang='grc' dir='ltr'>θυσία</span> <span class='ocrx_word' id='word_1_744' title='bbox 3065 4547 3176 4600; x_wconf 87' lang='grc' dir='ltr'>ἐστι</span> <span class='ocrx_word' id='word_1_745' title='bbox 3209 4568 3223 4582; x_wconf 75' lang='grc' dir='ltr'><strong>ο</strong></span> <span class='ocrx_word' id='word_1_746' title='bbox 3257 4546 3350 4602; x_wconf 82' lang='grc' dir='ltr'>κᾶν</span> <span class='ocrx_word' id='word_1_747' title='bbox 3406 4552 3576 4602; x_wconf 81' lang='grc' dir='ltr'>ὁτιοῦν</span> <span class='ocrx_word' id='word_1_748' title='bbox 3632 4551 3820 4626; x_wconf 82' lang='grc' dir='ltr'>ἕτερον,</span> <span class='ocrx_word' id='word_1_749' title='bbox 3872 4549 3938 4619; x_wconf 74' lang='grc' dir='ltr'>μὴ</span> 
     </span>
    </p>
   </div>
   <div class='ocr_carea' id='block_1_105' title="bbox 2340 4632 3942 4711">
    <p class='ocr_par' dir='ltr' id='par_1_105' title="bbox 2340 4632 3942 4711">
     <span class='ocr_line' id='line_1_105' title="bbox 2340 4632 3942 4711; baseline 0.001 -26"><span class='ocrx_word' id='word_1_750' title='bbox 2340 4633 2726 4695; x_wconf 85' lang='grc' dir='ltr'>ἀκατάλλακτος</span> <span class='ocrx_word' id='word_1_751' title='bbox 2778 4643 2945 4688; x_wconf 83' lang='grc' dir='ltr'>ταῦτα</span> <span class='ocrx_word' id='word_1_752' title='bbox 3013 4640 3375 4711; x_wconf 76' lang='grc' dir='ltr'>προσαγάγῃς,</span> <span class='ocrx_word' id='word_1_753' title='bbox 3430 4636 3601 4709; x_wconf 81' lang='grc' dir='ltr'>εἰδὼς,</span> <span class='ocrx_word' id='word_1_754' title='bbox 3664 4642 3743 4693; x_wconf 80' lang='grc' dir='ltr'>ὅτι</span> <span class='ocrx_word' id='word_1_755' title='bbox 3799 4632 3942 4690; x_wconf 73' lang='grc' dir='ltr'>οὐδὲν</span> 
     </span>
    </p>
   </div>
   <div class='ocr_carea' id='block_1_106' title="bbox 2339 4721 3942 4801">
    <p class='ocr_par' dir='ltr' id='par_1_106' title="bbox 2339 4721 3942 4801">
     <span class='ocr_line' id='line_1_106' title="bbox 2339 4721 3942 4801; baseline -0.001 -25"><span class='ocrx_word' id='word_1_756' title='bbox 2339 4721 2686 4796; x_wconf 81' lang='grc' dir='ltr'>προσδέξεται</span> <span class='ocrx_word' id='word_1_757' title='bbox 2715 4727 2929 4783; x_wconf 86' lang='grc' dir='ltr'>τούτων,</span> <span class='ocrx_word' id='word_1_758' title='bbox 2967 4727 3110 4798; x_wconf 82' lang='grc' dir='ltr'>εἰμὴ</span> <span class='ocrx_word' id='word_1_759' title='bbox 3162 4736 3365 4800; x_wconf 83' lang='grc' dir='ltr'>πρῶτον</span> <span class='ocrx_word' id='word_1_760' title='bbox 3418 4725 3724 4801; x_wconf 77' lang='grc' dir='ltr'>διαλλαγῇς,</span> <span class='ocrx_word' id='word_1_761' title='bbox 3776 4722 3942 4779; x_wconf 82' lang='grc' dir='ltr'>Ἀδιο-</span> 
     </span>
    </p>
   </div>
   <div class='ocr_carea' id='block_1_107' title="bbox 2338 4810 3942 4890">
    <p class='ocr_par' dir='ltr' id='par_1_107' title="bbox 2338 4810 3942 4890">
     <span class='ocr_line' id='line_1_107' title="bbox 2338 4810 3942 4890; baseline 0.001 -26"><span class='ocrx_word' id='word_1_762' title='bbox 2338 4819 2529 4882; x_wconf 85' lang='grc' dir='ltr'>ρίστως</span> <span class='ocrx_word' id='word_1_763' title='bbox 2587 4810 2646 4866; x_wconf 78' lang='grc' dir='ltr'>δὲ</span> <span class='ocrx_word' id='word_1_764' title='bbox 2705 4818 2791 4866; x_wconf 82' lang='grc' dir='ltr'>καὶ</span> <span class='ocrx_word' id='word_1_765' title='bbox 2846 4817 2972 4889; x_wconf 86' lang='grc' dir='ltr'>πρὸς</span> <span class='ocrx_word' id='word_1_766' title='bbox 3026 4819 3111 4867; x_wconf 88' lang='grc' dir='ltr'>τὸν</span> <span class='ocrx_word' id='word_1_767' title='bbox 3162 4814 3497 4874; x_wconf 78' lang='grc' dir='ltr'>ἀδικήσαντα</span> <span class='ocrx_word' id='word_1_768' title='bbox 3559 4820 3584 4870; x_wconf 90' lang='grc' dir='ltr'>ό</span> <span class='ocrx_word' id='word_1_769' title='bbox 3638 4818 3809 4890; x_wconf 81' lang='grc' dir='ltr'>λόγος,</span> <span class='ocrx_word' id='word_1_770' title='bbox 3859 4816 3942 4865; x_wconf 87' lang='grc' dir='ltr'>καὶ</span> 
     </span>
    </p>
   </div>
   <div class='ocr_carea' id='block_1_108' title="bbox 2338 4905 3932 4974">
    <p class='ocr_par' dir='ltr' id='par_1_108' title="bbox 2338 4905 3932 4974">
     <span class='ocr_line' id='line_1_108' title="bbox 2338 4905 3932 4974; baseline 0.001 -21"><span class='ocrx_word' id='word_1_771' title='bbox 2338 4906 2465 4974; x_wconf 86' lang='grc' dir='ltr'>πρὸς</span> <span class='ocrx_word' id='word_1_772' title='bbox 2519 4906 2604 4953; x_wconf 81' lang='grc' dir='ltr'>τὸν</span> <span class='ocrx_word' id='word_1_773' title='bbox 2655 4911 2829 4963; x_wconf 89' lang='grc' dir='ltr'>κακῶς</span> <span class='ocrx_word' id='word_1_774' title='bbox 2874 4907 3183 4957; x_wconf 82' lang='grc' dir='ltr'>πεπονθότα.</span> <span class='ocrx_word' id='word_1_775' title='bbox 3251 4912 3351 4958; x_wconf 83' lang='grc' dir='ltr'>Καὶ</span> <span class='ocrx_word' id='word_1_776' title='bbox 3409 4906 3454 4959; x_wconf 85' lang='grc' dir='ltr'>εἰ</span> <span class='ocrx_word' id='word_1_777' title='bbox 3508 4912 3595 4963; x_wconf 72' lang='grc' dir='ltr'>μὲν</span> <span class='ocrx_word' id='word_1_778' title='bbox 3644 4915 3815 4967; x_wconf 85' lang='grc' dir='ltr'>κακῶς</span> <span class='ocrx_word' id='word_1_779' title='bbox 3854 4905 3932 4954; x_wconf 85' lang='grc' dir='ltr'>πέ-</span> 
     </span>
    </p>
   </div>
   <div class='ocr_carea' id='block_1_109' title="bbox 2290 4990 3935 5069">
    <p class='ocr_par' dir='ltr' id='par_1_109' title="bbox 2290 4990 3935 5069">
     <span class='ocr_line' id='line_1_109' title="bbox 2290 4990 3935 5069; baseline 0.004 -28"><span class='ocrx_word' id='word_1_780' title='bbox 2290 5058 2297 5063; x_wconf 30' lang='grc'>,</span> <span class='ocrx_word' id='word_1_781' title='bbox 2336 4993 2547 5059; x_wconf 79' lang='grc' dir='ltr'>πονθας,</span> <span class='ocrx_word' id='word_1_782' title='bbox 2583 4993 2704 5063; x_wconf 83' lang='grc' dir='ltr'>ἄφες</span> <span class='ocrx_word' id='word_1_783' title='bbox 2736 4992 2876 5063; x_wconf 70' lang='grc' dir='ltr'>αὐτῷ</span> <span class='ocrx_word' id='word_1_784' title='bbox 2913 4997 3004 5051; x_wconf 81' lang='grc' dir='ltr'>τὴν</span> <span class='ocrx_word' id='word_1_785' title='bbox 3038 4990 3270 5055; x_wconf 87' lang='grc' dir='ltr'>ἀδικίαν,</span> <span class='ocrx_word' id='word_1_786' title='bbox 3320 5000 3408 5047; x_wconf 86' lang='grc' dir='ltr'>καὶ</span> <span class='ocrx_word' id='word_1_787' title='bbox 3462 5001 3897 5069; x_wconf 80' lang='grc' dir='ltr'>συγγνωμόνησον</span> <span class='ocrx_word' id='word_1_788' title='bbox 3926 5006 3935 5017; x_wconf 85' lang='grc'><em>³</em></span> 
     </span>
    </p>
   </div>
   <div class='ocr_carea' id='block_1_110' title="bbox 2337 5076 3938 5156">
    <p class='ocr_par' dir='ltr' id='par_1_110' title="bbox 2337 5076 3938 5156">
     <span class='ocr_line' id='line_1_110' title="bbox 2337 5076 3938 5156; baseline 0.003 -25"><span class='ocrx_word' id='word_1_789' title='bbox 2337 5081 2379 5131; x_wconf 83' lang='grc' dir='ltr'>εἰ</span> <span class='ocrx_word' id='word_1_790' title='bbox 2433 5076 2492 5131; x_wconf 74' lang='grc' dir='ltr'>δὲ</span> <span class='ocrx_word' id='word_1_791' title='bbox 2550 5078 2841 5149; x_wconf 78' lang='grc' dir='ltr'>ἠδίκησας,</span> <span class='ocrx_word' id='word_1_792' title='bbox 2898 5084 3211 5156; x_wconf 89' lang='grc' dir='ltr'>θεράπευσον</span> <span class='ocrx_word' id='word_1_793' title='bbox 3257 5088 3349 5141; x_wconf 76' lang='grc' dir='ltr'>τὴν</span> <span class='ocrx_word' id='word_1_794' title='bbox 3398 5081 3634 5149; x_wconf 84' lang='grc' dir='ltr'>ἀδικίαν,</span> <span class='ocrx_word' id='word_1_795' title='bbox 3692 5089 3779 5137; x_wconf 89' lang='grc' dir='ltr'>καὶ</span> <span class='ocrx_word' id='word_1_796' title='bbox 3831 5078 3938 5153; x_wconf 64' lang='grc'>(64)</span> 
     </span>
    </p>
   </div>
   <div class='ocr_carea' id='block_1_111' title="bbox 2334 5166 3934 5249">
    <p class='ocr_par' dir='ltr' id='par_1_111' title="bbox 2334 5166 3934 5249">
     <span class='ocr_line' id='line_1_111' title="bbox 2334 5166 3934 5249; baseline 0.001 -28"><span class='ocrx_word' id='word_1_797' title='bbox 2334 5166 2499 5241; x_wconf 75' lang='grc' dir='ltr'>μηδὲν</span> <span class='ocrx_word' id='word_1_798' title='bbox 2580 5169 2840 5243; x_wconf 43' lang='lat' dir='ltr'>mare“,</span> <span class='ocrx_word' id='word_1_799' title='bbox 2917 5172 3018 5224; x_wconf 88' lang='grc' dir='ltr'>ὅσα</span> <span class='ocrx_word' id='word_1_800' title='bbox 3098 5176 3225 5249; x_wconf 86' lang='grc' dir='ltr'>πρὸς</span> <span class='ocrx_word' id='word_1_801' title='bbox 3302 5173 3626 5248; x_wconf 87' lang='grc' dir='ltr'>καταλλαγὴν</span> <span class='ocrx_word' id='word_1_802' title='bbox 3686 5178 3934 5248; x_wconf 87' lang='grc' dir='ltr'>φέρουσιν.</span> 
     </span>
    </p>
   </div>
   <div class='ocr_carea' id='block_1_112' title="bbox 1863 5373 2826 5447">
    <p class='ocr_par' dir='ltr' id='par_1_112' title="bbox 1863 5373 2826 5447">
     <span class='ocr_line' id='line_1_112' title="bbox 1863 5373 2826 5447; baseline 0.004 -5"><span class='ocrx_word' id='word_1_803' title='bbox 1863 5373 2087 5442; x_wconf 70' lang='lat' dir='ltr'>Variae</span> <span class='ocrx_word' id='word_1_804' title='bbox 2124 5374 2456 5444; x_wconf 89' lang='lat' dir='ltr'>lectiones</span> <span class='ocrx_word' id='word_1_805' title='bbox 2515 5385 2581 5444; x_wconf 89' lang='lat' dir='ltr'>et</span> <span class='ocrx_word' id='word_1_806' title='bbox 2621 5385 2826 5447; x_wconf 65' lang='lat' dir='ltr'>notae.</span> 
     </span>
    </p>
   </div>
   <div class='ocr_carea' id='block_1_113' title="bbox 633 5590 2221 5673">
    <p class='ocr_par' dir='ltr' id='par_1_113' title="bbox 633 5590 2221 5673">
     <span class='ocr_line' id='line_1_113' title="bbox 633 5590 2221 5673; baseline 0.006 -28"><span class='ocrx_word' id='word_1_807' title='bbox 791 5598 1005 5673; x_wconf 84' lang='grc' dir='ltr'>μερικαὶ</span> <span class='ocrx_word' id='word_1_808' title='bbox 1065 5610 1207 5673; x_wconf 89' lang='lat' dir='ltr'>non_</span> <span class='ocrx_word' id='word_1_809' title='bbox 1239 5600 1396 5653; x_wconf 90' lang='lat' dir='ltr'>recte</span> <span class='ocrx_word' id='word_1_810' title='bbox 1457 5597 1781 5673; x_wconf 82' lang='lat' dir='ltr'>opponitur</span> <span class='ocrx_word' id='word_1_811' title='bbox 1836 5608 1907 5650; x_wconf 85' lang='grc' dir='ltr'>τῶ</span> <span class='ocrx_word' id='word_1_812' title='bbox 1981 5604 2221 5673; x_wconf 77' lang='grc' dir='ltr'>μεγάλαι.</span> 
     </span>
    </p>
   </div>
   <div class='ocr_carea' id='block_1_114' title="bbox 560 5661 1911 5746">
    <p class='ocr_par' dir='ltr' id='par_1_114' title="bbox 560 5661 1911 5746">
     <span class='ocr_line' id='line_1_114' title="bbox 560 5661 1911 5746; baseline 0.006 -31"><span class='ocrx_word' id='word_1_813' title='bbox 560 5661 878 5718; x_wconf 81' lang='lat' dir='ltr'>Hentenius</span> <span class='ocrx_word' id='word_1_814' title='bbox 906 5679 1133 5733; x_wconf 66' lang='lat' dir='ltr'>parvae.</span> <span class='ocrx_word' id='word_1_815' title='bbox 1166 5668 1336 5725; x_wconf 88' lang='lat' dir='ltr'>Forte</span> <span class='ocrx_word' id='word_1_816' title='bbox 1372 5661 1518 5739; x_wconf 73' lang='lat' dir='ltr'>ergo</span> <span class='ocrx_word' id='word_1_817' title='bbox 1543 5661 1698 5741; x_wconf 60' lang='lat' dir='ltr'>&#39;legit</span> <span class='ocrx_word' id='word_1_818' title='bbox 1726 5677 1911 5746; x_wconf 89' lang='grc' dir='ltr'>μικραί</span> 
     </span>
    </p>
   </div>
   <div class='ocr_carea' id='block_1_115' title="bbox 2411 5602 3933 5681">
    <p class='ocr_par' dir='ltr' id='par_1_115' title="bbox 2411 5602 3933 5681">
     <span class='ocr_line' id='line_1_115' title="bbox 2411 5602 3933 5681; baseline -0.002 -25"><span class='ocrx_word' id='word_1_819' title='bbox 2411 5602 2946 5681; x_wconf 34' lang='lat' dir='ltr'>(fitiﬁegl‘igentius</span> <span class='ocrx_word' id='word_1_820' title='bbox 2981 5603 3105 5659; x_wconf 76' lang='lat' dir='ltr'>haec</span> <span class='ocrx_word' id='word_1_821' title='bbox 3147 5604 3364 5679; x_wconf 83' lang='lat' dir='ltr'>scripta</span> <span class='ocrx_word' id='word_1_822' title='bbox 3395 5611 3553 5674; x_wconf 88' lang='lat' dir='ltr'>sunt,</span> <span class='ocrx_word' id='word_1_823' title='bbox 3609 5609 3933 5681; x_wconf 80' lang='grc' dir='ltr'>θεράπευσον-</span> 
     </span>
    </p>
   </div>
   <div class='ocr_carea' id='block_1_116' title="bbox 2336 5670 2942 5746">
    <p class='ocr_par' dir='ltr' id='par_1_116' title="bbox 2336 5670 2942 5746">
     <span class='ocr_line' id='line_1_116' title="bbox 2336 5670 2942 5746; baseline 0.008 -22"><span class='ocrx_word' id='word_1_824' title='bbox 2336 5692 2408 5745; x_wconf 90' lang='grc' dir='ltr'>μη</span> <span class='ocrx_word' id='word_1_825' title='bbox 2419 5670 2510 5725; x_wconf 78' lang='grc' dir='ltr'>δὲν</span> <span class='ocrx_word' id='word_1_826' title='bbox 2530 5673 2733 5746; x_wconf 68' lang='grc' dir='ltr'>ἐλλείψῃ</span> <span class='ocrx_word' id='word_1_827' title='bbox 2747 5695 2788 5744; x_wconf 88' lang='grc' dir='ltr'>ς,</span> <span class='ocrx_word' id='word_1_828' title='bbox 2822 5676 2942 5730; x_wconf 82' lang='grc' dir='ltr'>ὅσα.</span> 
     </span>
    </p>
   </div>
  </div>
