4098 6408
310 342 406 401 313
1362 344 1727 404 COMMENT.
1768 347 1842 404 IN
1881 347 2311 407 MATTHEUM.
2348 379 2416 390 —
2446 348 2601 407 CAP.
2641 347 2715 406 V.
3591 347 3696 408 214

308 466 551 534 Ἐδίδαξε
586 473 781 540 τοίνυν,
816 471 901 524 ὅτι
929 471 993 523 οὗ
1024 474 1054 532 ἠ
1111 473 1269 525 θυσία
1318 468 1390 525 δι’
1421 473 1618 547 ἔχθραν
1657 472 1904 548 ἁπρόσδε·

2025 474 2323 550 relinquas
2352 491 2563 532 eorum
2591 491 2727 549 quae
2758 474 2838 532 ad
2856 472 3409 532 reconciliationem
3434 472 3687 532 faciunt.

309 578 443 623 ιτος,
476 563 659 613 τούτου
697 563 788 613 καὶ
815 562 842 613 6
876 559 997 634 βίος
1026 560 1164 625 ἄπας
1196 558 1485 635 βδελυκτός
1514 562 1629 617 ἐστι
1664 572 1735 635 τῷ
1778 572 1904 637 Θεῷ⁴

2025 566 2232 622 Docuit
2270 566 2465 638 igitur,
2507 565 2667 638 quod
2700 566 2869 636 cujus
2906 564 3266 620 sacriticium
3306 569 3546 635 propter
3584 564 3693 620 ini-

2025 654 2314 711 micitiam
2341 670 2459 711 non
2494 654 2834 727 suscipitur,
2861 654 3036 727 hujus
3067 670 3311 727 quoque
3341 654 3458 710 vita
3493 652 3690 710 omnis

2024 736 2143 791 Deo
2170 740 2258 792 est
2288 735 2738 793 abominabilis.

377 814 516 865 Ἱσθι
546 843 617 852 -
645 808 965 885 κοδράντην.
998 810 1315 886 [Ἂντίδικόν
1347 812 1464 884 (65)
1514 832 1641 874 τινες
1684 818 1741 866 τό
1800 835 1904 868 συν·

2099 826 2256 881 Vers.
2288 825 2376 879 25.
2414 824 2552 881 Esto
2585 855 2651 863 —-
2681 824 2754 880 V.
2803 825 2889 879 26.
2938 824 3348 895 quadrantem.
3392 824 3432 895 -ι-
3472 822 3688 879 Adver-

307 898 446 964 ειδὸς
492 901 729 973 λέγουσι,
771 904 842 964 ὡς
891 900 1232 976 ἀντικείμενον
1273 901 1350 955 ἀεὶ
1398 910 1472 974 τῷ
1510 912 1719 974 πονηρῷ
1775 905 1904 964 θελή-

2025 913 2244 969 sarium
2277 913 2529 985 quidam
2567 912 2995 968 conscientiam
3036 913 3259 978 dicunt,
3289 912 3468 984 quasi
3508 912 3685 968 malae

304 1011 455 1064 ματι,
490 996 582 1043 καὶ.
629 1000 961 1065 κατηγοροῦν
991 1000 1084 1045 τοῦ
1136 995 1407 1054 ποιοῦντος
1449 994 1507 1045 τὸ
1550 996 1709 1046 κακόν
1739 1012 1751 1025 ·
1792 991 1904 1048 ὁδὸν

2025 1001 2313 1059 voluntati
2352 1018 2585 1074 semper
2619 1001 2960 1073 oppositam
3006 1006 3061 1057 et
3105 1004 3481 1057 accusantem
3522 1015 3685 1067 eum,

307 1076 382 1151 ὢ,
438 1084 527 1132 τόν
582 1086 818 1156 παρόντα
881 1080 1022 1154 βίον,
1078 1082 1118 1152 ᾧ
1181 1086 1289 1155 χρὴ
1343 1080 1528 1135 εύνοεῖν
1585 1082 1700 1153 (66)
1754 1085 1904 1155 ἤγουν

2025 1091 2126 1163 qui
2156 1090 2311 1147 male
2341 1096 2655 1163 operatur;
2680 1089 2831 1145 viam
2854 1096 3075 1158 autem,
3104 1094 3459 1163 praesentem
3487 1090 3673 1145 vitam

304 1172 600 1241 πείθεσθαι,
662 1174 732 1223 τὰ
792 1173 884 1244 μεν
945 1170 1080 1224 καλὰ
1134 1169 1477 1243 ἐπιτρέποντι,
1539 1171 1649 1241 (67)
1706 1179 1805 1223 τῶν
1855 1169 1904 1227 δὲ

2025 1180 2081 1235 in
2121 1195 2245 1253 qua
2272 1178 2637 1236 benevolum
2685 1194 2817 1234 esse
2857 1183 3084 1251 oportet
3114 1179 3238 1234 sive
3285 1179 3683 1246 obedientem,

302 1269 476 1311 κακῶν
502 1258 669 1334 ἁποτρ
676 1259 901 1333 ἕποντα]

2025 1268 2278 1325 honesta
2306 1268 2673 1333 concedenti,
2704 1272 2762 1323 et
2791 1284 2827 1323 a
2859 1268 3032 1323 malis
3057 1267 3394 1324 deterrenti.

372 1348 576 1425 Ὠσπερ
642 1352 787 1403 εῖωθε
861 1353 1167 1425 προτρέπειν
1234 1349 1307 1412 εἰς
1373 1348 1582 1422 ἀρετὴν,
1642 1349 1699 1402 ού
1760 1354 1904 1423 μόνον

2098 1357 2610 1423 Quemadmodum
2642 1356 2719 1412 ad
2750 1356 3027 1413 virtutem
3046 1357 3345 1413 exhortari
3370 1356 3540 1421 solet,
3566 1372 3684 1413 non

302 1437 401 1490 ἀπὸ
456 1448 558 1490 τῶν
617 1438 925 1511 μελλόντων,
977 1437 1105 1491 ἀλλὰ
1161 1443 1249 1491 καὶ
1318 1436 1421 1491 ἀπὸ
1473 1446 1573 1490 τῶν
1624 1442 1904 1513 παρόντων¹

2025 1446 2221 1502 solum
2252 1462 2356 1518 per
2386 1463 2456 1501 ea
2482 1463 2613 1517 qua:
2640 1444 2834 1501 futura
2867 1449 3021 1509 sunt,
3054 1446 3157 1501 sed
3189 1446 3369 1502 etiam
3398 1462 3504 1519 per
3536 1460 3684 1517 prae-

300 1530 472 1589 καθὼς
516 1527 567 1581 ἓν
622 1535 732 1589 τοῖς
779 1531 1149 1603 Μακαρὶσμοῖς
1206 1527 1481 1601 εἰρήκαμεν
1515 1544 1528 1556 ·
1568 1528 1703 1580 ούτω
1759 1528 1904 1581 πάλιν

2025 1537 2230 1605 sentia,
2259 1536 2409 1591 sicut
2428 1536 2489 1589 in
2514 1534 2983 1591 Beatitudinibus
3004 1534 3267 1590 diximus
3293 1551 3303 1589 :
3341 1535 3423 1591 ita
3443 1550 3683 1590 rursum

301 1620 477 1670 εἴωθεν
531 1616 843 1692 ἀποτρέπειν
901 1624 993 1678 τῆς
1061 1620 1270 1687 κακίας,
1331 1616 1391 1670 ού
1446 1620 1598 1689 μόνον
1657 1614 1758 1669 ἀπὸ
1812 1624 1904 1668 τῶν

2025 1640 2059 1681 a
2087 1625 2250 1681 malo
2291 1624 2438 1681 solet
2477 1629 2758 1687 avertere,
2795 1639 2916 1680 non
2948 1640 3051 1695 per
3083 1622 3281 1681 futura
3314 1624 3533 1689 solum,
3576 1624 3685 1681 sed

300 1706 608 1778 μελλόντων,
656 1705 784 1759 ἀλλὰ
834 1711 925 1759 καὶ
975 1704 1076 1759 ἀπὸ
1122 1715 1221 1759 τῶν
1263 1710 1550 1781 παρόντων.
1586 1704 1904 1781 Ἀποτρέψας

2025 1715 2201 1770 etiam
2232 1730 2338 1786 per
2368 1714 2704 1785 praesentia.
2725 1714 3044 1785 Postquam
3072 1713 3233 1768 enim
3258 1712 3332 1768 ab
3351 1713 3492 1769 odio
3518 1728 3682 1769 revo-

300 1799 405 1867 γὰρ
461 1803 555 1856 τῆς
608 1797 828 1871 ἔχθρας,
881 1792 976 1848 διὰ
1030 1804 1125 1857 τῆς
1189 1795 1477 1867 μελλούσης
1540 1799 1766 1867 γεέννης,
1822 1802 1904 1847 νῦν

2025 1803 2178 1859 cavit
2205 1818 2310 1874 per
2341 1802 2599 1858 futuram
2616 1802 2957 1874 gehennam
2979 1818 2994 1857 :
3018 1817 3179 1857 nunc
3202 1802 3361 1857 idem
3376 1802 3683 1857 dissuadet

305 1883 584 1959 ἀποτρέπει
630 1887 830 1945 ταύτης
875 1889 968 1937 καὶ
1025 1883 1185 1956 φοϐεῖ,
1236 1890 1326 1937 καὶ
1380 1883 1475 1937 διὰ
1519 1890 1610 1937 τοῦ
1660 1888 1904 1958 παρόντος

2025 1897 2076 1948 et
2106 1893 2330 1948 territat
2355 1908 2460 1964 per
2480 1898 2834 1964 prmsentem
2859 1892 3149 1963 judicem,
3173 1896 3229 1947 et
3261 1908 3332 1948 ea
3363 1908 3497 1963 quae
3531 1908 3681 1964 quo-

303 1982 503 2049 κριτοῦ,
546 1979 638 2028 καὶ
692 1983 792 2027 τῶν
844 1975 1169 2031 καθεκάστην
1224 1977 1523 2048 γινομένων.
1580 1978 1745 2033 Φησὶν
1798 1970 1904 2038 οὖν,

2025 1981 2159 2038 tidie
2183 1981 2480 2038 accidunt.
2510 1981 2657 2036 Dicit
2678 1996 2815 2052 ergo
2840 1997 2850 2034 :
2892 1981 2947 2037 Si
2969 1981 3149 2036 etiam
3173 1980 3250 2036 ad
3281 1980 3541 2037 tribunal
3568 1988 3685 2038 tra-

297 2065 377 2115 ὃτι
412 2070 515 2117 Καὶ
550 2062 635 2115 ἐὰν
668 2063 777 2135 (68)
824 2063 898 2125 εἰς
944 2060 1290 2138 δικαστήριον
1339 2062 1616 2134 ὓκυσθῇς,
1665 2063 1777 2114 ἴσθι
1820 2062 1904 2114 εύ-

2025 2070 2199 2140 haris,
2230 2077 2356 2127 esto
2384 2070 2698 2127 benevolus
2729 2086 2872 2139 erga
2898 2070 3303 2126 adversarium
3346 2075 3534 2135 tuum,
3568 2070 3681 2127 hoc

294 2161 423 2204 νοῶν
456 2162 530 2222 τῷ
589 2150 847 2223 ακτιδίκῳ
898 2171 1013 2223 σου,
1048 2156 1304 2218 τουτέστι,
1363 2155 1509 2223 γένου
1560 2154 1729 2211 εὔνους
1767 2151 1904 2223 αύτῷ

2025 2160 2371 2233 cst,ﬁasipsi
2394 2161 2647 2226 amicus,
2674 2160 3153 2232 quandocunque
3179 2176 3309 2214 cum
3342 2160 3474 2230 ipso
3500 2158 3682 2215 fueris

294 2248 384 2295 καὶ
418 2241 582 2313 φιλος,
616 2240 663 2293 ἕν
696 2243 801 2313 ὅσῳ
849 2242 1132 2313 τυγχάνεις
1160 2240 1207 2292 ἐν
1238 2248 1299 2314 τῇ
1334 2236 1442 2312 ὀδῷ
1473 2239 1582 2314 μετ’
1627 2240 1808 2305 αὐτοῦ,
1842 2247 1903 2312 τῇ

2025 2250 2077 2305 in
2110 2250 2225 2316 via,
2257 2266 2393 2322 quas
2424 2255 2475 2305 te
2505 2250 2666 2305 ducit
2690 2249 2761 2303 ad
2783 2249 3050 2320 judicem
3084 2272 3095 2303 :
3133 2250 3489 2321 priusquam
3519 2249 3684 2305 vide-

295 2335 422 2407 πρὸς
463 2335 552 2383 τὸν
600 2327 862 2389 δικαστὴν
908 2332 1158 2403 φερούσῃ,
1214 2331 1239 2382 6
1284 2328 1417 2397 ἐστι,
1471 2332 1571 2405 πρὸ
1618 2336 1710 2381 τοῦ
1750 2327 1904 2381 ἐλθεῖν

2025 2339 2155 2394 licet
2194 2339 2266 2395 ad
2305 2339 2571 2408 judicem
2623 2339 2849 2402 venias,
2885 2343 3025 2394 tunc
3074 2338 3234 2393 enim
3267 2338 3373 2393 tibi
3412 2337 3547 2393 licet
3593 2353 3680 2394 re-

296 2421 361 2483 εἰς
392 2425 483 2472 τόν
539 2416 818 2477 δικαστήν.
849 2418 1061 2482 Ἔξεστι
1107 2421 1208 2492 γάρ
1255 2438 1343 2471 σοι
1380 2425 1670 2476 τηνικαῦτα
1715 2417 1904 2470 κατα).-

2025 2426 2314 2483 conciliari
2349 2427 2714 2483 exsolvendo
2751 2428 3057 2499 pecunias,
3099 2442 3254 2498 quas
3305 2429 3492 2483 Lucas
3532 2426 3683 2501 ἔργα·

292 2510 540 2582 λαγῆναι,
605 2515 865 2582 χρήματα
924 2506 1375 2581 καταϐαλλομένῳ,
1429 2508 1557 2582 οἱπερ
1615 2508 1640 2559 6
1700 2513 1904 2571 Λουκᾶς

2025 2522 2158 2581 σίαν,
2190 2516 2251 2571 id
2283 2522 2388 2584 est,
2431 2532 2674 2588 operam
2726 2514 2871 2572 dixit
2898 2517 2966 2581 οδ,
2996 2516 3140 2588 quia
3170 2523 3493 2586 operantur
3542 2531 3680 2587 quas

292 2600 417 2671 (69)
460 2599 717 2673 ἐργασίαν
749 2597 1009 2667 ἐκάλεσεν,
1055 2600 1124 2659 ὡς
1150 2596 1490 2669 ἐργαζόμενα,
1524 2598 1549 2649 6
1588 2596 1903 2669 βουλόμεθα,

2025 2602 2315 2669 volumus,
2369 2619 2436 2659 ac
2475 2602 2787 2675 perﬁciunt
2842 2600 3010 2675 quod
3048 2608 3352 2675 optamus.
3397 2605 3574 2673 (Nam
3626 2607 3683 2659 et

294 2695 387 2741 καὶ
429 2686 655 2740 ἀνύοντα
682 2690 742 2739 τό
786 2682 1232 2758 σπουδαζόμενον.
1279 2692 1534 2762 Κρεῖσσον
1562 2688 1663 2761 γὰρ
1699 2687 1904 2759 ζημιω-

2025 2692 2243 2767 ἓργασία
2269 2693 2346 2749 ab
2377 2692 2668 2767 ἐργάζομαι
2721 2693 2955 2759 dicitur,
3000 2692 3154 2748 sicut
3200 2708 3385 2764 opera
3425 2692 3503 2748 ab
3543 2707 3684 2764 ope-

298 2780 474 2845 θῆναι,
534 2778 564 2836 ἣ
620 2773 968 2834 δικασθῆναι.
1017 2778 1311 2849 Ζημιωθεὶς
1364 2778 1454 2847 μὲν
1506 2777 1606 2847 γὰρ
1667 2771 1762 2827 διὰ
1812 2779 1904 2834 τὴν

2025 2782 2257 2853 rando.)
2314 2782 2513 2837 Melius
2569 2786 2657 2838 est
2702 2782 2861 2837 enim
2930 2781 3200 2837 debitum
3248 2782 3371 2837 sive
3425 2780 3683 2837 multam

294 2866 530 2939 ἀγάπην,
576 2871 699 2941 τρία
734 2862 1002 2939 κερδανεῖς
1048 2864 1320 2936 κάλλιστα,
1370 2868 1427 2917 τὸ
1474 2868 1545 2937 μὴ
1596 2863 1904 2922 ἐκϐληθῆναι

2025 2870 2340 2939 cxsolvere,
2355 2887 2539 2943 quam
2548 2870 2779 2942 judicio
2792 2870 3151 2927 contendere
3173 2888 3185 2937 ;
3209 2870 3493 2926 multatus
3521 2872 3683 2926 enim

292 2965 356 3028 τῇ
402 2956 604 3028 φυλακῇ
657 2955 773 3027 (70)
808 2996 823 3023 ,
877 2958 934 3007 τὸ
979 2958 1050 3026 μὴ
1086 2954 1417 3027 ζημιωθῆναι
1467 2957 1528 3006 τὰ
1559 2956 1783 3025 ἔσχατα,
1816 2959 1904 3007 καὶ

2025 2960 2129 3017 tria
2154 2961 2418 3016 maxima
2453 2959 2668 3015 referes
2695 2959 3018 3015 commoda
3048 2975 3059 3014 :
3090 2964 3253 3031 puta,
3290 2960 3352 3014 in
3384 2975 3678 3015 carcerem

294 3050 355 3098 τό
385 3044 785 3115 καταλλαγῆναι
814 3052 886 3115 τῷ
918 3042 1096 3117 ἐχθρῷ
1130 3081 1142 3095 .
1193 3039 1463 3102 δικασθεὶς
1494 3038 1575 3108 δὲ,
1620 3047 1743 3116 τρία
1792 3042 1904 3095 τού-

2025 3065 2139 3105 non
2168 3049 2517 3121 projicieris,
2559 3064 2666 3103 nec
2691 3048 2768 3103 ad
2798 3048 3075 3103 ultimum
3119 3064 3308 3119 poenas
3354 3052 3453 3103 aut
3487 3048 3683 3104 multm

289 3140 495 3188 ναντίον
543 3137 827 3206 ύποστήσῃ
880 3135 945 3186 τὰ
997 3134 1225 3184 κάκιστα
1282 3132 1417 3203 (71),
1474 3135 1533 3184 τὸ
1587 3130 1904 3204 ἐμϐληθῆναι

2025 3138 2241 3194 exactio
2269 3155 2305 3193 a
2338 3142 2388 3193 te
2420 3137 2538 3203 liet,
2574 3138 2885 3193 etinimico
2912 3136 3411 3193 reconciliaberis.
3443 3136 3682 3194 Judicio

290 3234 354 3298 τῇ
411 3224 642 3296 φυλακῇ,
696 3226 755 3274 τό
807 3218 1097 3274 ἀποδοῦναι
1136 3225 1222 3274 τὸν
1274 3223 1499 3293 ἔσχατον
1552 3218 1845 3294 κοδράντην
1886 3240 1899 3256 ο

2025 3231 2216 3285 autem
2244 3227 2631 3295 contendens,
2652 3227 2803 3283 triae
2836 3226 3063 3281 diverso
3078 3227 3340 3297 pessima.
3356 3225 3683 3281 sustinebis

288 3318 467 3367 ὅντινα
497 3317 730 3384 ἔσχατον
785 3311 969 3364 λεπτόν
1024 3313 1157 3364 εἶπεν
1215 3312 1242 3361 6
1291 3316 1516 3376 Λουκᾶς,
1548 3314 1786 3363 τουτέστι
1816 3314 1904 3363 καὶ

2025 3316 2437 3372 incommoda:
2470 3315 2756 3382 videlicet,
2792 3316 2850 3371 in
2883 3330 3183 3371 carcerem
3226 3314 3584 3387 projicieris,
3609 3331 3682 3372 ac

284 3409 343 3458 τὸ
392 3405 707 3456 λεπτότατον
763 3397 922 3464 εἶδος,
974 3401 1041 3451 ὢν
1101 3396 1285 3453 δοῦναι
1339 3397 1733 3461 κατεδικάσθης
1766 3415 1783 3431 ⁸
1816 3403 1904 3451 καὶ

2025 3404 2410 3461 novissimum
2482 3404 2695 3476 perdes
2758 3404 3177 3477 quadrantem,
3247 3419 3430 3476 quem
3488 3404 3683 3458 Lucas

287 3498 487 3566 τρίτον,
523 3496 585 3543 τὸ
638 3487 779 3563 μηδὲ
834 3490 968 3542 οὕτω
1026 3488 1432 3561 καταλλαγῆναι.
1470 3488 1618 3550 Εἰκὸς
1664 3490 1786 3559 γὰρ,
1819 3490 1904 3540 τὸν

2025 3497 2390 3565 postremum
2459 3494 2757 3549 minutum
2821 3492 2969 3549 dixit
3029 3494 3097 3559 97,
3158 3493 3273 3548 hoc
3309 3498 3418 3559 est,
3479 3492 3682 3548 minu-

286 3580 563 3634 ἀντίδικον
612 3575 965 3637 ὁπωσδήποτε
1013 3580 1375 3654 περιγενέσθαι
1421 3598 1538 3634 σου.
1578 3578 1695 3630 Εἰσὶ
1728 3573 1788 3630 δέ
1824 3596 1904 3629 τι-

2025 3582 2316 3639 tissimum
2346 3598 2535 3652 genus
2577 3599 2786 3639 eorum
2846 3583 2923 3638 ad
2972 3598 3109 3654 quas
3163 3581 3452 3637 solvenda
3497 3580 3680 3637 fueris

290 3692 364 3732 νες
423 3669 765 3741 ἁναγωγικῶς
825 3668 1189 3739 ἑρμηνεύοντες
1242 3670 1307 3720 τὰ
1373 3668 1616 3742 ῥηθέντα,
1699 3668 1820 3740 ὅπερ
1879 3667 1904 3719 6

2025 3671 2454 3727 condemnatus
2483 3689 2495 3726 :
2526 3676 2581 3727 et
2612 3671 2868 3735 tertium,
2905 3671 3069 3743 quod
3101 3686 3210 3726 nec
3240 3670 3318 3727 ita
3340 3670 3684 3727 reconcilia-

289 3764 674 3835 Χρυσόστομος
715 3757 837 3827 (72)
881 3760 963 3809 ἐπὶ
1011 3764 1102 3809 τοῦ
1155 3760 1410 3829 παρόντος
1457 3756 1551 3808 ούκ
1595 3751 1900 3819 ἀπεδέξατο·

2025 3758 2192 3816 beris.
2213 3760 2539 3816 Verisimile
2562 3764 2648 3815 est
2665 3760 2824 3816 enim
2850 3760 3267 3817 adversarium
3300 3775 3678 3832 permanere,

287 3854 838 3921 quantumcunque
872 3852 926 3901 te
948 3846 1152 3902 vicerit
1182 3846 1291 3916 (a).
1328 3847 1475 3902 Sunt
1502 3849 1701 3901 autem
1729 3844 2001 3917 quidam,
2025 3849 2129 3921 qui
2163 3864 2234 3905 ea
2259 3865 2395 3921 qua:
2436 3850 2593 3906 dicta
2620 3855 2780 3915 sunt,
2819 3849 3149 3920 anagogice
3190 3849 3678 3928 interpretantur,

290 3938 457 4009 quod
488 3937 957 4007 Cbrysostomus
991 3935 1070 3990 ad
1101 3949 1369 4006 praesens
1402 3948 1521 3990 non
1544 3934 1771 4005 recipit.

361 4027 659 4079 Ἠκούσατε
710 4056 780 4065 —
829 4022 878 4075 ἐν
931 4031 991 4097 τῇ
1066 4020 1265 4098 καρδίᾳ
1337 4022 1519 4081 αὑτοῦ.
1578 4028 1677 4077 Καὶ
1726 4022 1774 4075 ἐν
1829 4031 1902 4095 τῷ

2084 4027 2246 4086 Vers.
2276 4030 2371 4084 27.
2414 4028 2693 4084 Audistis.
2730 4059 2797 4068 —
2822 4027 2999 4083 V.28.
3031 4028 3088 4082 ιή
3118 4027 3282 4085 corde
3310 4043 3425 4083 suo.
3448 4030 3511 4083 In
3544 4026 3676 4097 lege

291 4122 432 4187 νόμῳ
483 4117 618 4187 μετὰ
673 4116 752 4179 τὸ,
822 4112 898 4165 Ou’
960 4116 1241 4185 φονεύσεις,
1315 4115 1371 4164 τό
1440 4111 1515 4163 Ού
1595 4114 1901 4184 μοιχεύσεις

2025 4120 2586 4189 χαοᾳιιθροεῑιιιιεω
2614 4117 2840 4172 dictum
2868 4120 2995 4171 est:
3028 4116 3159 4172 Non
3177 4116 3413 4181 occides,
3434 4116 3683 4187 ponitur

292 4214 481 4258 κεῖται.
516 4206 718 4257 Λοιπὸν
750 4202 838 4255 οὖν
888 4201 1181 4274 ἁπαρτίσας
1226 4206 1321 4259 τὴν
1370 4205 1623 4275 προτέραν
1672 4200 1897 4272 ἐντολὴν,

2025 4206 2191 4261 etiam
2226 4222 2237 4259 ε
2279 4207 2411 4261 Νοη
2469 4206 2782 4261 committas
2821 4204 3197 4262 adulterium.
3254 4207 3453 4260 Restat
3490 4204 3672 4273 igitur

291 4300 378 4347 καὶ
434 4292 519 4345 ἐπὶ
578 4297 674 4351 τὴν
730 4291 840 4362 μετ’
905 4290 1100 4349 ἐκείνην
1157 4294 1386 4365 πρόεισι,
1437 4295 1527 4343 καὶ
1592 4293 1679 4343 τὸν
1740 4291 1900 4363 θυμὸν

2025 4298 2075 4349 it
2103 4299 2403 4365 postquan
2423 4295 2585 4366 prius
2607 4293 2861 4366 explevit
2892 4298 3280 4365 praeceptum,
3310 4296 3580 4348 transeat
3599 4289 3680 4347 ad

286 4384 583 4456 ῥυθμίσας,
628 4359 961 4452 παιδαγωγεῖ
996 4385 1085 4432 καὶ
1121 4359 1215 4437 τὴν
1252 4378 1552 4452 ἐπιθυμίαν.
1588 4359 1813 4455 Ὠσπερ.
1842 4376 1901 4433 δὲ

2025 4387 2386 4455 sequens;et
2426 4388 2747 4455 postquam
2806 4383 2958 4439 iram
2992 4382 3262 4445 correxit,
3305 4380 3485 4436 etiam
3530 4395 3673 4435 con-

290 4470 373 4524 ὶπὶ
410 4480 508 4530 τῆς
539 4474 798 4545 προτέρας
839 4468 1063 4535 ἐντολῆς,
1108 4470 1358 4543 προσθεὶς
1388 4472 1447 4522 τό
1479 4468 1613 4538 εἰκῆ,
1648 4465 1900 4523 διέστειλε

2025 4471 2442 4548 :upiscentiam
2486 4472 2850 4528 moderetur.
2913 4470 3075 4526 Sicut
3130 4475 3332 4528 autem
3378 4470 3439 4525 in
3489 4465 3679 4543 priori

362 4650 413 4685 ⁸⁸
440 4648 586 4707 Luc.
629 4663 727 4716 xu,
768 4651 862 4707 58.
948 4649 994 4685 9⁷
1016 4646 1154 4706 ibid.
1192 4647 1281 4705 59.

1523 4828 1748 4899 Variae
1773 4828 2100 4899 lectiones
2128 4835 2192 4900 et
2228 4841 2430 4900 notas.

2085 5028 2105 5244 ἓ

362 5032 475 5101 (65)
517 5028 774 5099 Inclusa,
805 5028 867 5085 in
899 5026 1173 5100 margine
1202 5026 1379 5085 habet
1408 5026 1605 5086 Codex
1634 5029 1898 5101 uterque.

2085 5028 2202 5101 (68)
2232 5030 2313 5081 ὅτι
2339 5027 2422 5080 ἐὰν
2466 5031 2555 5082 καί
2584 5031 2649 5101 Α,

390 5098 482 5177 66)
522 5098 763 5175 εύνομεῖνί
785 5107 839 5154 Β.
958 5169 1003 5177 “
1044 5098 1096 5177 __
1185 5171 1195 5177 _
1519 5170 1549 5177 __
1630 5172 1663 5177 ᾳ
1729 5170 1748 5177 _

2230 5102 2255 5177 ό
2288 5098 2754 5177 Λουκᾶςζρῐηίίῐὶί
2782 5100 2847 5177 Α..

362 5032 475 5101 (65)
517 5030 774 5099 Inclusa,
805 5030 867 5085 in
899 5030 1173 5100 margine
1202 5030 1379 5085 habet
1408 5030 1605 5086 Codex
1634 5030 1898 5101 uterque.

362 5103 482 5241 $69)
522 5102 751 5175 εύνομεῖν
785 5107 839 5154 Β.
1185 5171 1195 5183 .
1519 5170 1530 5181 ⁸
1801 5170 1811 5181 _
1866 5171 1875 5181 ι

386 5178 476 5243 οι)
520 5178 605 5231 ita
648 5169 1275 5246 quoqueﬂHentemus
1340 5175 1577 5246 reperit.
1630 5169 1904 5246 Reddidit

2109 5032 2174 5086 68
2232 5030 2313 5081 ὅτι
2339 5030 2422 5080 ἐὰν
2466 5031 2555 5082 καί
2584 5031 2649 5084 Α.

2108 5105 2173 5156 69
2230 5102 2255 5153 ὁ
2288 5105 2517 5167 Λουκᾶς,
2546 5098 2754 5156 omittit
2782 5100 2847 5154 Α.

2085 5030 2295 5246 gmiin
2324 5176 2487 5228 textu
2512 5171 2773 5245 βληθῆναι
2796 5171 2865 5234 εἰς
2885 5170 3135 5244 φυλακην.
3161 5167 3326 5227 Certe
3349 5164 3670 5240 ἐμϐληθῆναι

292 5242 852 5325 enim’conceden‘ta}
912 5245 1035 5325 Hoc
1073 5242 1468 5325 ideo_monui,
1498 5257 1575 5298 ne
1600 5243 1736 5325 quis
1763 5261 1904 5325 ‘qpo-
2011 5242 2359 5325 legendum,
2398 5249 2462 5325 ut
2500 5242 2660 5299 mox.

292 5324 491 5393 τρέπειν
506 5323 589 5373 ἐπὶ
612 5321 680 5372 τὰ
698 5317 839 5371 καλά
857 5315 1193 5398 conjiceret.
1218 5314 1540 5389 Ἐπιτρέπειν
1562 5314 1706 5370 alibi
1727 5314 1904 5371 etiam

292 5391 468 5450 habet
488 5408 591 5458 pro
614 5390 894 5455 suadere,
917 5385 1155 5457 Jubere.

2108 5320 2167 5370 ’71
2225 5318 2501 5374 ὑποστήση
2534 5316 2672 5368 κακά
2700 5315 2765 5368 Α.

2086 5315 2200 5458 ἓῖὲζ
2229 5390 2398 5444 Tom.
2437 5374 2549 5449 VII,
2579 5402 2639 5458 p.
2668 5385 2765 5441 219

292 5374 468 5450 liabet
484 5408 591 5468 pro
614 5390 894 5455 suadere,
917 5374 1155 5457 jubere.
1372 5374 1381 5389 ’
2086 5374 2198 5458 (72$
2229 5390 2398 5444 Tom.
2437 5374 2549 5449 V11,
2579 5402 2639 5458 p.
2668 5385 2772 5441 219
2800 5383 2868 5441 C.

345 5560 425 5631 (α)
454 5545 1120 5631 νενίείηιίιε-ρίρρνίι,
1155 5546 1478 5631 Πρηιρρίυε
1508 5546 1589 5631 ita
1622 5544 1902 5631 reddidit,
2012 5545 2281 5631 ineptum
2326 5550 2432 5611 est,
2466 5550 2669 5631 tamen
2694 5541 3269 5631 nullaadegst‘causa
3312 5540 3532 5601 idonea
3560 5554 3667 5601 cur

277 5613 418 5692 ac‘si
458 5613 786 5707 τέρπει-ιι,
855 5620 993 5703 εἰκός
1040 5621 1141 5701 γὰρ
1198 5615 1464 5707 ἀντίδικον
1512 5614 1779 5707 diuitias!»
1813 5619 1904 5669 καὶ

2025 5613 2184 5672 lectio
2209 5633 2480 5672 meorum
2512 5616 2788 5673 codicum
2821 5613 3185 5672 sollicitetur.

684 5687 1122 5773 περιγενόμενον-ι’
1168 5708 1288 5746 σου.
1365 5688 1538 5755 Quod
1604 5687 1709 5744 etsi
1778 5701 1904 5746 non
