4098 6384
573 302 678 405 έιδ

1934 349 2280 409 ΕΗΤΗΥΜΠ
2314 348 2647 408 ZIGABENI

3840 353 3936 411 216

573 474 877 555 ῥιιωοθρίο
934 471 1183 541 addens,
1235 479 1466 542 temere,
1512 477 1777 534 distinxit
1811 479 1965 535 iram
2014 493 2226 551 oppor-

2345 481 2439 537 τὴν
2490 478 2727 552 εὔκαιρον
2780 475 2941 550 ὀργὴν
2991 475 3092 530 ἀπὸ
3144 484 3241 539 τῆς
3292 474 3512 550 ἀκαίρου
3546 492 3560 508 ⁸
3594 476 3726 529 οὕτω
3756 474 3822 537 δὴ
3852 484 3935 533 καὶ

574 569 784 621 tunam
805 563 876 619 ab
898 565 1345 637 intempestiva;
1373 568 1453 623 ita
1484 571 1539 623 et
1567 568 1625 623 in
1658 569 1933 641 praesenti
1989 568 2234 636 addens,

573 654 655 711 ad
667 654 1221 724 concupiscendum,
1239 657 1507 712 distinxit
1522 663 1831 729 aspectum
1854 657 1977 713 sine
2000 657 2235 723 aﬂ‘ectu,

574 738 655 794 ab
684 754 755 795 eo
784 739 884 809 qui
907 740 1044 795 vitio
1068 740 1341 796 afﬁcitur.
1379 745 1576 814 Neque
1598 742 1758 797 enirn
1782 743 2126 814 simpliciter
2152 743 2238 798 di-

573 826 678 891 xit,
712 829 813 899 qui
842 828 995 883 videt
1034 846 1045 884 :
1082 829 1205 894 sed,
1248 832 1347 900 qui
1382 831 1533 886 videt
1574 832 1655 887 ad
1696 833 2234 901 concupiscendum,

572 914 687 972 hoc
715 918 924 988 estqui
952 918 1187 973 curiose
1214 919 1391 985 videt,
1421 924 1474 975 et
1499 936 1635 976 cum
1667 920 2232 991 animimgritudine,

572 1006 745 1079 quasi
796 1006 1018 1061 coitum
1063 1008 1573 1079 concupiscendo:
1610 1009 1746 1065 talis
1778 1010 1940 1065 enim
1975 1011 2102 1080 jam
2134 1024 2237 1065 cor

494 1150 509 1159 ,
574 1109 754 1150 suum
783 1095 967 1150 animi
999 1095 1308 1152 affectione
1342 1097 1627 1169 implevit,
1649 1099 1903 1172 ideoque
1935 1099 2235 1155 voluntate

571 1182 929 1240 adulterium
962 1185 1279 1240 commisit.
1309 1186 1435 1254 Vel,
1461 1187 1565 1259 qui
1597 1188 1670 1242 ad
1692 1188 1804 1243 hoc
1825 1188 1982 1243 videt
2010 1194 2072 1243 ut
2103 1204 2237 1244 con-

572 1272 857 1344 cupiscat.
913 1276 1020 1328 Iste
1053 1290 1272 1346 nempe
1304 1274 1683 1332 aﬁ‘ectionum
1724 1278 2233 1349 perturbationem

569 1360 865 1433 quaesivit,
893 1366 948 1418 et
973 1362 1051 1418 ad
1077 1364 1623 1435 concupiscentiam
1654 1367 1991 1437 transfugit,
2020 1384 2088 1421 ac
2116 1369 2231 1422 sei-

568 1464 748 1524 psum
784 1450 970 1507 animi
1004 1451 1438 1523 perturbationi
1461 1453 1719 1509 tradidit.
1743 1457 1957 1520 Quodsi
1985 1471 2233 1528 corpore

570 1537 811 1596 alterius
861 1555 1109 1596 uxorem
1144 1556 1265 1597 non
1316 1541 1522 1612 tetigit,
1554 1548 1613 1598 at
1655 1544 1865 1600 saltem
1902 1544 2228 1600 voluntate.

572 1625 684 1692 Qui
722 1629 923 1683 autem
954 1628 1015 1682 in
1047 1629 1295 1684 transitu
1328 1630 1505 1697 videt,
1541 1636 1644 1687 aut
1677 1631 1791 1688 alia
1822 1633 2101 1705 quapiam
2135 1649 2232 1689 ne-

570 1715 865 1781 cessitate,
899 1716 1146 1772 crimine
1175 1722 1360 1774 vacat.
1396 1719 1684 1776 Mulierem
1731 1738 1871 1778 vero
1911 1722 2073 1789 dixit,
2111 1724 2229 1779 sive

2346 567 2429 620 ἑπὶ
2462 575 2551 628 τῆς
2581 569 2869 642 παρούσης,
2916 570 2973 619 τὸ
3022 569 3155 640 πρὸς
3199 570 3258 619 τὸ
3314 566 3643 639 ἐπιθυμῆσαι
3680 570 3932 640 προσθεὶς,

2348 654 2597 710 διέστειλε
2644 662 2737 715 τὴν
2804 655 2977 715 ἀπαθῆ
3042 655 3160 726 ὄψιν
3207 655 3306 708 ἀπὸ
3360 665 3453 718 τῆς
3506 655 3784 728 ἐμπαθοῡς.
3835 657 3935 708 Οὐκ

2348 743 2454 798 εἷπε
2516 748 2641 820 γὰρ,
2706 747 2785 797 ὅτι
2852 747 2878 797 ό
2938 744 3141 817 βλέπων
3216 744 3404 811 ἁπλῶς,
3466 745 3577 797 ἀλλ’
3646 746 3671 797 ὁ
3744 743 3933 816 βλέπων

2344 838 2472 909 πρὸς
2525 839 2583 887 τὸ
2655 833 3001 908 ἐπιθυμῆσαι,
3050 839 3334 905 τουτέστιν,
3395 836 3420 887 ό
3489 834 3689 907 βλέπων
3744 839 3932 909 περιέρ-

2343 942 2468 993 γως,
2513 924 2537 975 ὁ
2583 922 2786 996 βλέπων
2815 923 3077 997 ἐμπαθῶς,
3108 927 3242 977 ὥστε
3286 925 3613 996 ἐπιθυμῆσαι
3642 929 3931 986 συνουσίας.

2342 1009 2399 1063 Ὀ
2432 1019 2666 1074 τοιοῦτος
2716 1016 2816 1087 γὰρ
2854 1011 2962 1073 ἤδη
3010 1022 3101 1066 τοῦ
3146 1016 3341 1075 πάθους
3391 1014 3636 1072 ἐνέπλησε
3674 1019 3767 1073 τὴν
3818 1034 3935 1086 καρ-

2347 1096 2466 1153 δίαν
2526 1103 2733 1166 ἑαυτοῦ,
2780 1108 2869 1156 καὶ
2916 1103 3094 1157 λοιπὸν
3155 1113 3217 1177 τῇ
3273 1106 3575 1179 προαιρέσει
3615 1103 3933 1177 ἐμοίχευσεν.

2344 1188 2433 1256 "ﬂ,
2469 1191 2494 1243 ό
2528 1187 2621 1243 διὰ
2651 1199 2802 1245 τοῦτο
2844 1192 3069 1265 βλέπων,
3120 1194 3204 1246 ἵνα
3252 1192 3571 1266 ἐπιθυμήσῃ.
3614 1192 3672 1245 Ὀ
3714 1199 3935 1254 τοιοῦτος

2341 1282 2443 1352 γὰρ
2499 1280 2720 1341 ἐζήτησε
2771 1286 2828 1333 τό
2882 1285 3069 1347 πάθος,
3125 1288 3215 1335 καὶ
3278 1282 3607 1356 ηὐτομόλησε
3662 1286 3795 1356 πρὸς
3849 1287 3936 1339 τὴν

2343 1365 2641 1441 ἐπιθυμίαν,
2703 1377 2794 1422 καὶ
2842 1368 3175 1445 προδέδωκεν
3208 1371 3386 1425 ἑαυτόν
3427 1381 3498 1443 τῷ
3548 1374 3722 1439 πάθει,
3772 1374 3856 1423 καὶ
3900 1370 3937 1423 εἰ

2341 1462 2531 1531 καὶμὴ
2593 1466 2665 1530 τῷ
2724 1466 2931 1532 σώματι
2961 1460 3132 1531 ἥψατο
3176 1469 3273 1523 τῆς
3313 1465 3577 1533 γυναικὸς,
3609 1460 3741 1513 ἀλλὰ
3780 1481 3836 1533 γε
3876 1469 3932 1533 τῇ

2340 1552 2660 1623 προαιρέσει.
2694 1549 2752 1601 Ὀ
2794 1547 2852 1603 δὲ
2878 1553 3013 1603 κατὰ
3055 1549 3286 1627 πάροδον
3316 1552 3537 1624 βλέπων,
3572 1552 3600 1610 ἢ
3652 1554 3788 1603 κατά
3830 1571 3938 1603 τινα

2338 1642 2524 1709 χρείαν
2556 1638 2735 1705 ἄλλην,
2793 1638 3119 1710 ἀνέγκλητος.
3157 1646 3383 1693 Γυναῖκα
3429 1638 3487 1693 δὲ
3533 1648 3620 1692 νῦν
3667 1641 3822 1711 λέγει,
3854 1645 3935 1692 καὶ

2338 1730 2433 1784 τὴν
2468 1726 2778 1800 ἐζευγμένην
2811 1725 2986 1802 ἀνδρὶ,
3015 1734 3105 1783 καὶ
3129 1735 3223 1789 τὴν
3275 1730 3672 1803 απολελυμένην,
3705 1735 3795 1783 καὶ
3853 1734 3936 1789 τὴν

567 1806 694 1861 viro
747 1804 1154 1877 conjunctam,
1207 1806 1332 1862 sive
1376 1806 1454 1863 ab
1503 1823 1573 1865 eo
1606 1809 1884 1878 solutam,
1942 1812 2064 1867 sive
2112 1814 2226 1868 vir-

2338 1817 2613 1892 παρθένον,

567 1908 787 1966 ginem.
866 1944 871 1950 .

642 1982 798 2040 Scire
824 1986 1025 2040 autem
1053 1988 1287 2058 oportet
1308 1985 1655 2058 hujusmodi
1680 1996 1992 2062 praecepta,
2021 1991 2124 2047 etsi
2151 1992 2229 2048 ad

564 2074 728 2131 viros
761 2073 938 2143 dirigi
967 2074 1263 2141 videntur,
1300 2075 1577 2132 mulieres
1623 2095 1866 2151 quoque
1915 2082 2226 2152 respicere.

568 2163 878 2236 Siquidem
908 2164 998 2217 vir
1023 2168 1203 2236 caput
1250 2170 1344 2220 est
1384 2166 1651 2222 mulieris
1682 2168 1746 2234 ⁸⁸,
1804 2175 1983 2240 caput
2028 2177 2227 2226 autem

568 2257 625 2308 et
675 2252 950 2307 membra
1007 2254 1172 2308 unita
1236 2260 1392 2309 sunt.
1450 2255 1748 2314 Prohibuit
1811 2274 1948 2328 ergo
2024 2274 2229 2330 aspec-

566 2348 694 2395 tum
733 2341 1067 2407 curiosum;
1103 2358 1140 2399 ε.
1181 2342 1281 2397 tali
1334 2343 1496 2400 enim
1555 2344 1789 2402 affectio
1846 2348 1923 2403 ad
1964 2365 2067 2404 cor
2126 2350 2230 2405 de-

564 2429 731 2486 ﬂuit:
778 2430 945 2502 quod
995 2430 1093 2485 ubi
1151 2436 1416 2501 aegrotat,
1465 2433 1725 2491 incendit
1784 2440 1841 2492 et
1891 2452 2104 2509 corpus
2152 2439 2228 2494 ad

565 2517 809 2573 coitum.
845 2518 1049 2590 Itaque
1067 2518 1327 2575 radicem
1352 2521 1622 2587 abscidit,
1647 2539 1721 2578 ne
1748 2524 2041 2596 producto
2060 2543 2229 2583 ramo

566 2605 826 2662 fructum
858 2623 1096 2679 quoque
1128 2609 1405 2679 proferat.

637 2695 804 2750 Vers.
861 2697 949 2750 29.
995 2696 1061 2752 Si
1097 2727 1167 2738 —
1206 2698 1294 2754 30.
1348 2700 1510 2755 Vers.
1570 2703 1914 2772 gehennam,
1975 2708 2099 2761 Non
2153 2706 2227 2761 de

569 2785 838 2857 corporis
868 2786 1155 2842 membris
1175 2786 1470 2860 loquitur;
1500 2789 1601 2847 illa
1626 2794 1780 2848 enim
1798 2795 1973 2866 culpa
1991 2802 2220 2850 vacant.

568 2875 711 2930 Nam
744 2874 1010 2945 corporis
1039 2876 1310 2932 membra
1329 2877 1406 2932 ab
1433 2879 1973 2950 animaducuntur,
2007 2889 2062 2938 et
2083 2900 2229 2955 quo-

569 2960 1172 3033 cunqueillajusserit
1192 2971 1519 3020 moventur.
1549 2967 1659 3022 Sed
1692 2968 1966 3025 dextrum
1982 2971 2227 3043 quidem

568 3050 811 3106 oculum
854 3056 1031 3107 vocat
1061 3050 1345 3108 idoneum
1381 3055 1663 3122 amicum,
1711 3059 1813 3129 qui
1859 3059 2042 3115 instar
2072 3062 2227 3116 oculi

568 3144 839 3198 amatur:
866 3157 1117 3197 manum
1150 3147 1350 3199 autem
1372 3146 1665 3215 dextram,
1701 3149 2038 3205 ministrum
2067 3166 2223 3206 com-

565 3229 841 3296 modum,
873 3230 977 3303 qui
998 3231 1059 3287 in
1090 3231 1339 3287 modum
1373 3250 1591 3289 manus
1621 3236 1775 3291 utilis
1821 3243 1926 3304 est,
1959 3240 2080 3295 sive
2121 3240 2227 3296 viri

567 3319 702 3384 sint,
759 3318 877 3373 sive
930 3319 1231 3375 mulieres.
1296 3321 1444 3378 Dicit
1502 3323 1721 3394 igitur:
1767 3328 1821 3381 Si
1854 3327 1913 3382 hi
1960 3328 2066 3384 tibi
2111 3330 2229 3386 fue-

546 3406 685 3483 ‘rint
713 3406 1091 3473 offendiculo,
1126 3407 1389 3481 aliquam
1420 3410 1731 3469 afferentes
1761 3417 1971 3472 mentis
2004 3424 2228 3489 pertur-

565 3494 894 3563 bationem,
930 3512 1039 3553 nec
1067 3496 1149 3552 eis
1178 3514 1407 3569 parcas,
1440 3501 1546 3556 sed
1574 3510 1823 3574 amputa
1854 3506 2018 3577 ipsos
2050 3509 2228 3565 omni-

542 3600 699 3659 »quae
737 3584 1022 3640 adversus
1053 3589 1109 3640 te
1145 3590 1233 3641 est
1261 3586 1594 3660 affectione,
1637 3597 1693 3648 et
1736 3595 1954 3665 projice
2003 3596 2112 3653 abs
2146 3604 2222 3654 te.

566 3673 2022 3747 Nequedixit,Percute,sedAmpula,manifestans
2037 3688 2228 3743 omni-

565 3760 815 3818 modam
831 3763 1281 3833 separationem.
1302 3765 1509 3822 Dicens
1522 3784 1761 3841 quoque
1783 3775 2089 3843 :Amputa,
2106 3792 2225 3832 non

550 3850 650 3906 ~ibi
676 3851 1032 3921 permansit;
1057 3853 1159 3907 sed
1184 3852 1424 3909 ulterius
1447 3872 1784 3914 sermonem
1814 3864 2093 3933 extendit,
2125 3867 2227 3921 ad-

567 3938 853 3996 denszEt
872 3941 1103 4010 projice
1126 3941 1229 3998 abs
1262 3949 1331 4009 te,
1360 3960 1437 4001 ne
1490 3947 1550 4001 in
1582 3948 1855 4020 proximo
1913 3968 2226 4010 remanens

565 4028 673 4085 ﬁat
700 4044 909 4084 rursus
935 4029 1261 4088 familiaris.
1294 4032 1440 4101 Quia
1467 4039 1667 4092 autem
1690 4055 1815 4094 rem
1847 4041 2062 4098 duram
2078 4060 2224 4115 prae-

567 4121 825 4190 ceperat,
864 4117 1100 4174 lucrum
1128 4120 1188 4177 in
1226 4126 1536 4194 posterum
1579 4125 2009 4187 demonstravit
2034 4132 2111 4188 ab
2154 4149 2225 4190 eo

565 4206 734 4279 quod
763 4207 902 4263 utile
932 4212 1039 4264 est.

635 4296 801 4353 Vers.
841 4297 931 4352 31.
963 4298 1193 4356 Dictum
1211 4303 1294 4357 est
1334 4307 1531 4360 autem
1560 4335 1629 4347 —
1661 4305 1720 4362 V.
1754 4308 1839 4362 32.
1872 4309 2224 4370 adulterium

566 4385 886 4443 committit.
902 4388 1045 4443 Ecce
1076 4391 1132 4443 et
1159 4388 1325 4444 aliud
1341 4390 1611 4448 adulterii
1626 4409 1815 4465 genus
1831 4397 2219 4459 demonstrat.

562 4473 818 4529 Jubebat
835 4473 994 4530 enim
1018 4474 1110 4531 lex
1136 4481 1330 4543 vetus,
1352 4484 1410 4535 ut
1434 4484 1979 4558 quomodocunque
1996 4490 2226 4548 odisset

564 4561 860 4633 quispiam
891 4578 1140 4620 uxorem
1170 4568 1497 4640 propriam,
1531 4586 1605 4628 ne
1636 4589 1768 4630 eam
1799 4577 2089 4646 retineret,
2119 4582 2222 4637 sed

563 4648 703 4705 dato
720 4648 839 4722 ipsi
866 4649 1062 4706 libello
1092 4656 1349 4726 repudii,
1382 4658 1718 4717 dimitteret.
1745 4665 1770 4717 .l
1780 4664 1996 4721 ubebat
2021 4674 2221 4727 autem

562 4736 817 4809 abjicere
847 4738 973 4795 sive
1000 4742 1336 4812 repudiare,
1379 4762 1453 4803 ne
1479 4749 1816 4807 occiderent
1854 4770 1987 4810 eam
2020 4775 2033 4827 ;
2069 4775 2220 4830 aegre

561 4827 721 4884 enim
750 4829 1293 4889 reconciliabantur
1311 4833 1521 4903 Judaei,
1546 4853 1667 4893 non
1706 4844 1884 4898 modo
1915 4860 2057 4915 erga
2079 4827 2219 4904 uxo-

557 4931 674 5005 res,
694 4916 802 4973 sed
831 4918 1011 4974 etiam
1035 4934 1178 4990 erga
1206 4922 1381 4978 ﬁlios.
1410 4925 1574 4981 Unde
1601 4933 1657 4982 et
1681 4929 1943 4987 Christus
1966 4937 2219 5005 quadra-

556 5004 786 5075 gesimo
837 5005 1031 5077 capite
1102 5007 1253 5065 dixit
1308 5027 1411 5069 eos
1448 5029 1460 5070 :
1492 5015 1714 5086 Moyses
1758 5004 2003 5090 propter
2052 5023 2219 5080 duri-

530 5095 701 5166 tiam
730 5093 913 5152 cordis
970 5097 1146 5153 vestri
1168 5101 1439 5168 permisit
1502 5104 1654 5160 vobis
1712 5111 2027 5177 repudiare
2081 5129 2218 5171 uaro-

555 5196 644 5237 res
700 5188 922 5241 vestras
970 5186 1039 5240 θ’.
1087 5186 1273 5244 Jussit
1334 5194 1533 5248 autem
1589 5194 1733 5251 dare
1788 5197 2052 5257 libellum
2129 5220 2217 5260 re-

553 5270 743 5341 pudii,
773 5288 849 5328 ne
874 5278 1086 5346 postea
1114 5276 1279 5333 alteri
1321 5279 1454 5350 jam
1504 5288 1755 5354 nuptam
1804 5287 1953 5353 viro,
2016 5296 2216 5361 posset

625 5396 673 5431 "
702 5396 915 5469 Ephes.
958 5416 1013 5471 v,
1048 5404 1136 5458 23.
1215 5403 1263 5439 ⁸³
1295 5405 1493 5463 Matth.
1522 5423 1639 5473 χιι,
1675 5414 1726 5466 8.

2410 2016 2524 2086 Χρὴ
2579 2009 2638 2065 δε
2685 2018 2977 2087 γινώσκειν,
3011 2015 3091 2068 ὅτι
3138 2018 3204 2068 τὰ
3252 2022 3471 2069 τοιαῦτα
3515 2017 3932 2092 παραγγέλματα,

2340 2101 2384 2154 εἰ
2435 2106 2525 2154 καὶ
2575 2104 2709 2175 πρὸς
2747 2099 2947 2176 ἄνδρας
2986 2102 3347 2158 ἁποτείνεσθαι
3399 2102 3667 2175 δοκοῦσιν,
3730 2106 3853 2159 ἀλλά
3885 2126 3937 2179 γε

2337 2194 2585 2265 καὶπρὸς
2614 2200 2863 2264 γυναῖκας
2908 2196 3115 2268 ὁρῶσιν.
3167 2196 3225 2250 Ὀ
3270 2199 3371 2270 γὰρ
3423 2195 3551 2269 ἀνὴρ
3606 2196 3798 2269 κεφαλὴ
3852 2204 3939 2258 τῆς

2336 2285 2581 2352 γυναικός
2626 2280 2738 2333 ἐστι
2768 2297 2780 2311 ’
2815 2289 2875 2355 τῇ
2912 2280 2971 2334 δε
3020 2283 3210 2357 κεφαλῇ
3271 2289 3359 2337 καὶ
3398 2287 3462 2337 τὰ
3516 2284 3641 2358 μελη
3702 2289 3934 2345 ἣνωνται.

2337 2368 2584 2422 Ἐκόλασε
2612 2375 2782 2422 τοίνυν
2829 2376 2920 2429 τὴν
2952 2378 3220 2447 περίεργον
3270 2374 3405 2440 θέαν,
3467 2371 3604 2427 διότι
3658 2378 3715 2427 ἐκ
3753 2378 3938 2435 ταύτης

2337 2457 2583 2534 καταρῥεῑ
2608 2461 2769 2522 πάθος
2801 2459 2885 2513 ἐπὶ
2932 2465 3027 2519 τὴν
3078 2458 3304 2535 καρδίαν
3339 2480 3351 2492 ⁸
3386 2463 3517 2521 αὕτη
3572 2460 3629 2516 δὲ
3679 2467 3933 2534 παθοῦσα,

2336 2548 2613 2622 παροξύνει
2656 2552 2715 2600 τὸ
2763 2557 2916 2622 σῶμα
2962 2553 3089 2625 πρὸς
3142 2557 3446 2607 συνουσίαν.
3507 2553 3807 2629 Προανεῐλεν
3858 2554 3935 2605 οὖν

2337 2640 2431 2695 τὴν
2459 2637 2632 2711 ῥίζαν,
2677 2638 2758 2689 ἵνα
2784 2643 2855 2711 μη
2886 2636 3077 2703 κλάδος
3105 2646 3249 2713 φυεὶς
3277 2640 3451 2715 ἐνέγκῃ
3484 2647 3701 2718 καρπόν.

2408 2726 2469 2779 Εἰ
2523 2723 2580 2777 δὲ
2634 2757 2702 2766 -
2759 2731 2981 2798 γέενναν.
3041 2729 3118 2786 Οὐ
3180 2735 3299 2804 περὶ
3356 2731 3518 2803 μελῶν
3571 2737 3807 2804 σώματός
3853 2754 3939 2805 φη-

2341 2833 2422 2866 σιν
2451 2831 2462 2843 ⁸
2497 2813 2786 2886 ἀνέγκλητα
2832 2820 2933 2892 γὰρ
2985 2820 3052 2870 τὰ
3079 2818 3205 2891 μέλη
3238 2828 3331 2872 τοῦ
3387 2827 3629 2892 σώματος
3656 2839 3668 2851 ·
3701 2824 3802 2875 ὑπὸ
3843 2824 3935 2896 γὰρ

2336 2911 2428 2964 τῆς
2456 2903 2643 2976 ψυχῆς
2673 2905 2911 2976 ἄγονται,
2943 2912 3032 2958 καὶ
3073 2910 3200 2981 πρὸς
3248 2907 3275 2960 ὃ
3323 2908 3383 2959 ἂν
3426 2910 3560 2968 αὕτη
3606 2909 3821 2985 κελεύσῃ
3869 2932 3939 2963 κι-

2338 3001 2544 3045 νοῦνται
2580 3010 2591 3022 ·
2636 2992 2742 3045 ἀλλ’
2775 2993 3036 3068 ὀφθαλμὸν
3088 3000 3178 3068 μὲν
3234 2994 3403 3060 δεξιόν
3453 2998 3600 3051 καλεῖ
3646 3004 3736 3053 τόν
3792 2996 3936 3057 δίκην

2340 3082 2605 3155 ὀφθαλμοῦ
2646 3089 2983 3157 στεργόμενον
3025 3080 3195 3149 δεξιόν
3226 3087 3370 3159 φίλον
3401 3105 3412 3117 ·
3438 3096 3599 3161 χεῖρα
3642 3085 3700 3141 δὲ
3750 3087 3937 3157 δεξιὰν,

2338 3173 2425 3221 τὸν
2459 3168 2615 3229 δίκην
2644 3176 2827 3247 χειρός
2870 3178 3268 3248 χρησιμεύοντα
3317 3172 3485 3241 δεξιὸν
3542 3179 3825 3253 ὑπηρέτην,
3856 3183 3939 3230 καὶ

2338 3260 2439 3311 εἴτε
2494 3256 2681 3333 ἄνδρες
2754 3257 2870 3325 εἶεν,
2930 3265 3031 3316 εἴτε
3092 3272 3348 3336 γυναῖκες.
3401 3270 3554 3338 Λέγει
3620 3273 3815 3335 τοίνυν,
3866 3269 3936 3321 ὅτι

2340 3346 2455 3399 Ἐὰν
2504 3349 2552 3399 οὶ
2594 3356 2821 3402 τοιοῦτοι
2882 3349 3279 3414 σκανδαλίζωσί
3334 3374 3390 3408 σε
3438 3358 3568 3430 πρὸς
3618 3355 3938 3430 ἐμπάθειαν,

2336 3433 2475 3507 μηδὲ
2503 3439 2696 3490 τούτων
2728 3444 2878 3513 φείσῃ
2917 3458 2928 3470 ·
2979 3439 3083 3493 ἀλλ’
3117 3443 3335 3513 ἔκκοψον
3366 3445 3555 3506 αὐτοὺς
3596 3454 3689 3509 τῆς
3720 3451 3847 3521 πρὸς
3890 3450 3940 3499 σε

2341 3529 2596 3597 σχέσεως,
2628 3532 2716 3579 καὶ
2759 3527 2917 3603 ῥίψον
2957 3530 3133 3606 πόρρω
3166 3551 3281 3585 σου.
3331 3539 3431 3586 Καὶ
3461 3535 3554 3586 οὐκ
3586 3535 3717 3604 εἷπε,
3750 3536 3937 3608 Κόψον,

2337 3614 2469 3682 ἀλλ’,
2538 3614 2817 3687 Ἒκκοψον,
2875 3622 2969 3677 τὴν
3039 3620 3258 3680 παντελῆ
3334 3618 3600 3686 διάζευξιν
3680 3624 3931 3699 ἐμφήνας.

2340 3706 2439 3754 Καὶ
2496 3704 2670 3773 εἰπὼν,
2721 3704 2999 3778 Ἔκκοψον,
3053 3709 3147 3761 οὐκ
3194 3713 3314 3769 ἔστη
3375 3716 3540 3784 μέχρι
3590 3716 3797 3779 τούτου,
3838 3714 3939 3766 ἀλλ’

2337 3790 2555 3845 ἐπέτεινε
2584 3797 2670 3846 τὸν
2701 3794 2865 3867 λόγον,
2918 3800 3165 3870 προσθεὶς
3213 3802 3291 3864 τό,
3354 3806 3455 3853 Καὶ
3489 3800 3617 3875 βάλε
3668 3802 3771 3855 ἀπὸ
3826 3811 3937 3867 σοῦ,

2338 3879 2420 3933 ἵνα
2462 3886 2533 3953 μὴ
2578 3882 2802 3941 πλησίον
2838 3888 3117 3957 τυγχάνων
3167 3889 3317 3952 αὖθις
3376 3890 3641 3965 οἰκειωθῇ,
3696 3892 3837 3945 Ἐπεὶ
3885 3889 3939 3946 δὲ

2337 3966 2605 4043 ἀποτόμως
2636 3970 2915 4041 ἐκέλευσεν,
2956 3972 3119 4039 ἔδειξε
3156 3976 3332 4031 λοιπὸν
3364 3982 3421 4032 τὸ
3466 3983 3690 4033 ἐντεῦθεν
3732 3978 3934 4057 κέρδος,

2335 4056 2436 4111 ἀπὸ
2466 4066 2559 4112 τοῦ
2594 4065 2965 4137 συμφέροντος.

2405 4316 2616 4394 Ἐρρέθη
2673 4314 2732 4371 δε
2787 4351 2855 4360 -
2906 4328 3192 4395 μοιχᾶται.
3244 4322 3387 4379 Ἰδοὺ
3436 4332 3526 4379 καὶ
3583 4329 3752 4403 ἕτερον
3806 4326 3940 4391 εἶδος

2333 4411 2581 4480 μοιχείας
2635 4404 2891 4467 δείκνυσι,
2944 4416 3119 4484 Νόμος
3170 4416 3271 4488 γὰρ
3330 4415 3392 4473 ἧν
3444 4416 3666 4480 παλαιός
3726 4418 3939 4471 κελεύων

2318 4496 2420 4547 τόν
2477 4492 2825 4554 ὁπωσδήποτε
2867 4508 3127 4570 μισοῦντα
3189 4506 3283 4561 τὴν
3352 4500 3492 4557 ἰδίαν
3560 4514 3804 4577 γυναῖκα,
3869 4513 3937 4581 μὴ

2332 4589 2597 4656 κατέχειν,
2631 4585 2735 4638 ἀλλ’
2766 4586 3023 4642 ἐκϐάλλειν
3070 4590 3255 4662 αὐτὴν,
3308 4589 3468 4645 δόντα
3522 4595 3653 4668 αὐτῇ
3713 4594 3943 4649 ἀποστάο

2336 4693 2468 4739 σιον,
2528 4676 2554 4726 ὅ
2610 4677 2745 4728 ἐστιν
2799 4678 3057 4752 ἔγγραφον
3120 4672 3415 4743 ἀπολύσεως
3461 4725 3475 4752 ,
3536 4688 3625 4735 καὶ
3684 4680 3942 4739 ἐκϐάλλειν

2284 4814 2289 4818 ,
2331 4767 2423 4838 μὲν
2482 4763 2664 4832 αὐτὴν,
2723 4764 2805 4817 ἶνα
2869 4771 2940 4839 μὴ
2998 4771 3141 4840 φόνος
3199 4775 3431 4842 γένηται.
3482 4774 3941 4828 Δυσκατάλλακτοι

2329 4856 2430 4925 γὰρ
2493 4854 2628 4911 ἦσαν
2680 4851 2953 4922 Ἰουδαῖοι,
3011 4857 3070 4909 οὐ
3138 4862 3262 4932 πρὸς
3319 4863 3411 4923 τὰς
3463 4866 3691 4935 γαμετὰς
3764 4869 3940 4937 μόνον,

2332 4940 2459 4993 ἀλλὰ
2505 4946 2593 4993 καὶ
2640 4946 2771 5016 πρὸς
2817 4947 2881 4996 τὰ
2925 4949 3097 5002 τέκνα.
3152 4951 3238 5001 Διό
3274 4954 3363 5003 καὶ
3409 4952 3435 5002 ὁ
3483 4955 3709 5026 Χριστὸς
3764 4957 3938 5027 εἴρηκε

2304 5031 2453 5102 ’πρὸς
2509 5030 2699 5093 αὐτοὺς
2752 5031 2800 5083 ἐν
2870 5041 2944 5105 τῷ
3016 5047 3428 5112 τεσσαρακοστῷ
3502 5041 3783 5114 κεφαλαίῳ,
3863 5046 3943 5096 ὅτι

2327 5126 2558 5182 Μωυσῆς
2627 5123 2755 5197 πρὸς
2825 5126 2919 5181 τὴν
2988 5124 3412 5203 σκληροκαρδίαν
3494 5130 3636 5203 ὑμῶν
3723 5130 3938 5206 ἐπέτρε-

2296 5207 2419 5278 .ψεν
2478 5210 2598 5281 ὑμῖν
2662 5208 2925 5265 ἀπολῦσαι
2979 5217 3072 5277 τὰς
3147 5224 3397 5289 γυναῖκας
3469 5220 3611 5292 ὑμῶν
3656 5237 3669 5250 '
3718 5216 3935 5275 διδόναι

2327 5292 2388 5350 δὲ
2445 5296 2790 5369 ἀποστάσιον,
2854 5302 2938 5358 ἶνα
2996 5306 3114 5377 (73)
3170 5310 3302 5383 μετὰ
3373 5315 3546 5378 τοῦτο,
3604 5312 3940 5385 γαμηθείσης

1799 5538 2016 5609 Variae
2056 5542 2385 5615 lectiones
2419 5555 2485 5617 et
2526 5561 2728 5621 notae.

615 5663 729 5739 (73)
757 5668 830 5742 μὴ
865 5666 1051 5741 addit,
1091 5675 1147 5731 et
1169 5686 1332 5745 mox,
1355 5678 1493 5749 post
1519 5674 1696 5754 ἀνδρί,
1728 5682 1945 5741 omittit
1974 5689 2041 5745 A.
