4098 6422
266 334 367 392 ⁸11⁸1

1288 334 1657 392 COMMENT.
1699 333 1771 391 IN
1811 334 2257 393 MATTHJEUM.
2300 367 2369 380 —-
2406 335 2567 395 CAP.
2615 336 2683 394 V.

3554 342 3666 399 218

274 464 436 523 αὐτῆς
463 462 610 535 ἐτίρῳ
641 457 827 535 ἀνδρὶ,
867 466 941 535 μὴ
1005 459 1208 536 δυνηθῇ
1262 463 1403 535 (74),
1435 466 1500 523 ὡς
1557 462 1755 524 οἰκείας
1804 484 1889 535 γυ-

2010 479 2210 519 rursus
2238 464 2710 536 apprehendere,
2737 466 2914 538 quasi
2946 467 3265 540 propriam,
3288 471 3345 525 et
3374 466 3513 523 hinc
3546 468 3660 525 ori-

275 557 474 624 ναικὸς,
522 551 674 605 πάλιν
729 550 1203 625 ἐπιλαμϐάνεσθαι,
1254 556 1341 605 καὶ
1394 557 1643 625 γίνωνται
1693 556 1896 625 συγχύ-

276 664 387 705 σεις
410 649 494 695 καὶ
528 645 745 702 στάσεις
772 640 1025 697 ἐντεῦθεν.

348 735 409 787 Ὀ
459 730 519 786 δὲ
574 735 802 806 Χριστὸς
856 739 969 797 νῦν,
1001 734 1361 806 ἡμερωτέρους
1405 730 1596 794 αύτούς
1645 728 1739 784 διὰ
1791 738 1893 784 τῶν

274 823 643 897 προλαϐόντων
695 821 859 892 λόγων
932 826 1298 888 καταστήσας,
1359 822 1567 887 κελεύει,
1624 826 1694 893 μή
1762 822 1892 874 ἀπο-

272 914 416 967 λύειν
468 920 565 969 τήν
611 917 854 984 γυναῖκα,
910 913 1165 985 παρεκτὸς
1218 910 1373 982 λόγου
1438 915 1697 984 πορνείας,
1742 929 1891 963 τουτ-

276 1003 415 1069 έστι,
489 998 631 1072 δίχα
708 1003 878 1061 αἰτίας
948 1004 1183 1074 πορνείας
1240 1019 1253 1030 ·
1327 1004 1567 1075 πορνείαν
1647 1000 1889 1065 ἐνταῦθα,

270 1098 370 1149 τήν
444 1095 692 1163 μοιχείαν
760 1088 1026 1161 ὀνομάσας

270 1182 363 1251 ὑφ’
394 1180 571 1253 ἑτέρου
616 1175 808 1249 ἀνδρὸς
858 1185 1067 1251 γαμεῖν.
1107 1184 1249 1250 Δίχα
1292 1181 1395 1251 γὰρ
1448 1178 1607 1249 λόγου
1659 1183 1893 1253 πορνείας

272 1272 303 1321 ὀ
350 1274 445 1341 μὲν
490 1267 763 1330 ἀπολύσας
811 1272 906 1325 τὴν
957 1267 1164 1337 ἑαυτοῦ,
1206 1275 1345 1321 ποιεῖ
1392 1267 1555 1327 αὐτὴν
1601 1271 1890 1340 μοιχεύειν,

273 1359 711 1431 συμπλειομενην
772 1357 926 1431 ἑτέρῳ
984 1356 1139 1432 ἀνδρί
1184 1376 1196 1389 ·
1231 1359 1256 1409 ὁ
1304 1354 1364 1409 δε
1412 1362 1666 1429 γαμήσας
1712 1355 1893 1410 ἀπολε-

268 1450 499 1522 λυμένην
550 1448 635 1519 ὑφ’
692 1448 885 1519 ἐτέρου,
941 1449 1178 1519 μοιχεύει
1230 1451 1322 1505 τὴν
1374 1446 1665 1521 ἀλλοτρίαν.
1714 1454 1893 1500 Ταῦτα

274 1536 335 1591 (ἴε
365 1540 749 1611 νομοθετήσας,
783 1542 1026 1610 σώφρονα
1054 1541 1144 1589 καὶ
1187 1540 1284 1595 τήν
1326 1543 1553 1608 γυναῖκα
1591 1542 1888 1594 πεποίηκεν.

276 1631 591 1683 Ἀκούσασα
634 1630 757 1701 γὰρ,
811 1628 894 1679 ὅτι
963 1626 1307 1679 ἀπολυθεῖσαν
1357 1626 1521 1685 αὐτὴν
1577 1622 1748 1688 οὐδεὶς
1798 1645 1888 1697 γα-

274 1722 461 1789 μήσει,
518 1716 724 1790 στέρξει
778 1719 867 1768 τὸν
931 1716 1114 1768 οἰκεῖον
1166 1711 1357 1790 ἄνδρα,
1408 1720 1499 1768 καὶ
1548 1716 1878 1790 θεραπεύσει.

1082 1106 1094 1118 ⁸
1154 1088 1281 1141 ἀλλὰ
1334 1085 1465 1162 μηδ’
1517 1088 1893 1161 ἀπολελυμένην
1936 1124 1939 1125 ν

2003 558 2210 609 rentur
2231 554 2592 609 turbationes
2625 570 2693 610 ac
2718 556 3064 614 seditiones.

2076 731 2341 787 Christus
2392 747 2529 787 vero
2571 734 2863 804 prmdictis
2913 735 3110 791 verbis
3152 736 3531 792 mansuetius
3566 750 3669 793 eos

2004 820 2343 887 instituens,
2370 821 2537 892 jubet
2566 838 2640 878 ne
2673 838 2919 879 uxorem
2967 824 3305 896 repudient,
3337 826 3447 880 nisi
3480 826 3669 898 stupri

2002 924 2204 965 causa.
2240 910 2527 980 Stuprum
2567 916 2768 967 autem
2798 918 2973 968 vocat
3002 913 3099 968 hic
3131 913 3524 983 adulterium;
3564 914 3669 969 sed

2002 1013 2199 1071 neque
2229 999 2545 1055 dimissam
2582 1002 2867 1072 permittit
2904 1002 3074 1058 alteri
3108 1004 3233 1058 viro
3272 1003 3519 1060 nubere.
3555 1004 3667 1069 Qui

2005 1088 2181 1153 enim,
2207 1093 2374 1144 extra
2412 1090 2597 1160 stupri
2645 1106 2912 1156 causam,
2971 1108 3141 1147 suam
3201 1092 3498 1164 repudiat,
3530 1092 3666 1148 facit

2001 1192 2136 1233 eam
2163 1177 2498 1233 adulteram
2524 1194 2831 1245 esse,cum
2858 1180 3023 1236 alteri
3036 1182 3161 1237 viro
3174 1184 3657 1238 commisceatur.

2003 1268 2113 1332 Qui
2143 1283 2285 1323 vero
2315 1268 2395 1322 sic
2424 1269 2502 1323 ab
2532 1267 2716 1324 altero
2745 1270 3118 1339 repudiatam
3149 1270 3407 1336 duxerit,
3442 1271 3668 1327 adulte-

1999 1356 2156 1410 rium
2183 1372 2320 1411 cum
2354 1357 2545 1412 aliena
2587 1358 2922 1413 committit.
2960 1359 3057 1412 His
3088 1364 3285 1414 autem
3332 1358 3485 1413 datis
3519 1374 3670 1429 prae-

1999 1445 2204 1516 ceptis,
2238 1462 2486 1501 uxorem
2514 1447 2695 1501 etiam
2726 1446 3121 1502 cordatiorem
3150 1464 3221 1503 ac
3256 1447 3668 1502 modestiorem

1998 1532 2270 1589 reddidit.
2291 1535 2501 1590 Audito
2529 1535 2965 1606 namquequod
2982 1551 3044 1590 se
3058 1535 3432 1607 repudiatam
3458 1534 3659 1590 nullus

1998 1622 2060 1677 in
2089 1639 2334 1679 uxorem
2369 1624 2657 1679 ducturus
2689 1628 2792 1689 est,
2826 1624 3141 1696 proprium
3177 1624 3403 1680 amabit
3442 1624 3665 1688 virum,

1999 1711 2467 1783 eiqueinserviet
2492 1732 2503 1770 :
2535 1718 2590 1768 et
2610 1712 2691 1768 ita
2712 1714 2979 1769 criminis
3008 1713 3283 1770 adulterii
3318 1714 3391 1769 ad
3406 1729 3670 1776 monens,

281 1808 438 1858 Οὕτω
469 1809 715 1877 μοιχείας
764 1803 1035 1857 ὑποϐαλὼν
1076 1803 1366 1876 ἐγκλήματι
1416 1808 1507 1855 καὶ
1554 1806 1641 1856 τόν
1692 1802 1888 1875 ἀλόγως

2010 1808 2122 1858 tam
2139 1817 2276 1856 eum
2302 1804 2399 1873 qui
2415 1802 2543 1858 sine
2569 1803 3077 1875 causapropriam
3098 1802 3371 1872 repudiat
3387 1818 3661 1873 uxorem,

285 1894 595 1946 ἐκϐάλλοντα
643 1898 732 1951 τήν
783 1893 968 1945 ἑαυτοῦ
1029 1900 1274 1965 γυναῖκα,
1336 1898 1425 1945 καὶ
1476 1896 1564 1946 τὸν
1618 1900 1890 1965 γαμοῦντα

274 1990 371 2041 τὴν
446 1982 829 2055 ἀπολελυμένην
911 1982 1085 2057 ἑτέρῳ,
1164 1981 1440 2054 ίπέσφιγξε
1509 1986 1604 2040 τὴν
1682 1982 1888 2055 εἰρήνην

272 2080 375 2123 τῶν
426 2072 697 2142 συζύγων,
738 2075 829 2123 καὶ
886 2074 946 2122 τὸ
1004 2075 1076 2143 μὴ
1135 2073 1403 2143 μοιχεύειν
1456 2070 1645 2142 μᾶλλον
1693 2070 1888 2123 ἐπέτει-

268 2180 373 2214 νεν,
409 2159 469 2211 Ὀ
512 2162 612 2235 γὰρ
662 2164 733 2232 μή
780 2158 1059 2225 ἐκϐάλλων,
1093 2158 1219 2211 ἀλλὰ
1265 2164 1493 2232 στέργων
1541 2163 1634 2217 τὴν
1682 2159 1886 2225 ἑαυτοῦ,

270 2250 369 2301 οὒκ
415 2248 476 2301 ἂν
528 2248 825 2321 ἐπιθυμήσῃ
878 2253 969 2310 τὴς
1013 2247 1279 2322 ἀλλοτρίας
1313 2266 1325 2279 '
1363 2253 1455 2301 καὶ
1501 2249 1526 2300 ὁ
1577 2248 1892 2321 κωλυόμενος

268 2346 470 2410 γαμεῖν
509 2343 606 2396 τὴν
639 2336 1019 2410 ἀπολελυμένην
1051 2337 1220 2412 ἑτέρῳ,
1255 2338 1350 2390 οὐκ
1396 2336 1457 2389 ἂν
1509 2338 1748 2411 ἀπολύσῃ
1797 2342 1892 2397 τήν

272 2428 464 2480 ἑαυτοῦ
474 2469 487 2481 .
629 2483 637 2497 ι

347 2517 515 2569 Πάλιν
562 2546 634 2557 -
682 2515 830 2578 ὅλως.
881 2514 975 2589 [Τὸ
1028 2520 1150 2588 μήν,
1202 2515 1317 2587 (75)
1371 2514 1483 2568 Οὐκ
1540 2514 1890 2590 ἐπιορκήσεις,

276 2611 577 2678 γέγραπται
652 2603 702 2657 ἓν
780 2612 842 2677 τῇ
932 2604 1095 2677 βίϐλῳ
1158 2612 1251 2665 τῆς
1325 2601 1541 2668 Ἐξόδου
1599 2621 1614 2636 θ
1680 2608 1738 2656 τό
1811 2602 1890 2673 δὲ,

276 2690 610 2754 ’Δποδὼσεις
679 2701 753 2763 τῷ
822 2698 1000 2768 Κυρίῳ
1078 2695 1198 2755 τοὺς
1270 2694 1458 2768 ὅρκους
1520 2712 1635 2755 σου,
1704 2693 1755 2746 ἐν
1824 2702 1886 2766 τῇ

276 2782 448 2855 βίϐλῳ
500 2791 594 2835 τοῦ
654 2787 1075 2857 Δευτερονομίου,
1124 2782 1258 2841 πλὴν
1313 2779 1386 2835 δι’
1438 2781 1616 2855 ἑτέρων
1662 2782 1840 2846 λέξεων
1874 2805 1886 2817 ·

280 2876 378 2925 Καὶ
410 2874 525 2942 (76)
574 2879 646 2942 τῷ
694 2872 907 2943 ὀνόματι
967 2876 1160 2946 Κυρίου
1214 2871 1338 2944 ὁμῇ.
1370 2870 1541 2924 Τοῦτο
1596 2869 1656 2925 δε
1700 2876 1886 2945 προσέ-

276 2962 448 3030 ταξεν,
486 2962 573 3012 ἶνα
614 2965 688 3033 μὴ
738 2964 875 3013 κατὰ
922 2968 1020 3012 τῶν
1066 2956 1423 3033 ψευδωνύμων
1465 2963 1588 3013 θεῶν
1633 2960 1885 3034 ὀμνύωσι.

344 3053 419 3102 Τό
450 3054 523 3121 μή
572 3049 789 3121 ὀμόσαι,
836 3054 927 3101 καὶ
975 3052 1034 3100 τό
1066 3054 1133 3121 μὴ
1174 3048 1469 3108 ἀπαιτῆσαι
1498 3052 1648 3125 ὅρκον
1678 3069 1889 3102 συνεισ-

1996 1905 2180 1961 quam
2213 1906 2373 1958 eum,
2427 1891 2530 1963 qui
2585 1891 2663 1946 ab
2717 1890 2833 1947 alio
2889 1891 3265 1963 repudiatam
3321 1891 3504 1958 ducit,
3564 1907 3667 1963 pa-

1995 1995 2125 2035 cem
2154 1980 2604 2049 eonjunctorum
2632 1981 3005 2047 constrinxit,
3035 1981 3350 2052 magisque
3402 1996 3476 2035 ne
3502 1996 3672 2036 com-

1994 2067 2324 2124 mitteretur
2348 2068 2709 2124 adulterium
2734 2069 2980 2125 curavit.
3017 2070 3122 2135 Qui
3161 2069 3319 2125 enim
3346 2085 3516 2125 suam
3539 2084 3663 2124 non

1997 2156 2215 2227 abjicit,
2251 2157 2357 2213 sed
2389 2162 2545 2213 amat
2570 2158 2794 2229 potius,
2838 2157 3097 2213 alienam
3121 2173 3497 2230 nequaquam
3531 2173 3671 2214 con-

1998 2247 2261 2318 cupiscet
2289 2268 2300 2299 :
2336 2246 2607 2305 similiter
2637 2248 2804 2319 etqui
2821 2247 2898 2302 ab
2928 2246 3045 2303 alio
3075 2247 3452 2319 repudiatam
3471 2248 3671 2320 prohi-

1993 2336 2171 2394 betur
2199 2336 2438 2401 ducere,
2472 2353 2634 2392 suam
2669 2352 2791 2392 non
2817 2335 2989 2393 facile
3016 2336 3377 2408 repudiabit.

2072 2517 2237 2570 Vers.
2290 2518 2375 2571 33.
2408 2516 2665 2571 Rursum
2695 2545 2763 2555 ——
2797 2515 3062 2579 Vers.r34
3116 2515 3368 2571 omnino.
3419 2515 3452 2581 *1-
3510 2514 3661 2571 Illud

1995 2604 2265 2676 quidem,
2297 2605 2435 2661 Non
2464 2605 2751 2675 pejerabis
2783 2606 2825 2669 1,
2858 2605 2916 2660 in
2947 2605 3101 2660 libro
3132 2604 3319 2661 Exodi
3346 2604 3622 2660 scribitur
3651 2621 3664 2659 :

1997 2693 2587 2756 hocautem,Reddes
2602 2695 2843 2751 Domino
2846 2697 3213 2765 juramenta
3244 2700 3344 2750 tua
3375 2697 3418 2761 ³,
3438 2696 3495 2749 in
3515 2693 3669 2750 libro

1998 2782 2467 2847 Deuteronomii,
2497 2783 2606 2838 sed
2640 2799 2743 2854 per
2768 2783 2885 2839 alia
2910 2784 3116 2841 verba.
3143 2784 3435 2855 Praecepit
3464 2788 3667 2840 autem

1998 2872 2134 2935 hoc,
2169 2888 2242 2928 ne
2284 2888 2390 2943 per
2421 2872 2553 2928 falsi
2578 2872 2846 2928 nominis
2878 2873 3022 2928 deos
3046 2874 3338 2943 jurarent.

2070 3052 2112 3121 -ξ-
2144 3053 2269 3106 Non
2307 3050 2531 3121 jurare,
2586 3056 2642 3107 et
2687 3050 3099 3122 juramentum
3148 3066 3271 3107 non
3316 3054 3539 3122 petere,
3590 3050 3671 3107 ad

272 3139 410 3209 ἄγει.
462 3138 529 3190 ’0
580 3141 684 3213 γὰρ
740 3142 805 3190 σύ
860 3140 1080 3210 φεύγεις,
1129 3146 1239 3201 πῶς
1296 3137 1501 3201 ἐπάξεις
1558 3147 1631 3209 τῷ
1684 3135 1888 3211 ἀδελφῷ

2010 3139 2157 3195 idem
2173 3139 2483 3196 inducunt.
2511 3139 2824 3205 Quomodo
2854 3140 3013 3195 enim
3037 3138 3113 3194 ad
3141 3139 3197 3194 id
3221 3140 3460 3211 quodtu
3481 3139 3664 3209 fugis,

271 3246 390 3293 σου,
432 3231 574 3299 εἷπερ
606 3224 912 3300 φιλάδελφος
945 3223 1009 3295 εἶ,
1036 3232 1127 3279 καὶ
1159 3228 1218 3280 οὐ
1252 3228 1649 3302 φίλοχρήματος
1677 3246 1692 3299 5
1718 3227 1741 3301 ]

338 3406 403 3458 Ὁ
430 3410 522 3477 μὶν
552 3405 770 3467 παλαιός
808 3410 962 3478 νόμος
1010 3411 1188 3478 φησὶν,
1237 3408 1317 3458 ὅτι
1367 3406 1478 3458 Ούκ
1536 3406 1887 3482 ἐπιορκήσεις,

266 3500 632 3568 προσενέγκῃς
660 3496 777 3566 (7‘7)
810 3492 871 3548 δὲ
904 3504 974 3565 τῷ
1019 3502 1134 3565 Θεῷ
1176 3500 1298 3556 τούς
1347 3496 1534 3567 ὅρκους
1576 3515 1692 3548 σου.
1725 3503 1889 3548 Τοῦτο

268 3582 329 3637 δὲ
376 3581 511 3651 εἶπε,
559 3584 715 3656 φόϐον
764 3592 855 3636 τοῦ
908 3589 980 3656 μή
1037 3583 1350 3658 ἐπιορκῆσαι
1394 3585 1765 3660 ἐπικρεμαννύς
1816 3593 1889 3656 τῷ

264 3675 539 3745 ὀμνύοντι,
568 3678 903 3744 γινώσκοντι,
956 3675 1036 3725 ὅτι
1087 3676 1112 3726 ὁ
1146 3678 1276 3736 Θεὸς
1324 3675 1481 3736 αὐτὸς
1535 3672 1753 3747 δέχεται
1801 3678 1889 3727 τόν

264 3766 448 3835 ὅρκον,
505 3765 533 3814 ὁ
583 3764 755 3814 πάντα
800 3768 1089 3834 γινώσκων.
1136 3762 1265 3835 Ἐγὼ
1324 3760 1383 3817 δὲ
1434 3763 1564 3835 λέγω
1622 3766 1763 3835 ὑμῖν,
1813 3769 1883 3826 μὴ

266 3854 472 3924 ὀμόσαι
518 3851 671 3912 ὅλως.
708 3851 767 3903 Ὁ
957 3854 1061 3926 γὰρ
1116 3852 1362 3926 εύορκῶν,
1416 3856 1541 3915 ἴσως
1586 3852 1890 3925 ἐπιορκήσει

263 3946 397 3995 ποτε
429 3942 518 4015 [τῇ
572 3942 687 4011 (78)
737 3942 989 4013 συνηθείᾳ
1019 3949 1109 3994 τοῦ
1158 3942 1364 4015 ὀμνύειν
1396 3958 1408 3971 ⁸
1455 3943 1481 3994 ό
1524 3938 1585 3995 δε
1624 3939 1890 4015 μηδέποτε

262 4033 497 4105 ὀμνύων,
565 4031 660 4083 ούκ
721 4030 1025 4104 ἐπιορκήσει
1076 4030 1242 4105 ποτέ].
1304 4030 1501 4093 ’Ἄλλως
1555 4050 1611 4085 τε
1667 4029 1747 4101 δε,
1799 4037 1890 4086 καὶ

263 4124 325 4174 τὸ
390 4126 483 4194 μὲν
536 4120 791 4192 ὀμνύοντα
846 4124 917 4192 μή
973 4119 1252 4192 ἐπιορκεῖν,
1314 4119 1574 4174 εὐσέϐειαν
1631 4120 1701 4183 εἰς
1760 4125 1889 4175 Θεὸν

263 4207 522 4263 ἐπαίδευε
556 4225 568 4238 ·
601 4211 658 4261 τὸ
715 4205 776 4261 δε
813 4213 882 4279 μή
922 4207 1127 4281 ὀμνύειν
1175 4210 1324 4279 ὅλως,
1379 4209 1618 4263 ἐπιτείνει
1658 4210 1890 4283 μάλιστα

261 4306 364 4358 τήν
426 4296 711 4352 εὐσέϐειαν.
770 4295 985 4351 Κάκεῖνο
1042 4301 1133 4371 μεν
1183 4306 1278 4362 τῆς
1329 4302 1492 4371 μέσης
1538 4303 1628 4352 καὶ
1684 4297 1890 4361 ἀτελοῦς

262 4387 327 4448 ἦν
388 4388 706 4461 φιλοσοφίας
765 4403 780 4418 ’
836 4394 989 4439 τοῦτο
1044 4384 1106 4440 δι
1162 4395 1254 4448 τῆς
1324 4389 1490 4461 ἄκρας
1546 4392 1636 4441 καὶ
1701 4388 1890 4448 τελείας

262 4478 409 4531 ἐστί.

1989 3229 2241 3288 fratrem
2275 3233 2441 3285 tuum
2473 3229 2742 3295 induces,
2777 3229 2824 3282 si
2859 3234 3058 3285 tamen
3092 3228 3282 3285 fratris
3311 3234 3543 3284 amator
3576 3244 3666 3294 es,

2000 3324 2056 3373 et
2084 3333 2206 3373 non
2240 3318 2436 3387 magis
2468 3318 2737 3389 pecuniae
2768 3315 2794 3370 ?

2069 3407 2248 3463 Vetus
2262 3408 2507 3479 quidem
2530 3407 2773 3463 lexdicit
2800 3423 2811 3462 :
2828 3406 2956 3463 Non
2968 3407 3261 3477 pejerabis
3292 3408 3525 3476 ;o/feres
3551 3422 3667 3462 au-

2000 3501 2112 3552 tem
2136 3497 2733 3566 Dominojuramenta
2750 3504 2868 3552 tua.
2887 3496 3058 3561 Quod
3085 3496 3252 3552 addit
3275 3504 3334 3551 ut
3354 3496 3577 3566 jurauti
3598 3495 3667 3551 ti-

2000 3585 2549 3650 moremincuteret,
2584 3600 2658 3640 ne
2687 3586 2995 3656 pejeraret,
3024 3585 3221 3641 sciens
3241 3585 3666 3655 Deumipsum,

1998 3675 2102 3747 qui
2140 3674 2343 3731 omnia
2369 3676 2550 3739 novit,
2580 3675 2997 3744 juramentum
3030 3674 3358 3746 suscipere.
3395 3675 3519 3745 Ego
3565 3689 3670 3730 au-

1998 3771 2112 3821 tem
2139 3765 2270 3820 dico
2302 3764 2459 3820 vobis
2492 3782 2507 3819 :
2534 3764 2626 3819 Ne
2643 3764 2855 3833 juretis
2885 3764 3140 3819 omnino.
3174 3763 3283 3831 Qui
3306 3764 3462 3819 enim
3496 3763 3669 3819 facile

1975 3854 2174 3927 ‘jurat,
2205 3853 2537 3925 aliquando
2555 3853 2809 3909 fortasse
2832 3852 3125 3924 pejerabit
3150 3855 3229 3909 ob
3253 3853 3496 3923 jurandi
3525 3868 3670 3907 con-

1999 3942 2402 3998 suetudinem:
2437 3942 2535 4013 qui
2568 3948 2767 3997 autem
2795 3941 2959 3997 nullo
2986 3942 3167 3997 modo
3202 3943 3381 4012 jurat,
3416 3958 3537 3997 non
3567 3958 3670 4013 pe-

1993 4030 2215 4102 jerabit
2239 4046 2535 4102 unquam.
2568 4030 2860 4087 Praeterea
2883 4046 3115 4102 quoque
3132 4031 3348 4100 jurans
3364 4032 3448 4086 ita
3470 4046 3543 4086 ne
3564 4047 3666 4102 pe-

1992 4120 2170 4191 jeres,
2204 4118 2429 4175 cultum
2457 4118 2728 4174 divinum
2752 4122 3067 4191 observas;
3097 4126 3155 4175 at
3174 4119 3341 4174 nullo
3370 4120 3665 4189 modoju-

1999 4224 2157 4279 rans,
2181 4209 2380 4280 ipsum
2409 4208 2667 4264 maxime
2696 4207 2992 4279 provehis,
3020 4212 3076 4262 et
3096 4207 3247 4264 illud
3276 4208 3593 4264 mediocris
3606 4212 3663 4264 et

1999 4298 2351 4369 imperfecta;
2382 4296 2772 4370 philosophiae
2793 4302 2898 4362 est,
2932 4297 3047 4353 hoc
3071 4301 3271 4352 autem
3304 4312 3556 4352 summa:
3584 4313 3668 4354 ac

1974 4442 1979 4446 .
2000 4388 2303 4461 perfectas.

338 4573 497 4625 Μήτε
543 4596 612 4605 —
653 4563 930 4637 βασιλέως.
964 4564 1074 4619 Ἰνα
1138 4571 1209 4639 μὴ
1258 4570 1568 4639 νομίσωσιν,
1612 4569 1693 4621 ὅτι
1739 4572 1889 4640 μόνον

2072 4565 2233 4620 Vers.
2275 4569 2364 4621 3i.
2404 4565 2607 4636 Neque
2654 4594 2717 4604 -
2761 4566 2824 4619 V.
2871 4566 2960 4620 35.
3019 4563 3168 4635 regis
3215 4570 3314 4621 est.
3370 4566 3452 4620 Ne
3492 4569 3667 4636 puta-

260 4662 320 4710 τό
356 4658 503 4708 κατὰ
556 4662 690 4707 Θεοῦ
744 4653 947 4725 ὀμνύειν
996 4653 1244 4723 ἐκώλυσε,
1290 4654 1422 4726 λέγω
1466 4652 1534 4714 δὴ
1581 4659 1663 4725 τὸ,
1695 4659 1770 4727 μὰ
1806 4659 1892 4707 τὸν

264 4752 430 4814 Θεὸν,
458 4744 793 4817 προστίθησι
836 4742 1015 4796 λοιπὸν
1059 4749 1147 4815 καὶ
1196 4743 1359 4797 τᾶλλα
1404 4741 1519 4803 εἴδη
1565 4753 1669 4819 τῶν
1705 4746 1890 4820 ὅρκων,

266 4836 316 4887 ἐν
374 4836 457 4896 οἷς
516 4829 772 4886 Ἰουδαῖοι
845 4840 1134 4890 τηνικαῦτα
1195 4836 1413 4905 ὤμνυον.
1474 4834 1533 4885 Ὸ
1590 4836 1693 4908 γὰρ
1759 4835 1895 4887 κατὰ

2002 4659 2131 4710 rent
2155 4654 2320 4726 quod
2352 4654 2637 4710 adversus
2653 4654 2839 4709 Deum
2863 4654 3056 4709 solum
3077 4654 3282 4726 jurare
3311 4653 3664 4726 prohiberet,

2002 4743 2279 4810 dicendo,
2338 4746 2412 4816 μὰ
2454 4746 2541 4796 τὸν
2594 4746 2744 4809 Θεὸν,
2784 4742 2847 4798 id
2895 4748 2981 4799 est
3033 4759 3134 4814 per
3154 4744 3359 4807 Deum,
3408 4741 3573 4798 addit
3611 4748 3667 4800 et

2004 4832 2153 4889 alias
2177 4833 2663 4903 juramentorum
2694 4832 2942 4903 species,
2970 4832 3189 4904 quibus
3215 4832 3557 4888 tuncJudaai
3575 4832 3668 4903 ju-

268 4926 473 4978 τούτων
525 4922 749 4995 ὀμνύων,
807 4920 988 4993 ὀμνύει
1038 4921 1191 4975 πάλιν
1241 4925 1377 4983 κατὰ
1444 4930 1555 4983 τοῦ,
1591 4929 1747 4989 Θεοῦ,
1787 4930 1889 4976 ατοῦ

2010 4922 2220 4982 rabant
2256 4923 2391 4996 :qui
2420 4922 2582 4979 enim
2618 4935 2725 4994 per
2753 4921 2882 4991 haec
2899 4923 3074 4994 jurat,
3103 4937 3310 4990 rursus
3338 4936 3444 4994 per
3473 4923 3664 4979 Deum

348 5108 363 5141 ι
402 5102 592 5161 Exod.
650 5117 743 5167 xx,
774 5102 831 5156 7.
911 5103 933 5135 ³
964 5102 1122 5158 Deut.
1151 5116 1314 5169 xxm,
1341 5101 1431 5169 ‘21,
1462 5104 1552 5160 23.

1505 5278 1734 5348 Variae
1764 5279 2091 5350 lectiones
2132 5287 2198 5348 et
2228 5288 2430 5348 notae.

322 5487 425 5566 (74)
467 5485 737 5566 δὐνῃθείη
874 5559 1057 5566 _u__
1101 5545 1278 5566 LJA‘
1325 5551 1340 5566 Δ
1382 5510 1387 5513 τ

301 5545 417 5640 {75'}
454 5560 720 5623 Inclusa
762 5551 841 5640 1"}
873 5545 1375 5640 ¥P§£¥sﬂakéléz

672 5688 1109 5760 non'reperiri
1146 5690 1403 5755 αύτολεξεί
1427 5689 1489 5747 in
1519 5692 1581 5745 V.
1611 5692 1670 5747 Τ.

436 5616 657 5706 ait};
682 5656 770 5669 --
806 5619 920 5693 ὀμῇ
952 5616 1151 5698 omisit
1173 5617 1759 5706 ﬂentenius.‘lﬁo~tum
1787 5634 1889 5677 au-

2093 5477 2184 5547 77)
2210 5476 2476 5533 Aoristus
2525 5474 2889 5547 conjunctivi
2946 5489 3055 5547 pro
3109 5474 3306 5532 futuro
3325 5477 3657 5547 προσοίσεις.

2093 5480 2157 5530 77
2210 5477 2476 5533 Aoristus
2525 5477 2889 5547 conjunctivi
2946 5489 3055 5547 pro
3109 5477 3306 5532 futuro
3325 5477 3657 5547 προσοίσεις.

2092 5477 2346 5677 ἹΒΞΟΙΜΒ
2377 5548 2472 5604 hic
2492 5548 2864 5629 inclusimus,
2897 5562 2971 5603 ea
2990 5563 3065 5603 ex
3088 5547 3223 5605 cod.
3244 5550 3312 5617 Α,
3342 5546 3509 5603 haud
3537 5548 3659 5605 du-

2117 5635 2154 5676 o
2227 5619 2448 5677 duplex
2475 5624 2619 5677 ποτε.
2653 5618 3015 5676 exeiderant.

1995 5618 2092 5676 bie
2117 5618 2198 5677 ob
2227 5619 2448 5694 duplex
2475 5624 2619 5687 ποτε,
2653 5618 3015 5676 exciderant.
