4098 6382
527 341 630 399 219
1843 337 2198 395 EUTHYMII
2230 337 2566 396 ZIGABENI
3794 340 3897 395 220

523 470 707 541 jurat,
764 468 869 540 qui
898 468 1022 524 haec
1072 466 1298 539 implet,
1363 466 1567 539 eisque
1620 466 1987 522 dominatur.
2039 469 2141 522 Nai

2295 466 2611 541 πληροῦντος
2636 463 2790 528 αὐτὰ,
2818 468 2907 517 καὶ
2964 460 3307 529 δεσπόζοντος
3336 463 3530 521 αὐτῶν.
3587 467 3750 537 Τίμια
3794 468 3893 541 γὰρ

528 558 658 614 haec
711 563 953 629 propter
1008 573 1141 613 eum
1191 558 1252 611 in
1304 556 1531 613 honore
1603 556 1915 619 habentur,
1958 560 2015 611 et
2069 571 2145 612 no

2295 562 2463 607 ταῦτα
2496 555 2554 607 ού
2597 551 2670 607 δι’
2709 554 2888 616 ἑαυτὰ,
2934 552 3062 606 ἀλλά
3113 551 3187 607 δι’
3232 554 3406 606 αύτόν.
3457 558 3785 628 Προφητικόν
3818 551 3894 621 δὲ,

528 664 635 721 per
692 648 902 718 seipsa.
956 647 1101 702 Dicit
1149 651 1349 703 autem
1406 662 1512 715 per
1546 647 1933 718 prophetam:
1969 646 2146 701 Caelw

2295 644 2353 698 Ὀ
2406 645 2617 719 ούρανός
2679 662 2769 711 μοι
2830 646 3025 717 θρόνος,
3081 645 3111 702 ἠ
3174 640 3233 697 δὲ
3301 652 3368 716 γῆ
3444 640 3729 696 ὑποπόδιον
3800 653 3896 697 τῶν

531 737 674 793 mihi
700 737 851 792 sedes
880 744 985 802 est,
1020 743 1176 793 terra
1206 743 1402 793 autem
1446 735 1761 791 scabeltum
1788 736 2001 805 pedum
2032 750 2149 791 mea

2296 731 2474 787 ποδῶν
2504 753 2604 807 μου
2640 751 2650 763 ·
2702 730 2914 796 δηλοῦν,
2950 734 3027 785 ὅτι
3084 734 3111 785 6
3167 736 3297 795 Θεὸς
3354 734 3421 785 τά
3470 734 3641 785 πάντα
3686 732 3896 806 πληροῖ.

532 843 662 881 rum
695 830 737 891 ³,
770 825 1161 881 manifestans
1213 840 1319 897 per
1364 824 1477 879 hoc
1508 825 1819 896 propheta,
1862 824 2025 895 quod
2063 840 2150 880 on:

2299 829 2436 883 Φησὶ
2500 825 2599 897 γὰρ
2657 843 2669 855 ·
2723 822 2867 894 Ούχὶ
2937 826 3023 874 τὸν
3095 823 3310 895 ούρανόν
3364 826 3453 874 καὶ
3508 826 3600 880 τὴν
3656 829 3751 893 γῆν
3802 821 3897 895 ἕγὼ

531 916 635 972 nia
684 918 840 970 Deus
891 915 1147 987 impleat.
1213 914 1306 968 Ait
1357 913 1517 968 enim
1549 915 1797 969 :Nonne
1875 915 2079 969 cretum
2137 931 2149 970 ι

2297 911 2478 986 πληρῶ
2511 932 2525 980 ;
2560 916 2832 966 Δαυῑτικόν
2883 907 2942 964 δὲ
2980 928 2991 941 ·
3051 911 3110 966 Ἡ
3157 911 3305 973 πόλις
3352 918 3445 963 τοῦ
3502 910 3760 983 βασιλέως
3807 918 3893 965 τοῦ

532 1012 754 1062 terram
781 1020 885 1075 ego
914 1005 1163 1074 impleo‘
1194 1004 1221 1059 ?
1266 1003 1451 1059 David
1483 1018 1727 1075 quoque
1766 1002 1908 1058 dicit
1936 1019 1948 1057 :
1980 1004 2189 1059 Civitas
2299 1001 2543 1074 μεγάλου.

532 1097 678 1166 regis
703 1095 901 1165 magni
925 1096 972 1151 ⁵.

601 1184 762 1240 Vers.
808 1184 901 1239 37.
951 1184 1153 1254 Neque
1198 1213 1265 1222 —
1310 1183 1520 1251 facere.
1582 1184 1783 1253 Neque
1836 1181 2191 1237 vilissimum

2369 1184 2514 1238 Μήτε
2542 1208 2606 1220 -
2650 1178 2895 1237 ποιῆσαι.
2934 1175 3087 1237 Μηδὲ
3137 1180 3224 1231 τὸν
3277 1176 3658 1245 εὐτελέστατον,
3690 1183 3781 1232 καὶ
3812 1174 3900 1232 διὰ

530 1272 787 1345 ideoque
806 1272 1251 1344 paratissimum
1277 1272 1688 1343 juramentum
1711 1270 2027 1342 juraveris,
2056 1270 2148 1326 dic

2298 1276 2451 1321 τοῦτο
2511 1272 2921 1343 προχειρότατον
2975 1270 3127 1341 ὅρκον
3186 1267 3407 1341 ὀμόσῃς,
3473 1272 3608 1340 φημὶ
3665 1264 3760 1335 δὴ,
3818 1271 3901 1321 τόν

533 1379 679 1419 sane
697 1377 792 1433 per
818 1362 1123 1433 proprium
1153 1368 1356 1432 caput,
1386 1376 1460 1416 ne
1486 1361 1665 1417 etiam
1698 1359 1775 1416 ad
1798 1360 2034 1432 majora
2060 1374 2151 1430 ρι’(

2299 1359 2435 1409 κατὰ
2494 1365 2583 1417 τῆς
2642 1354 2783 1418 ἰδίας
2834 1356 3080 1429 κεφαλῆς,
3138 1358 3221 1408 ἵνα
3285 1360 3357 1428 μὴ
3415 1360 3505 1408 καὶ
3563 1355 3634 1418 εὶς
3688 1356 3902 1427 μείζονα

530 1452 729 1509 cedas.
764 1451 890 1507 Alio
922 1451 1366 1523 quoquemode.
1410 1453 1691 1506 Creatura
1713 1464 1979 1521 namque
2010 1450 2148 1504 etiai

2299 1445 2519 1521 προϐῇς.
2554 1446 2752 1507 Ἄλλως
2798 1465 2849 1498 τε
2898 1442 2974 1517 δε,
3014 1450 3104 1498 καὶ
3154 1446 3285 1503 αῦτη
3338 1449 3556 1517 κτίσμα,
3592 1448 3683 1497 καὶ
3731 1454 3903 1517 κτῆμα

533 1542 635 1597 Dei
651 1541 957 1613 possessio
974 1544 1062 1595 est
1089 1545 1429 1595 :etrursum
1456 1554 1563 1611 per
1589 1542 1774 1594 Deum
1801 1540 1863 1593 ﬁt
1888 1540 2151 1609 juramer

2303 1544 2436 1589 Θεοῦ
2466 1535 2601 1605 ἐστι,
2633 1540 2722 1588 καὶ
2753 1535 2908 1587 πάλιν
2952 1537 3089 1587 κατὰ
3118 1542 3210 1587 τοῦ
3251 1540 3405 1598 Θεοῦ,
3448 1541 3540 1586 τοῦ
3579 1532 3904 1597 ἐξουσιάζονο

534 1634 682 1699 tum,
709 1630 813 1702 qui
842 1630 1041 1701 ipsum
1070 1630 1126 1684 in
1154 1645 1265 1685 sua
1293 1629 1472 1685 habet
1495 1632 1809 1700 potestate.
1850 1628 2004 1683 Licet
2031 1626 2152 1683 enir

2301 1645 2383 1686 τος
2428 1625 2611 1690 αὐτῆς,
2656 1630 2855 1695 γίνεται
2899 1626 2925 1676 ό
2975 1626 3145 1697 ὅρκος.
3178 1624 3239 1676 Εἰ
3271 1626 3369 1697 γὰρ
3401 1627 3491 1675 καὶ
3522 1628 3587 1681 σή
3631 1621 3767 1690 ἐστι,
3801 1620 3901 1674 ἀλλ’

534 1731 703 1776 tuum
717 1734 959 1790 quoque
984 1719 1074 1784 sit,
1100 1734 1221 1774 non
1244 1723 1539 1774 esttamen
1563 1723 1731 1772 tuum
1754 1732 1903 1788 Opus
1928 1715 2095 1788 quod
2120 1732 2151 1771 e

2302 1714 2359 1766 ού
2394 1718 2483 1767 σόν
2513 1714 2626 1785 (‘79)
2658 1718 2882 1785 ποίημα.
2919 1718 3019 1767 Καὶ
3068 1710 3249 1781 δῆλον,
3288 1710 3389 1765 ἀπό
3419 1719 3511 1764 τοῦ
3538 1716 3610 1784 μὴ
3645 1708 3904 1765 δύνασθαί

532 1825 601 1865 eo
632 1806 1023 1863 manifestum
1050 1813 1157 1870 est,
1184 1808 1326 1879 quia
1347 1823 1465 1863 non
1494 1812 1662 1879 potes
1695 1822 1882 1861 unum
1909 1804 2150 1877 capillut

1909 1804 2192 1877 capillum
2226 1821 2269 1877 Β
2305 1823 2361 1856 σε
2386 1809 2509 1876 μίαν
2538 1807 2704 1878 τρίχα
2732 1811 2956 1862 ποιῆσαι
2980 1802 3166 1861 λευκὴν
3194 1801 3224 1860 ἣ
3252 1800 3511 1874 μέλαιναν.

530 1897 726 1954 album
746 1896 937 1953 facere
965 1895 1054 1951 vel
1081 1896 1339 1967 nigrum.

605 1988 768 2043 Vers.
811 1986 903 2041 3.6
960 1988 1045 2041 Sit
1077 1991 1271 2043 —est.
1333 1986 1437 2052 Sit,
1496 1986 1706 2057 inquit,
1751 2000 1949 2041 sermo
2005 1988 2196 2040 vester

2374 1981 2549 2035 ’Ἑστω
2585 2012 2654 2021 -
2698 1979 2859 2036 ἐστιν.
2909 1978 3105 2047 Ἔστω,
3159 1984 3339 2051 φησιν,
3386 1979 3412 2031 ὀ
3465 1978 3616 2051 λόγος
3670 1980 3835 2051 ὑμῶν,
3882 1981 3906 2030 ό

533 2078 782 2148 quando
854 2075 1165 2132 afﬁrmatis
1207 2093 1217 2129 :
1254 2076 1660 2148 Est;quando
1731 2090 1875 2130 vero
1946 2073 2151 2143 negati:

2306 2070 2665 2144 βεϐαιωτικός,
2708 2072 2791 2122 ὅτε
2838 2072 2928 2141 μὲν
2977 2070 3343 2134 κατατίθεσθε,
3390 2073 3520 2120 ναί·
3569 2069 3652 2121 ὃτε
3708 2064 3768 2121 δε
3817 2066 3904 2140 ἀρ-

532 2166 666 2221 Νοη
701 2164 955 2235 :hisque
1017 2165 1157 2221 solis
1209 2181 1311 2235 pro
1342 2164 1699 2234 juramentis
1752 2164 1829 2219 ad
1879 2162 2150 2218 conﬁrmz

2303 2163 2492 2226 νείσθε,
2549 2163 2629 2213 οῦ.
2687 2164 2787 2211 Καὶ
2844 2161 3048 2220 τούτοις
3100 2163 3274 2230 μόνοις
3348 2156 3418 2218 εἰς
3456 2156 3747 2229 βεϐαίωσιν
3799 2158 3906 2209 ἀντὶ

536 2254 757 2308 tionem
800 2252 1067 2319 utamini,
1115 2257 1171 2307 et
1200 2252 1365 2307 nullo
1395 2252 1512 2307 alio
1542 2268 1727 2323 quam
1780 2253 1881 2307 Est
1935 2256 1991 2305 et
2030 2252 2154 2307 Non

2304 2253 2466 2325 ὅρκων
2497 2250 2795 2323 χρήσασθε,
2845 2252 2930 2299 καὶ
2984 2244 3150 2319 μηδὲν
3194 2246 3342 2299 πλέον
3396 2253 3489 2298 τοῦ
3536 2251 3620 2299 ναὶ
3668 2250 3763 2298 καὶ
3818 2249 3898 2302 οὗ.

535 2342 707 2407 Quod
752 2346 959 2411 praeter
1003 2342 1132 2397 haec
1175 2342 1541 2411 adjungitur,
1584 2341 1724 2396 dicit
1760 2342 2153 2411 juramentum

2306 2341 2562 2411 Περισσὸν
2608 2336 2666 2389 ὸε
2714 2338 2908 2388 τούτων
2965 2335 3101 2407 λέγει
3138 2338 3223 2388 τόν
3272 2337 3445 2408 ὅρκον.
3497 2339 3597 2389 Καὶ
3634 2333 3677 2386 εί
3733 2333 3788 2385 ἐκ
3817 2341 3903 2387 τοῦ

534 2432 593 2487 Si
654 2436 851 2487 autem
902 2431 1312 2501 juramentum
1354 2447 1388 2486 a
1431 2430 1676 2486 diabolo
1729 2436 1833 2495 est,
1885 2429 2152 2501 quomod

2306 2425 2556 2481 διαϐόλου
2589 2429 2729 2479 ἐστὶν
2775 2428 2800 2478 ὁ
2851 2427 3024 2500 ὅρκος,
3055 2426 3215 2485 πῶςὸ
3272 2424 3493 2484 παλαιός
3545 2428 3703 2496 νόμος
3759 2424 3905 2476 αὐτὸν

532 2520 730 2593 ipsum
758 2520 853 2575 lex
891 2524 1059 2575 vetus
1095 2520 1471 2591 permittebat
1500 2519 1527 2573 ‘2
1551 2519 1699 2585 Quia
1749 2524 1804 2574 et
1838 2518 2150 2574 animaliux

2304 2517 2595 2591 ἐπίτρεψε;
2646 2520 2788 2568 Διότι
2836 2520 2925 2567 καὶ
2984 2517 3039 2567 αἱ
3094 2515 3384 2575 ξωοθυσίαι
3438 2512 3493 2566 ἐκ
3533 2521 3623 2566 τοῦ
3681 2520 3905 2588 πονηροῦ

534 2608 826 2665 sacriﬁcia
856 2626 891 2663 a
920 2610 1081 2664 malo
1106 2609 1353 2680 quidem
1375 2614 1545 2664 erant
1574 2612 1629 2664 et
1668 2609 2019 2679 deceptione
2059 2607 2152 2663 ido

2304 2608 2393 2680 μὲν
2448 2602 2605 2673 ἦσαν,
2665 2610 2755 2658 καὶ
2821 2613 2915 2668 τῆς
2985 2600 3257 2665 είδωλικῆς
3334 2602 3529 2665 πλάνης
3595 2602 3903 2675 ἐτύγχανον,

531 2698 749 2764 lorum,
793 2713 863 2752 ea
919 2703 1117 2753 tamen
1176 2696 1445 2769 permisit
1491 2698 1583 2753 lex
1630 2703 1876 2770 propter
1930 2696 2149 2753 Hebraet

2305 2694 2547 2769 ἐπέτρεψε
2574 2692 2633 2747 δε
2676 2697 2813 2767 ὅμως
2850 2694 3012 2755 αύτάς
3052 2696 3078 2745 ό
3127 2698 3282 2766 νόμός
3314 2700 3623 2760 τηνικαῦτα,
3676 2689 3776 2746 διὰ
3818 2697 3905 2751 τὴν

532 2786 1115 2843 ruminﬁrmitatem.
1162 2787 1307 2841 Cum
1336 2787 1493 2842 enim
1552 2787 1827 2856 glutones
1878 2792 2077 2841 essent
2124 2801 2150 2841 a

2303 2794 2402 2838 τῶν
2440 2785 2688 2859 Ἑϐραίων
2745 2784 3030 2849 ἀσθένειαν,
3090 2788 3360 2855 οἰκονομίᾳ
3415 2790 3572 2854 σοφῇ.
3627 2781 3770 2835 Ἐπεὶ
3814 2785 3905 2855 γὰρ

531 2876 809 2932 lurcones
860 2875 963 2947 (ὁ),
1014 2875 1339 2947 idolothyta
1388 2876 1678 2931 amabant.
1742 2878 1804 2931 Et
1869 2875 2008 2931 item
2053 2892 2149 2930 cui

2302 2874 2584 2947 λαίμαργοι
2632 2877 2722 2945 μεν
2772 2877 2931 2941 ὄντες,
2966 2874 3182 2944 ἠγάπων
3214 2876 3272 2924 τὸ
3308 2872 3586 2933 ζωοθυτεῐν
3622 2887 3635 2900 °
3686 2871 3907 2933 ἀπειθεῖς

533 2969 730 3021 essent
757 2964 1065 3032 increduli,
1112 2965 1521 3035 juramentum
1561 2980 1800 3037 quoque
1840 2964 2143 3032 diligeban

2305 2960 2363 3016 δε
2417 2965 2778 3035 τυγχάνοντες,
2813 2961 3017 3034 ἐφίλουν
3062 2965 3150 3013 τὸν
3200 2963 3372 3034 ὅρκον,
3424 2963 3506 3012 ἱνα
3557 2959 3738 3012 λοιπὸν
3786 2965 3908 3031 μήτε

536 3057 606 3110 Ut
670 3061 869 3110 autem
941 3054 1222 3125 deinceps
1286 3070 1481 3125 neque
1539 3055 1708 3109 idolis
1767 3054 2154 3109 sacriﬁcaren‘

2301 3060 2407 3113 τοῖς
2460 3050 2695 3113 εἰδώλοις
2755 3054 2942 3120 θύωσι,
3001 3056 3133 3123 μήτε
3184 3052 3321 3103 κατά
3373 3046 3598 3103 εἰδώλων
3656 3048 3906 3121 ὀμνύωσι,

532 3160 728 3215 neque
784 3158 891 3215 per
938 3142 1098 3197 idola
1154 3143 1443 3213 jurarent,
1497 3143 1767 3213 permisit
1810 3143 2056 3215 quidem
2106 3142 2150 3196 le

2306 3147 2647 3215 συνεχώρησε
2697 3144 2786 3213 μὲν
2835 3145 2925 3192 καὶ
2977 3143 3034 3192 τό
3091 3142 3248 3208 θύειν,
3304 3144 3392 3191 καὶ
3454 3142 3512 3191 1'6
3542 3137 3767 3211 ὀμνύειν,
3825 3140 3907 3189 καὶ

533 3233 867 3289 sacriﬁcare
898 3248 969 3288 ac
1011 3233 1231 3303 jurare,
1266 3237 1321 3288 et
1350 3234 1397 3287 si
1445 3233 1591 3305 quid
1624 3232 1791 3287 aliud
1848 3237 1935 3287 est
1964 3231 2147 3286 simile

2308 3235 2349 3285 εἰ
2383 3251 2435 3282 τι
2482 3238 2717 3283 τοιοῦτον
2757 3247 2768 3258 ·
2813 3229 2899 3282 ἐπὶ
2944 3232 3032 3281 τόν
3082 3232 3209 3282 Θεὸν
3261 3224 3321 3282 δε
3367 3230 3539 3281 πάντα
3576 3230 3903 3299 μετέστησεν.

534 3323 739 3378 omnia
768 3337 908 3377 vero
961 3322 1039 3376 ad
1087 3321 1265 3377 Deum
1304 3321 1615 3377 transtulit.
1663 3323 1951 3377 Futurum
1996 3326 2152 3375 auter

2306 3320 2520 3394 Ἔμελλε
2563 3322 2686 3393 γὰρ,
2736 3326 2921 3393 καιροῦ
2970 3318 3264 3385 καλοῦντος,
3322 3316 3543 3388 ἐκκόψαι
3590 3322 3679 3369 καὶ
3725 3324 3905 3384 ταῦτα,

535 3417 661 3467 erat
700 3416 765 3466 ut
801 3426 1084 3465 successu
1138 3411 1423 3481 temporis
1472 3410 1647 3466 etiam
1684 3410 1809 3466 haec
1861 3410 2153 3466 sublimia

2310 3408 2382 3463 δι’
2440 3410 2765 3483 ὑψηλοτέρας
2826 3409 3153 3480 νομοθεσίας.
3210 3407 3351 3460 Ἐπεὶ
3413 3412 3504 3459 καὶ
3562 3409 3621 3459 1'6
3672 3404 3906 3467 θηλάζειν

533 3500 904 3570 legislatione
936 3503 1291 3570 amputaret.
1337 3500 1484 3564 Quia
1522 3504 1576 3554 et
1607 3500 1819 3555 laetere
1866 3498 2151 3555 infantibr

2307 3504 2516 3561 νηπίοις
2563 3502 2652 3571 μὲν
2700 3497 2983 3563 λυσιτελὶς,
3036 3494 3265 3570 ἀνδράσι
3317 3493 3375 3549 δὲ
3422 3502 3512 3549 καὶ
3564 3495 3677 3548 λίαν
3736 3494 3908 3547 ἀνεπι-

534 3589 781 3662 quidem
798 3587 933 3643 utile
948 3592 1052 3652 est,
1068 3587 1204 3641 viris
1218 3593 1418 3643 autem
1435 3588 1766 3644 admodum
1802 3589 2094 3659 ineptum:
2116 3588 2152 3642 ἱ(

2309 3586 2539 3657 τὴδειον,
2581 3592 2670 3640 καὶ
2717 3584 2810 3639 διὰ
2861 3594 3014 3639 τοῦτο
3068 3589 3389 3649 νηπιάζουσι
3438 3588 3527 3657 μεν
3563 3588 3755 3638 τούτου
3808 3602 3906 3637 πα-

536 3695 727 3751 eoque
742 3678 1049 3733 infantium
1065 3694 1221 3735 more
1234 3680 1567 3736 viventibus
1584 3682 1659 3751 (ρ)
1674 3680 1786 3735 hoc
1800 3678 2154 3735 concedimu:

2310 3686 2673 3753 ραχωροῦμεν,
2710 3672 3085 3749 ἀνδρουμένους
3130 3672 3190 3729 δε
3227 3676 3405 3728 λοιπόν
3446 3672 3712 3747 ἀπάγομεν
3756 3673 3907 3726 ἀύτοῦ

537 3768 735 3823 viriles
787 3782 928 3822 vero
971 3768 1049 3823 ab
1110 3784 1182 3823 eo
1252 3768 1613 3825 abducimus
1668 3786 1737 3825 ac
1787 3768 2155 3841 prohibemu:

2310 3772 2399 3820 καὶ
2456 3766 2735 3838 κωλύομεν.
2795 3769 2858 3818 Τί
2924 3762 3033 3834 οὖν,
3099 3764 3183 3817 εάν
3236 3784 3313 3826 τις
3358 3766 3508 3837 ὅρκον
3564 3762 3763 3835 ἀπαιτῇ
3825 3765 3908 3814 καὶ

540 3858 686 3923 Quid
708 3855 888 3926 igitur
911 3856 1231 3926 agendum,
1260 3858 1307 3913 si
1347 3859 1475 3929 quis
1495 3859 1906 3929 juramentum
1940 3864 2153 3930 expeta

2311 3856 2686 3927 καταναγκάζη
2722 3871 2735 3922 ;
2772 3853 2947 3909 Ἔστω
2994 3874 3073 3907 σοι
3120 3862 3215 3915 τῆς
3264 3852 3497 3925 ἀνάγκης
3526 3856 3717 3913 ταύτης
3758 3854 3784 3905 ό
3825 3858 3910 3904 τοῦ

538 3950 661 4005 imo
687 3947 889 4017 jurare
936 3951 1111 4017 cogat
1150 3948 1177 4003 ?
1211 3946 1290 4004 Sit
1319 3947 1421 4002 tibi
1482 3949 1582 4003 Dei
1647 3949 1827 4004 timor
1864 3948 2156 4004 violentia]

2314 3953 2446 3999 Θεοῦ
2501 3943 2656 4017 φόϐος
2724 3942 3145 4016 ἀναγκαιότερος,
3200 3948 3287 3995 καὶ
3356 3945 3525 3995 πάντα
3573 3944 3758 3996 παθεῖν
3807 3940 3912 3993 ὒοῦ

537 4052 726 4110 quam
744 4036 870 4090 haec
900 4036 1258 4103 necessitas;
1287 4036 1607 4108 omniaque
1636 4038 1757 4108 pati
1783 4036 1968 4107 eligas
1982 4037 2155 4108 potin:

2311 4034 2521 4107 μᾶλλον,
2588 4034 2617 4091 ἢ
2679 4031 2980 4106 παραϐῆναι
3036 4037 3131 4090 τὴν
3197 4031 3423 4090 ἐντολήν.
3486 4035 3587 4084 Καὶ
3660 4034 3764 4105 γὰρ
3840 4027 3913 4082 ἐπὶ

538 4141 725 4199 quam
770 4129 1135 4195 praeceptum
1190 4125 1551 4195 transgredi.
1609 4128 1669 4180 ln
1703 4126 1866 4181 omni
1902 4126 2156 4197 siquidei

2310 4125 2483 4184 πάσης
2541 4121 2747 4184 ἐντολῆς
2811 4120 3055 4181 πολλάκις
3113 4120 3469 4179 ἀπαντήσεταί
3523 4138 3608 4172 σοι
3667 4117 3785 4192 βία,
3830 4122 3913 4169 καὶ

538 4218 839 4289 praecepto
870 4213 959 4268 vis
987 4230 1054 4269 ac
1095 4214 1424 4271 violentum
1468 4214 1801 4285 periculum
1843 4214 1950 4270 tibi
1982 4214 2156 4285 saepit

2314 4212 2564 4285 βιωτικὸς
2630 4207 2889 4274 κίνδυνος,
2949 4215 3038 4263 καὶ
3107 4210 3150 4262 εἰ
3208 4214 3279 4283 μὴ
3338 4216 3615 4281 πανταχοῦ
3689 4206 3912 4281 βιαιοτέ·

539 4312 809 4365 occurret
840 4320 855 4364 :
888 4307 945 4357 et
970 4303 1084 4359 nisi
1117 4303 1339 4375 ubique
1366 4302 1682 4358 violentius
1727 4303 1908 4359 ducat
1936 4302 2157 4357 divinui

2311 4321 2405 4376 ραν
2434 4306 2654 4373 νομίσῃς
2692 4304 2786 4358 τὴν
2819 4302 2957 4352 θείαν
3003 4298 3231 4367 ἐντολὴν,
3270 4300 3585 4371 οἰχήσονταί
3617 4316 3702 4351 σοι
3752 4303 3914 4350 πᾶσαι

542 4402 923 4469 praeceptum,
958 4395 1163 4451 omnia
1192 4409 1228 4448 a
1254 4398 1308 4448 te
1332 4408 1525 4447 vacua
1541 4395 1595 4447 et
1625 4392 1841 4448 infecta
1870 4392 2160 4448 disceden'

2310 4395 2453 4442 κεναὶ
2500 4395 2591 4442 καὶ
2636 4392 2917 4462 ἄπρακτοι.
2966 4394 3169 4463 Προίὼν
3217 4391 3319 4465 γάρ
3378 4384 3514 4441 εἶπεν
3544 4389 3570 4439 ὁ
3602 4389 3809 4461 Κύριος,
3840 4386 3914 4438 ὅτι

542 4489 607 4541 1n
672 4484 1059 4557 sequentibus
1137 4482 1288 4536 enim
1355 4482 1490 4536 dicit
1565 4482 2160 4551 Dominuszﬂegnw

2312 4484 2505 4537 Βιαστή
2562 4478 2702 4531 ἔστιν
2762 4482 2791 4537 ἡ
2856 4477 3103 4551 βασιλεία
3158 4486 3251 4531 τοῦ
3323 4484 3477 4543 Θεοῦ,
3543 4479 3632 4529 καὶ
3690 4474 3913 4548 βιασταὶ

545 4575 824 4630 caelorum
872 4574 980 4628 vim
1018 4572 1271 4641 patitur,
1324 4578 1374 4626 et
1426 4570 1668 4626 violenti
1697 4572 1944 4641 rapiunt
1979 4571 2163 4625 iitud‘

1239 4586 1271 4637 ',
1324 4578 1374 4626 et
1426 4570 1668 4626 violenti
1697 4572 1944 4641 rapiunt
1979 4571 2130 4625 illud
2158 4572 2199 4625 ⁸.
2237 4568 2278 4581 "
2315 4568 2647 4643 ἁρπάζουσιν
2677 4568 2857 4625 αὐτὴν.

615 4662 778 4718 Vers.
844 4663 930 4718 38.
982 4661 1247 4715 Audistis
1277 4690 1345 4700 -—
1385 4660 1454 4714 V.
1487 4661 1573 4725 39,
1627 4661 1796 4718 malo.
1822 4658 2080 4724 Quidam
2108 4674 2203 4715 ve-

2384 4660 2675 4711 Ἢκούσατε
2729 4689 2799 4699 -
2847 4666 3075 4733 πονηρῷ.
3138 4659 3278 4719 Τινὶς
3333 4661 3623 4730 μέμφονται
3674 4663 3749 4725 τῷ
3821 4673 3912 4708 πα-

546 4751 654 4808 teri
676 4751 791 4821 legi
830 4751 1226 4820 indignantur,
1282 4749 1511 4819 jubenti
1555 4748 1797 4805 oculum
1857 4763 1966 4819 pro
2010 4747 2164 4804 oculc

2315 4748 2444 4818 λαιῷ
2491 4752 2653 4821 νόμῳ,
2712 4748 2965 4801 κελεύοντι
3016 4746 3279 4821 ὀφθαλμόν
3334 4745 3448 4800 ἀντὶ
3493 4744 3759 4818 ὀφθαλμοῦ
3828 4747 3912 4797 καὶ

617 4930 770 4986 ³188..
803 4943 954 4998 va1,
988 4928 1040 4983 1.
1120 4928 1377 4987 ‘Jerem.
1416 4941 1574 4994 xxm,
1608 4929 1702 4986 24.
1789 4928 1809 4963 ⁸
1838 4925 1987 4984 Psal.
2016 4941 2190 4993 xnvu,
2218 4926 2235 4981 ε

1236 4940 1377 4987 rem.
1416 4941 1574 4994 xxm,
1608 4929 1702 4986 24.
1789 4928 1809 4963 ⁸
1838 4925 1987 4984 Psal.
2016 4941 2190 4993 xnvu,
2218 4926 2280 4987 8.
2362 4928 2384 4964 ⁸
2415 4926 2623 4986 Matth.
2653 4942 2733 4993 ιι,
2767 4927 2854 4985 12.

1747 5104 1975 5174 Variae
2036 5104 2366 5175 lectiones
2399 5115 2470 5177 et
2508 5116 2711 5176 notae.

621 5307 738 5379 (79)
771 5305 906 5377 ἐστί,
935 5303 1102 5362 addit
1130 5303 1197 5358 A.

621 5457 705 5527 (ὁ)
738 5456 982 5529 Duobus
1020 5456 1333 5529 vocabulis
1401 5455 1703 5529 expressit
1737 5455 2043 5529 λαίμαργοι.
2091 5459 2206 5513 Nec

1166 5456 1333 5529 rbulis
1401 5455 1703 5529 expressit
1737 5455 2043 5529 λαίμαργοι.
2091 5459 2206 5513 Nec
2321 5456 2784 5529 alteroaimaroc.

549 5526 754 5607 tamen
778 5528 921 5607 mihi
974 5527 1298 5607 probabile
1334 5532 1436 5591 est,
1480 5526 1810 5607 duq‘fuisse
1852 5526 1945 5607 in"
1968 5528 2211 5607 _Graaco._
2358 5528 2463 5607 _(c)_
2500 5527 3033 5607 ΙηΓαηιὶιιῃεληονιεΔ
3061 5528 3389 5586 viventibus
3437 5527 3549 5585 Sed
3586 5529 3923 5591 νηπιάζοντες

550 5601 664 5671 Nec
732 5599 1068 5671 proximum
1123 5598 1337 5661 ἀπειθὴς
1420 5598 1691 5654 sollicito.
1772 5600 2036 5665 Ἀπειθὴς,
2108 5616 2168 5671 qv

1451 5598 1691 5654 ollicito.
1772 5600 2036 5665 Ἀπειθὴς,
2108 5600 2211 5671 qui
2316 5604 2374 5655 et
2402 5598 2580 5658 νήπιοι
2610 5615 2733 5656 non
2761 5598 3066 5656 differunt.

552 5670 1007 5741 difﬁcultersibi
1024 5671 1369 5739 persuaderi
1377 5671 1633 5740 patitur.
1659 5673 1787 5727 Non
1799 5686 1941 5742 ergo
1955 5687 2107 5744 opus
2124 5670 2218 5727 est
