4098 6428
226 337 319 402 ὯᾹ

1282 364 1653 423 COMMENT.
1704 364 1775 422 IN
1814 365 2260 427 MATTHEUM.
2299 402 2369 415 —-
2407 371 2568 433 CAP.
2619 372 2693 434 V.

3547 372 3653 431 222

260 474 442 535 ὀδόντα
484 479 603 534 ἀντὶ
664 480 905 553 ὀδόντος
963 490 1241 560 ἐκϐάλλειν,
1273 496 1364 545 καὶ
1413 490 1699 565 ἆσυμαθῶς
1752 495 1889 547 κατὰ

2020 512 2069 551 ιο
2099 495 2339 553 dentem
2366 514 2476 570 pro
2512 499 2682 557 dente
2715 517 2939 568 eruere,
2974 507 3030 560 et
3070 504 3195 560 sine
3237 502 3660 575 compassione

273 581 353 626 τοῦ
402 572 707 638 ἔκϐαλόντος
757 579 1038 654 ὀφθαλμόν
1080 584 1107 641 ἡ
1142 578 1333 635 ὀδόντα
1369 586 1510 644 τινὸς
1555 587 1648 641 τὴν
1702 603 1886 636 ταυτο-

280 668 490 719 πὰθειαν
555 664 942 742 ἀποφηναμένου
975 690 987 703 ·
1018 675 1131 724 ἔστι
1181 669 1240 725 δι
1310 672 1543 745 μάλιστα
1594 671 1887 747 φιλάνθρω-

282 775 373 815 πος
426 756 576 818 οὗτος
611 758 636 808 ό
678 763 859 821 νόμος.
916 767 1081 814 Τοῦτο
1127 764 1225 834 γὰρ
1283 760 1560 830 ἐκέλευσεν,
1620 764 1701 814 ἶνα
1751 762 1888 835 φόϐῳ

280 855 369 906 τῆς
448 850 832 911 mmmam;
906 856 979 921 μὴ
1062 854 1180 912 τοὺς
1258 850 1488 910 ἀλλήλων
1568 851 1889 905 ἐκκόπτωσιν

278 935 577 1009 ὀρθαλμοὺς
642 942 732 989 καὶ
786 935 1007 1001 ὀδόντας
1068 942 1115 992 οἱ
1168 943 1283 994 τότε
1339 942 1623 1014 ἄνθρωποι,
1684 938 1892 1016 σφόδρα

278 1026 563 1087 λυττῶντες
606 1027 675 1087 εἰς
721 1030 815 1089 τὰς
867 1028 981 1081 κατ’
1028 1028 1255 1089 ἁλληλὼν
1308 1030 1528 1101 πληγάς.
1568 1029 1626 1082 Ὀ
1663 1028 1721 1083 δὲ
1760 1038 1888 1103 Χρι-

282 1118 407 1176 στός
476 1115 957 1191 φιλανθρωπότερον
1006 1121 1310 1192 νομοθετῶν,
1370 1120 1465 1172 οὐκ
1516 1119 1571 1172 ἐκ
1624 1128 1717 1183 τῆς
1759 1139 1892 1172 ταυ-

274 1208 561 1267 τοπαθείας
610 1205 919 1278 ἀνεχαίτισε
971 1210 1038 1261 τὰ
1089 1216 1325 1275 τοιαῦτα,
1382 1208 1492 1262 ἀλλ’
1540 1208 1595 1261 ἑκ
1644 1217 1739 1270 τῆς
1775 1209 1890 1282 μελ-

276 1293 477 1355 λούσης
527 1296 811 1359 κολάσεως.
862 1298 1091 1371 Εἰρηκὼς
1128 1302 1228 1372 γὰρ
1264 1301 1312 1351 εν
1360 1306 1466 1359 τοῖς
1517 1298 1889 1373 προλαϐοῦσιν,

278 1388 357 1437 ότι
399 1391 495 1445 ⁸ος
536 1382 591 1437 δ’
640 1385 701 1437 ἆν
732 1390 847 1459 εἴπῃ
902 1395 974 1459 τῷ
1022 1384 1226 1461 ἀδελφῷ
1277 1388 1655 1463 αὐτοῦ,Μωρὲ,
1710 1391 1893 1460 ἔνοχος

274 1478 435 1528 ἔσται
496 1474 575 1537 εἰς
647 1480 742 1535 τὴν
804 1482 1007 1549 γέενναν
1068 1484 1159 1530 τοῦ
1224 1482 1408 1550 πυρὸς,
1472 1474 1673 1531 δέδωκε
1741 1484 1890 1545 νοεῖν,

275 1568 359 1617 ὅτι
392 1566 420 1616 ό
454 1565 660 1627 πλήξας
712 1569 889 1637 μεῖζον
943 1568 1392 1640 τιμωρηθήσεται,
1440 1568 1464 1619 ὀ
1512 1563 1570 1619 δὲ
1622 1572 1892 1642 πηρώσεις,

278 1658 354 1706 ἔτι
380 1654 583 1707 πλλῖον.
614 1654 767 1707 Ὀθεν
821 1655 1054 1709 ἐκέλευσε
1083 1661 1155 1728 μὴ
1203 1656 1511 1715 ἀντιστῆναι
1559 1664 1631 1708 τῶ
1663 1664 1891 1729 πονηρῷ.

278 1747 520 1817 Πονηρόν
573 1740 633 1795 δὲ
661 1752 770 1811 νῦν,
816 1748 945 1807 τινες
994 1748 1084 1817 μὲν
1127 1749 1213 1797 τόν
1247 1745 1514 1808 πλήξαντα
1549 1744 1687 1798 εἶπον
1724 1768 1735 1779 ·
1781 1748 1805 1797 ό
1838 1743 1897 1798 δὲ

1999 590 2207 643 contra
2251 604 2387 643 eum
2436 590 2538 661 qui
2580 590 2821 647 oculum
2877 598 2979 649 aut
3028 593 3267 650 dentem
3316 591 3663 664 quempiam

2000 674 2170 743 eruit,
2198 676 2474 732 eamdem
2498 678 2864 736 denuntianti
2884 681 3309 738 calamitatem.
3341 681 3436 737 Est
3460 685 3662 736 autem

2000 762 2126 819 haec
2159 764 2253 819 lex
2283 765 2512 821 homini
2546 768 2805 825 maxime
2838 771 3052 826 amica.
3086 771 3145 825 ld
3173 771 3332 826 enim
3360 771 3456 841 jus
3472 770 3562 833 sit,
3602 773 3667 823 ut

2001 852 2214 908 timore
2246 855 2456 911 similis
2507 856 2844 913 afﬂictionis
2880 865 3178 924 caverent,
3232 876 3307 915 ne
3340 860 3496 914 illius
3522 862 3669 914 tem—

2000 942 2163 1013 poris
2188 943 2461 999 homines
2488 946 2590 1017 qui
2622 947 2700 1001 ad
2727 947 2936 1018 plagas
2958 955 3164 1005 mutuo
3186 948 3528 1004 inferendas
3556 963 3664 1004 an-

1999 1030 2285 1088 helabant
2317 1034 2520 1089 oculos
2549 1040 2651 1090 aut
2685 1036 2894 1092 dentes
2929 1038 3042 1093 sibi
3075 1038 3330 1093 invicem
3368 1040 3659 1092 eruerent.

2005 1120 2262 1177 Christus
2302 1128 2498 1179 autem
2530 1124 2756 1181 homini
2796 1127 3246 1183 benevolentior
3271 1143 3459 1199 quam
3492 1126 3667 1195 legis-

2002 1209 2174 1275 lator,
2194 1211 2544 1282 hujusmodi
2567 1214 2726 1270 mala
2750 1231 2870 1271 non
2895 1216 3107 1273 similis
3123 1222 3279 1272 metu
3294 1215 3635 1272 afﬂictionis
3653 1257 3666 1281 ,

2004 1299 2110 1355 sed
2131 1300 2337 1355 futuras
2354 1301 2753 1357 damnationis
2778 1303 2987 1359 timore
3008 1304 3310 1361 dissuasit.
3334 1306 3481 1359 Cum
3500 1302 3664 1358 enim

2004 1389 2066 1444 in
2092 1391 2563 1461 praecedentibus
2602 1392 2805 1447 dixerit
2834 1394 2997 1465 quod
3024 1393 3099 1465 (ἀ)
3128 1394 3472 1467 quicunque
3505 1393 3669 1448 dixe-

2006 1478 2076 1534 rit
2102 1478 2265 1537 fratri
2294 1496 2425 1543 suo,
2443 1482 2641 1546 Fatue,
2660 1496 2796 1537 reus
2819 1482 2926 1537 erit
2942 1483 3229 1554 gehennae
3252 1482 3408 1552 ignis
3432 1499 3443 1536 :
3476 1480 3668 1537 mani-

2006 1567 2147 1622 feste
2169 1568 2362 1624 innuit
2391 1584 2530 1624 eum
2556 1570 2659 1642 qui
2686 1571 3038 1635 verberaret,
3076 1571 3209 1643 plus
3231 1588 3269 1643 q
3288 1588 3427 1627 uam
3451 1570 3673 1641 desipe—

2005 1671 2068 1711 re
2091 1656 2185 1728 (e),
2214 1658 2315 1729 qui
2334 1662 2527 1713 autem
2552 1658 2821 1715 membro
2845 1660 3163 1728 mutilaret,
3185 1661 3387 1717 adhuc
3409 1659 3671 1731 amplius

2006 1745 2101 1815 (Γ).
2152 1747 2312 1800 Unde
2345 1746 2520 1815 jussit
2550 1762 2671 1802 non
2719 1748 2991 1803 resistere
3037 1748 3215 1804 malo.
3266 1748 3481 1805 Malum
3530 1763 3665 1803 vero

282 1840 679 1905 Χρυσόστομος
710 1834 825 1905 (80)
859 1838 945 1886 τόν
988 1830 1228 1887 διάϐολον
1259 1838 1450 1910 εἴρηκε.
1483 1842 1647 1888 Τοῦτο
1679 1831 1738 1887 δὲ
1764 1831 1896 1888 εἶπεν

2020 1835 2255 1907 quidam
2281 1834 2378 1890 hic
2404 1835 2570 1890 illum
2596 1836 2895 1902 dixerunt,
2924 1837 3032 1909 qui
3056 1838 3453 1893 verberasset.
3487 1836 3670 1909 Chry-

288 1926 317 1974 ό
379 1926 631 1993 Χριστὸς,
711 1918 1006 1991 διδάσκων,
1086 1925 1163 1976 ὅτι
1229 1926 1424 1977 ἐκείνου
1497 1924 1895 1999 παροξύναντος,

287 2019 461 2063 ταῦτα
507 2010 792 2084 ἐτολμήθη,
843 2018 933 2065 καὶ
978 2013 1065 2065 ἐπὶ
1107 2020 1287 2066 τοῦτον
1339 2015 1588 2087 μεθιστὰς
1618 2016 1704 2066 τόν
1740 2016 1899 2086 θυμὸν

284 2112 380 2156 τοῦ
435 2103 773 2170 πεπονθότος,
815 2103 1152 2175 ἀγριούμενον
1200 2105 1335 2155 κατὰ
1381 2110 1473 2155 τοῦ
1527 2103 1895 2176 τολμήσαντος.

280 2195 347 2244 Τί
381 2188 475 2243 οὖν
508 2211 523 2261 ς
555 2191 630 2242 Οὐ
676 2188 762 2243 δεῖ
803 2190 1110 2251 ἀντιστῆναι
1157 2200 1228 2262 τῷ
1280 2188 1509 2264 διαϐόλῳ
1551 2209 1563 2260 ;
1597 2198 1701 2245 Ναί
1730 2210 1742 2222 ⁸
1777 2192 1903 2245 ἀλλὰ

282 2286 359 2353 μὴ
412 2280 462 2332 ἐν
515 2289 591 2349 τῷ
632 2280 922 2351 ἀμύνεσθαι
980 2284 1066 2333 τόν
1124 2278 1343 2353 ἀδελφόν
1376 2296 1390 2312 ⁰
1424 2284 1619 2339 ταύτην
1662 2284 1761 2357 γὰρ
1810 2286 1903 2341 τὴν

286 2370 609 2421 ἀντίστασιν
682 2369 937 2423 ἐκώλυσεν
971 2388 983 2399 ·
1019 2369 1123 2422 ἀλλ’
1194 2369 1242 2422 ἐν
1300 2380 1372 2441 τῷ
1438 2373 1791 2445 μακροθυμεῖν
1852 2391 1905 2424 τε

286 2466 379 2512 καὶ
430 2462 723 2531 ὑπομένειν.
773 2460 848 2513 Οὐ
896 2463 998 2533 γὰρ
1057 2462 1201 2532 θυμῷ
1254 2459 1525 2513 σϐέννυται
1578 2463 1757 2532 θυμὸς,
1806 2460 1907 2513 ὣσ-

289 2570 385 2621 περ
440 2546 569 2601 οὔδε
620 2554 768 2621 πυρὶ,
804 2557 905 2623 πῦρ
947 2566 958 2577 ·
1002 2547 1130 2601 ἀλλὰ
1177 2552 1240 2601 τα
1290 2548 1493 2602 ἐναντία
1528 2553 1759 2621 γίνονται
1808 2559 1905 2602 τῶν

292 2639 539 2690 ἐναντίων
580 2638 797 2711 ἰάματα.

365 2816 505 2871 ’Δλλ’
545 2846 617 2857 -
668 2816 851 2875 ἄλλην,
922 2815 1143 2885 Κελεύει,
1222 2822 1293 2890 μὴ
1362 2820 1514 2890 μόνον
1578 2822 1649 2891 μὴ
1720 2819 1908 2891 ἀμύνε-

300 2909 450 2971 σθαι,
494 2906 625 2958 ἀλλὰ
673 2911 764 2958 καὶ
814 2906 1005 2978 μᾶλλον
1060 2905 1373 2979 ἐμπαρέχειν
1432 2907 1611 2960 ἑαυτὸν
1662 2916 1736 2979 τῷ
1788 2911 1908 2960 παί-

298 3016 431 3061 οντι,
494 3001 587 3047 καὶ
646 2992 741 3048 διὰ
796 3004 891 3057 τῆς
966 2995 1292 3059 ἀνεξικακίας
1364 3002 1451 3048 καὶ
1513 2996 1913 3069 μεγαλοψυχίας

299 3085 631 3138 ἀναστέλλειν
691 3085 866 3139 αὐτόν.
941 3085 1139 3138 Βλέπων
1195 3088 1294 3158 γὰρ
1351 3094 1519 3139 ταῦτα
1579 3085 1788 3155 ίκεῖνος,
1853 3086 1912 3137 οὐ

2009 1929 2308 1980 sostomus
2341 1940 2478 1981 vero
2499 1924 2811 1981 diabolum
2838 1927 3126 1997 intelligit.
3160 1930 3277 1982 Hoc
3298 1930 3492 1982 autem
3520 1925 3668 1982 dixit

2010 2012 2294 2082 Christus,
2328 2014 2550 2069 docens
2580 2014 2746 2086 quod
2782 2030 2852 2070 eo
2883 2014 3199 2084 instigante
3230 2015 3352 2070 hzec
3385 2018 3676 2070 atlentata

2012 2106 2170 2171 sunt,
2204 2106 2258 2158 et
2288 2103 2346 2157 in
2390 2102 2550 2158 hunc
2593 2104 2916 2159 transmisit
2944 2106 3095 2159 iram
3131 2104 3281 2175 ejus,
3316 2103 3413 2175 qui
3454 2102 3675 2173 injuria

2012 2190 2259 2247 affectus
2290 2195 2397 2253 est,
2443 2196 2861 2261 exasperatam
2902 2191 3190 2247 adversus
3221 2207 3358 2247 eum
3389 2191 3492 2263 qui
3547 2190 3675 2245 haec

2013 2296 2199 2335 ausus
2242 2279 2448 2334 fuerat.
2492 2280 2635 2344 Quid
2680 2296 2821 2350 ergo
2851 2281 2877 2335 ?
2910 2295 3099 2352 neque
3140 2280 3375 2336 diabolo
3404 2281 3675 2336 resistere

2011 2369 2208 2425 licebit
2246 2370 2273 2424 ‘?
2306 2370 2538 2441 Utique,
2586 2369 2693 2423 sed
2724 2384 2844 2424 non
2876 2369 3219 2425 ulciscendo
3253 2369 3428 2425 fratre
3464 2386 3477 2435 ;
3515 2369 3676 2425 hanc

2015 2459 2172 2514 enim
2211 2458 2605 2514 resistentiam
2648 2458 2968 2529 prohibuit,
3012 2459 3118 2513 sed
3161 2459 3221 2514 in
3274 2458 3558 2529 patiendo
3608 2473 3676 2513 ac

2015 2548 2605 2619 sustinendo.Neque
2636 2548 2796 2603 enim
2828 2564 2933 2620 per
2962 2548 3113 2603 iram
3143 2547 3506 2617 extinguitur
3535 2546 3625 2602 ira
3663 2563 3675 2603 :

2018 2638 2173 2693 sicut
2200 2652 2309 2691 nec
2341 2637 2496 2706 ignis
2527 2636 2677 2706 igni,
2711 2637 2817 2691 sed
2844 2637 3141 2693 contraria
3165 2636 3314 2693 ﬁunt
3344 2635 3655 2693 contrariis

2018 2726 2481 2782 medicamenta.

2089 2817 2246 2871 Vers.
2288 2816 2377 2870 39.
2420 2815 2529 2871 Sed
2558 2846 2627 2855 —
2684 2817 2952 2872 alteram.
2997 2816 3172 2872 Jubet
3212 2822 3275 2871 ut
3317 2830 3441 2872 non
3486 2813 3680 2870 solum

2018 2921 2141 2961 non
2172 2905 2564 2961 vindicemus.
2614 2906 2718 2961 sed
2749 2905 2977 2977 potius,
3012 2911 3075 2961 ut
3106 2921 3215 2961 nos
3247 2905 3408 2976 ipsos
3436 2903 3685 2960 credenti

2018 2996 2412 3067 praebeamus,
2447 3000 2503 3051 et
2533 3011 2630 3067 per
2660 2995 2984 3065 patientam
3016 3011 3084 3051 ac
3116 2994 3685 3065 magnanimitatem

2022 3085 2220 3156 ipsum
2252 3084 2637 3140 refrenemus.
2676 3084 2808 3139 Haec
2838 3083 2998 3137 enim
3028 3082 3125 3138 ille
3159 3083 3390 3148 videns,
3426 3096 3549 3139 non
3584 3097 3686 3139 so-

296 3181 457 3248 μόνον
504 3176 600 3228 οὐκ
630 3172 804 3238 ἐπάξει
846 3174 1055 3246 πληγὴν
1104 3171 1368 3249 δευτέραν,
1427 3174 1554 3227 ἀλλὰ
1594 3180 1683 3229 καὶ
1735 3174 1818 3228 ἐπὶ
1849 3182 1906 3248 τῇ

2020 3173 2147 3229 lum
2201 3188 2323 3229 non
2368 3171 2595 3241 inﬂiget
2635 3172 2872 3244 plagam
2914 3171 3182 3236 alteram,
3219 3171 3327 3226 sed
3370 3171 3443 3225 de
3488 3170 3685 3241 prima

1768 3285 1913 3318 αντι-

303 3328 566 3429 δρῶντος·
599 3351 657 3407 δέ
689 3328 825 3423 σου,
872 3328 1064 3425 μᾶλλον
1112 3328 1464 3426 ἐξαφθήσεταί
1504 3359 1593 3406 καὶ
1648 3353 1915 3428 ἀγριωθή-

300 3464 473 3499 σεται.

300 3272 486 3337 πρώτῃ
556 3264 993 3337 μεταμελήσεται,
1072 3270 1160 3317 καὶ
1211 3264 1667 3337 καταλλαγήσεται
1710 3287 1722 3299 ·

376 3538 481 3587 Καὶ
540 3530 706 3603 διατί,
784 3532 980 3585 πολλῶν
1043 3536 1196 3583 ὄντων
1272 3532 1434 3605 μελῶν
1488 3540 1581 3584 τοῦ
1652 3537 1913 3605 σώματος,

298 3628 421 3695 περὶ
470 3627 634 3695 μόνου
688 3629 780 3673 τοῦ
841 3620 1107 3694 ὀφθαλμοῦ
1161 3627 1248 3674 καὶ
1292 3629 1382 3673 τοῦ
1432 3617 1645 3683 ὀδόντος
1684 3618 1916 3674 διελαϐεν

300 3716 324 3765 ό
381 3718 589 3785 νόμος;
633 3716 770 3764 Διότι
824 3713 962 3763 κατὰ
1023 3714 1214 3762 τούτων
1280 3711 1512 3783 μάλιστα
1585 3720 1684 3763 τῶν
1750 3720 1917 3786 μερῶν

302 3804 555 3856 εἰώθασιν
605 3803 813 3873 ἐπάγειν
858 3803 953 3861 τὰς
990 3799 1193 3873 πληγὰς
1239 3803 1287 3852 οἱ
1325 3804 1641 3874 μαχόμενοι,
1687 3804 1755 3862 ὡς
1786 3799 1915 3872 ἀφυ-

300 3893 508 3945 λάκτων
562 3896 655 3943 καὶ
702 3894 997 3965 προχείρων
1072 3894 1159 3941 καὶ
1227 3886 1423 3963 ῥᾳδίως
1500 3890 1919 3965 τραυματιζομέ-

300 4003 421 4037 νων.
478 3980 539 4033 Ὀ
596 3977 647 4033 δ’
706 3979 787 4032 ἐπὶ
862 3982 1063 4041 τούτοις
1120 3983 1276 4051 νόμος
1347 3984 1438 4030 καὶ
1495 3977 1578 4031 ἐπὶ
1628 3980 1798 4031 πάντα
1852 3980 1918 4030 τὰ

300 4073 464 4122 λοιπὰ
492 4069 776 4121 ἐκτείνεται
826 4068 974 4141 μέλη.
1018 4072 1118 4121 Καὶ
1150 4070 1179 4126 ἡ
1219 4064 1370 4130 δεξιὰ
1422 4064 1481 4120 δὲ
1537 4072 1733 4139 σιαγὼν
1787 4073 1918 4141 πρό-

304 4180 491 4233 χειρος
554 4158 624 4219 εἰς
711 4157 882 4231 ὕϐριν,
965 4153 1379 4231 ἐπιτηδειότερον
1457 4156 1790 4229 ἐμπίπτουσα
1853 4164 1914 4229 τῇ

308 4247 461 4319 δεξιᾷ
488 4253 639 4322 χειρὶ
687 4256 780 4300 τοῦ
827 4246 1155 4321 ὑϐρίζοντος.
1200 4252 1301 4299 Καὶ
1349 4248 1379 4304 ἡ
1414 4245 1497 4299 ἐπὶ
1544 4249 1706 4319 ταύτῃ
1740 4245 1915 4305 ἐντολὴ

306 4346 400 4392 καὶ
442 4338 527 4391 ἐπὶ
560 4340 624 4389 τὰ
650 4335 809 4390 λοιπὰ
841 4338 1025 4409 ὁμοίως
1056 4333 1249 4394 διήκει.

379 4522 487 4572 Καὶ
536 4524 612 4587 τῷ
642 4545 712 4557 -
753 4517 976 4587 ἱμάτιον.
1040 4514 1281 4568 Βούλετοιί
1339 4534 1396 4567 σε
1446 4518 1541 4573 τὴν
1594 4512 1920 4577 ἀνεξικακίαν

302 4614 396 4660 καὶ
428 4604 842 4679 μεγαλοψυχίαν
894 4607 1108 4675 ταύτην,
1162 4609 1231 4675 μὴ
1286 4608 1440 4675 μόνον
1480 4606 1564 4655 ἐπὶ
1594 4602 1805 4675 πληγῶν
1832 4608 1922 4655 καὶ

304 4697 528 4771 ὕϐρεων,
599 4694 731 4746 ἀλλὰ
809 4698 897 4745 καὶ
956 4692 1039 4746 ἐπὶ
1117 4694 1394 4765 κτημάτων
1463 4698 1554 4744 καὶ
1632 4694 1922 4766 χρημάτων

307 4786 667 4859 παρέχεσθαι.
709 4782 768 4837 Ὀ
796 4785 896 4856 γὰρ
939 4786 1054 4857 περὶ
1086 4790 1177 4835 τοῦ
1209 4790 1436 4854 χιτῶνος
1472 4780 1643 4853 λόγος,
1696 4784 1759 4841 ὡς
1789 4800 1922 4854 προ-

308 4881 497 4948 χείρου
528 4874 603 4936 εἰς
632 4876 691 4925 τὸ
723 4872 1080 4947 ἀφαιρεῖσθαι,
1114 4877 1203 4925 καὶ
1234 4871 1318 4924 ἐπὶ
1348 4878 1515 4923 ταῦτα
1548 4866 1746 4929 διήκει.
1788 4874 1925 4929 Φησὶ

306 4970 433 5035 γὰρ,
484 4966 571 5018 ὅτι
613 4970 698 5034 Τῷ
749 4961 945 5015 Θελοντί
1011 4980 1094 5014 σοι
1149 4958 1479 5027 δικάσασθαι
1531 4965 1620 5015 καὶ
1683 4962 1769 5012 τὸν
1816 4981 1927 5032 »χι-

310 5057 448 5106 τῶνά
507 5073 604 5105 σου
673 5051 863 5117 λαϐεῖν,
927 5053 1050 5122 ἄφες
1108 5051 1249 5121 αὐτῷ
1308 5056 1398 5103 καὶ
1453 5054 1511 5102 τὸ
1560 5051 1784 5122 ἱμάτιον,
1838 5054 1925 5101 καὶ

308 5152 529 5202 νίκησον
566 5148 655 5201 τὴν
710 5142 869 5194 αὐτοῦ
928 5140 1239 5207 πλεονεξίαν,
1293 5145 1362 5213 μὴ
1420 5144 1572 5213 μόνον
1612 5146 1673 5211 τῇ
1706 5138 1927 5210 ἑκουσίῳ

2023 3279 2265 3336 quoque
2296 3264 2602 3335 resipiscet
2623 3279 2691 3318 ac
2723 3261 3201 3319 reconciliabitur
3230 3279 3241 3316 :
3272 3261 3437 3333 quod
3469 3261 3517 3316 si
3569 3275 3687 3315 res-

2024 3354 2228 3420 titeris,
2257 3353 2609 3410 accendetur
2633 3353 2829 3424 magis
2858 3356 2914 3408 et
2944 3350 3416 3423 exasperabitur.

2096 3533 2289 3597 Quare
2320 3533 2535 3595 autem,
2570 3545 2708 3585 cum
2745 3526 2928 3585 multa
2964 3528 3078 3583 sint
3104 3529 3367 3600 corporis
3393 3526 3688 3594 membra,

2024 3622 2094 3678 de
2125 3622 2253 3677 solo
2284 3620 2459 3676 oculo
2490 3635 2560 3675 ac
2606 3620 2782 3675 dente
2828 3618 3101 3674 distinxit
3131 3618 3203 3689 (g)
3236 3618 3329 3673 lex
3360 3619 3388 3675 ‘2‘
3420 3618 3571 3683 Quia
3600 3616 3693 3672 his

2024 3710 2323 3784 prmcipue
2348 3709 2618 3780 partibus
2646 3706 2838 3763 solent
2858 3715 3195 3779 pugnantes
3221 3708 3431 3778 plagas
3453 3706 3689 3772 inferre,

2027 3806 2227 3873 utpote
2260 3799 2457 3854 minus
2488 3800 2755 3861 servatis,
2801 3812 3059 3869 quaeque
3092 3796 3285 3866 magis
3314 3797 3375 3851 in
3408 3800 3693 3868 promptu

2026 3896 2183 3957 sunt,
2216 3904 2285 3945 ac
2315 3888 2543 3943 facilius
2594 3887 3001 3941 vulnerantur.
3046 3886 3149 3941 Per
3195 3885 3322 3940 haec
3367 3889 3568 3941 autem
3616 3884 3695 3939 ad

2024 3984 2237 4035 caetera
2261 3993 2498 4050 quoque
2519 3975 2791 4031 membra
2815 3974 2909 4030 lex
2931 3974 3286 4029 extenditur.
3312 3975 3527 4029 Dextra
3549 3990 3696 4044 quo-

2025 4085 2140 4141 que
2172 4066 2413 4122 maxilla
2455 4064 2719 4121 maxime
2757 4064 2977 4119 idonea
3024 4067 3114 4118 est
3152 4063 3231 4119 ad
3278 4062 3694 4118 sustinendam

2025 4158 2309 4229 injuriam
2348 4171 2484 4227 quae
2530 4158 2586 4210 et
2615 4152 2994 4209 commodius
3034 4152 3313 4223 pulsatur
3344 4168 3521 4208 manu
3554 4152 3696 4206 dex-

2028 4254 2116 4303 tra
2152 4245 2433 4317 injuriam
2476 4243 2796 4312 irrogantis
2848 4258 2859 4295 :
2912 4246 2967 4297 et
3014 4241 3087 4296 de
3137 4241 3251 4297 hac
3298 4246 3383 4296 est
3432 4255 3693 4311 praecep-

2026 4343 2155 4393 tum
2180 4334 2344 4407 quod
2374 4334 2553 4388 etiam
2590 4332 2668 4387 ad
2695 4330 2924 4403 reliqua
2956 4330 3228 4385 membra
3259 4328 3526 4384 similiter
3563 4344 3692 4401 per-

2031 4424 2229 4494 tingit.

1956 4545 1999 4600 D
2102 4513 2264 4569 Vers.
2315 4512 2403 4567 40.
2446 4510 2521 4566 Et
2548 4541 2615 4549 —
2645 4510 2913 4579 pallium.
2952 4507 3088 4563 Vult
3118 4512 3181 4562 ut
3203 4506 3577 4562 tolerantiam
3620 4522 3689 4562 ac

2032 4600 2591 4673 magnanimitatem
2641 4600 2797 4654 hanc
2838 4612 2961 4653 non
3005 4597 3084 4653 ad
3130 4596 3341 4668 plagas
3390 4596 3586 4651 solum
3643 4598 3702 4651 et

2034 4692 2303 4763 injurias,
2357 4690 2461 4746 sed
2501 4689 2581 4746 ad
2628 4688 3044 4761 possessiones
3100 4701 3337 4758 quoque
3377 4685 3689 4757 praebeas:

2034 4781 2112 4838 ad
2148 4780 2266 4835 ista
2309 4793 2528 4851 nempe
2569 4775 2851 4850 pertingit
2896 4776 3075 4831 etiam
3114 4789 3334 4838 sermo,
3375 4773 3479 4845 qui
3523 4773 3588 4827 ﬁt
3622 4774 3698 4828 de

2037 4871 2252 4934 tunica,
2272 4872 2475 4940 utpote
2500 4864 3316 4923 commodioriutauferatur:
3338 4862 3482 4917 dicit
3504 4861 3664 4916 enim
3687 4876 3699 4915 :

2048 4959 2277 5016 Volenti
2321 4964 2372 5012 te
2421 4957 2485 5011 in
2520 4956 2629 5027 jus
2655 4956 2907 5020 trahere,
2951 4960 3219 5024 tuamque
3255 4951 3494 5020 auferre
3552 4949 3706 5005 tuni-

2035 5064 2183 5116 cam,
2198 5048 2503 5119 relinquas
2519 5046 2689 5102 etiam
2702 5050 2757 5101 et
2774 5043 3048 5114 pallium,
3069 5057 3139 5099 ac
3149 5043 3354 5097 vincas
3380 5038 3535 5094 illius
3560 5052 3702 5095 ava-

2039 5139 2088 5195 ri
2104 5139 2266 5201 tiam,
2292 5151 2410 5192 non
2432 5138 2664 5191 tantum
2678 5133 3025 5191 substantiae
3046 5146 3233 5204 quam
3251 5127 3703 5203 petitcessione,

1543 5316 1767 5386 Variae
1798 5316 2125 5385 lectiones
2163 5321 2230 5384 et
2270 5322 2472 5382 notae.

383 5442 500 5516 (80)
534 5444 571 5499 t.
611 5440 726 5509 VII,
753 5454 816 5514 p.
854 5437 984 5493 234.

378 5600 452 5675 (ά)
479 5601 667 5669 Miror,
698 5593 1105 5675 interpretem
1132 5591 1212 5675 «ἔτι
1236 5591 1596 5665 expressisse
1626 5604 1733 5664 per
1747 5590 1923 5664 quod,

308 5663 512 5737 cuin'id
540 5676 599 5735 in
638 5663 1233 5745 talibus'_redunde_t.
1316 5663 1374 5744 ᾗ
1630 5663 1661 5745 ί,
1759 5663 1766 5664 ’
1888 5734 1898 5743 _

356 5756 421 5829 le)
464 5754 610 5814 Plus
632 5759 835 5825 quam
859 5738 1158 5807 desipere.
1181 5738 1474 5804 Severius,
1498 5738 1738 5805 gravius
1756 5738 1927 5806 puni-

2037 5595 2423 5733 ῑυξῆιιῖἀὴιισ
2462 5654 2737 5733 amplius.
2755 5652 2963 5733 Etiam
2989 5650 3268 5733 gravius.
3295 5722 3304 5733 .

2108 5722 2193 5803 (ῤ’)
2223 5727 2501 5787 Distinxit
2523 5722 2855 5799 separatim
2882 5722 3031 5782 dixit
3060 5722 3353 5796 praecepit.
