4098 6384
531 332 637 389 223

1851 327 2203 387 EUTHYMII
2242 327 2579 388 ZIGABENI
3785 330 3877 385 224

530 472 743 513 verum
781 455 960 513 etiam
991 454 1274 512 addendo
1305 454 1470 528 quod
1498 470 1621 512 non
1652 454 1812 528 petit.
1847 457 1994 512 Cum
2033 454 2192 510 enim

2311 460 2687 530 παραχωρῆσαι
2714 460 2808 507 τοῦ
2839 457 3244 526 απαιτουμένου,
3278 452 3405 505 ἀλλὰ
3436 458 3526 506 καὶ
3572 461 3632 526 τῇ
3663 458 3879 527 προσθή-

531 546 660 602 haec
703 545 933 609 feceris,
983 544 1072 599 vel
1105 545 1397 617 relinquet
1441 544 1606 617 quod
1656 544 1916 615 petebat,
1965 549 2193 599 tantam

530 636 753 692 veritus
767 634 1161 690 Christianam
1174 640 1338 691 tuam
1358 634 1821 706 philosophiam,
1843 632 2015 689 veleo
2028 632 2191 704 quod

531 724 678 795 petit
721 724 942 787 ablato,
982 739 1099 778 non
1130 724 1371 792 attinget
1410 723 1576 794 quod
1618 738 1738 778 non
1774 721 2016 793 petebat
2043 736 2057 786 ;
2084 719 2195 775 fre-

532 816 779 885 quenter
792 818 992 868 autem
1016 812 1325 868 avaritiam
1350 828 1523 867 suam
1546 812 1882 881 redarguet.
1914 811 1972 866 Si
1994 817 2195 865 autem

532 917 671 957 cum
719 918 790 956 eo
835 902 911 957 ad
947 901 1244 972 judicium
1286 901 1531 972 quidem
1565 917 1686 955 non
1718 899 2059 962 accesseris,
2102 914 2196 953 ve-

530 1006 668 1045 rum
717 991 773 1045 id
830 996 1064 1045 tantum
1119 990 1279 1061 quod
1320 991 1458 1060 petit
1510 989 1749 1044 dederis
1805 1004 1815 1043 :
1876 987 2043 1059 quod
2091 986 2194 1042 tibi

531 1078 649 1151 ipsi
690 1079 888 1135 solum
937 1078 1071 1133 utile
1110 1085 1200 1133 est
1242 1079 1450 1134 fecisti.
1499 1080 1557 1133 Si
1609 1094 1748 1133 vero
1798 1076 2098 1133 addideris
2141 1080 2198 1131 et

534 1168 714 1233 aliud,
762 1168 1028 1223 animam
1070 1184 1309 1240 quoque
1342 1168 1497 1223 illius
1548 1168 1907 1232 lucrifecisti,
1950 1165 2197 1236 duplex-

533 1273 651 1329 que
703 1258 935 1312 bonum
967 1256 1281 1327 perfecisti.
1333 1260 1483 1313 Nam
1532 1264 1588 1312 et
1619 1256 1875 1312 tribunal
1904 1254 2193 1321 devitasti,

534 1351 592 1402 et
621 1346 939 1402 avaritiam
972 1346 1335 1402 convertisti.

605 1435 861 1491 Pallium
893 1434 1138 1506 quidem
1170 1440 1275 1504 est,
1310 1435 1476 1507 quod
1507 1451 1685 1506 super
1707 1435 1853 1490 alias
1877 1438 2071 1489 vestes
2096 1448 2198 1503 ge-

534 1529 788 1591 stamus,
822 1523 1024 1579 tunica
1054 1539 1197 1579 vero
1222 1540 1407 1595 quam
1440 1523 1705 1580 interius.
1744 1523 1969 1594 Saepius
2000 1526 2194 1577 autem

536 1616 561 1666 ὁ
617 1618 784 1685 χιτὼν
842 1616 898 1665 τὸ
967 1615 1167 1685 ἱμάτιον
1233 1614 1447 1668 dicitur
1502 1630 1538 1669 a
1599 1613 1915 1676 contrario,
1983 1612 2041 1667 id
2090 1618 2194 1675 est,

535 1704 738 1759 tunica
764 1702 1031 1773 pallium,
1068 1718 1136 1756 ac
1168 1702 1416 1773 pallium
1450 1703 1671 1758 tunica.
1710 1701 2015 1759 Interdum
2048 1717 2197 1771 quo-

2302 566 2367 618 κῃ
2401 554 2491 598 τοῦ
2539 550 2609 617 μὴ
2653 544 3054 616 ἀπαιτουμένου·
3102 550 3253 597 τοῦτο
3279 546 3380 617 γάρ
3426 561 3518 595 σου
3548 545 3875 608 ποιοῦντος,ἣ

2303 634 2602 706 καταλείψει
2640 638 2698 687 τό
2757 632 3157 705 ἀπαιτούμενον,
3216 629 3485 693 αἰδεσθεὶς
3524 637 3617 690 τὴν
3654 632 3882 690 τηλικαύ-

2302 746 2397 784 την
2452 744 2545 777 σου
2604 723 2928 796 φιλοσοφίαν,
2977 724 3007 781 ἣ
3066 726 3125 774 τὸ
3172 721 3548 793 ἀπαιτούμενον
3604 725 3749 793 μόνον
3798 721 3880 773 λα-

2304 815 2427 879 ϐὼν,
2467 814 2572 885 ούχ
2602 813 2792 884 ἅψεται
2822 815 2911 884 μὲν
2952 820 3043 864 τοῦ
3091 817 3160 884 μὴ
3202 810 3601 883 ἁπαιτουμένου,
3632 816 3881 881 καταγνώ-

2306 924 2449 957 σεται
2482 900 2539 955 δὲ
2586 902 2748 955 πολλὰ
2796 910 2889 962 τῆς
2947 901 3133 954 ἑαυτοῦ
3189 900 3497 962 πλεονεξίας.
3562 904 3659 953 Καὶ
3702 900 3743 951 εἰ
3803 903 3882 971 μὲν

2304 998 2374 1065 μη
2412 989 2776 1064 συνδικασθῇς
2806 991 2965 1061 αύτῷ,
3010 988 3136 1042 ἀλλὰ
3180 987 3380 1062 δώσῃς,
3412 993 3470 1041 τὸ
3514 996 3729 1041 σεαυτοῦ
3761 1007 3883 1060 συμ-

2306 1086 2452 1155 φέρον
2510 1086 2664 1153 μόνον
2725 1080 2991 1140 ἐποίησας·
3052 1080 3097 1132 εἰ
3150 1075 3209 1131 δὲ
3264 1080 3594 1151 προσθήσῃς,
3663 1080 3883 1130 κάκείνου

2303 1175 2399 1229 τὴν
2443 1170 2623 1242 ψυχὴν
2672 1169 2960 1241 ὠφέλησας,
3004 1174 3093 1221 καὶ
3128 1164 3345 1221 διπλοῦν
3399 1166 3594 1239 ἀγαθόν
3624 1168 3885 1241 κατώρθω-

2309 1280 2420 1327 σας,
2464 1260 2620 1321 αύτός
2646 1279 2701 1311 τε
2732 1256 3092 1331 δικαστηρίων
3148 1256 3477 1328 ἀπαλλαγεὶς,
3529 1261 3619 1308 καὶ
3668 1259 3751 1308 τὸν
3779 1255 3884 1308 πλε-

2306 1355 2515 1408 ονέκτην
2547 1348 2814 1421 ἐντρέψας.

2376 1439 2599 1511 Ἰμάτιον
2666 1441 2756 1509 μὶν
2813 1433 2901 1489 οὖν
2940 1436 3053 1489 ἐστι
3082 1438 3140 1488 τό
3186 1435 3307 1507 παρ’
3340 1436 3465 1507 ἡμῖν
3527 1432 3879 1505 έπανωφόριον⁶

2306 1533 2474 1600 χιτὼν
2526 1524 2605 1595 δε,
2656 1531 2713 1579 τὸ
2775 1523 2939 1579 ἔνδον.
3000 1522 3325 1599 Ἀδιαφόρως
3369 1524 3485 1596 (81)
3540 1520 3599 1575 δε
3662 1521 3889 1583 πολλάκις

2305 1618 2510 1688 λέγεται
2560 1621 2649 1668 καὶ
2675 1617 2700 1667 6
2732 1621 2897 1686 χιτὼν
2940 1617 3165 1687 ἱμάτιον,
3215 1618 3305 1665 καὶ
3349 1617 3406 1666 τό
3453 1614 3653 1683 ἱμάτιον
3706 1616 3881 1683 χιτών.

2307 1707 2467 1762 ’Ἐστι
2520 1702 2579 1759 δε
2609 1707 2689 1758 ὅτε
2725 1710 2816 1757 καὶ
2863 1707 3034 1757 πὰντα
3078 1712 3315 1775 χιτῶνες,
3361 1707 3452 1755 καὶ
3492 1704 3659 1754 πάντα
3702 1702 3888 1773 ἱμάτια.

535 1808 649 1863 que
687 1791 884 1847 omnis
922 1791 1104 1846 vestis
1144 1807 1301 1845 nunc
1336 1794 1538 1864 ἱμάτιον
1580 1808 1741 1847 nunc
1781 1795 1970 1863 χιτὼν,
2014 1791 2198 1846 modo

2311 1797 2369 1850 Εἰ
2404 1793 2463 1849 δὲ
2507 1797 2531 1847 ὁ
2586 1800 2794 1857 Λουκᾶς
2848 1814 3025 1866 φησιν,
3077 1794 3156 1846 ὃτι
3204 1791 3329 1844 Ἀπὸ
3383 1798 3477 1843 τοῦ
3533 1793 3762 1863 αῖροντός
3807 1807 3890 1841 σου

532 1880 805 1954 pallium,
865 1880 1049 1935 modo
1102 1881 1302 1935 tunica
1349 1880 1701 1951 appellatur.
1752 1883 1813 1935 Et
1867 1880 2002 1935 licet
2041 1879 2199 1934 dicat

534 1972 721 2027 Lucas
775 1987 788 2025 ε
831 1969 919 2024 Ab
959 1986 1023 2026 eo
1064 1970 1166 2040 qui
1215 1970 1413 2037 aufert
1460 1988 1494 2025 a
1546 1977 1601 2027 te
1633 1969 1911 2038 pallium,
1944 1974 1997 2025 et
2053 1968 2203 2023 tuni-

533 2074 664 2115 cam
694 2074 769 2115 ne
794 2059 1103 2127 prohibeas
1142 2060 1185 2123 ⁷,
1215 2057 1379 2115 nulla
1411 2063 1611 2115 tamen
1643 2064 1731 2114 est
1789 2056 2197 2113 contradictio.

535 2152 669 2205 Haec
708 2149 867 2203 enim
913 2154 1165 2219 utraque
1218 2148 1363 2203 dixit
1410 2148 1675 2203 Christus
1732 2164 1745 2213 ;
1792 2148 1907 2203 hoc
1953 2147 2203 2218 quidem

536 2240 597 2294 in
648 2242 863 2305 monte,
913 2238 1075 2308 quod
1125 2252 1261 2291 vero
1312 2236 1475 2307 apud
1530 2238 1750 2291 Lucam
1810 2240 1917 2300 est,
1982 2236 2204 2291 inloco

535 2325 876 2398 campestri.
912 2325 1066 2391 Quid
1106 2340 1247 2394 ergo
1278 2324 1305 2380 ?
1336 2326 1571 2381 nudum
1609 2330 1844 2396 oportet
1873 2324 2147 2380 incedere
2175 2324 2204 2379 ?

531 2420 620 2473 An
686 2415 793 2471 tibi
865 2429 1158 2483 magnum
1239 2414 1490 2478 videtur,
1570 2419 1633 2470 ut
1707 2415 1786 2469 ob
1830 2413 2028 2469 fratris
2087 2413 2202 2469 uti-

533 2506 761 2562 litatem
794 2504 993 2559 nudus
1026 2503 1269 2559 incedas
1318 2505 1340 2559 ‘2
1390 2507 1585 2575 Neque
1626 2508 1826 2559 tamen
1858 2503 1935 2559 ad
1974 2507 2202 2559 tantam

538 2593 805 2667 impellet
834 2593 1339 2648 inhumanitatem
1383 2615 1395 2648 :
1439 2596 1606 2651 tuam
1660 2592 1841 2658 enim,
1868 2597 1931 2647 ut
1978 2592 2204 2648 dictum

540 2688 649 2748 est,
699 2682 1001 2738 verebitur
1050 2681 1629 2751 magnanimitatem.

607 2773 775 2829 Vers.
829 2773 918 2827 41.
952 2773 1029 2826 Et
1076 2802 1145 2811 —
1193 2771 1321 2827 duo.
1364 2773 1539 2826 Vetus
1584 2770 1828 2843 quidem
1863 2773 2206 2827 Testamen-

535 2866 664 2920 tum
710 2861 883 2932 juxta
924 2860 1112 2916 solam
1157 2860 1502 2931 gravitatem
1553 2861 1677 2916 vitii
1724 2861 1955 2933 species
1999 2860 2205 2915 distin-

538 2967 747 3021 guens,
818 2950 974 3006 levia
1028 2950 1392 3021 praeteribat.
1448 2950 1712 3005 Christus
1778 2966 1916 3006 vero
1980 2950 2053 3005 de
2111 2949 2204 3005 his

535 3055 781 3113 quoque
818 3040 1011 3110 legem
1054 3039 1200 3105 tulit,
1244 3039 1533 3110 incipiens
1574 3054 1717 3094 sane
1760 3056 1794 3093 a
1834 3039 2115 3109 graviori,
2149 3042 2205 3094 et

536 3130 818 3187 desinens
852 3130 909 3184 in
951 3129 1031 3197 id,
1064 3128 1223 3200 quod
1264 3128 1455 3184 levius
1485 3135 1591 3183 est.
1630 3128 1875 3184 Gravius
1906 3128 2202 3200 siquidem
2241 3168 2281 3224 Ο

536 3225 623 3277 est
662 3219 818 3275 oculi
857 3223 957 3275 aut
996 3218 1192 3273 dentis
1232 3218 1651 3273 excussionem
1686 3218 1826 3288 pati,
1875 3233 2061 3290 quam
2095 3217 2203 3272 viae

534 3310 752 3365 ducem
784 3325 846 3364 se
875 3306 1164 3379 praebere,
1208 3312 1311 3361 aut
1368 3306 1571 3361 cibum
1613 3306 2066 3362 subministrare
2095 3306 2202 3377 (h),

533 3398 746 3454 deinde
792 3398 853 3452 in
891 3395 1197 3451 maxillam
1231 3395 1471 3465 injuria,
1500 3412 1632 3467 quae
1669 3396 1929 3451 maximo
1970 3395 2205 3450 ducitur

536 3486 875 3558 Opprobrio,
904 3488 1113 3556 postea
1146 3484 1323 3538 vestis
1355 3483 1578 3538 ablatio
1614 3500 1626 3538 :
1660 3483 1753 3540 his
1781 3488 1981 3539 autem
2012 3483 2202 3538 levius

535 3582 625 3634 est
646 3576 903 3633 violenta
926 3574 1169 3629 coactio.
1196 3573 1723 3637 Quemadmodum
1757 3579 1958 3629 autem
1986 3575 2046 3629 in
2076 3573 2205 3628 aliis

535 3665 866 3723 vexationis
893 3662 1200 3733 speciebus
1248 3678 1386 3718 cum
1416 3662 1828 3718 additamenta
1860 3662 2059 3718 virtuti
2104 3678 2208 3718 va-

536 3770 673 3811 care
721 3754 891 3824 jussit
950 3769 963 3805 :
1024 3754 1108 3808 ita
1165 3757 1222 3807 et
1278 3751 1335 3806 in
1394 3753 1704 3808 coactione
1759 3752 1925 3821 jubet
1974 3752 2206 3807 vincere

536 3842 902 3900 desiderium
928 3842 1078 3912 ejus,
1103 3842 1206 3914 qui
1229 3857 1412 3912 prave
1442 3840 1583 3896 facit
1621 3842 1929 3911 injuriam,
1970 3840 2209 3912 patique

535 3931 795 4004 amplius
845 3947 1033 4002 quam
1076 3930 1173 3986 ille
1220 3929 1413 3986 facere
1455 3930 1719 3985 volebat.
1773 3929 2092 4001 Agnovisti
2148 3929 2211 3984 in

537 4036 788 4093 corpore
807 4019 1034 4091 patibili
1058 4019 1344 4075 insertam
1369 4018 1445 4073 ad
1463 4017 1806 4074 affectiones
1829 4017 2212 4074 immobilita-

538 4114 658 4168 tem
687 4110 715 4165 ?
748 4107 1144 4164 Considerasti
1176 4107 1511 4178 angelicam
1540 4106 1600 4162 in
1642 4106 1993 4162 hominibus
2022 4106 2211 4162 disse-

535 4200 831 4256 minatam
858 4197 1126 4269 politiam
1158 4196 1185 4251 ?
1218 4199 1345 4252 Non
1376 4196 1802 4267 concupiscere
1847 4196 2007 4251 enim
2034 4196 2213 4266 juxta

538 4287 807 4351 aﬂectus,
860 4302 1056 4358 neque
1114 4284 1447 4341 secundum
1502 4283 1981 4355 perturbationes
2011 4284 2207 4354 irasci,

538 4377 781 4433 caelestis
810 4381 949 4431 sunt
972 4375 1211 4446 politiae,
1248 4374 1321 4429 de
1348 4374 1565 4445 quibus
1593 4390 1696 4445 per
1727 4373 1887 4428 dicta
1913 4379 2209 4445 praecepta

537 4466 806 4521 Christus
861 4464 1056 4534 legem
1113 4464 1285 4518 dedit.
1341 4463 1405 4518 In
1461 4478 1531 4518 eo
1594 4463 1759 4534 quod
1815 4462 1991 4532 jussit
2043 4462 2209 4520 fratri

2306 1890 2363 1939 τό
2438 1886 2662 1957 ἱμάτιον,
2748 1889 2837 1935 καὶ
2919 1886 3007 1935 τόν
3073 1891 3279 1954 χιτῶνα
3347 1885 3419 1954 μὴ
3491 1880 3745 1952 κωλύσῃς,
3805 1877 3888 1929 ούκ

2308 1978 2448 2027 ἔστιν
2494 1972 2869 2043 ἐναντιολογία.
2938 1977 3039 2025 Καὶ
3070 1974 3224 2044 ἄμφω
3279 1974 3381 2046 γὰρ
3432 1972 3502 2023 τὰ
3537 1971 3672 2043 ῥητὰ
3701 1967 3827 2020 εἶπεν
3866 1966 3888 2016 6

2308 2066 2560 2137 Χριστός,
2608 2062 2765 2114 ἐκεῖνο
2814 2065 2925 2134 μὲν,
2985 2060 3068 2113 ἐπὶ
3107 2068 3199 2113 τοῦ
3239 2062 3411 2133 ὅρους,
3454 2062 3510 2112 τό
3553 2056 3631 2125 δε,
3662 2059 3799 2130 παρὰ
3824 2060 3889 2123 τῷ

2308 2160 2511 2222 Λουκᾶ,
2562 2151 2645 2204 ἐπὶ
2688 2156 2848 2203 τόπου
2901 2147 3139 2207 πεδινοῦ.
3170 2155 3233 2203 Τί
3271 2146 3359 2202 οὖν
3394 2151 3632 2221 ;-γυμνόν
3691 2143 3769 2199 δεῖ
3818 2161 3893 2195 πε-

2308 2245 2494 2316 ριιέναι
2526 2258 2540 2309 ;
2573 2245 2709 2313 μέγα
2763 2244 2851 2309 μεν
2911 2236 3018 2305 οὖν,
3078 2243 3137 2291 τό
3205 2236 3281 2291 δι’
3339 2238 3583 2311 ὠφέλειαν
3622 2242 3711 2288 τοῦ
3760 2230 3893 2285 αδελ-

2310 2339 2405 2404 φοῦ
2443 2335 2695 2406 περιιέναι
2719 2334 2912 2402 γυμνόν
2948 2348 2961 2397 ;
2993 2329 3087 2381 οὐκ
3126 2329 3187 2380 ἄν
3231 2325 3290 2381 δὲ
3317 2328 3383 2389 εἰς
3413 2328 3678 2382 τοσαύτην
3725 2322 3893 2379 ἐκεῖνος

2310 2423 2682 2495 απανθρωπίαν
2713 2418 2897 2492 ἐλάσῃ,
2932 2416 3286 2485 δυσωπηθεὶς,
3344 2420 3414 2480 ὡς
3446 2420 3669 2491 εἴρηται,
3698 2417 3779 2471 τὴν
3809 2413 3893 2467 σὴν

2311 2509 2714 2582 μεγαλοψυχίαν
2727 2552 2741 2567 .

2383 2775 2485 2824 Καὶ
2540 2771 2689 2829 ὅστις
2751 2799 2817 2809 -
2879 2764 2995 2823 δύο.
3060 2766 3118 2819 Ὀ
3170 2770 3260 2839 μὲν
3314 2766 3534 2827 παλαιὸς
3586 2768 3735 2835 νόμος
3788 2760 3895 2829 περὶ

2310 2865 2468 2933 μόνου
2498 2859 2591 2911 τοῦ
2632 2857 2919 2933 βαρυτέρου
2955 2853 3128 2919 εἴδους
3188 2864 3283 2918 τῆς
3311 2862 3589 2915 κακώσεως
3634 2847 3893 2911 διαλαϐὼν,

2310 2953 2376 3002 τὰ
2426 2948 2621 3021 ἐλαφρὰ
2668 2944 3018 3021 παρέδραμεν·
3071 2948 3097 2998 6
3143 2942 3203 2998 δὲ
3234 2949 3469 3019 Χριστὸς
3516 2947 3602 2996 καὶ
3649 2944 3762 3014 περὶ
3784 2937 3891 2988 τού-

2310 3059 2409 3092 των
2436 3038 2822 3110 ἐνομοθέτησεν,
2853 3035 3136 3109 ἀρξάμενος
3176 3038 3265 3107 μεν
3308 3034 3409 3087 ἀπὸ
3464 3042 3555 3087 τοῦ
3597 3030 3894 3104 βαρυτέρου,

2312 3127 2607 3190 καταλήξας
2666 3124 2725 3179 δε
2791 3126 2861 3187 εἰς
2927 3129 2985 3176 τὸ
3064 3124 3418 3198 έλαφροτερον.
3478 3124 3761 3197 Βαρύτερον
3819 3116 3896 3186 μὲν

2312 3219 2413 3291 γὰρ
2468 3224 2566 3267 τῶν
2630 3215 2811 3280 ἄλλων,
2864 3216 2893 3272 η
2950 3222 3042 3266 τοῦ
3097 3212 3363 3286 ὀφθαλμοῦ
3417 3218 3508 3266 καὶ
3560 3217 3651 3263 τοῦ
3700 3203 3895 3261 ὀδόντος

2316 3305 2505 3363 exuam}
2536 3326 2547 3337 '
2576 3312 2666 3356 τοῦ
2742 3307 2832 3377 μὲν
2910 3300 3250 3375 όδηγοῦντος,
3320 3310 3414 3355 τοῦ
3490 3299 3550 3355 δὲ
3619 3307 3679 3370 τῇ
3750 3296 3895 3365 τροφῇ

2318 3392 2683 3453 διακονοῦντος
2716 3412 2728 3425 ·
2761 3390 2871 3445 εἶτα
2918 3396 2947 3451 ἡ
3004 3396 3138 3445 κατὰ
3194 3401 3288 3452 τῆς
3345 3396 3589 3464 σιαγόνος
3640 3385 3799 3459 ὕϐρις,
3840 3381 3899 3438 ὡς

2316 3479 2793 3539 ἐπονειδιστοτάτη·
2879 3484 3057 3534 ἔπειτα
3099 3484 3128 3539 ἡ
3186 3489 3276 3534 τοῦ
3343 3491 3574 3552 χιτῶνος
3629 3476 3899 3547 ἀφαίρεσις·

2317 3572 2645 3647 ἐλαφρότερον
2695 3569 2754 3623 δὲ
2814 3573 3031 3638 τούτων,
3084 3572 3113 3628 ἡ
3172 3570 3452 3645 ἀγγαρεία.
3498 3568 3698 3639 Ὠσπερ
3746 3558 3801 3613 δὲ
3824 3555 3899 3609 ἐπὶ

2316 3672 2415 3715 τῶν
2468 3662 2629 3713 ἄλλων
2688 3657 2839 3714 εἰδῶν
2910 3670 3005 3722 τῆς
3078 3666 3356 3723 κακώσεως
3416 3663 3550 3733 μετὰ
3614 3652 3904 3727 προσθήκης

2318 3751 2605 3823 φιλοσοφεῖν
2664 3750 2938 3803 ἐκέλευσεν·
3004 3750 3139 3803 οὕτω
3196 3754 3286 3803 καὶ
3343 3749 3428 3802 ἐπὶ
3468 3757 3559 3807 τῆς
3612 3740 3895 3815 ἀγγαρείας,

2318 3846 2408 3894 καὶ
2438 3839 2723 3911 ὑπερϐῆναι
2773 3848 2866 3897 τῆν
2924 3835 3110 3891 οἰδικον
3150 3846 3241 3891 τοῦ
3298 3847 3469 3899 κακῶς
3517 3840 3775 3889 ποιοῦντος
3804 3824 3904 3876 έπι·

2322 3932 2533 4002 θυμίαν,
2580 3934 2670 3982 καὶ
2712 3927 2861 3981 πλέον
2920 3930 3118 3992 παθεῖν,
3179 3929 3209 3986 ἣ
3253 3926 3437 3989 ἐκεῖνος
3484 3933 3705 3983 ποιῆσαι
3745 3910 3903 3989 βούλε-

2321 4039 2426 4073 ται.
2468 4014 2621 4080 Εἶδες
2673 4016 2719 4069 ἐν
2772 4023 2973 4089 σώματι
3003 4018 3223 4087 παθητῷ
3263 4020 3611 4089 φυτευομένην
3652 4006 3902 4061 ἀπάθειαν

2321 4111 2641 4167 κατενόησας
2733 4105 3012 4177 ἀγγελικὴν
3124 4106 3407 4170 πολιτείαν,
3502 4104 3552 4156 ἐν
3637 4097 3907 4167 ἀνθρώποις

2321 4200 2819 4269 κατασπειρομένην.
2889 4199 2958 4249 Τό
3021 4197 3123 4269 γὰρ
3190 4199 3259 4267 μὴ
3325 4194 3594 4266 ἐπιθυμεῖν
3653 4180 3900 4269 έμπαθῷς,

2321 4282 2460 4357 μηδὲ
2502 4287 2798 4355 θυμοῦσθαι
2848 4284 2869 4356 [
2930 4268 3231 4356 κατὰν(82)
3290 4286 3472 4351 πάθος,
3534 4287 3626 4338 τῆς
3685 4268 3907 4357 ούραγὶου

2320 4373 2580 4435 πολιτείας
2624 4373 2772 4438 εἰσὶν,
2825 4373 2860 4425 ἃ
2918 4370 3012 4426 διὰ
3059 4382 3157 4425 τῶν
3214 4373 3492 4445 εἰρημένων
3560 4362 3772 4421 ἐντολῶν
3812 4353 3907 4406 ἑνο-

2320 4465 2603 4535 μοθέτησεν
2657 4465 2682 4515 ό
2739 4468 2961 4535 Χριστός
3116 4464 3197 4516 Ἐν
3257 4465 3346 4534 μὲν
3398 4464 3500 4536 γὰρ
3556 4464 3628 4525 τῷ
3687 4447 3910 4536 κελεῦοαξ

536 4558 757 4610 temere
783 4568 902 4607 non
926 4551 1122 4616 irasci,
1156 4566 1351 4623 neque
1381 4552 1494 4621 ipsi
1545 4551 1763 4616 dicere,
1800 4553 1982 4617 Raca,
2017 4566 2202 4623 neque

2318 4556 2389 4623 μὴ
2450 4551 2759 4625 ὀργίζεσθαι
2815 4560 2888 4621 τῷ
2946 4548 3152 4623 ἀδελφῷ
3213 4548 3346 4617 εἰκῆ,
3403 4546 3544 4623 μηδὲ
3583 4545 3741 4613 λέγειν
3782 4530 3911 4625 αὗτίξθ

542 4643 776 4700 fatuum
800 4642 962 4696 hunc
987 4639 1308 4712 appellare,
1351 4655 1543 4712 neque
1587 4641 1707 4696 Deo
1746 4655 1969 4695 munus
1994 4639 2206 4696 offerre

540 4738 679 4789 ante
708 4729 1249 4787 reconciliationem
1266 4744 1409 4799 erga
1437 4729 1706 4794 fratrem,
1743 4745 1814 4785 ac
1842 4728 2205 4786 benevolum

516 4838 669 4879 esse
720 4821 1059 4878 adversario
1098 4838 1113 4888 ;
1150 4819 1391 4878 aﬁ‘ectui
1426 4819 1612 4876 animi
1659 4823 1946 4877 commoti
1990 4835 2204 4877 nervos

542 4909 892 4986 amputavit.
952 4912 1017 4968 In
1061 4926 1131 4969 eo
1183 4925 1286 4968 ver
1350 4909 1517 4983 quod
1568 4909 1852 4983 praecepit
1891 4908 2202 4967 mulierem

628 5093 648 5129 ⁷
680 5094 826 5149 Luc.
851 5090 934 5157 vi,
968 5093 1058 5148 29.

2317 4645 2490 4708 τΡακὰ,
2533 4638 2671 4713 μηδὲ
2723 4641 2993 4713 ὀνομάζειν
3046 4648 3229 4697 τοῦτον
3279 4643 3470 4715 μωρὸν,
3533 4628 3672 4709 μηδὲ
3727 4617 3912 4716 “Pead-

2315 4751 2421 4803 γειν
2460 4708 2574 4802 Θεῷ
2630 4734 2688 4783 τὸ
2750 4708 2917 4805 δωρον
2960 4734 3060 4805 πρὸ
3116 4738 3208 4792 τῆς
3263 4708 3502 4801 sig-(83)
3534 4708 3643 4776 716v
3709 4708 3910 4805 αδελφὸξ

2316 4816 2628 4891 διαλλαγῆς,
2684 4825 2774 4873 καὶ
2834 4819 3019 4874 εὐνοεῖν
3068 4827 3140 4890 τῷ
3198 4814 3476 4891 ἀντιδῑκῳ,
3530 4814 3596 4865 τὰ
3644 4811 3796 4877 νεῦρα
3828 4810 3911 4891 To"!

2317 4881 2583 4983 ignorem);
2614 4881 2842 4982 ’ἐξέκοψε
2890 4910 3075 4983 θυμοῦ·
3110 4881 3189 4963 ’έν
3247 4903 3308 4963 δὲ
3354 4881 3436 4982 τῷ·
3462 4881 3797 4980 ⁷προστάξειε)
3844 4881 3908 4955 μὴ

1895 5210 2124 5280 Variae
2153 5210 2482 5281 lectiones
2525 5219 2590 5279 et
2616 5219 2819 5280 nota.

765 5359 906 5438 Quae
945 5357 1226 5438 leguntur
1256 5354 1333 5437 ab
1366 5351 1773 5438 adtapépwcuad
1801 5356 1974 5407 πάντα
2006 5356 2209 5438 ἱμάτια,

551 5426 974 5485 οαΗθῑιιθῑιὶυε
1014 5426 1073 5483 in
1122 5426 1394 5497 margine
1435 5426 1526 5481 sui
1565 5426 1787 5498 codicis
1822 5426 2120 5498 repere'rat
2144 5442 2215 5485 ac

542 5500 828 5570 rejecerat
856 5500 935 5555 ad
964 5499 1143 5555 ﬁnem
1173 5498 1379 5555 scholii
1412 5503 1544 5570 post
1581 5497 2003 5570 μεγαλοψυχῖαν.

2395 5355 2507 5499 ἓ82)
2548 5355 2785 5437 Inclusa
2815 5354 3033 5411 omittit
3069 5359 3141 5411 A.

2418 5428 2509 5498 83)
2555 5428 2854 5492 Usitatius,
2887 5431 3032 5499 πρός.

2418 5428 2509 5498 83)
2555 5428 2854 5492 Usitatius,
2887 5431 3032 5502 πρὸς.

626 5676 712 5750 (h)
746 5677 935 5746 Quam
960 5676 1065 5735 vim
1116 5706 1184 5717 —
1208 5674 1853 5736 subsmim'strare.Cum
1878 5675 1972 5734 ille
2000 5675 2257 5749 (oculus)
2285 5675 2421 5734 vitae
2449 5674 2575 5732 dux
2602 5675 2699 5743 sit,
2737 5673 2836 5733 hic
2864 5674 3061 5747 (Deus)
3093 5656 3814 5747 alimentorumgminimr'
