4098 6438
258 399 358 461 925

1196 480 1209 486 η
1285 406 1665 470 COMMENT.
1712 406 1784 467 IN
1827 408 2280 469 MATTHEUM.
2322 442 2388 455 —
2431 414 2595 473 CAP.
2643 412 2719 475 v.

3578 418 3688 480 226

288 534 484 609 βλέπειν
520 533 859 599 ἀκολαστοις
911 537 1200 612 ὀφθαλμοῖς
1256 543 1497 609 γυναῖκα,
1546 541 1638 590 καὶ
1690 536 1905 613 ἀπορρί-

2021 539 2256 596 lascivns
2286 539 2475 597 oculis
2520 557 2635 598 non
2665 542 2980 615 respicere,
3014 548 3071 599 et
3101 543 3358 616 abjicere
3402 562 3504 603 eos
3561 563 3684 604 eas-

294 627 393 701 ψαι
422 631 506 681 τὸν
535 624 971 692 σκανδαλίζονται
1019 633 1109 681 καὶ
1162 631 1255 685 τήν
1293 622 1775 694 σκανδαλίζουσαν,
1822 632 1912 680 καὶ

296 724 366 792 μή
403 718 639 771 ἀπολύειν
680 717 884 790 ἀλόγως
938 723 1027 776 τὴν
1064 714 1203 770 ἰδίαν
1252 724 1497 788 γυναῖκα,
1552 712 1691 789 μηδὲ
1727 726 1911 789 γαμεῖν

298 808 679 881 ἀπολελυμένην
738 808 917 880 ἑτέρῳ,
979 816 1076 869 τῆς
1126 805 1391 879 ἐμπαθοῦς
1458 804 1739 878 ἐπιθυμίας
1803 805 1911 860 ἀνί·

298 918 470 952 σπασε
497 901 595 958 τὰς
637 898 810 972 ῥίζας.
850 902 952 951 Καὶ
1003 896 1156 949 πάλιν
1188 894 1237 947 ἐν
1289 898 1379 967 μὲν
1431 903 1503 965 τῷ
1542 894 1802 964 ἐπιτάξαι,
1835 901 1907 968 μη

293 988 500 1058 ὀμνύειν
556 986 708 1055 ὅλως,
769 991 866 1045 τὴν
920 990 1039 1059 περὶ
1092 987 1155 1037 τὰ
1206 989 1467 1059 χρήματα
1522 988 1612 1036 καὶ
1668 989 1912 1057 κτήματα

291 1076 579 1148 ἐπιθυμίαν
624 1075 893 1139 ἐξήλασεν·
943 1074 995 1127 ἐν
1033 1071 1092 1128 δὲ
1124 1081 1198 1144 τῷ
1246 1073 1594 1137 ἐντείλασθαι,
1640 1078 1711 1146 μὴ
1764 1072 1910 1127 ἀνθί-

291 1168 529 1219 στασθαι
556 1173 631 1236 τῷ
660 1173 895 1240 πονηρῷ,
939 1168 1029 1217 καὶ
1074 1166 1305 1238 στρέφειν
1335 1166 1426 1215 καὶ
1470 1166 1564 1221 τὴν
1607 1162 1763 1221 ἄλλην
1796 1182 1909 1215 σια-

284 1260 440 1325 γόνα,
472 1259 567 1307 καὶ
608 1253 817 1326 ἀφιέναι
853 1257 944 1306 καὶ
994 1255 1052 1305 τὸ
1109 1254 1334 1325 ἱμάτιον,
1370 1256 1460 1305 καὶ
1519 1251 1732 1323 ὑπάγειν
1761 1251 1912 1324 μίλια

285 1342 415 1410 δύο,
450 1348 544 1396 τὸν
577 1344 645 1404 εἰς
668 1346 728 1396 τό
759 1343 1061 1416 ἀμύνασθαι
1088 1343 1249 1415 θυμόν
1274 1338 1588 1395 κατέστειλε.

354 1440 447 1505 Τῷ
488 1433 729 1487 αἰτοῦντι
776 1464 847 1474 -
885 1429 1066 1487 δίδου.
1116 1430 1238 1485 Ὅτε
1290 1428 1349 1483 δὲ
1394 1432 1577 1483 ἱστατο
1615 1427 1698 1481 ἐπὶ
1748 1432 1907 1481 τόπου

284 1520 516 1576 πεδινοῦ
568 1519 872 1589 διδάσκων,
904 1526 1248 1597 φανερώτερον
1305 1516 1460 1590 εἶπεν,
1511 1521 1589 1573 ὅτι
1633 1523 1795 1571 Παντὶ
1834 1526 1907 1589 τῷ

282 1614 532 1665 αἰτοῦντί
582 1630 639 1664 σε
682 1608 865 1679 δίδου,
897 1615 962 1672 ὡς
1002 1612 1027 1662 ό
1085 1616 1294 1671 Λουκᾶς
1344 1607 1562 1681 ἔγραψε.
1594 1607 1794 1661 Κελεύει
1826 1604 1904 1675 δὲ,

283 1707 357 1775 μή
398 1699 677 1776 διακρῖναι
705 1704 792 1754 τόν
822 1699 971 1764 ἄξιον
1008 1698 1108 1753 ἀπὸ
1129 1706 1219 1752 τοῦ
1245 1697 1477 1761 ἀναξίου.

358 1792 450 1844 Ἐν
499 1793 610 1862 ὅσῳ
660 1793 764 1863 γὰρ
826 1790 978 1854 αἰτεῖ,
1040 1785 1274 1860 δεόμενός
1322 1787 1484 1856 ἐστιν,
1540 1786 1646 1845 οἷος
1701 1783 1762 1836 ἂν
1818 1790 1907 1837 καὶ

2020 644 2137 700 que
2184 628 2286 701 qui
2333 635 2470 685 sunt
2519 630 2891 699 offendicula,
2939 649 3135 705 neque
3198 635 3498 706 propriam
3558 636 3685 693 sine

2019 735 2202 775 causa
2225 720 2533 792 repudiare
2566 738 2832 788 uxorem,
2856 738 3045 795 neque
3083 724 3155 779 ab
3194 724 3376 781 altero
3408 727 3686 798 repudia-

2020 811 2143 864 tam
2201 809 2451 866 ducere:
2504 812 2840 880 aegrotantis
2896 813 3386 886 concupiscentiae
3450 816 3684 873 radices

2020 897 2255 954 avulsit.
2330 901 2584 955 Rursum
2638 901 2699 955 in
2752 917 2821 956 eo
2849 902 3015 973 quod
3056 904 3238 973 jussit
3281 905 3527 960 omnino
3561 921 3685 961 non

2014 986 2235 1055 jurare,
2289 987 2669 1058 cupiditatem
2700 990 2857 1045 circa
2905 989 3242 1047 affectiones
3285 1009 3353 1047 ac
3397 994 3683 1065 pecunias

2019 1074 2256 1145 expulit.
2284 1075 2694 1147 Preecipiendo
2728 1094 2866 1135 vero
2898 1095 3016 1135 non
3068 1080 3337 1136 resistere
3388 1082 3570 1150 malo,
3625 1088 3684 1139 et

2018 1162 2199 1219 aliam
2211 1180 2454 1236 quoque
2474 1165 2777 1222 maxillam
2796 1167 3124 1233 obvertere,
3141 1185 3210 1224 ac
3229 1170 3480 1241 pallium
3496 1173 3680 1228 etiam

2018 1253 2332 1325 dimittere,
2365 1253 2600 1325 duoque
2633 1255 2909 1313 milliaria
2951 1259 3149 1315 abire:
3191 1262 3462 1316 animum
3503 1260 3577 1317 ab
3601 1261 3682 1316 ul-

2019 1342 2303 1398 ciscendo
2344 1343 2659 1400 continuit.

2087 1433 2254 1487 Vers.
2284 1435 2373 1488 42.
2404 1432 2628 1489 Petenti
2659 1463 2724 1474 —
2754 1434 2916 1491 dato.
2953 1436 3205 1500 Quando
3250 1442 3402 1494 certe
3442 1439 3505 1495 in
3549 1438 3683 1497 loco

2016 1521 2330 1592 campestri
2368 1520 2589 1577 docens
2630 1522 2807 1587 stetit,
2866 1523 3235 1581 manifestius
3292 1526 3474 1583 dixit:
3511 1529 3684 1585 Omni

2016 1609 2113 1663 abs
2138 1615 2194 1665 te
2224 1612 2442 1680 petenti
2471 1610 2630 1677 dato,
2674 1611 2855 1667 veluti
2911 1614 3139 1685 scripsit
3199 1617 3383 1670 Lucas
3432 1618 3472 1671 ⁸.
3506 1619 3683 1674 Jubet

2016 1703 2216 1755 autem
2248 1714 2367 1755 non
2394 1698 2724 1769 dijudicare
2754 1701 3008 1771 dignum
3039 1702 3116 1758 ab
3154 1703 3417 1773 indigno.

2088 1789 2168 1843 Eo
2194 1787 2354 1843 enim
2403 1780 2567 1858 quod
2611 1789 2774 1860 petit,
2804 1789 3082 1861 indignus
3121 1797 3209 1847 est
3253 1794 3683 1867 qualiscunque

289 1884 399 1939 εἰη.
436 1882 576 1935 Ἐπεὶ
605 1884 698 1932 καὶ
739 1880 766 1930 ὁ
805 1881 937 1939 Θεὸς
997 1880 1168 1931 πάντα
1199 1879 1267 1929 τὰ
1482 1878 1607 1949 πρὸς
1648 1877 1905 1927 σύστασιν

2021 1875 2109 1931 sit.
2152 1878 2301 1932 Nam
2349 1880 2404 1932 et
2442 1877 2594 1932 Deus
2638 1878 2843 1934 omnia
2887 1879 2964 1934 ad
3012 1880 3148 1935 vitae
3193 1884 3681 1940 sustentationem

292 1976 395 2030 τῆς
452 1970 590 2031 ζωῆς
643 1974 809 2021 πᾶσιν
851 1967 1142 2041 ἀνθρώποις
1195 1967 1381 2038 ὁμοίως
1434 1962 1635 2030 ἀνῆκεν,
1694 1962 1907 2035 ἀγαθοῖς

286 2077 343 2111 τε
383 2063 477 2111 καὶ
500 2064 775 2130 πονηροῖς,
800 2063 1013 2117 πιστοῖς
1037 2074 1091 2107 τε
1118 2058 1204 2107 καὶ
1228 2053 1492 2115 ἀπίστοις.

366 2153 473 2201 Καὶ
521 2178 590 2191 -
640 2144 1004 2220 ἀποστραφῇς.
1053 2151 1159 2198 Νῦν
1208 2147 1296 2217 μὲν
1355 2139 1495 2215 δίχα
1532 2146 1685 2195 τόκου
1735 2138 1905 2194 δανεί-

284 2239 401 2297 ζειν
462 2236 746 2289 ἐνετείλατο
780 2250 794 2265 ·
835 2237 917 2289 ὅτε
975 2231 1058 2301 δὲ,
1111 2237 1177 2296 ὡς
1223 2237 1430 2306 ἔφαμεν,
1481 2228 1764 2285 ἐδίδασκεν
1821 2229 1906 2283 ἐπὶ

285 2334 459 2381 τόπου
528 2322 765 2391 πεδινοῦ,
840 2323 1147 2397 προσέταξε,
1202 2319 1341 2395 μηδὲ
1418 2325 1475 2375 τό
1547 2318 1905 2394 δανειζόμενον

287 2414 559 2467 ἀπαιτεῖν.
614 2415 732 2467 Ἐὰν
782 2418 884 2487 γὰρ
932 2411 1225 2479 δανείζητε,
1276 2417 1427 2484 φησὶ,
1478 2411 1601 2484 παρ’
1649 2412 1716 2461 ὧν
1769 2410 1906 2463 ἐλπί⁴

288 2507 411 2565 ζετε
467 2503 769 2570 ἀπολαϐεῖν,
837 2508 965 2556 ποία
1011 2504 1131 2575 ὑμῖν
1178 2504 1340 2575 χάρις
1393 2500 1576 2567 ἐστίνς
1632 2500 1715 2560 Ὡς
1778 2497 1907 2552 εἶναι

288 2599 351 2646 τὸ
422 2597 513 2665 μεν
590 2596 721 2668 πρὸς
783 2592 1166 2665 ἀτελεστέρους,
1225 2594 1282 2644 τό
1352 2588 1411 2644 δὲ
1475 2594 1601 2663 πρὸς
1664 2589 1905 2643 τελειοτέ-

290 2703 388 2757 pou
398 2704 440 2745 ς.

367 2861 666 2914 Ἠκούσατε
722 2890 791 2901 -—-
846 2860 1000 2932 ὑμᾶς.
1078 2860 1481 2934 Καταμαράνας,
1542 2861 1609 2919 ὡς
1678 2856 1901 2931 εἴρηται,

288 2953 380 3002 τὸν
428 2952 593 3022 θυμόν
647 2954 737 3002 καὶ
791 2954 885 3009 τὴν
928 2948 1230 3022 ἐπιθυμίαν,
1284 2953 1375 3002 καὶ
1426 2951 1617 3008 παντὸς
1666 2950 1903 3001 τοιούτου

290 3041 499 3100 πάθους
557 3036 858 3101 ἀπαλλάξας
912 3042 1002 3091 τὸν
1064 3040 1384 3111 πειθόμενον,
1441 3037 1616 3090 λοιπόν
1674 3036 1904 3090 ἐκελευσε

290 3132 383 3180 καὶ
456 3127 762 3199 εὐεργετεῖν,
834 3126 883 3180 ἓν
945 3134 1020 3198 τῷ
1078 3123 1290 3181 διδόναι
1360 3134 1470 3187 τοῖς
1534 3126 1761 3191 αἰτοῦσι,
1813 3131 1903 3179 καὶ

293 3214 559 3278 δανείζειν
616 3224 722 3277 τοῖς
785 3220 1110 3292 χρῄζουσιν
1168 3213 1299 3285 εἶτα,
1365 3219 1579 3290 προῖὼν,
1644 3214 1971 3308 ἀνήγαγενϐ

288 3308 360 3367 εἰς
424 3311 522 3365 τὴν
578 3308 745 3380 ἄκραν
820 3304 1024 3381 ἀρετήν.
1097 3309 1325 3380 Κορωνὶς
1393 3308 1496 3378 γὰρ
1555 3308 1644 3357 καὶ
1698 3307 1897 3377 κορυφὴ

289 3399 475 3456 πάσης
506 3393 712 3469 ἀρετῆς,
746 3398 803 3447 τὸ
834 3393 1041 3467 ἀγαπᾷν
1064 3398 1179 3455 τούς
1213 3394 1459 3467 ἐχθροὺς,
1504 3398 1593 3446 καί
1644 3395 1711 3445 τὰ
1766 3392 1896 3455 ἑξῆς.

292 3486 543 3556 Ἀγαπᾷν
573 3482 633 3537 δε
664 3484 873 3554 αὐτούς,
926 3484 985 3536 οῦ
1030 3486 1159 3537 καθό
1191 3484 1322 3536 εἰσιν
1351 3482 1556 3558 ἐχθροὶ,
1602 3482 1731 3534 ἀλλὰ
1772 3483 1901 3534 καθό

290 3574 426 3627 εἰσιν
482 3576 771 3647 ἄνθρωποι.
831 3578 931 3627 Καὶ
1002 3578 1073 3646 μὴ
1138 3578 1291 3646 μόνον
1347 3571 1576 3644 ἀγαπᾷν,
1630 3570 1760 3623 ἀλλὰ
1812 3575 1903 3623 καὶ

290 3665 709 3739 ῦπερεύχεσθαι.
772 3670 857 3733 Τῷ
925 3659 985 3715 δε
1060 3661 1269 3735 ἀγαπᾷν
1337 3666 1453 3723 τούς
1509 3660 1731 3734 ἐχθρούς
1794 3661 1903 3713 ἔπε-

290 3773 374 3805 ται
407 3754 529 3825 (85)
566 3758 657 3806 καὶ
690 3752 871 3819 τᾶλλα,
912 3752 1045 3823 λέγω
1084 3748 1151 3810 δὴ
1180 3756 1239 3805 τὸ
1264 3751 1486 3820 εὐλογεῖν
1527 3754 1644 3811 τοὺς
1672 3769 1905 3826 καταρω-

289 3847 495 3914 μένους,
544 3847 634 3894 καὶ.
673 3842 842 3905 καλῶς
870 3848 1034 3893 ποιεῖν
1073 3850 1181 3904 τοῖς
1211 3849 1453 3914 μισοῦσι,
1501 3845 1590 3893 καὶ
1648 3840 1903 3911 εὔχεσθαι

464 3940 569 3983 τῶν
615 3930 1019 4006 ἐπηρεαζόντων.
1051 3938 1229 3983 Ταῦτα
1262 3933 1361 4003 γὰρ
1414 3931 1444 3989 ἡ
1492 3928 1659 3983 τελεία
1702 3927 1899 3999 ἀγάπη.

286 4026 478 4074 Σκόπει
512 4018 575 4075 δε
601 4025 691 4074 καὶ
731 4025 789 4073 τό
820 4020 1039 4073 ἔπαθλον
1072 4027 1169 4083 τῆς
1206 4019 1527 4082 τηλικαύτης
1549 4019 1665 4092 (86)
1692 4017 1897 4093 ἀρετῆς,

288 4114 357 4171 ὡς
430 4113 708 4182 μέγιστον.
783 4110 924 4163 Ἐπεὶ
996 4111 1097 4184 γὰρ
1166 4112 1223 4161 τὸ
1287 4116 1519 4160 τοιοῦτον
1587 4109 1903 4181 κατόρθωμα

288 4200 469 4270 μεῖζον
500 4201 564 4257 ἦν
593 4202 809 4266 παντὸς,
855 4200 1068 4256 τίθησιν
1117 4197 1258 4269 αύτῷ
1304 4203 1395 4251 καὶ
1432 4201 1518 4249 τὸν
1549 4197 1667 4268 (87)
1710 4198 1901 4269 μισθὸν

286 4290 508 4361 μείζονα
534 4292 746 4351 παντός.
772 4292 913 4342 «Iurat
933 4288 1054 4361 γάρ·

358 4466 542 4527 Ὀπως
616 4498 681 4507 -—-
741 4462 980 4528 ἀδίκους.
1038 4470 1219 4538 Πατὴρ
1451 4473 1551 4517 τῶν
1620 4462 1899 4540 ἀνθρώπων

290 4560 433 4610 ἐστὶν
464 4560 492 4608 ό
527 4559 679 4624 Θεὸς,
732 4558 803 4617 ὡς
854 4559 1082 4617 ποιητὴς
1132 4555 1301 4607 αὐτῶν
1334 4571 1346 4583 ·
1393 4558 1621 4629 πατέρας
1659 4558 1762 4626 γὰρ
1818 4552 1900 4605 λέ-

287 4664 449 4720 γομεν
508 4650 603 4698 καὶ
654 4649 772 4706 τούς
822 4647 984 4719 ἔργων
1031 4653 1181 4697 τινῶν
1233 4645 1454 4704 ποιητάς
1485 4660 1498 4673 ⁸
1550 4646 1625 4696 ἔτι
1678 4639 1738 4696 δὲ
1789 4646 1898 4708 καὶ,

289 4740 360 4799 ὡς
414 4731 664 4808 κηδεμὼν
712 4738 804 4787 καὶ
858 4737 1146 4806 προνοητὴς
1198 4732 1363 4785 αὐτῶν
1406 4750 1419 4762 ·
1458 4730 1594 4785 ἴδιον
1648 4734 1749 4805 γὰρ
1796 4751 1901 4785 πα-

287 4830 409 4900 τρὸς
454 4821 725 4883 κήδεσθαι
779 4826 871 4876 καὶ
926 4824 1262 4897 προνοεῖσθαι
1291 4828 1383 4875 τοῦ
1434 4822 1626 4875 οἰκείου
1673 4817 1892 4882 παιδός,

285 4917 403 4968 Υἱοὶ
453 4910 516 4967 δὲ
546 4920 639 4966 τοῦ
689 4921 823 4967 Θεοῦ
861 4918 1092 4985 γίνονται
1140 4915 1190 4965 οἱ
1246 4914 1579 4985 όμοιούμενοι
1638 4910 1779 4981 αύτῷ
1828 4906 1902 4962 δι’

286 5002 497 5077 ἀρετῆς,
530 5005 756 5057 καθόσον
801 5001 941 5057 ἐστὶν
982 5001 1235 5077 ἀνθρώπῳ
1287 4998 1528 5054 δυνατόν.
1590 4997 1752 5056 Ἱδιον
1798 5001 1900 5073 γὰρ

284 5096 404 5149 υἱοῦ
457 5094 776 5167 ὁμοιοῦσθαι
843 5100 917 5165 τῷ
1000 5092 1172 5165 οἰκείῳ
1246 5095 1429 5166 πατρί.
1489 5096 1693 5161 Ὅπως,
1748 5092 1899 5161 φησὶ,

356 5275 379 5311 ⁸
406 5274 549 5331 Luc.
580 5289 658 5339 vr,
697 5275 791 5331 30.
871 5267 1061 5328 9Luc.
1092 5285 1171 5342 γι,
1207 5268 1304 5327 34.

2014 1964 2313 2036 aequaliter
2359 1966 2639 2021 omnibus
2687 1967 2935 2023 contulit
2988 1969 3341 2037 hominibus,
3406 1972 3575 2027 bonis
3625 1976 3684 2030 et

2014 2052 2211 2121 malis,
2239 2053 2517 2109 ﬁdelibus
2556 2059 2612 2110 et
2640 2055 2999 2111 inﬁdelibus.

2086 2143 2248 2198 Vers.
2276 2146 2364 2198 42.
2398 2144 2482 2199 Et
2519 2176 2588 2185 —-
2616 2150 2921 2202 averseris.
2980 2149 3146 2202 Nunc
3177 2148 3420 2220 quidem
3455 2151 3681 2223 absque

2018 2230 2243 2287 fanore
2272 2234 2769 2303 mutuarejussit:
2813 2235 3060 2306 quando
3110 2242 3316 2304 autem,
3351 2238 3505 2295 sicut
3529 2240 3677 2295 dixi-

2015 2337 2170 2385 mus,
2203 2322 2266 2376 in
2305 2321 2435 2377 loco
2480 2324 2798 2394 campestri
2850 2324 3119 2393 docebat,
3165 2326 3349 2396 jussit
3402 2344 3593 2400 neque
3620 2329 3680 2385 id

2014 2409 2177 2482 quod
2234 2413 2575 2466 mutuatum
2624 2416 2711 2466 est
2755 2417 3037 2483 repetere.
3094 2415 3151 2470 Si
3204 2414 3385 2486 enim,
3463 2416 3677 2487 inquit,

2016 2504 2296 2554 mutuum
2358 2498 2635 2555 dederitis
2683 2500 2772 2555 his
2831 2515 2867 2557 a
2908 2502 3130 2573 quibus
3189 2519 3294 2558 vos
3337 2512 3680 2575 recepturos

2017 2588 2285 2659 speratis,
2319 2604 2455 2659 quae
2482 2589 2652 2645 vobis
2686 2595 2773 2645 est
2802 2592 2994 2659 gratia
3026 2594 3046 2627 9
3079 2591 3106 2646 ‘I
3141 2592 3254 2647 Sed
3290 2592 3403 2649 hoc
3429 2595 3678 2665 quidem

2016 2676 2095 2733 ad
2151 2677 2622 2749 imperfectiores
2671 2679 2941 2749 dirigitur
2986 2680 3171 2747 ;illud
3204 2697 3339 2738 vero
3394 2685 3564 2739 Lucae
3606 2686 3681 2740 ad

2015 2764 2411 2837 perfectiores.

2086 2853 2249 2909 Vers.
2300 2856 2388 2910 43.
2422 2856 2707 2911 Audistis.
2750 2887 2821 2898 —-
2850 2859 3006 2914 Vers.
3049 2859 3138 2914 44.
3181 2874 3297 2915 vos.
3332 2859 3680 2933 Postquam,

2016 2949 2079 2999 ut
2108 2943 2331 2998 dictum
2361 2948 2469 3010 est,
2502 2945 2654 2999 iram
2682 2960 2751 3001 ac
2792 2947 3337 3017 concupiscentiam
3398 2951 3681 3022 exstirpa-

2012 3031 2109 3097 vit,
2146 3032 2430 3103 omnique
2459 3032 2634 3087 simili
2658 3032 2870 3089 affectu
2902 3035 3014 3090 sibi
3068 3035 3410 3092 obedientes
3464 3038 3679 3097 libera-

2010 3120 2112 3183 vit,
2145 3120 2427 3192 deinceps
2458 3121 2636 3177 etiam
2683 3121 3025 3178 benefacere
3060 3123 3247 3193 jubet,
3281 3124 3483 3181 dando
3514 3127 3678 3184 vide-

2010 3208 2143 3266 licet
2162 3209 2521 3281 petentibus,
2541 3226 2611 3265 ac
2640 3211 2977 3267 mutuando
3002 3212 3419 3283 indigentibus.
3456 3216 3678 3273 Deinde

2009 3297 2406 3369 procedendo,
2436 3299 2514 3355 ad
2546 3304 2873 3355 extremam
2906 3301 3182 3372 perduxit
3212 3304 3508 3359 virtutem.
3545 3306 3682 3361 0m-

2009 3388 2099 3443 nis
2128 3386 2288 3443 enim
2347 3387 2574 3443 virtutis
2620 3389 2852 3443 coronis
2884 3405 2953 3444 ac
2996 3396 3194 3446 vertex
3247 3396 3351 3456 est,
3398 3391 3677 3450 inimicos

2010 3491 2233 3543 amare,
2262 3480 2316 3532 et
2345 3483 2550 3534 caetera
2580 3493 2715 3549 qua:
2746 3484 3090 3550 sequuntur.
3123 3482 3360 3546 Amare,
3405 3482 3675 3553 inquam,

2008 3565 2321 3638 ipsos,non
2354 3571 2643 3638 quatenus
2677 3566 2893 3622 inimici
2928 3572 3090 3635 sunt,
3107 3570 3210 3623 sed
3240 3574 3537 3641 quatenus
3568 3572 3671 3626 ho-

2012 3656 2221 3712 mines.
2249 3659 2364 3712 Nec
2381 3657 2575 3712 solum
2590 3672 2810 3725 amare,
2827 3658 2931 3712 sed
2944 3662 3003 3713 et
3015 3673 3123 3729 pro
3137 3659 3219 3713 eis
3236 3660 3569 3716 obsecrare.
3593 3663 3632 3715 A
3645 3663 3677 3715 d

2011 3760 2282 3801 amorem
2308 3750 2505 3801 autem
2539 3746 2921 3801 inimicorum
2951 3753 3400 3819 consequuntur
3434 3756 3490 3817 et
3519 3749 3637 3805 alia
3666 3766 3677 3803 :

2010 3834 2141 3890 dico
2167 3849 2331 3903 sane,
2371 3834 2524 3890 bene
2556 3834 2779 3906 precari
2819 3834 3267 3901 devoventibus,
3321 3853 3392 3894 ac
3442 3838 3681 3895 benefa-

2010 3939 2140 3979 cere
2196 3923 2287 3979 his
2335 3924 2438 3995 qui
2483 3924 2750 3989 oderunt,
2809 3928 2866 3980 et
2917 3940 3084 3981 orare
3138 3942 3248 3997 pro
3305 3926 3674 3984 laedentibus.

2010 4015 2161 4069 Nam
2213 4012 2339 4068 haec
2410 4012 2687 4084 perfectas
2748 4017 2881 4068 sunt
2932 4012 3287 4069 dilectionis.
3362 4016 3681 4073 Considera

2009 4119 2152 4159 vero
2185 4109 2241 4159 et
2291 4102 2607 4174 praemium
2655 4102 3003 4173 bujusmodi
3050 4104 3302 4160 virtutis.
3337 4105 3489 4170 Quia
3520 4107 3680 4162 enim

2007 4196 2134 4248 tam
2181 4192 2535 4264 praclarum
2594 4190 2831 4247 facinus
2893 4192 3063 4247 omni
3102 4193 3217 4248 alio
3276 4195 3477 4265 majus
3533 4203 3679 4265 erat,

2008 4281 2327 4353 praemium
2366 4296 2608 4354 quoque
2637 4282 2803 4337 omni
2844 4281 3044 4352 majus
3101 4281 3207 4352 ipsi
3260 4283 3553 4353 rependit.
3586 4285 3681 4341 Ait

2010 4372 2174 4428 enim
2210 4386 2223 4426 :

2083 4460 2243 4515 Vers.
2276 4461 2365 4514 45.
2420 4459 2495 4516 Ut
2542 4488 2611 4500 -—
2664 4460 2933 4528 injustas.
2989 4457 3158 4513 Pater
3208 4458 3457 4531 quidem
3483 4458 3679 4516 homi-

2009 4564 2158 4606 num
2187 4549 2341 4603 Deus
2389 4553 2476 4604 est
2522 4553 2811 4619 tanquam
2859 4547 3191 4619 plasmator
3255 4564 3465 4605 eorum
3515 4550 3682 4622 (nam

2010 4642 2209 4712 patres
2239 4653 2483 4710 quoque
2513 4637 2771 4693 dicimus
2809 4653 3053 4709 operum
3082 4637 3424 4710 aliquorum
3449 4644 3679 4712 poetas,

2009 4728 2123 4785 hoc
2171 4733 2261 4783 est
2312 4726 2663 4798 effectores),
2710 4734 3003 4800 tanquam
3063 4727 3239 4783 etiam
3294 4729 3564 4800 provisor
3616 4746 3684 4786 ac

2009 4817 2658 4890 procuratoripsorum
2683 4833 2697 4869 :
2733 4817 2920 4888 patris
2948 4815 3244 4887 siquidem
3271 4818 3563 4889 proprium
3596 4822 3685 4876 est

2010 4907 2132 4963 ﬁlio
2174 4922 2283 4962 suo
2318 4905 2632 4978 providere
2669 4922 2737 4962 ac
2790 4920 3125 4979 procurare.
3173 4905 3299 4961 Filii
3348 4911 3546 4963 autem
3579 4908 3683 4964 Dei

2009 4996 2182 5063 ﬁunt,
2236 4996 2341 5069 qui
2391 5011 2496 5067 per
2539 4996 2815 5052 virtutem
2873 4993 3111 5050 similes
3156 4995 3271 5067 ipsi
3327 4995 3678 5067 efﬁciuntur,

2010 5089 2310 5161 quantum
2336 5089 2425 5142 est
2451 5085 2675 5143 homini
2714 5084 3001 5159 possibile
3035 5104 3048 5156 ;
3080 5098 3224 5143 nam
3253 5082 3358 5140 ﬁlii
3370 5083 3683 5158 proprium

1523 5388 1745 5462 Variae
1774 5387 2103 5461 lectiones
2137 5397 2203 5458 et
2232 5397 2433 5457 notae.

381 5596 467 5671 84)
507 5596 590 5664 τά,
623 5593 853 5671 omittit
891 5592 963 5649 Α.
1005 5605 1145 5647 mox
1185 5586 1351 5671 deest
1380 5602 1623 5671 quoque
1649 5592 1769 5671 τῆς.

381 5596 467 5671 84)
507 5596 590 5664 τά,
623 5596 853 5655 omittit
891 5596 963 5649 A.
1005 5605 1145 5647 mox
1185 5596 1351 5646 deest
1380 5602 1623 5662 quoque
1652 5596 1769 5650 τῆς.

358 5596 467 5742 (85)
498 5669 759 5737 Correxi,
797 5667 996 5730 ἕπεται,
1032 5678 1137 5742 pro
1186 5662 1385 5716 ἵπειτα.
1420 5664 1572 5720 Nam
1611 5664 1667 5717 et
1696 5662 1905 5716 liente-

288 5741 415 5802 nius
436 5744 641 5814 habet,
674 5741 1153 5811 consequuntur.

2231 5584 2479 5645 τοιαύτης
2503 5580 2550 5638 Α
2562 5628 2576 5642 .

2114 5585 2180 5641 86
2231 5585 2479 5645 τοιαύτης
2503 5585 2576 5642 Α.

2087 5585 2205 5732 (87)
2234 5661 2321 5710 τὸν
2352 5657 2522 5715 abest
2544 5657 2615 5715 A.
