4098 6384
514 342 616 407 227
1486 392 1491 395 μ
1834 342 2183 408 EUTHYMII
2222 348 2554 411 ZIGABENI

3776 368 3885 425 228

513 482 619 546 est,
653 495 756 533 suo
787 478 1103 534 assimilari
1130 478 1305 551 patri.
1353 480 1423 534 Ut
1446 477 1591 541 sitis,
1626 476 1833 549 inquit,
1869 476 1969 531 ﬁlii
2024 477 2124 533 Dei
2155 493 2162 533 ε

2281 482 2501 551 γένησθε
2539 485 2644 535 υἱοὶ
2668 491 2759 537 τοῦ
2792 493 2944 555 Θεοῦ,
2995 488 3053 541 οὐ
3100 492 3271 563 φύσει,
3325 490 3431 542 ἀλλ’
3470 492 3737 559 ὁμοιώσει,
3792 493 3887 550 διὰ

516 583 637 622 non
668 571 900 633 natura,
925 568 1027 622 sed
1057 567 1455 631 similitudine,
1483 566 1745 621 amando
1776 565 2172 622 videlicetini-

514 657 702 711 micos
751 660 1021 711 vestros:
1072 656 1215 729 quia
1262 663 1316 711 et
1363 656 1457 710 ille
1496 672 1530 711 a
1587 655 1758 710 malis
1808 670 1877 709 ac
1928 656 2164 727 iniquis,

514 745 899 816 blasphemiis
934 751 1217 817 tanquam
1248 745 1462 816 jaculis
1493 745 1737 817 petitus,
1766 749 1821 799 et
1868 750 2172 800 contume—

512 834 594 889 lia
620 833 883 896 affectus.
928 835 1293 906 proprioque
1338 834 1567 890 honore
1623 833 1906 904 privatus,
1969 839 2167 888 tamen

514 921 593 977 ob
648 936 925 986 amorem,
982 938 1103 993 quo
1156 938 1258 977 eos
1308 922 1708 993 prosequitur,
1765 920 1950 975 solem
1993 938 2169 976 suum

512 1010 649 1066 oriri
706 1009 844 1066 facit
878 1027 1060 1082 super
1113 1011 1306 1066 malos
1357 1026 1427 1065 ac
1469 1010 1673 1076 bonos,
1721 1014 1777 1065 et
1820 1009 1971 1081 pluit
1999 1025 2173 1081 super

508 1099 701 1170 justos
740 1116 810 1154 ac
856 1100 1133 1170 injustos.
1166 1104 1239 1153 At
1284 1104 1345 1155 tu
1381 1099 1629 1171 quidem
1661 1115 1696 1154 a
1727 1099 2033 1154 conservis
2065 1114 2173 1170 pa-

512 1186 680 1243 teris:
734 1187 828 1242 ille
873 1204 1010 1243 vero
1062 1205 1095 1242 a
1149 1189 1361 1245 servis.
1439 1190 1505 1243 Et
1540 1193 1597 1242 tu
1659 1203 1803 1243 sane
1856 1202 2048 1256 pauca
2100 1202 2171 1242 ac

510 1276 747 1331 modica
769 1277 852 1331 eis
909 1276 1225 1349 praestabis
1282 1277 1477 1332 bona:
1530 1276 1623 1332 ille
1659 1282 1860 1332 autem
1911 1276 2172 1347 plurima

512 1381 575 1420 ac
632 1366 935 1431 maxima;
988 1372 1044 1421 et
1088 1371 1288 1422 tamen
1327 1366 1533 1422 tribuit
1590 1367 1692 1421 tibi
1752 1371 1815 1421 ut
1870 1366 1945 1421 ob
1999 1365 2170 1421 talem

508 1453 899 1509 imitationem
942 1455 1055 1526 ipsi
1098 1454 1307 1509 similis
1352 1454 1650 1519 efticiaris,
1710 1454 1955 1527 ejusque
2008 1454 2168 1509 ﬁlius

510 1541 865 1597 nomineris.

586 1633 688 1686 Per
747 1632 926 1687 solem
979 1647 1123 1687 sane
1173 1648 1239 1687 ac
1282 1631 1542 1702 pluviam
1609 1633 1810 1687 omnia
1864 1631 1943 1687 ad
1981 1632 2169 1687 vitam

511 1721 922 1776 convenientia
953 1721 1303 1790 significavit
1338 1736 1351 1786 ;
1383 1720 1476 1775 his
1512 1720 1668 1775 enim
1703 1720 1908 1776 omnia
1938 1736 1969 1775 e
2020 1726 2169 1776 terra

2282 576 2373 620 τοῦ
2422 569 2628 643 ἀγαπᾷν
2681 578 2803 638 τοὺς
2872 575 3098 652 ἐχθρούς
3158 581 3319 652 ὐμῶν.
3382 582 3620 655 Ἐπείπερ
3675 582 3881 655 ἐκεῖνος,

2282 659 2381 712 ὑπὸ
2434 669 2532 711 τῶν
2572 672 2806 738 πονηρῶν
2837 672 2921 717 xui
2956 676 3051 719 τῶν
3093 671 3206 739 (87)
3260 666 3456 721 ἀδίκων
3498 670 3880 747 βλασφημίαις,

2283 747 2352 809 ὠς
2415 748 2611 819 βέλεσι,
2669 751 3001 825 βαλλόμενος,
3062 763 3152 809 καὶ
3230 757 3589 832 ὑϐριζόμενος,
3649 767 3738 814 xui
3796 772 3886 825 τῆς

2283 836 2478 900 οἰκείας
2528 850 2686 913 τιμῆς
2736 841 3196 918 ἀποστερούμενος,
3240 849 3378 919 ὅμως
3430 847 3642 920 ἀγαπῶν
3674 852 3881 919 αὐτούς,

2283 923 2541 979 ἀνατέλλει
2584 933 2671 981 τόν
2716 931 2857 991 ἣλιον
2908 935 3067 987 αὐτοῦ
3116 935 3198 988 ἐπὶ
3229 941 3485 1009 πονηρούς
3516 943 3601 990 xui
3635 938 3880 1011 ἀγαθούς,

2281 1019 2370 1066 καὶ
2402 1014 2590 1089 βρέχει
2640 1019 2823 1083 ἐπίσης
2872 1022 2951 1076 ἐπὶ
3007 1022 3248 1086 δικαίους
3294 1032 3382 1078 καὶ
3433 1023 3651 1091 ἀδίκους
3681 1071 3692 1083 .
3730 1030 3886 1083 Ἀλλά

2285 1106 2349 1155 σὺ
2406 1109 2495 1177 μὲν
2543 1112 2687 1182 παρά
2739 1120 2838 1163 τῶν
2892 1110 3191 1186 ὁμοδούλων
3237 1117 3464 1187 πάσχεις
3515 1125 3701 1179 κακῶς·
3759 1122 3887 1172 ἐκεῖ·

2280 1212 2360 1253 νος
2420 1192 2497 1261 δὲ,
2554 1201 2697 1271 παρὰ
2748 1209 2845 1252 τῶν
2901 1200 3121 1259 δούλων.
3178 1210 3279 1257 Καὶ
3335 1209 3399 1257 σύ
3462 1209 3551 1278 μεν
3602 1207 3750 1280 ὀλίγα
3798 1215 3887 1263 καὶ

2282 1286 2445 1355 μικρά
2498 1289 2707 1349 τούτους
2759 1289 3131 1364 εὐεργετήσεις·
3202 1293 3388 1356 ἐκεῖνος
3455 1293 3514 1348 δὲ
3579 1298 3743 1351 πολλὰ
3798 1305 3887 1351 καὶ

2280 1373 2499 1444 μεγάλα.
2556 1382 2655 1429 Καὶ
2709 1380 2847 1451 ὅμως
2882 1378 3081 1434 δίδωσί
3115 1403 3199 1436 σοι
3235 1386 3413 1458 ὅμοιον
3440 1386 3553 1458 (88)
3599 1387 3739 1458 αὐτῷ
3790 1386 3884 1442 διὰ

2280 1469 2377 1523 τῆς
2444 1469 2693 1529 τοιαύτης
2747 1476 3018 1542 μιμήσεως
3084 1476 3347 1543 γενέσθαι,
3400 1480 3489 1527 καὶ
3549 1478 3659 1527 υἱὸν
3726 1478 3885 1532 αὐτοῦ

2281 1550 2652 1623 ὀνομάζεσθαι.

2355 1644 2448 1693 Διά
2500 1648 2675 1715 μέντοι
2731 1655 2823 1700 τοῦ
2879 1649 3028 1707 ἡλίου
3079 1656 3168 1703 καὶ
3221 1660 3312 1713 τῆς
3363 1652 3573 1727 βροχῆς
3608 1657 3781 1709 πάντα
3823 1660 3888 1709 τὰ

2279 1733 2404 1801 πρὸς
2434 1732 2573 1791 ζωὴν
2605 1733 2881 1794 ἐπιτήδεια
2909 1735 3196 1797 δεδήλωκε.
3230 1745 3322 1794 Διά
3363 1746 3556 1795 τούτων
3587 1749 3685 1818 γὰρ
3715 1748 3888 1799 πάντα

508 1814 889 1879 generantur,
940 1810 1290 1874 nutriuntur,
1342 1814 1655 1879 augentur,
1728 1825 1797 1865 ac
1858 1810 2162 1881 perﬁciun-

2280 1822 2345 1870 τὰ
2374 1818 2429 1872 ἐκ
2464 1829 2565 1892 γῆς
2589 1833 2884 1894 γεννῶνται,
2913 1833 3002 1880 καὶ
3031 1833 3324 1902 τρέφονται,
3370 1837 3458 1884 καὶ
3498 1833 3766 1902 αὔξονται,
3799 1840 3886 1889 καὶ

508 1904 619 1953 tur.

579 1992 774 2045 Potest
805 2004 1043 2061 quoque
1074 1994 1130 2044 et
1178 1988 1294 2043 alio
1337 1988 1520 2044 modo
1578 1989 1740 2043 dici:
1787 1991 1852 2045 Ut
1905 1989 2031 2045 sitis
2067 1990 2171 2046 ﬁlii

508 2078 630 2143 Dei,
659 2078 964 2133 assimilati
1006 2077 1277 2133 videlicet
1303 2078 1444 2132 Filio
1484 2078 1632 2148 ejus,
1673 2079 1775 2151 qui
1824 2078 2169 2135 innumeras

511 2167 591 2223 ab
632 2166 886 2221 inimicis
940 2167 1057 2221 suis
1109 2182 1329 2236 passus
1374 2166 1645 2236 iniurias,
1691 2168 1852 2238 ipsos
1899 2168 2164 2232 amabat,

516 2260 573 2310 et
616 2254 903 2310 beneﬁcia
928 2270 1029 2309 eos
1067 2254 1342 2309 docendo
1376 2270 1445 2309 ac
1477 2254 1748 2311 sanando
1780 2255 2163 2327 conferebat;

512 2344 855 2413 linguarum
892 2344 1117 2411 sagittis
1147 2345 1382 2415 petitus,
1416 2349 1470 2399 et
1492 2345 1735 2400 tandem
1758 2344 1837 2400 ab
1868 2346 1951 2399 eis
1983 2349 2168 2401 cruci-

507 2434 668 2488 ﬁxus
706 2448 815 2504 pro
869 2433 952 2486 eis
1002 2432 1211 2487 orabat
1241 2432 1444 2487 dicens
1478 2449 1490 2486 :
1524 2433 1715 2498 Pater,
1761 2434 1981 2489 dimitte
2024 2435 2164 2499 illis,

504 2538 611 2577 non
628 2522 783 2578 enim
801 2520 999 2576 sciunt
1020 2521 1161 2591 quid
1179 2521 1405 2590 faciunt
1427 2524 1493 2574 ιο.
1520 2522 1655 2576 Vult
1680 2523 1879 2594 itaque
1903 2523 2167 2579 Christus

506 2610 715 2666 amicis
734 2615 787 2664 te
814 2609 1184 2664 reconciliari
1206 2610 1278 2664 :A
1292 2610 1365 2676 bi,
1391 2610 1602 2681 inquit,
1610 2610 1766 2681 prius
1786 2613 2166 2667 reconciliare

502 2700 688 2768 fratri
728 2705 829 2755 tuo
865 2716 879 2761 ;
910 2699 1183 2754 inimicos
1227 2715 1370 2755 vero
1402 2700 1575 2771 jubet
1623 2700 1886 2771 diligere,
1935 2716 2005 2756 ac
2062 2717 2166 2772 pro

505 2790 590 2845 eis
619 2805 807 2854 orare,
832 2794 895 2845 ut
923 2789 1277 2861 praedictum
1305 2794 1413 2847 est.

576 2879 750 2935 Vers.
780 2882 868 2935 46.
890 2878 949 2934 Si
967 2879 1121 2935 enim
1152 2911 1201 2919 —
1231 2881 1304 2937 V.
1331 2879 1419 2935 47.
1443 2880 1708 2949 faciunt.
1732 2883 1855 2936 Non
1881 2882 2163 2937 estvirtus

504 2971 807 3024 amantem
832 2982 893 3022 se
916 2968 1251 3033 redamare,
1288 2968 1393 3022 sed
1424 2974 1647 3023 naturae
1670 2975 2159 3025 consentaneum.

502 3056 639 3111 Nam
681 3063 738 3112 et
757 3056 1056 3125 publicani
1087 3057 1194 3112 hoc
1218 3057 1471 3126 faciunt,
1521 3057 1686 3128 apud
1715 3074 1868 3129 quos
1900 3075 1974 3114 ne
1995 3059 2164 3114 vesti-

502 3147 665 3217 gium
697 3146 940 3244 quidem
968 3147 1342 3244 est-virtutis.
1404 3149 1553 3202 Sunt
1583 3152 1780 3244 autem
1826 3148 2157 3244 publicani,
2202 3187 2243 3244 Ο

502 3237 606 3307 qui
640 3235 951 3305 vectigalia
981 3235 1284 3305 colligunt,
1329 3252 1399 3291 ac
1439 3236 1831 3291 commerciar
1861 3237 1901 3292 ii
1941 3240 2028 3307 (ut
2079 3239 2162 3295 sic

500 3324 842 3397 loquamur)
871 3324 972 3396 qui
1000 3324 1219 3380 scilicet
1241 3324 1542 3380 mercibus
1566 3326 1770 3379 vivunt
1790 3332 2164 3382 commutan-

500 3414 594 3469 dis
646 3415 727 3485 (i).
780 3413 956 3469 Erant
998 3419 1200 3468 autem
1232 3413 1495 3468 maxime
1546 3413 1819 3479 infames,
1876 3415 1979 3485 qui
2008 3420 2163 3470 artes

496 3502 843 3573 hujusmodi
869 3502 1243 3566 exercebant,
1277 3507 1565 3572 tanquam
1598 3502 1821 3572 injusti,
1867 3504 2053 3573 avari,
2092 3520 2161 3559 ac

497 3590 792 3647 scelerati.
831 3591 991 3645 Unde
1017 3595 1074 3644 et
1102 3590 1160 3644 in
1192 3590 1480 3654 doctrina,
1521 3606 1655 3662 quae
1680 3590 1740 3645 in
1761 3590 1893 3647 loco
1925 3607 2163 3664 campe-

495 3680 597 3735 stri
618 3679 761 3734 data
804 3682 909 3745 est,
934 3694 1040 3749 pro
1079 3677 1419 3749 publicanis
1465 3678 1615 3735 dixit
1672 3685 2012 3751 peccatores
2076 3684 2149 3739 “.

498 3769 643 3824 Cum
678 3771 879 3823 autem
926 3782 1121 3839 neque
1168 3767 1474 3839 diligentes
1504 3783 1614 3823 nos
1660 3768 2007 3838 diligamus,
2057 3771 2159 3826 sed

493 3856 873 3912 invideamus
894 3856 1094 3927 potius
1120 3857 1212 3911 his
1244 3857 1347 3929 qui
1370 3857 1545 3913 nobis
1568 3853 1722 3913 bene
1748 3859 2016 3930 cupiunt,
2037 3876 2160 3932 qua

494 3946 761 4011 tandem,
806 3945 1077 4009 obsecro,
1128 3946 1287 4016 digni
1340 3946 1564 4001 erimus
1628 3947 2154 4016 condemnatione,

495 4050 633 4089 cum
675 4050 858 4105 super
901 4034 1133 4090 Scribas
1164 4039 1219 4090 et
1251 4035 1578 4091 Pharisaaos
1620 4036 1680 4091 in
1708 4037 1939 4107 justitia
1969 4038 2159 4094 abun-

494 4122 638 4179 dare
659 4124 828 4194 jussi,
877 4124 1053 4179 etiam
1085 4122 1199 4178 illis
1229 4122 1536 4180 inferiores
1590 4141 1823 4191 sumus,
1858 4127 1961 4198 qui
1992 4128 2158 4199 apud

493 4227 595 4268 eos
625 4213 879 4268 infames
910 4218 1078 4269 erant
1107 4212 1135 4267 ?

566 4305 729 4357 Vers.
760 4304 849 4357 48.
886 4302 1070 4357 Erilis
1092 4333 1159 4341 —
1185 4307 1287 4358 est.
1311 4302 1421 4367 Qui
1457 4302 1771 4373 diligentes
1792 4320 1853 4359 se
1880 4304 2153 4375 diligunt,

490 4390 552 4446 hi
596 4396 744 4446 certe
788 4390 843 4444 in
890 4390 1205 4445 dilectione
1256 4390 1585 4461 imperfecti
1648 4398 1819 4461 sunt;
1858 4394 1961 4465 qui
2013 4409 2155 4449 vero

490 4481 673 4535 etiam
699 4479 965 4534 inimicos
994 4483 1214 4541 amant,
1242 4478 1305 4533 hi
1337 4494 1479 4534 sane
1510 4480 1751 4551 perfecti
1777 4487 1933 4537 sunt.

2279 1907 2608 1966 τελειοῦνται.

2350 1997 2504 2051 ’Ἐστι
2554 1997 2612 2053 δὲ
2661 2008 2749 2055 καὶ
2807 2004 2987 2080 ἑτέρως
3038 2008 3193 2060 εἰπεῖν
3229 2026 3240 2038 ·
3273 2008 3447 2071 Ὀπως
3502 2015 3723 2084 γένησθε
3784 2018 3887 2068 υἱοὶ

2277 2095 2369 2138 τοῦ
2404 2092 2553 2159 Θεοῦ,
2589 2088 2637 2141 ἐν
2681 2100 2752 2163 τῷ
2796 2095 3116 2165 ὁμοιωθῆναι
3154 2106 3226 2168 τῷ
3266 2102 3370 2168 Υἱῷ
3420 2101 3598 2169 αὐτοῦ,
3639 2102 3689 2163 ὂς
3719 2109 3888 2177 μυρία

2280 2172 2426 2228 δεινά
2474 2183 2617 2254 παρά
2670 2190 2769 2233 τῶν
2829 2182 3032 2258 ἐχθρῶν
3092 2187 3248 2239 αὐτοῦ
3298 2191 3494 2260 παθὼν,
3550 2192 3733 2262 ἠγάπα
3798 2193 3886 2245 αὐ-

2277 2268 2394 2325 τοὺς
2440 2273 2531 2319 xui
2583 2268 2865 2344 εὐηργέτει,
2919 2270 3193 2327 διδάσκων
3245 2282 3335 2330 xui
3384 2280 3617 2351 ἰώμενος,
3672 2286 3764 2333 καὶ
3814 2288 3888 2334 τέ-

2277 2354 2362 2415 λος
2407 2356 2495 2407 ὑπ’
2546 2358 2712 2410 αὐτῶν
2765 2364 3106 2434 σταυρωθεὶς,
3157 2370 3355 2437 ηὔχετο
3403 2369 3529 2441 ὑπὲρ
3578 2370 3772 2437 αὐτῶν,
3807 2370 3884 2424 λέ-

2276 2464 2380 2514 γων
2412 2460 2423 2471 ·
2465 2448 2651 2522 Πάτερ,
2692 2451 2814 2522 ἄφες
2841 2451 3017 2513 αὐτοῖς
3057 2469 3068 2481 ’
3111 2454 3167 2506 οὐ
3207 2459 3306 2530 γὰρ
3348 2453 3531 2510 οἴδασι
3557 2478 3607 2509 τι
3634 2468 3875 2516 ποιοῦσι.

2278 2533 2520 2587 Βούλεταί
2553 2556 2611 2589 σε
2639 2542 2809 2590 τοίνυν
2838 2542 2862 2591 ὁ
2897 2545 3128 2614 Χριστὸς
3170 2552 3275 2606 τοῖς
3312 2544 3478 2617 φίλοις
3508 2550 3597 2619 μὲν
3630 2545 3664 2600 δ
3671 2548 3882 2602 ιαλλάτ-

2276 2625 2459 2711 τεσθαι
2493 2644 2505 2657 ’
2564 2624 2761 2699 ’Υπαγε
2807 2632 2929 2702 γάρ,
2978 2636 3128 2702 φησὶ,
3190 2642 3390 2706 πρῶτον
3442 2632 3766 2709 διαλλάγηθι
3814 2647 3884 2711 τῷ

2277 2708 2482 2784 ἀδελφῷ
2534 2734 2628 2767 σου
2663 2733 2674 2744 ⁸
2736 2722 2857 2779 τοὺς
2908 2718 3135 2793 ἐχθρούς
3166 2719 3225 2775 δὲ
3265 2722 3472 2797 ἀγαπᾷν
3503 2730 3591 2779 καὶ
3622 2708 3882 2800 εὔχεσθαι

2276 2800 2402 2875 ὑπὲρ
2433 2803 2622 2873 αὐτῶν,
2648 2809 2715 2868 ὡς
2741 2812 3063 2883 προείρηται.

2348 2890 2467 2942 Ἐὰν
2504 2895 2606 2966 γὰρ
2653 2925 2724 2937 -
2770 2905 3032 2953 ποιοῦσιν.
3090 2900 3200 2952 Οὐκ
3249 2904 3389 2955 ἔστιν
3446 2903 3600 2977 ἀρετὴ
3653 2909 3713 2959 τὸ
3755 2909 3881 2979 ἀγαο

2274 2985 2376 3050 πᾷν
2430 2984 2517 3033 τὸν
2581 2981 2882 3057 ἀγαπῶντα,
2952 2987 3079 3041 ἀλλά
3141 2993 3335 3063 φύσεως
3410 2992 3713 3050 ἀκολουθία.
3780 3004 3879 3051 Καὶ

2274 3071 2375 3141 γὰρ
2431 3076 2520 3124 καὶ
2565 3072 2613 3124 οἰ
2667 3074 2878 3127 τελῶναι
2930 3085 3083 3131 τοῦτο
3138 3088 3371 3149 ποιοῦσι,
3442 3084 3565 3157 παρ’
3635 3086 3709 3146 οἷς
3760 3084 3881 3139 οὐδὲ

2272 3160 2420 3227 ἴχνος
2470 3159 2671 3233 ἀρετῆς.
2722 3164 2945 3217 Τελῶναι
2996 3164 3055 3220 δέ
3094 3169 3247 3238 εἰσιν,
3288 3173 3335 3223 οἱ
3384 3172 3655 3247 φορολόγοι
3694 3182 3786 3228 xui
3834 3178 3881 3228 οἰ

2274 3252 2695 3323 κομμερκιάριοι.
2758 3251 2969 3328 Σφόδρα
3024 3253 3082 3309 δὲ
3141 3254 3469 3314 διεϐάλλοντο
3534 3265 3600 3315 τὰ
3665 3272 3882 3317 τοιαῦτα

2275 3334 2690 3411 ἐπιτηδεύματα,
2737 3345 2805 3405 ὡς
2858 3342 3023 3398 ἄδικα
3066 3352 3156 3399 xui
3210 3348 3541 3402 πλεονεκτικά
3587 3357 3676 3405 xui
3709 3352 3881 3426 ἀσυμ-

2272 3428 2435 3483 παθῆ.
2466 3428 2609 3481 Ἐπεὶ
2639 3435 2728 3483 καὶ
2771 3434 2819 3483 ἐν
2878 3442 2940 3507 τῇ
2994 3434 3077 3487 ἐπὶ
3127 3445 3215 3489 τοῦ
3259 3435 3474 3491 πεδινοῦ
3512 3445 3670 3494 τόπου
3714 3439 3879 3496 διδα-

2276 3515 2485 3589 σκαλίᾳ,
2542 3517 2657 3571 ἀντὶ
2708 3529 2799 3573 τοῦ
2855 3523 3029 3595 εἰπεῖν,
3084 3528 3132 3578 οἱ
3198 3527 3428 3600 τελῶναι,
3479 3533 3527 3582 οἱ
3578 3531 3879 3606 ἀμαρτωλοὶ

2274 3600 2428 3658 εἶπεν.
2470 3605 2629 3659 Ὀταν
2663 3606 2721 3662 δὲ
2775 3609 2913 3683 μηδὲ
2946 3618 3065 3677 τοὺς
3123 3614 3429 3687 ἀγαπῶντας
3470 3618 3772 3693 ἀγαπῶμεν,
3831 3621 3877 3674 ἐν

2272 3700 2343 3763 τῷ
2375 3697 2573 3766 φθονεῖν
2613 3694 2986 3773 εὐδοκιμοῦσιν
3030 3704 3224 3775 αὐτοῖς,
3275 3712 3409 3769 τίνος
3448 3709 3543 3761 οὐκ
3589 3709 3648 3761 ἂν
3704 3715 3876 3784 εἴημεν

2271 3782 2408 3846 ἄξιοι
2486 3793 2860 3860 κατακρίσεως,
2943 3794 2991 3844 οἱ
3063 3800 3390 3866 περισσεύειν
3458 3807 3558 3851 τῶν
3624 3806 3877 3874 Γραμμα-

2270 3876 2393 3924 τέων
2445 3880 2536 3927 καὶ
2592 3883 2888 3950 Φαρισαίων
2956 3881 3004 3933 ἐν
3081 3879 3392 3959 δικαιοσύνῃ
3465 3887 3875 3961 κεκελευσμένοι,

2270 3958 2581 4027 ἐλλείποντες
2646 3971 2736 4019 καὶ
2804 3976 2903 4021 τῶν
2972 3971 3096 4043 παρ’
3166 3970 3375 4037 ἐκείνοις
3457 3958 3875 4050 διαϐεϐλημένων

2270 4050 2493 4103 τελωνῶν
2514 4071 2532 4125 ς

2336 4305 2557 4356 Ἔσεσθε
2587 4335 2655 4346 -
2686 4305 2848 4363 ἐστιν.
2882 4311 2947 4361 Οἱ
3088 4309 3382 4383 ἀγαπῶντες
3409 4318 3529 4379 τοὺς
3562 4316 3875 4389 ἀγαπῶντας

2266 4392 2478 4460 αὐτούς,
2511 4392 2703 4458 ἀτελεῖς
2736 4396 2866 4449 εἰσιν
2898 4398 2967 4461 εἰς
2998 4398 3203 4471 ἀγάπην
3236 4422 3249 4436 ο
3289 4407 3338 4455 οἱ
3379 4401 3437 4457 δὲ
3465 4410 3589 4468 τοὺς
3619 4406 3870 4483 ἐχθρούς,

2265 4481 2410 4533 οὗτοι
2434 4483 2635 4535 τέλειοι.

564 4570 700 4638 Cap.
733 4568 823 4634 v1,
880 4546 1526 4624 versi/mendae;
1572 4570 1773 4640 quiin
1832 4571 1991 4627 caelis
2048 4578 2149 4627 est.

2335 4576 2629 4645 Προσέχετε
2677 4606 2746 4615 --
2801 4585 2873 4648 τῷ
2955 4576 3002 4630 ἐν
3082 4589 3194 4643 τοῖς
3270 4584 3527 4658 οὐρανοῖς.
3602 4590 3873 4649 Φυτεύσας

488 4656 771 4714 Plantatis
807 4656 932 4728 jam
966 4655 1304 4723 virtutibus,
1347 4657 1498 4713 tollit
1526 4658 1811 4731 deinceps
1842 4660 2145 4728 aﬂectum,

489 4747 595 4823 qui
631 4747 715 4802 eis
759 4746 1102 4803 adnascitur
1153 4750 1208 4801 et
1246 4746 1529 4803 molestus
1578 4754 1684 4814 est,
1717 4754 1857 4821 puta
1908 4749 2151 4807 inanem

561 4873 610 4911 1°
631 4870 769 4928 Luc.
801 4886 957 4943 XXIII,
984 4869 1073 4929 34.
1101 4870 1146 4907 ¹¹
1180 4871 1312 4928 Luc.
1348 4887 1422 4939 vi,
1446 4871 1535 4929 32.

2263 4657 2370 4719 ἤδη
2420 4664 2513 4724 τὰς
2558 4662 2760 4739 ἀρετὰς,
2814 4665 2992 4719 λοιπὸν
3048 4668 3249 4746 ἀναιρεῖ
3297 4678 3385 4726 καὶ
3435 4678 3491 4727 τὸ
3535 4681 3875 4749 παραφυόμε-

2261 4770 2343 4803 νον
2392 4756 2482 4804 καὶ
2522 4750 2765 4826 ἐνοχλοῦν
2814 4756 2995 4820 αὐταῖς
3052 4762 3235 4826 πάθος,
3286 4762 3417 4835 λέγω
3473 4760 3541 4823 δη
3593 4769 3686 4823 τὴν
3732 4784 3871 4819 κενο-

1742 4970 1969 5041 Variae
1993 4971 2324 5040 lectiones
2370 4982 2435 5040 et
2479 4986 2679 5045 notae.

585 5121 673 5192 87)
705 5129 816 5176 Τῶν
840 5120 1010 5178 abest
1037 5120 1104 5177 A.

560 5126 673 5261 p7)
705 5129 816 5176 Τῶν
840 5126 1010 5178 abest
1037 5126 1104 5177 A.
1231 5192 1241 5202 _
1579 5192 1589 5204 .

584 5198 670 5265 88)
694 5196 877 5270 ὅμοιος
905 5208 1048 5270 ergo
1082 5197 1201 5270 est
1226 5195 1748 5270 interpretationis.
1807 5195 1921 5253 Sed
1971 5196 2147 5270 Chry—

491 5264 796 5323 sosto’m‘us
822 5266 885 5320 id
914 5264 1097 5320 textui
1124 5264 1336 5320 intulit.

560 5336 672 5409 (89)
698 5342 723 5389 ὁ
773 5338 1032 5410 φυτεύσας
1079 5335 1151 5391 A.
1192 5334 1487 5393 Articulus
1516 5336 1726 5394 abesse
1784 5344 2001 5410 potest.
2042 5344 2140 5395 Φυ-

2254 5127 2443 5208 γεύσας
2494 5126 2625 5210 ἤδη,
2676 5130 2856 5210 intell.
2902 5136 2947 5210 _§
3000 5140 3249 5210 Χριστός.
3310 5138 3569 5198 Credidit
3641 5142 3863 5209 scriba,

2221 5197 2636 5341 “nggigcipio
2668 5202 2876 5262 deesse
2899 5197 3157 5267 litteram
3196 5197 3625 5282 maiusculam.
3667 5197 3869 5272 Ρωῧί

561 5460 1557 5551 ςίλΨ-είοΑ-ςτ-εοῃιηιιιιᾳῃᾴἰεκῌωο
1586 5463 1781 5524 aliena
1807 5469 1963 5524 sunt.
1996 5469 2347 5543 Euthymius
2386 5470 2485 5529 hic
2512 5474 2742 5532 tantum
2780 5476 3114 5549 explicabat
3138 5480 3369 5551 τελῶναί,
3404 5484 3702 5543 vocabulo
3738 5500 3861 5543 sua

488 5538 658 5592 aetate
682 5539 991 5602 consueto,
1020 5536 1458 5593 commerciarii.
