4098 6460
270 352 376 415 229

1283 340 1659 410 COMMENT.
1708 348 1781 405 IN
1820 338 2272 407 MATTHEUM-
2310 379 2382 393 —
2420 350 2585 408 CAP.
2634 350 2708 409 V.

3554 348 3662 410 230

280 480 567 547 δοξίαν,ἣν
603 483 721 550 καὶ,
746 482 887 553 μετὰ
935 483 996 534 τὸ
1062 486 1314 553 φυτεῦσαι
1364 481 1431 531 τὰ
1485 478 1888 549 κατορθώματα,

2016 475 2277 547 gloriam,
2322 492 2509 549 quam
2556 479 2736 535 etiam
2784 477 3003 545 avellit,
3049 482 3369 551 postquam
3417 481 3660 550 egregia

281 572 510 642 ἀνασπᾷ,
571 568 716 623 διότι
770 570 832 623 ού
892 575 993 643 πρό
1074 571 1289 634 τούτων,
1359 566 1488 619 ἀλλὰ
1543 568 1673 639 μετά
1728 574 1896 618 ταῦτα

281 663 628 736 παραφύεται.
688 656 981 723 Κενοδοξία
1035 659 1157 733 γὰρ,
1210 660 1268 710 τὸ
1317 659 1441 731 πρὸς
1498 652 1748 718 ἐπίδειξιν
1812 653 1895 705 ἁν-

284 753 500 824 θρώπων
566 750 859 822 κατορθοῦν
938 768 1010 803 τι.
1083 751 1183 801 Καὶ
1250 747 1365 819 ὅρα,
1432 746 1587 797 πόθεν
1669 745 1894 818 ἄρχεται

281 836 493 892 διώκειν
554 838 716 896 αὐτὴν
750 854 765 869 '
828 837 930 891 ἀπὸ
978 845 1071 897 τῆς
1118 835 1484 907 ἐλεημοσύνης,
1536 837 1626 885 καὶ
1678 840 1770 892 τῆς
1817 831 1894 884 εύ-

278 937 413 1000 χῆς,
462 932 556 979 καὶ
605 936 703 989 τῆς
748 930 1013 987 νηστείας.
1068 928 1209 978 Διότι
1257 925 1458 983 τούτοις
1503 924 1737 995 μάλιστα
1790 928 1895 981 τοῖς

794 1014 1164 1089 ἐμφιλοχωρεῖ.
1247 1013 1306 1065 '0
1391 1019 1517 1084 γοῦν
1610 1015 1894 1083 Φαρισαῖος

277 1108 627 1179 προσηύχετο
686 1124 741 1157 τε
795 1104 932 1177 (90),
1009 1099 1294 1166 κενοδόξως
1359 1098 1777 1172 ἐπιδεικνύμενος
1822 1106 1894 1150 τῶ

276 1196 495 1269 τελώνῃ,
548 1199 641 1247 καὶ
678 1194 964 1267 κομπάζων
1000 1192 1134 1264 ἔλεγε
1167 1213 1180 1226 ·
1213 1192 1467 1249 Νηστεύω
1512 1186 1598 1251 δὶς
1648 1197 1745 1248 τῆς
1782 1188 1892 1259 (91)

275 1282 585 1356 ἑϐδομάδος
608 1301 620 1312 ·
664 1280 976 1336 ἆποδεκατῶ
1004 1301 1105 1355 μου
1143 1300 1311 1333 παντα
1337 1282 1403 1332 τὰ
1432 1281 1762 1353 ὑπάρχοντα.

352 1378 659 1447 Προσέχετε
704 1369 764 1426 δὲ
813 1369 969 1436 εἶπεν,
1011 1370 1287 1443 ἐμφαίνων,
1336 1369 1415 1421 ὃτι
1453 1371 1513 1421 τό
1542 1371 1720 1441 θηρίον
1772 1371 1892 1418 τοῦ-

276 1482 335 1515 το
394 1462 688 1523 λεληθότως
742 1457 1143 1534 παρεισδύεται,
1205 1456 1361 1517 δίκην
1417 1458 1657 1511 κλέπτου.
1718 1456 1892 1510 Εἰπὼν

276 1549 360 1616 δε,
425 1556 749 1623 Προσέχετε,
828 1555 921 1609 τὴν
977 1548 1322 1621 ἐλεημοσύνην
1394 1548 1537 1620 ὑμῶν
1597 1551 1669 1620 μή
1728 1553 1892 1599 ποιεῖν

279 1642 582 1715 ῐμπροσθεν
639 1647 741 1692 τῶν
810 1638 1110 1714 ἀνθρώπων,
1185 1638 1279 1691 οὐκ
1333 1639 1460 1695 ἔστη
1541 1639 1705 1711 μέχρι
1777 1637 1894 1687 τού-

277 1749 395 1796 του,
434 1731 517 1781 ἶνα
556 1733 657 1801 μή,
689 1725 784 1780 διὰ
827 1732 887 1780 τό
940 1727 1146 1800 βλέπειν
1188 1727 1353 1793 τινὰς,
1395 1721 1755 1801 παραδράμῃς
1806 1726 1893 1776 τόν

283 1816 526 1890 δεόμενον
562 1838 579 1852 ·

286 1915 402 1968 τοῖς
435 1927 447 1940 ·
473 1906 654 1979 λέγων,
711 1910 1027 1979 Προσέχετε,
1060 1908 1131 1978 μὴ
1177 1900 1268 1956 διὰ
1312 1909 1464 1956 τοῦτο
1514 1910 1678 1956 ποιεῖν
1730 1902 1893 1961 αὐτὴν

282 1996 498 2048 ἐνώπιον
536 2004 638 2047 τῶν
680 1993 983 2069 ἀνθρώπων,
1030 1990 1125 2046 διὰ
1169 1996 1228 2045 τό
1278 1994 1525 2052 θεαθῆναι
1578 1992 1777 2056 αὐτοῖς.
1834 1992 1895 2044 Εἰ

275 2088 383 2158 γὰρ
434 2090 506 2157 μή
551 2081 649 2136 διὰ
699 2091 853 2136 τοῦτο
894 2085 1091 2141 ταύτην
1137 2081 1251 2153 (92)
1296 2086 1555 2149 ποιήσετε,
1599 2078 1750 2135 οὐδὲν
1797 2102 1894 2134 κω-

275 2173 391 2226 λύει
445 2178 540 2225 καὶ
594 2175 884 2249 ἔμπροσθεν
939 2172 1105 2224 αὐτῶν
1177 2174 1372 2229 ταύτην
1418 2178 1604 2224 ποιεῖν.
1658 2171 1718 2223 Ὁ
1772 2190 1893 2225 σκο-

276 2268 375 2323 πός
418 2265 524 2335 γὰρ
579 2263 746 2323 αὐτῆς
778 2260 1093 2326 ἐξετάζεται,
1141 2260 1245 2332 οὐχ
1281 2261 1306 2312 ὀ
1339 2264 1546 2334 τρόπος.
1595 2260 1742 2315 Ἐστι
1792 2265 1893 2335 γὰρ

277 2358 371 2404 καὶ
433 2354 730 2424 ἔμπροσθεν
776 2359 874 2403 τῶν
929 2349 1210 2424 ἀνθρώπων
1266 2357 1536 2418 ποιοῦντα,
1595 2355 1666 2423 μὴ
1731 2357 1895 2404 ποιεῖν

280 2445 410 2513 πρός
454 2438 733 2507 ἐπίδειξιν,
774 2438 921 2513 [ὅταν
960 2440 1074 2509 (93)
1129 2458 1206 2499 τις
1254 2435 1347 2491 διὰ
1388 2445 1549 2511 μόνην
1596 2446 1718 2512 ποιῇ
1766 2458 1896 2512 συμ-

280 2532 508 2582 πάθειαν
538 2549 553 2563 ο
596 2534 687 2581 καὶ
739 2533 812 2601 μή
868 2529 1155 2600 ἔμπροσθεν
1192 2527 1363 2580 αὐτῶν
1409 2535 1679 2596 ποιοῦντα,
1732 2534 1895 2581 ποιεῖν

284 2622 419 2691 πρὸς
450 2614 774 2688 ὶπίδειξιν,]
808 2618 929 2669 ὅταν
964 2621 1036 2689 μὴ
1071 2613 1165 2669 διὰ
1208 2619 1402 2675 ταύτην
1434 2616 1548 2689 (94)
1586 2624 1732 2689 ποιῇ,
1769 2615 1897 2669 ἀλλὰ

283 2704 383 2760 διὰ
410 2711 472 2759 τὸ
500 2709 844 2782 κηρυχθῆναι
875 2707 975 2759 ὑπὸ
1006 2712 1097 2758 τοῦ
1122 2704 1429 2767 ἐλεηθέντος.

355 2799 571 2850 Μισθόν
616 2792 698 2865 δε,
746 2799 925 2868 φησὶν,
972 2794 1066 2847 οὐκ
1102 2797 1252 2867 ἔχετε
1275 2799 1421 2869 παρὰ
1451 2802 1518 2867 τῷ
1569 2803 1703 2867 Θεῷ,
1756 2792 1895 2849 διότι

280 2888 433 2960 παρὰ
505 2884 802 2960 ἀνθρώποις
861 2884 1157 2945 ἐζητήσατε
1222 2886 1411 2955 μισθὸν
1483 2891 1599 2946 τῆςκ
1651 2887 1896 2945 τοιαύτης

283 2973 659 3047 ἱλεημοσύνης,
723 2976 809 3026 τόν
886 2974 1015 3046 ὑπερ
1085 2975 1277 3034 ταύτης
1356 2975 1581 3026 ἔπαινον.
1658 2981 1895 3046 Συνεχῶς

284 3060 344 3117 δὶ
403 3065 622 3121 τιθησιν
680 3061 727 3115 ίν
775 3069 886 3124 τοῖς
940 3062 1110 3133 λόγοις
1156 3065 1244 3114 τὸν
1298 3065 1506 3136 Πατέρα
1558 3066 1645 3115 τὸν
1689 3062 1739 3115 ἐν
1788 3069 1897 3124 τοῖς

278 1019 691 1092 κατορθώμασιν

2004 566 2298 638 plantavit
2327 567 2603 624 virtutum
2629 584 2814 640 opera
2842 589 2854 627 :
2890 584 3011 624 non
3035 569 3193 625 enim
3212 570 3377 641 prius
3392 570 3657 641 pullulat,

2007 656 2104 711 sed
2160 660 2294 727 post
2337 656 2486 729 ipsa.
2550 660 2645 714 Est
2714 674 2981 731 namque
3033 659 3227 715 inanis
3268 659 3454 728 gloria
3504 660 3660 717 bene

2006 744 2321 817 quippiam
2351 747 2577 816 operari
2619 747 2697 803 ad
2734 747 3051 804 hominum
3090 749 3565 807 ostentationem.
3600 753 3662 807 Et

2006 832 2138 888 vide
2168 834 2327 890 unde
2364 850 2498 891 eam
2535 836 2779 906 incipiat
2809 837 3132 908 expellere;
3166 838 3244 893 ab
3284 839 3661 911 eleemosyna

2006 922 2293 987 videlicet,
2321 924 2588 981 oratione
2606 926 2896 997 etjejunio
2913 944 2925 978 :
2940 928 3083 997 quia
3094 926 3187 982 his
3209 927 3467 983 maxime
3484 927 3661 984 bonis

2005 1012 2282 1082 operibus
2310 1012 2560 1069 libenter
2592 1014 2930 1070 insidiatur.
2972 1016 3133 1071 Sicut
3165 1016 3495 1072 Pharisaeus
3521 1033 3658 1073 cum

2004 1100 2371 1171 inanigloria
2390 1102 2622 1167 orabat,
2642 1103 2847 1158 dicens
2874 1120 2885 1159 :
2911 1105 3132 1173 Jejuno
3160 1104 3242 1159 bis
3272 1106 3335 1160 in
3352 1104 3598 1163 Sabbato
3643 1123 3655 1161 :

2004 1190 2253 1247 decimas
2282 1191 2351 1247 do
2378 1193 2645 1249 omnium
2675 1209 2802 1265 quo:
2828 1194 3094 1262 possideo
3126 1196 3193 1249 ¹².

2073 1369 2221 1425 Dicit
2264 1372 2511 1427 autem:
2558 1370 2879 1436 Attendite,
2922 1370 3231 1427 insinuans
3272 1372 3458 1428 feram
3505 1373 3662 1429 hanc

2002 1458 2251 1515 latenter
2296 1459 2356 1514 in
2404 1459 2654 1514 modum
2702 1460 2843 1515 furis
2893 1460 3165 1532 irrepere.
3219 1462 3429 1517 Dicens
3478 1478 3655 1518 vero:

2001 1548 2301 1605 Attendite
2328 1564 2402 1605 ne
2430 1549 2857 1619 eteemosynam
2889 1557 3134 1607 vestram
3158 1552 3443 1621 pra’stetis
3465 1568 3661 1609 coram

2005 1638 2350 1704 hominibus,
2385 1653 2505 1693 non
2537 1637 2615 1692 ibi
2644 1640 2993 1710 permansit,
3020 1641 3189 1712 quasi
3225 1640 3393 1696 vellet
3424 1645 3486 1697 ut
3513 1642 3662 1697 indi-

2004 1730 2242 1797 gentem
2272 1731 2694 1797 praetereas,ne
2711 1728 2815 1799 qui
2834 1728 2949 1783 hoc
2980 1729 3240 1794 videant,
3275 1729 3379 1784 sed
3402 1730 3657 1802 addidit:

638 1815 771 1869 ἀλλὰ
814 1817 1129 1891 προσέθηκε,
1189 1817 1329 1887 Πρὸς
1374 1818 1433 1866 τὸ
1501 1815 1747 1873 θεαθῆναι
1803 1813 1893 1865 αύ-

2016 1817 2085 1873 Ut
2113 1816 2557 1886 conspiciamini
2580 1816 2655 1872 ab
2680 1816 2795 1883 eis;
2828 1833 2898 1873 ac
2928 1818 2973 1872 si
2996 1818 3213 1874 diceret
3242 1819 3558 1875 :Attendite
3587 1835 3660 1875 ne

2004 1910 2248 1979 propter
2284 1905 2399 1961 hoc
2438 1920 2573 1960 eam
2604 1920 2809 1962 coram
2865 1906 3213 1962 hominibus
3253 1908 3545 1975 tribuatis,
3598 1913 3663 1965 ut

2004 1994 2453 2067 conspiciamini
2482 1993 2560 2049 ab
2572 1994 2655 2049 eis
2684 2010 2697 2060 ;
2728 1994 2776 2049 si
2801 1994 2963 2050 enim
2985 2011 3108 2052 non
3127 2002 3367 2068 propter
3386 1997 3501 2053 hoc
3523 2013 3660 2054 eam

2004 2082 2305 2148 dederitis,
2330 2082 2474 2137 nihil
2490 2087 2649 2139 vetat
2669 2083 2846 2139 etiam
2866 2099 3068 2139 coram
3095 2085 3240 2155 ipsis
3259 2086 3658 2141 eamtradere.

2006 2172 2162 2229 Finis
2192 2187 2452 2244 namque
2482 2172 2611 2242 ejus
2629 2172 2932 2244 qumritur,
2958 2189 3079 2228 non
3104 2174 3337 2229 modus.
3365 2174 3664 2245 Contingit

2005 2262 2166 2318 enim
2236 2266 2292 2317 et
2347 2277 2550 2317 coram
2588 2259 2936 2317 hominibus
2990 2262 3349 2319 tribuentem
3408 2280 3531 2319 non
3588 2265 3663 2319 ad

2005 2351 2467 2407 ostentationem
2510 2349 2785 2421 praebere,
2835 2351 3080 2423 quando
3114 2353 3247 2423 quis
3291 2353 3419 2409 sola
3460 2361 3660 2408 motus

2006 2441 2428 2512 compassione
2492 2439 2719 2511 praebet
2750 2456 2764 2507 ;
2794 2447 2848 2495 et
2876 2456 2998 2495 non
3047 2441 3405 2497 tribuentem
3458 2458 3660 2497 coram

2004 2527 2360 2594 hominibus,
2382 2528 2457 2583 ad
2482 2528 3233 2596 ostentationemtribuere,
3262 2532 3509 2603 quando
3540 2547 3662 2587 non

2004 2618 2282 2674 inductus
2312 2619 2733 2689 compassione
2759 2618 3001 2690 praebet,
3036 2619 3138 2675 sed
3160 2624 3220 2676 ut
3250 2636 3357 2692 pro
3387 2637 3663 2693 compas-

2006 2707 2127 2761 sivo
2158 2705 2515 2778 praedicetur
2543 2706 2637 2778 (7).

2075 2794 2407 2864 Praemium,
2439 2794 2652 2867 inquit,
2694 2810 2816 2852 non
2845 2795 3081 2852 habetis
3105 2796 3269 2869 apud
3294 2800 3500 2863 Deum,
3521 2799 3664 2871 quia

2006 2884 2167 2957 apud
2194 2885 2470 2941 homines
2498 2883 2628 2940 talis
2655 2884 3010 2957 eleemoynae
3041 2887 3354 2957 praemium
3388 2888 3662 2960 quaesivi-

2007 2974 2135 3039 stis,
2160 2978 2308 3045 puta
2332 2972 2571 3029 laudem
2597 2978 2833 3044 propter
2852 2974 3069 3045 ipsam.
3096 2976 3265 3031 Ponit
3286 2981 3487 3032 autem
3510 2994 3664 3033 sem-

2004 3078 2112 3135 per
2135 3063 2287 3118 inter
2312 3062 2429 3118 alia
2454 3062 2637 3118 verba
2664 3063 2887 3119 Patrem
2912 3066 3020 3134 qui
3042 3064 3106 3119 in
3138 3064 3296 3120 caelis
3320 3072 3417 3131 est,
3456 3065 3664 3122 admo-

282 3154 552 3227 ούρανοῖς,
627 3151 875 3226 ἐντρέπων
962 3151 1170 3217 αὐτούς,
1241 3153 1323 3203 ὅτι
1406 3155 1614 3228 Πατέρα
1692 3154 1895 3225 ἔχοντες

2016 3167 2153 3208 nens
2182 3152 2368 3224 ipsos,
2402 3155 2467 3206 ut
2494 3151 2730 3207 Patrem
2756 3152 2813 3206 in
2844 3152 3009 3207 caelis
3029 3152 3338 3218 habentes,
3364 3158 3665 3211 terrenum

283 3243 554 3318 οὐράνιον,
604 3247 766 3313 γήῐνα
822 3249 1091 3317 φρονοῦσι,
1145 3244 1235 3293 καὶ.
1289 3240 1401 3313 ἅμα
1456 3244 1777 3315 παραθήγων
1831 3243 1898 3303 εἰς

280 3336 342 3384 τό
376 3332 755 3384 ⁴πολιτεύεσθαι
794 3329 955 3393 ἀξίως
982 3333 1216 3382 τοιούτου
1256 3334 1479 3406 Πατρός.

351 3421 527 3474 Ὅταν
584 3450 652 3460 -—
708 3419 896 3473 αὐτῶν.
954 3420 1225 3473 Ἐπιτείνει
1294 3424 1389 3477 τὴν
1456 3419 1754 3496 ἀποτροπήν
1807 3429 1898 3484 τῆς

280 3515 419 3585 πρός
504 3505 759 3572 ἐπίδειξιν
844 3507 1211 3581 ἐλεημοσύνης.
1298 3514 1385 3568 Μὴ
1475 3510 1738 3583 σαλπίσῃς
1816 3508 1895 3581 δὲ,

282 3600 401 3653 ἐπὶ
448 3607 566 3667 τοῦ,
599 3603 671 3670 μή
719 3595 1103 3672 δημοσιεύσῃς,
1166 3601 1288 3672 πρὸς
1342 3603 1401 3651 τὸ
1438 3601 1739 3671 γνωσθῆναι
1789 3608 1899 3662 τοῖς

282 3689 615 3761 ἀνθρώποις,
695 3690 761 3739 Οἱ
839 3689 941 3762 γὰρ
1020 3688 1357 3750 σαλπίζοντες
1416 3692 1544 3763 πρὸς
1612 3692 1671 3741 τὸ
1742 3688 1900 3742 ἀκου-

283 3781 486 3837 σθῆναι
521 3784 598 3847 τῷ
628 3776 812 3834 πλήθει
860 3775 1199 3837 σαλπίζουσι.
1248 3784 1384 3831 Φασι
1419 3774 1479 3830 δέ
1518 3796 1667 3842 τινες,
1721 3780 1800 3831 ὄτι
1850 3781 1899 3831 οἱ

281 3868 577 3941 ὑποκριταὶ
623 3870 742 3917 τότε
793 3861 886 3917 διὰ
943 3865 1231 3937 σάλπιγγος
1282 3865 1593 3919 συνεκάλουν
1643 3871 1761 3928 τοὺς
1805 3863 1897 3921 δε·-

284 3960 535 4026 σμένους.
613 3953 919 4027 ’Υποκριτης
976 3950 1037 4007 δέ
1106 3953 1266 4025 ἐστιν,
1324 3956 1351 4006 ό
1404 3956 1570 4028 ἕτερον
1649 3959 1739 4029 μὲν
1806 3957 1895 4027 ὢν,

281 4043 458 4117 ἕτερον
543 4039 605 4096 δε
684 4046 1000 4115 φαινόμενος,
1068 4039 1141 4094 δι’
1208 4042 1534 4118 ἀνθρωπίνην
1598 4043 1893 4117 ἁρέσκέιαν.

284 4130 551 4185 Κέικείνων
608 4132 709 4205 γὰρ
765 4135 825 4183 τὸ
896 4134 987 4204 μὲν
1041 4140 1368 4207 προσωπεῖον
1421 4132 1767 4206 ἐλεημοσύνης
1812 4132 1892 4193 ἧν·

279 4224 340 4273 τό
406 4217 468 4273 δέ
524 4224 828 4294 πρόσωπον,
881 4216 1215 4293 δοξομανίας.
1274 4220 1568 4293 Ἀπέχουσι
1635 4220 1717 4291 δὲ,
1784 4222 1898 4277 ἀντὶ

278 4317 397 4380 τοῦ,
432 4312 651 4381 ἔχουσι.

352 4406 458 4453 Σοῦ
491 4395 553 4451 δι
574 4427 645 4439 —
677 4417 760 4451 σοι
789 4397 923 4471 (95).
955 4398 1146 4470 Εἰπὼν,
1176 4407 1289 4463 πῶς
1327 4396 1412 4453 δεῖ
1446 4405 1517 4473 μὴ
1560 4408 1744 4468 ποιεῖν,
1794 4401 1898 4455 λοι-

282 4491 379 4541 πόν
417 4488 580 4559 λέγει,
610 4492 703 4540 καὶ
736 4495 845 4550 πῶς
885 4484 967 4540 δεῖ
994 4496 1183 4546 ποιεῖν.

357 4668 626 4720 Ἐνταῦθα
664 4662 746 4739 δέ,
787 4662 881 4719 διὰ
925 4675 1022 4731 τῆς
1064 4666 1343 4745 ἀριστερᾶς
1387 4672 1588 4744 χειρὸς,
1639 4672 1760 4733 τοὺς
1808 4669 1895 4743 ἐγ-

284 4758 496 4830 γυτάτω
555 4761 647 4810 καὶ
716 4756 1062 4821 οἰκειοτάτους
1111 4758 1345 4831 ᾐνίξατο.
1398 4755 1566 4812 Οὐδὲν
1636 4761 1738 4834 γάρ
1812 4778 1897 4812 σοι

285 4855 379 4910 τῆς
427 4851 608 4923 χειρός
659 4865 753 4902 σου
811 4846 1087 4924 ἐγγύτερόν
1118 4866 1174 4902 τε
1229 4852 1321 4902 καὶ
1367 4848 1697 4923 οἰκειότερον.
1741 4845 1896 4909 Μηδὲ

360 5001 409 5039 ι’
434 5000 580 5060 Luc.
608 5016 779 5070 xvm,
818 5004 908 5061 l2.

2006 3240 2361 3313 despiciant,
2412 3240 2590 3295 simul
2640 3240 2823 3296 etiam
2869 3240 3144 3312 incitans,
3200 3246 3264 3298 ut
3319 3242 3665 3313 hujusmodi

2008 3334 2167 3386 Patre
2188 3330 2367 3399 digne
2397 3335 2840 3385 conversentur.

2077 3420 2238 3475 Vers.
2294 3420 2346 3473 2.
2410 3420 2655 3474 Cum—
2688 3434 2879 3476 suam.
2936 3423 3125 3489 Auget
3180 3419 3657 3476 dehortationem

2004 3508 2392 3580 eleemosynas
2437 3507 2515 3563 ad
2554 3507 3013 3564 ostentationem
3067 3509 3359 3579 praestitae.
3390 3511 3475 3566 Ne
3521 3512 3665 3567 tuba

2005 3613 2201 3663 canas,
2221 3597 2281 3652 id
2322 3602 2427 3663 est,
2461 3612 2536 3651 ne
2566 3597 2832 3668 publices
2864 3602 2927 3653 ut
2959 3598 3035 3654 ab
3075 3598 3423 3654 hominibus
3481 3616 3665 3669 agno-

2008 3692 2225 3743 scatur.
2268 3686 2377 3750 Qui
2423 3686 2584 3741 enim
2622 3686 2770 3742 tuba
2820 3691 3063 3751 canunt,
3100 3693 3162 3743 ut
3206 3704 3242 3744 a
3290 3688 3665 3744 multitudine

2006 3777 2347 3841 audiantur,
2382 3775 2718 3832 buccinant.
2740 3776 2985 3841 Quidam
3012 3783 3212 3834 autem
3242 3777 3467 3843 dicunt,
3500 3779 3666 3850 quod

2004 3866 2102 3923 illo
2124 3871 2392 3938 temporc
2420 3864 2749 3937 hypocrita:
2779 3865 2924 3922 tuba
2950 3866 3368 3923 convocabant
3397 3866 3670 3937 indigen-

2006 3959 2113 4012 tes.
2128 3958 2228 4010 Est
2238 3960 2439 4011 autem
2453 3954 2763 4027 hypocrita
2774 3956 2878 4026 qui
2899 3954 3051 4011 alius
3069 3959 3314 4028 apparet
3336 3960 3546 4027 propte
3560 3957 3668 4013 hu-

2006 4060 2253 4102 manam
2273 4043 2613 4100 comitatem
2637 4044 2741 4115 (lc).
2770 4043 2975 4099 Vultus
2993 4044 3313 4116 siquidem,
3339 4049 3444 4101 aut
3467 4047 3667 4117 potius

2005 4134 2173 4190 larva
2195 4132 2454 4197 illorum,
2488 4131 2910 4189 misericordia
2937 4137 3043 4199 est,
3077 4139 3293 4189 natura
3342 4149 3480 4189 vero
3532 4151 3665 4207 per-

2006 4240 2164 4279 sonae
2178 4223 2453 4278 insanam
2467 4222 2667 4292 glorias
2682 4222 3087 4293 appetentiam
3108 4222 3347 4277 indicat.
3380 4223 3663 4292 Ite/erunt

2006 4318 2229 4380 autem,
2260 4312 2375 4368 hoc
2395 4315 2505 4382 est,
2532 4310 2827 4374 auferunt,
2846 4310 3071 4366 habent
3097 4317 3433 4366 mercedem
3465 4327 3662 4368 suam.

2077 4402 2249 4459 Vers.
2280 4404 2339 4457 3.
2384 4401 2459 4455 Te
2487 4416 2616 4455 vero
2646 4430 2714 4440 —
2743 4399 2936 4455 reddet
2983 4399 3108 4456 tibi.
3143 4402 3465 4471 Postquam
3495 4400 3661 4471 dixit,

1928 4510 1975 4566 D
2005 4488 2312 4563 quomodo
2340 4491 2608 4560 oporteat
2635 4503 2758 4544 non
2775 4487 3063 4560 praebere,
3083 4505 3241 4544 nunc
3270 4488 3669 4562 dicitquomo—

2006 4580 2086 4637 do
2114 4582 2397 4651 praestare
2413 4581 2704 4650 oporteat.

2076 4670 2194 4728 Per
2210 4668 2511 4725 sinistram
2536 4672 2738 4724 autem
2770 4683 3040 4736 manum,
3061 4684 3162 4725 eos
3184 4668 3288 4741 qui
3308 4668 3369 4725 in
3399 4670 3666 4741 proximo

2008 4763 2147 4815 sunt
2164 4773 2235 4815 ac
2249 4757 2571 4816 familiares
2602 4756 2985 4828 signiﬁcavit:
3006 4757 3155 4814 nihil
3184 4757 3337 4814 enim
3358 4774 3545 4816 manu
3566 4764 3667 4818 tua

2005 4848 2256 4907 vicinius
2273 4864 2343 4906 ac
2354 4847 2700 4906 familiarius
2716 4851 2827 4906 est.
2854 4850 3052 4923 Neque
3079 4848 3161 4918 hi,
3182 4848 3396 4922 inquit,
3412 4848 3667 4907 dexteras

1519 5101 1744 5173 Variae
1774 5101 2104 5173 lectiones
2136 5110 2202 5171 et
2232 5110 2438 5171 notes.

354 5248 615 5327 (οωτάτε,
646 5264 770 5327 pra.
800 5247 967 5327 τεΑ-
1041 5320 1050 5327 .
1104 5314 1138 5327 ..

343 5316 447 5403 (9!
467 5316 613 5403 Quae
632 5316 732 5403 est
750 5316 1482 5403 intgpretatiqyocabpli
1495 5324 1587 5372 τοῦ
1604 5317 1889 5375 Σαϐϐάτου.

276 5389 545 5461 Ιιεέιῖειῖη
579 5389 1103 5470 Οὴτγεοεῐξῑοω.
1132 5390 1241 5453 Vll,
1268 5408 1327 5461 p.
1352 5389 1476 5446 352.

320 5478 421 5557 (92)
444 5479 626 5538 Forte
653 5472 975 5527 ποιήσητε.

296 5616 354 5693 θ)
375 5588 1346 5693 Procompafsff‘o‘gmdicetur.
1368 5589 1458 5648 Ab
1477 5605 1570 5656 eo,
1595 5590 1769 5661 cujus
1790 5588 1898 5648 mi-

230 5668 401 5757 εοιῖὗὶ
415 5668 538 5763 est,
571 5668 1027 5759 praedicetur-

2095 5246 2185 5317 93)
2215 5245 2449 5302 Inclusa
2487 5243 2853 5311 exciderunt,
2899 5243 2980 5302 ob
3018 5243 3243 5317 duplex
3288 5245 3433 5315 ὁταν,
3465 5246 3537 5301 Α.

2095 5250 2160 5303 93
2215 5246 2449 5302 Inclusa
2487 5246 2853 5311 exciderunt,
2899 5260 2913 5300 ‹

2096 5322 2162 5374 94
2213 5318 2398 5374 intell.
2428 5322 2521 5376 τήν
2555 5319 2913 5390 συμπάθειαν.

2072 5246 2185 5462 (95)
2229 5388 2483 5462 Uterque
2523 5405 2691 5445 meus
2737 5389 2799 5444 in
2829 5388 2913 5462 fin

2096 5388 2185 5461 95)
2229 5388 2483 5462 Uterque
2523 5388 2691 5445 meus
2737 5389 2799 5444 in
2829 5388 2943 5462 fine
2970 5403 3182 5462 versus
3222 5389 3462 5462 omittit,
3502 5388 3551 5443 ἐν
3592 5398 3664 5462 τῷ

2002 5458 2218 5535 φανερῷ.
2263 5458 2584 5517 Ηοηῖθηίαε
2629 5466 2831 5517 tamen
2886 5458 3167 5530 habebat,
3209 5459 3273 5517 in
3324 5458 3660 5533 propatutd.

2078 5587 2441 5662 (k)1?_r0pter
2467 5588 2777 5644 humanam
2802 5585 3147 5647 comitatem.
3163 5586 3369 5647 Studio
3386 5587 3665 5662 placendi

2004 5656 2279 5718 hominib
2287 5656 2378 5716 iis.
