4098 6386
520 338 619 394 231
1841 330 2203 395 EUTHYMII
2240 326 2572 391 ZIGABENI

3791 336 3901 395 232

524 469 637 520 tua:
647 464 1090 536 eleemosynam
1110 466 1458 533 agnOScant.
1477 463 1588 516 Aut
1603 461 2083 533 perliyperbolen
2098 478 2166 517 es

2293 460 2457 531 οὗτοι,
2503 465 2655 532 φησὶ,
2700 465 2982 531 γνώτωσαν
3025 469 3115 521 τῆς
3160 456 3337 523 δεξιᾶς
3391 479 3487 513 σου
3544 464 3637 519 τὴν
3693 461 3897 534 ἔλεομο.

521 569 748 617 sermo,
780 569 1017 624 nempe,
1052 555 1117 609 Et
1147 553 1340 623 ipsam
1374 552 1672 606 sinistram
1705 551 2137 606 lateatdextera
2166 567 2178 605 :

518 657 625 713 per
646 642 811 713 quod
842 642 1253 697 manifestatur
1302 640 1623 712 plurimum
1655 645 1929 711 oportere
1976 640 2180 695 latere.

588 821 676 889 -H-
706 819 831 876 Alia
861 821 1039 875 etiam
1068 820 1315 882 ratione,
1344 819 1552 874 dextra
1578 817 1825 889 quidem
1859 822 1947 873 est
1975 819 2177 882 virtus,

518 907 754 964 sinistra
806 915 1007 964 autem
1052 909 1361 963 vitiositas.
1410 911 1487 962 Ne
1537 909 1718 976 igitur
1747 913 1958 962 noscat
2010 907 2182 961 vitio-

518 997 659 1052 sitas
690 997 847 1053 facta
898 998 1120 1053 virtutis
1160 1014 1264 1069 per
1307 996 1822 1065 communionem,
1881 996 1987 1051 sed
2050 996 2179 1051 sine

522 1086 949 1141 communione
981 1087 1105 1141 vitii
1148 1086 1468 1141 honestum
1516 1090 1571 1141 et
1608 1085 1834 1141 bonum
1867 1085 1991 1140 fiat.

587 1178 1030 1247 Consequenter
1059 1191 1201 1231 vero
1232 1174 1480 1242 addidit,
1522 1174 1689 1246 quod
1714 1176 1902 1229 Deum
1953 1173 2177 1230 habeas

514 1249 971 1336 conspectorem
1019 1280 1088 1320 ac
1134 1270 1365 1330 testem,
1410 1264 1512 1337 qui
1576 1280 1743 1319 more
1796 1264 1982 1335 patris
2036 1279 2178 1333 gau-

513 1353 616 1409 det
645 1354 856 1408 videns
871 1353 1034 1408 bona
1062 1353 1323 1409 ﬁliorum
1348 1368 1531 1425 opera
1555 1369 1567 1406 :
1588 1352 1867 1425 quodque
1898 1368 2019 1408 non
2051 1368 2178 1423 per-

514 1444 617 1498 des
668 1459 805 1514 quee
844 1442 1101 1511 dederis,
1158 1443 1265 1498 sed
1310 1442 1388 1497 ab
1445 1443 1577 1514 ipso
1630 1443 1878 1513 recipies
1928 1442 2177 1497 omnino

513 1532 916 1603 eleemosynaa
967 1531 1310 1603 praemium.
1366 1532 1508 1588 Non
1564 1531 1712 1586 dixit
1766 1534 1968 1586 autem
2018 1531 2177 1586 unde

513 1620 707 1675 facere
757 1626 1047 1692 oporteat,
1102 1626 1247 1692 puta
1276 1620 1438 1692 quod
1471 1636 1501 1675 e
1527 1620 1697 1690 justis
1746 1619 2001 1673 sacculis
2028 1636 2037 1672 :
2066 1618 2177 1675 hoc

513 1724 727 1779 nempe
777 1710 1060 1764 omnibus
1111 1714 1322 1765 notum
1372 1714 1513 1763 erat.
1571 1710 1860 1763 Praeterea
1903 1709 2177 1779 superius

512 1813 749 1869 quoque
821 1797 1031 1853 beatos
1071 1798 1409 1869 praedicavit
1451 1800 1775 1853 esurientes
1815 1801 1871 1852 et
1914 1798 2173 1853 sitientes
2208 1817 2249 1871 Β

505 1886 873 1957 justitiam“-

583 1973 745 2030 Vers.
774 1977 827 2030 5.
870 1976 949 2031 Et
1002 1993 1131 2031 cum
1161 2007 1229 2015 —
1258 1992 1449 2033 suam.
1512 1976 1876 2046 Angiportus
1931 1976 2171 2047 quidem

511 2069 649 2119 sunt
672 2064 784 2119 vici
807 2066 1067 2133 augusti,
1094 2080 1199 2135 per
1228 2080 1383 2137 quos
1408 2064 1585 2136 pauci
1608 2065 2169 2135 possuntincedere.

511 2152 727 2208 Plateas
778 2170 917 2209 vero
945 2154 1059 2208 vim
1116 2154 1392 2224 publicae,
1445 2168 1555 2225 per
1594 2170 1748 2225 quas
1794 2154 1960 2210 multi
1995 2156 2171 2210 simul

511 2241 787 2297 incedere
841 2248 1113 2312 possunt,
1155 2244 1241 2312 «Η-
1293 2259 1446 2314 quas
1488 2259 1599 2299 nos
1639 2242 1875 2317 ἐξαέρους
1912 2244 2170 2316 appella-

510 2347 667 2396 mus,
711 2335 999 2403 tanquam
1031 2331 1355 2386 subdiales.

581 2422 739 2474 Vers.
771 2421 832 2474 6.
880 2421 965 2474 Tu
994 2426 1181 2475 autem
1209 2451 1277 2459 —
1302 2421 1639 2489 propatulo.
1683 2422 1960 2478 Similiter
1990 2426 2046 2477 et
2075 2422 2171 2477 hic

508 2524 631 2563 cum
656 2508 921 2573 dixisset,
963 2510 1273 2578 quomodo
1317 2516 1602 2579 oporteat,
1627 2526 1748 2565 non
1783 2511 1997 2575 facere,
2030 2510 2172 2566 dicit

510 2597 695 2652 etiam
734 2613 857 2667 quo
888 2604 1060 2667 pacto
1090 2597 1282 2653 facere
1330 2604 1619 2669 oporteat,
1654 2606 1711 2655 et
1758 2600 1870 2655 hoc
1912 2600 2167 2655 docendi

508 2686 692 2741 modo
724 2685 1062 2757 frequenter
1092 2703 1237 2742 usus
1270 2692 1376 2743 est.
1412 2688 1583 2743 Patri
1636 2705 1778 2745 vero
1807 2696 1906 2744 tuo
1957 2691 2062 2761 qui
2088 2696 2169 2745 est

505 2776 565 2830 in
635 2777 886 2840 occulto,
946 2776 1061 2830 hoc
1119 2781 1226 2841 est,
1294 2776 1587 2831 invisibili.
1655 2781 1911 2833 Rursum
1987 2779 2166 2834 etiam

505 2864 665 2923 dicit.
696 2864 861 2935 quod
901 2865 1009 2943 Qui
1045 2865 1288 2921 videtin
1347 2865 1595 2931 occulto,
1642 2868 1925 2935 persolvet
1968 2868 2075 2923 tibi
2104 2870 2166 2924 in

502 2954 828 3021 propatulo
846 2969 858 3007 :
874 2953 1286 3022 manifestans,
1307 2955 1472 3025 quod
1496 2955 1542 3009 si
1557 2960 1915 3026 spectatores
1929 2956 2163 3029 quaeris,

504 3040 697 3096 habes
733 3057 840 3113 pro
888 3042 1173 3097 omnibus
1221 3044 1406 3097 Deum
1448 3043 1665 3113 ipsum.
1717 3046 1774 3099 Si
1808 3061 1947 3100 vero
1982 3053 2039 3101 et
2063 3046 2166 3102 ho-

2295 553 2475 607 σύνην.
2535 549 2604 601 ’Ἡ
2676 555 2765 601 xui
2835 551 2951 602 καθ’
3016 550 3302 623 ὑπερϐολὴν
3347 552 3372 602 ό
3427 548 3600 621 λόγος,
3656 552 3737 603 ὅτι
3800 556 3899 606 Καὶ

2290 639 2450 697 αὐτὴν
2494 638 2688 691 λαθέτω
2734 641 2762 696 ἡ
2808 636 2959 700 δεξιὰ
2996 643 3089 697 την
3135 637 3431 714 ἀριστερὰν,
3486 634 3557 690 δι’
3600 639 3660 690 οὗ
3701 637 3899 698 δηλοῦ·

2291 748 2379 779 ται
2407 731 2466 779 τό
2500 724 2607 779 δεῖν
2636 727 2748 779 λίαν
2787 726 3071 780 λανθάνειν.

2364 818 2489 887 [Καὶ
2538 818 2652 885 (96)
2689 816 2804 869 καθ’
2838 818 3004 891 ἕτερον
3038 814 3096 869 δὲ
3141 816 3312 889 λόγον,
3356 814 3505 879 δεξιὰ
3542 822 3653 889 μεν,
3700 820 3731 875 ἡ
3771 817 3896 891 ἀρε-

2287 910 2375 969 τὴ,
2432 904 2683 977 ἀριστερὰ
2723 902 2802 973 δὲ,
2836 908 2887 963 ’ἡ
2940 911 3114 958 κακία.
3168 910 3254 964 Μὴ
3301 911 3482 977 γνώτω
3525 906 3612 958 οὖν
3662 908 3691 965 ἡ
3736 912 3900 959 κακία

2286 998 2380 1051 τὴν
2433 993 2620 1066 πρᾶξιν
2670 1004 2760 1055 τῆς
2815 993 3023 1068 ἀρετῆς,
3085 991 3158 1046 δι’
3219 994 3503 1067 ἐπιμιξίας,
3558 994 3664 1047 ἀλλ’
3710 994 3899 1069 ἀμιγὲς

2286 1082 2591 1155 ἐνεργείσθω
2624 1087 2682 1135 τό
2704 1082 2878 1140 καλόν.
2913 1082 2932 1153 ]

2357 1176 2425 1224 Τὸ
2460 1168 2518 1224 δε
2544 1172 2660 1234 ἑξῆς
2703 1174 3014 1245 προσέθηκε,
3061 1168 3355 1243 διδάσκων,
3406 1174 3488 1225 ὅτι
3539 1192 3593 1226 τε
3621 1176 3708 1225 τὸν
3764 1176 3896 1227 Θεὸν

2286 1262 2423 1331 ἔχεις
2478 1266 2782 1333 συνίστορα,
2846 1265 2933 1314 τὸν
2986 1258 3142 1320 δίκην
3204 1266 3401 1335 πατρὸς
3464 1267 3723 1338 χαίροντα
3774 1262 3898 1334 (97)

2288 1348 2494 1421 βλέπειν
2554 1354 2619 1402 τὰ
2674 1353 2743 1403 σὰ
2806 1353 3210 1423 κατορθώματα,
3264 1356 3355 1404 καὶ
3405 1352 3485 1403 ὅτι
3559 1351 3653 1403 οὐκ
3712 1350 3899 1403 ἀπολέ-

2289 1458 2416 1505 σεις,
2449 1438 2484 1489 ἂ
2515 1435 2702 1504 δίδως,
2741 1438 2871 1491 ἀλλά
2900 1440 3020 1514 παρ’
3067 1440 3227 1493 αὐτοῦ
3270 1442 3475 1501 πάντως
3516 1438 3765 1513 ἀπολήψῃ
3800 1444 3893 1493 τὸν

2286 1529 2411 1601 ὑπὲρ
2469 1535 2563 1588 τῆς
2621 1527 2970 1601 ἐλεημοσύνης
3022 1530 3249 1599 μισθόν·
3308 1529 3403 1581 οὐκ
3443 1525 3549 1581 εἶπε
3603 1526 3682 1596 δε,
3734 1532 3896 1582 πόθεν

2285 1620 2395 1690 χρὴ
2451 1624 2613 1668 ποιεῖν
2656 1616 3025 1689 ἐλεημοσύνην,
3087 1619 3190 1669 οἷον
3242 1619 3322 1669 ὅτι
3383 1616 3483 1669 ἀπὸ
3529 1614 3751 1670 δικαίων
3794 1623 3897 1671 πό-

2284 1725 2405 1779 ρων.
2467 1712 2609 1757 Πᾶσι
2658 1708 2761 1779 γὰρ
2822 1713 2975 1757 τοῦτο
3022 1712 3277 1781 γνώριμον
3327 1703 3407 1764 ἦν.
3460 1705 3661 1768 ’Ἄλλως
3704 1726 3758 1759 τε
3800 1711 3898 1759 καὶ

2285 1792 2520 1865 ἀνωτέρω
2570 1798 2686 1854 τοὺς
2738 1803 3016 1857 πεινῶντας
3068 1801 3157 1849 καὶ
3212 1792 3481 1867 διψῶντας
3531 1800 3624 1853 τὴν
3680 1792 3897 1850 δικαιο-

2286 1887 2443 1941 σύνην
2472 1882 2778 1955 ἐμακάρισε.

2356 1976 2455 2025 Καὶ
2519 1974 2639 2024 ὅταν
2715 2003 2785 2013 ——
2857 1972 3045 2025 αὐτῶν.

2283 2066 2453 2114 στεναὶ
2500 2057 2640 2127 ὁδοὶ,
2680 2058 2752 2113 δι’
2797 2062 2864 2113 ὧν
2902 2061 3067 2132 ὀλίγοι
3113 2058 3455 2134 βαδιζουσιν,
3488 2063 3551 2123 ἃς
3598 2064 3744 2135 ἡμεῖς
3792 2061 3895 2134 ἐμ.-

2282 2148 2464 2210 eam;
2520 2150 2811 2221 καλοῦμεν·
2854 2149 3094 2203 πλατεῖαι
3130 2147 3210 2216 δὲ,
3270 2154 3325 2203 αἱ
3370 2150 3639 2226 λεωφόροι,
3692 2148 3764 2204 δι’
3817 2152 3892 2204 ὧν

2280 2238 2457 2291 πολλοὶ
2520 2239 2629 2310 ἅμα
2678 2237 2875 2310 βαίνειν
2933 2236 3205 2308 δύνανται,
3270 2238 3331 2301 ἃς
3384 2240 3498 2312 (98)
3546 2242 3693 2313 ἡμεῖς
3740 2240 3893 2303 ἐξαε-

2278 2348 2402 2401 ρους
2436 2328 2670 2400 λέγομεν,
2697 2330 2761 2388 ὡς
2788 2330 3101 2401 ὑπαίθρους,

2351 2420 2416 2469 Σὺ
2491 2414 2550 2470 δὲ
2624 2448 2692 2458 —
2766 2426 2991 2491 φανερῷ.
3074 2418 3292 2490 Ὁμοίως
3361 2417 3628 2471 κάνταῦθα
3707 2419 3890 2490 εἰπὼν,

2277 2515 2388 2567 πῶς
2431 2502 2516 2558 δεῖ
2561 2510 2632 2578 μὴ
2678 2513 2863 2574 ποιεῖν,
2914 2506 3067 2578 λέγει,
3119 2513 3208 2559 καὶ
3264 2516 3371 2569 πῶς
3423 2504 3506 2560 δεῖ
3558 2515 3741 2573 ποιεῖν,
3792 2515 3889 2563 καὶ

2277 2598 2443 2666 τούτῳ
2498 2602 2570 2647 τῶ
2627 2600 2800 2667 τρόπῳ
2851 2594 3121 2667 πολλαχοῦ
3176 2606 3266 2657 τῆς
3324 2592 3681 2660 διδασκαλίας
3720 2598 3891 2652 αὑτοῦ

3122 1978 3375 2026 Στενωποὶ
3455 1977 3544 2045 μέν
3623 1974 3754 2027 εἰσιν
3835 1976 3896 2026 αἱ

2278 2688 2556 2755 κέχρηται.
2616 2691 2699 2754 Τῷ
2756 2686 2923 2759 Πατρί
2982 2705 3075 2737 σου
3134 2682 3213 2754 δε,
3272 2693 3344 2739 τῶ
3417 2684 3466 2737 ἐν
3516 2695 3587 2757 τῷ
3643 2696 3889 2760 κρυπτῷ,

2278 2770 2392 2825 ἀντὶ
2457 2780 2570 2843 τοῦ,
2640 2783 2710 2844 τῷ
2763 2773 2986 2848 ἀοράτῳ.
3047 2775 3207 2827 Πάλιν
3268 2771 3327 2828 δὲ
3383 2778 3726 2849 προσέθηκεν,
3800 2780 3890 2831 ὅτι

2274 2861 2331 2913 Ὀ
2390 2860 2591 2933 βλέπων
2655 2860 2703 2913 έν
2756 2870 2826 2932 τῷ
2889 2871 3123 2936 κρυπτῷ,
3195 2861 3465 2918 ἀποδώσει
3532 2884 3617 2917 σοι
3696 2864 3743 2916 ἐν
3806 2875 3890 2936 τῷ

2275 2960 2494 3022 φανερῷ,
2552 2948 2745 3017 δηλῶν,
2799 2953 2900 3017 ὅτι,
2956 2952 2998 3004 εἰ
3054 2952 3229 3013 ζητεῖς
3296 2955 3500 3018 θεατὰς,
3561 2956 3704 3025 ἔχεις
3764 2953 3884 3009 ἀντὶ

2274 3040 2477 3091 πάντων
2522 3039 2678 3091 αὐτὸν
2722 3043 2809 3092 τὸν
2855 3044 2981 3093 Θεόν
3010 3060 3022 3072 ο
3059 3041 3103 3093 εἰ
3133 3038 3191 3094 δε
3244 3046 3333 3094 καὶ
3381 3041 3680 3115 ἀνθρώπους
3725 3043 3888 3105 θέλεις

504 3130 699 3186 mines
725 3130 948 3187 habere
970 3131 1140 3201 cupis
1155 3132 1675 3203 contemplatores,
1703 3132 1951 3189 habebis
1986 3136 2161 3190 etiam

2284 3129 2519 3201 θεωροὺς,
2579 3130 2707 3191 ἔξεις
2760 3134 2848 3181 καὶ
2897 3132 3109 3190 τούτους
3164 3128 3210 3182 ἐν
3260 3138 3332 3201 τῷ
3373 3138 3537 3205 καιρῷ
3591 3140 3683 3193 τῆς
3723 3130 3887 3207 ἀναῤ-

502 3218 612 3273 hos
664 3222 919 3289 tempore
971 3220 1255 3290 praeconii
1314 3236 1384 3275 ac
1429 3220 1826 3277 retributionis
1889 3224 2158 3293 praemii:

502 3323 611 3361 nec
636 3307 826 3362 multo
872 3308 1087 3372 solum,
1132 3309 1231 3362 sed
1272 3324 1482 3363 omnes
1517 3325 1528 3363 :
1561 3325 1669 3364 nec
1720 3310 1993 3367 homines
2032 3318 2163 3367 tan-

501 3400 646 3465 tum,
675 3396 783 3451 sed
803 3395 983 3451 etiam
1014 3396 1256 3465 angelos
1286 3402 1341 3451 et
1379 3396 1805 3467 ancbangelos,
1835 3415 2161 3472 omnesque

499 3483 769 3539 caelestes
817 3484 1077 3539 virtutes.
1132 3485 1353 3549 Quodsi
1409 3501 1571 3539 nunc
1601 3486 1947 3542 manifestas
1998 3489 2163 3545 bona

498 3588 704 3644 opera,
739 3577 859 3637 tua,
893 3578 950 3628 et
981 3574 1297 3643 premium
1341 3575 1506 3646 quod
1560 3576 1947 3647 exspectabas
1978 3595 2013 3635 a
2042 3580 2163 3635 Deo

502 3662 704 3733 perdis
736 3678 749 3714 2
784 3667 840 3716 et
904 3662 1176 3718 homines
1219 3663 1332 3732 ipsi
1380 3668 1435 3718 te
1494 3665 1990 3724 condemnabunt
2036 3673 2160 3724 tan-

497 3765 685 3821 quam
709 3748 906 3805 inanis
935 3749 1138 3820 gloriae
1189 3752 1600 3823 appetitorem.
1634 3753 1782 3810 Cum
1821 3771 1963 3826 ergo
1993 3757 2167 3819 liceat

497 3847 555 3895 et
607 3840 945 3895 mercedem
984 3840 1285 3897 bonorum
1338 3857 1591 3913 operum
1633 3845 1916 3916 accipere,
1959 3852 2016 3903 et
2059 3864 2165 3919 pu-

497 3927 650 3983 blice
705 3943 907 3984 coram
953 3932 1036 3984 tot
1082 3930 1382 4001 tantisque
1404 3932 1738 4002 prtedicari,
1770 3934 1815 3988 si
1849 3935 2162 4005 paululum

498 4017 819 4081 sustineas,
845 4019 1156 4090 quomodo
1187 4034 1309 4076 non
1350 4020 1603 4076 omnino
1637 4022 1886 4079 stultum
1917 4040 1988 4081 ac
2020 4025 2163 4082 irra-

495 4106 781 4162 tionabile
834 4108 942 4162 erit
983 4108 1245 4180 utrisque
1292 4109 1383 4165 his
1432 4110 1733 4177 excidere,
1782 4116 1837 4167 et
1884 4120 2163 4186 prementi

494 4193 725 4251 theatro
745 4194 891 4251 illud
913 4202 1252 4266 permutare
1282 4198 1311 4253 ‘I

566 4283 671 4339 Hic
702 4290 902 4340 autem
963 4301 1160 4342 sermo
1211 4301 1316 4358 per
1372 4303 1709 4359 anagogem
1768 4291 2159 4363 accipiendus

493 4380 601 4429 est.
657 4372 1009 4429 Cubiculum
1060 4376 1361 4447 siquidem
1422 4394 1596 4433 mene
1646 4385 1749 4443 est,
1831 4383 2157 4452 pulcherri-

491 4477 663 4517 mum
691 4462 1114 4532 cogitationum
1132 4464 1524 4522 domicilium.
1560 4468 1788 4523 Ostium
1814 4486 1957 4526 vero
1986 4474 2158 4529 sedes

492 4564 798 4615 sensuum,
820 4550 1049 4615 oculus,
1070 4554 1248 4615 auris,
1275 4558 1389 4610 etc.
1407 4594 1421 4618 ,
1436 4571 1542 4626 per
1558 4572 1689 4627 quas
1713 4557 1886 4614 malas
1903 4560 2158 4632 ingredi-

492 4641 669 4694 untur
678 4637 1232 4710 cogitationes,quas
1246 4641 1528 4699 virtutum
1544 4646 1889 4714 praedantur
1899 4649 2156 4710 divitias.

564 4726 719 4791 Quid
740 4741 882 4795 ergo
916 4726 943 4782 Ἰ
964 4742 1087 4784 non
1131 4733 1385 4799 oportet,
1410 4730 1469 4787 in
1502 4734 1751 4791 ecclesia
1781 4752 1952 4794 orare
1981 4740 2009 4795 ?
2040 4742 2159 4799 Ma-

490 4813 645 4871 xime
697 4814 969 4886 quidem,
1010 4816 1116 4872 sed
1144 4833 1270 4874 non
1322 4824 1381 4875 ut
1424 4836 1716 4893 appareas
1755 4825 2106 4885 hominibus
2140 4850 2151 4887 :

489 4903 604 4959 hoc
645 4904 803 4959 enim
858 4909 1150 4975 tanquam
1182 4906 1627 4979 hypocritarum
1675 4930 1830 4985 opus
1873 4918 2156 4975 condem-

490 4992 825 5049 navitzsed
875 4998 939 5048 ut
982 4994 1085 5050 tibi
1127 4996 1237 5067 ipsi
1299 4998 1485 5055 Deum
1532 5001 1751 5059 reddas
1805 5007 2151 5077 propitium.

492 5080 781 5153 Contingit
847 5082 1009 5139 enim
1069 5085 1331 5159 aliquem
1394 5090 1545 5147 inter
1609 5092 1903 5164 plurimos
1960 5111 2151 5169 orare,

569 5223 849 5281 “Matth.
879 5240 939 5293 v,
968 5229 1021 5283 6.

2271 3217 2471 3290 psam;
2509 3237 2561 3271 τε
2600 3222 2690 3271 καὶ
2736 3214 3187 3289 μισθαποδοσίας,
3233 3224 3323 3271 καὶ
3362 3219 3420 3271 ού
3466 3218 3701 3289 πολλοὺς,
3749 3220 3887 3275 ἀλλὰ

2275 3307 2491 3371 πάντας,
2541 3312 2631 3358 xui
2686 3307 2777 3358 ούκ
2827 3307 3128 3381 ἀνθρώπους
3182 3312 3357 3379 μόνον,
3418 3306 3546 3361 ἀλλὰ
3588 3314 3678 3361 καὶ
3727 3308 3888 3381 ἀγγά-

2274 3394 2413 3464 λους,
2466 3400 2554 3447 καὶ
2603 3394 2988 3469 ἀρχαγγελους,
3029 3401 3117 3448 καὶ
3170 3398 3341 3457 πάσας
3398 3400 3492 3457 τὰς
3536 3396 3888 3472 ἐπουρανίους

2276 3480 2544 3556 δυνάμεις.
2590 3492 2697 3537 Νῦν
2743 3487 2844 3559 γὰρ
2884 3484 2926 3536 εἰ
2974 3492 3206 3556 φανεροῖς
3254 3488 3318 3538 τὰ
3346 3488 3727 3560 κατορθώματά
3757 3509 3882 3556 σου,

2273 3577 2363 3625 καὶ
2407 3576 2492 3624 τὸν
2542 3572 2643 3626 ἀπὸ
2676 3580 2810 3626 Θεοῦ
2849 3575 3038 3644 μισθὸν
3083 3572 3336 3645 ἀπόλλεις,
3387 3580 3477 3627 xui
3527 3578 3575 3627 oi
3614 3577 3885 3651 ἅνθρωποι

2273 3666 2693 3731 καταγνώσονταί
2734 3681 2850 3728 σου,
2903 3665 2973 3724 ὡς
3019 3660 3314 3725 κενοδόξου.
3356 3663 3514 3716 Ὀταν
3560 3662 3646 3717 οὖν
3684 3665 3882 3735 ἔξεστι,

2273 3754 2362 3801 xui
2409 3752 2600 3821 μισθὸν
2639 3758 2738 3802 τῶν
2779 3753 3197 3824 κατορθωμάτων
3235 3751 3428 3821 λαϐεῖν,
3473 3758 3563 3805 καὶ
3613 3753 3885 3828 ἀνακηρυ-

2272 3840 2473 3909 χθῆναι
2540 3837 2586 3889 ἐν
2650 3846 2723 3909 τῷ
2772 3848 2992 3913 φανερῷ,
3048 3838 3259 3893 ἐνώπιον
3324 3844 3602 3909 τοσούτων,
3663 3842 3885 3917 ἀναμεί-

2271 3946 2431 3978 ναντα
2484 3931 2690 4000 μικρὸν,
2761 3937 2865 3988 πῶς
2921 3929 2979 3980 οὐ
3047 3932 3380 3982 παντάπασιν
3436 3928 3710 4003 ἀλόγιστον
3790 3939 3889 3988 καὶ

2270 4018 2464 4088 μωρὸν,
2540 4014 2842 4089 ἀμφοτέρων
2899 4020 3095 4070 τούτων
3155 4016 3405 4090 ἐκπεσεῖν,
3466 4026 3550 4072 xui
3614 4028 3704 4074 τοῦ
3761 4024 3888 4077 θεά-

2270 4122 2394 4177 τρου
2421 4103 2612 4158 ἐκείνου
2639 4109 2697 4158 τὸ
2728 4109 2891 4179 παρόν
2923 4105 3247 4170 ἀλλάξασθαι
3296 4110 3505 4185 θέατρον
3534 4127 3548 4178 ;

2339 4304 2434 4359 Εῖη
2482 4298 2530 4353 δ’
2559 4300 2619 4353 ἂν
2661 4304 2798 4355 κατὰ
2848 4306 2933 4355 τὸν
2984 4312 3075 4363 τῆς
3116 4303 3391 4378 ἀναγωγῆς
3439 4306 3588 4379 λόγον
3639 4316 3885 4381 ταμιεῖον

2268 4393 2359 4461 μεν
2416 4392 2441 4443 ὁ
2499 4399 2638 4456 νοῦς,
2696 4396 2755 4444 τὸ
2807 4393 3082 4445 κάλλιστον
3144 4397 3342 4468 οἴκημα
3394 4404 3493 4448 τῶν
3553 4400 3832 4470 νοημάτων
3863 4415 3882 4432 ο

2270 4479 2420 4549 θύραι
2475 4476 2554 4546 δὲ,
2609 4483 2675 4532 τὰ
2728 4482 3072 4556 αἰσθητήρια,
3129 4483 3407 4557 ὀφθαλμοὶ,
3460 4488 3613 4554 άκοὴ,
3665 4492 3753 4541 καὶ
3812 4493 3890 4543 τὰ

2266 4565 2441 4634 λοιπὰ,
2484 4564 2556 4619 δι’
2612 4570 2678 4620 ὧν
2710 4570 3073 4645 εἰσερχόμενος
3105 4574 3131 4624 ό
3162 4578 3388 4650 πονηρὸς
3438 4575 3689 4649 λογισμὸς
3739 4578 3889 4651 συλᾷ

2268 4660 2351 4709 τὸν
2378 4657 2597 4710 πλοῦτον
2626 4667 2723 4721 τῆς
2755 4659 2957 4733 ἀρετῆς.

2336 4752 2399 4799 Τί
2450 4744 2657 4817 οὖν;ἐν
2703 4748 2957 4823 ἐκκλησίᾳ
3003 4752 3063 4807 οὐ
3118 4749 3205 4805 δεῖ
3255 4757 3694 4829 προσεύχεσθαι;
3745 4762 3879 4829 Σφό.

2267 4832 2372 4909 δρα
2418 4842 2545 4908 μέν’
2603 4837 2731 4890 ἀλλὰ
2792 4844 2887 4912 μὴ,
2950 4842 3089 4903 ὅπως
3141 4852 3307 4915 φανῇς
3357 4852 3468 4904 τοῖς
3539 4844 3879 4918 ἀνθρώποις⁸

2262 4933 2415 4977 τοῦτο
2471 4925 2569 4999 γὰρ
2629 4936 2729 4979 τῶν
2791 4931 3083 5004 ὑποκριτῶν
3132 4937 3512 5007 κατηγόρησεν·
3572 4933 3676 4986 ἀλλ’
3732 4937 3887 5001 ὅπως

2265 5012 2406 5066 ἵλεων
2466 5024 2668 5088 σεαυτῷ
2719 5021 2805 5069 τὸν
2840 5022 2966 5071 Θεὸν
3018 5026 3269 5095 ποιήσηςῖ
3329 5022 3488 5075 ’Ἐστι
3534 5026 3632 5098 γὰρ
3678 5029 3768 5075 καὶ
3828 5024 3887 5077 ἐν

2261 5108 2404 5177 μέσῳ
2461 5105 2658 5159 πολλῶν
2723 5113 3147 5182 προσευχόμενόν
3205 5130 3339 5184 τινα,
3400 5116 3471 5185 μὴ
3531 5111 3884 5188 ἁμαρτάνειν,

1706 5332 1929 5406 Variae
1979 5337 2307 5412 lectiones
2339 5352 2639 5415 etnotae.
2686 5416 2689 5423 ,

561 5463 670 5546 (96)
692 5462 931 5546 Inclusa
977 5466 1037 5523 in
1092 5467 1363 5540 margine
1416 5472 1600 5530 habet
1650 5476 1716 5530 A.
1774 5478 2024 5537 Carebat
2082 5482 2153 5538 iis

491 5534 837 5594 Hentenius.

563 5609 676 5684 (97)
708 5611 843 5666 Haec
868 5626 988 5668 non
1012 5616 1168 5670 recte
1196 5613 1853 5693 cohaarent.1nterpono
1879 5626 2153 5697 rep,quod

2262 5483 2438 5576 facile
2464 5488 2767 5576 ablsorpsit
2786 5493 2877 5576 rei,

2328 5559 2443 5631 (98)
2486 5561 2577 5617 Ab
2619 5559 2683 5625 οἷς
2727 5563 2806 5621 ad
2855 5563 3144 5639 ὑπαίθρους
3190 5567 3474 5626 omiserat
3520 5571 3880 5635 Hentenius.
