4098 6412
155 367 240 427 2‘33

1131 368 1506 432 COMMENT.
1555 366 1626 428 IN
1667 366 2120 429 MATTH/EUM.
2161 404 2229 415 -—-
2267 371 2429 433 CAP.
2480 371 2576 431 VI.

3440 374 3545 435 9.34

170 498 291 572 [ὅταν
496 503 569 571 μὴ
632 502 774 574 πρὸς
828 497 1080 564 ἐπίδειξιν
1137 502 1526 574 προσεύχηταιο
1581 505 1670 552 καὶ
1718 500 1766 552 ἓν

1903 515 1990 555 nec
2020 503 2224 555 tamen
2252 514 2521 572 peccare,
2550 490 2787 573 quando
2822 512 2937 556 non
2978 496 3057 556 ab
3082 503 3547 561 ostentationem

172 595 361 662 ταμιείῳ
430 590 789 663 κεκλεισμένῳ
854 595 1295 665 προσευχόμενον,
1365 590 1695 665 ἁμαρτάνειν,

170 681 273 733 ὃταν
328 680 621 732 τούναντίον
686 690 837 753 ποιῇ.
902 688 1182 752 Πανταχοῦ
1236 683 1338 753 γὰρ
1398 682 1423 732 ὁ
1474 684 1605 740 Θεὸς
1683 683 1768 731 τὸν

172 774 349 822 σκοπόν
402 768 633 831 ἐξετάζει
690 778 785 823 τοῦ
836 774 1134 842 γινομένου.
1202 770 1512 844 ’Υποκριτὰς
1567 766 1625 822 δὲ
1678 774 1768 821 καὶ

168 863 367 921 τούτους
420 860 685 928 ἐκάλεσεν,
751 861 818 920 ὡς
872 868 1065 933 σχῆμα
1120 862 1209 931 μεν
1266 862 1486 932 ἔχοντας
1544 878 1771 933 προσευ-

166 954 407 1022 χομένου,
435 956 647 1021 γνώμην
680 946 742 1001 δέ
775 946 1109 1022 δοξομανοῡς.

232 1132 667 1200 Προσευχόμενοι
732 1157 805 1169 -—
869 1126 1078 1180 ἐθνικοί.
1152 1125 1496 1198 Βαττολογίαν
1555 1129 1643 1198 μὲν
1697 1125 1773 1178 λέ-

159 1237 258 1288 γει,
304 1220 397 1273 τὴν
454 1222 577 1290 περὶ
646 1224 744 1267 τῶν
809 1221 881 1288 μὴ
940 1220 1310 1290 προσηκόντων
1372 1219 1604 1287 αἴτησιν,
1666 1212 1770 1267 οἷον

161 1310 276 1376 περὶ
332 1306 579 1369 πλούτου,
646 1313 766 1380 περὶ
847 1303 1028 1374 δόξης,
1097 1310 1216 1381 περὶ
1295 1302 1627 1371 δυναστείας,
1682 1310 1771 1357 καὶ

162 1404 258 1445 τῶν
302 1398 575 1457 τοιούτων,
633 1396 735 1446 ὅσα
779 1399 895 1448 οὗτε
941 1395 1125 1467 ψυχὴν
1164 1394 1466 1468 ὠφελοῦσιν,
1520 1394 1633 1447 οὔτε
1674 1400 1773 1446 σώ-

160 1503 289 1555 ματι
361 1488 487 1557 πρὸς
546 1487 808 1537 σύστασίν
866 1488 996 1536 εἰσιν
1053 1484 1329 1555 ἀναγκαῖα.
1396 1483 1657 1545 Ἐθνικούς
1716 1480 1775 1536 δέ

162 1593 315 1644 φησι,
376 1578 495 1634 τοὺς
543 1572 819 1634 ἀπίστους.
872 1574 1009 1626 Ἐπεὶ
1060 1570 1133 1627 δὲ
1184 1575 1329 1626 οὗτοι
1390 1573 1449 1625 ού
1503 1577 1654 1645 μόνον
1694 1573 1775 1624 αἰ-

162 1672 340 1727 τοῦσι,
381 1668 503 1735 περὶ
543 1671 643 1714 τῶν
692 1668 762 1735 μὴ
802 1667 1190 1738 προσηκόντων,
1240 1662 1367 1715 ἀλλὰ
1414 1667 1523 1728 καὶ,
1570 1665 1775 1737 μακρὰς

162 1756 468 1823 ποιούμενοι
524 1754 615 1813 τὰς
666 1752 749 1805 ἐπὶ
801 1760 910 1814 τοῖς
958 1756 1210 1813 τοιούτοις
1256 1752 1514 1820 αἰτήσεις,
1554 1748 1775 1805 δοκοῦσι

1881 594 2033 645 orat.
2093 590 2156 643 Et
2209 590 2498 659 contingit
2560 590 2619 644 in
2677 590 2949 645 cubiculo
3009 590 3213 645 clauso
3276 597 3544 649 orantem

1881 693 2148 750 peccare,
2205 694 2340 733 cum
2393 695 2423 733 e
2455 678 2692 734 diverso
2752 679 2973 736 fecerit.
3041 680 3192 735 Deus
3242 681 3403 736 enim
3436 682 3541 755 qui

1882 767 2105 839 ubique
2150 772 2257 836 est,
2307 767 2446 823 facti
2504 767 2743 823 discutit
2797 767 2999 824 ﬁnem.
3047 770 3400 841 Hypocritas
3443 786 3545 826 au-

1882 861 1989 911 tem
2043 860 2102 911 et
2158 856 2269 911 hos
2335 857 2584 925 vocavit,
2642 857 2879 913 forman
2946 858 3191 930 quidem
3246 859 3544 916 orantium

1879 945 2186 1011 habentes,
2241 950 2502 1001 mentem
2552 960 2690 1002 vero
2738 946 3138 1003 anhelantium
3193 948 3271 1004 ad
3298 948 3544 1006 inanem

1880 1034 2136 1108 gloriam
2152 1079 2161 1090 .

1953 1123 2116 1180 Vers.
2146 1125 2199 1177 7.
2258 1124 2509 1181 Orantes
2542 1154 2601 1166 -—
2649 1125 2893 1183 ethnici.
2950 1125 3293 1199 Multiloquii
3336 1126 3545 1184 vituim

1884 1212 2202 1286 βαττολογία
2274 1214 2504 1278 dicitur,
2563 1231 2699 1269 cum
2761 1214 3031 1287 pluribus
3088 1216 3284 1272 verbis
3338 1216 3543 1288 petitio

1882 1304 1947 1358 ﬁt
1971 1303 2046 1358 de
2076 1304 2167 1359 his
2219 1320 2355 1376 quae
2388 1319 2505 1359 non
2537 1304 2899 1360 conveniunt
2930 1322 2945 1359 :
2977 1308 3123 1377 puta
3160 1304 3235 1361 de
3265 1305 3540 1373 divititis,

1884 1392 2091 1462 gloria,
2119 1396 2451 1465 potentatu,
2485 1392 2733 1465 aliisque
2766 1392 3086 1460 similibus,
3128 1410 3261 1465 quas
3291 1410 3400 1450 nec
3425 1395 3549 1451 ani-

1885 1496 1996 1537 mae
2038 1488 2307 1553 prosunt,
2346 1498 2455 1537 nec
2510 1482 2582 1537 ad
2614 1482 2881 1554 corporis
2912 1482 3353 1538 consistentiam
3407 1488 3548 1538 sunt

1884 1571 2238 1627 necessaria.
2307 1571 2586 1627 Ethnicos
2643 1587 2786 1627 vero
2846 1571 2984 1627 dicit
3058 1571 3349 1627 inﬁdeles.
3393 1573 3546 1637 Quia

1883 1664 2079 1715 autem
2111 1659 2172 1714 hi
2205 1675 2324 1716 non
2379 1659 2572 1716 solum
2620 1675 2692 1715 ea
2724 1663 2931 1731 petunt
2991 1675 3129 1732 quae
3184 1676 3307 1717 non
3338 1675 3551 1716 conve-

1886 1748 2080 1814 niunt,
2130 1748 2232 1803 sed
2265 1752 2320 1804 et
2367 1747 2581 1818 longas
2616 1748 2839 1804 faciunt
2869 1748 2943 1803 de
2987 1749 3340 1818 hujusmodi
3371 1749 3550 1805 rebus

165 1844 383 1908 πείθειν,
435 1840 484 1892 ἐν
521 1849 597 1911 τῷ
654 1842 1016 1914 μακρολογεῖν,
1059 1838 1323 1894 διαϐα”Αλει
1380 1846 1475 1899 τὴν
1528 1843 1776 1899 τοιαύτην

1903 1838 2216 1908 petitiones,
2277 1842 2559 1908 putantes
2620 1836 2943 1893 verborum
3000 1836 3377 1894 multitudine
3424 1853 3549 1909 per-

168 1929 348 1981 αὐτῶν
378 1929 639 2002 ὑπόληψιν
670 1930 911 2002 εἰρηκώς.

236 2115 467 2161 ,δοκοῦσι
520 2139 585 2149 -
650 2107 1175 2166 εἰσακουσθήσονται,
1248 2113 1469 2162 Δοκοῦσι
1521 2110 1630 2181 μεν,
1685 2109 1780 2161 οὐκ

163 2196 337 2270 ὀρθῶς
372 2194 458 2251 δέ.

235 2290 327 2343 Μὴ
356 2282 446 2337 οὖν
481 2316 546 2326 -
584 2286 807 2345 αἰτῆσαι
836 2286 1014 2340 αὐτὸν.
1046 2281 1196 2349 Οἵδε,
1228 2290 1377 2339 τίνων
1408 2290 1658 2361 χρῄζετε,
1692 2291 1780 2363 καὶ

164 2379 265 2448 πρὸ
316 2382 412 2426 τοῦ
467 2374 684 2432 αἰτῆσαι
734 2374 892 2427 αὐτὸν
948 2375 1073 2437 ὅλως
1128 2380 1247 2449 περί
1304 2394 1462 2437 τινος.
1522 2378 1622 2428 Καὶ
1668 2375 1780 2427 λοι-

166 2468 283 2531 πὸν,
339 2464 399 2515 οὗ
447 2468 559 2537 χρὴ
604 2464 764 2516 αἰτεῖν
808 2465 877 2516 τὰ
923 2468 993 2537 μὴ
1030 2460 1293 2538 χρειώδη,
1337 2460 1467 2536 μηδ’
1498 2462 1778 2535 ἀναγκαῖα,

168 2555 347 2614 καθώς
403 2552 705 2625 εἰρήκαμεν,
744 2553 868 2626 ὅπερ
927 2551 1037 2605 ἐστὶ
1091 2551 1434 2625 βαττολοσγία.
1506 2552 1647 2606 Ἐπεὶ
1693 2558 1784 2606 καὶ

170 2645 342 2715 πατὴρ
395 2637 741 2716 δυσχεραίνει
796 2644 932 2694 κατὰ
987 2638 1192 2695 παίδων
1250 2641 1531 2694 αἰτούντων
1579 2644 1646 2695 τὰ
1708 2647 1780 2715 μὴ

212 2735 536 2801 ροσηκοντα.
591 2735 689 2783 Καὶ
729 2730 773 2782 εἰ
816 2727 977 2799 οἶδεν,
1022 2731 1090 2782 ὧν
1124 2732 1417 2804 χρῄζομεν,
1460 2729 1608 2783 διατί
1657 2731 1783 2793 ὅλως

176 2824 291 2889 περὶ
352 2822 547 2871 τούτων
595 2820 838 2891 αἰτοῦμεν
883 2820 1073 2885 αύτόη
1133 2821 1341 2879 Πάντως
1398 2820 1503 2891 οὐχ
1560 2822 1642 2872 ἵνα
1695 2817 1784 2873 δι-

176 2904 437 2977 δάξωμεν,
658 2916 741 2961 ἱνα
793 2904 1059 2981 δείξωμεν,
1112 2910 1192 2961 ὅτι
1251 2909 1408 2961 αὐτὸν
1456 2911 1644 2981 ἔχομεν
1693 2914 1784 2962 καὶ

175 3002 367 3069 τροφέα
421 3004 515 3050 καὶ
572 3002 858 3062 Δεσπότην,
928 3004 1018 3050 καὶ
1085 2998 1186 3065 ἵνα,
1255 2997 1570 3071 ἀναρτῶντες
1626 3001 1785 3070 μόνον

177 3085 339 3137 adfati
377 3091 474 3143 τὴν
524 3082 715 3139 ﬂuida
751 3094 843 3146 τῆς
889 3091 1133 3160 προνοίας
1169 3092 1257 3139 καὶ
1308 3091 1572 3161 σωτηρίας
1615 3088 1783 3159 ἡμῶν,

174 3175 590 3247 ἐπικάμπτωμεν
622 3175 1009 3250 εὐχερέστερον.

244 3264 333 3324 Ὠς
373 3267 467 3335 μεν
506 3267 609 3336 γὰρ
664 3269 857 3338 πατὴρ,
911 3270 1000 3317 καὶ
1044 3261 1183 3317 οἶδεν
1233 3265 1300 3315 ὧν
1352 3265 1644 3337 χρηζομεν,
1698 3268 1788 3317 καὶ

178 3356 385 3425 ἕτοιμός
438 3352 555 3404 ἐστι
602 3357 854 3427 παρέχειν
909 3356 975 3405 τὰ
1030 3350 1293 3425 χρειώδη·
1350 3354 1499 3413 ζητεί
1536 3351 1594 3406 δὲ
1652 3357 1791 3426 ὅμως

176 3448 263 3493 καὶ
311 3446 408 3500 τὴν
440 3440 563 3516 παρ’
602 3440 747 3513 ἠμῶν
780 3445 1013 3509 αῖτησιν,
1047 3439 1141 3495 διὰ
1192 3445 1285 3505 τὰς
1335 3439 1659 3502 δηλωθείσας
1712 3442 1789 3493 αἰ-

176 3538 316 3593 τίας.
371 3538 556 3584 Ταῦτα
604 3527 849 3597 διδάξας,
895 3528 1243 3606 παραδίδωσι
1284 3536 1373 3583 καὶ
1404 3534 1561 3583 τύπον
1601 3531 1786 3602 εὐχῆς,

176 3621 279 3691 οὐχ
342 3622 430 3671 ἱνα
486 3624 683 3677 τοώτην
735 3624 894 3692 μόνην
944 3624 1036 3679 την
1098 3619 1264 3691 εὐχὴν
1327 3620 1624 3692 εὐχώμεθα,
1684 3618 1791 3671 ἀλλ’

182 3711 278 3777 ἱνα,
308 3713 514 3767 ταύτην
544 3712 751 3779 ἔχοντες
781 3713 956 3781 πηγὴν
988 3709 1150 3782 εὐχῆς
1179 3709 1233 3761 ἐκ
1262 3711 1453 3769 ταύτης
1485 3707 1794 3783 ἀρῥυώμεθα

180 3804 265 3859 τὰς
295 3799 499 3859 ἐννοίας
529 3794 631 3849 ra.»
658 3798 848 3869 εὐχῶν.

250 3975 444 4038 Οὕτως
483 4005 549 4014 -
581 3975 747 4046 ὑμεῖς.
783 3980 936 4046 flag;

252 4067 427 4137 Πάτερ
504 4093 573 4103 -
644 4063 900 4137 οὐρανοῖς.
966 4063 1223 4122 Ἐκοξστην
1288 4062 1421 4126 λέξιν
1476 4062 1790 4127 ἐξεταστέον.

184 4154 391 4206 Κελεύει
438 4155 543 4226 γὰρ
598 4150 781 4223 λέγειν,
826 4157 907 4219 τὸ,
960 4155 1125 4228 Πάτερ
1182 4156 1294 4226 μὲν,
1340 4153 1423 4205 ἵνα
1472 4153 1548 4224 (l)
1602 4172 1792 4225 μιμνη-

183 4244 435 4314 σκώμεθα
502 4250 597 4303 τῆς
657 4240 848 4294 ἄνωθεν
924 4242 1197 4313 εὐγενείας,
1269 4246 1360 4294 καὶ
1426 4244 1532 4302 οἵας
1594 4238 1795 4317 δωρεᾶς

180 4333 507 4402 ἠξιώθημεν,
565 4330 940 4389 υἰοθετηθέντες
992 4340 1064 4402 τῷ
1121 4339 1257 4402 Θεῷ,
1316 4336 1403 4383 καὶ
1478 4332 1560 4382 ἱνα
1726 4351 1795 4391 ως

181 4426 389 4494 Πατρός
446 4422 682 4471 τοίούτον
743 4421 1147 4491 πολιτευώμεθα·
1210 4421 1235 4470 ὁ
1291 4423 1393 4492 γὰρ
1457 4420 1656 4491 φαύλως
1706 4423 1796 4492 μὲν

180 4509 339 4582 βιών,
397 4513 611 4580 Πατέρα
662 4505 719 4560 δε
771 4508 957 4561 ἑαυτοῦ
1008 4512 1096 4561 τὸν
1132 4512 1260 4563 Θεὸν
1297 4507 1586 4580 ὀνομάζων,
1642 4528 1798 4561 κατα-

179 4595 441 4666 ψεύδεται
501 4602 591 4649 καὶ
646 4604 738 4648 τοῦ
796 4605 929 4651 Θεοῦ
986 4603 1076 4651 καὶ
1132 4597 1337 4652 ἑαυτοῦ.
1398 4600 1467 4651 Τὸ
1508 4596 1567 4650 ὁε
1604 4597 1793 4670 Ἠμῶν,

178 4687 263 4738 ἱνα
330 4691 698 4757 γινώσκωμεν,
767 4688 847 4739 ὅτι
909 4683 1121 4759 ἀδελφοὶ
1206 4686 1435 4745 ἀλλήλων
1502 4689 1550 4739 οἱ
1614 4693 1799 4740 πιστοὶ

182 4778 372 4837 mira;
409 4778 589 4847 ἐσμεν,
636 4783 820 4836 κοινῶς
869 4777 1251 4838 υίοθετηθέντες
1284 4784 1356 4846 τῷ
1400 4775 1471 4829 ἑνὶ
1517 4780 1607 4829 καὶ
1659 4781 1798 4848 μόνῳ

184 4873 318 4936 Θεῷ,
365 4870 458 4917 καὶ
517 4866 601 4916 ἱνα
649 4872 800 4917 τοῦτο
849 4873 1087 4937 συνεχῶς
1134 4863 1518 4937 ὁμολογοῦντες,
1580 4870 1649 4937 μη
1680 4885 1800 4918 κατ-

181 4956 525 5030 επαιρώμεθα
586 4961 687 5005 τῶν
748 4962 1018 5021 ταπεινῶν,
1075 4950 1215 5026 μηδὲ
1285 4953 1409 5015 ὅλως
1466 4953 1689 5007 ἐναντίον
1748 4960 1799 5007 τι

183 5048 319 5097 κατὰ
367 5052 471 5097 τῶν
537 5038 769 5117 ἀδελφῶν
819 5045 963 5116 ἡμῶν
1014 5043 1043 5102 ἡ
1100 5042 1406 5117 μελετῶμεν,
1466 5047 1495 5101 ἣ
1552 5043 1796 5118 λέγωμεν,

1889 1925 2160 1991 suadere,
2216 1926 2370 1981 hanc
2433 1926 2702 1998 ipsorum
2784 1926 3133 1999 opinionem
3205 1925 3318 1983 hoc
3367 1926 3551 1984 modo

1890 2014 2274 2071 condemnat.

1963 2105 2126 2159 Vers.
2157 2110 2210 2159 7.
2253 2105 2477 2161 Putant
2518 2135 2585 2146 ——
2616 2104 2971 2161 exaudiendi
3007 2105 3148 2161 sint.
3191 2105 3410 2162 Putant
3437 2104 3558 2177 qui-

1892 2191 2047 2256 dem,
2080 2197 2140 2249 at
2169 2209 2290 2249 non
2321 2198 2505 2250 recte.

1964 2283 2127 2338 Vers.
2158 2282 2209 2337 8.
2254 2283 2342 2339 Ne
2380 2298 2523 2355 ergo
2556 2312 2626 2325 —
2660 2284 2736 2340 ab
2778 2283 2888 2339 illo
2931 2283 3170 2352 petatis.
3225 2282 3395 2340 Novit
3418 2297 3557 2355 quae

1893 2372 2069 2429 vobis
2091 2371 2432 2443 expediant,
2461 2372 2817 2443 priusquam
2847 2371 2921 2428 ab
2946 2372 3045 2427 illo
3068 2372 3402 2445 quidquam
3433 2387 3561 2428 om-

1895 2461 2041 2517 nino
2070 2459 2306 2532 petatis.
2340 2459 2462 2514 Non
2512 2465 2743 2531 oportet
2798 2460 3000 2532 itaque
3040 2465 3255 2533 petere,
3292 2476 3423 2533 quas
3452 2475 3562 2515 nec

1897 2549 2062 2605 utilia
2102 2553 2245 2604 sunt
2276 2564 2386 2604 nec
2416 2547 2782 2611 necessaria,
2839 2548 2991 2604 sicut
3044 2549 3326 2614 diximus,
3393 2547 3560 2620 quod

1896 2644 1985 2696 est
2016 2639 2354 2710 battologias
2412 2639 2642 2693 vitium.
2698 2639 2844 2704 Quia
2897 2640 3053 2694 enim
3113 2644 3285 2711 pater
3336 2642 3439 2704 est,
3481 2638 3567 2693 in-

1897 2729 2181 2798 dignatur
2237 2729 2375 2782 ﬁliis
2427 2728 2763 2799 petentibus
2811 2744 2947 2800 quae
3000 2744 3121 2783 non
3182 2728 3560 2784 conveniunt.

1898 2818 2115 2872 Verum
2173 2817 2222 2871 si
2260 2818 2421 2872 novit
2466 2818 2687 2889 quibus
2737 2818 2911 2872 nobis
2953 2819 3025 2873 sit
3072 2833 3245 2889 opus,
3289 2832 3392 2872 cur
3443 2817 3566 2872 hac

1897 2908 2143 2964 omnino
2175 2908 2252 2963 ab
2279 2923 2350 2961 eo
2392 2906 2775 2978 postulamus
2803 2908 2831 2961 ‘?
2862 2906 3034 2961 Plane
3092 2920 3217 2964 non
3273 2910 3334 2961 ut
3364 2907 3564 2977 ipsum

1897 2997 2249 3061 doceamus,
2276 2996 2381 3050 sed
2410 2999 2476 3050 ut
2499 2996 3008 3063 demonstremus,
3032 2995 3197 3067 quod
3222 3011 3360 3050 eum
3384 2995 3568 3051 habe-

1901 3102 2034 3141 mus
2063 3086 2450 3141 educatorem
2482 3099 2551 3139 ac
2588 3082 2930 3149 Dominum,
2962 3090 3139 3155 utque
3171 3083 3249 3139 ab
3272 3084 3404 3155 ipso
3436 3083 3568 3139 solo

1829 3174 2246 3267 Cpendentes,
2306 3172 2535 3228 facilius
2584 3188 2722 3227 eum
2776 3171 3090 3227 ﬂectamus
3144 3172 3245 3244 qui
3298 3188 3435 3243 spes
3482 3176 3571 3228 est

1899 3263 2108 3320 salutis
2140 3279 2210 3318 ac
2241 3261 2629 3333 providentiae
2654 3265 2896 3317 nostrae.

1969 3355 2283 3423 Tanquam
2311 3356 2475 3421 pater
2503 3350 2659 3405 enim
2687 3356 2741 3404 et
2767 3350 2935 3405 novit
2977 3350 3193 3421 quibus
3214 3349 3386 3406 nobis
3416 3365 3571 3422 opus

1901 3443 1995 3509 sit,
2029 3446 2086 3497 et
2109 3442 2367 3496 tribuere
2420 3444 2663 3510 paratus
2716 3444 2805 3495 est
2869 3456 3004 3511 quae
3062 3440 3395 3495 necessaria
3430 3445 3572 3496 sunt

1901 3531 2191 3587 aututilia
2223 3547 2236 3597 ;
2271 3529 2454 3599 exigit
2499 3535 2719 3593 tamen,
2755 3533 2815 3583 ut
2845 3529 2923 3584 ob
2977 3528 3166 3584 dictas
3207 3544 3424 3585 causas
3454 3544 3567 3584 nos

1902 3620 2005 3676 illa
2078 3624 2366 3691 petamus.
2456 3620 2585 3673 Haec
2651 3622 2976 3689 postquam
3033 3618 3257 3683 docuit,
3340 3618 3566 3689 praebet

1903 3709 2084 3765 etiam
2151 3708 2402 3764 modum
2459 3706 2764 3772 orationis,
2848 3721 2974 3762 non
3049 3712 3112 3762 ut
3159 3708 3275 3764 hac
3334 3712 3569 3763 tantum

1903 3799 2163 3855 oratione
2194 3813 2522 3869 precemur,
2559 3795 2661 3851 sed
2697 3801 2758 3851 ut
2790 3796 2997 3851 habito
3044 3796 3331 3853 orationis
3380 3797 3564 3862 fonte,

1909 3888 1986 3944 ab
2012 3888 2145 3959 ipso
2173 3888 2579 3957 precationum
2611 3884 3064 3954 intelligentiam
3092 3885 3465 3942 hauriemus.

1976 3979 2136 4032 Vers.
2156 3979 2209 4033 9.
2250 3978 2350 4033 Sic
2378 4007 2439 4017 -
2464 3991 2584 4032 vos.
2615 3977 2887 4039 Quonam
2916 3979 3098 4031 modo
3130 3976 3159 4030 ?

1975 4065 2139 4121 Vers.
2162 4068 2219 4121 9.
2247 4067 2419 4121 Pater
2437 4096 2501 4105 ——
2532 4066 2708 4120 cwlis.
2744 4063 3001 4133 Singulae
3024 4064 3314 4119 dictiones
3341 4065 3565 4135 ponde-

1904 4155 2105 4211 randee
2149 4159 2300 4209 sunt.
2329 4153 2496 4209 lubet
2525 4155 2685 4209 enim
2717 4158 2777 4207 ut
2806 4152 3105 4219 dicamus,
3138 4153 3336 4221 Pater,
3370 4158 3435 4209 ut
3460 4170 3566 4209 csa-

1904 4245 2109 4301 lestem
2159 4245 2579 4315 cognationem
2633 4243 2711 4297 ad
2761 4243 3118 4298 memoriam
3189 4257 3563 4311 revocamus,

1906 4338 1964 4390 et
2000 4349 2122 4405 quo
2181 4348 2429 4388 munere
2475 4330 2672 4386 affecti
2729 4330 2939 4394 simus,
2972 4336 3122 4402 puta
3166 4330 3371 4387 divina
3423 4331 3568 4387 ado-

1906 4423 2133 4495 ptione,
2175 4427 2321 4477 etut
2372 4421 2545 4491 digne
2595 4419 2692 4474 tali
2750 4424 2916 4490 patre
2974 4436 3416 4475 conversemur.
3452 4422 3567 4486 Qui

1906 4510 2067 4567 enim
2090 4526 2269 4581 prave
2291 4511 2497 4565 vivens
2528 4508 2716 4563 Deum
2746 4513 2920 4563 vocat
2942 4510 3405 4575 Patrem,suum,
3436 4510 3570 4565 etin

1907 4603 2116 4665 Deum,
2136 4604 2197 4654 et
2218 4600 2278 4654 in
2303 4599 2565 4670 seipsum
2587 4597 2885 4652 mentitur.
2911 4598 3190 4653 Nostrum
3213 4602 3411 4654 autem
3429 4599 3571 4654 dici-

1909 4706 2046 4744 mus
2071 4689 2323 4756 Patrem,
2344 4692 2408 4743 ut
2438 4687 3015 4757 agnoscamusqual
3047 4686 3253 4743 fratres
3275 4688 3428 4743 inter
3458 4705 3565 4745 nos

1908 4781 2119 4833 mutuo
2162 4778 2348 4832 simus
2370 4777 2571 4830 ﬁdeles
2601 4790 2815 4831 omnes
2850 4791 2861 4829 :
2897 4777 3297 4833 communiter
3319 4778 3397 4833 ab
3444 4794 3563 4833 uno

1908 4866 2159 4939 soloque
2204 4869 2320 4922 Deo
2352 4865 2640 4936 adoptati,
2695 4870 2750 4918 et
2783 4870 2844 4919 ut
2874 4866 2947 4919 de
3000 4866 3112 4921 hoc
3140 4866 3417 4922 continue
3450 4867 3567 4921 col-

1909 4955 2245 5029 loquentes,
2297 4954 2377 5011 ob
2408 4953 2662 5010 humilia
2693 4954 2756 5023 (ι)
2812 4969 2932 5008 non
2960 4954 3343 5010 extollamur:
3378 4970 3573 5026 neque

1909 5046 2157 5103 omnino
2170 5044 2459 5101 adversus
2475 5042 2684 5100 fratres
2701 5047 2935 5100 nostros
2949 5043 3041 5100 vel
3052 5045 3386 5116 cogitemus
3402 5042 3573 5116 quid-

1467 5168 1685 5239 Variae
1711 5170 2039 5241 lectiones
2073 5182 2137 5241 et
2168 5180 2346 5240 notas
2362 5170 2377 5185 ⁸

194 5390 211 5401 ,
250 5315 660 5443 (99‘)Alnclusa
698 5312 1072 5372 exciderunt.
1113 5313 1174 5370 ln
1218 5329 1403 5371 causa
1439 5312 1552 5369 fuit
1591 5312 1817 5387 duplex

194 5409 327 5443 οταν.
423 5433 438 5443 .

190 5409 327 5453 οταν,
364 5409 404 5443 Α
423 5433 438 5447 .

1999 5316 2075 5388 (ί)
2120 5316 2202 5369 ἱνα
2232 5314 2745 5390 ἀναμιμνησκώμεθα
2765 5319 2831 5374 Α.

254 5515 319 5593 (t)
351 5516 797 5589 Gottoquentes,
831 5509 903 5568 ob
932 5507 1195 5566 humilia.
1220 5509 1585 5579 Proﬁtentes,
1629 5512 1835 5569 contra
1862 5510 2153 5570 humiles.

471 5608 723 5665 PATROL.
767 5600 880 5659 Gn.
922 5597 1171 5657 CXXIX.
