4098 6390
592 356 703 415 235

1915 346 2268 407 EUTHYMII
2319 345 2643 403 ZIGABENI

3840 353 3934 407 236

587 483 774 557 piam,
801 478 897 538 vel
910 476 1249 551 loquamur,
1268 475 1365 534 vel
1379 475 1691 542 faciamus,
1711 474 1815 533 sed
1826 490 1936 548 pro
1957 472 2135 530 nobis
2154 473 2240 529 in-

2373 495 2380 532 ν
2460 469 2922 548 διαπραττώμεθα,
2999 474 3087 525 xui
3155 472 3238 525 ἵνα
3305 480 3487 535 κοινῶς
3557 474 3683 551 ὑπὲρ
3724 475 3931 536 α’λλήλων

588 571 782 629 vicem
797 583 1125 642 precemur.

660 660 913 716 Additur
939 662 1164 714 autem:
1192 655 1301 722 Qui
1318 671 1375 712 es
1402 655 1467 711 in
1498 652 1675 719 culis,
1732 655 1795 708 ut
1840 651 2061 708 caelum
2094 666 2246 705 sem-

588 764 697 823 per
720 746 1167 820 prospiciamus,
1191 745 1390 801 audito
1414 744 1580 816 quod
1606 742 1686 798 ibi
1719 742 1791 796 sit
1822 741 1990 796 Pater
2011 745 2241 795 noster:

589 837 782 907 magis
811 841 1014 892 autem
1045 839 1110 891 ut
1138 834 1193 889 id
1223 834 1420 907 ipsum
1454 832 1728 887 dicamus
1759 846 1889 894 nos,
1930 845 1999 885 ac
2020 834 2250 884 terrena

589 926 1008 1000 despiciemus,
1040 929 1097 981 et
1122 939 1193 981 eo
1235 922 1558 980 ascendere
1589 936 1696 993 per
1735 920 2014 975 virtutum
2055 917 2248 974 scalas

590 1015 958 1082 festinemus,
987 1013 1091 1070 ubi
1131 1017 1220 1070 est
1262 1012 1433 1069 Pater
1474 1015 1699 1067 noster.
1754 1010 2022 1064 Dicentes
2052 1011 2248 1063 autem

591 1105 783 1162 Deum
835 1119 961 1161 esse
1007 1104 1070 1159 in
1099 1101 1251 1159 caelo
1297 1116 1688 1174 nequaquam
1729 1098 1929 1171 ipsum
1984 1098 2046 1153 in
2098 1095 2249 1152 cmlo

593 1194 948 1251 conclusum
979 1190 1526 1248 circumscribimus
1560 1204 1573 1255 ;
1601 1204 1724 1244 non
1756 1187 1916 1243 enim
1938 1186 2068 1242 loco
2115 1184 2252 1256 capi

592 1288 696 1340 aut
720 1281 1125 1339 circumscribi
1146 1283 1359 1353 potest.
1420 1280 1567 1334 Nam
1596 1276 1818 1349 ubique
1874 1292 2005 1331 esse
2038 1273 2253 1330 dicitur

591 1373 768 1439 Deus,
820 1370 1074 1427 maxime
1128 1373 1333 1425 tamen
1365 1367 1426 1423 in
1456 1367 1599 1423 locis
1633 1365 2025 1435 dignioribus,
2082 1362 2250 1436 quod

591 1460 782 1534 ipsius
808 1460 1003 1530 magis
1045 1457 1448 1530 susceptibilia
1474 1455 1805 1512 videantur.
1847 1458 2090 1526 PrOpter
2138 1453 2253 1508 hoc

596 1550 776 1622 igitur
818 1548 882 1605 in
907 1548 1050 1604 caelo
1081 1562 1212 1604 esse
1239 1546 1467 1611 dicitur,
1500 1546 1644 1618 quia
1700 1544 1847 1600 illud
1878 1543 2254 1615 purissimum

595 1643 702 1706 est,
734 1637 797 1694 in
824 1652 947 1710 quo
978 1641 1118 1692 sunt
1158 1639 1337 1703 astra,
1378 1635 1617 1691 virtutes
1647 1633 1750 1705 (ηπ)
1783 1648 1853 1689 ac
1888 1637 2098 1687 turmas
2121 1647 2255 1687 san-

596 1733 850 1798 ctorum,
881 1724 1108 1799 quibus
1129 1724 1307 1782 datur
1336 1723 1571 1796 requies
1594 1723 1709 1795 (η).

666 1907 708 1975 -ι-
764 1904 1221 1976 Chrysostomus
1265 1916 1415 1958 sane
1490 1903 1677 1958 totam
1726 1900 1883 1956 hanc
1925 1898 2257 1957 orationem

596 1994 895 2065 traditam,
939 1994 1016 2050 ad
1047 1991 1263 2049 Filium
1292 1990 1491 2047 refert.
1530 1990 1834 2062 Siquidem
1889 1995 1945 2044 et
1967 1989 2065 2045 hic
2094 1992 2260 2044 Pater

597 2088 803 2141 noster
829 2082 1064 2148 dicitur,
1100 2086 1398 2152 tanquam
1446 2084 1698 2143 creator,
1745 2078 2012 2150 provisor
2042 2082 2096 2134 et
2134 2092 2261 2133 ma-

601 2171 801 2244 gister.
835 2170 1005 2225 Juxta
1030 2168 1193 2224 hunc
1225 2173 1427 2223 autem
1474 2182 1810 2222 sermonem
1859 2165 1975 2222 dici
2019 2181 2261 2239 quoque

601 2259 814 2333 poterit
850 2263 908 2315 et
934 2256 1185 2330 Spiritus
1217 2261 1459 2312 sanctus
1507 2258 1673 2311 Pater
1702 2259 1928 2311 noster.
1976 2256 2182 2328 Itaque
2208 2261 2264 2311 et

604 2347 837 2421 proprie
885 2347 964 2403 ad
995 2345 1254 2416 singulas
1284 2348 1591 2408 Personas,
1639 2349 1695 2400 et
1737 2345 2135 2400 communiter
2184 2344 2261 2401 ad

603 2437 819 2495 trinam
846 2450 1146 2508 unamque
1172 2435 1459 2491 Deitatem
1487 2432 1686 2489 referri
1710 2432 1837 2489 haec
1860 2440 2125 2505 possunt.

679 2616 845 2672 Vers.
923 2618 975 2671 9.
1065 2612 1480 2681 Sanctiﬁcetur
1551 2625 1757 2667 nomen
1833 2616 2021 2666 tuum.
2100 2610 2261 2667 San-

608 2704 914 2774 ctiﬁcatur,
973 2702 1089 2758 hoc
1149 2706 1253 2767 est,
1314 2698 1707 2773 gloriﬁcetur;
1756 2699 1805 2755 si
1866 2701 2025 2755 enim
2097 2700 2266 2771 juxta

608 2794 840 2850 virtutis
861 2808 1142 2849 normam
1181 2806 1627 2856 conversamur,
1684 2788 2050 2859 gloriﬁcatur
2117 2792 2266 2845 Deus

612 2881 691 2941 ab
712 2883 822 2949 his,
850 2882 954 2954 qui
1010 2895 1121 2937 nos
1165 2879 1547 2952 conspiciunt
1581 2895 1592 2934 :
1626 2881 1866 2939 Luceat.
1918 2878 2111 2949 inquit
2158 2880 2268 2936 tua:

612 2977 802 3030 vestra
843 2985 1045 3029 coram
1074 2969 1427 3034 hominibus,
1461 2974 1527 3024 ut
1557 2968 1796 3025 videant
1842 2982 2019 3037 opera
2069 2974 2268 3025 vestra

616 3063 790 3127 bona,
812 3066 863 3116 et
900 3058 1222 3131 gloriﬁcent
1264 3059 1503 3114 Patrem
1553 3063 1821 3125 vestrum,
1871 3056 2061 3127 quiin
2109 3057 2267 3113 caelis

611 3157 696 3209 est
740 3152 808 3205 ιι.
867 3150 1015 3205 Cum
1057 3148 1237 3219 igitur
1295 3147 1356 3203 in
1418 3162 1481 3202 se
1544 3146 1869 3216 gloriosum
1919 3145 1995 3202 sit
2047 3161 2267 3201 nomen

612 3247 806 3308 tuum,
839 3239 1199 3311 gloriﬁcatur
1224 3237 1405 3295 etiam
1432 3252 1538 3310 per
1563 3241 1832 3293 nostram
1871 3236 2271 3293 conversatio-

611 3345 752 3388 nem
762 3370 776 3388 ο

684 3421 851 3477 Vers.
874 3417 961 3473 10.
984 3415 1283 3474 Adveniat
1303 3445 1373 3456 —
1397 3420 1586 3471 tuum.
1612 3415 1881 3485 Regnum
1906 3430 2068 3471 nunc
2097 3419 2271 3472 vocat

618 3507 956 3565 secundum
1013 3504 1342 3561 adventum
1388 3502 1599 3575 ipsius,
1645 3503 1699 3558 in
1732 3519 1855 3575 quo
1893 3519 2033 3559 cum
2082 3504 2272 3561 multa

616 3598 804 3670 gloria
832 3593 1161 3668 apparebit.
1197 3596 1311 3649 Hoc
1343 3598 1543 3648 autem
1574 3593 1899 3664 petendum
1929 3593 2178 3660 addidit,
2210 3598 2272 3650 ut

615 3687 780 3761 quod
805 3689 1062 3758 petimus
1089 3685 1500 3754 agnoscentes,
1551 3683 1863 3753 praeparati
1900 3682 1979 3739 ad
2009 3682 2139 3754 ejus
2178 3699 2273 3739 oc-

617 3791 857 3833 cursum
877 3788 984 3845 per
997 3773 1204 3829 omnia
1224 3772 1426 3828 simus.
1444 3770 1766 3843 Praeparari
1789 3771 1947 3827 enim
1969 3776 2271 3843 estoptare

617 3870 684 3923 ut
708 3864 903 3922 veniat
931 3861 1139 3919 Judex.

688 3955 886 4010 Potest
904 3965 1144 4024 quoque
1173 3952 1229 4006 et
1268 3948 1387 4007 alio
1410 3948 1592 4006 modo
1623 3947 1739 4005 dici
1774 3965 1786 4004 :
1820 3948 2023 4006 Veniat
2053 3950 2129 4007 ad
2159 3965 2271 4006 nos

615 4058 872 4115 regnum
912 4046 1105 4110 tuum,
1150 4039 1207 4095 id
1270 4044 1375 4110 est,
1408 4038 1641 4110 impera
1700 4042 1758 4094 tu
1808 4038 1999 4107 nobis,
2066 4042 2125 4095 et
2148 4054 2271 4095 non

615 4130 890 4190 diabolus
924 4146 937 4197 ;
964 4133 1030 4185 tu
1058 4127 1235 4185 nobis
1285 4126 1565 4194 suadeas,
1602 4142 1673 4184 ac
1700 4141 1804 4199 per
1848 4130 1951 4183 tua
1985 4127 2272 4187 mandata

615 4223 845 4295 iubeas,
872 4223 929 4278 et
950 4234 1070 4275 non
1094 4217 1211 4275 ille.

687 4403 848 4458 Vers.
880 4398 963 4453 10.
987 4398 1120 4453 Fiat
1146 4426 1213 4437 —
1236 4400 1415 4452 terra.
1452 4395 1574 4451 Fiat
1596 4393 1869 4451 voluntas
1899 4397 1998 4451 tua
2026 4394 2087 4451 in
2114 4399 2272 4453 terra

619 4487 695 4544 ab
742 4485 1100 4550 hominibus,
1161 4483 1683 4555 quemadmodum
1738 4483 1796 4537 in
1847 4482 1998 4539 caelo
2076 4483 2139 4540 ﬁt
2193 4484 2271 4540 ab

618 4576 850 4646 angelis
884 4592 898 4642 ;
929 4574 1003 4630 de
1023 4573 1240 4646 quibus
1256 4572 1401 4628 dixit
1428 4571 1616 4627 David
1645 4588 1657 4627 :
1686 4572 1953 4627 Mintstri
1976 4575 2119 4643 ejus,
2168 4575 2273 4645 qui

617 4666 846 4738 faciunt
894 4665 1251 4721 voluntatem
1302 4661 1480 4730 ips-ius
1533 4662 1580 4697 ιδ
1612 4691 1679 4701 -
1725 4662 2018 4718 Adveniat
2070 4668 2271 4719 autem

619 4762 674 4813 et
699 4757 823 4825 ﬁat,
852 4753 993 4809 licet
1030 4767 1135 4824 per
1172 4750 1354 4807 verba
1383 4748 1657 4805 dicanmr
1694 4750 2044 4822 imperativa
2090 4750 2271 4804 ἐλθέτω

617 4851 677 4903 et
713 4844 1001 4916 γενηθήτω,
1036 4844 1358 4896 sumuntur
1396 4842 1593 4896 tamen
1620 4855 1729 4911 pro
1764 4841 2061 4911 optativis.
2093 4839 2273 4913 Opta-

617 4950 752 4994 mus
812 4932 971 4990 enim
1041 4946 1111 4987 ac
1168 4944 1487 5002 precamur
1555 4928 1703 4995 hinc,
1761 4944 1828 4986 eo
1876 4930 2042 5001 quod
2095 4931 2271 4988 etiam

691 5117 739 5156 ί⁴
764 5112 967 5173 Matth.
991 5127 1047 5183 v,
1083 5113 1166 5167 l6.
1273 5110 1320 5147 ³⁸
1351 5109 1505 5169 Psal.
1539 5124 1632 5179 cn,
1673 5109 1770 5171 21.

2353 562 2649 634 εὐχώμεθα.

2422 655 2492 704 T6
2525 648 2603 715 δε,
2633 649 2692 702 Ὀ
2747 649 2795 702 έν
2848 656 2954 713 τοῖς
3003 649 3257 724 οὐρανοῖς,
3300 652 3383 703 ἶνα
3438 655 3567 726 πρὸς
3615 656 3700 706 τὸν
3740 654 3933 728 οὐρανὸν

2354 744 2432 792 αεὶ
2507 737 2794 812 βλέπωμεν,
2879 737 3117 813 πατρίδα
3191 749 3371 794 τοῦτον
3440 743 3587 814 ἡμῶν
3664 743 3932 811 ἀκούοντες,

2354 828 2541 901 μᾶλλον
2596 824 2655 881 δὲ
2697 828 2846 881 αὐτοὶ
2892 836 3045 881 τοῦτο
3092 829 3335 901 λέγοντες,
3385 836 3475 883 καὶ
3522 832 3603 884 ἵνα
3633 840 3730 884 τῶν
3764 838 3936 903 γηίνων

2354 926 2769 991 καταφρονῶμεν,
2834 917 2942 970 ἐκεῖ
2997 917 3313 982 σπεύδοντες
3374 918 3649 989 ἀναϐῆναι,
3712 917 3801 974 διὰ
3856 930 3937 983 τῆς

2353 1015 2451 1060 τῶν
2501 1006 2690 1080 ἀρετῶν
2729 1007 2997 1080 κλίμακος,
3042 1010 3170 1061 ὅπου
3207 1010 3233 1062 ὀ
3279 1014 3461 1082 Πατὴρ
3493 1013 3637 1083 ἡμῶν
3685 1009 3817 1067 ἔστι.
3869 1010 3936 1065 Ἐν

2356 1096 2555 1171 οὐρανῷ
2611 1093 2670 1149 δε
2723 1100 2810 1149 τὸν
2864 1100 2993 1151 Θεὸν
3042 1094 3172 1150 εἶναι
3223 1098 3470 1170 λέγοντες,
3513 1100 3608 1152 οὐκ
3666 1098 3714 1151 έν
3761 1099 3939 1174 οὐρανῷ

2358 1185 2512 1239 αὐτόν
2588 1185 2942 1258 συγκλείοντες
3020 1190 3425 1263 περι-γράφομεν·
3503 1187 3782 1264 ἀχώρητος
3850 1192 3937 1265 γὰρ

2358 1274 2472 1327 ἐστι
2525 1279 2615 1327 xui
2665 1274 3071 1351 ἁπερίγραπτος·
3130 1275 3257 1329 ἀλλὰ
3316 1286 3594 1350 πανταχοῦ
3647 1282 3735 1351 μεν
3791 1275 3837 1332 εἷ
3891 1299 3936 1331 αι

2359 1365 2559 1436 λέγεται
2604 1366 2629 1416 ὁ
2663 1368 2810 1431 Θεὸς,
2863 1365 3096 1437 μάλιστα
3144 1363 3203 1419 δε
3252 1366 3301 1419 ἓν
3332 1372 3509 1430 τόποις
3546 1366 3729 1437 ἀξίοις,
3778 1366 3862 1421 διὰ
3892 1373 3940 1421 τὸ

2360 1453 2548 1527 μᾶλλον
2613 1455 2801 1516 αὐτοὺς
2866 1450 2997 1507 εἶναι
3060 1452 3334 1519 δεκτικοὺς
3400 1457 3582 1513 αὐτοῦ.
3650 1461 3745 1511 Διὰ
3804 1467 3938 1512 τοῦτο

2360 1548 2531 1596 τοίνυν
2579 1541 2627 1594 έν
2674 1552 2746 1614 τῷ
2794 1543 2994 1616 οὗρανῶ
3050 1544 3257 1618 λέγομεν
3308 1554 3437 1598 εῖναι
3488 1552 3575 1600 τὸν
3622 1550 3769 1615 Θεὸν,
3821 1544 3942 1601 διότι

2360 1634 2730 1706 καθαρώτατος
2795 1634 2820 1684 ὁ
2880 1637 3037 1695 τόπος
3097 1633 3301 1705 ἐκεῖνος,
3364 1640 3453 1687 καὶ
3508 1633 3651 1689 διότι
3716 1636 3763 1689 ἐν
3822 1638 3942 1707 αὐτῷ

2363 1722 2495 1775 εἰσὶν
2558 1723 2612 1773 αἱ
2664 1721 2813 1774 ἄϋλοι
2866 1719 3134 1795 δυνάμεις,
3197 1728 3286 1776 xui
3335 1726 3383 1777 οὶ
3441 1721 3606 1798 δὴμοι
3654 1734 3753 1779 τῶν
3804 1726 3943 1799 ἁγίων

2287 1835 2329 1890 Β
2366 1811 2444 1872 οἷς
2470 1809 2853 1863 έπαναπαύεται
2865 1853 2877 1867 .

2438 1899 2547 1973 [⁸0
2592 1903 2673 1971 (2)
2716 1903 2806 1973 μεν
2846 1905 3222 1976 Χρυσόστομος
3266 1906 3391 1977 πρὸς
3428 1907 3515 1956 τὸν
3561 1906 3683 1958 Υὶόν
3722 1903 3944 1980 ἀναφέρε-

2374 1992 2498 2042 σθαι
2552 1994 2647 2048 τήν
2725 1986 3117 2064 παραδοθεῖσαν
3194 1995 3388 2051 ταύτην
3468 1994 3587 2051 ὅλην
3662 1999 3945 2071 προσευχὴν

2371 2081 2594 2151 ἐνέφηνε.
2642 2082 2860 2150 Λέγεται
2921 2083 3022 2154 ’γὰρ
3089 2086 3178 2135 xui
3247 2082 3392 2144 οὗτος
3448 2089 3624 2160 Πατὴρ
3682 2087 3839 2157 ἡμῶν,
3895 2087 3946 2143 ὡς

2374 2165 2721 2241 δημιουργὸς,
2781 2173 2870 2220 καὶ
2920 2166 3182 2243 κηδεμὼν,
3238 2176 3327 2224 xui
3384 2178 3701 2246 προνοητὴς,
3742 2179 3825 2227 καὶ
3872 2171 3947 2226 δι-

2373 2255 2655 2317 δάσκαλος.
2714 2260 2860 2311 Κατὰ
2915 2267 3096 2311 τοῦτον
3150 2257 3209 2313 δε
3284 2265 3370 2314 τὸν
3441 2262 3589 2335 λόγον
3668 2263 3845 2336 λέγοιτ’
3899 2264 3948 2315 οἶν

2374 2351 2551 2422 Πατὴρ
2600 2350 2765 2419 ἡμῶν,
2816 2353 2905 2400 καὶ
2952 2352 3011 2400 1'6
3050 2348 3198 2421 ἅγιον
3244 2357 3472 2423 Πνεῦμα.
3518 2357 3716 2406 Λοιπὸν
3755 2349 3837 2405 οὖν
3876 2357 3950 2404 καὶ

2376 2433 2555 2497 ἰδικῶς
2588 2440 2713 2510 πρὸς
2751 2438 2969 2489 ἕκαστον
3008 2441 3201 2491 τούτων
3246 2439 3505 2512 ἀναχθείη
3540 2443 3622 2507 ἄν,
3674 2448 3762 2495 xui
3790 2450 3949 2503 κοινῶς

2372 2528 2503 2599 πρὸς
2532 2530 2625 2583 τὴν
2657 2524 2704 2577 ἐν
2734 2528 2936 2586 τούτοις
2963 2532 3087 2599 μίαν
3118 2532 3375 2587 Θεότητα.
3407 2529 3429 2604 ]

2444 2614 2775 2686 Ἀγιασθήτω
2904 2619 2962 2667 τὸ

2376 2703 2487 2757 ἀντὶ
2555 2711 2667 2775 τοῦ,
2737 2703 3053 2766 Δοξασθήτω
3066 2749 3078 2763 .

2377 2793 2590 2869 ἐναρέτω
2600 2815 2641 2864 ς,

3092 2619 3253 2691 ὄνομα
3367 2638 3461 2671 σου
3476 2664 3488 2676 ,
3605 2618 3947 2692 Ἁγιασθήτω,

3409 2710 3511 2783 γὰρ
3568 2708 3949 2783 πολιτευομένων

2723 2790 3004 2856 δοξάζεται
3069 2799 3213 2868 παρὰ
3270 2805 3369 2848 τῶν
3427 2799 3662 2871 ὁρώντων
3721 2801 3746 2851 ὁ
3822 2803 3951 2859 Θεὸς.

2378 2882 2653 2955 Anguem
2705 2885 2829 2955 γὰρ,
2882 2888 3033 2955 φησὶ,
3088 2888 3146 2936 τὸ
3205 2894 3306 2957 φῶς
3355 2888 3494 2959 ὑμῶν
3539 2889 3828 2961 ἔμπροσθεν
3872 2894 3955 2937 τῶν

2378 2968 2680 3043 ἀνθρώπων,
2757 2974 2894 3034 ὅπως
2960 2970 3120 3025 ἴδωσί
3178 2977 3246 3026 τὰ
3300 2975 3436 3028 καλὰ
3483 2978 3624 3049 ὑμῶν
3690 2980 3829 3051 ἔργα,
3883 2980 3955 3027 xui

2381 3056 2650 3121 δοξάσωσι
2716 3063 2802 3113 τὸν
2866 3066 3070 3137 Πατέρα
3122 3064 3265 3135 ὑμῶν
3322 3068 3411 3117 τὸν
3464 3064 3513 3117 έν
3560 3062 3674 3128 τοῖς
3724 3065 3955 3140 οὐρανοις.
4050 3080 4051 3084 ‘

2380 3146 2762 3221 Δεδοξασμένον
2794 3150 2889 3202 οὔκ
2944 3152 3186 3227 ὑπάρχον
3216 3156 3274 3206 τὸ
3306 3155 3466 3226 ὄνομά
3515 3174 3631 3219 σου,
3678 3152 3959 3218 δοξασθήτω

2381 3242 2470 3291 xui
2497 3234 2591 3291 διὰ
2619 3246 2709 3300 τῆς
2738 3239 2999 3302 πολιτείας
3030 3242 3196 3314 ἡμῶν.

3161 2706 3218 2759 Ἡ
3224 2716 3333 2779 μῶν

2453 3415 2669 3471 Ἐλθέτω
2717 3448 2784 3458 -
2818 3437 2933 3473 σου.
2985 3419 3255 3473 Βασιλείαν
3307 3417 3365 3475 δὲ
3416 3428 3524 3494 νῦν,
3580 3427 3678 3482 τὴν
3737 3420 3960 3497 δευτέραν
4050 3420 4051 3445 ³

2382 3505 2541 3558 αὐτοῦ
2602 3511 2896 3579 παρουσίαν
2959 3513 3139 3581 φησὶν,
3214 3513 3278 3572 ὡς
3349 3515 3479 3584 μετὰ
3555 3512 3752 3575 πολλῆς
3827 3509 3964 3575 δόξης
4044 3526 4051 3533 “

2381 3594 2647 3667 ἐσομένην.
2701 3602 2862 3649 Τοῦτο
2905 3593 2963 3650 δε
3006 3600 3320 3673 προσέταξεν
3365 3601 3544 3670 αἰτεῖν,
3586 3604 3671 3655 ἵνα
3708 3608 3965 3675 γινώσκονο
4050 3606 4051 3617 ³

2379 3704 2483 3754 τες,
2568 3685 2689 3759 ὅπερ
2760 3686 3023 3759 αἰτοῦμεν,
3095 3687 3486 3764 ἐμπαράσχευοι
3551 3694 3685 3766 πρὸς
3760 3694 3965 3749 ὑπαντήν

2382 3773 2541 3827 αὐτοῦ
2598 3771 2691 3827 διὰ
2742 3779 2933 3839 παντὸς
3001 3780 3196 3850 εἴημεν.
3248 3781 3686 3854 Ἐμπαρασκεύου
3742 3785 3863 3855 γὰρ,
3914 3782 3965 3831 τὸ

2383 3864 2557 3924 ζητεῖν
2589 3862 2748 3917 ἐλθεῖν
2773 3868 2861 3918 τὸν
2894 3861 2929 3918 δ
2934 3871 3176 3926 ικαστὴν,

2450 3950 2605 4005 Ἐστι
2649 3948 2708 4005 δε
2754 3958 2844 4006 xui
2895 3954 3072 4031 έτέρως
3120 3956 3296 4025 εἰπεῖν,
3352 3959 3431 4011 ὅτι
3480 3958 3699 4013 Ἐλθὲτω
3737 3960 3808 4033 ἐφ’
3846 3960 3969 4031 ἡμᾶς

2380 4042 2411 4099 ἠ
2463 4038 2712 4114 βασιλεία
2757 4061 2875 4112 σου,
2931 4050 3189 4117 τουτέστι,
3250 4045 3682 4121 βασιλευθείημεν
3736 4051 3833 4101 ὑπὸ
3884 4054 3968 4100 σοῦ

2379 4134 2469 4182 xui
2543 4134 2615 4203 μὴ
2689 4132 2789 4184 ὑπὸ
2858 4140 2949 4185 τοῦ
3018 4132 3286 4203 διαϐόλου,
3361 4137 3452 4189 καὶ
3509 4141 3571 4190 σὺ
3628 4143 3839 4199 πείσαις
3892 4140 3969 4188 καὶ
4049 4139 4051 4161 ³

2382 4219 2667 4282 ὑποτάξαις
2704 4222 2845 4293 ἡμᾶς
2888 4229 2998 4284 τοῖς
3042 4231 3154 4287 σοῖς
3197 4229 3597 4299 προστάγμασι,
3631 4232 3724 4281 καὶ
3759 4232 3828 4301 μὴ
3860 4224 3970 4277 ἐκεῖ·
4049 4246 4051 4255 ε

2379 4326 2478 4368 νος.

2452 4399 2725 4456 Γενηθήτω
2791 4430 2860 4441 -—
2922 4409 3042 4473 γῆς.
3111 4405 3383 4463 Γενηθήτω
3460 4408 3517 4458 1'6
3599 4406 3799 4480 θέλημά
3866 4422 3970 4471 σου,

2380 4490 2469 4537 καὶ
2522 4485 2607 4539 ἐπὶ
2652 4496 2744 4551 τῆς
2796 4498 2914 4560 γῆς,
2962 4494 3107 4565 παρά
3154 4502 3253 4544 τῶν
3312 4493 3615 4569 ἀνθρώπων,
3667 4499 3737 4558 ὡς
3791 4500 3974 4567 γίνεται

2382 4574 2430 4626 έν
2495 4576 2716 4649 οὐρανῷ,
2772 4582 2916 4651 παρὰ
2971 4590 3071 4632 τῶν
3140 4581 3391 4654 ἀγγέλων,
3459 4590 3577 4660 περὶ
3634 4582 3704 4637 ὧν
3766 4583 3895 4638 εἶπεν
3952 4583 3973 4632 ὁ

2382 4660 2569 4717 Δαυὶδ·
2652 4673 2963 4743 Λειτουργοὶ
3046 4670 3228 4740 αὐτοῦ,
3314 4682 3576 4736 ποιοῦντες
3653 4679 3713 4726 τὸ
3795 4674 3978 4744 θῦπῑμα

2383 4754 2564 4808 αὐτοῦ.
2614 4756 2830 4831 Θῦημα
2874 4755 2933 4812 δὲ
2980 4768 3135 4828 Θεοῦ,
3182 4764 3236 4813 αἱ
3282 4761 3479 4816 ἐντολαὶ
3510 4764 3690 4820 αὐτοῦ.
3741 4764 3976 4817 Εὐκτιχὸν

2383 4840 2444 4896 δὲ
2490 4849 2581 4898 xui
2630 4849 2712 4916 τὸ,
2768 4846 3123 4919 Ἀγιασθὴτω,
3178 4856 3268 4905 καὶ
3322 4856 3399 4921 τὸ,
3457 4856 3755 4914 Γενηθήτω,
3812 4855 3977 4925 Εὺχό-

2382 4936 2516 5006 μεθα
2543 4936 2641 5009 γὰρ
2675 4944 2859 5009 ταῦτα,
2896 4934 2989 4993 διαὶ
3034 4942 3094 4993 1'6
3128 4942 3353 5015 χρῄζειν
3404 4947 3528 5021 πρὸς
3560 4952 3731 4999 ταῦτα
3774 4947 3861 4997 καὶ
3897 4947 3979 5000 τῆς

1844 5235 2066 5307 Variae
2110 5238 2434 5310 lectiones
2459 5250 2746 5312 etnotae.

693 5378 771 5454 (2)
796 5381 1028 5439 Inclusa
1051 5381 1112 5436 in
1144 5376 1421 5449 margine
1448 5375 1631 5434 habet
1660 5380 1728 5435 Α.

694 5503 795 5574 (m)
826 5503 897 5559 In
918 5519 1033 5575 quo
1054 5534 1121 5543 —
1142 5503 1399 5558 virtutes.
1428 5503 1495 5575 Et
1515 5500 1658 5572 quia
1685 5500 1748 5557 in
1774 5516 1844 5559 eo
1875 5506 2009 5561 sunt
2036 5503 2281 5564 virtutes

621 5572 951 5646 poteStates
971 5575 1057 5646 _ab
1087 5575 1253 5630 omni
1275 5572 1539 5646 materiae
1566 5576 1940 5632 concretione
1982 5576 2205 5635 liberte.

621 5643 869 5718 Ᾰυνάμεις
902 5644 1071 5710 ἄϋλοι,
1103 5649 1242 5702 sunt
1272 5643 1487 5715 angeli'

2460 5507 2795 5597 ρξλοῑξὶθαξ
2817 5512 3004 5597 datur
3024 5517 3267 5590 requies.
3301 5522 3364 5577 In
3394 5521 3617 5594 quibus
3643 5522 3980 5597 acquiescit,

2389 5578 2609 5653 quibus
2637 5581 2869 5641 laetatur
2893 5588 3075 5646 Deus.
