4098 6398
96 428 188 482 237
1061 416 1438 477 COMMENT.
1489 417 1560 473 IN
1604 412 2052 472 MATTH/EUM.
2100 445 2169 455 —
2209 414 2368 471 CAP.
2409 414 2502 471 VI.
3364 414 3468 470 238

99 554 229 626 παρὰ
260 554 376 605 θεοῦ
412 549 687 625 βοηθείας.
713 553 818 603 Καὶ
856 550 921 602 τὰ
950 547 1106 601 λοιπὰ
1132 543 1191 600 δὲ
1228 546 1458 622 ῥήματα,
1490 544 1704 597 εὐκτικά

1854 540 1890 596 d
1933 556 2005 597 ea
2051 540 2255 598 divino
2297 540 2474 599 nobis
2517 557 2669 614 opus
2714 546 2802 600 est
2828 541 3066 599 auxilio.
3101 542 3194 600 Sic
3240 540 3472 616 reliqua

98 644 237 709 εἰσιν,
271 641 316 694 εἰ
342 645 435 695 καὶ
470 641 845 716 προστακτικὰ
876 634 1119 691 δοκοῦσι.

1860 648 1949 687 ua:
1988 635 2320 704 sequuntur
2367 631 2571 701 verba,
2620 632 2883 705 optativa
2915 635 3070 698 sunt,
3116 648 3472 706 quanquam

1810 721 2126 777 videantur
2144 720 2514 794 imperativa.

160 824 256 874 Τόν
310 822 471 893 ἇρτον
521 850 586 860 -
647 821 892 893 σήμερον.
965 812 1152 883 Εἰδὼς,
1226 818 1319 873 τὴν
1383 818 1473 888 μεν
1554 812 1705 886 ἀγγε-

1885 813 2043 866 Vers.
2076 813 2159 866 11.
2193 812 2409 867 Panem
2440 843 2508 851 ——
2536 810 2724 868 hodie.
2771 810 2973 869 Sciens
3013 810 3258 885 quidem
3298 817 3476 869 natu-

101 911 240 968 λικὴν
296 914 455 982 φύσιν
521 905 794 985 ἀπροσδεῆ
857 916 1069 980 τροφῆς,
1120 910 1212 963 τὴν
1263 902 1588 979 ἀνθρωπίνην
1648 899 1707 955 δὲ

1856 916 1942 955 1m
1957 900 2289 968 angelicam
2306 917 2688 973 nequaquam
2702 901 3134 971 ciboindigere,
3150 901 3474 958 humanam

98 1004 283 1059 ταύτης
342 994 554 1062 ἱπιδεῆ,
622 996 939 1072 προσέταξεν
995 994 1253 1046 αἰτεῖσθαι
1306 996 1363 1045 τὸ
1428 993 1707 1065 ἀναγκαῖον

1858 1005 1956 1044 ero
1986 990 2165 1060 hujus
2216 1006 2352 1045 esse
2389 990 2777 1060 indigentem,
2820 990 2996 1061 jussit
3041 990 3207 1063 quod
3247 996 3476 1046 natura:

100 1099 184 1150 τῆς
240 1093 468 1160 γύσεως.
523 1086 716 1161 Ἀρτον
770 1084 830 1138 δε
886 1086 1032 1157 ἡμῶν
1080 1080 1233 1150 εἶπεν,
1286 1080 1400 1134 ἀντὶ
1448 1089 1561 1150 τοῦ,
1610 1084 1707 1134 Τὸν

1861 1078 2221 1134 ecessarium
2247 1084 2333 1134 est
2362 1079 2493 1151 peti.
2527 1081 2754 1136 Panem
2784 1084 2984 1136 autem
3012 1087 3277 1136 nostrum
3307 1079 3477 1143 dixit,

101 1175 167 1230 δι’
229 1180 373 1248 ἡμᾶς
446 1182 735 1248 γενόμενον.
800 1175 1094 1227 Ἐπιούσιον
1167 1169 1226 1224 δι
1294 1176 1707 1244 προσηγόρευσε,

1862 1183 1931 1222 oc
1952 1172 2056 1238 est,
2082 1172 2324 1240 propter
2339 1184 2449 1224 nos
2470 1166 2794 1224 formatum
2822 1185 2835 1235 ;
2856 1169 3480 1237 supersubstantialem

101 1271 178 1319 τὸν
215 1268 300 1317 ἐπὶ
338 1273 402 1337 τῇ
441 1266 601 1337 οὐσία
653 1269 742 1316 καὶ
782 1263 1002 1334 ὑπάρξει
1030 1266 1119 1313 καὶ
1165 1263 1422 1313 συστάσει
1469 1267 1559 1312 τοῦ
1610 1265 1709 1312 σώ-

1863 1272 1958 1312 ero
1972 1257 2313 1329 appellavit,
2328 1258 2472 1329 quia
2484 1257 2560 1312 ad
2575 1258 2841 1329 corporis
2858 1259 3282 1325 substantiam,
3303 1258 3481 1315 vitam

102 1375 256 1427 ματος
312 1351 635 1411 ἐπιτήδειον.
692 1351 761 1405 Ἦ
815 1355 950 1403 κατὰ
1006 1354 1091 1402 τόν
1303 1354 1707 1423 Χρυσόστομον,

1864 1362 1888 1401 c
1917 1347 2402 1402 constitutionem
2432 1347 2794 1402 conveniens
2824 1352 2929 1403 est.
2961 1347 3060 1404 Vel
3092 1350 3263 1418 juxta
3302 1349 3482 1420 Chry-

103 1444 361 1496 ὶπιούσιον
423 1438 551 1508 εἶπε,
610 1446 697 1494 τόν
753 1440 1023 1514 ἐφήμερον.
1082 1438 1183 1493 Ἕω
1234 1438 1311 1507 (3)
1367 1440 1468 1510 γὰρ
1522 1438 1709 1509 ὀνομά-

1864 1439 2141 1490 )stomum
2171 1434 2433 1487 ἐπιούσιον
2464 1435 2633 1501 dixit,
2666 1435 2729 1490 id
2759 1441 2868 1503 est,
2910 1438 3336 1508 quotidianum.
3370 1436 3482 1492 Ad-

106 1535 246 1604 ξομεν
305 1538 397 1589 τὴν
459 1533 677 1605 ἡμέραν.
741 1532 1041 1596 Προσέθηκε
1098 1524 1156 1581 δι
1208 1530 1298 1579 καὶ
1349 1530 1405 1579 τό
1466 1532 1705 1597 σήμερον,

1866 1526 1902 1579 it
1921 1526 2119 1590 etiam,
2148 1526 2316 1580 hodie
2344 1542 2355 1579 :
2392 1542 2428 1582 a
2457 1541 2601 1581 cura
2628 1542 2737 1581 nos
2768 1526 3073 1582 abducens
3118 1528 3484 1599 insequentis

106 1630 450 1695 φανερώτερον
518 1621 733 1690 ἀπάγων
787 1621 927 1691 ἡμᾶς
982 1625 1071 1669 τοῦ
1140 1620 1211 1689 μὴ
1274 1620 1351 1687 (4)
1420 1615 1707 1688 φροντίζειν

1864 1615 2120 1686 :mporis.
2150 1614 2277 1669 Vult
2312 1614 2462 1669 enim
2496 1613 2699 1670 ﬁdeles
2735 1630 2952 1686 panem
2994 1620 3223 1672 tantum
3264 1621 3482 1688 petere,

107 1714 407 1783 περαιτέρω.
488 1709 732 1761 Βούλεται
793 1710 915 1782 γὰρ,
991 1711 1105 1767 τοὺς
1178 1708 1401 1767 πιστοὺς
1465 1703 1512 1755 ἐν
1596 1710 1709 1764 ταῖς

1868 1722 1872 1758 ι
1896 1703 2056 1757 hunc
2076 1708 2307 1758 tantum
2329 1700 2709 1768 hodiernum,
2734 1719 2842 1759 nec
2875 1705 3014 1774 angi
3037 1704 3111 1759 de
3152 1704 3486 1777 insequenti

106 1800 289 1870 ερχαἰς
334 1801 491 1873 ἄρτον
549 1802 702 1869 μόνον
748 1797 931 1864 αἰτεῖν,
972 1801 1060 1847 καὶ
1107 1803 1288 1846 τοῦτον
1335 1799 1558 1868 σήμερον
1608 1796 1707 1864 μό-

1867 1791 1932 1857 ie,
1965 1807 2103 1846 cum
2127 1806 2321 1863 neque
2343 1791 2603 1846 sciamus
2627 1807 2702 1846 an
2735 1792 2991 1847 etiamin
3020 1792 3153 1864 ipso
3189 1792 3485 1849 vivemus.

108 1909 211 1953 νον,
256 1894 348 1939 καὶ
393 1892 465 1959 μὴ
522 1905 642 1959 μερι
697 1892 787 1956 νᾷν
844 1889 961 1957 περὶ
1034 1893 1124 1944 τῆς
1176 1882 1427 1944 ἐπιούσης
1494 1883 1707 1955 ἡμέρας,

1870 1878 2201 1952 uperﬂuum
2214 1880 2514 1951 estitaque
2528 1880 2845 1935 sollicitum
2860 1896 2986 1936 esse
3004 1880 3077 1936 de
3092 1882 3207 1946 die,
3223 1881 3300 1937 ad
3314 1882 3488 1953 cujus

114 1973 253 2028 διότι
310 1976 400 2027 οὐκ
458 1972 697 2047 οἴδαμεν,
755 1974 798 2026 εἰ
854 1979 944 2026 καὶ
1004 1972 1051 2026 ἐν
1119 1973 1250 2044 αὐτῇ
1309 1971 1556 2044 ζήσομεν.
1611 1974 1712 2023 Καὶ

1871 1969 2082 2041 patium
2101 1974 2294 2023 utrum
2310 1968 3099 2040 pertingemusignoramus.
3116 1973 3233 2026 Hoc
3245 1986 3489 2043 quoque

110 2065 282 2117 λοιπὸν
326 2070 565 2139 περιττόν
614 2064 728 2117 ἔστι
777 2069 1028 2137 μεριμνᾷν
1066 2066 1183 2134 περὶ
1235 2062 1316 2131 (5)
1358 2062 1574 2135 ἡμέρας,
1630 2060 1711 2128 ἧς,

1871 2077 1881 2115 ι
1916 2059 2299 2131 sequentibus
2322 2058 2491 2128 jubet
2520 2057 2794 2129 pluribus
2826 2059 3042 2124 verbis,
3084 2059 3288 2115 dicens
3337 2059 3489 2117 inter

109 2154 195 2205 οὐκ
224 2150 474 2225 οἴδαμεν,
519 2154 563 2206 εἰ
603 2154 865 2225 φθάσομεν
909 2155 967 2203 τό
1017 2148 1310 2222 διάστημα.
1341 2156 1505 2202 Τοῦτο
1538 2145 1596 2201 δι
1624 2152 1714 2200 καὶ

1873 2155 2072 2204 etera:
2139 2147 2225 2203 Ne
2276 2147 2522 2203 solliciti
2570 2147 2693 2202 sitis
2745 2148 2810 2203 in
2878 2150 3196 2205 crastinum
3275 2150 3344 2203 1⁸.
3406 2152 3491 2206 lta

110 2250 325 2315 προὶὠν,
381 2239 414 2295 δ
425 2244 481 2294 ιά
540 2241 782 2294 πλειόνων
835 2241 999 2311 λόγων
1058 2239 1286 2306 ἕπέταξε,
1340 2238 1497 2310 λέγων
1552 2255 1564 2267 ·
1625 2241 1711 2295 Μὴ

1876 2250 2042 2308 empe
2090 2235 2348 2307 expediti
2387 2234 2628 2306 erimus,
2670 2251 2867 2308 pauca
2895 2242 3116 2293 naturae
3142 2237 3494 2309 [necessitati

109 2338 469 2405 μεριμνήσητε
515 2331 589 2391 εἰς
637 2335 732 2389 τὴν
791 2333 989 2403 αὔριον.
1055 2330 1207 2381 Οὕτω
1260 2331 1358 2402 γὰρ
1414 2326 1474 2379 ἂν
1528 2325 1717 2379 εὐστα-

1874 2325 2227 2391 )ncedendo,
2252 2324 2481 2398 reliqua
2499 2340 2641 2382 vero
2662 2324 2741 2382 ad
2762 2326 3173 2399 operationem
3212 2326 3492 2400 spiritua-

109 2421 200 2481 ὶιῖς
270 2420 526 2492 ἐσόμεθα,
598 2420 745 2491 ὀλίγα
966 2420 1255 2480 ὑπείκοντες
1318 2424 1387 2487 τῷ
1455 2415 1719 2487 ἀναγκαίῳ

684 2440 745 2491 γα
966 2420 1255 2480 ὑπείκοντες
1318 2424 1387 2487 τῷ
1455 2415 1719 2487 ἀναγκαίῳ
1826 2413 2302 2471 lemtribuendo.

110 2520 193 2571 τῆς
256 2513 491 2582 φύσεως,
564 2508 724 2561 τᾶλλα
799 2505 859 2561 δε
926 2512 1226 2583 τρεπόμενοι
1280 2509 1405 2581 πρὸς
1470 2505 1719 2580 ἐργασίαν

113 2603 497 2671 πνευματικὴν,

179 2690 357 2760 [Εἰκὸς
400 2689 483 2759 (6)
544 2683 625 2758 δι,
682 2690 772 2739 καὶ
823 2689 910 2739 τόν
957 2693 1045 2745 τῆς
1089 2684 1279 2757 ψυχῆς
1324 2685 1479 2756 ἄρτον
1537 2683 1719 2738 αἰτεῖν.

1901 2686 2165 2756 ίΕψωω
2193 2684 2371 2740 etiam
2402 2688 2507 2749 est,
2527 2684 2741 2740 animae
2760 2700 3001 2757 quoque
3020 2700 3240 2758 panem
3264 2689 3486 2759 petere.

114 2779 313 2849 Χρῂζει
372 2779 479 2850 γὰρ
551 2780 642 2828 καὶ
700 2775 830 2833 αὕτη
889 2782 1084 2847 τροφῆς
1136 2774 1431 2839 ἕπιουσίου,
1478 2772 1606 2843 λέγω
1656 2770 1721 2830 δή

1871 2775 2060 2845 adiget
2091 2774 2248 2829 enim
2281 2778 2337 2829 et
2380 2772 2513 2845 ipsa
2551 2774 3111 2845 supersubstantiali
3144 2775 3280 2831 cibo
3312 2792 3325 2830 :
3354 2776 3489 2831 dico

112 2875 202 2928 τῆς
256 2869 458 2919 ἄνωθεν
517 2864 833 2937 ὒλάμψεως,
890 2869 979 2916 καὶ
1037 2864 1388 2937 ἐπιχορηγίας
1439 2872 1529 2923 τῆς
1587 2864 1723 2922 θείας

1871 2878 1981 2919 ane
2006 2861 2439 2918 illuminatione
2457 2861 2691 2925 caelesti,
2713 2867 2895 2934 utque
2922 2860 3125 2919 divina
3146 2862 3200 2919 ei
3231 2863 3489 2935 cognitio

111 2954 399 3028 γνώσεως]

1832 2951 2197 3024 praebeatur.

180 3052 285 3099 Καὶ
339 3076 409 3085 -—
469 3046 639 3116 ἡμῶν.
696 3044 1064 3115 Ἐπιστάμενος
1138 3045 1197 3095 τὸ
1262 3046 1393 3115 πρὸς
1466 3042 1721 3114 ἁμαρτίαν

1904 3043 2061 3097 Vers.
2117 3044 2196 3095 t2.
2252 3040 2325 3095 Et
2377 3070 2445 3079 —
2496 3040 2738 3096 nostris.
2783 3039 2981 3095 Sciens
3020 3056 3207 3112 quam
3258 3039 3487 3096 lubrica

114 3135 383 3188 εὐόλισθον
440 3140 535 3194 τῆς
594 3134 799 3204 φύσεως
848 3134 1013 3203 ἡμῶν,
1073 3136 1163 3183 καὶ
1218 3137 1609 3205 προγινώσκων,
1642 3132 1722 3182 ὅτι

1870 3136 1986 3185 sset
2006 3135 2219 3185 natura
2232 3134 2436 3184 nostra
2448 3128 2523 3183 ad
2540 3133 2847 3199 peccatum
2865 3145 2879 3194 ;
2896 3143 3233 3197 agnoscens
3246 3144 3488 3201 quoque

112 3230 191 3275 καὶ
242 3226 382 3297 μετὰ
440 3224 500 3273 τό
553 3219 769 3295 λουτρόν
824 3229 921 3282 τῆς
980 3219 1378 3292 παλιῃενεσίας
1418 3221 1721 3295 ἁμαρτήσο-

1870 3226 1887 3275 t
1925 3226 2059 3291 post
2085 3218 2547 3291 regenerationis
2576 3217 2904 3286 lavacrum,
2933 3234 3170 3274 rursum
3214 3235 3324 3274 nos
3359 3234 3488 3275 esse

105 3333 208 3383 μ’,
280 3312 487 3366 κελεύει
557 3309 873 3384 παρακαλεῖν
949 3311 1075 3384 ὑπὲρ
1150 3319 1249 3361 τῶν
1310 3310 1720 3384 ἁμαρτημάτων,

1871 3309 2185 3373 ﬂensuros,
2215 3308 2505 3380 jubetpro
2533 3307 2788 3379 peccatis
2803 3307 3133 3379 deprecari,
3155 3323 3291 3380 quae
3305 3307 3483 3364 etiam

108 3402 223 3475 aier
318 3400 652 3472 ὀφειλήματα
721 3399 1005 3471 ὠνόμασεν.
1083 3398 1369 3471 Ὀφείλημα
1444 3402 1564 3473 γὰρ,
1632 3403 1721 3450 καὶ

1875 3399 2034 3454 ebita
2105 3396 2481 3453 nominavit:
2532 3397 2799 3452 debitum
2846 3398 3006 3452 enim
3069 3403 3125 3453 et
3179 3405 3487 3469 peccatum

106 3496 153 3543 τὸ
198 3492 532 3563 ἁμάρτημα,
588 3490 657 3551 ὡς
719 3492 808 3540 καὶ
863 3487 990 3539 αὐτὸ
1056 3496 1237 3540 ποιοῦν
1304 3489 1586 3540 ὑπεύθυνον
1635 3487 1720 3539 τόν

1864 3489 2007 3560 μ]δεὶ
2051 3487 2262 3542 eadem
2302 3503 2418 3550 res,
2474 3486 2799 3542 obnoxium
2854 3486 3111 3542 reddunt
3152 3486 3482 3555 hominem,

107 3581 402 3652 ἄνθρωπον,
463 3580 637 3651 ὥσπερ
697 3581 786 3629 καὶ
838 3580 897 3628 τὸ
948 3580 1126 3651 χρέος.
1188 3576 1607 3644 Παρακαλοῡντες
1663 3572 1721 3628 δί

1868 3578 1983 3633 icut
2014 3582 2070 3632 et
2108 3594 2189 3631 ass
2220 3576 2507 3631 alienum.
2550 3576 2946 3647 Deprecantes
2973 3582 3173 3631 autem
3202 3591 3309 3647 pro
3333 3578 3486 3649 ipso-

110 3668 221 3739 ὑπὲρ
282 3667 527 3739 ἀφέσεως
584 3666 796 3735 αὐτῶν,
848 3664 1347 3738 ἀναμιμνησκόμεθά
1398 3685 1453 3717 τε
1499 3665 1666 3717 αὐτῶν
1705 3706 1719 3732 ,

1868 3682 1966 3721 um
1986 3664 2361 3729 remissione,
2385 3665 2823 3719 reminiscimur
2843 3680 3074 3730 eorum,
3098 3671 3153 3721 et
3192 3665 3486 3722 humiliati

112 3764 183 3809 mi
246 3758 657 3828 ταπεινούμενοι
736 3754 1138 3829 συντριϐόμεθα.
1207 3750 1459 3807 Διδάσκει
1514 3751 1573 3807 δὲ
1633 3760 1722 3806 καὶ

1869 3756 2216 3811 onterimur.
2268 3756 2445 3809 Docet
2473 3769 2716 3826 quoque
2742 3759 2797 3808 et
2831 3753 3104 3820 modum,
3146 3770 3268 3826 quo
3302 3757 3487 3811 Deum

109 3865 313 3915 τρόπον,
374 3842 453 3898 δι’
501 3845 560 3896 οὗ
617 3844 828 3916 κάμψαι
876 3840 1213 3915 δυνησόμεθα
1263 3846 1350 3896 τόν
1404 3847 1545 3909 Θεὸν,
1594 3847 1722 3915 φημὶ

1866 3846 2066 3899 lectere
2134 3841 2441 3915 possimus
2487 3859 2500 3896 :
2556 3840 2691 3897 dico
2739 3857 2885 3897 sane
2956 3847 3019 3897 ut
3086 3847 3144 3898 et
3201 3858 3312 3899 nos
3370 3844 3484 3899 illis

110 3932 187 4000 ἐκ,
246 3940 310 3988 τὸ
356 3939 449 3986 καὶ
494 3936 636 4005 ημᾶς
696 3940 993 4007 συγχωρεῖν
1045 3939 1156 3993 τοῖς
1207 3932 1595 4006 ἁμαρτάνουσιν
1652 3932 1722 3994 εἰς

1870 3930 2355 4003 gnoscamus,qui
2381 3930 2438 3985 in
2458 3946 2568 3985 nos
2583 3936 3005 4002 peccaverunt:
3038 3946 3181 3987 nam
3205 3932 3316 3987 hos
3340 3932 3488 3989 dixit

110 4026 231 4093 ἧμας
266 4046 282 4057 ο
315 4028 544 4084 τούτους
590 4025 691 4096 γὰρ
746 4020 1007 4093 ὀφειλέτας
1065 4018 1174 4074 εἶπε
1202 4038 1214 4052 ⁸
1272 4027 1361 4073 καὶ
1418 4030 1568 4074 τοῦτο
1599 4041 1723 4096 προ-

1876 4021 2153 4077 ebitores.
2180 4022 2243 4075 Et
2265 4021 2377 4075 hoc
2402 4018 2693 4090 jubetpro
2714 4020 2878 4075 omni
2896 4018 3089 4076 forma
3106 4020 3488 4092 supplicandi

108 4112 416 4181 ϐάλλεσθαι,
446 4110 560 4163 ἀντὶ
609 4113 781 4171 πάσης
831 4113 1115 4184 ἱκετηρίας,
1165 4112 1233 4172 ὡς
1283 4108 1541 4173 ἐξελέσθαι
1589 4112 1723 4183 ἡμᾶς

1866 4109 2083 4165 proferri
2113 4126 2125 4164 :
2154 4114 2437 4181 tanquam
2459 4108 2517 4163 id
2542 4108 2735 4164 solum
2765 4114 2973 4179 potens
2988 4109 3063 4164 sit
3087 4125 3197 4165 nos
3213 4110 3484 4166 liberare.

108 4197 416 4274 δυνάμενον.
454 4204 544 4253 Διό
578 4206 668 4252 καὶ
698 4202 831 4273 μετὰ
886 4203 944 4252 τὸ
992 4200 1270 4274 πληρῶσαι
1316 4204 1409 4258 τὴν
1456 4196 1723 4251 διδασκα-

1870 4201 2091 4271 1eoque
2113 4196 2410 4268 completa
2423 4197 2496 4252 de
2518 4198 2781 4253 oratione
2795 4198 3083 4263 doctrina,
3105 4198 3313 4253 iterato
3326 4214 3488 4271 repe-

109 4288 209 4340 liz-a
262 4299 368 4350 τῆς
403 4290 541 4361 εὐχῆ
555 4312 598 4357 ς,
629 4289 786 4340 πάλιν
816 4287 1226 4361 ἐπαναλαμϐάνει
1255 4292 1340 4340 τόν
1392 4293 1511 4362 περὶ
1564 4289 1724 4341 αὐτοῦ

1872 4293 1901 4343 ιι
1929 4287 2002 4343 de
2024 4288 2137 4343 hac
2166 4302 2228 4341 re
2277 4301 2637 4342 sermonem.
2680 4286 2847 4340 Nunc
2878 4290 3075 4340 autem
3105 4286 3335 4341 addidit
3358 4303 3490 4343 ora-

108 4377 266 4448 ὶογσν.
304 4385 421 4431 Νῦν
482 4376 541 4431 δὲ
592 4387 746 4430 τοῦτο
793 4380 1085 4451 προσέθηκε
1127 4385 1189 4449 τῇ
1236 4377 1393 4449 εὐχῇ,
1444 4380 1525 4429 ἶνα
1572 4386 1724 4430 τοῦτο

1871 4376 2002 4440 Loni,
2040 4382 2103 4431 ut
2128 4374 2300 4429 nobis
2327 4374 2439 4429 hoc
2452 4373 2717 4446 quotidie
2736 4376 2853 4429 Deo
2872 4374 3489 4444 dicentibus,necesse

110 4470 211 4519 καθ’
275 4469 519 4524 ἑκάστην
583 4471 710 4541 πρὸς
768 4470 895 4520 Θεὸν
948 4466 1201 4539 λέγοντες,
1270 4465 1499 4538 ἀνάγκην
1550 4466 1725 4540 ἕξομεν

1872 4467 1913 4523 it
1941 4466 2053 4522 illis
2081 4464 2183 4536 qui
2212 4464 2268 4519 in
2316 4479 2428 4519 nos
2468 4464 2865 4535 deliquerunt,
2900 4464 3210 4534 ignoscere
3240 4467 3326 4536 ﬂ-
3370 4482 3490 4521 me-

116 4565 411 4631 σιγχωρείν
459 4564 574 4618 τοῖς
628 4562 906 4609 πταίουσιν
956 4557 1026 4618 εἰς
1082 4558 1234 4629 ἡμᾶς,
1288 4554 1610 4628 φοϐούμενοι,
1652 4560 1725 4629 (7)

1874 4554 2163 4617 Jentibus,
2193 4569 2267 4608 ne
2297 4552 2789 4619 condemnemur,
2822 4558 3111 4626 tanquam
3144 4556 3492 4613 mentientes

114 4652 169 4715 με
219 4648 654 4720 κατακριθῶμεν,
700 4648 769 4708 ὡς
808 4642 1142 4719 ψευδόμενοι,
1194 4648 1324 4719 πρὸς
1373 4644 1576 4706 ἀπάτην
1634 4656 1725 4700 τοῦ

892 4642 1142 4719 δδόμενοι,
1194 4648 1324 4719 πρὸς
1373 4644 1576 4706 ἀπάτην
1634 4656 1725 4700 τοῦ
1761 4642 1798 4651 ’
1838 4646 1917 4703 ad
1946 4643 2274 4702 fallendum
2303 4643 2510 4699 Deum.

116 4742 259 4792 Θεοῦ.

178 4837 222 4871 ¹⁴
249 4836 465 4893 latlh.
500 4850 581 4903 Vl,
605 4833 693 4891 34.

1361 4905 1580 4976 Variae
1612 4908 1942 4977 lectiones
1964 4915 2030 4975 et
2060 4916 2263 4973 notae.

179 5050 281 5121 (ἵ)
306 5046 597 5122 μνιῐκρ.
624 5047 748 5122 251.
927 5120 934 5122 _
1095 5117 1107 5122 _
1246 5118 1257 5122 _
1311 5118 1321 5122 _
1364 5118 1390 5122 _
1581 5120 1592 5122 Α
1840 5065 1962 5107 non
1992 5048 2115 5122 egit
2157 5063 2318 5122 cum‘
2346 5045 2792 5122 metaphysicis.
2829 5049 2980 5117 Ergo
3031 5048 3499 5122 Hieronymiana

178 5117 270 5191 (3)⁷
289 5120 390 5175 Ab
422 5122 452 5178 ἡ
472 5117 606 5195 εὼς.
636 5119 816 5195 Miror_
839 5120 1080 5195 a_utem,_
1095 5117 1324 5195 homini
1352 5118 1554 5178 Graeco
1579 5120 1734 5195 hanc
1842 5117 2520 5195 supersubstantialitas,
2538 5117 2623 5175 uti
2642 5118 2905 5176 barbara
2920 5124 3025 5187 est,
3058 5120 3139 5178 ita
3155 5117 3393 5195 quoque
3415 5123 3493 5179 ab

112 5188 673 5265 interpretationem
693 5188 1002 5265 excidisse.
1028 5188 1193 5265 Multi
1210 5190 1286 5265 de
1300 5190 1417 5265 hoc
1436 5193 1734 5249 vocabulo
1840 5188 1956 5249 hoc
1982 5191 2115 5247 loco
2141 5190 2358 5265 aliena.

112 5259 300 5321 multa
315 5268 378 5321 et
397 5262 554 5318 mira
571 5261 866 5317 dixerunt.
891 5259 1083 5334 Finxit
1097 5261 1211 5334 hoc
1236 5262 1543 5319 Matthasus
1561 5265 1637 5319 ad
1656 5264 1737 5320 si-
1914 5267 1989 5333 (i)
2022 5267 2117 5334 μή.
2151 5262 2320 5334 abest
2348 5265 2412 5334 Α.

116 5336 525 5392 militudinem
549 5341 644 5385 τοῦ
675 5335 991 5404 περιούσιος.
1028 5333 1105 5387 De
1132 5332 1311 5399 οὐσία,
1346 5350 1526 5391 sensu
1553 5340 1734 5392 mela-

804 5335 991 5394 ιύσιος.
1028 5333 1105 5387 De
1132 5332 1311 5399 οὐσία,
1346 5350 1526 5391 sensu
1553 5340 1734 5392 mela-
2017 5332 2125 5399 4πὸς,
2162 5333 2331 5388 addit
2356 5333 2422 5387 A.

118 5388 521 5480 ᾗῇἐίὶιὸῖὴὶᾱ
548 5388 883 5475 ρΙεωθήοη
932 5388 1021 5459 θέῐ
1066 5388 1736 5475 cogitandumrsetide
2050 5388 2281 5460 inclusa
2327 5405 2601 5473 legantur
2659 5404 2720 5459 in
2752 5418 2939 5473 marg.
2974 5406 3039 5459 A.
3089 5405 3287 5463 Codex
3318 5407 3358 5463 Β
3398 5407 3503 5465 ha-

122 5496 295 5531 sensu
320 5476 631 5531 mnulari.
658 5475 725 5531 Ut
749 5477 930 5531 igitur
952 5477 1249 5531 περιούσιος
1273 5482 1363 5531 est
1384 5477 1610 5531 lamus.
1639 5494 1735 5531 co-
1844 5476 1918 5531 be
1972 5482 2028 5531 at
2056 5477 2116 5531 in
2145 5477 2262 5531 fine
2288 5476 2793 5531 interpretationis
2816 5490 3019 5531 versus
3052 5479 3131 5531 10.
3160 5484 3295 5531 nost
3329 5495 3503 5531 voca-

122 5475 295 5553 sensu
320 5476 631 5553 populari.
658 5475 725 5533 Ut
749 5477 930 5553 igitur
952 5477 1249 5553 πιριούσιος
1273 5482 1363 5531 est
1384 5477 1610 5553 largus,
1639 5494 1735 5536 co-
1844 5475 2028 5553 bebat
2056 5477 2116 5532 in
2145 5477 2262 5553 fine
2288 5476 2793 5553 interpretationis
2816 5490 3019 5553 versus
3052 5479 3131 5544 10,
3160 5484 3295 5549 post
3314 5495 3506 5553 Avoca-

122 5546 341 5630 piosus:
365 5546 776 5630 deindeverg
796 5547 976 5629 etiam
1010 5546 1372 5630 praecipuus,
1398 5546 1734 5630 excellens:
1845 5548 1991 5630 bulu
2040 5553 2129 5629 κκὶ
2161 5552 2231 5619 μὴ
2284 5546 2490 5610 ἐκεῖνος.
2547 5551 2687 5611 Nos,
2740 5547 3089 5604 Hentenium
3138 5546 3348 5620 secuti,
3407 5551 3505 5609 hic

130 5618 203 5695 ita
233 5626 502 5685 ἐπιούσιος
528 5625 618 5679 est
644 5619 1124 5695 sufﬁcienstiiae.
1158 5618 1356 5694 ἐπαρκῆ
1370 5618 1682 5695 ς,χρειώὁ“η
1696 5642 1733 5683 ς.

617 5664 618 5670 η
644 5619 1124 5695 sufﬁciens,_i:~e.
1158 5618 1356 5694 ἐπαρκῆ
1370 5641 1428 5695 ς,
1444 5618 1682 5695 χρειώδη
1696 5642 1733 5683 ς.
1848 5618 2235 5695 inseruimus.

130 5694 288 5752 Recte
319 5696 660 5753 scholiasta.
699 5707 891 5765 quem
922 5688 1003 5745 ad
1032 5688 1339 5765 hucamp,
1373 5688 1497 5748 516'
1518 5692 1745 5765 inimea

1922 5692 1997 5764 (Ἰ)
2027 5691 2071 5745 Λ
2102 5690 2411 5765 φοϐούμενοι
2453 5690 2528 5747 ad
2567 5697 2660 5743 τοῦ
2716 5695 2850 5743 Θεοῦ
2893 5690 3107 5750 omittit
3150 5692 3501 5753 Henlenius.

138 5768 195 5825 Ν.
225 5770 284 5825 T.
314 5769 575 5827 editione
603 5761 883 5833 laudavi,
920 5761 1178 5834 explicat
1203 5762 1439 5837 αὐτάρκη
1473 5764 1744 5823 Christus
