4098 6426
602 373 708 430 239

609 603 788 645 omne
816 592 1137 653 certamen,
1181 587 1347 661 quod
1372 588 1664 643 daemonis
1692 587 1903 643 fraude
1933 589 2267 660 quomodo-

605 693 843 749 cunque
891 677 1067 733 nobis
1095 678 1405 733 inductum
1463 683 1572 742 est,
1604 693 1725 749 quo
1774 677 1990 732 animae
2051 683 2266 733 nostrae

602 767 884 823 fortitudo
937 768 1383 839 comprobatur.
1428 769 1548 823 Iloc
1597 767 1798 838 itaque
1851 783 2126 821 sermone
2159 783 2268 822 nos

605 856 858 919 instruit,
934 872 1009 912 ne
1067 856 1140 912 de
1211 855 1538 927 nobisipsis
1599 855 1999 919 conﬁdamus,
2072 871 2268 927 neque

601 945 910 1001 temerarie
933 944 1358 1000 tentationibns
1383 959 1494 999 nos
1521 945 1887 1013 ingeramus,
1925 943 2031 998 sed
2072 959 2269 1014 prece-

603 1049 740 1089 mur
777 1048 852 1088 ne
885 1033 944 1088 in
1000 1033 1392 1088 tentationem
1441 1032 1816 1087 inducamur.
1875 1033 2007 1107 llrec
2066 1039 2264 1087 autem

603 1122 850 1188 docens,
874 1137 985 1177 nos
1006 1137 1245 1194 quoque
1263 1121 1487 1176 inducit
1513 1121 1591 1176 ad
1610 1120 2028 1176 imbecillitatis
2049 1124 2267 1176 nostrae

603 1212 990 1283 agnitionem,
1039 1215 1096 1266 et
1156 1211 1516 1266 modestiam
1562 1210 1829 1281 apponit.
1886 1209 2060 1279 Atqui
2115 1211 2268 1264 Deus

601 1301 905 1356 neminem
965 1303 1166 1366 tentat,
1233 1301 1383 1354 sicut
1450 1299 1642 1370 inquit
1695 1298 1954 1354 Jacobus
2027 1303 2270 1370 aposto-

601 1389 788 1460 lus”,
846 1389 1156 1462 quomodo
1201 1403 1343 1458 ergo
1401 1387 1542 1442 dicit
1588 1388 1724 1443 :Ne
1764 1403 1859 1441 nos
1909 1388 2158 1443 inducas
2208 1388 2267 1440 in

605 1479 988 1535 tentationem
1004 1478 1030 1532 ‘?
1051 1477 1197 1532 Illud
1215 1492 1378 1541 sane,
1393 1477 1476 1532 Nc
1488 1476 1732 1531 inducas
1749 1492 1872 1542 nos,
1893 1476 2266 1531 tantumdem

601 1565 780 1633 valet,
808 1581 877 1622 ac
910 1567 959 1620 si
1001 1566 1220 1622 diceret
1251 1586 1262 1619 :
1295 1569 1374 1622 Ne
1402 1566 1711 1637 permittas
1734 1581 1843 1621 nos
1875 1565 2102 1620 induci.
2150 1568 2266 1620 Hoc

605 1661 804 1710 autem
851 1654 1166 1726 Scripturze
1215 1655 1443 1709 idioma
1490 1660 1594 1708 est.
1659 1658 1718 1708 In
1764 1670 1834 1708 eo
1885 1654 2043 1708 enim
2102 1654 2267 1726 quod

602 1743 906 1815 permittit,
949 1742 1377 1814 ipseinducere
1414 1742 1665 1796 videtur.
1701 1742 1905 1796 ()mnis
1970 1742 2263 1812 siquidem

604 1833 847 1888 tentatio
904 1847 940 1887 a
1004 1831 1240 1886 diabolo
1295 1831 1658 1902 producitur.
1741 1833 1956 1886 Verum
2033 1830 2266 1884 nullum

603 1922 838 1992 attingit
858 1919 1327 1992 hominem,;nisi
1349 1920 1504 1975 Deus
1532 1920 1885 1992 permiserit,
1911 1936 2046 1974 cum
2074 1936 2268 1992 neque

602 2011 799 2083 porcis
854 2026 1068 2066 nocere
1131 2007 1408 2082 potuerit,
1479 2008 1591 2063 nisi
1667 2009 1798 2080 ipso
1871 2009 2266 2080 permittente,

604 2099 790 2155 veluti
881 2098 1251 2154 manifestius
1322 2098 1381 2151 in
1460 2112 1782 2168 progressu
1870 2097 2263 2152 inveniemus.

609 2188 837 2259 Saepius
868 2192 1070 2244 autem
1096 2184 1381 2252 permittit
1403 2187 1753 2241 tentationes
1785 2186 1844 2240 in
1896 2201 2006 2240 nos
2040 2186 2265 2250 induci,

608 2282 710 2332 aut
735 2280 978 2348 propter
1024 2279 1266 2346 peccata
1304 2280 1525 2343 nostra,
1579 2278 1680 2328 aut
1722 2279 1785 2328 ut
1818 2273 2132 2329 manifesta
2167 2274 2270 2330 ﬁat

606 2366 824 2423 animm
868 2371 1087 2420 nostrae
1137 2363 1435 2429 fortitudo,
1494 2361 2004 2434 quemadmodum
2067 2363 2270 2418 docuit

605 2455 795 2526 ipsius
820 2454 932 2508 Job
953 2452 1216 2508 historia.
1245 2451 1420 2506 Jubet
1439 2467 1581 2520 ergo
1613 2467 1724 2506 nos
1749 2451 1992 2522 quidem
2016 2451 2264 2522 precari,

606 2558 682 2599 ne
709 2543 768 2598 in
798 2542 1181 2597 tentationem
1229 2539 1586 2595 inducamur
1621 2556 1633 2604 ;
1665 2539 1792 2611 ipse
1824 2555 1961 2594 vero
2017 2556 2154 2594 cum
2196 2540 2270 2595 sit

609 2632 951 2688 animarum
970 2633 1310 2685 nostrarum
1324 2629 1686 2693 moderator,
1705 2628 2001 2683 interdum
2017 2628 2267 2700 quidem

608 2719 904 2793 permittit,
937 2718 1303 2791 quandoque
1351 2732 1492 2772 vero
1539 2716 1830 2787 prohibet,
1879 2718 2050 2788 juxta
2105 2715 2272 2788 quod

611 2814 930 2880 utrumque
980 2808 1305 2880 expediens
1379 2810 1490 2863 est.
1552 2806 1745 2874 Quare
1829 2821 1949 2861 non
2008 2805 2269 2860 inductis

609 2897 859 2971 quidem
899 2896 1444 2965 tentationibus,ab
1475 2894 1546 2950 iis
1589 2910 1798 2950 cavere
1822 2894 2113 2950 debemus
2146 2894 2222 2965 (0)
2255 2911 2265 2950 :

609 2988 710 3044 ubi
739 2991 939 3044 autem
978 2986 1235 3042 inductae
1291 2989 1447 3048 sunt,
1489 2984 1736 3040 viriliter
1774 2983 2270 3042 contrastandum

608 3081 720 3146 est,
751 3081 815 3132 ut
846 3079 901 3132 et
950 3074 1257 3132 modestiae
1297 3077 1353 3131 et
1386 3072 1747 3130 fortitudinis
1783 3073 2089 3146 specimen
2123 3088 2270 3144 pree-

606 3167 885 3224 beamus.

681 3259 839 3311 Vers.
878 3256 964 3311 l3.
1005 3253 1123 3310 Sed
1149 3284 1216 3293 —
1269 3269 1306 3309 α
1335 3253 1487 3310 malo
1514 3253 1732 3309 Malum
1774 3253 2022 3325 quidem
2062 3253 2176 3310 hoc
2210 3251 2302 3309 inﬁ-

606 3344 735 3400 loco
775 3343 1083 3398 diabolum
1113 3341 1464 3411 nominavit,
1493 3357 1614 3396 non
1647 3341 1812 3412 quod
1836 3346 2049 3398 natura
2075 3342 2270 3397 malus

611 3433 683 3490 sit
707 3433 810 3488 sed
837 3433 1158 3487 voluntate.
1186 3434 1290 3485 Per
1314 3431 1801 3485 antonomasiam
1820 3436 2019 3486 autem
2043 3431 2267 3487 malum

609 3539 748 3578 eum
798 3519 1138 3592 appellavit,
1199 3524 1491 3590 tanquam
1551 3519 1611 3573 in
1676 3524 1941 3574 extremo
2007 3519 2269 3591 positum

609 3611 870 3666 malitia}.
905 3613 965 3663 In
998 3624 1067 3664 eo
1110 3624 1249 3663 vero
1296 3607 1462 3680 quod
1505 3624 1613 3662 nos
1647 3609 1870 3679 precari
1896 3608 2065 3679 jubet
2091 3614 2152 3664 ut
2193 3610 2270 3665 ab

611 3715 681 3754 eo
711 3698 1042 3761 liberemur,
1077 3696 1336 3752 ostendit
1368 3699 1530 3767 quod
1562 3697 1994 3751 atrocissimum
2026 3713 2093 3752 ac
2129 3699 2272 3753 irre-

609 3786 978 3843 conciliabile
1032 3790 1236 3841 contra
1282 3801 1391 3840 nos
1444 3791 1609 3854 gerat
1665 3785 1887 3840 bellum
1930 3786 2270 3859 ;nobisque

608 3877 814 3932 divino
834 3877 905 3930 sit
936 3891 1090 3946 opus
1124 3873 1360 3930 auxilio.
1386 3874 1589 3930 Solum
1612 3879 1690 3944 (ρ)
1721 3879 1911 3930 autem
1937 3875 2268 3946 explicavit,

608 3969 673 4021 ut
700 3965 777 4020 ab
806 3981 873 4019 eo
921 3963 1158 4020 liberari
1216 3978 1539 4034 precemur,
1602 3963 1824 4018 docens
1883 3964 2078 4019 omnis
2126 3963 2269 4019 mali

607 4054 770 4110 hunc
801 4069 926 4109 esse
949 4069 1196 4109 causam
1227 4057 1316 4108 :et
1344 4052 1424 4107 ita
1452 4051 1648 4108 solum
1673 4057 1880 4108 contra
1912 4069 2049 4107 eum
2079 4051 2271 4107 inimi-

607 4145 802 4200 citiam
829 4142 1104 4200 convenit
1134 4157 1424 4206 exercere,
1460 4145 1515 4196 et
1540 4156 1660 4196 non
1684 4145 1892 4196 contra
1915 4157 2016 4196 eos
2056 4141 2157 4212 qui
2199 4157 2270 4196 ex

604 4232 1108 4291 inconsiderantia
1123 4231 1201 4286 ab
1220 4247 1290 4286 eo
1306 4230 1532 4286 inducti
1563 4235 1721 4299 sunt,
1745 4229 2040 4301 nobisque
2056 4245 2270 4286 nocue-

604 4329 779 4381 runt:
814 4338 1065 4395 quorum
1100 4321 1364 4377 misereri
1399 4320 1600 4392 potius
1629 4323 1879 4391 oportet,
1907 4323 1971 4374 ut
2000 4323 2162 4391 pote,
2192 4319 2269 4375 ab

607 4429 678 4469 eo
707 4417 1141 4483 superatorum.

677 4501 804 4556 Alio
830 4515 1072 4571 quoque
1092 4498 1273 4554 modo
1291 4513 1618 4569 possumus
1637 4497 1968 4566 anagogice
1986 4498 2268 4569 interpre-

606 4589 717 4646 tari
747 4570 1021 4660 quaedam
1039 4589 1097 4642 in
1114 4586 1423 4642 Dominica
1436 4587 1723 4652 oratione,
1748 4591 1809 4641 ut
1835 4602 2055 4642 nomen
2081 4586 2268 4642 Patris
2300 4570 2344 4625 D

607 4679 683 4735 sit
716 4678 912 4733 Filius.
944 4677 1170 4733 Nomen
1191 4676 1370 4740 enim,
1397 4677 1526 4745 ejus
1553 4676 1724 4746 cujus
1756 4680 1844 4730 est
1874 4691 2115 4741 nomen,
2169 4675 2269 4731 de-

608 4767 953 4825 clarativum
987 4769 1075 4823 est
1107 4783 1120 4834 ;
1169 4770 1224 4822 et
1263 4763 1346 4821 ita
1374 4764 1556 4820 Filius
1605 4765 1838 4822 Patrem
1899 4765 2262 4822 manifestat.

687 4949 728 4983 '7
758 4949 874 5004 Jac.
910 4964 945 5014 ι,
989 4948 1048 5002 13

1938 369 2290 431 EUTHYMII
2331 373 2655 432 ZlGABENI

681 502 818 555 Vers
875 504 957 556 13.
1007 500 1085 556 Ει
1139 515 1213 557 ne
1261 531 1326 540 —
1391 498 1783 556 tentationem.
1861 499 2126 555 Tentatio
2177 504 2342 557 estA

3881 375 3984 438 240

2455 507 2555 554 Καὶ
2586 506 2656 574 μὴ
2699 532 2765 540 -
2797 503 3106 572 πειρασμόν.
3166 504 3458 574 Πειρασμός
3490 501 3622 569 ἐστι,
3677 508 3776 563 πᾶς
3825 501 3982 575 ἀγὼν,

2380 591 2434 653 ἐξ
2477 591 2714 666 ἐπηρείας
2758 598 2848 642 τοῦ
2899 587 3148 662 δαίμονος
3205 588 3547 649 ὁπωσδήποτε
3602 593 3728 663 ἡμῖν
3780 612 3984 664 προσα-

2378 685 2609 752 γόμενος,
2641 677 2713 731 δι’
2751 677 2808 732 οὗ
2846 677 3193 752 δοκιμάζεται
3232 682 3260 738 η
3297 677 3510 754 ἀνδρεία
3555 682 3629 751 (8)
3664 690 3761 744 τῆς
3797 681 3987 754 ψυχῆς

2379 772 2546 841 ἡμῶν.
2602 766 2848 821 Παιδεύει
2898 774 3066 821 τοίνυν
3118 772 3256 841 ἡμᾶς
3317 772 3341 821 6
3397 769 3563 842 λόγος,
3631 775 3703 842 μὴ
3780 771 3986 846 θαρρεῖν

2379 862 2603 927 έαυτοῖς,
2649 854 3049 930 μηδέπιπηδᾴν
3097 866 3203 918 τοῖς
3234 867 3546 933 πειρασμοῖς
3575 861 3673 911 ὑπὸ
3722 861 3987 934 θρασύτη-

2378 967 2483 1009 τος.
2516 952 2585 999 Τὸ
2617 951 2716 1022 γὰρ
2756 950 3030 1018 εὔχεσθαι,
3066 952 3135 1018 μὴ
3177 947 3538 1020 εἰσενεχθῆναι
3570 948 3641 1012 εἰς
3670 953 3984 1022 πειρασμὸν,

2378 1038 2544 1088 ταῦτά
2575 1056 2627 1088 τε
2679 1033 2940 1105 παιδεύει,
2995 1041 3084 1087 καὶ
3134 1036 3206 1097 εἰς
3253 1035 3531 1107 ἐπίγνωσιν
3563 1039 3702 1110 ἡμᾶς
3731 1039 3850 1110 ἄγει
3901 1047 3989 1099 τῆς

2379 1124 2646 1186 ἀσθενείας
2671 1127 2837 1198 ἡμῶν,
2862 1130 2950 1176 καὶ
2982 1129 3426 1199 μετριοφροσύνην
3467 1125 3720 1184 ἐντίθησι.
3753 1133 3855 1180 Καὶ
3886 1133 3986 1200 μὴν

2379 1216 2404 1266 6
2439 1219 2569 1276 Θεὸς
2599 1211 2787 1266 οὐδένα
2820 1215 3076 1286 πειράζει,
3109 1216 3279 1276 καθώς
3305 1219 3461 1287 φησίν
3491 1215 3734 1278 Ἰάκωϐος
3778 1217 3803 1268 6
3851 1215 3987 1269 ἀπό-

2381 1304 2580 1364 στολος.
2617 1311 2732 1366 Πῶς
2769 1300 2856 1355 οὖν
2889 1302 3015 1372 εἶπε,
3063 1309 3148 1362 Μὴ
3185 1304 3478 1377 εἰσενέγκῃς
3527 1307 3662 1378 ἡμᾶς
3700 1305 3771 1366 εἰς
3804 1326 3988 1381 πειρα-

2382 1397 2511 1465 σμόν
2557 1409 2570 1457 ;
2621 1396 2688 1445 T6
2735 1398 2816 1450 Μὴ
2868 1393 3179 1465 εἰσενέγκῃς,
3237 1391 3350 1445 ἀντὶ
3411 1402 3524 1461 τοῦ,
3574 1399 3659 1452 Μὴ
3722 1414 3991 1467 παραχω-

2378 1487 2549 1555 ρήσης
2604 1481 2984 1553 εἰσενεχθῆναι.
3041 1478 3261 1554 Ἰδίωμα
3309 1479 3368 1534 δὲ
3423 1491 3572 1534 τοῦτο
3616 1491 3708 1544 τῆς
3759 1489 3988 1558 Γραφῆς.

2381 1569 2460 1624 Ἐν
2492 1578 2564 1640 τῷ
2609 1578 2947 1644 παραχωρεῖν
2995 1573 3114 1643 γὰρ,
3169 1570 3325 1632 αὐτὸς
3380 1573 3603 1643 εἰσάγειν
3654 1568 3819 1624 δοκεῖ.
3883 1581 3992 1634 Πᾶς

2379 1661 2468 1732 μὲν
2522 1663 2620 1731 γὰρ
2676 1664 2967 1732 πειρασμὸς
3023 1660 3122 1711 ὑπὸ
3181 1667 3272 1710 τοῦ
3333 1657 3580 1712 διαϐόλου
3637 1665 3988 1733 προσάγεται,

2378 1747 2483 1819 οὐχ
2523 1750 2741 1800 ἅπτεται
2783 1745 2842 1800 δέ
2882 1769 3016 1810 τινος
3063 1746 3354 1822 ἀνθρώπου,
3395 1751 3435 1800 εί
3484 1755 3554 1821 μὴ
3608 1758 3987 1825 παραχωρὴση

2301 1857 2345 1912 B
2379 1839 2404 1889 6
2437 1842 2578 1898 Θεὸς.
2624 1834 2767 1892 Οὐδὲ
2800 1841 2900 1911 γὰρ
2942 1843 3168 1911 χοίρους
3195 1837 3401 1910 βλάψαι
3433 1836 3676 1908 δύναται,
3713 1845 3786 1912 μὴ
3821 1861 3992 1914 παρα-

2377 1935 2676 2000 χωροῦντος
2733 1926 2912 1978 αὐτοῦ.
2983 1931 3084 1979 Καὶ
3151 1936 3301 1979 τουτο
3371 1933 3630 2001 προϊόντες
3702 1930 3990 2000 εὑρήσομεν

2380 2022 2743 2090 φανερώτερον.
2825 2023 3147 2089 Παραχωρεῐ
3222 2013 3280 2068 δὲ
3363 2017 3610 2079 πολλάκις
3699 2017 3992 2088 ἐπάγεσθαι

2378 2107 2503 2178 ἡμῖν
2556 2110 2675 2167 τοὺς
2734 2109 3075 2179 πειρασμοὺς,
3145 2106 3175 2164 ἦ
3245 2110 3371 2180 πρὸς
3424 2107 3501 2178 (9)
3558 2108 3818 2179 κάθαρσιν
3895 2115 3990 2158 τῶν

2381 2194 2642 2268 ἁμαρτιῶν
2711 2197 2876 2266 ἡμῶν,
2939 2195 2966 2252 ἡ
3033 2197 3164 2268 πρὸς
3229 2200 3514 2271 φανέρωσιν
3581 2205 3674 2257 τῆς
3745 2195 3993 2267 ψυχικῆς

2379 2281 2622 2357 ἀνδρείας
2653 2283 2765 2354 (10)
2811 2285 2978 2355 ἡμῶν,
3038 2287 3101 2344 ὡς
3160 2285 3187 2340 ἡ
3253 2288 3387 2336 κατὰ
3439 2289 3524 2336 τὸν
3573 2283 3691 2338 Ἰὼϐ
3746 2281 3994 2348 ἐδιδάξω

2383 2375 2608 2445 ἱστορία.
2661 2373 2859 2425 Κελεύει
2911 2368 3018 2436 οὖν,
3081 2375 3335 2443 εὔχεσθαι
3393 2367 3503 2444 μὲν,
3560 2379 3631 2445 μὴ
3686 2374 3993 2445 εἰσενεχθῆ-

2378 2483 2463 2513 ναι
2494 2462 2561 2522 εἱς
2600 2464 2912 2536 πειρασμόν,
2948 2457 3042 2513 διὰ
3071 2464 3165 2523 τὰς
3198 2461 3430 2536 ἀνωτέρω
3474 2464 3726 2536 ῥηθείσας
3766 2463 3948 2526 αἰτίοις
3980 2483 3990 2495 ·

2380 2551 2537 2612 αὐτὸς
2578 2547 2654 2614 δὲ,
2691 2550 2960 2622 οἰκονόμος
3010 2550 3076 2601 ὢν
3133 2559 3231 2602 τῶν
3286 2553 3544 2623 ἡμετέρων
3596 2551 3813 2623 ψυχῶν,
3870 2559 3996 2606 ποτε

2381 2641 2469 2710 μὲν
2501 2645 2832 2712 παραχωρεῖ,
2892 2642 3014 2691 ποτε
3047 2635 3106 2691 δὲ
3158 2638 3363 2708 κωλύει,
3418 2643 3548 2715 πρὸς
3602 2643 3658 2692 76
3701 2646 3991 2715 συμφέρον,
4075 2693 4077 2699 λ

2381 2726 2613 2800 ἑκάτερα.
2682 2732 2775 2780 Διά
2836 2736 3009 2794 τοῦτο,
3077 2733 3146 2800 μὴ
3207 2727 3530 2801 ἐπαγομένων
3584 2733 3673 2802 μὲν
3722 2739 3826 2782 τῶν
3886 2751 3993 2784 πει-

2379 2825 2617 2891 ρασμῶν,
2647 2821 2994 2891 παραιτητέον
3052 2817 3261 2883 αὐτοὺς,
3300 2818 3623 2891 ἐπαγομένων
3655 2815 3733 2886 δὲ,
3771 2816 3995 2892 ἀνδρισ-

2380 2909 2508 2971 τέον,
2563 2907 2644 2958 ἵνα
2693 2910 2781 2958 καὶ
2827 2910 2883 2958 τὸ
2929 2910 3155 2978 μέτριον,
3207 2913 3296 2960 καὶ
3335 2911 3391 2960 τὸ
3439 2915 3667 2980 γενναῖον
3711 2905 3994 2971 ἐπιδειξω-

2379 2997 2534 3066 μεθα.

2450 3246 2606 3300 Ἀλλὰ
2662 3281 2731 3289 -
2784 3249 2884 3302 ἀπὸ
2963 3257 3054 3303 τοῦ
3123 3259 3373 3328 πονηροῦ.
3445 3253 3674 3328 Πονηρὸν
3739 3243 3996 3324 ἐνταῦθα,

2379 3340 2464 3388 τὸν
2516 3333 2757 3390 διάϐολον
2814 3340 3098 3411 ὠνόμασεν,
3135 3341 3239 3413 οὐχ
3276 3344 3340 3402 ὡς
3389 3345 3540 3414 φύσει
3587 3348 3837 3418 πονηρὸν,
3881 3345 3996 3396 ἀλλ’

2379 3429 2443 3485 ὡς
2500 3432 2821 3501 προαιρέσει.
2898 3430 3023 3482 Κατ’
3093 3431 3347 3504 ἐξαίρετον
3409 3427 3468 3484 δὲ
3534 3435 3755 3505 πονηρὸν
3833 3434 4000 3485 αὑτὸν

2378 3513 2633 3581 ἐκάλεσεν,
2714 3518 2782 3577 ὡς
2857 3520 2974 3570 καθ’
3043 3518 3329 3591 ὑπερϐολὴν
3406 3527 3646 3595 πονηρόν.
3708 3522 4002 3586 Ἐπιτάξας
4076 3517 4077 3522 ¹

2380 3601 2437 3656 δὲ
2463 3607 2587 3677 ἡμῖν
2631 3608 2884 3676 εὔχεσθαι
2934 3609 3194 3681 ῥυσθῆναι
3253 3608 3342 3660 ἀπ’
3399 3609 3578 3677 αὐτοῦ,
3630 3607 3850 3677 ἔδειξεν,
3920 3614 4006 3663 ὅτι

2378 3691 2642 3745 οἱσπονδον
2699 3701 2785 3749 καὶ
2851 3695 3147 3770 βαρύτατον
3202 3698 3314 3770 ἔχει
3367 3700 3482 3750 καθ’
3543 3701 3685 3771 ἡμῶν
3740 3699 4001 3771 πόλεμον,

2377 3787 2465 3834 καὶ
2495 3788 2655 3857 χρεία
2703 3792 2798 3844 τῆς
2853 3786 3043 3838 ἄνωθεν
3095 3792 3426 3858 συμμαχίας.
3474 3789 3744 3858 Εὕχεσθαι
3802 3785 3863 3840 δὲ
3905 3791 4009 3864 ῥυ-

2379 3874 2568 3929 σθῆναι
2602 3872 2689 3923 ἀπ’
2745 3873 2904 3926 αὐτοῦ
2959 3880 3116 3946 μόνου
3163 3876 3275 3945 (ll)
3325 3873 3636 3950 διωρίσατο,
3686 3872 4004 3944 διδάσκων,

2378 3960 2457 4012 ὃτι
2500 3965 2652 4032 μόνος
2701 3962 2849 4024 οὗτος
2895 3971 3058 4016 κακοῦ
3113 3967 3305 4025 παντὸς
3363 3967 3530 4026 αἴτιός
3586 3963 3718 4033 ἐστι,
3774 3970 3869 4018 καὶ
3916 3969 4009 4019 ὅτι

2377 4053 2501 4123 πρὸς
2527 4054 2679 4121 μόνον
2717 4058 2896 4103 τοῦτον
2925 4050 3219 4127 ἐχθραίνείν
3271 4057 3405 4126 χρὴ,
3435 4058 3524 4106 καὶ
3575 4059 3645 4124 μὴ
3699 4057 3844 4126 πρὸςη
3869 4059 4010 4116 τοὺς
4076 4063 4077 4066 “

2377 4137 2430 4200 ἐξ
2483 4137 2778 4213 ἀφροσύνης
2851 4142 3178 4213 πειθομένους
3253 4141 3413 4212 αὐτῷ,
3465 4146 3576 4214 ,καὶ
3655 4139 4013 4213 βλάπτοντας
4076 4155 4077 4158 “

2377 4229 2535 4298 ἡμᾶς,
2599 4228 2688 4289 οὓς
2745 4228 2935 4300 μᾶλλον
2990 4228 3137 4282 ἐλεεῖν
3190 4239 3474 4304 προσῆκον,
3547 4231 3611 4291 ὡς
3669 4231 4010 4295 ἡττηθέντας

2379 4334 2562 4367 αυτου.

2453 4493 2589 4565 [Ἔτι
2643 4495 2755 4567 (12)
2795 4499 2884 4547 καὶ
2944 4503 3035 4547 τοῦ
3087 4493 3238 4566 ἁγίου
3293 4495 3540 4568 Μαξίμου
3590 4497 3660 4558 εἰς
3707 4500 3762 4549 τὸ
3817 4498 4017 4572 Ἀγια-

2383 4587 2560 4643 σθήτω
2591 4587 2647 4636 76
2679 4587 2838 4656 ὄνομά
2873 4603 2987 4650 σου,
3047 4589 3136 4636 καὶ
3190 4587 3255 4636 τὰ
3304 4584 3440 4647 ἑξῆς.
3498 4591 3700 4658 Ὀνομα
3754 4589 3849 4659 μὲν
3910 4587 4018 4642 οὖν

2381 4681 2472 4726 τοῦ
2524 4677 2748 4747 Πατρός,
2781 4675 2806 4725 ὁ
2839 4676 2976 4736 Υἱός.
3013 4675 3256 4749 Καθάπερ
3317 4676 3414 4747 γὰρ
3470 4678 3527 4726 τὸ
3577 4679 3735 4747 ὄνομα
3767 4671 4022 4735 δηλωτι-

2380 4768 2469 4816 κόν
2519 4762 2632 4816 ἐστι
2670 4771 2763 4826 τῆς
2810 4766 3032 4835 φύσεως,
3093 4763 3150 4824 ἧς
3205 4765 3341 4816 ἔστιν
3386 4768 3544 4836 ὄνομα
3573 4781 3585 4794 ⁸
3628 4767 3762 4817 οὕτω
3813 4772 3913 4820 καὶ
3994 4773 4022 4822 ὁ
4076 4769 4077 4774 “

1827 5071 2041 5142 Variae
2073 5071 2400 5141 lectiones
2433 5081 2499 5139 et
2539 5081 2742 5142 notae.

703 5271 755 5345 8)
790 5267 982 5345 άνδρία
1021 5277 1084 5325 Α.

701 5346 755 5414 9)
776 5346 1100 5417 ,καθαίρεσιν
1127 5347 1188 5394 Α.

823 5412 1042 5490 ἀνδρίας
1131 5454 1144 5468 .

710 5483 794 5555 11)
821 5483 1001 5555 μόνου,
1032 5484 1203 5541 abest
1229 5483 1295 5536 Α.

682 5609 758 5678 (o)
789 5608 877 5664 Ab
902 5610 971 5663 iis
1000 5625 1198 5666 cavere
1228 5607 1518 5665 debemus.
1556 5605 1956 5678 Deprecandm
1987 5609 2144 5662 sunt.

2445 5269 2555 5337 (12)
2597 5267 2834 5339 Inclusa
2876 5267 2934 5322 in
2966 5267 3234 5339 margine
3260 5267 3446 5326 habet
3489 5273 3554 5326 A.
3590 5271 3818 5328 Eadem
3855 5290 4035 5334 cum

2373 5338 2494 5426 alio
2525 5338 2722 5426 Indice
2755 5339 3078 5426 egrbibebat
3107 5338 3428 5426 Hentenius
3477 5349 3615 5414 post
3644 5345 4035 5426 explicatio-

2372 5425 2512 5486 nem
2534 5411 2718 5486 partis
2744 5411 3199 5486 ultimmversus
3227 5416 3308 5468 13.
3337 5413 3457 5470 Nos
3479 5411 3622 5486 ergo
3650 5411 4036 5478 versionem

2371 5481 2564 5553 ipsius
2595 5481 2706 5537 huc
2742 5481 3180 5540 transtulimus.

679 5674 766 5756 (p)
792 5681 1014 5747 Solum,
1037 5685 1149 5739 etc.
1189 5679 1438 5746 Deﬁniit,
1470 5674 1751 5751 praecepit
1780 5682 1987 5737 autem
2006 5675 2242 5751 precari
2270 5674 2353 5736 ab
2379 5675 2482 5735 illo
2507 5675 2637 5736 solo
2668 5675 2936 5736 liberari.
