4098 6408
183 354 272 412 2M
1191 353 1563 411 COMMENT.
1607 355 1678 411 IN
1714 354 2160 412 MATTHXEUM.
2202 385 2272 398 -—
2312 354 2470 412 CAP.
2510 354 2602 411 VI.

3479 360 3586 416 242

175 487 293 545 Tia;
350 479 649 543 δηλωτικὸς
705 487 803 534 τοῦ
861 487 1096 557 Πατρός.
1159 481 1402 535 Βασιλεία
1453 479 1511 535 δε
1547 486 1604 535 τὸ
1661 483 1796 555 ἅγιοι

1923 484 2192 552 Regnum
2219 487 2417 538 autem
2450 483 2691 555 Spiritus
2715 485 2958 538 sanctus
2981 481 3230 549 dicatur,
3255 481 3334 540 ob
3359 481 3585 541 divino-

171 578 290 646 (13)
333 581 572 645 Πνεῦμα,
619 569 713 625 διὰ
750 577 844 624 τὸν
901 573 1125 625 πλοῦτον
1177 581 1274 624 τῶν
1335 575 1480 625 θείων
1531 575 1807 646 χαρισμά-

173 685 291 716 των.
324 665 475 716 Ἐπεί
533 659 648 715 δεὸ
705 666 941 738 Χριστὸς
997 661 1190 735 κεφαλή
1243 662 1387 714 ἐστιν
1442 664 1606 734 ἡμῶν,
1658 662 1805 734 ἁγία.

177 759 409 825 ζομεῆνων
467 753 641 823 ἡμῶν,
698 759 798 803 τῶν
851 751 1017 823 μελῶν
1064 751 1239 817 αὐτοῦ,
1299 747 1372 804 δι’
1431 752 1658 822 ἁγνείας,
1713 751 1805 803 αύ-

171 847 256 902 τὸς
297 844 616 913 ἁγιάζεται,
654 845 745 892 καὶ
795 841 1132 912 ἁγιασθεῖσιν
1190 839 1430 912 ἐπιφοιτᾶ
1486 844 1543 891 τὸ
1600 847 1808 912 Πνεῦμα

168 935 227 983 1'6
285 931 474 1002 ἅγιον.
548 929 768 1001 Θέλημα
823 926 883 981 δὲ
941 937 1034 981 τοῦ
1094 933 1292 1002 Πατρός
1355 927 1402 980 ἓν
1459 929 1714 1001 οὐρανοῖς,
1771 933 1801 988 ἡ

167 1021 358 1092 ληική
446 1027 549 1070 τῶν
631 1018 950 1094 ἐπουρανίων
1029 1017 1216 1080 τάξεων
1300 1017 1530 1091 λατρεία.
1618 1020 1807 1090 Εἷρηκε

163 1113 269 1184 γὰρ
333 1111 610 1181 καὶπρὸς
671 1112 756 1160 τὸν
812 1103 1001 1160 Δαυῖδ’
1055 1111 1118 1160 Τί
1167 1109 1267 1180 γάρ
1321 1127 1412 1180 μοι
1467 1107 1698 1179 ὑπάρχει
1755 1110 1804 1158 ἓν

168 1208 239 1269 τῷ
292 1199 510 1272 οὐρανῷ
568 1201 714 1272 παρὰ
770 1207 870 1250 τῶν
931 1196 1180 1270 ἀγγέλων,
1238 1193 1388 1249 ούδεν
1431 1198 1618 1270 ἕτερον,
1674 1196 1804 1255 πλὴν

162 1297 254 1348 τῆς
305 1288 542 1358 λογικῆς
585 1289 824 1356 λατρείας
880 1286 1162 1346 δηλονότι·
1219 1290 1308 1338 καὶ
1364 1289 1507 1360 παρά
1563 1294 1656 1338 σού
1712 1293 1804 1338 τοῦ

167 1379 482 1451 ἀνθρώπου,
549 1382 601 1428 τί
659 1377 894 1436 ἠθέλησα
951 1376 1031 1428 ἐπὶ
1091 1384 1184 1436 τῆς
1240 1383 1378 1446 γῆς;
1439 1371 1592 1428 οὐδὲν.
1638 1377 1802 1450 ἕτερον

168 1471 197 1523 ἧ
232 1471 465 1524 ταύτην.
532 1465 684 1525 Αὕτη
735 1469 837 1541 γὰρ
879 1469 936 1518 1'6
998 1465 1275 1537 ἀναγκαῖον
1329 1469 1417 1517 καὶ
1479 1468 1804 1538 προηγούμε-

166 1576 271 1609 νον.
335 1560 552 1627 Λογική
609 1552 669 1608 δε
722 1555 936 1629 λατρεία
983 1559 1196 1630 κυρίως,
1245 1557 1304 1606 τὸ
1349 1559 1526 1607 τείνειν
1557 1558 1642 1606 τὸν
1686 1562 1802 1606 νοῦν

168 1654 295 1720 προς
367 1650 463 1697 τὸν
523 1649 680 1710 Θεὸν,
738 1653 811 1716 τῷ
873 1664 926 1697 τε
988 1647 1120 1697 κατά
1175 1646 1351 1696 παθῶν
1400 1649 1489 1696 καὶ
1543 1641 1802 1717 δαιμόνων

169 1738 321 1806 θυμῷ
385 1738 751 1808 πυρούμενον,
825 1739 913 1786 καὶ
970 1743 1032 1808 τῇ
1086 1733 1334 1806 ἐπιθυμίᾳ
1381 1742 1480 1785 τῶν
1539 1735 1640 1785 οἰνω
1697 1755 1801 1786 πυ-

1919 587 2052 627 rum
2104 573 2405 628 donorum
2450 573 2706 627 divitias.
2759 571 2911 638 Quia
2961 573 3138 643 igitur
3186 572 3452 628 Christus
3497 577 3584 630 est

1918 669 2095 733 caput
2137 666 2428 728 nostrum,
2480 661 2651 716 nobis
2692 662 2797 734 qui
2844 663 3118 718 membra
3166 663 3296 732 ejus
3346 679 3580 728 sumus,

1918 766 2024 820 per
2054 750 2187 806 vitae
2215 750 2535 822 puritatem
2567 751 2948 808 sanctiﬁcatis
2975 754 3030 806 et
3054 751 3181 821 jam
3215 752 3342 824 ipse
3371 753 3584 808 sancti-

1917 838 2167 904 ﬁcatur;
2222 840 2321 893 ubi
2375 856 2514 895 vero
2563 839 2909 896 sanctiﬁcati
2961 857 3188 906 sumus,
3228 840 3456 898 accedit
3504 841 3584 898 ad

1914 943 2025 984 nos
2070 927 2318 1000 Spiritus
2360 934 2620 983 sanctus.
2658 929 2946 983 Voluntas
2982 935 3184 984 autem
3223 929 3406 985 Patris
3445 947 3582 1002 qum

1915 1017 1982 1071 ﬁt
2037 1017 2098 1072 in
2153 1016 2332 1082 003115,
2394 1023 2480 1072 est
2543 1017 2849 1072 rationalis
2907 1017 3238 1072 cmlestium
3291 1019 3581 1074 virtutum

1916 1105 2131 1161 cultus.
2177 1106 2328 1161 Dixit
2355 1106 2513 1160 enim
2548 1110 2603 1162 et
2634 1106 2711 1161 ad
2742 1106 2928 1161 David
2962 1127 2973 1166 :
3016 1106 3175 1173 Quid
3207 1108 3356 1163 mihi
3393 1115 3473 1165 est
3517 1109 3580 1164 in

1915 1198 2080 1264 caelo,
2099 1197 2172 1251 ab
2190 1195 2420 1266 angelis
2445 1195 2761 1250 videlicet?
2785 1211 2979 1268 neque
3005 1196 3162 1251 enim
3187 1195 3350 1251 aliud
3371 1202 3584 1269 praeter

1914 1283 2267 1340 rationalem
2331 1284 2596 1350 cultum;
2648 1287 2706 1340 et
2744 1300 2780 1340 a
2829 1289 2883 1340 te
2931 1285 3173 1340 homine
3222 1286 3364 1356 quid
3418 1287 3583 1342 volui

1913 1389 2087 1442 super
2105 1380 2324 1430 terram
2342 1375 2387 1408 ¹⁸
2406 1373 2432 1426 ‘I
2449 1372 2601 1428 Nihil
2619 1372 2781 1429 aliud
2804 1377 3017 1445 praeter
3031 1373 3312 1430 eumdem
3329 1375 3578 1442 cultum,

1913 1462 2018 1534 qui
2033 1467 2117 1520 est
2131 1462 2189 1518 id
2203 1461 2366 1534 quod
2384 1463 2792 1517 necessarium
2806 1463 3146 1529 est,czeteris
3161 1480 3578 1534 pra-emmens.

1914 1549 2239 1607 Rationalis
2295 1556 2498 1607 autem
2552 1551 2746 1608 cultus
2790 1556 2895 1618 est,
2945 1556 3205 1607 mentem
3256 1553 3336 1609 ad
3391 1554 3581 1610 Deum

1914 1641 2152 1697 tendere
2171 1641 2486 1706 intensam,
2505 1656 2573 1695 ac
2597 1656 2998 1713 supernorum
3020 1641 3310 1697 desiderio
3330 1658 3581 1698 succen-

1914 1746 2063 1800 sam,
2082 1745 2219 1784 cum
2245 1729 2429 1784 animi
2450 1729 2681 1802 impetu
2708 1729 2999 1785 adversus
3033 1731 3245 1786 mentis
3271 1731 3580 1803 perturba-

167 1829 451 1898 ρούμενον.
505 1823 567 1875 Ὀ
642 1822 695 1876 δ’
768 1825 920 1896 οἷρτος
1001 1825 1144 1896 ἡμῶν
1203 1819 1454 1884 διπλοῦς·
1489 1824 1514 1874 6
1584 1827 1673 1896 μεν
1735 1831 1796 1897 τῇ

1912 1819 2099 1874 tiones
2123 1835 2192 1874 ac
2221 1819 2552 1874 daemones.
2590 1818 2763 1873 Panis
2795 1835 2935 1875 vero
2962 1823 3165 1875 noster
3194 1819 3415 1891 duplex
3446 1825 3534 1876 est
3561 1841 3574 1875 :

173 1913 341 1983 οὐσίᾳ
405 1922 496 1974 τῆς
569 1913 762 1984 ψυχῆς
816 1909 1135 1978 ἐπιτήδειος,
1191 1914 1216 1964 6
1274 1916 1578 1984 γνωστικὸς,
1662 1915 1802 1974 ὅστις

173 2000 592 2074 ἓπιχοριςγεῐται
647 2005 786 2054 κατά
838 2007 926 2060 τὴν
981 2011 1081 2054 τῶν
1121 1998 1418 2074 δεχομένων
1468 1998 1690 2075 δύναμιν
1721 2021 1731 2032 ·
1776 2005 1801 2056 6

170 2086 246 2156 δέ,
291 2098 360 2160 τῇ
428 2091 591 2163 οὐσία
643 2099 735 2143 τοῦ
792 2097 1038 2164 σώματος
1094 2087 1368 2164 ἁρμόδιος,
1420 2092 1445 2142 ὁ
1499 2090 1798 2153 αἰσθητός·

165 2185 250 2229 καὶ
282 2181 311 2230 6
369 2184 468 2252 μὲν
531 2182 746 2244 ἄνωθεν,
793 2182 818 2232 6
868 2177 927 2232 δε
975 2182 1200 2232 κάτωθεν
1261 2183 1638 2252 παρεχόμενος.
1701 2184 1800 2232 Καὶ

167 2287 191 2319 ο
219 2274 531 2340 πειρὶισμὸς
589 2267 648 2322 δὲ
681 2267 858 2332 διττὸς
885 2288 896 2300 ·
933 2271 960 2321 6
1017 2273 1107 2342 μὲν
1161 2265 1417 2335 ἐνήὸονος,
1456 2269 1480 2320 6
1513 2265 1572 2320 δὲ
1626 2266 1800 2322 ἐνόδυ-

167 2377 246 2417 νος
279 2379 290 2389 ·
348 2365 447 2410 καὶ
479 2361 506 2410 6
550 2363 642 2431 μὲν
698 2359 938 2421 ἑκούσιος
999 2363 1090 2410 καὶ
1139 2364 1392 2430 γεννήτωρ
1447 2358 1643 2428 παθῶν,
1679 2359 1704 2407 6
1743 2353 1801 2408 δὲ

171 2444 442 2512 ἀκούσιος,
502 2453 596 2498 καὶ
646 2447 924 2522 ἁναιρέτης
971 2450 1174 2504 παθῶν,
1231 2450 1329 2499 Τὸν
1387 2449 1476 2519 μὲν
1516 2446 1602 2498 οὖν
1657 2444 1800 2497 ἐκού-

171 2553 278 2586 σιον
332 2539 545 2607 φεύγειν
592 2543 702 2610 χρή
735 2555 745 2565 ·
776 2541 863 2589 τὸν
913 2534 966 2588 δ’
1022 2535 1265 2588 ἀκούσιον
1326 2534 1655 2607 ἀπεύχεσθαι
1709 2537 1800 2606 μὲν

172 2620 262 2674 διὰ
327 2630 429 2682 τὴν
490 2624 768 2678 ἀσθένειαν
824 2628 994 2698 ἡμῶν,
1050 2624 1324 2678 ἐπελθόντα
1396 2621 1454 2676 δὲ
1532 2625 1800 2696 ὑπομένειν

167 2719 437 2783 γενναίως,
487 2718 561 2776 ὡς
614 2717 990 2790 καθαρτήριον.
1055 2713 1204 2767 ’Ἐστι
1256 2711 1314 2766 δὲ
1368 2716 1458 2764 καὶ
1512 2711 1631 2764 ἄλλο
1685 2732 1800 2764 πει-

169 2812 388 2873 ρασμῶν
433 2799 603 2870 εἶδος,
660 2807 720 2856 τὸ
777 2801 1216 2876 δοκιμαστήριον.
1251 2802 1381 2856 Ἀπὸ
1425 2809 1516 2853 τοῦ
1569 2806 1801 2872 πονηροῦ

171 2887 277 2948 δ’εῇ
315 2900 416 2944 τοῦ
449 2889 726 2964 δαίμονος,
765 2893 793 2951 ἢ
825 2901 917 2946 τοῦ
959 2890 1324 2965 πράγματος.]

237 3143 361 3196 Ὀτι
405 3176 472 3185 —-
525 3146 716 3218 Ἀμήν.
782 3145 1192 3221 Ἀκροτιλεύτιον
1238 3152 1336 3208 τῆς
1382 3145 1569 3216 ετόχῆς,
1613 3143 1803 3215 ιύγνω·
1835 3183 1875 3239 C

173 3239 373 3306 usu-3m;
464 3243 571 3288 τῶν
632 3235 946 3307 εὐχομένων,
1017 3241 1108 3286 xui.
1170 3235 1396 3307 εὐφημία
1466 3241 1556 3286 τοῦ
1634 3237 1788 3290 Θεοῦ.

173 3333 384 3380 Seritur
435 3328 542 3399 γάρ
573 3337 584 3348 °
622 3323 1081 3398 Πληρωθήτωσαν,
1139 3323 1173 3376 ἂ
1212 3323 1500 3396 ηὐξάμεθα,
1552 3319 1692 3375 διότι
1729 3325 1793 3374 σὺ

171 3416 430 3474 Βασιλεύς
483 3416 658 3486 ἡμῶν,
713 3419 801 3466 καὶ
853 3410 1076 3474 δυνατὸς
1125 3413 1194 3475 εἰς
1239 3415 1395 3480 ἅπαν,
1443 3417 1532 3464 καὶ
1577 3408 1792 3474 δεδοξα-

171 3511 354 3576 σμέιος
409 3502 514 3556 ἀεί.
575 3511 742 3555 Τοῦτο
800 3507 900 3575 γὰρ
945 3499 1096 3561 δηλοί
1136 3506 1214 3568 τὸ,
1271 3502 1356 3565 Εἰς
1414 3506 1536 3564 τοὺς
1583 3502 1789 3561 αἰῶνας.

171 3600 285 3667 Περι
321 3591 387 3646 δε
417 3600 515 3645 τοῦ
541 3593 731 3665 Ἀμὴν,
768 3590 999 3664 ἀνωτέρω
1039 3595 1261 3666 εἴρηται.

225 3773 346 3827 Ἐὰν
397 3803 470 3813 -
535 3773 704 3844 ὑμῶν.
773 3769 1128 3836 Ἐπανέλαϐεν,
1210 3773 1275 3830 ὡς
1336 3769 1631 3842 εἰρήκαμεν,
1701 3772 1787 3821 τὸν

164 3871 272 3939 περὶ
345 3865 552 3916 τούτου
609 3860 781 3930 λόγον,
846 3859 936 3911 καί
991 3859 1232 3912 πλατύνει
1289 3867 1488 3926 τοῦτον,
1559 3856 1786 3929 δεικνύς,

151 3955 233 4004 ὅτι
295 3947 781 4027 περισπούδαστον
862 3952 974 4000 ἐστι
1026 3956 1139 4020 Θεῷ
1203 3951 1260 4000 1'6
1333 3956 1562 4000 τοιοῦτον
1617 3952 1782 4022 ἔργον.

148 4048 255 4095 Καὶ
313 4044 426 4114 ὅρα
481 4059 579 4112 μοι
640 4038 1022 4110 φιλανθρωπίας
1079 4036 1384 4099 ὑπερϐολήν.
1443 4037 1608 4110 Ἥμᾱς
1651 4044 1789 4090 ποιεῖ

143 4138 382 4205 κυρίους
469 4138 565 4188 τῆς
654 4135 754 4178 τῶν
839 4127 1226 4200 ἁμαρτημάτων
1309 4128 1452 4198 ἡμῶν
1537 4125 1782 4198 ἀφέσεως.

145 4222 290 4275 Ἀλλ’
372 4223 510 4279 ἴσως
579 4217 728 4291 ἐρεῖς,
808 4218 888 4268 ὃτι
939 4215 1102 4268 πολλὰ
1158 4220 1242 4267 καὶ
1295 4215 1495 4287 μεγάλα
1550 4215 1787 4288 πεπλημς

144 4312 381 4381 μέὶπκεν
433 4311 459 4359 6
502 4303 778 4366 ἀδικήσας
808 4320 820 4334 ⁸
867 4303 993 4356 ἀλλὰ
1045 4309 1110 4357 σύ
1159 4304 1366 4357 πλείονα
1399 4310 1489 4356 καὶ
1536 4306 1775 4377 μείζονα.

147 4406 252 4452 Καὶ
286 4401 314 4450 ὁ
351 4405 452 4470 μὲν
484 4397 563 4458 εἰς
593 4399 680 4447 τὸν
711 4391 1018 4466 ὁμόδουλον,
1050 4398 1114 4446 σὺ
1149 4389 1206 4446 δὲ
1255 4393 1324 4456 εἰς
1372 4397 1458 4445 τὸν
1499 4399 1782 4452 Δεσπότην.

147 4496 253 4542 Καὶ
315 4494 389 4541 σὺ
432 4492 552 4560 μὲν,
617 4481 856 4556 δεόμενος
910 4481 1157 4555 ἀφέσεως,
1210 4480 1424 4554 ἀφήσεις
1458 4499 1469 4512 ·
1516 4479 1630 4535 ὁδε
1662 4488 1786 4545 Θεὸς

1912 1924 2066 1962 unus
2114 1907 2359 1979 quidem
2402 1922 2702 1975 congruus
2745 1906 3094 1962 substantiae
3146 1908 3386 1974 animae,
3431 1912 3578 1980 puta.

1913 1996 2182 2062 scientia,
2219 2001 2272 2051 et
2305 1996 2431 2051 haec
2473 1995 2768 2068 praebetur
2803 1995 2970 2067 juxta
3009 1996 3421 2068 recipientium
3461 1997 3577 2053 vir-

1911 2090 2131 2151 tutem;
2175 2085 2328 2140 alius
2369 2101 2505 2140 vero
2548 2088 2771 2140 naturae
2815 2085 3102 2157 corporis,
3150 2083 3448 2141 sensibilis
3489 2086 3577 2142 vi-

1911 2174 2142 2230 delicet.
2189 2175 2254 2229 Et
2298 2174 2392 2229 ille
2439 2173 2686 2246 quidem
2730 2189 2988 2245 superne
3038 2173 3428 2239 ministratur,
3480 2174 3576 2230 hic

1911 2268 2112 2319 autem
2161 2263 2410 2318 inferne.
2453 2263 2719 2319 Tentatio
2758 2278 3002 2334 quoque
3049 2262 3272 2335 duplex
3310 2269 3417 2333 est,
3473 2279 3577 2320 vo-

1908 2351 2150 2422 luptatis
2190 2350 2456 2407 videlicet
2495 2366 2564 2406 ac
2601 2349 2844 2416 doloris,
2887 2355 2944 2406 et
2981 2349 3081 2407 illa
3117 2349 3364 2423 quidem
3403 2355 3576 2408 natu-

1910 2440 2048 2496 ralis
2080 2444 2186 2506 est,
2216 2455 2284 2495 ac
2313 2439 2830 2512 perturbationum
2864 2440 3206 2495 innatarum
3232 2459 3244 2498 :
3279 2440 3406 2495 haec
3434 2455 3574 2497 vero

1910 2528 2312 2585 involuntaria
2338 2533 2444 2594 est,
2474 2532 2528 2584 et
2557 2527 3074 2600 perturbationum
3102 2532 3331 2584 naturae
3363 2528 3575 2585 adver-

1911 2618 2194 2672 santium.
2229 2617 2635 2674 Voluntariam
2666 2617 2842 2688 igitur
2885 2617 3089 2687 fugere
3120 2621 3374 2690 oportet,
3405 2619 3574 2675 invo-

1909 2706 2230 2763 luntariam
2269 2723 2407 2762 vero
2445 2707 2706 2763 devitarc
2741 2706 2988 2779 quidem
3025 2712 3270 2780 propter
3298 2713 3572 2764 nostram

1908 2795 2418 2867 imbecillitatem;
2465 2800 2526 2852 at
2569 2795 2670 2851 ubi
2723 2795 2973 2864 venerit,
3020 2799 3309 2868 tanquam
3358 2812 3571 2869 purga-

1908 2885 2093 2940 tivam
2150 2884 2396 2941 viriliter
2452 2883 2760 2940 sustinere.
2821 2887 2919 2940 Est
2983 2900 3226 2957 quoque
3291 2889 3347 2942 et
3407 2885 3575 2943 aliud

1911 2975 2304 3031 tentationum
2346 2989 2558 3045 genus,
2602 2974 2913 3030 sumendae
2951 2974 3225 3030 videlicet
3265 2976 3573 3048 experien-

1910 3064 2031 3120 tiae.
2085 3065 2129 3117 Α
2173 3063 2333 3118 malo
2377 3067 2598 3128 autem,
2646 3062 2918 3118 daemone
2967 3062 3189 3119 scilicet
3236 3062 3328 3119 vel
3366 3079 3569 3137 opere.

1979 3153 2143 3210 Vers.
2195 3155 2272 3208 t3.
2299 3152 2449 3221 Quia
2479 3183 2547 3191 —
2570 3151 2779 3208 Amen.
2816 3154 3094 3208 Extrema
3119 3153 3401 3208 orationis
3433 3169 3570 3224 pars

1908 3245 2013 3308 est,
2039 3259 2246 3298 eorum
2277 3243 2379 3314 qui
2411 3245 2583 3297 orant
2613 3241 2797 3296 animi
2820 3239 3140 3310 gratitudo,
3176 3245 3360 3313 utque
3381 3242 3569 3300 Deum

1905 3333 2282 3389 benedicant.
2340 3332 2432 3388 Sic
2486 3346 2628 3401 ergo
2680 3330 3082 3400 intelligitur:
3142 3331 3570 3402 Compleantur

1902 3422 2032 3478 haec
2080 3439 2212 3494 quzc
2255 3420 2679 3495 postulamus;
2740 3424 2805 3475 tu
2853 3419 3014 3476 enim
3064 3422 3184 3476 Rex
3233 3428 3433 3477 noster
3482 3437 3567 3490 es,

1901 3515 2115 3582 potens
2145 3511 2219 3567 ad
2254 3527 2326 3568 ea
2357 3509 2742 3580 conferenda,
2774 3525 3131 3581 semperque
3155 3509 3470 3580 gloriosus.
3506 3501 3570 3566 Et

1900 3601 2014 3656 hoc
2053 3601 2271 3656 indicat
2310 3600 2476 3674 quod
2516 3599 2772 3664 additur,
2809 3601 2871 3654 in
2911 3601 3146 3655 saecula.
3190 3601 3268 3655 De
3308 3599 3568 3656 dictione

1897 3690 2089 3746 Amen
2118 3689 2386 3761 superius
2419 3689 2644 3743 dictum
2675 3691 2785 3743 est.
2966 3675 2974 3680 ’

1973 3779 2132 3833 Vers.
2182 3781 2264 3833 i-i.
2306 3778 2363 3832 Si
2402 3807 2470 3818 -—
2523 3779 2685 3834 Vers.
2749 3777 2836 3831 15.
2896 3781 3112 3832 vestra.
3181 3777 3430 3843 lteravit,
3495 3780 3562 3833 ut

1899 3867 2182 3937 diximus,
2226 3867 2299 3922 de
2338 3866 2452 3922 hac
2491 3881 2554 3921 re
2595 3881 2934 3921 sermonem
2970 3866 3292 3937 ipsumque
3333 3866 3566 3932 dilatat,

1899 3957 2219 4012 ostendens
2240 3955 2586 4026 hujusmodi
2620 3970 2775 4026 opus
2799 3969 2928 4010 esse
2961 3956 3078 4009 Deo
3110 3954 3373 4011 maxime
3400 3971 3565 4011 acce-

1899 4044 2142 4116 ptabile.
2177 4043 2503 4099 Considera
2523 4043 2700 4098 etiam
2726 4042 2894 4108 mihi,
2923 4041 3196 4108 obsecro,
3222 4043 3567 4100 humanita-

1898 4133 1972 4189 tis
1990 4131 2562 4202 magnitudinem.ln
2580 4134 2788 4186 nostra
2803 4129 3408 4202 constituitpotestate
3427 4147 3563 4204 pec-

1897 4227 2169 4278 catorum
2219 4226 2562 4277 nostrorum
2612 4218 3056 4275 remissionem.
3109 4222 3181 4274 At
3235 4218 3396 4274 dices
3449 4219 3566 4275 for-

1896 4311 2094 4376 tassis,
2149 4310 2313 4382 quod
2377 4309 2438 4364 in
2507 4308 2710 4364 multis
2776 4307 3155 4380 delinquens,
3224 4306 3444 4378 injuria
3508 4312 3564 4364 te

1896 4399 2176 4456 effecerit.
2227 4401 2437 4454 Verum
2499 4401 2560 4453 tu
2609 4397 2670 4452 in
2727 4395 2999 4468 pluribus
3049 4401 3105 4452 et
3157 4395 3490 4467 majoribus
3545 4415 3558 4453 :

1896 4494 1951 4545 et
2003 4488 2095 4543 ille
2153 4486 2392 4558 quidem
2457 4486 2516 4541 in
2577 4500 2956 4549 conservum,
3019 4489 3079 4540 tu
3139 4500 3279 4540 vero
3337 4483 3399 4541 in
3453 4487 3564 4542 Do-

1812 4543 1854 4596 D
1894 4578 2169 4641 minum;
2223 4580 2284 4631 tu
2337 4574 2615 4644 indigens
2666 4573 3019 4629 remissione
3069 4573 3354 4640 remittes,
3406 4577 3562 4632 Deus

1891 4682 2034 4722 vero
2065 4665 2290 4722 nullius
2324 4663 2592 4733 indigens
2632 4667 2740 4718 est.
2785 4663 2841 4718 Si
2880 4663 3082 4735 itaque
3122 4661 3436 4735 remiseris,
3480 4668 3562 4721 te-

1891 4755 2084 4827 ipsum
2120 4753 2383 4809 liberasti
2418 4771 2430 4805 :
2466 4753 2614 4808 iram
2649 4752 2944 4824 siquidem
2982 4751 3326 4818 exstinxisti,
3374 4753 3560 4810 malo-

1891 4860 2024 4900 rum
2058 4843 2411 4898 memoriam
2467 4841 2761 4914 expulisti,
2801 4841 3238 4912 benignitatem
3292 4841 3555 4911 induisti,

1893 4937 2080 4990 Deum
2103 4933 2204 4988 tibi
2223 4931 2550 5004 propitium
2569 4929 2881 4987 reddidisti
2901 4930 3331 5003 propriamque
3349 4932 3553 4988 remis-

1893 5025 2123 5078 sionem
2159 5019 2511 5094 procurasti.

1963 5113 2125 5169 Vers.
2167 5115 2257 5170 16.
2303 5112 2449 5167 Cum
2492 5140 2560 5151 —
2592 5112 2899 5181 jejunare.
2945 5109 3023 5164 Ne
3064 5108 3331 5166 tetricam
3385 5109 3557 5167 tristi-

1893 5201 2038 5260 tiam
2063 5200 2371 5269 affectetis,
2403 5198 2565 5257 velut
2589 5199 2650 5256 hi
2679 5199 2785 5273 qui
2813 5198 2893 5258 ob
2920 5197 3168 5256 laudem
3192 5197 3549 5268 humanam,

147 4584 218 4649 μή
277 4575 560 4650 δεομενος.
596 4575 658 4628 Εἰ
709 4577 878 4625 τοίνυν
935 4570 1174 4644 ἀφήσεις,
1239 4576 1454 4623 σεαυτὸν
1493 4571 1782 4648 ἠλευθέρω-

153 4687 269 4729 σας.
306 4666 586 4727 Ἐσϐεσας
614 4667 706 4736 μὲν
731 4665 832 4737 γὰρ
874 4666 962 4714 τὸν
1021 4663 1200 4733 θυμὸν,
1248 4660 1519 4721 ἀπήλασας
1573 4657 1631 4713 δὲ
1690 4667 1782 4720 τὴν

171 4780 250 4826 μη
262 4763 543 4824 σικακίαν,
643 4754 926 4823 εἰσήγαγες
1030 4747 1088 4802 δὲ

175 4848 372 4909 ὗέωσας
406 4845 465 4901 δὲ
521 4849 609 4898 τὸν
670 4845 822 4908 Θεὸν,
875 4839 1290 4915 ἐπραγματεύσω
1341 4836 1399 4892 δὲ
1451 4844 1538 4898 τὴν
1589 4840 1780 4892 οἰκείαν

1188 4755 1282 4808 τὴν
1373 4750 1778 4823 φιλανθρωπίαν,

181 4939 362 5009 issam.

235 5131 358 5177 Οταν
406 5157 472 5167 -
538 5121 919 5183 νηστεύοντες.
1005 5115 1378 5183 Νηστεύοντες,
1459 5117 1532 5186 μὴ
1606 5112 1781 5171 ἐπιτη-

193 5208 321 5270 δεύετε
352 5223 438 5279 τήν
491 5211 965 5291 σκυθρωπότητα,
1006 5204 1238 5277 καθάπερ
1299 5204 1348 5255 οἱ
1394 5199 1782 5266 σπουδάζοντες

221 5404 402 5466 “Psal.
436 5415 626 5470 Lxxu,
665 5395 774 5454 25-

1405 5479 1620 5549 Variae
1658 5479 1990 5549 lectiones
2032 5487 2099 5547 et
2137 5487 2317 5546 notae

194 5720 273 5800 (ω)
303 5716 434 5778 Vide
467 5719 632 5787 qum
670 5686 830 5756 dixi
860 5685 938 5742 in
959 5676 1102 5737 edit.
1136 5675 1280 5735 Novi
1306 5675 1665 5737 Testamenti
1689 5675 1770 5734 ad
1800 5677 1938 5734 Luc.
1967 5690 2030 5748 p.
2059 5678 2184 5745 507,
2217 5680 2360 5733 nota
2392 5675 2476 5728 H.
