4098 6414
509 318 625 389 243

1834 315 2183 374 EUTHYMII
2222 312 2557 372 ZIGABENI

3776 308 3896 363 244

510 444 807 518 pallorem
849 448 1213 516 procurant;
1274 442 1569 501 occultant
1624 444 1778 500 enim
1836 444 2169 501 naturalem

2304 444 2486 515 ὸχρίᾲν
2532 436 2605 492 δι’
2645 437 2970 505 ἀνθρωπίνην
3032 436 3323 509 ἀρέσκειαν.
3380 435 3725 507 Ἀφανίζουσι
3777 436 3889 506 γάρ

513 534 773 591 formam
804 533 1007 590 ﬁctitio
1041 532 1282 605 pallore.

586 717 749 770 Vers.
783 714 869 769 16.
912 713 1100 769 Amen
1129 745 1197 752 —
1225 727 1413 769 suam.
1444 712 1724 786 Superius
1752 712 1825 769 de
1847 713 1962 770 hoc
1992 711 2171 769 nobis

513 800 739 858 dictum
769 806 880 858 est.

585 893 745 946 Vers.
790 892 880 949 l7.
938 892 1023 946 Tu
1081 900 1274 948 autem
1331 923 1399 931 —
1446 894 1603 949 lava.
1648 890 2172 960 Quemadmodum

520 979 763 1052 quando
809 980 953 1035 dixit
996 998 1008 1036 :
1057 980 1122 1036 Si
1162 987 1358 1038 autem
1410 981 1609 1037 oculus
1650 988 1783 1036 tuus
1820 981 2030 1037 dexter
2070 981 2175 1036 tibi

515 1070 687 1138 fuerit
731 1069 1099 1140 o/Iendiculo,
1140 1085 1274 1125 erue
1306 1086 1436 1126 eum
1470 1089 1482 1139 ;
1512 1077 1565 1128 et
1605 1071 1655 1126 si
1688 1071 1930 1126 demtera
1961 1085 2174 1126 manus

522 1162 631 1213 tua
664 1156 771 1212 tibi
796 1158 984 1227 fuerit
1015 1158 1383 1227 offendicula,
1428 1164 1666 1230 amputa
1694 1174 1820 1215 eam
1848 1161 1915 1223 ‘9,
1948 1174 2071 1214 non
2101 1158 2175 1214 de

518 1245 783 1317 corporis
815 1246 1190 1303 mutilatione
1219 1247 1453 1303 locutus
1492 1254 1596 1312 est,
1631 1248 1811 1303 veluti
1852 1264 1922 1303 eo
1953 1249 2010 1303 in
2043 1247 2175 1304 loco

517 1333 960 1390 declaravimus
990 1357 1002 1389 :
1034 1336 1115 1392 ita
1148 1351 1340 1408 neque
1370 1352 1529 1392 nunc
1564 1336 1904 1408 simpliciter
1935 1338 2074 1405 ungi
2108 1353 2177 1393 ac

517 1422 707 1478 lavari
758 1423 949 1493 jubet.
1008 1427 1208 1495 Neque
1262 1426 1420 1480 enim
1475 1425 1605 1497 ipse
1662 1426 1776 1481 hoc
1828 1426 1981 1489 fecit,
2038 1443 2176 1481 cum

520 1511 926 1584 quadraginta
955 1512 1159 1568 diebus
1194 1514 1490 1584 jejunaret
1525 1531 1539 1579 ;
1580 1515 1684 1570 sed
1723 1531 1829 1587 per
1857 1515 1983 1570 haec
2017 1514 2178 1570 aliud

520 1600 836 1672 quidpiam
870 1601 1159 1658 admonet
1190 1620 1202 1657 :
1240 1603 1535 1659 occultare
1574 1604 1847 1659 videlicet
1877 1620 2012 1659 eam
2042 1621 2179 1677 quae

515 1688 815 1759 jejunium
844 1690 1225 1761 consequitur
1256 1691 1569 1756 tristitiam,
1605 1708 1742 1746 cum
1775 1692 1970 1747 alacer
2000 1708 2071 1747 ac
2103 1692 2180 1748 fe-

2284 527 2428 583 οὖτοι
2470 533 2528 581 τὸ
2582 530 2800 601 φυσικὸν
2842 523 3001 595 εἶδος,
3059 522 3153 578 διὰ
3208 533 3299 588 τῆς
3352 524 3669 577 ἐπίπλαστον
3712 524 3893 597 ὠχρό-

2280 640 2455 681 τητος.

2358 710 2523 781 Ἀμὴν
2576 738 2644 747 —
2707 705 2892 760 αὐτῶν.
2962 707 3183 779 Εἶρηταί
3253 705 3378 776 ἡμῖν
3459 701 3693 778 ἀνωτέρω
3767 706 3899 777 περὶ

2285 801 2489 853 τούτου.

2356 890 2421 940 Σὺ
2465 884 2522 939 δὲ
2556 916 2617 925 -
2672 884 2842 956 νίψαι.
2894 890 3116 958 Ὥσπερ,
3159 882 3238 935 ὅτε
3268 880 3402 934 εἶπεν
3436 901 3448 914 ’
3503 880 3613 953 (14)
3646 879 3707 933 Εἰ
3755 875 3817 933 δὲ
3865 879 3898 930 ὁ

2285 976 2545 1050 ὀφθαλμός
2642 993 2735 1027 σου
2807 975 2832 1025 ό
2921 969 3087 1036 δεξιὸς
3170 968 3517 1031 σπανδαλίζει
3603 988 3677 1039 σε,
3757 967 3902 1031 ἔξελε

2283 1066 2480 1117 αύτόν·
2525 1068 2613 1117 καὶ
2682 1063 2724 1115 εἰ
2776 1064 2806 1120 ἠ
2872 1058 3019 1124 δεξιοί
3078 1079 3171 1113 σου
3236 1064 3359 1132 χεὶρ
3411 1055 3749 1119 σκανδαλίζει
3812 1076 3901 1123 σε,

2286 1154 2504 1225 ἔκκοψὸν
2562 1152 2723 1211 αύτήν
2757 1168 2769 1181 ⁸
2806 1151 2865 1203 ού
2922 1154 3036 1225 περὶ
3076 1148 3520 1225 ἀκρωτηριασμοῦ
3568 1154 3660 1200 τού
3716 1152 3907 1219 σώμαο

2285 1264 2367 1304 τος
2419 1243 2604 1315 ἔλεγεν,
2662 1244 2725 1302 ὡς
2786 1239 2833 1292 ἐν
2881 1240 3089 1300 ἐκείνοις
3144 1246 3249 1299 τοῖς
3308 1240 3485 1305 ῥητοῖς
3561 1238 3905 1311 ἡρμηνεύσα-

2286 1353 2374 1405 μεν
2397 1350 2410 1363 ·
2442 1331 2605 1392 οὕτως
2632 1328 2755 1382 avidis
2784 1338 2871 1380 νῦν
2916 1328 3091 1389 ἁπλῶς
3137 1327 3437 1399 ἀλείφεσθαι
3480 1331 3570 1377 καὶ
3616 1327 3908 1377 νίπτεσθαι

2284 1422 2493 1473 κελεύει.
2553 1416 2693 1472 Ούὸὲ
2731 1420 2832 1490 γὰρ
2880 1418 3037 1479 αὐτὸς
3084 1424 3233 1469 τοῦτο
3284 1420 3557 1481 πεποίηκε,
3602 1416 3907 1474 νηστεύσας

2285 1512 2484 1583 ἡμέρας
2535 1510 2949 1576 τεσσαράκοντα.
2999 1506 3154 1559 Ἀλλά
3225 1502 3319 1557 διὰ
3376 1507 3566 1557 τούτων
3615 1505 3783 1578 ἑτέρον
3848 1522 3907 1554 τι

2290 1605 2551 1673 παραινεῖ,
2606 1597 2737 1668 λέγω
2815 1592 2906 1662 δὴ,
2961 1599 3016 1647 τὸ
3072 1594 3450 1666 συγκαλύπτειν
3512 1597 3602 1650 τὴν
3654 1591 3755 1643 ἀπὸ
3804 1599 3909 1652 τῆς

2286 1692 2523 1747 νηστείας
2609 1688 2953 1757 στυγνότητα,
3035 1683 3083 1735 ἐν
3160 1684 3231 1753 τῷ
3308 1684 3581 1755 φαίνεσθαι
3672 1677 3908 1755 φαιδρὸν

524 1780 711 1833 stivus
750 1793 1064 1850 appareas.
1110 1781 1255 1835 Nam
1297 1781 1438 1852 quia
1477 1781 1639 1853 apud
1680 1788 1899 1836 veteres
1941 1782 2177 1853 signum

2304 1782 2376 1829 ιαὶ
2407 1781 2682 1850 χαρίεντα.
2746 1775 2886 1827 Ἐπεὶ
2917 1776 3018 1848 ’γὰρ
3053 1774 3196 1847 παρά
3252 1779 3361 1833 τοῖς
3410 1770 3642 1831 παλαιοῖς
3681 1777 3911 1838 σημεῖον

523 1870 648 1921 erat
678 1866 911 1937 laetitiae,
946 1872 1125 1939 caput
1159 1873 1406 1924 unctum
1448 1884 1578 1925 esse
1609 1870 1759 1940 oleo,
1797 1870 2009 1926 faciem
2040 1887 2179 1926 vero

524 1971 685 2027 aqua
702 1957 889 2012 lotam
910 1973 922 2012 :
940 1957 1017 2012 ab
1043 1958 1157 2013 hoc
1178 1958 1384 2027 gaudii
1403 1958 1644 2029 signum
1663 1960 2037 2025 adhortatur,
2058 1977 2180 2031 quo

523 2049 579 2099 et
600 2044 876 2101 homines
900 2045 1080 2101 lateat
1105 2046 1271 2119 quod
1292 2047 1550 2118 jejunes,
1581 2054 1636 2103 et
1656 2049 1867 2119 jejunii
1894 2049 2177 2118 laborem,

525 2132 829 2190 auferente
860 2134 1117 2191 dolorem
1144 2135 1347 2192 laetitia
1378 2136 1608 2193 alleves.

598 2386 725 2443 Alio
746 2402 990 2459 quoque
1012 2387 1227 2443 modo:
1256 2389 1570 2460 lmpingua
1593 2390 1801 2463 capitis
1820 2391 1901 2447 tui
1925 2395 2185 2447 mentem

528 2474 924 2547 eleemosynae
950 2475 1083 2533 oleo
1115 2494 1126 2531 :
1156 2476 1369 2533 faciem
1398 2495 1538 2534 vero
1565 2484 1751 2547 tuam,
1782 2480 2187 2552 lacrymarum

529 2580 693 2637 aqua
710 2565 953 2621 abluito.
977 2566 1141 2622 Unde
1156 2571 1213 2622 et
1229 2567 1369 2623 alibi
1390 2568 1605 2640 saepius
1626 2586 1732 2642 per
1753 2586 1823 2627 ea
1845 2586 1980 2642 quae
2004 2571 2191 2643 ponit,

531 2654 883 2710 adhortatur
940 2654 1019 2710 ad
1072 2654 1235 2723 alia;
1293 2656 1590 2713 instruens
1642 2675 1770 2725 nos,
1828 2676 1903 2715 ne
1956 2676 2193 2733 semper

530 2743 593 2797 in
632 2743 944 2814 praeceptis
973 2742 1035 2799 id
1075 2747 1307 2800 tantum
1351 2746 1753 2813 attendamus,
1797 2749 1963 2820 quod
1998 2750 2191 2821 prima

531 2829 683 2887 facie
713 2835 982 2904 apparet,
1012 2832 1116 2888 sed
1147 2836 1204 2889 et
1235 2849 1448 2890 sensus
1480 2852 1722 2909 quoque
1752 2837 2020 2909 ipsorum
2055 2854 2187 2911 per-

531 2925 886 2977 scrutemur.

606 3010 774 3066 Vers.
798 3012 884 3067 18.
902 3010 991 3066 Ne
1005 3042 1073 3051 —
1086 3011 1291 3068 reddet
1310 3012 1433 3071 tibi.
1460 3013 1543 3069 Ad
1566 3016 1973 3086 spectaculum
1992 3016 2189 3072 homi-

533 3097 713 3154 nibus
740 3114 1037 3170 exponere
1068 3116 1221 3166 eam,
1244 3116 1377 3173 quae
1404 3118 1475 3157 ex
1499 3102 1727 3174 jejunio
1759 3106 2031 3176 provenit
2058 3121 2186 3161 mo-

533 3187 785 3258 lestiam,
815 3188 1155 3260 cupiditatis
1182 3189 1383 3259 gloriae
1423 3207 1573 3263 opus
1603 3198 1708 3248 est.
1748 3195 1827 3249 De
1866 3195 1958 3249 his
1989 3200 2188 3251 autem

532 3293 667 3350 quas
697 3282 1045 3349 sequuntur,
1072 3278 1199 3348 jam
1231 3279 1457 3336 dictum
1487 3285 1593 3336 est.

604 3367 770 3422 Vers.
818 3368 911 3423 19.
959 3368 1049 3424 Ne
1090 3398 1161 3407 —
1200 3369 1355 3423 Vers.
1406 3374 1475 3425 20
1515 3370 1821 3439 furantur.
1862 3370 2189 3441 Allegorice

534 3459 736 3512 autem
784 3455 942 3511 tinea
981 3459 1037 3510 et
1078 3456 1382 3526 corruptio
1432 3457 1726 3526 signiﬁcat
1772 3460 2081 3516 inductam
2129 3462 2189 3516 in

535 3545 738 3600 animo
758 3544 1126 3616 opinionem,
1150 3561 1286 3617 quae
1305 3545 1554 3602 latenter
1574 3548 1831 3603 corrodit
1852 3548 2015 3607 bona
2034 3550 2191 3607 circa

535 3650 665 3705 quae
694 3634 828 3705 ipsa
855 3639 1125 3689 versatur
1152 3652 1166 3701 ;
1200 3634 1358 3691 fures
1388 3641 1588 3691 autem
1617 3638 2037 3709 perfodientes,
2067 3640 2190 3696 lau-

533 3722 642 3777 des
672 3728 827 3788 sunt,
857 3739 993 3794 quae
1025 3724 1389 3780 extrinsecus
1420 3725 1966 3795 subingrediuntur,
2000 3730 2190 3801 perfo-

533 3810 763 3867 dientes
798 3810 951 3868 levia
985 3813 1307 3884 proposita,
1342 3818 1397 3869 et
1427 3816 1814 3887 compilantes
1852 3819 2189 3876 reconditas

532 3901 816 3956 virtutum
856 3900 1113 3958 divitias.

604 3989 803 4060 Ejecta
827 3990 956 4060 jam
986 3990 1179 4047 inanis
1218 3990 1422 4061 gloriaa
1455 3994 1819 4066 aegritudine,
1852 4001 2188 4068 opportune

533 4077 816 4150 deinceps
846 4078 1040 4149 legem
1074 4079 1148 4135 de
1179 4080 1380 4153 inopia
1410 4083 1633 4138 statuit.
1668 4083 1817 4139 Nihil
1848 4086 2006 4140 enim
2038 4087 2188 4141 adeo

530 4166 872 4223 divitiarum
902 4168 1132 4225 inducit
1162 4185 1453 4235 amorem,
1485 4172 1999 4243 quemadmodum
2032 4190 2188 4231 vana

530 4256 740 4327 gloria.
776 4257 863 4311 Ob
890 4257 1047 4313 hanc
1078 4257 1373 4330 siquidem
1398 4265 1452 4315 et
1484 4261 1919 4332 mancipiorum
1955 4278 2185 4333 greges,

529 4351 585 4401 et
606 4345 1023 4402 eunuchorum
1046 4348 1341 4414 examina,
1372 4354 1428 4405 et
1458 4365 1647 4422 equos
1671 4367 1817 4406 auro
1842 4353 2185 4418 adornatos,

527 4451 598 4492 ac
627 4452 865 4491 mensas
897 4442 1230 4506 argenteas,
1259 4454 1623 4513 omnemque
1644 4440 1863 4497 fastum
1886 4442 2067 4497 alium
2095 4459 2192 4499 ex-

528 4524 793 4593 cogitant
812 4500 1119 4581 homines:
1151 4500 1271 4583 non
1296 4528 1373 4584 ad
1399 4500 1833 4596 necessitatem,
1859 4532 1959 4588 sed
1989 4533 2067 4588 ad
2098 4549 2186 4588 os-
2222 4500 2267 4553 D

526 4614 932 4670 tentationem.

598 4701 750 4770 Quia
780 4718 919 4758 vero
952 4718 1073 4760 non
1118 4704 1287 4762 facile
1326 4708 1706 4780 reciperetur,
1750 4710 1796 4764 si
1827 4711 2079 4781 junctim
2114 4711 2189 4766 de

523 4792 935 4864 despiciendis
991 4792 1373 4851 facultatibus
1420 4797 1792 4863 admoneret,
1845 4798 1980 4855 ideo
2027 4799 2189 4855 hunc

522 4884 584 4941 in
634 4884 835 4953 partes
883 4882 1070 4939 secuit
1119 4898 1480 4941 sermonem.
1526 4885 1593 4942 Et
1634 4886 1893 4958 primum
1939 4887 2188 4960 quidem

593 5062 639 5099 ¹⁹
663 5061 869 5121 Matth.
901 5077 959 5131 ν,
996 5066 1180 5136 29,30.

2289 1871 2461 1939 χαρᾶς
2521 1861 2605 1929 ἦν,
2664 1866 2723 1914 τό
2796 1862 3098 1934 ἀλείφεσθαι
3156 1864 3244 1933 μὲν
3299 1861 3449 1930 ἐλαίῳ
3506 1864 3599 1917 τὴν
3650 1859 3907 1931 κεφαλὴν,

2288 1955 2563 2007 νίπτεσθαι
2604 1948 2663 2004 δὲ
2724 1948 2884 2004 ὕδατι
2922 1954 2980 2002 τό
3019 1954 3297 2025 πρόσωπόν
3322 1967 3335 1979 ⁸
3389 1948 3564 2001 λοιπόν
3616 1954 3704 2000 καὶ
3745 1948 3914 2010 αὐτὸς

2292 2038 2385 2094 διὰ
2422 2048 2511 2093 τοῦ
2544 2045 2762 2113 σημείου
2814 2048 2909 2101 τῆς
2967 2046 3139 2113 χαρᾶς
3192 2046 3435 2113 παραινεί
3477 2042 3687 2110 χαίρειν
3726 2040 3775 2089 ἓν
3830 2045 3914 2108 τῷ

2291 2134 2581 2194 νηστεύειν,
2641 2132 2723 2182 ἵνα
2771 2134 2860 2181 καὶ
2930 2133 3052 2190 τοὺς
3109 2127 3409 2201 ἀνθρώπους
3468 2123 3748 2199 ὃιαλάθης,
3812 2131 3915 2179 καὶ

2293 2223 2378 2272 τὸν
2427 2224 2578 2273 πόνον
2633 2227 2727 2279 τῆς
2778 2223 3027 2278 νηστείας
3074 2221 3352 2290 κουφίσης,
3404 2224 3500 2277 τῆς
3553 2212 3749 2277 ἡδονῆς
3805 2220 3912 2275 τὴν

2296 2306 2486 2366 ὀδύνην
2532 2311 2880 2382 ύφαιρουμένη
2894 2330 2933 2369 ς.

2371 2403 2471 2450 Καὶ
2513 2398 2629 2449 καθ’
2672 2398 2838 2472 ἕτερον
2876 2394 2935 2449 δὲ
2978 2400 3167 2469 τρόπον
3198 2414 3209 2425 ’
3243 2400 3422 2447 Πίοιινε
3473 2397 3561 2465 μὲν
3600 2396 3686 2445 τόν
3736 2392 3784 2445 ἓν
3839 2402 3908 2465 τῇ

2297 2486 2488 2559 κεφαλῇ
2530 2506 2623 2538 σου
2665 2493 2800 2552 νοῦν,
2832 2493 2903 2556 τῷ
2934 2484 3085 2556 ἐλαίῳ
3116 2488 3205 2544 τῆς
3237 2482 3583 2555 ἐλεημοσύνης
3613 2500 3624 2511 '
3658 2481 3811 2553 νίψαι
3846 2478 3912 2534 δὲ

2298 2579 2355 2627 τό
2410 2576 2690 2647 πρόσωπόν
2752 2593 2865 2639 σου,
2931 2582 3002 2643 τῷ
3071 2569 3231 2625 ὕδατι
3303 2580 3403 2623 τῶν
3459 2566 3724 2644 δακρύων,
3801 2575 3913 2622 Καὶ

2300 2662 2348 2714 ἐν
2384 2662 2589 2723 πολλοῖς
2620 2659 2678 2715 δὲ
2721 2661 2889 2722 ἄλλοις
2930 2657 3005 2713 δι’
3053 2659 3233 2734 ἐτέρων
3282 2661 3430 2734 ἔτερα
3471 2665 3726 2732 παραινεῖ,
3775 2679 3912 2711 παι-

2301 2749 2463 2805 δεύων
2512 2755 2668 2825 ἡμᾶς,
2725 2756 2795 2824 μὴ
2857 2758 2928 2820 τῷ
2996 2753 3286 2821 φαινομένῳ
3340 2752 3477 2821 μόνῳ
3533 2756 3630 2800 τῶν
3688 2746 3912 2799 ἐντολῶν

2300 2840 2377 2893 ἀεὶ
2445 2844 2746 2915 προσέχειν,
2835 2838 2963 2891 ἀλλά
3039 2842 3128 2890 καὶ
3206 2840 3299 2898 τὰς
3396 2835 3627 2897 διανοίας
3728 2837 3911 2889 αύτῶν

2298 2929 2394 3004 ἀκρ
2405 2930 2652 3002 ιϐολοσγεῖν
2668 2975 2679 2986 .

2366 3018 2545 3082 Ὀπως
2597 3024 2668 3091 μὴ
2728 3050 2795 3058 -
2854 3013 3121 3070 ἀποδώσει
3173 3035 3277 3070 σοι.
3332 3018 3401 3067 Τό
3446 3017 3547 3089 ’γὰρ
3612 3014 3911 3085 θεατρίζειν

2296 3116 2406 3169 τοῖς
2468 3108 2761 3183 ἀνθρώποις
2818 3112 2912 3166 τήν
2968 3106 3068 3159 ἀπὸ
3142 3113 3233 3166 τῆς
3282 3110 3527 3165 νηστείας
3578 3109 3908 3176 κακουχίαν,

2299 3195 2596 3271 φιλοδοξίας
2659 3200 2805 3271 ἔργον
2855 3197 2991 3249 ἐστί.
3044 3200 3169 3269 Περὶ
3229 3192 3287 3249 δὲ
3336 3203 3434 3247 τῶν
3493 3194 3613 3257 ἑξῆς
3663 3191 3912 3267 ἀνωτέρω

2297 3292 2519 3362 εἴρηται.

2368 3382 2454 3434 Μὴ
2509 3406 2580 3417 -
2631 3376 2930 3429 κλέπτουσι.
3004 3373 3123 3447 [Σὴς
3185 3373 3296 3445 (15)
3359 3376 3449 3445 μὲν
3528 3376 3617 3424 καὶ
3695 3370 3913 3447 βρῶσις

2297 3466 2479 3519 νοοίντ’
2530 3464 2611 3531 ἆν,
2662 3470 2750 3518 καί
2798 3467 2827 3523 ἡ
2886 3463 3211 3536 ἐντικτομένη
3259 3470 3319 3535 τῇ
3359 3462 3512 3534 ψυχῇ
3569 3463 3757 3527 οἴησις,
3819 3460 3914 3533 βι-

2299 3555 2613 3629 ϐρώοτιουσα
2681 3554 2940 3626 λαθραίως
3006 3554 3089 3619 τὰ,
3152 3550 3224 3623 ἐφ’
3287 3551 3364 3614 οἷς
3421 3554 3666 3617 συνέστη,
3728 3549 3911 3602 καλά’

2296 3645 2512 3697 κλέπται
2588 3640 2646 3695 δὲ
2701 3640 3085 3716 διορύσσοντις,
3140 3642 3188 3692 οἱ
3237 3640 3417 3702 ἔξωθεν
3476 3638 3916 3712 ἐπεισερχόμενοι

2298 3736 2517 3799 ἔπαινοι,
2601 3729 2971 3806 διορύσσοντες
3055 3732 3121 3782 τὰ
3186 3736 3354 3801 κούφα
3415 3732 3738 3801 φρονηματα⁹
3813 3734 3914 3782 καὶ

2299 3821 2553 3882 συλῶντες
2642 3823 2728 3872 τόν
2805 3819 3438 3894 ἐναποτεθησαυρισμένον
3508 3817 3727 3870 πλοῦτον
3806 3826 3914 3880 τῆς

2295 3911 2501 3985 αρετῆς·
2522 3911 2539 3981 ]

2372 3998 2624 4053 Ἐκϐαλὼν
2657 3994 2715 4052 δὲ
2744 3994 2851 4056 ἤδη
2884 4000 2942 4050 τό
2973 4004 3066 4058 τῆς
3103 3993 3403 4058 κενοδοξίας
3439 4000 3667 4068 νόσημα,
3716 3994 3911 4047 λοιπὸν

2297 4089 2549 4163 εὐκαίρως
2603 4092 2721 4161 περὶ
2772 4086 3137 4159 ἀκτημοσύνης
3185 4087 3463 4157 νομοθετεῖ.
3513 4089 3614 4136 Καὶ
3659 4086 3759 4157 γὰρ
3814 4084 3911 4136 ού-

2299 4175 2383 4231 δεν
2426 4178 2559 4229 οὕτω
2598 4176 2991 4249 παρασκευάζει
3047 4178 3336 4249 χρημάτων
3391 4172 3528 4246 ἐρᾷν,
3587 4176 3654 4234 ὡς
3682 4175 3711 4231 ἡ
3751 4192 3914 4226 κενο-

2299 4264 2467 4328 δοξία.
2525 4269 2618 4318 Διά
2669 4267 2865 4323 ταύτην
2932 4267 3032 4337 γὰρ
3093 4268 3182 4315 καὶ
3235 4266 3329 4323 τὰς
3394 4271 3493 4314 τῶν
3552 4259 3912 4337 ἀνδραπόδων

2299 4354 2501 4426 ἀγελας,
2564 4360 2651 4405 καὶ
2726 4357 2810 4405 τόν
2870 4352 3026 4424 ἐσμὸν
3073 4361 3173 4405 τῶν
3254 4352 3535 4423 εὐνούχων,
3617 4356 3706 4403 καὶ
3780 4356 3912 4415 τούς

2298 4452 2761 4517 χρυσοφοροῦντας
2811 4444 3016 4508 ἵππους,
3049 4447 3138 4494 καὶ
3194 4443 3287 4502 τὰς
3332 4439 3565 4515 ἀργυρᾶς
3620 4444 3910 4513 τραπέζας,

2298 4538 2387 4584 καὶ
2418 4537 2511 4590 τὴν
2553 4532 2709 4589 ἀλλην
2760 4533 2968 4583 ἅπασαν
3020 4531 3133 4602 (16)
3182 4534 3470 4603 φαντασίαν
3516 4530 3814 4581 ἐπινοοῦσιν
3859 4533 3914 4583 οἱ

2298 4623 2579 4696 ἄνθρωποι,
2610 4620 2667 4673 ού
2703 4622 2835 4673 κατά
2863 4626 3048 4693 χρείαν
3081 4619 3207 4671 ἀλλὰ
3245 4615 3317 4671 δι’
3341 4614 3611 4680 ἐπίδειξιν.

2372 4710 2510 4763 Ἐπεὶ
2557 4708 2615 4763 δὲ
2655 4710 2748 4762 ούκ
2796 4706 2857 4768 ἧν
2906 4705 3312 4783 εύπαράδεκτον,
3369 4710 3427 4759 τὸ
3484 4705 3668 4779 ἀθρόον
3708 4726 3913 4779 παραι-

2296 4803 2443 4852 νέσαι
2477 4817 2487 4829 ·
2520 4804 2639 4874 περὶ
2672 4808 2762 4863 τῆς
2801 4798 3090 4873 ὑπεροψίας
3126 4806 3225 4849 τῶν
3256 4797 3573 4869 χρημάτων,
3625 4800 3915 4867 σοφώτατα

2295 4893 2603 4965 κατεμέρισε
2655 4892 2741 4941 τόν
2780 4891 2899 4961 περὶ
2943 4890 3139 4948 ταύτης
3192 4889 3361 4957 λόγον,
3420 4889 3510 4937 καὶ
3564 4893 3763 4958 πρῶτον
3808 4890 3910 4992 μὲν

1754 5220 1979 5288 Variae
2017 5219 2347 5289 lectiones
2384 5229 2451 5287 et
2480 5226 2682 5287 notae.

615 5417 682 5471 14
743 5420 854 5485 καί,
881 5431 991 5488 pro
1020 5412 1080 5468 δέ
1110 5414 1180 5472 Β.

615 5417 704 5557 is;
749 5487 986 5543 Inclusa
1033 5487 1096 5544 in
1142 5486 1417 5557 margine
1464 5485 1647 5543 habet
1697 5488 1768 5543 Α.
1832 5486 1892 5542 Vi

615 5417 704 5557 14)
743 5420 854 5485 καί,
881 5431 991 5488 pro
1020 5416 1080 5468 δέ
1110 5416 1180 5472 Β.
1324 5486 1334 5496 ·
1882 5486 1892 5495 Ι

516 5416 712 5614 uoltis“)
746 5487 986 5613 (linclusa
1033 5487 1096 5544 in
1142 5501 1417 5558 margine
1464 5485 1647 5543 habet
1697 5488 1768 5543 Α.
1832 5485 1975 5542 Vide
2035 5502 2175 5542 mox

588 5630 699 5701 (19)
732 5629 812 5685 De
837 5629 1036 5685 omnis
1068 5631 1301 5700 generis
1326 5629 1489 5703 luxu,
1522 5630 1969 5701 magniﬁcentia
1997 5632 2053 5689 et
2081 5645 2173 5687 ar-

2282 5416 2561 5488 rogantia
2589 5413 2824 5488 dicitur.
2856 5411 2949 5488 §ic
2978 5411 3146 5479 Diog.
3178 5411 3362 5467 Laert.
3385 5412 3659 5488 inBione,
3683 5426 3742 5483 p.
3771 5413 3912 5488 1:39.

2286 5483 2452 5559 Saipe
2493 5488 2574 5543 ita
2616 5485 2805 5559 habet,
2845 5483 3258 5559 Chrysostom.
3316 5489 3386 5559 t.A
3419 5487 3531 5554 VII,
3585 5499 3721 5556 pag.
3770 5483 3907 5559 144,

2281 5560 2340 5615 C.
2384 5555 2547 5625 151.;
2604 5560 2734 5622 Vlll,
2788 5558 2907 5611 163.
2960 5559 3018 5611 C.
3078 5555 3306 5612 Confer.
3360 5555 3748 5622 Actorfxxv,
3810 5556 3890 5609 23
