4098 6424
165 363 243 423 ἏἘ)
1164 375 1538 437 COMMENT.
1589 378 1658 433 IN
1699 379 2147 437 MATTH/EUM.
2191 411 2258 424 —
2299 382 2458 438 CAP.
2501 383 2595 441 VI.

1520 503 1658 559 Ἰσθι
1713 507 1775 560 εὖτ

1908 507 2056 564 dixit
2090 524 2103 564 :
2134 509 2302 567 Beati
2323 509 2712 568 misericordes
2764 513 2830 568 ³ο.
2883 511 3104 570 Deinde
3133 528 3154 569 .·
3181 513 3337 578 Esto,
3374 515 3568 589 inquit

192 506 269 552 εἰπε
321 510 334 525 ‘
396 499 678 572 Μακάριοι
739 502 798 553 οἱ
861 501 1128 575 ἐλεήμονες
1181 519 1194 534 ·
1258 505 1431 556 ἔπειτα
1467 521 1481 535 ο

200 599 298 645 νοῶν
352 598 424 662 τῷ
475 586 732 662 αντιδὺιῳ
778 611 873 644 σον
920 609 933 621 ’
967 589 1075 645 εἶτα
1127 608 1140 622 ⁸
1202 593 1316 646 Ἐάν
1369 614 1450 656 τις
1509 615 1593 648 σοι
1666 596 1795 650 θέλει

194 684 290 753 (l7)
351 684 614 755 κριθῆναι,
688 685 781 732 xui
853 686 942 734 τὸν
1008 684 1210 754 χιτῶνά
1277 703 1372 735 σου
1443 683 1634 755 λαϐεῖν,
1701 683 1792 748 δὸς

189 773 315 841 ait?)
346 778 433 823 xui
482 775 539 822 τὸ
598 772 806 843 ἱμάτιον
842 793 855 805 ·
895 771 1182 824 τελευταῖον
1235 769 1314 838 δὲ,
1353 777 1410 825 τὸ
1452 779 1629 846 μεῖζον
1669 774 1793 828 ἐκεί-

189 883 269 912 νων
346 864 554 912 πάντων
611 860 896 932 ἐπήγαγεν.
963 863 1044 914 Ἐν
1120 860 1325 922 ἐκείνοις
1382 865 1471 935 μὲν
1554 867 1655 936 γὰρ
1704 871 1792 917 καὶ

187 953 470 1023 {Amasti-aeu
533 949 794 1023 ἐμνήσθη,
861 955 951 1001 καί
1008 949 1298 1018 ἀντιδίκου,
1383 957 1470 1004 καὶ
1547 955 1792 1025 κριθῆναί

185 1062 260 1093 σει
284 1042 564 1112 μελλοντος
594 1055 608 1070 ·
649 1038 870 1092 ἐνταῦθα
897 1036 956 1091 δὲ
1009 1036 1158 1092 οὐδὲν
1191 1047 1425 1093 τοιοῦτον
1472 1044 1592 1107 θεὶς,
1629 1043 1790 1102 αὐτὴν

175 1133 290 1182 καθ’
334 1130 533 1187 ἑαυτὴν
574 1128 917 1201 ἐνομοθετησε
963 1135 1056 1187 τὴν
1100 1138 1198 1181 τῶν
1260 1133 1550 1206 χρημάτων
1605 1134 1790 1206 ὑπερο-

173 1223 311 1290 -ρίαν,
349 1217 587 1285 δεικνὺς,
617 1220 698 1271 ὃτι
728 1219 786 1270 οὐ
846 1215 920 1270 δι’
961 1217 1176 1279 ἐκείνους
1220 1228 1490 1290 τοσοῦτον,
1528 1222 1648 1274 ὅσον
1697 1219 1790 1274 διὰ

171 1316 224 1362 σε
251 1318 427 1361 ταῦτα
482 1307 822 1381 προσέταξεν,
881 1309 984 1378 ἵνα,
1034 1307 1132 1360 κᾶν
1180 1306 1368 1380 μηδεὶς
1428 1309 1630 1362 ἐκείνων
1684 1310 1786 1364 ἐνο-

167 1400 295 1470 χλῇ,
327 1405 398 1450 σὺ
428 1405 767 1472 καταφρονῇς
795 1406 894 1450 τῶν
922 1402 1096 1465 ὄντων,
1126 1403 1214 1451 xui
1245 1395 1281 1451 δ
1287 1403 1496 1472 ιανέμης
1524 1400 1660 1453 αὑτὰ
1683 1409 1788 1462 τοῖς

165 1493 284 1545 πένῃ
298 1507 406 1541 σιν.

230 1578 400 1630 Ὠστε
450 1572 513 1629 δὲ
551 1577 678 1649 ῥᾷον
732 1583 932 1641 πεῖσαι,
960 1571 1208 1632 διδάσκει
1249 1582 1342 1636 τήν
1373 1597 1428 1630 τε
1459 1577 1661 1651 βλάϐην
1694 1585 1787 1631 τοῦ

165 1667 517 1739 θησαυρίζειν
574 1667 661 1719 ἐπὶ
719 1674 810 1727 τῆς
848 1675 964 1737 γῆς,
1027 1671 1115 1719 καὶ
1172 1672 1265 1726 τὴν
1296 1667 1536 1739 ὠφέλειαν
1577 1677 1668 1720 τοῦ
1698 1671 1786 1727 θη-

163 1758 443 1828 σαυρίζειν
513 1754 563 1807 ἐν
619 1755 844 1830 οὐρανῷ·
903 1762 1052 1809 Ἔστι
1081 1753 1138 1809 δε
1172 1761 1270 1819 σὴς
1322 1761 1411 1829 μεν
1451 1759 1476 1809 ὁ
1539 1757 1785 1830 ἐγγεννῶ-

3463 390 3569 447 246

1907 597 2208 656 benevolus
2231 601 2568 658 adversario
2595 607 2694 658 tuo
2715 604 2784 657 ’1.
2805 602 3196 660 Postmodum
3224 604 3331 664 ait:
3354 605 3421 662 Si
3442 607 3564 678 quis

1906 695 2094 745 tecum
2116 690 2336 759 iudicio
2371 693 2624 748 voluerit
2658 693 3022 757 contendere,
3057 699 3110 749 et
3139 695 3384 763 auferre
3406 698 3560 752 tuni-

1904 793 2031 832 cam
2055 785 2238 843 tuam,
2264 780 2402 835 dato
2420 780 2527 850 ipsi
2546 787 2599 836 et
2609 779 2858 850 pallium
2873 783 2940 836 ²².
2960 781 3224 837 Tandem
3247 798 3384 839 vero
3397 785 3563 857 quod

1902 866 1994 921 his
2024 866 2309 922 omnibus
2351 869 2547 938 majus
2601 876 2708 934 est,
2738 869 2959 926 intulit.
3013 871 3076 924 In
3108 871 3218 925 illis
3250 873 3466 928 etenim
3504 877 3563 930 et

1901 956 2322 1012 misericordia:
2336 973 2691 1030 pauperum,
2707 964 2759 1013 et
2775 959 3122 1026 adversarii,
3138 961 3320 1016 etlitis
3338 962 3564 1033 injudi-

1901 1045 1992 1101 cio
2031 1045 2394 1102 imminentis
2421 1046 2555 1103 fecit
2586 1048 2945 1104 mentionem
2977 1064 2988 1102 :
3031 1048 3124 1103 hic
3149 1054 3350 1105 autem
3394 1051 3560 1107 nullo

1901 1134 2075 1190 simili
2100 1135 2318 1206 posito,
2341 1135 2539 1207 ipsum
2559 1151 2664 1208 per
2684 1151 2746 1192 se
2763 1136 3043 1192 stabilivit
3067 1136 3414 1193 facultatum
3429 1154 3563 1194 con-

1900 1229 2216 1297 temptum,
2267 1225 2592 1281 ostendens
2649 1225 2808 1298 quod
2838 1241 3033 1298 neque
3077 1225 3178 1282 illa
3222 1231 3467 1299 propter
3496 1243 3559 1284 se

1898 1317 2132 1370 tantum
2175 1315 2456 1386 jusserat,
2491 1315 2613 1371 imo
2665 1331 3016 1388 quanquam
3075 1315 3276 1371 nullus
3321 1316 3559 1374 illorum

1897 1403 2000 1458 tibi
2024 1403 2309 1459 molestus
2346 1406 2438 1470 sit,
2467 1410 2528 1460 tu
2554 1408 2753 1460 tamen
2788 1420 2859 1460 ea
2886 1420 3017 1477 quae
3049 1405 3258 1460 mundi
3293 1410 3434 1463 sunt
3458 1406 3560 1463 de-

1898 1494 2112 1566 spicies
2149 1511 2160 1548 :
2194 1495 2448 1567 ipsaque
2479 1494 2852 1567 pauperibus
2881 1495 3200 1551 distribues
3229 1496 3333 1568 (q).

1970 1584 2140 1647 Quod
2171 1587 2235 1638 ut
2264 1583 2497 1639 facilius
2539 1582 2918 1654 persuadeat,
2953 1584 3242 1640 damnum
3274 1583 3554 1652 ostendit,

1896 1670 2062 1744 quod
2121 1687 2157 1727 a
2222 1673 2640 1728 thesaurorum
2701 1673 3106 1729 reconditione
3160 1674 3444 1745 provenit,
3502 1679 3560 1732 et

1897 1760 2216 1816 commoda
2236 1777 2371 1833 quae
2392 1777 2463 1817 ex
2494 1777 2702 1818 eorum
2727 1763 2785 1817 in
2807 1761 2968 1817 caelis
2988 1763 3437 1820 coacervatione
3469 1780 3557 1821 se-

159 1866 313 1917 μενος
360 1845 575 1906 πολλοῖς
623 1853 724 1896 τὼν
784 1845 1070 1919 χρημλτων
1129 1846 1356 1909 σκώληξ·
1394 1845 1597 1921 βρῶσις
1644 1845 1775 1913 δὲ,ἡ

1896 1854 2200 1922 quuntur;
2233 1855 2330 1911 σὴς
2363 1853 2562 1906 autem
2611 1850 2798 1923 (quod
2843 1867 2954 1907 nos
3001 1853 3218 1908 tineam
3249 1853 3554 1926 vertimus)

163 1937 334 2006 σῆψις
367 1941 454 1986 καὶ
492 1938 648 1995 ῖωσις
677 1939 768 1986 xui
817 1935 932 1987 καθ’
987 1934 1174 1992 ἑαυτὴν
1222 1939 1439 1994 τοιαύτη
1488 1933 1774 2012 διαφθορά,

161 2032 224 2078 Τί
266 2022 361 2076 οὖν
395 2043 408 2088 ;
439 2029 493 2076 τὸ
546 2028 785 2096 χρυσίον
832 2028 931 2084 σὴς
981 2023 1216 2096 ἀφανίζει
1247 2043 1258 2092 ;
1295 2025 1354 2077 Εἰ
1405 2031 1494 2078 xui
1545 2031 1615 2098 μὴ
1675 2031 1781 2092 σὴς,

159 2115 287 2166 ἀλλὰ
338 2114 584 2166 κλέπται.
639 2119 704 2166 Ti
759 2109 860 2180 di;
895 2115 1080 2175 πάντες
1117 2113 1372 2166 συλῶνται
1401 2131 1414 2180 ;
1448 2115 1508 2168 Εἰ
1571 2120 1659 2167 xui
1710 2121 1781 2188 μὴ

157 2211 370 2266 πάντες,
429 2201 538 2254 ἀλλ’
598 2205 649 2254 οὶ
706 2202 934 2262 πλείους.
986 2200 1211 2261 Ἀδηλον
1267 2201 1346 2268 δὲ,
1407 2209 1540 2266 τίνες
1598 2205 1784 2258 ἄσυλοι

157 2294 408 2364 pavo-35¢.
447 2294 529 2345 Τὰ
579 2299 707 2363 γοῦν
755 2288 1102 2364 διανεμόμενα
1129 2301 1237 2354 τοῖς
1281 2297 1488 2355 πένησι,
1549 2303 1658 2355 πῶς
1696 2298 1786 2352 θη-

159 2388 515 2457 σαυριζονται
559 2400 572 2446 ;
627 2384 674 2434 ἐν
736 2389 808 2451 τῷ
837 2381 1058 2454 οὐρανῷ.
1119 2389 1232 2444 Πῶς
1273 2401 1285 2451 ;
1324 2382 1372 2434 ἓν
1425 2392 1498 2454 τῷ
1551 2387 1784 2457 ταμιεύε-

165 2475 284 2523 σθαι
327 2471 439 2523 ἐκεῖ
473 2473 570 2532 τὰς
603 2467 900 2531 ἀντιδόσεις
949 2473 1140 2523 τούτων
1179 2477 1268 2524 xui
1315 2475 1408 2533 τὰς
1456 2473 1695 2546 άμοιϐἀς,
1729 2475 1784 2527 αἰ

163 2561 548 2631 mur/09:20::
594 2567 685 2613 xui
717 2563 1163 2636 θησαυριζόμεναι
1221 2561 1564 2634 φυλάττονται
1613 2565 1781 2636 ἀσφα-

164 2650 253 2712 λῶς
285 2653 434 2720 (18).

1895 1954 2161 1994 vermem
2216 1939 2528 2008 significat,
2574 1940 2677 2012 qui
2721 1939 3019 2013 plerisque
3067 1941 3555 2012 possessionibus

1893 2027 2236 2083 innascitur.
2274 2026 2477 2102 βρῶσις
2531 2043 2670 2085 vero
2710 2029 2896 2100 (quod
2946 2045 3051 2084 nos
3108 2031 3553 2100 corruptionem

1894 2117 2180 2182 diximus)
2209 2116 2508 2187 signiﬁcat
2558 2118 3080 2190 putrefactionem,
3115 2119 3192 2174 ad
3217 2117 3554 2189 rubiginem

1893 2206 2308 2271 mutationem,
2343 2221 2707 2279 omnemque
2737 2207 3083 2280 hujusmodi
3119 2223 3155 2263 a
3199 2207 3401 2279 seipso
3427 2222 3554 2263 cor-

1893 2295 2230 2367 ruptionem
2271 2295 2512 2351 indicat.
2549 2296 2696 2362 Quid
2725 2312 2866 2367 ergo
2894 2296 2922 2351 ?
2952 2296 3133 2354 etiam
3175 2312 3390 2353 aurum
3421 2311 3552 2369 per-

1895 2386 2041 2440 dunt
2097 2385 2382 2440 vermes?
2438 2385 2548 2440 Etsi
2595 2401 2718 2441 non
2777 2401 3025 2451 vermes,
3080 2389 3333 2442 attamen
3365 2385 3548 2442 fures.

1895 2476 2112 2530 Omnes
2147 2474 2323 2545 igitur
2352 2473 2680 2545 spoliantur
2708 2474 2735 2530 ?
2763 2474 3008 2530 Plurimi
3038 2489 3210 2531 sane.
3249 2475 3548 2530 Incertum

1893 2567 1981 2619 est
2012 2567 2230 2630 autem,
2272 2563 2376 2636 qui
2422 2579 2458 2619 a
2483 2563 2758 2620 violentia
2788 2564 2892 2620 tuti
2935 2567 3354 2636 permaneant.
3404 2564 3548 2629 Quae

1891 2669 2033 2709 vero
2063 2653 2429 2725 pauperibus
2477 2652 2931 2724 distribuuntur,
2957 2668 3229 2726 quonam
3277 2655 3456 2725 pacto
3486 2651 3549 2710 in

163 2740 310 2794 celo
341 2738 766 2795 reconduntur
792 2738 821 2794 ‘i
849 2741 975 2805 Quo
1007 2743 1182 2811 pacto
1211 2740 1240 2792 ‘?
1267 2744 1329 2796 In
1360 2757 1431 2797 eo
1461 2742 1622 2814 quod
1657 2743 1873 2799 horum
1898 2743 2314 2800 retributiones
2341 2757 2412 2798 ac
2445 2743 2960 2800 remunerationes
3008 2742 3090 2800 ibi
3120 2745 3496 2816 reponuntur
3531 2759 3546 2801 :

165 2845 288 2899 quae
319 2835 528 2884 autem
563 2827 642 2884 ibi
671 2828 930 2900 reposita
947 2833 1085 2884 sunt
1116 2833 1171 2885 et
1193 2830 1458 2896 collecta,
1494 2847 1700 2888 secura
1723 2836 2095 2903 permanent.

230 2915 360 2970 Εἶτα
416 2917 599 2988 ἐπάγει
629 2923 720 2969 xui
753 2918 916 2993 ἕτερον
966 2917 1240 2991 λογισμον,
1290 2922 1479 2972 πείθων
1534 2925 1620 2973 xui
1675 2920 1774 2975 ἀπὸ

167 3011 348 3060 τούτου
381 3009 621 3077 μάλιστα
634 3053 647 3065 ,

1962 2922 2183 2979 Deinde
2223 2925 2280 2978 et
2309 2921 2490 2978 aliam
2546 2921 2774 2978 inducit
2811 2922 3372 2992 considerationem,
3413 2937 3547 2995 quae

1889 3013 1966 3070 ab
1996 3013 2111 3068 hoc
2141 3013 2401 3068 maxime
2427 3011 2754 3076 abstrahat,
2788 3012 2993 3068 dicens
3031 3033 3043 3066 :

228 3097 245 3110 ’
278 3105 430 3150 Oxon
477 3128 547 3138 —
594 3099 625 3155 ἡ
677 3093 876 3170 καρδία
923 3098 1086 3164 ὑμῶν.
1140 3095 1374 3172 Καρδίαν
1414 3095 1654 3162 ἐνταῦθα,
1686 3102 1774 3152 τὸν

1959 3105 2123 3159 Vers.
2169 3104 2259 3156 2|.
2306 3101 2506 3157 Ubi—
2545 3116 2650 3157 cor
2673 3106 2948 3157 vestrum.
2998 3103 3109 3157 Cor
3145 3101 3206 3156 in
3257 3101 3373 3157 hoc
3412 3101 3544 3158 loco

166 3195 270 3238 νοῦν
323 3187 544 3240 ἐκάλεσε
588 3207 599 3219 ·
633 3185 769 3258 λέγει
829 3184 906 3252 δὲ,
970 3189 1050 3239 ὅτι
1101 3189 1202 3244 Καὶ
1257 3193 1300 3241 εὶ
1357 3185 1523 3261 μηδεν
1580 3191 1773 3241 τούτων

167 3283 392 3346 γένηται,
436 3279 664 3346 πάντως,
723 3279 850 3328 ὅπου
894 3277 1038 3329 εστὶν
1095 3279 1120 3328 ὀ
1167 3280 1430 3351 θησαυρὸς
1468 3280 1630 3350 ὑμῶν,
1673 3277 1776 3330 ὶκεῖ

169 3367 305 3418 ista:
355 3374 448 3418 xui
480 3368 508 3418 ὁ
540 3375 660 3428 νοῦς
713 3367 879 3437 ὑμῶν,
943 3371 1043 3419 Καὶ
1090 3366 1148 3419 οὐ
1196 3370 1360 3442 μικρὰ
1396 3375 1547 3420 τοῦτο
1599 3367 1768 3440 βλάϐη

166 3465 239 3516 τες
267 3458 429 3528 ψυχὴ
445 3478 486 3521 ς,
523 3459 582 3506 τὸ
623 3455 1003 3529 προσηλῶσθαι
1032 3461 1117 3508 τὸν
1147 3465 1264 3509 νοῦν
1300 3457 1464 3519 αὐτῆς
1524 3456 1643 3522 ἐκεῖ,
1686 3477 1773 3529 με·

166 3555 419 3618 ριμνῶντα
471 3541 655 3598 διόλου
711 3551 830 3618 περὶ
887 3553 981 3607 τῆς
1040 3554 1132 3597 τοῦ
1191 3548 1460 3620 θησαυροῦ
1516 3546 1769 3619 φυλακῆς,

166 3657 237 3688 ιιι
391 3638 617 3707 τοιαύτη
678 3631 950 3707 τυραννίδι
995 3632 1535 3709 καταδεδουλωμένον,
1581 3640 1766 3708 καὶμὴ

169 3726 425 3798 niuei-nu
455 3724 749 3797 μεταϐῆναι
778 3728 908 3798 πρὸς
940 3724 1112 3799 ἑτέραν
1135 3729 1346 3778 ἔννοιαν·

221 3816 275 3868 Ὀ
337 3817 545 3886 λύχνος
611 3845 674 3854 -
722 3817 980 3866 σκοτεινὸν
1034 3817 1204 3870 ἔσται.
1272 3817 1484 3887 Λύχνος
1529 3813 1692 3882 ἐστὶν,
1742 3816 1768 3867 ὁ

167 3912 394 3977 φωστήρο
449 3904 624 3956 Εἰπὼν
677 3899 736 3954 δὲ
794 3907 911 3976 περὶ
961 3912 1055 3965 τῆς
1118 3903 1332 3976 ἆγενοῡς
1395 3901 1630 3965 δουλείας
1677 3910 1768 3956 τοῦ

165 4003 254 4061 νοῦ,
313 3997 367 4054 ὃς
419 3993 566 4045 ἐστιν
626 3992 888 4064 ὀφθαλμὸς
926 4001 1016 4054 τῆς
1068 3993 1271 4065 ψυχῆς,
1325 3992 1567 4066 βούλεται
1599 3991 1766 4057 δεῖξαι

165 4090 526 4156 ξανερὼτιρον,
565 4084 646 4133 ὃτι
705 4084 733 4140 ἡ
789 4085 1004 4140 τοιαύτη
1061 4079 1272 4136 δουλεία
1322 4092 1414 4136 τοῦ
1471 4092 1581 4151 νοῦ,
1625 4082 1762 4155 λύμη

163 4182 238 4232 τῆς
294 4172 489 4242 ψυχῆς
564 4169 722 4223 ἐστιν.
805 4169 1071 4243 Λαμϐάνει
1135 4169 1195 4225 δὲ
1253 4169 1613 4247 παράδειγμα,
1677 4176 1764 4224 τὸν

163 4261 415 4331 ἀνθκλμόν
447 4267 542 4312 τοῦ
594 4269 857 4332 σώματος,
897 4264 986 4312 καὶ
1037 4259 1138 4314 ἀπὸ
1196 4264 1380 4314 τούτου
1438 4259 1636 4315 δίδωσι
1673 4266 1764 4314 xui

161 4352 211 4398 τά
241 4354 438 4402 ἐκείνου
461 4356 615 4401 νοεῖν.

1887 3195 2144 3247 mentem
2178 3189 2454 3262 appellat.
2490 3189 2635 3245 Dicit
2670 3195 2889 3257 autem,
2921 3190 3086 3262 quod
3126 3190 3204 3260 (r)
3239 3190 3353 3245 Etsi
3396 3187 3542 3246 nihil

1883 3283 2102 3339 horum
2124 3281 2314 3346 fuerit,
2340 3282 2587 3336 omnino
2615 3284 2812 3335 tamen
2843 3279 2947 3335 ubi
2978 3283 3065 3335 est
3105 3279 3419 3335 thesaurus
3445 3293 3542 3335 ve-

1883 3377 2020 3439 ster,
2035 3371 2113 3426 ibi
2135 3370 2304 3427 eritet
2323 3385 2489 3425 mens
2509 3374 2722 3426 vestra.
2744 3372 2943 3442 Neque
2955 3384 3207 3440 parvum
3248 3368 3309 3424 id
3328 3368 3541 3425 animas

1881 3461 2313 3517 documentum
2360 3463 2466 3528 est,
2501 3465 2761 3515 mentem
2800 3458 3071 3515 videlicet
3115 3474 3290 3514 suam
3321 3457 3406 3513 ibi
3444 3473 3542 3514 ca-

1880 3555 2041 3622 ptam
2072 3567 2224 3616 esse,
2254 3554 2309 3605 et
2342 3549 2499 3606 circa
2526 3549 2788 3604 thesauri
2821 3548 3148 3604 custodiam
3179 3547 3541 3604 multimoda

1880 3656 2023 3696 cura
2052 3639 2342 3709 distringi,
2377 3638 2598 3710 talique
2651 3638 2983 3708 subjectam
3029 3652 3160 3693 esse
3208 3635 3533 3709 tyrannidi,

1878 3744 2074 3802 neque
2106 3729 2326 3786 audere
2358 3727 2435 3783 ad
2461 3728 2645 3784 aliam
2673 3726 2925 3783 transire
2956 3726 3402 3797 cogitationem.

1951 3819 2118 3874 γει-ε.
2146 3823 2233 3873 22.
2267 3818 2538 3873 Lucerna
2567 3847 2634 3857 -—
2675 3819 2836 3873 Vers.
2872 3820 2958 3873 23.
3001 3815 3371 3873 tenebrosum
3399 3816 3534 3876 erit.

1875 3909 2140 3964 Lucerna
2156 3911 2244 3965 est
2263 3907 2585 3964 luminare.
2605 3907 2939 3979 Postquam
2956 3921 3095 3977 ergo
3117 3905 3263 3962 dixit
3282 3905 3357 3961 de
3383 3905 3538 3961 indi-

1877 4013 1997 4068 gna
2025 3997 2304 4053 servitute
2336 3995 2569 4061 mentis,
2605 4009 2741 4067 quas
2771 3993 2984 4050 oculus
3025 3998 3114 4049 est
3145 3993 3381 4063 animas,
3406 3993 3536 4048 vult

1875 4086 2287 4143 demonstrare
2325 4083 2691 4139 manifestius
2721 4082 2882 4154 quod
2929 4081 3268 4152 hujusmodi
3321 4081 3532 4138 mentis

1875 4176 2125 4231 servitus
2155 4173 2334 4246 pestis
2365 4175 2438 4230 sit
2467 4173 2705 4230 animae.
2746 4171 2940 4227 Sumit
2960 4175 3161 4227 autem
3187 4171 3530 4243 exemplum

1874 4265 1951 4321 ab
1976 4265 2152 4320 oculo
2179 4278 2489 4336 corporeo,
2513 4278 2549 4319 a
2570 4277 2711 4335 quo,
2742 4265 2798 4318 et
2822 4275 2959 4333 quas
2983 4259 3143 4316 illius
3171 4263 3330 4325 sunt,
3355 4259 3530 4316 nobis

1873 4354 1977 4411 dat
1995 4353 2342 4423 intelligere.

219 4441 634 4512 Παρατηρητέον
683 4433 742 4489 δὲ
790 4444 897 4505 νῦν,
945 4439 1025 4490 ὅτι
1084 4439 1277 4493 ἁπλοῦν
1329 4444 1417 4513 μεν
1461 4440 1615 4512 λέγει,
1676 4442 1760 4491 τὸν

1943 4443 2398 4498 Observandum
2421 4445 2621 4498 autem
2652 4439 2768 4504 hic,
2801 4438 2964 4511 quod
2998 4436 3243 4509 simplex
3266 4437 3532 4510 appellat

159 4528 285 4595 ἡμῖν
343 4531 578 4601 πονηρὸν
641 4522 720 4590 δὲ,
775 4531 861 4578 τὸν
917 4534 1143 4604 νοσερὸν.
1189 4536 1326 4587 Φησὶ
1367 4527 1444 4596 δὲ,
1511 4531 1590 4582 ὅτι
1644 4529 1759 4582 Ἐὰν

157 4637 230 4684 με)
252 4621 277 4669 ὁ
320 4618 598 4689 ὀφθαλμός
630 4635 724 4667 σου
757 4617 907 4686 ὑγιὴς
959 4624 1057 4691 εἰη,
1107 4621 1218 4672 ὅλον
1244 4624 1302 4672 τὸ
1345 4621 1498 4693 σῶμά
1552 4639 1646 4672 σου
1673 4639 1758 4672 πε-

159 4712 471 4779 ξςω-ισμένον
553 4709 719 4768 ἔσται,
801 4709 1143 4783 φωτιζόμενον
1218 4713 1318 4763 ὑπὸ
1385 4717 1473 4763 τοῦ
1566 4710 1755 4763 οἰκείου

214 4887 258 4920 ³ο
281 4885 504 4944 Matth.
541 4901 595 4954 v,
628 4890 681 4940 7.
761 4885 804 4920 ²¹
835 4882 987 4943 ibid.
1029 4885 1115 4942 25.
1151 4887 1197 4922 ²³
1227 4884 1355 4942 ibid
1379 4884 1469 4940 40.

1869 4533 1930 4588 id
1960 4533 2125 4605 quod
2153 4547 2365 4586 sanum
2399 4536 2485 4586 est
2521 4546 2533 4595 ;
2566 4529 2794 4585 malum
2820 4543 2962 4585 vero
3020 4527 3180 4599 quod
3211 4531 3523 4598 aegrotum.

1873 4621 2020 4678 Dicit
2049 4637 2191 4692 ergo
2224 4638 2236 4676 :
2269 4621 2325 4677 Si
2355 4620 2713 4676 oculustuus
2745 4633 2924 4674 sanus
2950 4617 3143 4684 fuerit,
3177 4621 3369 4674 totum
3401 4631 3530 4674 cor-

1867 4727 1981 4784 pus
2008 4714 2178 4766 tuum
2202 4708 2605 4766 illuminatum
2633 4707 2758 4774 erit,
2790 4722 2826 4764 a
2857 4706 3101 4780 proprio
3131 4704 3402 4763 videlicet
3431 4703 3526 4763 lu-

1362 5059 1589 5132 Variae
1629 5059 1958 5130 lectiones
2000 5069 2065 5130 et
2108 5069 2310 5132 notae.

210 5321 321 5404 {18}
365 5321 524 5390 Male
564 5333 720 5404 inter
775 5329 1016 5404 ἀσφαλῶς
1060 5326 1284 5404 etim
1342 5330 1758 5404 interse‘ruerat

210 5263 292 5330 (l7
368 5261 489 5320 Θιλη
535 5260 600 5319 Β.

210 5262 322 5405 “Si
365 5321 524 5390 Male
564 5333 600 5389 il

150 5401 466 5463 ﬂentenius
503 5401 1016 5478 superiora,'quaa
1042 5403 1088 5457 A
1135 5401 1198 5458 in
1250 5402 1520 5476 margine
1549 5401 1752 5460 habet.

214 5587 287 5659 (ᾳ)
320 5588 670 5655 Ostendam,
706 5592 790 5659 'se
822 5598 948 5659 non
1003 5587 1128 5639 tam
1168 5581 1405 5659 illorum
1437 5587 1754 5659 quamutua

155 5654 308 5715 causa
335 5662 457 5720 haec
485 5654 873 5735 precepisse,
905 5656 988 5710 ita
1019 5654 1593 5735 utaetiamsinullus
1619 5654 1753 5711 illo-

152 5744 261 5790 rum
278 5725 568 5796 molestus
583 5725 758 5804 ωλι]
769 5737 978 5785 tamen
1000 5725 1236 5784 divitias
1257 5731 1610 5784 contemnas
1630 5743 1752 5785 cas-

1866 5260 2010 5388 ξιξἒὲ
2060 5259 2191 5317 haec
2236 5259 2485 5333 quidem
2537 5259 2664 5320 sine
2693 5259 2816 5321 ullo
2866 5259 3056 5321 dubio
3097 5256 3524 5332 conjungenda

1862 5575 1974 5656 que
1996 5584 2287 5641 ditribuas
2312 5584 2535 5655 egenis.

1935 5657 2015 5728 (r)
2033 5657 2132 5713 Hic
2162 5651 2376 5713 rursus
2399 5658 2479 5710 ὃτι
2503 5657 2719 5715 frustra
2737 5651 2996 5714 reddidit
3016 5654 3193 5730 quod.
