4098 6402
523 354 629 414 247

525 479 744 537 minari
769 477 965 535 lucem
992 475 1267 542 habens;
1301 475 1565 532 siautem
1599 472 1810 529 oculus
1840 476 1979 528 tuus
2006 487 2187 542 mgro-

526 576 623 627 tus
642 570 831 640 fuerit,
859 572 1047 624 totum
1069 582 1289 637 corpus
1310 570 1471 621 tuum
1501 562 1879 619 tenebrosum
1904 563 2029 627 erit,
2065 577 2187 618 non

525 659 759 715 habens
809 657 888 713 ab
940 657 1068 728 ipso
1100 655 1314 711 lucem.
1361 655 1447 709 lta
1494 653 1672 722 igitur
1716 657 1772 707 et
1813 666 2002 714 mens,
2053 667 2188 723 quae

527 747 739 805 oculus
762 753 848 802 est
872 745 1109 809 animae,
1135 743 1353 799 defossi
1370 741 1629 797 thesauri
1654 740 2038 796 sollicitudini
2074 756 2192 795 ser-

528 838 724 901 viens,
749 839 975 904 aegrota
1006 838 1093 889 est
1120 849 1134 900 ;
1172 834 1305 904 ipsa
1322 832 1479 887 enim
1514 830 1843 886 sollicitudo
1873 829 2189 885 inﬁrmitas

532 932 643 991 est,
672 932 728 981 et
755 925 891 982 ideo
929 924 1250 979 obscurata
1286 926 1373 976 est
1404 920 1629 976 anima.

604 1016 771 1072 Vers.
805 1018 893 1069 23.
916 1014 983 1070 Si
1006 1028 1137 1084 ergo
1158 1043 1226 1051 —
1248 1016 1486 1083 quantae
1510 1010 1537 1064 Ἰ
1563 1009 1620 1065 Si
1638 1023 1780 1078 ergo
1806 1008 2008 1064 lumen
2030 1008 2191 1080 quod

532 1105 595 1161 in
627 1109 679 1161 te
709 1108 817 1168 est,
849 1104 962 1158 hoc
993 1108 1101 1165 est,
1140 1115 1329 1165 mens,
1380 1115 1517 1171 quae
1549 1097 1629 1154 ad
1657 1098 1769 1153 hoc
1828 1097 1969 1153 data
1998 1103 2102 1162 est,
2132 1102 2197 1153 ut

537 1194 804 1251 animam
830 1191 1182 1246 illuminaret
1214 1206 1283 1246 ac
1325 1192 1574 1259 regeret,
1608 1187 1859 1242 tenebrae
1895 1191 2053 1252 sunt,
2085 1186 2197 1242 hoc

538 1288 644 1350 est,
692 1281 1084 1338 obtenebrata
1137 1284 1245 1345 est,
1302 1277 1559 1335 tenebrae
1631 1292 1768 1349 quae
1822 1276 1899 1332 ab
1940 1276 2199 1332 affectio-

533 1372 714 1429 nibus
730 1371 1076 1442 procedunt,
1093 1374 1338 1440 quantae
1353 1366 1579 1422 suntad
1594 1367 1860 1421 animam
1876 1366 2201 1421 obscuran-

537 1462 704 1530 dam,
731 1462 861 1532 ipso
890 1459 1118 1515 lumine
1149 1457 1314 1530 quod
1338 1456 1415 1512 illi
1445 1455 1744 1512 oriebatur
1761 1455 2151 1511 obtenebrato
2172 1454 2199 1509 ‘I

602 1550 776 1615 .Vers.
832 1552 919 1604 24.
952 1549 1135 1605 Nemo
1187 1550 1623 1602 —contemnet.
1675 1544 1863 1599 Aliam
1920 1550 2203 1616 praeterea

545 1638 1085 1695 considerationem
1130 1636 1373 1692 adducit
1400 1632 1963 1696 formidabiliorem,
2003 1638 2059 1689 ut
2093 1633 2204 1688 for-

540 1728 700 1783 tibus
719 1727 798 1783 ab
820 1742 1021 1783 amore
1057 1725 1464 1797 temporalium
1499 1738 1697 1777 rerum
1719 1728 2076 1786 avertamur,
2111 1738 2202 1777 os-

1849 342 2199 402 EUTHYMII
2248 340 2583 399 ZIGABENI
3775 347 3867 402 2,48

2297 471 2637 541 φωταγωγοῦ·
2665 465 2749 518 ἐοίν
2782 463 2841 519 δε
2878 468 2903 519 6
2934 465 3191 539 ὀφθαλμός
3225 485 3317 520 σου
3349 472 3561 543 νοσερὸς
3590 474 3791 538 εἴη,ὃλον
3819 484 3867 533 τὸ

2302 560 2453 630 σῶμοί
2488 577 2579 609 σου
2596 555 2959 628 ἐσκοτισμένον
2976 560 3223 628 ἐσται,μὴ
3248 560 3586 631 φωτιζόμενον
3603 563 3684 613 ὑπ’
3707 565 3864 621 αὐτο).

2299 649 2458 700 Οὔπω
2486 652 2656 698 τοίνυν
2687 651 2777 698 καὶ
2805 648 2829 697 6
2863 646 3119 718 ὀφθαλμὸς
3154 656 3248 709 τῆς
3278 646 3432 719 ψυχῆ
3446 670 3481 717 ς,
3536 651 3561 700 6
3593 658 3720 719 νοῦς,
3766 652 3870 706 δον.

2297 736 2453 788 λεύων
2492 744 2553 807 τῇ
2590 732 2830 809 φροντίδι
2859 743 2949 787 τοῦ
2982 742 3439 809 κατορωρυγμένου
3465 739 3578 809 (19)
3605 741 3868 816 θησαυροῦ,

2299 830 2503 898 νοσερός
2548 824 2660 876 ἐστι
2695 843 2706 854 ·
2736 829 2884 885 νόσος
2908 827 3011 899 γὰρ
3052 828 3081 883 ἡ
3133 829 3350 885 τοιαύτη
3384 833 3589 902 φροντίς
3620 846 3632 860 °
3660 836 3743 884 καὶ
3778 832 3870 885 λοι⁶

2301 918 2416 979 πὸν,
2450 914 2760 967 ἐσκότισται
2785 917 2813 972 ἡ
2848 914 3027 986 ψυχή.

2371 1004 2433 1059 Ei
2460 1004 2546 1057 οὖν
2579 1035 2646 1045 -
2684 1009 2868 1058 πόσον.
2913 1007 2973 1057 Ei
3002 999 3090 1056 οὖν
3115 1006 3173 1056 τὸ
3206 1013 3309 1076 φῶς
3341 1008 3399 1057 τὸ
3428 1004 3476 1057 ἐν
3511 1011 3610 1078 σοὶ,
3647 1010 3671 1061 ὅ
3699 1009 3823 1063 ἐστιν
3854 1014 3874 1063 ό

2302 1102 2435 1159 νοῦς,
2477 1095 2502 1145 6
2535 1090 2793 1166 δωρηθεὶς
2818 1094 2884 1154 εἰς
2909 1096 2966 1146 τὸ
2994 1094 3233 1165 φωτίζειν
3246 1099 3333 1147 καὶ
3352 1091 3561 1167 ὁδηγεῖν
3584 1102 3673 1157 τὴν
3691 1098 3873 1171 ψυχήν,

2308 1189 2485 1244 σκότος
2515 1184 2649 1249 ἐστὶ,
2678 1188 2965 1249 τουτέστιν,
3001 1182 3323 1249 ἔσκότισται,
3351 1184 3529 1238 λοιπὸν
3584 1190 3640 1239 τὸ
3696 1194 3875 1257 σκότος,

2306 1277 2365 1326 τὸ
2428 1272 2528 1325 ἀπὸ
2594 1281 2691 1325 τῶν
2736 1275 2934 1337 παθῶν,
2995 1278 3157 1326 πόσον
3215 1278 3382 1346 ἔσται,
3454 1276 3521 1335 εἰς
3557 1279 3611 1328 τὸ
3646 1279 3878 1339 arietiCva

2307 1367 2401 1421 τὴν
2431 1362 2638 1433 ψυχὴν,
2706 1365 3068 1424 σκοτισθέντος
3102 1363 3191 1415 τού
3245 1363 3595 1427 ἀνατέλλοντος
3634 1367 3739 1439 (‘20)
3772 1370 3880 1421 αὐτὸ

2311 1472 2446 1525 φωτο
2464 1474 2482 1513 ς
2525 1469 2537 1518 ;

2382 1537 2577 1601 Ούδεὶς
2634 1571 2699 1581 -—
2749 1546 3158 1615 καταφρονήσει.
3225 1543 3338 1596 Ἔτι
3382 1548 3472 1596 καὶ
3526 1545 3686 1618 ἕτερον
3728 1546 3881 1618 ἐπάγει

2312 1631 2564 1701 λογισμόν
2624 1630 2987 1705 φοϐερώτερον,
3066 1632 3133 1691 εἰς
3194 1632 3540 1707 ἰσχυροτέραν
3611 1634 3882 1710 ἀπότροπήν

2310 1729 2404 1782 τῆς
2456 1720 2901 1792 φιλοχρηματίας,
2967 1718 3233 1792 δεικνύων,
3286 1724 3367 1773 ὃτι
3418 1724 3547 1781 αύτη
3584 1729 3670 1776 καί
3702 1732 3784 1786 τῆς
3809 1734 3884 1777 τοῦ

541 1817 794 1873 tendens
825 1816 988 1870 hunc
1011 1815 1112 1870 Dei
1143 1813 1436 1885 expellere
1486 1812 1843 1878 servitutem,
1895 1815 1951 1865 et
1976 1812 2033 1865 in
2061 1811 2205 1866 divi-

2320 1816 2451 1862 Θεοῦ
2502 1805 2739 1869 δουλείας
2770 1813 2904 1881 ἡμᾶς
2956 1809 3206 1875 ἐκϐάλλει,
3269 1815 3357 1863 καὶ
3396 1820 3469 1882 τῷ
3507 1813 3703 1885 πλούτῳ
3746 1835 3883 1866 κατα-

539 1906 759 1963 tiarum
788 1904 1071 1960 reducere
1109 1903 1473 1959 servitutem.
1509 1899 1868 1970 Simpliciter
1898 1906 2112 1963 autem,
2154 1904 2208 1955 et

542 1994 773 2066 absque
815 1993 1059 2050 nomine
1113 1993 1377 2064 primum
1418 1989 1572 2045 duos
1629 1989 1767 2043 dicit
1814 1988 2099 2051 dominos,
2151 1996 2210 2042 ut

544 2082 844 2139 auditores
894 2082 1037 2138 dicti
1080 2081 1391 2137 veritatem
1443 2082 1613 2147 cogat
1653 2076 1941 2132 conﬁteri.
1994 2076 2210 2132 Deinde

544 2171 903 2227 nominatim
930 2169 1059 2226 illos
1091 2169 1277 2241 ponit,
1298 2168 1373 2223 de
1399 2168 1622 2239 quibus
1645 2172 1771 2221 erat
1802 2181 2019 2221 sermo.
2052 2166 2211 2222 Duos

545 2274 685 2316 vero
710 2259 991 2315 dominos
1034 2258 1194 2322 dicit,
1224 2255 1525 2313 contraria
1545 2255 1846 2326 jubentes.
1873 2255 2212 2312 Adhaerebit

555 2352 777 2413 autem,
815 2348 930 2405 hoc
962 2354 1070 2415 est,
1102 2346 1355 2403 Parebit.

619 2438 779 2494 Vers.
816 2438 1068 2493 24,Νοη
1106 2466 1175 2478 -—
1232 2448 1590 2495 mammonae.
1649 2436 1795 2489 Ecce
1855 2433 2210 2489 nominatim

549 2526 963 2598 quoqueduos
991 2525 1307 2597 praedictos
1337 2523 1618 2579 dominos
1658 2522 2006 2579 manifestat.
2036 2525 2214 2579 Mam-

551 2629 738 2671 mona
767 2622 967 2670 autem
1009 2614 1087 2671 ab
1140 2613 1399 2669 Hebraeis
1445 2612 1664 2667 divitiae
1714 2612 2013 2679 dicuntur,
2062 2628 2210 2683 quas

552 2702 728 2767 etiam
754 2703 1070 2760 dominum
1097 2701 1438 2774 appellavit,
1479 2706 1719 2772 propter
1747 2700 2212 2757 imbecillitatem

554 2788 796 2845 illorum
828 2791 930 2863 qui
959 2806 1166 2846 earum
1199 2790 1490 2845 sustinent
1531 2788 1886 2843 dominium.
1925 2788 2071 2853 Quid
2112 2788 2213 2857 igi-

555 2882 670 2945 tur,
703 2895 898 2935 nonne
947 2878 1247 2935 Abraham
1300 2878 1467 2932 dives
1496 2883 1621 2933 erat
1649 2879 1676 2932 ‘?
1708 2893 1905 2933 nonne
1928 2877 2059 2942 Job,
2094 2878 2213 2933 alii-

556 2986 674 3043 que
706 2968 927 3023 similes
961 2968 987 3023 ?
1025 2968 1232 3039 Utique
1258 2966 1475 3021 divites
1508 2968 1751 3038 quidem
1785 2972 1973 3030 erant,
2010 2972 2071 3022 at
2092 2982 2215 3022 non

557 3057 917 3121 serviebant,
947 3056 1051 3112 sed
1083 3055 1555 3113 dominabantur
1584 3054 1817 3118 divitiis,
1875 3060 1931 3111 et
1957 3055 2122 3127 ipsas
2154 3056 2215 3110 in

556 3162 776 3220 egenos
807 3144 1211 3202 insumebant.

623 3238 760 3295 Non
806 3235 1047 3304 potestis
1095 3236 1212 3290 Deo
1277 3234 1494 3290 servire
1546 3241 1596 3289 et
1655 3247 2014 3302 mammonae,
2074 3232 2216 3304 quia

557 3328 714 3383 Deus
744 3340 865 3380 non
899 3325 1077 3379 modo
1112 3322 1282 3393 jubet
1314 3322 1391 3378 ab
1422 3321 1630 3377 alienis
1671 3321 1984 3385 abstinere,
2029 3321 2129 3377 sed
2163 3326 2220 3377 et

555 3414 799 3489 propria
815 3414 1066 3483 elargiri.
1110 3414 1451 3467 Mammona
1483 3426 1621 3465 vero
1657 3412 2021 3466 contrarium
2057 3428 2068 3465 :
2098 3427 2217 3466 non

555 3505 737 3562 modo
777 3501 1049 3559 videlicet
1088 3500 1332 3572 propria
1361 3516 1484 3554 non
1546 3499 1802 3569 elargiri,
1854 3500 1957 3553 sed
1992 3515 2100 3554 nec
2141 3501 2218 3555 ab

557 3593 765 3649 alienis
809 3590 1106 3647 abstinere
1159 3595 1215 3645 et
1265 3588 1359 3643 ille
1401 3588 1689 3643 Dominus
1734 3593 1999 3643 ventrem
2049 3589 2221 3659 jubet

556 3681 882 3750 astringere
905 3698 919 3749 ;
947 3680 1054 3735 iste
1077 3694 1213 3733 vero
1234 3678 1410 3732 ventri
1434 3677 1741 3747 indulgere
1762 3693 1776 3742 ;
1797 3677 1891 3732 ille
1913 3679 2218 3733 contineno

558 3776 676 3825 tem
703 3784 855 3832 esse,
888 3766 987 3823 hic
1020 3770 1215 3822 autem
1239 3766 1510 3831 scortari,
1544 3765 1779 3837 aliaque
1802 3766 2035 3821 similia.

630 3857 791 3913 Vers.
838 3860 924 3911 25.
979 3855 1290 3925 Propterea
1346 3884 1415 3895 --
1474 3854 1835 3909 induamini.
1897 3854 2219 3925 Postquam

555 3946 757 4002 locum
790 3944 1046 4002 absolvit
1099 3945 1167 3998 de
1198 3959 1321 4000 non
1365 3943 1747 3999 recondendo
1781 3960 1965 4016 super
2004 3948 2223 4000 terram

555 4036 852 4101 thesauro,
886 4039 941 4090 et
970 4050 1042 4090 ea
1084 4049 1220 4105 quas
1276 4038 1618 4103 supersunt,
1682 4033 2049 4104 pauperibus
2107 4034 2227 4088 dis-

557 4126 810 4183 tribuere
850 4126 1053 4191 suasit,
1092 4124 1259 4179 docet
1292 4122 1575 4195 deinceps
1606 4123 1681 4178 de
1738 4123 2077 4178 necessario
2110 4140 2226 4178 usu

557 4231 682 4271 non
735 4230 863 4271 esse
907 4213 1244 4270 sollicitum.
1290 4213 1383 4268 Ait
1434 4212 1633 4268 enim:
1682 4212 1772 4268 Ne
1823 4213 1949 4267 sitis
1986 4213 2228 4269 solliciti

559 4305 776 4363 animm
819 4309 1043 4373 vestrm,
1076 4303 1136 4358 id
1185 4308 1291 4369 est,
1344 4307 1585 4374 propter
1642 4302 1907 4357 animam
1955 4308 2224 4369 vestram,

559 4393 912 4466 quidedatis,
938 4392 1191 4464 autquid
1207 4391 1435 4447 bibatis.
1453 4393 1810 4463 Quanquam
1836 4392 1998 4447 enim
2024 4391 2229 4448 anima

559 4498 756 4553 neque
787 4482 947 4547 edat,
988 4497 1182 4553 neque
1211 4480 1402 4549 bibat,
1435 4484 1678 4551 prOpter
1726 4481 1991 4535 animam
2026 4484 2226 4536 tamen

2319 1894 2517 1951 δουλοῖ.
2566 1898 2762 1959 Ἀπλῶς
2790 1896 2869 1963 δὲ,
2924 1904 3012 1951 καὶ
3044 1898 3341 1971 ἀνωνύμως,
3398 1897 3495 1953 δύο
3547 1908 3746 1976 κυρίους
3773 1903 3886 1975 λέγει

2318 1996 2545 2061 πρῶτον,
2602 1989 2685 2039 ἱνα
2738 1988 2867 2061 λάϐῃ
2923 1989 3403 2060 συνομολογοῦντας
3430 1996 3550 2053 τούς
3578 1991 3883 2065 ἀκροατὰςτῇ

2322 2075 2536 2149 ἀληθείᾳ
2584 2084 2677 2129 τοῦ
2732 2077 3008 2139 λεχθέντος
3039 2095 3052 2109 ·
3099 2077 3210 2131 εἶτα
3274 2082 3486 2137 τίθησιν
3528 2080 3764 2153 ὀνομαστὶ
3814 2088 3887 2134 καὶ

2321 2166 2530 2231 αύτούς,
2590 2171 2708 2239 περὶ
2763 2168 2829 2218 ὧν
2876 2167 2900 2217 6
2940 2167 3084 2239 λόγος
3150 2183 3162 2194 ·
3219 2165 3317 2219 δύο
3366 2166 3426 2221 δὲ
3478 2177 3686 2245 κυρίους
3732 2178 3886 2243 φησὶν,

2323 2254 2527 2307 ἐναντία
2610 2258 2995 2316 ἐπιτάττοντας.
3094 2256 3366 2321 Λνθέξεται
3449 2256 3527 2327 δὲ,

3612 2258 3716 2312 ἀντὶ
3792 2270 3886 2330 τοῦ,

2321 2344 2548 2397 Ὑπακού
2556 2364 2652 2397 σει⁸

2398 2434 2473 2485 Ού
2504 2464 2572 2475 -—
2603 2440 2844 2506 μαμωνᾶ.
2873 2432 3013 2487 Ἰδοὺ
3035 2438 3123 2487 καὶ
3148 2435 3533 2507 ὀνομαστὶτοὺς
3550 2436 3782 2512 ῥηθέντας
3810 2435 3889 2489 δύο

2326 2528 2539 2596 κυρίους
2571 2520 2825 2581 ἐδήλωσε.
2875 2530 3134 2595 Μαμωνᾶς
3156 2521 3215 2577 δε
3235 2526 3354 2597 παρ’
3386 2526 3664 2593 Ἑϐραίοις,
3696 2528 3719 2578 6
3754 2526 3887 2579 πλοῦ-

2322 2632 2427 2677 τος,
2461 2614 2512 2663 ὃν
2562 2617 2650 2664 καὶ
2702 2615 2881 2686 κύριον
2920 2619 3338 2685 προσηγόρευσε,
3386 2611 3480 2666 διὰ
3533 2619 3623 2673 τὴν
3655 2612 3890 2666 ἀσθένειαν

2321 2710 2420 2754 τῶν
2454 2701 2542 2753 ὑπ’
2571 2701 2732 2753 αὐτοῦ
2778 2706 3169 2776 κυριευομὲνων.
3221 2704 3284 2757 Τί
3340 2702 3469 2772 ούνς
3510 2704 3611 2774 οὐχ
3641 2701 3892 2774 όἈϐραάμ

2320 2789 2573 2851 πλούσιος
2598 2787 2657 2847 ἧν
2692 2810 2704 2857 ;
2747 2791 2850 2861 οὐχ
2881 2792 2905 2842 6
2932 2791 3050 2843 Ἰὼϐ
3079 2796 3168 2843 καὶ
3201 2794 3248 2843 οἱ
3308 2794 3423 2844 κατ’
3477 2792 3689 2854 ἐκείνους
3722 2835 3733 2859 ,
3762 2794 3853 2843 Ναί
3879 2805 3889 2816 '

2321 2879 2563 2931 πλούσιοι
2592 2883 2681 2951 μὲν
2720 2876 2873 2945 ἦσαν,
2909 2879 3015 2931 ἀλλ’
3039 2881 3096 2932 ού
3128 2889 3198 2951 τῷ
3234 2881 3440 2953 πλούτῳ
3468 2879 3723 2934 ἐδούλευον
3761 2899 3770 2909 ·
3805 2877 3893 2930 ἀλλ’

2324 2969 2585 3042 ἐκυρίευον
2632 2969 2780 3021 αὐτοὶ
2836 2972 3043 3037 τούτου,
3085 2975 3174 3023 καὶ
3210 2971 3277 3032 εἰς
3321 2976 3435 3032 τοὺς
3469 2969 3731 3044 δεομένους
3760 2970 3893 3021 αὐτὸν

2329 3058 2627 3117 ἀνήλισκον.

2400 3234 2474 3287 Οὐ
2507 3230 2735 3287 δύνασθε
2784 3230 2843 3287 δὲ
2897 3242 3010 3305 Θεῷ
3053 3232 3315 3288 δουλεύειν
3342 3241 3434 3289 καὶ
3460 3241 3694 3309 μαμωνᾱ’
3727 3231 3897 3286 διότιό

2328 3326 2418 3395 μὲν
2433 3326 2562 3384 Θεὸς
2585 3324 2863 3390 ἐπιτάττει,
2893 3329 2963 3397 μὴ
2997 3330 3151 3396 μόνον
3177 3324 3475 3396 ἀπέχεσθαι
3506 3336 3603 3379 τῶν
3632 3325 3897 3398 ἀλλοτρίων,

2330 3412 2456 3464 ἀλλα
2486 3417 2575 3465 καὶ
2605 3421 2703 3465 τῶν
2739 3414 2938 3466 οἰκείων
2988 3411 3356 3485 μεταδιδόναι,
3386 3417 3413 3466 6
3448 3412 3507 3468 δέ
3545 3421 3776 3487 μαμωνᾱις
3799 3411 3899 3463 τού-

2329 3506 2552 3567 ναντίον,
2586 3506 2656 3574 μὴ
2702 3510 2855 3574 μόνον
2903 3508 2973 3574 μὴ
3013 3500 3373 3575 μετοδιδόναι,
3410 3514 3513 3557 τῶν
3548 3509 3763 3566 σικείων,
3794 3500 3903 3553 ἀλλὰ

2332 3588 2469 3662 μηδὲ
2500 3600 2599 3642 τῶν
2633 3590 2906 3667 ἀλλοτρίων
2931 3591 3224 3663 ἀπέχεσθαι
3258 3608 3269 3619 ⁸
3310 3598 3400 3645 καὶ
3423 3597 3552 3665 ὁμὲν
3583 3594 3692 3664 (21)
3722 3596 3902 3666 κρατεῖν

2330 3683 2582 3755 γαστρὸς,
2617 3682 2641 3731 6
2670 3677 2729 3732 δέ
2769 3679 2961 3752 ἐφιέναι
2988 3684 3187 3754 γαστρί
3220 3698 3231 3711 ·
3274 3686 3363 3734 καὶ
3406 3684 3432 3734 6
3589 3676 3902 3757 σωφρονεῖν,ὁ

2334 3767 2368 3821 δ
2372 3772 2392 3821 ὲ
2428 3772 2689 3842 πορνεύειν
2717 3775 2806 3821 καὶ
2838 3772 2903 3822 τὰ
2931 3778 3165 3823 τοιαῦτα.

2405 3861 2512 3913 Λιὰ
2559 3890 2627 3897 -
2686 3855 3004 3917 ἐνδύσησθε.
3074 3860 3412 3922 Ἀποστήσας
3468 3869 3561 3914 τοῦ
3604 3858 3908 3933 θησαυρίζειν

2334 3945 2416 3999 ἐπὶ
2443 3954 2534 4007 τῆς
2562 3955 2682 4018 γῆς,
2715 3952 2799 3999 καὶ
2826 3954 3010 4010 πείσας
3051 3945 3311 4022 διανέμειν
3343 3953 3408 4002 τὰ
3448 3955 3726 4022 πρυσόντα,
3776 3943 3909 3999 διὸα-

2338 4054 2451 4089 σκει
2474 4036 2672 4103 λοιπὸν,
2702 4034 2841 4109 μηδὲ
2869 4043 2985 4107 περὶ
3016 4047 3107 4099 τῆς
3130 4039 3419 4111 ἀναγκαίας
3453 4045 3635 4114 χρείας
3664 4039 3907 4111 μεριμνᾷν.

2337 4130 2472 4183 Φησὶ
2515 4128 2617 4199 γάρ
2647 4144 2659 4155 ⁸
2695 4132 2779 4185 Μὴ
2838 4134 3116 4201 μεριμνᾶτε
3146 4136 3207 4200 τῇ
3249 4128 3405 4200 ψυχῇ
3463 4130 3622 4199 ὑμῶν,
3672 4128 3909 4188 τουτέστι,

2336 4219 2420 4273 Μὴ
2478 4222 2755 4287 μεριμνᾶτε
2806 4213 2899 4267 διὰ
2962 4221 3055 4274 τὴν
3114 4216 3299 4288 ψυχὴν
3353 4220 3519 4290 ἡμῶν,
3582 4222 3629 4269 τί
3673 4212 3909 4287 φάγητεῆ

2337 4311 2387 4353 τί
2444 4308 2615 4361 πίητε.
2666 4304 2723 4357 Εἰ
2770 4308 2871 4377 γὰρ
2927 4311 3017 4357 καὶ
3076 4308 3105 4364 ἡ
3170 4306 3325 4377 ψυχὴ
3399 4307 3516 4359 οὔτε
3581 4306 3754 4370 ἐσθίει,
3815 4301 3915 4353 οὔτε

2336 4396 2471 4443 πίνει
2506 4409 2516 4420 ·
2554 4391 2659 4444 ἀλλ’
2710 4390 2795 4445 οὖν
2828 4391 2923 4447 διὰ
2969 4400 3057 4452 τὴν
3100 4394 3286 4466 ψυχὴν
3324 4395 3566 4449 ἐσθίουσι
3586 4398 3672 4448 καί
3702 4399 3915 4446 πίνουσιν

2340 4481 2387 4531 οἰ
2440 4483 2724 4554 ἄνθρωποι,
2783 4489 2854 4555 μὴ
2923 4480 3218 4556 δυναμένην
3286 4484 3496 4538 ἐνοικεῖν
3546 4491 3747 4557 σώματι
3805 4484 3918 4552 μήτε

563 4549 747 4627 edunt
773 4587 839 4626 ac
885 4549 1105 4626 bibunt
1138 4570 1414 4625 homines
1436 4549 1593 4640 quae
1644 4586 1863 4640 corpus
1892 4570 2211 4625 inhabitari

2340 4575 2625 4642 τρεφομένῳ
2648 4578 2780 4643 μήτε
2804 4577 3024 4641 πίνοντι,
3072 4578 3262 4647 μέχρις
3313 4576 3375 4627 ἄν
3428 4575 3519 4627 καί
3562 4582 3710 4627 τοῦτο
3736 4571 3909 4643 ἀφθαρ-

562 4675 686 4716 non
699 4663 911 4731 potest,
930 4659 1099 4731 quod
1117 4674 1236 4715 non
1250 4659 1528 4722 comedit,
1544 4664 1601 4714 et
1613 4658 1784 4724 bibit,
1815 4658 2004 4714 donec
2031 4659 2231 4730 ipsum

567 4764 811 4822 quoque
837 4763 1057 4820 corpus
1088 4748 1532 4819 incorruptibile
1563 4748 1873 4803 reddatur.

638 4837 769 4894 Alio
791 4853 1035 4909 quoque
1065 4836 1248 4894 modo
1276 4836 1339 4893 id
1365 4837 1555 4909 aptari
1580 4838 1650 4909 (ε)
1682 4840 1891 4909 potest,
1921 4838 2231 4909 quodcum

567 4925 844 4985 homines
873 4925 1174 4984 interdum
1199 4925 1263 4984 in
1295 4926 1498 4984 anima
1519 4925 1679 4984 anxii
1703 4925 1841 4993 sint,
1870 4926 2234 4998 quandoque

2341 4661 2569 4717 τισθείη.

2414 4836 2559 4911 [Καὶ
2614 4839 2725 4911 (22)
2767 4840 2885 4893 καθ’
2939 4842 3106 4916 ἕτερον
3158 4838 3431 4915 δὲτρόπον
3474 4841 3816 4915 ἑρμηνευτέον,
3855 4852 3923 4886 οτι

2345 4926 2457 4980 ἐπεὶ
2513 4931 2633 4981 ποτέ
2676 4931 2766 5001 μὲν
2816 4928 2864 4982 ἐν
2914 4937 2976 5003 τῇ
3028 4930 3182 5003 ψυχῇ
3224 4940 3541 5005 μεριμνῶσιν
3590 4933 3637 4983 οἱ
3674 4930 3921 4999 ἔνθρωποι,

1811 5130 2034 5198 Varia
2058 5130 2393 5199 lectiones
2439 5142 2503 5199 et
2541 5142 2717 5201 notae

649 5354 1199 5496 (19g’xatrmpu7névou
1238 5361 1298 5408 A.

652 5425 741 5495 (20
772 5426 1165 5487 αναστελλοντος
1206 5430 1271 5481 Α.

652 5427 1165 5496 (20)ἀναστέλλοντος
1206 5430 1271 5481 A.
1307 5427 1473 5482 Male.
1525 5427 1635 5481 Pro
1688 5427 1812 5479 αὑτό
1870 5430 2069 5482 autem
2114 5442 2238 5481 cor-

578 5496 895 5567 rigendum
926 5498 1160 5554 videtur
1190 5499 1344 5571 αὐτῇ,
1388 5499 1424 5555 i.
1458 5514 1512 5558 e.
1534 5507 1596 5571 τῇ
1624 5497 1778 5572 ψυχῇ
1812 5502 2004 5571 Atque
2039 5500 2120 5555 ita
2148 5499 2238 5553 vi-

659 5673 733 5750 (s)
757 5674 995 5745 Aptari.
1026 5675 1333 5749 Explicari.

772 5424 1165 5487 ἀναστὲλλοντος
1206 5430 1271 5481 A.
1307 5426 1473 5482 Male.
1525 5426 1635 5481 Pro
1688 5426 1812 5479 αὑτό
1870 5430 2069 5482 autem
2114 5442 2243 5481 cor-

2352 5356 2528 5431 detur
2553 5356 2764 5431 legisse
2790 5357 3101 5431 interpres.

2422 5428 2534 5496 (21)
2576 5428 2675 5480 ἀπό
2707 5438 2879 5481 κοινοῦ
2909 5428 2964 5482 τό
2996 5432 3274 5485 ἐπιτάττει.

2423 5500 2534 5573 (22)
2580 5500 2811 5557 Inclusa
2852 5502 2911 5556 in
2954 5504 3224 5574 margine
3256 5503 3457 5561 habet.
3490 5502 3562 5556 A.
