4098 6408
216 342 320 398 249
1208 342 1572 401 (ῙΟΜΝΕΝΤ.
1624 343 1693 399 ΙΝ
1748 341 1834 399 MA

1998 341 2193 400 lEUM.
2237 372 2301 385 —
2345 342 2501 399 CAP.
2542 341 2639 399 Vl.
3510 343 3616 399 250

220 474 296 521 ὅτε
324 468 458 521 κατὰ
484 473 607 519 νοῦν
656 471 821 540 μόνον
869 470 1228 544 φροντίζουσι,
1258 472 1384 522 ποτε
1436 466 1494 523 δὲ
1542 470 1593 523 ἐν
1621 478 1694 540 τῷ
1730 473 1838 522 σώ-

1998 474 2147 526 utem
2181 468 2306 525 sola
2338 472 2535 525 mente
2565 467 2793 524 solliciti
2852 467 2942 541 (ι),
2981 469 3345 541 quandoque
3384 485 3523 525 vero
3557 471 3616 526 iu

226 578 362 632 ματι,
398 559 481 609 ὅτε
534 564 929 612 κατατείνουσι
978 562 1094 630 (23)
1142 568 1295 612 τοῦτο
1338 562 1468 634 πρὸς
1518 567 1704 618 κτῆσιν
1750 566 1840 611 τοῦ

2000 574 2193 628 )rpore
2226 576 2242 613 :
2274 558 2596 629 aliquando
2623 562 2676 612 et
2705 558 2788 629 (u)
2817 558 2891 613 ad
2914 560 3351 630 possessiones,
3379 574 3529 630 quas
3557 559 3618 614 in

230 644 662 719 σπουδαζομένου
701 692 715 713 ,
765 654 861 701 καὶ
918 652 1108 709 ταύτης
1154 648 1396 710 κάκείνης
1446 658 1535 709 τῆς
1592 654 1843 722 μερίμνης

1999 648 2157 702 nimo
2198 648 2442 711 habent,
2476 648 2588 702 hoc
2620 648 2945 702 extendunt
2978 665 2990 702 :
3041 653 3095 703 et
3126 648 3203 703 ab
3260 648 3395 713 hac,
3454 656 3509 702 et
3541 648 3617 703 ab

234 736 440 807 απαξ-μων
468 737 667 798 αὐτούς
701 740 728 791 ὸ
756 741 973 811 Κύριος,
1000 736 1104 791 εἶπε
1138 755 1150 769 ·
1184 744 1267 795 Μὴ
1297 745 1594 811 μεριμνᾶτε,
1619 743 1745 810 μήτε
1779 746 1838 809 τῇ

2001 735 2053 790 la
2078 751 2239 801 cura,
2286 736 2577 791 Dominus
2634 736 2767 791 illos
2820 736 3200 801 abstrahens,
3256 736 3406 792 dixit
3464 753 3474 791 :
3536 738 3619 792 Ne

232 826 384 898 ’,ινχῇ
431 828 595 897 ὑμῶν,
666 834 802 899 μήτε
852 838 927 899 τῷ
983 836 1207 900 σώματι,
1263 831 1378 899 περὶ
1437 826 1701 899 βρώσεως,
1756 832 1845 879 καὶ

2002 826 2129 882 nxii
2155 826 2302 891 sitis,
2335 840 2529 897 neque
2577 825 2637 881 in
2679 826 2883 881 anima
2923 832 3140 889 vestra,
3173 842 3367 898 neque
3394 826 3455 882 in
3490 842 3620 883 cor-

235 922 447 977 πόσεως,
477 924 567 968 καὶ
599 913 911 989 ἐνδύματος.
939 916 961 991 ]

1953 930 2118 989 pore,
2154 914 2227 969 de
2253 914 2388 970 cibo
2419 919 2472 969 et
2503 920 2667 986 potu,
2714 930 2784 970 ac
2816 915 3183 971 vestimento.

302 1005 450 1076 Οὐχὶ
481 1037 551 1045 -
581 1003 876 1078 ἐνδύματος
909 1026 923 1075 ;
954 1013 1117 1059 Τοῦτο
1175 1004 1282 1059 εἷπε
1335 1002 1528 1077 δηλῶν,
1584 1007 1665 1059 ὅτι
1716 1007 1741 1058 ὁ
1787 1009 1847 1059 τὸ

2026 1003 2189 1060 Vers.
2221 1005 2309 1058 25.
2342 1004 2555 1060 Nonne
2577 1033 2645 1044 —
2676 1005 3084 1060 vestimentum
3112 1004 3137 1058 ‘2
3167 1004 3286 1059 Hoc
3321 1003 3472 1060 dixit
3498 1020 3620 1060 ma-

230 1093 404 1146 πλεὶον
435 1091 566 1156 δούς
601 1098 750 1168 ἡμῖν,
779 1100 873 1148 καὶ
903 1098 962 1148 τὸ
1004 1095 1208 1148 anno»
1256 1091 1437 1149 δώσει.
1471 1095 1647 1148 Πλεῖον
1679 1092 1755 1161 δὲ,
1790 1098 1847 1147 τὸ

2003 1094 2275 1157 it'estans,
2319 1093 2487 1165 quod
2539 1093 2588 1149 is
2640 1094 2761 1164 qui,
2803 1094 2963 1165 quod
3016 1093 3277 1165 amplius
3316 1098 3422 1159 est,
3474 1110 3621 1165 prae-

228 1184 410 1255 μεῖζον
439 1183 597 1255 λέγει.

1999 1187 2071 1241 tat
2118 1183 2311 1248 nobis,
2348 1183 2551 1255 utique
2591 1188 2647 1239 et
2697 1184 2864 1255 quod
2917 1184 3119 1239 minus
3166 1190 3258 1240 est
3306 1184 3617 1256 prestabit,

1957 1272 2100 1327 Plus
2125 1276 2325 1327 autem
2356 1270 2519 1335 dixit,
2545 1271 2659 1325 hoc
2690 1276 2792 1336 est,
2823 1271 3156 1343 pretiosius.

306 1363 634 1435 Ἐμελὲψατε
680 1395 749 1405 -
795 1364 950 1417 αύτοί.
1006 1371 1114 1418 Ἵνα
1160 1369 1230 1437 μή
1283 1384 1359 1426 τις
1415 1368 1553 1438 εἴπῃ,
1616 1367 1697 1417 ὅτι
1751 1370 1851 1420 Καὶ

2029 1362 2192 1416 Vers.
2237 1362 2325 1415 26.
2357 1360 2617 1429 Aspicite
2648 1389 2710 1399 -
2742 1359 2866 1416 illa.
2920 1362 3001 1414 Ne
3041 1360 3175 1432 quis
3205 1360 3364 1415 dicat
3397 1378 3409 1415 :
3456 1363 3614 1426 Quo-

230 1462 347 1515 πῶς
398 1456 507 1527 οἱρα
556 1456 851 1527 ζησομεθα,
884 1460 955 1528 μὴ
1004 1464 1342 1530 μεριμνῶντες
1378 1460 1496 1529 περὶ
1543 1463 1641 1507 τῶν
1690 1455 1848 1527 ἀναγ-

2005 1449 2141 1506 ιοὰο
2164 1458 2363 1505 autem
2387 1449 2678 1513 vivemus,
2703 1449 2777 1504 de
2802 1449 2981 1504 rebus
3015 1451 3362 1505 necessariis
3389 1466 3503 1505 non
3525 1467 3623 1507 cu-

228 1549 394 1595 κκίων
430 1560 445 1603 ;
480 1544 592 1596 λύει
626 1549 719 1602 τὴν
752 1549 997 1601 τοιαύτην
1035 1542 1293 1596 ἀντίθεσιν
1332 1542 1432 1596 ἀπὸ
1460 1552 1551 1596 τοῦ
1592 1542 1846 1620 παραδεί-

2007 1538 3190 1609 intes?Solvithujusmodiobjectiouem
3231 1539 3310 1594 ab
3350 1540 3625 1611 exemplo

232 1652 439 1703 γματος
481 1642 586 1684 τῶν
632 1643 875 1687 πετεινῶν
911 1632 948 1686 ἆ
976 1638 1046 1705 μὴ
1085 1642 1408 1705 μεριμνῶντα
1449 1638 1618 1707 τρέφει
1646 1636 1672 1685 ὀ
1704 1640 1845 1695 Θεὸς.

2003 1628 2184 1693 vium,
2220 1644 2365 1700 quas
2395 1643 2533 1683 cum
2582 1628 2728 1683 nihil
2760 1627 3027 1683 sollicitae
3050 1627 3186 1692 sint,
3221 1630 3413 1700 pascit
3448 1630 3621 1684 Deus.

233 1724 531 1794 Δυνάμενος
575 1719 638 1775 δε
685 1722 741 1785 ἐξ
784 1722 1066 1795 ἀνθρώπων
1124 1722 1340 1794 ἐνεγκεῖν
1386 1726 1445 1774 τὸ
1496 1720 1850 1796 παράδειγμα,

2006 1722 2162 1773 osset
2194 1722 2391 1773 autem
2417 1721 2473 1772 et
2501 1716 2579 1773 ab
2606 1716 2955 1772 hominibus
2987 1719 3334 1789 exemplum
3368 1733 3622 1783 sumere,

237 1817 333 1863 καὶ
384 1812 543 1864 εἰπεῖν
595 1816 686 1864 τὸν
744 1812 940 1878 Ἠλίαν,
994 1817 1083 1864 καὶ
1135 1815 1221 1864 τὸν
1272 1812 1531 1879 Ἰωάννην,
1589 1817 1678 1864 καὶ
1736 1816 1852 1874 τοὺς

2006 1813 2018 1863 t
2067 1806 2282 1872 dicere,
2324 1807 2484 1878 quod
2522 1805 2675 1861 Elias
2720 1810 2774 1860 et
2804 1804 3089 1871 Joannes,
3125 1806 3346 1877 aliique
3378 1806 3624 1873 similes,

243 1902 363 1951 κατ’
398 1901 605 1966 αὖτοὺς,
651 1903 766 1953 ὅσοι
797 1899 964 1973 μηδὲν
1011 1908 1237 1953 τοιοῦτον
1277 1899 1624 1976 ἐμερίμνησαν
1660 1919 1671 1930 ’
1704 1909 1853 1953 τοῦτο

2010 1895 2107 1951 ibil
2160 1895 2271 1951 tale
2320 1896 2630 1950 curabant.
2673 1893 2889 1949 Verum
2941 1894 3001 1949 id
3042 1909 3163 1951 non
3203 1894 3358 1959 fecit,
3411 1896 3515 1951 sed
3550 1896 3628 1952 ab

240 1996 335 2059 μὲν
367 1990 458 2041 οὐκ
484 1990 751 2057 ἐποίησεν,
801 1990 901 2043 ἀπὸ
934 2000 1031 2042 τῶν
1076 2000 1313 2043 πετεινῶν
1362 1988 1421 2043 δὲ
1464 1990 1653 2063 μᾶλλον
1703 1989 1851 2042 ἐπεσ-

2010 1984 2173 2040 vibus
2218 1982 2417 2055 potius
2450 1984 2671 2039 dictam
2724 1984 3002 2055 repressit
3039 1982 3461 2053 objectionem,
3503 2000 3628 2039 om-

234 2098 426 2151 τομισε
456 2084 552 2137 τήν
581 2081 854 2155 εἰρημένην
902 2078 1179 2143 ἀντίθεσιν,
1215 2080 1667 2155 ἐντρεπτικώτερον
1694 2081 1852 2131 καθα-

2012 2090 2102 2129 em
2128 2076 2475 2145 praetextum
2501 2089 2513 2127 :
2540 2072 2755 2143 majori
2774 2072 3120 2128 confusione
3144 2088 3401 2144 arguens
3430 2089 3499 2129 ac
3525 2073 3630 2129 tol-

233 2170 495 2239 ψάμενος,
531 2176 621 2220 καὶ
655 2169 899 2243 περιελὼν
931 2176 1104 2221 πᾶσαν
1134 2173 1408 2243 πρόφασιν.
1966 2162 2115 2219 lens.

312 2263 419 2310 Καὶ
465 2260 569 2331 γὰρ
638 2263 731 2310 καὶ
778 2260 806 2315 ἠ
867 2257 1065 2310 παλαιὰ
1117 2264 1314 2332 Γραφὴ,
1373 2256 1662 2330 βουλομένη
1729 2277 1858 2330 σφο-

2037 2254 2186 2309 Nam
2236 2254 2291 2306 et
2337 2254 2509 2307 vetus
2553 2250 2880 2322 Scriptura,
2931 2249 3139 2306 volens
3176 2250 3453 2307 homines
3504 2267 3626 2307 am-

236 2344 492 2419 δρὸτερον
536 2348 857 2399 καθικέσθαι
902 2356 1005 2398 τῶν
1037 2345 1339 2422 ἀνθρώπων,
1383 2350 1511 2421 πρὸς
1564 2351 1650 2403 τὴν
1681 2345 1854 2417 μελισ-

2009 2342 2123 2399 lius
2146 2356 2273 2396 sese
2295 2340 2550 2413 dejicere
2566 2340 2643 2410 (υ)
2666 2339 2742 2394 ad
2759 2354 2937 2411 apem
2955 2356 3024 2395 ac
3039 2339 3372 2405 formicam,
3390 2344 3627 2397 cratera-

238 2456 339 2487 σαν
402 2436 599 2497 αὐτούς
663 2441 872 2508 πέμπει,
944 2441 1033 2488 καὶ
1100 2440 1228 2509 πρὸς
1287 2440 1375 2488 τὸν
1441 2438 1712 2509 μύρμηκα,
1768 2439 1856 2486 καὶ

2012 2446 2082 2486 ue
2112 2430 2446 2487 animantia
2476 2429 2668 2484 mittit.
2704 2430 2855 2484 Aves
2885 2444 3025 2500 ergo
3052 2429 3264 2485 eodem
3298 2432 3473 2495 statu,
3507 2445 3630 2501 quo

238 2531 369 2596 πρὸς
425 2524 561 2575 illa
615 2525 744 2585 ζῶα.
800 2527 875 2577 Τὰ
932 2530 1022 2597 μὲν
1070 2522 1155 2577 οὖν
1200 2528 1425 2591 πετεινὰ,
1476 2527 1856 2597 μείναντα,ὡς

2034 2517 2601 2591 principiofuerunt,
2637 2523 3081 2589 permanentes,
3112 2517 3241 2574 cibo
3264 2518 3363 2588 qui
3394 2518 3476 2574 eis
3501 2519 3628 2589 jux-

240 2614 295 2675 ἐξ
344 2614 529 2686 ἀρχῆς
588 2613 839 2686 ἐγένοντο,
896 2613 1176 2686 εὐποροῦσι
1228 2620 1317 2666 καὶ
1368 2623 1463 2675 τῆς
1512 2616 1646 2666 κατὰ
1702 2617 1856 2685 φύσιν

2011 2628 2023 2664 ι
2081 2612 2363 2665 naturam
2413 2608 2711 2674 convenit,
2760 2607 2941 2663 etiam
3005 2607 3318 2663 abundant
3382 2626 3394 2664 :
3447 2608 3629 2665 homo

235 2710 435 2773 τρογῆς
467 2720 479 2731 ’
528 2704 555 2754 ὁ
588 2698 648 2755 δὲ
693 2704 958 2775 ἅνθρωπος
994 2748 1007 2771 ,
1056 2704 1327 2775 ἐπιτραπεὶς
1382 2702 1675 2777 ἐστέρηται.
1715 2702 1853 2760 Πλὴν

2011 2713 2106 2754 ero
2154 2713 2190 2753 a
2238 2697 2356 2753 Deo
2399 2712 2672 2761 aversus,
2740 2712 2811 2753 eo
2855 2696 3146 2768 privatur.
3206 2698 3629 2753 Verumtamen

238 2794 372 2861 οἷπερ
408 2794 435 2849 η
476 2790 579 2843 ἀπὸ
613 2791 728 2863 (24)
776 2798 867 2843 τοῦ
899 2798 1033 2843 Θεοῦ
1081 2790 1419 2866 ἁλλοτρίωσις
1455 2792 1643 2864 ἀφεῖλε,
1689 2799 1856 2844 ταῦτα

2016 2802 2100 2842 uae
2130 2786 2375 2842 abstulit
2414 2784 2703 2842 alienatio
2743 2801 2777 2842 a
2816 2786 2959 2856 Deo,
2989 2786 3117 2843 haec
3154 2801 3395 2842 rursum
3436 2786 3634 2843 reddit

236 2880 398 2932 πάλιν
437 2884 467 2937 ἡ
514 2884 647 2953 πρὸς
699 2881 855 2932 αὐτὸν
892 2881 1148 2943 οἰκείωσις
1180 2878 1505 2935 ἀποδίδωσι.
1557 2883 1651 2934 Διὰ
1703 2889 1854 2934 τοῦτο

2011 2876 2239 2933 iversio.
2268 2875 2444 2931 Jubet
2474 2875 2675 2947 itaque
2708 2890 2781 2931 ne
2802 2875 3020 2931 horum
3044 2891 3251 2931 curam
3282 2876 3629 2943 habeamus,

240 2970 537 3043 προσέταξε
568 3014 584 3038 ,
617 2975 688 3041 μη
722 2974 971 3043 μεριμνᾷν
1004 2975 1118 3041 περὶ
1163 2973 1353 3022 τούτων
1388 3014 1404 3039 ,
1456 2969 1581 3022 ἀλλὰ
1616 2976 1729 3044 περὶ
1762 2978 1854 3023 τοῦ

1762 2978 1854 3023 τοῦ
1970 2965 2075 3021 sed
2106 2965 2185 3022 ad
2216 2966 2401 3021 Deum
2430 2964 2717 3036 peculiari
2743 2964 2926 3019 modo
2965 2970 3352 3021 revertamur.

241 3060 485 3117 οἱκειωθῆ
497 3079 584 3110 ναι
615 3067 752 3128 Θεῷ.

2040 3055 2204 3110 Vers.
2230 3055 2439 3110 Nonne
2466 3085 2535 3095 -—
2572 3054 2680 3109 illa
2704 3056 2733 3109 ?
2771 3058 2977 3110 Nonne
3010 3070 3115 3110 vos
3147 3054 3324 3125 longe
3354 3054 3630 3112 meliores

312 3148 439 3219 Οὐχ
470 3179 543 3188 —
597 3148 813 3213 αὖτῶν;
866 3148 988 3219 Ούχ
1036 3150 1179 3221 ύμεῖς
1226 3152 1494 3221 κρείττους
1544 3152 1679 3200 κατὰ
1724 3147 1853 3201 πολὺ
1885 3159 1925 3215 C

2018 3143 2101 3199 itis
2130 3143 2343 3200 avibus
2370 3143 2398 3198 ‘I
2431 3143 2654 3209 Quodsi
2682 3142 2894 3199 viliora
2932 3143 3032 3199 alit
3062 3144 3240 3208 Deus,
3276 3144 3463 3201 multo
3507 3161 3636 3201 ma-

236 3246 339 3287 τῶν
414 3246 658 3289 πετεινῶν
720 3236 881 3309 ista;
942 3242 1041 3291 Καὶ
1099 3237 1141 3290 εί
1196 3240 1262 3290 τὰ
1339 3243 1556 3311 χείρονα
1609 3242 1773 3312 τρέφει
1830 3239 1854 3289 ὁ

2015 3233 2058 3289 is
2092 3249 2193 3289 eos
2221 3232 2326 3305 qui
2357 3232 2630 3289 meliores
2663 3236 2819 3287 sunt.
2872 3232 2983 3298 Qui
3013 3233 3173 3289 enim
3222 3248 3441 3304 corpus
3498 3234 3633 3291 cibo

239 3331 372 3387 Θεὸς
406 3369 421 3391 ,
475 3326 649 3396 πολλῷ
703 3326 894 3397 μᾶλλεν
950 3332 1070 3390 τοὺς
1122 3332 1428 3401 κρείττονας.
1481 3326 1540 3379 ⁸0
1581 3330 1683 3400 γὰρ
1738 3324 1855 3380 δια-

2011 3323 2241 3393 idigens
2272 3321 2440 3377 vobis
2480 3321 2725 3393 aptavit,
2773 3321 2953 3393 ipsius
3008 3338 3246 3393 quoque
3280 3322 3629 3381 alimentum

235 3416 448 3477 πλασας
506 3419 631 3488 ἡμῖν
694 3425 867 3489 σῶμα,
920 3415 1156 3488 δεόμενον
1209 3426 1421 3491 τροφῆς,
1479 3417 1688 3491 παρέξει
1734 3418 1853 3469 ποίν-

2015 3411 2202 3467 nniuo
2220 3410 2518 3482 praebebit.
2537 3410 2689 3476 Quid
2705 3409 3087 3481 ergo?ueque
3104 3412 3395 3467 seminare
3409 3411 3633 3470 licitum

235 3525 335 3567 τως
370 3511 462 3557 καὶ
514 3510 608 3563 τὴν
661 3511 854 3577 τροφὴν
898 3506 1077 3559 αὐτοῦ.
1112 3511 1173 3558 Τί
1204 3503 1289 3557 οὖν
1322 3523 1334 3572 ;
1368 3506 1426 3558 ού
1460 3502 1545 3558 δεῖ
1574 3510 1799 3580 σπείρειν
1840 3525 1853 3574 ;

2003 3502 2073 3559 rit
2104 3502 2132 3558 ?
2162 3504 2287 3556 Non
2316 3499 2481 3565 dixit,
2516 3503 2595 3556 Ne
2627 3500 2950 3565 seminetis,
2985 3501 3108 3566 sed,
3152 3502 3242 3557 Ne
3268 3501 3509 3557 solliciti
3544 3505 3616 3559 si-

238 3596 353 3645 O-Jx
406 3592 539 3657 εἶπε,
595 3600 678 3652 Μή
741 3600 996 3667 σπείρετε,
1052 3593 1196 3661 ἀλλὰ,
1252 3600 1337 3653 Μὴ
1394 3602 1686 3668 μεριμνᾶτε.
1748 3598 1856 3650 Τῶν

2022 3608 2057 3645 ς.
2103 3589 2496 3645 Perfectorum
2546 3589 2841 3661 siquidem
2876 3594 2965 3646 est
3012 3606 3134 3647 non
3175 3590 3491 3658 seminare,
3536 3593 3640 3649 sed

236 3684 443 3735 τελείων
494 3690 587 3755 μέν
616 3686 739 3757 γαρ,
795 3688 854 3735 τὸ
906 3680 1046 3756 μηδὲ
1083 3690 1331 3756 σπιίρειν,
1386 3683 1490 3734 ἀλλ’
1542 3684 1854 3755 ἐργάζεσθαι

2018 3680 2204 3752 perari
2235 3679 2430 3734 cibum
2475 3679 2579 3751 qui
2621 3695 2741 3736 non
2776 3679 2923 3751 perit
2959 3696 2971 3734 :
3005 3679 3140 3735 dico
3190 3696 3333 3737 sane
3367 3680 3636 3748 virtutes,

240 3780 404 3844 μονην
459 3780 559 3832 τήν
609 3772 812 3845 βρῶσιν
843 3779 937 3832 τὴν
987 3779 1057 3846 μὴ
1092 3772 1463 3846 ἀπολλυμένην,
1503 3773 1633 3845 λέγω
1665 3770 1732 3831 δὴ
1774 3776 1858 3835 τὰς

2022 3773 2114 3825 cut
2144 3768 2414 3840 apostoli,
2450 3768 2789 3841 horumque
2821 3769 3004 3825 vitam
3044 3769 3368 3833 imitantes,
3422 3786 3493 3826 ac
3540 3787 3640 3843 pe-

243 3861 452 3933 ἁρετας,
516 3865 583 3924 ὡς
640 3865 688 3914 οἱ
738 3862 1042 3931 ἀπόστολοι,
1095 3868 1180 3915 καὶ
1253 3865 1302 3914 οὶ
1358 3864 1716 3934 μιμησάμενοι
1771 3864 1857 3915 τὸν

2028 3874 2089 3914 re
2116 3874 2152 3915 a
2184 3858 2302 3913 Deo
2330 3857 2700 3914 alimentum.
2733 3860 2973 3921 Panem,
3000 3858 3213 3931 inquit,
3243 3864 3513 3915 nostrum
3545 3878 3642 3917 su-

242 3950 365 4025 βίον
418 3952 614 4021 αὐτῶν,
668 3956 757 4004 καὶ
808 3956 979 4015 ζητεῖν
1011 3951 1112 4004 ἀπὸ
1152 3960 1243 4004 τοῦ
1272 3952 1384 4021 ('25)
1426 3960 1558 4004 Θεοῦ
1603 3956 1696 4009 τὴν
1739 3971 1859 4025 τρο-

2020 3946 2513 4004 ersubstantialem
2536 3947 2611 4002 da
2628 3948 2787 4002 nobis
2812 3948 2978 4003 hodie
2994 3949 3064 4004 ³³.
3090 3948 3478 4005 Mediocrium
3497 3966 3638 4006 vero

245 4048 345 4113 suis
389 4061 400 4069 '
438 4046 541 4094 Τὸν
573 4043 729 4115 ἄρτον
778 4044 901 4115 γὰρ,
952 4047 1104 4113 φησὶ,
1152 4045 1237 4095 τὸν
1275 4040 1539 4093 ἐπιούσιον
1593 4037 1687 4100 δὸς
1735 4042 1859 4112 ἡμῖν

2021 4042 2056 4091 st
2079 4037 2372 4092 seminare
2397 4036 2662 4107 quidem,
2699 4040 2755 4091 at
2778 4051 2899 4091 non
2928 4037 3139 4091 anxios
3158 4054 3308 4106 esse,
3328 4044 3384 4094 et
3410 4039 3639 4109 seipsos

246 4137 479 4203 τήμερον
518 4153 529 4163 ·
565 4140 665 4182 τῶν
718 4136 887 4204 μέσων
936 4129 1012 4194 δὲ,
1067 4134 1124 4183 τὸ
1172 4136 1399 4203 σπείρειν
1445 4134 1554 4199 μὲν,
1589 4135 1659 4202 μὴ
1707 4149 1861 4204 φρον-

2022 4134 2124 4184 ιίοε
2156 4128 2215 4183 in
2255 4127 2602 4199 hujusmodi
2636 4142 2813 4183 curas
2844 4127 3119 4197 dejicere,
3157 4133 3224 4183 ut
3256 4128 3335 4183 ob
3374 4130 3485 4186 has
3517 4130 3640 4185 aui-

242 4225 408 4283 τίξειν
443 4218 527 4284 δε,
562 4228 673 4282 πῶς
704 4220 762 4270 ἂν
793 4224 929 4293 φύσῃ
965 4224 1023 4272 τὸ
1067 4225 1294 4293 σπέρμα,
1347 4225 1436 4273 καὶ
1467 4219 1580 4291 (26)
1621 4224 1859 4272 κατατεί-

2022 4238 2086 4277 ιεὲ
2108 4236 2315 4277 curam
2341 4220 2667 4292 negligant.
2693 4219 2950 4293 Ideoque
2970 4222 3265 4277 seminare
3292 4238 3483 4293 neque
3511 4239 3640 4292 pro-

240 4329 343 4361 νειν
377 4309 599 4370 ἑαυτούς
635 4308 783 4370 ὢους
827 4309 897 4371 εἰς
928 4312 1018 4371 τὰς
1060 4312 1305 4371 τοιαύτας
1345 4314 1618 4384 μερίμνας,
1661 4311 1724 4369 ὡς
1770 4305 1858 4360 διὰ

2024 4311 2181 4375 ibuit,
2212 4326 2405 4382 neque
2439 4310 2754 4378 concessit,
2787 4311 2889 4366 sed
2926 4310 2984 4365 in
3028 4310 3503 4383 uniuscujusque
3538 4328 3642 4367 vo—

242 4404 443 4461 ταύτας
476 4398 682 4471 ἀμελεῖν
712 4407 805 4461 τῆς
848 4398 1001 4470 ψυχὴ
1016 4418 1055 4459 ς.
1101 4403 1194 4451 Διά
1223 4406 1375 4450 τοῦτο
1418 4402 1588 4450 τοίνυν
1627 4402 1683 4449 τὸ
1717 4403 1860 4450 σπεί-

2022 4405 2201 4455 iutate
2230 4399 2370 4454 illud
2400 4399 2660 4470 reliquit.
2680 4402 2879 4470 Neque
2911 4399 3069 4455 enim
3110 4400 3171 4455 id
3199 4400 3273 4456 de
3304 4400 3519 4456 avibus
3549 4401 3640 4457 di-

242 4509 350 4562 ρειν
397 4492 523 4541 οὔτε
568 4488 821 4541 ἐκώλυσεν
854 4491 972 4541 οὔτε
1013 4487 1304 4560 ἐπέτρεψεν,
1341 4487 1450 4540 ἀλλ’
1482 4486 1566 4539 ἐπὶ
1608 4496 1667 4560 τῇ
1712 4487 1860 4539 ἑκάσ-

2022 4489 2076 4554 it,
2105 4494 2169 4543 ut
2197 4488 2488 4543 seminare
2517 4487 2875 4558 prohiberet,
2911 4488 3013 4543 sed
3042 4487 3103 4544 id
3131 4493 3355 4546 tantum
3389 4490 3640 4547 demon—

245 4598 336 4630 τον
372 4581 681 4651 προαιρέσει
709 4586 861 4630 τούτο
882 4577 1266 4630 καταλέλοιπεν.
1300 4578 1358 4629 Εἰ
1388 4580 1487 4649 γὰρ
1514 4580 1602 4628 καὶ
1623 4582 1739 4651 περὶ
1764 4585 1863 4629 τῶν

1486 4580 1602 4628 ηκαὶ
1623 4582 1739 4651 περὶ
1764 4585 1863 4629 τῶν
1977 4582 2155 4632 strare
2189 4577 2385 4646 voluit,
2414 4577 2580 4649 quod
2612 4577 2741 4634 illas
2774 4580 2928 4633 Deus
2965 4578 3104 4634 alat.

246 4678 497 4721 πετεινῶν
535 4664 695 4735 εἶπεν,
728 4670 807 4721 ὃτι
846 4668 904 4721 ού
950 4672 1274 4742 σπείρουσιν,
1320 4666 1427 4719 ἀλλ’
1472 4667 1565 4720 ούκ
1616 4665 1723 4719 εἷπε
1763 4675 1939 4737 τοῦτο,
1970 4666 2179 4719 κωλύων
2220 4670 2278 4720 τὸ
2326 4671 2573 4739 σπείρειν,
2607 4666 2736 4721 ἀλλὰ
2773 4672 2925 4741 μόνον
2967 4664 3137 4731 δεῖξαι
3183 4667 3513 4742 βουλόμενος,
3563 4673 3641 4724 ὅτι

251 4760 277 4809 ὁ
308 4764 442 4818 Θεὸς
468 4762 646 4829 τρέφει
672 4756 824 4811 αὐτοὶ.

316 4886 365 4919 ³³
415 4882 642 4939 Matth.
674 4886 842 4951 τμη.

1504 4979 1723 5048 Variae
1753 4978 2083 5076 lectiones
2118 4984 2182 5048 et
2212 4986 2411 5048 nota.

326 5125 439 5195 (23)
463 5124 671 5199 ἀμέτρῳ
696 5123 972 5196 φιλοπονίᾳ
992 5123 1123 5199 Non
1149 5121 1299 5194 cepit
1325 5122 1452 5199 vim
1479 5121 1756 5199 vocabuli
1785 5121 1869 5177 in-

932 5127 972 5195 ῖᾳ
992 5123 1123 5199 Non
1149 5121 1299 5194 cepit
1325 5122 1452 5199 vim
1479 5121 1756 5199 vocabuli
1785 5121 1869 5177 in-
2052 5122 2163 5199 (gi)
2193 5120 2293 5199 εξπρ
2327 5126 2454 5174 eam)
2484 5122 2550 5199 Α.

265 5193 508 5275 ιεψτοεζ
540 5193 869 5275 ματα-τείνειν
918 5193 1006 5250 est
1052 5193 1440 5275 idemiquod
1494 5195 1870 5275 κατατρύχειν,

1504 5195 1870 5275 κατατρύχειν,
2203 5193 2471 5275 59559505
2496 5196 2615 5275 A.n_
2692 5264 2703 5275 .
2979 5270 2987 5275 _
3094 5250 3122 5275 _.

264 5262 449 5326 nimiis
477 5269 799 5327 laboribus
853 5281 1089 5330 vexare,
1140 5262 1410 5336 affligere
1461 5281 1530 5321 ac
1562 5262 1738 5337 quasi
1760 5262 1871 5319 ex-

2048 5262 2160 5335 (⁷26)
2218 5265 2421 5321 Malim
2474 5262 2634 5337 μηδέ,
2692 5264 2819 5321 loco
2898 5270 3007 5321 καί.
3076 5266 3210 5334 Aut,
3285 5264 3384 5319 ἀπὸ
3461 5276 3643 5322 κοινοῦ

267 5344 484 5401 tendere
518 5350 576 5400 et
602 5346 865 5400 atterere
893 5353 1131 5410 corpus.
1984 5338 2043 5390 τὸ
2085 5341 2179 5408 μή.

314 5490 373 5561 (1)
411 5488 803 5561 Quandoque
832 5512 900 5521 —
924 5478 1186 5537 solliciti.
1223 5478 1473 5544 Quando
1516 5476 1645 5535 sola
1674 5480 1873 5534 mente

2026 5491 2193 5561 amns
2234 5478 2385 5561 dixit
2417 5495 2483 5561 .p.
2536 5481 2625 5561 ΒΞ,
2668 5479 3012 5561 Πικροτάτοις
3068 5478 3229 5561 αὐτοῦ
3259 5482 3523 5561 ,καθίκετο
3562 5483 3644 5535 λό-

252 5547 365 5625 ει]ὸὲ
394 5547 672 5624 solliciti.
695 5547 709 5559 ’
952 5625 966 5627 _
1135 5622 1149 5627 -

2027 5568 2113 5627 ξις.
2150 5552 2213 5605 Et
2245 5547 2542 5627 [Eschi'ues
2582 5553 2742 5609 Socr.
2771 5547 2874 5605 'lll.
2906 5552 2992 5621 15,
3039 5552 3104 5602 τὰ
3136 5547 3397 5627 δυνάμενα
3434 5556 3645 5607 καθικέ-

314 5622 374 5717 ἱι)
396 5622 1351 5717 Ἁιὴιρβηάίτξὲ;,ἓξιέίὲἀ9;-εη-
1370 5708 1606 5717 μη---
1747 5692 1843 5717 με-

842 5622 1606 5717 εξλρξιξεξάρλεμωυῃ
1747 5692 1843 5717 Ν-
1984 5622 2109 5674 σθαι
2137 5628 2227 5682 τῆς
2257 5622 2460 5695 ψυχῆς.

314 5643 374 5717 τι)
398 5643 788 5711 Aliquando
821 5643 900 5683 ει.
936 5643 1215 5707 guanao.
1263 5695 1274 5705 .
1792 5692 1802 5702 .
1984 5643 2109 5674 σσαι
2137 5643 2227 5682 της
2257 5643 2461 5695 ψυχης,

286 5643 363 5795 go)
380 5709 690 5786 Amplius
713 5714 846 5760 sese
858 5696 1133 5768 dejicere.
1147 5698 1354 5753 Acrius
1367 5708 1628 5752 monere.
1648 5693 1876 5751 Ita-Ciu-
2468 5748 2471 5749 ν
