4098 6392
444 340 544 397 251

438 558 801 627 Quanquam
827 554 988 609 enim
1021 557 1083 610 tu
1101 551 1313 609 millies
1346 548 1613 605 studium
1642 544 1948 612 adhibeas,
1984 560 2104 601 non

437 645 613 701 dabis
630 650 830 701 tamen
850 643 1112 715 pluviam
1134 637 1771 708 autsolem,ﬂatusque
1789 640 2105 691 ventorum

434 734 650 806 quibus
691 749 894 789 semen
934 732 1190 788 fructum
1235 729 1515 802 proferat.
1562 730 1709 783 Nam
1768 725 1891 780 haec
1940 723 2104 779 solus

442 826 591 879 Deus
620 823 838 879 tribuit.
875 825 959 878 lta
988 836 1131 891 ergo
1158 825 1213 877 et
1240 819 1315 875 de
1342 824 1507 890 potu,
1544 819 1600 872 et
1629 815 1704 871 de
1730 814 2099 881 indumento,

438 913 687 983 aliisque
730 910 1049 967 similibus.

509 1000 823 1066 Quomodo
856 1005 1057 1056 autem
1087 1002 1284 1070 potest
1314 996 1621 1068 quispiam
1652 993 1848 1049 vivere
1884 991 1989 1064 qui
2020 997 2105 1048 ta-

435 1090 519 1147 lia
547 1106 669 1146 non
700 1090 918 1145 curat?
946 1087 1259 1155 Quomodo
1290 1087 1317 1142 ?
1348 1086 1505 1142 Sicut
1532 1083 1800 1156 praedicti
1824 1081 2107 1138 vivebant

439 1180 653 1236 sancti.
679 1182 874 1251 Neque
901 1178 1059 1234 enim
1089 1176 1395 1250 propriam
1424 1172 1895 1231 imbecillitatem
1927 1170 2107 1227 facia-

435 1286 570 1325 mus
591 1269 868 1341 praecepti
889 1265 1448 1340 impossibilitatem.
1482 1263 1638 1319 Nihil
1668 1261 1963 1333 siquidem
1995 1260 2103 1316 im-

434 1359 723 1432 possibile
748 1358 1029 1431 prtecepit
1060 1357 1214 1413 Deus
1251 1374 1265 1425 ;
1302 1355 1467 1412 novit
1497 1355 1659 1410 enim
1688 1351 2102 1425 possibilitatis

432 1449 717 1505 humanae
748 1464 1104 1513 mensuram,
1140 1462 1263 1503 non
1303 1445 1493 1502 solum
1523 1451 1587 1499 ut
1618 1447 1849 1499 creator
1889 1442 2098 1513 ipsius,

438 1538 545 1594 sed
586 1543 881 1609 tanquam
922 1538 969 1592 is
994 1552 1259 1609 quoque,
1301 1534 1408 1609 qui
1438 1550 1572 1591 eam
1601 1533 1662 1589 in
1702 1548 1763 1588 se
1816 1531 2096 1603 suscepit.

435 1630 647 1683 Verum
686 1626 794 1682 illis
836 1627 1079 1699 quidem
1120 1625 1288 1681 facile
1333 1629 1459 1681 erat
1502 1628 1882 1694 prmoeptum,
1925 1619 2099 1693 quasi

436 1717 727 1788 separatis
757 1731 794 1773 a
824 1715 1072 1780 mundo,
1106 1714 1389 1785 omnique
1410 1712 1614 1769 habitu
1643 1724 1931 1797 corporeo
1956 1726 1969 1765 :
1997 1724 2100 1764 no-

1761 324 2109 383 EUTHYMII
2162 323 2471 382 ZIGABEN
2479 326 2497 381 Ι

508 467 654 521 Nam
687 462 831 536 quid
853 460 960 518 tibi
985 459 1265 535 proderit,
1300 458 1348 514 si
1374 462 1431 514 te
1460 457 1543 513 ita
1572 455 1733 512 curis
1764 452 2051 511 conﬁcias
2077 453 2089 509 ἲ

2286 454 2349 508 Τί
2417 461 2542 525 γοῦν
2616 455 2918 528 ὠφελήσεις,

3706 334 3818 390 252

3006 457 3167 521 οὕτως
3239 456 3607 531 ἐπιτεταμένως
3676 479 3822 535 μερι-

2214 550 2349 615 μνῶν
2384 560 2397 611 ;
2438 544 2551 615 (27)
2604 544 2707 598 Κᾶν
2750 549 2851 620 γὰρ
2900 552 3063 621 μυρία
3125 544 3459 621 σπουδάσης,
3514 548 3573 600 οὐ
3625 546 3821 613 δώσεις

2214 633 2379 701 ὑετὸν,
2435 631 2559 686 οὐδὲ
2612 634 2773 700 ἣλιον,
2831 632 2954 688 οὐδε
3010 639 3168 699 πνοὰς
3225 636 3445 710 ἀνέμων,
3492 640 3565 699 οἷς
3612 640 3638 691 6
3689 644 3820 692 61:6-

2212 741 2297 795 ρος
2350 731 2674 797 καρπογονεῖ.
2717 732 2893 778 Ταῦτα
2942 730 3042 799 γὰρ
3096 729 3121 778 6
3171 730 3299 789 Θεὸς
3356 732 3505 799 μόνος
3560 724 3814 785 δίδωσιν.

2215 812 2396 873 Οὕτως
2446 810 2534 865 οὖν
2577 818 2667 865 καὶ
2712 813 2797 867 ἐπὶ
2836 820 3085 887 πόματος,
3128 816 3333 869 καὶέπὶ
3379 814 3690 889 ἐνδύματος,
3721 823 3814 871 καὶ

2214 920 2312 953 των
2342 922 2398 954 το
2406 922 2606 955 ιουτων.

2287 996 2384 1045 Καὶ
2440 1001 2544 1053 πῶς
2593 990 2815 1046 δύναταί
2868 1014 2948 1055 τις
3003 995 3118 1067 ζῇν,
3173 998 3244 1067 μή
3296 1003 3553 1070 μεριμνῶν
3602 999 3667 1048 τὰ
3704 1015 3816 1049 τοι-

2215 1087 2389 1148 enim;
2442 1088 2556 1143 Πῶς
2604 1099 2617 1148 ;
2672 1082 2759 1145 Ὠς
2797 1084 2923 1144 ἔζων
2971 1086 3021 1136 oi.
3069 1080 3384 1147 δηλωθέντες
3441 1086 3604 1156 ἅγιοι.
3662 1083 3819 1145 Μηδὲ

2212 1172 2314 1243 γὰρ
2368 1174 2461 1229 τὴν
2516 1171 2703 1223 ἑαυτῶν
2767 1170 3053 1240 ἀσθένειαν,
3101 1182 3326 1246 ποιῶμεν
3376 1170 3670 1247 ἀδυναμίαν
3726 1184 3820 1236 τῆς

2213 1258 2439 1320 ἐντολῆς.
2469 1257 2635 1313 Οὐδὲν
2682 1264 2783 1336 γάρ
2837 1258 3091 1315 ἀδύνατον
3146 1265 3171 1315 6
3225 1266 3351 1325 Θεὸς
3399 1262 3652 1327 ἐπέταξεν.
3689 1262 3821 1318 Οἵδε

2211 1350 2309 1421 γὰρ
2356 1352 2413 1401 τὸ
2470 1354 2654 1425 μέτρον
2689 1358 2782 1412 τῆς
2849 1349 3177 1426 ἀνθρωπίνης
3227 1348 3515 1425 δυνάμεως,
3550 1353 3608 1406 οὐ
3662 1360 3817 1427 μόνον

2211 1439 2281 1499 ὡς
2327 1434 2656 1513 δημιουργὸς
2700 1440 2877 1507 αὐτῆς,
2938 1440 3064 1493 ἀ)λά
3120 1446 3209 1495 καὶ
3262 1444 3326 1503 ὡς
3376 1438 3579 1505 ὑποδὺς
3627 1444 3816 1502 αὐτὴν.

2211 1526 2349 1581 Ἀλλ’
2380 1526 2586 1590 ἐκείνοις
2612 1532 2702 1600 μεν
2739 1530 2962 1602 εὐχερὴς
3012 1532 3073 1589 ἦν
3100 1532 3129 1589 ἠ
3173 1529 3366 1597 ἐντολὴ,
3396 1534 3465 1592 ὡς
3493 1534 3817 1607 χωρισθείσι

2209 1620 2409 1689 κόσμου
2441 1622 2527 1669 καὶ
2576 1620 2751 1679 πάσης
2792 1627 3095 1692 σωματικῆς
3129 1624 3384 1691 σχέσεως·
3431 1622 3556 1693 ἡμῖν
3597 1617 3654 1674 δι
3686 1618 3816 1674 ἁδύς

2209 1726 2359 1766 νατος
2388 1711 2641 1779 φαίνεται,
2666 1704 2700 1759 δ
2707 1711 2759 1759 ιὰ
2784 1712 2841 1760 τὸ
2867 1713 2938 1780 μὴ
2974 1707 3383 1766 ἀποσπασθῆναι
3409 1710 3597 1765 αὐτῶν.
3628 1716 3816 1784 Τρέφει

434 1807 528 1862 bis
554 1812 752 1863 autem
775 1805 1146 1878 impossibile
1162 1805 1413 1868 videtur,
1443 1818 1513 1859 eo
1543 1801 1709 1875 quod
1732 1791 1807 1857 ab
1834 1802 1959 1872 ipso
1977 1816 2089 1856 non

2212 1791 2270 1847 δὲ
2320 1798 2387 1848 τὰ
2436 1799 2639 1849 πετεινὰ
2690 1798 2715 1849 6
2768 1802 2907 1868 Θεὸς,
2954 1796 3113 1859 ἐνθεὶς
3157 1798 3336 1859 αὐτοῖς
3397 1807 3606 1872 γνῶσιν,
3656 1803 3816 1854 πόθεν

435 1912 647 1953 sumus
705 1895 918 1953 avulsi.
977 1899 1130 1951 Aves
1187 1910 1323 1950 vero
1372 1894 1557 1950 nutrit
1601 1894 1779 1959 Deus,
1840 1890 2100 1947 imittens

434 1985 551 2045 illis
617 1986 955 2043 naturalem
1032 1985 1382 2041 instinctum
1456 1982 1618 2038 unde
1677 1982 1877 2038 cibum
1940 1980 2100 2038 colli-

432 2079 666 2219 “321‘s.
714 2164 803 2218 27.
860 2164 993 2231 Quis
1032 2161 1233 2220 autem
1280 2191 1350 2203 -
1389 2176 1570 2217 unum
1597 2159 1626 2214 7
1672 2158 1898 2216 Nullus.
1943 2158 2103 2215 Sicut

435 2267 578 2323 ergo
603 2252 737 2320 hoc,
775 2252 973 2308 studio
1018 2256 1211 2307 vestro
1237 2250 1481 2322 assequi
1520 2264 1639 2304 non
1685 2249 1932 2321 potestis
1968 2265 1980 2303 :
2016 2248 2102 2304 ita

434 2357 544 2398 nec
575 2341 777 2397 cibum
809 2356 1193 2411 congregare,
1236 2339 1348 2395 nisi
1402 2339 1513 2395 Deo
1552 2343 1868 2395 annuente.
1905 2340 2100 2404 Quan-

432 2446 619 2502 quam
632 2430 791 2486 enim
807 2428 1018 2485 millies
1033 2429 1187 2486 studi
1198 2445 1298 2483 um
1312 2427 1451 2484 adhi
1463 2426 1885 2496 beamus,nihil
1899 2432 2099 2484 tamen

431 2519 658 2591 absque
686 2519 816 2590 ejus
840 2519 1217 2590 providentia
1246 2517 1652 2589 proﬁciemus.

504 2610 569 2664 Et
609 2613 765 2664 certe
808 2623 1003 2680 neque
1035 2607 1306 2679 palmun,
1358 2622 1554 2678 neque
1587 2605 1841 2677 digitum
1874 2605 2096 2664 addere

431 2700 643 2769 potest.
670 2696 822 2753 Dixit
843 2702 1044 2753 tamen
1063 2696 1349 2762 cubitum,
1377 2696 1522 2769 quia
1546 2696 1785 2768 proprie
1810 2710 2095 2753 mensura

430 2791 669 2842 staturae
700 2792 788 2843 est
818 2786 1071 2842 cubitus.

500 2877 662 2931 Vers.
693 2874 779 2931 28.
818 2877 892 2931 Et
937 2876 1009 2932 de
1038 2905 1106 2917 —
1132 2890 1311 2948 neque
1363 2880 1526 2932 nent.
1591 2873 1732 2930 Lilia
1782 2873 1898 2930 hoc
1959 2874 2091 2930 loco

428 2964 605 3021 ﬂores
637 2980 847 3021 omnes
890 2965 1243 3031 nominavit,
1294 2964 1460 3037 quod
1490 2980 1563 3021 ex
1601 2980 1672 3020 eo
1705 2962 2090 3021 manifestum

429 3059 535 3119 est,
568 3054 712 3127 quia
737 3055 885 3110 dixit
913 3072 926 3110 :
958 3054 1120 3111 Sicut
1151 3070 1333 3110 unum
1356 3054 1565 3110 horum
1604 3055 1672 3109 ³⁸.
1710 3055 1853 3109 Cum
1887 3058 2089 3110 autem

2214 1884 2497 1949 συλλέξωσι
2526 1891 2612 1944 τὴν
2641 1892 2855 1962 τροφήν.

2281 2157 2373 2215 Τίς
2401 2150 2460 2207 δε
2488 2185 2557 2195 -
2586 2155 2673 2207 ἕνα
2702 2174 2714 2220 ;
2762 2152 2972 2218 Οὐδείς.
3004 2155 3203 2231 Ὠσπερ
3253 2152 3341 2208 οὖν
3382 2152 3658 2223 ἀδύνατον,
3691 2177 3821 2210 κατ-

2211 2245 2504 2316 ορθωθῆναι
2556 2252 2708 2297 τοῦτο
2762 2241 2855 2297 διὰ
2919 2242 3159 2307 σπουδῆς
3206 2248 3479 2319 ἡμετέρας·
3530 2247 3665 2299 οὕτω
3721 2252 3819 2301 καὶ

2210 2336 2267 2384 τὸ
2306 2341 2614 2405 συναγαγεῖν
2654 2338 2868 2409 τροφὴν,
2922 2334 2966 2387 εἰ
3011 2338 3082 2407 μὴ
3137 2337 3162 2386 6
3200 2338 3330 2397 Θεὸς
3385 2334 3648 2409 ἐπινεύσῃ.
3707 2336 3819 2390 Κᾶν

2206 2425 2305 2496 γὰρ
2356 2428 2521 2495 μυρία
2579 2420 2985 2497 σπουδάσωμεν,
3031 2420 3180 2477 οὐδὲν
3235 2424 3508 2497 ἀνύσομεν,
3538 2421 3677 2497 δίχα
3719 2434 3817 2488 τῆς

2205 2518 2452 2585 προνοίας
2490 2512 2671 2570 αὐτοῦ.

2281 2603 2403 2673 [Καὶ
2460 2602 2571 2673 (28)
2633 2607 2735 2675 μὴν
2808 2599 2933 2656 οὐδὲ
3000 2605 3289 2675 σπιθαμὴν,
3343 2599 3466 2657 οὐδὲ
3524 2600 3807 2659 δάκτυλον.

2205 2695 2401 2744 Λοιπὸν
2454 2689 2541 2744 οὖν
2599 2701 2782 2764 πῆχυν
2836 2690 2963 2761 εἶπε,
3021 2690 3163 2746 διότι
3218 2697 3408 2768 κυρίως
3468 2698 3651 2767 μέτρον
3706 2701 3812 2746 τῶν

2204 2780 2416 2839 ἡλικιῶν
2438 2782 2463 2833 6
2490 2783 2673 2853 πῆχύς
2703 2780 2863 2854 ἐστι.]

2277 2875 2377 2924 Καὶ
2418 2876 2537 2943 περὶ
2570 2903 2639 2910 -
2666 2868 2789 2923 οὐδὲ
2817 2873 2980 2930 νήθει.
3036 2876 3199 2947 Κρίνα
3225 2879 3333 2940 νῦν,
3364 2875 3534 2925 πάντα
3561 2874 3629 2925 τὰ
3672 2873 3809 2932 ἄνθη

2202 2960 2459 3033 ὠνόμασε.
2496 2965 2596 3014 Καὶ
2621 2968 2772 3013 τοῦτο
2805 2957 2984 3028 δῆλον,
3033 2959 3134 3014 ἀπὸ
3182 2970 3275 3015 τοῦ
3306 2962 3483 3026 εἰπεῖν,
3517 2964 3595 3015 ὃτι
3640 2960 3729 3024 Ὠς
3758 2962 3812 3015 ἐν

2199 3051 2415 3105 τούτων.
2466 3050 2653 3113 ”Οντος
2702 3047 2760 3103 δὲ
2806 3058 2897 3103 τοῦ
2952 3052 3109 3123 λόγου
3158 3056 3278 3125 περὶ
3337 3048 3642 3124 ἐνδύματος,
3699 3060 3811 3114 πῶς

427 3148 581 3200 esset
609 3159 806 3200 sermo
836 3144 912 3200 de
940 3144 1315 3207 indumento,
1344 3144 1648 3216 quomodo
1674 3144 1813 3199 facit
1843 3144 2089 3201 mentio-

2203 3136 2333 3209 λέγει
2362 3144 2479 3211 περὶ
2510 3139 2777 3202 αὐξήσεως
2811 3160 2826 3209 ;
2864 3144 3006 3193 Διὸτι
3036 3144 3093 3193 τὸ
3126 3140 3328 3204 αὐξάνει
3357 3144 3487 3215 πρὸς
3514 3144 3580 3194 τὰ
3607 3141 3809 3195 πέταλα

425 3248 564 3289 nem
585 3232 660 3289 de
685 3238 987 3290 cremento
1014 3233 1042 3288 ‘I
1063 3234 1211 3299 Quia
1235 3232 1557 3289 dictionem
1586 3232 1772 3299 illam,
1804 3241 2082 3300 crescant,

426 3330 667 3395 propter
695 3322 837 3379 folia
876 3322 1021 3378 dixit
1063 3339 1270 3378 eorum
1320 3338 1454 3393 quae
1502 3322 1720 3377 horum
1763 3322 2086 3394 unicuique

424 3418 561 3467 sunt
588 3411 1028 3467 indumentum.
1076 3411 1470 3478 Considerate,
1506 3410 1716 3483 inquit,
1771 3410 1886 3465 lilia
1933 3410 2081 3482 agri,

422 3499 729 3571 quomodo
746 3503 1013 3556 crescant
1034 3500 1093 3555 in
1110 3499 1284 3563 foliis,
1308 3515 1445 3571 qum
1465 3503 1759 3571 quantum
1787 3505 2078 3567 crescunt,

423 3592 660 3645 tantum
689 3588 969 3645 decorem
995 3588 1337 3645 ostendunt.

495 3680 659 3736 Vera.
708 3679 797 3732 29.
848 3679 987 3734 Dico
1033 3708 1102 3720 —
1143 3680 1301 3734 Vers.
1346 3679 1435 3735 30.
1504 3679 1611 3735 Vos
1654 3682 1683 3735 ?
1722 3680 1915 3744 Quare
1960 3695 2083 3737 non

421 3782 665 3822 rursum
695 3782 730 3823 a
760 3766 1100 3823 volucribus
1131 3766 1300 3823 duxit
1326 3769 1689 3840 exemplum.
1720 3773 1824 3825 aut
1848 3768 1926 3824 ab
1952 3768 2084 3825 aliis

422 3855 789 3913 animalibus
816 3858 844 3912 ?
875 3857 1108 3913 Poterat
1133 3856 1288 3913 enim
1320 3856 1504 3913 multa
1533 3872 1756 3930 ponere
1795 3858 2082 3916 adornata

424 3960 495 4001 ac
531 3945 934 4017 pulcherrima
972 3944 999 4001 7
1030 3947 1177 4011 Quia
1202 3947 1331 4001 vult
1360 3946 1453 4002 hic
1479 3951 1535 4003 et
1570 3946 1855 4004 vilitatem
1885 3947 2079 4005 herbae

420 4035 746 4101 ostendere,
779 4052 913 4107 quae
954 4036 1037 4091 sic
1078 4052 1114 4093 a
1152 4038 1271 4092 Deo
1313 4036 1656 4107 adornatur,
1707 4042 1765 4094 et
1800 4038 2076 4095 decorem

421 4125 879 4197 pulchritudinis
906 4126 1058 4182 adeo
1087 4126 1186 4182 vili
1217 4125 1419 4182 herbe
1436 4126 1611 4184 datae.
1648 4131 1711 4183 Et
1744 4133 1881 4185 nota
1911 4130 2077 4201 quod

418 4213 677 4269 liliorum
709 4214 1022 4285 adaugens
1047 4213 1355 4279 vilitatem,
1382 4215 1636 4272 herbam
1666 4216 1727 4272 in
1763 4232 2078 4287 progressu

422 4319 493 4359 ea
532 4305 763 4360 vocavit
797 4320 808 4359 :
844 4304 1157 4377 magisque
1182 4321 1322 4360 cum
1353 4304 1520 4361 addit
1553 4323 1565 4358 :
1602 4305 1743 4373 Qua
1774 4306 1941 4361 hodie
1978 4310 2071 4373 est,

420 4399 475 4449 et
496 4408 629 4449 cras
648 4394 708 4449 in
725 4393 1023 4451 clibanum
1046 4394 1312 4450 mittitur
1341 4413 1361 4450 :
1386 4410 1523 4466 quae
1547 4394 1730 4451 ambo
1757 4396 1827 4451 ad
1856 4412 2076 4466 augen-

420 4480 558 4579 dam
585 4482 868 4579 vilitatem
898 4483 1052 4579 dicta
1072 4489 1229 4579 sunt.
1259 4484 1540 4540 Decorem
1560 4499 1804 4557 quoque
1821 4485 2069 4556 pulchri-
2108 4524 2152 4579 Β

420 4570 640 4625 tudinis
678 4572 941 4643 ipsorum
989 4572 1256 4629 similiter
1296 4574 1697 4644 ampliﬁcans,
1753 4589 1873 4630 non
1930 4575 2077 4633 dixit

419 4659 780 4730 simpliciter,
813 4660 979 4732 quod
1001 4676 1073 4717 ea
1091 4662 1243 4717 Deus
1276 4662 1503 4727 vestiat,
1539 4662 1646 4718 sed
1677 4663 1835 4735 quod
1864 4663 1948 4720 sic
1983 4679 2075 4720 ve—

416 4747 577 4804 stiat.
612 4751 759 4805 Nam
782 4748 981 4815 dictio,
1009 4750 1113 4817 sic,
1143 4750 1258 4808 hoc
1282 4749 1407 4811 loco
1433 4756 1804 4810 crementum
1829 4751 2075 4810 denotat

418 4835 895 4909 pulchritudinis.

489 5014 909 5074 Studimonem
966 5019 1170 5077 autem
1226 5019 1450 5092 posuit,
1482 5022 1773 5094 tanquam
1811 5018 2069 5094 pulchri-

488 5195 539 5230 ιι
567 5194 765 5254 Matth.
793 5211 875 5268 VI,
912 5197 1001 5253 29.

2198 3227 2365 3281 αὐτῶν
2416 3232 2635 3301 εἴρηκεν,
2681 3231 2833 3282 άτινα
2884 3227 3082 3303 ἐνδυμα
3144 3230 3346 3302 ἑκάστῳ
3399 3233 3591 3283 τούτων
3641 3230 3804 3284 ἐστί’

2199 3319 2554 3389 Καταμάθετε,
2600 3319 2780 3391 λέγων,
2810 3322 2876 3372 τά
2922 3325 3075 3394 κρίνα
3120 3329 3212 3373 τοῦ
3257 3320 3441 3393 ἀγροῦ,
3491 3330 3602 3381 πῶς
3633 3321 3805 3383 αὐξά-

2195 3425 2346 3458 νουσι
2388 3410 2524 3460 κατά
2569 3411 2635 3461 τὰ
2676 3408 2892 3481 πέταλα,
2944 3411 3072 3483 ἅπερ
3116 3415 3235 3463 ὅσον
3281 3410 3507 3478 αὐξάνει,
3550 3418 3803 3463 τοσοῦτον

2196 3496 2427 3570 ὡρατζει.

2268 3681 2418 3748 Λέγω
2448 3709 2515 3718 -
2558 3679 2709 3751 ὑμᾶς.
2761 3683 2910 3732 Διατί
2967 3679 3061 3732 οὐκ
3113 3678 3214 3733 ἀπὸ
3264 3688 3363 3733 τῶν
3410 3690 3647 3734 πετεινῶν
3698 3684 3799 3735 πά-

2193 3766 2271 3819 λιν
2324 3770 2485 3839 ἤγαγε
2536 3764 2903 3843 παράδειγμα,
2967 3770 2996 3828 ἣ
3055 3775 3145 3823 καὶ
3204 3769 3304 3823 ἀπὸ
3363 3772 3508 3832 ζώων
3564 3771 3727 3824 ἄλλων
3779 3789 3793 3839 ;

2194 3855 2325 3929 Εἶχε
2374 3861 2476 3930 γὰρ
2526 3858 2682 3910 εἰπεῖν
2737 3858 2902 3911 πολλά
2955 3859 3413 3933 κεκαλλωπισμένα
3467 3866 3554 3914 καὶ
3612 3865 3798 3935 ὡραιό-

2192 3965 2341 4001 τατα.
2398 3951 2538 3999 Διότι
2588 3947 2833 4020 βούλεται
2886 3946 3149 4002 κάνταῦθα
3216 3947 3405 4017 δεῖξαι,
3465 3956 3558 4009 τήν
3614 3971 3668 4004 τε
3715 3953 3796 4005 εὖ·

2192 4035 2383 4089 τέλειαν
2449 4044 2541 4088 τοῦ
2598 4041 2794 4111 χόρτου
2862 4046 2953 4089 τοῦ
3008 4037 3451 4100 καλλωπισθέντος
3512 4041 3675 4103 οὕτως
3743 4041 3800 4095 ἐκ

2194 4133 2349 4194 Θεοῦ,
2402 4130 2491 4177 καὶ
2531 4131 2625 4184 τὴν
2678 4126 2975 4201 ὡραιότητα
3023 4136 3114 4179 τοῦ
3155 4124 3391 4190 δοθέντος
3447 4129 3665 4193 κάλλους
3722 4140 3797 4203 τῷ

2192 4216 2352 4276 οὕτως
2381 4215 2724 4287 εὐτελεστάτῳ
2764 4222 2967 4291 χόρτῳ.
3024 4222 3208 4271 Σκόπει
3260 4222 3381 4294 γὰρ,
3429 4220 3510 4271 ὅτι
3561 4225 3655 4279 τὴν
3704 4225 3797 4294 μεν

2193 4304 2440 4357 εὐτέλειαν
2489 4313 2589 4356 τῶν
2656 4311 2844 4380 κρίνων
2893 4304 3173 4377 ἐπιτείνων,
3225 4312 3415 4381 χόρτον
3469 4309 3601 4362 αὐτὰ
3658 4330 3795 4384 προ-

2193 4400 2280 4447 ῖὼν
2339 4393 2565 4461 ἐκάλεσε,
2632 4400 2721 4447 καὶ
2788 4398 2863 4448 ἔτι
2934 4396 3145 4468 μᾶλλον,
3208 4403 3433 4472 Σήμερον
3500 4400 3623 4453 ὄντα
3701 4407 3793 4455 καὶ

2188 4488 2367 4557 αὔριον
2416 4484 2483 4545 εἰς
2553 4483 2790 4536 κλίϐανον
2840 4483 3178 4558 βαλλόμενον,
3227 4487 3261 4539 ἆ
3310 4493 3401 4541 καὶ
3464 4490 3619 4562 ἄμφω
3665 4495 3793 4563 πρὸς

2187 4574 2424 4627 ἐπίτασιν
2478 4581 2571 4635 τῆς
2630 4574 2880 4636 εὐτελείας
2933 4578 3154 4651 εἴρηται.
3210 4581 3315 4634 Τὴν
3374 4573 3433 4630 δι
3490 4582 3793 4652 ὡραιότητα

2184 4671 2274 4716 τοῦ
2350 4663 2563 4724 κάλλους
2621 4663 2787 4715 αὐτῶν
2862 4665 3049 4737 ὁμοίως
3130 4664 3405 4738 ἐπιτείνων,
3488 4666 3581 4719 οὐκ
3653 4666 3790 4723 εἶπεν

2182 4753 2372 4819 ἁπλῶς,
2424 4755 2503 4806 ὅτι
2567 4752 2919 4827 ἀμφιέννυσιν,
2976 4753 3082 4807 ἀλλ’
3130 4756 3209 4807 ὄτι
3242 4759 3405 4819 οὕτως
3458 4755 3786 4830 ἀμφιέννυσι.

2180 4847 2250 4897 Τὸ
2292 4845 2393 4919 γὰρ
2426 4847 2588 4906 οὕτως
2632 4842 2855 4897 ἐνταῦθα
2902 4842 3143 4897 ἐπίτασιν
3175 4843 3407 4919 ἐμφαίνει
3459 4855 3555 4908 τῆς
3602 4849 3791 4923 ὡραιό-

2181 4953 2354 4995 τητος.

2250 5026 2349 5078 Τόν
2402 5022 2705 5098 Σολομῶντα
2758 5020 2817 5080 δι
2864 5025 3106 5095 τέθεικεν,
3175 5025 3240 5089 ὡς
3307 5025 3423 5099 (29)
3492 5026 3787 5103 φιλόκαλον,

1645 5324 1863 5396 Variae
1892 5326 2223 5398 lectiones
2259 5338 2323 5397 et
2365 5339 2570 5399 notae.

492 5516 602 5586 (27)
645 5516 693 5573 B
723 5516 904 5595 habet
926 5522 1040 5595 καί,
1059 5535 1192 5595 __pro
1222 5521 1336 5589 κᾶν,
1380 5525 1437 5595 et
1462 5522 1642 5595 paulo
1660 5528 1794 5595 post
1826 5523 2068 5579 σπουδά-

422 5607 522 5660 ap;
552 5603 733 5665 supra
763 5590 974 5665 scripto
1002 5610 1035 5642 α
1058 5590 1261 5647 litterae
1298 5613 1365 5665 κῃ,
1408 5590 1479 5650 ἰ.”
1499 5610 1548 5665 e.
1596 5590 1923 5658 σπουδάσας.
1956 5600 2070 5654 Aut

420 5674 559 5731 ergo
600 5663 690 5712 καὶ
726 5662 1061 5732 σπουδάσας,
1111 5669 1208 5720 aut
1237 5662 1331 5716 κάν
1382 5662 1693 5741 σπουδάσῃς
1720 5668 2065 5741 legendum.

2272 5528 2359 5597 28)
2391 5528 2642 5593 Inclusa,
2673 5528 2731 5583 in
2755 5526 3023 5597 margine
3051 5528 3235 5586 habet
3258 5531 3324 5585 A.

2250 5528 2339 5670 $28
2391 5528 2642 5593 Inclusa'
2673 5528 2731 5583 in
2755 5528 3023 5597 marSine
3051 5528 3235 5586 habet
3258 5531 3324 5585 A.

2178 5528 2694 5729 run219ifdémnov
2727 5599 2796 5658 Β.
2850 5600 2911 5657 In
2943 5603 2987 5655 A
3033 5616 3245 5661 rasura
3294 5603 3590 5663 sublatum
3638 5605 3786 5664 alte-
