4098 6458
285 330 377 387 253
1277 331 1643 389 COMMENT.
1691 330 1757 387 lN
1796 330 1908 387 MA'

2028 329 2246 387 UEUM.
2286 358 2355 370 --
2393 327 2552 385 CAP.
2594 326 2688 386 VI.

3564 326 3668 383 254

294 465 375 515 καὶ
421 462 577 533 σοφὸν
631 457 969 513 ἐπινοεῖσθαι
1032 458 1453 532 καλλωπισμούς.
1519 456 1766 518 κλίϐανος
1848 452 1908 510 δέ

2028 456 2109 512 nis
2134 458 2489 520 amatorem,
2517 457 2575 511 et
2602 453 2681 511 ad
2721 453 2888 512 illam
2916 453 3406 525 cognoscendam
3432 453 3667 525 sapien-

299 551 424 619 ἐστι,
476 553 533 603 τὸ
589 548 865 602 ὀπτανεῖον
893 557 993 601 τῶν
1045 550 1233 623 ἄρτων.
1293 552 1363 602 Τὸ
1416 544 1476 601 δὲ
1519 547 1675 620 ’Υμᾱς
1723 545 1905 619 ἐμφαν-

302 646 436 695 τικὸν
491 646 648 711 τιμῆς
708 644 927 696 νόησον.
988 642 1124 696 Φησὶ
1187 640 1288 712 γὰρ
1349 636 1765 712 ἐρωτηματικῶς,
1825 637 1906 687 ὃτι

298 732 373 784 Οὐ
426 728 595 800 πολλῷ
649 728 842 800 μᾶλλον
902 730 1058 799 ὑμᾶς,
1128 731 1187 779 τὸ
1255 730 1425 798 τίμιον
1473 726 1632 778 αὐτοῦ
1682 732 1901 797 κτῆμα;

298 821 375 881 οἷς
431 827 587 891 σῶμα
640 823 730 869 καὶ
778 816 965 889 ψυχὴν
1014 821 1102 869 καὶ
1153 823 1269 868 νοῦν
1327 818 1637 888 ἐχαρίσατο,
1700 810 1771 866 δι’
1817 814 1904 875 οὖς

294 913 383 960 τον
413 913 613 979 κόσμον
643 907 883 975 ἐποίησε,
918 903 952 959 δ
959 906 992 958 ι’
1032 912 1117 967 οῦς
1149 909 1420 978 προφήτας
1448 903 1663 977 ἔπεμψε,
1696 900 1731 956 δ
1737 903 1772 955 ι’
1817 904 1905 965 ούς

294 1002 383 1050 καὶ
412 1001 501 1049 τὸν
529 1005 778 1070 μονογενῆ
819 995 981 1049 αὑτοῦ
1012 998 1129 1048 Υίὸν
1156 992 1421 1057 ἐξέδωκεν.

367 1247 765 1319 Ὀλιγόπιστοι.
862 1243 1267 1302 Ἐπιπληκτικόν
1360 1262 1470 1295 εστι
1552 1249 1725 1296 τοῦτο.
1811 1246 1908 1296 Καὶ

288 1341 393 1411 γὰρ
456 1332 752 1398 ἀποδείξας
805 1334 831 1386 ὃ
884 1332 1139 1398 ἐϐούλετο,
1202 1332 1381 1385 λοιπὸν
1449 1331 1750 1389 ἐπιπλήττει
1815 1331 1906 1383 αύ-

287 1434 434 1495 τούς,
494 1426 866 1497 ὄλιγοπίστους
939 1422 1225 1495 ὀνομάζων,
1287 1425 1355 1483 ὡς
1425 1426 1495 1495 μὴ
1569 1423 1905 1482 πιστεύοντας

289 1514 661 1579 ἆδιστάκτως,
708 1514 788 1566 ὅτι
841 1516 1108 1587 φροντίσει
1154 1512 1317 1564 αὐτῶν
1375 1512 1401 1563 ὁ
1454 1514 1603 1580 Θεὸς,
1662 1515 1751 1563 καὶ
1813 1506 1907 1563 διὰ

288 1614 447 1658 τοῦτο
533 1611 908 1676 μεριμνῶντας.
1014 1601 1193 1663 Οὕτως
1284 1599 1583 1663 ἐπιπλήξας,
1682 1598 1906 1673 ἐντρέπει

290 1699 531 1761 τούτους,
564 1697 656 1745 καὶ
705 1691 1125 1764 εὐπειθεστέρους
1170 1697 1324 1744 ποιεῖ.
1362 1686 1672 1743 Ἐπαίδευσε
1716 1686 1773 1742 δε
1814 1685 1847 1741 δ
1854 1691 1908 1740 ιὰ

2015 551 2153 600 tem.
2175 544 2459 600 Clibanus
2481 559 2620 599 vero
2634 543 2803 599 locus
2822 546 2910 599 est
2924 543 3001 599 ad
3020 542 3404 614 coquendum
3420 557 3666 613 panem.

2014 634 2372 699 Pronomen,
2417 634 2546 696 Vos,
2598 638 2659 687 ut
2710 632 2955 688 honoris
2985 631 3525 688 demonstrativum
3576 630 3668 694 sit,

2016 723 2287 793 accipito.
2321 722 2473 777 Nam
2513 721 2770 778 amantis
2802 737 2968 777 more
3012 721 3295 793 loquitur,
3328 736 3398 776 ac
3429 719 3480 774 si
3506 718 3669 775 dicat

2012 810 2099 883 (ω)
2128 828 2145 867 ;
2174 813 2380 867 Nonne
2406 810 2582 881 longe
2600 812 2788 882 magis
2806 826 2936 876 vos,
2956 811 3059 882 qui
3081 818 3223 866 estis
3252 809 3516 881 pretiosa
3536 808 3666 879 ejus

2013 899 2315 973 possessio
2346 899 2456 971 (ῃ),
2484 898 2707 971 quibus
2750 914 2989 970 corpus,
3034 898 3323 963 animam,
3384 912 3454 953 ac
3504 911 3669 952 men-

2013 991 2133 1046 tem
2161 987 2343 1059 gratis
2372 988 2638 1054 contulit,
2668 991 2911 1060 propter
2940 1004 3091 1059 quos
3116 987 3415 1043 mundum
3446 985 3668 1043 forma-

2013 1077 2116 1144 vit,
2146 1082 2388 1150 propter
2429 1093 2586 1149 quos
2639 1077 2960 1149 prophetas
2992 1076 3159 1141 misit,
3214 1081 3457 1147 propter
3512 1090 3667 1147 quos

2018 1166 2387 1237 unigenitum
2411 1181 2653 1238 quoque
2681 1167 2890 1223 Filium
2914 1182 3093 1221 suum
3134 1165 3373 1223 tradidit
3402 1165 3430 1221 ?

2086 1254 2248 1311 Vers.
2275 1259 2367 1312 30.
2409 1256 2456 1310 0
2492 1255 2747 1312 homines
2802 1255 3040 1311 modica
3090 1255 3249 1323 ﬁdei.
3283 1285 3353 1294 —
3386 1254 3663 1325 Increpa-

2016 1344 2199 1400 tivum
2232 1344 2485 1400 esthoc.
2522 1347 2844 1417 Postquam
2871 1343 3022 1399 enim
3062 1343 3346 1407 ostendit,
3383 1342 3551 1415 quod
3573 1359 3675 1398 vo-

2013 1433 2192 1498 lebat,
2248 1432 2534 1506 deinceps
2590 1434 2755 1505 ipsos
2801 1433 3083 1504 objurgat
3141 1448 3357 1504 parum
3421 1431 3675 1487 ﬁdentes

2013 1522 2308 1593 appelans
2340 1539 2353 1577 :
2386 1527 2589 1594 utpote
2616 1522 2721 1595 qui
2738 1537 2861 1578 non
2879 1521 3110 1593 absque
3137 1520 3529 1592 ambiguitate
3552 1536 3678 1575 cre-

2015 1612 2239 1677 derent,
2269 1611 2435 1683 quod
2465 1611 2618 1667 Deus
2648 1611 2919 1682 ipsorum
2945 1626 3146 1666 curam
3189 1610 3461 1675 haberet,
3494 1614 3552 1664 et
3591 1609 3676 1664 id-

2015 1702 2172 1757 circo
2199 1700 2431 1757 solliciti
2456 1706 2670 1757 essent.
2698 1702 2784 1757 Ita
2813 1701 3169 1771 objurgans,
3194 1716 3297 1756 eos
3336 1698 3674 1766 confundit,

291 1792 388 1837 τοῦ
439 1784 685 1857 ῥηθέντος
738 1776 1177 1853 παραδείγματος,
1234 1784 1321 1831 καὶ
1378 1782 1435 1830 τὸ
1484 1784 1553 1851 μὴ
1596 1782 1732 1850 μέγα
1788 1797 1908 1851 φρο-

2028 1806 2085 1846 ic
2114 1789 2458 1846 ﬁdentiores
2511 1789 2731 1846 reddit.
2790 1789 2998 1845 Docuit
3026 1804 3269 1861 quoque
3291 1788 3449 1844 dicto
3480 1804 3678 1844 exem-

293 1881 400 1925 νεῖν
449 1874 525 1924 ἐπέ
703 1868 1006 1941 πολυτελείᾳ
1055 1875 1153 1921 τῶν
1211 1870 1446 1941 ἱματίων,
1500 1867 1567 1918 ὧν
1621 1870 1907 1942 ὡραιότερα

294 1968 392 2015 καὶ
441 1960 684 2012 καλλίονα
737 1962 804 2011 τὰ
848 1959 978 2017 ἄνθη
1024 1966 1115 2009 τοῦ
1163 1962 1383 2031 χόρτου.
1432 1955 1629 2032 ’Ὠσπερ
1680 1953 1738 2009 δὲ
1781 1955 1907 2008 ἀνω-

295 2057 429 2123 τέρω
477 2053 595 2123 περὶ
640 2057 739 2100 τῶν
783 2054 1024 2099 πετεινῶν
1083 2047 1258 2113 εἰπὼν,
1318 2048 1399 2098 ὅτι
1468 2045 1527 2097 ού
1580 2050 1903 2119 σπείρουσιν,

291 2142 391 2193 οὐκ
452 2138 680 2191 ἐκώλυσε
757 2141 816 2188 τὸ
891 2141 1136 2210 σπείρειν,
1212 2138 1281 2197 ὡς
1364 2134 1529 2188 ἐκεῖσε
1608 2135 1902 2210 εἰρήκαμεν·

290 2230 465 2290 οὕτως
524 2223 639 2279 οὐδ’
696 2224 921 2278 ἐνταῦθα
966 2228 1024 2277 τὸ
1081 2230 1266 2295 κοπιᾲν
1336 2229 1424 2276 καὶ
1477 2226 1649 2282 νήθειν
1722 2222 1907 2275 ἐκώλυ-

294 2338 408 2388 σεν,
456 2316 569 2369 ἀλλ’
599 2312 734 2368 εἶπεν
783 2314 941 2381 οὕτω,
976 2310 1143 2377 δεῖξαι
1184 2318 1337 2385 μόνον
1384 2312 1557 2382 θελων,
1611 2314 1692 2366 ὅτι
1721 2314 1746 2364 ὁ
1779 2316 1907 2376 Θεὸς

293 2408 437 2459 ωᾶτά
468 2405 716 2478 ἀμφιέννυ
726 2423 799 2459 σι.

374 2500 480 2549 Καὶ
544 2492 693 2546 διατί
748 2488 997 2545 τοσοῦτον
1052 2491 1236 2554 κάλλος
1286 2498 1395 2554 τοῖς
1467 2490 1646 2544 ἄνθεσι
1711 2496 1909 2565 περιτέ-

298 2589 477 2651 θεικε;
512 2584 628 2655 (30)
672 2586 815 2636 Διότι
864 2580 1107 2655 βούλεταί
1156 2600 1212 2633 σε
1258 2587 1347 2634 καὶ
1398 2581 1500 2633 ἀπὸ
1553 2583 1738 2634 τούτου
1784 2601 1909 2653 μαν-

302 2678 475 2728 θάνειν
517 2676 577 2726 τὸ
620 2673 835 2745 μέγεθος
890 2677 985 2733 τῆς
1035 2669 1195 2722 αὐτοῦ
1243 2675 1428 2743 σοφίας
1470 2674 1559 2723 καὶ
1618 2666 1907 2743 δυνάμεως,

298 2766 363 2819 Εἰ
410 2768 584 2816 τοίνυν
640 2764 709 2813 τὰ
760 2756 855 2813 διὰ
914 2762 970 2812 σε
1006 2763 1253 2831 γενόμενα
1297 2764 1450 2834 κρίνα
1487 2759 1765 2832 φιλοτίμως
1810 2758 1907 2812 ἐνέ-

299 2851 456 2917 δυσε,
517 2859 630 2912 πῶς
675 2849 771 2903 ούκ
816 2845 1025 2902 ὲνδύσει
1080 2848 1315 2920 μάλιστά
1362 2868 1438 2913 σε,
1500 2845 1572 2901 δι’
1632 2852 1684 2900 ὅν
1744 2847 1911 2901 ἐκεῖνα

295 2948 591 3006 tuoin”;
675 2940 1000 3011 Δημιουργὸς
1058 2934 1115 2991 δὲ
1185 2942 1276 2989 καὶ
1341 2942 1630 3012 προνοητὴς
1704 2940 1909 2990 πάντων

298 3033 461 3093 αὐτὸς
522 3030 612 3097 ὢν,
676 3030 815 3101 ὅμως
870 3034 943 3098 τῷ
1010 3031 1174 3101 Πατρὶ
1240 3031 1333 3085 τὴν
1403 3023 1755 3100 δημιουργίαν
1820 3032 1910 3080 καὶ

296 3126 547 3194 πρόνοιαν
595 3120 800 3171 πάντων
844 3115 1145 3181 ἀνατίθησι,
1190 3112 1437 3168 δεικνύων
1486 3135 1541 3168 τε
1587 3116 1811 3169 ἐντεῦθεν
1850 3120 1907 3169 τὸ

294 3215 429 3284 πρὸς
476 3209 635 3261 αὐτὸν
670 3209 974 3279 ὀμόγνωμὸν
1018 3224 1072 3259 τε
1114 3209 1205 3258 καὶ
1251 3201 1603 3278 ὁμοδύναμον,
1649 3211 1738 3258 καὶ
1791 3206 1907 3278 (31)

296 3296 445 3351 διότι
492 3296 638 3350 ούπω
680 3298 863 3368 καιρὸς
910 3290 994 3361 ἦν,
1046 3293 1336 3365 ἑκκαλύψαι
1383 3302 1609 3368 φανερῶς
1645 3298 1765 3369 περὶ
1813 3303 1909 3356 τῆς

295 3388 488 3440 ἑαυτοῦ
542 3389 799 3452 θεότητος,
853 3386 921 3445 ὡς
980 3386 1379 3456 ἡρμηνεύσαμεν
1442 3383 1780 3456 ἐξηγούμενοι
1826 3388 1904 3437 τόο

294 3478 593 3529 Ἠκούσατε
659 3475 741 3527 ὅτι
810 3472 988 3547 ἐρῥέθη
1058 3479 1163 3533 τοῖς
1236 3472 1502 3546 ἀρχαίοιςο
1586 3472 1663 3529 Οὐ
1740 3476 1910 3546 φονεύ.

295 3585 432 3628 σεις.

370 3659 458 3712 Μὴ
518 3682 586 3695 -
649 3651 1065 3725 περιϐαλώμεθα.
1121 3649 1564 3723 Ἐπαναλαμϐςίνει
1616 3649 1769 3702 πάλιν
1823 3653 1909 3703 τὸν

296 3749 421 3817 περὶ
470 3750 563 3797 τοῦ
611 3746 683 3814 μὴ
736 3741 848 3813 (32)
903 3746 1153 3815 μεριμνᾴν
1200 3739 1377 3811 λόγον,
1426 3736 1519 3792 διὰ
1567 3743 1625 3793 τὸ
1678 3741 1769 3800 τῆς
1826 3759 1910 3813 με.

292 3841 488 3909 ρίμνης
545 3832 722 3906 βίαιόν
769 3850 823 3884 τε
868 3836 958 3883 καὶ
1008 3826 1466 3887 δυσαπάλλακτον.
1511 3832 1577 3883 Σὺ
1629 3825 1687 3882 δὲ
1743 3828 1911 3888 ἐννόη-

298 3943 413 3990 σον,
466 3927 551 3975 ὅτι
606 3923 656 3974 οἱ
702 3921 1051 3981 κελευσθέντες
1109 3915 1250 3993 μηδὲ
1296 3923 1414 3991 περὶ
1457 3926 1556 3970 τῶν
1617 3917 1909 3990 ἀναγκαίων

294 4017 578 4090 μριμνᾴν,
651 4014 769 4062 τίνα
866 4014 1176 4080 συγγνώμην
1269 4007 1465 4080 ἕξομεν,
1570 4016 1910 4081 μεριμνῶντες

294 4108 394 4154 καὶ
423 4105 545 4173 περὶ
569 4108 667 4152 τῶν
697 4100 792 4151 ούκ
823 4098 1118 4169 ἀναγκαίων
1143 4113 1156 4163 ;

377 4193 559 4244 Πάντα
606 4220 675 4229 -
712 4187 967 4249 ἐπιζητεῖ.
1021 4195 1091 4241 Το
1148 4186 1438 4253 Ἐπιζητεῖ,
1490 4185 1603 4239 ἀντὶ
1633 4194 1746 4254 τοῦ,
1810 4195 1909 4241 Με-

290 4289 554 4353 ριμνῶσι,
603 4282 818 4335 νόησον.
866 4280 943 4330 Τὰ
990 4278 1105 4335 ἔθνη
1151 4278 1276 4351 γὰρ,
1318 4275 1512 4348 ἀλόγων
1564 4273 1740 4344 δίκην,
1782 4281 1912 4351 πρὸς

289 4376 463 4441 μόνην
508 4366 763 4440 βλέπουσι
788 4371 880 4426 τὴν
912 4363 1239 4439 φιληδονίαν.
1287 4364 1448 4419 Ὅταν
1504 4361 1564 4418 δὲ
1613 4366 1727 4438 (33)
1771 4363 1912 4439 μηδὲ

288 4467 399 4511 τῶν
452 4457 665 4511 ἐθνικῶν
719 4458 1091 4531 ύπερτερῶμεν,
1160 4458 1208 4508 οἱ
1254 4464 1355 4507 τῶν
1413 4460 1760 4528 Γραμματέων
1822 4462 1912 4508 καὶ

292 4553 607 4623 Φαρισαίων
668 4547 957 4620 ὑπερτερεῖν
1032 4552 1147 4607 ταῖς
1223 4542 1427 4619 ἀρεταῖς
1503 4544 1908 4617 κεκελευσμένοι,

291 4643 453 4699 ποίας
480 4637 579 4689 ούκ
603 4636 665 4687 ἄν
695 4638 867 4707 εἴημεν
895 4634 1155 4694 κολάσεως
1180 4632 1317 4697 ἄξιοι
1342 4650 1356 4700 ;

378 4813 514 4870 Οἵδε
566 4846 637 4856 -
707 4814 969 4873 ἁπάντων.
1036 4812 1417 4887 Καθαψάμενος
1479 4812 1648 4867 αὐτῶν
1723 4814 1911 4876 ἱκανῶς

294 4904 698 4983 παραθαρῥύνει
760 4903 913 4959 πάλιν
999 4903 1265 4978 ἑτέρωθεν.
1348 4903 1537 4981 Ἔργον
1595 4905 1694 4979 γὰρ
1755 4900 1911 4956 διδα·

2016 1879 2116 1951 plo
2145 1894 2268 1935 non
2312 1878 2667 1935 insolescere
2698 1878 2772 1934 de
2797 1878 3077 1951 pretiosis
3109 1877 3393 1942 vestibus,
3454 1876 3678 1948 quibus

2015 1967 2194 2038 longe
2216 1968 2597 2040 pretiosiores
2621 1972 2778 2032 sunt,
2805 1967 3119 2039 magisque
3132 1966 3331 2022 decari
3349 1965 3677 2023 herbarum

2015 2057 2222 2114 ﬂores.
2260 2056 2788 2124 Quemadmodum
2818 2062 3017 2112 autem
3044 2056 3341 2127 superius,
3375 2055 3449 2110 de
3465 2053 3676 2111 avibus

2017 2145 2255 2212 diceret,
2286 2145 2453 2218 quod
2476 2161 2599 2201 non
2633 2145 2949 2209 seminent,
2985 2159 3102 2199 non
3130 2142 3436 2215 prohibuit
3508 2141 3679 2198 semi-

2017 2250 2179 2302 nare,
2209 2234 2596 2291 sicutibidem
2614 2234 2876 2290 diximus
2901 2250 2914 2288 :
2944 2233 3229 2305 itaneque
3256 2231 3674 2304 hicllaborare,

2018 2329 2122 2381 aut
2150 2340 2290 2381 nere
2319 2325 2459 2391 ;sed
2488 2324 2813 2380 italocutus
2844 2329 2954 2390 est,
2981 2322 3187 2379 volens
3214 2326 3445 2378 tantum
3489 2326 3679 2377 osten-

2019 2413 2179 2479 dere,
2213 2413 2379 2485 quod
2421 2416 2575 2468 Deus
2609 2412 2709 2468 illa
2734 2412 2960 2468 vestiat.

2092 2504 2286 2569 Quare
2315 2507 2517 2559 autem
2549 2506 2713 2558 tanto
2742 2501 2956 2558 decore
2990 2500 3168 2556 ﬂores
3196 2498 3453 2554 amicivit
3472 2497 3499 2553 Τ
3529 2497 3681 2563 Quia

2020 2592 2161 2658 vult,
2210 2596 2272 2648 ut
2301 2607 2374 2647 ex
2402 2592 2517 2647 hoc
2569 2591 2767 2647 discas
2813 2588 3119 2662 sapientiae
3147 2604 3218 2645 ac
3244 2588 3523 2660 potentiae
3555 2601 3679 2642 suae

2022 2680 2526 2751 magnitudinem.
2556 2680 2613 2734 Si
2646 2694 2787 2750 ergo
2825 2678 2968 2746 lilia,
3000 2694 3140 2751 quae
3179 2681 3423 2750 propter
3448 2680 3502 2732 te
3524 2675 3681 2732 facta

2022 2774 2176 2835 sunt,
2208 2769 2464 2841 pretiose
2491 2767 2705 2838 induit,
2737 2766 3048 2840 quomodo
3098 2782 3219 2823 non
3251 2765 3441 2822 multo
3485 2764 3682 2834 magis

2021 2863 2075 2914 te
2114 2858 2340 2923 vestiet,
2368 2862 2609 2930 propter
2626 2873 2811 2929 quem
2838 2856 2937 2912 illa
2965 2855 3242 2912 formavit
3275 2857 3303 2911 ?
3326 2857 3391 2910 Et
3414 2853 3550 2909 licet
3593 2852 3680 2909 Fi-

2018 2946 2137 3002 lius
2166 2947 2294 3018 ipse
2317 2946 2919 3021 omniumsitcreator
2944 2961 3015 3001 ac
3027 2945 3324 3017 provisor,
3351 2943 3431 2999 ad
3447 2944 3679 2999 Patrem

2022 3040 2241 3102 tamen,
2270 3034 2635 3091 creationem
2657 3051 2727 3090 ac
2753 3033 3193 3106 providentiam
3225 3033 3400 3089 refert
3431 3049 3443 3086 :
3467 3036 3675 3088 osten-

2019 3123 2169 3181 dens
2195 3124 2332 3179 hinc
2353 3122 2632 3179 eamdem
2658 3139 2796 3178 cum
2828 3122 2928 3178 illo
2961 3122 3077 3177 sibi
3110 3137 3238 3176 esse
3273 3120 3586 3176 scientiam
3609 3135 3680 3175 ac

2019 3212 2457 3286 providentiam
2489 3211 2583 3284 (τ).
2612 3212 2889 3269 Nondum
2912 3210 3074 3267 enim
3092 3215 3329 3280 tempus
3356 3213 3481 3264 erat
3507 3224 3682 3265 suam

2021 3301 2330 3359 manifeste
2343 3301 2617 3371 detegere
2639 3301 3029 3365 divinitatem,
3048 3299 3307 3372 quemad
3319 3298 3457 3353 mod
3468 3314 3568 3353 um
3582 3297 3680 3352 de-

2019 3391 2401 3456 claravimus,
2425 3396 2792 3461 exponentes
2815 3394 3046 3462 partem
3073 3388 3174 3444 illa
3199 3405 3211 3443 :
3245 3386 3508 3443 Audistis
3527 3386 3680 3458 quod

2018 3480 2249 3539 dictum
2277 3480 2353 3535 sit
2382 3479 2632 3550 antiquis
2666 3495 2678 3535 :
2710 3480 2844 3535 Non
2874 3478 3115 3535 occides.

2091 3570 2254 3624 Vers.
2286 3573 2373 3625 31.
2407 3569 2491 3625 Ne
2513 3598 2584 3612 —
2630 3568 2956 3638 operiemur
2978 3572 3004 3622 ?
3062 3570 3317 3623 Rursum
3351 3564 3584 3622 iteravit
3607 3564 3683 3621 de

2020 3657 2415 3714 sollicitudine
2446 3673 2810 3719 sermonem.
2837 3662 3082 3729 propter
3107 3673 3264 3712 curae
3312 3655 3684 3720 violentiam,

2021 3762 2156 3818 quae
2181 3746 2275 3801 vix
2302 3745 2481 3819 abjici
2531 3751 2744 3818 potest.
2775 3749 2856 3802 Tu
2900 3762 3043 3802 vero
3074 3745 3410 3810 considera,
3434 3744 3599 3816 quod
3634 3744 3686 3799 si

2020 3835 2196 3892 nobis
2222 3835 2461 3905 jussum
2491 3841 2599 3899 est,
2653 3850 2727 3890 ne
2757 3835 2832 3891 de
2881 3834 3061 3890 rebus
3105 3836 3283 3891 etiam
3329 3832 3685 3889 necessariis

2022 3926 2209 3981 simus
2262 3924 2513 3994 solliciti,
2571 3940 2758 3995 quam
2810 3923 3183 3996 sperabimus
3234 3924 3492 3989 veniam,
3545 3938 3686 3978 cum

2022 4013 2097 4069 de
2143 4012 2237 4068 his
2289 4013 2468 4069 etiam
2509 4028 2639 4086 quae
2681 4011 3020 4068 necessaria
3064 4028 3189 4068 non
3238 4018 3378 4068 sunt
3416 4011 3572 4068 anxii
3611 4010 3682 4066 si-

2024 4117 2158 4158 mus
2188 4100 2215 4156 7

2095 4194 2234 4247 Vers
2266 4191 2353 4247 32.
2377 4190 2589 4248 Omnia
2616 4221 2683 4231 —
2710 4191 3047 4262 inquirunt.
3075 4188 3406 4262 lnquirunt,
3438 4189 3554 4244 hoc
3575 4194 3681 4253 est,

2023 4280 2253 4338 solliciti
2295 4286 2433 4336 sunt
2474 4280 2549 4336 de
2575 4280 2686 4336 his.
2736 4280 3056 4336 Considera
3085 4296 3097 4334 :
3122 4281 3332 4335 Gentes
3370 4277 3688 4333 irrationa-

2021 4370 2169 4425 lium
2222 4385 2408 4435 more,
2473 4368 2600 4425 solo
2651 4375 2965 4425 moventur
3008 4367 3384 4439 voluptatum
3457 4382 3682 4422 amore.

2022 4457 2276 4526 Quando
2294 4472 2434 4526 ergo
2465 4472 2660 4528 neque
2677 4457 2955 4528 gentibus
2981 4457 3416 4528 praestantiores
3454 4471 3684 4521 sumus,

2022 4548 2240 4620 quibus
2257 4546 2497 4618 jussum
2520 4550 2625 4610 est,
2656 4553 2719 4600 ut
2742 4551 2799 4601 et
2830 4545 3047 4602 Scribis
3086 4551 3141 4601 et
3169 4544 3477 4601 Pharisaeis
3508 4543 3689 4601 virtu-

2024 4642 2077 4692 te
2111 4636 2298 4690 simus
2348 4634 2790 4699 eminentiores,
2832 4650 2955 4707 quo
3000 4634 3293 4706 supplicio
3341 4631 3510 4704 digni
3564 4648 3689 4690 non

2022 4724 2246 4782 erimus
2274 4723 2302 4778 ‘I

2094 4816 2260 4870 Vers.
2308 4814 2396 4869 32.
2439 4811 2553 4868 Scit
2580 4843 2647 4853 —
2677 4813 2971 4869 omnibus.
3004 4815 3327 4887 Postquam
3353 4811 3495 4868 satis
3524 4811 3688 4884 ipsos

2025 4902 2329 4976 corripuit,
2362 4917 2565 4958 rursus
2590 4900 2834 4961 aliunde
2855 4917 2958 4960 eos
3000 4901 3370 4961 adhortatur.
3402 4903 3502 4959 Est
3526 4899 3688 4957 enim

1537 5080 1765 5151 Variae
1802 5080 2132 5151 lectiones
2163 5092 2229 5149 et
2254 5084 2458 5148 notat.

524 5228 854 5308 περιτίθεται

397 5232 487 5308 30)
524 5232 854 5307 περιτίθεται
886 5233 949 5283 Δ.

370 5232 482 5379 ἕ31)
520 5308 634 5377 καὶ,
670 5302 849 5360 abest
882 5300 956 5354 A.

351 5492 432 5569 (λ’)
461 5484 764 5551 Amantis
809 5477 1281 5569 φατε-τρίψει
1303 5478 1631 5569 Interrogat
1651 5473 1809 5531 enim
1831 5474 1917 5531 di-

276 5548 426 5627 cens:
451 5548 1048 5635 interpresﬂdetur
1076 5548 1287 5635 legisse
1319 5548 1592 5635 ἐρωτικῶς.

326 5616 767 5723 ;SEiiéisio.
792 5620 1043 5679 Videtur
1054 5616 1196 5692 ergo
1214 5616 1529 5677 Bentenius
1550 5616 1731 5676 etiam
1754 5633 1919 5690 repe-

2099 5223 2215 5298 (32)
2246 5228 2341 5297 μή,
2367 5223 2541 5281 abest

2101 5290 2211 5369 (33)
2373 5311 2483 5368 pro
2505 5290 2646 5368 μηδέ
2677 5300 2739 5350 Α.

2026 5473 2172 5529 risse
2229 5481 2424 5545 κτῆμα.
2458 5470 2655 5527 Malim
2673 5475 2877 5527 tamen
2904 5475 3121 5545 κτίσμα.
3155 5469 3357 5545 Iacob.
3396 5474 3446 5524 l.
3505 5470 3587 5526 18.

2098 5546 2175 5615 (z)
2224 5541 2527 5601 Sciéntiam
2579 5558 2647 5599 ac
2707 5541 3168 5612 providentiam.
3228 5541 3604 5598 Voluntatem
3636 5544 3693 5597 et

2026 5620 2406 5688 potestatem.
