4098 6392
484 342 589 397 255

1813 335 2160 393 EUTHYMH
2201 336 2530 394 ZIGABENI

3750 349 3848 406 256

481 466 864 540 praeceptoris
914 464 1204 531 ofﬁcium,
1253 467 1309 520 et
1342 463 1664 534 objurgare
1721 462 1863 517 dum
1887 463 2142 535 expedit,

2263 463 2421 516 κάλον
2474 468 2563 516 καὶ
2608 463 2952 534 ἐπιπλήττειν,
2997 466 3045 518 ἐν
3093 462 3170 528 οἷς
3211 468 3338 537 χρὴ,
3381 471 3469 519 καὶ
3517 471 3838 543 παρακαλεῖν,

483 563 539 613 et
569 556 886 620 consolari,
910 572 979 610 ac
1005 556 1282 626 utrinque
1302 554 1578 608 excitare.
1595 553 1724 608 Non
1746 552 1894 607 dixit
1912 557 2112 609 autem
2136 570 2148 608 :

481 647 604 703 Scit
628 648 802 711 Deus,
825 645 950 712 sed,
975 645 1092 700 Scit
1115 647 1288 698 Pater
1308 649 1520 706 vester;
1557 657 1679 713 quo
1705 642 2021 698 maximam
2049 642 2154 698 ha-

481 735 982 791 beantﬂduciam.
1002 737 1082 788 Ex
1101 749 1216 804 quo
1231 733 1391 787 enim
1411 736 1576 787 Pater
1603 735 1711 795 est,
1729 730 1933 787 ettalis
1955 731 2149 789 Pater,

480 825 632 880 ﬁlios
663 825 962 895 despicere
1007 837 1129 878 non
1177 823 1407 894 poterit,
1443 825 1498 876 et
1528 820 1652 892 pati
1695 825 1758 876 ut
1817 836 2019 876 rerum
2050 819 2151 876 ne-

485 913 882 970 cessariarum
930 911 1263 980 indigentia
1287 909 1588 974 deﬁciant,
1618 925 1758 965 cum
1799 925 1994 982 neque
2037 915 2154 966 ter-

487 1004 610 1059 reni
638 1006 838 1074 patres
869 1001 927 1056 id
959 1001 1312 1057 sustineant.
1343 1002 1410 1054 Et
1437 999 1582 1071 quia
1605 999 1889 1055 omnibus
1921 1000 2013 1054 his
2047 999 2156 1058 scit

481 1108 589 1149 vos
621 1091 908 1160 indigere,
937 1090 1104 1146 dabit
1137 1090 1359 1161 utique.
1399 1091 1526 1144 Non
1555 1092 1695 1144 sunt
1741 1088 1903 1144 enim
1947 1104 2154 1160 super-

481 1181 606 1237 ﬂua
636 1180 828 1244 edere,
859 1179 1072 1246 bibere,
1107 1183 1208 1234 aut
1240 1178 1462 1243 vestiri,
1502 1181 1562 1232 ut
1588 1176 1779 1247 possit
1823 1177 2147 1248 negligere,

482 1271 586 1326 sed
614 1270 849 1341 corpori
908 1269 1090 1334 utilia,
1145 1272 1324 1340 atque
1371 1272 1602 1323 natura
1652 1267 1844 1339 ipsius
1884 1283 2155 1323 necessa-

482 1361 588 1416 ria.
623 1361 827 1432 Itaque
859 1375 1042 1430 quam
1069 1357 1169 1413 tibi
1227 1356 1534 1412 existimas
1565 1371 1700 1412 esse
1757 1372 2005 1412 causam
2045 1355 2153 1413 sol-

480 1448 829 1512 licitudinis,
863 1448 1058 1517 magis
1087 1462 1271 1502 causa
1299 1449 1387 1501 est
1415 1445 1776 1501 securitatis.
1812 1447 1962 1510 Quia
1991 1445 2152 1500 enim

480 1539 606 1594 haec
636 1536 973 1593 necessaria
1007 1539 1162 1601 sunt,
1205 1535 1341 1590 ideo
1394 1535 1588 1604 magis
1641 1534 1943 1590 confidere
1973 1548 2153 1605 opor-

480 1631 576 1685 tet.
603 1627 746 1692 Quis
778 1626 926 1683 enim
973 1631 1161 1698 pater,
1194 1624 1372 1681 etiam
1403 1623 1751 1680 necessaria
1799 1623 1936 1679 ﬁliis
1968 1624 2152 1680 dene-

482 1716 648 1787 gabit
675 1718 702 1773 ?

546 1807 705 1861 Vers.
761 1808 848 1861 33.
898 1802 1152 1872 Qum-rite
1201 1835 1269 1842 —
1313 1802 1496 1860 vobis.
1542 1801 1813 1857 Primum
1855 1803 1968 1858 hoc
2043 1805 2150 1863 est,

476 1898 612 1950 ante
641 1909 713 1949 ea
734 1909 864 1966 quae
888 1892 1123 1964 corpori
1149 1896 1288 1948 sunt
1320 1892 1660 1948 necessaria
1690 1907 1701 1946 :
1739 1891 1830 1947 vel
1852 1892 2154 1964 praecipue

476 1982 602 2038 sive
635 1983 914 2039 maxime.
945 1984 1216 2050 Regnum
1241 1996 1377 2036 vero
1407 1981 1509 2035 Dei
1530 1984 1704 2036 vocat
1730 1981 1824 2035 hic
1851 1981 2154 2038 bonorum

473 2075 829 2127 aeternorum
859 2069 1199 2124 fruitionem
1229 2085 1241 2134 ;
1272 2069 1568 2138 justitiam
1603 2071 1807 2123 autem
1840 2069 1991 2138 ejus,
2041 2069 2153 2125 hoc

473 2164 560 2215 est
582 2158 1069 2230 justiﬁcatiouem
1102 2173 1237 2228 quae
1271 2173 1306 2212 a
1333 2158 1453 2212 Deo
1509 2161 1618 2222 est,
1656 2162 1719 2212 ut
1747 2172 1853 2211 vos
1880 2155 2008 2228 ipse
2032 2158 2156 2228 jus‘

475 2249 673 2315 tiﬁcet,
709 2247 797 2302 vel
824 2246 1236 2318 operationem
1279 2245 1543 2316 justitiae,
1580 2245 1703 2300 sive
1747 2244 1972 2300 virtutis
2025 2246 2151 2301 uni-

473 2337 738 2402 versalis,
775 2352 882 2407 per
929 2351 1114 2407 quam
1160 2334 1576 2406 justiﬁcamur.
1609 2334 1670 2388 Si
1703 2334 1864 2389 enim
1904 2335 2025 2390 haec
2049 2350 2150 2407 pe-

475 2427 678 2483 tieritis
743 2442 879 2498 quae
930 2430 1068 2481 sunt
1121 2425 1340 2482 animae
1413 2424 1781 2489 necessaria,
1839 2424 2018 2480 etiam
2074 2440 2144 2480 ea

475 2515 644 2571 dabit
697 2519 753 2570 et
801 2513 1058 2586 adjiciat,
1101 2530 1237 2586 quae
1297 2514 1533 2586 corpori
1588 2512 1926 2570 necessaria
1982 2519 2143 2570 sunt.

477 2608 627 2661 Nam
661 2604 934 2675 superius
960 2619 1224 2675 quoque,
1258 2602 1361 2657 ubi
1389 2602 1589 2657 docuit
1627 2602 1939 2675 quomodo
1974 2619 2146 2660 orare

473 2696 766 2766 oporteat,
812 2692 1076 2764 primum
1129 2691 1377 2764 quidem
1425 2691 1620 2747 dicere
1667 2692 1990 2763 prmcepit:
2041 2693 2144 2749 Pa-

475 2789 566 2839 ter
611 2788 835 2846 noster,
906 2781 1010 2852 qui
1049 2797 1105 2838 es
1152 2781 1209 2836 in
1269 2781 1453 2845 caelis,
1504 2781 1897 2849 sanctiﬁcelur
1939 2797 2143 2838 nomen

477 2877 646 2926 tuum
681 2870 988 2927 :adve-niat
1035 2885 1288 2941 regnum
1335 2876 1499 2926 tuum
1531 2887 1541 2924 :
1574 2871 1680 2940 ﬁat
1721 2871 1986 2927 voluntas
2038 2877 2142 2928 tua

469 2960 627 3015 sicut
654 2959 716 3014 in
745 2960 886 3015 caelo
911 2964 961 3013 et
989 2959 1053 3014 in
1085 2966 1265 3015 terra.
1323 2959 1541 3014 Deinde
1572 2974 1715 3014 vero
1746 2975 1764 3014 :
1793 2960 2012 3016 Panem
2039 2976 2138 3016 no-

473 3055 662 3104 strum
694 3047 1321 3117 supersubstantialem
1348 3047 1422 3104 da
1454 3047 1608 3102 nobis
1633 3048 1799 3104 hodie
1825 3049 1896 3105 ³⁵.
1938 3051 2139 3122 Neque

2263 559 2352 606 καὶ
2401 553 2754 626 ἀμφοτέρωθεν
2810 552 3097 630 διεγείρειν.
3151 555 3261 606 Οὔκ
3311 552 3418 608 εἷπε
3459 553 3536 623 δε,
3581 560 3658 611 ὃτι
3706 560 3845 614 Οἶδεν

2264 646 2288 695 ὁ
2335 648 2482 708 Θεὸς,
2547 643 2652 696 ἀλλ’
2709 645 2787 696 ὅτι
2845 642 2999 696 Οἶδεν
3058 647 3082 696 ὁ
3142 650 3322 719 Πατὴρ
3381 647 3540 716 ὑμῶν,
3587 650 3716 701 ὥστε
3761 654 3847 722 μά-

2263 732 2418 785 λιστα
2473 733 2673 807 θαρρεῖν
2727 733 2934 795 αὐτούς.
2996 734 3130 787 Ἐπεὶ
3196 736 3294 809 γὰρ
3352 739 3526 808 Πατὴρ
3585 735 3709 806 ἐστι,
3771 745 3849 792 καὶ

2269 827 2446 894 Πατήρ
2496 830 2744 890 τοιοῦτος,
2795 823 2853 873 οὐ
2912 820 3195 881 δυνήσεται
3242 820 3495 896 περιιδεῖν
3544 828 3657 886 τοὺς
3713 830 3846 890 υἱοὺς

2266 908 2436 983 ἐνδείᾳ
2522 920 2620 964 τῶν
2704 911 2997 983 ἀναγκαίων
3097 909 3569 985 διαφθειρομένους,
3668 917 3848 988 ὅτουγε

3760 1011 3848 1058 Καὶ

2266 1087 2376 1140 ἐπεὶ
2440 1086 2577 1141 οἶδεν
2659 1092 2737 1142 ὅτι
2803 1095 3032 1164 χρῄζετε
3101 1095 3295 1142 τούτων
3373 1091 3630 1160 ἁπάντων,
3698 1090 3846 1147 δώσει

2265 997 2388 1052 οὐδὲ
2460 998 2771 1072 ἀνθρώπινοι
2845 1005 3056 1075 πατέρες
3129 1009 3282 1053 τοῦτο
3347 1003 3678 1074 ὑπομένουσι.

2266 1181 2485 1239 πάντως.
2528 1179 2602 1230 Οὐ
2634 1182 2732 1253 γάρ
2780 1183 3019 1252 περιττὸν
3051 1183 3108 1231 τὸ
3141 1180 3330 1233 ἐσθίειν
3363 1185 3450 1232 καὶ
3480 1186 3640 1234 πίνειν
3672 1187 3755 1234 καὶ
3784 1182 3848 1234 ἐν·

2270 1264 2642 1339 διδύσκεσθαι,
2686 1269 2769 1320 ἱνα
2807 1273 2895 1320 καὶ
2937 1266 3161 1343 παρίδῃ·
3206 1268 3334 1322 ἀλλά
3376 1275 3627 1344 χρήσιμα
3655 1278 3723 1341 τῷ
3755 1276 3844 1322 σω.

2269 1377 2414 1428 ματι,
2472 1362 2561 1409 καὶ
2609 1356 2864 1430 ἀναγκαῖα
2919 1366 2981 1430 τῇ
3029 1361 3210 1410 τούτου
3269 1362 3438 1431 φύσει.
3490 1359 3667 1424 Ὥστε,
3722 1361 3850 1410 ὅνο-

2267 1447 2438 1519 μιζεις
2488 1450 2651 1498 αἴτιον
2701 1444 2829 1499 εἷναί
2887 1467 2970 1499 σοι
3022 1457 3117 1510 τῆς
3163 1453 3435 1522 μερίμνης,
3483 1456 3634 1501 τοῦτο
3677 1447 3849 1520 μᾶλλον

2269 1535 2405 1587 ἐστιν
2463 1538 2628 1588 αἰτιον
2695 1545 2788 1598 τῆς
2855 1536 3175 1611 ἀμεριμνίας.
3246 1537 3387 1590 Ἐπεὶ
3447 1541 3544 1612 φάρ
3611 1536 3850 1607 ἀναγκαῖα

2267 1631 2451 1692 ταῦτα,
2485 1621 2580 1676 διὰ
2622 1633 2774 1678 τοῦτο
2800 1626 3028 1698 μάλιστα
3058 1631 3167 1701 χρὴ
3205 1626 3423 1701 θαρρεῖν.
3463 1634 3610 1686 Ποῐος
3638 1629 3734 1698 γὰρ
3766 1645 3849 1676 πα-

2267 1718 2363 1787 τὴρ
2415 1713 2643 1777 ἀνέξεται
2686 1718 2818 1787 μηκε
2848 1717 2913 1767 τά
2962 1715 3221 1787 ἀναγκαῖα
3248 1724 3500 1791 χορηγεῖν
3534 1723 3636 1776 τοῖς
3671 1719 3848 1782 παισί;

2337 1811 2548 1862 Ζητεῖτε
2606 1836 2673 1843 -—
2739 1806 2878 1877 ὑμῖν.
2955 1811 3185 1879 Πρῶτον,
3253 1807 3365 1858 ἀντὶ
3438 1812 3548 1876 τοῦ,
3607 1808 3704 1876 πρὸ
3762 1812 3849 1855 τῶν

3576 1892 3848 1966 ἐξαιρέτως,

2268 1892 2561 1964 ἀναγκαίων
2636 1901 2727 1945 τοῦ
2800 1899 3058 1966 σώματος,
3119 1898 3147 1952 ἧ
3211 1893 3326 1947 ἀντὶ
3387 1902 3500 1961 τοῦ,

2265 1986 2354 2033 καὶ
2407 1981 2658 2054 μάλιστα,
2745 1982 3018 2034 Βασιλείαν
3089 1979 3146 2035 δὲ
3217 1991 3348 2037 Θεοῦ
3409 1983 3545 2055 λέγει
3599 1991 3703 2050 νῦν,
3767 1985 3850 2039 τὴν

3401 2075 3738 2129 Δικαιοσύνην
3800 2066 3850 2121 δὲ

3485 2165 3568 2214 ἵνα
3603 2157 3846 2229 δικαιώσῃ

2267 2069 2553 2122 ἀπόλαυσιν
2619 2080 2718 2122 τῶν
2801 2072 3017 2123 αἰωνίων
3090 2071 3316 2143 ἀγαθῶν.

2265 2161 2444 2227 αὐτοῦ,
2495 2164 2588 2217 τὴν
2640 2156 2920 2212 δικαίωσιν
2965 2166 3058 2219 τὴν
3104 2161 3224 2235 παρ’
3270 2170 3454 2234 αυτοῦ,

2263 2250 2399 2321 ὑμᾶς
2435 2249 2608 2310 αὐτὸς·
2665 2249 2718 2321 [ἦ
2768 2253 2864 2305 τὴν
2916 2251 3033 2320 (34)
3080 2253 3405 2326 κατόρθωσιν
3455 2259 3551 2311 τῆς
3593 2247 3851 2302 δικαίοσύ-

2260 2358 2366 2404 νης,
2423 2341 2538 2396 ἤτοι
2568 2347 2658 2399 τῆς
2688 2339 2910 2391 καθόλου
2966 2338 3172 2412 ἀρετῆς,
3211 2336 3268 2392 δί
3316 2341 3377 2399 ἦν
3431 2337 3627 2392 δίκαιοι
3664 2340 3848 2408 γινόμε-

2265 2428 2344 2480 θα.
2372 2427 2394 2501 ]
2433 2428 2489 2480 Εἰ
2517 2430 2618 2502 γὰρ
2651 2433 2765 2503 περὶ
2800 2431 2994 2480 τούτων
3025 2429 3234 2500 αἰτεῖτε,
3265 2434 3420 2481 ὄντων
3450 2428 3738 2500 ἀναγκαίων
3768 2432 3848 2484 τῆς

2263 2515 2472 2588 ψυχῆς,
2506 2519 2672 2568 ταῦτα
2702 2537 2755 2569 τε
2801 2516 2983 2584 eam,
3028 2523 3118 2570 καὶ
3158 2521 3454 2592 προσθήσει
3487 2523 3574 2571 ακὶ
3601 2519 3664 2569 τὰ
3709 2517 3849 2584 ἀναγ-

2257 2613 2381 2656 καῖα
2406 2613 2496 2657 τοῦ
2532 2611 2791 2678 σώματος.
2839 2612 2938 2659 Καὶ
2967 2609 3068 2682 γὰρ
3101 2613 3189 2660 καὶ
3221 2607 3410 2671 ὀπίσω,
3447 2606 3495 2660 ἐν
3529 2605 3599 2667 οἷς
3631 2601 3844 2666 ἐδίδαξε,

2255 2703 2363 2756 πῶς
2406 2691 2486 2747 δεῖ
2504 2697 2777 2766 εὑχεσθαι,
2811 2705 3011 2770 πρῶτον
3037 2700 3126 2769 μὲν
3158 2693 3265 2749 εἶπε
3295 2696 3479 2769 λέγειν,
3511 2698 3675 2769 Πάτερ
3709 2695 3842 2765 ἡμῶν

2257 2785 2282 2834 ὀ
2346 2783 2392 2835 ἐν
2460 2791 2569 2846 τοῖς
2643 2785 2899 2860 οὐρανοῖς,
2983 2785 3290 2857 ἁγιασθήτω
3362 2790 3420 2838 τὸ
3498 2786 3658 2858 ὄνομα
3740 2800 3844 2845 σον,

2255 2871 2434 2925 ἐλθέτω
2507 2875 2537 2931 ἡ
2622 2873 2869 2946 βασιλεία
2939 2894 3053 2941 σον,
3133 2877 3403 2946 γενηθήτω
3518 2878 3576 2927 τὸ
3667 2870 3847 2942 θέλημά

2260 2981 2374 3032 σον,
2432 2965 2500 3023 ὡς
2552 2963 2600 3015 ἐν
2656 2963 2856 3038 οὐρανῷ
2915 2968 3005 3015 καὶ
3067 2962 3150 3015 ἐπὶ
3220 2973 3312 3025 τῆς
3368 2973 3494 3036 γῆς·
3545 2967 3716 3016 ἔπειτα
3765 2955 3835 3029 δὲ,

2250 3055 2349 3105 Τὸν
2403 3051 2556 3124 ἄρτον
2615 3053 2761 3124 ἡμῶν
2814 3055 2900 3104 τὸν
2954 3052 3215 3104 ἐπιούσιον
3277 3050 3365 3114 δὸς
3419 3055 3545 3127 ἡμῖν
3615 3056 3841 3123 σήμερον.

475 3137 634 3193 enim
653 3137 731 3193 ad
758 3138 869 3192 hoc
888 3136 1023 3192 facti
1049 3153 1280 3208 sumus,
1305 3141 1368 3192 ut
1393 3137 1646 3192 edamus
1666 3141 1722 3192 et
1752 3136 2036 3194 bibamus
2069 3154 2138 3194 ac

2256 3142 2329 3198 Οὐ
2382 3144 2482 3216 γὰρ
2535 3139 2629 3193 διὰ
2701 3149 2853 3194 τοῦτο
2925 3146 3225 3213 γεγόναμεν,
3285 3143 3368 3194 ἵνα
3423 3141 3692 3214 ἐσθίωμεν,
3761 3155 3843 3188 και

470 3228 833 3286 vestiamur:
868 3226 973 3282 sed
1005 3230 1069 3282 ut
1093 3228 1210 3282 Deo
1227 3225 1690 3298 complacentes,
1727 3227 1959 3282 aeternis
1982 3226 2138 3283 frua-

473 3331 610 3371 mur
639 3315 835 3371 bonis.

543 3407 608 3459 Et
633 3404 711 3460 ad
739 3404 854 3459 hoc
905 3402 1165 3458 maxime
1213 3403 1493 3458 convenit
1543 3403 1738 3458 vivere
1771 3403 1915 3476 (aa),
1950 3403 2131 3476 idque

479 3493 676 3563 magis
702 3491 1024 3565 postulare.
1046 3492 1164 3547 Nisi
1189 3491 1349 3547 enim
1377 3491 1490 3547 hoc
1519 3493 1885 3563 petierimus,
1911 3508 2133 3564 nequa-

474 3597 661 3655 quam
693 3581 864 3636 dabit
897 3599 908 3633 :
943 3597 1013 3636 ea
1037 3596 1172 3636 vero
1195 3597 1330 3652 quae
1358 3581 1594 3653 corpori
1616 3581 1956 3638 necessaria
1975 3587 2132 3652 sunt,

472 3677 529 3728 et
557 3675 842 3743 petentes,
877 3673 933 3725 et
977 3685 1098 3725 non
1132 3675 1396 3741 petentes
1441 3671 1826 3742 accipiemus,
1891 3676 2136 3743 propter

473 3760 741 3832 corporis
759 3760 1282 3824 sustentationem,
1304 3760 1829 3832 quemadmodum
1855 3766 1911 3817 et
1930 3767 2134 3830 gentes

470 3849 809 3905 incredulae.
864 3849 1017 3904 Nam
1079 3849 1298 3905 idcirco
1345 3849 1490 3905 dixit
1521 3866 1534 3904 :
1563 3850 1959 3920 Adjicientur.
2007 3854 2134 3907 Non

472 3955 613 4009 ergo
643 3939 717 3993 de
745 3939 857 3994 hoc
888 3937 1205 3994 sollicitum
1259 3954 1386 3994 esse
1417 3945 1664 4010 oportet,
1725 3939 1891 4011 quod
1954 3941 2134 3997 etiam

472 4027 702 4099 absque
725 4026 1114 4082 sollicitudine
1130 4044 1340 4083 sumus
1359 4027 1681 4100 accepturi,
1712 4027 1816 4084 sed
1847 4028 1921 4084 de
1950 4029 2135 4085 altero

469 4118 651 4192 priori
703 4133 772 4174 ac
826 4118 1058 4190 potiori.
1111 4121 1322 4174 Verum
1347 4118 1394 4174 si
1425 4134 1495 4175 ea
1552 4135 1682 4189 quae
1728 4120 1961 4191 corpori
1998 4123 2137 4176 sunt

469 4209 823 4272 necessaria,
871 4207 1045 4264 nobis
1089 4208 1265 4264 etiam
1307 4224 1429 4263 non
1490 4208 1834 4280 petentibus
1887 4209 2132 4280 praebet,

469 4311 652 4371 quare
668 4312 809 4366 ergo
821 4297 1020 4368 jussit,
1042 4301 1104 4353 ut
1125 4313 1345 4368 panem
1367 4303 1634 4368 petemus
1673 4297 2136 4369 supersubstan-

467 4386 668 4442 tialem
699 4387 727 4442 i’
759 4390 885 4442 Non
917 4385 1099 4442 aliam
1125 4386 1204 4442 ob
1236 4402 1508 4452 causam,
1539 4401 1726 4459 quam
1752 4389 1816 4442 ut
1846 4386 1946 4442 tali
1993 4387 2137 4460 peti-

469 4475 630 4531 tione
662 4475 956 4530 fateamur
987 4475 1183 4546 ipsum
1228 4491 1379 4543 esse,
1428 4476 1533 4547 qui
1585 4491 1696 4531 nos
1752 4475 1874 4531 alat
1906 4495 1918 4534 :
1953 4480 2134 4548 utque

467 4563 584 4619 hoc
615 4563 981 4627 conﬁtentes,
1035 4564 1135 4620 tali
1166 4565 1353 4620 animi
1399 4564 1758 4635 gratitudine
1808 4563 2132 4621 familiares

471 4652 812 4709 efﬁciamur.

538 4744 694 4797 Vers.
728 4741 815 4796 34.
878 4741 1053 4797 Ne—
1104 4742 1202 4796 sui
1249 4741 1452 4813 ipsius.
1514 4745 1660 4798 Cum
1694 4742 1966 4814 superius
1997 4743 2133 4798 sim-

468 4830 700 4904 pliciter
723 4829 1004 4886 dixisset:
1037 4831 1120 4887 Ne
1134 4830 1372 4887 solliciti
1388 4831 1533 4898 sitis,
1561 4831 1875 4888 videbatur
1899 4833 2131 4888 univer-

468 4921 669 4978 saliter
697 4935 938 4977 omnem
956 4936 1163 4976 eorum
1178 4936 1314 4993 quae
1341 4920 1578 4993 corpori
1609 4921 1942 4978 necessaria.
1969 4927 2127 4988 sunt,

466 5014 813 5084 amputasse
865 5026 1090 5068 curam.
1145 5015 1351 5084 Itaque
1380 5011 1753 5070 manifestius
1798 5011 1895 5068 hic
1934 5011 2125 5080 docet,

544 5189 589 5225 ³⁵
629 5189 826 5248 Matth.
856 5207 933 5263 v1,
966 5192 1113 5248 9-11.

2249 3234 2497 3303 πινῶμὲν,
2550 3235 2636 3281 καὶ
2705 3227 3029 3303 ἐνδυώμεθα,
3089 3230 3196 3283 ἀλλ’
3258 3234 3340 3283 ἵνα
3412 3231 3843 3308 εὐαρεστὴσαντες

2251 3320 2412 3390 αὐτῷ,
2450 3327 2548 3370 τῶν
2581 3319 2797 3372 αἰωνίων
2829 3318 3202 3393 ἀπολαύσωμεν
3229 3321 3459 3392 ἀγαθῶν,

2323 3410 2416 3460 Διά
2462 3415 2614 3460 τοῦτο
2671 3407 2903 3480 μάλιστα
2957 3412 3065 3483 χρὴ
3121 3410 3293 3469 ζητεῖν
3343 3413 3433 3461 καὶ
3488 3411 3613 3482 ὑπὲρ
3671 3405 3842 3456 τούτου

2249 3497 2437 3568 μᾶλλον
2484 3498 2662 3553 αἰτεῖν.
2713 3505 2877 3550 Τοῦτο
2931 3501 3020 3569 μεν
3069 3501 3169 3569 γὰρ
3215 3497 3297 3549 ἐὰν
3346 3503 3417 3570 μὴ
3483 3499 3737 3568 ζητῶμεν,
3791 3489 3843 3542 οὗ

2251 3583 2431 3639 δώσει·
2480 3589 2546 3639 τὰ
2596 3583 2646 3639 δ’
2707 3585 2967 3658 ἀναγκαῖα
2998 3594 3089 3638 τοῦ
3123 3592 3376 3659 σώματος,
3435 3593 3525 3639 καὶ
3574 3585 3839 3644 αἰτοῦντες,

2249 3680 2337 3728 καὶ
2393 3680 2464 3748 μὴ
2535 3675 2796 3737 αἰτοῦντες
2861 3675 3204 3748 λαμϐάνομεν,
3268 3673 3361 3728 διὰ
3429 3681 3525 3735 τὴν
3597 3675 3841 3727 σύστασιν

2246 3772 2336 3816 τοῦ
2397 3770 2657 3836 σώματος,
2723 3767 2787 3826 ὡς
2840 3770 2928 3817 καὶ
2979 3767 3044 3816 τὰ
3101 3763 3299 3817 ἀπιστα
3354 3767 3503 3824 ἔθνη,
3553 3767 3646 3818 Διὰ
3699 3767 3837 3813 τοῦτο

3557 3853 3660 3924 οὐχ
3725 3849 3840 3920 ὑπὲρ

2247 3945 2432 3994 τούτου
2486 3946 2594 4016 χρὴ
2651 3948 2924 4015 μεριμνᾴν,
2979 3944 3004 3994 ὅ
3056 3947 3144 3994 καὶ
3203 3946 3274 4015 μὴ
3325 3945 3664 4017 μεριμνῶντες
3713 3938 3841 4006 λαμ-

2246 3856 2346 3928 γάρ
2412 3850 2566 3924 εἶπεν,
2643 3854 2722 3905 ὅτι
2798 3855 3242 3928 Προστεθησεται.
3314 3853 3475 3906 ’Ὥστε

2247 4031 2485 4104 ϐαίνομεν,
2558 4030 2663 4082 ἀλλ’
2739 4033 2865 4104 ὑπὲρ
2940 4030 3152 4084 ἐκείνου.
3222 4035 3322 4084 Καὶ
3376 4032 3418 4084 εἰ
3479 4036 3544 4084 τά
3597 4029 3843 4100 ἀναγκαῖα

2245 4130 2336 4173 τοῦ
2407 4127 2647 4192 σώματος
2715 4125 2958 4194 παρέχει,
3016 4125 3106 4172 καὶ
3173 4125 3244 4194 μὴ
3326 4120 3604 4174 αἰτούντων
3683 4119 3840 4188 ἡμῶν,

2248 4207 2393 4262 διατί
2466 4209 2751 4284 προσέταξε
2812 4209 2983 4270 ζητεῖν
3054 4212 3139 4261 τὸν
3199 4211 3354 4283 ἄρτον
3409 4213 3496 4262 τὸν
3548 4209 3837 4272 ἐπιούσιον,

2246 4300 2476 4362 Πάντως,
2535 4305 2618 4350 ἵνα
2672 4295 2764 4351 διὰ
2833 4306 2927 4360 τῆς
2975 4301 3218 4360 τοιαύτης
3289 4299 3541 4358 αἰτήσεως
3597 4295 3842 4370 ὁμολογῶ·

2244 4407 2353 4459 μεν,
2420 4388 2500 4440 ὅτι
2555 4387 2706 4447 αὐτὸς
2764 4386 2906 4440 ἐστιν
2967 4389 2990 4438 ὁ
3049 4391 3239 4460 τρέφων
3290 4391 3449 4460 ἡμᾶς,
3505 4391 3595 4440 καί
3663 4384 3763 4454 οὐχ
3810 4380 3837 4436 ἢ

2247 4473 2455 4535 σπονδὴ
2513 4478 2678 4549 ἡμῶν,
2739 4481 2827 4529 καὶ
2884 4479 2970 4529 ἵνα
3025 4484 3177 4528 τοῦτο
3236 4478 3400 4538 οὕτως
3465 4476 3838 4551 ὁμολογοῦντες,

2245 4564 2545 4638 οἰκειότεροι
2604 4567 2870 4637 γινῳμεθα
2924 4561 3018 4617 διὰ
3081 4565 3190 4637 (35)
3253 4570 3347 4624 τὴν
3418 4565 3831 4639 εὐγνωμοσύνην·

2314 4746 2400 4801 Μὴ
2453 4773 2522 4783 -—-
2593 4742 2799 4804 ἑαυτῆς.
2864 4743 3070 4796 Ὀπίσω
3142 4743 3294 4796 εἰπών
3357 4743 3550 4815 ἁπλῶς,
3629 4743 3708 4795 ὅτι
3758 4739 3837 4792 Μὴ

2242 4836 2613 4904 μεριμνήσητε,
2675 4829 2845 4885 ἐδόκει
2919 4832 3176 4894 παντελῶς
3244 4832 3506 4886 ἐκκόπτειν
3588 4835 3680 4890 τὴν
3751 4827 3839 4899 μέ·

2239 4941 2426 4996 ριμναν
2503 4929 2602 4974 τῶν
2675 4919 2965 4993 ἀναγκαίων
3026 4929 3118 4973 τοῦ
3193 4927 3448 4995 σώματος·
3525 4922 3700 4974 λοιπόν
3757 4913 3840 4967 οὖν

2241 5009 2459 5065 ἐνταῦθα
2515 5007 2766 5064 διδάσκει
2819 5016 3181 5086 φανερώτερον,
3235 5013 3316 5066 ὅτι
3359 5017 3448 5072 τὴν
3507 5014 3597 5085 μὲν
3650 5006 3732 5061 ἐπί
3779 5008 3837 5076 τῇ

1675 5289 1900 5358 Variae
1932 5288 2258 5356 lectiones
2291 5295 2359 5356 et
2397 5299 2598 5356 notae.

543 5426 914 5502 (3&llnclusa
961 5431 1173 5488 omittit
1211 5433 1268 5486 B.
1305 5432 1523 5488 Eadem
1551 5431 1612 5487 in
1651 5431 1924 5502 margine
1975 5432 2135 5488 inve-

474 5504 638 5554 nerat
669 5499 1006 5556 Ilenteuius.
1032 5505 1183 5574 Ergo
1214 5505 1274 5558 in
1302 5503 1420 5559 fine
1445 5505 1627 5574 hujus
1649 5499 1859 5560 schoIii
1890 5504 2134 5561 addide-

2243 5435 2354 5488 rat.
2389 5431 2818 5488 Revocavimus
2847 5446 2990 5501 ergo
3019 5431 3100 5488 ad
3128 5447 3307 5489 suum
3334 5431 3558 5489 locum.

2317 5504 2430 5574 (35)
2468 5513 2556 5564 τῆς
2586 5503 3008 5577 εὐγνωμοσύνης.
3044 5510 3112 5559 Α.

550 5673 672 5747 (αα)
700 5672 776 5730 Et
814 5674 895 5732 ad
921 5675 1029 5731 hoc
1054 5707 1120 5718 —
1141 5681 1362 5739 vivere.
1403 5681 1723 5754 Propterea
1749 5682 1864 5740 hoc
1889 5682 2152 5741 maxime
2179 5685 2413 5756 oportet
2439 5697 2724 5756 quaerere.
