4098 6396
504 364 609 419 259

1821 360 2166 419 EUTHYMII
2220 360 2554 421 ZIGABANI

3745 376 3834 437 260

500 487 564 544 in
604 489 768 544 oculo
791 494 888 545 tuo
915 495 1007 556 est,
1054 504 1172 545 non
1227 488 1558 545 consideras
1587 488 1635 523 ³⁴
1664 486 1692 542 ‘I
1721 491 1921 562 Κάρφος
1952 493 2147 545 autem

2271 490 2329 543 οὐ
2387 500 2687 561 κατανοεῖς;
2749 495 2862 548 ἔστι
2921 491 2980 549 δὲ
3037 516 3251 571 καρφος,
3312 498 3630 573 ἀπόσπασμα
3700 502 3833 566 ξύλου

500 576 689 649 (quod
715 579 887 634 vertit
908 580 1196 651 interpres
1226 579 1512 649 festucam
1558 581 1662 635 aut
1685 577 1977 651 stipulam)
2029 594 2162 650 pro-

500 667 783 738 prieligni
802 670 1095 740 particula
1124 669 1484 726 brevissima
1509 673 1615 736 est,
1649 672 1705 725 et
1729 667 1976 741 pulchre
2006 667 2165 725 trabi

502 759 845 828 opponitur.

574 845 737 901 Vers.
767 849 826 904 2.
852 847 974 914 Quo
999 848 1513 918 —judicabimini.
1540 848 1763 902 Eadem
1801 846 2164 903 condemna-

498 936 676 1000 tione,
703 952 825 1007 qua
840 936 1276 992 condemnabis
1296 936 1553 1003 fratrem,
1581 936 2081 992 condemnaberis
2108 940 2166 991 et

500 1029 563 1078 tu
598 1024 744 1079 :boc
775 1030 882 1093 est,
914 1026 968 1081 Si
990 1025 1183 1081 levem
1213 1027 1340 1095 ejus
1370 1025 1607 1097 lapsum
1635 1024 2162 1096 curioseinquisie-

498 1113 600 1179 ris,
634 1113 813 1168 etiam
834 1118 890 1169 et
919 1119 981 1169 tu
1020 1114 1545 1183 condemnaberis,
1578 1119 1634 1169 et
1663 1113 1817 1168 levia
1842 1119 2032 1168 errata
2062 1120 2164 1168 tua

500 1202 675 1257 anxie
714 1201 1138 1274 disquirentur,
1195 1220 1265 1259 ac
1311 1208 1574 1275 tempore
1618 1202 1915 1258 tremendi
1957 1202 2160 1273 judicii

497 1290 1083 1348 condemnabuntur.

568 1380 728 1435 Vers.
775 1380 828 1433 2.
886 1381 961 1435 Ει
994 1380 1252 1436 --vobis.
1313 1383 1378 1435 Et
1418 1395 1697 1435 mensura
1752 1394 1875 1451 qua
1925 1379 2161 1435 curiosa

499 1468 811 1524 exactione
838 1469 1080 1536 metiris,
1110 1475 1252 1540 puta
1283 1468 1449 1540 quod
1476 1476 1590 1523 tuae
1622 1467 1887 1524 utilitatis
1920 1467 2154 1523 debuis-

496 1562 585 1610 set
613 1556 834 1611 habere
861 1562 1217 1627 respectum,
1247 1563 1349 1612 aut
1374 1573 1581 1612 cavere
1606 1573 1678 1612 ne
1702 1563 1755 1612 te
1800 1556 2154 1615 offenderet:

495 1645 703 1700 eadem
736 1661 1019 1701 mensura
1039 1647 1421 1701 remetientur
1439 1650 1492 1700 et
1519 1646 1619 1701 tibi
1647 1652 1812 1700 tuam
1844 1660 2158 1701 conversa-

496 1734 739 1789 tionem.
770 1734 899 1790 Vult
921 1740 1122 1789 autem
1153 1750 1368 1801 sermo,
1398 1735 1562 1807 quod
1583 1738 1872 1807 quantam
1931 1735 2157 1806 expetis

2275 580 2635 654 βραχύτατον.

2344 828 2427 880 Ἐν
2481 851 2520 900 ῳ
2561 860 2628 868 -
2681 832 3017 902 κριθήσεσθε.
3072 831 3152 885 Ἐν
3182 833 3319 905 ᾗτινι
3374 833 3629 911 καταδίκῃ
3690 861 3837 895 κατα-

2274 914 2508 978 δικάζεις
2565 921 2650 970 τόν
2710 916 2949 992 ἀδελφὸν,
3002 920 3053 973 ἐν
3101 926 3262 995 ταύτῃ
3323 928 3541 999 κριθήσῃ
3600 934 3682 981 καὶ
3738 934 3832 982 σύ·

2271 1011 2560 1067 τουτέστιν,
2604 1014 2663 1060 Ei.
2693 1011 2751 1060 τὸ
2798 1008 2979 1062 λεπτὸν
3030 1011 3188 1063 αὐτοῦ
3239 1013 3448 1085 σφάλμα
3502 1015 3837 1090 πολυπραγμο-

2272 1104 2368 1156 νεῖς
2416 1102 2505 1149 καὶ
2555 1103 2902 1171 κατακρίνεις,
2935 1104 3025 1151 καὶ
3060 1102 3127 1152 τὰ
3174 1100 3333 1153 λεπτά
3369 1105 3435 1155 τὰ
3489 1107 3557 1157 σὰ
3601 1106 3838 1183 πολυπρα-

2271 1187 2694 1256 γμονηθήσονται
2755 1193 2844 1239 καὶ
2913 1191 3392 1261 κατακριθήσονται
3456 1190 3503 1244 ἐν
3559 1204 3713 1269 καιρῷ
3762 1204 3838 1258 τῆς

2273 1272 2492 1348 φοϐερᾶς
2524 1280 2765 1347 κρίσεως.

2346 1369 2445 1416 Καὶ
2490 1397 2556 1406 -
2604 1367 2745 1437 ὑμῖν.
2801 1371 2899 1421 Καὶ
2952 1366 3001 1419 ἓν
3049 1369 3088 1438 ᾧ
3135 1373 3305 1442 μέτρῳ
3367 1369 3628 1446 ἀκριϐείας
3664 1381 3839 1448 μετριίς

2270 1452 2407 1522 αύτῷ
2447 1458 2540 1511 τὴν
2588 1454 2869 1521 πολιτείαν,
2922 1458 3048 1526 οἷον,
3103 1460 3181 1510 ὅτι
3234 1464 3389 1512 τόσον
3451 1461 3623 1533 ὤφειλε
3676 1468 3839 1537 προσέ-

2268 1560 2386 1612 χειν
2417 1540 2531 1613 (38)
2557 1561 2567 1571 ·
2605 1542 2651 1594 ἐν
2686 1547 2847 1616 τούτῳ
2896 1548 3281 1620 μετρηθήσεται
3312 1553 3399 1600 καὶ
3441 1556 3523 1601 σοὶ
3552 1551 3579 1607 ἡ
3625 1554 3685 1608 σή
3716 1550 3841 1603 πολιη

2268 1635 2398 1682 τεία.
2439 1631 2595 1688 Δηλοῖ
2628 1629 2686 1685 δὲ
2726 1635 2750 1684 6
2790 1633 2961 1704 λόγος,
3005 1638 3085 1688 ὅτι
3112 1636 3279 1695 Ὀσην
3322 1637 3582 1711 ἀκρίϐειαν
3630 1638 3840 1702 ἀπαιτεῖς

2269 1719 2442 1785 αὐτὸν,
2480 1724 2742 1778 τοσαύτην
2780 1720 3124 1798 ἀπαιτηθήση
3166 1732 3254 1778 καὶ
3300 1731 3364 1779 σὺ
3403 1732 3543 1802 παρὰ
3578 1736 3664 1780 τοῦ
3702 1736 3836 1783 Θεοῦ.

494 1822 574 1877 ob
630 1838 701 1878 eo
734 1824 1127 1887 exactionem,
1172 1828 1402 1879 tantam
1457 1828 1513 1878 et
1566 1825 1719 1878 Deus
1750 1827 1983 1895 expetet
2014 1828 2147 1878 ate.

2272 1814 2379 1882 Χρὴ
2436 1806 2503 1861 δὲ
2560 1814 2862 1882 προσέχειν,
2924 1815 3003 1866 ὅτι
3065 1818 3237 1891 ὥσπερ
3298 1816 3382 1870 ἐὰν
3442 1818 3583 1890 ἡμεῖς
3638 1816 3839 1890 ἀφίωμεν

494 1912 807 1967 Advertere
836 1918 1021 1968 autem
1053 1916 1297 1983 Oportet,
1334 1912 1498 1985 quod
1550 1912 2075 1984 quemadmodum
2106 1912 2155 1966 si

488 2001 897 2056 remiserimus
924 2000 1292 2057 debitoribus
1318 2001 1557 2067 nostris,
1593 2001 1851 2056 remittet
1873 2001 2050 2056 nobis
2100 2005 2156 2056 et

493 2090 761 2157 Deus,ita
778 2090 826 2144 si
854 2090 1093 2145 fratrem
1123 2104 1246 2145 non
1290 2090 1917 2155 condemnaverimus,
1960 2105 2155 2161 neque

492 2179 641 2232 Deus
658 2193 765 2232 nos
783 2177 1232 2234 condemnabit.
1268 2179 1310 2234 Ο
1340 2177 1698 2233 admiranda
1718 2183 2155 2248 praeceptorum

489 2266 695 2330 virtus,
725 2280 863 2337 quae
886 2264 1084 2321 facilia
1109 2266 1354 2337 quidem
1397 2270 1540 2320 sunt
1570 2265 1648 2321 ad
1679 2266 2152 2336 exsequendum,

491 2369 779 2423 magnam
807 2359 1003 2409 tamen
1037 2353 1211 2409 nobis
1239 2354 1548 2410 conciliant
1578 2353 1820 2410 salutem
1854 2354 1867 2409 l

562 2442 713 2508 Quid
742 2443 919 2511 igitur
945 2442 973 2496 ?
1002 2442 1050 2497 si
1082 2442 1261 2498 frater
1283 2442 1610 2499 fornicatus
1643 2441 1814 2499 fuerit
1864 2446 1967 2499 aut
1992 2442 2157 2499 aliud

488 2533 604 2591 tale
633 2532 948 2605 quidpiam
992 2532 1327 2604 deliquerit,
1369 2548 1445 2587 an
1474 2533 1635 2588 hunc
1674 2548 1793 2587 non
1836 2532 2154 2613 corrigam,

490 2620 596 2677 sed
626 2621 836 2676 tacebo
864 2623 891 2677 ?
923 2623 1159 2690 Corrige
1187 2636 1330 2677 sane
1353 2622 1684 2683 salubriter,
1729 2627 1786 2676 et
1829 2620 2006 2693 quasi
2034 2637 2157 2675 me-

490 2709 675 2765 dicus.
743 2708 946 2781 Neque
1001 2710 1161 2765 enim
1225 2709 1371 2765 dixit
1406 2725 1418 2763 :
1451 2729 1475 2760 a
1510 2712 1588 2765 Ne
1629 2709 1913 2765 cohibeas
1969 2708 2157 2763 delin-

488 2804 795 2872 quentem,
822 2820 851 2852 »
875 2800 997 2864 sed,
1040 2800 1126 2855 Ne
1158 2799 1414 2869 judices.
1456 2799 1612 2854 Dixit
1650 2803 1852 2854 autem
1906 2804 1962 2854 et
2012 2798 2158 2854 Pau-

489 2889 582 2944 lus
612 2905 623 2943 :
657 2890 743 2943 Tu
762 2904 870 2944 cur
870 2889 1103 2958 judicas
1114 2890 1369 2958 fratrem
1391 2892 1573 2953 tuum,
1598 2896 1698 2943 aut
1716 2896 1779 2943 tu
1806 2903 1913 2943 cur
1930 2887 2157 2957 spernis

481 2978 738 3047 fratrem
752 2984 917 3033 tuum
933 2978 1019 3032 ’5?
1034 2980 1262 3032 Etcerte
1276 2991 1397 3033 non
1411 2975 1711 3032 subditum
1725 2975 2150 3043 condemnare,

485 3067 704 3123 animae
734 3070 822 3121 est
848 3066 1224 3137 pharisaicae,
1258 3071 1313 3121 et
1338 3065 2025 3137 seipsumjustiﬁcantis.

2268 1905 2375 1958 τοῖς
2436 1897 2715 1969 ὀφειλέταις
2770 1902 2938 1971 ἡμῶν,
3020 1902 3211 1975 ἀφίησι
3292 1911 3382 1959 καὶ
3438 1907 3463 1959 6
3521 1910 3646 1968 Θεὸς
3694 1908 3836 1978 ἡμῖν’

2268 1986 2426 2046 οὕτως
2502 1985 2585 2037 ἐὰν
2652 1990 2798 2060 ἡμεῖς
2860 1990 2918 2042 ού
2997 1998 3382 2067 κατακρίνωμεν
3460 1998 3545 2047 τὸν
3623 1992 3839 2067 ἀδελφὸν,

2267 2072 2391 2127 οὐδὲ
2440 2077 2464 2126 6
2520 2081 2646 2138 Θεὸς
2707 2080 2864 2149 ἡμᾶς.
2913 2079 2985 2132 ’Ὠ
3029 2083 3337 2153 θαυμαστῆς
3396 2082 3603 2136 ἐντολῶν
3646 2080 3838 2148 Ῑυάδος,

2265 2161 2464 2238 ῥαδὶων
2506 2168 2596 2237 μὲν
2638 2166 2707 2227 εἰς
2746 2172 2804 2219 τὸ
2857 2172 3270 2241 κατορθωθῆναι,
3309 2173 3539 2244 μεγάλης
3589 2170 3645 2228 δε
3696 2191 3841 2231 σωτη-

2267 2258 2386 2327 ρίας
2414 2254 2669 2326 προξένων
2696 2254 2707 2307 Ι

2339 2440 2401 2487 Τί
2433 2432 2558 2501 οὖνς
2592 2435 2675 2487 ἐὰν
2708 2438 2733 2488 6
2765 2433 2984 2509 ἀδελφὸς
3016 2442 3257 2514 πορνεύῃ,
3292 2441 3322 2500 ἢ
3356 2448 3585 2495 τοιοῦτον
3636 2441 3751 2493 ἄλλο
3798 2460 3843 2491 τι

2268 2524 2582 2597 πλημμελῇς,
2643 2531 2855 2599 πότερον
2908 2526 2966 2578 ού
3026 2524 3303 2602 διορθώσω
3364 2538 3564 2599 τοῦτον,
3614 2529 3734 2583 ἀλλὰ
3777 2549 3845 2582 σι-

2267 2619 2460 2684 γήσω;
2521 2617 2813 2687 ¹λιόρθωσον
2866 2617 2956 2687 μὲν
3036 2616 3295 2690 ἰατρικῶς,
3356 2622 3419 2680 ὡς
3481 2616 3728 2691 ἀδελφὸν·
3777 2621 3839 2689 μὴ

2266 2704 2544 2774 κατάκρινε
2576 2701 2635 2755 δὲ
2666 2702 2926 2775 ἀπεχθῶς,
2964 2708 3033 2767 ὡς
3076 2712 3448 2779 μεμισημένον.
3502 2709 3575 2761 Ou’
3605 2712 3700 2780 γὰρ
3730 2704 3840 2771 εἶπε,

2268 2798 2352 2850 Μή
2413 2796 2621 2864 παύσῃς
2664 2794 3063 2866 ἁμαρτάνοντα’
3108 2794 3253 2861 ἀλλὰ,
3307 2803 3394 2856 Μή
3464 2802 3659 2873 κρίνῃς.
3725 2803 3843 2853 Φησι

2265 2883 2366 2953 γάρ
2394 2886 2483 2933 καὶ
2512 2884 2710 2942 Παῦλος
2735 2899 2745 2911 ·
2791 2887 2856 2934 Σύ
2910 2887 2990 2944 τίς
3044 2880 3090 2935 εἷ
3116 2885 3141 2935 6
3180 2890 3367 2957 κρίνων
3423 2885 3681 2962 ἀλλότριον
3730 2886 3844 2937 οἰκέ-

2266 2990 2359 3029 την
2386 2989 2398 3036 ;
2428 2979 2501 3041 τῷ
2535 2968 2655 3042 ἰδίῳ
2684 2977 2846 3045 κυρίῳ
2885 2978 3067 3031 στήκει
3097 2974 3125 3032 ἦ
3173 2980 3375 3031 πίπτει.
3421 2977 3519 3030 Καὶ
3546 2977 3692 3029 πάλιν
3721 2994 3730 3004 ·
3785 2978 3842 3026 Σύ

2268 3059 2327 3113 δι
2375 3066 2425 3112 τί
2483 3065 2675 3132 κρίνεις
2726 3064 2813 3111 τὸν
2864 3058 3081 3133 ἀδελφόν
3122 3080 3254 3129 σου;
3289 3065 3317 3122 ή
3363 3070 3453 3118 καὶ
3511 3070 3595 3131 σὺ,
3626 3071 3674 3117 τί
3715 3064 3842 3127 ἐξου-

486 3157 641 3215 θενεῖς
683 3158 768 3207 τὸν
801 3152 1018 3227 ἀδελφόν
1057 3174 1150 3209 σου
1182 3172 1195 3222 ;
1232 3159 1331 3209 Καὶ
1381 3158 1535 3215 ὄντως
1588 3158 1645 3206 τὸ
1681 3159 2008 3228 κατακρίνειν
2061 3156 2149 3205 τὸν
2195 3154 2266 3224 μὴ
2305 3149 2633 3217 ύπεξούσιον,
2667 3148 2851 3221 ψυχῆς
2882 3149 2995 3202 ἐστι
3043 3160 3383 3223 φαρισαῖκῆς,
3420 3160 3510 3207 καὶ
3549 3152 3845 3211 δικαιονσης

1182 3198 1195 3222 3

486 3244 687 3303 ἑαυτήν.

558 3335 717 3388 Vers.
760 3336 811 3389 3.
849 3333 1003 3401 Quid
1044 3340 1239 3390 autem
1268 3362 1332 3373 —-
1395 3332 1724 3388 consideras
1756 3334 1783 3387 ?
1809 3332 1917 3387 Per
1972 3331 2147 3386 festu-

2333 3331 2394 3383 Τί
2426 3325 2484 3379 δὲ
2514 3358 2580 3367 -
2611 3334 2879 3389 κατανοεῖς
2910 3344 2922 3392 ;
2954 3330 3048 3380 Δια
3110 3338 3201 3382 τοῦ
3230 3332 3464 3404 κάρφους
3493 3336 3601 3406 μὲν,
3653 3335 3707 3384 τὸ
3744 3329 3844 3383 ἐλεί-

484 3438 615 3478 cam
654 3429 969 3493 peccatum
1028 3422 1345 3476 minimum
1398 3420 1679 3476 indicavit
1711 3437 1724 3486 ;
1758 3436 1866 3491 per
1917 3418 2149 3475 trabem

485 3527 620 3566 vero
654 3510 1007 3566 maximum.
1040 3511 1135 3565 Est
1155 3509 1315 3564 enim
1340 3509 1501 3564 trabs
1528 3509 1761 3578 lignum
1792 3510 2144 3577 oblongum.

486 3599 616 3655 Vult
646 3605 843 3654 autem
863 3599 1062 3654 dicere
1098 3615 1110 3652 :
1136 3598 1452 3662 Quomodo
1482 3598 1719 3669 lapsum
1748 3597 2147 3653 minimumin

481 3688 686 3744 anima
716 3686 911 3742 fratris
937 3688 1022 3741 tui
1051 3693 1223 3742 acute
1246 3686 1571 3757 conspicis,
1593 3686 2019 3757 gravissimum
2052 3702 2149 3741 ve-

480 3792 549 3833 ro
592 3776 654 3831 in
703 3780 805 3832 tua
844 3791 965 3831 non
996 3776 1241 3831 intueris
1268 3775 1296 3830 ?
1327 3776 1590 3848 Quisque
1636 3777 1796 3831 enim
1856 3791 1995 3847 quae
2036 3791 2147 3831 sua

482 3871 620 3921 sunt
651 3865 844 3935 magis
873 3864 1053 3930 videt,
1104 3881 1289 3936 quam
1321 3880 1392 3921 ea
1439 3880 1569 3937 quae
1600 3864 1838 3921 alterius
1882 3881 1895 3919 :
1929 3868 1987 3920 et
2015 3880 2143 3921 ma-

476 3954 612 4025 jora
657 3954 852 4026 magis
885 3954 1062 4019 videt,
1094 3970 1279 4026 quam
1307 3970 1377 4009 ea
1408 3970 1544 4026 qua:
1577 3955 1810 4009 minora
1841 3957 1999 4008 sunt.

552 4042 718 4099 Vers.
746 4046 800 4099 4.
820 4044 927 4098 Aut
955 4073 1022 4082 ——
1053 4050 1173 4099 tuo.
1207 4044 1360 4108 Sive,
1388 4043 1697 4115 quomodo
1728 4042 1980 4099 tentabis
2004 4056 2139 4097 eum

479 4148 707 4197 curare,
741 4149 878 4188 cum
922 4132 1043 4204 ipse
1086 4132 1347 4188 maxime
1397 4131 1669 4202 indigeas
1720 4131 1909 4187 salute
1938 4130 1966 4185 7
1995 4133 2141 4185 Ecce

477 4221 637 4277 enim
671 4220 835 4277 trabs
866 4221 926 4276 in
957 4220 1133 4277 oculo
1154 4227 1256 4276 tuo
1287 4225 1402 4277 est.

552 4312 711 4366 Vers.
764 4311 822 4367 5.
890 4310 1449 4379 Hypocrita—lui.
1504 4309 1889 4382 Hypocritam
1947 4306 2138 4363 nomi-

477 4400 642 4455 navit
692 4400 890 4467 talem,
937 4405 1139 4471 utpote
1183 4399 1397 4454 medici
1440 4415 1659 4455 munus
1707 4397 2133 4462 vindicantem,

478 4488 685 4557 aegroti
718 4503 860 4543 vero
888 4487 1087 4543 locum
1118 4488 1488 4554 retinentem,
1522 4487 1633 4553 vel,
1669 4492 1955 4558 tanquam
1987 4502 2136 4557 pras-

473 4583 637 4632 textu
665 4577 1047 4631 correctionis
1089 4576 1353 4632 alienum
1406 4577 1645 4648 lapsum
1703 4576 1933 4631 curiose
1965 4575 2133 4631 inda-

476 4670 740 4737 gantem,
775 4664 877 4719 sed
911 4665 968 4719 id
1002 4665 1311 4737 proposito
1351 4664 1798 4721 condemnandi
1832 4670 2129 4733 agentem.

2260 4670 2427 4732 τκοπῷ
2500 4657 2558 4713 δε
2615 4666 2967 4734 κοτακρίσεῶς

476 4755 531 4812 Si
565 4754 727 4810 enim
778 4754 1026 4809 curandi
1050 4753 1244 4809 fratris
1294 4753 1593 4809 desiderio
1636 4753 1750 4809 hoc
1802 4752 1950 4824 agis,
1991 4768 2136 4809 cura

473 4843 644 4915 prius
673 4843 950 4915 teipsum,
1010 4842 1111 4914 qui
1157 4840 1294 4914 plus
1336 4842 1432 4898 illo
1469 4841 1772 4914 deliquisti
1814 4857 1828 4908 ;
1868 4840 2031 4914 quod
2086 4840 2135 4896 si

471 4932 855 5005 temetipsum
886 4931 1167 5003 despicis,
1204 4931 1575 4987 manifestum
1608 4936 1716 4999 est,
1744 4931 1910 5003 quod
1939 4944 2136 5001 neque

473 5024 644 5080 illum
675 5039 845 5079 amas
875 5037 889 5089 ;
921 5021 1114 5092 magis
1145 5021 1306 5077 enim
1353 5020 1615 5091 seipsum
1655 5020 1908 5093 quisque
1948 5024 2130 5085 amat,

473 5128 658 5185 quam
680 5112 943 5169 fratrem.
975 5115 1177 5184 Itaque
1195 5126 1315 5167 non
1332 5110 1410 5168 ad
1436 5108 1909 5176 emendandum,
1937 5107 2043 5165 sed
2055 5108 2136 5165 ad

556 5292 601 5326 “
627 5290 823 5348 Matth.
861 5306 956 5347 vn.
991 5293 1046 5349 3.
1125 5290 1170 5327 ³⁵
1198 5291 1370 5347 Rom.
1401 5304 1517 5356 xxv,
1550 5288 1711 5356 4,10.

2259 3436 2451 3489 χιστον
2500 3416 2786 3490 ἁμάρτημα
2843 3415 3042 3489 ίνέφῖἲνε
3079 3434 3092 3447 ⁸
3144 3415 3238 3471 διὰ
3284 3428 3383 3483 τῆς
3434 3418 3591 3474 δοκοῦ
3654 3417 3727 3486 δὲ,
3785 3421 3836 3470 τὸ

2259 3511 2543 3577 μέγιστον·
2601 3505 2749 3567 ξύλον
2800 3507 2901 3579 γὰρ
2947 3504 3195 3579 ἐπίμηκες
3246 3509 3275 3565 ἡ
3330 3505 3509 3571 δοκὸς.
3569 3514 3715 3580 Λέγει
3764 3504 3834 3573 δὲ,

2259 3598 2339 3647 ὅτι
2383 3600 2529 3647 Διατί
2580 3598 2635 3647 τὸ
2667 3598 2754 3665 μὲν
2788 3593 2835 3645 ἐν
2886 3603 2944 3665 τῇ
2995 3594 3149 3667 ψυχῇ
3197 3604 3289 3649 τοῦ
3339 3594 3564 3671 ἀδελφοῦ
3615 3617 3704 3650 σου
3741 3595 3839 3648 ἐλα-

2259 3690 2506 3758 φρότατον
2540 3683 2751 3755 σφάλμα
2782 3681 2985 3753 βλέπεις
3018 3683 3167 3746 ὀξέως
3198 3703 3209 3715 °
3244 3689 3299 3737 τὸ
3325 3682 3386 3739 δὲ
3422 3686 3469 3739 ἓν
3496 3695 3557 3759 τῇ
3594 3695 3656 3759 σῇ
3691 3684 3840 3759 βαρύ-

2255 3794 2402 3825 τατον
2451 3774 2555 3844 οὐχ
2604 3774 2764 3847 όρᾲς;
2807 3777 2915 3833 Πᾶς
2966 3775 3063 3847 γὰρ
3104 3776 3171 3825 τὰ
3217 3774 3405 3827 ἑαυτοῦ
3461 3776 3647 3848 μᾶλλον
3692 3770 3835 3837 οἶδεν,

2254 3863 2284 3921 ἢ
2337 3866 2401 3914 τὰ
2454 3862 2646 3934 ἑτέρου,
2710 3865 2796 3911 καὶ
2865 3863 2928 3911 τὰ
2983 3865 3147 3933 μείζω
3205 3861 3387 3934 βλέπει
3445 3864 3653 3938 μᾶλλον,
3706 3862 3733 3921 ἦ
3781 3862 3840 3912 τὰ

2255 3949 2446 4003 ἐλάττω
2459 3996 2470 4007 .

2322 4039 2391 4093 Ἠ
2420 4071 2488 4080 -
2519 4046 2633 4093 σοῦ.
2668 4036 2735 4091 Ἦ
2782 4046 2891 4100 πῶς
2944 4038 3298 4115 ἐπιχειρήσεις
3359 4042 3630 4116 ἰατρεῦσαι
3674 4040 3835 4107 αὐτὸν,

2251 4128 2409 4189 αὐτὸς
2457 4127 2686 4200 μάλιστα
2731 4124 2965 4199 δεόμενος
3015 4128 3271 4202 ἰατρείας;
3306 4127 3448 4184 Ἰδοὺ
3477 4134 3579 4206 γὰρ
3620 4133 3648 4190 ἠ
3696 4126 3840 4187 δοκὸς

2250 4216 2298 4269 ἕν
2335 4226 2406 4288 τῷ
2438 4215 2683 4288 ὀφθαλμῷ
2719 4234 2812 4268 σου
2846 4216 3009 4272 ἐστίν.

2318 4305 2596 4379 Ὑποκριτὰ
2680 4336 2750 4346 —
2832 4324 2946 4359 σου.
3029 4305 3360 4380 Ὑποκριτήν,
3443 4313 3531 4362 τὸν
3624 4313 3839 4362 τοιοῦτον

2249 4395 2535 4467 ὠνόμασεν,
2579 4397 2647 4455 ὡς
2710 4395 2887 4469 ἰατροῦ
2927 4415 3016 4467 μεν
3070 4396 3214 4459 τάξιν
3271 4398 3591 4470 ἁρπάζοντα,
3646 4402 3840 4451 νοσοῦν-

2248 4503 2329 4543 τος
2382 4481 2441 4535 δε
2489 4489 2643 4535 τόπον
2702 4483 3000 4555 ἐπέχοντα·
3064 4487 3091 4544 ἡ
3136 4488 3207 4547 ὡς
3260 4491 3519 4560 προφάσει
3573 4490 3660 4561 μὲν
3706 4483 3841 4560 διορ-

2251 4574 2451 4633 θώσεως
2525 4575 2582 4623 τὸ
2661 4571 2925 4647 ἀλλότριον
3012 4573 3223 4646 σφάλμα
3296 4576 3838 4651 πολυπραγμονοῦντα,

3643 4664 3703 4719 Εἰ
3751 4665 3840 4737 ’γὰρ

2243 4747 2532 4823 κηδόμενος
2598 4757 2691 4803 τοῦ
2762 4746 2989 4822 ἀδελφοῦ
3054 4771 3148 4804 σου
3203 4761 3357 4806 τοῦτο
3409 4762 3593 4822 ποιεῖς,
3652 4761 3841 4827 πρῶτον

2243 4835 2413 4897 κήδου
2466 4846 2707 4910 σεαυτοῦ,
2763 4840 2941 4912 μεῖζον
2996 4840 3190 4894 ἐκείνου
3241 4842 3655 4917 πλημμελήσαςο
3708 4843 3749 4894 εἰ
3789 4836 3843 4893 δι

2246 4935 2465 4981 σεαυτοῦ
2513 4936 2873 5003 καταφρονεῖς,
2915 4925 3203 5002 πρόδηλον,
3249 4934 3316 4995 ὡς
3366 4930 3485 4985 οὐδ’
3533 4932 3717 4986 ἐκεῖνον
3768 4948 3840 5002 φι·

2242 5018 2364 5081 λεῖς.
2410 5023 2515 5080 Πᾶς
2562 5020 2664 5092 γὰρ
2724 5017 2903 5071 ἑαυτὸν
2949 5019 3083 5091 φιλεῖ
3124 5020 3337 5092 μᾶλλον,
3385 5023 3415 5082 ἠ
3468 5026 3557 5075 τὸν
3610 5017 3839 5092 ἀδελφόν.

2246 5112 2349 5161 Καὶ
2402 5107 2582 5161 λοιπὸν
2612 5112 2671 5161 οὺ
2726 5104 3111 5183 διορθούμενος,
3153 5108 3280 5164 ἀλλὰ
3307 5116 3631 5188 κατακρίνων
3661 5109 3843 5180 ἐκπομ-

3050 4672 3202 4716 τούτο
3287 4674 3564 4723 παιοῦντα.

1685 5413 1910 5483 Variae
1940 5413 2269 5481 lectiones
2297 5420 2364 5481 et
2395 5423 2600 5482 notae.

551 5556 665 5631 (38)
696 5562 825 5632 πρὸς
848 5564 943 5617 τήν
987 5558 1172 5612 ἑαυτοῦ
1226 5557 1483 5612 πολιτείαν
1531 5561 1623 5610 καὶ
1681 5554 1815 5630 βίον.
1873 5556 2147 5615 Henteniu

2260 5555 2468 5629 luplici
2528 5556 2697 5613 modo
2740 5556 3017 5625 reddidit,
3072 5574 3183 5616 nec
3231 5562 3431 5617 tamen
3499 5556 3842 5617 sententiam

478 5635 779 5687 assecutus
806 5635 915 5687 est.
