4098 6396
258 340 360 397 261

1242 346 1611 408 COMMENT.
1654 351 1728 408 IN
1765 348 2211 411 ΜΑΤΤΗᾹΞΗΜ.
2251 385 2322 399 -
2361 355 2522 412 CAP.
2564 354 2687 416 VII.

3552 375 3657 431 262

267 471 431 528 πεύεις
478 468 610 538 (39).
658 468 844 543 Ὁρᾷς,
898 471 993 525 οὐκ
1047 473 1270 529 ἐκώλυσε
1320 478 1615 550 θεραπεύειν
1659 477 1878 552 ἑτέρους,

2000 479 2525 539 condemnandum
2554 486 2895 543 convitiaris
2944 490 3084 563 (bb),
3120 492 3290 550 Vides
3316 509 3459 566 ergo
3487 500 3655 571 quod

268 555 307 607 εἰ
367 564 550 609 τοῦτον
620 561 837 624 πάντως
909 560 1196 637 ἐπιθυμεῖς·
1258 563 1361 618 ἀλλ’
1431 565 1661 620 ἐκέλευσε
1738 570 1883 640 θερα-

268 649 440 698 πεᾶειν
492 651 710 701 σεαυτόν
782 655 889 725 πρὸ
949 650 1171 708 ἐκείνων.
1228 660 1344 728 Χρὴ
1398 657 1499 731 γάρ
1565 660 1651 709 τόν
1711 657 1884 731 ἰατρὸν

268 737 546 802 ὑγιαίνειν,
615 744 799 792 Ταῦτα
844 736 905 793 δε
962 747 1053 795 καὶ
1108 746 1171 796 τὰ
1214 751 1433 797 τοιαῦτα
1473 748 1881 818 νενομοθέτηκεν,

268 824 365 876 οὐκ
423 824 748 901 ἀνατρέπων,
795 832 863 891 ὡς
912 834 1132 904 εἴρηται,
1197 835 1257 885 τό
1324 830 1568 909 διορθοῦν
1616 834 1882 899 ἀλλήλους·

278 912 380 963 μὶν

266 1001 495 1075 ἀμελεῖν.
552 1006 723 1066 Λιπλῆ
758 1010 863 1081 γὰρ
923 1007 1212 1075 καταδίκη,
1268 1014 1326 1064 τὸ
1359 1016 1445 1065 τὸν
1497 1014 1742 1087 μεγάλοις
1772 1014 1887 1068 ἀτο-

263 1099 514 1165 πήμασιν
571 1095 880 1168 ὑπεύθυνον,
937 1097 1188 1162 ἐξετάζειν
1248 1104 1314 1154 τὰ
1370 1102 1550 1178 ἑτέρων
1605 1104 1883 1177 ἐλάχιστα.

488 913 815 971 ἀναστέλλων
905 923 964 972 τό
1057 930 1156 973 τῶν
1228 923 1428 975 οἰκείων
1500 924 1887 999 ἁμαρτημάτων

339 1277 427 1331 Μὴ
470 1305 542 1314 -
594 1279 817 1350 χοίρων.
871 1276 1051 1350 ’Δγιον
1105 1284 1193 1333 καὶ
1249 1287 1580 1356 μαργαρίτας
1633 1284 1886 1359 ὠνόμασε,

262 1364 324 1413 τὸ
382 1369 685 1438 μυστήριον
742 1374 835 1429 τῆς
915 1371 1138 1433 πίστεως
1196 1371 1362 1443 ἡμῶν
1442 1374 1594 1445 οἶγιον
1649 1377 1762 1447 μεν,
1820 1378 1888 1438 ὡς

266 1452 425 1503 θεῖον·
478 1460 815 1528 μαργαρίτας
851 1452 932 1525 δὲ,
965 1454 1058 1510 διὰ
1086 1460 1153 1511 τά
1181 1461 1229 1512 ἓν
1261 1459 1402 1513 αὐτῶ
1431 1467 1583 1534 τίμια
1610 1459 1880 1537 δόγματα.

267 1540 372 1594 Καὶ
424 1541 608 1609 πάλιν,
682 1546 839 1605 κύνας
892 1548 983 1617 μεν
1036 1552 1125 1600 καὶ
1198 1554 1413 1623 χοίρους
1489 1551 1603 1623 (40)
1661 1552 1892 1611 ἐκάλεσε,

264 1635 392 1693 τοὺς
440 1629 688 1693 ἇωιάτους
726 1632 775 1684 ἐν
827 1630 1132 1709 δυσσεϐεἰᾳ’
1190 1642 1347 1700 κύνας
1400 1642 1512 1712 μὲν,
1563 1642 1628 1701 ὡς
1665 1644 1897 1736 καθυλα;

265 1728 523 1782 κινοῦντας
550 1729 647 1773 τοῦ
673 1729 930 1796 Χριστοῦ’
957 1730 1178 1800 χοίρους
1206 1723 1285 1793 δὲ,
1318 1730 1384 1789 ὡς
1413 1738 1485 1781 τῶ
1513 1728 1757 1806 βορϐόρῳ
1796 1753 1869 1785 τω

1993 568 2142 625 alios
2164 585 2371 627 curare
2404 587 2526 628 non
2563 574 2890 645 prohibuit,
2926 579 2975 635 si
2998 580 3061 636 id
3083 582 3331 640 omnino
3358 585 3462 641 tibi
3489 568 3658 645 cordi

1992 663 2117 727 est;
2139 659 2244 715 sed
2266 660 2596 732 admonuit,
2629 668 2692 721 ut
2716 669 2770 722 te
2800 666 2969 740 prius
3005 686 3196 738 cures,
3219 672 3447 743 deinde,
3468 675 3603 732 illos
3632 694 3645 744 ;

1995 748 2297 806 medicum
2320 767 2587 824 namque
2618 770 2838 814 sanum
2870 774 3000 815 esse
3016 767 3269 833 oportet.
3304 763 3439 820 Haec
3471 770 3652 838 atque

1996 836 2212 893 similia
2243 841 2460 906 statuit,
2494 857 2615 898 non
2649 850 2948 915 avertens,
2983 850 3294 908 utdictum
3317 858 3421 919 est,
3457 870 3494 910 a
3521 836 3657 913 mu-

1998 930 2100 981 tua
2138 930 2522 995 correctione,
2576 932 2683 987 sed
2714 937 3094 1007 propriorum
3143 940 3496 999 delictorum
3546 960 3649 1003 ne-

1998 1013 2347 1085 gligentiam
2392 1018 2742 1090 reprimens.
2772 1024 3000 1096 Duplex
3041 1027 3201 1084 enim
3232 1032 3655 1091 condemnatio

1998 1102 2165 1158 illum
2213 1111 2536 1177 exspectat,
2582 1109 2687 1181 qui
2738 1126 2877 1168 cum
2918 1116 3153 1185 magnis
3197 1134 3335 1175 reus
3387 1124 3657 1180 teneatur

2000 1191 2199 1259 malis,
2238 1192 2391 1251 levia
2420 1195 2675 1254 aliorum
2715 1206 2909 1257 errata
2939 1205 3170 1262 curiose
3208 1213 3525 1266 scrutatur.

2072 1282 2236 1348 Vers,
2265 1285 2318 1338 6.
2343 1284 2441 1351 Νε
2464 1315 2531 1326 -
2546 1302 2770 1357 porcos.
2788 1290 3074 1349 Sanctum
3092 1299 3150 1351 et
3174 1300 3537 1369 margaritas
3554 1318 3656 1359 vo-

2003 1371 2159 1427 cavit
2186 1371 2326 1428 ﬁdei
2392 1378 2612 1431 nostraa
2654 1380 3003 1449 mysterium
3031 1398 3043 1437 :
3070 1391 3342 1442 sanctum
3383 1389 3652 1461 quidem,

2005 1463 2210 1532 utpote
2235 1460 2536 1531 divinum;
2560 1468 2915 1537 margaritas
2937 1486 3098 1541 vero,
3128 1482 3368 1547 propter
3392 1460 3656 1550 pretiosa

2005 1564 2143 1621 quae
2163 1549 2225 1604 in
2255 1565 2327 1605 eo
2348 1552 2656 1609 recondita
2681 1560 2819 1611 sunt
2844 1556 3149 1631 dogmata.
3182 1564 3250 1619 Et
3282 1549 3531 1633 rursum,
3556 1584 3653 1627 ca-

2006 1652 2113 1692 nes
2133 1642 2185 1693 et
2215 1653 2431 1710 porcos
2474 1642 2806 1700 nominavit
2856 1661 2960 1701 eos
2989 1648 3093 1720 qui
3123 1649 3548 1711 immedicabili
3576 1664 3657 1714 te—

2005 1726 2572 1800 nenturimpietate;
2605 1746 2785 1787 canes
2807 1735 3074 1805 quidem,
3106 1743 3394 1812 tanquam
3428 1744 3655 1804 Christo

265 1812 448 1863 πιθῶν
508 1807 1040 1884 ἄγκαλινδουμένους.
1099 1814 1300 1869 Κελεύει
1349 1823 1542 1886 τοίνυν,
1595 1826 1668 1892 μή
1722 1840 1879 1897 παρα-

2005 1814 2373 1872 oblatrantes
2406 1835 2419 1885 ;
2452 1832 2670 1888 porcos
2709 1836 2872 1891 vero,
2917 1825 3091 1896 quari
3132 1807 3655 1899 perturbationum

275 1896 486 1952 διδόναι
539 1908 651 1961 τοίς
707 1904 962 1964 τοιούτοις
1015 1906 1073 1956 τὸ
1129 1911 1423 1979 μυστήριον
1470 1917 1570 1960 τῶν
1617 1905 1891 1982 δογμάτων

271 1998 364 2049 τῆς
400 1994 647 2052 πίστεως.
690 1994 775 2049 Μὴ
803 1988 1002 2063 βάλητε
1036 1988 1117 2058 δε,
1160 1992 1274 2047 ἀντὶ
1298 2003 1412 2063 τοῦ,
1450 2001 1534 2055 Μὴ
1577 1998 1690 2071 (41)
1717 2019 1888 2073 παρα-

267 2080 457 2137 θῆσθε.
492 2077 724 2141 ’Δνάξιοι
776 2081 877 2153 γάρ
930 2081 1035 2134 εἰσι
1086 2084 1335 2146 τοιαύτης
1390 2086 1526 2159 ἱερᾶς
1556 2085 1877 2160 ἀκροάσεως.

266 2162 399 2219 Εἶτα
426 2169 760 2240 προστίθησι
785 2173 875 2221 καὶ
902 2168 1095 2225 αἰτίαν.

338 2262 563 2314 Μήποτε
630 2289 680 2298 -
774 2259 930 2331 ὑμᾶς.
1018 2266 1259 2335 Κρεῖττόν
1331 2262 1492 2332 ἐστιν,
1567 2265 1886 2338 ἀγνοηθῆναι

263 2355 439 2398 ταῦτα
467 2348 594 2420 παρ’
651 2347 841 2413 αὐτῶν,
894 2349 923 2408 ἡ
984 2353 1358 2423 γνωρισθῆναι,
1412 2359 1616 2426 μήποτε
1672 2358 1886 2431 ὑποκρι-

266 2439 439 2498 θέντες
502 2436 799 2503 ἐπιείκειαν,
868 2442 959 2491 καὶ
1015 2440 1264 2510 μαθόντες
1350 2441 1485 2495 αύτά
1538 2444 1663 2519 παρ’
1716 2447 1880 2519 ἡμῶν,

264 2524 734 2598 ἄμπαροινήσωσιν
791 2526 968 2590 αὐτοῖς
1027 2532 1116 2580 καὶ
1180 2524 1503 2605 διασύρωσι.
1565 2540 1728 2587 Τοῦτο
1784 2538 1882 2611 γὰρ

266 2609 429 2669 δηλοῖ
452 2616 513 2666 τὸ
570 2620 1025 2674 Καταπατήσωσι.
1072 2614 1250 2680 Πόδας
1298 2614 1358 2671 δε
1404 2621 1572 2673 αὐτῶν
1610 2622 1762 2693 λέγει,
1789 2609 1884 2683 τὴν

264 2701 528 2755 ἀπιστίαν
586 2703 776 2770 αὐτῶν,
855 2701 928 2757 δι’
972 2707 1035 2766 ἧς
1108 2704 1429 2779 βαδίζουσιν
1486 2710 1555 2771 εἰς
1608 2709 1880 2769 ἀπώλειαν.

262 2788 393 2845 Εἶτα
442 2797 753 2865 στραφέντες
808 2793 910 2847 ἀπὸ
967 2804 1060 2857 τῆς
1121 2795 1442 2851 ἐπιπλάστου
1492 2797 1766 2864 ἕπιεικείας
1812 2802 1884 2863 εἰς

264 2884 492 2955 φανερὰν
549 2881 869 2951 ἐναντίωσιν,
924 2883 1154 2958 ῥήξωσιν
1210 2888 1371 2958 ὑμᾶς,
1428 2892 1689 2959 τουτέστι,
1722 2910 1883 2965 προσ-

265 2968 522 3042 ϐάλωσιν,
582 2969 889 3027 ἀντιστῶσι.
953 2978 1038 3031 Μὴ
1092 2970 1370 3047 δυνάμενοι
1424 2997 1525 3052 γαρ
1591 2979 1881 3052 θεοπρεπῶς

263 3067 395 3112 νοεῖν
444 3063 513 3113 τὰ
568 3062 682 3114 θεῖα
748 3058 1015 3134 δόγματα,
1072 3066 1468 3137 προσάπτουσιν
1516 3067 1697 3131 αὐτοῖς
1744 3067 1881 3142 ἒμπά

2002 1904 2477 1995 Ιυιοζοὺνοιιιῐοε.
2492 1907 2854 1980 Jubetigitur
2865 1928 2938 1969 ne
2950 1913 3171 1971 talibus
3185 1918 3495 1977 tradamus
3510 1923 3655 1995 dog-

1999 1999 2230 2049 matum
2261 1993 2402 2050 ﬁdei
2431 1997 2736 2067 mysteria.
2768 2000 2857 2056 Ne
2908 2004 3241 2073 proﬁciatis
3271 2014 3494 2075 autem,
3540 1993 3655 2070 hoc

1998 2086 2102 2137 est.
2127 2085 2206 2138 Ne
2236 2084 2577 2155 apponatis.
2614 2086 2846 2156 indigni
2872 2095 3012 2146 sunt
3036 2093 3197 2151 enim
3236 2098 3338 2167 qui
3372 2099 3513 2156 talia
3550 2116 3657 2158 au-

1996 2171 2181 2227 diant.
2216 2171 2435 2227 Deinde
2467 2173 2636 2229 addit
2662 2180 2718 2230 et
2748 2192 3018 2236 causam.

2071 2262 2225 2316 Vers.
2260 2265 2311 2317 6.
2344 2261 2434 2317 Ne
2484 2264 2721 2335 quando
2746 2297 2814 2305 —
2845 2283 2960 2325 vos.
2990 2271 3189 2328 Melius
3237 2276 3396 2334 enim
3423 2285 3510 2335 est
3552 2295 3656 2337 eos

1994 2348 2123 2405 haec
2159 2349 2454 2421 ignorare,
2488 2367 2675 2424 quam
2708 2370 3088 2425 cognoscere,
3121 2377 3197 2418 ne
3218 2366 3466 2436 quando
3496 2375 3655 2440 post-

1994 2453 2179 2510 quam
2211 2439 2491 2496 simulata
2519 2442 2812 2512 probitate
2851 2460 2887 2501 a
2916 2447 3082 2503 vobis
3112 2466 3183 2507 ea
3206 2439 3537 2525 didicerint,
3568 2457 3657 2514 lu-

1994 2527 2188 2585 dibrio
2218 2528 2483 2587 habeant
2504 2547 2575 2587 ac
2594 2532 2912 2592 detrahant
2942 2537 3106 2609 ipsis.
3138 2542 3199 2597 Id
3231 2544 3391 2600 enim
3428 2546 3656 2606 indicat

1992 2617 2160 2689 quod
2182 2617 2423 2675 additur
2454 2636 2468 2686 ;
2505 2620 3073 2683 Concutcent.Pedes
3101 2646 3243 2687 vero
3274 2632 3544 2704 ipsorum
3561 2638 3651 2693 di-

1994 2706 2069 2761 cit
2092 2705 2505 2764 inﬁdelitatem
2525 2725 2756 2779 eorum,
2777 2728 2900 2784 qua
2924 2714 3002 2770 ad
3029 2718 3426 2788 perditionem
3457 2726 3655 2795 gradi-

1993 2799 2195 2851 untur.
2228 2795 2451 2852 Deinde
2481 2800 2753 2855 conversi
2792 2816 2829 2857 a
2858 2801 2999 2859 ficta
3020 2806 3316 2876 probitate
3343 2811 3422 2867 ad
3465 2815 3652 2871 mani-

1992 2881 2204 2939 festam
2231 2888 2712 2957 repugnantiam,
2739 2888 3000 2948 lacerent
3022 2910 3149 2960 vos,
3198 2896 3311 2954 hoc
3361 2902 3655 2976 estimpe-

1992 2976 2120 3028 tum
2155 2972 2376 3030 faciant
2405 2990 2475 3030 ac
2496 2976 2776 3034 resistant
2802 2980 3000 3037 vobis.
3033 2985 3155 3039 Non
3182 2992 3453 3057 potentes
3484 2972 3651 3050 nam-

1991 3076 2110 3133 que
2133 3061 2337 3117 divina
2360 3063 2671 3133 dogmata,
2698 3082 2872 3125 sacra
2900 3072 3182 3140 quadam,
3210 3080 3276 3131 ut
3302 3076 3495 3145 docet,
3526 3097 3653 3139 ma-

266 3150 430 3220 οειαν,
482 3149 757 3205 κάντεῦθεν
805 3152 1154 3226 όπλιζὸμενόι,
1205 3152 1527 3228 κωμῳδοῦσι
1584 3160 1675 3232 μὲν
1724 3160 1877 3228 αὐτὰ,

2000 3149 2194 3221 iestate
2228 3150 2549 3221 intelligere
2571 3153 2818 3211 affectus
2838 3156 3142 3217 humanos
3164 3161 3277 3218 illis
3299 3169 3643 3236 attribuunt,

261 3241 715 3313 προσαράσσουσι
748 3238 807 3294 δι
836 3242 983 3314 ἡμῖν.

334 3417 538 3472 Αἰτεῖτε
616 3449 671 3461 -
726 3420 871 3492 ὑμῖν.
924 3417 1135 3479 Ἐπειδὴ
1196 3421 1399 3494 μεγάλα
1450 3426 1566 3477 τινὰ
1620 3430 1711 3479 καὶ
1758 3429 1880 3480 θαυ-

262 3512 447 3580 μαστὰ
504 3508 814 3581 προσέταξε,
894 3510 1099 3563 πάντων
1163 3512 1255 3583 μὲν
1308 3520 1409 3563 τῶν
1457 3516 1635 3567 παθῶν
1690 3513 1881 3570 ἀνωτέ-

260 3618 386 3672 ρους
414 3600 665 3669 ⁴γίνεσθαι
719 3601 840 3659 τοὺς
886 3600 1141 3670 μαθητὰς,
1198 3603 1510 3673 ομοιοῡσθαι
1541 3600 1601 3656 δὲ
1646 3612 1718 3676 τῷ
1748 3609 1874 3677 Θεῷ,

262 3684 557 3761 διακρίνειν
590 3683 651 3739 δε
704 3690 821 3748 τοὺς
867 3686 1129 3756 ἀναξίους,
1162 3691 1244 3742 ἱνα
1292 3695 1364 3763 μὴ
1400 3687 1528 3765 δόξῃ
1579 3694 1789 3764 χαλεπά
1812 3696 1877 3747 τά

262 3778 678 3851 προστάγματα,
741 3777 935 3829 τέθεικε
986 3780 1076 3850 μὲν
1136 3778 1343 3841 ἱκανοὺς
1401 3786 1705 3853 λογισμοὺς,
1762 3787 1878 3836 πεί-

267 3867 469 3931 θοντας,
498 3866 579 3917 ὅτι
625 3862 792 3939 ῥᾲδια
838 3873 1020 3919 ταῦτα’
1053 3866 1288 3939 μάλιστα
1339 3865 1399 3921 δὲ
1446 3872 1739 3944 προσέθηκε
1782 3877 1875 3931 τὴν

262 3950 534 4030 κορωνίδα
573 3962 669 4016 τῆς
715 3954 966 4027 εὐκολίας,
1011 3961 1143 4029 φημὶ
1170 3952 1264 4023 δὴ,
1304 3961 1398 4017 τὴν
1445 3956 1545 4011 ἀπὸ
1575 3967 1674 4011 τῶν
1701 3960 1874 4032 εύχῷν

266 4048 590 4117 συμμαχίαν
602 4086 615 4099 .

332 4139 449 4209 Χρὴ
480 4136 584 4206 γὰρ
611 4138 683 4206 μὴ
716 4138 869 4207 μόνον
917 4131 1240 4198 σπουδάζειν
1271 4140 1392 4200 τοὺς
1440 4136 1869 4211 ἀγωνιζομένους,

432 4228 527 4275 καὶ
593 4226 687 4281 τὴν
734 4225 923 4276 ἄνωθεν
993 4223 1355 4279 ἐπικαλεῖσθαι
1430 4225 1700 4299 βοήθειαν.
1772 4234 1873 4282 Καὶ

262 4315 465 4374 πάντως
515 4312 646 4380 ἣξει,
723 4317 814 4365 καὶ
866 4312 1147 4387 παρέσται,
1202 4319 1288 4367 καὶ
1353 4314 1724 4388 συνεφάψεται,
1783 4322 1872 4371 καὶ

260 4403 433 4454 πάντα
460 4406 677 4459 ποιήσει
699 4397 883 4475 ῥᾴδια.
938 4406 1032 4455 Διά
1083 4410 1238 4457 τοῦτο
1276 4409 1367 4457 καὶ
1414 4404 1575 4457 αἰτεῖν
1617 4403 1867 4478 ἐκέλευσε,

1991 3244 2047 3295 et
2073 3239 2211 3296 inde
2242 3243 2476 3307 armati,
2508 3241 2605 3298 illa
2633 3243 2881 3316 quidem
2906 3248 3246 3320 suggillant,
3278 3269 3388 3310 vos
3448 3263 3648 3318 autem

1990 3327 2279 3399 afﬂigunt.

2062 3420 2224 3473 Vers.
2249 3424 2301 3473 7.
2343 3420 2535 3478 Petita
2558 3450 2628 3463 —
2658 3422 2839 3479 vobis.
2876 3425 3201 3499 Postquam
3230 3447 3454 3503 magna
3480 3452 3648 3509 quaa-

1989 3506 2133 3563 dam
2160 3512 2216 3564 et
2246 3509 2607 3567 admiranda
2626 3511 2912 3582 jusserat,
2945 3521 3089 3587 puta
3110 3524 3171 3573 ut
3200 3520 3476 3595 discipuli
3499 3506 3648 3584 cun-

1988 3597 2100 3653 ctis
2139 3597 2327 3653 animi
2365 3598 2681 3656 affectibus
2702 3604 3039 3674 superiores
3070 3606 3284 3675 effecti,
3325 3612 3446 3669 Deo
3468 3615 3529 3670 in
3561 3617 3648 3672 di-

1983 3685 2327 3757 judicandis
2354 3687 2550 3757 dignis
2576 3690 3004 3763 assimilentur,
3022 3694 3133 3767 (cc)
3154 3698 3300 3754 nein
3328 3705 3534 3771 gravia
3558 3708 3648 3762 vi-

1986 3774 2242 3832 deantur
2281 3776 2587 3843 mandata,
2620 3784 2792 3851 aptas
2835 3781 3067 3839 addidit
3115 3789 3642 3865 considerationes,

1986 3878 2120 3936 quas
2148 3864 2279 3920 haec
2310 3881 2440 3922 esse
2480 3866 2683 3924 facilia
2712 3874 3137 3941 persuadeant.
3170 3878 3421 3936 Maxime
3443 3864 3645 3941 autem

1983 3950 2280 4009 facilitatis
2320 3956 2601 4027 apposuit
2650 3959 2999 4016 coronidem
3044 3962 3167 4020 sive
3205 3966 3438 4038 apicem
3469 3987 3482 4026 :
3509 3972 3643 4029 dico

1984 4057 2150 4111 sane,
2182 4044 2349 4114 quod
2372 4043 2452 4099 ab
2484 4045 2862 4103 orationibus
2893 4052 2983 4105 est
3004 4052 3318 4111 auxilium.

2055 4132 2354 4187 Certantes
2379 4134 2539 4189 enim
2570 4150 2691 4190 non
2725 4139 2956 4193 tantum
2981 4144 3248 4210 satagere
3273 4152 3520 4217 oportet,
3546 4166 3643 4207 ve-

1981 4234 2117 4275 rum
2134 4221 2313 4276 etiam
2329 4238 2587 4294 superne
2605 4223 2893 4281 auxilium
2909 4242 3155 4298 poscere
3176 4246 3188 4283 :
3208 4233 3373 4303 quod
3392 4239 3641 4297 omnino

1980 4309 2198 4375 veniet,
2228 4316 2285 4366 et
2307 4311 2517 4378 aderit,
2537 4328 2606 4369 ac
2632 4313 2730 4384 adj
2741 4314 2963 4381 uvabit,
2985 4318 3311 4391 omniaque
3330 4323 3643 4385 reddetfa-

1982 4396 2115 4453 cilia
2150 4413 2164 4451 :
2187 4397 2446 4471 ideoque
2470 4399 2654 4456 etiam
2679 4407 2877 4473 petere
2897 4404 3099 4474 jussit,
3125 4412 3181 4462 et
3206 4410 3373 4480 quod
3397 4412 3642 4475 dabitur

260 4496 349 4543 ιαὶ
387 4496 488 4548 τὴν
518 4487 673 4542 δόσιν
712 4492 994 4564 ὑπέσχετο.
1029 4492 1169 4551 Πλὴν
1199 4497 1270 4565 μὴ
1303 4493 1473 4554 ἁπλῶς
1512 4493 1689 4561 αἰτεῖν,
1744 4494 1873 4548 ἀλλὰ

2000 4484 2274 4556 >τοωὶεὶῐ,
2310 4503 2431 4544 non
2488 4492 2690 4545 tamen
2742 4495 3044 4565 utcunque
3076 4501 3294 4567 petere,
3352 4502 3460 4558 sed
3499 4520 3638 4565 cum

259 4581 368 4652 μετ’
426 4580 682 4652 ἐπιμονῆς
742 4586 831 4633 καὶ
896 4581 1145 4644 εὐτονίας.
1218 4590 1378 4635 Τοῦτο
1433 4585 1532 4658 γὰρ
1593 4580 1749 4642 δηλοῖ
1813 4588 1872 4637 τὸ

264 4674 493 4734 ζητεῖτε.
529 4674 633 4723 Καὶ
682 4674 754 4743 μὴ
807 4674 961 4743 μόνον
999 4671 1110 4744 μετ’
1178 4670 1423 4744 ἐπιμονῆς
1473 4676 1563 4725 καὶ
1617 4673 1868 4742 εὐτονίας,

262 4758 391 4812 ἀλλὰ
418 4765 514 4811 καὶ
575 4762 706 4831 μετὰ
758 4761 1070 4833 θερμότητος
1118 4765 1209 4815 καὶ
1257 4757 1642 4835 σφοδρότητος.
1706 4768 1870 4817 Τοῦτο

257 4854 359 4925 γὰρ
383 4848 660 4923 βούλεται,
682 4852 738 4902 τὸ
762 4853 987 4925 κρούετε.

330 5035 439 5091 Πᾶς
492 5059 563 5071 —
617 5027 972 5103 ἀνοιγήσεται.
1038 5028 1061 5104 [
1112 5029 1171 5084 Ὀ
1228 5030 1345 5105 (42)
1407 5033 1578 5106 χωρὶς
1664 5031 1867 5095 πάθους

1982 4577 2421 4647 perseverantia
2447 4583 2501 4634 et
2529 4579 2906 4639 assiduitate.
2935 4585 3084 4640 Nam
3121 4585 3237 4642 hoc
3269 4592 3635 4663 manifestat,

1981 4664 2143 4736 quod
2166 4666 2405 4723 additur
2437 4686 2449 4723 :
2487 4668 2765 4736 Quaerite.
2798 4673 2913 4726 Nec
2965 4673 3159 4731 solum
3187 4692 3324 4734 cum
3364 4696 3640 4753 perseve-

1979 4754 2174 4811 rantia
2204 4757 2645 4825 etassiduitate,
2674 4759 2778 4815 sed
2809 4762 2982 4817 etiam
3012 4778 3150 4820 cum
3183 4765 3413 4826 fervore
3440 4789 3510 4829 ac
3544 4791 3639 4831 ve-

1975 4840 2305 4902 hementia.
2326 4847 2389 4903 Id
2409 4847 2571 4903 enim
2596 4848 2821 4907 indicat
2848 4851 3015 4923 quod
3036 4854 3359 4928 subjungit,
3382 4859 3587 4921 dicens
3611 4876 3629 4928 :

1976 4929 2238 4993 Pulsate.

2047 5028 2213 5085 Vers.
2255 5029 2287 5082 8
2325 5026 2521 5085 Omni:
2545 5058 2615 5071 -
2659 5029 2967 5100 aperietur
2994 5029 3042 5100 ‘1'
3072 5034 3180 5099 Qui
3236 5036 3469 5112 absque
3508 5043 3633 5102 ani.

1496 5210 1714 5283 Variae
1741 5208 2072 5281 lectiones
2104 5218 2172 5278 et
2200 5217 2403 5277 notae.

320 5356 436 5504 $39)
476 5355 669 5416 intell.
696 5358 763 5411 τὰ
789 5354 1069 5432 σφάλματα
1088 5361 1180 5412 τοῦ
1207 5351 1432 5432 ἀδελφοῦ
1463 5375 1577 5413 σου.

341 5436 433 5504 40)
472 5433 739 5504 ὠνόμασε.
765 5435 827 5486 Δ.
1213 5502 1221 5504 _
1449 5501 1486 5504 __

472 5433 739 5513 εὖνόμασε.
765 5435 840 5513 A.‘
856 5510 877 5513 _
989 5504 1031 5513 η
1211 5502 1223 5512 ⁸
1448 5501 1487 5513 υ

312 5501 429 5580 (41)
471 5501 628 5571 imo,
664 5506 961 5577 παραθῆτε.
989 5504 1102 5559 Nec
1130 5502 1291 5560 enim
1328 5501 1532 5559 medio
1559 5503 1649 5558 est
1675 5516 1853 5574 Opus.

329 5634 411 5705 bb)
448 5629 858 5690 Conviciaris.
890 5626 1203 5709 Patefacis.
1239 5627 1538 5710 divulgas.

301 5635 404 5785 {ac}
432 5707 559 5765 Deo
581 5733 657 5745 —
684 5698 1121 5761 assimilentur.
1149 5699 1487 5759 Assnmilari
1514 5715 1538 5758 ε

1975 5353 2166 5436 Atque
2190 5353 2271 5436 ita
2291 5354 2490 5436 etiam
2525 5352 2859 5436 respondet
2879 5362 2950 5436 τῷ
2978 5355 3195 5436 βάλητε.

2047 5425 2159 5500 (ᾎὲ)
2190 5427 2421 5484 Inclusa
2448 5427 2510 5483 in
2539 5425 2814 5499 margine
2842 5425 3030 5488 habet
3056 5433 3130 5489 A.

322 5696 404 5783 cc)
432 5707 559 5765 Deo
581 5733 657 5745 —
684 5698 1121 5761 assimilentur.
1149 5696 1487 5759 Assimilari
1514 5701 1718 5759 autem
1745 5698 1867 5758 Deo
1887 5700 1944 5757 et
1977 5696 2311 5773 dijudicare
2338 5699 2639 5774 indignos.
