4098 6386
501 352 605 406 263

1809 339 2155 406 EUTHYMII
2210 347 2565 406 ZAGABENI

3776 344 3890 402 264

503 478 585 531 mi
616 474 963 545 aegritudine
984 475 1294 547 quidpiam
1324 475 1400 531 ad
1428 474 1579 530 bene
1601 475 1974 547 operandum
2000 477 2159 548 petit,

2299 477 2429 529 ιὶτῶν
2490 476 2537 527 ἐν
2593 483 2653 547 τῇ
2728 483 2990 548 πρακτικῇ
3058 476 3353 547 φιλοσοφίᾳ,
3414 472 3663 545 λαμϐάνει
3720 475 3887 545 χάριν

504 566 759 636 gratiam
792 566 1002 637 accipit
1030 566 1264 621 virtutis
1293 566 1369 622 ad
1394 565 1801 637 operationem
1839 572 2161 639 praecepto-

504 671 660 710 rum.
690 657 752 709 Et
770 656 871 725 qui
890 654 1119 726 absque
1139 655 1322 709 animi
1341 654 1808 727 perturbatione,
1826 657 2040 727 quaerit
2065 656 2164 711 ali-

505 745 648 817 quid
680 746 741 800 in
768 751 993 799 natura?
1027 744 1451 816 speculatione,
1478 745 1701 801 invenit
1730 762 1929 800 rerum
1954 746 2163 801 verita-

504 839 643 890 tem.
678 835 969 889 Prasterea
994 835 1096 905 qui
1128 834 1331 889 animo
1376 849 1496 889 non
1543 841 1871 897 commoto,
1902 834 2161 889 scientiae

499 924 749 994 januam
764 923 964 995 pulsat
1000 923 1060 977 in
1085 923 1417 993 theologica
1439 923 1777 996 disciplina,
1803 923 2163 994 aperieturei

505 1014 766 1083 cognitio
798 1013 1241 1068 reconditorum
1263 1014 1707 1083 mysteriorum.
1738 1014 1847 1080 Qui
1876 1030 2017 1069 vero
2042 1013 2166 1068 ani-

506 1120 627 1167 mo,
657 1104 862 1175 aliqua
890 1104 1201 1159 aﬂectione
1232 1103 1579 1175 perturbato
1611 1106 1775 1175 petit,
1818 1105 2035 1176 quaerit
2065 1108 2168 1159 aut

506 1194 721 1267 pulsat,
756 1208 878 1248 non
928 1197 1345 1264 consequetur.
1388 1193 1602 1248 Petitis
1633 1194 1806 1259 enim,
1870 1193 2082 1265 inquit,
2113 1200 2164 1249 et

468 1320 473 1323 »
505 1299 623 1338 non
654 1282 943 1351 accipitis,
973 1298 1033 1337 eo
1055 1282 1209 1353 quod
1236 1283 1390 1337 male
1413 1284 1619 1351 petatis
1640 1284 1709 1337 ³⁸.

579 1375 710 1427 Haec
736 1372 793 1427 in
826 1371 1343 1427 confirmationem
1372 1371 1795 1442 promissionis
1812 1370 2073 1426 addidit:
2108 1375 2168 1426 ut

509 1462 701 1516 sinon
752 1462 950 1516 statim
994 1462 1313 1532 acceperis,
1347 1476 1421 1516 ne
1451 1461 1725 1524 desistas,
1763 1460 1866 1515 sed
1895 1476 2165 1532 perseve-

507 1567 602 1606 res
667 1566 736 1606 ac
764 1550 1117 1605 incalescas.
1154 1552 1288 1605 Ideo
1320 1551 1478 1606 enim
1508 1566 1628 1606 non
1657 1551 1857 1606 statim
1876 1550 1977 1605 dat
2005 1548 2170 1621 quod

508 1641 679 1711 petis,
715 1643 776 1695 ut
806 1655 1035 1710 quaeras
1070 1656 1082 1704 ;
1118 1644 1174 1695 et
1219 1639 1440 1694 idcirco
1471 1654 1591 1694 non
1625 1640 1821 1695 statim
1867 1639 2056 1711 aperit
2079 1639 2171 1709 ja-

512 1744 693 1783 nuam
722 1733 786 1783 ut
836 1728 1059 1799 pulses.
1098 1728 1271 1800 Apud
1323 1720 1599 1783 homines
1639 1730 1819 1792 enim,
1868 1728 1915 1782 si
1949 1742 2168 1797 urgens

2277 564 2545 636 δυνάμεως
2612 566 2683 625 εἰς
2750 565 2936 637 πρᾶξιν
2997 574 3094 615 των
3176 564 3404 615 ἐντολῶν·
3472 568 3560 614 καὶ
3616 562 3641 613 ὁ
3714 564 3888 623 ζητῶν

2276 654 2486 715 ἀπαθῶς
2532 653 2671 725 ἐντῇ
2736 662 2929 724 φυσικῇ
2999 656 3205 727 θεωρία,
3260 654 3469 726 εὑρήσει
3513 656 3607 709 τὴν
3666 650 3713 701 ἐν
3774 657 3891 708 τοῖς

2274 740 2422 793 οὖσιν
2464 742 2724 800 ἀληθειαν
2778 748 2867 794 καὶ
2916 751 2986 794 τῶ
3044 746 3279 814 κρούοντι
3330 741 3540 802 ἀπαθῶς
3598 745 3691 798 τὴν
3724 741 3891 812 θύραν

2274 840 2365 890 τῆς
2410 837 2649 901 γνώσεως
2707 830 2754 881 ἐν
2806 840 2866 903 τῇ
2922 831 3186 903 θεολογικῇ
3249 835 3618 903 μυσταγωγίᾳ,
3675 831 3892 898 ἀνοιγὴ-

3760 912 3892 969 Od":

2277 1012 2403 1081 μετά
2454 1028 2590 1070 τινος
2650 1010 2849 1071 πάθους
2904 1009 3076 1075 αἰτῶν,
3139 1010 3165 1067 ἲ)
3225 1010 3417 1073 ζητῶν,
3467 1009 3496 1066 ἡ
3543 1010 3761 1079 κρούων,
3793 1006 3895 1057 οὐκ

2280 939 2427 971 σεται
2484 922 2512 977 ἡ
2562 928 2757 989 γνῶσις
2807 928 2905 971 τῶν
2978 919 3284 993 ἀποκρύφων
3334 924 3658 993 μυστηρίων.

2277 1098 2615 1160 ἐπιτεύξεται.
2671 1099 2867 1151 Αἰτεῖτε
2924 1100 3043 1171 γὰρ,
3107 1103 3257 1168 φησὶ,
3318 1102 3408 1150 καὶ
3466 1100 3523 1150 οὐ
3582 1095 3892 1169 λαμϐάνετε,

2281 1184 2422 1239 διότι
2452 1196 2623 1249 κακῶς
2665 1188 2911 1241 αἰτεῖσθε.
2942 1187 2963 1260 ]

2350 1373 2523 1419 Ταῦτα
2554 1363 2611 1418 δὲ
2642 1368 2961 1439 προσέθηκεν
2985 1366 3057 1426 εἰς
3088 1364 3374 1437 βεϐαίωσιν
3406 1373 3500 1426 τῆς
3523 1367 3898 1436 ὑποσχέσεως,

2283 1464 2383 1521 ἱνα,
2413 1456 2454 1507 εἰ
2485 1460 2555 1527 μὴ
2588 1460 2891 1528 παραυτίκα
2918 1454 3103 1526 λάϐῃς,
3135 1459 3205 1526 μὴ
3251 1454 3502 1526 ἀποστῇς,
3538 1453 3644 1505 ἀλλ’
3678 1459 3897 1525 ἐπιμεί-

2280 1564 2370 1616 νης
2428 1550 2516 1594 καὶ
2574 1546 2883 1617 θερμανθῇς.
2942 1547 3036 1595 Διά
3075 1552 3227 1595 τοῦτο
3274 1546 3370 1615 γὰρ
3430 1544 3693 1605 αἰτοῦντος
3754 1544 3893 1613 (43),

2281 1633 2375 1684 οὐκ
2428 1632 2581 1693 εὐθὺς
2631 1629 2880 1696 δίδωσιν,
2962 1635 3042 1684 ἶνα
3117 1633 3376 1693 ζητήσης·
3441 1637 3530 1684 καὶ
3589 1629 3682 1684 διὰ
3737 1640 3901 1683 τοῦτο

2283 1721 2377 1773 οὐκ
2436 1723 2618 1782 εὐθέως
2683 1721 2878 1791 ἀνοίγει
2930 1726 3021 1779 τὴν
3082 1723 3259 1793 θύραν,
3323 1724 3405 1773 ἰνα
3451 1725 3702 1794 κρούσῃς.
3774 1720 3902 1772 Ἐπὶ

509 1818 891 1890 petitionibus
914 1818 1175 1882 insistas,
1205 1834 1308 1873 eos
1338 1818 1414 1873 ad
1446 1818 1597 1873 iram
1624 1833 1922 1890 provocas
1954 1834 1965 1871 :
2009 1815 2171 1888 apud

2299 1814 2372 1862 ιεν
2421 1813 2519 1884 γὰρ
2570 1809 2871 1878 ἀνθρώπων,
2950 1809 3033 1861 ἐὰν
3101 1809 3368 1883 ὶπιμείνης
3435 1810 3722 1883 ἐγκείμενος
3778 1818 3903 1869 ταῖς

510 1909 695 1961 Deum
725 1922 884 1969 vero,
932 1906 1126 1978 potius
1166 1922 1305 1961 eum
1357 1906 1572 1971 irritas,
1627 1906 1743 1961 nisi
1784 1907 1899 1961 hoc
1964 1904 2169 1960 facias.

510 1999 657 2051 Nam
706 1996 950 2065 exquirit
1007 2012 1040 2050 a
1073 2000 1123 2050 te
1156 1995 1573 2051 assiduitatem
1604 1999 1659 2050 et
1694 1993 2170 2062 vehementiam;

509 2090 684 2155 teque
718 2084 839 2139 vult
868 2088 1311 2153 perseveranter
1338 2082 1517 2138 simul
1542 2099 1612 2139 ac
1631 2082 1925 2138 ferventer
1954 2085 2172 2152 petere.

515 2173 624 2239 Qui
654 2172 815 2227 enim
845 2173 1004 2244 petit,
1036 2188 1145 2227 nec
1178 2173 1410 2244 accipit,
1442 2176 1545 2227 aut
1594 2173 1839 2243 indigne
1872 2170 2040 2244 petit,
2074 2174 2178 2225 aut

512 2278 635 2318 non
663 2266 1017 2333 perseverat,
1039 2264 1139 2317 aut
1160 2261 1350 2332 tepide
1373 2261 1535 2333 petit.
1557 2263 1705 2317 Nam
1724 2261 1833 2317 tria
1848 2260 1974 2315 hasc
2006 2274 2175 2332 opor-

516 2354 594 2407 tet
627 2366 999 2407 concurrere.

588 2532 750 2585 Vers.
770 2534 820 2584 9.
850 2530 1268 2600 Anquisquam
1300 2531 1440 2583 --V.
1466 2528 1550 2583 10.
1582 2528 1725 2584 Illi?
1753 2529 1917 2583 Ponit
1937 2543 2175 2583 rursum

518 2619 1056 2675 considerationem
1089 2619 1226 2674 facit
1247 2619 1497 2673 humani
1540 2635 1552 2673 :
1583 2624 1639 2673 et
1665 2618 1743 2673 ab
1776 2617 2050 2689 exemplo
2073 2634 2178 2673 au-

518 2709 769 2763 ditorem
804 2708 1048 2773 inducit,
1082 2717 1143 2762 ut
1184 2708 1278 2762 his
1320 2724 1455 2779 quas
1482 2707 1643 2762 dicta
1693 2711 1831 2763 sunt
1866 2706 2175 2762 assentiat.

522 2800 763 2870 Oportet
792 2802 989 2852 autem
1038 2803 1093 2853 et
1138 2802 1436 2870 petentem
1483 2797 1675 2852 tilium
1707 2812 1857 2862 esse,
1907 2800 2179 2867 etpetere

520 2904 657 2959 quae
680 2892 907 2959 patrem
923 2887 1166 2959 quidem
1183 2887 1345 2951 dare,
1375 2886 1564 2941 ﬁlium
1581 2890 1779 2942 autem
1794 2885 2063 2957 accipere
2081 2884 2178 2939 de-

523 2982 671 3032 ceat.

595 3069 760 3121 Vers.
798 3067 882 3121 11.
915 3067 1057 3121 Si—
1089 3065 1159 3119 ab
1182 3081 1244 3121 eo
1273 3069 1300 3120 ?
1334 3064 1512 3120 Malos
1539 3064 1705 3137 ipsos
1733 3063 1897 3134 dixit,
1922 3078 2043 3120 non
2076 3063 2180 3119 hu-

521 3171 767 3211 manam
787 3154 1217 3211 calumniando
1236 3159 1534 3220 naturam,
1558 3154 1662 3209 sed
1687 3153 1764 3210 ad
1786 3152 2183 3210 differentiam
2218 3170 2258 3222 ο

521 3246 801 3301 bonitatis
820 3245 1038 3301 divinae
1063 3261 1075 3307 ;
1099 3246 1368 3300 humana
1387 3259 1653 3315 namque
1680 3243 1919 3297 bonitas
1944 3242 2022 3297 ad
2041 3242 2186 3297 divi-

518 3350 684 3403 nam,
707 3335 932 3389 malilia
962 3349 1089 3387 esse
1111 3333 1377 3397 videtur;
1406 3336 1691 3400 tantaque
1716 3331 2037 3386 estharum
2071 3330 2187 3384 dis-

520 3424 742 3493 tinctio,
764 3428 1058 3494 quantum
1074 3422 1259 3476 homo
1274 3421 1521 3476 differta
1536 3421 1669 3475 Deo.
1688 3420 2013 3475 Considera
2025 3434 2185 3482 vero,

522 3512 831 3585 quomodo
851 3528 1007 3565 nunc
1028 3510 1275 3582 quidem
1296 3510 1638 3565 exhortatur
1660 3509 1737 3565 ad
1766 3509 2028 3564 studiose
2048 3524 2186 3580 ope-

521 3601 804 3665 randum,
828 3617 985 3655 nunc
1004 3605 1204 3655 autem
1227 3614 1395 3669 orare
1417 3599 1703 3654 admonet
1733 3614 1743 3653 :
1766 3614 2005 3653 rursum
2027 3612 2188 3652 nunc

524 3691 602 3745 ab
632 3691 746 3745 hoc
777 3690 853 3745 ad
880 3689 1023 3744 illud
1049 3689 1313 3758 transire,
1337 3704 1496 3743 nunc
1519 3704 1661 3744 vero
1680 3687 1758 3743 ab
1779 3687 1875 3742 illo
1900 3686 1977 3742 ad
2007 3686 2183 3742 istud.

525 3784 644 3835 Hoc
676 3785 875 3835 autem
908 3779 1047 3834 facit
1072 3778 1317 3845 docens,
1345 3778 1511 3849 quod
1544 3792 1737 3849 neque
1770 3776 1843 3832 de
1860 3776 1987 3832 solo
2020 3776 2183 3831 bono

527 3885 705 3940 opere
734 3884 977 3923 securos
1004 3882 1136 3922 esse
1162 3872 1455 3938 oporteat,
1482 3883 1676 3939 neque
1705 3882 1943 3921 rursum
1966 3865 2039 3920 de
2060 3864 2189 3920 sola

526 3958 813 4019 oratione,
849 3958 953 4011 sed
988 3962 1043 4012 et
1072 3972 1208 4028 quas
1240 3962 1445 4011 nostra
1486 3960 1624 4011 sunt
1677 3955 2077 4019 conferamus,
2133 3959 2189 4008 et

529 4046 759 4101 coalitus
794 4046 1084 4102 auxilium
1142 4045 1549 4117 imploremus.
1604 4043 1735 4098 Haec
1775 4044 1924 4098 enim
1979 4046 2189 4098 mutuo

528 4136 748 4192 auxilio
788 4135 1139 4205 pugnantia,
1182 4148 1541 4206 prosperum
1590 4132 1902 4189 habebunt
1961 4147 2191 4187 succes-

564 4242 685 4281 um.

564 4244 685 4281 11m.

532 4244 557 4280 s
602 4298 760 4352 Vers.
798 4298 882 4352 l2.
916 4298 1117 4352 Omnia
1150 4325 1216 4336 —-
1264 4294 1424 4363 ipsis.
1466 4293 1682 4349 Omnia
1719 4308 1855 4365 quas
1908 4293 2076 4365 prius
2117 4291 2191 4347 de

528 4386 842 4440 dilectione
874 4389 1179 4454 statuerat,
1218 4382 1387 4438 brevi
1420 4398 1582 4437 nunc
1612 4382 1795 4437 verbo
1837 4382 2189 4438 summatim

531 4471 781 4541 collegit,
810 4489 879 4529 ac
899 4473 1195 4527 succincte
1218 4472 1440 4537 docuit,
1458 4486 1690 4541 ponens
1711 4487 1835 4525 rem
1858 4470 2095 4527 facilem
2121 4487 2191 4526 ac

523 4561 918 4633 justissimam
937 4578 947 4614 :
968 4561 1188 4629 Omnia,
1208 4560 1416 4631 inquit,
1445 4574 1800 4630 quaecunque
1817 4560 2107 4615 volueritis
2130 4567 2191 4615 ut
2228 4532 2270 4585 Ι)

490 4704 493 4705 ν
528 4650 775 4721 faciant
793 4650 945 4706 vobis
971 4648 1250 4713 homines,
1277 4655 1330 4704 et
1364 4664 1463 4704 vos
1476 4650 1668 4717 facile
1687 4648 1849 4717 ipsis.
1876 4648 1963 4704 Ita
1992 4655 2192 4704 autem

533 4739 663 4796 haec
690 4737 830 4809 ipsis
863 4738 1053 4801 facite,
1089 4737 1240 4793 sicut
1267 4737 1438 4799 vultis
1471 4741 1533 4792 ut
1564 4736 1678 4807 ipsi
1741 4736 1913 4792 vobis
1951 4737 2191 4793 faciant.

534 4832 600 4885 Et
628 4829 743 4884 hoc
773 4827 933 4884 idem
956 4832 1063 4895 est,
1105 4826 1271 4899 quod
1302 4842 1506 4883 amare
1538 4826 1883 4898 proximum
1938 4826 2092 4884 sicut
2132 4842 2195 4882 se

536 4919 757 4991 ipsum.
794 4917 932 4973 Ideo
972 4918 1151 4973 etiam
1190 4915 1480 4971 subdidit.

614 5102 771 5156 Vers.
802 5100 886 5153 l2.
927 5098 1015 5153 Ita
1049 5128 1112 5138 —
1132 5095 1461 5167 prophetae.
1512 5097 1601 5150 Ita
1646 5092 1741 5150 lex
1763 5096 1928 5151 vetus
1955 5097 2009 5151 et
2063 5109 2199 5167 pro-

617 5281 663 5313 ³⁸
692 5279 817 5335 Jac.
851 5292 928 5346 1v,
960 5276 1014 5330 3.

2284 1900 2553 1964 αἰτήσεσι,
2623 1900 2962 1971 παροργίζεις
3038 1898 3246 1961 αὐτούς’
3300 1898 3383 1951 ἐπὶ
3441 1896 3500 1951 δὲ
3564 1908 3658 1952 τοῦ
3738 1906 3901 1964 Θεοῦ,

2285 1988 2474 2061 μᾶλλον
2540 1993 2969 2061 παραπικραίνεις
3017 1989 3191 2051 αὐτὸν,
3245 1988 3327 2040 ἐὰν
3394 1993 3465 2060 μὴ
3514 1997 3665 2041 τοῦτο
3714 1997 3898 2060 ποιῇς.

2287 2078 2564 2149 Δοκιμάζει
2596 2080 2697 2151 γάρ
2745 2096 2839 2128 σου
2872 2083 2965 2134 τὴν
2997 2078 3224 2130 εὐτονίαν
3253 2083 3343 2129 καὶ
3392 2082 3485 2135 τὴν
3536 2075 3900 2150 σφοδρότητα,

2287 2172 2375 2217 καὶ
2423 2164 2669 2237 βούλεταί
2738 2184 2794 2218 σε
2848 2167 3005 2217 αἰτεῖν
3057 2165 3309 2237 ἐπιμόνως
3356 2167 3467 2239 ἅμα
3529 2172 3617 2220 καὶ
3674 2170 3902 2239 θερμῶς,

2288 2260 2377 2307 καὶ
2410 2256 2615 2316 πάντως
2651 2251 2901 2311 δίδωσιν,
2942 2255 2998 2306 Ὀ
3050 2258 3150 2329 γὰρ
3200 2256 3429 2317 αἰτήσας
3466 2261 3555 2307 καὶ
3595 2260 3665 2328 μὴ
3697 2255 3899 2321 λαϐὼν,

2288 2344 2317 2403 ἦ
2368 2342 2587 2405 ἀναξίως
2618 2348 2825 2408 ᾔτησεν,
2861 2344 2890 2401 ἦ
2924 2344 3018 2395 οὐκ
3061 2343 3336 2416 ἐπέμεινεν,
3380 2346 3409 2403 ἢ
3444 2345 3677 2419 χλιαρῶς
3708 2349 3901 2404 ἤτησε.

2290 2438 2374 2484 Δεῖ
2406 2436 2506 2507 γὰρ
2537 2429 2855 2507 συνδραμεῖν
2878 2435 2943 2485 τὰ
2971 2436 3109 2506 τρία.

2359 2521 2377 2539 ¹
2402 2529 2441 2574 H
2476 2527 2554 2583 τίς
2585 2554 2652 2563 -—-
2707 2524 2879 2589 αὐτῶ;
2913 2525 3105 2580 Τίθησι
3136 2522 3287 2574 πάλιν
3338 2522 3586 2597 λογισμὸν
3640 2522 3907 2599 ἀνθρωπί-

2287 2631 2375 2663 νου
2426 2614 2749 2684 πράγματος,
2809 2616 2897 2663 καὶ
2961 2610 3060 2663 ἀπὸ
3108 2609 3537 2684 παραδείγματος
3589 2612 3757 2684 ἐνάγει
3812 2618 3906 2665 τὸν

2289 2702 2550 2773 ἀκροατὴν
2603 2700 2675 2761 εἰς
2725 2704 2782 2752 τὸ
2838 2698 3060 2773 θαρρεῖ),
3114 2706 3231 2773 περὶ
3288 2701 3355 2752 ὧν
3408 2704 3599 2777 εἴρηκε.
3662 2707 3778 2774 Χρὴ
3842 2700 3907 2755 δὲ

2290 2793 2376 2842 τὸν
2430 2788 2689 2852 αἰτοῦντα,
2755 2793 2844 2839 καὶ
2911 2792 3021 2839 υἱὸν
3076 2787 3223 2853 εἶναι,
3286 2795 3377 2841 καί
3424 2791 3582 2843 αἰτεῖν
3640 2792 3768 2864 άπερ
3829 2801 3909 2843 τῶ

2291 2884 2449 2950 πατρὶ
2490 2882 2578 2951 μὲν
2611 2883 2791 2951 πρέπει
2822 2874 3027 2943 δοῦναι,
3059 2886 3131 2929 τῶ
3179 2883 3275 2930 υίώ
3302 2875 3360 2931 δε
3406 2884 3652 2955 συμφέρει
3690 2879 3897 2938 λαϐεῖν,

2367 3047 2425 3100 Εἰ
2456 3078 2518 3088 --
2554 3046 2746 3115 αὐτον;
2783 3050 3041 3120 Πονηροὺς
3089 3047 3278 3111 αὐτους
3309 3045 3463 3113 εἶπεν,
3516 3048 3574 3100 οὐ
3610 3045 3910 3101 διαϐάλλων

2294 3141 2388 3195 τὴν
2421 3136 2746 3211 ἀνθρωπίνην
2794 3140 2969 3209 φύσιν,
3024 3135 3153 3188 ἀλλὰ
3195 3140 3319 3209 πρὸς
3364 3133 3769 3195 ἀντιδιαστολὴν
3810 3147 3911 3199 τῆς

2296 3224 2617 3296 ἁγαθοτητος
2678 3234 2766 3277 τοῦ
2822 3234 2972 3278 Θεοῦ.
3007 3225 3062 3276 ’11
3109 3228 3206 3299 γὰρ
3266 3224 3559 3299 ἀνθρωπίνη
3613 3226 3910 3298 ἀγαθὸτης,

2295 3318 2422 3387 πρὸς
2453 3318 2545 3370 τὴν
2579 3316 2739 3381 θείαν,
2771 3320 2930 3366 κακία
2984 3311 3147 3379 δοκεῖ,
3182 3320 3271 3367 xai.
3326 3322 3573 3367 τοσοῦτον
3621 3314 3810 3387 ἀμφοῖν
3851 3321 3914 3369 τὸ

2297 3400 2569 3474 διάφορον,
2621 3404 2741 3455 ὅσον
2795 3402 3065 3476 ἀνθρώπου
3114 3407 3243 3477 πρὸς
3301 3409 3448 3458 Θεὸν.
3482 3403 3498 3418 ⁷
3531 3411 3644 3477 Ορα
3683 3401 3741 3456 δε
3797 3413 3917 3465 πῶς

2295 3496 2419 3544 ποτε
2449 3494 2537 3563 μὲν
2598 3496 2939 3565 προτρέπεται
3009 3490 3325 3563 ἐργάζεσθαι
3377 3498 3471 3551 τὴν
3529 3492 3726 3566 ἀρετήν,
3781 3498 3915 3546 ποτε

2298 3578 2357 3633 δε
2383 3588 2625 3653 παραινεῖ
2674 3583 2947 3651 εὔχεσθαι.
2988 3588 3086 3633 Καὶ
3124 3590 3210 3631 νῦν
3263 3586 3351 3652 μὲν
3410 3580 3497 3633 ἀπ’
3530 3580 3721 3635 ἐκείνου
3772 3586 3916 3655 πρὸς

2294 3677 2446 3722 τοῦτο
2505 3669 2819 3741 μεταϐαίνει⁸
2899 3677 2985 3719 νῦν
3042 3667 3099 3721 δὴ
3150 3668 3251 3721 ὀιπὸ
3308 3673 3491 3722 τούτου
3566 3674 3691 3745 πρὸς
3743 3670 3912 3724 ἐκεῖνο

2296 3765 2613 3832 μεταχωρεῖ.
2670 3765 2833 3810 Τοῦτο
2878 3754 2937 3809 δε
2972 3766 3129 3824 ποιεῖ,
3191 3755 3483 3826 διδάσκων,
3537 3764 3615 3812 ὅτι
3669 3763 3783 3812 οὔτε
3838 3770 3907 3833 τῇ

2296 3848 2462 3918 οἰκείᾳ
2493 3843 2700 3919 σπουδῇ
2762 3852 3180 3921 προσήκειμονη
3234 3847 3458 3922 θαρρεῖν,
3513 3852 3630 3901 οὔτε
3658 3853 3787 3921 μόνῃ
3840 3859 3909 3923 τῇ

2298 3937 2430 4008 ευχῇ
2466 3936 2639 3999 πάλιν,
2673 3936 2801 3987 αλλὰ
2851 3942 2942 3988 καὶ
3002 3939 3068 3987 τὰ
3114 3938 3236 4011 παρ’
3286 3938 3480 3990 ἑαυτῶν
3530 3943 3911 4011 συνεισφέρειν,

2297 4031 2387 4077 καὶ
2426 4030 2517 4082 τὴν
2566 4027 2755 4077 ἄνωθεν
2803 4024 3161 4077 ἐπικαλεῖσθαι
3220 4024 3487 4097 βοήθειαν.
3541 4026 3619 4079 Δι’
3673 4026 3914 4086 ἀλλήλων

2298 4118 2399 4189 γὰρ
2428 4122 2596 4167 ταῦτα
2627 4114 3051 4188 συμμαχούμενα
3077 4117 3475 4189 κατορθοῦνται.

2376 4296 2550 4348 Πάντα
2608 4325 2671 4335 —-
2730 4293 2925 4356 αὐτοῖς.
3007 4294 3141 4348 Ὀσα
3187 4298 3304 4371 περὶ
3372 4292 3582 4368 ἀγάπης
3636 4296 3917 4371 προλαϐὼν

2302 4385 2661 4456 ἐνομοθέτησε,
2699 4387 2868 4437 πάντα
2924 4392 3010 4436 νυν
3056 4387 3105 4437 ἐν
3159 4396 3229 4437 τώ
3290 4386 3490 4459 βραχεῖ
3541 4390 3706 4459 τούτῳ
3771 4388 3918 4461 λόγῳ

2303 4474 2803 4545 ἀνεκεφαλαιωσατο,
2886 4480 2975 4526 καὶ
3053 4480 3314 4546 συντόμως
3397 4472 3610 4539 ἐδίδαξε
3686 4483 3921 4551 πρᾶγμα

2300 4560 2485 4637 ῥᾴδιόν
2542 4583 2594 4614 τε
2645 4568 2733 4614 καὶ
2778 4560 3131 4629 δικαιότατον,
3195 4566 3368 4629 εἰπὼν,
3421 4570 3498 4617 ὅτι
3556 4568 3747 4629 Πάντα,
3806 4570 3921 4620 ὅσα

2301 4652 2362 4704 ἂν
2424 4652 2617 4717 θέλητε,
2698 4654 2779 4704 ἵνα
2835 4662 3054 4704 ποιῶσιν
3126 4655 3246 4725 υμῖν
3325 4656 3373 4706 οἰ
3442 4656 3731 4727 ἄνθρωποι,
3815 4664 3919 4711 καὶ

2302 4744 2450 4814 ὑμεῖς
2503 4748 2715 4809 ποιεῖτε,
2762 4741 2960 4803 αὐτοῖς.
3031 4743 3183 4795 Οὖτω
3237 4740 3297 4795 δὲ
3346 4744 3524 4805 αὐτοῖς
3576 4753 3738 4797 ταῦτα
3794 4766 3922 4799 ποι-

2304 4838 2421 4901 εἶτε,
2480 4833 2548 4890 ὡς
2616 4830 2779 4883 θελετε
2843 4830 3063 4892 ἐκείνους
3128 4832 3247 4904 (44)
3300 4840 3467 4885 ταῦτα
3546 4842 3709 4887 ποιεῖν
3762 4836 3920 4909 ὑμῖν,

2304 4922 2425 4991 ὅπερ
2469 4919 2658 4971 ταύτόν
2699 4918 2829 4989 ἐστι,
2875 4920 2945 4989 τῷ
2987 4919 3193 4993 ἀγαπᾷν
3242 4925 3327 4974 τὸν
3383 4922 3627 4989 πλησίον,
3674 4926 3737 4984 ὡς
3794 4924 3927 4978 ἐαυ-

2305 5012 2411 5060 τόν.
2446 5010 2533 5062 Διὸ
2556 5012 2647 5061 καὶ
2680 5007 2962 5081 ἐπήγαγεν.

2376 5097 2555 5158 Οὕτως
2600 5128 2670 5139 -—
2721 5106 3003 5173 προφῆται.
3064 5099 3216 5153 Οὕτω
3274 5100 3387 5175 (45)
3439 5098 3785 5176 διαλαμϐανει
3828 5110 3929 5160 καὶ

1769 5372 1991 5443 Varia:
2029 5373 2356 5444 lectiones
2388 5384 2453 5443 et
2482 5384 2693 5446 notae.

648 5613 736 5676 44)
758 5613 1042 5676 κάκείνους.
1080 5623 1137 5669 Α.

648 5546 736 5685 ¹ι3ὲ
764 5542 951 5627 Intell.
982 5562 1096 5599 σου.

648 5620 712 5671 In
758 5620 1042 5676 κακεὶνους.
1080 5623 1096 5669 ἐ

621 5541 736 5762 {iiii
764 5542 951 5627 Intell.
982 5562 1096 5599 σου.

648 5620 712 5671 AM
758 5620 1042 5676 κακεὶνους.
1080 5623 1137 5669 Α.

650 5689 736 5759 45)
768 5688 878 5742 Pro
916 5687 1098 5748 οὕτως.
1138 5687 1279 5745 dedi
1310 5687 1465 5743 οὕτω.
1501 5688 1569 5745 In
1599 5687 1898 5761 plerisque
1914 5688 2095 5745 codd.

2313 5546 2491 5623 etiam
2519 5551 2656 5603 ante
2687 5563 3041 5623 consonam,
3073 5551 3357 5623 reperitur
3387 5553 3568 5617 οὕτως.
3619 5554 3933 5623 Euthymii

2312 5633 2453 5687 ergo
2466 5620 2869 5697 interpretatio
2883 5620 3465 5697 vindicat'lectionem
3475 5641 3678 5697 ,quam
3691 5620 3932 5689 habent

2222 5732 2225 5733 ν
2311 5704 2525 5748 omnes
2541 5692 2712 5764 probi
2727 5692 2984 5750 codices.
3000 5695 3137 5768 Ejus
3150 5700 3351 5755 autem
3364 5692 3689 5756 auctoritas
3708 5715 3780 5758 eo
3793 5717 3939 5761 ma-
