4098 6390
158 352 250 413 265
1125 352 1494 412 COMMENT.
1534 350 1605 408 IN
1642 353 1772 410 MA'l

1896 352 2097 410 EUM.
2146 382 2216 395 -—
2255 352 2409 409 CAP.
2452 352 2570 409 VII.

3422 356 3528 411 266

158 482 181 531 ὁ
212 478 422 539 παλαιὸς
474 480 650 550 νόμος,
703 482 801 532 καὶ
856 480 908 532 οί
958 485 1239 553 προφῆται.
1267 477 1325 531 Ὀ
1346 481 1435 551 μεν
1464 480 1565 553 γὰρ
1603 481 1761 550 νόμος

1890 477 2061 533 ihetaa
2103 475 2521 534 determinant.
2562 476 2672 535 Lex
2731 476 3029 550 siquidem
3070 477 3251 535 dicit:
3301 477 3528 550 Diliges

159 573 329 638 φησίν
379 568 707 637 ’Δγαπήσεις
768 571 861 621 τὸν
921 567 1144 625 πλησὶον
1213 587 1329 633 σου,
1390 568 1455 627 ὡς
1522 570 1756 619 σεᾶυτόν·

158 660 201 709 οἱ
250 666 516 730 προφῆται
574 654 635 709 δέ
670 656 829 709 πάλιν
889 657 1053 709 πολλὰ
1090 662 1207 731 περὶ
1271 652 1607 728 φιλαδελφίας
1658 663 1763 716 τοῖς

158 746 437 807 Ἰουδαίοις
496 752 820 819 παρῄνεσαν.
884 746 1040 800 Ἀλλὰ
1094 751 1181 797 καὶ
1235 748 1366 820 πρὸς
1415 749 1504 797 τὸν
1552 748 1762 817 νομικὸν

159 838 368 909 ὕστερον
399 838 514 906 (46)
551 836 577 887 ό
620 839 877 908 Χριστὸς,
934 834 1350 909 ἐπερωτήσαντα,
1415 838 1541 886 ποία
1594 833 1763 891 ἐντολὴ

161 925 353 997 μεγάλη
414 923 467 975 ἄν
520 933 594 994 τῷ
642 929 805 996 νόμῳ,
842 923 1158 997 ἀποκριθεὶς,
1191 927 1308 995 περί
1337 942 1389 976 τε
1414 932 1503 983 τῆς
1541 924 1609 983 εἰς
1637 926 1764 977 Θεὸν

160 1014 383 1084 ἀγάπης,
416 1018 509 1064 καὶ
547 1018 667 1086 περὶ
705 1021 803 1073 τῆς
828 1013 901 1075 εἰς
947 1016 1033 1065 τὸν
1081 1012 1322 1076 πλησίον,
1370 1010 1632 1083 ἐπήνεγκε,
1686 1016 1766 1064 ὅτι

158 1105 242 1159 Ἐν
295 1106 523 1164 ταύταις
563 1108 676 1162 ταῖς
724 1098 883 1154 δυσὶν
926 1101 1147 1163 ἕντολαῖς
1188 1097 1214 1153 ὅ
1259 1119 1409 1172 νόμος
1452 1100 1562 1162 ὅλος
1600 1100 1690 1154 κοίὶ
1720 1101 1768 1152 οἱ

159 1200 447 1266 προφῆται,
472 1195 784 1263 κρέμανται,
813 1194 1076 1260 τουτέστι,
1098 1199 1196 1242 τῶν
1230 1187 1328 1241 δύο
1357 1192 1550 1242 τούτων
1579 1189 1767 1262 μᾶλλον

162 1279 527 1354 ὶκκρέμανται,
559 1285 679 1353 περὶ
716 1288 815 1333 τῶν
867 1275 965 1331 δύο
1007 1281 1197 1332 τούτων
1253 1274 1597 1352 διαφερόντως
1646 1276 1766 1331 δια-

161 1368 515 1442 λαμϐάνουσι,
557 1372 650 1421 καί
681 1370 1066 1441 προηγούμενον
1116 1370 1310 1420 σκοπὸν
1364 1369 1555 1438 ἔχουσι
1613 1363 1767 1421 διδά-

166 1459 243 1520 ξαι
304 1462 432 1519 τοὺς
497 1455 802 1531 ἀνθρώπους
857 1454 1064 1527 ἀγαπᾷν
1096 1458 1186 1529 μὶν
1242 1459 1329 1508 τὸν
1371 1458 1519 1520 Θεὸν,
1584 1474 1632 1508 εν
1696 1463 1767 1527 τῷ

165 1546 411 1600 εὐσεϐεῖν
438 1544 653 1618 ἆγαπῷν
686 1541 747 1598 δέ
764 1549 856 1598 καὶ
882 1544 1130 1607 ἁλλάλους
1157 1542 1205 1595 ἓν
1225 1552 1296 1616 τῷ
1342 1549 1414 1616 μή
1450 1540 1651 1598 ἀδικεῖν
1682 1549 1767 1597 τὸν

166 1636 391 1689 πλνσίον.

236 1725 391 1777 Ἐστι
423 1720 489 1777 δὲ
520 1727 614 1776 καὶ
651 1722 837 1798 ἑτέρως
888 1721 1064 1790 εἰπεῖν,
1105 1723 1186 1774 ὃτι
1214 1720 1326 1783 ὅλος
1356 1722 1381 1773 ὁ
1432 1725 1585 1795 νόμος
1610 1727 1700 1776 καὶ
1720 1724 1768 1776 οἱ

1870 568 2213 635 proximum
2236 573 2389 622 tuum
2408 567 2557 623 sicut
2578 574 2631 624 te
2656 568 2847 637 ipsum
2877 569 2943 622 ³⁷.
2963 568 3269 638 Prophetas
3286 583 3529 642 quoque

1873 655 2061 709 multa
2089 654 2164 710 de
2192 655 2450 711 fraterno
2480 671 2683 712 amore
2730 656 2966 713 Judasos
3015 657 3306 714 exhortati
3344 664 3526 727 sunt;

1874 742 1979 797 sed
2006 748 2064 798 et
2100 744 2362 799 Christus
2413 745 2475 800 in
2506 745 2894 817 sequentibus
2940 746 3329 816 interroganti
3356 746 3532 818 legis-

1876 832 2086 903 perito,
2107 834 2272 905 quod
2290 839 2444 891 esset
2468 835 2823 891 mandatum
2850 851 3140 905 magnum
3170 838 3228 892 in
3260 836 3531 907 lege,ubi

1875 921 1949 975 de
1972 922 2072 976 Dei
2092 937 2161 977 ac
2179 922 2432 993 proximi
2454 939 2658 979 amore
2679 925 3110 995 respondisset,
3138 924 3401 982 subdidit
3430 942 3441 981 :
3465 927 3532 981 In

1878 1010 1970 1065 his
1998 1008 2209 1065 duobus
2254 1012 2552 1068 mandatis
2590 1014 2856 1069 universa
2909 1015 3008 1071 lea:
3038 1015 3253 1084 pendet
3300 1021 3354 1070 et
3384 1031 3524 1085 pro-

1874 1098 2063 1169 phetas
2087 1102 2132 1134 ³⁸
2160 1099 2276 1155 hoc
2306 1107 2411 1165 est,
2436 1101 2527 1156 his
2556 1101 2791 1158 duobus
2822 1102 3017 1173 magis
3038 1118 3309 1176 appensa
3358 1108 3530 1160 sunt:

1878 1186 2033 1242 circa
2059 1187 2186 1243 base
2216 1189 2337 1244 duo
2365 1191 2557 1260 magis
2584 1192 2813 1263 egregie
2854 1197 3106 1247 tractant
3143 1209 3214 1248 ac
3246 1196 3529 1250 narrant:

1876 1274 1937 1330 id
1964 1290 2074 1346 pro
2104 1293 2282 1349 scopo
2310 1277 2624 1347 habentes,
2665 1284 2727 1335 ut
2756 1280 3030 1337 homines
3064 1280 3320 1339 doceant
3346 1284 3533 1339 Deum

1878 1364 2128 1421 colendo
2158 1382 2384 1433 amare,
2423 1383 2494 1425 ac
2524 1384 2587 1425 se
2617 1369 2895 1441 invicem,
2928 1369 2989 1426 in
3038 1370 3202 1427 nullo
3233 1370 3397 1428 alteri
3430 1386 3535 1427 no-

1878 1452 2092 1512 cendo.

1949 1724 2145 1779 Potest
2171 1737 2413 1795 quoque
2451 1727 2510 1779 et
2538 1723 2653 1781 alio
2705 1724 2889 1782 modo
2950 1723 3084 1791 dici,
3135 1725 3298 1798 quod
3336 1726 3535 1785 omnis

166 1821 425 1885 προφῆται
454 1814 552 1873 τὰς
583 1808 683 1864 δύο
713 1810 918 1872 ἐντολὰς
954 1813 1143 1872 ταύτας
1171 1814 1447 1869 κέκτηνται
1474 1810 1647 1885 ῥίζαν,
1678 1816 1768 1865 καὶ

1890 1814 1967 1867 lex
2006 1826 2077 1867 ac
2118 1811 2428 1883 prophetas
2470 1812 2599 1868 haec
2628 1812 2751 1870 duo
2781 1820 3083 1886 praecepta
3124 1814 3350 1873 habent
3398 1821 3533 1874 tan-

170 1906 358 1966 αἰτίαν,
388 1907 475 1954 καί
502 1900 764 1974 ἀφορμήν.

242 1991 507 2046 Εἱσελθετε
570 2020 642 2030 -
728 1988 916 2051 πύλης.
977 1992 1157 2047 Στενήν
1222 1988 1388 2047 πύλὴν
1450 1987 1614 2053 καλεῖ,
1674 1993 1767 2047 τὴν

170 2083 395 2139 ἄσκησιν
455 2086 558 2131 τῶν
611 2078 824 2152 ἀρετῶνο
884 2075 1050 2134 πύλην
1080 2080 1192 2149 μὲν,
1238 2078 1309 2139 ὡς
1361 2078 1676 2148 εἰσάγουσαν
1703 2078 1768 2140 εἰς

167 2176 255 2227 τάν
287 2170 430 2229 ζωήν
462 2171 554 2225 τὴν
602 2166 828 2218 αἰώνιον·
879 2170 1052 2223 στενὴν
1111 2162 1190 2232 δι,
1223 2167 1294 2227 ὡς
1336 2168 1769 2237 παρασκευάζου-

169 2278 260 2311 σαν
290 2261 410 2317 τούς
442 2256 847 2331 εἰσερχομένους
910 2260 1100 2321 πονεῖν,
1160 2258 1248 2306 καὶ
1298 2249 1500 2328 ἱδροῦν,
1544 2259 1632 2307 καὶ
1663 2256 1769 2307 θλί-

167 2348 367 2409 ϐεσθαι,
424 2350 620 2418 μέχρις
664 2343 725 2395 ἂν
767 2339 1036 2407 διελθωσι,
1092 2346 1180 2395 καὶ
1238 2345 1308 2405 ὡς
1363 2345 1434 2413 μὴ
1485 2348 1769 2417 χωροῦσαν

169 2442 282 2497 τοὺς
338 2441 537 2505 παχεῖς
578 2439 690 2494 ταῖς
735 2432 1033 2504 ἁμαρτίαις,
1094 2428 1186 2484 διὰ
1227 2435 1321 2489 τήν
1372 2430 1659 2489 λεπτότητα
1682 2438 1772 2491 τῆς

170 2523 437 2599 ἀκριϐείας
505 2522 689 2592 αὐτῆς,
735 2522 830 2581 ἕως
886 2520 947 2572 ἂν
1002 2518 1295 2573 ἁπόθωνται
1347 2522 1404 2571 τὸ
1454 2522 1632 2592 πάχος
1681 2527 1773 2580 τῆς

170 2614 451 2687 ἁμαρτίας.

236 2800 356 2843 ’Θτι
388 2821 454 2832 --
490 2788 676 2849 αὐτῆς.
722 2786 881 2840 Πάλιν
912 2786 1147 2858 ὠνόμασε
1184 2785 1349 2843 πύλην
1389 2790 1477 2837 καὶ
1511 2783 1655 2850 ὁδὸν,
1680 2789 1772 2843 τὴν

172 2877 498 2951 ξιλτςδονὶαπν
524 2877 692 2934 πύλην
842 2879 933 2927 καὶ
963 2872 1109 2941 ὁδὸν,
1136 2877 1205 2936 ὡς
1249 2875 1554 2945 ἁπάγουσαν
1586 2874 1653 2934 εἰς
1681 2878 1773 2932 τήν

170 2970 402 3021 κόλασον
439 2969 640 3022 ταύτην
687 2966 791 3037 γάρ
828 2972 915 3016 νῦν
964 2963 1217 3015 ἀπωλειαν
1245 2961 1406 3034 λέγει’
1450 2960 1692 3015 πλατεῖαν
1716 2958 1775 3014 δὲ

174 3064 258 3109 καὶ
324 3057 655 3128 εὐρύχωρον,
716 3056 787 3114 ὡς
832 3049 1036 3125 μηδένα
1086 3055 1237 3105 πόνον
1274 3050 1614 3124 παρέχουσαν
1670 3058 1775 3111 τοῖς

174 3148 561 3221 εἰσερχομένοις
619 3139 905 3207 διἀύτῆς,
959 3137 1138 3194 διὰτὸ
1197 3138 1434 3193 ἁόοιστον
1485 3142 1647 3203 αὐτῆς
1684 3142 1774 3192 καὶ

173 3238 342 3288 ὠνετον
368 3238 463 3286 καὶ
492 3230 920 3304 ἁπαρατήρητον.

238 3414 301 3468 Τί
339 3414 496 3468 στενή
531 3439 597 3448 —
629 3408 787 3469 ζωήν.
832 3409 903 3460 Τὸ
946 3410 1019 3476 τί,
1052 3404 1165 3459 ἀντὶ
1205 3405 1317 3478 (4⁵7)
1348 3412 1441 3459 τοῦ
1490 3407 1645 3461 πάνυ.
1677 3413 1777 3460 Ma

177 3501 377 3571 γαλύνει
405 3502 515 3571 γὰρ
556 3501 651 3555 τὴν
708 3500 991 3554 στενότητα
1020 3499 1107 3548 καί
1145 3498 1206 3548 τὸ
1235 3494 1463 3571 θλιϐερὸν
1486 3496 1615 3555 αὐτῆ
1628 3516 1667 3561 ς,
1695 3497 1778 3548 ἱνα

180 3592 544 3664 προμαθόντες
570 3586 707 3639 αύτὰ
736 3583 1077 3661 διηερθῶμεν
1103 3585 1176 3647 εἰς
1206 3583 1423 3657 ἀγῶνας.
1452 3589 1541 3637 καὶ
1576 3603 1778 3659 παρασ-

178 3681 513 3749 κευασθῶμεν
539 3675 610 3735 εἰς
638 3677 901 3744 ὑπομονὴν
940 3678 1029 3728 καὶ
1053 3678 1326 3747 καρτερίαν
1356 3682 1455 3726 τῶν
1476 3677 1670 3731 πόνων,
1707 3676 1777 3725 Τὸ

177 3772 271 3842 γὰρ
334 3768 770 3841 προεγνωσμένον
831 3768 922 3816 καὶ
987 3758 1477 3837 προσδεδοκημένον
1524 3761 1777 3835 λυπηρὸν,

184 3858 552 3930 εὐχερέστερον
590 3859 679 3905 καὶ
723 3857 1029 3926 κουφότερον
1075 3852 1219 3904 εἴωθε
1256 3854 1622 3925 προσπίπτειν.
1656 3857 1777 3902 Βου-

181 3945 379 4016 hanc;
548 3938 638 3994 οὖν
676 3941 980 4014 ἐναγωνίους
1011 3945 1099 3992 καὶ
1128 3943 1460 4013 καρτερικοὺς
1490 3935 1617 3991 εἶναι
1660 3943 1781 4001 τούς

181 4036 432 4106 μαθητὰς,
492 4027 727 4088 ἐδήλωσε
769 4033 827 4082 τὸ
886 4033 1208 4102 στενόχωρον
1260 4032 1349 4080 καὶ
1398 4023 1661 4081 ἐπώδυνον
1692 4036 1781 4089 τῆς

181 4124 416 4197 εἰρημένη
430 4142 453 4182 ς
483 4115 637 4173 ὁδοῦ.

246 4298 725 4371 Παραμυθοᾶμενος
777 4290 835 4348 δὲ
877 4298 971 4353 την
1022 4292 1246 4347 ἐντεῦθεν
1290 4294 1658 4362 κακοπάθειαν,
1692 4299 1781 4347 καὶ

182 4388 439 4460 κουφίζων
475 4390 532 4437 τό
581 4383 821 4437 ἐπίπονον
846 4382 1028 4450 αὐτῆς,
1070 4378 1302 4450 ἐδίδαξε,
1330 4390 1429 4435 ποῦ
1456 4381 1666 4455 ἀπάγει,
1704 4384 1782 4435 ὅτι

180 4478 244 4539 εἰς
274 4482 368 4534 τὴν
402 4476 572 4539 ζωὴν,
624 4469 835 4531 δηλαδὴ
886 4476 980 4531 τὴν
1009 4471 1232 4525 αἰώνιον·
1270 4472 1371 4538 ἶνα,
1424 4474 1541 4524 ὅταν
1579 4470 1780 4544 βλέπων

1875 1914 2058 1972 quam
2086 1899 2373 1968 radicem,
2396 1916 2647 1957 causam
2668 1905 2724 1957 et
2747 1911 3193 1972 argumentum.

1948 1990 2109 2043 Vers.
2146 1988 2228 2043 13.
2273 1989 2503 2045 Intrate
2539 2019 2609 2030 —
2632 1997 2873 2061 portam.
2922 1992 3253 2063 Angustam
3294 1997 3533 2064 portam

1875 2080 2049 2133 vocat
2113 2075 2400 2131 virtutum
2464 2079 2894 2148 operationem.
2964 2082 3202 2135 Portam
3262 2081 3529 2152 quidem,

1877 2169 2170 2237 tanquam
2198 2164 2278 2220 ad
2320 2168 2506 2221 vitam
2546 2169 2825 2223 aeternam
2877 2167 3351 2225 introducentem
3383 2186 3397 2235 ;
3430 2185 3534 2227 an-

1877 2258 2118 2324 gustam
2148 2268 2306 2319 vero;
2353 2258 2420 2309 ut
2471 2269 2606 2326 quae
2648 2254 3050 2326 ingredientes
3107 2262 3405 2330 praeparet
3455 2259 3534 2315 ad

1876 2341 2117 2398 labores
2179 2356 2249 2397 ac
2306 2340 2659 2398 afﬂictiones
2710 2347 2903 2401 donec
2953 2346 3028 2401 ad
3101 2344 3287 2402 ﬁnem
3331 2361 3535 2418 perve-

1879 2432 2065 2486 niant.
2092 2429 2241 2496 Quia
2272 2430 2423 2486 enim
2451 2436 2615 2487 arcta
2645 2435 2732 2488 est
2776 2432 2855 2488 ob
2882 2448 3055 2489 suam
3081 2433 3527 2505 perfectionem,

1879 2518 2158 2575 dicuntur
2221 2518 2379 2574 illam
2437 2535 2561 2576 non
2630 2536 2811 2593 posse
2872 2520 3121 2591 ingredi,
3186 2521 3288 2594 qui
3344 2523 3533 2579 crassi

1882 2612 2021 2663 sunt
2047 2607 2326 2678 peccatis,
2372 2608 2560 2664 donec
2614 2613 2996 2681 peccatorum
3028 2626 3063 2667 a
3111 2626 3173 2667 se
3224 2611 3532 2683 pinguedi-

1879 2712 2019 2751 nem
2049 2695 2363 2767 expellant.

1956 2787 2111 2840 Vers.
2148 2785 2231 2838 13.
2269 2785 2414 2851 Quia
2455 2816 2525 2827 —-
2564 2800 2714 2844 eam.
2750 2786 3026 2845 Similiter
3068 2788 3227 2844 viam
3287 2804 3356 2845 ac
3403 2804 3537 2860 por-

1882 2877 2005 2930 tam
2050 2873 2375 2929 nominavit
2428 2875 2797 2946 voluptatum
2834 2892 3101 2933 amorem
3156 2882 3444 2950 tanquam
3474 2880 3536 2935 in

1885 2962 2249 3035 supplicium
2280 2961 2717 3019 abducentem:
2752 2964 2813 3020 id
2863 2964 3023 3020 enim
3075 2970 3248 3022 vocat
3273 2966 3371 3021 hic
3410 2983 3538 3039 per-

1884 3050 2189 3106 ditionem.
2252 3052 2455 3106 Latam
2489 3056 2689 3107 autem
2734 3055 2791 3108 et
2837 3054 3185 3124 spatiosam,
3218 3055 3363 3127 quia
3407 3056 3539 3112 nul-

1883 3138 2009 3195 lum
2039 3138 2266 3211 praebet
2288 3138 2556 3195 laborem
2588 3139 3059 3210 ingredientibus
3083 3157 3186 3211 per
3206 3157 3364 3209 eam,
3397 3160 3538 3201 cum

1880 3227 2199 3299 indulgens
2219 3228 2309 3293 sit,
2328 3228 2493 3285 nullo
2515 3228 2726 3285 clausa
2742 3230 3013 3298 termino,
3033 3230 3195 3288 nullo
3221 3231 3539 3291 observata

1882 3317 2150 3375 custode.

1953 3407 2113 3463 Vers.
2167 3408 2247 3462 14.
2306 3406 2493 3473 Quam
2522 3414 2776 3477 angusta
2829 3438 2898 3448 —
2944 3408 3147 3465 vitam.
3207 3411 3298 3475 Τὸ,
3331 3425 3536 3483 quam,

1882 3510 1992 3568 pro
2022 3494 2193 3551 valde
2227 3495 2491 3566 ponitur.
2535 3497 2865 3565 Exaggerat
2894 3497 3055 3552 enim
3082 3497 3426 3569 angustiam
3466 3515 3538 3556 ac

1885 3583 2365 3639 constrictionem
2381 3583 2590 3655 ipsius,
2618 3584 2784 3640 uthis
2810 3586 3106 3656 congnitis
3129 3586 3208 3642 ad
3240 3591 3542 3644 certamen

1885 3672 2232 3737 excitemur,
2250 3677 2306 3729 et
2327 3687 2720 3744 praeparemur
2749 3674 2827 3729 ad
2852 3674 3128 3732 laborum
3162 3674 3544 3735 tolerantiam

1887 3775 1956 3816 ac
2002 3760 2422 3817 constantiam.
2476 3760 2624 3818 Nam
2667 3762 2833 3833 quod
2886 3777 2958 3818 ex
3009 3779 3074 3819 se
3126 3764 3288 3821 triste
3343 3769 3454 3832 est,
3493 3766 3544 3821 si

1886 3848 2316 3922 praecognitum
2348 3848 2517 3905 fuerit
2545 3866 2616 3906 ac
2640 3851 3114 3923 praecogitatum,
3148 3853 3255 3910 ubi
3282 3854 3548 3925 contige-

1887 3939 1979 4004 rit,
2011 3937 2243 3994 facilius
2278 3953 2347 3993 ac
2396 3937 2588 3993 levius
2616 3938 2849 3996 tolerari
2899 3940 3068 3997 solet.
3102 3940 3315 3998 Volens
3344 3942 3546 4016 itaque

1888 4026 2235 4098 discipulos,
2263 4027 2657 4084 certaminum
2677 4028 3034 4100 praevalidas
3058 4030 3185 4085 ﬁeri
3212 4031 3544 4103 praefectos,

1889 4113 2293 4172 manifestavit
2313 4115 2471 4171 viam
2489 4116 2833 4187 praedictam
2854 4132 2982 4173 esse
3002 4123 3324 4191 angustam
3352 4136 3423 4178 ac
3441 4122 3545 4179 do-

1885 4203 2005 4260 lore
2034 4202 2296 4276 plenam.

1960 4292 2219 4365 Cupiens
2242 4297 2451 4350 "autem
2473 4310 2575 4350 eos
2608 4295 2925 4365 consolari,
2969 4295 3047 4352 ob
3077 4311 3213 4353 eam
3240 4313 3376 4370 quas
3407 4297 3548 4357 inde

1890 4381 2158 4454 sequitur
2200 4379 2622 4439 atﬂictionem:
2677 4388 2736 4438 et
2773 4383 3059 4440 allevians
3122 4388 3287 4458 quod
3353 4388 3415 4444 in
3475 4405 3548 4448 ea

1887 4471 2259 4528 laboriosum
2312 4475 2420 4536 est,
2484 4471 2822 4530 manifestat
2849 4488 2972 4546 quo
3047 4476 3236 4544 ducat,
3279 4482 3421 4549 puta
3468 4480 3548 4536 ad

178 4567 238 4627 εἰς
258 4569 378 4625 τούς
412 4569 628 4627 πόνους,
665 4561 909 4633 ἰλιγγιᾷς,
952 4559 1243 4632 ἀποϐλέψας
1272 4560 1339 4621 εἰς
1360 4562 1417 4613 τὸ
1443 4560 1583 4622 τέλος
1613 4561 1772 4613 αὐτῶν

1890 4562 2096 4631 vitam,
2139 4561 2412 4618 videlicet
2469 4565 2770 4629 aeternam,
2829 4568 2892 4620 ut
2948 4564 3094 4621 dum
3132 4540 3296 4622 visis-
3333 4567 3547 4625 labori-

178 4655 528 4726 παροξυνθῇς,
562 4658 679 4712 ταῖς
716 4658 803 4710 τῆς
856 4646 1165 4711 ἀντιδόσεως
1213 4648 1385 4702 ἐλπίσι
1427 4652 1778 4725 νευρούμενος.

179 4744 246 4794 05
299 4745 475 4815 μικρὰ
534 4736 596 4793 δε
637 4744 958 4813 παρηγορία,
1010 4743 1098 4791 καὶ
1180 4741 1238 4790 τὸ
1301 4737 1518 4792 καλέσαι
1585 4742 1780 4798 ταύτην

180 4832 337 4889 πύλην
368 4837 464 4884 καὶ
490 4825 637 4883 ὁδόν.
675 4832 774 4882 Καὶ
818 4828 970 4900 ἄμφω
1009 4830 1110 4903 γὰρ
1150 4823 1562 4902 παροδευόμενὰ,
1603 4833 1693 4883 καὶ
1721 4828 1779 4880 ού

177 4927 379 4994 μόνιμο.

245 5191 287 5227 ³³
320 5189 519 5251 Lavit.
551 5204 665 5260 xix,
702 5187 770 5244 18
846 5186 893 5224 ³⁸
919 5186 1122 5247 Matth.
1167 5201 1308 5254 xxxi,
1337 5184 1426 5254 36,
1456 5184 1546 5242 40.

1886 4649 2001 4704 bus
2055 4644 2338 4716 anxiaris,
2400 4650 2456 4705 in
2503 4650 2677 4707 ﬁnem
2732 4651 2997 4723 ipsorum
3063 4655 3387 4727 respiciens
3450 4674 3550 4714 ex-

1889 4738 2107 4809 citeris,
2208 4739 2433 4795 viribus
2518 4756 2556 4797 a
2642 4757 2748 4813 spe
2816 4743 3213 4800 retributionis
3307 4745 3546 4803 additis.

1887 4831 2092 4900 Neque
2168 4830 2417 4886 minima
2491 4830 2818 4888 consolatio
2884 4836 2995 4900 est,
3064 4849 3275 4891 vocare
3354 4835 3551 4908 ipsam

1887 4922 2129 4992 portam
2158 4934 2228 4976 ac
2258 4919 2420 4976 viam
2454 4934 2467 4975 :
2495 4923 2711 4979 neutra
2755 4921 3051 4994 siquidem
3081 4930 3413 4996 permanet,
3447 4925 3552 4982 sed

1889 5007 2126 5066 transit.

1403 5306 1632 5381 Variae
1671 5309 2000 5378 lectiones
2044 5319 2109 5379 et
2132 5318 2335 5379 notae.

183 5512 270 5584 jor
296 5516 385 5570 est
425 5511 543 5584 hoc
585 5508 764 5584 loco,
791 5508 955 5584 quod
987 5523 1024 5565 a
1053 5506 1468 5584 Chrysostpmo
1499 5506 1791 5584 dissentit,

185 5577 710 5706 οξτςςέηιυξι.
747 5577 1043 5706 ἔὲἓ,
1081 5577 1186 5637 29ῑ
1219 5579 1378 5649 ;Vll,
1403 5595 1464 5653 p.
1497 5580 1625 5638 451.

385 5675 416 5706 ο
498 5674 625 5706 οεστ
667 5673 712 5706 ς.
1009 5692 1022 5706 ο

243 5656 353 5733 (46)
385 5657 416 5711 ὁ
446 5658 712 5731 Χριστός,
750 5650 928 5709 abest
954 5650 1022 5706 Ᾰ.

386 5746 647 5804 Panos.
691 5741 812 5800 Gn.
858 5737 1125 5799 CXXIX.

1899 5507 2012 5580 (47)
2078 5512 2149 5562 Τὸ
2221 5512 2275 5561 τί
2346 5506 2543 5583 possit
2622 5507 2795 5567 etiam
2872 5508 3058 5583 accipi

3142 5525 3255 5586 pro
3337 5514 3422 5582 ὡς,
3488 5517 3555 5579 ὡς

1904 5583 2079 5649 στενή,
2109 5594 2296 5653 quam
2324 5582 2607 5651 angusta.

3233 5743 3272 5801 9
