4098 6386
590 351 691 405 267

660 473 825 529 Vers.
872 476 956 528 14.
1007 474 1087 530 Et
1124 504 1193 514 —
1241 489 1391 531 eam.
1452 473 1539 530 Ibi
1585 472 1833 547 quidem
1887 474 2058 530 multi
2097 474 2246 546 quia
2277 476 2323 529 Α

582 562 851 635 jucunda
907 566 993 618 est
1045 567 1101 619 et
1144 564 1270 619 sine
1313 564 1555 620 labore:
1624 563 1720 619 hic
1779 568 1980 619 autem
2042 566 2241 634 pauci,

589 650 735 723 quia
763 651 1019 707 difﬁcilis
1062 659 1152 709 est
1191 669 1261 710 ac
1310 652 1628 709 laboriosa.
1680 652 1841 709 Scire
1875 656 2074 708 autem
2108 668 2242 707 con-

587 740 765 805 venit,
814 741 980 813 quod
1044 757 1205 797 nunc
1266 748 1579 813 angustam
1637 758 1707 797 ac
1768 740 2030 797 strictam
2082 741 2244 795 viam

588 828 840 885 caelestis
889 830 1020 885 vitae
1091 830 1255 898 dixit,
1296 836 1532 903 propter
1581 831 2010 902 temporariam
2052 830 2241 901 ipsius

590 916 1015 988 aﬂlictionem;
1058 919 1201 975 alibi
1238 935 1381 976 vero
1412 936 1596 976 suave
1638 920 1781 976 dicit
1814 920 2031 990 jugum
2072 934 2242 973 man-

586 1005 869 1063 datorum
912 1023 1180 1078 suorum,
1230 1011 1287 1065 et
1316 1024 1470 1065 onus
1521 1014 1959 1081 praeceptorum
1994 1021 2243 1063 suorum

585 1094 715 1151 leve
757 1097 827 1163 '9,
884 1096 963 1153 ob
1016 1112 1186 1169 spem
1234 1102 1598 1154 aeternorum
1653 1098 1966 1153 bonorum.
2052 1096 2243 1151 Virtus

587 1184 746 1240 enim
790 1184 986 1254 gravis
1035 1185 1283 1257 quidem
1332 1190 1420 1242 est
1492 1194 1736 1259 propter
1798 1186 2066 1243 laborum
2118 1198 2244 1239 mo-

583 1272 837 1338 lestiam,
869 1273 1014 1330 levis
1043 1281 1239 1332 autem
1278 1279 1523 1348 propter
1558 1275 2001 1331 retributionem
2036 1291 2048 1329 :
2112 1287 2242 1328 sen-

586 1377 839 1433 sumque
863 1361 1090 1419 doloris
1129 1364 1360 1435 mitigat
1388 1379 1459 1422 ac
1489 1368 1767 1421 extenuat
1817 1363 1996 1420 futuri
2023 1377 2243 1434 exspe-

588 1450 765 1506 ctatio
792 1451 1019 1521 gaudii.

659 1538 823 1594 Vers.
861 1544 952 1599 l5.
990 1541 1287 1598 Cavete—
1331 1557 1595 1611 rapaces.
1654 1544 1976 1614 Postquam
2027 1540 2101 1597 de
2148 1540 2246 1596 via

589 1625 753 1692 dixit,
798 1627 965 1684 addit
1004 1633 1062 1685 et
1112 1629 1187 1684 de
1228 1629 1321 1685 his
1372 1646 1508 1701 quae
1540 1645 1645 1701 per
1688 1630 1847 1685 viam
1898 1629 1958 1684 in
2012 1629 2244 1685 insidiis

587 1720 894 1787 ponuntur
957 1720 1020 1772 ut
1057 1718 1398 1774 attentiores
1450 1734 1519 1774 ac
1575 1717 1980 1789 vigilantiores
2034 1717 2240 1772 simus.

1908 346 2267 408 EUTHYMII
2304 344 2633 406 ZIGABENI

3851 340 3955 396 268

2434 479 2535 525 Καὶ
2563 504 2622 512 -
2656 470 2835 529 αὐτὴν.
2867 471 3002 524 Ἐκεῖ
3020 472 3109 542 μὶν
3138 468 3341 538 πολλοὶ,
3368 465 3461 521 διὰ
3481 469 3538 519 τό
3569 462 3676 524 ἡδὺ
3712 468 3803 517 καὶ
3828 464 3954 516 ἄπο-

2354 580 2455 615 νον·
2486 562 2705 614 ἐνταῦθα
2730 558 2787 613 δὲ
2818 560 3001 632 ὀλίγοι,
3036 557 3130 613 διὰ
3188 562 3246 611 τό
3297 561 3481 631 πικρόν
3513 561 3602 608 καὶ
3639 554 3949 626 ἐπίμοχθον.

2356 657 2620 726 Προσηκει
2651 646 2709 702 δὲ
2738 656 3033 721 γινώσκειν,
3062 650 3140 701 ὅτι
3168 656 3256 700 νῦν
3288 650 3379 720 μεν
3408 650 3588 705 στενὴν
3612 649 3703 696 καὶ
3752 642 3955 714 τεθλιμ-

2353 746 2507 812 μένην
2533 744 2626 797 τὴν
2656 738 2821 796 πύλην
2850 743 2941 790 καὶ
2978 743 3071 795 τὴν
3102 735 3223 790 ὁδόν
3270 744 3359 797 τῆς
3407 740 3616 787 αἰωνίου
3651 734 3785 794 ζωῆς
3815 735 3953 803 εἰρη-

2352 850 2429 893 κε,
2475 826 2569 881 διὰ
2619 832 2713 886 τὴν
2758 831 3080 901 πύοσκαιρον
3112 826 3274 887 αὐτῆς
3298 826 3667 877 κακοπάθειαν·
3714 817 3952 892 ἀλλοιχοῦ

2354 916 2413 971 δε
2432 921 2673 993 χρηστὸν
2717 917 2849 988 λέγει
2896 921 2982 970 τόν
3023 917 3181 987 ζυγόν
3235 923 3336 967 τῶν
3390 912 3599 966 ἐντολῶν
3656 911 3816 963 αὑτοῦ
3865 914 3953 960 καὶ

2352 1012 2409 1060 τό
2442 1012 2647 1081 φορτίον
2678 1016 2777 1059 τῶν
2832 1005 3194 1079 ἐπιταγμάτων
3239 1005 3397 1056 αὐτοῦ
3442 1002 3677 1075 ἐλαφρόν,
3722 996 3814 1052 διὰ
3860 1003 3952 1055 την

2350 1099 2526 1169 χαρὰν
2584 1092 2678 1157 τῆς
2718 1092 2925 1155 ἰλπίδος
2975 1103 3075 1147 τῶν
3114 1094 3333 1145 αἰωνίων
3394 1091 3629 1164 ἀγαθῶν.
3680 1088 3737 1141 Ἠ
3790 1086 3947 1159 ἁρετὴ

2350 1189 2449 1259 γὰρ
2506 1184 2695 1259 βαρεῖα
2743 1188 2832 1256 μὲν
2885 1184 3015 1248 ἔστι,
3083 1180 3175 1236 διά
3221 1186 3280 1235 τὸ
3336 1183 3561 1253 ἐπαχθὲς
3611 1187 3712 1231 τῶν
3758 1182 3948 1229 πόνων·

2352 1275 2544 1348 ἑλαφρὰ
2574 1270 2651 1339 δὲ,
2684 1270 2777 1326 διὰ
2818 1278 2912 1331 τὴν
2960 1269 3251 1339 ἀντίδοσιν,
3299 1276 3388 1323 καὶ
3435 1274 3530 1328 τὴν
3577 1269 3831 1325 αἴσθησιν
3861 1273 3953 1325 τῆς

2354 1360 2677 1437 δριμύτητος
2705 1363 2920 1435 πραΰνει
2944 1366 3034 1415 καὶ
3063 1361 3249 1414 λεαίνει
3286 1362 3316 1419 ἡ
3363 1355 3663 1434 προσδοκία
3702 1364 3796 1418 τῆς
3837 1354 3953 1428 μελ-

2352 1451 2551 1513 λούσης
2577 1458 2771 1528 χαρᾶς.

2427 1546 2722 1616 Προσέχετε
2786 1572 2852 1583 -—
2918 1542 3165 1615 ἅρπαγες.
3232 1539 3402 1593 Εἰπὼν
3462 1542 3580 1612 περὶ
3638 1545 3731 1598 τῆς
3797 1531 3949 1597 ὁδοῦ,

2352 1632 2676 1703 προστίθησι
2702 1634 2790 1681 καὶ
2815 1634 2932 1702 περὶ
2956 1637 3053 1681 τῶν
3080 1628 3508 1680 ἐπιϐουλευόντων
3526 1629 3658 1678 κατὰ
3677 1629 3771 1682 τὴν
3801 1620 3953 1690 ὁδόν,

2354 1719 2437 1771 ἳνα
2501 1724 2970 1791 προσεκτικὼτεροι
3049 1724 3137 1771 καὶ
3206 1717 3577 1789 νηφαλεωτεροι
3634 1711 3785 1787 ὦμεν·
3845 1712 3953 1763 ἀλλ’

590 1806 656 1860 Ει
702 1805 762 1860 in
788 1806 1259 1876 praecedentibus
1288 1807 1555 1880 quidem,
1596 1808 1672 1863 de
1702 1807 1954 1864 canibus
1991 1823 2062 1863 ac
2118 1822 2245 1878 por-

2358 1808 2525 1860 ὀπίσω
2577 1809 2667 1878 μεν
2716 1811 2833 1879 περὶ
2893 1815 3057 1858 κυνῶν
3096 1810 3185 1859 καὶ
3214 1810 3411 1879 χοίρων
3443 1801 3700 1866 ἐδίδαξεν·
3730 1801 3955 1854 ἐνταῦθα

588 1893 672 1948 cis
723 1894 927 1951 docuit
960 1910 973 1961 ;
1005 1894 1101 1951 hic
1151 1911 1293 1952 vero
1340 1895 1505 1953 aliud
1568 1912 1810 1968 quoque
1854 1912 2043 1967 genus
2094 1895 2246 1968 peri-

588 1982 847 2040 culosius
892 1983 1141 2049 inducit,
1198 1986 1484 2057 luporum
1550 1984 1825 2041 videlicet
1875 1985 2053 2042 ovina
2093 1983 2245 2055 pelle

587 2075 982 2128 contectorum
1015 2092 1028 2131 :
1059 2073 1204 2144 quia
1232 2073 1315 2128 illi
1357 2077 1512 2130 certe
1566 2073 1891 2142 manifesti,
1951 2073 2009 2129 hi
2043 2078 2246 2131 autem

592 2160 925 2217 absconditi
954 2165 1087 2216 sunt
1113 2164 1171 2217 et
1203 2160 1436 2217 occulti.

664 2249 876 2304 Dicunt
896 2264 1037 2320 ergo
1064 2249 1309 2321 quidam
1333 2249 1445 2305 hos
1474 2265 1601 2305 esse
1632 2249 1978 2321 prodigiosa
2009 2254 2065 2307 et
2095 2250 2248 2307 falsa

591 2337 923 2408 loquentes,
977 2352 1048 2393 ac
1102 2336 1379 2393 homines
1428 2337 1724 2409 quosdam
1780 2338 1905 2394 sine
1957 2339 2098 2406 Deo,
2145 2345 2249 2410 qui

592 2425 859 2482 fallendo
903 2425 1211 2497 plurimos,
1254 2426 1693 2495 obambulant;
1727 2427 2065 2499 nuncupari
2106 2442 2250 2483 vero

594 2514 779 2572 falsos
820 2514 1161 2585 prophetas,
1196 2520 1397 2585 utpote
1448 2515 1648 2571 futura
1692 2515 2137 2571 subindicantes
2178 2532 2247 2572 ac

594 2602 984 2675 praedicentes
1009 2620 1022 2669 ;
1056 2603 1251 2659 venire
1282 2608 1484 2659 autem
1533 2603 1595 2658 in
1625 2604 1989 2659 vestimentis
2019 2606 2245 2670 ovium,

595 2696 885 2763 tanquam
937 2692 1000 2747 in
1029 2692 1225 2763 ﬁgura
1272 2692 1654 2749 rationalium
1696 2693 1923 2761 ovium,
1969 2710 2101 2765 quae
2134 2693 2246 2749 sub

596 2780 826 2836 Christo
877 2785 1113 2851 pastore
1156 2781 1525 2853 procedunt;
1576 2798 1707 2838 esse
1752 2799 1894 2839 vero
1938 2784 2115 2856 lupos
2156 2800 2246 2840 ra-

594 2885 800 2943 paces,
840 2870 957 2925 hoc
988 2874 1093 2937 est,
1125 2869 1301 2925 tacite
1341 2874 1396 2925 et
1420 2871 1689 2927 clanculo
1720 2871 2087 2943 simplicium
2126 2872 2249 2929 ani-

596 2974 729 3015 mas
765 2956 1052 3023 fallentes,
1087 2962 1145 3013 et
1168 2958 1229 3013 in
1260 2958 1652 3029 perditionem
1685 2959 2105 3031 subripientes.

667 3047 1123 3119 Chrysostomus
1138 3052 1339 3103 autem
1367 3048 1480 3104 hoc
1509 3048 1651 3103 dicit
1687 3063 1819 3105 esse
1860 3049 2246 3115 Christianos,

2357 1894 2416 1950 δε
2455 1897 2622 1968 ἕτερον
2654 1892 2795 1956 εἶδος
2824 1896 3185 1969 χαλεπώτερον
3229 1896 3446 1967 εἰσάγει,
3496 1897 3554 1946 τό
3604 1901 3708 1945 τῶν
3760 1892 3951 1955 λύκων,

2354 1994 2454 2039 τῶν
2486 1984 2966 2057 έπικεκαλυμμένων
3004 1993 3115 2045 ταῖς
3145 1993 3243 2037 τῶν
3292 1984 3565 2058 προϐάτων
3593 1979 3794 2055 δοραῖς·
3829 1982 3954 2033 ὅσον

2357 2080 2538 2129 ἐκεῖνοι
2566 2078 2677 2147 μὲν,
2704 2080 2913 2150 φανεροί
2944 2075 3094 2141 εἰσιν,
3125 2074 3268 2127 οὗτοι
3300 2071 3359 2127 δε
3396 2077 3619 2147 κρυπτοὶ
3647 2077 3737 2125 καὶ
3765 2070 3955 2123 λανθά-

2356 2183 2519 2225 νοντες
2530 2196 2542 2204 ο

2429 2256 2563 2307 Φασὶ
2595 2250 2654 2305 δέ
2681 2271 2831 2318 τινες,
2867 2256 3082 2313 τούτους
3113 2250 3241 2305 εἶναι
3268 2252 3638 2326 τερατολόγους
3654 2256 3743 2304 καὶ
3771 2250 3957 2311 ἀθέους

2356 2344 2494 2401 τινὰς
2520 2339 2837 2414 ἀνθρώπους,
2865 2344 3157 2415 περιιόντας
3182 2345 3268 2393 καὶ
3289 2340 3685 2401 ἁποπλανῶντας
3710 2340 3952 2403 πολλούς·

2359 2428 2714 2500 ὀνομασθῆναι
2738 2426 2796 2481 δε
2825 2426 3262 2504 ψευδοπροφήτας
3283 2434 3394 2501 μὲν,
3422 2432 3489 2491 ὡς
3520 2432 3957 2503 ὑποκρινομένους

2358 2523 2446 2570 καὶ
2473 2518 2736 2592 προλέγειν
2776 2521 2841 2570 τὰ
2886 2518 3148 2590 μέλλοντα·
3176 2518 3489 2591 ἐρχομένους
3523 2515 3579 2571 δὲ
3619 2518 3666 2570 ἐν
3692 2516 3958 2590 ἐνδύμασι

2356 2606 2648 2679 προϐάτων,
2709 2610 2796 2671 ὡς,
2840 2606 2888 2658 ἐν
2931 2612 3177 2679 σχήματι
3228 2606 3499 2681 προϐάτων
3551 2607 3788 2678 λογικῶν,
3845 2616 3961 2667 ταῖς

2354 2700 2446 2748 τοῦ
2510 2702 2744 2768 Χριστοῦ
2796 2700 3038 2767 ποίμναις
3102 2701 3575 2770 προσερχομένους⁹
3643 2696 3828 2759 λύκους
3904 2694 3961 2749 δε

2357 2786 2614 2857 ἅρπαγας,
2668 2788 2731 2845 ὡς
2784 2786 2952 2857 ἠρέμα
3002 2790 3091 2838 καὶ
3152 2786 3435 2848 λεληθότως
3487 2788 3579 2848 τὰς
3626 2785 3809 2857 ψυχὰς
3858 2796 3961 2837 τῶν

2358 2875 2719 2948 ἁπλουστέρων
2747 2874 3129 2941 ἐξαπατῶντας,
3157 2880 3246 2927 καὶ
3273 2877 3674 2948 ὑφαρπάζοντας
3711 2876 3778 2935 εἰς
3818 2875 3961 2928 ἀπῶ-

2357 2965 2515 3018 λειαν.

2428 3052 2487 3103 Ὀ
2542 3049 2601 3104 δε
2646 3056 3023 3124 Χρυσόστομος
3082 3050 3193 3122 (48)
3242 3055 3460 3113 τούτους
3513 3051 3647 3123 λέγει
3698 3059 3959 3125 Χριστια-

592 3136 776 3191 vitam
802 3134 1046 3206 quidem
1072 3134 1360 3192 habentes
1389 3136 1667 3193 nocivam
1697 3154 1767 3195 ac
1825 3138 2245 3210 perniciosam,

2359 3144 2496 3205 νοὺς,
2527 3140 2644 3211 βίον
2684 3144 2772 3212 μὶν
2826 3143 3046 3211 ἔχοντας
3099 3143 3319 3213 πονηρόν
3374 3146 3465 3193 καὶ
3514 3140 3789 3213 βλαϐερόν,
3832 3143 3961 3195 ὐπο-

595 3224 945 3279 simulantes
971 3228 1174 3280 autem
1199 3224 1531 3281 bonitatem
1562 3242 1633 3282 ac
1662 3228 1958 3298 pietatem,
1987 3243 2250 3299 quorum

594 3312 893 3384 colloquia
945 3318 1341 3385 corrumpunt
1386 3330 1585 3370 mores
1631 3314 1846 3371 bonos.
1896 3315 2250 3387 Exprimens

592 3402 796 3473 itaque
828 3401 1085 3457 Christus
1128 3400 1526 3459 differentiam
1575 3417 1612 3458 a
1657 3403 1958 3475 praedictis
1999 3404 2250 3459 canibus

594 3506 666 3548 ac
696 3491 913 3561 porcis,
950 3489 1127 3560 jussit
1180 3488 1299 3545 illis
1351 3490 1600 3562 quidem
1656 3492 1910 3563 mystica
1964 3493 2251 3563 dogmata

592 3594 720 3635 non
757 3578 1136 3643 concredere,
1195 3578 1270 3634 ab
1298 3579 1392 3634 his
1437 3584 1638 3637 autem
1688 3596 1897 3637 cavere
1952 3597 2028 3638 ne
2054 3582 2248 3654 perni-

595 3667 747 3723 ciem
814 3667 1079 3737 ipsorum
1172 3668 1597 3738 participemus,
1670 3674 1961 3742 tanquam
2013 3687 2051 3727 a
2110 3670 2249 3728 feris

594 3755 926 3812 venenatis.
990 3758 1071 3812 Ne
1148 3756 1461 3813 turbentur
1514 3763 1716 3815 autem
1788 3761 2113 3827 auditores,
2177 3776 2247 3817 eo

596 3844 757 3916 quod
798 3859 915 3901 non
962 3844 1129 3901 facile
1180 3850 1612 3915 cognoscantur
1661 3848 2008 3919 hujusmodi
2057 3848 2249 3907 homi-

592 3948 721 3999 nes,
776 3932 949 3990 docet
1000 3933 1180 3990 etiam
1236 3949 1360 4007 quo
1423 3938 1602 4007 pacto
1653 3937 1815 4009 ipsos
1860 3943 2243 4010 cognoscant,

593 4021 800 4078 dicens
827 4044 840 4077 :

664 4120 822 4177 Vers.
866 4122 951 4177 16.
984 4122 1032 4176 Α
1055 4121 1352 4191 fructibus
1384 4153 1452 4165 —
1480 4138 1592 4180 eos.
1628 4125 2005 4195 Quanquam,
2034 4124 2244 4198 inquit,

588 4209 771 4266 latere
828 4209 1162 4277 videantur,
1228 4216 1493 4267 attamen
1548 4212 1717 4269 facile
1776 4219 2119 4285 arguentur.
2169 4217 2250 4271 Ea

588 4298 751 4353 enim
773 4298 871 4353 via
918 4314 1034 4370 qua
1072 4315 1237 4355 meos
1268 4299 1588 4372 discipulos
1632 4301 1905 4357 incedere
1942 4302 2113 4373 jussi,
2167 4303 2250 4359 la-

588 4384 827 4443 boriosa
873 4393 960 4443 est
1002 4403 1074 4444 ac
1111 4388 1387 4457 difﬁcilis,
1447 4405 1556 4445 nec
1615 4394 1869 4461 possunt
1914 4391 2248 4463 hypocrita:

590 4489 692 4545 per
722 4490 857 4531 eam
886 4476 1181 4533 incedere.
1215 4478 1738 4543 Quemadmodum
1780 4479 1940 4535 enim
1974 4480 2137 4537 bona
2178 4495 2249 4536 ac

590 4578 883 4633 generosa
903 4564 1102 4631 arbor,
1134 4580 1256 4621 non
1287 4582 1323 4622 a
1380 4565 1654 4636 ﬂoribus,
1694 4567 1795 4623 sed
1840 4584 1876 4624 a
1923 4567 2118 4625 fructu
2148 4584 2246 4624 co-

590 4651 895 4723 gnoscitur
928 4668 940 4707 :
972 4654 1055 4709 ita
1080 4670 1221 4710 sane
1252 4659 1308 4711 et
1344 4654 1455 4711 hos
1486 4672 1607 4711 non
1641 4672 1677 4711 a
1709 4657 2106 4725 sermonibus,
2141 4658 2247 4714 sed

590 4739 669 4797 ab
707 4741 993 4813 operibus
1044 4759 1253 4799 eorum
1294 4758 1758 4813 cognoscemus.
1802 4748 1881 4801 De
1928 4746 2152 4817 quibus
2191 4752 2249 4804 et

594 4829 817 4887 Paulus
842 4832 1156 4903 apostolus
1205 4834 1366 4905 dixit,
1417 4834 1570 4906 quod
1610 4850 1717 4906 per
1771 4834 1977 4890 dulces
2024 4852 2246 4893 sermo-

589 4933 696 4977 nes
726 4918 1036 4993 decipiunt
1080 4921 1258 4979 corda
1296 4921 1662 4996 simplicium
1718 4925 1784 4979 ⁸ο.
1819 4924 2038 4982 Deinde
2075 4924 2247 4997 ponit

661 5099 708 5134 ³ο
739 5098 935 5157 Matth.
960 5114 1041 5165 xi,
1070 5101 1159 5155 30.
1238 5100 1286 5136 ιο
1316 5098 1485 5156 Rom.
1510 5115 1621 5168 xv1,
1657 5100 1747 5157 18.

2280 4534 2327 4589 D

2361 3233 2688 3305 κρινομένους
2733 3226 2791 3281 δε
2836 3228 3056 3281 ἀκακίαν
3103 3234 3192 3281 καὶ
3235 3228 3522 3297 εὐλάϐειαν,
3577 3231 3645 3281 ὧν
3676 3233 3730 3282 αἱ
3756 3232 3963 3303 ὁμιλίαι

2362 3322 2659 3394 φθείρουσιν
2686 3320 2788 3376 ἤθη
2815 3320 3056 3392 χρηστά.
3081 3317 3369 3390 Ἐμφαίνων
3394 3316 3451 3371 δὲ
3472 3323 3529 3371 τό
3556 3316 3808 3394 διάφορον
3839 3325 3960 3373 τού.

2358 3428 2459 3460 των
2487 3428 2539 3460 τε
2567 3412 2655 3460 καὶ
2675 3404 2771 3459 τῶν
2802 3411 3183 3481 προειρημένων
3214 3416 3377 3459 κυνῶν
3400 3413 3487 3461 καὶ
3508 3412 3707 3482 χοίρών
3735 3412 3760 3461 ὁ
3790 3418 3964 3485 Χρισ-

2358 3502 2462 3563 τός,
2499 3496 2709 3558 ἐκείνοις
2748 3500 2857 3569 μὲν,
2914 3502 2985 3570 μὴ
3026 3500 3426 3551 καταπιστεύειν
3456 3501 3691 3571 μυστικὰ
3713 3496 3966 3573 δόγματα

2356 3587 2687 3660 προσέταξεν·
2719 3585 2819 3638 ἀπό
2858 3588 3048 3638 τούτων
3089 3583 3148 3639 δε
3185 3592 3488 3661 προσέχειν,
3530 3590 3662 3641 ὥστε
3705 3594 3777 3661 μὴ
3806 3610 3965 3662 μετα-

2357 3675 2529 3728 λαϐεῖν
2563 3675 2751 3747 λύμης,
2775 3678 2844 3737 ὡς
2870 3674 2970 3727 ἀπὸ
3002 3677 3193 3749 θηρίων
3220 3675 3449 3734 ἰοϐόλων.
3475 3676 3586 3730 Ἰνα
3617 3673 3676 3730 δε
3697 3683 3769 3750 μὴ
3799 3680 3965 3751 θορυ-

2359 3766 2591 3824 ϐηθῶσιν
2618 3767 2665 3817 οἰ
2719 3764 2971 3839 ἀκροαταὶ
3030 3762 3125 3817 διὰ
3153 3770 3208 3819 τό
3241 3762 3679 3838 δυσδιάγνωστον
3727 3776 3828 3819 τῶν
3879 3768 3968 3821 ἁν-

2360 3858 2598 3929 θρωπων,
2674 3851 2923 3907 διδάσκει
2982 3859 3073 3907 καὶ
3135 3863 3245 3917 πῶς
3304 3855 3492 3918 αύτούς
3557 3855 3965 3929 ἕπιγνώσονται,

2357 3944 2513 4016 λέγων
2522 3964 2533 3977 ·

2432 4121 2562 4176 Ἀπὸ
2622 4129 2719 4173 τῶν
2774 4130 2984 4195 καρπῶν
3035 4152 3103 4163 —-
3163 4121 3371 4185 αὐτούς.
3442 4126 3502 4179 Εἰ
3557 4130 3647 4177 καὶ
3714 4122 3964 4194 δοκοῦσι,

2360 4215 2509 4283 φησὶ,
2571 4213 2852 4277 λανθάνειν,
2924 4210 3028 4263 ἀλλ’
3092 4213 3225 4284 ὅμως
3290 4210 3485 4286 ρᾳδίως
3523 4212 3964 4287 ἰλεγχθήσονται.

2358 4302 2585 4356 Τοιαύτη
2612 4300 2713 4370 γὰρ
2815 4295 2959 4365 ὁδὸς,
2991 4301 3051 4358 ἦν
3096 4298 3337 4353 ἐκέλευσα
3380 4297 3624 4374 βαδίζειν
3662 4306 3785 4365 τοὺς
3813 4299 3971 4375 ἐμούς

2359 4390 2611 4461 μαθητὰς,
2655 4386 2893 4448 ἐπίπονος
2948 4394 3037 4441 καὶ
3083 4386 3462 4463 δυσπρόσιτος,
3495 4393 3562 4454 ὡς
3590 4397 3662 4464 μὴ
3695 4389 3973 4452 δύνασθαι

2358 4480 2476 4538 τοὺς
2524 4479 2809 4551 ὑποκριτὰς
2860 4474 3105 4550 βαδίζειν
3154 4475 3227 4531 δι’
3282 4489 3461 4543 αυτῆς·
3513 4488 3691 4556 Ωσπερ
3746 4485 3850 4557 γὰρ
3906 4489 3971 4538 τὸ

2360 4566 2554 4638 ἀγαθὸν
2598 4562 2834 4641 δένδρον,
2865 4568 3050 4635 εἵτουν,
3110 4570 3168 4619 τὸ
3209 4568 3422 4642 εὐγενὲς,
3474 4570 3568 4623 οὐκ
3626 4569 3680 4622 ἐκ
3738 4581 3841 4625 τῶν
3874 4571 3973 4625 ἁν-

2360 4658 2503 4721 θέων,
2550 4654 2657 4707 ἀλλ’
2718 4654 2818 4707 ἀπὸ
2866 4664 2965 4707 τῶν
3018 4666 3227 4729 καρπῶν
3278 4659 3612 4733 γνωρίζεταυ
3656 4661 3818 4721 οὕτως
3858 4664 3978 4735 ἄρα

2356 4752 2446 4799 καὶ
2486 4748 2722 4812 τούτους,
2780 4745 2872 4797 ούκ
2910 4743 2964 4796 ἐκ
3024 4754 3123 4798 τῶν
3175 4746 3359 4818 λόγων,
3417 4748 3525 4801 ἀλλ’
3559 4747 3659 4802 ἀπὸ
3699 4760 3798 4802 τῶν
3844 4752 3973 4824 (49)

2357 4838 2518 4909 ἔργων
2561 4834 2955 4909 πίιγνωσόμεθα
2992 4835 3125 4908 (50).
3183 4842 3308 4911 Περὶ
3348 4836 3415 4889 ὧν
3476 4844 3565 4892 καὶ
3613 4841 3638 4892 ὀ
3666 4841 3977 4904 ἀπόστολος

2357 4924 2558 4988 Παῦλος
2614 4924 2799 4998 ἱλςγεν,
2844 4926 2921 4978 ὅτι
2978 4932 3041 4999 τῇ
3109 4925 3476 5001 χρηστολογίᾳ
3502 4929 3622 5002 (51)
3656 4928 3979 4993 ἐξαπατῶσι

1832 5224 2055 5295 Variae
2093 5227 2416 5298 lectiones
2449 5236 2736 5300 etnotae.

661 5418 771 5494 (€18).
796 5417 960 5494 Tom-
999 5417 1112 5494 VH.
1142 5436 1202 5494 p-
1235 5418 1361 5494 293-

660 5489 773 5555 (49)
806 5492 987 5568 Etiam
1038 5489 1488 5568 hicjlegebatur
1533 5501 1766 5568 καρπῶν.
1799 5494 2093 5567 Rescripsi
2140 5511 2253 5568 ego

591 5554 772 5626 ἔργων,
807 5559 882 5611 uti
912 5554 1443 5619 lleuteniusvetiam
1474 5554 1676 5622 habet.

664 5625 774 5697 (50)
804 5632 1109 5700 γνωσόμεθα
1134 5638 1197 5688 Α.

2436 5428 2548 5510 (_5l)_
2576 5427 2945 5510 Euthymiu‘s.
2962 5432 3424 5510 e_1380,1_1_t_multis
3449 5435 3738 5510 exemplis
3760 5435 3985 5499 doceri

2360 5506 2698 5571 potest,non
2716 5499 2788 5554 ex
2817 5499 3559 5562 codicibuSNTestamenti
3578 5499 3690 5564 ista
3722 5512 3987 5569 Littera-

2362 5585 2499 5656 rum
2528 5586 2833 5656 sacrarum
2861 5571 3341 5656 localaudat,sed
3358 5579 3753 5656 excodicibus
3780 5582 3987 5656 Qhry-

2364 5642 2636 5698 sostomi.
2667 5642 2750 5699 Ita
2780 5643 2939 5699 enim
2960 5642 3258 5717 Chrysost.
3292 5651 3332 5705 t.
3377 5648 3493 5721 VII,
3534 5665 3599 5722 p.
3637 5652 3764 5710 293.
3798 5642 3984 5715 [dein
