4098 6396
167 418 250 477 269

169 550 241 607 τὰς
286 543 509 622 καρδίας
538 554 642 599 τῶν
680 545 918 604 ἀκάκων.
962 546 1091 605 Εἶτα
1131 553 1314 608 τίθησι
1346 553 1436 601 καὶ
1482 549 1755 622 λογισμὸν,
1788 552 1835 605 Α

308 632 767 709 παραδείγματος,
824 638 898 699 εἰς
973 638 1342 713 εὖχερεστέραν
1398 638 1564 691 αὐτῶν
1640 635 1758 690 διοί-

166 745 353 796 γνωσιν.

228 820 303 871 Mi:
335 833 389 864 τι
420 842 491 854 --
535 816 724 881 σύκα;
772 820 859 873 Μή
922 834 993 882 τι,
1041 813 1156 868 ἀντὶ
1194 822 1305 869 τοῦ.
1355 814 1514 890 Ἀρα,
1570 814 1758 891 ἐρωτη-

168 910 399 974 ματικῶς.
436 906 591 973 Λέγει
643 905 768 976 γὰρ,
803 905 885 956 ὅτι
912 902 1049 977 Ἀρα
1102 912 1365 976 τρυγῶσιν
1419 904 1469 956 οἰ
1499 905 1763 977 ἄνθρωποι

169 991 257 1043 ἀπὸ
284 992 523 1043 ἀκανθῶν
556 992 826 1064 σταφυλήν
855 1010 869 1060 ;
902 997 993 1045 καὶ
1020 994 1087 1045 τὰ
1138 992 1273 1055 ἑξῆς.
1311 989 1468 1055 Εἶδος
1499 989 1559 1046 δὲ
1607 994 1762 1044 άκάν-

170 1083 253 1142 Θης
280 1086 389 1132 ἐστὶ
413 1084 509 1133 καὶ
536 1081 654 1152 (52)
694 1083 725 1139 ἡ
760 1080 1013 1155 τρίϐολος.

230 1170 406 1229 Οὕτως
439 1199 511 1211 -
562 1177 725 1223 ποιεῖ.
773 1170 1076 1245 Ἐρωτήσας
1124 1174 1346 1244 πρᾶγμα
1385 1171 1530 1243 παρὰ
1586 1172 1762 1242 φύσιν,

166 1263 246 1309 καὶ
289 1255 382 1310 διὰ
421 1266 582 1312 τοῦτο
641 1255 921 1326 ἀδύνατον,
982 1258 1180 1331 ἐπάγει.
1243 1260 1324 1311 ὅτι
1376 1260 1548 1333 ὥσπερ
1608 1258 1766 1311 ἐκεῖνο

166 1349 391 1418 γενέσθαι
442 1347 541 1399 οὐκ
580 1344 875 1419 ἐνδέχεται,
909 1344 1003 1401 διὰ
1048 1350 1107 1400 τὸ
1156 1346 1285 1400 εἶναι
1332 1349 1421 1407 τὰς
1473 1350 1564 1419 μὲν
1606 1345 1766 1398 ἀκάν-

173 1439 250 1495 θας
302 1440 393 1487 καὶ
439 1435 713 1509 τριϐόλους
764 1438 993 1511 σαπρᾶς,
1053 1438 1079 1489 6
1122 1435 1283 1504 ἐστιν,
1335 1434 1640 1510 ἀχρήστους
1697 1435 1768 1497 εἰς

168 1530 519 1599 ιαρποφορίαν
551 1521 835 1596 ἐδώδιμον⁸
867 1530 963 1583 τὴν
996 1523 1053 1577 δὲ
1107 1524 1372 1597 σταφυλὴν
1401 1544 1491 1576 και
1519 1526 1587 1576 τὰ
1630 1526 1769 1576 σύκα

171 1618 282 1686 πρὸς
330 1612 543 1686 βρῶσιν
602 1610 901 1671 ἐπιτήδεια’
947 1613 1081 1665 οὕτω
1137 1613 1250 1685 (53)
1290 1617 1380 1665 καὶ
1411 1619 1518 1665 Πᾶν
1551 1609 1767 1686 δένδρον

170 1700 371 1772 ἀγαθον,
405 1704 646 1775 καρποὺς
693 1701 885 1763 καλοὺς
930 1708 1085 1769 ποιεῖ,
1136 1707 1225 1754 καὶ
1270 1704 1337 1753 τὰ
1384 1701 1521 1764 ἑξῆς.
1564 1703 1765 1773 Σαπρὸν

168 1794 261 1865 γὰρ
300 1791 504 1862 λέγεται
545 1790 606 1842 οὐ
663 1795 817 1861 μόνον
868 1794 925 1843 τὸ
989 1794 1329 1863 σεσημμένον,
1389 1788 1517 1842 ἀλλὰ
1571 1794 1661 1843 καὶ
1709 1793 1767 1842 τὸ

171 1882 453 1951 ἄχρηστον.
498 1883 658 1952 Λέγει
705 1875 764 1932 δὲ
793 1886 881 1931 νῦν
924 1876 1119 1952 δένδρα
1150 1881 1348 1951 σαπρὰ,
1381 1883 1503 1941 τοὺς
1528 1897 1770 1951 προειρη-
1796 1912 1837 1966 Β

172 1972 342 2030 μένους
369 1970 683 2041 ὑποκριτὰς,
709 1969 777 2020 ὧν
822 1971 872 2020 οἰ
909 1973 1120 2040 καρποὶ,
1153 1971 1445 2037 τουτέστιν,
1474 1969 1529 2020 αἱ
1560 1965 1771 2042 πράξεις

168 2056 300 2118 ἄξιαι
324 2066 424 2119 τῆς
455 2057 627 2110 αὐτῶν
658 2061 903 2131 σαπρίας.

1156 416 1521 481 COMMENT.
1562 416 1635 479 IN
1674 416 2104 480 MATTHEUM.
2140 451 2210 463 —
2240 420 2398 479 CAP.
2437 420 2567 479 VII.

3409 424 3515 481 270

1868 546 2046 605 etiam
2075 546 2622 605 considerationem
2647 546 2726 605 ab
2777 544 3070 621 exemplo,
3111 548 3176 606 ut
3197 546 3262 606 hi
3286 546 3519 607 facilius

1868 636 2319 708 dignoscantur.

1940 813 2103 870 Vers.
2127 814 2198 872 16
2226 814 2526 886 Numquid
2554 844 2621 857 -
2645 815 2790 887 ﬁcus
2814 813 2845 871 τ
2872 819 2958 875 Μή
3000 834 3072 884 τι,
3103 816 3426 890 numquid,
3457 816 3523 874 id

1869 904 1976 968 est,
2010 905 2231 968 utrum,
2264 903 2450 960 modo
2472 904 2916 975 interrogativo.
2937 904 3083 962 Dicit
3102 920 3244 976 ergo
3275 925 3288 965 :
3314 908 3522 962 Utrum

1871 989 2161 1060 colligunt
2183 991 2460 1047 homines
2481 991 2555 1047 de
2585 992 2772 1064 spinis
2793 1008 2975 1050 uvam
3001 993 3029 1049 ?
3058 997 3167 1050 etc.
3201 996 3297 1051 Est
3319 997 3521 1052 autem

1872 1083 1929 1134 et
1960 1077 2214 1134 tribulus
2243 1079 2555 1152 spinarum
2585 1095 2802 1151 genus.

1943 1169 2083 1223 Vers
2110 1168 2197 1223 17.
2229 1167 2325 1224 Sic
2352 1199 2422 1209 —
2441 1168 2609 1239 facit.
2663 1170 2770 1226 Ubi
2810 1185 2940 1227 rem
2968 1174 3186 1243 praster
3219 1175 3523 1239 naturam,

1872 1255 2156 1329 factuque
2185 1257 2624 1329 impossibilem
2654 1259 3095 1330 interrogasset,
3116 1261 3319 1319 subdit
3359 1262 3529 1334 quod

1873 1344 2027 1400 sicut
2050 1343 2198 1400 illud
2223 1344 2352 1402 ﬁeri
2398 1361 2522 1402 non
2549 1350 2761 1418 potest,
2814 1363 2887 1404 eo
2915 1347 3079 1420 quod
3106 1349 3297 1421 spinas
3327 1365 3399 1407 ac
3426 1351 3529 1407 tri-

1874 1432 2001 1489 buli
2029 1433 2266 1490 inutilia
2326 1434 2461 1501 sint,
2504 1434 2620 1491 hoc
2678 1439 2788 1501 est,
2841 1436 3047 1507 inepta
3083 1437 3163 1493 ad
3216 1438 3532 1495 ferendum

1874 1519 2137 1577 fructum
2194 1523 2299 1593 qui
2356 1522 2428 1579 sit
2460 1526 2637 1595 aptus
2666 1523 2794 1580 esui
2826 1540 2841 1591 ;
2874 1540 2990 1581 uva
3036 1529 3237 1582 autem
3267 1542 3339 1583 ac
3379 1526 3533 1583 ﬁcus

1878 1608 1957 1665 ad
2002 1608 2207 1665 cibum
2251 1610 2615 1667 conveniunt
2651 1628 2666 1678 ;
2722 1612 2804 1669 ita
2832 1628 3075 1685 quoque
3122 1617 3304 1671 omnis
3356 1616 3537 1673 arbor

1880 1696 2030 1751 bona
2077 1696 2309 1765 fructus
2338 1696 2512 1753 bonos
2567 1699 2745 1767 facit,
2800 1704 2911 1756 etc.
2966 1704 3167 1773 Σαπρόν
3232 1701 3366 1773 (pro
3411 1719 3536 1776 quo

1878 1784 2132 1852 Vulgata
2153 1785 2335 1841 editio
2362 1785 2546 1842 habet
2594 1789 2839 1854 malum,
2891 1792 2949 1845 et
2977 1789 3178 1860 potius
3206 1791 3538 1849 marcidum

1881 1872 2176 1943 signiﬁcat
2204 1878 2309 1929 aut
2334 1874 2677 1948 putridum)
2702 1890 2825 1932 non
2878 1876 3071 1933 solum
3099 1876 3314 1935 dicitur
3354 1880 3539 1952 putri-

1880 1961 2050 2027 dum,
2107 1976 2314 2019 verum
2370 1963 2548 2020 etiam
2632 1963 2933 2037 quidquid
2986 1965 3269 2023 vitiosum
3333 1971 3389 2024 et
3450 1968 3540 2025 in-

1882 2048 2043 2106 utile.
2076 2051 2243 2106 Nunc
2292 2065 2435 2121 ergo
2489 2054 2667 2109 vocat
2696 2051 2943 2108 arbores
2988 2053 3290 2111 marcidas
3322 2060 3425 2112 aut
3453 2056 3537 2111 vi-

164 2146 333 2201 tiosas
363 2148 689 2218 praedictos
726 2145 1095 2219 hypocritas,
1127 2161 1389 2219 quorum
1418 2145 1667 2209 fructus,
1708 2142 1824 2199 hoc
1852 2141 1958 2205 est,
1990 2136 2261 2195 actiones
2291 2138 2559 2212 equales
2579 2144 2725 2197 sunt
2753 2156 2815 2197 m
2834 2141 3106 2199 arcedini
3143 2147 3246 2201 aut
3268 2142 3551 2204 inutilitat

160 2234 444 2306 ipsorum.

227 2323 301 2377 Οὐ
326 2354 398 2364 —
429 2330 621 2377 ποιεῖν.
669 2329 781 2377 Ἵνα
826 2327 898 2396 μὴ
932 2322 1162 2396 ὑπολάϐῃ
1200 2342 1293 2394 τις,
1345 2324 1425 2376 ὅτι
1456 2319 1679 2375 δύναται
1707 2324 1765 2373 τὸ

165 2410 349 2481 ἀγαθὸν
381 2408 611 2487 δένδρον
641 2416 731 2463 καὶ
779 2415 1008 2486 καρποὺς
1058 2415 1335 2486 πονηροὺς,
1383 2416 1563 2483 ἤγουν,
1593 2410 1767 2484 ἀχρή-

166 2518 309 2561 στους
338 2508 512 2554 ποιεῖν
542 2544 558 2570 ,
590 2504 683 2553 καί
721 2503 780 2553 τὸ
814 2504 1013 2574 σαπρὸν
1051 2500 1257 2573 καλοὺς,
1301 2499 1655 2573 ἀποφαίνεται,
1691 2502 1773 2553 ὄτι

164 2590 217 2641 οὗ
247 2587 494 2645 δύναται.

234 2685 330 2731 Καὶ
368 2688 486 2740 πῶς
511 2679 537 2730 6
702 2674 891 2745 Δαυῖδ,
925 2675 1119 2749 ἂγαθὸν
1161 2675 1378 2752 δένδρον
1425 2678 1513 2749 ὢν,
1543 2682 1774 2753 καρποὺς

162 2772 412 2840 πονηροὺς
462 2766 700 2833 ἐποίησε,
759 2771 1000 2839 μοιχείαν
1050 2772 1142 2820 καὶ
1198 2771 1345 2840 φόνον
1385 2784 1398 2836 ;
1445 2769 1471 2820 6
1526 2764 1586 2819 δὲ
1639 2773 1780 2821 Παῦ.

164 2856 265 2923 λος,
306 2852 532 2931 δένδρον
584 2860 783 2929 σαπρὸν
829 2858 1107 2929 ὑπάρχων,
1148 2856 1340 2919 καλοὺς
1372 2860 1604 2932 καρποὺς
1634 2860 1779 2928 ἦνεγο

166 2964 237 3011 κε,
295 2954 487 3007 σκεῦος
545 2944 763 3016 ίκλογῆς
834 2953 907 3016 τῷ
964 2952 1181 3019 Χριστῷ
1238 2950 1554 3018 γενόμενος;
1612 2953 1780 3023 Πῶς;

168 3040 303 3087 Διότι
354 3033 777 3105 μετεϐλήθησαν,
810 3036 836 3085 6
885 3038 995 3107 μὲν,
1047 3033 1149 3087 ἀπὸ
1196 3042 1293 3096 τῆς
1350 3034 1534 3108 ἀρετῆς
1586 3036 1659 3096 εἰς
1688 3055 1784 3087 κα-

167 3128 295 3174 κίαν
352 3122 378 3173 ὃ
440 3119 523 3188 δὲ,
560 3120 665 3174 ἀπὸ
716 3130 811 3184 τῆς
864 3128 1047 3183 κακίας
1100 3122 1170 3185 είς
1221 3121 1422 3195 ἀρετήν.
1473 3124 1604 3184 Ἕως
1664 3120 1779 3175 δ’ἆν
1819 3146 1859 3203 C

167 3210 406 3283 ἐνέμενον,
433 3212 461 3263 6
494 3208 666 3263 Δαυίδ
823 3218 883 3283 τῇ
919 3209 1100 3284 ἀρετῇ,
1134 3213 1159 3263 6
1187 3207 1246 3264 δε
1278 3211 1478 3274 Παῦλος
1502 3220 1564 3285 τῇ
1593 3216 1773 3284 κακίᾳ,

168 3299 260 3352 οὐκ
288 3296 558 3358 ἠδύναντο
588 3303 821 3373 καρποὺς
858 3303 1121 3361 τοιούτους
1155 3307 1342 3357 ποιεῖν.
1374 3299 1534 3355 Ὠστε
1554 3304 1613 3355 τὸ
1642 3297 1777 3354 ἀδύ-

166 3408 307 3444 νατον
335 3390 424 3442 ἐπὶ
454 3396 559 3441 τῶν
592 3387 958 3461 ἀμεταϐλήτων
988 3393 1177 3464 εἴρηκε.

232 3656 344 3702 Πᾶν
394 3679 467 3691 -
526 3646 799 3720 βάλλεται.
853 3644 1065 3706 Ἐπειδὴ
1126 3648 1362 3710 κολάζειν
1424 3651 1515 3721 μὲν
1596 3648 1782 3710 αὐτοὺς

174 3738 226 3789 οὐ
281 3737 602 3812 προσέταξε,
654 3741 935 3811 προσέχειν
987 3733 1046 3789 δε
1100 3742 1253 3810 μόνον
1307 3736 1392 3791 ἀπ’
1444 3737 1631 3807 αὐτῶν,
1671 3739 1781 3809 (54)

170 3825 433 3900 έιτὶρτησε
484 3829 689 3886 τούτοις
741 3830 834 3883 τήν
902 3822 1281 3897 ἀφειδεστάτην
1338 3827 1555 3899 ἐκτομὴν
1584 3834 1677 3887 τῆς
1708 3825 1797 3878 ἐν-’

174 3918 339 3967 mea
382 3917 552 3977 ζωῆς,
590 3919 680 3967 καὶ
726 3919 820 3972 τὴν
865 3922 956 3966 τοῦ
1014 3912 1270 3968 ἀσϐέστου
1328 3919 1492 3991 πυρὸς
1544 3915 1779 3984 κόλασιν,

174 4006 297 4074 ὁμοῦ
342 4008 463 4064 τοὺς
494 4006 589 4076 μὲν
620 4002 1059 4076 ἐπηρεαζομένους
1102 4004 1189 4057 ὑπ’
1233 4006 1401 4058 αὐτῶν
1446 4006 1784 4079 παραμυθού-

172 4112 339 4164 μενος,
366 4092 593 4152 ἐκείνους
624 4088 683 4144 δὲ
713 4090 959 4164 ίκφοϐὡν.

236 4268 439 4343 Ἀραγε
496 4298 551 4309 —
617 4266 827 4329 αὐτούς.
884 4270 1042 4319 Τουτὶ
1098 4267 1155 4317 τὸ
1213 4261 1366 4337 Ἄρα,
1418 4261 1781 4318 ἀποδεικτικὸν

170 4356 330 4424 ἔστιν,
369 4356 494 4409 ἀντὶ
523 4362 637 4423 τοῦ,
691 4358 921 4417 Πάντως.
979 4359 1096 4415 Θεὶς
1140 4355 1241 4426 γὰρ
1285 4351 1566 4426 λογισμοὺς
1611 4374 1786 4429 παρα-

170 4442 499 4517 δειγμάτων,
555 4449 650 4497 καὶ
712 4440 1014 4515 ἀποδείξας,
1087 4444 1168 4496 ὅτι
1237 4440 1609 4513 ἓπιγνώσονται
1665 4448 1783 4506 τοὺς
1814 4475 1859 4530 D

167 4540 461 4603 τοιούτους,
524 4533 729 4606 ἐπάγει,
799 4534 878 4586 ὅτι
945 4535 1171 4604 Πάντως,
1244 4534 1312 4594 ὡς
1385 4528 1780 4605 ἀποδέδεικται,

166 4626 511 4696 πίτιὼσεσθε
570 4623 784 4689 αὐτοὺς,
844 4621 945 4675 ἀπὸ
1000 4630 1099 4676 τῶν
1147 4620 1351 4694 φαύλων
1411 4621 1645 4694 πράξεων
1686 4621 1780 4674 αὐ-

166 4732 291 4773 των,

238 4921 285 4958 ⁸1
319 4925 452 4978 Act.
481 4934 559 4987 1x,
599 4918 687 4973 15.

1944 2315 2105 2371 Vers.
2153 2318 2236 2371 18.
2277 2316 2402 2373 Non
2440 2347 2510 2358 —
2542 2317 2766 2387 facere.
2817 2320 2899 2375 Ne
2936 2318 3071 2390 quis
3123 2321 3526 2393 suspicaretur

1874 2402 2041 2475 quod
2065 2408 2268 2475 posset
2292 2404 2457 2464 bona
2480 2405 2658 2463 arbor
2671 2406 2866 2464 malos
2894 2406 3122 2464 fructus
3150 2413 3253 2466 aut
3288 2410 3526 2467 inutiles

1876 2490 2232 2564 producere,
2280 2497 2338 2550 et
2393 2494 2575 2551 arbor
2619 2494 2832 2553 vitiosa
2881 2494 3129 2554 bonos:
3183 2498 3547 2565 manifestat,

1882 2580 2049 2653 quod
2077 2580 2191 2637 hoc
2224 2580 2351 2639 ﬁeri
2379 2597 2503 2639 non
2534 2584 2744 2656 possit.
2902 2580 2906 2584 ”

1957 2670 2173 2725 Verum
2202 2670 2409 2743 David,
2444 2687 2581 2728 cum
2607 2672 2771 2730 bona
2798 2677 2951 2730 esset
3002 2673 3197 2739 arbor,
3230 2674 3540 2748 quomodo

1888 2756 2115 2813 fructus
2140 2758 2336 2816 malos
2382 2760 2689 2831 produxit,
2724 2761 3082 2819 adulterium
3144 2764 3419 2822 videlicet
3475 2782 3547 2823 ac

1890 2845 2325 2903 homicidium?
2356 2848 2574 2905 Paulus
2606 2855 2818 2915 autem,
2850 2866 2990 2906 cum
3018 2851 3237 2909 vitiosa
3269 2859 3429 2911 esset
3457 2870 3549 2911 ar-

1888 2933 2017 3001 bor,
2042 2932 2271 2990 fructus
2299 2935 2495 2992 bonos
2512 2936 2775 3007 protulit,
2796 2936 3038 2993 effectus
3054 2940 3282 2997 Christo
3304 2957 3407 2998 vas
3430 2943 3548 2999 ele-

1890 3024 2052 3078 ctum
2080 3023 2123 3058 ⁴¹
2148 3022 2176 3076 ?
2206 3023 2523 3088 Quomodo
2548 3024 2576 3078 ‘I
2592 3022 2746 3091 Quia
2765 3026 2974 3081 mutati
2997 3032 3155 3094 sunt,
3179 3027 3279 3084 hic
3299 3029 3549 3101 quidem

1890 3125 1925 3166 a
1954 3111 2244 3181 pravitate
2296 3112 2376 3167 ad
2429 3112 2731 3177 virtutem,
2790 3112 2886 3169 ille
2942 3128 3084 3170 vero
3132 3131 3170 3172 a
3220 3116 3438 3173 virtute
3467 3118 3550 3176 ad

1889 3199 2264 3270 pravitatem.
2283 3203 2477 3257 Donec
2517 3205 2718 3257 autem
2732 3206 3083 3259 manserunt
3097 3202 3284 3259 David
3301 3205 3550 3277 quidem

1890 3286 1954 3342 in
1973 3287 2208 3353 virtute,
2270 3288 2486 3345 Paulus
2513 3305 2657 3345 vero
2700 3290 2762 3345 in
2816 3291 3123 3362 pravitate,
3175 3308 3299 3349 non
3332 3300 3547 3366 potue-

1888 3378 2034 3436 runt
2077 3377 2417 3449 hujusmodi
2472 3378 2699 3434 fructus
2753 3379 3106 3451 producere.
3175 3381 3328 3439 Dixit
3408 3399 3551 3455 ergo

1888 3464 2006 3522 hoc
2035 3480 2164 3523 esse
2191 3466 2559 3539 impossibile
2592 3466 2655 3523 in
2684 3468 2774 3524 his
2792 3468 2897 3541 qui
2922 3469 3222 3528 immutati
3238 3485 3554 3543 permane-

1888 3557 2039 3610 rent.

1964 3644 2122 3698 Vers.
2155 3643 2244 3700 19.
2271 3643 2475 3701 Omnis
2502 3674 2571 3685 —
2591 3644 2868 3702 mittitur.
2898 3645 3033 3703 Illos
3061 3647 3312 3720 quidem
3340 3650 3555 3722 punire

1890 3746 2014 3787 non
2068 3732 2266 3803 jussit,
2299 3732 2408 3789 sed
2439 3737 2673 3791 tantum
2699 3734 2777 3790 ab
2810 3734 2893 3791 eis
2922 3751 3149 3793 cavere.
3176 3737 3320 3809 ipsis
3350 3743 3557 3797 tamen

1891 3824 2121 3877 metum
2178 3820 2425 3879 incussit
2488 3822 2881 3880 atrocissimas
2943 3840 3015 3881 ex
3068 3825 3185 3882 hac
3230 3824 3353 3885 vita
3408 3830 3556 3886 exci-

1892 3909 2080 3965 sionis
2137 3910 2565 3982 impendentis,
2610 3927 2684 3969 ac
2728 3913 3006 3985 supplicii
3055 3914 3213 3985 ignis
3277 3916 3559 3976 inexstin-

1891 3998 2184 4068 guibilis;
2233 3998 2413 4055 simul
2467 4000 2713 4072 quidem
2789 4000 2919 4058 illos
2966 4004 3071 4074 qui
3120 4004 3276 4061 male
3330 4006 3409 4063 ab
3471 4006 3559 4064 eis

1892 4086 2264 4159 accipiuntur
2323 4089 2718 4155 consolando,
2774 4096 2830 4145 et
2902 4090 3080 4147 simul
3125 4091 3293 4165 ipsos
3374 4100 3558 4152 exter-

1891 4174 2100 4232 rendo.

1966 4266 2125 4322 Vers.
2158 4266 2247 4321 20.
2279 4265 2488 4338 Itaque
2512 4297 2580 4307 —
2630 4281 2744 4324 eos.
2797 4266 3018 4343 Ἀρασγε,
3066 4269 3282 4341 itaque,
3328 4270 3555 4343 utique,

1891 4369 2056 4421 sane,
2112 4355 2597 4412 conﬁrmativam
2627 4361 2735 4418 est.
2768 4372 2839 4413 ac
2867 4358 2917 4412 si
2940 4357 3255 4430 diceretur,
3277 4362 3547 4421 omnino.

1894 4442 2107 4498 Positis
2156 4442 2317 4499 enim
2360 4443 2776 4515 exemplorum
2824 4445 3428 4517 considerationibus,
3485 4467 3559 4509 ac

1893 4530 2306 4589 demonstrato
2352 4533 2664 4605 quomodo
2714 4532 2865 4591 tales
2888 4537 3286 4605 cognoscendi
3328 4544 3556 4607 essent,

1892 4619 2098 4677 subdit
2139 4636 2151 4675 :
2202 4621 2461 4679 Omnino
2504 4621 2659 4679 sicut
2705 4623 2875 4695 prius
2922 4623 3390 4686 demonstratum
3446 4632 3556 4695 est,

1893 4709 2269 4781 cognoscetis
2300 4710 2466 4783 ipsos
2496 4727 2534 4770 a
2563 4711 2761 4785 pravis
2781 4713 3117 4771 actionibus
3143 4731 3373 4774 eorum.

1409 5012 1635 5085 Variae
1661 5012 1995 5084 lectiones
2022 5020 2089 5083 et
2118 5026 2323 5085 notae.

171 5211 1330 5295 converritin'l‘heophyactum.Similiter
1339 5211 1794 5295 Chrysostomus

169 5289 481 5359 multoties
505 5284 797 5359 exprimit
820 5284 1131 5359 Origenem
1158 5285 1222 5342 in
1262 5284 1642 5359 recensendis
1664 5284 1795 5359 _i_s_tis

168 5358 333 5427 locis,
351 5376 496 5417 cum
522 5354 653 5430 ejus
671 5354 943 5429 sequitur
958 5355 1526 5430 interpretationem.
1549 5354 1796 5428 Cyrillus

171 5430 311 5488 item
332 5430 521 5489 modo
541 5427 616 5486 ex
634 5427 914 5498 Origene,
929 5427 1195 5485 modo—ex
1213 5427 1798 5498 Chrysostomopen-

170 5501 287 5558 det.
303 5506 501 5571 Quam
527 5496 851 5572 diligentes
874 5505 1071 5572 autem
1088 5500 1211 5572 sint
1232 5496 1518 5568 Origenes
1543 5503 1598 5555 ct
1619 5496 1798 5567 Chry-

172 5570 473 5631 sostomus
495 5575 561 5631 in
586 5570 868 5650 notandis
900 5570 1048 5626 locis
1082 5571 1433 5650 Litterarum
1466 5585 1795 5650 sacrarumz

171 5647 351 5703 etiam
382 5653 536 5713 tum,
572 5660 718 5702 cum
749 5643 895 5700 data
922 5657 1110 5713 opera
1142 5641 1342 5713 locum
1388 5640 1711 5713 explicant,
1742 5638 1801 5694 id

170 5723 392 5792 norunt
412 5711 650 5781 omnes,
672 5715 783 5792 qui
804 5711 1117 5792 diligenter
1138 5713 1217 5769 ad
1241 5712 1373 5769 illos
1396 5711 1797 5792 attenderunt,

170 5786 410 5848 Vanum
429 5806 571 5863 ergo
598 5784 875 5863 profecto
890 5784 1158 5843 studium
1176 5800 1385 5842 eorum
1407 5784 1514 5859 qui
1533 5799 1605 5842 ex
1625 5784 1805 5841 Patri-

1902 5211 2018 5269 bus
2047 5216 2256 5289 contra
2288 5213 2535 5289 codices
2566 5214 2635 5271 N.
2663 5216 3022 5289 testamenti
3064 5215 3392 5289 disputant.
3443 5217 3559 5276 Sed

1903 5284 2174 5361 nonnulli
2198 5284 2582 5361 negligentia
2608 5291 2666 5342 et
2692 5286 2929 5361 levitate
2971 5284 3208 5344 Patrum
3231 5305 3342 5361 pro
3368 5292 3561 5348 muni-

1904 5356 2121 5481 :nentis
2151 5356 2329 5429 atque
2361 5358 2542 5414 armis
2567 5357 2885 5431 impietatis
2909 5362 2966 5416 et
2992 5356 3271 5432 nequitias
3302 5361 3560 5421 abutun-

1932 5442 2022 5481 ur.

1932 5442 2022 5482 υτ.

1981 5497 2093 5640 ἓόΞ)
2126 5498 2239 5554 Sic.
2278 5498 2480 5581 Vulgo,
2518 5501 2544 5551 6
2574 5498 2829 5573 τρίϐολος.

2007 5570 2094 5640 53)
2128 5570 2318 5627 Etiam
2346 5571 2444 5627 hic
2472 5576 2595 5628 erat
2626 5572 2807 5633 οὕτως.

1983 5571 2095 5713 (53;
2128 5571 2318 5656 Etiam
2346 5571 2444 5627 hic
2472 5571 2807 5633 erat‘oﬁmg.
3114 5645 3126 5657 .

1911 5642 2072 5768 289.4
2137 5645 2219 5699 lta
2271 5646 2494 5715 επκρτᾲν
2544 5642 2698 5715 φόϐον
2754 5645 2875 5712 τινί,
2933 5644 3239 5706 Ᾱῖεοὴωθε
3262 5650 3462 5709 orator
3497 5663 3560 5723 ρ,
