  <div class='ocr_page' id='page_1' title='image "/cluster/home/n/w/nwhite01/storage/ocr_20150623/129/coo.31924054870344/145.png"; bbox 0 0 4098 6382; ppageno 0'>
   <div class='ocr_carea' id='block_1_1' title="bbox 625 392 725 447">
    <p class='ocr_par' dir='ltr' id='par_1_1' title="bbox 625 392 725 447">
     <span class='ocr_line' id='line_1_1' title="bbox 625 392 725 447; baseline 0 0"><span class='ocrx_word' id='word_1_1' title='bbox 625 392 725 447; x_wconf 82' lang='grc'><strong>271</strong></span> 
     </span>
    </p>
   </div>
   <div class='ocr_carea' id='block_1_2' title="bbox 625 602 2284 675">
    <p class='ocr_par' dir='ltr' id='par_1_2' title="bbox 625 602 2284 675">
     <span class='ocr_line' id='line_1_2' title="bbox 625 602 2284 675; baseline 0.001 -17"><span class='ocrx_word' id='word_1_2' title='bbox 625 602 805 658; x_wconf 83' lang='lat' dir='ltr'>dicat.</span> <span class='ocrx_word' id='word_1_3' title='bbox 834 605 961 657; x_wconf 89' lang='lat' dir='ltr'>Non</span> <span class='ocrx_word' id='word_1_4' title='bbox 982 603 1182 658; x_wconf 93' lang='lat' dir='ltr'>omnis</span> <span class='ocrx_word' id='word_1_5' title='bbox 1210 604 1314 675; x_wconf 89' lang='lat' dir='ltr'>qui</span> <span class='ocrx_word' id='word_1_6' title='bbox 1345 604 1531 659; x_wconf 85' lang='lat' dir='ltr'>credit</span> <span class='ocrx_word' id='word_1_7' title='bbox 1557 603 1618 659; x_wconf 91' lang='lat' dir='ltr'>in</span> <span class='ocrx_word' id='word_1_8' title='bbox 1650 619 1764 668; x_wconf 91' lang='lat' dir='ltr'>me,</span> <span class='ocrx_word' id='word_1_9' title='bbox 1810 603 2177 674; x_wconf 85' lang='lat' dir='ltr'>ingredietur</span> <span class='ocrx_word' id='word_1_10' title='bbox 2207 604 2284 659; x_wconf 89' lang='lat' dir='ltr'>ad</span> 
     </span>
    </p>
   </div>
   <div class='ocr_carea' id='block_1_3' title="bbox 625 692 2286 760">
    <p class='ocr_par' dir='ltr' id='par_1_3' title="bbox 625 692 2286 760">
     <span class='ocr_line' id='line_1_3' title="bbox 625 692 2286 760; baseline -0.001 -12"><span class='ocrx_word' id='word_1_11' title='bbox 625 692 921 759; x_wconf 91' lang='lat' dir='ltr'>bonorum</span> <span class='ocrx_word' id='word_1_12' title='bbox 950 692 1287 749; x_wconf 73' lang='lat' dir='ltr'>caelestium</span> <span class='ocrx_word' id='word_1_13' title='bbox 1319 694 1683 760; x_wconf 84' lang='lat' dir='ltr'>fruitionem,</span> <span class='ocrx_word' id='word_1_14' title='bbox 1712 692 1826 748; x_wconf 88' lang='lat' dir='ltr'>nisi</span> <span class='ocrx_word' id='word_1_15' title='bbox 1866 694 2043 749; x_wconf 83' lang='lat' dir='ltr'>etiam</span> <span class='ocrx_word' id='word_1_16' title='bbox 2084 692 2286 747; x_wconf 86' lang='lat' dir='ltr'>fecerit</span> 
     </span>
    </p>
   </div>
   <div class='ocr_carea' id='block_1_4' title="bbox 626 780 2285 855">
    <p class='ocr_par' dir='ltr' id='par_1_4' title="bbox 626 780 2285 855">
     <span class='ocr_line' id='line_1_4' title="bbox 626 780 2285 855; baseline -0.001 -19"><span class='ocrx_word' id='word_1_17' title='bbox 626 796 763 852; x_wconf 81' lang='lat' dir='ltr'>quae</span> <span class='ocrx_word' id='word_1_18' title='bbox 805 780 983 849; x_wconf 90' lang='lat' dir='ltr'>dico;</span> <span class='ocrx_word' id='word_1_19' title='bbox 1032 781 1114 838; x_wconf 90' lang='lat' dir='ltr'>ita</span> <span class='ocrx_word' id='word_1_20' title='bbox 1165 781 1390 855; x_wconf 90' lang='lat' dir='ltr'>quippe</span> <span class='ocrx_word' id='word_1_21' title='bbox 1432 780 1655 838; x_wconf 87' lang='lat' dir='ltr'>addidit</span> <span class='ocrx_word' id='word_1_22' title='bbox 1709 784 1895 837; x_wconf 88' lang='lat' dir='ltr'>Lucas</span> <span class='ocrx_word' id='word_1_23' title='bbox 1946 782 2012 835; x_wconf 62' lang='grc' dir='ltr'>η.</span> <span class='ocrx_word' id='word_1_24' title='bbox 2087 783 2285 852; x_wconf 89' lang='lat' dir='ltr'>Neque</span> 
     </span>
    </p>
   </div>
   <div class='ocr_carea' id='block_1_5' title="bbox 626 868 2285 935">
    <p class='ocr_par' dir='ltr' id='par_1_5' title="bbox 626 868 2285 935">
     <span class='ocr_line' id='line_1_5' title="bbox 626 868 2285 935; baseline -0.001 -10"><span class='ocrx_word' id='word_1_25' title='bbox 626 868 789 926; x_wconf 91' lang='lat' dir='ltr'>enim</span> <span class='ocrx_word' id='word_1_26' title='bbox 820 870 949 926; x_wconf 89' lang='lat' dir='ltr'>sola</span> <span class='ocrx_word' id='word_1_27' title='bbox 984 870 1133 927; x_wconf 88' lang='lat' dir='ltr'>ﬁdes</span> <span class='ocrx_word' id='word_1_28' title='bbox 1178 871 1255 927; x_wconf 91' lang='lat' dir='ltr'>ad</span> <span class='ocrx_word' id='word_1_29' title='bbox 1304 871 1556 927; x_wconf 84' lang='lat' dir='ltr'>salutem</span> <span class='ocrx_word' id='word_1_30' title='bbox 1606 869 1846 935; x_wconf 83' lang='lat' dir='ltr'>sufﬁcit,</span> <span class='ocrx_word' id='word_1_31' title='bbox 1892 870 2008 925; x_wconf 87' lang='lat' dir='ltr'>nisi</span> <span class='ocrx_word' id='word_1_32' title='bbox 2054 874 2109 926; x_wconf 89' lang='lat' dir='ltr'>et</span> <span class='ocrx_word' id='word_1_33' title='bbox 2168 870 2285 925; x_wconf 89' lang='lat' dir='ltr'>vita</span> 
     </span>
    </p>
   </div>
   <div class='ocr_carea' id='block_1_6' title="bbox 624 958 2284 1031">
    <p class='ocr_par' dir='ltr' id='par_1_6' title="bbox 624 958 2284 1031">
     <span class='ocr_line' id='line_1_6' title="bbox 624 958 2284 1031; baseline -0.001 -18"><span class='ocrx_word' id='word_1_34' title='bbox 624 958 744 1014; x_wconf 88' lang='lat' dir='ltr'>ﬁde</span> <span class='ocrx_word' id='word_1_35' title='bbox 788 959 971 1030; x_wconf 88' lang='lat' dir='ltr'>digna</span> <span class='ocrx_word' id='word_1_36' title='bbox 1021 960 1428 1031; x_wconf 87' lang='lat' dir='ltr'>adjungatur;</span> <span class='ocrx_word' id='word_1_37' title='bbox 1464 976 1655 1030; x_wconf 90' lang='lat' dir='ltr'>neque</span> <span class='ocrx_word' id='word_1_38' title='bbox 1684 960 1805 1014; x_wconf 90' lang='lat' dir='ltr'>vita</span> <span class='ocrx_word' id='word_1_39' title='bbox 1854 958 2041 1014; x_wconf 88' lang='lat' dir='ltr'>solum</span> <span class='ocrx_word' id='word_1_40' title='bbox 2084 958 2284 1013; x_wconf 82' lang='lat' dir='ltr'>virtuti</span> 
     </span>
    </p>
   </div>
   <div class='ocr_carea' id='block_1_7' title="bbox 626 1046 2284 1114">
    <p class='ocr_par' dir='ltr' id='par_1_7' title="bbox 626 1046 2284 1114">
     <span class='ocr_line' id='line_1_7' title="bbox 626 1046 2284 1114; baseline -0.001 -11"><span class='ocrx_word' id='word_1_41' title='bbox 626 1046 973 1111; x_wconf 87' lang='lat' dir='ltr'>conformis,</span> <span class='ocrx_word' id='word_1_42' title='bbox 1032 1049 1079 1102; x_wconf 92' lang='lat' dir='ltr'>si</span> <span class='ocrx_word' id='word_1_43' title='bbox 1135 1063 1259 1104; x_wconf 92' lang='lat' dir='ltr'>non</span> <span class='ocrx_word' id='word_1_44' title='bbox 1311 1048 1492 1104; x_wconf 91' lang='lat' dir='ltr'>etiam</span> <span class='ocrx_word' id='word_1_45' title='bbox 1548 1048 1667 1103; x_wconf 86' lang='lat' dir='ltr'>ﬁde</span> <span class='ocrx_word' id='word_1_46' title='bbox 1715 1048 2123 1114; x_wconf 89' lang='lat' dir='ltr'>ditescamus;</span> <span class='ocrx_word' id='word_1_47' title='bbox 2176 1046 2284 1102; x_wconf 92' lang='lat' dir='ltr'>sed</span> 
     </span>
    </p>
   </div>
   <div class='ocr_carea' id='block_1_8' title="bbox 624 1134 2285 1208">
    <p class='ocr_par' dir='ltr' id='par_1_8' title="bbox 624 1134 2285 1208">
     <span class='ocr_line' id='line_1_8' title="bbox 624 1134 2285 1208; baseline -0.001 -17"><span class='ocrx_word' id='word_1_48' title='bbox 624 1140 947 1208; x_wconf 91' lang='lat' dir='ltr'>utrumque</span> <span class='ocrx_word' id='word_1_49' title='bbox 995 1135 1173 1191; x_wconf 91' lang='lat' dir='ltr'>simul</span> <span class='ocrx_word' id='word_1_50' title='bbox 1206 1136 1497 1207; x_wconf 82' lang='lat' dir='ltr'>adjunxit,</span> <span class='ocrx_word' id='word_1_51' title='bbox 1560 1140 1625 1193; x_wconf 93' lang='lat' dir='ltr'>ut</span> <span class='ocrx_word' id='word_1_52' title='bbox 1670 1152 1793 1192; x_wconf 93' lang='lat' dir='ltr'>non</span> <span class='ocrx_word' id='word_1_53' title='bbox 1851 1139 2157 1208; x_wconf 88' lang='lat' dir='ltr'>separetur</span> <span class='ocrx_word' id='word_1_54' title='bbox 2204 1134 2285 1190; x_wconf 92' lang='lat' dir='ltr'>al-</span> 
     </span>
    </p>
   </div>
   <div class='ocr_carea' id='block_1_9' title="bbox 624 1224 2279 1299">
    <p class='ocr_par' dir='ltr' id='par_1_9' title="bbox 624 1224 2279 1299">
     <span class='ocr_line' id='line_1_9' title="bbox 624 1224 2279 1299; baseline -0.002 -18"><span class='ocrx_word' id='word_1_55' title='bbox 624 1228 818 1282; x_wconf 90' lang='lat' dir='ltr'>terum</span> <span class='ocrx_word' id='word_1_56' title='bbox 847 1225 925 1281; x_wconf 90' lang='lat' dir='ltr'>ab</span> <span class='ocrx_word' id='word_1_57' title='bbox 952 1225 1154 1282; x_wconf 92' lang='lat' dir='ltr'>altero.</span> <span class='ocrx_word' id='word_1_58' title='bbox 1196 1229 1338 1282; x_wconf 89' lang='lat' dir='ltr'>Nam</span> <span class='ocrx_word' id='word_1_59' title='bbox 1364 1227 1565 1298; x_wconf 91' lang='lat' dir='ltr'>ipsum</span> <span class='ocrx_word' id='word_1_60' title='bbox 1592 1226 1895 1299; x_wconf 89' lang='lat' dir='ltr'>appellare</span> <span class='ocrx_word' id='word_1_61' title='bbox 1934 1224 2279 1290; x_wconf 89' lang='lat' dir='ltr'>Dominum,</span> 
     </span>
    </p>
   </div>
   <div class='ocr_carea' id='block_1_10' title="bbox 623 1313 2283 1382">
    <p class='ocr_par' dir='ltr' id='par_1_10' title="bbox 623 1313 2283 1382">
     <span class='ocr_line' id='line_1_10' title="bbox 623 1313 2283 1382; baseline 0 -13"><span class='ocrx_word' id='word_1_62' title='bbox 623 1314 765 1369; x_wconf 87' lang='lat' dir='ltr'>ﬁdei</span> <span class='ocrx_word' id='word_1_63' title='bbox 790 1318 1021 1371; x_wconf 87' lang='lat' dir='ltr'>tantum</span> <span class='ocrx_word' id='word_1_64' title='bbox 1050 1320 1156 1372; x_wconf 91' lang='lat' dir='ltr'>est.</span> <span class='ocrx_word' id='word_1_65' title='bbox 1211 1314 1527 1382; x_wconf 90' lang='lat' dir='ltr'>Quomodo</span> <span class='ocrx_word' id='word_1_66' title='bbox 1578 1320 1778 1371; x_wconf 89' lang='lat' dir='ltr'>autem</span> <span class='ocrx_word' id='word_1_67' title='bbox 1808 1330 1931 1371; x_wconf 90' lang='lat' dir='ltr'>non</span> <span class='ocrx_word' id='word_1_68' title='bbox 1964 1313 2131 1370; x_wconf 78' lang='lat' dir='ltr'>dixit.</span> <span class='ocrx_word' id='word_1_69' title='bbox 2165 1313 2283 1369; x_wconf 91' lang='lat' dir='ltr'>Sed</span> 
     </span>
    </p>
   </div>
   <div class='ocr_carea' id='block_1_11' title="bbox 623 1402 2279 1475">
    <p class='ocr_par' dir='ltr' id='par_1_11' title="bbox 623 1402 2279 1475">
     <span class='ocr_line' id='line_1_11' title="bbox 623 1402 2279 1475; baseline -0.001 -16"><span class='ocrx_word' id='word_1_70' title='bbox 623 1403 730 1475; x_wconf 90' lang='lat' dir='ltr'>qui</span> <span class='ocrx_word' id='word_1_71' title='bbox 756 1402 893 1460; x_wconf 81' lang='lat' dir='ltr'>facit</span> <span class='ocrx_word' id='word_1_72' title='bbox 910 1403 1274 1461; x_wconf 87' lang='lat' dir='ltr'>voluntatem</span> <span class='ocrx_word' id='word_1_73' title='bbox 1297 1420 1496 1460; x_wconf 87' lang='lat' dir='ltr'>meam</span> <span class='ocrx_word' id='word_1_74' title='bbox 1524 1403 1552 1458; x_wconf 63' lang='grc' dir='ltr'>εἶ</span> <span class='ocrx_word' id='word_1_75' title='bbox 1571 1402 1639 1460; x_wconf 89' lang='lat' dir='ltr'>Ut</span> <span class='ocrx_word' id='word_1_76' title='bbox 1666 1406 1899 1460; x_wconf 88' lang='lat' dir='ltr'>Patrem</span> <span class='ocrx_word' id='word_1_77' title='bbox 1922 1404 2245 1459; x_wconf 89' lang='lat' dir='ltr'>honoraret</span> <span class='ocrx_word' id='word_1_78' title='bbox 2268 1423 2279 1457; x_wconf 95' lang='lat'>:</span> 
     </span>
    </p>
   </div>
   <div class='ocr_carea' id='block_1_12' title="bbox 625 1491 2284 1563">
    <p class='ocr_par' dir='ltr' id='par_1_12' title="bbox 625 1491 2284 1563">
     <span class='ocr_line' id='line_1_12' title="bbox 625 1491 2284 1563; baseline 0.001 -17"><span class='ocrx_word' id='word_1_79' title='bbox 625 1496 683 1547; x_wconf 93' lang='lat' dir='ltr'>et</span> <span class='ocrx_word' id='word_1_80' title='bbox 748 1492 890 1563; x_wconf 88' lang='lat' dir='ltr'>quia</span> <span class='ocrx_word' id='word_1_81' title='bbox 962 1507 1085 1548; x_wconf 91' lang='lat' dir='ltr'>non</span> <span class='ocrx_word' id='word_1_82' title='bbox 1157 1492 1277 1548; x_wconf 87' lang='lat' dir='ltr'>alia</span> <span class='ocrx_word' id='word_1_83' title='bbox 1324 1497 1410 1549; x_wconf 87' lang='lat' dir='ltr'>est</span> <span class='ocrx_word' id='word_1_84' title='bbox 1474 1493 1659 1549; x_wconf 87' lang='lat' dir='ltr'>Patris</span> <span class='ocrx_word' id='word_1_85' title='bbox 1728 1492 2006 1549; x_wconf 84' lang='lat' dir='ltr'>voluntas</span> <span class='ocrx_word' id='word_1_86' title='bbox 2072 1491 2150 1547; x_wconf 91' lang='lat' dir='ltr'>ab</span> <span class='ocrx_word' id='word_1_87' title='bbox 2211 1506 2284 1547; x_wconf 90' lang='lat' dir='ltr'>ea</span> 
     </span>
    </p>
   </div>
   <div class='ocr_carea' id='block_1_13' title="bbox 625 1579 2283 1652">
    <p class='ocr_par' dir='ltr' id='par_1_13' title="bbox 625 1579 2283 1652">
     <span class='ocr_line' id='line_1_13' title="bbox 625 1579 2283 1652; baseline 0 -17"><span class='ocrx_word' id='word_1_88' title='bbox 625 1595 757 1652; x_wconf 60' lang='lat' dir='ltr'>quae</span> <span class='ocrx_word' id='word_1_89' title='bbox 930 1583 1016 1637; x_wconf 90' lang='lat' dir='ltr'>est</span> <span class='ocrx_word' id='word_1_90' title='bbox 1048 1597 1062 1647; x_wconf 90' lang='lat'>;</span> <span class='ocrx_word' id='word_1_91' title='bbox 1082 1580 1357 1638; x_wconf 86' lang='lat' dir='ltr'>voluntas</span> <span class='ocrx_word' id='word_1_92' title='bbox 1379 1584 1580 1638; x_wconf 86' lang='lat' dir='ltr'>autem</span> <span class='ocrx_word' id='word_1_93' title='bbox 1602 1582 1815 1646; x_wconf 89' lang='lat' dir='ltr'>Patris,</span> <span class='ocrx_word' id='word_1_94' title='bbox 1840 1580 1963 1637; x_wconf 87' lang='lat' dir='ltr'>Filii</span> <span class='ocrx_word' id='word_1_95' title='bbox 1986 1585 2283 1652; x_wconf 66' lang='lat' dir='ltr'>praecepta</span> 
     </span>
    </p>
   </div>
   <div class='ocr_carea' id='block_1_14' title="bbox 628 1674 785 1725">
    <p class='ocr_par' dir='ltr' id='par_1_14' title="bbox 628 1674 785 1725">
     <span class='ocr_line' id='line_1_14' title="bbox 628 1674 785 1725; baseline 0.006 -2"><span class='ocrx_word' id='word_1_96' title='bbox 628 1674 785 1725; x_wconf 90' lang='lat' dir='ltr'>sunt.</span> 
     </span>
    </p>
   </div>
   <div class='ocr_carea' id='block_1_15' title="bbox 696 1758 2283 1830">
    <p class='ocr_par' dir='ltr' id='par_1_15' title="bbox 696 1758 2283 1830">
     <span class='ocr_line' id='line_1_15' title="bbox 696 1758 2283 1830; baseline -0.001 -17"><span class='ocrx_word' id='word_1_97' title='bbox 696 1760 855 1814; x_wconf 89' lang='lat' dir='ltr'>Vers.</span> <span class='ocrx_word' id='word_1_98' title='bbox 916 1762 1003 1813; x_wconf 83' lang='lat'>22.</span> <span class='ocrx_word' id='word_1_99' title='bbox 1057 1758 1239 1815; x_wconf 83' lang='lat' dir='ltr'>Multi</span> <span class='ocrx_word' id='word_1_100' title='bbox 1292 1789 1362 1801; x_wconf 90' lang='lat'><strong><em>—</em></strong></span> <span class='ocrx_word' id='word_1_101' title='bbox 1422 1761 1581 1815; x_wconf 89' lang='lat' dir='ltr'>Vers.</span> <span class='ocrx_word' id='word_1_102' title='bbox 1647 1762 1712 1815; x_wconf 80' lang='lat'>23</span> <span class='ocrx_word' id='word_1_103' title='bbox 1769 1758 2159 1830; x_wconf 78' lang='lat' dir='ltr'>iniquitatem.</span> <span class='ocrx_word' id='word_1_104' title='bbox 2216 1758 2283 1812; x_wconf 90' lang='lat' dir='ltr'>In</span> 
     </span>
    </p>
   </div>
   <div class='ocr_carea' id='block_1_16' title="bbox 1943 384 2657 447">
    <p class='ocr_par' dir='ltr' id='par_1_16' title="bbox 1943 384 2657 447">
     <span class='ocr_line' id='line_1_16' title="bbox 1943 384 2657 447; baseline -0.004 -2"><span class='ocrx_word' id='word_1_105' title='bbox 1943 389 2288 447; x_wconf 84' lang='lat' dir='ltr'>EUTHYMII</span> <span class='ocrx_word' id='word_1_106' title='bbox 2328 384 2657 447; x_wconf 86' lang='lat' dir='ltr'>ZIGABENI</span> 
     </span>
    </p>
   </div>
   <div class='ocr_carea' id='block_1_17' title="bbox 700 513 2361 586">
    <p class='ocr_par' dir='ltr' id='par_1_17' title="bbox 700 513 2361 586">
     <span class='ocr_line' id='line_1_17' title="bbox 700 513 2361 586; baseline 0.001 -18"><span class='ocrx_word' id='word_1_107' title='bbox 700 515 862 569; x_wconf 88' lang='lat' dir='ltr'>Vers.</span> <span class='ocrx_word' id='word_1_108' title='bbox 891 514 979 567; x_wconf 84' lang='grc'>21.</span> <span class='ocrx_word' id='word_1_109' title='bbox 1004 514 1134 570; x_wconf 87' lang='grc' dir='ltr'>Νοη</span> <span class='ocrx_word' id='word_1_110' title='bbox 1164 513 1347 585; x_wconf 87' lang='lat' dir='ltr'>—qui</span> <span class='ocrx_word' id='word_1_111' title='bbox 1365 513 1429 570; x_wconf 86' lang='lat' dir='ltr'>in</span> <span class='ocrx_word' id='word_1_112' title='bbox 1452 513 1602 570; x_wconf 75' lang='lat' dir='ltr'>caelis</span> <span class='ocrx_word' id='word_1_113' title='bbox 1626 520 1728 570; x_wconf 85' lang='lat' dir='ltr'>est.</span> <span class='ocrx_word' id='word_1_114' title='bbox 1760 513 1901 570; x_wconf 81' lang='lat' dir='ltr'>Vide</span> <span class='ocrx_word' id='word_1_115' title='bbox 1936 514 2082 586; x_wconf 90' lang='lat' dir='ltr'>quid</span> <span class='ocrx_word' id='word_1_116' title='bbox 2125 530 2286 570; x_wconf 92' lang='lat' dir='ltr'>nunc</span> <span class='ocrx_word' id='word_1_117' title='bbox 2316 516 2361 569; x_wconf 89' lang='lat' dir='ltr'><strong>A</strong></span> 
     </span>
    </p>
   </div>
   <div class='ocr_carea' id='block_1_18' title="bbox 3859 384 3947 440">
    <p class='ocr_par' dir='ltr' id='par_1_18' title="bbox 3859 384 3947 440">
     <span class='ocr_line' id='line_1_18' title="bbox 3859 384 3947 440; baseline -0.011 0"><span class='ocrx_word' id='word_1_118' title='bbox 3859 384 3947 440; x_wconf 81' lang='lat'>272</span> 
     </span>
    </p>
   </div>
   <div class='ocr_carea' id='block_1_19' title="bbox 2468 508 3944 582">
    <p class='ocr_par' dir='ltr' id='par_1_19' title="bbox 2468 508 3944 582">
     <span class='ocr_line' id='line_1_19' title="bbox 2468 508 3944 582; baseline -0.003 -17"><span class='ocrx_word' id='word_1_119' title='bbox 2468 514 2543 565; x_wconf 83' lang='grc' dir='ltr'>Ού</span> <span class='ocrx_word' id='word_1_120' title='bbox 2584 544 2651 552; x_wconf 94' lang='lat'>—-</span> <span class='ocrx_word' id='word_1_121' title='bbox 2704 519 2794 563; x_wconf 84' lang='grc' dir='ltr'>τοῦ</span> <span class='ocrx_word' id='word_1_122' title='bbox 2847 508 2894 561; x_wconf 85' lang='grc' dir='ltr'>ἐν</span> <span class='ocrx_word' id='word_1_123' title='bbox 2944 516 3051 569; x_wconf 87' lang='grc' dir='ltr'>τοῖς</span> <span class='ocrx_word' id='word_1_124' title='bbox 3098 509 3351 581; x_wconf 77' lang='grc' dir='ltr'>οὐρανοῖς.</span> <span class='ocrx_word' id='word_1_125' title='bbox 3404 508 3539 582; x_wconf 88' lang='grc' dir='ltr'>Ὀρα</span> <span class='ocrx_word' id='word_1_126' title='bbox 3580 512 3629 561; x_wconf 88' lang='grc' dir='ltr'>τί</span> <span class='ocrx_word' id='word_1_127' title='bbox 3685 508 3812 579; x_wconf 82' lang='grc' dir='ltr'>λέγει</span> <span class='ocrx_word' id='word_1_128' title='bbox 3856 518 3944 573; x_wconf 83' lang='grc' dir='ltr'>νῦν,</span> 
     </span>
    </p>
   </div>
   <div class='ocr_carea' id='block_1_20' title="bbox 2396 597 3946 669">
    <p class='ocr_par' dir='ltr' id='par_1_20' title="bbox 2396 597 3946 669">
     <span class='ocr_line' id='line_1_20' title="bbox 2396 597 3946 669; baseline -0.003 -16"><span class='ocrx_word' id='word_1_129' title='bbox 2396 602 2471 653; x_wconf 86' lang='grc' dir='ltr'>ὅτι</span> <span class='ocrx_word' id='word_1_130' title='bbox 2520 601 2594 653; x_wconf 66' lang='grc' dir='ltr'>Οὐ</span> <span class='ocrx_word' id='word_1_131' title='bbox 2647 608 2748 661; x_wconf 78' lang='grc' dir='ltr'>πᾶς</span> <span class='ocrx_word' id='word_1_132' title='bbox 2788 602 2811 651; x_wconf 89' lang='grc' dir='ltr'>ό</span> <span class='ocrx_word' id='word_1_133' title='bbox 2866 602 3120 651; x_wconf 79' lang='grc' dir='ltr'>πιστεύων</span> <span class='ocrx_word' id='word_1_134' title='bbox 3158 598 3228 659; x_wconf 88' lang='grc' dir='ltr'>εἰς</span> <span class='ocrx_word' id='word_1_135' title='bbox 3282 598 3369 669; x_wconf 75' lang='grc' dir='ltr'>ἐμὲ</span> <span class='ocrx_word' id='word_1_136' title='bbox 3421 597 3754 650; x_wconf 70' lang='grc' dir='ltr'>εἰσελεύσεται</span> <span class='ocrx_word' id='word_1_137' title='bbox 3788 598 3846 658; x_wconf 81' lang='grc' dir='ltr'>εἰς</span> <span class='ocrx_word' id='word_1_138' title='bbox 3872 604 3946 657; x_wconf 73' lang='grc' dir='ltr'>τὴν</span> 
     </span>
    </p>
   </div>
   <div class='ocr_carea' id='block_1_21' title="bbox 2396 686 3948 761">
    <p class='ocr_par' dir='ltr' id='par_1_21' title="bbox 2396 686 3948 761">
     <span class='ocr_line' id='line_1_21' title="bbox 2396 686 3948 761; baseline -0.003 -19"><span class='ocrx_word' id='word_1_139' title='bbox 2396 690 2684 742; x_wconf 79' lang='grc' dir='ltr'>ἀπόλαυσιν</span> <span class='ocrx_word' id='word_1_140' title='bbox 2732 698 2830 741; x_wconf 83' lang='grc' dir='ltr'>τῶν</span> <span class='ocrx_word' id='word_1_141' title='bbox 2895 689 3143 761; x_wconf 75' lang='grc' dir='ltr'>οὐρανίων</span> <span class='ocrx_word' id='word_1_142' title='bbox 3198 686 3422 758; x_wconf 82' lang='grc' dir='ltr'>ἀγαθῶν,</span> <span class='ocrx_word' id='word_1_143' title='bbox 3486 687 3525 739; x_wconf 81' lang='grc' dir='ltr'>εἰ</span> <span class='ocrx_word' id='word_1_144' title='bbox 3578 691 3645 757; x_wconf 73' lang='grc' dir='ltr'>μὴ</span> <span class='ocrx_word' id='word_1_145' title='bbox 3703 692 3786 738; x_wconf 80' lang='grc' dir='ltr'>καὶ</span> <span class='ocrx_word' id='word_1_146' title='bbox 3838 697 3948 739; x_wconf 87' lang='grc' dir='ltr'>ποιεῖ</span> 
     </span>
    </p>
   </div>
   <div class='ocr_carea' id='block_1_22' title="bbox 2394 776 3949 849">
    <p class='ocr_par' dir='ltr' id='par_1_22' title="bbox 2394 776 3949 849">
     <span class='ocr_line' id='line_1_22' title="bbox 2394 776 3949 849; baseline -0.001 -20"><span class='ocrx_word' id='word_1_147' title='bbox 2394 778 2428 829; x_wconf 84' lang='grc' dir='ltr'><strong>ἆ</strong></span> <span class='ocrx_word' id='word_1_148' title='bbox 2485 778 2635 849; x_wconf 85' lang='grc' dir='ltr'>λέγω.</span> <span class='ocrx_word' id='word_1_149' title='bbox 2696 779 2845 829; x_wconf 76' lang='grc' dir='ltr'>Οὕτω</span> <span class='ocrx_word' id='word_1_150' title='bbox 2897 780 2995 849; x_wconf 82' lang='grc' dir='ltr'>γὰρ</span> <span class='ocrx_word' id='word_1_151' title='bbox 3071 778 3389 849; x_wconf 76' lang='grc' dir='ltr'>προσέθηκεν</span> <span class='ocrx_word' id='word_1_152' title='bbox 3466 777 3490 826; x_wconf 86' lang='grc' dir='ltr'>ὁ</span> <span class='ocrx_word' id='word_1_153' title='bbox 3568 781 3785 835; x_wconf 84' lang='grc' dir='ltr'>Λουκᾶς.</span> <span class='ocrx_word' id='word_1_154' title='bbox 3840 776 3949 828; x_wconf 68' lang='grc' dir='ltr'>Οὔτε</span> 
     </span>
    </p>
   </div>
   <div class='ocr_carea' id='block_1_23' title="bbox 2392 864 3948 939">
    <p class='ocr_par' dir='ltr' id='par_1_23' title="bbox 2392 864 3948 939">
     <span class='ocr_line' id='line_1_23' title="bbox 2392 864 3948 939; baseline -0.003 -20"><span class='ocrx_word' id='word_1_155' title='bbox 2392 869 2490 939; x_wconf 84' lang='grc' dir='ltr'>γὰρ</span> <span class='ocrx_word' id='word_1_156' title='bbox 2547 872 2721 927; x_wconf 82' lang='grc' dir='ltr'>πίστις</span> <span class='ocrx_word' id='word_1_157' title='bbox 2771 872 2923 937; x_wconf 85' lang='grc' dir='ltr'>μόνον</span> <span class='ocrx_word' id='word_1_158' title='bbox 2982 864 3128 938; x_wconf 82' lang='grc' dir='ltr'>ἀρκεῖ</span> <span class='ocrx_word' id='word_1_159' title='bbox 3173 868 3301 937; x_wconf 85' lang='grc' dir='ltr'>πρός</span> <span class='ocrx_word' id='word_1_160' title='bbox 3353 868 3634 933; x_wconf 77' lang='grc' dir='ltr'>σωτηρίαν,</span> <span class='ocrx_word' id='word_1_161' title='bbox 3685 864 3724 915; x_wconf 83' lang='grc' dir='ltr'>εἰ</span> <span class='ocrx_word' id='word_1_162' title='bbox 3767 868 3831 935; x_wconf 81' lang='grc' dir='ltr'>μὴ</span> <span class='ocrx_word' id='word_1_163' title='bbox 3876 869 3948 915; x_wconf 84' lang='grc' dir='ltr'>καὶ</span> 
     </span>
    </p>
   </div>
   <div class='ocr_carea' id='block_1_24' title="bbox 2395 951 3947 1029">
    <p class='ocr_par' dir='ltr' id='par_1_24' title="bbox 2395 951 3947 1029">
     <span class='ocr_line' id='line_1_24' title="bbox 2395 951 3947 1029; baseline -0.003 -22"><span class='ocrx_word' id='word_1_164' title='bbox 2395 955 2512 1027; x_wconf 81' lang='grc' dir='ltr'>βίος</span> <span class='ocrx_word' id='word_1_165' title='bbox 2566 956 2709 1019; x_wconf 78' lang='grc' dir='ltr'>ἄξιος</span> <span class='ocrx_word' id='word_1_166' title='bbox 2756 965 2848 1017; x_wconf 80' lang='grc' dir='ltr'>τῆς</span> <span class='ocrx_word' id='word_1_167' title='bbox 2897 961 3113 1015; x_wconf 88' lang='grc' dir='ltr'>πίστεως</span> <span class='ocrx_word' id='word_1_168' title='bbox 3168 959 3467 1029; x_wconf 86' lang='grc' dir='ltr'>πρόσεστιν,</span> <span class='ocrx_word' id='word_1_169' title='bbox 3508 956 3623 1004; x_wconf 67' lang='grc' dir='ltr'>οὔτε</span> <span class='ocrx_word' id='word_1_170' title='bbox 3671 951 3780 1023; x_wconf 83' lang='grc' dir='ltr'>βίος</span> <span class='ocrx_word' id='word_1_171' title='bbox 3824 957 3947 1024; x_wconf 80' lang='grc' dir='ltr'>μόνον</span> 
     </span>
    </p>
   </div>
   <div class='ocr_carea' id='block_1_25' title="bbox 2394 1040 3949 1117">
    <p class='ocr_par' dir='ltr' id='par_1_25' title="bbox 2394 1040 3949 1117">
     <span class='ocr_line' id='line_1_25' title="bbox 2394 1040 3949 1117; baseline -0.001 -22"><span class='ocrx_word' id='word_1_172' title='bbox 2394 1044 2644 1117; x_wconf 77' lang='grc' dir='ltr'>ἐνάρετος,</span> <span class='ocrx_word' id='word_1_173' title='bbox 2705 1045 2747 1097; x_wconf 79' lang='grc' dir='ltr'>εἰ</span> <span class='ocrx_word' id='word_1_174' title='bbox 2800 1049 2869 1116; x_wconf 80' lang='grc' dir='ltr'>μὴ</span> <span class='ocrx_word' id='word_1_175' title='bbox 2936 1048 3023 1095; x_wconf 82' lang='grc' dir='ltr'>καὶ</span> <span class='ocrx_word' id='word_1_176' title='bbox 3085 1048 3263 1095; x_wconf 85' lang='grc' dir='ltr'>πίστιν</span> <span class='ocrx_word' id='word_1_177' title='bbox 3316 1042 3544 1095; x_wconf 89' lang='grc' dir='ltr'>πλουτεῖ.</span> <span class='ocrx_word' id='word_1_178' title='bbox 3608 1048 3846 1116; x_wconf 76' lang='grc' dir='ltr'>Προσὴκει</span> <span class='ocrx_word' id='word_1_179' title='bbox 3904 1040 3949 1094; x_wconf 74' lang='grc' dir='ltr'>δὲ</span> 
     </span>
    </p>
   </div>
   <div class='ocr_carea' id='block_1_26' title="bbox 2392 1129 3949 1207">
    <p class='ocr_par' dir='ltr' id='par_1_26' title="bbox 2392 1129 3949 1207">
     <span class='ocr_line' id='line_1_26' title="bbox 2392 1129 3949 1207; baseline -0.003 -22"><span class='ocrx_word' id='word_1_180' title='bbox 2392 1131 2659 1207; x_wconf 80' lang='grc' dir='ltr'>ἀμφότερα</span> <span class='ocrx_word' id='word_1_181' title='bbox 2712 1133 3097 1204; x_wconf 77' lang='grc' dir='ltr'>συζευχθῆναι,</span> <span class='ocrx_word' id='word_1_182' title='bbox 3156 1136 3243 1184; x_wconf 79' lang='grc' dir='ltr'>καὶ</span> <span class='ocrx_word' id='word_1_183' title='bbox 3305 1136 3374 1204; x_wconf 82' lang='grc' dir='ltr'>μὴ</span> <span class='ocrx_word' id='word_1_184' title='bbox 3424 1129 3783 1202; x_wconf 68' lang='grc' dir='ltr'>ἀπολειφθῆναι</span> <span class='ocrx_word' id='word_1_185' title='bbox 3832 1132 3949 1182; x_wconf 79' lang='grc' dir='ltr'>θατέ-</span> 
     </span>
    </p>
   </div>
   <div class='ocr_carea' id='block_1_27' title="bbox 2390 1220 3949 1297">
    <p class='ocr_par' dir='ltr' id='par_1_27' title="bbox 2390 1220 3949 1297">
     <span class='ocr_line' id='line_1_27' title="bbox 2390 1220 3949 1297; baseline -0.003 -23"><span class='ocrx_word' id='word_1_186' title='bbox 2390 1242 2485 1297; x_wconf 88' lang='grc' dir='ltr'>ρου</span> <span class='ocrx_word' id='word_1_187' title='bbox 2540 1224 2767 1295; x_wconf 79' lang='grc' dir='ltr'>θάτερον.</span> <span class='ocrx_word' id='word_1_188' title='bbox 2825 1225 2893 1274; x_wconf 87' lang='grc' dir='ltr'>Τὸ</span> <span class='ocrx_word' id='word_1_189' title='bbox 2945 1224 3043 1297; x_wconf 82' lang='grc' dir='ltr'>γὰρ</span> <span class='ocrx_word' id='word_1_190' title='bbox 3102 1220 3371 1293; x_wconf 74' lang='grc' dir='ltr'>ὀνομάζειν</span> <span class='ocrx_word' id='word_1_191' title='bbox 3425 1220 3579 1272; x_wconf 75' lang='grc' dir='ltr'>αὐτόν</span> <span class='ocrx_word' id='word_1_192' title='bbox 3638 1222 3831 1293; x_wconf 79' lang='grc' dir='ltr'>Κύριον,</span> <span class='ocrx_word' id='word_1_193' title='bbox 3879 1224 3949 1271; x_wconf 86' lang='grc' dir='ltr'>πί-</span> 
     </span>
    </p>
   </div>
   <div class='ocr_carea' id='block_1_28' title="bbox 2394 1306 3950 1383">
    <p class='ocr_par' dir='ltr' id='par_1_28' title="bbox 2394 1306 3950 1383">
     <span class='ocr_line' id='line_1_28' title="bbox 2394 1306 3950 1383; baseline -0.004 -20"><span class='ocrx_word' id='word_1_194' title='bbox 2394 1330 2549 1372; x_wconf 91' lang='grc' dir='ltr'>στεως</span> <span class='ocrx_word' id='word_1_195' title='bbox 2579 1316 2738 1383; x_wconf 82' lang='grc' dir='ltr'>μόνης</span> <span class='ocrx_word' id='word_1_196' title='bbox 2769 1309 2903 1366; x_wconf 85' lang='grc' dir='ltr'>ἐστί.</span> <span class='ocrx_word' id='word_1_197' title='bbox 2948 1314 3047 1362; x_wconf 83' lang='grc' dir='ltr'>Καὶ</span> <span class='ocrx_word' id='word_1_198' title='bbox 3090 1319 3197 1372; x_wconf 82' lang='grc' dir='ltr'>πῶς</span> <span class='ocrx_word' id='word_1_199' title='bbox 3226 1310 3318 1361; x_wconf 80' lang='grc' dir='ltr'>ούκ</span> <span class='ocrx_word' id='word_1_200' title='bbox 3346 1306 3480 1362; x_wconf 83' lang='grc' dir='ltr'>εἶπεν</span> <span class='ocrx_word' id='word_1_201' title='bbox 3533 1326 3545 1337; x_wconf 92' lang='grc'><strong>·</strong></span> <span class='ocrx_word' id='word_1_202' title='bbox 3599 1307 3722 1361; x_wconf 84' lang='grc' dir='ltr'>Ἀλλ’</span> <span class='ocrx_word' id='word_1_203' title='bbox 3752 1309 3774 1359; x_wconf 90' lang='grc' dir='ltr'>ό</span> <span class='ocrx_word' id='word_1_204' title='bbox 3818 1316 3950 1359; x_wconf 79' lang='grc' dir='ltr'>ποιῶν</span> 
     </span>
    </p>
   </div>
   <div class='ocr_carea' id='block_1_29' title="bbox 2391 1398 3952 1472">
    <p class='ocr_par' dir='ltr' id='par_1_29' title="bbox 2391 1398 3952 1472">
     <span class='ocr_line' id='line_1_29' title="bbox 2391 1398 3952 1472; baseline -0.003 -20"><span class='ocrx_word' id='word_1_205' title='bbox 2391 1404 2448 1452; x_wconf 89' lang='grc' dir='ltr'>τό</span> <span class='ocrx_word' id='word_1_206' title='bbox 2483 1401 2679 1472; x_wconf 84' lang='grc' dir='ltr'>θέλημα</span> <span class='ocrx_word' id='word_1_207' title='bbox 2724 1404 2782 1451; x_wconf 90' lang='grc' dir='ltr'>τό</span> <span class='ocrx_word' id='word_1_208' title='bbox 2823 1398 2987 1471; x_wconf 85' lang='grc' dir='ltr'>ἐμόν;</span> <span class='ocrx_word' id='word_1_209' title='bbox 3036 1402 3131 1451; x_wconf 89' lang='grc' dir='ltr'>Διά</span> <span class='ocrx_word' id='word_1_210' title='bbox 3183 1402 3240 1450; x_wconf 89' lang='grc' dir='ltr'>τό</span> <span class='ocrx_word' id='word_1_211' title='bbox 3293 1404 3449 1471; x_wconf 80' lang='grc' dir='ltr'>τιμᾷν</span> <span class='ocrx_word' id='word_1_212' title='bbox 3500 1401 3588 1450; x_wconf 75' lang='grc' dir='ltr'>τόν</span> <span class='ocrx_word' id='word_1_213' title='bbox 3646 1400 3853 1469; x_wconf 82' lang='grc' dir='ltr'>Πατέρα,</span> <span class='ocrx_word' id='word_1_214' title='bbox 3880 1402 3952 1447; x_wconf 80' lang='grc' dir='ltr'>καὶ</span> 
     </span>
    </p>
   </div>
   <div class='ocr_carea' id='block_1_30' title="bbox 2394 1485 3953 1562">
    <p class='ocr_par' dir='ltr' id='par_1_30' title="bbox 2394 1485 3953 1562">
     <span class='ocr_line' id='line_1_30' title="bbox 2394 1485 3953 1562; baseline -0.003 -21"><span class='ocrx_word' id='word_1_215' title='bbox 2394 1486 2487 1542; x_wconf 80' lang='grc' dir='ltr'>διὰ</span> <span class='ocrx_word' id='word_1_216' title='bbox 2522 1493 2681 1561; x_wconf 78' lang='grc' dir='ltr'>τὸμὴ</span> <span class='ocrx_word' id='word_1_217' title='bbox 2729 1490 2897 1562; x_wconf 85' lang='grc' dir='ltr'>ἓτερον</span> <span class='ocrx_word' id='word_1_218' title='bbox 2942 1485 3070 1540; x_wconf 83' lang='grc' dir='ltr'>εἶναι</span> <span class='ocrx_word' id='word_1_219' title='bbox 3117 1491 3297 1541; x_wconf 79' lang='grc' dir='ltr'>τὸτοῦ</span> <span class='ocrx_word' id='word_1_220' title='bbox 3349 1490 3555 1561; x_wconf 82' lang='grc' dir='ltr'>Πατρός</span> <span class='ocrx_word' id='word_1_221' title='bbox 3603 1486 3806 1558; x_wconf 73' lang='grc' dir='ltr'>θελημα,</span> <span class='ocrx_word' id='word_1_222' title='bbox 3836 1488 3953 1559; x_wconf 80' lang='grc' dir='ltr'>παρὰ</span> 
     </span>
    </p>
   </div>
   <div class='ocr_carea' id='block_1_31' title="bbox 2392 1573 3952 1650">
    <p class='ocr_par' dir='ltr' id='par_1_31' title="bbox 2392 1573 3952 1650">
     <span class='ocr_line' id='line_1_31' title="bbox 2392 1573 3952 1650; baseline -0.003 -21"><span class='ocrx_word' id='word_1_223' title='bbox 2392 1581 2450 1629; x_wconf 91' lang='grc' dir='ltr'>τό</span> <span class='ocrx_word' id='word_1_224' title='bbox 2482 1585 2571 1630; x_wconf 83' lang='grc' dir='ltr'>τοῦ</span> <span class='ocrx_word' id='word_1_225' title='bbox 2602 1581 2742 1631; x_wconf 82' lang='grc' dir='ltr'>Υἱοῡ.</span> <span class='ocrx_word' id='word_1_226' title='bbox 2791 1577 2997 1649; x_wconf 80' lang='grc' dir='ltr'>Θέλημα</span> <span class='ocrx_word' id='word_1_227' title='bbox 3047 1573 3105 1629; x_wconf 75' lang='grc' dir='ltr'>δὲ</span> <span class='ocrx_word' id='word_1_228' title='bbox 3156 1584 3248 1629; x_wconf 71' lang='grc' dir='ltr'>τοῦ</span> <span class='ocrx_word' id='word_1_229' title='bbox 3294 1579 3516 1650; x_wconf 77' lang='grc' dir='ltr'>Πατρός,</span> <span class='ocrx_word' id='word_1_230' title='bbox 3569 1578 3622 1627; x_wconf 83' lang='grc' dir='ltr'>αἱ</span> <span class='ocrx_word' id='word_1_231' title='bbox 3662 1574 3952 1627; x_wconf 85' lang='grc' dir='ltr'>ἐντολαὶτοῦ</span> 
     </span>
    </p>
   </div>
   <div class='ocr_carea' id='block_1_32' title="bbox 2393 1669 2541 1723">
    <p class='ocr_par' dir='ltr' id='par_1_32' title="bbox 2393 1669 2541 1723">
     <span class='ocr_line' id='line_1_32' title="bbox 2393 1669 2541 1723; baseline -0.014 -3"><span class='ocrx_word' id='word_1_232' title='bbox 2393 1669 2541 1723; x_wconf 60' lang='lat' dir='ltr'>fiat).</span> 
     </span>
    </p>
   </div>
   <div class='ocr_carea' id='block_1_33' title="bbox 2466 1748 3953 1825">
    <p class='ocr_par' dir='ltr' id='par_1_33' title="bbox 2466 1748 3953 1825">
     <span class='ocr_line' id='line_1_33' title="bbox 2466 1748 3953 1825; baseline -0.003 -19"><span class='ocrx_word' id='word_1_233' title='bbox 2466 1754 2648 1807; x_wconf 86' lang='grc' dir='ltr'>Πολλοὶ</span> <span class='ocrx_word' id='word_1_234' title='bbox 2703 1752 2935 1825; x_wconf 81' lang='grc' dir='ltr'>ἀνομίαν,</span> <span class='ocrx_word' id='word_1_235' title='bbox 2984 1752 3107 1810; x_wconf 71' lang='grc' dir='ltr'>Ὀτι</span> <span class='ocrx_word' id='word_1_236' title='bbox 3153 1755 3242 1824; x_wconf 73' lang='grc' dir='ltr'>μεν</span> <span class='ocrx_word' id='word_1_237' title='bbox 3300 1752 3510 1813; x_wconf 62' lang='grc' dir='ltr'>κόλασις</span> <span class='ocrx_word' id='word_1_238' title='bbox 3569 1748 3819 1815; x_wconf 76' lang='grc' dir='ltr'>ἐκδέξεται</span> <span class='ocrx_word' id='word_1_239' title='bbox 3860 1756 3953 1810; x_wconf 67' lang='grc' dir='ltr'>τοὺς</span> 
     </span>
    </p>
   </div>
   <div class='ocr_carea' id='block_1_34' title="bbox 625 1838 2287 1920">
    <p class='ocr_par' dir='ltr' id='par_1_34' title="bbox 625 1846 2281 1920">
     <span class='ocr_line' id='line_1_34' title="bbox 625 1846 2281 1920; baseline 0 -17"><span class='ocrx_word' id='word_1_240' title='bbox 625 1846 1093 1919; x_wconf 70' lang='lat' dir='ltr'>praecedentibus</span> <span class='ocrx_word' id='word_1_241' title='bbox 1132 1848 1376 1920; x_wconf 90' lang='lat' dir='ltr'>quidem</span> <span class='ocrx_word' id='word_1_242' title='bbox 1409 1848 1682 1905; x_wconf 91' lang='lat' dir='ltr'>docendo</span> <span class='ocrx_word' id='word_1_243' title='bbox 1705 1849 1917 1915; x_wconf 91' lang='lat' dir='ltr'>innuit,</span> <span class='ocrx_word' id='word_1_244' title='bbox 1950 1848 2117 1920; x_wconf 92' lang='lat' dir='ltr'>quod</span> <span class='ocrx_word' id='word_1_245' title='bbox 2147 1862 2281 1919; x_wconf 90' lang='lat' dir='ltr'>pec-</span> 
     </span>
    </p>
   </div>
   <div class='ocr_carea' id='block_1_35' title="bbox 2395 1838 3953 1920">
    <p class='ocr_par' dir='ltr' id='par_1_35' title="bbox 2395 1838 3953 1915">
     <span class='ocr_line' id='line_1_35' title="bbox 2395 1838 3953 1915; baseline -0.003 -20"><span class='ocrx_word' id='word_1_246' title='bbox 2395 1842 2745 1915; x_wconf 78' lang='grc' dir='ltr'>ἁμαρτωλοὺς,</span> <span class='ocrx_word' id='word_1_247' title='bbox 2773 1841 3041 1915; x_wconf 77' lang='grc' dir='ltr'>προλαϐὼν</span> <span class='ocrx_word' id='word_1_248' title='bbox 3080 1838 3291 1902; x_wconf 73' lang='grc' dir='ltr'>ἐδίδαξε</span> <span class='ocrx_word' id='word_1_249' title='bbox 3322 1857 3334 1870; x_wconf 82' lang='grc'><strong>’</strong></span> <span class='ocrx_word' id='word_1_250' title='bbox 3366 1849 3453 1892; x_wconf 76' lang='grc' dir='ltr'>νῦν</span> <span class='ocrx_word' id='word_1_251' title='bbox 3500 1838 3560 1893; x_wconf 75' lang='grc' dir='ltr'>δε</span> <span class='ocrx_word' id='word_1_252' title='bbox 3611 1840 3759 1912; x_wconf 85' lang='grc' dir='ltr'>λέγει,</span> <span class='ocrx_word' id='word_1_253' title='bbox 3784 1846 3863 1892; x_wconf 84' lang='grc' dir='ltr'>καὶ</span> <span class='ocrx_word' id='word_1_254' title='bbox 3892 1846 3953 1899; x_wconf 84' lang='grc' dir='ltr'>τίς</span> 
     </span>
    </p>
   </div>
   <div class='ocr_carea' id='block_1_36' title="bbox 626 1937 2280 2010">
    <p class='ocr_par' dir='ltr' id='par_1_36' title="bbox 626 1937 2280 2010">
     <span class='ocr_line' id='line_1_36' title="bbox 626 1937 2280 2010; baseline 0.001 -18"><span class='ocrx_word' id='word_1_255' title='bbox 626 1940 856 1993; x_wconf 86' lang='lat' dir='ltr'>catores</span> <span class='ocrx_word' id='word_1_256' title='bbox 903 1940 1283 2008; x_wconf 83' lang='lat' dir='ltr'>excepturum</span> <span class='ocrx_word' id='word_1_257' title='bbox 1342 1938 1418 1994; x_wconf 92' lang='lat' dir='ltr'>sit</span> <span class='ocrx_word' id='word_1_258' title='bbox 1471 1937 1879 2010; x_wconf 88' lang='lat' dir='ltr'>supplicium:</span> <span class='ocrx_word' id='word_1_259' title='bbox 1922 1951 2084 1993; x_wconf 92' lang='lat' dir='ltr'>nunc</span> <span class='ocrx_word' id='word_1_260' title='bbox 2136 1952 2280 1993; x_wconf 90' lang='lat' dir='ltr'>vero</span> 
     </span>
    </p>
   </div>
   <div class='ocr_carea' id='block_1_37' title="bbox 625 2024 2283 2097">
    <p class='ocr_par' dir='ltr' id='par_1_37' title="bbox 625 2024 2283 2097">
     <span class='ocr_line' id='line_1_37' title="bbox 625 2024 2283 2097; baseline -0.001 -16"><span class='ocrx_word' id='word_1_261' title='bbox 625 2026 890 2097; x_wconf 83' lang='lat' dir='ltr'>apertius</span> <span class='ocrx_word' id='word_1_262' title='bbox 921 2024 983 2081; x_wconf 92' lang='lat' dir='ltr'>id</span> <span class='ocrx_word' id='word_1_263' title='bbox 1024 2025 1190 2083; x_wconf 89' lang='lat' dir='ltr'>dicit.</span> <span class='ocrx_word' id='word_1_264' title='bbox 1223 2026 1365 2092; x_wconf 86' lang='lat' dir='ltr'>Quis</span> <span class='ocrx_word' id='word_1_265' title='bbox 1417 2029 1507 2081; x_wconf 92' lang='lat' dir='ltr'>est</span> <span class='ocrx_word' id='word_1_266' title='bbox 1551 2029 1752 2083; x_wconf 89' lang='lat' dir='ltr'>autem</span> <span class='ocrx_word' id='word_1_267' title='bbox 1810 2025 1914 2097; x_wconf 89' lang='lat' dir='ltr'>qui</span> <span class='ocrx_word' id='word_1_268' title='bbox 1944 2024 2118 2097; x_wconf 88' lang='lat' dir='ltr'>punit</span> <span class='ocrx_word' id='word_1_269' title='bbox 2173 2024 2283 2080; x_wconf 89' lang='lat' dir='ltr'>im-</span> 
     </span>
    </p>
   </div>
   <div class='ocr_carea' id='block_1_38' title="bbox 628 2114 2283 2186">
    <p class='ocr_par' dir='ltr' id='par_1_38' title="bbox 628 2114 2283 2186">
     <span class='ocr_line' id='line_1_38' title="bbox 628 2114 2283 2186; baseline -0.001 -17"><span class='ocrx_word' id='word_1_270' title='bbox 628 2114 783 2186; x_wconf 89' lang='lat' dir='ltr'>pios,</span> <span class='ocrx_word' id='word_1_271' title='bbox 837 2114 952 2169; x_wconf 90' lang='lat' dir='ltr'>nisi</span> <span class='ocrx_word' id='word_1_272' title='bbox 1001 2114 1127 2185; x_wconf 89' lang='lat' dir='ltr'>ipse</span> <span class='ocrx_word' id='word_1_273' title='bbox 1158 2115 1185 2171; x_wconf 79' lang='lat'><strong>?</strong></span> <span class='ocrx_word' id='word_1_274' title='bbox 1242 2115 1359 2171; x_wconf 92' lang='lat' dir='ltr'>Sed</span> <span class='ocrx_word' id='word_1_275' title='bbox 1406 2130 1543 2170; x_wconf 90' lang='lat' dir='ltr'>cum</span> <span class='ocrx_word' id='word_1_276' title='bbox 1584 2119 1761 2172; x_wconf 85' lang='lat' dir='ltr'>antea</span> <span class='ocrx_word' id='word_1_277' title='bbox 1804 2115 2047 2170; x_wconf 80' lang='lat' dir='ltr'>dixisset</span> <span class='ocrx_word' id='word_1_278' title='bbox 2089 2132 2102 2170; x_wconf 89' lang='lat'><strong>:</strong></span> <span class='ocrx_word' id='word_1_279' title='bbox 2154 2115 2283 2169; x_wconf 87' lang='lat' dir='ltr'>Non</span> 
     </span>
    </p>
   </div>
   <div class='ocr_carea' id='block_1_39' title="bbox 627 2202 2283 2274">
    <p class='ocr_par' dir='ltr' id='par_1_39' title="bbox 627 2202 2283 2274">
     <span class='ocr_line' id='line_1_39' title="bbox 627 2202 2283 2274; baseline 0 -17"><span class='ocrx_word' id='word_1_280' title='bbox 627 2204 825 2257; x_wconf 91' lang='lat' dir='ltr'>omnis</span> <span class='ocrx_word' id='word_1_281' title='bbox 850 2202 955 2274; x_wconf 91' lang='lat' dir='ltr'>qui</span> <span class='ocrx_word' id='word_1_282' title='bbox 986 2202 1173 2258; x_wconf 88' lang='lat' dir='ltr'>credit</span> <span class='ocrx_word' id='word_1_283' title='bbox 1201 2202 1262 2257; x_wconf 93' lang='lat' dir='ltr'>in</span> <span class='ocrx_word' id='word_1_284' title='bbox 1294 2218 1389 2258; x_wconf 91' lang='lat' dir='ltr'>me</span> <span class='ocrx_word' id='word_1_285' title='bbox 1444 2203 1810 2272; x_wconf 86' lang='lat' dir='ltr'>ingredietur</span> <span class='ocrx_word' id='word_1_286' title='bbox 1861 2218 2117 2272; x_wconf 87' lang='lat' dir='ltr'>regnum</span> <span class='ocrx_word' id='word_1_287' title='bbox 2167 2216 2283 2257; x_wconf 79' lang='lat' dir='ltr'>cce-</span> 
     </span>
    </p>
   </div>
   <div class='ocr_carea' id='block_1_40' title="bbox 625 2289 2278 2362">
    <p class='ocr_par' dir='ltr' id='par_1_40' title="bbox 625 2289 2278 2362">
     <span class='ocr_line' id='line_1_40' title="bbox 625 2289 2278 2362; baseline -0.001 -16"><span class='ocrx_word' id='word_1_288' title='bbox 625 2289 842 2358; x_wconf 90' lang='lat' dir='ltr'>lorum,</span> <span class='ocrx_word' id='word_1_289' title='bbox 876 2290 990 2346; x_wconf 92' lang='lat' dir='ltr'>nisi</span> <span class='ocrx_word' id='word_1_290' title='bbox 1021 2296 1079 2347; x_wconf 94' lang='lat' dir='ltr'>et</span> <span class='ocrx_word' id='word_1_291' title='bbox 1106 2292 1287 2347; x_wconf 90' lang='lat' dir='ltr'>vitam</span> <span class='ocrx_word' id='word_1_292' title='bbox 1321 2291 1689 2362; x_wconf 86' lang='lat' dir='ltr'>condignam</span> <span class='ocrx_word' id='word_1_293' title='bbox 1710 2291 1933 2347; x_wconf 91' lang='lat' dir='ltr'>habere</span> <span class='ocrx_word' id='word_1_294' title='bbox 1964 2291 2278 2356; x_wconf 84' lang='lat' dir='ltr'>curaverit,</span> 
     </span>
    </p>
   </div>
   <div class='ocr_carea' id='block_1_41' title="bbox 626 2378 2283 2451">
    <p class='ocr_par' dir='ltr' id='par_1_41' title="bbox 626 2378 2283 2451">
     <span class='ocr_line' id='line_1_41' title="bbox 626 2378 2283 2451; baseline -0.001 -16"><span class='ocrx_word' id='word_1_295' title='bbox 626 2393 791 2435; x_wconf 89' lang='lat' dir='ltr'>nunc</span> <span class='ocrx_word' id='word_1_296' title='bbox 835 2382 891 2435; x_wconf 92' lang='lat' dir='ltr'>et</span> <span class='ocrx_word' id='word_1_297' title='bbox 935 2378 1097 2434; x_wconf 89' lang='lat' dir='ltr'>aliud</span> <span class='ocrx_word' id='word_1_298' title='bbox 1154 2379 1321 2450; x_wconf 86' lang='lat' dir='ltr'>quod</span> <span class='ocrx_word' id='word_1_299' title='bbox 1360 2379 1694 2436; x_wconf 91' lang='lat' dir='ltr'>mirabilius</span> <span class='ocrx_word' id='word_1_300' title='bbox 1734 2384 1841 2446; x_wconf 85' lang='lat' dir='ltr'>est,</span> <span class='ocrx_word' id='word_1_301' title='bbox 1894 2378 2078 2447; x_wconf 86' lang='lat' dir='ltr'>addit,</span> <span class='ocrx_word' id='word_1_302' title='bbox 2115 2380 2283 2451; x_wconf 90' lang='lat' dir='ltr'>quod</span> 
     </span>
    </p>
   </div>
   <div class='ocr_carea' id='block_1_42' title="bbox 626 2467 2283 2539">
    <p class='ocr_par' dir='ltr' id='par_1_42' title="bbox 626 2467 2283 2539">
     <span class='ocr_line' id='line_1_42' title="bbox 626 2467 2283 2539; baseline -0.001 -15"><span class='ocrx_word' id='word_1_303' title='bbox 626 2482 822 2539; x_wconf 88' lang='lat' dir='ltr'>neque</span> <span class='ocrx_word' id='word_1_304' title='bbox 852 2467 1027 2538; x_wconf 88' lang='lat' dir='ltr'>signa</span> <span class='ocrx_word' id='word_1_305' title='bbox 1064 2471 1121 2523; x_wconf 88' lang='lat' dir='ltr'>et</span> <span class='ocrx_word' id='word_1_306' title='bbox 1151 2467 1443 2526; x_wconf 88' lang='lat' dir='ltr'>miracula</span> <span class='ocrx_word' id='word_1_307' title='bbox 1480 2468 1741 2534; x_wconf 89' lang='lat' dir='ltr'>edentes,</span> <span class='ocrx_word' id='word_1_308' title='bbox 1792 2484 1862 2525; x_wconf 87' lang='lat' dir='ltr'>eo</span> <span class='ocrx_word' id='word_1_309' title='bbox 1884 2483 2070 2538; x_wconf 87' lang='lat' dir='ltr'>regno</span> <span class='ocrx_word' id='word_1_310' title='bbox 2118 2467 2283 2537; x_wconf 88' lang='lat' dir='ltr'>digni</span> 
     </span>
    </p>
   </div>
   <div class='ocr_carea' id='block_1_43' title="bbox 628 2555 2280 2629">
    <p class='ocr_par' dir='ltr' id='par_1_43' title="bbox 628 2555 2280 2629">
     <span class='ocr_line' id='line_1_43' title="bbox 628 2555 2280 2629; baseline -0.001 -19"><span class='ocrx_word' id='word_1_311' title='bbox 628 2555 1031 2622; x_wconf 88' lang='lat' dir='ltr'>habebuntur,</span> <span class='ocrx_word' id='word_1_312' title='bbox 1055 2555 1168 2611; x_wconf 92' lang='lat' dir='ltr'>nisi</span> <span class='ocrx_word' id='word_1_313' title='bbox 1197 2557 1376 2612; x_wconf 86' lang='lat' dir='ltr'>etiam</span> <span class='ocrx_word' id='word_1_314' title='bbox 1399 2560 1457 2613; x_wconf 93' lang='lat' dir='ltr'>et</span> <span class='ocrx_word' id='word_1_315' title='bbox 1486 2556 1609 2613; x_wconf 91' lang='lat' dir='ltr'>vita</span> <span class='ocrx_word' id='word_1_316' title='bbox 1634 2556 2097 2629; x_wconf 89' lang='lat' dir='ltr'>correspondeat</span> <span class='ocrx_word' id='word_1_317' title='bbox 2120 2555 2280 2612; x_wconf 90' lang='lat' dir='ltr'>ﬁdei.</span> 
     </span>
    </p>
   </div>
   <div class='ocr_carea' id='block_1_44' title="bbox 637 2643 2285 2718">
    <p class='ocr_par' dir='ltr' id='par_1_44' title="bbox 637 2643 2285 2718">
     <span class='ocr_line' id='line_1_44' title="bbox 637 2643 2285 2718; baseline 0 -19"><span class='ocrx_word' id='word_1_318' title='bbox 637 2646 782 2700; x_wconf 91' lang='lat' dir='ltr'>Ecce</span> <span class='ocrx_word' id='word_1_319' title='bbox 806 2643 965 2700; x_wconf 91' lang='lat' dir='ltr'>enim</span> <span class='ocrx_word' id='word_1_320' title='bbox 997 2648 1053 2701; x_wconf 91' lang='lat' dir='ltr'>et</span> <span class='ocrx_word' id='word_1_321' title='bbox 1096 2644 1159 2699; x_wconf 91' lang='lat' dir='ltr'>hi</span> <span class='ocrx_word' id='word_1_322' title='bbox 1214 2644 1403 2701; x_wconf 88' lang='lat' dir='ltr'>multa</span> <span class='ocrx_word' id='word_1_323' title='bbox 1433 2645 1574 2703; x_wconf 89' lang='lat' dir='ltr'>talia</span> <span class='ocrx_word' id='word_1_324' title='bbox 1618 2645 1848 2718; x_wconf 89' lang='lat' dir='ltr'>operati</span> <span class='ocrx_word' id='word_1_325' title='bbox 1894 2644 2147 2711; x_wconf 89' lang='lat' dir='ltr'>fuerant,</span> <span class='ocrx_word' id='word_1_326' title='bbox 2181 2643 2285 2700; x_wconf 88' lang='lat' dir='ltr'>ab-</span> 
     </span>
    </p>
   </div>
   <div class='ocr_carea' id='block_1_45' title="bbox 627 2724 2281 2805">
    <p class='ocr_par' dir='ltr' id='par_1_45' title="bbox 627 2724 2281 2805">
     <span class='ocr_line' id='line_1_45' title="bbox 627 2724 2281 2805; baseline 0.001 -19"><span class='ocrx_word' id='word_1_327' title='bbox 627 2732 907 2802; x_wconf 89' lang='lat' dir='ltr'>jicientur</span> <span class='ocrx_word' id='word_1_328' title='bbox 939 2724 1162 2801; x_wconf 61' lang='lat' dir='ltr'>tamen,</span> <span class='ocrx_word' id='word_1_329' title='bbox 1189 2748 1259 2789; x_wconf 92' lang='lat' dir='ltr'>eo</span> <span class='ocrx_word' id='word_1_330' title='bbox 1287 2733 1449 2805; x_wconf 90' lang='lat' dir='ltr'>quod</span> <span class='ocrx_word' id='word_1_331' title='bbox 1475 2734 1657 2790; x_wconf 90' lang='lat' dir='ltr'>vitam</span> <span class='ocrx_word' id='word_1_332' title='bbox 1692 2750 1864 2789; x_wconf 92' lang='lat' dir='ltr'>suam</span> <span class='ocrx_word' id='word_1_333' title='bbox 1893 2734 2281 2803; x_wconf 76' lang='lat' dir='ltr'>neglexerint.</span> 
     </span>
    </p>
   </div>
   <div class='ocr_carea' id='block_1_46' title="bbox 635 2820 2281 2894">
    <p class='ocr_par' dir='ltr' id='par_1_46' title="bbox 635 2820 2281 2894">
     <span class='ocr_line' id='line_1_46' title="bbox 635 2820 2281 2894; baseline 0 -17"><span class='ocrx_word' id='word_1_334' title='bbox 635 2820 814 2891; x_wconf 83' lang='lat' dir='ltr'>Multi,</span> <span class='ocrx_word' id='word_1_335' title='bbox 848 2820 1059 2893; x_wconf 84' lang='lat' dir='ltr'>inquit,</span> <span class='ocrx_word' id='word_1_336' title='bbox 1098 2821 1171 2877; x_wconf 84' lang='lat' dir='ltr'>ab</span> <span class='ocrx_word' id='word_1_337' title='bbox 1221 2837 1291 2877; x_wconf 90' lang='lat' dir='ltr'>eo</span> <span class='ocrx_word' id='word_1_338' title='bbox 1314 2823 1479 2894; x_wconf 92' lang='lat' dir='ltr'>quod</span> <span class='ocrx_word' id='word_1_339' title='bbox 1530 2827 1755 2879; x_wconf 92' lang='lat' dir='ltr'>rectum</span> <span class='ocrx_word' id='word_1_340' title='bbox 1785 2826 1875 2879; x_wconf 92' lang='lat' dir='ltr'>est</span> <span class='ocrx_word' id='word_1_341' title='bbox 1922 2822 2281 2887; x_wconf 83' lang='lat' dir='ltr'>excidentes,</span> 
     </span>
    </p>
   </div>
   <div class='ocr_carea' id='block_1_47' title="bbox 633 2907 2287 2984">
    <p class='ocr_par' dir='ltr' id='par_1_47' title="bbox 633 2907 2287 2984">
     <span class='ocr_line' id='line_1_47' title="bbox 633 2907 2287 2984; baseline 0.001 -20"><span class='ocrx_word' id='word_1_342' title='bbox 633 2907 762 2965; x_wconf 66' lang='lat' dir='ltr'>hinc</span> <span class='ocrx_word' id='word_1_343' title='bbox 793 2914 849 2965; x_wconf 89' lang='lat' dir='ltr'>et</span> <span class='ocrx_word' id='word_1_344' title='bbox 871 2910 969 2967; x_wconf 89' lang='lat' dir='ltr'>illa</span> <span class='ocrx_word' id='word_1_345' title='bbox 1015 2910 1155 2965; x_wconf 88' lang='lat' dir='ltr'>mihi</span> <span class='ocrx_word' id='word_1_346' title='bbox 1188 2910 1402 2966; x_wconf 91' lang='lat' dir='ltr'>dicent.</span> <span class='ocrx_word' id='word_1_347' title='bbox 1463 2911 1633 2967; x_wconf 93' lang='lat' dir='ltr'>Illum</span> <span class='ocrx_word' id='word_1_348' title='bbox 1673 2911 1918 2984; x_wconf 89' lang='lat' dir='ltr'>quidem</span> <span class='ocrx_word' id='word_1_349' title='bbox 1965 2912 2147 2979; x_wconf 91' lang='lat' dir='ltr'>diem,</span> <span class='ocrx_word' id='word_1_350' title='bbox 2201 2911 2287 2967; x_wconf 92' lang='lat' dir='ltr'>di-</span> 
     </span>
    </p>
   </div>
   <div class='ocr_carea' id='block_1_48' title="bbox 634 2998 2281 3072">
    <p class='ocr_par' dir='ltr' id='par_1_48' title="bbox 634 2998 2281 3072">
     <span class='ocr_line' id='line_1_48' title="bbox 634 2998 2281 3072; baseline -0.001 -18"><span class='ocrx_word' id='word_1_351' title='bbox 634 2999 717 3055; x_wconf 80' lang='lat' dir='ltr'>xit</span> <span class='ocrx_word' id='word_1_352' title='bbox 745 2998 903 3054; x_wconf 88' lang='lat' dir='ltr'>diem</span> <span class='ocrx_word' id='word_1_353' title='bbox 929 2998 1139 3072; x_wconf 90' lang='lat' dir='ltr'>judicii</span> <span class='ocrx_word' id='word_1_354' title='bbox 1165 3020 1176 3053; x_wconf 93' lang='lat'><strong>:</strong></span> <span class='ocrx_word' id='word_1_355' title='bbox 1210 3014 1424 3071; x_wconf 89' lang='lat' dir='ltr'>nempe</span> <span class='ocrx_word' id='word_1_356' title='bbox 1442 3006 1819 3069; x_wconf 82' lang='lat' dir='ltr'>cognitumet</span> <span class='ocrx_word' id='word_1_357' title='bbox 1849 3004 2281 3072; x_wconf 84' lang='lat' dir='ltr'>exspectatum.</span> 
     </span>
    </p>
   </div>
   <div class='ocr_carea' id='block_1_49' title="bbox 635 3085 3483 3160">
    <p class='ocr_par' dir='ltr' id='par_1_49' title="bbox 635 3085 3483 3160">
     <span class='ocr_line' id='line_1_49' title="bbox 635 3085 3483 3160; baseline -0.001 -15"><span class='ocrx_word' id='word_1_358' title='bbox 635 3093 783 3145; x_wconf 92' lang='lat' dir='ltr'>tum.</span> <span class='ocrx_word' id='word_1_359' title='bbox 830 3087 1085 3144; x_wconf 89' lang='lat' dir='ltr'>Virtutes</span> <span class='ocrx_word' id='word_1_360' title='bbox 1129 3092 1330 3145; x_wconf 88' lang='lat' dir='ltr'>autem</span> <span class='ocrx_word' id='word_1_361' title='bbox 1397 3090 1727 3147; x_wconf 79' lang='lat' dir='ltr'>nominavit</span> <span class='ocrx_word' id='word_1_362' title='bbox 1781 3090 1955 3160; x_wconf 87' lang='lat' dir='ltr'>signa</span> <span class='ocrx_word' id='word_1_363' title='bbox 2008 3094 2064 3146; x_wconf 90' lang='lat' dir='ltr'>et</span> <span class='ocrx_word' id='word_1_364' title='bbox 2129 3087 2437 3146; x_wconf 91' lang='lat' dir='ltr'>miracula.</span> <span class='ocrx_word' id='word_1_365' title='bbox 2498 3086 2825 3156; x_wconf 77' lang='lat' dir='ltr'>Canﬁtebar</span> <span class='ocrx_word' id='word_1_366' title='bbox 2878 3101 3023 3141; x_wconf 86' lang='lat' dir='ltr'>sane</span> <span class='ocrx_word' id='word_1_367' title='bbox 3076 3088 3156 3142; x_wconf 82' lang='lat' dir='ltr'>eis</span> <span class='ocrx_word' id='word_1_368' title='bbox 3202 3085 3315 3141; x_wconf 92' lang='lat' dir='ltr'>hac</span> <span class='ocrx_word' id='word_1_369' title='bbox 3374 3092 3483 3151; x_wconf 90' lang='lat' dir='ltr'>est,</span> 
     </span>
    </p>
   </div>
   <div class='ocr_carea' id='block_1_50' title="bbox 633 3193 757 3235">
    <p class='ocr_par' dir='ltr' id='par_1_50' title="bbox 633 3193 757 3235">
     <span class='ocr_line' id='line_1_50' title="bbox 633 3193 757 3235; baseline -0.024 0"><span class='ocrx_word' id='word_1_370' title='bbox 633 3193 757 3235; x_wconf 77' lang='lat'>808.</span> 
     </span>
    </p>
   </div>
   <div class='ocr_carea' id='block_1_51' title="bbox 2394 1926 3953 1997">
    <p class='ocr_par' dir='ltr' id='par_1_51' title="bbox 2394 1926 3953 1997">
     <span class='ocr_line' id='line_1_51' title="bbox 2394 1926 3953 1997; baseline -0.003 -13"><span class='ocrx_word' id='word_1_371' title='bbox 2394 1934 2540 1984; x_wconf 80' lang='grc' dir='ltr'>ἔσται</span> <span class='ocrx_word' id='word_1_372' title='bbox 2570 1933 2595 1982; x_wconf 89' lang='grc' dir='ltr'>ό</span> <span class='ocrx_word' id='word_1_373' title='bbox 2625 1930 2877 1997; x_wconf 78' lang='grc' dir='ltr'>κολάζων,</span> <span class='ocrx_word' id='word_1_374' title='bbox 2912 1933 2992 1982; x_wconf 84' lang='grc' dir='ltr'>ὅτι</span> <span class='ocrx_word' id='word_1_375' title='bbox 3022 1930 3192 1990; x_wconf 86' lang='grc' dir='ltr'>αύτός.</span> <span class='ocrx_word' id='word_1_376' title='bbox 3223 1932 3396 1981; x_wconf 79' lang='grc' dir='ltr'>Εἰπὼν</span> <span class='ocrx_word' id='word_1_377' title='bbox 3421 1926 3500 1993; x_wconf 73' lang='grc' dir='ltr'>δὲ,</span> <span class='ocrx_word' id='word_1_378' title='bbox 3524 1932 3605 1981; x_wconf 84' lang='grc' dir='ltr'>ὅτι</span> <span class='ocrx_word' id='word_1_379' title='bbox 3629 1930 3700 1981; x_wconf 83' lang='grc' dir='ltr'>Ού</span> <span class='ocrx_word' id='word_1_380' title='bbox 3722 1936 3813 1990; x_wconf 85' lang='grc' dir='ltr'>πᾶς</span> <span class='ocrx_word' id='word_1_381' title='bbox 3842 1931 3863 1980; x_wconf 87' lang='grc' dir='ltr'>ό</span> <span class='ocrx_word' id='word_1_382' title='bbox 3889 1948 3953 1980; x_wconf 87' lang='grc' dir='ltr'>πι-</span> 
     </span>
    </p>
   </div>
   <div class='ocr_carea' id='block_1_52' title="bbox 2397 2017 3950 2091">
    <p class='ocr_par' dir='ltr' id='par_1_52' title="bbox 2397 2017 3950 2091">
     <span class='ocr_line' id='line_1_52' title="bbox 2397 2017 3950 2091; baseline -0.003 -18"><span class='ocrx_word' id='word_1_383' title='bbox 2397 2024 2588 2073; x_wconf 82' lang='grc' dir='ltr'>στεύων</span> <span class='ocrx_word' id='word_1_384' title='bbox 2621 2020 2693 2081; x_wconf 85' lang='grc' dir='ltr'>εἰς</span> <span class='ocrx_word' id='word_1_385' title='bbox 2744 2018 2828 2091; x_wconf 74' lang='grc' dir='ltr'>ἐμὲ</span> <span class='ocrx_word' id='word_1_386' title='bbox 2873 2019 3214 2072; x_wconf 82' lang='grc' dir='ltr'>εἰσελεύσεται</span> <span class='ocrx_word' id='word_1_387' title='bbox 3257 2019 3321 2079; x_wconf 84' lang='grc' dir='ltr'>εἰς</span> <span class='ocrx_word' id='word_1_388' title='bbox 3352 2023 3444 2077; x_wconf 81' lang='grc' dir='ltr'>τὴν</span> <span class='ocrx_word' id='word_1_389' title='bbox 3478 2018 3745 2091; x_wconf 85' lang='grc' dir='ltr'>βασιλείαν</span> <span class='ocrx_word' id='word_1_390' title='bbox 3774 2026 3861 2069; x_wconf 84' lang='grc' dir='ltr'>τών</span> <span class='ocrx_word' id='word_1_391' title='bbox 3885 2017 3950 2068; x_wconf 74' lang='grc' dir='ltr'>ού-</span> 
     </span>
    </p>
   </div>
   <div class='ocr_carea' id='block_1_53' title="bbox 2394 2108 3952 2185">
    <p class='ocr_par' dir='ltr' id='par_1_53' title="bbox 2394 2108 3952 2185">
     <span class='ocr_line' id='line_1_53' title="bbox 2394 2108 3952 2185; baseline -0.002 -23"><span class='ocrx_word' id='word_1_392' title='bbox 2394 2119 2580 2185; x_wconf 85' lang='grc' dir='ltr'>ρανῶν,</span> <span class='ocrx_word' id='word_1_393' title='bbox 2610 2111 2652 2162; x_wconf 87' lang='grc' dir='ltr'>εἰ</span> <span class='ocrx_word' id='word_1_394' title='bbox 2683 2114 2752 2180; x_wconf 80' lang='grc' dir='ltr'>μὴ</span> <span class='ocrx_word' id='word_1_395' title='bbox 2788 2114 2877 2162; x_wconf 79' lang='grc' dir='ltr'>καὶ</span> <span class='ocrx_word' id='word_1_396' title='bbox 2918 2109 3038 2181; x_wconf 82' lang='grc' dir='ltr'>βίου</span> <span class='ocrx_word' id='word_1_397' title='bbox 3070 2114 3361 2182; x_wconf 86' lang='grc' dir='ltr'>κρείττονος</span> <span class='ocrx_word' id='word_1_398' title='bbox 3387 2108 3745 2181; x_wconf 79' lang='grc' dir='ltr'>ἐπιμελήσεται</span> <span class='ocrx_word' id='word_1_399' title='bbox 3774 2131 3784 2141; x_wconf 93' lang='grc'><strong>·</strong></span> <span class='ocrx_word' id='word_1_400' title='bbox 3812 2129 3952 2181; x_wconf 85' lang='grc' dir='ltr'>παρα-</span> 
     </span>
    </p>
   </div>
   <div class='ocr_carea' id='block_1_54' title="bbox 2396 2195 3955 2272">
    <p class='ocr_par' dir='ltr' id='par_1_54' title="bbox 2396 2195 3955 2272">
     <span class='ocr_line' id='line_1_54' title="bbox 2396 2195 3955 2272; baseline -0.002 -21"><span class='ocrx_word' id='word_1_401' title='bbox 2396 2196 2669 2272; x_wconf 79' lang='grc' dir='ltr'>δοξότερον</span> <span class='ocrx_word' id='word_1_402' title='bbox 2701 2201 2775 2250; x_wconf 83' lang='grc' dir='ltr'>ἔτι</span> <span class='ocrx_word' id='word_1_403' title='bbox 2806 2204 2980 2269; x_wconf 72' lang='grc' dir='ltr'>φησὶν,</span> <span class='ocrx_word' id='word_1_404' title='bbox 3013 2201 3093 2250; x_wconf 84' lang='grc' dir='ltr'>ὅτι</span> <span class='ocrx_word' id='word_1_405' title='bbox 3122 2195 3262 2251; x_wconf 74' lang='grc' dir='ltr'>Ούδε</span> <span class='ocrx_word' id='word_1_406' title='bbox 3310 2201 3358 2249; x_wconf 83' lang='grc' dir='ltr'>οἱ</span> <span class='ocrx_word' id='word_1_407' title='bbox 3405 2205 3599 2270; x_wconf 76' lang='grc' dir='ltr'>σημεῖα</span> <span class='ocrx_word' id='word_1_408' title='bbox 3622 2204 3708 2249; x_wconf 80' lang='grc' dir='ltr'>καὶ</span> <span class='ocrx_word' id='word_1_409' title='bbox 3750 2200 3955 2269; x_wconf 82' lang='grc' dir='ltr'>θαύματα</span> 
     </span>
    </p>
   </div>
   <div class='ocr_carea' id='block_1_55' title="bbox 2393 2285 3953 2359">
    <p class='ocr_par' dir='ltr' id='par_1_55' title="bbox 2393 2285 3953 2359">
     <span class='ocr_line' id='line_1_55' title="bbox 2393 2285 3953 2359; baseline -0.003 -19"><span class='ocrx_word' id='word_1_410' title='bbox 2393 2296 2659 2348; x_wconf 79' lang='grc' dir='ltr'>ποιοῦντες</span> <span class='ocrx_word' id='word_1_411' title='bbox 2732 2286 3115 2350; x_wconf 81' lang='grc' dir='ltr'>ἀξιωθήσονται</span> <span class='ocrx_word' id='word_1_412' title='bbox 3193 2296 3283 2347; x_wconf 81' lang='grc' dir='ltr'>τῆς</span> <span class='ocrx_word' id='word_1_413' title='bbox 3364 2290 3609 2348; x_wconf 79' lang='grc' dir='ltr'>τοιαύτης</span> <span class='ocrx_word' id='word_1_414' title='bbox 3698 2285 3953 2359; x_wconf 79' lang='grc' dir='ltr'>βασίλείας,</span> 
     </span>
    </p>
   </div>
   <div class='ocr_carea' id='block_1_56' title="bbox 2395 2372 3957 2448">
    <p class='ocr_par' dir='ltr' id='par_1_56' title="bbox 2395 2372 3957 2448">
     <span class='ocr_line' id='line_1_56' title="bbox 2395 2372 3957 2448; baseline -0.003 -20"><span class='ocrx_word' id='word_1_415' title='bbox 2395 2375 2478 2429; x_wconf 83' lang='grc' dir='ltr'>ἐάν</span> <span class='ocrx_word' id='word_1_416' title='bbox 2520 2377 2724 2439; x_wconf 71' lang='grc' dir='ltr'>ἀνάξιον</span> <span class='ocrx_word' id='word_1_417' title='bbox 2758 2375 2874 2447; x_wconf 83' lang='grc' dir='ltr'>βίον</span> <span class='ocrx_word' id='word_1_418' title='bbox 2906 2378 3129 2447; x_wconf 80' lang='grc' dir='ltr'>ἔχωσιν.</span> <span class='ocrx_word' id='word_1_419' title='bbox 3169 2372 3311 2429; x_wconf 71' lang='grc' dir='ltr'>Ἰδού</span> <span class='ocrx_word' id='word_1_420' title='bbox 3343 2378 3444 2448; x_wconf 84' lang='grc' dir='ltr'>γὰρ</span> <span class='ocrx_word' id='word_1_421' title='bbox 3476 2380 3567 2427; x_wconf 78' lang='grc' dir='ltr'>καὶ</span> <span class='ocrx_word' id='word_1_422' title='bbox 3617 2375 3775 2435; x_wconf 81' lang='grc' dir='ltr'>οὗτοι,</span> <span class='ocrx_word' id='word_1_423' title='bbox 3824 2374 3957 2426; x_wconf 75' lang='grc' dir='ltr'>πολλὰ</span> 
     </span>
    </p>
   </div>
   <div class='ocr_carea' id='block_1_57' title="bbox 2394 2459 3957 2536">
    <p class='ocr_par' dir='ltr' id='par_1_57' title="bbox 2394 2459 3957 2536">
     <span class='ocr_line' id='line_1_57' title="bbox 2394 2459 3957 2536; baseline -0.004 -18"><span class='ocrx_word' id='word_1_424' title='bbox 2394 2474 2612 2519; x_wconf 82' lang='grc' dir='ltr'>τοιαῦτα</span> <span class='ocrx_word' id='word_1_425' title='bbox 2684 2470 3017 2531; x_wconf 78' lang='grc' dir='ltr'>ποιήσαντες,</span> <span class='ocrx_word' id='word_1_426' title='bbox 3103 2466 3236 2536; x_wconf 88' lang='grc' dir='ltr'>ὅμως</span> <span class='ocrx_word' id='word_1_427' title='bbox 3313 2462 3818 2536; x_wconf 78' lang='grc' dir='ltr'>ἀποπεμφθήσονται,</span> <span class='ocrx_word' id='word_1_428' title='bbox 3884 2459 3957 2513; x_wconf 74' lang='grc' dir='ltr'>διὰ</span> 
     </span>
    </p>
   </div>
   <div class='ocr_carea' id='block_1_58' title="bbox 2396 2551 3953 2626">
    <p class='ocr_par' dir='ltr' id='par_1_58' title="bbox 2396 2551 3953 2626">
     <span class='ocr_line' id='line_1_58' title="bbox 2396 2551 3953 2626; baseline -0.004 -19"><span class='ocrx_word' id='word_1_429' title='bbox 2396 2559 2480 2607; x_wconf 87' lang='grc' dir='ltr'>τόν</span> <span class='ocrx_word' id='word_1_430' title='bbox 2542 2554 2857 2626; x_wconf 77' lang='grc' dir='ltr'>ἠμελημένον</span> <span class='ocrx_word' id='word_1_431' title='bbox 2927 2552 3044 2625; x_wconf 85' lang='grc' dir='ltr'>βίον</span> <span class='ocrx_word' id='word_1_432' title='bbox 3112 2554 3295 2607; x_wconf 69' lang='grc' dir='ltr'>αὐτῶν.</span> <span class='ocrx_word' id='word_1_433' title='bbox 3368 2552 3577 2621; x_wconf 79' lang='grc' dir='ltr'>Πολλοὶ,</span> <span class='ocrx_word' id='word_1_434' title='bbox 3638 2557 3802 2625; x_wconf 77' lang='grc' dir='ltr'>φησὶν,</span> <span class='ocrx_word' id='word_1_435' title='bbox 3840 2551 3953 2603; x_wconf 74' lang='grc' dir='ltr'>ἐκπί-</span> 
     </span>
    </p>
   </div>
   <div class='ocr_carea' id='block_1_59' title="bbox 2396 2637 3956 2716">
    <p class='ocr_par' dir='ltr' id='par_1_59' title="bbox 2396 2637 3956 2716">
     <span class='ocr_line' id='line_1_59' title="bbox 2396 2637 3956 2716; baseline -0.003 -20"><span class='ocrx_word' id='word_1_436' title='bbox 2396 2662 2603 2705; x_wconf 87' lang='grc' dir='ltr'>πτοντες</span> <span class='ocrx_word' id='word_1_437' title='bbox 2633 2641 2811 2716; x_wconf 78' lang='grc' dir='ltr'>ἐροῦσί</span> <span class='ocrx_word' id='word_1_438' title='bbox 2838 2661 2928 2713; x_wconf 87' lang='grc' dir='ltr'>μοι</span> <span class='ocrx_word' id='word_1_439' title='bbox 2957 2637 3086 2694; x_wconf 79' lang='grc' dir='ltr'>τάδε</span> <span class='ocrx_word' id='word_1_440' title='bbox 3133 2646 3222 2693; x_wconf 84' lang='grc' dir='ltr'>καὶ</span> <span class='ocrx_word' id='word_1_441' title='bbox 3252 2637 3379 2693; x_wconf 77' lang='grc' dir='ltr'>τάδε</span> <span class='ocrx_word' id='word_1_442' title='bbox 3421 2640 3533 2712; x_wconf 79' lang='grc'>(55)</span> <span class='ocrx_word' id='word_1_443' title='bbox 3571 2660 3583 2673; x_wconf 82' lang='grc'><strong><em>⁸</em></strong></span> <span class='ocrx_word' id='word_1_444' title='bbox 3630 2642 3814 2713; x_wconf 78' lang='grc' dir='ltr'>ἡμέραν</span> <span class='ocrx_word' id='word_1_445' title='bbox 3863 2639 3956 2709; x_wconf 81' lang='grc'>(56)</span> 
     </span>
    </p>
   </div>
   <div class='ocr_carea' id='block_1_60' title="bbox 2399 2728 3959 2803">
    <p class='ocr_par' dir='ltr' id='par_1_60' title="bbox 2399 2728 3959 2803">
     <span class='ocr_line' id='line_1_60' title="bbox 2399 2728 3959 2803; baseline -0.004 -18"><span class='ocrx_word' id='word_1_446' title='bbox 2399 2728 2486 2785; x_wconf 82' lang='grc' dir='ltr'>οὖν</span> <span class='ocrx_word' id='word_1_447' title='bbox 2518 2731 2711 2789; x_wconf 79' lang='grc' dir='ltr'>ἐκείνην</span> <span class='ocrx_word' id='word_1_448' title='bbox 2744 2733 2849 2783; x_wconf 85' lang='grc' dir='ltr'>εὶπε</span> <span class='ocrx_word' id='word_1_449' title='bbox 2881 2731 3041 2802; x_wconf 74' lang='lat'>(56‘),</span> <span class='ocrx_word' id='word_1_450' title='bbox 3082 2735 3175 2787; x_wconf 82' lang='grc' dir='ltr'>τὴν</span> <span class='ocrx_word' id='word_1_451' title='bbox 3221 2739 3313 2791; x_wconf 87' lang='grc' dir='ltr'>τῆς</span> <span class='ocrx_word' id='word_1_452' title='bbox 3348 2735 3591 2803; x_wconf 77' lang='grc' dir='ltr'>κρίσεως,</span> <span class='ocrx_word' id='word_1_453' title='bbox 3648 2732 3712 2792; x_wconf 85' lang='grc' dir='ltr'>ὡς</span> <span class='ocrx_word' id='word_1_454' title='bbox 3742 2728 3959 2801; x_wconf 77' lang='grc' dir='ltr'>ἐγνωσμέ-</span> 
     </span>
    </p>
   </div>
   <div class='ocr_carea' id='block_1_61' title="bbox 2394 2815 3959 2894">
    <p class='ocr_par' dir='ltr' id='par_1_61' title="bbox 2394 2815 3959 2894">
     <span class='ocr_line' id='line_1_61' title="bbox 2394 2815 3959 2894; baseline -0.003 -23"><span class='ocrx_word' id='word_1_455' title='bbox 2394 2840 2485 2879; x_wconf 84' lang='grc' dir='ltr'>νην</span> <span class='ocrx_word' id='word_1_456' title='bbox 2543 2825 2631 2872; x_wconf 84' lang='grc' dir='ltr'>καὶ</span> <span class='ocrx_word' id='word_1_457' title='bbox 2706 2815 3228 2894; x_wconf 70' lang='grc' dir='ltr'>προσδεὸόκημένην.</span> <span class='ocrx_word' id='word_1_458' title='bbox 3302 2822 3550 2891; x_wconf 75' lang='grc' dir='ltr'>Δυνάμεις</span> <span class='ocrx_word' id='word_1_459' title='bbox 3612 2816 3667 2872; x_wconf 78' lang='grc' dir='ltr'>δε</span> <span class='ocrx_word' id='word_1_460' title='bbox 3738 2820 3959 2890; x_wconf 79' lang='grc' dir='ltr'>ὠνόμασε,</span> 
     </span>
    </p>
   </div>
   <div class='ocr_carea' id='block_1_62' title="bbox 2398 2905 3960 2981">
    <p class='ocr_par' dir='ltr' id='par_1_62' title="bbox 2398 2905 3960 2981">
     <span class='ocr_line' id='line_1_62' title="bbox 2398 2905 3960 2981; baseline -0.004 -19"><span class='ocrx_word' id='word_1_461' title='bbox 2398 2912 2462 2961; x_wconf 82' lang='grc' dir='ltr'>τά</span> <span class='ocrx_word' id='word_1_462' title='bbox 2514 2916 2705 2981; x_wconf 81' lang='grc' dir='ltr'>σημεῖα</span> <span class='ocrx_word' id='word_1_463' title='bbox 2752 2913 2840 2960; x_wconf 82' lang='grc' dir='ltr'>καὶ</span> <span class='ocrx_word' id='word_1_464' title='bbox 2885 2911 2947 2960; x_wconf 85' lang='grc' dir='ltr'>τά</span> <span class='ocrx_word' id='word_1_465' title='bbox 2980 2910 3242 2971; x_wconf 84' lang='grc' dir='ltr'>θαύματα,</span> <span class='ocrx_word' id='word_1_466' title='bbox 3300 2912 3368 2961; x_wconf 89' lang='grc' dir='ltr'>Τό</span> <span class='ocrx_word' id='word_1_467' title='bbox 3421 2906 3479 2961; x_wconf 70' lang='grc' dir='ltr'>δὲ</span> <span class='ocrx_word' id='word_1_468' title='bbox 3523 2908 3849 2981; x_wconf 73' lang='grc' dir='ltr'>Ὀμολογήσω</span> <span class='ocrx_word' id='word_1_469' title='bbox 3891 2905 3960 2957; x_wconf 67' lang='grc' dir='ltr'>αὖ·</span> 
     </span>
    </p>
   </div>
   <div class='ocr_carea' id='block_1_63' title="bbox 2400 2996 3305 3071">
    <p class='ocr_par' dir='ltr' id='par_1_63' title="bbox 2400 2996 3305 3071">
     <span class='ocr_line' id='line_1_63' title="bbox 2400 2996 3305 3071; baseline 0 -21"><span class='ocrx_word' id='word_1_470' title='bbox 2400 3005 2524 3061; x_wconf 84' lang='grc' dir='ltr'>τοῖς,</span> <span class='ocrx_word' id='word_1_471' title='bbox 2563 2996 2672 3049; x_wconf 81' lang='grc' dir='ltr'>ἀντὶ</span> <span class='ocrx_word' id='word_1_472' title='bbox 2696 3004 2789 3049; x_wconf 72' lang='grc' dir='ltr'>τοῦ</span> <span class='ocrx_word' id='word_1_473' title='bbox 2832 2997 3305 3071; x_wconf 75' lang='grc' dir='ltr'>Ἀποκριθήσομαι.</span> 
     </span>
    </p>
   </div>
   <div class='ocr_carea' id='block_1_64' title="bbox 3569 3083 3956 3143">
    <p class='ocr_par' dir='ltr' id='par_1_64' title="bbox 3569 3083 3956 3143">
     <span class='ocr_line' id='line_1_64' title="bbox 3569 3083 3956 3143; baseline -0.013 -2"><span class='ocrx_word' id='word_1_474' title='bbox 3569 3083 3956 3143; x_wconf 86' lang='lat' dir='ltr'>Condemnabo</span> 
     </span>
    </p>
   </div>
   <div class='ocr_carea' id='block_1_65' title="bbox 705 3259 2287 3339">
    <p class='ocr_par' dir='ltr' id='par_1_65' title="bbox 705 3265 2287 3339">
     <span class='ocr_line' id='line_1_65' title="bbox 705 3265 2287 3339; baseline 0.002 -18"><span class='ocrx_word' id='word_1_475' title='bbox 705 3265 853 3322; x_wconf 90' lang='lat' dir='ltr'>Cum</span> <span class='ocrx_word' id='word_1_476' title='bbox 872 3268 1073 3323; x_wconf 86' lang='lat' dir='ltr'>autem</span> <span class='ocrx_word' id='word_1_477' title='bbox 1096 3266 1273 3323; x_wconf 85' lang='lat' dir='ltr'>etiam</span> <span class='ocrx_word' id='word_1_478' title='bbox 1290 3281 1394 3339; x_wconf 92' lang='lat' dir='ltr'>per</span> <span class='ocrx_word' id='word_1_479' title='bbox 1413 3282 1636 3323; x_wconf 89' lang='lat' dir='ltr'>nomen</span> <span class='ocrx_word' id='word_1_480' title='bbox 1652 3267 1700 3338; x_wconf 87' lang='lat' dir='ltr'>ej</span> <span class='ocrx_word' id='word_1_481' title='bbox 1713 3265 2287 3331; x_wconf 75' lang='lat' dir='ltr'>us&#39;multafecissent,</span> 
     </span>
    </p>
   </div>
   <div class='ocr_carea' id='block_1_66' title="bbox 2395 3259 3961 3339">
    <p class='ocr_par' dir='ltr' id='par_1_66' title="bbox 2477 3259 3961 3337">
     <span class='ocr_line' id='line_1_66' title="bbox 2477 3259 3961 3337; baseline -0.005 -18"><span class='ocrx_word' id='word_1_482' title='bbox 2477 3268 2577 3319; x_wconf 84' lang='grc' dir='ltr'>Καὶ</span> <span class='ocrx_word' id='word_1_483' title='bbox 2623 3259 2800 3322; x_wconf 72' lang='grc' dir='ltr'>ἐπειδή</span> <span class='ocrx_word' id='word_1_484' title='bbox 2859 3263 2905 3315; x_wconf 78' lang='grc' dir='ltr'>ἐν</span> <span class='ocrx_word' id='word_1_485' title='bbox 2963 3272 3033 3335; x_wconf 77' lang='grc' dir='ltr'>τῷ</span> <span class='ocrx_word' id='word_1_486' title='bbox 3087 3263 3299 3337; x_wconf 85' lang='grc' dir='ltr'>ὀνόματι</span> <span class='ocrx_word' id='word_1_487' title='bbox 3344 3265 3503 3317; x_wconf 79' lang='grc' dir='ltr'>αύτοῡ</span> <span class='ocrx_word' id='word_1_488' title='bbox 3546 3268 3713 3319; x_wconf 77' lang='grc' dir='ltr'>πάντα</span> <span class='ocrx_word' id='word_1_489' title='bbox 3765 3263 3961 3332; x_wconf 78' lang='grc' dir='ltr'>ἐποίουν,</span> 
     </span>
    </p>
   </div>
   <div class='ocr_carea' id='block_1_67' title="bbox 632 3354 2298 3428">
    <p class='ocr_par' dir='ltr' id='par_1_67' title="bbox 632 3354 2298 3428">
     <span class='ocr_line' id='line_1_67' title="bbox 632 3354 2298 3428; baseline 0.001 -17"><span class='ocrx_word' id='word_1_490' title='bbox 632 3354 942 3428; x_wconf 89' lang='lat' dir='ltr'>quomodo</span> <span class='ocrx_word' id='word_1_491' title='bbox 966 3370 1068 3411; x_wconf 89' lang='lat' dir='ltr'>eos</span> <span class='ocrx_word' id='word_1_492' title='bbox 1081 3355 1315 3426; x_wconf 87' lang='lat' dir='ltr'>ignorat</span> <span class='ocrx_word' id='word_1_493' title='bbox 1332 3355 1357 3409; x_wconf 85' lang='lat'><strong>?</strong></span> <span class='ocrx_word' id='word_1_494' title='bbox 1372 3355 1521 3419; x_wconf 89' lang='lat' dir='ltr'>Quia</span> <span class='ocrx_word' id='word_1_495' title='bbox 1533 3357 1717 3411; x_wconf 88' lang='lat' dir='ltr'>vitam</span> <span class='ocrx_word' id='word_1_496' title='bbox 1736 3356 2045 3411; x_wconf 90' lang='lat' dir='ltr'>habebant</span> <span class='ocrx_word' id='word_1_497' title='bbox 2066 3361 2298 3412; x_wconf 90' lang='lat' dir='ltr'>contra-</span> 
     </span>
    </p>
   </div>
   <div class='ocr_carea' id='block_1_68' title="bbox 634 3442 2297 3516">
    <p class='ocr_par' dir='ltr' id='par_1_68' title="bbox 634 3442 2297 3516">
     <span class='ocr_line' id='line_1_68' title="bbox 634 3442 2297 3516; baseline 0.001 -17"><span class='ocrx_word' id='word_1_498' title='bbox 634 3444 807 3500; x_wconf 88' lang='lat' dir='ltr'>riam.</span> <span class='ocrx_word' id='word_1_499' title='bbox 843 3442 1000 3498; x_wconf 92' lang='lat' dir='ltr'>Scire</span> <span class='ocrx_word' id='word_1_500' title='bbox 1027 3443 1185 3498; x_wconf 92' lang='lat' dir='ltr'>enim</span> <span class='ocrx_word' id='word_1_501' title='bbox 1214 3447 1464 3514; x_wconf 88' lang='lat' dir='ltr'>oportet,</span> <span class='ocrx_word' id='word_1_502' title='bbox 1493 3444 1657 3515; x_wconf 91' lang='lat' dir='ltr'>quod</span> <span class='ocrx_word' id='word_1_503' title='bbox 1686 3444 1848 3515; x_wconf 90' lang='lat' dir='ltr'>apud</span> <span class='ocrx_word' id='word_1_504' title='bbox 1870 3446 2054 3500; x_wconf 91' lang='lat' dir='ltr'>Deum</span> <span class='ocrx_word' id='word_1_505' title='bbox 2075 3444 2297 3516; x_wconf 80' lang='lat' dir='ltr'>duplex</span> 
     </span>
    </p>
   </div>
   <div class='ocr_carea' id='block_1_69' title="bbox 636 3531 2300 3603">
    <p class='ocr_par' dir='ltr' id='par_1_69' title="bbox 636 3531 2300 3603">
     <span class='ocr_line' id='line_1_69' title="bbox 636 3531 2300 3603; baseline 0.002 -14"><span class='ocrx_word' id='word_1_506' title='bbox 636 3537 722 3589; x_wconf 91' lang='lat' dir='ltr'>est</span> <span class='ocrx_word' id='word_1_507' title='bbox 752 3531 997 3587; x_wconf 88' lang='lat' dir='ltr'>scientia</span> <span class='ocrx_word' id='word_1_508' title='bbox 1029 3550 1041 3589; x_wconf 91' lang='lat'>:</span> <span class='ocrx_word' id='word_1_509' title='bbox 1070 3546 1189 3587; x_wconf 89' lang='lat' dir='ltr'>una</span> <span class='ocrx_word' id='word_1_510' title='bbox 1206 3531 1453 3601; x_wconf 90' lang='lat' dir='ltr'>quidem</span> <span class='ocrx_word' id='word_1_511' title='bbox 1480 3532 1795 3598; x_wconf 84' lang='lat' dir='ltr'>naturalis,</span> <span class='ocrx_word' id='word_1_512' title='bbox 1823 3548 1937 3603; x_wconf 88' lang='lat' dir='ltr'>qua</span> <span class='ocrx_word' id='word_1_513' title='bbox 1968 3534 2173 3589; x_wconf 89' lang='lat' dir='ltr'>omnia</span> <span class='ocrx_word' id='word_1_514' title='bbox 2194 3550 2300 3595; x_wconf 90' lang='lat' dir='ltr'>no-</span> 
     </span>
    </p>
   </div>
   <div class='ocr_carea' id='block_1_70' title="bbox 634 3619 2295 3695">
    <p class='ocr_par' dir='ltr' id='par_1_70' title="bbox 634 3619 2295 3695">
     <span class='ocr_line' id='line_1_70' title="bbox 634 3619 2295 3695; baseline 0.002 -18"><span class='ocrx_word' id='word_1_515' title='bbox 634 3620 734 3684; x_wconf 88' lang='lat' dir='ltr'>vit,</span> <span class='ocrx_word' id='word_1_516' title='bbox 768 3622 964 3689; x_wconf 83' lang='lat' dir='ltr'>utpote</span> <span class='ocrx_word' id='word_1_517' title='bbox 993 3619 1266 3675; x_wconf 91' lang='lat' dir='ltr'>omnium</span> <span class='ocrx_word' id='word_1_518' title='bbox 1289 3625 1643 3692; x_wconf 90' lang='lat' dir='ltr'>conspector</span> <span class='ocrx_word' id='word_1_519' title='bbox 1678 3622 2073 3694; x_wconf 88' lang='lat' dir='ltr'>omniumque</span> <span class='ocrx_word' id='word_1_520' title='bbox 2106 3624 2295 3695; x_wconf 90' lang='lat' dir='ltr'>prius-</span> 
     </span>
    </p>
   </div>
   <div class='ocr_carea' id='block_1_71' title="bbox 634 3707 2299 3782">
    <p class='ocr_par' dir='ltr' id='par_1_71' title="bbox 634 3707 2299 3782">
     <span class='ocr_line' id='line_1_71' title="bbox 634 3707 2299 3782; baseline 0.004 -19"><span class='ocrx_word' id='word_1_521' title='bbox 634 3723 823 3779; x_wconf 89' lang='lat' dir='ltr'>quam</span> <span class='ocrx_word' id='word_1_522' title='bbox 852 3707 1061 3763; x_wconf 89' lang='lat' dir='ltr'>ﬁerent</span> <span class='ocrx_word' id='word_1_523' title='bbox 1091 3710 1361 3778; x_wconf 90' lang='lat' dir='ltr'>cognitor</span> <span class='ocrx_word' id='word_1_524' title='bbox 1389 3728 1407 3780; x_wconf 85' lang='lat'><strong>;</strong></span> <span class='ocrx_word' id='word_1_525' title='bbox 1442 3710 1628 3767; x_wconf 89' lang='lat' dir='ltr'>altera</span> <span class='ocrx_word' id='word_1_526' title='bbox 1646 3726 1786 3767; x_wconf 91' lang='lat' dir='ltr'>vero</span> <span class='ocrx_word' id='word_1_527' title='bbox 1811 3711 2002 3781; x_wconf 88' lang='lat' dir='ltr'>magis</span> <span class='ocrx_word' id='word_1_528' title='bbox 2032 3712 2299 3782; x_wconf 89' lang='lat' dir='ltr'>peculia-</span> 
     </span>
    </p>
   </div>
   <div class='ocr_carea' id='block_1_72' title="bbox 635 3796 2296 3872">
    <p class='ocr_par' dir='ltr' id='par_1_72' title="bbox 635 3796 2296 3872">
     <span class='ocr_line' id='line_1_72' title="bbox 635 3796 2296 3872; baseline 0.003 -18"><span class='ocrx_word' id='word_1_529' title='bbox 635 3797 739 3867; x_wconf 88' lang='lat' dir='ltr'>ris,</span> <span class='ocrx_word' id='word_1_530' title='bbox 763 3813 885 3868; x_wconf 90' lang='lat' dir='ltr'>qua</span> <span class='ocrx_word' id='word_1_531' title='bbox 913 3796 1071 3853; x_wconf 91' lang='lat' dir='ltr'>solos</span> <span class='ocrx_word' id='word_1_532' title='bbox 1116 3798 1308 3868; x_wconf 90' lang='lat' dir='ltr'>justas</span> <span class='ocrx_word' id='word_1_533' title='bbox 1340 3800 1661 3869; x_wconf 86' lang='lat' dir='ltr'>cognoscit.</span> <span class='ocrx_word' id='word_1_534' title='bbox 1696 3801 1889 3863; x_wconf 64' lang='lat' dir='ltr'>Novit,</span> <span class='ocrx_word' id='word_1_535' title='bbox 1923 3800 2138 3872; x_wconf 88' lang='lat' dir='ltr'>inquit,</span> <span class='ocrx_word' id='word_1_536' title='bbox 2187 3804 2296 3859; x_wconf 89' lang='lat' dir='ltr'>Do-</span> 
     </span>
    </p>
   </div>
   <div class='ocr_carea' id='block_1_73' title="bbox 634 3887 2294 3959">
    <p class='ocr_par' dir='ltr' id='par_1_73' title="bbox 634 3887 2294 3959">
     <span class='ocr_line' id='line_1_73' title="bbox 634 3887 2294 3959; baseline 0.002 -16"><span class='ocrx_word' id='word_1_537' title='bbox 634 3887 1355 3955; x_wconf 72' lang='lat' dir='ltr'>minusviamjustorum”</span> <span class='ocrx_word' id='word_1_538' title='bbox 1370 3893 1487 3952; x_wconf 88' lang='lat' dir='ltr'>;et:</span> <span class='ocrx_word' id='word_1_539' title='bbox 1512 3889 1823 3959; x_wconf 74' lang='lat' dir='ltr'>Cognoscit</span> <span class='ocrx_word' id='word_1_540' title='bbox 1851 3891 2135 3947; x_wconf 83' lang='lat' dir='ltr'>Dominus</span> <span class='ocrx_word' id='word_1_541' title='bbox 2172 3892 2294 3949; x_wconf 78' lang='lat' dir='ltr'>vias</span> 
     </span>
    </p>
   </div>
   <div class='ocr_carea' id='block_1_74' title="bbox 632 3976 2291 4050">
    <p class='ocr_par' dir='ltr' id='par_1_74' title="bbox 632 3976 2291 4050">
     <span class='ocr_line' id='line_1_74' title="bbox 632 3976 2291 4050; baseline 0.004 -19"><span class='ocrx_word' id='word_1_542' title='bbox 632 3976 1079 4031; x_wconf 73' lang='lat' dir='ltr'>innocentum“</span> <span class='ocrx_word' id='word_1_543' title='bbox 1110 3993 1123 4043; x_wconf 89' lang='lat'><strong>;</strong></span> <span class='ocrx_word' id='word_1_544' title='bbox 1157 3980 1237 4031; x_wconf 90' lang='lat' dir='ltr'>et:</span> <span class='ocrx_word' id='word_1_545' title='bbox 1263 3978 1441 4033; x_wconf 80' lang='lat' dir='ltr'>Novit</span> <span class='ocrx_word' id='word_1_546' title='bbox 1455 3977 1739 4034; x_wconf 85' lang='lat' dir='ltr'>Dominus</span> <span class='ocrx_word' id='word_1_547' title='bbox 1766 3980 1871 4050; x_wconf 84' lang='lat' dir='ltr'>qui</span> <span class='ocrx_word' id='word_1_548' title='bbox 1892 3986 2030 4035; x_wconf 87' lang='lat' dir='ltr'>sunt</span> <span class='ocrx_word' id='word_1_549' title='bbox 2060 3982 2188 4050; x_wconf 86' lang='lat' dir='ltr'>ejus</span> <span class='ocrx_word' id='word_1_550' title='bbox 2221 3982 2291 4037; x_wconf 70' lang='lat'>‘5.</span> 
     </span>
    </p>
   </div>
   <div class='ocr_carea' id='block_1_75' title="bbox 633 4066 2291 4139">
    <p class='ocr_par' dir='ltr' id='par_1_75' title="bbox 633 4066 2291 4139">
     <span class='ocr_line' id='line_1_75' title="bbox 633 4066 2291 4139; baseline 0.004 -19"><span class='ocrx_word' id='word_1_551' title='bbox 633 4067 745 4121; x_wconf 83' lang='lat' dir='ltr'>Eos</span> <span class='ocrx_word' id='word_1_552' title='bbox 777 4069 976 4121; x_wconf 88' lang='lat' dir='ltr'>autem</span> <span class='ocrx_word' id='word_1_553' title='bbox 1004 4066 1108 4137; x_wconf 87' lang='lat' dir='ltr'>qui</span> <span class='ocrx_word' id='word_1_554' title='bbox 1132 4066 1318 4123; x_wconf 89' lang='lat' dir='ltr'>vitam</span> <span class='ocrx_word' id='word_1_555' title='bbox 1342 4066 1571 4123; x_wconf 85' lang='lat' dir='ltr'>habent</span> <span class='ocrx_word' id='word_1_556' title='bbox 1597 4069 2092 4137; x_wconf 87' lang='lat' dir='ltr'>contaminatam,</span> <span class='ocrx_word' id='word_1_557' title='bbox 2121 4070 2291 4139; x_wconf 88' lang='lat' dir='ltr'>igno-</span> 
     </span>
    </p>
   </div>
   <div class='ocr_carea' id='block_1_76' title="bbox 630 4154 2289 4229">
    <p class='ocr_par' dir='ltr' id='par_1_76' title="bbox 630 4154 2289 4229">
     <span class='ocr_line' id='line_1_76' title="bbox 630 4154 2289 4229; baseline 0.004 -19"><span class='ocrx_word' id='word_1_558' title='bbox 630 4169 764 4211; x_wconf 88' lang='lat' dir='ltr'>rare</span> <span class='ocrx_word' id='word_1_559' title='bbox 828 4169 891 4210; x_wconf 91' lang='lat' dir='ltr'>se</span> <span class='ocrx_word' id='word_1_560' title='bbox 942 4154 1201 4223; x_wconf 90' lang='lat' dir='ltr'>simulat,</span> <span class='ocrx_word' id='word_1_561' title='bbox 1244 4159 1448 4228; x_wconf 87' lang='lat' dir='ltr'>utpote</span> <span class='ocrx_word' id='word_1_562' title='bbox 1500 4157 1837 4228; x_wconf 89' lang='lat' dir='ltr'>cognitione</span> <span class='ocrx_word' id='word_1_563' title='bbox 1893 4174 2003 4214; x_wconf 91' lang='lat' dir='ltr'>sua</span> <span class='ocrx_word' id='word_1_564' title='bbox 2046 4158 2289 4229; x_wconf 88' lang='lat' dir='ltr'>indigne</span> 
     </span>
    </p>
   </div>
   <div class='ocr_carea' id='block_1_77' title="bbox 604 4247 1076 4325">
    <p class='ocr_par' dir='ltr' id='par_1_77' title="bbox 604 4247 1076 4325">
     <span class='ocr_line' id='line_1_77' title="bbox 604 4247 1076 4325; baseline -0.004 -25"><span class='ocrx_word' id='word_1_565' title='bbox 604 4320 609 4325; x_wconf 9' lang='grc' dir='ltr'><strong><em>ἢ</em></strong></span> <span class='ocrx_word' id='word_1_566' title='bbox 630 4247 1076 4301; x_wconf 87' lang='lat' dir='ltr'>conversantes.</span> 
     </span>
    </p>
   </div>
   <div class='ocr_carea' id='block_1_78' title="bbox 700 4333 2289 4409">
    <p class='ocr_par' dir='ltr' id='par_1_78' title="bbox 700 4333 2289 4409">
     <span class='ocr_line' id='line_1_78' title="bbox 700 4333 2289 4409; baseline 0.005 -23"><span class='ocrx_word' id='word_1_567' title='bbox 700 4333 850 4389; x_wconf 88' lang='lat' dir='ltr'>Alibi</span> <span class='ocrx_word' id='word_1_568' title='bbox 868 4348 1113 4405; x_wconf 86' lang='lat' dir='ltr'>quoque</span> <span class='ocrx_word' id='word_1_569' title='bbox 1131 4338 1308 4404; x_wconf 87' lang='lat' dir='ltr'>negat</span> <span class='ocrx_word' id='word_1_570' title='bbox 1329 4333 1480 4401; x_wconf 91' lang='lat' dir='ltr'>illos,</span> <span class='ocrx_word' id='word_1_571' title='bbox 1508 4338 1572 4391; x_wconf 93' lang='lat' dir='ltr'>ut</span> <span class='ocrx_word' id='word_1_572' title='bbox 1596 4336 1699 4409; x_wconf 87' lang='lat' dir='ltr'>qui</span> <span class='ocrx_word' id='word_1_573' title='bbox 1717 4351 1853 4392; x_wconf 92' lang='lat' dir='ltr'>eum</span> <span class='ocrx_word' id='word_1_574' title='bbox 1884 4335 2166 4408; x_wconf 92' lang='lat' dir='ltr'>operibus</span> <span class='ocrx_word' id='word_1_575' title='bbox 2188 4352 2289 4394; x_wconf 91' lang='lat' dir='ltr'>ne-</span> 
     </span>
    </p>
   </div>
   <div class='ocr_carea' id='block_1_79' title="bbox 630 4423 2286 4497">
    <p class='ocr_par' dir='ltr' id='par_1_79' title="bbox 630 4423 2286 4497">
     <span class='ocr_line' id='line_1_79' title="bbox 630 4423 2286 4497; baseline 0.004 -21"><span class='ocrx_word' id='word_1_576' title='bbox 630 4426 937 4490; x_wconf 86' lang='lat' dir='ltr'>gaverunt.</span> <span class='ocrx_word' id='word_1_577' title='bbox 973 4423 1123 4479; x_wconf 83' lang='lat' dir='ltr'>Dixit</span> <span class='ocrx_word' id='word_1_578' title='bbox 1146 4424 1301 4479; x_wconf 90' lang='lat' dir='ltr'>enim</span> <span class='ocrx_word' id='word_1_579' title='bbox 1334 4440 1437 4496; x_wconf 91' lang='lat' dir='ltr'>per</span> <span class='ocrx_word' id='word_1_580' title='bbox 1465 4425 1818 4496; x_wconf 88' lang='lat' dir='ltr'>prophetam</span> <span class='ocrx_word' id='word_1_581' title='bbox 1844 4442 1855 4479; x_wconf 90' lang='lat'><strong>:</strong></span> <span class='ocrx_word' id='word_1_582' title='bbox 1881 4426 2138 4497; x_wconf 84' lang='lat' dir='ltr'>Populus</span> <span class='ocrx_word' id='word_1_583' title='bbox 2190 4425 2286 4483; x_wconf 85' lang='lat' dir='ltr'>hic</span> 
     </span>
    </p>
   </div>
   <div class='ocr_carea' id='block_1_80' title="bbox 606 4508 2279 4589">
    <p class='ocr_par' dir='ltr' id='par_1_80' title="bbox 606 4508 2279 4589">
     <span class='ocr_line' id='line_1_80' title="bbox 606 4508 2279 4589; baseline 0.005 -27"><span class='ocrx_word' id='word_1_584' title='bbox 606 4583 613 4589; x_wconf 22' lang='grc' dir='ltr'><strong><em>τ</em></strong></span> <span class='ocrx_word' id='word_1_585' title='bbox 632 4508 801 4564; x_wconf 78' lang='lat' dir='ltr'>labiis</span> <span class='ocrx_word' id='word_1_586' title='bbox 814 4525 902 4565; x_wconf 87' lang='lat' dir='ltr'>me</span> <span class='ocrx_word' id='word_1_587' title='bbox 924 4510 1198 4578; x_wconf 85' lang='lat' dir='ltr'>honorat,</span> <span class='ocrx_word' id='word_1_588' title='bbox 1219 4519 1739 4569; x_wconf 81' lang='lat' dir='ltr'>carautemeorum</span> <span class='ocrx_word' id='word_1_589' title='bbox 1765 4515 1930 4585; x_wconf 78' lang='lat' dir='ltr'>longe</span> <span class='ocrx_word' id='word_1_590' title='bbox 1949 4520 2032 4570; x_wconf 77' lang='lat' dir='ltr'>est</span> <span class='ocrx_word' id='word_1_591' title='bbox 2048 4529 2083 4571; x_wconf 88' lang='lat' dir='ltr'>a</span> <span class='ocrx_word' id='word_1_592' title='bbox 2105 4530 2196 4571; x_wconf 90' lang='lat' dir='ltr'>me</span> <span class='ocrx_word' id='word_1_593' title='bbox 2211 4516 2279 4570; x_wconf 81' lang='grc'>⁴⁶.</span> 
     </span>
    </p>
   </div>
   <div class='ocr_carea' id='block_1_81' title="bbox 2403 3352 3962 3426">
    <p class='ocr_par' dir='ltr' id='par_1_81' title="bbox 2403 3352 3962 3426">
     <span class='ocr_line' id='line_1_81' title="bbox 2403 3352 3962 3426; baseline 0 -19"><span class='ocrx_word' id='word_1_594' title='bbox 2403 3363 2513 3415; x_wconf 87' lang='grc' dir='ltr'>πῶς</span> <span class='ocrx_word' id='word_1_595' title='bbox 2544 3353 2713 3425; x_wconf 89' lang='grc' dir='ltr'>ἀγνοεῖ</span> <span class='ocrx_word' id='word_1_596' title='bbox 2764 3353 2948 3413; x_wconf 81' lang='grc' dir='ltr'>αύτούς</span> <span class='ocrx_word' id='word_1_597' title='bbox 2982 3373 2995 3418; x_wconf 90' lang='grc'>;</span> <span class='ocrx_word' id='word_1_598' title='bbox 3029 3360 3167 3407; x_wconf 88' lang='grc' dir='ltr'>Διότι</span> <span class='ocrx_word' id='word_1_599' title='bbox 3222 3354 3337 3426; x_wconf 81' lang='grc' dir='ltr'>βίον</span> <span class='ocrx_word' id='word_1_600' title='bbox 3387 3352 3532 3426; x_wconf 73' lang='grc' dir='ltr'>εἶχον</span> <span class='ocrx_word' id='word_1_601' title='bbox 3589 3354 3819 3409; x_wconf 80' lang='grc' dir='ltr'>ἐναντίον.</span> <span class='ocrx_word' id='word_1_602' title='bbox 3870 3356 3962 3425; x_wconf 72' lang='grc' dir='ltr'>Χρὴ</span> 
     </span>
    </p>
   </div>
   <div class='ocr_carea' id='block_1_82' title="bbox 2404 3440 3965 3517">
    <p class='ocr_par' dir='ltr' id='par_1_82' title="bbox 2404 3440 3965 3517">
     <span class='ocr_line' id='line_1_82' title="bbox 2404 3440 3965 3517; baseline -0.003 -22"><span class='ocrx_word' id='word_1_603' title='bbox 2404 3446 2501 3517; x_wconf 80' lang='grc' dir='ltr'>γὰρ</span> <span class='ocrx_word' id='word_1_604' title='bbox 2556 3449 2847 3515; x_wconf 72' lang='grc' dir='ltr'>γινώσκειν,</span> <span class='ocrx_word' id='word_1_605' title='bbox 2901 3445 2979 3495; x_wconf 87' lang='grc' dir='ltr'>ὅτι</span> <span class='ocrx_word' id='word_1_606' title='bbox 3030 3440 3177 3502; x_wconf 76' lang='grc' dir='ltr'>διττὴ</span> <span class='ocrx_word' id='word_1_607' title='bbox 3235 3442 3373 3495; x_wconf 87' lang='grc' dir='ltr'>ἐστιν</span> <span class='ocrx_word' id='word_1_608' title='bbox 3417 3446 3446 3501; x_wconf 80' lang='grc' dir='ltr'>ἡ</span> <span class='ocrx_word' id='word_1_609' title='bbox 3494 3454 3688 3515; x_wconf 85' lang='grc' dir='ltr'>γνῶσις</span> <span class='ocrx_word' id='word_1_610' title='bbox 3734 3446 3864 3517; x_wconf 81' lang='grc' dir='ltr'>παρὰ</span> <span class='ocrx_word' id='word_1_611' title='bbox 3908 3448 3965 3509; x_wconf 78' lang='grc' dir='ltr'>τῷ</span> 
     </span>
    </p>
   </div>
   <div class='ocr_carea' id='block_1_83' title="bbox 2408 3522 3967 3604">
    <p class='ocr_par' dir='ltr' id='par_1_83' title="bbox 2408 3522 3967 3604">
     <span class='ocr_line' id='line_1_83' title="bbox 2408 3522 3967 3604; baseline -0.001 -20"><span class='ocrx_word' id='word_1_612' title='bbox 2408 3540 2521 3602; x_wconf 82' lang='grc' dir='ltr'>Θεῷ</span> <span class='ocrx_word' id='word_1_613' title='bbox 2555 3549 2565 3561; x_wconf 94' lang='grc'><strong>·</strong></span> <span class='ocrx_word' id='word_1_614' title='bbox 2600 3535 2629 3589; x_wconf 84' lang='grc' dir='ltr'>ἡ</span> <span class='ocrx_word' id='word_1_615' title='bbox 2663 3522 2771 3602; x_wconf 76' lang='grc' dir='ltr'>μεν,</span> <span class='ocrx_word' id='word_1_616' title='bbox 2822 3534 2956 3583; x_wconf 83' lang='grc' dir='ltr'>κατά</span> <span class='ocrx_word' id='word_1_617' title='bbox 3010 3535 3186 3604; x_wconf 80' lang='grc' dir='ltr'>φύσιν,</span> <span class='ocrx_word' id='word_1_618' title='bbox 3230 3532 3347 3585; x_wconf 81' lang='grc' dir='ltr'>καθ’</span> <span class='ocrx_word' id='word_1_619' title='bbox 3404 3532 3464 3591; x_wconf 74' lang='grc' dir='ltr'>ἦν</span> <span class='ocrx_word' id='word_1_620' title='bbox 3522 3530 3636 3586; x_wconf 73' lang='grc' dir='ltr'>οἶδε</span> <span class='ocrx_word' id='word_1_621' title='bbox 3685 3535 3861 3599; x_wconf 82' lang='grc' dir='ltr'>πάντα,</span> <span class='ocrx_word' id='word_1_622' title='bbox 3912 3533 3967 3589; x_wconf 75' lang='grc' dir='ltr'>ὡς</span> 
     </span>
    </p>
   </div>
   <div class='ocr_carea' id='block_1_84' title="bbox 2406 3618 3967 3696">
    <p class='ocr_par' dir='ltr' id='par_1_84' title="bbox 2406 3618 3967 3696">
     <span class='ocr_line' id='line_1_84' title="bbox 2406 3618 3967 3696; baseline -0.003 -23"><span class='ocrx_word' id='word_1_623' title='bbox 2406 3624 2790 3685; x_wconf 80' lang='grc' dir='ltr'>παντεπόπτης,</span> <span class='ocrx_word' id='word_1_624' title='bbox 2850 3624 2939 3672; x_wconf 81' lang='grc' dir='ltr'>καὶ</span> <span class='ocrx_word' id='word_1_625' title='bbox 2992 3623 3060 3682; x_wconf 83' lang='grc' dir='ltr'>ὡς</span> <span class='ocrx_word' id='word_1_626' title='bbox 3116 3623 3283 3673; x_wconf 79' lang='grc' dir='ltr'>πάντα</span> <span class='ocrx_word' id='word_1_627' title='bbox 3340 3618 3512 3691; x_wconf 68' lang='grc' dir='ltr'>εἰδὼς,</span> <span class='ocrx_word' id='word_1_628' title='bbox 3586 3627 3707 3696; x_wconf 87' lang='grc' dir='ltr'>πρὶν</span> <span class='ocrx_word' id='word_1_629' title='bbox 3753 3624 3967 3691; x_wconf 80' lang='grc' dir='ltr'>γενέσεως</span> 
     </span>
    </p>
   </div>
   <div class='ocr_carea' id='block_1_85' title="bbox 2406 3707 3967 3782">
    <p class='ocr_par' dir='ltr' id='par_1_85' title="bbox 2406 3707 3967 3782">
     <span class='ocr_line' id='line_1_85' title="bbox 2406 3707 3967 3782; baseline -0.003 -19"><span class='ocrx_word' id='word_1_630' title='bbox 2406 3711 2573 3763; x_wconf 67' lang='grc' dir='ltr'>αὐτῶν</span> <span class='ocrx_word' id='word_1_631' title='bbox 2605 3729 2614 3740; x_wconf 88' lang='grc'><strong>·</strong></span> <span class='ocrx_word' id='word_1_632' title='bbox 2649 3712 2678 3767; x_wconf 78' lang='grc' dir='ltr'>ἡ</span> <span class='ocrx_word' id='word_1_633' title='bbox 2714 3707 2789 3779; x_wconf 73' lang='grc' dir='ltr'>δὲ,</span> <span class='ocrx_word' id='word_1_634' title='bbox 2838 3710 2947 3763; x_wconf 86' lang='grc' dir='ltr'>κατ’</span> <span class='ocrx_word' id='word_1_635' title='bbox 3001 3710 3261 3763; x_wconf 84' lang='grc' dir='ltr'>οἰκείωσιν</span> <span class='ocrx_word' id='word_1_636' title='bbox 3303 3755 3318 3781; x_wconf 94' lang='grc'>,</span> <span class='ocrx_word' id='word_1_637' title='bbox 3365 3711 3478 3763; x_wconf 75' lang='grc' dir='ltr'>καθ’</span> <span class='ocrx_word' id='word_1_638' title='bbox 3536 3711 3597 3770; x_wconf 82' lang='grc' dir='ltr'>ἣν</span> <span class='ocrx_word' id='word_1_639' title='bbox 3655 3708 3761 3764; x_wconf 82' lang='grc' dir='ltr'>οἶδε</span> <span class='ocrx_word' id='word_1_640' title='bbox 3811 3714 3967 3782; x_wconf 83' lang='grc' dir='ltr'>μόνους</span> 
     </span>
    </p>
   </div>
   <div class='ocr_carea' id='block_1_86' title="bbox 2403 3796 3966 3877">
    <p class='ocr_par' dir='ltr' id='par_1_86' title="bbox 2403 3796 3966 3877">
     <span class='ocr_line' id='line_1_86' title="bbox 2403 3796 3966 3877; baseline -0.006 -20"><span class='ocrx_word' id='word_1_641' title='bbox 2403 3806 2519 3862; x_wconf 79' lang='grc' dir='ltr'>τοὺς</span> <span class='ocrx_word' id='word_1_642' title='bbox 2577 3798 2835 3862; x_wconf 78' lang='grc' dir='ltr'>δικαίους.</span> <span class='ocrx_word' id='word_1_643' title='bbox 2892 3800 3031 3867; x_wconf 58' lang='lat' dir='ltr'>&quot;On,</span> <span class='ocrx_word' id='word_1_644' title='bbox 3088 3806 3235 3872; x_wconf 76' lang='grc' dir='ltr'>φησὶ.</span> <span class='ocrx_word' id='word_1_645' title='bbox 3287 3808 3533 3872; x_wconf 72' lang='grc' dir='ltr'>γινώσκει</span> <span class='ocrx_word' id='word_1_646' title='bbox 3607 3806 3789 3877; x_wconf 81' lang='grc' dir='ltr'>Κύριος</span> <span class='ocrx_word' id='word_1_647' title='bbox 3863 3796 3966 3851; x_wconf 72' lang='grc' dir='ltr'>ὀδόν</span> 
     </span>
    </p>
   </div>
   <div class='ocr_carea' id='block_1_87' title="bbox 3525 3887 3967 3954">
    <p class='ocr_par' dir='ltr' id='par_1_87' title="bbox 3525 3887 3967 3954">
     <span class='ocr_line' id='line_1_87' title="bbox 3525 3887 3967 3954; baseline -0.014 -10"><span class='ocrx_word' id='word_1_648' title='bbox 3525 3894 3620 3954; x_wconf 84' lang='grc' dir='ltr'>τάς</span> <span class='ocrx_word' id='word_1_649' title='bbox 3693 3887 3837 3949; x_wconf 77' lang='grc' dir='ltr'>ὁδοὺς</span> <span class='ocrx_word' id='word_1_650' title='bbox 3886 3898 3967 3939; x_wconf 81' lang='grc' dir='ltr'>τῶν</span> 
     </span>
    </p>
   </div>
   <div class='ocr_carea' id='block_1_88' title="bbox 2404 3888 3453 3963">
    <p class='ocr_par' dir='ltr' id='par_1_88' title="bbox 2404 3888 3453 3963">
     <span class='ocr_line' id='line_1_88' title="bbox 2404 3888 3453 3963; baseline -0.001 -19"><span class='ocrx_word' id='word_1_651' title='bbox 2404 3888 2620 3945; x_wconf 79' lang='grc' dir='ltr'>δικαίων</span> <span class='ocrx_word' id='word_1_652' title='bbox 2679 3907 2689 3918; x_wconf 92' lang='grc'>·</span> <span class='ocrx_word' id='word_1_653' title='bbox 2751 3895 2838 3942; x_wconf 85' lang='grc' dir='ltr'>καὶ</span> <span class='ocrx_word' id='word_1_654' title='bbox 2891 3907 2903 3921; x_wconf 79' lang='grc'><strong><em>⁸</em></strong></span> <span class='ocrx_word' id='word_1_655' title='bbox 2966 3896 3212 3942; x_wconf 79' lang='grc' dir='ltr'>Γινώσκει</span> <span class='ocrx_word' id='word_1_656' title='bbox 3268 3893 3453 3963; x_wconf 82' lang='grc' dir='ltr'>Κύριος</span> 
     </span>
    </p>
   </div>
   <div class='ocr_carea' id='block_1_89' title="bbox 2402 3978 3958 4055">
    <p class='ocr_par' dir='ltr' id='par_1_89' title="bbox 2402 3978 3958 4055">
     <span class='ocr_line' id='line_1_89' title="bbox 2402 3978 3958 4055; baseline -0.002 -22"><span class='ocrx_word' id='word_1_657' title='bbox 2402 3982 2626 4053; x_wconf 81' lang='grc' dir='ltr'>ἀμώμων</span> <span class='ocrx_word' id='word_1_658' title='bbox 2689 3998 2699 4008; x_wconf 92' lang='grc'><strong>·</strong></span> <span class='ocrx_word' id='word_1_659' title='bbox 2752 3984 2840 4032; x_wconf 82' lang='grc' dir='ltr'>καί</span> <span class='ocrx_word' id='word_1_660' title='bbox 2886 3999 2896 4009; x_wconf 90' lang='grc'>·</span> <span class='ocrx_word' id='word_1_661' title='bbox 2954 3978 3121 4050; x_wconf 82' lang='grc' dir='ltr'>Ἔγνω</span> <span class='ocrx_word' id='word_1_662' title='bbox 3186 3982 3375 4055; x_wconf 87' lang='grc' dir='ltr'>Κύριος</span> <span class='ocrx_word' id='word_1_663' title='bbox 3431 3985 3548 4042; x_wconf 79' lang='grc' dir='ltr'>τους</span> <span class='ocrx_word' id='word_1_664' title='bbox 3620 3986 3758 4040; x_wconf 81' lang='grc' dir='ltr'>ὄντας</span> <span class='ocrx_word' id='word_1_665' title='bbox 3798 3979 3958 4031; x_wconf 73' lang='grc' dir='ltr'>αὐτοῦ.</span> 
     </span>
    </p>
   </div>
   <div class='ocr_carea' id='block_1_90' title="bbox 2398 4066 3967 4143">
    <p class='ocr_par' dir='ltr' id='par_1_90' title="bbox 2398 4066 3967 4143">
     <span class='ocr_line' id='line_1_90' title="bbox 2398 4066 3967 4143; baseline -0.004 -20"><span class='ocrx_word' id='word_1_666' title='bbox 2398 4075 2529 4131; x_wconf 82' lang='grc' dir='ltr'>Τοὺς</span> <span class='ocrx_word' id='word_1_667' title='bbox 2570 4067 2627 4122; x_wconf 74' lang='grc' dir='ltr'>δὲ</span> <span class='ocrx_word' id='word_1_668' title='bbox 2686 4068 2804 4142; x_wconf 83' lang='grc' dir='ltr'>βίον</span> <span class='ocrx_word' id='word_1_669' title='bbox 2863 4072 3078 4141; x_wconf 79' lang='grc' dir='ltr'>ἔχοντας</span> <span class='ocrx_word' id='word_1_670' title='bbox 3156 4066 3527 4143; x_wconf 79' lang='grc' dir='ltr'>διεφθαρμένον</span> <span class='ocrx_word' id='word_1_671' title='bbox 3583 4070 3778 4143; x_wconf 83' lang='grc' dir='ltr'>ἀγνοεῖν</span> <span class='ocrx_word' id='word_1_672' title='bbox 3829 4085 3967 4141; x_wconf 81' lang='grc' dir='ltr'>προσ-</span> 
     </span>
    </p>
   </div>
   <div class='ocr_carea' id='block_1_91' title="bbox 2397 4156 3965 4232">
    <p class='ocr_par' dir='ltr' id='par_1_91' title="bbox 2397 4156 3965 4232">
     <span class='ocr_line' id='line_1_91' title="bbox 2397 4156 3965 4232; baseline -0.006 -19"><span class='ocrx_word' id='word_1_673' title='bbox 2397 4168 2642 4229; x_wconf 85' lang='grc' dir='ltr'>ποιεῖται,</span> <span class='ocrx_word' id='word_1_674' title='bbox 2704 4161 2767 4219; x_wconf 83' lang='grc' dir='ltr'>ὠς</span> <span class='ocrx_word' id='word_1_675' title='bbox 2840 4158 3305 4232; x_wconf 85' lang='grc' dir='ltr'>πολιτευσαμένους</span> <span class='ocrx_word' id='word_1_676' title='bbox 3386 4158 3607 4222; x_wconf 82' lang='grc' dir='ltr'>ἀναξίως</span> <span class='ocrx_word' id='word_1_677' title='bbox 3675 4168 3765 4222; x_wconf 82' lang='grc' dir='ltr'>τῆς</span> <span class='ocrx_word' id='word_1_678' title='bbox 3830 4156 3965 4208; x_wconf 72' lang='grc' dir='ltr'>αὐτοῦ</span> 
     </span>
    </p>
   </div>
   <div class='ocr_carea' id='block_1_92' title="bbox 2394 4254 2649 4321">
    <p class='ocr_par' dir='ltr' id='par_1_92' title="bbox 2394 4254 2649 4321">
     <span class='ocr_line' id='line_1_92' title="bbox 2394 4254 2649 4321; baseline 0.008 -20"><span class='ocrx_word' id='word_1_679' title='bbox 2394 4254 2498 4321; x_wconf 86' lang='grc' dir='ltr'>γνώ</span> <span class='ocrx_word' id='word_1_680' title='bbox 2506 4268 2601 4301; x_wconf 88' lang='grc' dir='ltr'>σεω</span> <span class='ocrx_word' id='word_1_681' title='bbox 2611 4270 2649 4310; x_wconf 91' lang='grc' dir='ltr'>ς.</span> 
     </span>
    </p>
   </div>
   <div class='ocr_carea' id='block_1_93' title="bbox 2468 4334 3968 4414">
    <p class='ocr_par' dir='ltr' id='par_1_93' title="bbox 2468 4334 3968 4414">
     <span class='ocr_line' id='line_1_93' title="bbox 2468 4334 3968 4414; baseline -0.004 -23"><span class='ocrx_word' id='word_1_682' title='bbox 2468 4343 2568 4391; x_wconf 83' lang='grc' dir='ltr'>Καὶ</span> <span class='ocrx_word' id='word_1_683' title='bbox 2614 4337 2793 4411; x_wconf 82' lang='grc' dir='ltr'>ἑτέρως</span> <span class='ocrx_word' id='word_1_684' title='bbox 2850 4334 2908 4390; x_wconf 71' lang='grc' dir='ltr'>δε</span> <span class='ocrx_word' id='word_1_685' title='bbox 2960 4336 3189 4413; x_wconf 83' lang='grc' dir='ltr'>ἀρνεῖται</span> <span class='ocrx_word' id='word_1_686' title='bbox 3238 4338 3445 4403; x_wconf 81' lang='grc' dir='ltr'>αύτούς,</span> <span class='ocrx_word' id='word_1_687' title='bbox 3488 4340 3558 4400; x_wconf 83' lang='grc' dir='ltr'>ὡς</span> <span class='ocrx_word' id='word_1_688' title='bbox 3611 4338 3968 4414; x_wconf 76' lang='grc' dir='ltr'>ἀρνησαμένους</span> 
     </span>
    </p>
   </div>
   <div class='ocr_carea' id='block_1_94' title="bbox 2393 4424 3964 4502">
    <p class='ocr_par' dir='ltr' id='par_1_94' title="bbox 2393 4424 3964 4502">
     <span class='ocr_line' id='line_1_94' title="bbox 2393 4424 3964 4502; baseline 0.004 -23"><span class='ocrx_word' id='word_1_689' title='bbox 2393 4426 2545 4480; x_wconf 71' lang='grc' dir='ltr'>αὐτόν</span> <span class='ocrx_word' id='word_1_690' title='bbox 2599 4433 2709 4488; x_wconf 88' lang='grc' dir='ltr'>τοῖς</span> <span class='ocrx_word' id='word_1_691' title='bbox 2764 4429 2953 4501; x_wconf 80' lang='grc' dir='ltr'>ἐργοις.</span> <span class='ocrx_word' id='word_1_692' title='bbox 3016 4431 3201 4502; x_wconf 79' lang='grc' dir='ltr'>Εἵρηκε</span> <span class='ocrx_word' id='word_1_693' title='bbox 3248 4427 3349 4501; x_wconf 87' lang='grc' dir='ltr'>γάρ</span> <span class='ocrx_word' id='word_1_694' title='bbox 3419 4424 3511 4480; x_wconf 78' lang='grc' dir='ltr'>διὰ</span> <span class='ocrx_word' id='word_1_695' title='bbox 3563 4437 3656 4481; x_wconf 81' lang='grc' dir='ltr'>τοῦ</span> <span class='ocrx_word' id='word_1_696' title='bbox 3705 4429 3964 4502; x_wconf 68' lang='grc' dir='ltr'>προφήτου,</span> 
     </span>
    </p>
   </div>
   <div class='ocr_carea' id='block_1_95' title="bbox 2393 4509 3968 4590">
    <p class='ocr_par' dir='ltr' id='par_1_95' title="bbox 2393 4509 3968 4590">
     <span class='ocr_line' id='line_1_95' title="bbox 2393 4509 3968 4590; baseline -0.002 -21"><span class='ocrx_word' id='word_1_697' title='bbox 2393 4518 2469 4569; x_wconf 83' lang='grc' dir='ltr'>ὅτι</span> <span class='ocrx_word' id='word_1_698' title='bbox 2515 4515 2573 4568; x_wconf 77' lang='grc' dir='ltr'><strong>Ὀ</strong></span> <span class='ocrx_word' id='word_1_699' title='bbox 2624 4515 2743 4576; x_wconf 86' lang='grc' dir='ltr'>λαός</span> <span class='ocrx_word' id='word_1_700' title='bbox 2796 4516 2944 4577; x_wconf 75' lang='grc' dir='ltr'>οὗτος</span> <span class='ocrx_word' id='word_1_701' title='bbox 3012 4525 3122 4578; x_wconf 90' lang='grc' dir='ltr'>τοῖς</span> <span class='ocrx_word' id='word_1_702' title='bbox 3190 4517 3393 4589; x_wconf 86' lang='grc' dir='ltr'>χείλεσί</span> <span class='ocrx_word' id='word_1_703' title='bbox 3458 4538 3521 4589; x_wconf 89' lang='grc' dir='ltr'>με</span> <span class='ocrx_word' id='word_1_704' title='bbox 3596 4523 3743 4590; x_wconf 75' lang='grc' dir='ltr'>τιμᾷ,</span> <span class='ocrx_word' id='word_1_705' title='bbox 3808 4523 3865 4587; x_wconf 76' lang='grc' dir='ltr'>τῇ</span> <span class='ocrx_word' id='word_1_706' title='bbox 3920 4509 3968 4563; x_wconf 75' lang='grc' dir='ltr'>δὲ</span> 
     </span>
    </p>
   </div>
   <div class='ocr_carea' id='block_1_96' title="bbox 628 4595 2287 4699">
    <p class='ocr_par' dir='ltr' id='par_1_96' title="bbox 628 4595 2276 4675">
     <span class='ocr_line' id='line_1_96' title="bbox 628 4595 2276 4675; baseline 0.005 -23"><span class='ocrx_word' id='word_1_707' title='bbox 628 4595 737 4665; x_wconf 92' lang='lat' dir='ltr'>Qui</span> <span class='ocrx_word' id='word_1_708' title='bbox 765 4597 924 4653; x_wconf 91' lang='lat' dir='ltr'>enim</span> <span class='ocrx_word' id='word_1_709' title='bbox 954 4605 1252 4670; x_wconf 74' lang='lat' dir='ltr'>praecepta</span> <span class='ocrx_word' id='word_1_710' title='bbox 1278 4600 1465 4671; x_wconf 89' lang='lat' dir='ltr'>ipsius</span> <span class='ocrx_word' id='word_1_711' title='bbox 1499 4603 1744 4672; x_wconf 89' lang='lat' dir='ltr'>spernit,</span> <span class='ocrx_word' id='word_1_712' title='bbox 1790 4603 1991 4674; x_wconf 91' lang='lat' dir='ltr'>ipsum</span> <span class='ocrx_word' id='word_1_713' title='bbox 2019 4604 2276 4675; x_wconf 87' lang='lat' dir='ltr'>spernit:</span> 
     </span>
    </p>
   </div>
   <div class='ocr_carea' id='block_1_97' title="bbox 2395 4595 3967 4699">
    <p class='ocr_par' dir='ltr' id='par_1_97' title="bbox 2395 4600 3967 4680">
     <span class='ocr_line' id='line_1_97' title="bbox 2395 4600 3967 4680; baseline -0.001 -25"><span class='ocrx_word' id='word_1_714' title='bbox 2395 4600 2590 4677; x_wconf 76' lang='grc' dir='ltr'>καρδίᾳ</span> <span class='ocrx_word' id='word_1_715' title='bbox 2651 4603 2827 4679; x_wconf 81' lang='grc' dir='ltr'>πόρῥω</span> <span class='ocrx_word' id='word_1_716' title='bbox 2898 4604 3087 4677; x_wconf 78' lang='grc' dir='ltr'>ἀπέχει</span> <span class='ocrx_word' id='word_1_717' title='bbox 3157 4604 3243 4656; x_wconf 88' lang='grc' dir='ltr'>ἀπ’</span> <span class='ocrx_word' id='word_1_718' title='bbox 3324 4604 3468 4677; x_wconf 72' lang='grc' dir='ltr'>ἐμοῦ.</span> <span class='ocrx_word' id='word_1_719' title='bbox 3525 4604 3584 4658; x_wconf 80' lang='grc' dir='ltr'><strong>Ὀ</strong></span> <span class='ocrx_word' id='word_1_720' title='bbox 3636 4608 3736 4680; x_wconf 84' lang='grc' dir='ltr'>γὰρ</span> <span class='ocrx_word' id='word_1_721' title='bbox 3800 4603 3967 4655; x_wconf 80' lang='grc' dir='ltr'>ἀθετῶν</span> 
     </span>
    </p>
   </div>
   <div class='ocr_carea' id='block_1_98' title="bbox 626 4683 1617 4758">
    <p class='ocr_par' dir='ltr' id='par_1_98' title="bbox 626 4683 1617 4758">
     <span class='ocr_line' id='line_1_98' title="bbox 626 4683 1617 4758; baseline 0.004 -19"><span class='ocrx_word' id='word_1_722' title='bbox 626 4683 762 4741; x_wconf 90' lang='lat' dir='ltr'>ideo</span> <span class='ocrx_word' id='word_1_723' title='bbox 794 4701 1035 4758; x_wconf 90' lang='lat' dir='ltr'>quoque</span> <span class='ocrx_word' id='word_1_724' title='bbox 1057 4687 1270 4743; x_wconf 92' lang='lat' dir='ltr'>merito</span> <span class='ocrx_word' id='word_1_725' title='bbox 1303 4688 1617 4758; x_wconf 89' lang='lat' dir='ltr'>spernitur.</span> 
     </span>
    </p>
   </div>
   <div class='ocr_carea' id='block_1_99' title="bbox 696 4863 2279 4938">
    <p class='ocr_par' dir='ltr' id='par_1_99' title="bbox 696 4863 2279 4938">
     <span class='ocr_line' id='line_1_99' title="bbox 696 4863 2279 4938; baseline 0.006 -23"><span class='ocrx_word' id='word_1_726' title='bbox 696 4864 905 4919; x_wconf 89' lang='lat' dir='ltr'>Verum</span> <span class='ocrx_word' id='word_1_727' title='bbox 928 4864 975 4919; x_wconf 92' lang='lat' dir='ltr'>si</span> <span class='ocrx_word' id='word_1_728' title='bbox 1005 4863 1234 4936; x_wconf 90' lang='lat' dir='ltr'>indigni</span> <span class='ocrx_word' id='word_1_729' title='bbox 1253 4870 1438 4931; x_wconf 86' lang='lat' dir='ltr'>erant,</span> <span class='ocrx_word' id='word_1_730' title='bbox 1470 4866 1775 4938; x_wconf 90' lang='lat' dir='ltr'>quomodo</span> <span class='ocrx_word' id='word_1_731' title='bbox 1796 4867 1856 4923; x_wconf 91' lang='lat' dir='ltr'>in</span> <span class='ocrx_word' id='word_1_732' title='bbox 1884 4866 1968 4922; x_wconf 88' lang='lat' dir='ltr'>eis</span> <span class='ocrx_word' id='word_1_733' title='bbox 1991 4869 2279 4937; x_wconf 89' lang='lat' dir='ltr'>operaba-</span> 
     </span>
    </p>
   </div>
   <div class='ocr_carea' id='block_1_100' title="bbox 624 4952 2278 5028">
    <p class='ocr_par' dir='ltr' id='par_1_100' title="bbox 624 4952 2278 5028">
     <span class='ocr_line' id='line_1_100' title="bbox 624 4952 2278 5028; baseline 0.002 -18"><span class='ocrx_word' id='word_1_734' title='bbox 624 4956 717 5010; x_wconf 92' lang='lat' dir='ltr'>tur</span> <span class='ocrx_word' id='word_1_735' title='bbox 749 4952 994 5025; x_wconf 88' lang='lat' dir='ltr'>Spiritus</span> <span class='ocrx_word' id='word_1_736' title='bbox 1018 4958 1257 5010; x_wconf 88' lang='lat' dir='ltr'>sanctus</span> <span class='ocrx_word' id='word_1_737' title='bbox 1288 4953 1315 5007; x_wconf 80' lang='lat'><strong><em>?</em></strong></span> <span class='ocrx_word' id='word_1_738' title='bbox 1352 4954 1607 5011; x_wconf 88' lang='lat' dir='ltr'>Omnino</span> <span class='ocrx_word' id='word_1_739' title='bbox 1631 4961 1871 5028; x_wconf 91' lang='lat' dir='ltr'>propter</span> <span class='ocrx_word' id='word_1_740' title='bbox 1901 4956 2022 5011; x_wconf 91' lang='lat' dir='ltr'>duo</span> <span class='ocrx_word' id='word_1_741' title='bbox 2052 4956 2278 5013; x_wconf 88' lang='lat' dir='ltr'>ﬁebant</span> 
     </span>
    </p>
   </div>
   <div class='ocr_carea' id='block_1_101' title="bbox 618 5042 2275 5117">
    <p class='ocr_par' dir='ltr' id='par_1_101' title="bbox 618 5042 2275 5117">
     <span class='ocr_line' id='line_1_101' title="bbox 618 5042 2275 5117; baseline 0.002 -18"><span class='ocrx_word' id='word_1_742' title='bbox 618 5042 734 5099; x_wconf 89' lang='lat' dir='ltr'>ista</span> <span class='ocrx_word' id='word_1_743' title='bbox 765 5046 942 5114; x_wconf 90' lang='lat' dir='ltr'>:puta</span> <span class='ocrx_word' id='word_1_744' title='bbox 964 5042 1241 5114; x_wconf 73' lang='lat' dir='ltr'>utgratiae</span> <span class='ocrx_word' id='word_1_745' title='bbox 1271 5044 2275 5117; x_wconf 87' lang='lat' dir='ltr'>Deiliberalitasetiaminindignos</span> 
     </span>
    </p>
   </div>
   <div class='ocr_carea' id='block_1_102' title="bbox 690 5218 1625 5290">
    <p class='ocr_par' dir='ltr' id='par_1_102' title="bbox 690 5218 1625 5290">
     <span class='ocr_line' id='line_1_102' title="bbox 690 5218 1625 5290; baseline 0.002 -16"><span class='ocrx_word' id='word_1_746' title='bbox 690 5219 736 5253; x_wconf 79' lang='lat'>“</span> <span class='ocrx_word' id='word_1_747' title='bbox 758 5220 893 5275; x_wconf 88' lang='lat' dir='ltr'>Luc.</span> <span class='ocrx_word' id='word_1_748' title='bbox 922 5234 1001 5290; x_wconf 87' lang='lat' dir='ltr'>v1,</span> <span class='ocrx_word' id='word_1_749' title='bbox 1030 5218 1119 5275; x_wconf 71' lang='lat'>46.</span> <span class='ocrx_word' id='word_1_750' title='bbox 1235 5220 1280 5257; x_wconf 75' lang='grc'>⁴³</span> <span class='ocrx_word' id='word_1_751' title='bbox 1312 5219 1467 5277; x_wconf 84' lang='lat' dir='ltr'>Psal.</span> <span class='ocrx_word' id='word_1_752' title='bbox 1500 5221 1625 5285; x_wconf 72' lang='lat'>4,6.</span> 
     </span>
    </p>
   </div>
   <div class='ocr_carea' id='block_1_103' title="bbox 1739 5220 2307 5291">
    <p class='ocr_par' dir='ltr' id='par_1_103' title="bbox 1739 5220 2307 5291">
     <span class='ocr_line' id='line_1_103' title="bbox 1739 5220 2307 5291; baseline 0 -15"><span class='ocrx_word' id='word_1_753' title='bbox 1739 5221 1785 5256; x_wconf 83' lang='grc'>“</span> <span class='ocrx_word' id='word_1_754' title='bbox 1812 5220 1964 5277; x_wconf 84' lang='lat' dir='ltr'>Psal.</span> <span class='ocrx_word' id='word_1_755' title='bbox 1998 5237 2185 5291; x_wconf 71' lang='lat' dir='ltr'>xxxvr,</span> <span class='ocrx_word' id='word_1_756' title='bbox 2221 5224 2307 5281; x_wconf 81' lang='grc'>18.</span> 
     </span>
    </p>
   </div>
   <div class='ocr_carea' id='block_1_104' title="bbox 2390 4691 3968 4757">
    <p class='ocr_par' dir='ltr' id='par_1_104' title="bbox 2390 4691 3968 4757">
     <span class='ocr_line' id='line_1_104' title="bbox 2390 4691 3968 4757; baseline -0.004 -13"><span class='ocrx_word' id='word_1_757' title='bbox 2390 4691 2595 4754; x_wconf 79' lang='grc' dir='ltr'>ἐντολὰς</span> <span class='ocrx_word' id='word_1_758' title='bbox 2665 4692 2845 4757; x_wconf 69' lang='grc' dir='ltr'>αὑτοῦ,</span> <span class='ocrx_word' id='word_1_759' title='bbox 2922 4692 3076 4745; x_wconf 71' lang='grc' dir='ltr'>αὐτόν</span> <span class='ocrx_word' id='word_1_760' title='bbox 3150 4691 3319 4746; x_wconf 87' lang='grc' dir='ltr'>ἀθετεῖ</span> <span class='ocrx_word' id='word_1_761' title='bbox 3394 4691 3479 4747; x_wconf 79' lang='grc' dir='ltr'>διὸ</span> <span class='ocrx_word' id='word_1_762' title='bbox 3552 4700 3646 4747; x_wconf 80' lang='grc' dir='ltr'>καὶ</span> <span class='ocrx_word' id='word_1_763' title='bbox 3735 4693 3968 4746; x_wconf 83' lang='grc' dir='ltr'>ἀθετεῖται</span> 
     </span>
    </p>
   </div>
   <div class='ocr_carea' id='block_1_105' title="bbox 2392 4779 2634 4842">
    <p class='ocr_par' dir='ltr' id='par_1_105' title="bbox 2392 4779 2634 4842">
     <span class='ocr_line' id='line_1_105' title="bbox 2392 4779 2634 4842; baseline 0.004 -8"><span class='ocrx_word' id='word_1_764' title='bbox 2392 4779 2634 4842; x_wconf 78' lang='grc' dir='ltr'>δικαίως.</span> 
     </span>
    </p>
   </div>
   <div class='ocr_carea' id='block_1_106' title="bbox 2462 4864 3970 4945">
    <p class='ocr_par' dir='ltr' id='par_1_106' title="bbox 2462 4864 3970 4945">
     <span class='ocr_line' id='line_1_106' title="bbox 2462 4864 3970 4945; baseline -0.003 -24"><span class='ocrx_word' id='word_1_765' title='bbox 2462 4874 2562 4921; x_wconf 83' lang='grc' dir='ltr'>Καὶ</span> <span class='ocrx_word' id='word_1_766' title='bbox 2622 4868 2729 4921; x_wconf 83' lang='grc' dir='ltr'>ἐπεὶ</span> <span class='ocrx_word' id='word_1_767' title='bbox 2789 4868 2988 4932; x_wconf 76' lang='grc' dir='ltr'>ἀνάξιοι</span> <span class='ocrx_word' id='word_1_768' title='bbox 3042 4869 3195 4935; x_wconf 76' lang='grc' dir='ltr'>ἦσαν,</span> <span class='ocrx_word' id='word_1_769' title='bbox 3257 4877 3368 4933; x_wconf 86' lang='grc' dir='ltr'>πῶς</span> <span class='ocrx_word' id='word_1_770' title='bbox 3424 4868 3706 4945; x_wconf 84' lang='grc' dir='ltr'>ἐνήργησεν</span> <span class='ocrx_word' id='word_1_771' title='bbox 3780 4869 3843 4929; x_wconf 81' lang='grc' dir='ltr'>εἰς</span> <span class='ocrx_word' id='word_1_772' title='bbox 3894 4864 3970 4918; x_wconf 67' lang='grc' dir='ltr'>αὖ·</span> 
     </span>
    </p>
   </div>
   <div class='ocr_carea' id='block_1_107' title="bbox 2386 4956 3966 5031">
    <p class='ocr_par' dir='ltr' id='par_1_107' title="bbox 2386 4956 3966 5031">
     <span class='ocr_line' id='line_1_107' title="bbox 2386 4956 3966 5031; baseline -0.003 -22"><span class='ocrx_word' id='word_1_773' title='bbox 2386 4961 2503 5019; x_wconf 80' lang='grc' dir='ltr'>τοὺς</span> <span class='ocrx_word' id='word_1_774' title='bbox 2534 4961 2591 5010; x_wconf 89' lang='grc' dir='ltr'>τό</span> <span class='ocrx_word' id='word_1_775' title='bbox 2642 4965 2851 5031; x_wconf 79' lang='grc' dir='ltr'>Πνεῦμα</span> <span class='ocrx_word' id='word_1_776' title='bbox 2899 4962 2957 5010; x_wconf 88' lang='grc' dir='ltr'>τό</span> <span class='ocrx_word' id='word_1_777' title='bbox 3000 4959 3148 5031; x_wconf 79' lang='grc' dir='ltr'>ἅγιον</span> <span class='ocrx_word' id='word_1_778' title='bbox 3192 4976 3205 5026; x_wconf 86' lang='grc'>;</span> <span class='ocrx_word' id='word_1_779' title='bbox 3242 4965 3452 5023; x_wconf 70' lang='grc' dir='ltr'>Πάντως</span> <span class='ocrx_word' id='word_1_780' title='bbox 3513 4958 3605 5013; x_wconf 76' lang='grc' dir='ltr'>διὰ</span> <span class='ocrx_word' id='word_1_781' title='bbox 3673 4956 3768 5012; x_wconf 80' lang='grc' dir='ltr'>δύο</span> <span class='ocrx_word' id='word_1_782' title='bbox 3802 4964 3966 5019; x_wconf 75' lang='grc' dir='ltr'>ταῦτα,</span> 
     </span>
    </p>
   </div>
   <div class='ocr_carea' id='block_1_108' title="bbox 2388 5040 3970 5123">
    <p class='ocr_par' dir='ltr' id='par_1_108' title="bbox 2388 5040 3970 5123">
     <span class='ocr_line' id='line_1_108' title="bbox 2388 5040 3970 5123; baseline -0.003 -24"><span class='ocrx_word' id='word_1_783' title='bbox 2388 5049 2470 5099; x_wconf 84' lang='grc' dir='ltr'>ἱνα</span> <span class='ocrx_word' id='word_1_784' title='bbox 2498 5047 2612 5120; x_wconf 78' lang='grc'>(57)</span> <span class='ocrx_word' id='word_1_785' title='bbox 2670 5043 2729 5099; x_wconf 77' lang='grc' dir='ltr'>δὲ</span> <span class='ocrx_word' id='word_1_786' title='bbox 2781 5049 2810 5106; x_wconf 80' lang='grc' dir='ltr'><strong>ἠ</strong></span> <span class='ocrx_word' id='word_1_787' title='bbox 2869 5047 3138 5121; x_wconf 77' lang='grc' dir='ltr'>φιλοτιμία</span> <span class='ocrx_word' id='word_1_788' title='bbox 3183 5055 3277 5111; x_wconf 82' lang='grc' dir='ltr'>τῆς</span> <span class='ocrx_word' id='word_1_789' title='bbox 3310 5051 3531 5123; x_wconf 80' lang='grc' dir='ltr'>χάριτος</span> <span class='ocrx_word' id='word_1_790' title='bbox 3581 5057 3673 5103; x_wconf 82' lang='grc' dir='ltr'>τοῦ</span> <span class='ocrx_word' id='word_1_791' title='bbox 3724 5053 3846 5103; x_wconf 82' lang='grc' dir='ltr'>Θεοῦ</span> <span class='ocrx_word' id='word_1_792' title='bbox 3879 5040 3970 5097; x_wconf 62' lang='lat' dir='ltr'>dst-</span> 
     </span>
    </p>
   </div>
   <div class='ocr_carea' id='block_1_109' title="bbox 2422 5221 3583 5295">
    <p class='ocr_par' dir='ltr' id='par_1_109' title="bbox 2422 5221 3583 5295">
     <span class='ocr_line' id='line_1_109' title="bbox 2422 5221 3583 5295; baseline 0.005 -18"><span class='ocrx_word' id='word_1_793' title='bbox 2422 5223 2469 5258; x_wconf 81' lang='grc'>⁴⁵</span> <span class='ocrx_word' id='word_1_794' title='bbox 2504 5221 2553 5277; x_wconf 90' lang='grc' dir='ltr'>Π</span> <span class='ocrx_word' id='word_1_795' title='bbox 2579 5223 2725 5279; x_wconf 91' lang='lat' dir='ltr'>Tim.</span> <span class='ocrx_word' id='word_1_796' title='bbox 2750 5237 2810 5292; x_wconf 84' lang='grc' dir='ltr'>ιι,</span> <span class='ocrx_word' id='word_1_797' title='bbox 2843 5224 2931 5278; x_wconf 78' lang='grc'><strong>19.</strong></span> <span class='ocrx_word' id='word_1_798' title='bbox 3044 5224 3092 5260; x_wconf 81' lang='grc'>⁴⁶</span> <span class='ocrx_word' id='word_1_799' title='bbox 3115 5224 3228 5282; x_wconf 88' lang='lat' dir='ltr'>lsa.</span> <span class='ocrx_word' id='word_1_800' title='bbox 3262 5241 3460 5295; x_wconf 66' lang='grc' dir='ltr'><strong>χχχιχ,</strong></span> <span class='ocrx_word' id='word_1_801' title='bbox 3491 5226 3583 5284; x_wconf 80' lang='lat' dir='ltr'>l5.</span> 
     </span>
    </p>
   </div>
   <div class='ocr_carea' id='block_1_110' title="bbox 1826 5398 2745 5472">
    <p class='ocr_par' dir='ltr' id='par_1_110' title="bbox 1826 5398 2745 5472">
     <span class='ocr_line' id='line_1_110' title="bbox 1826 5398 2745 5472; baseline 0.002 -4"><span class='ocrx_word' id='word_1_802' title='bbox 1826 5398 2050 5468; x_wconf 68' lang='lat' dir='ltr'>Variae</span> <span class='ocrx_word' id='word_1_803' title='bbox 2080 5400 2409 5471; x_wconf 90' lang='lat' dir='ltr'>lectiones</span> <span class='ocrx_word' id='word_1_804' title='bbox 2450 5411 2745 5472; x_wconf 80' lang='lat' dir='ltr'>etnotae.</span> 
     </span>
    </p>
   </div>
   <div class='ocr_carea' id='block_1_111' title="bbox 688 5587 1425 5734">
    <p class='ocr_par' dir='ltr' id='par_1_111' title="bbox 688 5587 1425 5734">
     <span class='ocr_line' id='line_1_111' title="bbox 688 5587 1425 5734; baseline 0.014 -93"><span class='ocrx_word' id='word_1_805' title='bbox 688 5587 801 5734; x_wconf 50' lang='lat'>£55;</span> <span class='ocrx_word' id='word_1_806' title='bbox 833 5596 921 5645; x_wconf 82' lang='grc' dir='ltr'>καὶ</span> <span class='ocrx_word' id='word_1_807' title='bbox 950 5590 1077 5646; x_wconf 73' lang='grc' dir='ltr'>τάδε</span> <span class='ocrx_word' id='word_1_808' title='bbox 1108 5597 1321 5655; x_wconf 80' lang='lat' dir='ltr'>omittit</span> <span class='ocrx_word' id='word_1_809' title='bbox 1358 5596 1425 5653; x_wconf 78' lang='grc' dir='ltr'><strong>Β.</strong></span> 
     </span>
     <span class='ocr_line' id='line_1_112' title="bbox 715 5661 1211 5734; baseline 0.014 -18"><span class='ocrx_word' id='word_1_810' title='bbox 715 5661 781 5717; x_wconf 78' lang='grc'>56</span> <span class='ocrx_word' id='word_1_811' title='bbox 829 5667 919 5734; x_wconf 82' lang='grc' dir='ltr'>μέν</span> <span class='ocrx_word' id='word_1_812' title='bbox 940 5664 1107 5721; x_wconf 92' lang='lat' dir='ltr'>addit</span> <span class='ocrx_word' id='word_1_813' title='bbox 1144 5670 1211 5723; x_wconf 77' lang='grc' dir='ltr'>Α.</span> 
     </span>
    </p>
   </div>
   <div class='ocr_carea' id='block_1_112' title="bbox 612 5661 1211 5735">
    <p class='ocr_par' dir='ltr' id='par_1_112' title="bbox 612 5661 1211 5735">
     <span class='ocr_line' id='line_1_113' title="bbox 612 5661 1211 5735; baseline 0.012 -19"><span class='ocrx_word' id='word_1_814' title='bbox 612 5684 617 5689; x_wconf 49' lang='grc' dir='ltr'><strong>λ</strong></span> <span class='ocrx_word' id='word_1_815' title='bbox 688 5661 801 5734; x_wconf 79' lang='grc'>(56)</span> <span class='ocrx_word' id='word_1_816' title='bbox 829 5667 919 5735; x_wconf 81' lang='grc' dir='ltr'>μέν</span> <span class='ocrx_word' id='word_1_817' title='bbox 940 5664 1107 5721; x_wconf 82' lang='lat' dir='ltr'>addit</span> <span class='ocrx_word' id='word_1_818' title='bbox 1144 5670 1211 5723; x_wconf 78' lang='grc' dir='ltr'>Α.</span> 
     </span>
    </p>
   </div>
   <div class='ocr_carea' id='block_1_113' title="bbox 2477 5600 2984 5673">
    <p class='ocr_par' dir='ltr' id='par_1_113' title="bbox 2477 5600 2984 5673">
     <span class='ocr_line' id='line_1_114' title="bbox 2477 5600 2984 5673; baseline -0.01 -16"><span class='ocrx_word' id='word_1_819' title='bbox 2477 5600 2582 5673; x_wconf 40' lang='grc' dir='ltr'>56έ)</span> <span class='ocrx_word' id='word_1_820' title='bbox 2623 5600 2783 5673; x_wconf 85' lang='lat' dir='ltr'>Idem</span> <span class='ocrx_word' id='word_1_821' title='bbox 2812 5600 2984 5653; x_wconf 82' lang='grc' dir='ltr'>εἰπών.</span> 
     </span>
    </p>
   </div>
   <div class='ocr_carea' id='block_1_114' title="bbox 2450 5600 3166 5746">
    <p class='ocr_par' dir='ltr' id='par_1_114' title="bbox 2450 5600 3166 5746">
     <span class='ocr_line' id='line_1_115' title="bbox 2477 5600 2984 5673; baseline -0.008 -17"><span class='ocrx_word' id='word_1_822' title='bbox 2477 5600 2582 5673; x_wconf 73' lang='grc' dir='ltr'>ὅθ’)</span> <span class='ocrx_word' id='word_1_823' title='bbox 2623 5600 2783 5657; x_wconf 91' lang='lat' dir='ltr'>ldem</span> <span class='ocrx_word' id='word_1_824' title='bbox 2812 5600 2984 5653; x_wconf 85' lang='grc' dir='ltr'>εἰπών.</span> 
     </span>
     <span class='ocr_line' id='line_1_116' title="bbox 2450 5600 3166 5746; baseline -0.003 -15"><span class='ocrx_word' id='word_1_825' title='bbox 2450 5600 2563 5746; x_wconf 52' lang='grc' dir='ltr'>ἱῦἹ)</span> <span class='ocrx_word' id='word_1_826' title='bbox 2602 5672 2798 5731; x_wconf 79' lang='lat' dir='ltr'>Malim</span> <span class='ocrx_word' id='word_1_827' title='bbox 2820 5692 2895 5743; x_wconf 84' lang='grc' dir='ltr'>τε,</span> <span class='ocrx_word' id='word_1_828' title='bbox 2927 5673 3059 5734; x_wconf 92' lang='lat' dir='ltr'>loco</span> <span class='ocrx_word' id='word_1_829' title='bbox 3086 5670 3166 5729; x_wconf 79' lang='grc' dir='ltr'>δέ·</span> 
     </span>
    </p>
   </div>
  </div>
