4098 6416
207 320 316 380 2'13

1194 324 1573 382 COMMENT.
1621 321 1691 378 IN
1731 315 2180 375 MATTHIEUM.
2224 344 2288 359 —-
2332 315 2493 372 CAP.
2541 316 2662 373 VII.

3500 318 3607 374 2⁸14

214 454 411 524 χϐείη,
461 453 684 524 χεομὲνη
723 456 819 505 καὶ
865 451 940 515 εἰς
980 457 1102 515 τοὺς
1149 451 1405 520 ἀναξίους,
1448 454 1537 502 καὶ
1570 449 1653 501 ἶνα
1681 448 1836 521 ἕτεροι

1954 442 2213 500 diffundi
2239 441 2784 513 demonstraretur;
2815 443 2869 497 et
2890 444 2953 497 ut
2982 456 3089 514 per
3119 441 3320 514 ipsum
3346 441 3475 500 aliis
3505 442 3607 501 be-

214 539 288 594 δι⁹
351 540 528 593 αὐτῶν
586 540 948 613 ὠφιληθῶσιν,
1002 544 1118 595 ὅσοι
1168 561 1222 594 τε
1278 541 1398 614 παρ’
1453 540 1617 592 αὐτῶν
1667 537 1840 612 ἐθερα-

208 634 467 691 πεύοντο,
522 637 613 684 καὶ
661 632 779 683 ὅσοι
831 630 1104 704 βλέποντες
1160 632 1245 691 τὰς
1315 631 1557 691 τοιαύτας
1614 629 1842 699 θαυματ-

208 725 463 792 ουργίας,
530 718 801 773 ἐπίστευον
854 728 927 791 τῷ
974 726 1220 795 Χριστῷ.
1281 719 1356 771 Οὐ
1411 724 1519 793 χρὴ
1574 717 1660 769 οὖν
1720 718 1841 769 θαυ-

202 810 416 881 μάζειν
473 810 665 871 αὐτοὺς
736 812 1283 884 θαυματουργοῡντας.
1344 805 1512 861 Οὐδὲν
1563 811 1662 882 γὰρ
1717 806 1839 881 παρ’

204 899 422 951 ἑαυτῶν
486 900 816 971 εἰσήνεγκαν,
879 898 1007 951 ἀλλὰ
1056 902 1142 951 τὸν
1197 901 1346 967 Θεέν,
1403 899 1488 949 τὸν
1547 893 1836 961 δεδωκότα,

200 991 487 1051 τοιούτοις
548 983 703 1040 οὖσιν
764 988 957 1053 αὐτοῖς,
1014 992 1107 1046 τὴν
1158 990 1339 1061 χάριν.
1405 992 1649 1047 Τοιοῦτος
1700 982 1761 1043 ἦν
1814 984 1839 1036 ὁ

200 1079 275 1129 τὰ
342 1073 613 1149 δαιμόνια
684 1076 958 1146 ἐκϐάλλων,
1036 1082 1125 1129 καὶ
1176 1081 1247 1149 μὴ
1325 1078 1392 1128 ὢν
1471 1075 1581 1148 μετ’
1656 1074 1833 1128 αὐτοῦ.

196 1173 472 1227 Τοιοῦτος
534 1168 597 1225 ἧν
654 1170 746 1218 καὶ
790 1168 814 1217 ὁ
862 1161 1127 1240 προδότης
1182 1162 1408 1228 Ἰούδας.
1457 1165 1685 1227 Ἀνάξιοι
1736 1169 1835 1235 γὰρ

198 1258 383 1319 ὄντες,
434 1255 623 1309 ἔλαϐον
681 1260 1017 1328 χαρίσματα.
1063 1260 1161 1308 Καὶ
1202 1254 1252 1308 ἐν
1306 1263 1368 1328 τῇ
1427 1253 1634 1325 Παλαιᾲ
1675 1250 1733 1305 δὲ
1768 1253 1839 1313 εἰς

201 1344 447 1406 πολλοὺς
514 1344 763 1407 ἀναξίους
818 1346 847 1404 ἡ
900 1347 1012 1397 θεία
1075 1348 1233 1418 χάρις
1273 1344 1579 1418 ἐνήργησεν,
1633 1344 1716 1394 ἵνα
1763 1338 1837 1394 δι’

202 1435 395 1486 αὐτῶν
450 1434 643 1496 οἵλὶους
706 1435 1043 1509 εὐεργετήσῃ.
1098 1433 1232 1487 Ἀλλ’
1304 1433 1447 1485 οὗτοι
1508 1437 1596 1505 μέν
1655 1433 1839 1493 πάντες

204 1529 406 1575 πίστιν
450 1527 581 1584 τέως
615 1530 783 1594 εἰχον,
824 1522 869 1574 εἰ
918 1527 1009 1573 καὶ
1047 1520 1169 1595 βίον
1212 1519 1345 1579 ἦσαν
1390 1524 1832 1593 χατεγνῶσμένου.

210 1610 442 1683 Βαλαὰμ.
490 1608 553 1663 ὁὶ
581 1616 675 1662 καὶ
720 1616 941 1670 πίστεως
988 1616 1073 1663 καὶ
1137 1609 1393 1670 πολιτείας
1433 1610 1650 1684 ἀρίστης
1695 1608 1837 1661 αλλό-

1950 533 2230 590 neﬁcium
2260 530 2642 597 conferretur,
2669 531 2770 603 qui
2802 526 3073 587 videlicet
3093 531 3170 587 ab
3198 532 3282 587 eis
3314 532 3607 590 curaban-

1949 625 2064 691 tur,
2122 621 2216 677 vel
2284 621 2382 693 qui
2453 635 2640 692 opera
2720 619 2818 677 illa
2885 619 3243 677 admiranda
3310 621 3605 679 intuentes

1950 710 2275 767 credebant
2316 711 2375 765 in
2428 708 2745 765 Christum.
2798 712 2926 765 Non
2972 724 3115 778 ergo
3171 725 3273 765 eos
3322 710 3607 769 admirari

1949 802 2201 872 oportet,
2244 799 2345 871 qui
2394 798 2688 855 miracula
2726 796 3155 870 operabantur,
3201 815 3393 871 neque
3446 800 3607 858 enim

1948 888 2286 963 quidquam
2318 903 2354 944 a
2379 903 2439 943 se
2489 888 2636 960 ipsis
2666 888 3050 944 conferebant
3080 905 3094 955 ;
3125 889 3229 944 sed
3258 892 3464 958 Deum,
3502 891 3607 963 qui

1949 994 2081 1034 cum
2113 977 2195 1033 illi
2243 977 2386 1033 tales
2425 979 2641 1042 essent,
2668 976 2923 1048 gratiam
2955 979 3157 1033 tamen
3191 977 3304 1033 illis
3332 980 3607 1050 praestite-

1945 1071 2058 1125 rat.
2089 1068 2242 1124 Talis
2273 1070 2416 1133 erat,
2450 1066 2553 1139 qui
2591 1064 2893 1123 diemonia
2940 1065 3231 1138 ejiciebat,
3260 1082 3372 1123 nec
3401 1070 3606 1125 tamen

1946 1157 2141 1225 ipsum
2197 1154 2561 1227 sequebatur
2590 1170 2603 1220 ;
2637 1152 2772 1210 talis
2804 1158 2928 1211 erat
2974 1159 3031 1211 et
3066 1154 3255 1211 Judas
3301 1156 3596 1227 proditor.

1945 1246 2097 1302 Nam
2110 1244 2241 1300 licet
2261 1244 2711 1314 indigniessent,
2734 1244 2987 1313 gratiam
3004 1247 3205 1300 tamen
3228 1253 3601 1318 acceperant.

1946 1335 2009 1390 In
2060 1333 2247 1390 Veteri
2276 1348 2520 1406 quoque
2576 1335 2951 1389 Testamento
2990 1332 3051 1388 in
3082 1334 3284 1389 multis
3336 1334 3604 1405 indignis

1947 1423 2137 1493 gratia
2157 1422 2535 1494 operabatur,
2564 1425 2629 1476 ut
2644 1436 2749 1493 per
2774 1437 2875 1477 eos
2908 1420 3038 1477 aliis
3067 1422 3427 1478 beneﬁcium
3457 1438 3607 1495 pree-

1946 1514 2146 1567 staret.
2199 1510 2311 1567 Sed
2346 1510 2409 1566 hi
2458 1510 2704 1582 quidem
2766 1508 2949 1564 ﬁdem
2995 1509 3233 1567 interim
3277 1510 3603 1580 habebant,

1945 1613 2301 1671 quanquam
2360 1598 2480 1653 vita
2528 1596 3029 1670 reprehensibiles
3077 1602 3296 1655 essent.
3363 1598 3607 1655 Balaam

205 1719 360 1771 τριος
418 1700 514 1767 ὧν,
580 1704 956 1772 προεφήτευσε.
1016 1704 1116 1752 Καὶ
1153 1707 1224 1769 τῷ
1283 1705 1468 1773 Φαραὼ
1510 1695 1588 1763 δὲ,
1620 1702 1709 1749 καὶ
1765 1706 1836 1768 τῷ

1950 1691 2147 1743 autem
2194 1684 2537 1742 cumaﬁde
2595 1689 2652 1741 et
2705 1685 3159 1742 conversatione
3227 1686 3392 1743 bona
3457 1690 3609 1744 esset

208 1784 746 1862 Ναϐουχοδονόσορ,
788 1793 878 1839 καὶ
921 1796 991 1858 τῷ
1035 1790 1129 1858 υἱῷ
1162 1788 1319 1840 αὑτοῦ
1369 1787 1661 1859 Βαλτάσαρ,
1714 1784 1837 1838 ἀσε-

216 1875 346 1929 ϐέσι
398 1884 483 1930 καὶ
534 1878 999 1951 παρανομωτάτοις
1053 1874 1215 1943 οὖσιν,
1270 1872 1461 1939 ἔδειξεν
1518 1877 1543 1927 6
1597 1878 1726 1937 Θεὸς
1772 1878 1838 1928 τὰ

214 1966 477 2038 μίλλοντα
538 1962 635 2019 διὰ
676 1971 770 2025 τὴν
823 1966 1002 2039 ἑτέρων
1054 1966 1373 2039 οἰκονομίαν.
1443 1969 1543 2017 Καὶ
1601 1968 1653 2017 τί
1705 1964 1837 2035 λέγω

213 2061 340 2129 περὶ
401 2054 730 2130 ἁνθρώπων;
773 2055 863 2117 Εἰς
906 2059 1000 2113 τὴν
1051 2058 1161 2106 ὄνον
1208 2061 1299 2106 τοῦ
1354 2052 1567 2125 Βαλαὰμ
1610 2055 1639 2110 ἡ
1678 2054 1837 2125 χάρις

212 2150 282 2199 τὰ
374 2146 570 2207 ἑαυτῆς
660 2140 981 2212 ἐπεδείξατο,
1062 2148 1229 2215 φωνὴν
1306 2141 1627 2218 ἀνθρωπίνην
1703 2140 1833 2213 αὐτῇ

216 2231 611 2310 δωρησαμένη,
684 2236 805 2309 ηρὸς
851 2236 909 2286 τὸ
966 2236 1231 2286 συνιτίσαι
1291 2234 1375 2285 τὸν
1435 2230 1687 2289 ἐπιϐάτην
1748 2230 1837 2283 αὖε

212 2333 330 2384 τῆς.

288 2413 443 2467 Ἐπεὶ

214 2509 400 2562 πίστις
440 2506 563 2555 οὔτε
614 2503 859 2573 θαύματα
918 2504 1100 2565 σώζειν
1166 2496 1439 2565 δύνανται,
1482 2498 1604 2572 βίου
1650 2498 1837 2570 μᾶλλον

531 2417 727 2477 τοίνυν,
816 2414 972 2487 ὀρθοῦ
1055 2410 1174 2483 βίον
1242 2414 1313 2483 μὴ
1388 2413 1659 2483 παρόντος,
1722 2409 1839 2461 οὗτε

218 2591 569 2663 ίπιμελητέον
654 2592 798 2662 ἡμῖν.
876 2592 954 2643 Τὰ
1021 2586 1078 2642 δὲ
1166 2591 1427 2661 θαύματα,
1505 2592 1841 2661 παρεχόμενα

217 2686 311 2751 μὲν
358 2676 701 2742 ἀποδεκτέον,
757 2683 829 2751 μὴ
886 2683 1251 2752 παρεχομένων
1293 2674 1351 2730 δὲ
1402 2681 1472 2750 μὴ
1528 2677 1837 2749 ἀθυμητέον.

220 2776 265 2821 Ο
342 2773 450 2840 γαρ
533 2771 785 2843 ἐνάρετος,
871 2772 961 2819 καὶ
1028 2772 1098 2840 μὴ
1164 2769 1594 2839 θαυματουργῶν,
1682 2763 1838 2818 οὐδὲν

220 2856 453 2911 ἐντεῦθεν
516 2857 835 2915 ἠλάττωται.
899 2861 1000 2909 Καί
1049 2860 1149 2928 γὰρ
1209 2857 1234 2907 6
1290 2859 1380 2929 μὲν
1441 2854 1635 2927 ἀγαθὸς
1699 2854 1835 2927 βίος,

1945 1774 2632 1846 alienus,prophetabat.
2648 1774 2801 1839 Quin
2822 1778 2878 1830 et
2900 1774 3190 1831 Pharaoni
3216 1778 3273 1831 et
3302 1775 3609 1833 Nabucho-

1944 1862 2209 1919 donosor
2223 1866 2278 1917 et
2298 1861 2419 1918 ﬁlio
2433 1862 2561 1933 ejus
2588 1861 2867 1927 Baltasar,
2894 1878 3033 1917 cum
3056 1866 3250 1919 essent
3264 1863 3609 1935 impiissimi

1948 1967 2017 2008 ac
2043 1951 2506 2017 sceleratissimi,
2553 1951 2719 2009 Deus
2750 1950 2951 2007 futura
2982 1951 3434 2019 demonstravit,
3473 1967 3609 2024 pro-

1945 2044 2077 2113 pter
2090 2039 2338 2096 aliorum
2355 2038 2868 2111 gubernationem.
2888 2038 3002 2095 Sed
3013 2039 3162 2111 quid
3176 2039 3249 2096 de
3262 2039 3608 2097 hominibus

1948 2130 2100 2199 dico,
2127 2144 2267 2184 cum
2291 2132 2346 2184 et
2375 2128 2436 2183 in
2463 2128 2637 2185 asina
2652 2127 2895 2184 Balaam
2923 2142 3099 2184 suam
3114 2128 3610 2187 demonstraverit

1946 2219 2241 2282 virtutem,
2268 2232 2413 2274 voce
2440 2217 2712 2274 humana
2740 2216 2855 2290 ipsi
2884 2216 3118 2282 collata,
3162 2219 3225 2275 ut
3259 2232 3395 2275 eam
3426 2217 3609 2292 ipsius

1950 2322 2232 2364 ascensor
2261 2305 2658 2377 intelligeret?

2021 2405 2169 2471 Quia
2208 2419 2350 2475 ergo
2380 2410 2543 2461 recta
2569 2404 2669 2461 via
2692 2402 3026 2475 deﬁciente,
3060 2419 3256 2477 neque
3304 2403 3476 2470 ﬁdes,
3504 2420 3611 2462 ne~

1948 2509 2067 2565 que
2096 2492 2385 2549 miracula
2416 2492 2618 2549 salvos
2663 2492 2857 2549 facere
2879 2495 3149 2564 possunt,
3185 2491 3365 2549 nobis
3394 2492 3469 2549 de
3486 2494 3612 2553 vita

1949 2582 2145 2654 magis
2176 2582 2512 2637 curandum
2526 2583 2614 2637 est
2644 2580 2838 2652 :quod
2862 2581 2908 2635 si
2940 2580 3133 2638 facere
3150 2597 3396 2654 quoque
3435 2582 3611 2652 signa

1950 2670 2139 2736 detur,
2216 2670 2659 2742 suscipiendum
2711 2673 2839 2737 est;
2894 2669 2945 2725 si
2994 2674 3191 2726 autem
3251 2686 3374 2727 non
3418 2671 3609 2738 detur,

1951 2760 2320 2817 constristari
2362 2775 2486 2815 non
2516 2761 2768 2830 oportet.
2798 2761 2947 2815 Nam
2986 2758 3091 2831 qui
3130 2758 3341 2815 virtute
3392 2760 3611 2832 praedi-

1951 2857 2042 2904 tus
2074 2853 2185 2916 est,
2210 2850 2319 2904 etsi
2362 2848 2647 2904 miracula
2672 2862 2796 2903 non
2824 2847 2980 2913 edat,
3034 2846 3181 2903 nihil
3225 2848 3361 2905 inde
3390 2840 3614 2920 patitur

220 2948 435 3008 πάντως
487 2946 653 3007 σώζει
688 2948 775 2997 τὸν
828 2950 1015 2998 πιστόν
1045 2963 1056 2975 ⁶
1098 2948 1161 2997 τὰ
1211 2947 1456 3017 θαύματα
1500 2941 1559 2997 δὲ
1617 2944 1674 2996 οὐ
1714 2946 1836 2997 πάν-

1950 2938 2307 3001 detrimenti,
2353 2937 2517 2993 bona
2560 2936 2859 3009 siquidem
2907 2937 3029 2994 vita
3064 2936 3307 2993 ﬁdelem
3362 2939 3612 2997 omnino

221 3054 341 3097 τως.
414 3039 520 3088 Καὶ
590 3042 682 3087 τοῦ
762 3037 852 3106 μὲν
909 3037 1143 3106 ἐναρέτου
1224 3033 1345 3106 βίον
1422 3032 1640 3107 ἀμοιϐὰς
1713 3035 1838 3104 ἡμῖν

222 3131 499 3198 Laecae-rei
564 3128 731 3184 Θεὸς·
792 3130 892 3174 τῶν
948 3119 1006 3175 δί
1082 3125 1356 3194 θαυμάτων
1426 3125 1576 3195 ἡμεῖς
1648 3121 1838 3195 μᾶλλον

220 3215 396 3283 αὐτῷ,
450 3216 562 3275 Τὰς
602 3212 777 3275 αἰτίας
823 3207 901 3275 δὲ,
959 3208 1031 3264 δι’
1079 3210 1140 3273 ἃς
1183 3215 1295 3265 οὔτε
1336 3217 1468 3264 πᾶσι
1514 3218 1620 3273 τοῖς
1667 3211 1839 3283 ἁγίοις

219 3310 452 3376 παρέχει
480 3307 580 3359 τὴν
630 3305 791 3375 χάριν
821 3308 921 3352 τῶν
979 3302 1255 3373 θαυμάτων
1285 3302 1311 3353 6
1343 3304 1486 3366 Θεὸς,
1541 3302 1658 3353 οὔτε
1704 3306 1839 3353 πᾶσι

215 3399 329 3454 τοῖς
401 3391 660 3454 ἀναξίοις,
732 3394 889 3462 μόνος
945 3389 1097 3451 αὐτὸς
1159 3386 1303 3443 οἶδεν
1358 3389 1538 3465 ὀρθῶς,
1595 3392 1621 3442 6
1671 3391 1838 3442 πάντα

214 3485 358 3533 κατὰ
397 3480 555 3553 λόγον
585 3488 771 3535 ποιῶν.

288 3665 407 3719 Πᾶς
457 3689 530 3699 -—
586 3678 838 3731 φρονιμῳ.
896 3658 1223 3730 Ἀπαρτίσας
1293 3662 1386 3715 τὴν
1459 3652 1837 3722 διδασκαλίαν,

207 3748 399 3800 λοιπον
452 3746 849 3822 παραθαῤῥύνει
908 3750 1025 3808 τοὺς
1065 3748 1323 3819 μαθητὰς,
1380 3746 1452 3808 si;
1498 3749 1555 3798 τό
1607 3742 1839 3817 βαδίσαι

206 3842 307 3893 τὴν
391 3842 576 3895 στενὴν
649 3841 739 3888 καὶ
809 3834 1149 3907 τεθλιμμένην
1208 3832 1351 3905 ὁδὸν,
1421 3836 1840 3907 ὑπισχνούμενος

205 3928 464 3994 γενέσθαι
530 3926 707 3986 αὐτοῖς
762 3924 1027 3998 ἀρκοῦσαν
1085 3923 1387 3997 ἀσφάλειαν,
1451 3928 1545 3982 τὴν
1609 3924 1838 3996 φυλακὴν

201 4024 311 4065 ’ὡν
372 4015 591 4068 ἐντολῶν
625 4014 804 4068 αὐτοῦ.
859 4020 986 4082 Πᾶς,
1040 4019 1222 4084 φησιν,
1266 4016 1290 4065 6
1342 4012 1539 4065 ἁκούων
1570 4033 1671 4085 μου
1719 4018 1842 4077 τοὺς

198 4103 399 4175 16792:;
445 4108 687 4169 τούτους,
731 4108 847 4162 ἤτοι
899 4106 987 4163 τὰς
1045 4102 1271 4168 ἐντολάς,
1303 4102 1365 4163 ἃς
1415 4100 1657 4165 ἐπέταξα.
1716 4106 1842 4158 Τινὰ

1949 3027 2180 3085 salvum
2224 3025 2382 3091 facit,
2418 3025 2708 3082 miracula
2737 3040 2873 3081 vero
2911 3040 3035 3082 non
3088 3041 3344 3097 semper.
3374 3027 3612 3085 Prmter-

1946 3132 2019 3173 ea
2045 3116 2223 3172 bonas
2254 3116 2389 3171 vitae
2406 3114 2957 3170 remunerationem
3004 3113 3184 3169 nobis
3216 3114 3393 3171 debet
3417 3116 3610 3183 Deus;

1946 3203 2374 3262 miraculorum
2427 3206 2647 3269 autem,
2692 3218 2805 3259 nos
2860 3201 3060 3275 potius
3102 3202 3219 3274 ipsi
3294 3203 3611 3263 debemus.

1948 3296 2170 3352 Causas
2219 3308 2360 3349 vero
2403 3296 2638 3364 propter
2663 3307 2833 3365 quas,
2882 3306 3078 3365 neque
3125 3292 3344 3349 sanctis
3417 3293 3609 3349 omni-

1946 3383 2065 3440 bus
2095 3381 2322 3455 praebet
2348 3381 2505 3437 Deus
2553 3380 2807 3451 gratiam
2850 3380 3302 3448 miraculorum,
3354 3396 3609 3454 nequeo

1946 3473 2183 3529 diverso
2213 3470 2497 3527 omnibus
2536 3470 2822 3539 indignis,
2875 3469 3038 3527 solus
3091 3471 3214 3543 ipse
3258 3470 3439 3537 novit,
3467 3472 3613 3544 quia

1947 3561 2149 3619 omnia
2178 3560 2339 3631 justa
2366 3558 2599 3616 ratione
2629 3557 2786 3615 facit.

2018 3662 2181 3717 Vers.
2234 3662 2323 3714 24.
2370 3658 2573 3714 Omnis
2604 3688 2672 3698 —
2698 3656 3000 3728 prudenti.
3048 3656 3295 3730 Expleta
3336 3656 3611 3718 doctrina

1948 3749 2301 3808 adhortatur
2338 3747 2618 3819 deinceps
2657 3746 3003 3819 discipulos,
3047 3751 3113 3804 ut
3151 3762 3257 3818 per
3306 3747 3470 3806 viam
3502 3764 3611 3806 an-

1949 3842 2185 3910 gustam
2237 3840 2294 3893 et
2347 3837 2608 3893 strictam
2666 3835 3014 3905 gradientur
3046 3838 3437 3909 :promittens
3494 3836 3610 3894 illis

1950 3926 2343 3983 sufﬁcientem
2366 3924 2570 3981 adfore
2598 3923 3229 3996 securitatem,nempe
3247 3924 3445 3998 ipsam
3463 3941 3610 3998 pree-

1950 4021 2260 4089 ceptorum
2290 4015 2791 4072 observationem.
2846 4016 3070 4084 Omnis,
3108 4014 3315 4087 inquit,
3370 4016 3474 4088 qui
3504 4032 3610 4073 au-

1950 4106 2037 4163 dit
2064 4106 2177 4163 hos
2209 4120 2518 4161 sermones
2558 4119 2739 4173 meos,
2771 4103 2894 4159 sive
2940 4104 3068 4160 haec
3097 4120 3228 4175 quae
3254 4104 3411 4175 jussi
3456 4120 3608 4177 prae—

196 4200 299 4266 μέν
358 4191 446 4247 οὖν
514 4202 619 4245 τῶν
674 4192 788 4265 (58)
833 4191 1181 4267 ἀντιγράφων,
1228 4191 1650 4265 Ὁμοιωθήσεται
1716 4196 1836 4267 γρά-

1950 4200 2122 4269 cepta
2151 4216 2162 4251 :
2190 4193 2477 4267 quaedam
2503 4193 2797 4267 siquidem
2814 4192 3179 4265 exemplaria
3200 4195 3604 4266 ὁμοιωθήσεται,

1484 4318 1705 4387 Variae
1731 4319 2059 4389 lectiones
2084 4330 2371 4387 etnotae.

275 4462 407 4535 (58)
432 4459 811 4535 Discanthoc
827 4458 1829 4535 lococrisinNovi'l‘estamenti,qui,

194 4530 313 4591 ubi
344 4530 685 4607 ἀντιγρξᾳφων
708 4530 771 4607 ﬁt
791 4531 1030 4607 mentio,
1048 4530 1280 4607 ubique
1293 4531 1558 4607 cogitant
1577 4532 1650 4607 de
1673 4530 1831 4586 codi-

194 4608 387 4661 cibus
415 4602 487 4662 Nl
507 4602 610 4674 'T.
630 4602 979 4674 Cujusmodi
1000 4617 1139 4672 ergo
1170 4602 1407 4674 codices
1447 4604 1831 4674 ὁμοιωθήσεται

194 4672 756 4734 habent7scilicét
802 4673 1225 4745 Chrysostomi.
1271 4679 1416 4729 tom.
1467 4672 1583 4743 VII,
1636 4692 1691 4744 p.
1727 4678 1822 4729 301

199 4750 326 4806 bis.
360 4749 527 4829 Quid
578 4752 781 4803 autem
812 4744 1235 4829 ‘Euthzmius‘?
1264 4748 1423 4829 Num
1445 4745 1827 4829 examinavit,

201 4837 349 4903 quae
378 4820 563 4902 lectio
589 4833 698 4891 per
718 4816 951 4872 codices
977 4819 1041 4872 N.
1071 4818 1426 4897 Testamenti
1454 4816 1833 4898 praeferenda

206 4900 283 4968 sit
299 4894 329 4947 ?
353 4894 593 4968 Minime
613 4904 775 4968 vero.
798 4886 908 4968 sed
932 4891 1234 4968 utramque
1248 4888 1511 4968 admittit.
1536 4888 1833 4968 Theophy:

211 4966 426 5031 lactus,
486 4963 595 5037 qui
623 4959 1106 5037 etiam_tra_ctav_it
1142 4958 1389 5037 codices
1407 4958 1834 5037 _Chrysostomi

212 5038 273 5093 in
302 5030 470 5095 textu
506 5030 578 5091 ἐι
625 5035 686 5090 in
746 5030 997 5102 scholia,
1048 5032 1293 5102 ὁμοιώσω
1333 5030 1712 5102 Μωμραε,
1739 5030 1831 5102 41.

219 5054 273 5093 in
302 5045 470 5095 textu
519 5045 578 5091 et
625 5050 686 5090 in
746 5045 997 5094 scnouo,
1048 5049 1293 5102 ομοιωσω
1333 5045 1524 5096 habet,
1569 5045 1707 5155 pag.
1739 5045 1831 5084 41.

219 5110 355 5175 One
404 5110 573 5165 crisis
601 5109 692 5164 est
722 5104 782 5161 b.
818 5102 858 5158 l.
906 5101 1216 5175 Wetstenii
1242 5101 1269 5155 ?
1310 5108 1390 5157 Ex
1436 5117 1615 5157 versu
1689 5101 1721 5155 6
1752 5101 1836 5175 inj-

224 5173 357 5253 quit.
382 5185 558 5238 Recte
580 5176 890 5253 profecto:
921 5176 1068 5229 Nam
1086 5173 1546 5253 Chrysostpmus
1566 5176 1621 5253 et
1641 5173 1834 5253 θεείοτί

226 5244 556 5330 interpretes
577 5244 808 5330 millies
829 5244 1067 5330 diversa
1083 5244 1634 5330 locaconfundunt.
1653 5244 1836 5330 pgide

225 5313 395 5386 autem
417 5329 478 5385 in
506 5324 873 5384 versionem
896 5318 1107 5387 Syram
1130 5320 1185 5372 et
1206 5316 1514 5386 Vulgatam
1531 5315 1691 5371 venit
1707 5313 1735 5370 ‘i’
1754 5318 1835 5371 Ac

222 5400 260 5456 si
279 5402 389 5463 istae
412 5400 737 5462 versiones
763 5403 900 5446 non
926 5388 1149 5463 centies
1174 5402 1242 5443 ac
1268 5388 1481 5458 saapius
1502 5387 1836 5463 ex_sc_holiis

214 5458 390 5540 om};
414 5458 640 5539 essent
672 5463 1022 5540 corrupta,
1036 5458 1093 5514 Si
1120 5462 1546 5540 autemlpost‘e‘a
1568 5458 1836 5539 0_rigenis

204 5528 677 5618 EéEIﬁEBZAEi—us
698 5534 791 5596 ad
810 5534 980 5618 hunc;
991 5528 1190 5618 locum
1205 5546 1277 5618 ex
1290 5528 1657 5618 bibliothecis
1672 5545 1834 5585 erue-

204 5575 677 5619 bommenlanua
698 5575 791 5596 αὐ·
810 5575 849 5587 ⁸⁸
861 5575 1190 5586 “···ν·νν··-·
1207 5575 1656 5616 ν--υε-ηογ---ννμῖ
1673 5575 1723 5585 υ.
1743 5575 1812 5584 ..ν

191 5642 274 5713 tur,
315 5639 368 5697 et
424 5626 534 5691 U16
604 5617 904 5693 quoque
958 5602 1377 5675 comprobabit
1428 5603 1833 5674 ομοιωθησεται,

1941 4459 2159 4515 scilicet
2182 4463 2324 4516 tunc
2351 4457 2670 4515 accesseris
2696 4456 2775 4515 ad
2799 4457 3025 4515 fontem
3075 4458 3315 4516 erroris.
3358 4461 3438 4514 Ex
3468 4460 3603 4517 cod.

1941 4533 2152 4587 Wetst.
2182 4535 2227 4595 I,
2244 4529 2993 4603 propemodumsuspicor,
3009 4532 3089 4586 ita
3101 4530 3263 4603 illum
3279 4532 3603 4603 scripsisse.

1942 4603 2079 4668 Quis
2108 4601 2257 4657 vero
2277 4601 2374 4657 hic
2403 4618 2474 4657 ex
2504 4601 2827 4674 editoribus
2861 4605 2925 4657 N.
2956 4605 3014 4658 Τ.
3056 4618 3123 4657 ex
3170 4601 3605 4674 Chryso'stomo

1941 4674 2570 4747 ηοῑονὶῐὸμοιωθὴσετᾳι
2590 4674 2616 4726 ?
2643 4673 3180 4746 Dixeritquispiam
3212 4692 3224 4729 :
3262 4673 3370 4730 Sed
3394 4692 3606 4747 parum

1940 4746 2219 4818 interest,
2258 4752 2457 4801 utrum
2516 4746 2777 4818 ὁμοιώσω,
2812 4761 2889 4818 an
2938 4748 3325 4818 ὁμοιωθήσεται
3375 4746 3608 4816 legatur

1942 4816 2159 4873 Criticze
2186 4833 2371 4873 sacrae
2404 4816 2753 4873 sine’dubio
2805 4816 3067 4874 interest.
3119 4818 3233 4875 Sed
3288 4818 3606 4889 theologia;

1941 4889 2299 4958 dogmaticae
2323 4889 2418 4943 hic
2450 4904 2669 4958 parum
2704 4890 2961 4945 interest.
3024 4889 3207 4958 Igitur
3235 4891 3417 4947 etiam
3442 4891 3606 4947 hunc

1941 4960 2143 5017 locum
2174 4960 2416 5031 arripui.
2444 4960 2499 5016 Si
2531 4960 2693 5015 enim
2736 4960 2825 5031 de
2855 4960 3088 5018 Christo
3118 4965 3340 5031 ageret,
3372 4962 3606 5019 silentio

1940 5030 2473 5106 praetermisissem.
2502 5032 2774 5106 S_edame
2814 5030 3133 5106 impetrare
3148 5030 3420 5106 nequeo,
3458 5033 3605 5106 quin

1943 5102 2065 5159 duo
2112 5103 2334 5159 inedita
2386 5103 2464 5158 ad
2532 5102 2691 5158 hunc
2746 5102 2948 5159 locum
3000 5103 3229 5160 scholia
3260 5102 3348 5159 “ex
3398 5102 3607 5161 codice

1946 5174 2355 5245 Mosquensie.
2377 5174 2482 5231 fol.
2509 5175 2600 5241 63,
2622 5173 2866 5245 addam.
2920 5176 3180 5231 Alterum
3224 5175 3410 5230 Photii
3438 5179 3527 5231 est
3550 5180 3609 5233 et

1945 5244 2207 5302 defendit
2254 5245 2572 5302 lectionem
2620 5244 2924 5316 vulgatam
2961 5246 3251 5312 ;a1terum
3310 5246 3603 5316 Origenis,

1944 5318 2109 5388 quod
2122 5318 2352 5389 ineptas
2369 5318 2417 5388 ei
2430 5334 2498 5372 us
2524 5316 2969 5390 explicationes,
2991 5334 3062 5374 ex
3078 5317 3482 5390 parallelismo
3500 5334 3609 5378 seu

1944 5404 2013 5445 ex
2042 5405 2164 5444 suae
2195 5388 2380 5445 aetatis
2412 5388 2853 5444 concordantiis
2882 5388 3164 5445 declarat.

2018 5465 2235 5512 Φωτίον·
2294 5466 2610 5532 Σημείωσαι,
2670 5461 2749 5511 ὅτι
2797 5463 2854 5512 τὸ
2904 5464 2992 5533 μὲν
3045 5462 3288 5533 ’γενέσθαι
3330 5465 3606 5535 φρόνιμον,

1946 5530 2041 5583 οὐκ
2092 5534 2231 5584 ἔστιν
2279 5530 2397 5604 given
2424 5540 2517 5593 τῆς
2563 5538 2653 5583 τοῦ
2686 5537 2819 5604 Θεοῦ
2871 5530 3145 5604 σννεργίας
3188 5553 3278 5585 και
3320 5530 3605 5595 ἐπιπνοίας,

1946 5607 2033 5655 Διό
2091 5623 2270 5677 φησιν.
2341 5603 2615 5676 Ὀμοιωσω
2698 5602 2854 5657 αὐτὸν
2936 5601 3093 5679 ἀνδρὶ
3172 5609 3424 5679 φρονίμῳ,
3494 5605 3609 5660 ἀντί
