4098 6416
192 351 289 411 ‘Z'l‘l

1195 347 1569 409 COMMENT.
1618 345 1693 403 IN
1730 343 2181 403 MATTHEUM-
2220 374 2291 389 —
2329 344 2495 403 CAP.
2541 345 2667 405 VII.

3479 348 3585 405 278

203 481 388 542 λοντες,
437 476 497 530 οὐ
551 474 814 531 δύνανται
879 477 1191 533 καταϐαλεῖν
1267 482 1355 530 καὶ
1420 474 1674 529 διαλῦσαι
1727 476 1815 531 τὴν

1941 473 2201 538 litantes,
2253 487 2376 531 non
2428 475 2745 545 potuerunt
2798 472 3051 545 dejicere
3102 475 3205 531 aut
3260 473 3586 533 dissolvere

199 566 489 642 οἰκοδομὴν
566 568 734 629 αὐτῆς
808 610 824 635 ,
919 566 1062 622 διότι
1140 566 1498 640 τεθεμελίωται
1593 564 1819 639 στερρῶς

195 660 281 713 ἐπὶ
352 665 545 733 πέτραν
602 702 617 725 ,
690 662 857 731 ἤγουν
918 700 933 725 ,
986 657 1071 712 ἰπὶ
1122 655 1404 730 ἀσφάλειαν
1450 694 1466 720 ,
1536 657 1603 716 ὡς
1683 656 1821 727 εἰρη-

196 768 309 804 ται.

271 842 382 891 Καὶ
449 839 550 911 ὅρα
604 856 696 911 μοι
751 841 872 900 τοὺς
940 835 1260 898 ἀποστόλους
1331 834 1529 900 εὐθέως,
1605 832 1679 905 ἐφ’
1733 832 1822 894 ούς

196 926 393 980 πολλαὶ
450 931 544 997 μὲν
595 926 871 980 ἐπιϐουλαὶ
917 927 1180 999 χεθεῖσαι,
1235 928 1417 999 μυρίοι
1461 919 1520 976 δὲ
1573 930 1823 995 χειμῶνες

196 1024 494 1089 συμφορῶν
553 1016 989 1092 καταρῥαγίντες,
1061 1015 1153 1068 οὐκ
1217 1016 1456 1085 ἴσχυσαν
1516 1010 1823 1086 περιτρέψαι

191 1112 283 1158 τόν
344 1109 554 1180 πύργον
589 1114 686 1169 τῆς
730 1106 915 1178 ψυχῆς
967 1104 1154 1160 αὐτῶν.
1209 1102 1359 1169 ἀλλὰ,
1415 1109 1514 1154 τῶν
1571 1101 1820 1171 σωμάτων

191 1197 383 1256 tiret;
414 1192 865 1270 διαφθειρομένων
901 1237 915 1253 ,
944 1197 1267 1267 μεμενήκασι
1314 1194 1409 1253 τὰς
1451 1196 1657 1263 γνώμας
1706 1191 1821 1241 an-

188 1285 359 1338 λωτοε
389 1289 479 1337 καὶ
520 1284 798 1344 ἀήττητοι.

270 1380 385 1427 Καὶ
416 1405 483 1415 -
542 1382 724 1447 μωρῷ,
780 1370 993 1431 Ἐπειδή
1047 1391 1171 1434 τινες
1218 1379 1318 1425 τῶν
1367 1368 1629 1444 ἀκροατῶν
1678 1366 1821 1439 ἔμελ-

189 1461 280 1515 λον
330 1461 566 1515 ἐπαινεῖν
620 1465 712 1535 μὲν
772 1464 838 1514 τὰ
890 1461 1153 1534 εἰρημένα,
1203 1464 1274 1532 μὴ
1330 1464 1494 1511 ποιεῖν
1546 1453 1605 1509 δὲ
1664 1454 1815 1520 αὐτὰ,

192 1550 731 1624 προκαταλαμϐάνων
799 1550 1002 1623 ἐκφοϐεῖ
1065 1552 1277 1611 τούτους
1345 1544 1439 1600 διὰ
1500 1542 1818 1618 παραϐολῆς.

192 1640 380 1712 Ἐρ-Ια
420 1637 482 1693 δε
535 1645 786 1712 φρονίμου
836 1644 925 1693 καὶ
967 1646 1144 1712 μωροῦ
1192 1639 1315 1702 θεὶς,
1356 1642 1447 1689 τοῦ
1488 1637 1579 1708 μὶν
1612 1635 1817 1697 συνετὰ,

194 1735 295 1782 τοῦ
357 1726 418 1781 δε
488 1732 695 1801 μάταια
763 1771 777 1794 ,
839 1728 1195 1803 ἀμφοτέρωθεν
1266 1724 1648 1784 κατασκευάζει
1713 1729 1824 1784 τοῖς

1927 578 2084 631 eam,
2109 562 2250 636 quia
2270 561 2523 621 fundata
2547 566 2675 619 erat
2694 563 2944 620 ﬁrmiter
2969 578 3150 636 super
3177 567 3431 636 petram,
3463 564 3586 623 sive

1929 667 2112 726 super
2149 651 2529 717 soliditatem,
2561 656 2624 709 ut
2654 652 2883 710 dictum
2921 656 3030 710 est.

2002 830 2214 888 Statim
2254 830 2455 905 itaque
2506 830 2812 903 apostolos
2842 830 2989 888 mihi
3036 831 3282 898 intuere,
3315 830 3376 888 in
3431 846 3587 905 quos

1929 919 2194 992 plurimae
2220 919 2599 978 deﬂuxerunt
2618 920 2871 988 insidiae,
2904 936 2975 977 ac
2997 919 3325 977 innumerae
3350 921 3592 977 calami-

1929 1012 2120 1067 tatum
2171 1009 2400 1065 hiemes
2433 1009 2783 1065 deciderunt
2826 1026 2838 1065 :
2872 1023 2983 1071 nec
3013 1008 3331 1066 valuerunt
3360 1009 3588 1067 anima-

1929 1114 2061 1154 rum
2112 1114 2320 1156 eorum
2376 1098 2586 1153 turrim
2640 1102 2921 1160 evertere.
2980 1098 3085 1155 sed
3136 1098 3384 1171 perditis
3430 1102 3588 1154 certe

1929 1188 2281 1261 corporibus
2301 1187 2503 1245 animo
2514 1192 2982 1260 permanserunt
3000 1186 3496 1261 inexpugnabiles
3514 1202 3586 1245 ac

1929 1276 2390 1349 insuperabiles.

1999 1367 2163 1422 Vers.
2186 1367 2272 1423 26.
2288 1368 2367 1422 Et
2384 1366 2811 1437 —fatuo.Quia
2824 1366 3099 1423 nonnulli
3113 1366 3591 1423 auditorumlau-

1930 1455 2129 1512 daturi
2168 1459 2336 1513 erant
2375 1472 2511 1527 quas
2542 1455 2795 1523 dixerat,
2844 1472 2955 1513 nec
2994 1459 3197 1513 tamen
3227 1471 3297 1512 ea
3327 1455 3540 1511 facturi
3572 1468 3587 1512 :

1930 1559 2037 1616 per
2058 1544 2431 1617 {parabolam
2477 1544 2586 1601 hos
2629 1544 3017 1617 anticipando
3057 1545 3330 1601 deterret.
3376 1543 3593 1600 Positis

1931 1637 2133 1691 autem
2164 1632 2473 1705 prudentis
2504 1637 2684 1705 atque
2716 1632 2863 1691 fatui
2894 1633 3179 1706 operibus
3227 1651 3240 1689 :
3278 1633 3435 1689 illius
3464 1633 3594 1705 qui-

1932 1722 2073 1779 dem
2135 1722 2355 1779 rationi
2396 1722 2674 1778 consonis
2735 1726 2792 1779 et
2833 1722 3124 1788 honestis,
3166 1722 3349 1794 hujus
3391 1727 3595 1779 autem

196 1821 479 1890 μαθηταῖς
527 1823 625 1876 τὴν
672 1821 958 1892 σωτηρίαν,
1007 1814 1098 1869 διά
1126 1835 1180 1868 τε
1221 1822 1313 1868 τοῦ
1368 1812 1528 1875 ζήλου
1576 1819 1671 1874 τῆς
1700 1831 1820 1863 συν-

1941 1811 2101 1868 vanis
2126 1827 2140 1866 :
2165 1810 2445 1883 utrinque
2470 1811 2908 1883 discipulorum
2920 1811 3297 1868 conﬁrmavit
3317 1811 3593 1876 salutem,

202 1913 392 1973 ἑσεως,
444 1912 537 1959 καὶ
586 1914 681 1959 τοῦ
726 1911 915 1980 μίσους
965 1912 1060 1967 τῆς
1112 1906 1507 1977 ματαιοπονίας.
1557 1908 1721 1954 Τοῦτο
1765 1896 1824 1953 δὲ

198 1997 455 2057 πολλάκις
518 2003 659 2049 ποιεῖ
708 2037 724 2061 ,
772 1998 1069 2069 προτρέπων
1131 1994 1198 2054 εἰς
1276 1992 1461 2066 ἀρετὴν
1516 2032 1530 2058 ,
1609 1988 1710 2043 ἀπό
1770 2006 1825 2042 τε

197 2091 490 2157 μιμήσεως
543 2093 647 2137 τῶν
716 2084 909 2149 καλῶν,
956 2087 1046 2136 καὶ
1099 2083 1199 2135 ἀπὸ
1258 2086 1451 2155 μίσους
1502 2088 1602 2133 τῶν
1649 2082 1825 2152 χειρό-

197 2194 335 2231 νων,

274 2262 471 2325 Ὀστις
526 2295 595 2305 -
648 2266 823 2320 ἕπεσε.
886 2266 1107 2323 Δικαίως
1157 2263 1328 2333 μωρόν
1385 2258 1540 2311 αὐτόν
1595 2256 1821 2311 ἰκάλεσε.

197 2357 265 2406 τί
328 2356 434 2425 γὰρ
495 2350 833 2425 ἀνοητότερον
904 2358 997 2403 τοῦ
1056 2350 1321 2411 κτίζοντος
1376 2347 1543 2401 οἰκίαν
1598 2345 1683 2399 ἐπὶ
1738 2349 1827 2404 τὴν

200 2443 402 2513 ἅμμον,
469 2446 561 2495 καὶ
618 2445 707 2494 τὸν
902 2444 1053 2492 πόνον
1110 2442 1472 2511 ὑπομένοντος,
1528 2443 1623 2497 τῆς
1665 2431 1724 2487 δε
1755 2433 1831 2485 ἕνα

202 2534 386 2584 τεῡθεν
441 2529 782 2591 ἀπολαύσεως
848 2528 1314 2601 ἀποστερουμένου.
1375 2532 1540 2578 Τοῦτο
1590 2520 1648 2576 δὲ
1699 2521 1830 2596 βού-

201 2620 353 2674 λεται
401 2630 496 2673 νῦν
541 2621 720 2685 εἰπεῖν,
778 2622 854 2672 ὅτι
915 2624 1023 2681 Πᾶς
1072 2620 1097 2670 ό
1142 2619 1321 2691 μαθὼν
1352 2618 1442 2677 τὰς
1472 2613 1677 2675 ἐντολάς
1705 2633 1828 2686 μου,

204 2716 296 2763 καὶ
347 2716 422 2783 μή
478 2709 566 2762 ἐπὶ
631 2712 869 2773 ταύταις,
932 2710 1002 2770 ὡς
1060 2710 1144 2759 ἐπὶ
1201 2706 1413 2777 θεμελίῳ
1475 2703 1687 2779 στερρῷ,
1742 2704 1831 2764 τὰς

206 2800 401 2852 ἑαυτοῦ
456 2799 676 2872 πράξεις
732 2793 1043 2869 οἰκοδομῶν,
1099 2799 1359 2861 τουτέστι,
1411 2798 1482 2866 μή
1550 2796 1616 2855 ὡς
1676 2791 1832 2843 αὗται

207 2896 537 2959 παραινοῦσι
582 2888 996 2959 πολιτευόμενος,
1050 2884 1154 2937 ἀλλ’
1199 2885 1371 2959 ἑτέραν
1402 2880 1524 2935 όδόν
1566 2878 1829 2955 βαδίζων,

208 2984 382 3051 μωρὸς
432 2976 571 3042 ἐστι,
625 2978 796 3048 μάτην
854 2977 1081 3047 κάμνων.
1144 2978 1417 3033 Παντοίοις
1489 2974 1588 3044 γὰρ
1657 2988 1835 3041 πειρα-

212 3074 369 3138 σμοῖς
416 3065 470 3119 ὶν
524 3074 694 3139 καιρῷ
750 3066 1100 3139 περιστάσεως
1140 3062 1390 3121 εὐάλωτος
1419 3058 1640 3131 γίνεταί.
1690 3058 1832 3111 Ἐπεὶ

1932 1903 1991 1956 et
2018 1915 2126 1972 per
2152 1898 2345 1955 zelum
2370 1899 2710 1971 prudentiae,
2739 1903 2795 1956 et
2818 1915 2925 1972 per
2949 1899 3158 1956 odium
3182 1899 3324 1957 vani
3346 1898 3591 1956 laboris.

1931 1988 2051 2045 Hoc
2088 1992 2290 2045 autem
2324 1988 2665 2060 frequenter
2702 1988 2842 2045 facit
2885 2004 2899 2043 :
2932 1988 3008 2044 ad
3049 1988 3328 2045 virtutem
3380 1987 3596 2045 adhor-

1934 2081 2087 2142 tans,
2129 2080 2187 2134 et
2225 2077 2300 2133 ab
2336 2076 2669 2135 imitatione
2711 2077 3033 2148 bonorum,
3068 2080 3125 2134 et
3168 2077 3243 2134 ab
3291 2076 3429 2134 odio
3463 2092 3596 2135 ma-

1932 2165 2151 2223 lorum.

2006 2257 2162 2311 Vers.
2195 2254 2284 2311 26.
2320 2255 2433 2323 Qui
2461 2286 2530 2297 -—
2558 2257 2719 2313 Vers.
2750 2254 2838 2312 2'1.
2868 2254 3090 2311 cecidit.
3122 2254 3326 2312 Merito
3349 2254 3597 2312 stultum

1935 2344 2102 2400 illum
2125 2344 2481 2402 nominavit.
2505 2343 2657 2410 Quid
2682 2343 2846 2401 enim
2868 2343 3251 2415 insipientius
3277 2358 3348 2400 eo
3365 2344 3471 2416 qui
3492 2343 3598 2400 do-

1936 2449 2107 2489 mum
2129 2448 2303 2490 suam
2327 2448 2506 2505 super
2522 2448 2772 2490 arenam
2792 2432 3072 2499 aediﬁcat,
3091 2436 3147 2488 et
3163 2448 3303 2489 cum
3322 2432 3597 2489 laborem

1939 2522 2246 2588 sustineat,
2302 2523 2571 2595 privatur
2628 2527 2830 2579 tamen
2858 2521 3055 2578 fructu
3095 2536 3280 2595 quem
3310 2521 3451 2579 inde
3480 2521 3597 2579 col-

1938 2611 2117 2683 ligere
2147 2613 2472 2685 oportuit?
2519 2614 2620 2668 Est
2648 2627 2791 2683 ergo
2819 2612 3221 2679 tantumdem,
3263 2627 3333 2668 ac
3365 2612 3414 2668 si
3444 2612 3602 2669 dice-

1939 2706 2027 2758 ret
2077 2720 2090 2758 :
2127 2702 2331 2785 Omnis
2368 2701 2468 2773 qui
2500 2705 2823 2775 postquam
2862 2704 3164 2773 praecepta
3203 2715 3339 2758 mea
3368 2700 3596 2767 didicit,

1942 2806 2120 2863 super
2175 2786 2263 2847 ea
2309 2790 2492 2862 quasi
2546 2805 2733 2862 super
2784 2789 3048 2846 solidum
3109 2789 3600 2859 fundamentum,

1942 2896 2083 2937 suas
2116 2879 2381 2937 actiones
2420 2894 2542 2936 non
2574 2879 2842 2951 aediﬁcat,
2875 2879 2991 2935 hoc
3020 2883 3109 2936 est
3136 2894 3259 2935 non
3291 2894 3603 2937 conversa-

1941 2973 2035 3026 tur
2060 2970 2235 3041 juxta
2268 2968 2330 3025 id
2374 2968 2543 3041 quod
2572 2968 2674 3023 illa
2704 2968 3053 3032 admonent,
3090 2967 3196 3023 sed
3226 2967 3343 3024 alia
3382 2967 3603 3025 incedit

1942 3059 2061 3128 via,
2092 3058 2307 3114 stultus
2334 3062 2425 3114 est
2454 3061 2511 3114 et
2559 3072 2715 3113 vane
2760 3056 3017 3121 laborat,
3081 3056 3197 3112 hoc
3255 3058 3365 3124 est,
3418 3056 3600 3113 variis

210 3152 269 3209 δε
318 3158 345 3207 ό
395 3164 635 3216 τοιοῦτος
692 3151 764 3207 δι’
811 3150 961 3205 οὐδὲν
1006 3153 1172 3225 ἕτερον
1224 3154 1549 3224 παρατρέχει
1593 3149 1689 3209 τὰς
1740 3153 1823 3199 τοι]

1943 3146 2388 3211 tentationibus,
2424 3144 2761 3202 aﬁlictionis
2792 3149 3063 3217 tempore
3092 3143 3263 3201 facile
3293 3143 3602 3217 superabi-

203 3252 444 3318 Σωτῆρος
502 3243 726 3310 ἐντολὰς,
766 3243 797 3301 ᾖ
845 3238 938 3295 διὰ
966 3246 1125 3311 μόνην
1164 3244 1254 3299 τὴν
1294 3243 1474 3297 στενὴν
1505 3241 1596 3289 καὶ
1627 3236 1836 3309 τεθλιμ,

204 3340 364 3406 μένην
390 3331 523 3386 ὁδὸν
572 3333 764 3399 αὐτῶν,
815 3335 891 3389 εἴη
933 3330 993 3382 ἄν
1045 3332 1213 3403 ἄμμος
1245 3330 1273 3387 ἡ
1310 3324 1610 3401 φιληδονία,
1664 3324 1740 3397 ἐφ’
1772 3326 1832 3385 ἣν

208 3421 488 3496 οἰκοδομεῖ
541 3427 636 3481 τὴν
685 3422 867 3475 ἑαυτοῦ
919 3418 1207 3473 πολιτείαν.
1247 3420 1334 3470 Διό
1384 3421 1474 3469 καὶ
1536 3433 1833 3508 πειρασμοῦ

202 3512 649 3587 προσϐάλλοντος,
712 3515 893 3563 πίπτει
944 3508 1011 3569 εἰς
1075 3509 1315 3582 ἄρνησιν,
1374 3511 1446 3579 μὴ
1532 3509 1691 3577 φέρων
1730 3507 1830 3579 ri);

202 3607 444 3676 πικρίαν,
479 3598 567 3654 οἶα
616 3604 687 3673 μή
742 3600 1126 3671 συνειθισμένος
1173 3600 1345 3657 πόνοις
1384 3600 1473 3648 καὶ
1523 3593 1827 3667 σκληραγω.

201 3697 367 3762 τίεις-

277 3874 385 3921 ιαὶ
436 3898 507 3907 -
549 3864 772 3939 μεγάλη.
830 3865 1042 3925 Πάντως
1106 3860 1326 3935 μεγάλη.
1394 3864 1493 3915 Καὶ
1572 3861 1674 3932 γὰρ
1729 3857 1823 3911 οὐκ

200 3957 308 4010 ἆπό
364 3954 535 4019 δόξης
580 3958 864 4019 πέπτωκεν,
925 3949 1040 4005 οὐδ’
1084 3954 1186 4003 ἀπὸ
1234 3950 1477 4013 πλούτου,
1509 3953 1599 4001 καὶ
1646 3949 1823 4001 τοιαύ-

200 4063 295 4104 της
351 4044 514 4103 ἄλλης
574 4040 902 4114 ἀνθρωπίνης
953 4040 1252 4114 εὐημερίας,
1302 4037 1410 4089 ἀλλ’
1465 4036 1565 4089 ἀπὸ
1606 4044 1697 4096 τῆς
1750 4034 1822 4096 εἰς

200 4137 443 4207 Χριστὸν
502 4149 745 4190 πιστεως.
802 4129 862 4181 Ὀ
913 4130 1002 4201 μὶν
1059 4130 1161 4201 γὰρ
1218 4126 1459 4195 ἄπιστος,
1514 4125 1571 4177 ού
1620 4140 1816 4177 πιπτει·

196 4229 377 4273 κεῖται
430 4222 539 4293 γὰρ
598 4214 691 4271 διὰ
730 4220 913 4278 παντὸς
941 4220 989 4269 ἐν
1046 4224 1119 4286 τῷ
1176 4213 1350 4288 βόθρῳ
1399 4222 1490 4274 τῆς
1535 4213 1751 4274 πλάνης·
1795 4211 1821 4264 ὁ

200 4306 261 4362 δέ
314 4313 517 4369 ταύτης
554 4308 877 4381 ὑπεραρθεὶς,
928 4310 1018 4359 καὶ
1074 4302 1321 4376 ἀναχθεὶς
1374 4307 1458 4356 ἐπὶ
1513 4305 1572 4354 τὸ
1616 4310 1707 4362 τῆς
1738 4305 1822 4353 πί-

198 4416 371 4460 στεως
395 4398 555 4469 ὕψος,
590 4392 701 4449 εἶτα
725 4393 1069 4468 μετακλιθεὶς,
1101 4392 1252 4455 οὗτος
1276 4396 1473 4458 πίπτει,
1514 4395 1604 4443 καὶ
1641 4388 1823 4442 ἐκπίπ-

196 4505 274 4539 τει
309 4496 404 4547 τῆς
430 4486 651 4537 αἰωνίου
683 4484 837 4545 ζωῆς,

274 4581 381 4629 Καὶ
435 4605 509 4616 -—
570 4572 757 4627 αὐτοῦ.
834 4572 985 4634 Ἐθος
1056 4570 1199 4623 ἐστὶν
1249 4568 1535 4644 Ἑϐραίοις,
1606 4568 1656 4621 ίν
1712 4575 1824 4629 ταῖς

198 4664 401 4739 ἀρχαῖς
447 4662 706 4725 πολλάκις
754 4670 854 4714 τῶν
907 4658 1207 4732 διηγήσεων
1266 4658 1435 4719 ἁπλῶς
1490 4660 1687 4711 τιθέναι
1739 4660 1821 4725 τό,

194 4755 453 4826 Ἐγένετο.
514 4757 584 4805 Σύ
643 4749 705 4804 δέ
754 4770 844 4823 μοι
898 4752 1166 4823 θαύμασον
1220 4752 1277 4799 τό
1332 4747 1551 4820 φλήκοον
1604 4756 1706 4799 τῶν
1771 4752 1822 4800 ὅ·

201 4845 362 4915 χλων,
398 4848 496 4896 καὶ
526 4844 590 4894 τὸ
614 4843 919 4914 καρτερικὸν
940 4838 988 4890 ἄν
1012 4846 1128 4901 ταῖς
1158 4836 1492 4909 ἀκροάσεσιν.
1524 4836 1697 4912 Ἀχρι
1717 4839 1823 4909 γὰρ

206 4936 579 5009 συνεπλήρωσε
656 4935 782 4992 τοὺς
854 4929 1037 4999 λόγους
1109 4934 1198 4987 τῆς
1260 4922 1632 4991 διδασκαλίας,
1691 4934 1826 5000 παρ’

206 5030 366 5093 έμενον
414 5021 592 5083 ἡδέως
646 5019 938 5079 ἀκούοντες.
990 5016 1393 5079 Ἐξεπλαὸσσοντο
1440 5012 1519 5080 δὲ,
1571 5018 1639 5077 ὡς
1679 5014 1820 5067 ἐλεύ-

212 5118 333 5187 θεροι
382 5118 578 5187 φθόνου
607 5116 704 5164 καὶ
738 5113 1017 5181 πονηρίας.
1059 5104 1187 5160 Εἶτα
1232 5105 1366 5177 λέγει
1398 5110 1487 5157 καὶ
1525 5110 1617 5162 τὴν
1648 5104 1818 5157 αἰτίαν

212 5214 288 5266 τῆς
313 5204 627 5268 ἐκπλήξεως.

268 5296 351 5351 Ἠν
418 5328 475 5337 -
532 5294 901 5371 γραμματεῖς.
957 5284 1053 5338 Ἦν
1104 5280 1377 5336 διδάσκων
1421 5286 1552 5355 μετὰ
1607 5282 1816 5358 παρῥη-

210 5392 313 5455 σίας,
365 5394 456 5442 καὶ
486 5385 554 5439 οὐ
585 5379 716 5457 μεθ’
772 5373 1091 5436 ὑποστολῆς,
1148 5376 1212 5433 ὡς
1268 5374 1317 5424 οἱ
1362 5378 1707 5446 Γραμματεῐς.
1755 5373 1813 5425 Ἠ

204 5475 311 5535 διάτι
350 5483 396 5535 οἱ
437 5472 813 5556 Γραιαματεῐς
856 5466 948 5535 μὲν
998 5462 1068 5521 εἰς
1115 5464 1201 5513 τόν
1248 5466 1400 5533 νόμον
1443 5481 1532 5513 και
1586 5460 1651 5521 εἰς
1701 5466 1816 5521 τοὺς

196 5580 423 5649 προρήτας
474 5547 753 5639 civica:va
812 5551 850 5605 ἃ
909 5547 1216 5615 ἐδίδασκον,
1271 5551 1376 5649 οἷον
1431 5551 1512 5602 ὅτι
1560 5549 1618 5602 Ὀ
1668 5554 1817 5649 νόμος

185 5635 331 5723 κίλεύει
404 5635 591 5727 τάδε,
646 5635 773 5704 καὶ
837 5643 894 5695 οἱ
956 5647 1219 5716 προφῆται
1273 5635 1401 5693 τάδε
1458 5644 1632 5712 φασίν·
1682 5642 1707 5692 ὁ
1759 5636 1818 5693 δὲ

1944 3240 2056 3293 tur.
2100 3237 2245 3292 Cum
2279 3239 2482 3293 autem
2520 3234 2654 3291 talis
2694 3233 2774 3290 ob
2814 3232 2979 3290 aliud
3018 3232 3160 3288 nihil
3188 3233 3603 3304 praetermittat

1946 3323 2155 3381 salutis
2196 3327 2518 3396 praecepta,
2564 3338 2753 3395 quam
2799 3324 3046 3395 propter
3078 3320 3241 3377 viam
3281 3324 3509 3377 arctam
3542 3324 3601 3378 et

1943 3417 2283 3483 angustam,
2316 3412 2422 3469 erit
2451 3426 2596 3469 sane
2648 3426 2828 3467 arena
2865 3409 3241 3483 voluptatum
3269 3424 3461 3477 amor,
3503 3424 3601 3466 su-

1941 3516 2250 3574 perquam
2273 3516 2448 3557 suam
2472 3500 2724 3557 aediﬁcat
2752 3499 3263 3563 conversationem
3294 3514 3306 3554 :
3342 3498 3599 3571 ideoque

1938 3591 2251 3661 ingruente
2278 3590 2619 3657 tentatlone,
2648 3590 2709 3645 in
2738 3588 3127 3660 negationem
3157 3588 3333 3654 cadit,
3365 3602 3490 3645 non
3518 3587 3599 3644 fe-

1934 3696 2073 3737 rens
2111 3679 2518 3744 acerbitatem,
2546 3694 2617 3735 eo
2649 3678 2816 3752 quod
2853 3678 3158 3737 laboribus
3186 3677 3470 3751 durisque
3507 3692 3599 3735 as-

1933 3768 2286 3842 peritatibus
2332 3782 2453 3824 non
2493 3767 2566 3824 sit
2597 3771 2893 3824 assuetus.

2004 3861 2166 3915 Vers.
2208 3860 2297 3914 27.
2339 3858 2419 3914 Et
2468 3888 2537 3898 -
2588 3872 2829 3928 magna.
2868 3857 3084 3928 Magna
3126 3856 3353 3930 utique.
3393 3858 3596 3930 Neque

1930 3948 2088 4004 enim
2129 3946 2208 4004 ab
2246 3946 2473 4003 honore
2522 3946 2738 4003 excidit
2766 3948 2872 4002 aut
2902 3945 3136 4011 divitiis,
3194 3961 3301 4002 seu
3332 3944 3449 4001 alia
3487 3944 3597 4002 hu-

1926 4036 2195 4109 jusmodi
2224 4035 2493 4093 humana
2520 4035 2907 4108 prosperitate
2936 4051 2949 4089 :
2980 4033 3086 4091 sed
3116 4050 3153 4092 a
3188 4033 3307 4090 ﬁde
3338 4034 3399 4091 in
3430 4033 3597 4091 Chri-

1932 4132 2112 4182 stum.
2180 4127 2328 4181 Nam
2393 4124 2498 4197 qui
2564 4122 2825 4179 inﬁdelis
2880 4126 2985 4191 est,
3044 4138 3167 4178 non
3228 4122 3405 4187 cadit,
3488 4122 3595 4179 sed

1926 4217 2085 4289 jacet
2111 4215 2348 4288 penitus
2396 4214 2458 4271 in
2492 4214 2666 4271 fovea
2706 4212 2968 4279 erroris;
3016 4213 3120 4285 qui
3172 4227 3313 4269 vero
3354 4212 3429 4267 ab
3474 4211 3593 4268 hac

1931 4310 2253 4373 extractus,
2279 4308 2335 4361 et
2356 4306 2435 4360 ad
2472 4303 2613 4359 ﬁdei
2641 4302 3013 4361 altitudinem
3038 4299 3399 4368 sublevatus,
3425 4304 3590 4373 post-

1932 4409 2006 4451 ea
2033 4396 2349 4449 revocatur
2380 4412 2393 4452 :
2426 4391 2524 4448 hic
2552 4391 2729 4456 cadit,
2760 4394 2817 4447 et
2845 4406 2883 4447 a
2927 4389 3050 4448 vita
3088 4389 3304 4447 excidit
3341 4392 3589 4449 aeterna.

2004 4573 2161 4628 Vers.
2194 4572 2282 4629 28.
2319 4570 2399 4626 Et
2430 4600 2502 4615 —
2529 4569 2741 4639 ipsius.
2796 4568 3027 4627 Habent
3052 4568 3281 4626 Hebraei
3310 4584 3421 4643 pro
3451 4585 3591 4627 con-

1934 4660 2243 4718 suetudine
2268 4660 2329 4717 in
2357 4659 2650 4733 principio
2684 4659 2941 4731 alicujus
2970 4659 3333 4716 narrationis
3362 4660 3590 4733 simpli-

1935 4749 2077 4806 citer
2104 4764 2327 4823 ponere
2383 4765 2395 4803 :
2424 4750 2503 4805 Et
2539 4750 2771 4819 factum
2812 4754 2915 4806 est.
2946 4751 3026 4805 Tu
3057 4752 3258 4806 autem
3285 4748 3587 4806 admirare

1936 4839 2080 4896 mihi
2101 4839 2411 4896 turbarum
2434 4838 2822 4895 attentionem
2848 4854 2919 4896 ac
2944 4838 3319 4895 tolerantiam
3340 4838 3402 4895 in
3422 4839 3587 4895 audi-

1932 4927 2089 4985 endo
2136 4944 2147 4984 :
2190 4944 2326 5000 quae
2368 4927 2562 4983 donec
2610 4927 3052 5000 complerentur
3106 4928 3313 4999 omnia
3363 4928 3584 4985 doctri-

1930 5033 2025 5073 nee
2089 5017 2291 5088 verba,
2369 5016 2619 5073 libenter
2689 5016 3177 5090 perseverabant.
3255 5016 3584 5090 Obstupue-

1927 5110 2067 5162 runt
2092 5121 2255 5171 vero,
2296 5109 2588 5178 tanquam
2618 5105 2696 5162 ab
2741 5106 2969 5162 invidia
3008 5121 3079 5161 ac
3114 5105 3345 5163 malitia
3382 5104 3578 5163 alieni.

1929 5193 2148 5250 Deinde
2174 5210 2427 5251 causam
2452 5209 2690 5267 quoque
2715 5195 2888 5266 ponit
2917 5193 3200 5266 stuporis.

1996 5283 2157 5340 Vers.
2191 5283 2280 5337 29.
2323 5284 2472 5340 Erat
2512 5313 2582 5325 —
2618 5282 2859 5340 Scribat.
2907 5282 3171 5341 Docebat
3209 5297 3349 5339 cum
3394 5282 3581 5342 incre-

1924 5371 2110 5445 pandi
2132 5371 2373 5439 ﬁducia,
2408 5376 2463 5429 et
2495 5387 2617 5429 non
2648 5388 2788 5429 cum
2833 5375 3017 5439 metu,
3059 5370 3582 5445 quemadmodum

1926 5461 2166 5517 Scribee.
2204 5461 2318 5527 Vel,
2353 5461 2496 5533 quia
2527 5460 2747 5517 Scriba;
2785 5476 2823 5518 a
2849 5460 2981 5532 lege
3030 5466 3087 5517 et
3114 5461 3422 5534 prophetis
3452 5478 3584 5535 pro-

1923 5548 2189 5607 ferebant
2218 5566 2290 5607 ea
2330 5566 2467 5625 quas
2508 5549 2826 5617 docebant,
2868 5553 3069 5622 utpote
3101 5549 3363 5607 dicentes
3400 5569 3413 5608 :
3448 5554 3583 5610 Haec

1923 5638 2098 5697 Jubet
2136 5639 2231 5697 lex
2271 5656 2284 5696 :
2333 5641 2446 5699 ista
2487 5638 2694 5697 dicunt
2720 5638 3027 5715 prophetae
3059 5654 3075 5710 ;
3124 5638 3391 5697 Christus
3438 5655 3582 5700 vero
