4098 6390
561 341 667 397 279

1865 334 2221 392 EUTHYMII
2262 335 2589 395 ZIGABENI

3824 336 3931 405 280

562 470 814 540 accepta
860 482 897 523 a
941 464 1144 537 seipso
1199 461 1566 527 auctoritate,
1608 460 1883 529 docebat,
1914 476 1985 518 ac
2021 462 2215 533 legem

2336 469 2552 540 Χριστὸς
2613 467 2697 541 ἀφ’
2757 470 2958 541 ἑαυτοῦ,
3014 472 3131 525 κατ’
3204 472 3440 535 ἐξουσίαν
3496 466 3769 541 ἐδίδασκε,
3833 480 3927 528 καὶ

562 557 806 624 ferebat,
866 559 922 613 et
980 554 1262 612 continue
1321 551 1584 608 addebat
1617 567 1630 604 :
1662 551 1792 621 Ego
1844 557 2035 608 autem
2091 552 2215 608 dico

566 647 748 712 vobis,
782 650 840 702 et
862 649 1155 717 tanquam
1188 642 1367 699 futuri
1392 641 1577 712 judex
1605 640 1820 705 saeculi,
1872 640 2049 695 bonis
2089 641 2217 713 qui-

563 736 703 791 dem
716 729 1567 807 promittebatsalutem,malis
1580 745 1717 785 vero
1732 729 2217 786 comminabatur

563 823 928 897 supplicium
940 865 954 879 .

1024 912 1177 969 CAP.
1214 910 1303 965 VI.
1336 910 1420 965 De
1451 909 1707 978 leproso.

630 1002 784 1059 CAP.
834 1002 984 1058 VIII.
1050 1003 1214 1056 Vers.
1274 1000 1327 1054 1.
1388 998 1531 1055 Cum
1586 1004 1782 1054 autem
1838 996 2217 1055 descendisset

559 1094 868 1151 —multae.
897 1089 1449 1148 Adoctrinatransit
1465 1088 1541 1144 ad
1560 1088 1869 1145 miracula.
1887 1089 2036 1154 Quia
2056 1086 2215 1144 enim

556 1190 849 1255 tanquam
878 1180 1290 1237 auctoritatem
1330 1177 1563 1234 habens
1606 1177 1882 1242 docebat,
1928 1192 2005 1233 ne
2030 1177 2217 1248 jacta-

556 1271 801 1329 bundus
826 1286 954 1326 esse
979 1273 1220 1342 putetur
1245 1271 1301 1323 et
1326 1281 1637 1332 arrogans,
1666 1266 1947 1338 operibus
1972 1280 2217 1338 quoque

557 1376 735 1418 suam
782 1359 1041 1417 ostendit
1079 1359 1457 1430 potestatem,
1510 1358 1567 1411 et
1616 1370 1923 1410 sermones
1979 1370 2041 1410 re
2084 1355 2216 1428 ipsa

551 1450 895 1507 'conﬁrmat-
945 1447 1269 1506 Considera
1294 1445 1475 1502 etiam
1517 1444 1830 1501 turbarum
1861 1443 2215 1500 benevolen-

555 1540 703 1595 tiam
730 1556 742 1595 :
774 1537 888 1611 ipsi
933 1536 1229 1609 siquidem
1256 1534 1589 1591 doctrinam
1620 1533 1941 1589 sublimem
1974 1533 2078 1605 (ee)
2112 1548 2214 1588 au-

553 1628 725 1685 ribus
755 1625 1161 1700 percipiebant
1191 1629 1246 1681 et
1275 1623 1744 1688 admirabantur,
1784 1622 2109 1677 credebant
2141 1637 2212 1677 ac

554 1717 987 1791 sequebantur.
1030 1714 1335 1786 Principes
1364 1716 1563 1769 autem
1596 1712 1867 1783 ipsorum
1899 1716 1957 1767 et
1992 1711 2211 1768 Scribaa

2328 553 2635 628 ἐνομοθέτει,
2666 564 2754 611 καὶ
2787 570 3021 633 συνεχῶς
3068 565 3364 635 προσετίθει
3409 564 3488 612 τό·
3548 560 3683 632 Ἐγώ
3718 564 3833 635 (63)
3868 561 3930 616 δε

2328 643 2458 716 λέγω
2494 646 2633 717 ὑμῖν·
2686 653 2775 700 καὶ
2822 652 2889 710 ὡς
2923 656 3109 724 κριτὴς
3137 658 3229 703 τοῦ
3276 652 3535 723 μέλλοντος
3566 653 3769 718 αἰῶνος,
3819 660 3927 714 τοῖς

2329 738 2419 806 μὲν
2456 734 2669 806 ἀγαθοῖς
2715 738 3050 811 ἐπηγγέλλετο
3104 745 3380 816 σωτηρίαν·
3429 749 3532 806 τοῖς
3564 749 3811 819 πονηροῖς
3868 738 3929 797 δὲ

2330 824 2525 881 ἠπείλει
2563 825 2795 885 κόλασιν.

2723 924 2873 977 ΚΕΦ,
2914 940 2977 985 ς.
3013 925 3137 997 Περὶ
3185 929 3276 975 τοῦ
3323 922 3530 999 λεπροῦ.

2404 1004 2700 1060 Καταϐάντι
2745 1004 2803 1061 δε
2855 1008 2995 1081 αύτῷ
3051 1042 3117 1052 -
3173 1010 3375 1070 πολλοί.
3426 1012 3561 1066 Ἀπὸ
3620 1020 3716 1075 τῆς
3770 1008 3932 1065 διδα-

2333 1092 2565 1159 σκαλίας,
2629 1093 2713 1149 ἐπὶ
2768 1100 2833 1149 τὰ
2891 1100 3133 1171 θαύματα
3203 1100 3514 1173 μεταϐαίνει.
3585 1100 3725 1156 Ἐπεὶ
3797 1100 3927 1175 γὰρ,

2330 1182 2400 1242 ὡς
2457 1182 2689 1245 ἐξουσίαν
2742 1188 2877 1258 ἔχων
2922 1185 3221 1256 ἐδίδασκεν,
3277 1191 3359 1243 ἱνα
3414 1196 3485 1263 μὴ
3539 1193 3762 1263 νομισθῇ
3799 1210 3933 1262 κομι

2328 1273 2511 1334 πάζειν
2573 1278 2661 1327 καὶ
2720 1274 3139 1347 ἀλαζονεύεσθαι,
3206 1276 3439 1333 δείκνυσι
3515 1284 3610 1339 τὴν
3685 1279 3931 1343 ἐξουσίαν

2329 1359 2486 1412 αὐτοῦ
2528 1367 2618 1414 καὶ
2672 1362 2716 1415 ἓν
2771 1372 2876 1427 τοῖς
2932 1370 3124 1439 ἔργοις,
3164 1373 3253 1421 καὶ
3306 1367 3513 1442 βεϐαιοῖ
3567 1374 3689 1430 τοὺς
3740 1369 3934 1440 λόγους

2327 1447 2428 1501 ἀπὸ
2480 1460 2580 1503 τῶν
2640 1450 2893 1527 πράξεων.
2952 1462 3133 1509 Σκόπει
3190 1454 3249 1511 δε
3311 1463 3399 1510 καὶ
3446 1462 3539 1516 τὴν
3596 1466 3696 1510 τῶν
3753 1458 3932 1531 ὄχλων

2328 1538 2742 1612 εὐγνωμοσύνην,
2784 1546 2861 1596 ὅτι
2899 1546 3048 1598 αὑτοὶ
3096 1549 3204 1618 μεν,
3268 1546 3449 1617 ψιλούς
3495 1547 3681 1618 λόγους
3737 1547 3930 1605 ἠνωτι·

2328 1629 2561 1699 σάμενοι,
2594 1636 2682 1683 καὶ
2731 1630 3029 1705 ἐθαύμασαν
3074 1639 3163 1687 καὶ
3220 1633 3536 1693 ἐπείσθησαν
3586 1639 3676 1687 καὶ
3707 1635 3929 1692 ἠκολού-

2329 1719 2516 1777 θησανο
2550 1723 2597 1772 οἱ
2654 1722 2905 1793 ἄρχοντες
2957 1719 3015 1776 δε
3055 1722 3220 1775 αὐτῶν
3250 1729 3339 1775 καὶ
3371 1726 3420 1775 οἱ
3476 1730 3804 1798 Γραμματεῖς
3840 1730 3931 1777 καὶ

556 1804 1081 1880 promulgantibus
1100 1817 1342 1876 quoque
1366 1802 1642 1858 virtutem
1656 1800 1783 1872 ejus
1801 1800 2006 1872 signis,
2028 1800 2213 1858 offen-

2336 1815 2423 1859 τῶν
2453 1813 2677 1881 σημείων
2704 1807 3153 1886 ἀνακηρυττόντων
3180 1816 3273 1871 τὴν
3296 1812 3452 1864 αὐτοῦ
3474 1809 3717 1887 δύναμιν,
3745 1814 3931 1865 ἐσκαν-

549 1896 849 1953 debantur
873 1910 943 1951 ac
969 1893 1376 1950 irritabantur.

544 2000 551 2006 ·
624 1986 790 2043 Vers.
820 1989 877 2042 2.
917 1984 997 2039 Et
1040 1998 1171 2040 ecce
1221 2013 1290 2024 —
1351 1980 1666 2037 mundare.
1727 1983 1857 2036 Non
1902 1980 2045 2036 dixit
2099 1999 2112 2036 :
2156 1982 2212 2038 Si

543 2077 747 2130 'Deum
770 2072 1139 2129 invocaveris
1171 2090 1183 2129 :
1222 2070 1351 2134 sed,
1384 2069 1443 2125 Si
1467 2070 1567 2132 vis,
1593 2069 1757 2141 quod
1789 2072 2213 2138 argumentum

557 2167 644 2220 est
664 2162 1012 2218 indubitatae
1024 2160 1183 2216 ﬁdei.
1212 2160 1360 2215 Cum
1385 2159 1546 2214 enim
1564 2159 1829 2215 audisset
1848 2159 1921 2214 de
1943 2159 2215 2215 doctrina

560 2268 631 2309 ac
666 2250 934 2323 potentia
974 2249 1121 2320 ejus,
1175 2248 1423 2305 credidit
1465 2249 1654 2303 Deum
1690 2262 1819 2304 esse
1866 2248 1972 2319 qui
2010 2248 2215 2306 omnia

545 2344 776 2415 posset.
834 2337 965 2394 ldeo
1022 2337 1203 2393 etiam
1261 2352 1401 2391 cum
1457 2336 1683 2391 fervore
1736 2336 2008 2393 accessit.
2065 2340 2214 2393 Nam

557 2430 721 2503 quod
745 2426 1093 2500 simpliciter
1134 2426 1276 2482 dixit
1313 2424 1625 2481 Matthzeus
1658 2441 1671 2479 :
1715 2425 2047 2491 Adorabat,
2089 2441 2213 2481 ma-

546 2518 829 2577 nifestius
860 2518 938 2573 ait
962 2518 1193 2572 Marcus
1228 2531 1239 2569 :
1275 2514 1525 2570 Genibus
1554 2517 1904 2586 provolutus
1927 2516 1994 2571 ⁴⁸.
2031 2518 2216 2573 Lucas

538 2624 698 2665 ‘vero
726 2607 1016 2671 similiter,
1055 2604 1221 2677 quod
1249 2604 1506 2675 procidit
1530 2603 1594 2660 in
1623 2603 1832 2676 faciem
1863 2610 1918 2662 et
1944 2605 2217 2675 depreca-

568 2698 747 2755 batur
776 2696 1039 2767 ipsum“.

635 2787 803 2842 Vers.
835 2786 888 2840 3.
922 2786 1002 2840 Ει
1034 2813 1106 2826 -
1146 2784 1315 2853 lepra
1357 2784 1504 2853 ejus.
1549 2782 1763 2839 Volens
1804 2798 1951 2840 sane
2000 2783 2220 2856 leprosi

540 2875 923 2933 conﬁrmare
966 2872 1282 2945 judicium,
1328 2873 1488 2944 quod
1536 2876 1692 2928 recte
1739 2873 2021 2945 opinatus
2069 2877 2220 2929 esset

563 2965 760 3037 ipsum
807 2979 937 3020 esse
984 2963 1171 3019 Deum
1224 2961 1719 3033 omnipotentem,
1768 2962 2078 3035 turbisque
2125 2978 2221 3020 os-

562 3053 805 3111 tendere
830 3051 1162 3126 potentiam
1193 3067 1389 3117 suam,
1421 3051 1574 3107 sicut
1595 3051 1878 3121 diximus,
1908 3053 2023 3109 ait:
2067 3052 2218 3117 Volo.

2327 1892 2602 1957 δαλίξοντο
2632 1904 2721 1952 καὶ
2748 1901 3035 1975 ἠγρίαινον.

2399 1991 2499 2038 Καὶ
2539 1984 2656 2040 ἰδού
2691 2020 2752 2030 -
2789 1992 3101 2062 καθαρίσαι.
3165 1992 3275 2044 Ούκ
3323 1992 3479 2057 εἶπεν,
3528 1993 3644 2046 Ἐὰν
3689 2013 3933 2067 παρακα-

2324 2072 2478 2146 λέσῃς
2529 2078 2615 2127 τὸν
2673 2080 2801 2129 Θεὸν
2860 2078 2986 2149 ἀλλ’,
3042 2078 3156 2133 Ἐὰν
3232 2080 3398 2152 θέλῃς,
3456 2082 3575 2154 ὅπερ
3656 2078 3935 2145 ἀπόδειξίς

2328 2162 2465 2215 ἐστιν
2512 2161 2834 2218 ἀδιστάκτου
2884 2172 3131 2228 πίστεως.
3192 2171 3384 2221 Μαθὼν
3414 2172 3514 2244 γὰρ
3564 2175 3683 2243 περὶ
3715 2179 3810 2231 τῆς
3844 2168 3934 2223 δι-

2329 2248 2623 2316 δασκαλίας
2659 2258 2745 2306 καὶ
2776 2252 3044 2327 δυνάμεως
3076 2256 3252 2323 αὑτοῦ,
3302 2257 3627 2327 ἐπίστευσεν,
3676 2258 3759 2310 ὁτι
3801 2263 3935 2320 Θεὸς

2328 2340 2472 2402 οὗτός
2526 2342 2637 2395 ἐστι
2689 2340 3105 2417 παντοδύναμος.
3161 2349 3247 2398 Διὸ
3302 2351 3393 2398 καὶ
3434 2349 3565 2417 μετά
3605 2348 3933 2420 θερμότητος

2326 2431 2641 2503 προσῆλθεν.
2703 2432 2760 2484 Ὀ
2818 2436 2905 2505 μεν
2952 2436 3051 2506 γὰρ
3106 2437 3371 2495 Ματθαῖος
3429 2435 3602 2496 ἁπλῶς
3641 2432 3798 2501 εἶπεν,
3853 2438 3937 2488 ὅτι

2330 2522 2661 2592 Προσεκύνει·
2694 2522 2719 2572 ό
2759 2518 2818 2573 δε
2847 2524 3074 2594 Μάρκος,
3110 2529 3475 2597 φανερώτερον,
3528 2526 3607 2576 ὅτι
3633 2533 3935 2594 γονυπετῶν

2328 2608 2410 2665 ἧν·
2435 2614 2524 2661 καὶ
2556 2611 2579 2660 ό
2608 2615 2811 2671 Λουκᾶς
2843 2607 2919 2675 δε,
2966 2612 3170 2683 ὁμοίως,
3200 2613 3278 2665 ὅτι
3307 2617 3482 2665 Πεσὼν
3513 2610 3598 2664 ἐπὶ
3647 2618 3937 2687 πρόσωπον

2329 2694 2513 2756 ἐδεήθη
2548 2698 2729 2754 αὑτοῦ.

2401 2792 2500 2839 Καὶ
2558 2816 2625 2828 -—
2683 2787 2841 2840 αὐτοῦ
2899 2791 2928 2847 ἠ
2988 2789 3170 2863 λέπρα.
3239 2789 3544 2861 Βουλόμενος
3626 2790 3939 2843 ἐπιϐεϐαιῶ-

2331 2894 2421 2926 σαι
2473 2878 2561 2947 μὲν
2613 2881 2702 2928 καὶ
2751 2884 2842 2928 τοῦ
2888 2876 3076 2950 λεπροῦ
3122 2883 3216 2936 τὴν
3268 2875 3575 2949 διάγνωσιν,
3626 2879 3705 2931 ὃτι
3764 2879 3942 2954 ὀρθῶς

2329 2964 2597 3029 ὑπέλαϐεν,
2654 2962 2782 3017 εἶναι
2821 2966 2974 3018 αὐτὸν
3042 2970 3170 3020 Θεὸν
3227 2969 3399 3019 πάντα
3464 2964 3767 3040 δυνάμενον
3824 2972 3939 3021 ἑπι-

2332 3050 2501 3116 δεῖξαι
2533 3051 2591 3106 δὲ
2628 3060 2723 3106 καῖ
2760 3063 2868 3116 τοῖς
2916 3054 3099 3127 ὄχλοις
3128 3061 3222 3115 τὴν
3271 3056 3510 3119 ἐξουσίαν
3546 3057 3727 3126 αὐτοῦ,
3758 3060 3938 3119 καθὼς

538 3144 869 3201 ’mundare.
897 3143 999 3199 Hic
1024 3145 1226 3199 autem
1273 3162 1285 3197 :
1324 3141 1485 3207 Volo,
1519 3140 1902 3214 benignitatis
1929 3141 2219 3199 indicium

2336 3142 2628 3217 εἰρήκαμεν,
2661 3138 2787 3213 εἶπε,
2842 3144 2998 3211 Θελω,
3027 3147 3400 3219 καθαρίσθητι.
3435 3144 3688 3201 Ἐνταῦθα
3735 3142 3817 3215 δε,
3874 3150 3935 3199 τὸ

564 3236 653 3291 est
679 3250 695 3302 ;
726 3233 1029 3292 Mundare
1054 3246 1194 3290 vero
1226 3230 1532 3304 potentiae.

542 3424 543 3427 ‘
637 3413 785 3469 Cum
815 3413 1017 3468 autem
1044 3409 1208 3465 hunc
1236 3408 1418 3465 verbo
1458 3410 1718 3476 sanaret,
1758 3423 1945 3481 quam
1976 3410 2055 3465 ob
2085 3425 2221 3467 cau-

566 3516 698 3558 sam
729 3498 917 3557 manu
945 3514 1189 3572 quoque
1220 3502 1459 3555 extenta
1494 3497 1681 3567 tetigit
1712 3513 1851 3553 eum
1882 3499 1910 3554 ?
1951 3498 2100 3567 Quia
2129 3500 2223 3556 lex

541 3598 549 3604 ‘
566 3594 692 3647 erat
705 3606 833 3661 quae
846 3589 1144 3660 leprosum
1161 3591 1405 3658 tangere
1419 3586 1796 3659 prohibebat.
1808 3587 2017 3643 Volens
2030 3592 2221 3645 autem

544 3689 553 3693 '
568 3678 832 3735 Christus
845 3677 1150 3733 ostendere
1167 3676 1329 3749 quod
1351 3679 1641 3748 tanquam
1661 3676 1815 3732 Deus
1834 3693 2016 3749 supra
2032 3677 2220 3748 legem

569 3772 726 3823 esset
765 3768 931 3837 (nam
971 3765 1099 3821 hinc
1143 3764 1428 3821 adversus
1465 3763 1665 3820 nudos
1694 3765 1969 3821 homines
2007 3770 2223 3823 statuta

567 3855 736 3927 erat),
780 3854 1062 3911 audacter
1099 3853 1308 3924 tetigit,
1354 3868 1465 3909 nec
1510 3853 1669 3909 ullus
1707 3869 1738 3909 e
1781 3854 1958 3912 turba
1994 3858 2221 3913 contra-

546 3944 734 4002 ‘dixit.
757 3945 837 3999 Ex
868 3942 1193 4016 praemissis
1224 3942 1385 3998 enim
1416 3943 1557 3998 certi
1585 3945 1773 4009 erant,
1806 3944 1972 4016 quod
2017 3946 2225 4002 omnia

568 4033 830 4105 legitime
876 4032 1115 4089 faceret.
1159 4030 1347 4088 Simul
1390 4031 1567 4087 etiam
1616 4032 1890 4098 docebat,
1924 4049 2047 4089 non
2079 4034 2224 4090 abo-

569 4122 924 4180 minandam
969 4136 1102 4177 esse
1151 4119 1524 4194 corporalem
1578 4120 1809 4192 lepram
1861 4137 2069 4178 eorum
2120 4122 2224 4194 qui

567 4212 841 4285 ejusdem
854 4210 1261 4281 suntgeneris.
1278 4210 1478 4267 Solam
1490 4224 1754 4281 namque
1766 4210 1993 4282 lepram
2007 4211 2224 4267 anima:

569 4300 847 4359 convenit
874 4299 1188 4365 exsecrari,
1223 4314 1360 4371 quas
1391 4302 1478 4355 est
1502 4302 1835 4371 peccatum.
1868 4302 1995 4355 Non
2026 4300 2225 4355 solum

553 4391 732 4447 ~enim
758 4404 976 4447 manus
1006 4388 1196 4460 ipsius
1224 4388 1625 4460 impuritatem
1650 4404 1771 4444 non
1813 4389 2109 4445 contraxit
2148 4390 2224 4446 ad

570 4482 917 4534 contactum
984 4476 1249 4548 corporis
1312 4476 1555 4548 leprosi,
1624 4477 1773 4548 quin
1828 4478 2023 4549 potius
2079 4477 2222 4533 illud

552 4566 940 4624 'emundavit.
958 4564 1108 4631 Quia
1121 4564 1299 4635 igitur
1314 4565 1755 4635 pulchritudine
1773 4566 1991 4621 animae
2008 4571 2226 4622 nostrai

554 4655 737 4727 lepra
757 4652 986 4709 deletur
1002 4651 1233 4724 peccati
1251 4651 1378 4723 (ff),
1402 4651 1762 4709 accedamus
1788 4652 1865 4708 ad
1887 4669 2227 4711 sermonem

568 4746 1008 4817 praeceptorum
1053 4740 1279 4805 Christi,
1322 4744 1388 4799 ut
1431 4746 1755 4813 postquam
1793 4758 1906 4798 nos
1952 4743 2225 4814 tetigerit,

571 4834 769 4907 ipsam
808 4831 1118 4888 emundet.

642 4922 805 4979 Vers.
853 4920 907 4976 3.
948 4922 1029 4977 Et
1064 4948 1134 4965 -
1170 4917 1405 4976 dixeris.
1461 4919 1737 4992 Praecepit
1784 4922 1847 4976 ut
1903 4923 2136 4986 taceret,
2174 4925 2229 4977 et

571 5016 701 5088 ipse
720 5010 963 5070 laudem
973 5008 1210 5085 fugiens
1233 5008 1398 5081 apud
1418 5008 1713 5074 homines,
1735 5012 1790 5065 et
1810 5024 1912 5067 eos
1930 5008 2226 5066 instruens

645 5167 691 5202 ⁵⁸
729 5167 902 5223 Marc.
932 5178 951 5221 1
981 5166 1068 5229 4ο,
1148 5162 1194 5197 ⁴⁹
1235 5162 1371 5218 Luc.
1398 5176 1459 5229 v,
1497 5161 1586 5216 t2.

2334 3234 2443 3302 μεν,
2474 3231 2635 3299 Θέλω,
2660 3232 3042 3307 φιλανθρωπίας
3070 3232 3205 3287 ἐστὶν
3241 3231 3525 3298 ἀπόδειξις·
3550 3238 3608 3287 τὸ
3642 3231 3720 3301 δε,
3756 3237 3941 3288 Καθα-

2331 3321 2568 3393 ρίσθητι,
2596 3318 2883 3393 δυνάμεως.

2407 3414 2506 3461 Καὶ
2544 3408 2651 3462 ἐπεὶ
2699 3409 2834 3482 λόγῳ
2890 3410 3075 3463 ἰάσατο
3128 3418 3329 3481 τοῦτον,
3381 3415 3513 3473 τίνος
3569 3413 3726 3465 ἕνεκεν
3778 3410 3947 3465 ἐκτεί-

2331 3517 2421 3559 νας
2467 3501 2559 3555 τὴν
2605 3505 2766 3572 χεῖρα
2813 3498 2985 3569 ἥψατο
3032 3500 3241 3565 αύτούς
3299 3503 3441 3552 Διότι
3489 3504 3644 3572 νόμος
3690 3501 3776 3567 ἧν,
3837 3520 3946 3552 κω-

2330 3585 2463 3639 λύων
2497 3585 2756 3639 ἅπτεσθαι
2794 3586 3001 3660 λεπροῦ.
3045 3588 3215 3651 Δεῖξαι
3269 3586 3327 3641 δε
3364 3587 3668 3661 βουλόμενος
3716 3590 3742 3641 ό
3804 3597 3943 3662 Χρι-

2335 3679 2473 3740 στὸς,
2527 3678 2603 3728 ὅτι
2651 3678 2715 3737 ὡς
2749 3680 2872 3737 Θεὸς
2928 3678 3227 3749 ὑπέρκειται
3274 3686 3364 3729 τοῦ
3417 3682 3594 3749 νόμου·
3651 3681 3785 3730 κατά
3831 3680 3941 3751 γὰρ

2331 3774 2429 3817 τῶν
2468 3764 2631 3835 ψιλῶν
2687 3765 2965 3840 ἀνθρώπων
3020 3767 3164 3827 οὗτος
3210 3769 3596 3839 νενομοθέτητο·
3642 3766 3945 3841 θαρραλέως

2332 3854 2527 3925 ἥψατο,
2567 3859 2655 3906 καὶ
2688 3852 2862 3917 οὐδεὶς
2906 3854 3136 3908 ἀντεῖπεν
3174 3855 3276 3908 ἀπὸ
3330 3864 3429 3907 τῶν
3480 3860 3649 3927 ὄχλων
3678 3873 3691 3885 ·
3742 3855 3949 3914 πεπλη-

2331 3948 2616 4017 ροφόρηντο
2672 3948 2771 4018 γάρ
2826 3944 2879 3997 ἔκ
2926 3953 3026 3997 τῶν
3064 3944 3443 4017 προλαϐόντων,
3494 3948 3575 3998 ὅτι
3617 3946 3752 3997 κατὰ
3780 3945 3946 4016 λόγον

2332 4035 2501 4086 πάντα
2539 4041 2693 4102 ποιεῖ,
2738 4038 2827 4085 καὶ
2875 4034 2985 4105 οἶμα
3015 4030 3245 4100 ἐδίδαξε,
3288 4039 3359 4106 μὴ
3418 4032 3801 4107 βδελύττεσθαι
3844 4039 3948 4091 τὴν

2336 4127 2640 4194 σωματικὴν
2694 4122 2882 4196 λέπραν
2931 4129 3030 4174 τῶν
3086 4123 3372 4194 ὁμοφύλων.
3429 4127 3543 4194 Χρὴ
3616 4125 3714 4195 γὰρ
3772 4126 3946 4192 μόνην

2336 4209 2606 4281 φοϐεῖσθαι
2653 4214 2746 4269 τὴν
2795 4210 2907 4281 (64)
2955 4210 3215 4282 ψυχικὴν,
3265 4213 3377 4272 ἣτις
3429 4209 3568 4263 ἐστὶν
3617 4213 3646 4269 ἡ
3684 4211 3946 4283 ἁμαρτία.

2338 4304 2438 4351 Καὶ
2478 4302 2580 4373 γὰρ
2630 4299 2689 4351 ού
2737 4304 2889 4370 μόνον
2942 4299 2999 4351 ού
3057 4298 3325 4372 μετέλαϐε)
3374 4298 3698 4374 ἀκαθαρσίας
3733 4302 3761 4357 ἡ
3822 4302 3948 4351 τού-

2336 4406 2426 4438 του
2474 4392 2617 4459 χεὶρ,
2672 4386 2909 4459 ἁψαμένη
2964 4396 3056 4439 τοῦ
3098 4388 3286 4461 λεπροῦ
3348 4394 3607 4460 σώματος,
3663 4387 3789 4439 ἀλλὰ
3849 4392 3950 4440 καὶ

2336 4475 2524 4548 μᾶλλον
2573 4474 2851 4548 ἐκαθάρισε
2881 4484 3056 4533 τοῦτο,
3117 4478 3252 4529 Ἐπεὶ
3304 4480 3471 4528 τοίνυν
3516 4481 3605 4528 καὶ
3652 4484 3725 4546 τῷ
3762 4475 3949 4529 κάλλει

2335 4573 2429 4624 τῆς
2457 4563 2642 4635 ψυχῆς
2695 4567 2840 4636 ἡμῶν
2888 4567 2917 4623 ἠ
2967 4565 3130 4638 λέπρα
3185 4573 3281 4626 τῆς
3330 4564 3587 4639 ἁμαρτίας
3629 4563 3952 4635 ἐλυμήνατο,

2336 4654 2696 4727 προσέλθωμεν
2740 4662 2812 4723 τῷ
2843 4654 2978 4725 λόγῳ
3025 4662 3124 4705 τῶν
3156 4653 3366 4705 ἐντολῶν
3397 4661 3490 4705 τοῦ
3545 4659 3800 4727 Χριστοῦ,
3856 4658 3957 4706 καὶ

2338 4742 2600 4815 ἁψάμενος
2619 4745 2763 4815 ἡμῶν
2794 4744 3066 4817 καθαρίσει
3096 4744 3309 4799 ταύτην.

2414 4926 2617 4973 Καὶ-
2665 4924 2829 4993 εἴπῃς.
2881 4918 3229 4993 Παρὴγγειλεν
3269 4919 3410 4990 αύτῷ
3466 4925 3640 4990 σιγᾷν,
3681 4916 3835 4979 αύτός
3890 4938 3956 4974 τε

2341 5012 2540 5082 φεύγων
2590 5013 2677 5062 τόν
2722 5012 2867 5086 παρά
2917 5018 3017 5061 τῶν
3074 5008 3353 5082 ἀνθρώπων
3408 5011 3633 5077 ἔπαινον,
3690 5012 3780 5060 καὶ
3825 5028 3957 5061 παι-

1854 5257 2076 5326 Variae
2100 5257 2429 5326 lectiones
2467 5267 2526 5325 et
2556 5266 2758 5326 notae.

564 5468 570 5471 -
643 5433 760 5505 (63)
794 5430 874 5501 δέ,
912 5430 1130 5489 omittit
1162 5432 1228 5485 A.

665 5582 745 5639 ee)
772 5582 1112 5638 Doctrinam
1142 5579 1469 5637 sublimem.
1503 5578 1639 5635 Sola
1670 5578 1875 5636 verba.

665 5598 725 5639 ee
772 5582 1112 5638 Doctrinam
1142 5582 1469 5637 sublimem.
1503 5582 1639 5635 Sola
1670 5582 1875 5636 verba.

641 5582 750 5727 ίίὸ
776 5651 1229 5711 Pulchritudine
1244 5650 1560 5726 —peecati.
1582 5649 1730 5708 Cum
1748 5666 1888 5723 ergo
1906 5649 2229 5725 pulchriut-

2415 5429 2529 5501 (64)
2570 5429 2657 5485 Ita
2686 5427 2937 5496 correxi,
2969 5424 3100 5485 loco
3129 5427 3336 5500 ψυχήν.

2336 5577 2712 5707 piniinentis
2764 5580 2981 5635 nostris
3033 5575 3198 5651 lepra
3245 5578 3467 5653 peccati
3517 5577 3964 5637 detrimentosa

2364 5666 2540 5707 ueri.

2364 5666 2540 5707 uern.
