4098 6408
240 358 341 417 ἳδὶ

1232 360 1601 419 COMMENT.
1656 361 1724 417 IN
1765 359 2209 416 MATTHASUM.
2249 391 2318 400 —
2357 358 2516 417 CAP.
2568 360 2723 417 VIII.

3520 362 3624 417 282

246 484 404 540 δεύων
488 488 605 548 τοὺς
685 486 1110 562 εὐεργετοῦντας,
1182 498 1353 563 μισεῖν
1429 492 1487 542 τὸ
1561 487 1846 561 φιλότιμον·

1972 486 2064 559 qui
2098 485 2392 542 beneﬁcia
2430 484 2491 540 in
2525 484 2760 557 aliquen
2786 484 3119 552 conferunt,
3154 488 3217 541 ut
3237 485 3623 545 ambitionem

240 582 415 629 καίτοι
471 585 650 649 σαφῶς
703 577 1005 650 ὶγίνωσκεν,
1059 582 1138 632 ὅτι
1195 580 1252 632 ού
1299 584 1532 651 σιγήσει,
1583 577 1711 630 ἆλλά
1762 582 1850 630 καὶ

241 674 441 739 τρανῶς
502 665 815 741 ἀνακηρύξει
881 671 968 720 τὸν
1037 669 1323 743 εύεργέτην·
1412 670 1545 739 ὅμως
1630 671 1689 719 τὸ
1780 667 1851 719 οἰ-

237 763 375 808 κεῖον
438 763 582 808 ποιεῖ
631 756 722 807 καί
776 757 1147 831 παραγγέλλει.
1178 762 1291 832 Χρὴ
1346 760 1446 830 γὰρ
1482 761 1569 809 τὸν
1594 760 1683 830 μὲν
1711 756 1851 830 εὔερ-

235 851 493 914 γετοῦντα
589 845 965 920 παραγγελλειν
1054 853 1226 917 σιγᾷν,
1319 842 1413 898 διὰ
1477 847 1851 918 μετριοφροσύ-

234 949 348 989 νην·
373 938 462 985 τὸν
496 931 557 986 ὁὶ
588 934 1012 1009 εὐεργετούμενον
1050 937 1320 1012 κηρύττειν
1354 933 1425 987 δι’
1457 934 1849 1007 εὐγνωμοσύνην

237 1021 378 1093 (65).

1412 670 1545 739 ὅμως

307 1201 450 1256 Ἀλλ’
518 1231 590 1247 —
647 1208 898 1263 Μωῦσῆς.
960 1201 1210 1257 Ἐκέλενεν
1253 1204 1278 1256 6
1328 1207 1503 1277 νόμος,
1562 1205 1647 1256 τὸν
1690 1204 1850 1255 καθα-

232 1292 494 1364 ρισθέντα
543 1290 728 1364 λεπρόν
775 1296 845 1363 μὴ
880 1299 985 1352 τοῖς
1031 1292 1212 1345 ἑαυτοῦ
1252 1294 1514 1345 πιστεύειν
1545 1291 1847 1364 ὀφθαλμοῖς,

232 1378 367 1431 ἀλλὰ
396 1386 512 1441 τοῖς
543 1386 639 1431 τοῦ
673 1382 839 1451 ἱερέως
864 1378 1126 1433 ἀναθεῖναι
1146 1385 1239 1439 τὴν
1267 1384 1444 1453 κρίσιν
1473 1387 1565 1432 τοῦ
1594 1382 1850 1452 καθαρισ-

234 1476 357 1539 μοῦ,
393 1467 489 1519 καί
519 1472 592 1539 μὴ
628 1471 876 1543 πρότερον
904 1467 1218 1541 ἀναμιγῆναι
1262 1476 1372 1531 τοῖς
1408 1472 1677 1541 καθαροῖς,
1713 1470 1847 1539 εἰμὴ

234 1556 540 1629 ἐμφανισθῇ
573 1561 763 1628 τούτῳ,
809 1557 899 1609 καὶ
931 1561 1073 1631 παρὰ
1116 1561 1301 1611 τούτου
1329 1559 1550 1631 λογισθῇ
1588 1560 1842 1632 καθαρός⁶

237 1642 351 1697 εἶτα
410 1646 703 1719 προσάγειν
758 1642 926 1718 δῶρον
972 1647 1095 1718 ὑπὲρ
1147 1644 1448 1718 ἕξιλασμοῦ,
1502 1648 1669 1705 καθὼς
1704 1644 1751 1696 ἐν
1783 1652 1845 1716 τῇ

239 1731 409 1805 βίϐλῳ
464 1742 561 1785 τοῦ
603 1740 883 1787 Λωῖτικοῦ
925 1739 1235 1807 γέγραπται.
1290 1743 1405 1797 Πῶς
1452 1731 1538 1787 οὖν
1571 1732 1725 1799 εἶπεν,
1768 1734 1849 1785 ὅτι

1959 578 2357 632 exsecrentur.
2442 576 2617 647 Atqui
2699 574 3007 631 manifeste
3065 575 3289 631 sciebat
3337 576 3618 642 Christus,

1958 665 2121 737 quod
2152 664 2436 719 taciturus
2456 679 2573 718 non
2600 668 2776 729 esset,
2811 665 2918 719 sed
2942 664 3377 721 benefactorem
3416 666 3623 737 palam

1958 754 2437 826 praedicaturus;
2492 757 2755 810 attamen
2784 755 2949 827 quod
2994 772 3170 810 suum
3216 761 3339 811 este
3395 756 3535 811 facit
3567 761 3624 812 et

1958 842 2248 914 praecipit.
2293 844 2533 914 Oportet
2584 844 2743 898 enim
2788 859 2890 899 eos
2940 844 3043 916 qui
3090 844 3380 900 beneﬁcia
3420 845 3623 901 confe-

1959 936 2115 998 runt,
2165 931 2471 987 modestiae
2530 948 2716 988 causa
2753 933 3073 1005 praecipere
3127 932 3469 999 silentium;
3519 950 3623 989 eos

1958 1037 2120 1087 vero,
2144 1021 2250 1093 qui
2274 1020 2567 1076 beneﬁcio
2596 1025 2735 1078 sunt
2779 1021 2991 1087 affecti,
3027 1022 3351 1095 praedicare
3384 1028 3624 1095 propter

1960 1109 2409 1181 gratitudinem.

2028 1200 2193 1254 Vers.
2235 1198 2417 1255 4.Sed
2455 1199 2757 1257 —Moses.
2800 1200 2981 1255 Jussit
3036 1199 3146 1265 lex,
3202 1216 3277 1256 ne
3329 1200 3379 1255 is
3429 1201 3533 1272 qui
3584 1215 3622 1256 a

1956 1287 2123 1360 lepra
2170 1286 2495 1343 mundatus
2534 1292 2687 1343 esset
2744 1289 3030 1360 suiipsius
3078 1288 3263 1344 oculis
3334 1290 3620 1359 crederet,

1959 1376 2062 1431 sed
2090 1376 2275 1431 oculis
2308 1376 2636 1432 sacerdotis
2662 1376 2955 1447 judicium
2994 1378 3433 1433 emendationis
3461 1394 3623 1433 com-

1958 1464 2233 1532 mitteret,
2266 1479 2456 1536 neque
2486 1466 2653 1536 prius
2692 1466 2781 1520 his
2808 1467 2909 1538 qui
2966 1467 3177 1521 mundi
3217 1471 3414 1522 essent
3461 1483 3623 1522 com-

1959 1552 2327 1617 misceretur,
2358 1568 2545 1626 quam
2590 1570 2654 1608 se
2707 1554 2786 1609 illi
2818 1555 3271 1619 manifestasset,
3327 1558 3384 1609 et
3424 1555 3502 1610 ab
3552 1571 3623 1610 eo

1960 1640 2448 1697 fuissetmundus
2467 1641 2772 1712 judicatus
2800 1662 2816 1713 ;
2846 1643 3062 1699 deinde
3081 1659 3304 1699 munus
3329 1658 3436 1715 pro
3465 1644 3622 1715 puri-

1960 1730 2236 1786 ﬁcatione
2255 1730 2597 1795 adduceret,
2633 1731 2781 1786 sicut
2802 1732 2862 1786 in
2887 1732 3039 1787 libro
3075 1733 3310 1787 Levitici
3342 1732 3623 1804 scriptum

236 1831 304 1875 '0
330 1824 620 1896 προσέταξε
652 1831 881 1885 Μωῦσῆς
914 1842 927 1893 ;
978 1827 1005 1877 6
1037 1829 1160 1886 Θεὸς
1206 1827 1305 1897 γὰρ
1356 1834 1510 1878 τοῦτο
1542 1824 1842 1900 προσέταξε.

1972 1825 2070 1875 est.
2116 1820 2426 1885 Quomodo
2480 1835 2622 1891 ergo
2662 1820 2849 1876 dicit:
2905 1822 3105 1876 Munus
3158 1822 3317 1892 quod
3344 1822 3624 1892 praecepit

245 1918 389 1965 Διότι
428 1914 712 1984 νομοθέτης
760 1913 966 1985 λέγεται
1013 1914 1157 1966 καὶὸ
1187 1920 1439 1977 Μωῦσῆς,
1496 1917 1563 1975 ὡς
1618 1912 1846 1987 γράψας,

242 2004 343 2053 ὅσα
399 2003 425 2052 6
482 2005 617 2063 Θεὸς
692 2000 1048 2074 ἕνομοθέτησε.
1102 2006 1206 2059 Τὴν
1272 2005 1361 2073 μὲν
1427 2000 1513 2053 οὖν
1580 2003 1852 2075 θεραπείαν

243 2091 399 2152 αὐτὸς
445 2092 757 2163 εἰργάσατο,
804 2096 898 2149 τὴν
955 2087 1271 2161 δοκιμασίαν
1305 2088 1363 2143 δὲ
1395 2093 1585 2151 ταύτης
1631 2089 1702 2162 τῷ
1736 2098 1856 2163 ιερεῖ

240 2179 602 2253 παρέπεμψεν,
655 2182 739 2233 ἶνα
802 2183 876 2252 μὴ
922 2175 1050 2241 δόξη
1093 2182 1150 2230 τὸ
1180 2187 1281 2232 τῶν
1314 2182 1482 2255 ἱερέων
1534 2179 1854 2251 ὑφαρπάζειν

243 2267 480 2340 ἀξίωμα.

314 2448 407 2508 Εἰς
444 2477 514 2488 —
547 2447 748 2509 αὐτοῖς.
800 2445 888 2509 Εἰς
946 2446 1160 2519 ἔλεγχον
1200 2447 1388 2509 αὐτῶν,
1441 2451 1574 2519 φημὶ
1624 2443 1715 2511 δὴ,
1756 2456 1855 2499 τῶν

246 2538 438 2607 ἱερέων.
506 2538 808 2611 Μαρτύριον
838 2539 938 2609 γὰρ
978 2544 1085 2601 νῦν,
1132 2538 1218 2588 τὸν
1269 2534 1484 2608 ἔλεγχον
1526 2536 1681 2608 λέγει.
1713 2536 1854 2588 Ἐπεὶ

244 2630 342 2696 γάρ
379 2624 531 2677 οὗτοι
585 2628 886 2699 παράνομον
940 2624 1094 2676 αύτὸν
1149 2625 1435 2696 ὠνόμαζον,
1487 2630 1745 2699 παρήνεσε
1784 2622 1855 2696 τῷ

246 2715 629 2787 ωθαρισθέντι
654 2713 822 2786 λεπρῴ
864 2722 1097 2787 τηρῆσαι
1126 2719 1211 2766 τὸν
1266 2719 1438 2787 νόμον,
1482 2720 1571 2765 καὶ
1608 2722 1851 2779 ποιῆσαι,

245 2804 345 2854 ὅσα
374 2802 571 2863 ἐκεῖνος
603 2804 911 2877 προσέταξε.
942 2810 1106 2856 Τοῦτο
1137 2799 1195 2855 δε
1224 2822 1511 2877 παρῃνεσεν
1542 2803 1613 2864 εἰς
1638 2802 1853 2874 ἔλεγχον

245 2892 434 2945 αὶτῶν.
470 2899 591 2953 Πῶς
626 2894 728 2966 γὰρ
778 2891 838 2943 ἆν
894 2896 1155 2967 παρῄνεσε
1203 2901 1435 2966 τηρῆσαι
1480 2896 1566 2945 τὸν
1596 2897 1771 2964 νόμον,
1810 2892 1853 2945 εἱ

246 2984 548 3055 παράνομος
582 2978 647 3039 ἧν
677 3001 691 3048 ;

314 3162 429 3230 Χρή
494 3161 556 3210 οἱ
594 3165 933 3231 παρατηρεῖν,
992 3166 1102 3221 πῶς
1157 3161 1280 3211 ποτε
1332 3163 1420 3231 μεν
1464 3157 1716 3233 παραλύει
1764 3163 1851 3212 τὸν
1889 3193 1930 3250 c

240 3252 418 3317 νόμον,
475 3243 742 3299 ὁδοποιῶν
792 3254 855 3319 τῇ
911 3250 1042 3320 μετὰ
1095 3250 1311 3301 θάνατον
1369 3248 1529 3301 αὐτοῦ
1576 3248 1853 3321 φιλοσοφῖᾳ

239 3342 330 3387 καὶ
398 3334 644 3407 πολιτείᾳ
687 3344 785 3388 τῶν
847 3340 1195 3411 Χριστιανῶν,
1254 3340 1342 3389 καὶ
1390 3341 1854 3410 προοιμιαζόμενος

240 3429 338 3480 τήν
396 3423 487 3476 ἐπὶ
542 3426 744 3487 ταύτης
798 3424 1089 3477 ἀνάπαυσιν
1146 3433 1238 3477 τοῦ
1290 3425 1515 3479 παλαιοῦ
1563 3430 1649 3479 καὶ
1702 3445 1855 3498 γεγη-

241 3517 474 3584 ρακότος
525 3516 708 3584 νόμον·
764 3517 887 3567 ποτε
937 3510 996 3566 δὲ
1048 3513 1283 3585 φυλάττει
1344 3523 1544 3580 τοῦτον,
1594 3534 1857 3586 συγκατα-

244 3600 441 3654 ϐαίνων
464 3610 531 3674 τῇ
572 3601 813 3675 ἀσθενείᾳ
840 3612 940 3655 τῶν
973 3600 1263 3667 Ἰουδαίων,
1300 3604 1381 3655 ἶνα
1418 3609 1488 3676 μὴ
1527 3602 1853 3678 σκανδαλίσῃ

240 3692 463 3755 αὐτούς.

582 3785 733 3835 ΚΕΦ.
764 3779 833 3836 Ζ’.
866 3786 991 3856 Περὶ
1022 3788 1114 3834 τοῦ
1138 3782 1533 3855 ἑκατοντάρχον.

313 3868 629 3921 Εἰσελθόντι
658 3866 717 3922 δέ
746 3869 885 3942 αύτῷ
916 3902 984 3912 -
1016 3869 1454 3944 βασανιζόμενος.
1486 3900 1551 3914 -
1586 3870 1855 3939 Βέϐληται,

241 3954 370 4008 ἀντὶ
403 3964 526 4021 τοῦ,
556 3955 852 4031 Ἒῤῥιπται.

317 4050 423 4098 Καὶ
453 4075 523 4086 -—
546 4044 723 4099 αὐτόν.
750 4051 898 4099 Διατί
927 4050 998 4119 μὴ
1031 4046 1235 4108 κληθεὶς
1262 4047 1332 4110 εἰς
1361 4053 1455 4107 τήν
1495 4049 1685 4118 οἰκίαν,
1716 4051 1857 4102 αύτεο

232 4134 546 4205 πάγγελτος
578 4132 737 4187 ἐλθεῖν
784 4135 961 4208 Mysi;
995 4140 1135 4189 Διότι
1198 4140 1428 4209 προέγνω
1476 4140 1628 4191 αὐτὸν
1673 4158 1860 4191 πεπισ-

236 4228 499 4286 τευκότα,
536 4224 619 4276 ὅτι
644 4226 773 4285 Θεὸς
794 4222 925 4294 ἐστι,
976 4230 1064 4277 καὶ
1097 4224 1275 4277 λοιπὸν
1298 4226 1518 4284 ἠθέλησε
1547 4232 1642 4285 τὴν
1668 4227 1858 4287 πολλὴν

234 4311 415 4364 αὐτοῦ
470 4316 653 4364 πίστιν
706 4310 1085 4385 ἔκκαλυφθῆναι
1116 4318 1207 4365 καὶ
1235 4320 1345 4376 τοῖς
1374 4312 1740 4384 ἀκολουθοῦσι,
1770 4322 1859 4369 καὶ

227 4404 494 4474 πρόσχες
518 4406 633 4463 τοῖς
658 4400 797 4464 ἑξῆς.

321 4582 428 4631 Καὶ
473 4608 544 4618 —
592 4596 713 4649 μου·
756 4607 823 4619 -
864 4582 975 4631 Οὔκ
1030 4580 1155 4651 εἰμι,
1210 4586 1389 4652 φησὶν,
1448 4583 1610 4650 ἄξιος,
1668 4582 1762 4637 διὰ
1799 4588 1856 4637 τὸ

236 4662 385 4717 εἷναί
420 4684 483 4717 σε
514 4668 628 4718 θεόν
681 4682 694 4695 ⁸
742 4664 851 4717 ἀλλ’
886 4669 954 4728 ὡς
994 4666 1408 4739 παντοδύναμος,
1457 4671 1565 4725 εἰπέ
1635 4672 1682 4725 ἐν
1721 4674 1857 4746 λόγῳ

236 4754 407 4823 ψιλῷ,
444 4753 473 4806 6
501 4753 703 4826 βούλει,
730 4759 821 4806 καὶ
860 4755 1052 4808 αὐτίκα
1098 4758 1123 4808 6
1165 4756 1317 4829 λόγος
1372 4762 1520 4832 ἔργον
1549 4766 1851 4832 γενήσεται.

232 4842 403 4917 Ὁρᾷς
451 4846 668 4916 μέγεθος
723 4848 970 4905 πίστεως.
1030 4848 1126 4898 Διὰ
1161 4853 1315 4899 τοῦτο
1362 4854 1531 4901 τοίνυν
1571 4852 1596 4901 ὁ
1630 4856 1861 4925 Χριστὸς

241 4929 403 5004 εἶπεν,
498 4934 581 4985 ὅτι
678 4932 814 5004 Ἐγὼ
902 4931 1055 4985 ἐλθὼν
1146 4936 1449 5009 θεραπεύσω
1540 4938 1716 5006 αὐτὸν,
1779 4949 1861 4993 ἱνα

240 5024 359 5094 dum
413 5023 441 5074 6
489 5021 903 5095 ἑκατόνταρχος,
964 5023 1061 5089 ὅτι,
1119 5027 1229 5077 Οὔκ
1279 5026 1386 5099 εἰμι
1440 5027 1602 5093 ἄξιος,
1657 5033 1743 5082 καὶ
1794 5032 1861 5082 τὰ

247 5110 375 5179 ἰξῆς,
442 5117 533 5166 καὶ
583 5113 728 5166 οὕτω
802 5113 1071 5184 φανερωθῇ
1127 5120 1289 5167 πᾶσιν
1356 5118 1386 5174 ἡ
1452 5117 1613 5176 πολλὴ
1678 5123 1860 5183 πίστις

245 5199 414 5258 αὐτοῦ,
457 5203 518 5257 Εἰ
551 5204 658 5277 γὰρ
707 5204 789 5275 μὴ
831 5201 860 5252 ὁ
890 5204 1125 5271 Χριστὸς
1168 5200 1326 5257 ἐκεῖνο
1370 5203 1524 5270 εἶπεν,
1572 5206 1667 5259 οὐκ
1718 5209 1779 5260 ἄν
1832 5210 1858 5261 6

241 5289 616 5371 ἑκατόνταρχος
654 5298 818 5345 τοῦτο
882 5291 1073 5361 εἴρηκε,
1142 5297 1231 5345 καὶ
1298 5296 1501 5357 πάντως
1562 5295 1738 5349 ἔλαθεν
1798 5299 1858 5350 ἄν

233 5389 336 5449 τσὺς
389 5387 683 5462 έπομένους
726 5381 762 5439 ἠ
793 5380 1031 5437 τοσαύτη
1088 5388 1178 5433 τοῦ
1222 5379 1413 5458 ἀνδρὸς
1468 5389 1673 5448 πίστις.
1737 5392 1859 5440 Σκό-

1962 1910 2158 1971 Moses,
2196 1924 2335 1964 cum
2368 1909 2425 1964 id
2463 1909 2706 1979 jusserit
2736 1912 2887 1964 Deus
2917 1910 2944 1965 ?
2975 1910 3128 1975 Quia
3158 1912 3346 1965 Moses
3392 1911 3623 1980 legisla-

1963 2003 2055 2054 tor
2080 1997 2314 2065 dicitur,
2356 2000 2559 2069 utpote
2590 1997 2691 2070 qui
2724 1998 2983 2069 scripsit,
3028 2015 3164 2070 quae
3199 2002 3349 2054 Deus
3404 2004 3622 2055 statue-

1964 2092 2072 2143 rat.
2109 2087 2436 2143 Sanitatem
2485 2087 2686 2159 itaque
2734 2087 2861 2159 ipse
2918 2092 3199 2159 operatus
3244 2093 3351 2155 est,
3404 2105 3621 2160 appro-

1964 2174 2265 2231 bationem
2319 2191 2460 2231 vero
2522 2175 2734 2247 ipsius,
2800 2176 3093 2231 sacerdoti
3159 2177 3476 2243 commisit,
3546 2193 3621 2233 ne

1964 2264 2345 2321 sacerdotum
2398 2280 2616 2319 munus
2669 2263 2780 2319 sibi
2835 2264 3086 2321 latenter
3150 2281 3354 2337 rapere
3396 2266 3622 2322 videre-

1964 2357 2081 2408 tur.

2036 2443 2201 2498 Vers.
2228 2445 2277 2498 4.
2311 2444 2375 2497 In
2397 2472 2466 2483 -
2493 2441 2638 2498 illis.
2674 2442 2759 2497 Ad
2815 2442 3305 2512 redargutionem
3334 2442 3568 2499 illorum
3604 2462 3617 2512 ;

1964 2530 2097 2586 dico
2143 2544 2287 2586 sane
2337 2529 2772 2587 sarcerdotum.
2839 2533 2985 2586 Nam
3031 2534 3334 2606 μαρτύριον,
3392 2531 3453 2585 id
3508 2536 3620 2595 est,

1966 2618 2394 2686 testimonium,
2426 2622 2602 2675 vocat
2631 2618 3121 2690 redargutionem.
3168 2621 3316 2685 Quia
3349 2620 3508 2675 enim
3539 2620 3619 2675 illi

1964 2712 2469 2779 transgressorem
2501 2707 2648 2778 legis
2680 2723 2814 2763 eum
2870 2707 3188 2764 dicebant:
3222 2709 3617 2764 emundatum

1960 2797 2257 2867 leprosum
2295 2798 2578 2853 admonet
2616 2800 2681 2853 ut
2729 2801 2993 2853 servaret
3038 2797 3257 2867 legem,
3305 2802 3363 2853 et
3406 2797 3621 2854 faceret

1961 2901 2335 2958 quaecunque
2365 2885 2456 2939 lex
2482 2892 2865 2957 praeceperat.
2910 2885 3033 2941 Hoc
3064 2890 3263 2941 autem
3315 2885 3393 2941 ad
3424 2886 3620 2941 redar-

1962 2974 2267 3043 gutionem
2298 2972 2534 3028 illorum
2563 2974 2861 3029 admonet.
2891 2977 3040 3029 Nam
3087 2974 3397 3045 quomodo
3424 2974 3620 3044 legem

1961 3077 2197 3118 servare
2224 3061 2592 3117 admoneret.
2628 3061 2675 3115 si
2710 3061 2857 3131 legis
2886 3066 3252 3133 trangressor
3274 3067 3448 3117 esset.

2033 3150 2479 3208 Observandum
2509 3165 2652 3205 vero
2686 3166 2808 3221 quo
2840 3155 3014 3221 pacto
3044 3150 3344 3206 interdum
3372 3150 3620 3222 quidem

1960 3242 2153 3311 legem
2204 3239 2387 3305 solvit,
2443 3238 2605 3294 viam
2662 3239 2932 3309 aperiens
2992 3238 3389 3311 philosophiae
3443 3244 3621 3311 atque

1960 3329 2397 3387 conversationi
2424 3328 2786 3394 Christianae,
2812 3344 2991 3399 quam
3013 3333 3146 3401 post
3172 3333 3424 3385 mortem
3451 3344 3623 3384 suam

1964 3420 2163 3489 vigere
2192 3417 2526 3491 oportebat,
2570 3433 2639 3473 ac
2686 3432 3029 3490 praeparans
3074 3417 3467 3473 cessationem
3507 3416 3624 3486 legi

1965 3508 2164 3572 veteri,
2194 3508 2445 3579 jamque
2477 3508 2801 3563 senescenti
2828 3523 2840 3573 ;
2872 3506 3238 3579 quandoque
3270 3522 3412 3562 vero
3459 3505 3623 3561 illam

1969 3603 2184 3663 servat,
2218 3596 2514 3652 demitens
2547 3611 2609 3650 se
2635 3595 2713 3652 ad
2745 3595 3213 3652 imbecillitatem
3250 3595 3619 3660 Judaeorum,

1966 3700 2042 3742 ne
2068 3701 2170 3742 eos
2193 3684 2536 3742 offenderet.

2394 3780 2551 3837 CAP.
2587 3780 2706 3836 VII.
2736 3782 2820 3838 De
2843 3783 3199 3839 centurione.

2037 3882 2196 3935 Vers.
2232 3884 2288 3936 5.
2319 3878 2375 3934 6.
2409 3878 2557 3935 Cum
2587 3886 2786 3935 autem
2805 3881 3103 3949 ingressus
3130 3886 3273 3936 esset
3298 3912 3364 3919 —
3395 3879 3628 3936 discru-

1968 3968 2181 4026 ciatur.
2213 3970 2402 4034 Jacet,
2445 3968 2558 4023 hoc
2591 3973 2698 4032 est,
2730 3969 3031 4040 projectus
3064 3973 3169 4025 est.

2038 4058 2203 4113 Vers.
2232 4062 2284 4113 7.
2321 4058 2405 4112 Et
2456 4087 2524 4097 -
2556 4072 2707 4113 eum.
2754 4059 2943 4121 Quare
2975 4073 3096 4113 non
3143 4063 3393 4113 vocatus
3431 4058 3491 4112 in
3525 4057 3629 4112 do-

1968 4162 2159 4211 mum,
2184 4162 2291 4200 sua
2316 4149 2525 4217 sponte
2545 4150 2867 4201 venturum
2895 4161 2958 4201 se
2989 4145 3179 4201 dicit?
3229 4147 3377 4211 Quia
3404 4161 3627 4217 praeco-

1971 4236 2175 4305 gnovit
2207 4234 2374 4290 illum
2397 4235 2524 4305 jam
2565 4235 2804 4290 credere
2837 4234 3000 4306 quod
3049 4235 3199 4289 Deus
3230 4238 3385 4290 esset
3418 4249 3428 4287 :
3467 4238 3522 4288 et
3548 4233 3631 4291 ita

1968 4323 2157 4380 voluit
2198 4338 2485 4392 magnam
2525 4322 2656 4393 ejus
2702 4321 2885 4377 ﬁdem
2931 4322 3024 4377 his
3057 4322 3237 4378 etiam
3287 4322 3391 4394 qui
3420 4336 3626 4392 seque-

1968 4412 2209 4477 bantur,
2260 4411 2556 4480 detegere.
2606 4410 2848 4466 lntende
2879 4426 3020 4481 ergo
3061 4411 3133 4466 iis
3180 4421 3627 4483 quas'sequun-

1972 4504 2081 4557 tur.

2044 4590 2206 4644 Vers.
2232 4589 2285 4643 8.
2340 4589 2418 4643 Et
2448 4603 2713 4644 —meus.
2755 4591 2883 4643 Non
2929 4605 3087 4656 sum,
3119 4588 3329 4661 inquit,
3384 4588 3628 4658 dignus,

1969 4678 2112 4750 quia
2130 4680 2192 4731 tu
2208 4677 2358 4733 Deus
2380 4693 2443 4732 es
2466 4696 2477 4732 :
2500 4677 2603 4731 sed
2623 4680 2913 4748 tanquam
2934 4678 3315 4749 omnipotens
3337 4678 3432 4732 dic
3464 4677 3630 4732 nudo

1967 4766 2154 4822 verbo
2185 4766 2350 4839 quod
2372 4766 2473 4829 vis,
2504 4770 2560 4821 et
2576 4766 2767 4837 ipsum
2790 4781 3034 4837 quoque
3062 4765 3314 4821 verbum
3333 4782 3489 4837 opus
3508 4767 3629 4823 ﬁet.

1967 4854 2143 4911 Vides
2174 4854 2311 4910 ﬁdei
2345 4854 2855 4924 magnitudinem?
2875 4855 3115 4926 Propter
3154 4854 3268 4911 hoc
3296 4870 3439 4925 ergo
3483 4854 3633 4909 dixit

1967 4944 2231 5000 Christus
2259 4960 2271 4998 :
2299 4944 2420 5014 Ego
2452 4945 2676 5000 veniam
2713 4948 2766 5000 et
2793 4943 3009 4999 curabo
3043 4959 3188 5013 eum,
3217 4949 3279 4998 ut
3304 4943 3463 4999 dicat
3500 4958 3632 4997 cen-

1968 5032 2119 5089 turio
2156 5033 2319 5089 :Non
2340 5048 2468 5088 sum
2522 5032 2758 5101 dignus,
2822 5036 2955 5097 etc.,
2990 5036 3045 5087 et
3097 5032 3177 5088 ita
3222 5032 3630 5087 manifestetur

1966 5122 2251 5178 omnibus
2305 5137 2531 5192 magna
2586 5121 2740 5178 ﬁdes
2796 5122 2945 5193 ejus.
3007 5122 3126 5177 Nisi
3174 5122 3334 5178 enim
3364 5121 3628 5177 Christus

1964 5209 2113 5266 illud
2138 5209 2401 5279 dixisset,
2435 5225 2824 5282 nequaquam
2850 5210 2965 5265 hoc
2988 5211 3254 5267 centurio
3292 5209 3629 5283 respondis-

1966 5303 2055 5356 set
2076 5304 2132 5357 et
2154 5316 2253 5357 eos
2276 5302 2378 5373 qui
2403 5299 2809 5373 sequebantur
2838 5299 3094 5355 omnino
3107 5299 3373 5356 latuisset
3401 5303 3631 5372 quanta

1967 5392 2094 5447 erat
2122 5388 2231 5446 viri
2253 5389 2423 5475 ﬁdes.
2447 5388 2592 5446 Vide
2623 5404 2862 5461 quoque
2906 5389 3269 5447 centurionis
3285 5388 3629 5462 verbazquaa

1486 5562 1705 5632 Variae
1735 5563 2065 5634 lectiones
2099 5576 2163 5633 et
2206 5571 2411 5634 notae.

264 5722 371 5798 (σε)
413 5701 857 5789 εὐγνωμοσύνη
871 5717 910 5762 ςο
940 5697 1007 5755 Δ.
