4098 6412
487 341 594 397 283

1796 336 2148 395 EUTYHMII
2186 336 2517 395 ZIGABENI

3752 339 3861 397 284

491 467 818 539 sequuntur
858 464 939 522 ad
967 463 1027 521 id
1053 463 1297 529 directa,
1326 462 1488 537 quod
1540 462 1705 521 nudo
1734 463 1918 521 etiam
1958 463 2142 521 verbo

2261 483 2335 517 rm
2367 460 2425 516 δὲ
2466 466 2555 515 καὶ
2578 463 2644 515 τὰ
2674 460 2850 534 ἐφεξῆς
2907 468 2999 517 τοῦ
3040 461 3425 539 ὶκατοντάρχου
3468 463 3701 538 ῥήματα,
3733 484 3860 517 κατ-

491 570 710 613 sanare
738 558 956 627 posset.

559 644 725 699 Vers.
771 644 825 698 9.
861 643 1016 699 Nam
1063 647 1120 699 et
1148 672 1217 682 —
1247 646 1301 698 et
1343 642 1517 712 facit.
1571 640 1659 697 Ab
1709 641 1977 715 exemplo
2014 642 2144 712 ejus

490 731 654 805 quod
673 732 830 788 circa
848 747 909 787 se
944 730 1347 801 contingebat,
1383 730 1789 797 conﬁrmabat,
1823 730 1990 803 quod
2019 730 2143 786 solo

491 822 667 878 etiam
686 821 867 876 verbo
886 836 1101 876 sanare
1118 823 1341 891 posset.
1364 822 1680 891 Postquam
1700 820 1858 875 enim
1881 820 2141 875 dixerat:

488 910 595 965 Dic
624 910 818 977 verbo,
861 909 1170 980 subjunxit
1194 926 1206 963 :
1247 910 1398 965 Nam
1429 914 1484 964 et
1513 924 1616 979 ego
1664 909 1823 964 homo
1852 924 2005 977 sum,
2034 908 2144 963 sub

488 999 648 1055 ducis
670 999 965 1055 exercitus
991 1004 1279 1068 potestate
1300 999 1671 1061 constitutus,
1696 997 1919 1054 habens
1930 998 2037 1053 sub
2055 1012 2146 1054 me

488 1088 703 1144 milites
735 1093 787 1144 et
814 1102 1024 1153 servos,
1045 1093 1100 1143 et
1123 1086 1283 1158 quod
1299 1086 1506 1158 cuique
1531 1086 1682 1151 dico,
1718 1087 1766 1143 is
1795 1086 2145 1143 incunctan-

490 1182 581 1233 ter
600 1177 703 1233 hoc
729 1175 891 1245 facit.
926 1176 1057 1231 Haec
1087 1179 1288 1231 autem
1315 1174 1572 1241 dicebat,
1608 1175 1951 1239 ostendens,
1979 1175 2143 1247 quod

490 1265 547 1321 Si
568 1279 676 1334 ego
699 1264 883 1320 homo
911 1263 1076 1319 alteri
1125 1263 1429 1335 subjectus
1460 1263 1539 1319 ob
1570 1262 1875 1319 modicam
1928 1263 2144 1336 princi-

486 1357 661 1426 patus
696 1352 1070 1424 dignitatem,
1104 1352 1230 1407 solo
1256 1352 1441 1408 verbo
1492 1355 1705 1424 potens
1760 1368 1916 1417 sum,
1960 1352 2144 1409 multo

486 1442 677 1512 magis
706 1448 783 1506 tu,
818 1441 922 1512 qui
948 1440 1104 1496 Deus
1125 1456 1207 1505 es,
1234 1439 1478 1496 inﬁnitae
1518 1440 1830 1512 potestatis
1860 1456 1929 1497 ac
1958 1441 2147 1511 digni-

487 1532 646 1588 tatis.
667 1531 874 1603 Itaque
887 1530 937 1584 si
957 1529 1174 1585 dixeris
1195 1529 1367 1585 morti
1394 1535 1454 1585 ut
1472 1530 1664 1596 abeat,
1689 1529 1909 1596 abibit;
1938 1530 1986 1585 si
2004 1545 2146 1587 vero

486 1623 553 1676 ut
575 1619 785 1685 veniat,
827 1618 1041 1674 veniet.
1074 1617 1276 1690 Neque
1314 1618 1475 1673 enim
1529 1617 1868 1689 simpliciter
1905 1617 2148 1676 subdita

488 1712 594 1774 est,
617 1722 829 1763 verum
860 1707 1038 1764 etiam
1055 1706 1286 1772 ancilla,
1323 1721 1459 1778 quia
1486 1707 1781 1779 majorem
1806 1706 1987 1764 habet
2014 1709 2147 1763 sub-

482 1795 832 1869 jectionem.

558 1885 725 1940 Vera.
756 1884 839 1939 lO.
867 1884 995 1940 Hoc
1025 1883 1231 1940 audito
1274 1914 1343 1923 —
1368 1882 1588 1940 inveni.
1639 1883 1982 1939 Admiratus
2033 1887 2141 1940 est.

487 1974 634 2030 Cum
663 1972 822 2029 enim
853 1988 1049 2044 neque
1078 1972 1341 2028 Israelita
1376 1976 1551 2037 esset,
1581 1988 1777 2044 neque
1812 1972 2146 2044 Scripturas

489 2077 620 2133 quas
653 2060 727 2116 de
761 2061 891 2131 ipso
929 2065 1097 2115 erant
1134 2059 1392 2129 legisset,
1425 2059 1576 2115 adeo
1620 2059 1798 2115 facile
1849 2059 2144 2115 credebat.

492 2152 608 2206 Nec
638 2148 834 2204 solum
868 2148 1201 2203 admiratus
1226 2152 1333 2212 est,
1365 2163 1567 2203 verum
1595 2149 1774 2204 etiam
1807 2148 1990 2204 ﬁdem
2022 2149 2149 2219 ejus

491 2236 785 2309 praeconio
817 2235 1228 2306 promulgavit,
1270 2240 1335 2290 ut
1373 2235 1472 2291 alii
1518 2236 1680 2293 hunc
1730 2235 2146 2293 imitarentur:

495 2326 697 2396 Neque
711 2329 869 2381 inter
886 2324 1209 2388 Israelitas,
1238 2323 1454 2396 inquit,
1479 2328 1707 2381 tantam
1731 2325 1929 2381 inveni
1952 2326 2146 2396 ﬁdem,

497 2413 603 2485 qui
632 2413 897 2486 quotidie
927 2412 1368 2484 Scripturarum
1406 2412 1612 2485 legunt
1631 2413 1987 2480 testimonia,
2021 2430 2151 2486 quae

499 2502 573 2559 de
590 2515 688 2557 me
706 2501 1045 2574 loquuntur.
1063 2501 1127 2556 In
1145 2501 1618 2573 praecedentibus
1645 2509 1846 2559 autem
1866 2502 2147 2569 diximus,

502 2591 661 2663 quod
689 2591 875 2647 Amen
930 2591 1091 2657 dico;
1124 2590 1498 2647 tantumdem
1544 2594 1636 2647 est
1663 2606 1735 2647 ac
1784 2591 1833 2647 si
1874 2592 2102 2648 dicatur
2134 2609 2145 2649 :

502 2679 649 2736 Vere
695 2695 761 2734 ac
790 2678 1037 2735 ﬁrmiter
1062 2678 1193 2736 dico
1220 2696 1233 2747 ;
1264 2695 1461 2753 neque
1496 2696 1653 2753 opus
1716 2686 1803 2737 est
1849 2681 1964 2738 hoc
1993 2681 2152 2737 dein-

502 2784 643 2841 ceps
663 2768 1050 2840 interpretari.

573 2860 738 2915 Vers.
768 2862 855 2916 11.
874 2860 1022 2915 Dico
1050 2890 1118 2899 —
1141 2858 1471 2916 Abraham.
1503 2859 1665 2916 Multi
1693 2859 1863 2927 tales,
1891 2859 2005 2916 hoc
2042 2864 2148 2929 est,

502 2962 534 3002 e
562 2946 860 3017 gentibus.
912 2948 1011 3001 Per
1053 2947 1257 3004 Oriens
1310 2964 1450 3004 vero
1490 2954 1545 3003 et
1584 2948 1891 3015 Occidens,
1946 2951 2152 3006 omnia

498 3034 632 3092 loca
660 3036 839 3091 totius
864 3036 1123 3092 universi
1160 3037 1538 3108 signiﬁcavit.
1570 3038 1818 3093 Veniant
1848 3042 2045 3094 autem
2073 3038 2150 3095 ad

2252 552 2627 623 ασκευάζοντα,
2665 554 2744 604 ὅτι
2778 556 2865 603 καὶ
2896 550 2952 605 ἐκ
2983 551 3139 622 ψιλοῦ
3167 552 3324 624 λόγου
3358 549 3602 609 δύναται.

2324 646 2425 695 Καὶ
2472 644 2572 716 γὰρ
2630 671 2699 681 -
2780 645 2870 692 καὶ
2927 648 3082 693 ποιεῖ.
3142 642 3268 695 Ἀπὸ
3321 649 3413 693 τοῦ
3488 642 3604 695 καθ’
3673 643 3859 696 ἑαυτὸν

2251 728 2637 803 ὐποδιίγματος
2691 731 3091 797 κατασκευάζει,
3149 731 3346 783 ὃτικαὶ
3403 730 3537 803 λόγῳ
3594 736 3733 804 μόνῳ
3761 729 3861 785 δύ-

2251 840 2429 877 ναται,
2495 820 2730 892 Εἱρηκὼς
2785 823 2907 891 γὰρ,
2970 821 3051 872 ὅτι
3110 820 3231 873 Εἰπὲ
3284 820 3443 891 λόγῳ,
3504 826 3862 895 προσεπήγει-

2249 930 2358 981 γεν,
2422 910 2502 961 ὅτι
2558 910 2662 964 Καὶ
2709 911 2806 983 γὰρ
2857 908 2957 979 ἐγὼ
3015 910 3285 981 ἅνθρωπός
3336 909 3440 981 εἰμι
3479 911 3578 962 ὑπὸ
3617 909 3863 974 ἐξουσίαν

2253 1005 2343 1049 τοῦ
2444 1005 2765 1072 στρατηγοῦ,
2836 1000 2972 1069 ἔχων
3057 996 3141 1049 ὑπ’
3224 997 3443 1070 ἐμαυτὸν
3529 1006 3866 1073 στρατιώτας

2252 1090 2341 1137 καὶ
2417 1082 2651 1147 δούλους·
2727 1091 2815 1138 καὶ
2880 1086 2905 1137 ὃ
2971 1087 3101 1158 λέγω
3182 1086 3404 1158 ἑκάστῳ,
3474 1086 3869 1162 ἁναντιῤῥήτως

2252 1182 2404 1227 τοῦτο
2469 1183 2625 1231 ποιεῖ.
2680 1182 2857 1228 Ταῦτα
2924 1171 2983 1228 δὲ
3062 1175 3237 1242 εἰπὼν,
3299 1174 3545 1248 ἐνέφηνεν,
3602 1179 3682 1229 ὅτι
3738 1175 3866 1230 Ἐὰν

2253 1263 2352 1335 ἐγὼ
2384 1266 2654 1338 ἅνθρωπος
2706 1264 3032 1330 ὑπεξούσιος,
3091 1260 3184 1317 διὰ
3231 1268 3324 1319 την
3374 1264 3552 1336 ὀλίγην
3588 1267 3865 1339 ὑπεροχὴν

2251 1361 2349 1415 τῆς
2389 1351 2583 1426 ἀρχῆς,
2642 1353 2775 1425 λόγῳ
2828 1357 2966 1425 μόνῳ
3020 1350 3267 1425 δύναμαι.
3318 1352 3487 1425 μολλῷ
3534 1353 3723 1406 πᾱλ).ον
3765 1358 3863 1423 σὺ,

2254 1443 2383 1504 Θεὸς
2432 1442 2497 1492 ὢν
2556 1442 2923 1504 παντεξούσιος
2978 1446 3068 1494 καὶ
3107 1446 3492 1515 πανυπέροχος.
3535 1447 3625 1495 καὶ
3653 1442 3862 1511 λοιπόν,

2256 1529 2299 1581 εἰ
2329 1532 2417 1602 μὲν
2459 1533 2603 1603 εἴπῃς
2661 1534 2977 1604 πορευθῆναι
3026 1534 3110 1583 τὸν
3162 1532 3400 1599 θάνατον,
3456 1533 3865 1604 πορευθήσεται,

2255 1617 2298 1669 εἰ
2355 1614 2413 1670 δὲ
2462 1618 2641 1686 ἐλθεῖν,
2692 1617 2973 1674 ἐλεύσεται.
3036 1622 3129 1672 Καὶ
3180 1621 3281 1692 γὰρ
3336 1619 3443 1691 οὐχ
3495 1619 3669 1681 ἁπλῶς
3715 1619 3866 1673 ἔστιν

2255 1707 2500 1776 ὑπήκοος,
2535 1707 2663 1760 ἀλλὰ
2691 1712 2779 1760 καὶ
2829 1704 3034 1773 δοῦλος,
3068 1708 3093 1760 ὃ
3124 1708 3363 1780 μείζονος
3409 1706 3548 1761 ἐστιν
3587 1709 3854 1771 ὑπακοῆς.

2326 1881 2585 1945 Ἀκούσας
2669 1913 2736 1923 —-
2805 1882 2973 1957 εὖρον.
3062 1883 3408 1956 Ἐθαύμασεν,
3480 1884 3560 1937 ὅτι
3626 1887 3698 1955 μὴ
3792 1884 3869 1937 ὤν

2257 1972 2608 2045 Ἰσραηλίτης,
2654 1968 2795 2044 μηδέ
2849 1974 2942 2033 τὰς
2970 1976 3088 2045 περὶ
3143 1972 3300 2025 αὐτοῦ
3346 1975 3552 2045 Γραφὰς
3599 1980 3699 2024 τῶν
3733 1972 3871 2026 Ἰου-

2258 2056 2420 2112 δαίων
2464 2058 2635 2124 εἰδὼς,
2692 2058 2891 2135 ῥᾳδίως
2945 2060 3239 2116 ἐπίστευσε,
3297 2066 3386 2114 καὶ
3416 2062 3473 2114 οὐ
3513 2066 3665 2133 μόνον
3713 2060 3871 2114 ἐθαύ-

2256 2168 2441 2221 μασεν,
2491 2148 2620 2201 ἀλλὰ
2675 2154 2763 2202 καὶ
2823 2148 3099 2221 ἀνεκήρυξε
3152 2154 3246 2209 τὴν
3308 2155 3488 2203 πίστιν
3540 2151 3717 2216 αὐτοῦ,
3781 2151 3873 2202 ἶνα

2254 2242 2346 2289 καὶ
2394 2237 2537 2290 ἄλλοι
2593 2246 2774 2291 τοῦτον
2831 2238 3160 2301 ζηλώσωσιν.
3206 2236 3346 2292 Οὐδὲ
3403 2242 3452 2291 ἐν
3509 2247 3619 2301 τοῖς
3649 2240 3870 2313 Ἰσραη-

2255 2324 2437 2391 λίταις,
2467 2331 2645 2398 φησὶν,
2702 2328 2845 2399 εὖρον
2904 2331 3165 2386 τοσαύτην
3219 2333 3421 2393 πίστιν,
3471 2335 3581 2389 τοῖς
3610 2327 3874 2399 ἀναγινώ-

2261 2426 2477 2467 σκουσιν
2561 2415 2805 2468 ἑκάστοτε
2883 2418 2973 2478 τὰς
3051 2421 3163 2492 περὶ
3218 2416 3342 2490 ἐμοῦ
3412 2421 3704 2492 μαρτυρίας
3759 2425 3867 2469 τῶν

2260 2510 2491 2579 Γραφῶν.
2557 2510 2870 2578 Ιιροείρηται
2920 2503 2979 2559 δὲ
3036 2507 3182 2578 ἡμῖν,
3251 2508 3332 2560 ὅτι
3372 2510 3451 2572 τὸ,
3491 2506 3655 2578 Ἀμὴν
3702 2505 3865 2578 λέγω,

2261 2596 2374 2645 ἀντὶ
2412 2601 2525 2657 τοῦ,
2574 2594 2807 2657 Ἀληθῶς
2848 2599 2937 2647 καὶ
2989 2593 3209 2667 βεϐαίως
3265 2595 3415 2669 λέγω,
3449 2597 3689 2651 τέθειται.
3758 2599 3870 2649 Καὶ

2260 2681 2351 2734 οὐκ
2376 2685 2452 2735 ἔτι
2475 2686 2584 2757 χρὴ
2608 2690 2757 2736 τοῦτο
2790 2680 3161 2757 ὃιερμηνεύειν.

2331 2863 2480 2930 Λέγω
2537 2890 2605 2900 -—
2650 2859 2906 2934 Ἀϐραάμ.
2951 2859 3136 2913 Πολλοὶ
3186 2866 3430 2926 τοιοῦτοι,
3481 2862 3768 2929 τουτέστιν,
3814 2859 3875 2922 ἐξ

2259 2946 2437 3003 ἕθνῶν.
2506 2951 2600 3001 Διά
2651 2946 2709 3000 δὲ
2759 2956 2847 3009 τῆς
2908 2948 3180 3009 Ἀνατολῆς
3209 2953 3298 3000 καὶ
3353 2948 3464 3020 (66)
3518 2956 3611 3009 τῆς
3641 2950 3868 3014 Δύσεως,

2260 3039 2429 3089 πάντα
2465 3042 2617 3090 τόπον
2673 3046 2764 3099 τῆς
2827 3038 3127 3109 οἰκουμένης
3190 3034 3469 3095 ἐδήλωσεν.
3528 3036 3746 3099 Ἦξουσι
3808 3032 3875 3089 δὲ

501 3140 597 3181 me
630 3124 899 3181 videlicet
936 3141 1042 3197 per
1078 3125 1279 3181 ﬁdem.
1335 3127 1625 3182 Praeterea
1663 3126 2042 3194 accumbeut,
2087 3127 2145 3183 id

2261 3130 2387 3199 πρός
2442 3145 2525 3197 με,
2610 3122 2704 3178 διὰ
2765 3131 3010 3186 πίστεως.
3077 3125 3543 3184 Ἀνακλιθήσονται
3602 3121 3678 3191 δὲ,
3744 3122 3871 3178 ἀντὶ

500 3218 611 3280 est,
640 3214 1029 3286 requiescant.
1062 3213 1367 3271 Abraham
1396 3230 1535 3271 vero
1575 3215 1636 3270 in
1661 3215 1925 3271 medium
1961 3215 2149 3272 addu-

496 3301 600 3371 xit,
618 3319 740 3375 quo
766 3302 1033 3359 maxime
1059 3304 1296 3359 Iudaeos
1322 3304 1640 3371 morderet,
1670 3304 2015 3376 adoptando
2043 3304 2152 3360 sci-

496 3389 629 3447 licet
660 3392 774 3463 ipsi
815 3391 1119 3447 Abraham
1164 3407 1264 3447 eos
1308 3392 1412 3464 qui
1469 3409 1503 3447 a
1532 3392 1811 3461 gentibus
1868 3394 2149 3464 procede-

500 3484 648 3535 rent.
673 3480 846 3537 Sinus
882 3480 1022 3536 item
1044 3479 1372 3547 Abraham,
1396 3479 1822 3553 dixitrequiem
1836 3496 1907 3537 ac
1924 3481 2147 3538 fruitio-

496 3584 624 3624 nem
635 3568 958 3640 justorum,
978 3572 1374 3641 mutuamque
1390 3569 1733 3626 societatem
1755 3573 1812 3627 et
1835 3586 2148 3628 conversa-

495 3657 741 3723 tionem,
781 3673 916 3729 quaa
936 3672 1187 3726 regnum
1208 3662 1298 3713 est
1323 3657 1633 3713 caelorum.

570 3744 716 3811 Quia
742 3750 941 3801 autem
966 3745 1092 3817 jam
1116 3744 1442 3802 credebant
1466 3745 1771 3803 Abraham
1796 3746 1857 3803 in
1889 3746 2147 3803 ineffabi-

497 3833 656 3890 libus
681 3833 897 3904 degere
912 3834 1108 3901 bonis,
1128 3850 1237 3906 pro
1262 3849 1449 3904 regno
1462 3835 1746 3892 calorum
1779 3835 1942 3891 sinus
1962 3836 2146 3893 Abra-

497 3922 641 3978 ham
669 3923 885 3993 posuit,
922 3926 1211 3995 tanquam
1241 3939 1368 3979 rem
1392 3924 1683 3979 notiorem
1706 3942 1722 3996 ;
1753 3923 1930 3980 simul
1965 3926 2144 3981 etiam

498 4027 574 4068 ne
603 4011 696 4067 his
725 4012 1055 4068 contrarius
1093 4028 1223 4069 esse
1250 4013 1561 4081 videretur,
1594 4014 1696 4086 qui
1724 4015 1783 4071 in
1824 4014 2012 4071 Veteri
2041 4017 2144 4070 Te-

499 4105 792 4157 stamento
818 4101 1090 4157 virtutem
1120 4101 1323 4158 sectati
1346 4108 1499 4157 sunt.
1534 4105 1681 4159 Nam
1710 4103 1813 4176 qui
1846 4103 2143 4160 Abraham

494 4190 576 4247 ita
604 4191 965 4258 honorabat,
998 4196 1064 4248 ut
1092 4190 1268 4247 etiam
1298 4192 1463 4247 sinus
1498 4192 1655 4248 illius
1685 4193 1949 4265 requiem
1982 4197 2145 4250 aeter-

494 4296 638 4337 nam
657 4281 1013 4348 nominaret,
1034 4284 1199 4338 omni
1214 4280 1563 4353 hujusmodi
1587 4282 1924 4356 suspicione
1943 4298 2145 4340 carere

495 4369 769 4427 debebat.

569 4458 816 4523 Quidam
848 4458 1051 4515 dicunt
1073 4459 1239 4531 quod
1266 4459 1420 4516 sicut
1447 4461 1728 4533 quaedam
1755 4459 2145 4532 profundiora
2174 4459 2220 4513 D
2322 4459 2483 4533 [Φασὶ

2257 3221 2368 3280 τοῦ,
2427 3215 2863 3269 Ἀναπαύσονται.
2919 3218 3017 3267 Τόν
3058 3213 3294 3287 Ἀϐραὰμ
3348 3211 3406 3267 δὲ
3466 3214 3538 3275 εἰς
3589 3216 3645 3264 τό
3703 3217 3873 3287 μέσον

2259 3307 2468 3374 ἤγαγεν,
2535 3304 2615 3354 ἱνα
2662 3302 2895 3375 μάλιστα
2932 3303 3240 3374 καθάψηται
3291 3312 3389 3355 τῶν
3449 3299 3742 3363 Ἰουδαίων,
3802 3305 3873 3364 ὡς

2258 3393 2501 3444 υἰοθετῶν
2530 3391 2670 3462 αὐτῷ
2710 3395 2825 3454 τοὺς
2860 3392 2915 3455 ἐξ
2971 3392 3143 3446 ἐθνῶν.
3180 3392 3413 3454 Κόλπους
3448 3388 3506 3444 δὲ
3535 3398 3625 3443 τοῦ
3666 3389 3873 3462 Ἀϐρα-

2259 3484 2331 3553 ὰμ
2389 3482 2645 3553 ὠνόμασε,
2698 3486 2818 3551 ⁵τὴν
2904 3480 3195 3534 ἀνάπαυσιν
3273 3484 3363 3534 καὶ
3417 3478 3701 3533 ἀπόλαυσιν
3759 3488 3870 3532 τῶν

2258 3567 2494 3637 δικαίων,
2563 3574 2653 3622 καὶ
2699 3574 2793 3629 τὴν
2846 3574 2969 3645 πρὸς
3036 3571 3225 3633 αὐτοὺς
3269 3572 3534 3623 κοινωνίαν
3592 3574 3680 3621 καὶ
3740 3587 3869 3621 συνο

2258 3656 2550 3730 διαγωγὴν,
2585 3661 2701 3721 ἣτις
2726 3658 2866 3712 ἐστὶν
2898 3662 2927 3718 ἡ
2964 3658 3210 3732 βασιλεία
3238 3668 3336 3711 τῶν
3358 3658 3604 3732 οὐρανῶν.

2328 3744 2542 3805 Ἐπειδὴ
2627 3750 2726 3822 γὰρ
2809 3746 3077 3801 ἐπίστευον
3156 3747 3203 3800 ἐν
3282 3747 3596 3823 ἀπορῥὴτοις
3646 3745 3871 3819 ἀγαθοῖς

2258 3834 2460 3909 διάγειν
2498 3840 2585 3890 τὸν
2652 3836 2908 3912 Ἀϐραὰμ,
2968 3837 3081 3891 ἀντὶ
3131 3837 3246 3910 (67)
3273 3840 3384 3899 ’τῆς
3444 3835 3707 3909 βασιλείας
3759 3845 3868 3888 τῶν

2256 3926 2501 3998 οὐρανῶν,
2564 3929 2685 3988 τοὺς
2734 3925 2954 3988 κόλπους
3011 3934 3101 3979 τοῦ
3154 3925 3393 4001 Ἀϐραὰμ
3439 3927 3611 3995 ἔθηκε,
3652 3921 3744 3977 διὰ
3804 3930 3869 3977 τὸ

2254 4020 2659 4091 γνωριμώτερον·
2722 4014 2832 4087 ἅμα
2885 4011 2943 4067 δὲ
2995 4019 3108 4081 καὶ,
3187 4016 3269 4066 ἵνα
3324 4019 3395 4087 μὴ
3440 4011 3569 4085 δόξῃ
3638 4012 3870 4075 ἐναντίος

2254 4112 2313 4176 τῇ
2348 4104 2547 4175 παλαιᾷ
2602 4103 2834 4175 πολιτεία
2890 4111 2989 4155 τῶν
3050 4103 3328 4177 φιλαρέτων
3396 4099 3620 4175 ἀνδρῶν,
3668 4101 3725 4153 Ὀ
3755 4104 3865 4176 γὰρ

2256 4195 2389 4245 οὕτω
2444 4193 2725 4265 θαυμάζων
2782 4196 2867 4244 τὸν
2927 4191 3181 4265 Ἀϐραὰμ,
3231 4195 3294 4253 ὡς
3350 4196 3439 4244 καὶ
3485 4194 3604 4253 τοὺς
3664 4189 3866 4243 ἐκείνου

2255 4282 2493 4346 κόλπους,
2554 4280 2845 4333 ἀνάπαυσιν
2892 4280 3097 4334 αἰώνιον
3159 4279 3450 4354 ὀνομάζειν,
3506 4278 3653 4341 ἐκτὸς
3712 4283 3865 4350 γίνε-

2253 4391 2340 4423 ται
2368 4373 2617 4430 τοιαύτης
2637 4370 2902 4431 ὑπονοίας.

2566 4460 2677 4529 (68)
2731 4455 2791 4511 δέ
2854 4477 3001 4525 τινες,
3058 4459 3138 4511 ὅτι
3184 4460 3416 4531 καθάπερ
3484 4459 3601 4510 τινὰ
3654 4454 3863 4526 πελάγη

1711 4637 1936 4707 Variae
1974 4637 2302 4707 lectiones
2333 4646 2397 4705 et
2436 4645 2638 4703 notae.

565 4832 675 4901 (66)
700 4836 793 4892 τῆς
818 4830 1030 4887 omittit
1058 4834 1123 4887 A.

569 4902 678 4974 (67)
693 4903 911 4975 Parum
924 4903 1019 4975 hic
1038 4905 1294 4958 attentus
1316 4901 1423 4959 fuit
1443 4902 1784 4975 Euthymius
1815 4903 1892 4960 ad
1917 4908 2141 4961 textum

495 4973 817 5046 Evangelii,
837 4974 943 5046 sed
962 4977 1119 5028 totus
1142 4975 1447 5046 pendetex
1480 4973 1923 5046 Chrysostomo,
1958 4990 2140 5046 quem

495 4989 817 5056 Evangelii,
837 4989 943 5028 sea
962 4989 1360 5098 torusgienaet
1376 4990 1447 5029 ex
1480 4989 1923 5057 unrysostomo,
1958 4990 2140 5058 quem

492 5047 625 5101 vide
679 5052 736 5116 t.
775 5045 888 5109 VII,
945 5062 998 5116 ρ.
1058 5048 1126 5099 20
1171 5088 1182 5099 .
1241 5046 1303 5103 C.
1355 5046 1477 5101 361.
1539 5048 1691 5112 Quin
1760 5064 1881 5102 imo
1928 5051 2142 5103 omittit

492 5118 674 5190 etiam
727 5114 1183 5190 ’Iqaa‘cx,"laxd)6,
1239 5133 1377 5190 qua
1423 5125 1645 5190 tamen
1677 5116 2141 5190 Chrysostomus

490 5188 687 5260 habet.
726 5188 1209 5260 _Chry_sostomus
1264 5188 1337 5245 ad
1400 5204 1461 5244 se
1524 5189 1679 5244 redit
1744 5188 1806 5260 ρ.
1858 5189 1982 5254 315,
2038 5188 2141 5244 ubi

495 5258 691 5339 solum
718 5257 765 5339 iv
789 5257 1017 5339 τῇροισ.
1056 5279 1102 5313 τ.
1130 5259 1361 5339 οὐρανων
1400 5260 1634 5339 omittit.
1670 5257 2140 5339 Thfeophylactus

492 5329 555 5384 in
626 5334 789 5385 textu
826 5329 979 5387 nihil
1016 5329 1226 5385 mutat.
1287 5333 1351 5384 In
1392 5331 1617 5387 scholio
1663 5329 1859 5386 autem
1896 5329 1970 5386 de
2012 5330 2141 5386 solo

494 5398 837 5472 Abrahamo
858 5402 1002 5457 dicit
1020 5418 1080 5471 p.
1114 5402 1202 5457 43.
1239 5401 1564 5471 Vulgatum
1591 5403 1757 5458 etiam
1782 5402 2142 5472 propagavit

495 5468 739 5555 εγω).
790 5472 881 5535 1V,
931 5488 986 5543 p.
1021 5468 1164 5527 14-0.
1230 5468 1469 5528 omissis
1526 5480 1726 5529 tamen
1769 5468 1819 5524 ἐν
1875 5468 1937 5544 τῇ
2087 5492 2137 5528 τ.

495 5558 737 5600 ουρανων.
797 5542 1112 5600 Quomodo
1154 5548 1349 5599 autem
1399 5545 1867 5600 Cherostomus
1908 5546 1981 5600 de
2007 5548 2137 5600 atus

491 5542 737 5615 οὐρανῷν.
797 5542 1112 5615 Quomodo
1154 5548 1349 5599 autem
1399 5545 1867 5615 Chrysostomus
1908 5542 2140 5601 delatus

495 5609 601 5677 est.
638 5609 704 5669 εἰς
778 5614 895 5672 τοὺς
962 5613 1179 5675 κόλπους
1238 5624 1329 5667 τοῦ
1405 5609 1698 5689 Ἅϐραᾶμῗ
1765 5614 1989 5672 Scilicet
2036 5632 2142 5688 per

2251 4834 2421 4889 Lucae
2451 4832 2757 4888 Lazarum.
2792 4832 2939 4887 Nam
2973 4844 3116 4902 pag.
3156 4831 3280 4896 209,
3306 4828 3409 4902 ubi
3442 4828 3707 4902 primum
3726 4828 3868 4902 haec

2248 4908 2482 4969 tractat,
2514 4909 2835 4974 utrumque
2861 4900 3061 4974 locum
3082 4900 3292 4974 junxit,
3328 4900 3491 4974 hunc
3522 4900 3769 4956 Matthaei
3800 4905 3869 4974 et

2251 4976 2421 5030 Lucae
2450 4991 2568 5039 xvx,
2596 4978 2683 5029 22.
2711 4971 2979 5028 Haerebat
3000 4971 3141 5042 ergo
3173 4971 3371 5028 adhuc
3395 4971 3448 5026 ei
3474 4972 3534 5027 in
3564 4972 3868 5042 memoria

2250 5044 2413 5101 locus
2461 5048 2646 5101 Lucas.
2682 5047 2829 5101 Nam
2888 5041 3174 5099 correctio
3212 5059 3272 5114 p.
3306 5046 3430 5107 315,
3463 5042 3629 5098 haud
3674 5041 3867 5114 dubie

2251 5116 2520 5194 profecta
2544 5121 2632 5194 est
2654 5131 2689 5172 a
2712 5115 2940 5194 scribis,
2965 5113 3655 5194 calamoiexcipientibus
3678 5113 3869 5194 thy-

2252 5183 2501 5243 sostomi
2527 5187 2778 5243 dicentis
2800 5186 3004 5243 verba.
3036 5185 3337 5244 Scholium
3360 5183 3767 5257 Anepigraphi
3794 5183 3868 5241 in

2250 5259 2557 5315 codicibus
2588 5257 3063 5330 Mosquensibus,
3087 5257 3251 5330 quod
3273 5255 3509 5330 incipit,
3525 5255 3728 5330 Πολλοὶ,
3763 5274 3871 5327 φη-

2253 5336 2356 5397 σὶν,
2402 5332 2490 5397 ὡς,
2554 5328 2753 5386 servat
2795 5328 3121 5398 vulgatam
3170 5328 3484 5384 lectionem
3540 5328 3865 5399 integram.

2251 5403 2437 5457 Etiam
2469 5401 2751 5473 Origenes
2781 5399 2867 5464 IV,
2912 5415 2969 5471 p.
2996 5402 3127 5473 210,
3170 5403 3294 5473 258.

2320 5474 2433 5544 (68)
2465 5469 2699 5544 Inclusa
2725 5471 2785 5544 in
2818 5469 3087 5544 margine
3111 5470 3295 5544 habet
3324 5472 3388 5525 A.
3419 5469 3742 5527 Hentenius
3767 5483 3866 5526 ea-

2248 5540 2387 5601 dem
2415 5540 2481 5600 in
2505 5542 2801 5616 principio
2832 5540 3040 5598 scholii
3062 5540 3319 5599 exhibet.
