4098 6400
193 318 287 374 285

194 453 281 497 τῶν
328 442 637 516 θαλασσῶν,
706 445 899 501 κόλποι
941 444 1137 501 τοιοίδε
1176 451 1206 507 ἤ
1243 445 1440 502 τοιοίδε
1500 448 1808 521 ὠνομάσθη·
1838 450 1884 503 Α

199 554 287 587 σαν
316 548 331 564 ·
373 534 539 596 οὕτως
584 536 695 610 ἄρα
742 541 837 589 καὶ
871 539 939 589 τὰ
984 536 1180 609 πελάγη
1219 545 1318 589 τῶν
1365 535 1717 603 ἀπολαύσεων,
1761 536 1809 590 ἐν

200 625 278 685 αἶς
320 621 458 675 ἔστιν
505 626 530 675 6
583 623 857 699 Ἀϐραὰμ,
908 624 1091 678 κόλποι
1132 622 1223 678 τοῦ
1281 625 1525 699 Ἀϐραὰμ
1583 625 1808 685 ἐκλήθη-

201 732 318 764 σαν.
380 712 468 775 Ὠς
514 712 909 788 ἑπισημοτέρου
970 711 1030 768 δὲ
1086 715 1288 767 πάντων
1356 714 1479 790 παρ’
1549 714 1811 790 Ἑϐραίοις

196 806 345 863 ὄντος
412 809 505 853 τοῦ
564 800 833 876 ’Δϐραὸιμ,
892 799 1070 864 ἰδιιιῶς
1134 810 1225 856 τοῦ
1298 802 1538 879 Ἀϐραὰμ.
1600 807 1810 865 τούτους

199 891 486 962 ὠνόμασεν.
519 888 542 964 ]

268 981 335 1030 Oi
385 976 447 1032 δε
493 981 595 1031 οἱοὶ
642 1010 712 1020 —
762 976 1014 1035 ὀδόντων.
1069 980 1369 1033 Βασιλλείαν
1412 988 1521 1047 νῦν,
1555 984 1642 1034 τὸν
1681 985 1809 1035 Θεὸν

196 1076 409 1140 νοοῦμεν
438 1084 451 1097 ³
483 1070 629 1130 υἱοὺς
670 1065 731 1121 δε
761 1069 943 1137 αὑτοῦ,
987 1072 1109 1130 τοὺς
1150 1069 1496 1143 Ἰσραηλίτας.
1537 1075 1656 1132 Υίὸς
1684 1074 1808 1144 γὰρ,

199 1162 354 1230 φησὶ,
402 1162 740 1232 πρωτότοκος
787 1177 887 1231 μου
944 1158 1175 1233 Ἰσραήλ.
1230 1158 1298 1211 Ἠ
1359 1158 1633 1232 βασιλείαν
1696 1164 1809 1230 μὲν,

197 1251 290 1305 τὴν
336 1246 546 1298 αἰώνιον
592 1245 927 1300 ἀνάπαυσιν·
961 1249 1101 1308 υἱοὺς
1136 1244 1195 1300 δὲ
1242 1247 1424 1320 αὐτῆς,
1474 1256 1564 1300 νῦν
1610 1248 1813 1307 κληθῆ-

199 1355 285 1386 ναι
316 1339 441 1396 τοὺς
489 1332 803 1403 Ἰουδαίους,
856 1338 926 1397 ὡς
953 1333 1360 1411 προσδοκῶντας
1402 1345 1577 1399 τοῦτο,
1623 1333 1717 1390 διὰ
1754 1340 1812 1389 τὸ

203 1420 335 1476 εἶναι
382 1428 598 1497 σπέρμα
645 1432 738 1477 τοῦ
782 1424 1039 1499 Ἀϐραάμ.
1092 1428 1156 1479 Oi
1188 1422 1456 1487 δοκοῦντες
1502 1423 1578 1497 δε,
1632 1431 1809 1497 φησὶν,

204 1509 336 1565 εἶναι
388 1514 501 1565 υἱοὶ
566 1522 665 1575 τῆς
723 1512 1018 1587 βασιλείας,
1075 1513 1486 1573 ἐκϐληθήσονται
1561 1511 1653 1567 διὰ
1720 1519 1813 1573 τὴν

202 1600 459 1653 ἀπιστίαν
510 1601 703 1657 αὐτῶν.
756 1606 827 1655 Τὸ
887 1598 947 1655 δε
1003 1602 1476 1666 Ἐκϐληθήσονται,
1537 1601 1651 1655 ἀντὶ
1698 1610 1812 1671 τοῦ,

204 1690 679 1749 ’Δπελαθήσονται.
732 1694 915 1752 Σκότος
969 1688 1028 1744 δε
1073 1694 1131 1744 τὸ
1185 1690 1447 1766 ἆξώτερον,
1494 1696 1647 1753 τόπος
1700 1691 1813 1744 ἐστὶ

200 1780 469 1841 κολάσεως
508 1780 858 1851 χαλεπωτάτη
870 1799 916 1841 ς.

274 1874 456 1920 ταῦτα
514 1864 576 1920 ονε
628 1869 735 1921 εἶπε
781 1868 1137 1921 καταστίλλων
1190 1871 1280 1941 μεν
1337 1873 1427 1921 καὶ
1497 1873 1584 1921 τὸν
1656 1876 1813 1940 τῦφον

206 1964 309 2007 τῶν
360 1953 654 2026 Ἰουδαίων,
716 1956 1159 2029 ἀλαζονευομένων
1217 1956 1300 2009 ἐπὶ
1372 1966 1442 2028 τῷ
1492 1957 1620 2009 εἶναι
1670 1962 1814 2029 γένος

202 2052 293 2096 τοῦ
331 2043 608 2118 ’Δϐραοίμ·
654 2054 966 2119 παρηγορῶν
1018 2042 1075 2098 δε
1118 2051 1206 2097 καὶ
1249 2048 1370 2107 τοὺς
1411 2044 1463 2108 ἕξ
1508 2045 1682 2109 ἐθνῶν,
1726 2048 1814 2097 καὶ

202 2138 331 2206 πρὸς
380 2139 476 2191 τὴν
526 2134 594 2194 εἰς
644 2134 798 2185 αὐτὸν
840 2138 1020 2186 πίστιν
1068 2132 1411 2206 ἐφελκόμενος.
1471 2133 1814 2186 Ἠκολούθουν

201 2224 304 2295 ’γὰρ
368 2222 516 2291 αὐτῷ
570 2222 749 2274 πολλοὶ
806 2228 896 2274 καὶ
954 2221 1053 2274 ἀπὸ
1099 2231 1197 2274 τῶν
1259 2222 1313 2285 ἐξ
1372 2221 1547 2286 ἐθνῶν,
1602 2219 1693 2274 διὰ
1751 2226 1816 2275 τὰ

205 2317 424 2382 σημεῖα.
486 2315 588 2364 Καὶ
632 2313 836 2371 τούτοις
884 2308 964 2378 δε,
1019 2309 1273 2373 κάκείνοις
1322 2311 1493 2364 πλέκει
1538 2316 1632 2370 τὴν
1686 2312 1815 2384 ὠφέ-

202 2399 362 2465 λειαν,
437 2400 524 2451 ἶνα
602 2404 734 2471 μήτε
809 2399 955 2452 οὗτοι
1036 2399 1296 2475 θαρρῶσιν
1376 2400 1608 2467 ἑστῶτες,
1684 2404 1815 2472 μήτε

204 2486 391 2541 ἐκεῖνοι
419 2487 884 2560 ἀπογινώσκουσιν,
914 2491 981 2552 ὡς
1010 2494 1253 2561 κείμενοι.

274 2582 559 2649 Θεὼρησον
605 2573 687 2646 δὲ,
729 2579 811 2630 ὅτι
854 2578 880 2629 6
919 2580 1010 2650 μεν
1062 2577 1444 2650 ἑκατόνταρχος
1490 2577 1639 2649 λόγον
1688 2576 1815 2638 ἐζή-

206 2683 400 2723 τησεν’
459 2668 489 2717 6
538 2662 599 2719 δί
644 2666 846 2737 λεπρὸς,
908 2666 1101 2738 θέλημα
1153 2672 1327 2736 μόνον,
1378 2667 1403 2719 6
1460 2667 1638 2739 μεῖζὸν
1677 2664 1815 2718 ἐστιν

205 2754 279 2815 εἰς
306 2760 514 2808 πίστιν.
566 2760 687 2817 Πῶς
734 2752 823 2807 οὖν
868 2752 1175 2827 ἐθαυμάσθη
1216 2755 1406 2827 μᾶλλον
1437 2756 1462 2808 6
1509 2754 1817 2826 ἑκατόνταρ-

204 2862 342 2914 χος;
385 2849 533 2896 Διότι
574 2845 603 2895 6
644 2846 735 2914 μεν
777 2843 983 2917 λεπρὸς,
1030 2840 1287 2904 Ἰουδαῖος
1330 2845 1419 2913 ὢν,
1469 2846 1708 2915 ἔμπειρος
1754 2838 1815 2900 ἧν

206 2940 303 2984 τῶν
364 2937 483 3004 περὶ
554 2940 647 2984 τοῦ
706 2940 941 3006 Χριστοῦ
1016 2942 1391 3006 μαρτυρουσῶν
1451 2931 1665 3004 βίϐλων,
1723 2936 1813 2983 καὶ

208 3021 397 3077 πολλὴν
429 3020 659 3073 ἐντεῦθεν
697 3019 837 3093 εἶχεν
885 3020 1153 3094 εὐχέρειαν
1204 3022 1274 3082 εἰς
1322 3025 1380 3073 τὸ
1432 3029 1752 3074 πιστεῦσαι·
1789 3022 1815 3072 6

208 3107 263 3161 δε
317 3110 729 3183 ἑκατόνταρχος,
787 3108 986 3170 ἐθνικὸς
1042 3111 1318 3184 ὑπάρχων,
1373 3110 1632 3171 παντελῶς
1683 3108 1813 3181 ἀμύ-

214 3159 259 3161 -“
321 3159 729 3183 ⁷““”““⁷““Γ1ν“¹τ
792 3159 985 3170 ῨἽ⁷Π“¹
1050 3159 1318 3184 ”⁷’ΔἸΗΠ⁷³
1378 3159 1527 3163 ⁷⁷⁷““’
1572 3159 1632 3171 ⁷⁷³
1690 3159 1725 3181 ⁷1

207 3219 327 3261 ητος
384 3203 583 3251 τούτων
643 3195 723 3269 ἧν,
782 3204 870 3251 καὶ
933 3195 1222 3272 οὐδαμόθεν
1276 3198 1483 3252 ἄλλοθεν
1555 3195 1812 3269 ὼδησγὴθη
1849 3159 1890 3216 C

205 3292 335 3360 πρὸς
380 3293 479 3345 τήν
525 3292 727 3356 πίστιν,
779 3288 809 3346 ἢ
861 3286 963 3339 ἀπὸ
1017 3292 1180 3360 μόνης
1225 3294 1433 3361 γνώμης
1485 3287 1669 3363 ὀρθῆς.
1728 3292 1815 3340 Διὸ

206 3384 293 3429 καὶ
341 3378 627 3448 ὑπερετίθη
685 3384 785 3427 τῶν
835 3380 1225 3429 πιστευσάντων
1283 3376 1336 3440 ἐξ
1388 3376 1622 3450 Ἰσραήλ.
1674 3376 1817 3429 Ἐπεὶ

208 3463 264 3518 δε
300 3470 361 3517 τὸ
391 3472 516 3539 περὶ
556 3474 653 3526 τῆς
696 3464 1087 3537 ἀντεισαγωγῆς
1129 3476 1227 3517 τῶν
1277 3465 1332 3529 ἐξ
1370 3465 1522 3518 ἐθνῶν
1562 3470 1651 3518 καὶ
1682 3464 1816 3518 ἁπο-

206 3554 365 3615 εολῆς
412 3563 516 3607 τῶν
548 3551 840 3621 Ἰουδαίων,
890 3553 1153 3626 ἀπόφασις
1184 3552 1263 3622 ἦν,
1311 3553 1517 3628 βεϐαιοῖ
1545 3564 1693 3607 τοῦτο
1726 3552 1820 3607 διὰ

209 3649 456 3715 σημείου.
487 3647 674 3695 Σκόπει
701 3645 827 3714 γάρ.

277 3737 381 3787 Καὶ
437 3728 577 3784 εἶπεν
633 3762 701 3771 -
750 3750 854 3785 σοι.
922 3728 1154 3794 Ἐδειξεν
1207 3733 1234 3784 6
1291 3736 1513 3805 Χριστὸς
1567 3732 1815 3801 ἐντεῦθεν,

207 3824 282 3873 ὃτι
369 3819 580 3892 μεγάλα
661 3819 1007 3892 συμϐαλλεται
1084 3823 1215 3893 πρὸς
1292 3823 1714 3894 θαυματουργίαν
1783 3824 1813 3880 ἠ

208 3916 388 3972 πίστις
438 3916 533 3962 τοῦ
587 3905 830 3981 δεομένου
897 3908 1085 3971 αὐτῆς,
1141 3909 1225 3970 Ὠς
1277 3908 1607 3978 ἐπίστευσας,
1664 3917 1813 3983 φησὶ,

205 4000 598 4070 γενηθήτωσοι,
650 4002 940 4064 τουτέστιν,
1005 4003 1225 4071 Επείπερ
1272 3997 1601 4068 ἐπίστευσας,
1656 3996 1817 4052 δύνα-

210 4091 336 4140 σθαί
378 4107 467 4159 με,
514 4091 604 4138 καὶ
648 4090 717 4145 μὴ
770 4086 982 4139 ἐλθόντα
1033 4088 1105 4149 εἰς
1161 4091 1246 4139 τὸν
1304 4084 1442 4140 οἶκόν
1490 4107 1605 4156 σου,
1668 4090 1819 4161 θερα-

207 4185 403 4229 πεῦσαι
434 4178 527 4229 τόν
558 4177 859 4247 πάσχοντα,
887 4178 1157 4247 γενηθήτω
1183 4176 1364 4239 οὕτως.

284 4271 385 4319 Καὶ
460 4264 583 4321 ἰάθη
646 4295 711 4306 -
782 4263 967 4338 εκείνη.
1051 4263 1252 4339 Ὠσπερ
1319 4263 1400 4318 ἐπὶ
1478 4274 1570 4319 τοῦ
1629 4266 1819 4341 λεπροῦ

208 4352 344 4407 εἶπεν
394 4356 422 4405 6
471 4353 858 4425 εὐαγγελιστής,
905 4356 985 4406 ὅτι
1037 4354 1224 4415 εὐθέως
1270 4353 1593 4427 ἐκαθαρίσθη
1623 4371 1634 4385 ·
1684 4355 1819 4408 οὕτω

206 4450 294 4496 καὶ
320 4451 432 4514 νῦν,
483 4444 563 4494 ὃτι
607 4443 727 4499 ἰάθη
758 4441 806 4494 ἕν
852 4450 914 4514 τῇ
948 4445 1059 4519 ὥρᾳ
1092 4442 1283 4515 ἐκείνη.
1337 4446 1515 4499 Ταῦτα
1546 4440 1605 4496 δε
1650 4464 1819 4517 προσ-

207 4536 411 4601 έθηκεν,
477 4530 549 4591 εἰς
604 4530 824 4593 αὔξησιν
867 4540 964 4583 τῶν
1024 4534 1321 4603 θαυμάτων.
1383 4532 1457 4583 Οὐ
1508 4537 1660 4605 μόνον
1716 4535 1817 4608 ’γὰρ

208 4618 363 4672 ὶτεῖει
425 4615 731 4689 παράδοξα,
801 4618 928 4671 ἀλλὰ
994 4626 1082 4672 καὶ
1130 4620 1178 4672 ἓν
1241 4619 1557 4694 βραχυτάτῃ
1632 4629 1818 4695 καιροῦ

209 4710 341 4781 ῥοπῇ
374 4714 470 4766 τήν
500 4708 696 4760 οἰκείαν
734 4703 957 4780 δύναμιν
995 4705 1346 4761 ἐπεδείκνυτο.
1390 4714 1527 4763 Φασὶ
1561 4706 1619 4762 δε
1662 4729 1813 4775 τινες,

212 4798 380 4868 ἕτερον
438 4792 573 4849 εἶναι
630 4798 716 4849 τὸν
786 4796 1168 4869 ἑκατόνταρχον
1216 4805 1419 4867 τοῦτον,
1493 4803 1582 4850 καὶ
1650 4800 1816 4871 ἕτερον

212 4892 293 4937 τὸν
324 4888 474 4957 παρὰ
507 4894 581 4957 τῷ
631 4892 813 4957 Λουκᾴ
843 4886 955 4958 (69)
986 4890 1447 4959 μνημονευόμενον.
1489 4890 1686 4940 Τούτου
1726 4890 1817 4959 μὲν

280 5065 325 5101 ’⁸
354 5065 542 5122 Exod.
574 5079 655 5131 ιν,
691 5066 783 5120 22.
901 5063 945 5099 ⁶¹
979 5062 1117 5119 Luc.
1149 5077 1251 5128 vu,
1283 5067 1315 5119 2
1345 5078 1521 5136 seqq.

1184 322 1555 381 COMMENT.
1596 322 1668 378 IN
1711 321 2150 381 MATTHIEUM.
2182 352 2251 364 —
2283 321 2446 380 CAP.
2485 321 2639 380 VIII.

1846 1800 1891 1854 Β

3469 322 3577 378 286

1919 448 2106 506 maris
2134 448 2288 514 loca,
2333 452 2435 505 aut
2478 464 2657 504 curva
2689 447 2888 505 littora
2926 447 3071 505 tales
3110 445 3203 504 vel
3233 446 3381 504 tales
3411 447 3577 504 sinus

1921 538 2205 611 appellati
2225 542 2363 594 sunt
2390 554 2403 592 :
2427 538 2509 594 ita
2539 553 2682 594 sane
2712 542 2768 593 et
2792 537 2978 594 abditi
3004 537 3349 593 fruitionum
3374 552 3577 593 reces-

1920 644 2044 699 sus,
2078 630 2139 683 in
2168 626 2390 698 quibus
2421 632 2510 683 est
2539 627 2867 693 Abraham,
2902 626 3067 682 sinus
3096 626 3399 683 Abraham
3433 626 3576 683 dicti

1919 724 2075 772 sunt.
2107 719 2254 774 Nam
2284 716 2427 789 quia
2457 715 2749 787 insignior
2780 719 2906 772 erat
2934 716 3238 772 Abraham
3268 716 3433 787 apud
3466 720 3574 771 He-

1916 804 2130 869 brmos,
2158 804 2293 861 ideo
2314 821 2415 861 eos
2432 805 2672 877 proprie
2693 804 2880 877 ipsius
2900 804 3203 861 Abraham
3222 804 3572 860 nominavit.

1990 896 2153 951 Vers.
2190 895 2277 949 12.
2304 895 2449 951 Filii
2475 902 2673 951 autem
2703 926 2771 935 —
2796 895 3077 951 dentium.
3115 896 3382 967 Regnum
3413 908 3576 950 nunc

1921 986 2108 1040 Deum
2149 983 2532 1055 intelligimus
2574 1000 2587 1039 :
2630 983 2779 1039 ﬁlios
2826 988 3025 1039 autem
3074 984 3224 1054 ejus,
3263 983 3570 1039 Israelitas.

1920 1074 2136 1139 Filius,
2179 1072 2391 1145 inquit,
2435 1072 2867 1144 primogenitus
2904 1088 3056 1128 meus
3091 1072 3283 1129 Israel
3322 1074 3403 1139 ⁵ος
3458 1071 3573 1138 vel,

1921 1177 2175 1232 regnum
2225 1161 2492 1234 quidem,
2543 1165 2828 1218 aeternam
2872 1162 3182 1234 requiem:
3241 1160 3395 1217 ﬁlios
3432 1175 3576 1217 vero

1923 1251 2055 1322 ejus
2082 1250 2285 1306 vocari
2310 1265 2472 1306 nunc
2492 1249 2749 1317 Judaaos,
2774 1254 3063 1323 tanquam
3084 1250 3199 1305 hoc
3225 1249 3580 1306 existiman-

1902 1343 2009 1395 tes
2039 1339 2185 1411 (gg),
2217 1354 2289 1395 eo
2316 1338 2483 1411 quod
2512 1354 2719 1396 semen
2743 1343 2944 1395 essent
2966 1338 3287 1394 Abraham.
3323 1337 3451 1404 Qui,
3487 1338 3577 1393 in-

1922 1428 2072 1501 quit,
2130 1443 2257 1483 sese
2313 1432 2526 1500 putant
2573 1442 2705 1483 esse
2758 1426 2932 1492 ﬁlios,
2986 1428 3285 1498 ejicientur
3336 1430 3579 1498 propter

1924 1533 2097 1574 suam
2124 1516 2613 1573 incredulitatem.
2640 1517 2982 1587 Ejicientur
3005 1520 3227 1583 autem,
3260 1514 3433 1580 idest,
3466 1517 3578 1570 Ex-

1922 1605 2239 1679 pellentur.
2314 1605 2591 1662 Tenebrae
2644 1620 2787 1662 vero
2853 1605 3189 1672 exteriores,
3261 1604 3429 1661 locus
3492 1606 3580 1661 est

1924 1693 2197 1767 supplicii
2226 1693 2613 1750 miserrimus.

1926 1872 2059 1925 Haec
2097 1873 2297 1925 autem
2329 1868 2494 1935 dixit,
2526 1868 2749 1925 fastum
2788 1868 3194 1941 comprimens
3232 1867 3580 1925 Judaeorum

1923 1957 2029 2029 qui
2051 1972 2183 2012 sese
2195 1956 2522 2028 jactabant,
2542 1956 2708 2029 quod
2725 1972 2755 2012 e
2778 1971 2993 2027 genere
3011 1961 3211 2013 essent
3228 1956 3533 2012 Abraham
3562 1973 3577 2012 :

1924 2051 1982 2104 et
2005 2045 2320 2103 consolans
2357 2061 2459 2101 eos
2500 2045 2605 2117 qui
2642 2061 2673 2100 e
2702 2046 2980 2115 gentibus
3023 2049 3213 2111 erant,
3255 2045 3582 2101 attrahens-

1924 2152 2041 2209 que
2081 2137 2153 2190 ad
2196 2150 2367 2190 suam
2405 2133 2609 2189 ﬁdem.
2652 2137 2801 2189 Nam
2840 2133 3011 2189 multi
3055 2147 3293 2206 quoque
3332 2131 3582 2203 gentiles

1923 2229 2166 2297 propter
2198 2225 2372 2292 signa
2404 2222 2812 2294 sequebantur
2850 2237 3009 2277 eum.
3055 2224 3120 2276 Et
3156 2221 3244 2276 his
3284 2223 3484 2277 autem
3523 2224 3583 2276 et

1922 2313 2035 2370 illis
2094 2311 2407 2368 utilitatem
2472 2309 2856 2383 procurabat,
2918 2325 2995 2365 ne
3054 2309 3132 2365 illi
3190 2308 3577 2375 conﬁderent,

1922 2402 2099 2475 quasi
2129 2404 2370 2466 stantes,
2410 2414 2606 2471 neque
2636 2399 2693 2455 hi
2729 2399 3137 2470 desperarent,
3178 2397 3350 2469 quasi
3382 2397 3583 2468 jacen-

1923 2494 2029 2548 tes.

1995 2578 2315 2637 Considera
2337 2592 2480 2634 vero
2504 2576 2671 2650 quod
2695 2576 2961 2633 centurio
2985 2574 3239 2631 verbum
3265 2573 3532 2646 exposcit
3558 2590 3573 2629 :

1922 2668 2195 2742 leprosus
2234 2674 2436 2724 autem
2473 2666 2662 2722 solam
2694 2664 3087 2731 voluntatem,
3129 2662 3294 2737 quod
3334 2663 3578 2734 majoris

1924 2762 2011 2815 est
2030 2758 2191 2814 ﬁdei.
2216 2758 2409 2822 Quare
2434 2771 2576 2827 ergo
2602 2754 2795 2824 magis
2816 2752 3199 2811 admirationi
3222 2752 3464 2809 habitus
3488 2755 3581 2809 est

1925 2846 2228 2905 centurio?
2249 2845 2399 2909 Quia
2415 2846 2707 2917 leprosus,
2726 2860 2862 2899 cum
2886 2847 3037 2899 esset
3055 2842 3317 2908 Judaaus,
3331 2845 3580 2898 noverat

1922 2937 2121 3003 libros,
2149 2936 2252 3007 qui
2282 2936 2356 2990 de
2381 2934 2610 2989 Christo
2630 2932 3109 2997 testiﬁcabantur,
3138 2935 3196 2987 et
3224 2930 3363 2987 inde
3391 2930 3580 2987 multa

1922 3024 2205 3087 habebat,
2237 3022 2461 3095 quibus
2490 3020 2658 3077 facile
2686 3019 2764 3075 ad
2792 3019 2973 3074 ﬁdem
3007 3019 3401 3074 induceretur.
3434 3017 3578 3072 Cen-

1925 3114 2073 3170 turio
2102 3127 2241 3167 vero
2272 3127 2410 3166 cum
2441 3109 2711 3166 ethnicus
2751 3112 2926 3172 esset,
2971 3122 3008 3163 a
3037 3106 3203 3162 nullo
3234 3105 3472 3163 aliunde
3502 3105 3582 3161 ad

1924 3202 2106 3259 ﬁdem
2137 3199 2489 3264 ducebatur,
2522 3212 2709 3269 quam
2739 3212 2775 3253 a
2813 3195 2942 3252 sola
2976 3199 3135 3251 recta
3166 3199 3363 3251 mente
3396 3212 3408 3247 :
3441 3193 3581 3250 ideo

1926 3291 2104 3347 etiam
2130 3287 2484 3361 praepositus
2504 3290 2591 3342 est
2606 3284 2977 3342 credentibus
2993 3300 3064 3340 ex
3085 3282 3279 3341 Israel.
3303 3282 3451 3339 Cum
3478 3297 3583 3339 au-

1924 3385 2045 3437 tem
2074 3379 2147 3436 de
2173 3376 2609 3433 introductione
2636 3374 2902 3445 gentium
2931 3378 2988 3430 et
3012 3373 3330 3444 rejectione
3352 3372 3583 3428 Iudaeo-

1923 3485 2058 3524 rum
2088 3470 2243 3523 facta
2273 3467 2346 3522 sit
2375 3465 2618 3531 mentio,
2650 3462 2967 3521 conﬁrmat
2993 3463 3151 3520 hanc
3181 3478 3288 3535 per
3316 3461 3577 3533 signum.

1924 3557 2070 3614 Vide
2100 3571 2243 3627 ergo
2272 3554 2420 3629 quid
2447 3557 2755 3627 sequatur.

2000 3733 2169 3790 Vers.
2218 3736 2298 3788 l3.
2331 3732 2406 3787 Et
2437 3730 2519 3787 ait
2552 3760 2621 3771 —
2651 3730 2783 3786 tibi.
2825 3728 2975 3786 Hinc
3005 3729 3267 3787 ostendit
3293 3728 3583 3799 Christus,

1927 3823 2083 3898 quod
2118 3821 2441 3895 plurimum
2473 3818 2736 3875 conferat
2765 3818 2844 3875 ad
2872 3818 3145 3875 miraculi
3174 3818 3584 3891 operationem

1927 3913 2073 3968 ﬁdes
2103 3909 2477 3981 deprecantis
2506 3907 2658 3979 (ἡὴ).
2690 3907 2860 3963 Sicut
2889 3907 3212 3971 credidisti,
3241 3906 3455 3979 inquit,
3478 3908 3585 3975 ﬁat

1930 4002 2072 4068 tibi;
2112 3999 2227 4055 hoc
2261 4004 2370 4062 est,
2409 3997 2560 4062 Quia
2597 3995 2897 4052 credidisti
2936 4011 3032 4051 me
3073 4011 3255 4067 posse
3290 4000 3584 4065 aegrotum

1928 4104 2152 4154 curare,
2210 4086 2342 4143 licet
2397 4085 2649 4141 domum
2706 4088 2873 4140 tuam
2930 4098 3053 4141 non
3108 4082 3433 4153 ingrediar,
3503 4082 3585 4139 ita

1927 4179 2165 4322 ﬁgitfers.
2213 4267 2296 4320 t3.
2337 4263 2415 4318 Et
2455 4267 2699 4318 sanatus
2738 4290 2809 4302 —
2845 4260 2979 4316 illa.
3025 4258 3181 4314 Sicut
3225 4258 3301 4313 de
3341 4257 3583 4329 leproso

1929 4356 2071 4413 dixit
2092 4352 2478 4424 evangelista,
2505 4350 2671 4425 quod
2692 4349 3001 4407 confestim
3023 4348 3353 4405 mundatus
3375 4351 3478 4413 est,
3504 4348 3586 4404 ita

1930 4451 1985 4502 et
2015 4459 2175 4500 nunc
2205 4441 2370 4513 quod
2400 4444 2646 4497 sanatus
2677 4443 2764 4495 est
2802 4439 2861 4494 in
2893 4437 2993 4495 illa
3020 4438 3189 4495 hora.
3225 4440 3357 4493 Haec
3387 4441 3585 4493 autem

1929 4534 2003 4592 ad
2033 4536 2425 4601 augmentum
2452 4529 2684 4586 addidit
2712 4527 3162 4585 miraculorum.
3197 4529 3397 4599 Neque
3424 4526 3586 4583 enim

1928 4621 2124 4678 solum
2141 4618 2495 4677 admiranda
2517 4621 2796 4691 operatus
2822 4621 2931 4681 est,
2958 4616 3061 4672 sed
3086 4615 3265 4671 etiam
3289 4616 3350 4669 in
3367 4613 3588 4671 brevis-

1928 4710 2081 4766 simo
2105 4708 2389 4781 temporis
2419 4712 2725 4763 momento
2743 4721 2916 4761 suam
2934 4705 3363 4761 demonstravit
3382 4706 3587 4776 poten-

1927 4797 2095 4857 tiam.
2128 4796 2385 4862 Quidam
2412 4801 2605 4852 autem
2636 4794 2841 4851 dicunt
2875 4793 3058 4849 alium
3091 4807 3222 4848 eese
3251 4792 3413 4847 hunc
3443 4805 3587 4847 cen—

1926 4886 2244 4952 turionem,
2286 4890 2343 4942 et
2372 4884 2557 4942 alium
2603 4899 2741 4941 eum
2783 4882 2858 4940 de
2895 4898 3019 4955 quo
3063 4881 3226 4953 apud
3258 4880 3470 4937 Lucam
3502 4880 3576 4936 ⁸¹.

1461 5214 1689 5284 Variae
1720 5214 2049 5285 lectiones
2082 5224 2147 5282 et
2185 5222 2366 5283 notae

278 5366 381 5440 (69)
413 5372 505 5421 τοῦ
536 5369 743 5421 Λουκᾶ.
777 5363 849 5421 Δ.
890 5360 1219 5433 Utrumque
1248 5359 1451 5417 locum
1479 5358 1705 5417 habere
1732 5362 1949 5434 potest.

411 5549 879 5607 Existimanles.
912 5541 1352 5609 Exspectautes.

291 5567 362 5623 αθ
411 5549 879 5627 Existimant”.
912 5548 1352 5629 lgxspectautes.

271 5548 385 5697 illiti
416 5622 843 5696 Depreeantzs.
881 5620 1084 5683 Λυτης,
1111 5627 1149 5669 ι.
1180 5626 1232 5669 θ.
1254 5630 1348 5675 της
1377 5611 1819 5686 θαυματουργίας,

1930 5537 2182 5594 fortasse
2224 5536 2284 5592 in
2329 5551 2439 5593 suo
2477 5534 2681 5591 codice
2720 5547 2842 5589 non
2887 5530 3193 5586 invenerat
3232 5528 3590 5597 Hentenius,

1931 5608 2130 5667 Redde
2156 5609 2299 5679 ﬁdes
2338 5609 2481 5680 ejus,
2522 5606 2628 5679 qui
2666 5619 2735 5663 ea
2764 5602 3203 5677 (θαυματουργία)
3229 5607 3375 5674 eget.
