4098 6400
542 334 647 387 287

1856 329 2193 385 EUTHYMII
2234 327 2565 383 ZIGABENI

3772 330 3883 389 288

514 458 700 529 Hujus
732 456 1031 530 siquidem
1057 456 1216 513 ﬁlius
1248 460 1369 513 erat
1393 456 1775 529 paralyticus,
1805 456 1941 513 ilius
1971 459 2171 512 autem

2290 457 2408 527 γὰρ,
2465 462 2584 515 παῖς
2647 452 2707 513 ἧν
2779 452 3225 527 παραλελυμένος’
3280 451 3467 505 ἐκείνου
3519 450 3600 519 δὲ,
3670 451 3879 519 δοῦλος.

514 564 742 604 servus.
780 552 843 603 Et
870 548 967 603 hic
1007 548 1167 603 venit
1198 547 1275 603 ad
1306 549 1545 613 Jesum;
1579 546 1674 603 ille
1719 562 1861 605 vero
1908 548 2172 619 primum

513 638 760 710 quidem
792 637 955 693 misit
986 638 1246 692 seniores
1290 638 1650 701 Iudaeorum,
1698 637 1915 692 deinde
1946 637 2173 691 amicos

515 729 979 783 suos.Praeterea
1004 727 1110 782 iste
1136 743 1254 782 non
1281 727 1472 782 solum
1497 726 1557 781 in
1582 726 1831 781 domum
1853 742 2027 781 suam
2049 741 2172 781 non

511 816 744 873 vocavit
770 817 1089 881 Christum,
1115 817 1218 871 sed
1237 820 1292 871 et
1308 816 1505 871 venire
1525 815 1821 870 volentem
1845 814 2166 887 prohibuit.

512 906 610 962 Ille
642 910 841 962 autem
873 907 1135 977 primum
1180 905 1421 978 quidem
1468 921 1573 977 per
1608 905 1872 960 seniores
1917 903 2169 971 vocavit,

512 997 900 1068 postmodum
932 1012 1071 1051 vero
1110 1012 1217 1067 per
1254 995 1482 1050 amicos
1523 994 1851 1067 prohibuit.
1888 994 2034 1049 Cum
2067 1008 2171 1049 au-

512 1090 633 1142 tem
663 1084 1015 1155 hujusmodi
1055 1084 1238 1139 insint
1262 1084 1657 1148 diversitates,
1703 1083 1997 1139 accedunt
2026 1099 2172 1154 quo-

513 1189 630 1245 que
644 1178 698 1229 et
716 1173 912 1228 multae
932 1173 1367 1228 similitudines.
1385 1174 1580 1228 Ambo
1596 1174 1753 1228 enim
1770 1172 2169 1235 centuriones,

514 1266 569 1317 et
591 1264 963 1333 Capernaum
986 1266 1451 1325 commorantes,
1475 1266 1529 1316 et
1551 1278 1658 1333 pro
1681 1261 2009 1333 paralytico
2030 1276 2171 1317 mua-

511 1355 706 1405 rentes
721 1350 941 1415 animo,
959 1351 1357 1421 eamdemque
1379 1350 1557 1404 ﬁdem
1575 1351 1693 1404 suis
1710 1349 1908 1405 verbis
1928 1349 2173 1404 demon-

516 1442 789 1503 strantes,
834 1442 888 1492 et
928 1438 1145 1509 aequali
1193 1437 1476 1492 beneﬁcio
1530 1436 1744 1493 affecti.
1790 1437 1933 1492 Dicit
1972 1441 2173 1493 autem

516 1527 983 1598 Chrysostomus
1008 1526 1291 1581 eumdem
1318 1542 1443 1581 esse
1472 1530 1528 1581 et
1557 1528 1718 1596 apud
1746 1526 2091 1581 Matthteum
2118 1530 2175 1581 et

516 1615 680 1688 apud
722 1618 964 1671 Lucam.
1023 1615 1331 1687 Siquidem
1388 1614 1579 1669 Lucas
1631 1614 1946 1683 diligentiae
1986 1630 2173 1671 causa

516 1706 721 1761 omnia
751 1702 1043 1758 minutula
1073 1707 1386 1757 exsecutus
1424 1709 1532 1766 est,
1569 1705 1776 1773 praeter
1805 1701 2172 1757 centurionis

3586 542 3775 605 ἐκεῖνος
3822 542 3885 598 δὲ

2572 640 2773 707 πρῶτον
2832 635 2920 703 μὲν
2986 630 3362 705 πρεσϐυτέρους
3427 640 3525 681 τῶν
3585 630 3884 701 Ἰουδαίων,

2284 549 2384 596 Καὶ
2438 544 2586 605 οὗτος
2643 547 2731 615 μὲν
2776 540 2896 601 ἦλθε
2945 546 3067 616 πρὸς
3123 544 3209 593 τόν
3263 547 3491 616 Χριστόν
3524 559 3536 572 ·

2282 632 2493 704 ἔπεμψε,

2283 720 2392 773 εἶτα
2433 721 2609 793 φίλους
2641 722 2816 772 αὐτοῦ.
2872 726 2971 772 Καὶ
3002 716 3145 780 οὗτος
3171 723 3259 792 μεν
3309 721 3367 771 ού
3412 724 3563 792 μόνον
3612 721 3705 771 ούκ
3754 719 3883 772 ἐκά-

2281 810 2395 862 λεσε
2442 814 2527 862 τόν
2582 814 2809 884 Χριστόν
2870 810 2941 870 εἰς
2992 814 3083 867 τὴν
3136 809 3319 861 ἑαυτοῦ
3368 809 3558 877 οἰκίαν,
3610 809 3738 862 ἀλλὰ
3789 814 3886 863 καὶ

2284 898 2591 971 βουλόμενον
2646 899 2801 952 ἐλθεῖν
2857 897 3108 950 ἐκώλυσεν
3138 915 3149 928 ·
3190 898 3373 959 ἐκεῖνος
3425 895 3483 951 δὲ
3536 906 3738 970 πρῶτον
3786 903 3884 972 μὲν

2282 987 2515 1041 ἐκάλεσεν
2563 988 2717 1040 αὐτὸν
2767 984 2861 1039 διὰ
2907 996 3003 1039 τῶν
3052 986 3427 1062 πρεσϐυτέρων,
3472 984 3582 1039 εἶτα
3634 984 3728 1041 διὰ
3780 998 3885 1041 τῶν

2283 1077 2436 1149 φίλων
2470 1076 2739 1129 ἐκώλυσεν.
2776 1077 3022 1149 Ἔχοντες
3052 1073 3110 1129 δὲ
3140 1079 3385 1137 τοιαύτας
3426 1073 3699 1151 διαφορὰς,
3746 1080 3888 1151 ὅμως

2281 1168 2473 1237 ἔχουσι
2523 1171 2611 1217 καὶ
2670 1165 2860 1227 πολλὰς
2929 1166 3281 1237 ὁμοιότητας·
3344 1164 3721 1241 ἑκατόνταρχοι
3777 1168 3887 1243 γὰρ

2281 1255 2455 1326 ἄμφω,
2504 1259 2592 1306 καὶ
2640 1254 2687 1305 ἐν
2730 1258 3071 1328 Καπερναούμ
3121 1254 3393 1319 οἰκοῦντες,
3443 1261 3533 1307 καὶ
3578 1254 3661 1307 ἐπὶ
3703 1276 3889 1329 παρα-

2281 1342 2473 1413 λυτικῷ
2523 1342 2829 1415 θλιϐόμενοι,
2870 1348 2958 1395 καὶ
3010 1348 3103 1402 τὴν
3158 1343 3316 1401 αύτὴν
3374 1347 3552 1396 πίστιν
3605 1348 3731 1416 μετὰ
3784 1353 3891 1397 τῶν

2284 1432 2446 1485 αὐτῶν
2493 1432 2655 1503 λόγων
2704 1429 3133 1504 ἐπιδεικνύμενοι,
3189 1437 3279 1484 xui
3326 1441 3425 1484 τῶν
3468 1436 3597 1485 ’ἰσων
3647 1432 3894 1505 ἀξιούμε-

2280 1541 2375 1573 νοι.
2412 1526 2546 1579 Φησὶ
2579 1518 2637 1573 δὲ
2668 1523 2692 1573 6
2725 1521 3254 1595 Χρυσόστόμος(70),
3288 1523 3368 1572 ὃτι
3401 1524 3423 1573 6
3455 1521 3610 1583 αύτός
3631 1520 3765 1591 ἐστι,
3798 1527 3893 1575 καὶ

2281 1613 2425 1685 παρὰ
2467 1618 2539 1681 τῷ
2580 1612 2834 1680 Ματθαίῳ
2877 1616 2966 1662 καὶ
3014 1613 3157 1683 παρὰ
3195 1618 3265 1680 τῷ
3315 1614 3511 1679 Λουκᾷ.
3566 1614 3666 1662 Καὶ
3704 1612 3808 1684 γὰρ
3866 1612 3894 1663 6

2282 1703 2371 1771 μὲν
2440 1704 2669 1765 Λουκᾶς,
2744 1697 3010 1773 ἀκριϐείας
3070 1700 3250 1766 ἕνεκεν,
3324 1700 3495 1750 πάντα
3562 1698 3895 1773 λεπτομερῶς

514 1792 896 1865 praesentiam
930 1809 945 1844 :
977 1792 1281 1847 Matthasus
1313 1806 1452 1846 vero
1490 1790 1795 1846 brevitatis
1838 1790 2050 1859 gratia,
2087 1807 2172 1846 se-

2290 1786 2585 1859 Ξιπήγγειλε,
2632 1787 2763 1845 πλὴν
2813 1796 2906 1848 τῆς
2962 1795 3053 1839 τοῦ
3104 1788 3490 1861 ἑκατοντάρχου
3550 1793 3847 1859 παρουσίας
3877 1806 3889 1817 ’

513 1882 753 1938 niorum
798 1885 976 1952 atque
1026 1880 1359 1936 amicorum
1406 1879 1726 1935 missiones
1775 1880 2171 1951 praetermisit,

513 1970 693 2043 quasi
727 1985 851 2026 non
892 1968 1299 2034 necessarias;
1343 1968 1529 2025 solam
1570 1972 1771 2025 autem
1813 1967 2173 2023 centurionis

512 2060 718 2124 ﬁdem,
768 2064 824 2113 et
861 2057 1105 2113 laudem
1146 2073 1331 2125 quam
1371 2060 1613 2128 propter
1656 2072 1790 2113 eam
1822 2057 2170 2127 promeruit,

515 2152 572 2203 et
601 2146 958 2202 miraculum
997 2145 1057 2200 in
1100 2145 1428 2216 paralytico
1468 2146 1687 2201 factum
1730 2149 1931 2217 aperte
1960 2146 2174 2201 descri-

516 2235 656 2308 psit.

592 2321 832 2391 Oportet
860 2320 1061 2373 tamen
1090 2333 1189 2373 eas
1212 2333 1346 2389 quae
1383 2317 1681 2387 videntur,
1713 2322 1777 2373 ut
1805 2318 2033 2374 dictum
2067 2322 2172 2384 est,

518 2408 749 2463 solvere
780 2407 1171 2464 diversitates.
1202 2409 1328 2467 παῖς
1357 2407 1488 2479 (pro
1519 2423 1641 2480 quo
1666 2407 1763 2463 hic
1787 2424 2044 2479 puerum
2072 2408 2176 2464 ha-

516 2497 749 2567 bemus)
814 2497 1026 2552 dicitur
1087 2512 1211 2553 non
1269 2496 1465 2552 solum
1529 2496 1709 2563 ﬁlius,
1778 2497 1884 2552 sed
1945 2502 2001 2554 et
2061 2514 2178 2553 ser-

520 2601 653 2641 vus.
728 2585 991 2641 Habebat
1049 2585 1228 2651 enim,
1287 2586 1500 2657 inquit,
1575 2582 1774 2647 παῖδας
1838 2591 1925 2639 καὶ
1991 2584 2175 2639 παιδί-

522 2692 673 2741 σκας,
706 2674 821 2730 hoc
852 2677 961 2738 est,
1008 2689 1204 2730 servos
1254 2676 1314 2732 et
1362 2676 1612 2731 ancillas
1643 2677 1710 2730 ⁵³.
1759 2676 1929 2741 Quod
1974 2681 2173 2733 autem

519 2762 824 2820 Matthaaus
876 2762 1020 2818 dixit
1068 2763 1389 2818 accessisse
1439 2766 1843 2821 centurionem
1894 2766 1973 2821 ad
2018 2766 2177 2822 Chri-

523 2856 705 2919 stum,
750 2852 937 2907 Lucas
980 2868 1123 2908 vero
1171 2852 1405 2907 misisse
1449 2853 1527 2908 ad
1569 2853 1767 2925 ipsum
1810 2855 2073 2911 seniores
2121 2860 2178 2912 et

518 2941 905 3013 postmodum
960 2942 1209 3011 amicos,
1264 2944 1497 3013 oportet
1552 2942 1876 3013 intelligere
1928 2950 1983 2999 et
2037 2945 2172 3011 hoc,

520 3032 576 3085 et
620 3028 764 3084 illud
827 3030 1051 3087 factum
1117 3030 1318 3085 fuisse.
1390 3031 1652 3086 Primum
1718 3032 1964 3104 quidem
2018 3033 2176 3089 misit

2284 1878 2309 1928 6
2343 1873 2401 1928 δὲ
2444 1878 2733 1945 Ματθαῖος,
2788 1881 3061 1948 συντομίας
3112 1876 3295 1948 χάριν,
3327 1879 3419 1937 τὰς
3466 1878 3554 1947 μὲν
3596 1876 3707 1947 (71)
3761 1876 3888 1929 ἀπο·

2286 1964 2475 2024 στολάς
2526 1974 2623 2016 τῶν
2679 1963 3037 2039 πρεσϐυτέρων
3095 1969 3184 2016 καὶ
3239 1973 3337 2017 τῶν
3391 1964 3547 2037 φίλων
3586 1965 3889 2038 παρέλιπεν,

2285 2056 2348 2114 ὡς
2393 2054 2485 2105 ούκ
2534 2053 2838 2125 ἀναγκαίας,
2887 2059 3046 2126 μόνην
3088 2050 3147 2106 δὲ
3185 2058 3279 2111 τὴν
3325 2058 3503 2106 πίστιν
3545 2061 3635 2105 τοῦ
3680 2054 3892 2106 ἑκατον-

2284 2145 2513 2215 τάρχου,
2553 2146 2758 2195 καὶτὸν
2812 2140 2903 2195 διὰ
2934 2145 3127 2201 ταύτην
3174 2144 3396 2210 ἔπαινον,
3452 2146 3541 2195 καὶ
3578 2146 3636 2195 τὸ
3682 2142 3768 2196 ἐπὶ
3812 2151 3890 2195 τῶ

2284 2232 2620 2306 παραλυτικῷ
2653 2235 2828 2305 θαῦμα
2869 2241 3045 2305 σαφῶς
3082 2231 3359 2305 ἀνέγραψε.

2356 2327 2468 2395 Χρὴ
2532 2318 2589 2374 δὲ
2639 2318 2889 2373 διαλύσαι
2946 2328 3036 2374 xui
3074 2325 3160 2383 τὰς
3204 2318 3486 2387 δοκούσας,
3542 2323 3611 2383 ὡς
3658 2325 3893 2395 εἴρηται,

2287 2408 2562 2485 διαφοράς.
2616 2408 2794 2464 Παίδα
2839 2411 3069 2483 λέγομεν,
3122 2410 3180 2463 ού
3225 2415 3378 2483 μόνον
3434 2414 3519 2462 τὸν
3572 2413 3702 2481 υἱόν,
3760 2411 3897 2465 ἀλλὰ

2284 2503 2489 2553 καὶτὸν
2522 2497 2725 2553 δοῦλον.
2780 2497 2908 2571 Εἶχε
2945 2502 3069 2575 γὰρ,
3118 2504 3265 2572 φησὶ,
3310 2497 3513 2562 Παῖδας
3561 2505 3650 2552 καὶ
3695 2497 3893 2553 παιδί-

2287 2610 2437 2655 σκας,
2495 2588 2627 2661 ἀντὶ,
2680 2589 2902 2651 Δούλους
2945 2594 3034 2641 καὶ
3086 2586 3294 2649 δούλας.
3332 2588 3471 2641 Ἐπεὶ
3516 2586 3575 2641 δε
3617 2590 3897 2650 Ματθαῖος

2284 2682 2372 2750 μὲν
2422 2678 2578 2749 λέγει,
2625 2680 3009 2752 παραγενέσθαι
3054 2681 3140 2730 τόν
3197 2678 3577 2751 ἑκατόνταρχον
3622 2680 3748 2751 πρὸς
3797 2682 3894 2731 τὸν

2286 2772 2547 2841 Χριστόν
2599 2766 2803 2837 πέμψαι
2862 2764 2919 2819 δε
2967 2771 3093 2839 πρὸς
3132 2767 3286 2819 ᾶύτόν
3331 2770 3356 2819 ό
3396 2773 3600 2827 Λουκᾶς
3656 2764 3891 2840 πρεσϐυ-

2283 2861 2477 2927 τέρους,
2526 2853 2635 2908 εἶτα
2679 2856 2853 2927 φίλους
2886 2873 2897 2885 ·
2932 2861 3042 2927 χρὴ
3119 2864 3267 2920 νοεῖν,
3325 2858 3405 2908 ὅτι
3448 2861 3537 2908 καὶ
3591 2862 3741 2907 τοῦτο
3791 2853 3893 2906 κᾶ-

2283 2940 2417 2996 κεῖνο
2482 2948 2679 3015 γέγονε.
2756 2952 2966 3018 Πρῶτον
3019 2948 3109 3017 μὲν
3178 2948 3279 3018 γὰρ
3344 2944 3537 3017 ἔπεμψε
3586 2947 3705 3004 τούς
3760 2962 3889 3016 πρε-

2288 3032 2582 3106 σϐυτέρους,
2632 3033 2943 3105 παρακαλῶν
2992 3033 3146 3085 αύτόν
3191 3032 3347 3085 ἐλθεῖν
3381 3050 3393 3063 ’
3425 3031 3535 3085 εἶτα
3564 3034 3761 3104 μαθὼν,
3801 3033 3890 3083 ὅτι

521 3119 787 3174 seniores
837 3119 1226 3190 deprecantes
1277 3119 1479 3191 ipsum
1529 3124 1591 3175 ut
1642 3123 1886 3177 veniret.
1954 3121 2175 3177 Deinde

2290 3123 2519 3192 ἴρχεται,
2578 3127 2667 3174 καὶ
2720 3122 2898 3174 ἑαυτὸν
2968 3127 3148 3195 κρίνας
3203 3120 3408 3184 ἀνάξιον
3465 3129 3559 3182 τῆς
3607 3117 3891 3192 ὑποδοχῆς

521 3209 710 3264 sciens
740 3224 877 3263 eum
908 3210 1126 3274 venire,
1159 3212 1215 3265 et
1241 3224 1368 3264 sese
1397 3208 1711 3278 indignum
1739 3210 2017 3281 judicans
2048 3211 2177 3281 ejus

521 3298 917 3369 susceptione,
964 3313 1202 3353 rursum
1251 3298 1479 3353 amicos
1520 3299 1701 3364 misit,
1738 3299 2066 3370 prohibens
2103 3315 2178 3355 ne

521 3386 761 3452 veniret,
782 3401 851 3441 ac
872 3386 1218 3456 signiﬁcans
1237 3402 1373 3457 quae
1400 3386 1545 3442 dixit
1564 3389 1772 3444 Lucas.
1792 3388 2179 3445 Postmodum

521 3491 659 3530 cum
686 3475 1050 3546 paralyticus
1074 3474 1488 3530 vehementius
1514 3475 1935 3532 dissolveretur
1962 3477 2047 3549 (ii)
2076 3478 2177 3533 do-

522 3564 748 3620 loribus
788 3563 1026 3634 (etenim
1066 3563 1215 3619 sicut
1256 3564 1439 3619 Lucas
1483 3564 1653 3629 dixit,
1701 3570 1826 3621 erat
1858 3566 1984 3636 jam
2025 3567 2179 3637 jam-

523 3667 640 3723 que
687 3652 1049 3717 moriturus),
1092 3666 1216 3707 non
1257 3652 1452 3708 ferens
1490 3654 1778 3719 centurio,
1820 3657 2078 3712 cucurrit
2125 3660 2183 3713 et

523 3740 651 3812 ipse
676 3744 811 3810 post
838 3740 1081 3806 amicos,
1114 3756 1364 3811 sperans
1394 3757 1500 3813 per
1526 3742 1783 3813 seipsum
1814 3743 2091 3800 obnixius
2120 3759 2181 3799 se

524 3828 1004 3899 deprecaturum.
1047 3832 1370 3902 Postquam
1408 3835 1609 3886 autem
1650 3832 1827 3887 amici
1867 3834 2183 3890 nuntiave-

524 3920 663 3972 rant
700 3932 835 3987 quaa
877 3917 960 3972 eis
996 3922 1380 3989 praeceperat,
1417 3919 1564 3974 dum
1602 3921 1988 3991 responderet
2023 3921 2183 3977 Chri-

527 4007 656 4059 stus
688 4020 823 4075 quee
856 4005 1089 4077 scripsit
1122 4008 1331 4073 Lucas,
1383 4008 1579 4062 statim
1610 4009 1953 4080 supervenit
1979 4014 2180 4066 centu-

525 4092 636 4158 rio,
670 4098 723 4147 et
749 4093 1105 4165 priusquam
1132 4094 1339 4151 amicis
1380 4097 1749 4162 occurrisset,
1778 4098 1907 4152 viso
1934 4098 2181 4164 Christo,

525 4181 753 4237 fervore
793 4197 1079 4237 accensus
1119 4187 1225 4247 est,
1272 4188 1328 4239 et
1366 4199 1570 4239 rursus
1613 4185 1787 4256 quasi
1826 4186 1905 4241 ab
1940 4187 2184 4244 exordio

526 4270 884 4326 obsecrabat
922 4287 1078 4337 eum,
1123 4272 1326 4327 dicens
1370 4288 1380 4326 :
1424 4274 1690 4339 Domine,
1724 4290 1876 4343 puer
1904 4291 2063 4331 meus
2087 4278 2183 4346 ja-

527 4365 614 4415 cet
668 4360 731 4415 in
790 4360 959 4416 domo
1013 4361 1413 4432 paralyticus,
1474 4367 1583 4418 etc.
1649 4365 1871 4421 Deinde
1925 4365 2186 4422 Christus

2287 3210 2468 3276 αὐτοῦ,
2542 3209 2873 3263 ἐπαπέστειλε
2958 3211 3077 3272 τούς
3163 3210 3360 3283 φίλους,
3434 3210 3640 3262 κωλύων
3725 3209 3891 3262 αὐτόν

2286 3303 2375 3351 xui
2412 3302 2639 3371 μηνύων,
2675 3302 2775 3352 ὅσα
2816 3304 2969 3372 φησὶν
3002 3301 3025 3351 ό
3058 3305 3303 3362 Λουκᾶς·
3362 3302 3537 3351 ἔπειτα
3589 3306 3679 3350 τοῦ
3720 3319 3897 3373 παρα-

2286 3387 2498 3440 λυτικού
2538 3385 2883 3464 σφοδρότερον
2928 3391 3301 3451 καταταθέντος
3343 3396 3459 3449 ταῖς
3503 3384 3744 3449 ὀδύναις·
3798 3392 3898 3440 καὶ

2288 3479 2408 3550 γὰρ,
2462 3480 2529 3539 ὡς
2578 3479 2602 3529 6
2654 3485 2859 3540 Λουκᾶς
2914 3478 3025 3549 (‘72)
3078 3476 3232 3549 εἶπεν,
3283 3477 3453 3549 ἔμελλε
3504 3476 3773 3547 τελευτᾴν’
3822 3482 3899 3549 μὴ

2290 3571 2450 3639 φέρων
2495 3568 2519 3618 6
2566 3566 2968 3641 ἑκατόνταρχος,
3016 3564 3209 3640 ἔδραμε
3250 3570 3340 3618 καὶ
3381 3566 3535 3627 αύτὸς
3586 3564 3751 3617 ὀπίσω
3794 3574 3902 3617 τῶν

2292 3656 2464 3727 φίλων,
2527 3655 2745 3717 ἐλπίζων
2803 3653 2876 3708 δι’
2931 3656 3115 3709 ἑαυτοῦ
3178 3655 3369 3728 μᾶλλον
3434 3658 3727 3707 ἱκετεῦσαι·
3784 3652 3904 3706 ἐπεὶ

2292 3742 2351 3797 δὲ
2400 3745 2449 3797 οἳ
2504 3765 2557 3797 τε
2620 3744 2755 3817 φίλοι
2806 3744 3145 3817 ἀπήγγειλαν,
3204 3746 3305 3797 ὃσα
3360 3743 3823 3816 παρηγγέλθησαν,
3872 3744 3904 3795 ὅ

2289 3854 2340 3887 τε
2386 3838 2610 3909 Χριστός
2664 3832 2818 3901 εἶπεν,
2874 3835 2973 3885 ὅσα
3021 3835 3045 3884 6
3086 3839 3294 3896 Λουκᾶς
3353 3832 3611 3907 ἔγραψεν
3663 3830 3910 3884 ἐπικατέ-

2290 3922 2440 3975 λαϐεν
2492 3923 2636 3983 εὐθὺς
2684 3924 2709 3973 6
2768 3922 3168 3995 ἑκατόνταρχος,
3224 3927 3312 3976 xui
3360 3926 3459 3995 πρὸ
3513 3928 3602 3973 τοῦ
3661 3919 3904 3990 ἐντυχεῖν

2292 4021 2395 4072 τοῖς
2459 4011 2639 4083 φίλοις,
2690 4009 2813 4063 ἰὸὼν
2890 4014 2975 4063 τόν
3036 4014 3268 4084 Χριστόν
3326 4016 3416 4062 καὶ
3482 4006 3900 4083 διαθερμανθεὶς,

2296 4102 2548 4153 ἱκέτευσεν
2612 4100 2765 4152 αὐτόν
2833 4098 2885 4162 ἐξ
2963 4098 3158 4173 ἀρχῆς,
3222 4100 3395 4166 εἰπὼν,
3457 4101 3632 4173 Κύριε,
3691 4099 3716 4149 6
3771 4105 3907 4159 παῖς

2293 4210 2392 4261 μου
2458 4188 2707 4261 βέϐληται
2771 4187 2819 4240 ἐν
2886 4196 2947 4260 τῇ
3024 4189 3162 4259 οἰκίᾳ
3231 4186 3594 4262 παραλυτικὸς,
3670 4190 3758 4238 xui
3836 4188 3910 4239 τὰ

2295 4277 2410 4341 ἑξῆς
2444 4295 2455 4308 ⁸
2509 4275 2621 4329 εἶτα
2678 4279 2703 4329 6
2760 4281 3008 4351 Χριστός,
3072 4276 3222 4329 θελων
3278 4275 3534 4328 ἐπιπλεῖον
3603 4283 3909 4347 φανερῶσαι

2294 4372 2387 4425 τὴν
2444 4372 2624 4419 πίστιν
2682 4366 2860 4419 αὐτοῦ.
2933 4364 3280 4439 ἁπεκρίνατο³
3330 4366 3458 4435 Ἐγὼ
3510 4364 3662 4417 ἐλθὼν
3737 4366 3903 4436 θερα-

526 4448 733 4503 volens
780 4450 1041 4522 amplius
1089 4451 1459 4507 manifestari
1502 4452 1683 4508 ﬁdem
1733 4455 1882 4524 ejus,
1936 4471 2176 4527 respon-

2294 4459 2471 4508 πεύσω
2517 4455 2669 4507 αύτόν
2699 4475 2710 4486 ’
2756 4458 2930 4506 ἔπειτα
2972 4454 3124 4505 πάλιν
3171 4456 3195 4505 6
3238 4454 3624 4527 ἑκατόνταρχος
3650 4471 3661 4482 ’
3717 4456 3910 4527 Κύριε,

527 4536 615 4591 dit
649 4558 661 4593 :
700 4538 827 4607 Ego
869 4540 1093 4596 veniam
1135 4546 1187 4596 et
1224 4540 1444 4597 curabo
1489 4557 1639 4597 eum.
1683 4545 1938 4599 Rursum
1984 4545 2186 4601 subin-

529 4625 660 4681 tulit
704 4628 968 4682 centurio
1004 4644 1014 4680 :
1062 4629 1326 4699 Domine,
1369 4645 1489 4685 non
1529 4646 1657 4686 sum
1697 4632 1933 4701 dignus,
1977 4640 2039 4689 ut
2079 4635 2185 4690 sub

530 4719 746 4769 tectum
776 4731 966 4771 meum
996 4715 1201 4782 intres,
1235 4721 1290 4773 et
1320 4716 1436 4773 alia
1462 4734 1595 4789 quae
1624 4726 1973 4791 sequuntur,
2009 4722 2185 4779 veluti

528 4804 829 4859 Matthaeus
860 4806 1230 4877 conscripsit.
1279 4796 1653 4864 Manifestum
1697 4814 1785 4864 est
1824 4825 1987 4881 ergo,
2021 4812 2185 4883 quod

599 4980 645 5013 ⁵³
679 4980 818 5035 Gen.
852 4996 992 5046 xxx,
1023 4980 1112 5035 43.

2296 4545 2388 4596 οὐκ
2454 4544 2559 4616 εἰμὶ
2619 4547 2806 4607 ἱκανός,
2866 4546 2947 4594 ἱνα
2999 4563 3097 4614 μου
3148 4544 3247 4594 ὑπὸ
3307 4547 3400 4599 τὴν
3475 4547 3663 4612 στέγην
3741 4541 3911 4594 εἰσέλ-

2299 4637 2412 4707 θῃς,
2458 4639 2545 4686 xui
2590 4636 2655 4685 τὰ
2700 4633 2874 4696 λοιπὰ,
2922 4634 3090 4693 καθὼς
3133 4633 3157 4683 6
3202 4633 3464 4691 MurOqu;
3509 4629 3909 4703 συνεγράψατο.

2297 4723 2453 4781 Δῆλον
2505 4719 2611 4776 οὖν.
2662 4724 2741 4774 ὅτι
2794 4726 2858 4773 τὰ
2909 4725 2998 4793 μὲν
3050 4722 3184 4793 ἄχρι
3240 4728 3331 4771 τοῦ
3378 4719 3535 4772 ἐλθεῖν
3576 4723 3662 4771 τόν
3719 4719 3912 4773 ἑκατόν

2297 4831 2518 4886 ταρχον,
2560 4809 2694 4864 εἶπεν
2733 4813 2758 4864 6
2811 4816 3017 4871 Λουκᾶς
3046 4828 3057 4839 ·
3108 4811 3173 4861 τὰ
3217 4806 3274 4862 δὲ
3320 4809 3539 4862 ἐντεῦθεν
3588 4804 3830 4872 ἐδίδαξεν
3882 4812 3912 4863 6

1512 5081 1727 5149 Variae
1766 5083 2093 5149 lectiones
2137 5094 2203 5150 et
2241 5094 2443 5153 notae.

530 5273 709 5397 20(4'70)
739 5272 906 5329 Tom.
944 5274 1050 5338 Vll,
1085 5288 1144 5344 p.
1177 5275 1299 5330 315.
1330 5275 1473 5331 Vide
1505 5277 1784 5333 eumdem
1820 5282 1858 5333 t.
1894 5280 2006 5344 VII,
2040 5297 2181 5353 pag.

601 5414 713 5483 (τι)
744 5419 841 5471 τήτ
871 5419 965 5486 μέυ
994 5414 1288 5473 ἀποστολήν
1318 5418 1377 5470 Β.

2527 5289 2733 5345 Λουκᾶς
2791 5279 2868 5356 δέ,
2930 5282 3137 5349 addit;
3190 5298 3331 5338 mox
3386 5278 3446 5334 δέ
3501 5285 3556 5338 et
3606 5283 3630 5333 6
3691 5287 3910 5345 Λουκᾶς

2287 5355 2506 5411 omittit
2531 5356 2595 5411 A.

600 5562 691 5649 (ii)
714 5563 1165 5649 ρίεεοὶυειςείμν.
1196 5567 1585 5625 Cruciaretur.
1622 5570 1943 5646 Aliquoties
1972 5575 2032 5632 in
2062 5576 2179 5635 hoc
2216 5577 2512 5635 vocabulo
2552 5576 2801 5634 offendit
2830 5576 3138 5649 interpres.
3174 5574 3278 5633 Vix
3308 5590 3451 5647 ergo
3482 5580 3688 5648 putem
3720 5575 3903 5634 illum

528 5634 825 5692 invenisse
863 5635 1201 5689 καταλυθέντο
1212 5658 1251 5699 ς.
