4098 6404
223 352 331 408 289
1219 334 1574 406 COMMENT.
1618 346 1687 403 IN
1729 330 2167 402 MATTH/EUM.
2208 359 2277 383 -ι
2309 340 2465 400 CAP.
2498 340 2647 397 vm.
3510 344 3615 400 290

226 479 522 542 Μπθαίος,
578 480 670 529 καὶ
719 476 770 528 ἐν
818 474 1037 536 ἐκείνοις
1085 477 1207 550 γὰρ,
1277 480 1367 527 καὶ
1396 473 1445 525 ἐν
1480 476 1682 535 τούτοις
1734 474 1765 531 ἦ
1796 490 1844 523 τε

1995 484 2030 525 a
2057 484 2195 541 quae
2246 466 2622 536 contigerunt
2651 466 3004 539 priusquam
3050 467 3275 525 veniret
3322 470 3613 536 centurio,

226 573 415 628 πίστις
481 574 573 618 τοῦ
616 566 1011 641 ἑκατοντάρχου
1066 562 1349 629 δείκνυται,
1404 568 1493 615 καὶ
1542 566 1570 620 ἡ
1608 564 1844 633 θαυματ-

2000 558 2260 629 sripserit
2305 559 2511 620 Lucas,
2565 561 2621 611 et
2672 556 2811 612 inde
2864 556 3193 625 Matthaaus,
3254 573 3388 629 quae
3417 564 3618 615 secuta

224 664 424 730 ονργία
476 665 569 708 τοῦ
622 655 818 716 Ἰησοῦ.
868 656 1008 709 Ἐπεὶ
1070 652 1188 708 δὶό
1240 659 1448 715 Λουκᾶς
1502 655 1722 727 εἴρηκεν,
1769 652 1842 702 ὅτι

2000 652 2097 702 unt
2125 647 2410 702 docuerit.
2441 646 2592 702 Nam
2620 650 2677 701 et
2706 646 2766 701 in
2798 646 2910 710 his,
2932 651 2987 701 et
3010 646 3071 701 in
3101 645 3214 701 illis
3240 647 3389 702 ﬁdes
3420 663 3618 703 mons-

223 746 656 821 ὑποστρέψαντες
724 748 775 798 οἱ
824 747 1157 817 πεμφθέντες,
1208 744 1353 818 εὖρον
1404 746 1489 795 τὸν
1535 740 1841 794 ἀσθενοῦντα

2001 740 2147 792 -atur
2200 734 2567 791 centurionis
2622 750 2691 791 ac
2752 735 3025 790 miraculi
3074 736 3344 806 operatio
3394 753 3430 793 a
3479 738 3619 793 Jesu

226 833 421 888 δοῦλον
474 838 799 907 ὑγιαίνοντα·
857 839 967 908 χρὴ
1017 834 1355 905 λογίσασθαι,
1407 833 1487 884 ὅτι
1535 832 1559 882 6
1608 833 1695 902 μεν
1735 829 1844 882 ἐκα-

2001 830 2137 883 Lcta.
2187 824 2359 890 Quod
2386 830 2589 881 autem
2635 823 2826 879 Lucas
2851 824 3020 889 dixit,
3052 823 3219 895 quod
3253 826 3476 881 reversi
3515 826 3619 898 qui

224 934 533 1000 τόπαρχος
582 921 691 983 ἤδη
754 923 1104 997 πληροφορίαν
1148 926 1264 996 περὶ
1314 930 1411 981 τῆς
1466 922 1639 991 ύγείας
1687 918 1842 970 αύτοῦ

2002 914 2129 970 lissi
2155 914 2407 978 fuerant,
2431 913 2786 968 invenerunt
2823 917 3213 983 aegrotantem
3246 930 3483 970 servum
3524 931 3620 971 sa-

221 1013 419 1079 λαϐὡν,
458 1014 834 1085 σχολαιοτερον
881 1009 1139 1073 ἐϐάδιζεν·
1186 1014 1367 1063 ἐκεῖνοι
1402 1007 1461 1063 δὲ
1493 1006 1839 1061 δυσπιστοῦν-

2003 1002 2125 1059 itati
2167 1002 2527 1069 restitutum,
2576 1001 2945 1072 perpendere
2982 1006 3231 1073 oportet,
3278 1004 3444 1075 quod
3487 1020 3621 1060 cen.

222 1124 302 1164 τες
334 1101 699 1180 προέδραμον,
730 1102 1040 1174 γλιχόμενοι
1074 1102 1271 1173 μαθεῖν,
1317 1099 1361 1152 εἰ
1395 1100 1591 1170 ύγίανε.

2004 1093 2104 1148 irio
2122 1097 2316 1149 certus
2326 1091 2455 1162 jam
2484 1090 2558 1147 de
2577 1089 2768 1146 salute
2794 1090 2973 1159 illius,
3001 1091 3226 1147 tardior
3251 1108 3322 1148 ac
3360 1095 3622 1150 securior

1952 1182 2394 1247 revertebatur;
2428 1180 2510 1236 illi
2537 1185 2727 1237 autem
2759 1180 3077 1237 difficulter
3116 1181 3444 1249 credentes,
3473 1200 3621 1256 praa-

1954 1274 2345 1327 cucurrerunt
2382 1268 2533 1324 scire
2572 1268 2876 1341 cupientes
2907 1284 2985 1324 an
3002 1284 3185 1325 sanus
3206 1276 3377 1326 esset.

491 1358 643 1408 ΚΕΦ.
678 1353 766 1408 Η¹.
805 1356 932 1426 Περὶ
963 1359 1057 1413 τῆς
1092 1351 1353 1424 πενθερᾶς
1377 1354 1592 1421 Πέτρου.

1567 1370 1592 1403 ν-
2343 1358 2491 1414 CAP.
2525 1358 2661 1412 VIII.
2685 1359 2772 1414 De
2799 1372 2972 1413 socru
2996 1360 3185 1414 Petri.

304 1448 413 1495 Καὶ
442 1440 604 1494 ῦθὼν
663 1472 734 1482 -
785 1441 944 1493 αύτώ.
984 1439 1042 1493 Ὀ
1096 1437 1154 1493 δι
1205 1442 1418 1515 Μάρκος
1464 1444 1554 1492 καὶ
1583 1441 1608 1491 ό
1640 1444 1845 1501 Λουκᾶς

2028 1450 2192 1503 Vers.
2234 1446 2443 1517 14,15.
2496 1447 2751 1517 Cumque
2796 1447 3045 1503 venisset
3098 1478 3166 1487 —
3197 1449 3270 1504 ei.
3319 1451 3545 1505 Marcus
3571 1452 3618 1485 ⁵³

227 1528 398 1596 εἷπον,
458 1536 553 1583 καὶ
600 1531 757 1583 πόθεν
811 1530 962 1588 ἦλθεν
1017 1529 1139 1595 ἐκεῖ,
1193 1532 1272 1581 ὅτι
1319 1529 1420 1582 ἀπὸ
1469 1538 1563 1591 τῆς
1618 1548 1845 1599 συναγω-

2000 1540 2159 1592 utem
2185 1540 2242 1592 et
2267 1536 2458 1592 Lucas
2484 1536 2528 1570 ⁵³
2558 1534 2840 1591 dixerunt
2858 1534 3039 1591 etiam
3070 1535 3229 1591 unde
3278 1536 3415 1592 illuc
3448 1554 3618 1594 vene-

229 1630 327 1693 γιῖς
356 1630 460 1672 τῶν
508 1617 811 1685 Ἰουδαίων,
845 1619 895 1671 ἐν
958 1620 989 1677 ἦ
1035 1615 1307 1685 ἐδίδασκε,
1368 1617 1634 1671 Σαϐϐάτου
1676 1622 1838 1677 ὄντος.

2003 1631 2065 1696 ιι,
2096 1624 2363 1681 videlicet
2396 1640 2433 1680 a
2455 1638 2767 1695 synagoga
2812 1624 3175 1687 Judaaorum,
3218 1625 3279 1680 in
3320 1642 3443 1698 qua
3472 1628 3621 1683 Sab-

232 1712 548 1783 Προσέθηκε
609 1706 670 1761 δὲ
731 1710 758 1760 6
824 1710 1057 1782 Μάρκος,
1126 1710 1206 1760 ὅτι
1271 1711 1400 1781 μετά
1460 1706 1706 1761 Ἰακώϐου
1761 1711 1849 1758 καὶ

2003 1718 2102 1771 ato
2130 1712 2435 1769 docuerat.
2467 1711 2706 1767 Addidit
2736 1727 2979 1783 quoque
3003 1712 3261 1779 Marcus,
3288 1715 3454 1786 quod
3482 1732 3620 1772 cum

230 1802 479 1853 Ἰωάννου
534 1796 711 1858 ἦλθεν.
790 1798 942 1861 Εἰκὸς
995 1801 1117 1873 γὰρ,
1193 1800 1280 1849 τόν
1330 1801 1541 1872 Πέτρον,
1623 1798 1848 1869 μαθόντα

2000 1801 2182 1858 acobo
2212 1804 2269 1856 et
2297 1800 2524 1856 Joanne
2572 1800 2816 1856 venerit.
2848 1801 3182 1857 Verisimile
3212 1806 3301 1858 est
3327 1804 3487 1859 enim
3516 1804 3618 1861 Pe-

238 1896 417 1955 τοῦτο,
484 1884 835 1962 προδραμεῖν.
912 1892 1012 1940 Καὶ
1058 1889 1270 1960 Μάρκος
1338 1888 1427 1958 μεν
1492 1890 1581 1939 καὶ
1647 1891 1854 1947 Λουκᾶς

2003 1906 2140 1956 rum,
2165 1905 2300 1945 cum
2327 1889 2443 1945 hoc
2478 1887 2807 1954 didicisset,
2831 1890 3302 1959 praecucurrisse.
3337 1894 3621 1949 Praeterea

238 1997 417 2050 φασιν,
476 1979 560 2029 ὅτι
618 1976 977 2051 παρεκάλεσαν
1030 1977 1185 2028 αὐτόν
1237 1977 1286 2028 οἱ
1338 1977 1571 2046 μαθηταὶ
1612 1979 1731 2048 περὶ
1760 1982 1852 2036 τῆς

2002 1982 2189 2035 [arcus
2222 1982 2276 2035 et
2301 1980 2486 2034 Lucas
2511 1977 2743 2047 dicunt,
2766 1978 2933 2050 quod
2956 1977 3233 2051 discipuli
3254 1985 3620 2050 rogaverunt

232 2066 636 2137 κατακειμένης’
695 2067 721 2117 ό
779 2068 1051 2126 Ματθαῖος
1123 2060 1182 2117 δὲ
1231 2068 1321 2116 καὶ
1384 2071 1535 2117 τοῦτο
1587 2062 1849 2135 ἐσίγησεν.

2003 2067 2130 2124 lum
2158 2082 2266 2139 pro
2297 2082 2369 2123 ea
2388 2082 2525 2138 quae
2570 2066 2633 2121 in
2682 2066 2833 2123 lecto
2860 2066 3280 2124 decumbebat.
3306 2069 3621 2126 Matthaaus

235 2156 351 2211 Οὐκ
383 2159 502 2207 ἔστι
552 2150 613 2207 δι
657 2161 812 2206 τοῦτο
876 2150 1181 2226 διαφωνίας·
1233 2151 1362 2204 ἀλλὰ
1399 2156 1457 2204 τὸ
1511 2156 1600 2224 μεν
1630 2154 1851 2221 ἐκείνων,

2005 2172 2106 2212 ero
2138 2157 2314 2211 etiam
2344 2156 2459 2211 hoc
2501 2155 2700 2211 tacuit.
2746 2158 2873 2211 Non
2923 2159 3010 2210 est
3041 2160 3244 2211 autem
3290 2157 3407 2213 hoc
3432 2158 3622 2213 disso-

236 2242 536 2317 ἀκριϐείας·
579 2246 639 2295 τὸ
682 2240 741 2295 δε
770 2245 979 2309 τούτου,
1042 2246 1334 2313 συντομίας.
1379 2241 1599 2300 Εἰσῆλθε
1654 2238 1712 2293 δε
1738 2260 1854 2313 τρο-

2001 2244 2182 2301 .antiae
2208 2244 2465 2314 signum,
2499 2243 2606 2299 sed
2653 2244 2819 2315 quod
2862 2243 2941 2299 illi
2974 2244 3260 2312 fecerunt,
3296 2245 3619 2315 diligentiaa

236 2342 335 2405 γῆς
423 2331 876 2405 μεταληψόμενος,
938 2327 1044 2389 ἤδη
1135 2338 1224 2382 τοῦ
1290 2338 1475 2405 καιροῦ
1554 2329 1852 2403 καλοῦντος.

2006 2335 2093 2399 lit,
2127 2333 2291 2406 quod
2318 2336 2516 2389 autem
2544 2332 2661 2397 hic,
2694 2333 3022 2391 brevitatis.
3060 2334 3371 2403 Ingressus
3399 2341 3489 2390 est
3517 2352 3624 2391 au-

238 2422 556 2496 Ἐγερθεῐσα
584 2423 687 2494 γὰρ
716 2422 745 2479 ἡ
779 2423 986 2494 κειμένη
1021 2416 1253 2478 διηκόνει
1274 2418 1411 2472 αύτῶ

2006 2439 2087 2479 em
2113 2422 2231 2478 cibi
2280 2421 2550 2478 sumendi
2602 2436 2807 2489 causa,
2842 2426 3088 2477 vocante
3127 2422 3255 2491 jam
3294 2423 3461 2479 hora.
3522 2424 3624 2481 Illa

1965 2526 2109 2567 vero
2134 2526 2271 2583 quae
2297 2510 2357 2566 in
2377 2510 2527 2566 lecto
2549 2508 2961 2573 decumbebat,
2983 2511 3234 2565 surrexit
3256 2514 3312 2567 et
3334 2511 3626 2569 ministra-

1967 2598 2075 2656 bat
2094 2600 2165 2654 ei.

319 2694 388 2743 Σύ
431 2687 493 2743 δέ
546 2710 640 2763 μοι
698 2692 968 2763 θαύμασον
1028 2693 1120 2748 τὴν
1175 2686 1567 2761 συγκατάϐασιν
1622 2693 1713 2739 τοῦ
1772 2692 1857 2739 Δε-

2040 2690 2124 2745 Tu
2152 2702 2389 2760 quoque
2420 2687 2565 2744 mihi
2596 2686 2915 2755 admirare,
2944 2691 3241 2759 quantum
3272 2704 3399 2745 sese
3425 2690 3627 2745 Domi-

248 2787 474 2847 σπότου,
537 2788 649 2840 πῶς
717 2780 811 2831 ούκ
866 2777 1158 2841 ἀπηξίωσεν
1225 2776 1468 2831 εἰσελθεῖν
1538 2776 1608 2836 εἰς
1666 2774 1860 2848 φαύλην

2008 2792 2084 2832 us
2104 2776 2401 2848 dejecerit.
2450 2779 2579 2832 Non
2609 2775 2973 2845 dedignatus
2995 2781 3086 2832 est
3109 2777 3279 2833 vilem
3301 2779 3626 2850 piscatoris

245 2869 418 2921 οἰκίαν
462 2868 669 2933 ἁλιέως,
726 2869 837 2940 οἶμα
862 2871 953 2940 μὲν
1005 2876 1166 2940 τιμῶν
1216 2871 1303 2919 τόν
1354 2867 1614 2938 μαθητὴν,
1642 2864 1751 2937 ἅμα
1802 2861 1861 2917 δὲ

2012 2882 2219 2922 omum
2238 2864 2469 2935 ingredi
2493 2883 2505 2921 :
2535 2865 2674 2920 hinc
2694 2865 2941 2936 quidem
2969 2870 3023 2921 et
3048 2865 3407 2938 discipulum
3433 2868 3626 2924 hono-

247 2954 531 3010 διδάσκων
585 2959 747 3028 ἡμᾶς,
805 2961 877 3028 μὴ
949 2953 1252 3019 κενοδοξεῖν
1322 2954 1609 3026 Ἀψάμενος
1656 2951 1715 3006 δὲ
1766 2961 1859 3015 τῆς

2008 2971 2132 3025 ans,
2165 2958 2221 3011 et
2247 2954 2425 3009 simul
2453 2953 2677 3009 docens
2705 2969 2814 3009 nos
2851 2970 2925 3008 ne
2952 2970 3124 3010 vanae
3156 2955 3360 3025 gloriae
3390 2958 3626 3013 studea-

244 3051 427 3121 χειρὸς
476 3046 660 3113 αὐτῆς,
714 3046 772 3097 ού
825 3050 977 3117 μόνον
1033 3049 1118 3097 τόν
1171 3048 1388 3119 πυρετὸν
1441 3042 1670 3107 ἔσϐεσεν,
1734 3040 1862 3094 ἀλλὰ

2008 3060 2129 3099 ωε.
2160 3042 2308 3098 Cum
2336 3048 2535 3097 autem
2560 3057 2736 3097 manu
2759 3042 3244 3112 illamtetigisset,
3270 3060 3393 3099 non
3430 3046 3626 3101 solum

244 3142 335 3188 καὶ
412 3138 655 3211 καθαρὰν
726 3134 873 3197 εύθύς
942 3134 1204 3187 ἀπέδωκεν
1280 3133 1405 3191 αύτῆ
1492 3137 1585 3191 τὴν
1661 3133 1858 3203 ὑγείαν.

2011 3132 2185 3187 sbrim
2216 3129 2515 3191 exstinxit,
2545 3145 2755 3185 verum
2778 3130 2958 3185 etiam
2984 3130 3280 3201 integram
3313 3134 3364 3187 ei
3396 3134 3629 3191 tradidit

248 3227 480 3299 Ἠγέρθη
518 3228 645 3298 γὰρ,
678 3229 769 3276 καὶ
820 3224 1009 3276 αὐτίκα
1056 3221 1305 3282 διηκόνει.
1365 3226 1547 3275 Καίτοι
1602 3221 1734 3292 μετά
1769 3223 1862 3277 τὴν

2010 3221 2309 3277 anitatem.
2342 3218 2605 3276 Surrexit
2624 3218 2801 3283 enim,
2835 3221 2890 3274 et
2920 3220 3203 3275 continuo
3232 3220 3628 3279 ministrabat.

249 3313 566 3385 ἀπαλλαγὴν
646 3320 741 3365 τοῦ
795 3319 1039 3385 πυρετοῦ,
1103 3312 1290 3365 πολλοῦ
1354 3308 1438 3363 δεῖ
1508 3314 1702 3384 χρόνου
1759 3314 1863 3369 τοῖς

2012 3309 2145 3382 .tqui
2172 3308 2374 3365 ablata
2399 3308 2579 3363 etiam
2607 3307 2775 3373 febri,
2800 3306 3215 3364 laborantibus
3234 3309 3416 3379 longo
3473 3327 3630 3385 Opus

248 3406 571 3475 κάμνουσιν,
646 3404 778 3463 ὥστε
832 3406 927 3460 τὴν
987 3406 1239 3474 προτέραν
1292 3401 1467 3472 ὑγείαν
1516 3398 1631 3469 (75)
1684 3396 1863 3450 ἐπανα-

2013 3404 2061 3455 st
2098 3400 2407 3470 temporet,
2456 3402 2521 3454 ut
2565 3397 2824 3470 priorem
2867 3398 3155 3469 recipiant
3190 3400 3523 3456 sanitatem.
3568 3402 3631 3456 In

249 3493 449 3546 λαϐεῖν.
500 3496 603 3545 Καὶ
666 3490 747 3543 ἐπὶ
821 3500 917 3552 τῆς
988 3490 1255 3552 θαλάσσης
1323 3486 1401 3555 δὲ,
1461 3488 1517 3540 ού
1565 3492 1716 3560 μόνον
1770 3492 1863 3545 τὴν

2015 3488 2127 3545 ιθ.τὶ
2157 3503 2395 3560 quoque
2416 3501 2539 3543 non
2570 3486 2765 3543 solum
2794 3490 3199 3557 tempestatem
3230 3488 3475 3555 sedavit,
3528 3490 3633 3546 sed

254 3583 423 3645 ζάλην
481 3584 724 3645 ἔστησεν,
784 3580 910 3632 αλλά
960 3583 1047 3631 καὶ
1102 3583 1187 3631 τὸν
1264 3579 1417 3631 σάλον
1470 3586 1568 3629 τῶν
1625 3575 1867 3649 κυμάτων

2014 3578 2153 3634 tiam
2172 3576 2455 3631 ﬂuctuum
2474 3576 2943 3631 commotionem
2970 3576 3255 3641 cohibuit,
3274 3594 3409 3633 cum
3428 3583 3632 3634 tamen

253 3673 481 3726 ἔπαυσε.
536 3676 725 3723 Καίτοι
784 3672 914 3742 μετά
967 3673 1061 3727 τὴν
1096 3668 1253 3731 ζάλην
1304 3672 1439 3739 μένει
1482 3671 1645 3740 μέχρι
1680 3665 1867 3718 πολλοῦ

2020 3670 2112 3721 ost
2142 3670 2554 3737 tempestatem
2584 3664 2807 3720 diutius
2860 3671 3103 3721 maneat
3146 3682 3443 3738 aquarum
3473 3684 3635 3725 com-

250 3766 320 3813 τᾶ
372 3758 557 3814 ὕδατα
610 3759 941 3831 σαλευόμενα.
1010 3758 1160 3809 Οῦτω
1212 3760 1310 3829 γὰρ
1368 3752 1505 3808 οἶδεν
1564 3757 1589 3807 6
1639 3756 1868 3828 Χριστός

2016 3754 2185 3809 Jotio.
2213 3758 2297 3810 lta
2318 3753 2475 3808 enim
2493 3754 2657 3809 novit
2685 3754 2975 3819 Christus,
2998 3754 3177 3809 simul
3198 3760 3253 3811 et
3276 3757 3439 3827 quod
3468 3759 3634 3827 aegri-

252 3854 390 3922 ὁμοῦ
446 3856 539 3902 καὶ
587 3853 645 3901 τό
696 3848 935 3920 ἐνοχλοῦν
988 3844 1153 3900 δεινὸν
1199 3846 1353 3913 λύειν,
1404 3849 1493 3897 καὶ
1542 3848 1637 3902 τὴν
1690 3847 1869 3917 προτέ-

2016 3842 2184 3898 idine
2214 3842 2492 3899 allectum
2520 3848 2607 3899 est
2638 3842 2883 3912 solvere,
2917 3846 2976 3898 et
3016 3843 3077 3898 in
3125 3845 3384 3915 priorem
3413 3850 3634 3902 statum

248 3961 351 4013 ραν
380 3935 708 3992 ἀποδιδόναι
739 3939 1063 3989 κατάστασιν
1075 3978 1086 3990 .

668 3958 708 3990 ιιι
739 3939 1086 3990 κατάστασιν.
1978 3946 2286 4003 reponere.

444 4051 599 4103 ΚΕΦ.
630 4045 713 4099 6'.
759 4047 887 4118 Περὶ
919 4052 1015 4095 τῶν
1045 4042 1282 4095 ἰαθέντων
1318 4039 1418 4093 ἀπὸ
1448 4040 1693 4093 ποικίλων
2052 4044 2062 4089 t

2052 4038 2215 4096 CAP.
2258 4038 2344 4094 IX.
2390 4039 2476 4094 De
2501 4038 2725 4094 curatis
2759 4052 2797 4095 a
2826 4038 3005 4094 variis
3048 4039 3515 4107 inﬁrmitatibus.

972 4151 1155 4186 νοσων.

324 4246 531 4317 Ὀψίας
564 4274 632 4283 —
663 4242 813 4315 λόγω.
868 4240 1053 4311 Ὀψίαν
1081 4240 1217 4311 (74),
1262 4241 1319 4291 τὸ
1352 4238 1486 4298 τελος
1527 4244 1623 4299 τῆς
1674 4238 1872 4311 ἡμέρας

2053 4236 2194 4291 Vers
2218 4236 2303 4291 16.
2343 4234 2597 4303 Vespera
2626 4264 2694 4273 —
2714 4234 2912 4289 verbo.
2947 4236 3269 4306 Vesperam
3295 4234 3478 4290 ﬁnem
3518 4235 3634 4293 diei

247 4337 531 4409 ὠνόμασε.
585 4337 673 4386 Διό
718 4337 807 4384 καὶ
843 4333 867 4383 ό
899 4333 1104 4404 Μάρκος
1155 4332 1242 4381 καὶ
1284 4330 1310 4380 ό
1338 4334 1545 4388 Λουκᾶς
1575 4328 1865 4400 προστεθεί-

2016 4324 2329 4380 .ominavit.
2362 4322 2499 4378 Ideo
2548 4323 2776 4377 Marcus
2804 4324 2851 4358 εδ
2882 4329 2937 4378 et
2962 4324 3147 4378 Lucas
3179 4325 3226 4357 ⁵⁸
3260 4323 3634 4392 ,ωθῑιίὶοοθω

247 4445 439 4490 κασιν,
506 4426 586 4475 ότι
628 4420 750 4474 Ὀτε
783 4417 873 4473 ἔδυ
919 4421 945 4471 6
999 4418 1161 4485 ἣλιος,
1213 4422 1554 4491 φανερώτερον
1604 4412 1865 4473 δηλώσαν-

2020 4426 2222 4484 uoque
2248 4411 2511 4466 fecerunt
2541 4410 2615 4465 de
2645 4425 2865 4466 occasu
2923 4410 3086 4477 solis,
3138 4410 3511 4468 manifestius
3539 4412 3638 4469 de-

249 4536 333 4577 τες
358 4519 451 4567 τόν
504 4516 705 4586 καιρόν
741 4512 766 4562 6
809 4513 898 4582 μεν
934 4511 1035 4583 γὰρ
1088 4503 1349 4580 δημώδης
1402 4505 1562 4577 ὄχλος
1605 4502 1867 4575 ἀναμείνας

2021 4505 2381 4557 monstrantes
2412 4504 2670 4571 tempus.
2700 4499 3009 4572 Popularis
3035 4502 3195 4557 enim
3224 4502 3399 4557 turba
3428 4518 3639 4575 exspe-

250 4612 352 4664 τὴν
379 4602 546 4656 δύσιν
576 4608 667 4653 τοῦ
698 4599 868 4665 ἡλίου,
914 4594 1007 4650 διὰ
1029 4601 1121 4655 τὴν
1152 4604 1243 4648 τοῦ
1274 4593 1539 4647 Σαϐϐάτου
1571 4598 1868 4667 παρατήρη-

2019 4595 2141 4647 tato
2172 4589 2310 4646 solis
2336 4604 2559 4645 occasu
2588 4594 2830 4661 propter
2854 4589 3101 4647 Sabbati
3127 4590 3635 4659 observationem,

260 4714 367 4759 σιν,
405 4694 546 4744 οὕτω
574 4693 692 4749 τοὺς
716 4690 1023 4760 πάσχοντας
1054 4689 1407 4760 προσήγαγεν·
1447 4685 1495 4736 οἱ
1529 4680 1588 4735 δε
1617 4685 1869 4755 μαθηταί,

2020 4679 2209 4736 morbis
2263 4684 2405 4734 tunc
2443 4677 2787 4734 laborantes
2817 4678 3071 4735 adduxit
3113 4696 3126 4747 ;
3164 4679 3444 4752 discipuli
3498 4697 3638 4738 vero

260 4790 351 4835 καὶ
400 4785 506 4856 πρό
562 4789 657 4840 τῆς
709 4786 800 4831 τοῦ
831 4778 978 4836 ἡλίου
1025 4772 1247 4841 δύσεως,
1297 4772 1651 4848 παρεκάλεσαν
1696 4771 1869 4837 αὐτὸν,

2020 4770 2163 4825 tiam
2190 4772 2326 4824 ante
2349 4767 2493 4823 solis
2540 4783 2823 4824 occasum
2857 4768 3158 4840 deprecati
3190 4775 3324 4825 sunt
3350 4785 3488 4824 eum
3531 4786 3638 4841 pro

264 4870 527 4923 ἰάσασθαι
581 4874 674 4927 τὴν
727 4870 1120 4942 πυρέσσουσαν,
1160 4863 1251 4915 ἅτε
1297 4866 1386 4914 καὶ
1433 4865 1680 4935 πρότερον
1726 4856 1872 4912 ίδόν-

2021 4858 2174 4915 alute
2200 4856 2613 4923 febricitantis,
2638 4862 2701 4913 ut
2739 4858 2843 4930 qui
2884 4859 3147 4930 primum
3178 4859 3453 4915 viderant
3499 4875 3639 4915 eum

264 4980 341 5022 τες
408 4960 568 5012 αὐτόν
632 4956 1050 5031 ἀπαρατηρήτως
1107 4952 1154 5004 έν
1205 4950 1452 5004 Σαϐϐάτω
1505 4951 1869 5023 θεραπεύοντα,

2021 4947 2114 5003 ine
2139 4946 2371 5002 delectu
2402 4945 2666 5002 Sabbato
2694 4952 3025 5012 curantem,
3060 4963 3130 5003 ac
3151 4946 3484 5003 didicerant
3512 4948 3638 5018 jam

264 5056 348 5102 καὶ
392 5051 754 5123 μεμαθηκότες
812 5041 922 5104 ἤδη
1004 5041 1127 5115 παρ’
1180 5040 1363 5109 αὐτοῦ,
1420 5044 1581 5093 ποίων
1635 5040 1723 5111 μὲν
1793 5039 1875 5108 ἔρ-

2018 5035 2063 5092 b
2085 5034 2205 5100 illo,
2260 5050 2296 5090 a
2324 5034 2547 5123 quibus
2576 5034 2863 5106 operibus
2918 5035 3218 5092 abstinere
3242 5035 3479 5123 juberet
3520 5035 3636 5105 lex,

264 5159 359 5210 γων
411 5139 711 5214 ἀπέχεσθαι
770 5131 1088 5210 προσέταξεν
1144 5132 1170 5183 ό
1222 5134 1341 5205 περὶ
1392 5136 1490 5191 τῆς
1542 5126 1723 5202 ἀργίας
1779 5131 1873 5179 τοῦ

2023 5140 2122 5214 me
2151 5124 2226 5181 de
2265 5122 2510 5214 Sabbati
2531 5123 2729 5197 quiete
2760 5127 2981 5182 statuta
3008 5128 3155 5194 erat,
3202 5127 3259 5181 et
3304 5122 3470 5197 quali
3500 5138 3641 5199 asa:

263 5213 510 5288 Σαϐϐάτον
534 5237 717 5307 νόμος,
746 5230 885 5281 ποῖα
910 5218 945 5276 δ
949 5226 972 5275 ‘s
1001 5224 1228 5294 μετιέναι
1246 5223 1619 5293 παρεχώρησε.

950 5226 972 5275 ε
1001 5224 1228 5294 μετιέναι
1246 5223 1619 5293 παρεχώρησε.
1987 5213 2154 5287 gredi
2180 5213 2568 5287 permitteret.

313 5363 358 5401 υ
380 5365 535 5425 κει-ε
574 5377 614 5429 ι,
651 5358 749 5416 29.
882 5348 933 5385 ⁵⁴
966 5346 1101 5403 Luc.
1132 5360 1205 5414 ιν,
1239 5343 1330 5401 38.
1444 5343 1492 5382 ⁸⁵
1518 5342 1698 5410 Marc,
1731 5357 1771 5398 ι.
1801 5342 1894 5399 32.

882 5348 933 5385 ⁵⁴
966 5346 1101 5403 Luc.
1132 5360 1205 5414 ιν,
1239 5343 1330 5401 38.
1444 5343 1492 5382 ⁸⁵
1518 5342 1698 5410 Marc,
1731 5357 1771 5398 ι.
1801 5342 1894 5399 32.
2008 5341 2056 5377 ⁵⁸
2084 5342 2221 5397 Luc.
2248 5356 2321 5405 1v,
2354 5340 2447 5397 40.

1475 5495 1703 5569 Variae
1727 5494 2054 5565 lectiones
2083 5503 2150 5563 et
2186 5502 2391 5563 notae.

271 5689 372 5771 (73)
407 5659 785 5757 παραλαϐεῖν
839 5654 914 5704 Α·
2062 5638 2179 5713 (74)
2206 5636 2364 5711 ὀψίας
2385 5636 2456 5693 Α.
