4098 6396
564 352 661 411 291

567 573 728 625 tenta
779 585 965 623 manu
1012 571 1199 632 curat,
1246 573 1310 623 ut
1363 568 1422 623 in
1480 585 1655 625 socru
1703 570 2217 636 Petri;interdum

567 661 765 713 autem
790 656 974 713 verbo
1016 656 1286 728 loquens,
1321 662 1383 711 ut
1418 657 1477 712 in
1500 673 1688 729 puero
1740 660 2122 723 centurionis,
2163 663 2219 716 et

563 746 625 802 in
654 746 745 801 his
774 746 1158 801 dmmoniacis
1183 762 1195 800 :
1224 746 1592 818 quandoque
1620 752 1942 821 utrumque
1967 748 2212 816 faciens,

564 840 629 891 ut
684 836 745 892 in
776 835 1036 907 leproso.
1106 834 1374 891 Ostendit
1424 836 1583 891 enim
1625 851 1689 892 se
1742 838 2213 910 omnipotentem

563 940 710 980 esse.

635 1016 797 1070 Vers.
854 1015 940 1070 16.
986 1015 1065 1069 Et
1120 1045 1189 1054 —
1240 1012 1403 1070 Vers.
1441 1015 1526 1068 17.
1581 1015 1869 1071 Portavit.
1920 1016 2030 1071 Per
2085 1015 2214 1073 lan-

565 1118 781 1174 guores
833 1108 890 1160 et
940 1102 1182 1159 morbos
1235 1101 1328 1157 hic
1354 1102 1503 1158 mihi
1551 1102 1811 1175 intellige
1854 1103 2211 1175 languorum

562 1210 633 1250 ac
666 1193 1011 1249 morborum
1033 1198 1247 1247 reatus.
1269 1192 1417 1247 Cum
1440 1191 1601 1248 enim
1622 1191 1940 1262 languores
1957 1209 2027 1250 ac
2063 1194 2212 1249 mul-

561 1287 653 1339 tos
684 1282 976 1353 patientes
1028 1282 1269 1337 morbos
1318 1281 1564 1347 curavit,
1597 1281 1658 1335 in
1705 1281 1970 1353 seipsum
2003 1297 2211 1339 eorum

556 1376 778 1428 reatum
816 1370 1113 1426 transtulit
1144 1388 1157 1435 ;
1192 1370 1326 1425 dico
1369 1384 1513 1425 sane
1555 1368 1793 1426 labores
1820 1377 1878 1426 et
1933 1376 2207 1428 mortem.

558 1460 698 1516 Ideo
726 1460 903 1515 etiam
925 1458 1147 1514 multos
1160 1457 1730 1529 perpessuslabores
1758 1464 2025 1531 tempore
2055 1476 2214 1516 acer-

558 1549 653 1604 bae
683 1548 986 1605 Passionis
1012 1551 1279 1603 mortuus
1295 1550 1403 1602 est.
1429 1547 1543 1603 Sed
1571 1549 1878 1604 Matthaeus
1908 1549 1982 1605 de
2004 1565 2212 1621 corpo-

557 1637 783 1693 ralibus
808 1635 1200 1706 languoribus
1228 1651 1297 1690 ac
1325 1634 1553 1690 morbis
1584 1637 1991 1708 metaphorico
2028 1638 2211 1695 verbo

558 1726 818 1798 loquitur
851 1742 863 1791 ;
893 1726 1075 1780 Isaias
1107 1740 1247 1780 vero
1262 1724 1581 1795 languores
1606 1730 1662 1781 et
1691 1724 1936 1781 morbos
1965 1733 2212 1797 peccata

1882 350 2235 413 EUTHYMII
2272 352 2609 421 ZIGABENl

642 479 907 536 Observa
928 493 1171 551 quoque
1202 493 1324 551 quo
1349 483 1527 551 pacto
1546 479 1843 536 interdum
1866 481 2111 553 quidem
2125 499 2218 538 ex-
2250 483 2293 538 A

2402 492 2785 560 Παρατήρησον
2845 487 2923 561 δε,
3008 503 3116 558 πῶς
3199 501 3320 553 ποτε
3377 504 3466 573 μὲν
3539 504 3752 564 ἐκτείνων
3801 522 3878 576 τὴν

2327 581 2485 647 χεῖρα
2543 578 2829 649 θεραπεύει,
2899 583 2966 643 ὡς
3020 582 3102 636 ἐπὶ
3137 594 3223 647 τῆς
3269 596 3360 641 τοῦ
3415 597 3599 668 Πέτρου
3645 604 3875 675 πενθερᾶς·

2326 666 2449 715 ποτε
2502 660 2561 715 δὲ
2625 664 2776 737 λόγον
2836 668 3013 741 λέγων,
3044 676 3108 733 ὡς
3159 674 3242 728 ἐπὶ
3299 686 3392 731 τοῦ
3444 680 3622 746 παιδὸς
3670 698 3750 741 τοῦ
3785 690 3878 745 ἐκα-

2325 754 2638 823 τοντάρχου,
2714 763 2802 808 καὶ
2868 757 2949 811 ἐπὶ
3018 770 3118 813 τῶν
3195 761 3628 842 δαιμονιζομένων
3694 782 3876 832 τούτων·

2324 842 2447 891 ποτε
2523 838 2581 894 δὲ
2628 849 2716 895 καὶ
2774 844 3036 922 ἀμφότερα
3090 860 3272 923 ποιῶν,
3327 859 3393 917 ὡς
3434 856 3515 912 ἐπὶ
3565 870 3651 914 τοῦ
3699 865 3877 941 λεπροῦ.

2324 932 2561 981 Δείκνυσι
2590 934 2711 1004 γάρ,
2745 935 2823 986 ὃτι
2851 935 3247 1012 παντοδύναμός
3277 942 3408 1000 ἐστι.

2397 1022 2496 1070 Καὶ
2554 1050 2619 1061 --
2676 1020 2979 1077 ἐϐάστασεν·
3054 1027 3343 1093 Ἀσθενείας
3411 1040 3499 1089 καὶ
3569 1044 3740 1104 νόσους
3798 1050 3883 1098 νόει

2322 1124 2413 1176 μοι
2467 1114 2575 1177 νῦν,
2633 1112 2720 1171 τὰς
2784 1121 2883 1164 τῶν
2960 1112 3232 1171 ἀσθενειῶν
3305 1127 3395 1176 καὶ
3466 1129 3625 1180 νόσων
3690 1129 3879 1203 ὀφειλάς.

2320 1200 2435 1246 Τῶν
2486 1199 2586 1272 γὰρ
2666 1198 2936 1253 ἀσθενειῶν
3025 1211 3113 1258 καὶ
3165 1212 3328 1261 νόσων
3398 1212 3726 1289 ἐλευθερώσας
3783 1226 3885 1284 τοὺς

2321 1286 2647 1356 πάσχοντας,
2703 1287 2777 1361 ἐφ’
2832 1290 3010 1345 ἑαυτὸν
3064 1301 3351 1367 μετέστησε
3405 1306 3464 1355 τὸ
3518 1310 3666 1378 χρέος
3719 1309 3880 1377 αὐτῶν,

2321 1370 2452 1443 λέγω
2512 1372 2604 1439 δὴ,
2664 1382 2785 1441 τοὺς
2842 1385 3026 1442 πόνους
3079 1390 3167 1438 καὶ
3223 1392 3309 1440 τὸν
3374 1391 3606 1445 θάνατον.
3665 1399 3745 1449 Διὸ
3790 1404 3884 1468 καὶ,

2322 1461 2541 1525 πολλούς
2591 1470 2782 1530 πόνους
2830 1470 3064 1531 ὑποστὰς
3124 1472 3172 1524 έν
3230 1485 3301 1528 τῶ
3367 1489 3532 1553 καιρῷ
3578 1490 3666 1535 τοῦ
3712 1484 3882 1557 ἀχράν-

2322 1569 2412 1601 του
2470 1555 2687 1620 πάθους,
2750 1556 3015 1615 ἀπέθανεν.
3092 1562 3245 1616 Ἀλλὰ
3309 1570 3574 1634 Ματθαῖος
3650 1555 3886 1649 μενῖῗπερὶ

2325 1652 2632 1711 σωματικῶν
2690 1644 2965 1703 ἀσθενειῶν
3029 1658 3117 1705 καὶ
3192 1659 3355 1707 νόσων
3436 1656 3562 1729 εἷπε,
3618 1663 3884 1733 μεταλαϐών

2320 1731 2378 1779 τὸ
2415 1731 2592 1802 ῥητόνο
2653 1732 2868 1797 Ἡσαΐας
2942 1736 3002 1792 δὲ
3076 1740 3338 1805 ἀσθενείας
3416 1752 3509 1799 καὶ
3562 1754 3756 1815 νόσους,
3809 1755 3888 1814 τὰς

559 1815 894 1887 appellavit,
948 1830 1084 1886 quas
1127 1813 1390 1869 Christus
1448 1829 1683 1869 sumere
1724 1829 1794 1913 ac
1839 1819 2075 1913 portare
2124 1817 2197 1872 di-

2321 1816 2579 1893 ἁμαρτίας
2628 1822 2910 1895 ὠνόμασεν,
2964 1828 3024 1889 ἃς
3093 1832 3120 1884 ὁ
3174 1837 3404 1905 Χριστὸς
3462 1836 3629 1890 λαϐεῖν
3679 1846 3761 1892 καὶ
3800 1840 3888 1913 βα-

557 1905 706 1959 citur
735 1905 794 1958 in
849 1903 1097 1959 modum
1141 1902 1412 1958 victimae.
1452 1904 1597 1957 Nam
1646 1902 1870 1959 animal
1894 1904 2061 1975 quod
2100 1921 2209 1977 pro

555 1993 815 2066 peccatis
840 1992 920 2048 ad
932 1993 1229 2048 victimam
1256 1991 1718 2063 producebatur,
1754 1992 2208 2064 quodammodo

555 2086 801 2153 peccata
825 2081 1098 2136 omnium
1121 2081 1178 2135 in
1213 2081 1480 2150 seipsum
1509 2079 1878 2151 suscipiebat
1901 2096 1972 2137 ac
2002 2086 2207 2153 porta-

554 2171 680 2235 bat,
705 2175 760 2225 et
778 2169 1073 2241 p0pulum
1094 2167 1335 2239 quidem
1365 2167 1461 2223 his
1489 2167 1801 2234 liberabat,
1835 2169 2037 2241 ipsum
2064 2186 2206 2227 vero

554 2262 800 2329 propter
825 2257 950 2312 haec
970 2255 1382 2327 jugulabatur.
1413 2255 1657 2311 Pulchre
1681 2260 1882 2313 autem
1905 2258 2207 2331 propheti-

554 2361 694 2400 cum
750 2345 977 2400 dictum
1034 2343 1461 2414 transsumpsit
1521 2344 1904 2414 evangelista.
1961 2345 2205 2403 Plurimi

553 2434 850 2507 siquidem
871 2434 1191 2503 languores
1212 2448 1281 2488 ac
1305 2432 1499 2487 morbi
1520 2432 1860 2504 corporales
1887 2450 1923 2490 a
1948 2436 2205 2506 peccatis

552 2524 842 2587 oriuntur,
877 2522 1031 2577 sicut
1068 2522 1129 2576 in
1158 2535 1481 2592 progressu
1521 2520 1905 2578 docebimur:
1939 2524 2203 2596 nihilque

557 2615 711 2667 vetat
738 2611 866 2666 haec
895 2625 1131 2682 quoque
1159 2609 1360 2664 vocari
1379 2616 1641 2681 peccata.

622 2701 781 2754 Vers.
810 2700 897 2754 18.
929 2699 1071 2754 Cum
1099 2704 1294 2754 autem
1324 2698 1561 2754 vidisset
1582 2728 1651 2740 —
1673 2698 1737 2755 in
1759 2700 2101 2757 ulteriorem
2123 2702 2202 2757 ri-

548 2803 712 2858 pam.
750 2787 930 2842 Jussit
958 2787 1072 2843 hoc
1110 2786 1437 2859 discipulis.
1486 2787 1670 2843 Simul
1696 2788 1935 2859 quidem
1978 2806 2051 2845 ne
2078 2790 2201 2862 glo-

548 2879 648 2934 riae
681 2877 937 2948 cupidus
964 2876 1275 2944 videretur,
1308 2875 1487 2930 simul
1520 2876 1699 2932 etiam
1732 2882 1794 2932 ut
1838 2878 2071 2935 invidiae
2099 2881 2199 2936 Ju-

546 2968 817 3022 dteorum
866 2964 1216 3021 mederetur.
1272 2965 1557 3022 Praeterea
1598 2966 1896 3023 instruens
1942 2983 2074 3036 nos,
2135 2974 2198 3026 ut

546 3056 927 3114 admirationi
951 3054 1161 3110 haberi
1191 3052 1515 3123 fugiamus.

578 3182 727 3239 CAP.
759 3183 819 3237 X.
846 3181 924 3237 De
949 3195 1009 3237 eo
1040 3179 1135 3236 cui
1162 3195 1281 3235 non
1318 3178 1583 3249 permisit
1615 3184 1682 3236 ut
1707 3196 1767 3238 se
1795 3189 2156 3254 sequeretur.
2226 3179 2267 3235 C

614 3362 765 3416 Vers.
822 3360 908 3417 19.
942 3358 1023 3414 Et
1051 3388 1118 3397 —
1150 3358 1313 3413 ieris.
1360 3356 1462 3411 Hic
1492 3356 1719 3427 Scriba,
1746 3372 1884 3414 cum
1922 3360 2193 3431 pecunia:

540 3449 756 3507 avidus
786 3451 958 3511 esset,
991 3445 1412 3518 suspicabatur
1435 3445 1634 3501 Jesum
1668 3461 1741 3502 ex
1772 3447 2075 3504 miraculis
2107 3449 2191 3505 di-

537 3539 712 3596 vitias
724 3536 943 3594 multas
956 3535 1250 3605 colligere,
1266 3533 1630 3606 etsperabat,
1645 3536 1809 3607 quod
1825 3536 1874 3591 si
1886 3536 1946 3592 in
1960 3553 2191 3595 morem

537 3626 809 3698 discipuli
824 3624 988 3680 illum
1006 3626 1372 3695 sequeretur,
1389 3622 1660 3694 copiosas
1675 3623 2026 3681 collecturus
2039 3631 2192 3683 esset

532 3714 786 3771 divitias.
811 3711 1076 3771 Christus
1098 3726 1238 3781 ergo
1261 3710 1499 3781 cognito
1526 3711 1669 3782 quid
1681 3711 1874 3781 vellet,
1896 3715 1975 3771 ad
1996 3714 2187 3771 inten-

536 3808 666 3861 tum
691 3804 819 3874 ejus
849 3800 1190 3872 respondet.
1226 3802 1290 3855 Et
1317 3799 1453 3857 vide
1482 3801 1630 3872 quid
1660 3800 1839 3859 dicat.

608 3895 773 3948 Vers.
800 3893 889 3946 20.
918 3891 1081 3945 Et—
1125 3890 1393 3945 reclinet.
1440 3891 1506 3945 Et
1544 3889 1849 3962 vulpibus,
1882 3891 2093 3965 inquit,
2130 3899 2188 3952 et

534 3981 876 4038 volucribus
910 3978 1040 4035 coeli
1064 3994 1199 4034 sum
1225 3979 1546 4050 pauperior
1577 3997 1591 4033 :
1620 3993 1815 4052 neque
1847 3982 2005 4038 enim
2027 3999 2185 4041 rece-

530 4069 841 4143 ptaculum
871 4067 1083 4132 habeo,
1117 4082 1226 4122 nec
1256 4070 1551 4138 quantum
1598 4068 1858 4125 sufﬁciat
1887 4070 1965 4126 ad
2009 4078 2184 4144 caput

533 4164 765 4216 tantum
795 4154 1234 4213 reclinandum.
1257 4154 1423 4210 Tales
1454 4159 1655 4211 autem
1678 4172 1805 4213 esse
1836 4158 1965 4214 volo
1995 4165 2052 4217 et
2080 4176 2182 4217 eos

527 4248 633 4319 qui
649 4263 741 4303 me
755 4247 1104 4318 sequuntur.
1130 4243 1334 4314 Itaque
1352 4241 1575 4299 frustra
1588 4244 1925 4315 suspicatus
1950 4262 2030 4313 es,
2053 4250 2181 4304 etin

526 4352 748 4392 vanum
768 4332 1045 4407 sperasti.
1076 4334 1143 4387 Et
1160 4332 1270 4387 hoc
1294 4336 1469 4402 pacto
1491 4330 1804 4404 dupliciter
1825 4333 1989 4390 illum
2005 4336 2176 4407 juvit,

527 4429 583 4482 et
607 4422 1045 4480 manifestando
1075 4421 1239 4493 quod
1268 4420 1484 4477 animae
1515 4420 1669 4478 illius
1696 4438 1919 4481 arcana
1950 4431 2174 4499 nosset,

526 4512 753 4569 etillum
782 4526 905 4568 non
929 4509 1585 4579 manifeste'arguendo,
1606 4512 1709 4568 sed
1726 4512 1838 4584 ipsi
1860 4514 1969 4570 soli
1982 4530 2178 4589 repre-
2210 4513 2255 4568 D

524 4602 876 4659 hensionem
908 4599 1252 4673 aperiendo,
1295 4604 1360 4655 ut
1382 4603 1440 4656 et
1466 4601 1761 4673 pudorem
1788 4602 2091 4675 effugeret,
2122 4610 2178 4664 et

524 4690 575 4747 si
599 4689 766 4747 vellet
789 4690 1201 4759 corrigeretur.
1234 4690 1355 4744 Hoc
1384 4692 1585 4745 autem
1626 4689 1903 4757 dicendo,
1933 4708 2054 4750 non
2080 4711 2177 4751 ve-

523 4780 634 4837 tuit
659 4794 721 4835 se
751 4778 940 4851 sequi,
974 4777 1079 4834 sed
1103 4776 1306 4834 docuit
1331 4778 1497 4849 quod
1529 4794 1790 4851 sequens
1819 4796 1943 4837 non
1972 4782 2177 4841 inven-

522 4875 691 4929 turus
716 4872 875 4925 esset
902 4867 1135 4924 lucrum
1169 4866 1329 4939 quod
1362 4868 1693 4939 quaerebat.
1737 4868 2029 4928 Caeterum
2076 4872 2173 4930 ille

520 4956 874 5028 intelligens,
916 4955 1083 5028 quod
1116 4956 1390 5027 cognitus
1437 4962 1615 5023 esset,
1667 4972 1738 5014 ac
1766 4958 1993 5016 intento
2025 4959 2174 5017 frus-

519 5050 732 5113 tratus,
763 5045 945 5104 siluit.

502 5148 505 5151 λ
591 5136 850 5203 Quidam
890 5149 1035 5192 vero
1085 5134 1308 5205 dicunt,
1348 5134 1513 5208 quod
1556 5149 1980 5208 praegnoscens
2029 5153 2170 5196 eum

521 5226 808 5295 Christus,
826 5240 949 5282 non
963 5225 1157 5282 solum
1174 5226 1775 5297 pecuniarumamori
1792 5228 2166 5298 servientem,

519 5314 627 5370 sed
651 5315 782 5371 aliis
809 5332 1046 5388 quoque
1068 5313 1400 5381 affectibus,
1425 5316 1757 5386 anagogice
1774 5319 2167 5391 responderit,

520 5402 721 5474 vulpes
736 5419 805 5460 ac
818 5404 1085 5459 volucres
1097 5403 1398 5475 appellans
1411 5404 1702 5461 dmmones
1715 5412 1950 5479 propter
1961 5409 2169 5466 dolum

516 5490 776 5558 illorum,
806 5496 863 5549 et
877 5493 1041 5564 quod
1058 5492 1389 5549 seminibus
1401 5510 1471 5550 ac
1489 5494 1776 5552 fructibus
1792 5497 2063 5554 virtutem
2082 5499 2170 5556 in-

520 5579 850 5649 sidiendur,
869 5597 938 5639 ac
951 5582 1001 5638 si
1022 5582 1239 5640 diceret
1254 5600 1268 5639 :
1282 5583 1594 5642 Daemones
1612 5584 1853 5657 quidem
1872 5586 2074 5646 foveas
2098 5605 2169 5647 ac

2321 1910 2515 1960 aras-al
2565 1909 2783 1981 λέγεται,
2844 1910 2998 1974 δίκην
3049 1920 3295 1992 θύματος.
3346 1927 3415 1977 Τὸ
3474 1928 3571 1999 γὰρ
3621 1927 3684 1988 εἰς
3726 1909 3886 1981 θυσίαν

2317 2002 2705 2070 προσαγόμενον
2775 2006 2902 2064 ζῶον
2969 2008 3093 2082 ὑπὲρ
3146 2009 3413 2085 ἁμαρτιῶν
3467 2022 3557 2067 τοῦ
3609 2015 3745 2087 λαοῦ,
3787 2023 3888 2090 τρό-

2316 2104 2411 2136 πον
2477 2090 2593 2139 τινὰ
2642 2092 2731 2150 τὰς
2781 2092 3036 2167 ἁμαρτίας
3086 2100 3285 2150 πάντων
3333 2102 3400 2163 εἰς
3460 2102 3605 2157 ἑαυτὸ
3664 2105 3889 2178 ἐλάμϐανε

2316 2179 2404 2227 καὶ
2440 2174 2714 2240 ἕϐάσταζε.
2775 2186 2875 2233 Καί
2929 2187 3009 2234 τὸν
3056 2188 3146 2257 μὲν
3205 2186 3324 2240 λαὸν
3376 2190 3649 2267 ἠλευθέρου
3698 2198 3886 2259 τούτων,

2318 2262 2443 2315 αὑτὸ
2505 2261 2563 2317 δὲ
2618 2263 2711 2319 διὰ
2759 2272 2949 2331 ταύτας
2997 2272 3267 2345 ἐσφάζετο.
3325 2278 3505 2342 Καλῶς
3557 2261 3617 2335 ἐξ
3673 2282 3889 2356 μετέλαϐε

2314 2355 2372 2404 τὸ
2430 2360 2746 2427 προφητικὸν
2802 2358 2959 2432 ῥητὸν
3014 2362 3039 2413 ό
3094 2363 3485 2436 εύαγγελιστὴς.
3546 2376 3645 2423 Kal
3679 2355 3789 2448 γὰρ
3841 2378 3887 2424 αἱ

2314 2441 2519 2503 πλείους
2597 2453 2696 2496 τῶν
2769 2458 3079 2517 σωματικῶν
3159 2452 3432 2508 ἀσθενειῶν
3510 2466 3596 2512 καὶ
3650 2465 3802 2514 νόσων
3844 2459 3889 2523 ἐξ

2314 2529 2580 2605 ἁμαρτιῶν
2636 2537 2866 2605 φύονται,
2964 2542 3137 2603 καθὼς
3199 2545 3549 2619 μαθησόμεθα
3615 2548 3889 2622 προϐαῖνον-

2311 2638 2411 2680 τες.
2451 2626 2547 2673 Καὶ
2606 2620 2755 2675 ούδέν
2811 2626 2996 2679 κωλύει
3025 2628 3194 2682 καλεῖν
3241 2636 3331 2685 καὶ
3376 2638 3568 2698 ταύτας
3619 2637 3880 2713 ἁμαρτίας.

2382 2705 2530 2761 Ἰδὼν
2585 2707 2643 2763 δὲ
2698 2744 2766 2752 -
2818 2714 2883 2774 εἰς
2910 2718 2967 2767 τὸ
3030 2722 3212 2790 πέραν.
3284 2721 3549 2778 Ἐκελευσε
3602 2735 3748 2779 τοῦτο
3793 2734 3887 2788 τοῖς

2308 2800 2591 2870 μαθηταῖς,
2642 2800 2751 2873 ἅμα
2797 2806 2907 2875 μεν,
2963 2807 3142 2879 ἵναμὴ
3192 2805 3317 2882 δόξῃ
3375 2811 3743 2883 φιλενδείκτης,
3792 2817 3888 2889 ἅμα

2311 2883 2369 2939 δε
2402 2888 2691 2961 θεραπεύων
2722 2893 2808 2943 τὸν
2862 2895 3043 2965 φθόνον
3095 2905 3194 2947 τῶν
3244 2897 3537 2971 Ἰουδαίων,
3574 2904 3681 2977 ἅμα
3731 2902 3785 2957 δὲ
3812 2910 3888 2956 καὶ

2310 2977 2447 3048 ἡμᾶς
2472 2975 2756 3048 παιδεύων,
2791 2985 2991 3053 φεύγειν
3025 2987 3079 3036 τὸ
3113 2984 3518 3047 ἀποϐλέπεσθαι.

2514 3163 2658 3211 ΚΕΦ.
2688 3158 2742 3212 I'.
2775 3164 2898 3233 Περὶ
2919 3169 3009 3213 τοῦ
3039 3167 3109 3235 μὴ
3140 3162 3541 3242 ἐπιτρεπομένου
3567 3170 3685 3225 ἀκο-

3006 3251 3227 3309 λουθεῖν.

2379 3373 2478 3422 Kal
2536 3401 2602 3411 —
2644 3369 2876 3447 ἀπέρχῃ.
2923 3374 3088 3438 Οὗτος
3117 3378 3142 3429 ό
3201 3384 3565 3454 Γραμματεὺς,
3602 3384 3891 3461 φιλάργυρος

2302 3458 2389 3524 ῶν,
2450 3460 2805 3532 ὑπώπτευσεν,
2857 3466 2937 3515 ὅτι
2990 3462 3091 3519 ἀπὸ
3174 3476 3273 3519 τῶν
3324 3472 3604 3544 θαυμάτων
3650 3482 3892 3549 χρήματα

2300 3636 2372 3696 εἷς
2416 3645 2515 3688 τῶν
2563 3640 2809 3709 μαθητῶν
2865 3639 3195 3717 ἀκολουθήσῃ
3259 3648 3417 3715 αὑτῶ,
3471 3651 3703 3716 συλλέξει
3746 3654 3889 3706 πλοῦ-

2297 3743 2382 3776 τον
2430 3727 2624 3784 ἱκανόν,
2686 3728 2743 3779 Ὀ
2776 3726 2834 3781 δὲ
2874 3734 3124 3802 Χριστὸς,
3182 3739 3332 3805 γνοὺς
3389 3736 3716 3811 ὃβούλεται,
3770 3745 3889 3818 πρὸς

2296 3816 2382 3865 τὸν
2417 3819 2610 3867 σκοπὸν
2642 3815 2801 3869 αὑτοῦ
2834 3817 3185 3892 ἀποκρίνεται,
3217 3830 3306 3876 καί
3336 3827 3432 3898 ὅρα
3454 3834 3508 3881 τί
3534 3847 3685 3902 φησι·

2369 3907 2469 3955 Καὶ
2520 3935 2590 3946 -
2660 3905 2828 3979 κλίνη.
2909 3913 3009 3960 Kal
3065 3919 3163 3962 τῶν
3242 3911 3540 3985 ἀλωπέκων,
3597 3925 3745 3992 φησὶ,
3808 3925 3889 3973 καὶ

2293 4000 2391 4042 τῶν
2425 3991 2605 4060 ὀρνέων
2637 3999 2935 4068 πενέστερος
2979 3998 3104 4069 εἰμι·
3166 3998 3289 4054 οὐδὲ
3340 4006 3437 4077 γὰρ
3496 4010 3607 4079 ἔχω
3660 4016 3890 4080 καταγώ-

2291 4099 2426 4152 γιον,
2468 4078 2582 4134 οὐδ’
2644 4084 2764 4135 ὅσον
2820 4082 3088 4139 ἀνακλῖναι
3139 4094 3293 4162 μόνον
3346 4097 3435 4150 τὴν
3484 4096 3731 4169 κεφαλήν,
3785 4101 3892 4154 Τοι·

2292 4170 2474 4230 ούτους
2533 4166 2591 4222 δὲ
2671 4170 2951 4243 βούλομαι,
3009 4181 3098 4229 καὶ
3172 4182 3295 4241 τοὺς
3370 4180 3523 4255 ἐμοὺς
3554 4166 3889 4248 γάκολούθους

2291 4255 2439 4323 εἶναι,
2510 4263 2596 4310 καὶ
2663 4259 2840 4313 λοιπὸν
2928 4265 3098 4335 μάτην
3155 4268 3420 4337 ὑπέλαϐες,
3487 4279 3580 4327 καὶ
3642 4276 3709 4338 εἰς
3758 4280 3891 4329 κενὸν

2289 4346 2532 4407 ἤλπισας.
2569 4348 2718 4400 Οὕτω
2778 4346 2971 4414 διπλῶς
3022 4354 3174 4407 αὐτὸν
3230 4358 3480 4430 ὠφέλησε,
3527 4359 3777 4427 δηλώσας
3817 4383 3885 4429 τε,

2289 4436 2369 4488 ὃτι
2425 4433 2535 4489 οἶδε
2572 4440 2637 4489 τὰ
2689 4436 2958 4513 ἀπόρρητα
3008 4452 3104 4505 τῆς
3168 4445 3357 4518 ψυχῆς
3412 4450 3601 4523 αὑτοῦ,
3655 4458 3744 4507 καὶ
3803 4453 3890 4507 ούκ

2289 4522 2492 4595 ἐλέγξας
2550 4534 2795 4598 φανερῶς,
2865 4528 2973 4582 ἀλλ’
3024 4532 3164 4604 αύτῷ
3209 4540 3348 4608 μόνῳ
3395 4542 3483 4591 τόν
3538 4542 3756 4615 ἔλεγχον
3809 4543 3889 4616 ἰμ-

2289 4611 2476 4680 ϐαλὼν,
2536 4616 2669 4666 ὥστε
2722 4621 2810 4668 καὶ
2868 4622 2961 4677 τὴν
3031 4621 3294 4693 αἰσχύνην
3352 4624 3614 4701 ἐκφυγεῖν,
3670 4636 3782 4702 καὶ,
3848 4630 3889 4684 εἰ

2289 4700 2549 4773 βούλοιτο,
2604 4699 2973 4779 διορθωθῆναι.
3049 4715 3212 4764 Τοῦτο
3271 4710 3331 4767 δε
3388 4699 3566 4785 εἰπὼν,
3624 4720 3719 4772 ούκ
3770 4720 3888 4773 ἐκώ-

2283 4789 2436 4844 λυσεν
2486 4790 2639 4844 αὑτὸν
2694 4791 3012 4863 ἀκολουθεῖν,
3058 4796 3165 4850 ἀλλ’
3224 4798 3485 4871 ἐδίδαξεν,
3547 4808 3631 4860 ὅτι
3681 4807 3887 4862 ἀκολου·

2288 4881 2408 4943 θῶν,
2466 4880 2571 4951 ούχ
2615 4882 2824 4954 εὑρήσει
2879 4881 3087 4959 κέρδος,
3162 4890 3268 4942 οἷον
3320 4892 3487 4953 ζητεῖ.
3548 4901 3752 4951 Λοιπὸν
3805 4894 3887 4951 οὑν

2282 4966 2471 5031 ἐκεῖνος
2532 4974 2699 5031 συνεὶς
2767 4973 2847 5026 ὅτι
2927 4971 3239 5049 διεγνώσθη,
3320 4986 3411 5034 καὶ
3463 4982 3755 5059 ἀποτυχὼν
3800 4993 3889 5041 τοῦ

2285 5064 2502 5126 σκοποῦ,
2537 5059 2802 5132 σεσίγηκε.

2350 5150 2495 5210 Τινὲς
2526 5144 2587 5201 δέ
2637 5169 2813 5222 φασιν,
2847 5152 2927 5205 ὅτι
2964 5162 3336 5228 προγινώσκων
3385 5161 3541 5215 αὑτὸν
3578 5166 3605 5217 ό
3639 5168 3890 5243 Χριστὸς,

2282 5236 2340 5288 ού
2394 5241 2546 5309 μόνον
2601 5238 2918 5315 φιλαργυρίᾳ
2979 5241 3381 5323 δεδουλωμένον,
3458 5250 3591 5307 ἀλλὰ
3638 5236 3730 5309 καὶ
3793 5256 3894 5311 ἐτέ-

2279 5345 2389 5397 ροις
2465 5329 2705 5396 πάθεσιν,
2791 5329 3122 5406 ἀναγωγικῶς
3201 5335 3534 5414 ἀπεκρίνατο,
3626 5344 3892 5409 ἀλώπεκας

2279 5420 2369 5467 καὶ
2426 5420 2649 5488 πετεινὰ,
2713 5423 2833 5481 τοὺς
2911 5417 3164 5495 δαίμονάς
3230 5430 3509 5501 ὀνομάσας,
3577 5430 3674 5485 διά
3734 5454 3788 5487 τε
3835 5438 3894 5488 τὸ

2281 5500 2488 5577 δολερὸν
2537 5506 2725 5573 αὐτῶν,
2786 5513 2872 5561 καὶ
2920 5507 3013 5564 διά
3064 5518 3122 5566 τό
3176 5514 3521 5571 ἐπιϐουλεύειν
3578 5529 3685 5583 τοῖς
3737 5528 3890 5597 σπέρ-

2277 5612 2411 5666 μασι
2457 5598 2547 5648 καὶ
2600 5604 2822 5673 καρποῖς
2862 5607 2958 5663 τῆς
3024 5599 3231 5675 ἀρετῆςο
3313 5608 3502 5663 ὡσανεὶ
3559 5608 3749 5685 λέγων,
3812 5615 3891 5668 ὅτι
