4098 6414
203 347 301 409 ἏΒ
1203 350 1568 410 COMMENT.
1610 346 1684 406 IN
1724 344 2169 405 MATTHIEUM.
2209 374 2279 388 --
2318 344 2477 403 CAP.
2510 345 2661 402 VIII.
3483 349 3590 404 294

218 483 277 533 Oi
311 482 401 552 μὶν
440 474 689 551 δαίμονες
726 480 959 551 ἔχουσιν
1008 478 1055 533 iv
1107 484 1191 533 σοὶ
1238 478 1461 552 φῶλεοὺς
1514 482 1604 530 καὶ
1657 496 1825 529 κατα-

1972 474 2113 529 a’dos
2144 472 2206 528 in
2233 474 2291 528 te
2318 470 2543 528 habent
2566 485 2712 543 ;ego
2739 473 2938 527 autem
2961 485 3155 544 neque
3176 470 3590 529 brevissimam

218 569 517 629 σκηνώσεις
593 569 694 639 ἐγὼ
756 565 817 621 δι
882 565 1008 621 οὐδὲ
1063 567 1321 642 βραχεῖαν
1398 566 1691 619 ἀνάπαυσιν
1749 566 1826 618 εὖ·

1974 561 2207 633 equiem
2224 561 2386 632 apud
2401 560 2667 616 animam
2690 564 2855 615 tuam
2870 560 3130 618 invenio.
3149 562 3354 617 Foveas
3368 576 3505 617 vero
3522 577 3592 617 ac

211 666 380 731 ρίσκω
416 659 567 729 ποιρά
600 664 665 729 τῇ
723 664 791 730 σῇ
842 655 1024 729 ψυχῇ.
1073 656 1259 710 Φωλεοὶ
1315 652 1373 708 δι
1425 660 1515 707 καὶ
1562 673 1826 712 κατασκησ

1972 649 2061 705 .idi
2091 649 2460 715 daemonum,
2491 648 2830 705 alIectiones
2856 654 3015 715 sunt,
3048 649 3111 705 in
3147 650 3363 723 quibus
3394 651 3590 709 occul-

211 752 398 805 νώσεις
450 754 550 797 τῶν
610 741 898 818 δαιμόνων,
961 749 1028 798 τά
1095 746 1257 810 πάθη,
1317 744 1389 804 οἷς
1454 742 1827 816 ἕγκρύπτονται

1976 742 2136 795 ωίιιι·
2155 754 2224 794 ac
2253 737 2658 810 requiescunt.
2695 736 2908 793 Filium
2923 744 3124 795 autem
3146 739 3412 795 hominis
3441 741 3594 813 seip-

210 840 303 887 κειῖ
334 834 769 887 ἐνιιναπαύονται⁸
821 837 941 887 Υἰον
991 830 1050 887 δε
1101 832 1373 909 ἀνθρώπου
1424 832 1568 883 καλεῖ
1625 830 1824 897 ἑαυτὸν,

1974 842 2077 882 um
2090 831 2277 891 vocat,
2296 825 2662 882 conﬁrmans
2674 826 2840 898 quod
2860 842 2997 883 vere
3013 834 3201 883 etnon
3220 828 3592 899 phantastice

212 920 470 993 βεϐαιῶν,
514 925 598 975 ὅτι
631 925 770 975 κατὰ
803 922 1047 981 ἀλήθειαν
1079 925 1429 995 σεσάρκωται,
1472 925 1561 973 καὶ
1600 919 1657 972 οὐ
1693 919 1828 971 κατά

1974 915 2015 972 it
2038 917 2404 981 incarnatus,
2422 919 2483 971 ut
2507 914 2755 988 quidam
2774 917 3262 988 suspicabantur:
3282 918 3592 975 hominem

210 1018 530 1082 γαντασίαν,
584 1010 657 1073 ὣς
698 1030 828 1073 τινες
872 1010 1251 1084 ὑπελάμϐανον,
1312 1009 1613 1085 ’Ἄνθρωπον
1645 1004 1704 1060 δὲ
1740 1014 1827 1058 νῦν

1975 1005 2139 1061 ,icens
2177 1019 2339 1060 nunc
2386 1008 2639 1061 matrem
2679 1021 2874 1062 suam.
2907 1006 3057 1062 Nam
3082 1008 3374 1082 ἅνθρωπος,
3404 1007 3467 1063 id
3504 1012 3593 1065 est

206 1098 377 1169 λέγει,
398 1105 496 1158 τήν
513 1105 721 1174 μητέρα
752 1100 932 1153 αὐτοῦ·
964 1100 1269 1175 Ἄνθρωπος
1291 1101 1393 1174 γὰρ
1419 1097 1641 1170 λέγεται,
1670 1096 1774 1169 οὐχ
1801 1097 1824 1148 6

1975 1109 2141 1162 omo,
2208 1097 2451 1151 vocatur
2513 1108 2638 1150 non
2703 1098 2935 1151 tantum
3016 1095 3123 1162 vir,
3186 1096 3292 1153 sed
3344 1101 3402 1154 et
3464 1112 3593 1153 mu-

205 1187 348 1263 ἄνύρ
383 1193 564 1259 μονον.
596 1188 726 1241 ἀλλὰ
753 1195 843 1242 καὶ
862 1191 892 1248 ἠ
925 1194 1055 1261 γυνή
1084 1190 1220 1261 (75).
1934 1181 2060 1239 lier.

279 1276 505 1350 Ἕτερος
533 1308 604 1319 -
634 1283 842 1351 Πατέρα
868 1297 990 1351 μου.
1018 1282 1109 1340 Τίς
1136 1281 1226 1350 μεν
1256 1274 1317 1336 ἦν
1347 1276 1493 1337 οὗτος
1522 1276 1547 1327 6
1568 1277 1822 1349 μαθητὴς,

2008 1273 2167 1327 Vers.
2198 1274 2286 1326 21.
2305 1270 2478 1327 Alius
2500 1298 2565 1309 -
2585 1275 2819 1340 patrem
2840 1287 3052 1330 meum.
3074 1274 3217 1340 Quis
3238 1277 3393 1331 certe
3417 1274 3592 1332 fuerit

203 1367 308 1419 οὐκ
335 1362 609 1425 ἐδήλωσεν
642 1369 667 1419 6
688 1366 1081 1439 εὐαγγελιστής.
1111 1365 1295 1429 Ὀστις
1327 1362 1384 1419 δι
1403 1371 1493 1419 καὶ
1528 1362 1607 1431 ἦν,
1642 1364 1821 1435 εὐγνω-

1973 1361 2032 1416 ic
2062 1359 2413 1431 discipulus,
2438 1374 2560 1416 non
2579 1358 2940 1431 signiﬁcavit
2972 1363 3365 1433 evangelista:
3386 1380 3591 1421 verum

204 1459 543 1525 μονόστατος
587 1452 672 1513 ἦν,
721 1463 833 1530 Ορα
882 1458 1007 1531 γὰρ,
1054 1458 1150 1521 ὅτι,
1191 1460 1363 1508 καίτοι
1394 1463 1488 1507 τοῦ
1522 1457 1822 1526 πράγματος

1975 1447 2213 1521 ςυὶειιυίε
2250 1448 2441 1519 fuerit,
2482 1449 2880 1522 probissimus
2905 1455 3047 1507 erat.
3064 1452 3208 1507 Vide
3256 1453 3406 1509 enim
3433 1454 3593 1527 quod

206 1540 436 1596 δικαίου
492 1550 586 1596 καὶ
642 1544 928 1616 ἀναγκαίου
985 1542 1279 1610 δοκοῦντος,
1337 1546 1475 1616 ὅμως
1532 1542 1663 1595 αἰτεῖ
1710 1545 1824 1615 περὶ

1977 1537 1998 1592 l
2030 1553 2093 1593 re
2122 1538 2292 1593 etiam
2323 1553 2458 1610 qua
2484 1538 2644 1609 justa
2669 1554 2739 1594 ac
2768 1539 3102 1596 necessaria
3131 1541 3464 1609 videbatur,
3493 1558 3595 1614 po-

204 1637 428 1698 τιιύτου,
484 1638 560 1703 μὴ
632 1633 855 1695 θελήσας
916 1632 1148 1686 ἀπελθεῖν
1206 1632 1289 1704 ἀφ’
1352 1632 1557 1684 ἑαυτοῦ⁸
1621 1634 1681 1683 τὸ
1748 1627 1822 1697 δὲ,

1976 1624 2117 1682 tulat
2146 1631 2210 1681 ut
2240 1625 2352 1681 sibi
2387 1624 2579 1695 liceat,
2635 1626 2844 1683 nolens
2871 1644 2982 1685 sua
3007 1629 3199 1701 ipsius
3247 1635 3594 1688 auctoritate

207 1728 455 1794 Πρῶτον,
514 1722 646 1791 εἶπε,
679 1719 875 1791 δηλῶν,
920 1724 1001 1775 ὅτι
1047 1725 1222 1774 ἔπειτα
1264 1720 1609 1779 ἀκολουθήσει
1637 1739 1825 1773 παντα-

1978 1713 2288 1773 bscedere.
2349 1715 2496 1771 Dicit
2523 1720 2745 1782 autem,
2780 1717 2962 1784 Prius,
2997 1718 3387 1776 manifestans
3434 1720 3596 1791 quod

202 1818 343 1881 χοῦ,
1864 1833 1906 1888 Β
1940 1802 2333 1877 postmodum
2353 1804 2569 1875 quovis
2608 1811 2975 1876 sequeretur.

292 1900 370 1953 Ὀ
422 1897 482 1953 δε
531 1901 747 1961 Ἰησοῦς
811 1929 879 1941 -
928 1902 1049 1961 τοὺς
1124 1898 1313 1951 ἑαυτῶν
1378 1902 1606 1973 νεκρούς.
1677 1899 1829 1951 Ἐκὼ-

2011 1892 2176 1949 Vers.
2194 1895 2283 1947 22.
2314 1892 2478 1948 Jesus
2498 1900 2694 1949 autem
2722 1923 2789 1934 —
2818 1900 3081 1950 mortuo:
3105 1911 3253 1952 suos.
3291 1896 3597 1953 Pronibuit

215 1988 373 2041 λνσεν
416 1990 599 2055 αὐτὸν,
653 1989 712 2041 οὗ
752 1988 962 2040 κωλύων
1002 1992 1059 2040 τὸ
1097 1995 1253 2060 τιμᾴν
1310 1992 1425 2049 τοὺς
1468 1996 1653 2060 γονεῖς,
1704 1988 1832 2041 ἀλλά

1978 1997 2100 2047 um,
2130 1996 2251 2037 non
2309 1986 2512 2038 vetans
2555 1982 2855 2040 honorare
2908 1990 3207 2055 parentes,
3238 1986 3343 2043 sed
3374 1987 3594 2043 docens

214 2074 529 2143 διδάσκων,
599 2080 683 2130 ὅτι
746 2081 856 2150 χρὴ
921 2080 1008 2130 τὸν
1082 2075 1336 2149 ἕφιέμενον
1399 2086 1497 2129 τῶν
1559 2078 1828 2153 οὐρανίων,

1980 2073 2215 2144 portere
2244 2085 2382 2126 eum
2399 2070 2499 2143 qui
2528 2070 2791 2129 caelestia
2816 2073 3057 2145 appetit,
3094 2090 3217 2130 non
3239 2076 3501 2131 converti
3518 2076 3598 2133 ad

210 2173 288 2239 μὴ
370 2168 717 2240 ἀποστρέφειν
772 2166 840 2226 εἰς
895 2169 961 2218 τὰ
1020 2171 1197 2237 γήϊνα,
1271 2162 1401 2238 μηδ’
1461 2164 1828 2239 ἀπολιμπάνειν

1980 2173 2175 2215 arrena
2206 2173 2219 2212 :
2253 2172 2449 2232 neque
2478 2159 2691 2215 vividis
2704 2160 2937 2227 relictis,
2969 2162 3047 2218 ad
3073 2163 3374 2220 mortifera
3397 2180 3598 2220 recur-

213 2260 309 2328 μὶν
360 2258 427 2308 τὰ
488 2258 694 2330 ζωηρά,
743 2251 1113 2329 παλινδρομεῖν
1162 2252 1220 2307 δε
1275 2256 1347 2317 εἰς
1406 2258 1471 2308 τά
1525 2258 1829 2328 νεκρωτικά,

1982 2263 2092 2313 ere,
2117 2250 2221 2304 aut
2249 2263 2432 2320 supra
2458 2248 2639 2304 Deum
2684 2249 2982 2306 honorare
3035 2257 3328 2323 parentes.
3365 2253 3600 2309 Sciebat

213 2342 362 2417 μηδε
432 2352 572 2397 Θεοῦ
637 2350 896 2418 προτιμᾴν
960 2350 1144 2415 γονεῖς.
1218 2344 1500 2415 Ἐγίνωσκε
1564 2347 1686 2419 γὰρ,
1754 2346 1831 2397 ὅτι

1980 2337 2095 2393 nim
2123 2336 2289 2410 quod
2312 2336 2410 2394 alii
2433 2337 2606 2394 illum
2633 2345 2833 2395 essent
2860 2340 3143 2411 sepulturi
3171 2360 3190 2413 ;
3223 2358 3333 2398 nec
3358 2358 3598 2413 aequum

216 2434 465 2504 θάψουσι
506 2441 687 2486 τοῦτον
726 2432 890 2503 ἄλλοι,
937 2436 1028 2485 καὶ
1067 2432 1161 2485 οὐκ
1212 2432 1367 2499 εἰκὸς,
1412 2441 1589 2486 τοῦτον
1624 2433 1833 2487 ἀπολει-

1982 2430 2089 2489 rat,
2124 2432 2188 2481 ut
2214 2425 2289 2483 ab
2316 2426 2412 2482 his
2454 2443 2587 2499 quas
2626 2428 2820 2498 magis
2845 2430 3181 2486 necessaria
3225 2436 3408 2496 erant,
3442 2447 3600 2487 rece-

218 2525 417 2594 φθῆναι
467 2531 571 2574 τῶν
612 2521 1041 2594 ἀναγκαιοτέρων.
1090 2520 1253 2594 Οἶμαι
1298 2519 1378 2591 δε,
1427 2524 1508 2574 ὅτι
1554 2527 1644 2575 καὶ
1705 2524 1834 2575 ἄπι-

1987 2518 2129 2573 eret.
2157 2514 2375 2586 Opinor
2413 2520 2613 2571 autem
2645 2532 2783 2572 eum
2822 2518 2928 2591 qui
2983 2523 3246 2575 mortuus
3301 2526 3426 2575 erat
3472 2518 3601 2575 inﬁ-

224 2630 351 2673 στος
410 2608 475 2669 ἦν
531 2613 557 2662 6
611 2610 936 2671 τελευτήσας.
991 2614 1078 2663 Διὸ
1125 2616 1213 2663 καὶ
1278 2607 1433 2663 εἶπεν·
1494 2610 1651 2683 Ἀφες
1715 2617 1837 2674 τοὺς

1988 2603 2139 2659 elem
2178 2602 2380 2668 fuisse,
2429 2604 2679 2677 ideoque
2726 2605 2948 2663 dixisse
2986 2607 3287 2664 Christum
3319 2609 3602 2665 :Dimitte

223 2705 462 2773 νεκροὺς,
540 2704 802 2765 τουτέστι,
871 2705 1273 2774 Παραχώρησον
1340 2708 1445 2761 τοῖς
1526 2706 1835 2776 νενεκρωμέ-

1984 2697 2224 2757 mrtuos,
2249 2692 2363 2747 hoc
2394 2696 2502 2757 est,
2534 2695 2757 2749 Recede
2782 2696 2855 2751 ab
2897 2696 2988 2751 his
3017 2697 3121 2768 qui
3150 2697 3204 2751 in
3236 2697 3351 2752 ﬁde
3392 2698 3602 2752 mortui

225 2809 335 2849 νοις
408 2789 481 2849 εἰς
551 2793 752 2855 πίστιν,
820 2788 988 2859 θάψαι
1052 2794 1167 2849 τοὺς
1230 2794 1590 2864 προσήκοντας
1660 2790 1839 2853 αὐτοῖς

1983 2785 2106 2849 unt,
2123 2786 2185 2836 ut
2195 2782 2476 2851 sepeliant
2488 2790 2769 2849 mortuos,
2784 2784 3060 2856 quiipsos
3072 2787 3443 2856 contingunt.
3460 2787 3601 2842 Nam

229 2884 462 2952 νεκροὺς.
534 2877 594 2929 Ὀ
660 2879 758 2952 γὰρ
820 2881 994 2950 νεκρὸς
1056 2878 1225 2944 οὗτος,
1288 2878 1384 2930 οὐκ
1442 2881 1554 2931 ἔστι
1609 2884 1700 2941 σὸς
1760 2900 1837 2933 νε-

1983 2871 2041 2924 ic
2066 2876 2353 2935 mortuus,
2384 2885 2505 2926 non
2537 2876 2624 2927 est
2676 2876 2806 2926 tuus
2861 2878 3163 2929 mortuus:
3199 2891 3393 2947 neque
3440 2874 3601 2930 enim

229 2969 379 3038 κρός,
447 2963 591 3018 διότι
653 2965 750 3017 οὐκ
813 2968 926 3018 ἔστι
977 2971 1123 3038 μερὶς
1184 2975 1354 3037 πιστῷ
1420 2971 1550 3039 μετά
1590 2966 1834 3024 ἀπίστου.

1986 2958 2111 3012 .deli
2142 2972 2282 3029 pars
2307 2962 2398 3014 est
2425 2974 2555 3013 cum
2592 2957 2814 3016 inﬁdeli
2835 2962 2904 3013 ⁵⁷.
2936 2961 3025 3017 Tu
3044 2978 3182 3017 vero
3216 2962 3263 3017 si
3289 2963 3604 3019 admiraris

232 3060 299 3107 Σὺ
350 3052 433 3123 δε,
488 3055 532 3107 εἱ
590 3055 895 3125 θαυμάζεις,
944 3064 1051 3115 πῶς
1088 3056 1181 3108 οὐκ
1234 3056 1549 3129 αὐθαιρέτως
1590 3056 1836 3126 ἀπῆλθεν,

1987 3061 2071 3102 uo
2088 3045 2272 3102 modo
2298 3062 2419 3102 non
2432 3062 2542 3105 sua
2567 3054 2778 3119 sponte
2799 3049 3027 3119 abierit,
3048 3052 3152 3106 sed
3166 3050 3371 3123 petivit
3407 3056 3472 3106 ut
3492 3050 3605 3107 sibi

233 3144 340 3195 ἀλλ’
369 3145 638 3216 ᾑτῆσατο,
688 3145 975 3216 θαύμασον,
1009 3149 1094 3197 καὶ
1125 3153 1232 3207 πῶς
1259 3144 1507 3207 κωλυθεὶς
1540 3149 1747 3219 ἔμεινεν.
1780 3148 1841 3201 Εἰ

1992 3140 2146 3192 ceret
2169 3152 2181 3191 :
2206 3136 2505 3192 admirare
2534 3138 2712 3194 etiam
2735 3153 2859 3210 quo
2887 3140 3069 3195 modo
3092 3140 3429 3212 prohibitus
3444 3156 3606 3197 man-

232 3231 286 3286 δ¹
316 3234 512 3287 ἐκεῖνον
542 3229 661 3286 οὐδ’
689 3231 773 3285 ἐπὶ
802 3236 987 3307 μικρὸν
1018 3231 1253 3305 ἀφῆκενὸ
1280 3234 1841 3309 Χριστόςάπολειφθῆ-

1990 3225 2108 3281 erit.
2140 3224 2309 3291 Quod
2370 3224 2419 3280 si
2447 3224 2616 3282 illum
2655 3242 2851 3299 neque
2889 3227 2969 3285 ad
3015 3228 3317 3284 modicum
3376 3228 3608 3285 dimisit

230 3344 315 3374 ναι
334 3331 439 3383 τῶς
469 3318 831 3384 διδασκαλίας
854 3321 1036 3389 αὐτοῦ,
1067 3327 1201 3385 τίνος
1224 3321 1284 3374 ἃν
1315 3326 1487 3396 εἴημεν
1514 3326 1659 3397 ἡμεῖς
1680 3325 1837 3398 ἄξιοι,

1986 3314 2221 3370 lhristus
2256 3318 2318 3370 ut
2338 3330 2492 3371 asua
2504 3315 2778 3373 doctrina
2803 3316 3146 3385 discederet,
3163 3334 3285 3391 qua
3311 3318 3604 3391 pcena(jj)

228 3416 317 3463 τόν
378 3412 593 3464 ἅπαντα
645 3414 837 3484 χρόνον
914 3408 1254 3484 ἀφιστάμενοι
1314 3420 1415 3464 τῶν
1475 3411 1684 3466 ἐντολῶν
1750 3414 1841 3467 αὖ·

1990 3402 2121 3474 1εηί
2150 3402 2391 3469 erimus,
2421 3404 2525 3477 qui
2553 3406 2719 3462 omni
2770 3411 3039 3479 tempore
3079 3422 3116 3464 a
3138 3408 3455 3480 praeceptis
3478 3407 3608 3479 ejus

228 3508 345 3553 τοῦ.

1952 3491 2337 3549 discedimus.

495 3593 644 3642 KEQ.
687 3592 773 3643 ῐΔ,
818 3591 943 3662 Περὶ
980 3596 1083 3650 τῶς
1119 3587 1463 3662 ἕπιτιμήσεως
1496 3598 1596 3643 τῶν
1701 3631 1729 3653 ,

2204 3582 2352 3639 CAP.
2382 3585 2467 3640 XI.
2501 3582 2587 3641 De
2613 3584 3019 3657 increpatione
3044 3602 3358 3660 aquarum.

922 3673 1157 3733 ὑδάτων.

305 3772 411 3821 Καὶ
445 3765 666 3839 ἐμϐάντι
696 3795 761 3807 -
807 3767 856 3817 οἱ
894 3767 1128 3838 μαθηταὶ
1160 3766 1339 3819 αὐτου·
1373 3771 1500 3828 Τοὺς
1534 3771 1624 3840 μὶν
1655 3768 1849 3841 ὄχλους

2028 3759 2196 3816 Vers.
2244 3759 2333 3815 23.
2388 3761 2648 3835 Cumque
2691 3766 3047 3823 ascendisset
3073 3796 3142 3806 —
3172 3765 3448 3837 discipuli
3500 3766 3612 3821 sui.

230 3866 458 3930 παρῆκε,
505 3853 603 3908 διὰ
632 3858 722 3916 τὰς
748 3854 1132 3929 προρῥηθείσας
1157 3855 1345 3917 αἰτίας
1375 3860 1496 3918 τοὺς
1522 3855 1582 3910 δε
1610 3861 1848 3931 μαθητὰς

1995 3846 2180 3904 ‘urbas
2218 3848 2463 3921 quidem
2490 3857 2734 3925 propter
2761 3870 2981 3911 causas
3020 3855 3331 3926 praedictas
3372 3855 3613 3930 dimisit,

232 3944 524 4020 παρέλαϐε,
569 3940 667 3997 διὰ
694 3946 753 3995 τὸ
778 3943 959 4017 μελλον
997 3943 1045 3995 iv
1075 3952 1137 4017 τῇ
1170 3944 1408 4017 θαλάσσῃ
1439 3948 1681 4017 ’γενέσθαι
1716 3949 1847 4000 θαύ-

2000 3936 2279 4008 iscipulos
2307 3943 2509 3996 autem
2540 3957 2682 3997 suos
2714 3944 3058 4015 assumpsit,
3102 3949 3334 4015 prOpter
3362 3944 3616 4003 miracu-

230 4054 332 4107 μα.
378 4036 529 4087 Ἐπεὶ
586 4035 690 4107 γὰρ
744 4040 843 4084 τῶν
897 4032 1068 4105 ὄχλων
1130 4033 1580 4107 ὠεργετουμενων,
1641 4034 1689 4087 iv
1776 4044 1848 4107 τῷ

2002 4041 2083 4081 1m
2110 4027 2275 4098 quod
2302 4028 2362 4084 in
2398 4030 2548 4085 mari
2578 4029 2838 4087 facturus
2870 4036 3013 4089 erat.
3049 4034 3195 4089 Cum
3231 4034 3391 4089 enim
3432 4036 3620 4091 turbis

234 4123 631 4193 θεραπεύεσθαι
686 4123 777 4182 τὰς
842 4120 1107 4184 ἀσθενείας
1158 4122 1249 4174 κάὶ
1301 4127 1484 4184 νόσους
1550 4123 1738 4193 αὐτῶν,
1800 4127 1850 4177 οἱ

2003 4114 2250 4173 eneﬁcia
2262 4118 2624 4185 contulisset,
2642 4121 2915 4177 sanando
2934 4121 3253 4190 languores
3284 4140 3351 4178 ac
3374 4124 3619 4180 morbos

231 4215 486 4284 μαθηταὶ
512 4207 728 4263 ἐδόκουν
763 4214 927 4283 μένειν
959 4208 1366 4283 ἀνευεργέτητοι,
1395 4211 1574 4265 λοιπὸν
1605 4212 1849 4287 εὐεργετεί

1997 4219 2189 4276 orum,
2218 4206 2575 4264 videbantur
2589 4208 2866 4280 discipuli
2892 4210 3058 4267 nullo
3079 4212 3280 4280 affecti
3307 4211 3615 4269 beneﬁcio.

230 4306 327 4353 καὶ
395 4304 643 4365 τούτους,
722 4304 811 4351 καὶ
875 4304 1275 4375 παραχωρήσας
1340 4299 1578 4371 ἐμπεσεῖν
1661 4303 1848 4364 αὐτοὺς

2008 4298 2028 4350 t
2057 4293 2117 4349 in
2142 4294 2254 4350 hos
2280 4295 2484 4369 itaque
2513 4313 2685 4354 suam
2716 4304 2943 4356 exercet
2994 4298 3492 4370 muniﬁcentiam,
3549 4317 3620 4358 ac

230 4391 307 4452 εἰς
427 4385 679 4442 κίνδυνον
779 4396 1229 4460 καταποντισμοῡ,
1326 4388 1641 4463 παραδόξως
1738 4392 1848 4466 ῥυέ-

2004 4385 2285 4454 ostquam
2315 4401 2417 4441 eos
2443 4386 2708 4456 permisit
2736 4388 2797 4443 in
2839 4387 3237 4444 demersionis
3288 4389 3618 4462 periculum

226 4499 347 4534 ται,
1883 4536 1925 4550 ἢ
1960 4470 2241 4537 incidere,
2270 4473 2517 4531 demum
2546 4476 2897 4533 mirabiliter
2927 4478 3119 4550 eripit.

308 4574 417 4622 Kal
494 4596 567 4608 --
637 4567 900 4639 κυμάτων.
991 4565 1156 4627 Οὗτος
1245 4568 1335 4638 μὲν
1420 4569 1636 4640 σεισμὸν
1723 4564 1851 4635 εἷπε,
1883 4536 1926 4592 D

2043 4536 2343 4618 Vers.:i.
2388 4564 2463 4620 Et
2495 4595 2565 4604 —
2600 4566 2899 4634 ﬂuetibus.
2947 4536 3054 4623 Hic
3099 4568 3355 4640 quidem,
3388 4573 3622 4628 motum

232 4662 461 4730 Μάρκος
507 4652 570 4709 δι
620 4660 711 4707 καὶ
737 4660 948 4715 Λουκᾶς.
1008 4653 1237 4706 λαιλαπα
1283 4652 1470 4727 ἀνέμου
1511 4659 1692 4728 φασίνο
1742 4658 1850 4708 ἔστι

2008 4655 2127 4712 ixit.
2182 4655 2413 4711 Marcus
2464 4657 2662 4712 autem
2714 4659 2771 4711 et
2822 4657 3030 4723 Lucas,
3072 4657 3400 4729 procellam
3466 4658 3626 4717 dixe-

239 4744 301 4799 δε
330 4746 548 4800 ταύτόν.
608 4750 707 4797 Καὶ
751 4747 969 4815 σεισμὸς
1010 4744 1112 4817 γὰρ
1161 4748 1253 4796 καὶ
1304 4742 1519 4816 λαίλαψ,
1570 4746 1597 4796 6
1649 4741 1853 4797 κλύδων

2006 4745 2196 4801 unt".
2243 4743 2415 4801 Maris
2448 4742 2609 4801 enim
2656 4747 2999 4817 tempestas,
3034 4750 3090 4803 et
3140 4753 3363 4815 motus,
3404 4752 3463 4805 et
3489 4764 3624 4821 pro-

238 4836 467 4904 ἐκλήθη,
520 4830 620 4887 διὰ
664 4836 723 4885 τὸ
772 4837 927 4886 σείειν
992 4835 1082 4885 καὶ
1158 4837 1463 4906 συστρέφειν
1516 4837 1607 4886 καί
1660 4831 1854 4907 ἀναμο-

2007 4834 2116 4893 ella
2143 4833 2304 4892 dicta
2331 4842 2437 4902 est,
2470 4850 2541 4893 eo
2570 4834 2737 4908 quod
2757 4850 2944 4908 aquas
2964 4842 3347 4897 commoveat
3376 4852 3447 4895 ac
3491 4853 3625 4897 con-

313 5018 361 5055 ⁸⁷
392 5016 442 5075 ll
472 5016 604 5075 Cor.
633 5030 717 5088 v1,
763 5019 847 5073 l5.
925 5014 973 5052 ⁸⁸
1004 5012 1175 5073 Marc.
1208 5016 1285 5084 iv,
1313 5018 1413 5085 35;
1441 5014 1712 5083 Luc.vi1i,
1742 5014 1836 5071 23.

1475 5195 1703 5266 Variae
1730 5195 2061 5267 lectiones
2092 5203 2158 5265 et
2177 5202 2381 5264 notae.

317 5394 422 5477 (75)
450 5397 553 5464 Hic
576 5400 759 5463 addit
787 5394 1215 5477 Henteniusex
1230 5393 1498 5477 margine
1528 5393 1620 5450 sui
1642 5393 1867 5477 c‘odicis
1968 5393 2079 5477 nite
2107 5395 2343 5477 amator
2371 5389 2678 5477 abgzessit.
2711 5389 3080 5477 Eis‘similia
3108 5391 3291 5477 habet
3322 5391 3625 5477 'I‘heophyj-

255 5459 981 5539 ιώέεῖνόὶέὸἇῐάυιεωωι
1001 5467 1333 5541 postposita
1356 5459 1706 5538 ﬁujusmodi
1737 5481 1862 5539 spe,

2011 5466 2405 5541 ιοῑᾏρεῌιξ
2463 5470 2643 5541 Ταῦτα
2699 5459 2767 5541 δὲ.
2812 5462 2974 5541 ἔλεγεν
3041 5465 3183 5516 ὡσάν
3256 5469 3411 5541 πείσῃ
3472 5459 3629 5520 aur-iv

248 5530 810 5633 Ehiéii'riifme
842 5530 1033 5597 simul
1050 5530 1670 5611 utaudivit,tanquam
1694 5530 1866 5611 pecul

1562 5554 1670 5595 iam
1694 5530 1867 5611 pecu;
1970 5530 2355 5611 μεταϐλὴθέντα
2383 5534 2679 5589 ἀκολουθεῖν
2704 5550 2718 5567 ·
2746 5535 2773 5587 6
2813 5530 2873 5588 δὲ
2896 5530 3180 5611 ἀναχωρεῖ.

288 5690 371 5766 ω)
396 5689 617 5747 Frena.
649 5674 853 5736 Forte
880 5669 1136 5740 τιμωρίας
1173 5663 1491 5723 invenerit.
