4098 6386
547 322 650 380 295

547 448 754 505 turbet.
786 447 1049 502 Rursum
1067 446 1374 504 Matthmus
1401 450 1455 502 et
1480 449 1709 503 Marcus
1732 446 1791 501 in
1812 445 1960 502 mari
1988 460 2204 501 navem

545 537 979 610 periclitantem
1002 552 1133 592 esse
1179 536 1423 603 dicunt;
1468 538 1653 591 Lucas
1691 552 1832 591 vero
1876 536 1936 590 in
1971 539 2203 606 stagno.

546 631 746 699 Neque
774 631 857 681 est
883 625 1307 689 contradictio;
1337 641 1478 680 nam
1518 630 1573 678 et
1601 624 1716 689 hic,
1751 630 1806 679 et
1835 624 1929 679 ille
1954 624 2210 679 Tiberia-

547 717 680 771 dem
721 714 1235 785 signiticant,quee
1266 720 1479 769 natura
1514 713 1761 784 quidem
1789 717 2056 781 stagnum
2087 717 2205 782 est;

547 806 660 859 situ
674 820 813 859 vero
841 819 1027 871 mare,
1048 808 1278 873 prOpter
1297 801 1798 872 magnitudinem.
1816 802 1978 856 Unde
2004 804 2209 856 eteam

547 892 908 964 quandoque
941 896 1244 961 stagnum,
1278 892 1576 946 interdum
1599 895 1801 945 autem
1830 905 1993 945 mare
2020 889 2209 943 nomi-

548 987 717 1037 nant.
759 980 936 1037 Facta
967 987 1072 1045 est,
1108 981 1319 1051 inquit,
1352 985 1690 1050 tempestas,
1722 983 1786 1033 ut
1830 978 2100 1033 videlicet
2128 977 2210 1033 fa-

549 1076 671 1127 stus
698 1070 1187 1141 comprimeretur
1217 1069 1675 1140 discipulorum.
1724 1068 2211 1135 lmaginabantur

547 1159 705 1215 enim
730 1174 946 1228 magna
976 1158 1049 1212 de
1077 1157 1303 1228 seipsis,
1336 1160 1541 1229 utpote
1571 1157 1673 1228 qui
1700 1156 1927 1211 caeteris
1941 1155 2211 1210 dimissis

547 1247 655 1303 soli
684 1246 949 1319 ipsicum
965 1250 1329 1317 prmceptore
1352 1245 1841 1314 ingressiessent:
1877 1248 1930 1299 et
1950 1247 2012 1299 ut
2034 1243 2211 1313 quasi

545 1335 707 1391 orbis
744 1334 1000 1398 athletae,
1034 1333 1301 1405 periculo
1331 1334 1793 1389 exercitarentur
1828 1332 1905 1388 ad
1936 1332 2207 1401 timores,

546 1429 602 1481 et
627 1428 912 1496 tanquam
926 1423 1136 1479 mundi
1164 1422 1593 1493 gubernatores
1624 1420 1696 1476 ad
1718 1420 2011 1494 procellas
2026 1424 2115 1477 ten
2125 1424 2207 1478 ta-

547 1513 802 1570 tionum.

618 1603 779 1658 Vers.
812 1605 906 1657 24.
968 1602 1092 1671 Ipse
1144 1616 1277 1658 vero
1332 1600 1673 1657 dormiebat.
1735 1599 1971 1655 Marcus
2027 1598 2206 1654 etiam

544 1690 744 1747 locum
782 1690 1055 1761 designat
1080 1691 1140 1746 in
1162 1706 1277 1762 quo
1307 1688 1659 1745 dormiebat.
1694 1688 1846 1744 Dixit
1866 1687 2025 1743 enim
2039 1688 2207 1759 quod

543 1780 751 1835 eratin
791 1779 976 1850 puppi
1001 1794 1176 1849 super
1196 1777 1453 1834 cervical
1478 1777 1783 1833 dormiens
1812 1778 1887 1831 59.
1928 1779 2064 1832 Erat
2096 1792 2207 1832 au-

546 1874 663 1924 tem
694 1868 941 1924 cervical
978 1867 1125 1923 illud
1180 1868 1467 1939 ligneum,
1510 1868 1571 1924 in
1602 1866 1787 1940 puppi
1816 1866 2201 1922 fabricatum.

545 1958 889 2014 Dormiebat
936 1973 1078 2013 vero
1160 1956 1611 2028 dispensatorie,
1685 1961 1748 2011 ut
1824 1955 2207 2011 vehementer

546 2046 1001 2103 timerent.Nam
1017 2045 1065 2100 si
1094 2045 1421 2116 vigilasset,
1453 2049 1557 2101 aut
1577 2043 1739 2100 nullo
1770 2042 1953 2100 modo
1978 2043 2207 2099 timuis-

547 2139 693 2203 sent,
725 2138 827 2189 aut
852 2148 1069 2204 parum
1112 2132 1292 2188 territi
1344 2132 1617 2188 fuissent.
1652 2130 1976 2204 Oportebat
2005 2134 2206 2187 autem

546 2238 649 2279 eos
681 2236 971 2292 magnum
997 2220 1226 2276 timoris
1267 2236 1513 2275 sensum
1554 2221 1881 2291 concipere,
1916 2226 1979 2275 ut
2026 2220 2205 2276 etiam

547 2311 623 2366 ad
652 2326 937 2380 magnum
964 2310 1237 2381 potentiae
1264 2309 1421 2364 illius
1450 2324 1694 2365 sensum
1726 2311 2119 2381 pervenirent,
2151 2312 2207 2364 et

544 2400 833 2470 majorem
874 2399 947 2454 de
980 2414 1052 2453 eo
1084 2398 1262 2453 ﬁdem
1296 2398 1699 2469 conciperent.

616 2490 777 2544 Vers.
832 2492 924 2544 35.
987 2488 1159 2541 Et—
1211 2485 1522 2555 perimus?
1558 2489 1778 2542 Marcus
1826 2502 1969 2542 vero
2016 2485 2201 2541 dicit:

545 2579 904 2646 Praeceptor,
934 2592 1053 2631 non
1071 2582 1151 2632 est
1165 2576 1272 2631 tibi
1295 2591 1452 2633 cura?
1467 2575 1609 2646 quod
1615 2577 1875 2646 perimus
1897 2576 1944 2612 ⁸ο
1965 2574 1991 2628 ?
2020 2576 2206 2630 Lucas

547 2668 749 2720 autem
777 2665 819 2699 ⁶¹
854 2664 1249 2732 :Prwceptor,
1282 2670 1632 2732 praceptor,
1662 2663 1920 2732 perimus
1953 2661 2205 2728 Quidam

545 2768 765 2823 nempe
794 2752 928 2816 hoc,
962 2751 1212 2823 quidam
1244 2752 1389 2807 illud
1421 2751 1703 2808 dicebant
1734 2770 1747 2820 ;
1781 2756 1836 2807 et
1866 2750 1965 2807 alii
1997 2766 2201 2815 unum,

548 2841 645 2895 alii
678 2840 838 2896 aliud
874 2841 994 2909 (ΙίῘί)
1032 2857 1044 2906 ;
1074 2844 1177 2896 aut
1206 2842 1375 2895 etiam
1405 2856 1617 2896 omnes
1658 2841 1881 2897 omnia.

618 2932 679 2983 V.
714 2930 805 2985 26.
837 2930 913 2983 Et
940 2932 1026 2985 ait
1054 2960 1125 2970 —
1150 2929 1394 2986 modicae
1420 2928 1881 2998 ﬁdeihomines?
1911 2928 2204 2985 Timorem

546 3018 806 3089 primum
823 3018 1036 3073 animae
1054 3034 1261 3073 eorum
1278 3018 1472 3085 solvit,
1489 3017 1813 3074 ostendens
1826 3018 1985 3090 quod
1998 3018 2205 3074 animai

544 3106 916 3163 imbecillitas
930 3107 1205 3162 timorem
1229 3122 1476 3163 causare
1499 3107 1890 3164 consueverit.
1914 3107 2204 3164 Modicam

545 3200 744 3252 autem
771 3212 979 3252 eorum
992 3196 1173 3251 ﬁdem
1206 3196 1680 3268 impropreravit,
1706 3212 1919 3267 nempe
1932 3195 2206 3267 imperfe-

545 3289 703 3339 ctam
716 3284 999 3340 ﬁduciam
1014 3284 1071 3341 in
1088 3300 1216 3341 eum
1229 3284 1859 3356 habitam.Sperabant
1872 3286 2031 3340 enim
2042 3284 2206 3356 quod

545 3388 648 3428 eos
674 3387 904 3428 servare
961 3377 1185 3443 posset,
1235 3372 1335 3428 sed
1371 3372 1644 3443 vigilans,
1676 3388 1799 3429 non
1829 3378 2033 3430 autem
2073 3373 2206 3431 dor-

546 3460 769 3516 miens.
804 3460 943 3515 Ideo
965 3476 1210 3531 quoque
1245 3460 1499 3515 excitant
1519 3460 1707 3515 illum.

616 3551 789 3604 Vers.
815 3551 905 3602 26.
926 3548 1088 3604 Tunc
1121 3580 1188 3588 —
1213 3563 1457 3617 magna.
1497 3547 2203 3622 ’Enertpnaa,increpavit,

545 3636 661 3692 hoc
690 3640 796 3699 est,
829 3636 1165 3707 imperavit.
1198 3636 1343 3691 Dicit
1372 3638 1515 3692 enim
1561 3640 1807 3705 Marcus,
1840 3640 2006 3711 quod
2029 3641 2207 3697 etiam

549 3723 762 3779 dixerit
797 3724 987 3779 mari:
1028 3726 1194 3789 Tace,
1229 3724 1544 3781 obmutesce
1575 3727 1642 3780 θ’.

612 3816 773 3868 Vers.
833 3817 922 3867 27.
968 3814 1242 3868 Homines
1289 3820 1481 3869 autem
1512 3845 1577 3855 —
1618 3815 1669 3871 ei
1700 3816 1944 3873 i’Lucas
2005 3823 2207 3874 autem

540 3901 866 3973 discipulos
898 3902 1013 3957 hoc
1039 3902 1257 3957 dixisse
1284 3903 1366 3957 ait
1388 3903 1431 3937 ⁶³
1462 3918 1475 3965 ς
1507 3904 1809 3960 Matthaeus
1850 3920 1988 3962 vero
2018 3906 2211 3964 homi-

538 4006 643 4045 nes
660 3990 863 4045 turbas
876 3996 1067 4057 vocat,
1111 3992 1264 4046 sicut
1278 3992 1360 4047 ait
1376 3990 1763 4064 Chrysostom
1774 4011 1869 4049 us.
1896 3994 2209 4067 Siquidem

539 4080 852 4135 verisimile
904 4084 1009 4144 est,
1052 4084 1109 4135 et
1164 4081 1345 4153 ipsas,
1410 4082 1610 4137 audito
1643 4101 1678 4139 a
1734 4083 2036 4154 discipulis
2088 4085 2208 4141 hoc

540 4169 850 4235 miraculo,
882 4169 1152 4225 similiter
1180 4169 1509 4227 admiratas
1558 4186 1712 4239 esse,
1749 4175 1806 4227 et
1833 4173 2054 4243 pariter
2078 4173 2208 4229 haec

537 4259 778 4314 dixisse.
806 4258 1037 4324 Quodsi
1057 4258 1330 4331 discipuli
1357 4259 2007 4331 propterimperfectam
2022 4261 2207 4319 ﬁdem

540 4364 725 4419 suam,
760 4348 933 4419 quasi
964 4348 1269 4403 hominem
1302 4348 1501 4404 adhuc
1532 4348 1703 4406 illum
1727 4349 2205 4415 admirabantur,

537 4435 936 4503 multomagis
974 4436 1183 4491 turbae.
1214 4439 1366 4492 Nam
1384 4438 1470 4492 uti
1499 4439 1738 4508 navigio
1766 4440 1844 4494 ad
1867 4440 2208 4498 transfreta-

539 4523 789 4587 tionem,
819 4538 884 4577 ac
916 4523 1195 4590 dormire,
1230 4525 1529 4580 hominem
1555 4527 1716 4582 hunc
1746 4529 2157 4598 praedicabant
2193 4544 2206 4579 :

542 4610 883 4666 obedientia
905 4615 1105 4666 autem
1134 4617 1433 4667 ventorum
1451 4629 1520 4668 ac
1534 4615 1743 4681 maris,
1759 4632 1975 4672 novam
1991 4634 2207 4689 quam-

538 4699 683 4754 dam
737 4699 865 4767 ejus
904 4703 1183 4755 naturam
1210 4700 1554 4756 testabatur.
1598 4702 1733 4757 Ideo
1761 4704 1939 4759 etiam
1970 4713 2208 4763 contur-

538 4789 658 4843 bati
692 4788 967 4843 dicebant
996 4805 1008 4843 ε
1041 4789 1245 4855 Qualis
1276 4791 1356 4844 est
1390 4789 1483 4845 hic
1513 4791 1539 4847 .9
1568 4792 1749 4860 Magis
1781 4798 1980 4850 autem
2016 4796 2071 4851 in
2101 4797 2205 4854 ad-

538 4878 919 4932 mirationem
944 4877 1234 4933 duxithoc
1251 4877 1627 4947 miraculum,
1653 4897 1835 4953 quam
1860 4885 2205 4954 praeceden-

612 5002 657 5037 ⁵⁹
681 5004 854 5057 Marc.
884 5016 959 5067 1v,
994 5003 1081 5057 39.
1160 5003 1207 5038 ⁶⁰
1237 5002 1382 5059 ibid.
1461 5006 1481 5040 ⁶
1524 5007 1659 5062 Luc.
1700 5022 1818 5077 V111,
1848 5010 1934 5066 24.

1860 312 2221 376 EUTHYMII'

2015 5011 2061 5045 "
2088 5013 2264 5069 Marc.
2316 5029 2390 5082 1v,
2445 5016 2537 5071 39.

2250 306 2588 379 ZlGABENl
3802 314 3890 383 296

2239 449 2284 502 Α
2318 445 2521 516 χλεύειν
2553 448 2618 497 τὰ
2646 442 2838 500 ὕδατα.
2871 450 2971 499 Καὶ
3001 442 3153 508 αὖθις
3181 448 3450 510 Ματθαίος
3598 450 3682 499 καὶ
3705 454 3892 524 Μαρκος

2319 534 2366 586 ἐν
2419 535 2645 607 θαλάσοῃ
2699 532 3119 594 κλυδωνισθῆναι
3164 538 3221 587 τό
3269 532 3442 589 πλοῖον
3485 536 3739 607 λέγοῦσιν,
3769 544 3890 592 Λου-

2319 630 2414 683 κᾶς
2481 620 2539 675 δὲ
2606 623 2652 674 ἐν
2710 624 2884 696 λίμνῃ.
2949 630 3048 677 Καὶ
3112 625 3205 677 οὐκ
3264 624 3743 697 ἐναντιοφωνοῦσιν·
3809 634 3891 685 τὴν

2320 709 2605 786 Τιϐεριάδα
2656 716 2754 784 γὰρ
2827 717 2915 763 καὶ
2968 713 3109 765 οὗτοι
3166 712 3397 775 κάκεῖνος
3462 711 3730 780 δηλοῦσιν,
3790 719 3892 779 ἣτις

2322 804 2471 871 φύσει
2494 806 2582 871 μέν
2610 800 2721 852 ἐστι
2751 800 2925 871 λίμνη,
2980 804 3115 853 θέσει
3166 798 3223 854 δὲ
3265 802 3523 871 θάλασσα,
3574 799 3667 855 διὰ
3717 806 3773 855 τό
3814 810 3892 876 μί-

2319 891 2484 960 γεθος.
2517 888 2675 942 ’Ὀθετ
2704 894 2793 941 καὶ
2825 893 2951 943 ποτε
2978 887 3037 943 δι
3061 890 3328 943 θάλασσαν
3362 892 3523 949 αὐτὴν
3546 893 3889 964 ὀνομάζουσιν.

2324 978 2550 1049 Ἐγένετο
2606 975 2668 1030 ὃὲ
2713 980 2738 1030 ό
2796 976 3024 1045 κλύδων,
3073 988 3155 1031 ῑνα
3194 1000 3248 1032 τε
3299 980 3533 1051 συσταλῇ
3584 984 3640 1031 τὸ
3679 986 3896 1053 φρόνημα

2320 1076 2419 1118 τῶν
2456 1069 2718 1138 μαθητῶν·
2752 1066 3148 1139 ἐφαντάσθησαν
3179 1073 3279 1142 γὰρ
3312 1068 3511 1142 μεγάλα
3544 1074 3662 1141 περὶ
3701 1070 3894 1138 ἑαυτῶν,

2321 1156 2405 1207 οἵα
2451 1164 2550 1207 τῶν
2594 1159 2682 1227 μὲν
2726 1156 2888 1207 ἄλλων
2941 1156 3395 1230 ἀποπεμφθέντων,
3455 1158 3619 1211 αὐτῶν
3666 1154 3722 1210 δι
3749 1163 3897 1231 μόνων

2324 1246 2749 1297 συνεισελθόντων
2787 1254 2858 1315 τῷ
2902 1242 3230 1318 διδασκάλῳ·
3281 1252 3371 1300 καὶ
3420 1248 3503 1300 ἵνα
3538 1250 3896 1320 γυμνασθῶσιν

2320 1334 2392 1395 εἰς
2438 1333 2621 1405 φόϐους
2679 1331 2952 1404 κινδυνων,
2993 1339 3058 1397 ὡς
3111 1335 3333 1395 ἀθληταὶ
3395 1344 3487 1389 τοῦ
3545 1338 3767 1405 κόσμου,
3820 1342 3898 1389 καὶ

2320 1420 2386 1481 εἰς
2424 1432 2687 1494 χειμῶνας
2717 1433 3042 1497 πειρασμῶν,
3078 1427 3146 1487 ὡς
3176 1424 3488 1501 κυϐερνῆται
3540 1432 3633 1486 τῆς
3673 1425 3898 1497 οἰκουμέ-

2318 1530 2426 1572 νης·

2390 1600 2553 1662 Αὐτὸς
2608 1598 2667 1653 δε
2697 1597 2989 1655 ἐκάθευδεν.
3038 1602 3095 1654 Ὀ
3129 1598 3187 1655 δι
3212 1604 3425 1675 Μάρκος
3450 1598 3684 1660 ἐδήλωσε
3712 1606 3796 1655 καὶ
3823 1604 3899 1654 τὸν

2316 1694 2492 1756 τόπον,
2520 1691 2569 1742 ἐν
2658 1689 2978 1762 ἀφύπνωσεν·
3009 1688 3117 1742 εἶπε
3159 1693 3282 1763 γὰρ,
3318 1694 3398 1744 ὅτι
3426 1696 3516 1743 καί
3554 1687 3616 1749 ἧν
3660 1691 3809 1752 αὐτὸς
3827 1690 3900 1743 ἐπὶ

2316 1786 2376 1850 τῇ
2425 1781 2629 1851 πρύμνῃ
2674 1778 2755 1831 ἐπὶ
2785 1782 2843 1831 τό
2874 1778 3254 1853 προσεφάλαιον
3298 1776 3587 1834 καθεύδων.
3622 1778 3823 1832 Ξύλινον
3851 1776 3902 1831 δὲ

2315 1876 2464 1919 τοῦτο
2498 1864 2557 1925 ἧν
2588 1866 2671 1920 ἐπὶ
2721 1877 2811 1928 τῆς
2836 1870 3077 1941 πρύμνης
3108 1872 3607 1941 κατεσκευασμένον.
3645 1867 3903 1923 Ἐκάθευόε

2318 1952 2379 2008 δέ
2410 1956 2527 2007 κατ’
2559 1956 2847 2027 οὶκονμίαν,
2887 1958 2969 2008 ἳνα
3001 1953 3210 2030 σφόδρα
3248 1954 3608 2015 δειλιάσὼσιν.
3643 1960 3701 2011 Εἰ
3728 1958 3822 2030 γὰρ
3851 1952 3903 2013 ἦν

2316 2044 2638 2120 ἐγρηγορὼς.
2725 2050 2754 2103 ἧ
2838 2045 2931 2097 ούκ
3011 2048 3070 2097 οἶν
3138 2043 3458 2113 ἐδειλίασαν,
3524 2050 3554 2104 ἦ
3626 2046 3793 2119 ὀλίγον
3849 2046 3902 2096 ἄν

2316 2134 2673 2200 ἔποϐήθησαν,
2703 2130 2849 2187 Ἔδει
2881 2132 2938 2186 δὲ
2989 2135 3179 2197 αὐτούς
3205 2136 3394 2194 πολλὴν
3424 2138 3678 2194 αἴσθησιν
3703 2143 3789 2188 τοῦ
3820 2138 3903 2206 φό-

2316 2222 2406 2275 ϐου
2434 2221 2627 2290 λαϐεῖν,
2657 2224 2737 2275 ἵνα
2788 2227 2874 2275 καὶ
2906 2224 2975 2285 εἰς
3004 2223 3194 2281 πολλὴν
3234 2225 3477 2282 αἶοθησιν
3505 2233 3600 2286 τῆς
3630 2225 3782 2277 αὐτοῦ
3819 2220 3904 2275 δυ-

2313 2314 2510 2383 νάμεως
2600 2311 2810 2381 ἔλθωσι,

2315 2400 2543 2453 πλείονα.

2390 2494 2488 2541 Καὶ
2518 2519 2586 2527 -—
2622 2487 2971 2561 ἀπολλύμεθα.
3017 2488 3077 2541 c0
3123 2486 3182 2542 δὲ
3218 2492 3450 2561 Μάρκος·
3503 2487 3817 2560 Διδάσκαλε,
3852 2488 3903 2541 ού

2315 2577 2454 2650 μέλει
2492 2597 2596 2643 σοι,
2649 2579 2729 2629 ὅτι
2782 2576 3130 2650 ἀπολλύμεθα.
3181 2578 3239 2632 ⁸0
3263 2576 3322 2632 δε
3347 2586 3565 2645 Λουκᾶς,
3604 2580 3901 2646 Ἐπιστάτα,

2316 2666 2590 2735 ἐπιστάτα,
2637 2666 2985 2739 ἀπολλύμεθα.
3011 2669 3075 2719 Oi
3098 2670 3187 2739 μεν
3216 2670 3317 2742 γὰρ
3351 2668 3517 2721 αὐτῶν
3544 2676 3699 2722 τοῦτο
3729 2668 3903 2739 ἔλεγον,

2318 2757 2366 2806 οἱ
2403 2750 2461 2806 δι
2495 2753 2673 2826 ἐκεῖνο,
2729 2760 2818 2807 καὶ
2873 2754 3018 2807 ἄλλοι
3051 2760 3109 2807 τό
3165 2755 3307 2824 ἄλλο,
3358 2758 3386 2816 ἢ
3443 2762 3533 2810 καὶ
3569 2760 3742 2810 πάντα
3795 2758 3907 2809 πάν-

2313 2862 2410 2903 τες.

2389 2936 2490 2985 Καὶ
2514 2931 2651 3004 λέγει
2679 2964 2748 2972 -
2782 2931 3115 3005 ὀλιγόπιστοι
3145 2952 3161 3003 ;
3188 2940 3399 3006 Πρῶτον
3437 2933 3546 2987 λύει
3575 2940 3673 2994 τὴν
3730 2932 3911 2987 δειλίαν

2324 3030 2417 3082 τῆς
2453 3021 2641 3093 ψυχῆς
2673 3022 2862 3088 αὐτῶν,
2905 3019 3109 3083 δεικνὺς
3147 3024 3224 3075 ὅτι
3252 3026 3337 3075 τόν
3373 3022 3526 3094 φόϐον
3556 3026 3586 3081 ἡ
3617 3033 3713 3085 τῆς
3742 3023 3909 3095 ψυχῆς

2239 3148 2279 3205 C
2322 3112 2569 3163 ἀσθένεια
2602 3118 2764 3163 ποιεῖν
2814 3113 3004 3164 εἴωθεν·
3062 3110 3421 3183 ὀλιγοπιστίαν
3453 3109 3512 3165 δὲ
3544 3121 3748 3175 τοῦτοις
3776 3113 3910 3165 ὠνεί-

2888 2316 2977 2364 καὶ
3046 2311 3248 2365 λάϐωσῖ
3320 2318 3496 2366 πίστιν
3592 2314 3667 2376 εἰς
3764 2312 3904 2365 αὐτὸν

2318 3197 2487 3265 ὃισεν,
2520 3202 2583 3260 ὡς
2607 3198 2756 3257 ἀτελή
2791 3204 2970 3252 πίστιν
3010 3200 3076 3261 εἰς
3103 3201 3256 3253 αὐτόν
3288 3206 3641 3274 κεκτημένοις.
3667 3202 3909 3261 Ἥλπιζον

2315 3291 2414 3363 γὰρ
2506 3290 2585 3340 ὃτι
2668 3285 2889 3341 δύναται
2970 3293 3060 3361 μὲν
3155 3290 3361 3357 σώζειν,
3432 3289 3541 3343 ἀλλ’
3603 3291 3907 3366 ἐγρηγορὼς,

2317 3378 2374 3429 ού
2433 3380 2521 3449 μεν
2591 3374 2659 3436 δὴ
2718 3382 2808 3430 καὶ
2862 3374 3149 3431 καθεύδων·
3202 3382 3289 3431 Διό
3354 3384 3444 3433 καὶ
3494 3378 3782 3453 ἐγείρουσιν
3828 3380 3911 3432 αύ-

2317 3485 2422 3520 τον.

2386 3559 2607 3631 Τοότε-
2647 3554 2863 3627 μεγάλη.
2922 3556 3285 3629 Ἐπετίμησεν,
3336 3555 3449 3610 ἀντὶ
3512 3566 3625 3629 τοῦ,
3688 3558 3907 3621 ἐπέταξε.

2318 3648 2445 3717 φησὶ
2482 3647 2582 3717 γὰρ
2612 3645 2636 3695 ό
2681 3647 2911 3719 Μάρκος,
2955 3647 3033 3698 ὅτι
3080 3651 3166 3698 καὶ
3192 3645 3297 3699 εἷπε
3326 3654 3388 3719 τῇ
3425 3647 3687 3721 θαλάσσῃ*
3722 3654 3909 3716 Σιώπα,

2316 3738 2609 3805 πεφὶμωσο.

2390 3823 2455 3874 Οἱ
2512 3818 2570 3873 δι
2618 3822 2883 3895 ἄνθρωποι
2928 3853 2997 3864 -
3041 3823 3181 3895 αὐτῷ
3241 3824 3344 3891 ;“Ο
3388 3828 3478 3897 μεν
3528 3832 3760 3897 Λουκᾶς,
3798 3829 3913 3886 τοὺς

2320 3912 2556 3982 μαθητὰς
2610 3909 2767 3962 εἰπεῖν
2816 3917 2969 3964 τοῦτὸ
3025 3932 3203 3984 φησιν·
3274 3916 3299 3965 ό
3357 3910 3415 3967 δὲ
3476 3918 3748 3977 Ματθαῖος
3803 3916 3912 3987 (76)

2320 3998 2618 4071 ἀνθρώπους
2697 4008 2804 4051 νῦν·
2900 4005 3017 4062 τοὺς
3082 4003 3274 4073 ὄχλους
3339 4003 3450 4074 (77)
3526 4003 3683 4077 λέγει,
3750 4007 3915 4065 καθὼς

2320 4107 2477 4159 φησιν
2507 4087 2623 4158 (78)
2672 4089 2697 4139 6
2730 4094 3129 4163 Χρυσόστομος,
3174 4096 3275 4145 Καί
3319 4094 3420 4167 γὰρ
3454 4093 3605 4164 εἰκός,
3651 4099 3737 4146 καὶ
3797 4094 3914 4146 τού-

2317 4195 2458 4243 τους,
2504 4178 2760 4249 μαθόντας
2798 4183 2944 4232 τουτὶ
2991 4182 3050 4231 τὸ
3110 4182 3285 4253 θαῦμά
3337 4185 3482 4257 παρὰ
3517 4191 3617 4235 τῶν
3648 4185 3913 4257 μαθητῶν,

2318 4267 2508 4337 ὁμοίως
2540 4268 2829 4338 θαυμάσαι,
2848 4272 2938 4320 καὶ
2976 4270 3166 4341 ὁμοίως
3195 4270 3372 4324 εἰπεῖν.
3406 4276 3465 4324 Εἰ
3500 4268 3550 4324 δ’
3582 4275 3631 4325 οἱ
3661 4275 3915 4346 μαθηταὶ,

2319 4350 2411 4406 διὰ
2459 4359 2516 4406 τό
2568 4354 2738 4417 ἀτελές
2793 4366 2888 4417 τῆς
2940 4364 3159 4419 πίστεως
3208 4360 3397 4428 αύτῶν,
3439 4363 3511 4423 ὡς
3548 4364 3822 4437 ἄνθρωπον
3847 4363 3916 4413 ἔτι

2316 4452 2495 4495 τοῦτον
2528 4442 2841 4516 ἐθαύμαζον,
2875 4445 3043 4498 πολλῶ
3079 4448 3266 4520 μᾶλλον
3316 4452 3363 4501 οἱ
3390 4450 3565 4522 ὄχλοι.
3596 4457 3666 4504 Τό
3696 4455 3788 4525 μὶν
3818 4454 3915 4523 γὰρ

2656 4501 2664 4516 ε
2743 4501 2757 4504 -
2830 4501 2840 4511 ι
3079 4501 3087 4520 ι
3418 4501 3461 4522 ι»
3503 4501 3512 4503 ‘
3550 4501 3564 4508 ν
3605 4501 3660 4504 ““
3696 4501 3777 4525 Γηέ
3825 4501 3896 4523 l't

2239 4501 2285 4558 Β
2316 4535 2617 4603 κεχρῆσθαι
2648 4532 2805 4604 πλοίῳ
2831 4538 2955 4607 πρὸς
3000 4542 3305 4609 περαίωσιν,
3346 4544 3435 4591 καὶ
3474 4542 3684 4612 ύπνοῦν,
3722 4544 3910 4616 ἄνθρω.

2313 4640 2409 4673 πον
2449 4622 2600 4674 αὐτὸν
2627 4621 2917 4697 ἐκήρυττεν·
2951 4627 2981 4682 ἡ
3023 4623 3081 4678 δὲ
3111 4636 3208 4678 τῶν
3242 4626 3436 4700 ἀνέμων
3479 4635 3683 4692 καὶτῆς
3716 4631 3915 4684 θαλάσ-

2317 4729 2410 4771 σης
2439 4712 2665 4777 ὑπακοὴ,
2709 4713 2851 4774 ξένην
2898 4717 3013 4765 τινὰ
3055 4718 3210 4787 φύσιν
3257 4721 3423 4790 τούτῳ
3470 4724 3914 4796 προσεμαρτύρει.

2314 4802 2410 4852 Διά
2498 4806 2587 4854 καὶ
2688 4802 3087 4877 ἐξαπορούμενοι
3179 4806 3366 4877 ἔλεγονο
3466 4808 3672 4871 Ὀποίός
3777 4809 3916 4863 ἐστιν

2314 4889 2465 4951 οὗτος
2527 4906 2540 4956 ;
2602 4890 2779 4943 Πλεῑον
2829 4889 2888 4944 δι
2948 4902 3047 4946 τῶν
3102 4894 3461 4970 προλαϐόντων
3521 4900 3803 4972 θαυμάτων
3859 4902 3916 4952 τὸ

2613 5016 2660 5051 ⁸³
2684 5015 2822 5073 Luc.
2850 5033 2975 5085 τω,
3006 5022 3094 5076 25.

1767 5158 1991 5227 Variae
2032 5162 2367 5233 lectiones
2407 5174 2474 5235 et
2502 5175 2705 5236 notae.

609 5334 724 5408 (76)
781 5335 872 5408 Ita_
929 5349 1169 5408 quoque
1233 5338 1576 5408 Hentenius.
1653 5338 1920 5395 Arbitror
1997 5344 2193 5399 tamen

538 5405 619 5461 ita
667 5405 981 5491 legendum
1037 5405 1205 5491 esse:
1244 5406 1409 5491 'O‘d'e
1461 5411 1750 5481 Ματθαῖος,
1808 5415 1930 5475 τοὺς
1998 5412 2190 5490 ἀνθρώ-

537 5494 682 5538 πους·
717 5480 1017 5553 ἀνθρώπους
1043 5486 1131 5531 νῦν
1160 5499 1212 5534 κ.
1244 5500 1293 5535 τ.
1326 5480 1379 5536 λ.

2379 5343 2492 5487 {77)
2534 5343 2700 5402 Forte
2730 5344 2908 5473 λέγων.

2402 5414 2492 5487 78)
2525 5422 2693 5475 Tom.
2727 5417 2772 5475 V
2803 5422 2840 5487 Ι,
2874 5436 2908 5487 p

2402 5414 2492 5487 78)
2525 5422 2693 5475 Tom.
2727 5414 2840 5488 vn,
2874 5436 2927 5493 p.
2964 5423 3087 5479 334.

609 5600 708 5675 (kk
745 5602 824 5659 Et
854 5602 966 5660 alii
985 5616 1184 5671 unum,
1212 5603 1317 5660 alii
1344 5603 1529 5662 aliud.
1563 5607 1729 5664 Forte
1757 5606 1917 5679 legit,
1942 5613 2031 5662 καὶ
2058 5609 2205 5670 fallat

2318 5614 2391 5686 ἐν,
2425 5610 2573 5669 ἄλλοι
2589 5610 2734 5673 ἄλλο.
