  <div class='ocr_page' id='page_1' title='image "/cluster/home/n/w/nwhite01/storage/ocr_20150623/129/coo.31924054870344/158.png"; bbox 0 0 4098 6466; ppageno 0'>
   <div class='ocr_carea' id='block_1_1' title="bbox 204 350 293 407">
    <p class='ocr_par' dir='ltr' id='par_1_1' title="bbox 204 350 293 407">
     <span class='ocr_line' id='line_1_1' title="bbox 204 350 293 407; baseline 0 0"><span class='ocrx_word' id='word_1_1' title='bbox 204 350 293 407; x_wconf 73' lang='lat'>297</span> 
     </span>
    </p>
   </div>
   <div class='ocr_carea' id='block_1_2' title="bbox 1150 344 2641 415">
    <p class='ocr_par' dir='ltr' id='par_1_2' title="bbox 1150 344 2641 415">
     <span class='ocr_line' id='line_1_2' title="bbox 1150 344 2641 415; baseline -0.003 -2"><span class='ocrx_word' id='word_1_2' title='bbox 1150 350 1522 414; x_wconf 84' lang='lat' dir='ltr'>COMMENT.</span> <span class='ocrx_word' id='word_1_3' title='bbox 1571 351 1642 410; x_wconf 84' lang='lat' dir='ltr'>IN</span> <span class='ocrx_word' id='word_1_4' title='bbox 1683 344 2133 410; x_wconf 67' lang='lat' dir='ltr'>MATTH/EUM.</span> <span class='ocrx_word' id='word_1_5' title='bbox 2173 381 2241 395; x_wconf 91' lang='lat'>-—</span> <span class='ocrx_word' id='word_1_6' title='bbox 2278 350 2444 415; x_wconf 85' lang='lat' dir='ltr'>CAP,</span> <span class='ocrx_word' id='word_1_7' title='bbox 2488 347 2641 409; x_wconf 89' lang='lat' dir='ltr'>VIII.</span> 
     </span>
    </p>
   </div>
   <div class='ocr_carea' id='block_1_3' title="bbox 3472 346 3577 404">
    <p class='ocr_par' dir='ltr' id='par_1_3' title="bbox 3472 346 3577 404">
     <span class='ocr_line' id='line_1_3' title="bbox 3472 346 3577 404; baseline 0.019 -2"><span class='ocrx_word' id='word_1_8' title='bbox 3472 346 3577 404; x_wconf 74' lang='lat'>9.98</span> 
     </span>
    </p>
   </div>
   <div class='ocr_carea' id='block_1_4' title="bbox 215 469 1837 556">
    <p class='ocr_par' dir='ltr' id='par_1_4' title="bbox 215 478 1819 556">
     <span class='ocr_line' id='line_1_4' title="bbox 215 478 1819 556; baseline 0.003 -28"><span class='ocrx_word' id='word_1_9' title='bbox 215 481 359 553; x_wconf 77' lang='grc' dir='ltr'><strong>παρὸν</strong></span> <span class='ocrx_word' id='word_1_10' title='bbox 406 480 745 552; x_wconf 74' lang='grc' dir='ltr'><strong>ἑθαύμασαν,</strong></span> <span class='ocrx_word' id='word_1_11' title='bbox 799 478 947 535; x_wconf 82' lang='grc' dir='ltr'><strong>διότι</strong></span> <span class='ocrx_word' id='word_1_12' title='bbox 997 478 1167 544; x_wconf 72' lang='grc' dir='ltr'><strong>οὐδείς</strong></span> <span class='ocrx_word' id='word_1_13' title='bbox 1208 501 1333 535; x_wconf 86' lang='grc' dir='ltr'><strong>ποτε</strong></span> <span class='ocrx_word' id='word_1_14' title='bbox 1369 488 1600 535; x_wconf 83' lang='grc' dir='ltr'><strong>τοιοῦτον</strong></span> <span class='ocrx_word' id='word_1_15' title='bbox 1640 480 1819 556; x_wconf 74' lang='grc' dir='ltr'><strong>εἰργά-</strong></span> 
     </span>
    </p>
   </div>
   <div class='ocr_carea' id='block_1_5' title="bbox 1952 469 3580 556">
    <p class='ocr_par' dir='ltr' id='par_1_5' title="bbox 1954 469 3580 550">
     <span class='ocr_line' id='line_1_5' title="bbox 1954 469 3580 550; baseline -0.003 -16"><span class='ocrx_word' id='word_1_16' title='bbox 1954 478 2028 545; x_wconf 91' lang='lat' dir='ltr'>ia,</span> <span class='ocrx_word' id='word_1_17' title='bbox 2055 477 2200 550; x_wconf 88' lang='lat' dir='ltr'>quia</span> <span class='ocrx_word' id='word_1_18' title='bbox 2238 477 2442 535; x_wconf 88' lang='lat' dir='ltr'>nullus</span> <span class='ocrx_word' id='word_1_19' title='bbox 2486 491 2757 549; x_wconf 90' lang='lat' dir='ltr'>unquam</span> <span class='ocrx_word' id='word_1_20' title='bbox 2790 474 2903 531; x_wconf 87' lang='lat' dir='ltr'>tale</span> <span class='ocrx_word' id='word_1_21' title='bbox 2947 469 3259 547; x_wconf 85' lang='lat' dir='ltr'>quidpiam</span> <span class='ocrx_word' id='word_1_22' title='bbox 3299 479 3580 546; x_wconf 77' lang='lat' dir='ltr'>operatus</span> 
     </span>
    </p>
   </div>
   <div class='ocr_carea' id='block_1_6' title="bbox 220 568 1821 647">
    <p class='ocr_par' dir='ltr' id='par_1_6' title="bbox 220 568 1821 647">
     <span class='ocr_line' id='line_1_6' title="bbox 220 568 1821 647; baseline 0.002 -27"><span class='ocrx_word' id='word_1_23' title='bbox 220 587 353 620; x_wconf 81' lang='grc' dir='ltr'><strong>σατο.</strong></span> <span class='ocrx_word' id='word_1_24' title='bbox 407 572 542 622; x_wconf 71' lang='grc' dir='ltr'><strong>Οὔτε</strong></span> <span class='ocrx_word' id='word_1_25' title='bbox 587 573 697 643; x_wconf 73' lang='grc' dir='ltr'>’γὰρ</span> <span class='ocrx_word' id='word_1_26' title='bbox 748 571 965 634; x_wconf 76' lang='grc' dir='ltr'><strong>ἐξέτεινε</strong></span> <span class='ocrx_word' id='word_1_27' title='bbox 1012 568 1231 647; x_wconf 78' lang='grc' dir='ltr'><strong>ῥάϐδον,</strong></span> <span class='ocrx_word' id='word_1_28' title='bbox 1282 572 1351 633; x_wconf 87' lang='grc' dir='ltr'><strong>ὡς</strong></span> <span class='ocrx_word' id='word_1_29' title='bbox 1403 577 1650 639; x_wconf 78' lang='grc' dir='ltr'><strong>Μωῦσῆς,</strong></span> <span class='ocrx_word' id='word_1_30' title='bbox 1704 573 1821 623; x_wconf 73' lang='grc' dir='ltr'><strong>οὔτε</strong></span> 
     </span>
    </p>
   </div>
   <div class='ocr_carea' id='block_1_7' title="bbox 216 657 1822 732">
    <p class='ocr_par' dir='ltr' id='par_1_7' title="bbox 216 657 1822 732">
     <span class='ocr_line' id='line_1_7' title="bbox 216 657 1822 732; baseline 0.002 -24"><span class='ocrx_word' id='word_1_31' title='bbox 216 659 545 730; x_wconf 74' lang='grc' dir='ltr'><strong>προσηνέχθη</strong></span> <span class='ocrx_word' id='word_1_32' title='bbox 591 667 710 719; x_wconf 85' lang='grc' dir='ltr'><strong>τοῖς</strong></span> <span class='ocrx_word' id='word_1_33' title='bbox 756 657 976 721; x_wconf 79' lang='grc' dir='ltr'><strong>ὕδασιν,</strong></span> <span class='ocrx_word' id='word_1_34' title='bbox 1023 663 1092 722; x_wconf 81' lang='grc' dir='ltr'><strong>ὡς</strong></span> <span class='ocrx_word' id='word_1_35' title='bbox 1130 661 1311 732; x_wconf 81' lang='grc' dir='ltr'><strong>ἕτεροι,</strong></span> <span class='ocrx_word' id='word_1_36' title='bbox 1348 658 1474 711; x_wconf 78' lang='grc' dir='ltr'><strong>ἀλλὰ</strong></span> <span class='ocrx_word' id='word_1_37' title='bbox 1515 661 1631 711; x_wconf 85' lang='grc' dir='ltr'><strong>κατ’</strong></span> <span class='ocrx_word' id='word_1_38' title='bbox 1671 659 1822 722; x_wconf 80' lang='grc' dir='ltr'><strong>ἐξου-</strong></span> 
     </span>
    </p>
   </div>
   <div class='ocr_carea' id='block_1_8' title="bbox 217 744 1822 818">
    <p class='ocr_par' dir='ltr' id='par_1_8' title="bbox 217 744 1822 818">
     <span class='ocr_line' id='line_1_8' title="bbox 217 744 1822 818; baseline 0.001 -21"><span class='ocrx_word' id='word_1_39' title='bbox 217 751 335 797; x_wconf 82' lang='grc' dir='ltr'><strong>σίαν</strong></span> <span class='ocrx_word' id='word_1_40' title='bbox 428 746 686 811; x_wconf 74' lang='grc' dir='ltr'>ἐπέταξεν,</span> <span class='ocrx_word' id='word_1_41' title='bbox 777 752 846 810; x_wconf 83' lang='grc' dir='ltr'><strong>ὡς</strong></span> <span class='ocrx_word' id='word_1_42' title='bbox 932 745 1190 808; x_wconf 74' lang='grc' dir='ltr'>δεσπότης</span> <span class='ocrx_word' id='word_1_43' title='bbox 1268 744 1494 818; x_wconf 84' lang='grc' dir='ltr'><strong>δούλοις,</strong></span> <span class='ocrx_word' id='word_1_44' title='bbox 1587 754 1676 800; x_wconf 84' lang='grc' dir='ltr'>καὶ</span> <span class='ocrx_word' id='word_1_45' title='bbox 1753 750 1822 810; x_wconf 83' lang='grc' dir='ltr'><strong>ὡς</strong></span> 
     </span>
    </p>
   </div>
   <div class='ocr_carea' id='block_1_9' title="bbox 216 831 861 909">
    <p class='ocr_par' dir='ltr' id='par_1_9' title="bbox 216 831 861 909">
     <span class='ocr_line' id='line_1_9' title="bbox 216 831 861 909; baseline 0.006 -24"><span class='ocrx_word' id='word_1_46' title='bbox 216 831 539 907; x_wconf 63' lang='grc' dir='ltr'><strong>δημιουργός</strong></span> <span class='ocrx_word' id='word_1_47' title='bbox 572 843 861 909; x_wconf 82' lang='grc' dir='ltr'><strong>κτίσμασι.</strong></span> 
     </span>
    </p>
   </div>
   <div class='ocr_carea' id='block_1_10' title="bbox 399 920 1619 997">
    <p class='ocr_par' dir='ltr' id='par_1_10' title="bbox 399 920 1619 997">
     <span class='ocr_line' id='line_1_10' title="bbox 399 920 1619 997; baseline 0.002 -22"><span class='ocrx_word' id='word_1_48' title='bbox 399 930 545 977; x_wconf 69' lang='grc' dir='ltr'><strong>κεψ.</strong></span> <span class='ocrx_word' id='word_1_49' title='bbox 584 922 685 977; x_wconf 81' lang='grc' dir='ltr'>ΙΒ’.</span> <span class='ocrx_word' id='word_1_50' title='bbox 726 930 851 997; x_wconf 81' lang='grc' dir='ltr'><strong>Περὶ</strong></span> <span class='ocrx_word' id='word_1_51' title='bbox 890 933 990 977; x_wconf 84' lang='grc' dir='ltr'>τῶν</span> <span class='ocrx_word' id='word_1_52' title='bbox 1022 920 1118 977; x_wconf 81' lang='grc' dir='ltr'><strong>δύο</strong></span> <span class='ocrx_word' id='word_1_53' title='bbox 1158 920 1619 997; x_wconf 83' lang='grc' dir='ltr'><strong>δαιμονιζομένων.</strong></span> 
     </span>
    </p>
   </div>
   <div class='ocr_carea' id='block_1_11' title="bbox 290 1009 1826 1085">
    <p class='ocr_par' dir='ltr' id='par_1_11' title="bbox 290 1009 1826 1085">
     <span class='ocr_line' id='line_1_11' title="bbox 290 1009 1826 1085; baseline 0.002 -23"><span class='ocrx_word' id='word_1_54' title='bbox 290 1016 391 1062; x_wconf 72' lang='grc' dir='ltr'><strong>Καὶ</strong></span> <span class='ocrx_word' id='word_1_55' title='bbox 469 1012 673 1064; x_wconf 79' lang='grc' dir='ltr'><strong>ἐλθόντι</strong></span> <span class='ocrx_word' id='word_1_56' title='bbox 759 1043 829 1054; x_wconf 91' lang='grc'><strong>-</strong></span> <span class='ocrx_word' id='word_1_57' title='bbox 907 1009 1345 1085; x_wconf 78' lang='grc' dir='ltr'>δαιμονιζόμενοι.</span> <span class='ocrx_word' id='word_1_58' title='bbox 1410 1016 1481 1065; x_wconf 88' lang='grc' dir='ltr'><strong>Τό</strong></span> <span class='ocrx_word' id='word_1_59' title='bbox 1561 1009 1622 1065; x_wconf 69' lang='grc' dir='ltr'>δὲ</span> <span class='ocrx_word' id='word_1_60' title='bbox 1691 1015 1826 1065; x_wconf 84' lang='grc' dir='ltr'>κατὰ</span> 
     </span>
    </p>
   </div>
   <div class='ocr_carea' id='block_1_12' title="bbox 210 1098 1824 1170">
    <p class='ocr_par' dir='ltr' id='par_1_12' title="bbox 210 1098 1824 1170">
     <span class='ocr_line' id='line_1_12' title="bbox 210 1098 1824 1170; baseline 0.001 -20"><span class='ocrx_word' id='word_1_61' title='bbox 210 1102 431 1169; x_wconf 69' lang='grc' dir='ltr'><strong>Μάρκον</strong></span> <span class='ocrx_word' id='word_1_62' title='bbox 484 1100 824 1170; x_wconf 69' lang='grc' dir='ltr'><strong>Εὗαγγέλιον,</strong></span> <span class='ocrx_word' id='word_1_63' title='bbox 856 1103 933 1153; x_wconf 75' lang='grc' dir='ltr'>ἔτι</span> <span class='ocrx_word' id='word_1_64' title='bbox 973 1098 1033 1153; x_wconf 64' lang='grc' dir='ltr'>δὲ</span> <span class='ocrx_word' id='word_1_65' title='bbox 1061 1105 1150 1153; x_wconf 82' lang='grc' dir='ltr'>καὶ</span> <span class='ocrx_word' id='word_1_66' title='bbox 1178 1104 1237 1153; x_wconf 87' lang='grc' dir='ltr'><strong>τὸ</strong></span> <span class='ocrx_word' id='word_1_67' title='bbox 1291 1102 1427 1152; x_wconf 83' lang='grc' dir='ltr'><strong>κατὰ</strong></span> <span class='ocrx_word' id='word_1_68' title='bbox 1469 1105 1693 1164; x_wconf 80' lang='grc' dir='ltr'><strong>Λουκᾶν,</strong></span> <span class='ocrx_word' id='word_1_69' title='bbox 1726 1109 1824 1152; x_wconf 89' lang='grc' dir='ltr'>τῶν</span> 
     </span>
    </p>
   </div>
   <div class='ocr_carea' id='block_1_13' title="bbox 211 1174 1821 1261">
    <p class='ocr_par' dir='ltr' id='par_1_13' title="bbox 211 1174 1821 1261">
     <span class='ocr_line' id='line_1_13' title="bbox 211 1174 1821 1261; baseline 0.001 -24"><span class='ocrx_word' id='word_1_70' title='bbox 211 1174 541 1257; x_wconf 67' lang='grc' dir='ltr'><strong>Γαδαρηνῶν</strong></span> <span class='ocrx_word' id='word_1_71' title='bbox 591 1189 915 1261; x_wconf 67' lang='grc' dir='ltr'><strong>γράφουσιν,</strong></span> <span class='ocrx_word' id='word_1_72' title='bbox 986 1189 1142 1242; x_wconf 79' lang='grc' dir='ltr'><strong>Ἀλλά</strong></span> <span class='ocrx_word' id='word_1_73' title='bbox 1207 1196 1270 1259; x_wconf 76' lang='grc' dir='ltr'><strong>τῇ</strong></span> <span class='ocrx_word' id='word_1_74' title='bbox 1343 1185 1619 1261; x_wconf 73' lang='grc' dir='ltr'><strong>Τιϐεριάδι</strong></span> <span class='ocrx_word' id='word_1_75' title='bbox 1668 1188 1821 1260; x_wconf 80' lang='grc' dir='ltr'><strong>λίμνῃ</strong></span> 
     </span>
    </p>
   </div>
   <div class='ocr_carea' id='block_1_14' title="bbox 210 1274 1822 1351">
    <p class='ocr_par' dir='ltr' id='par_1_14' title="bbox 210 1274 1822 1351">
     <span class='ocr_line' id='line_1_14' title="bbox 210 1274 1822 1351; baseline 0 -20"><span class='ocrx_word' id='word_1_76' title='bbox 210 1278 239 1331; x_wconf 71' lang='grc' dir='ltr'>ἑ</span> <span class='ocrx_word' id='word_1_77' title='bbox 304 1276 462 1337; x_wconf 74' lang='grc' dir='ltr'><strong>πόλις</strong></span> <span class='ocrx_word' id='word_1_78' title='bbox 522 1274 753 1350; x_wconf 71' lang='grc' dir='ltr'><strong>Γεργεσα</strong></span> <span class='ocrx_word' id='word_1_79' title='bbox 804 1279 1136 1351; x_wconf 80' lang='grc' dir='ltr'><strong>παράκειται,</strong></span> <span class='ocrx_word' id='word_1_80' title='bbox 1198 1281 1288 1329; x_wconf 86' lang='grc' dir='ltr'>καὶ</span> <span class='ocrx_word' id='word_1_81' title='bbox 1345 1278 1403 1329; x_wconf 77' lang='grc' dir='ltr'><strong>οὐ</strong></span> <span class='ocrx_word' id='word_1_82' title='bbox 1455 1280 1522 1329; x_wconf 84' lang='grc' dir='ltr'><strong>τὰ</strong></span> <span class='ocrx_word' id='word_1_83' title='bbox 1588 1274 1822 1351; x_wconf 84' lang='grc' dir='ltr'><strong>Γάδαρα.</strong></span> 
     </span>
    </p>
   </div>
   <div class='ocr_carea' id='block_1_15' title="bbox 206 1361 1823 1437">
    <p class='ocr_par' dir='ltr' id='par_1_15' title="bbox 206 1361 1823 1437">
     <span class='ocr_line' id='line_1_15' title="bbox 206 1361 1823 1437; baseline 0.001 -24"><span class='ocrx_word' id='word_1_84' title='bbox 206 1366 364 1423; x_wconf 70' lang='grc' dir='ltr'><strong>τινες</strong></span> <span class='ocrx_word' id='word_1_85' title='bbox 413 1361 477 1415; x_wconf 79' lang='grc' dir='ltr'><strong>δέ</strong></span> <span class='ocrx_word' id='word_1_86' title='bbox 516 1384 695 1437; x_wconf 69' lang='grc' dir='ltr'><strong>φασιν,</strong></span> <span class='ocrx_word' id='word_1_87' title='bbox 747 1363 1007 1437; x_wconf 79' lang='grc' dir='ltr'>διώνυμον</span> <span class='ocrx_word' id='word_1_88' title='bbox 1047 1366 1177 1418; x_wconf 87' lang='grc' dir='ltr'><strong>εἶναι</strong></span> <span class='ocrx_word' id='word_1_89' title='bbox 1229 1370 1324 1424; x_wconf 84' lang='grc' dir='ltr'><strong>τὴν</strong></span> <span class='ocrx_word' id='word_1_90' title='bbox 1364 1368 1611 1424; x_wconf 80' lang='grc' dir='ltr'><strong>τοιαύτην</strong></span> <span class='ocrx_word' id='word_1_91' title='bbox 1656 1365 1823 1429; x_wconf 84' lang='grc' dir='ltr'><strong>πόλιν,</strong></span> 
     </span>
    </p>
   </div>
   <div class='ocr_carea' id='block_1_16' title="bbox 207 1452 1826 1525">
    <p class='ocr_par' dir='ltr' id='par_1_16' title="bbox 207 1452 1826 1525">
     <span class='ocr_line' id='line_1_16' title="bbox 207 1452 1826 1525; baseline 0.002 -23"><span class='ocrx_word' id='word_1_92' title='bbox 207 1458 304 1503; x_wconf 68' lang='grc' dir='ltr'><strong>καὶ</strong></span> <span class='ocrx_word' id='word_1_93' title='bbox 379 1452 661 1505; x_wconf 76' lang='grc' dir='ltr'><strong>καλεῖσθαι</strong></span> <span class='ocrx_word' id='word_1_94' title='bbox 716 1461 871 1507; x_wconf 80' lang='grc' dir='ltr'><strong>τοῦτο</strong></span> <span class='ocrx_word' id='word_1_95' title='bbox 932 1453 1150 1509; x_wconf 70' lang='grc' dir='ltr'><strong>κάκεῖνο.</strong></span> <span class='ocrx_word' id='word_1_96' title='bbox 1211 1453 1367 1507; x_wconf 81' lang='grc' dir='ltr'><strong>Ἀλλὰ</strong></span> <span class='ocrx_word' id='word_1_97' title='bbox 1420 1456 1687 1514; x_wconf 83' lang='grc' dir='ltr'><strong>Ματθαῖος</strong></span> <span class='ocrx_word' id='word_1_98' title='bbox 1738 1456 1826 1525; x_wconf 67' lang='grc' dir='ltr'>μὲν</span> 
     </span>
    </p>
   </div>
   <div class='ocr_carea' id='block_1_17' title="bbox 211 1535 1828 1614">
    <p class='ocr_par' dir='ltr' id='par_1_17' title="bbox 211 1535 1828 1614">
     <span class='ocr_line' id='line_1_17' title="bbox 211 1535 1828 1614; baseline 0.001 -24"><span class='ocrx_word' id='word_1_99' title='bbox 211 1535 314 1590; x_wconf 64' lang='grc' dir='ltr'><strong>δύο</strong></span> <span class='ocrx_word' id='word_1_100' title='bbox 373 1536 849 1612; x_wconf 72' lang='grc' dir='ltr'><strong>δαιμονιζομένους</strong></span> <span class='ocrx_word' id='word_1_101' title='bbox 901 1546 1051 1613; x_wconf 74' lang='grc' dir='ltr'><strong>φησι,</strong></span> <span class='ocrx_word' id='word_1_102' title='bbox 1104 1543 1319 1614; x_wconf 83' lang='grc' dir='ltr'><strong>Μάρκος</strong></span> <span class='ocrx_word' id='word_1_103' title='bbox 1371 1538 1431 1593; x_wconf 70' lang='grc' dir='ltr'>δε</span> <span class='ocrx_word' id='word_1_104' title='bbox 1482 1545 1572 1593; x_wconf 80' lang='grc' dir='ltr'><strong>καὶ</strong></span> <span class='ocrx_word' id='word_1_105' title='bbox 1625 1547 1828 1601; x_wconf 81' lang='grc' dir='ltr'><strong>Λουκᾶς</strong></span> 
     </span>
    </p>
   </div>
   <div class='ocr_carea' id='block_1_18' title="bbox 209 1626 1828 1702">
    <p class='ocr_par' dir='ltr' id='par_1_18' title="bbox 209 1626 1828 1702">
     <span class='ocr_line' id='line_1_18' title="bbox 209 1626 1828 1702; baseline 0.002 -25"><span class='ocrx_word' id='word_1_106' title='bbox 209 1626 328 1687; x_wconf 61' lang='grc' dir='ltr'><strong>ἐνὸς</strong></span> <span class='ocrx_word' id='word_1_107' title='bbox 382 1627 800 1699; x_wconf 70' lang='grc' dir='ltr'><strong>ἐμνημόνευσαν,</strong></span> <span class='ocrx_word' id='word_1_108' title='bbox 851 1636 942 1681; x_wconf 85' lang='grc' dir='ltr'><strong>τοῦ</strong></span> <span class='ocrx_word' id='word_1_109' title='bbox 998 1628 1185 1701; x_wconf 86' lang='grc' dir='ltr'><strong>μᾶλλον</strong></span> <span class='ocrx_word' id='word_1_110' title='bbox 1256 1628 1663 1702; x_wconf 73' lang='grc' dir='ltr'><strong>ἐπισημοτέραν,</strong></span> <span class='ocrx_word' id='word_1_111' title='bbox 1736 1637 1828 1683; x_wconf 82' lang='grc' dir='ltr'><strong>τοῦ</strong></span> 
     </span>
    </p>
   </div>
   <div class='ocr_carea' id='block_1_19' title="bbox 208 1715 1829 1792">
    <p class='ocr_par' dir='ltr' id='par_1_19' title="bbox 208 1715 1829 1792">
     <span class='ocr_line' id='line_1_19' title="bbox 208 1715 1829 1792; baseline 0.004 -27"><span class='ocrx_word' id='word_1_112' title='bbox 208 1715 502 1786; x_wconf 50' lang='lat' dir='ltr'>impiam;</span> <span class='ocrx_word' id='word_1_113' title='bbox 560 1716 824 1787; x_wconf 71' lang='grc' dir='ltr'><strong>λεγεῶνος,</strong></span> <span class='ocrx_word' id='word_1_114' title='bbox 882 1722 1001 1792; x_wconf 86' lang='grc' dir='ltr'>περὶ</span> <span class='ocrx_word' id='word_1_115' title='bbox 1058 1718 1118 1769; x_wconf 81' lang='grc' dir='ltr'><strong>οὗ</strong></span> <span class='ocrx_word' id='word_1_116' title='bbox 1189 1716 1380 1789; x_wconf 79' lang='grc' dir='ltr'><strong>φοϐερὰ</strong></span> <span class='ocrx_word' id='word_1_117' title='bbox 1438 1717 1599 1771; x_wconf 85' lang='grc' dir='ltr'><strong>πολλά</strong></span> <span class='ocrx_word' id='word_1_118' title='bbox 1650 1718 1829 1789; x_wconf 75' lang='grc' dir='ltr'><strong>λέγου-</strong></span> 
     </span>
    </p>
   </div>
   <div class='ocr_carea' id='block_1_20' title="bbox 212 1802 1828 1880">
    <p class='ocr_par' dir='ltr' id='par_1_20' title="bbox 212 1802 1828 1880">
     <span class='ocr_line' id='line_1_20' title="bbox 212 1802 1828 1880; baseline 0.003 -26"><span class='ocrx_word' id='word_1_119' title='bbox 212 1822 333 1864; x_wconf 80' lang='grc' dir='ltr'><strong>σιν,</strong></span> <span class='ocrx_word' id='word_1_120' title='bbox 381 1805 422 1873; x_wconf 79' lang='grc' dir='ltr'>ᾧ</span> <span class='ocrx_word' id='word_1_121' title='bbox 474 1810 568 1857; x_wconf 85' lang='grc' dir='ltr'><strong>καὶ</strong></span> <span class='ocrx_word' id='word_1_122' title='bbox 619 1807 893 1879; x_wconf 72' lang='grc' dir='ltr'><strong>ὑπηρετεῖν</strong></span> <span class='ocrx_word' id='word_1_123' title='bbox 942 1807 968 1857; x_wconf 90' lang='grc' dir='ltr'>ό</span> <span class='ocrx_word' id='word_1_124' title='bbox 1019 1807 1187 1880; x_wconf 80' lang='grc' dir='ltr'><strong>ἔτερος</strong></span> <span class='ocrx_word' id='word_1_125' title='bbox 1236 1802 1427 1859; x_wconf 80' lang='grc' dir='ltr'><strong>ἐδόκει.</strong></span> <span class='ocrx_word' id='word_1_126' title='bbox 1495 1811 1591 1859; x_wconf 75' lang='grc' dir='ltr'>Καὶ</span> <span class='ocrx_word' id='word_1_127' title='bbox 1649 1808 1698 1858; x_wconf 88' lang='grc' dir='ltr'>οἱ</span> <span class='ocrx_word' id='word_1_128' title='bbox 1741 1810 1828 1879; x_wconf 74' lang='grc' dir='ltr'>μὲν</span> 
     </span>
    </p>
   </div>
   <div class='ocr_carea' id='block_1_21' title="bbox 214 1888 1833 1968">
    <p class='ocr_par' dir='ltr' id='par_1_21' title="bbox 214 1888 1833 1968">
     <span class='ocr_line' id='line_1_21' title="bbox 214 1888 1833 1968; baseline 0.002 -24"><span class='ocrx_word' id='word_1_129' title='bbox 214 1888 323 1944; x_wconf 74' lang='grc' dir='ltr'><strong>διὰ</strong></span> <span class='ocrx_word' id='word_1_130' title='bbox 362 1901 513 1946; x_wconf 75' lang='grc' dir='ltr'><strong>τοῦτο</strong></span> <span class='ocrx_word' id='word_1_131' title='bbox 560 1902 803 1968; x_wconf 77' lang='grc' dir='ltr'><strong>παρῆκαν</strong></span> <span class='ocrx_word' id='word_1_132' title='bbox 852 1894 1026 1958; x_wconf 75' lang='grc' dir='ltr'><strong>αὐτόν,</strong></span> <span class='ocrx_word' id='word_1_133' title='bbox 1076 1896 1102 1945; x_wconf 90' lang='grc' dir='ltr'>ό</span> <span class='ocrx_word' id='word_1_134' title='bbox 1150 1891 1211 1947; x_wconf 72' lang='grc' dir='ltr'>δε</span> <span class='ocrx_word' id='word_1_135' title='bbox 1258 1896 1525 1956; x_wconf 85' lang='grc' dir='ltr'><strong>Ματθαίος</strong></span> <span class='ocrx_word' id='word_1_136' title='bbox 1575 1892 1833 1968; x_wconf 73' lang='grc' dir='ltr'><strong>ἀνέγραψε</strong></span> 
     </span>
    </p>
   </div>
   <div class='ocr_carea' id='block_1_22' title="bbox 210 1979 1235 2055">
    <p class='ocr_par' dir='ltr' id='par_1_22' title="bbox 210 1979 1235 2055">
     <span class='ocr_line' id='line_1_22' title="bbox 210 1979 1235 2055; baseline 0.005 -22"><span class='ocrx_word' id='word_1_137' title='bbox 210 1988 312 2033; x_wconf 75' lang='grc' dir='ltr'>καί</span> <span class='ocrx_word' id='word_1_138' title='bbox 346 1990 553 2049; x_wconf 74' lang='grc' dir='ltr'><strong>τοῦτον,</strong></span> <span class='ocrx_word' id='word_1_139' title='bbox 585 1984 658 2045; x_wconf 79' lang='grc' dir='ltr'><strong>ὡς</strong></span> <span class='ocrx_word' id='word_1_140' title='bbox 682 1979 1235 2055; x_wconf 83' lang='grc' dir='ltr'><strong>συνδαιμονιζόμενον.</strong></span> 
     </span>
    </p>
   </div>
   <div class='ocr_carea' id='block_1_23' title="bbox 287 2153 1835 2232">
    <p class='ocr_par' dir='ltr' id='par_1_23' title="bbox 287 2153 1835 2232">
     <span class='ocr_line' id='line_1_23' title="bbox 287 2153 1835 2232; baseline 0.003 -23"><span class='ocrx_word' id='word_1_141' title='bbox 287 2159 337 2227; x_wconf 64' lang='grc' dir='ltr'>αξ-</span> <span class='ocrx_word' id='word_1_142' title='bbox 397 2161 538 2210; x_wconf 73' lang='grc' dir='ltr'><strong>Οὖτε</strong></span> <span class='ocrx_word' id='word_1_143' title='bbox 606 2158 721 2225; x_wconf 74' lang='grc'>(79)</span> <span class='ocrx_word' id='word_1_144' title='bbox 786 2153 1122 2229; x_wconf 81' lang='grc' dir='ltr'><strong>Γαδαρηνῶν,</strong></span> <span class='ocrx_word' id='word_1_145' title='bbox 1195 2157 1312 2211; x_wconf 74' lang='grc' dir='ltr'><strong>οὔτε</strong></span> <span class='ocrx_word' id='word_1_146' title='bbox 1375 2163 1699 2232; x_wconf 83' lang='grc' dir='ltr'><strong>Γερασηνῶν,</strong></span> <span class='ocrx_word' id='word_1_147' title='bbox 1768 2162 1835 2213; x_wconf 79' lang='grc' dir='ltr'>τὰ</span> 
     </span>
    </p>
   </div>
   <div class='ocr_carea' id='block_1_24' title="bbox 210 2245 1828 2321">
    <p class='ocr_par' dir='ltr' id='par_1_24' title="bbox 210 2245 1828 2321">
     <span class='ocr_line' id='line_1_24' title="bbox 210 2245 1828 2321; baseline 0.003 -24"><span class='ocrx_word' id='word_1_148' title='bbox 210 2245 419 2318; x_wconf 72' lang='grc' dir='ltr'><strong>ἀκριϐῆ</strong></span> <span class='ocrx_word' id='word_1_149' title='bbox 493 2249 611 2317; x_wconf 79' lang='grc' dir='ltr'><strong>ἔχει</strong></span> <span class='ocrx_word' id='word_1_150' title='bbox 674 2255 775 2298; x_wconf 85' lang='grc' dir='ltr'>τῶν</span> <span class='ocrx_word' id='word_1_151' title='bbox 851 2245 1196 2320; x_wconf 77' lang='grc' dir='ltr'><strong>ἀντιγράφων,</strong></span> <span class='ocrx_word' id='word_1_152' title='bbox 1280 2245 1407 2299; x_wconf 79' lang='grc' dir='ltr'><strong>ἀλλὰ</strong></span> <span class='ocrx_word' id='word_1_153' title='bbox 1483 2253 1828 2321; x_wconf 70' lang='grc' dir='ltr'><strong>Γεργεσηνῶ).</strong></span> 
     </span>
    </p>
   </div>
   <div class='ocr_carea' id='block_1_25' title="bbox 214 2331 1835 2409">
    <p class='ocr_par' dir='ltr' id='par_1_25' title="bbox 214 2331 1835 2409">
     <span class='ocr_line' id='line_1_25' title="bbox 214 2331 1835 2409; baseline 0.001 -22"><span class='ocrx_word' id='word_1_154' title='bbox 214 2331 449 2408; x_wconf 78' lang='grc' dir='ltr'><strong>Γάδαρα</strong></span> <span class='ocrx_word' id='word_1_155' title='bbox 511 2338 608 2406; x_wconf 75' lang='grc' dir='ltr'>γὰρ</span> <span class='ocrx_word' id='word_1_156' title='bbox 672 2335 821 2401; x_wconf 81' lang='grc' dir='ltr'><strong>πόλις</strong></span> <span class='ocrx_word' id='word_1_157' title='bbox 873 2334 983 2388; x_wconf 73' lang='grc' dir='ltr'><strong>ἐστὶ</strong></span> <span class='ocrx_word' id='word_1_158' title='bbox 1038 2343 1133 2397; x_wconf 83' lang='grc' dir='ltr'><strong>τῆς</strong></span> <span class='ocrx_word' id='word_1_159' title='bbox 1198 2332 1497 2397; x_wconf 84' lang='grc' dir='ltr'><strong>Ἰουδαίας·</strong></span> <span class='ocrx_word' id='word_1_160' title='bbox 1552 2336 1701 2409; x_wconf 83' lang='grc' dir='ltr'><strong>λίμνη</strong></span> <span class='ocrx_word' id='word_1_161' title='bbox 1774 2334 1835 2389; x_wconf 72' lang='grc' dir='ltr'>δε</span> 
     </span>
    </p>
   </div>
   <div class='ocr_carea' id='block_1_26' title="bbox 212 2421 1833 2496">
    <p class='ocr_par' dir='ltr' id='par_1_26' title="bbox 212 2421 1833 2496">
     <span class='ocr_line' id='line_1_26' title="bbox 212 2421 1833 2496; baseline 0.001 -21"><span class='ocrx_word' id='word_1_162' title='bbox 212 2430 477 2495; x_wconf 77' lang='grc' dir='ltr'><strong>κρημνοῖς</strong></span> <span class='ocrx_word' id='word_1_163' title='bbox 536 2428 914 2495; x_wconf 79' lang='grc' dir='ltr'><strong>παρακειμένη,</strong></span> <span class='ocrx_word' id='word_1_164' title='bbox 977 2424 1007 2496; x_wconf 78' lang='grc' dir='ltr'>ᾖ</span> <span class='ocrx_word' id='word_1_165' title='bbox 1064 2423 1320 2489; x_wconf 84' lang='grc' dir='ltr'><strong>θάλασσα,</strong></span> <span class='ocrx_word' id='word_1_166' title='bbox 1392 2421 1639 2496; x_wconf 79' lang='grc' dir='ltr'><strong>οὐδαμῶς</strong></span> <span class='ocrx_word' id='word_1_167' title='bbox 1691 2425 1833 2478; x_wconf 84' lang='grc' dir='ltr'><strong>ἐστιν</strong></span> 
     </span>
    </p>
   </div>
   <div class='ocr_carea' id='block_1_27' title="bbox 215 2508 1831 2586">
    <p class='ocr_par' dir='ltr' id='par_1_27' title="bbox 215 2508 1831 2586">
     <span class='ocr_line' id='line_1_27' title="bbox 215 2508 1831 2586; baseline 0.003 -25"><span class='ocrx_word' id='word_1_168' title='bbox 215 2510 266 2562; x_wconf 68' lang='grc' dir='ltr'>ἐι</span> <span class='ocrx_word' id='word_1_169' title='bbox 317 2511 486 2583; x_wconf 68' lang='grc' dir='ltr'><strong>αὐτῇ.</strong></span> <span class='ocrx_word' id='word_1_170' title='bbox 542 2516 645 2565; x_wconf 76' lang='grc' dir='ltr'><strong>Καὶ</strong></span> <span class='ocrx_word' id='word_1_171' title='bbox 694 2516 898 2585; x_wconf 76' lang='grc' dir='ltr'><strong>Γέρασα</strong></span> <span class='ocrx_word' id='word_1_172' title='bbox 951 2508 1011 2564; x_wconf 70' lang='grc' dir='ltr'>δὲ</span> <span class='ocrx_word' id='word_1_173' title='bbox 1060 2519 1151 2572; x_wconf 83' lang='grc' dir='ltr'><strong>τῆς</strong></span> <span class='ocrx_word' id='word_1_174' title='bbox 1202 2510 1445 2586; x_wconf 75' lang='grc' dir='ltr'><strong>Ἀραϐίας</strong></span> <span class='ocrx_word' id='word_1_175' title='bbox 1502 2511 1615 2565; x_wconf 74' lang='grc' dir='ltr'><strong>ἐστὶ</strong></span> <span class='ocrx_word' id='word_1_176' title='bbox 1660 2513 1831 2585; x_wconf 80' lang='grc' dir='ltr'><strong>πόλις,</strong></span> 
     </span>
    </p>
   </div>
   <div class='ocr_carea' id='block_1_28' title="bbox 217 2598 1828 2673">
    <p class='ocr_par' dir='ltr' id='par_1_28' title="bbox 217 2598 1828 2673">
     <span class='ocr_line' id='line_1_28' title="bbox 217 2598 1828 2673; baseline 0.002 -22"><span class='ocrx_word' id='word_1_177' title='bbox 217 2603 340 2652; x_wconf 73' lang='grc' dir='ltr'><strong>οὗτε</strong></span> <span class='ocrx_word' id='word_1_178' title='bbox 395 2598 692 2665; x_wconf 77' lang='grc' dir='ltr'><strong>θάλασσαν,</strong></span> <span class='ocrx_word' id='word_1_179' title='bbox 734 2600 851 2653; x_wconf 82' lang='grc' dir='ltr'><strong>οὗτε</strong></span> <span class='ocrx_word' id='word_1_180' title='bbox 894 2599 1081 2672; x_wconf 81' lang='grc' dir='ltr'><strong>λίμνην</strong></span> <span class='ocrx_word' id='word_1_181' title='bbox 1131 2599 1354 2658; x_wconf 83' lang='grc' dir='ltr'><strong>πλησίον</strong></span> <span class='ocrx_word' id='word_1_182' title='bbox 1401 2600 1560 2662; x_wconf 78' lang='grc' dir='ltr'><strong>αὐτῆς</strong></span> <span class='ocrx_word' id='word_1_183' title='bbox 1607 2604 1828 2673; x_wconf 78' lang='grc' dir='ltr'><strong>ἔχουσα.</strong></span> 
     </span>
    </p>
   </div>
   <div class='ocr_carea' id='block_1_29' title="bbox 222 2686 1833 2761">
    <p class='ocr_par' dir='ltr' id='par_1_29' title="bbox 222 2686 1833 2761">
     <span class='ocr_line' id='line_1_29' title="bbox 222 2686 1833 2761; baseline 0.002 -20"><span class='ocrx_word' id='word_1_184' title='bbox 222 2692 329 2741; x_wconf 73' lang='grc' dir='ltr'><strong>Καὶ</strong></span> <span class='ocrx_word' id='word_1_185' title='bbox 410 2688 509 2739; x_wconf 69' lang='grc' dir='ltr'><strong>οὐκ</strong></span> <span class='ocrx_word' id='word_1_186' title='bbox 590 2687 651 2739; x_wconf 76' lang='grc' dir='ltr'><strong>ἂν</strong></span> <span class='ocrx_word' id='word_1_187' title='bbox 734 2691 868 2740; x_wconf 76' lang='grc' dir='ltr'><strong>οὕτω</strong></span> <span class='ocrx_word' id='word_1_188' title='bbox 942 2691 1190 2761; x_wconf 73' lang='grc' dir='ltr'><strong>προφανὲς</strong></span> <span class='ocrx_word' id='word_1_189' title='bbox 1281 2686 1477 2759; x_wconf 74' lang='grc' dir='ltr'><strong>ψεῦδος</strong></span> <span class='ocrx_word' id='word_1_190' title='bbox 1557 2696 1646 2742; x_wconf 80' lang='grc' dir='ltr'>καὶ</span> <span class='ocrx_word' id='word_1_191' title='bbox 1730 2692 1833 2744; x_wconf 76' lang='grc' dir='ltr'><strong>εὐί-</strong></span> 
     </span>
    </p>
   </div>
   <div class='ocr_carea' id='block_1_30' title="bbox 216 2774 1834 2852">
    <p class='ocr_par' dir='ltr' id='par_1_30' title="bbox 216 2774 1834 2852">
     <span class='ocr_line' id='line_1_30' title="bbox 216 2774 1834 2852; baseline 0.002 -25"><span class='ocrx_word' id='word_1_192' title='bbox 216 2776 439 2845; x_wconf 71' lang='grc' dir='ltr'><strong>λεγκτον</strong></span> <span class='ocrx_word' id='word_1_193' title='bbox 518 2777 567 2827; x_wconf 83' lang='grc' dir='ltr'>οἱ</span> <span class='ocrx_word' id='word_1_194' title='bbox 627 2775 989 2847; x_wconf 66' lang='grc' dir='ltr'><strong>εὖαγγελισταὶ</strong></span> <span class='ocrx_word' id='word_1_195' title='bbox 1066 2777 1372 2848; x_wconf 78' lang='grc' dir='ltr'><strong>εἰρήκασαν,</strong></span> <span class='ocrx_word' id='word_1_196' title='bbox 1445 2774 1625 2850; x_wconf 77' lang='grc' dir='ltr'><strong>ἄνδρες</strong></span> <span class='ocrx_word' id='word_1_197' title='bbox 1690 2777 1834 2852; x_wconf 80' lang='grc' dir='ltr'><strong>ἀκρι-</strong></span> 
     </span>
    </p>
   </div>
   <div class='ocr_carea' id='block_1_31' title="bbox 219 2862 1837 2940">
    <p class='ocr_par' dir='ltr' id='par_1_31' title="bbox 219 2862 1837 2940">
     <span class='ocr_line' id='line_1_31' title="bbox 219 2862 1837 2940; baseline 0.004 -26"><span class='ocrx_word' id='word_1_198' title='bbox 219 2863 327 2925; x_wconf 70' lang='grc' dir='ltr'>ϐῶς</span> <span class='ocrx_word' id='word_1_199' title='bbox 380 2870 731 2933; x_wconf 66' lang='grc' dir='ltr'><strong>γινώσκοντες</strong></span> <span class='ocrx_word' id='word_1_200' title='bbox 792 2867 858 2916; x_wconf 79' lang='grc' dir='ltr'><strong>τὰ</strong></span> <span class='ocrx_word' id='word_1_201' title='bbox 913 2870 1032 2938; x_wconf 85' lang='grc' dir='ltr'><strong>περὶ</strong></span> <span class='ocrx_word' id='word_1_202' title='bbox 1097 2873 1187 2926; x_wconf 80' lang='grc' dir='ltr'><strong>τῆς</strong></span> <span class='ocrx_word' id='word_1_203' title='bbox 1252 2862 1532 2929; x_wconf 84' lang='grc' dir='ltr'><strong>Ἰουδαίας.</strong></span> <span class='ocrx_word' id='word_1_204' title='bbox 1606 2872 1837 2940; x_wconf 78' lang='grc' dir='ltr'><strong>Γέργεσα</strong></span> 
     </span>
    </p>
   </div>
   <div class='ocr_carea' id='block_1_32' title="bbox 220 2951 1833 3029">
    <p class='ocr_par' dir='ltr' id='par_1_32' title="bbox 220 2951 1833 3029">
     <span class='ocr_line' id='line_1_32' title="bbox 220 2951 1833 3029; baseline 0.002 -26"><span class='ocrx_word' id='word_1_205' title='bbox 220 2958 399 3003; x_wconf 78' lang='grc' dir='ltr'><strong>τοίνυν</strong></span> <span class='ocrx_word' id='word_1_206' title='bbox 445 2952 612 3017; x_wconf 80' lang='grc' dir='ltr'><strong>ἐστὶν,</strong></span> <span class='ocrx_word' id='word_1_207' title='bbox 660 2951 745 3024; x_wconf 68' lang='grc' dir='ltr'>ἀφ’</span> <span class='ocrx_word' id='word_1_208' title='bbox 786 2953 848 3013; x_wconf 77' lang='grc' dir='ltr'><strong>ἧς</strong></span> <span class='ocrx_word' id='word_1_209' title='bbox 900 2958 1218 3025; x_wconf 72' lang='grc' dir='ltr'><strong>Γεργεσαίοι,</strong></span> <span class='ocrx_word' id='word_1_210' title='bbox 1270 2953 1416 3015; x_wconf 87' lang='grc' dir='ltr'><strong>πόλις</strong></span> <span class='ocrx_word' id='word_1_211' title='bbox 1462 2953 1669 3028; x_wconf 82' lang='grc' dir='ltr'><strong>ἀρχαία</strong></span> <span class='ocrx_word' id='word_1_212' title='bbox 1717 2961 1833 3029; x_wconf 81' lang='grc' dir='ltr'><strong>περὶ</strong></span> 
     </span>
    </p>
   </div>
   <div class='ocr_carea' id='block_1_33' title="bbox 222 3038 1835 3116">
    <p class='ocr_par' dir='ltr' id='par_1_33' title="bbox 222 3038 1835 3116">
     <span class='ocr_line' id='line_1_33' title="bbox 222 3038 1835 3116; baseline 0.003 -25"><span class='ocrx_word' id='word_1_213' title='bbox 222 3046 319 3097; x_wconf 62' lang='grc' dir='ltr'><strong>τὴν</strong></span> <span class='ocrx_word' id='word_1_214' title='bbox 386 3049 475 3091; x_wconf 75' lang='grc' dir='ltr'><strong>νῦν</strong></span> <span class='ocrx_word' id='word_1_215' title='bbox 544 3040 865 3111; x_wconf 78' lang='grc' dir='ltr'><strong>καλουμένην</strong></span> <span class='ocrx_word' id='word_1_216' title='bbox 942 3038 1251 3114; x_wconf 79' lang='grc' dir='ltr'><strong>Τιϐεριάδος</strong></span> <span class='ocrx_word' id='word_1_217' title='bbox 1325 3040 1529 3114; x_wconf 79' lang='grc' dir='ltr'><strong>λίμνην,</strong></span> <span class='ocrx_word' id='word_1_218' title='bbox 1599 3048 1717 3116; x_wconf 85' lang='grc' dir='ltr'><strong>περὶ</strong></span> <span class='ocrx_word' id='word_1_219' title='bbox 1774 3044 1835 3103; x_wconf 79' lang='grc' dir='ltr'>ἣν</span> 
     </span>
    </p>
   </div>
   <div class='ocr_carea' id='block_1_34' title="bbox 220 3128 1837 3203">
    <p class='ocr_par' dir='ltr' id='par_1_34' title="bbox 220 3128 1837 3203">
     <span class='ocr_line' id='line_1_34' title="bbox 220 3128 1837 3203; baseline 0.003 -24"><span class='ocrx_word' id='word_1_220' title='bbox 220 3133 459 3201; x_wconf 78' lang='grc' dir='ltr'><strong>κρημνός</strong></span> <span class='ocrx_word' id='word_1_221' title='bbox 523 3133 899 3202; x_wconf 84' lang='grc' dir='ltr'><strong>παρακείμενος</strong></span> <span class='ocrx_word' id='word_1_222' title='bbox 953 3137 1013 3202; x_wconf 74' lang='grc' dir='ltr'><strong>τῇ</strong></span> <span class='ocrx_word' id='word_1_223' title='bbox 1067 3128 1241 3202; x_wconf 75' lang='grc' dir='ltr'><strong>λίμνη,</strong></span> <span class='ocrx_word' id='word_1_224' title='bbox 1311 3128 1394 3203; x_wconf 75' lang='grc' dir='ltr'>ἀφ’</span> <span class='ocrx_word' id='word_1_225' title='bbox 1456 3131 1516 3183; x_wconf 81' lang='grc' dir='ltr'><strong>οὔ</strong></span> <span class='ocrx_word' id='word_1_226' title='bbox 1570 3128 1837 3184; x_wconf 81' lang='grc' dir='ltr'><strong>δείκνυται</strong></span> 
     </span>
    </p>
   </div>
   <div class='ocr_carea' id='block_1_35' title="bbox 219 3214 1834 3291">
    <p class='ocr_par' dir='ltr' id='par_1_35' title="bbox 219 3214 1834 3291">
     <span class='ocr_line' id='line_1_35' title="bbox 219 3214 1834 3291; baseline 0.004 -24"><span class='ocrx_word' id='word_1_227' title='bbox 219 3223 348 3279; x_wconf 65' lang='grc' dir='ltr'><strong>τοὺς</strong></span> <span class='ocrx_word' id='word_1_228' title='bbox 424 3222 653 3291; x_wconf 83' lang='grc' dir='ltr'><strong>χοίρους</strong></span> <span class='ocrx_word' id='word_1_229' title='bbox 724 3219 824 3270; x_wconf 76' lang='grc' dir='ltr'>ὑπὸ</span> <span class='ocrx_word' id='word_1_230' title='bbox 894 3226 993 3269; x_wconf 88' lang='grc' dir='ltr'>τῶν</span> <span class='ocrx_word' id='word_1_231' title='bbox 1058 3214 1317 3290; x_wconf 86' lang='grc' dir='ltr'><strong>δαιμόνων</strong></span> <span class='ocrx_word' id='word_1_232' title='bbox 1392 3218 1834 3278; x_wconf 78' lang='grc' dir='ltr'><strong>καταϐεϐλῆσθαι.</strong></span> 
     </span>
    </p>
   </div>
   <div class='ocr_carea' id='block_1_36' title="bbox 216 3303 1837 3381">
    <p class='ocr_par' dir='ltr' id='par_1_36' title="bbox 216 3303 1837 3381">
     <span class='ocr_line' id='line_1_36' title="bbox 216 3303 1837 3381; baseline 0.002 -23"><span class='ocrx_word' id='word_1_233' title='bbox 216 3305 599 3378; x_wconf 73' lang='grc' dir='ltr'><strong>Ἐρμηνεὺεται</strong></span> <span class='ocrx_word' id='word_1_234' title='bbox 678 3303 738 3357; x_wconf 70' lang='grc' dir='ltr'>δε</span> <span class='ocrx_word' id='word_1_235' title='bbox 812 3307 842 3362; x_wconf 81' lang='grc' dir='ltr'><strong>ἠ</strong></span> <span class='ocrx_word' id='word_1_236' title='bbox 926 3309 1173 3380; x_wconf 73' lang='grc' dir='ltr'><strong>Γέργεσα,</strong></span> <span class='ocrx_word' id='word_1_237' title='bbox 1248 3311 1501 3381; x_wconf 89' lang='grc' dir='ltr'><strong>παροικία</strong></span> <span class='ocrx_word' id='word_1_238' title='bbox 1591 3307 1837 3367; x_wconf 77' lang='grc' dir='ltr'><strong>ἐκϐεϐλη-</strong></span> 
     </span>
    </p>
   </div>
   <div class='ocr_carea' id='block_1_37' title="bbox 218 3393 1840 3470">
    <p class='ocr_par' dir='ltr' id='par_1_37' title="bbox 218 3393 1840 3470">
     <span class='ocr_line' id='line_1_37' title="bbox 218 3393 1840 3470; baseline 0.003 -25"><span class='ocrx_word' id='word_1_239' title='bbox 218 3400 412 3459; x_wconf 81' lang='grc' dir='ltr'><strong>κότων,</strong></span> <span class='ocrx_word' id='word_1_240' title='bbox 476 3393 746 3466; x_wconf 78' lang='grc' dir='ltr'><strong>ἐπώνυμος</strong></span> <span class='ocrx_word' id='word_1_241' title='bbox 807 3393 942 3447; x_wconf 81' lang='grc' dir='ltr'><strong>οὖσα</strong></span> <span class='ocrx_word' id='word_1_242' title='bbox 1005 3396 1153 3466; x_wconf 90' lang='grc' dir='ltr'><strong>τάχα</strong></span> <span class='ocrx_word' id='word_1_243' title='bbox 1200 3403 1548 3470; x_wconf 75' lang='grc' dir='ltr'><strong>προφητικῶς,</strong></span> <span class='ocrx_word' id='word_1_244' title='bbox 1600 3393 1659 3449; x_wconf 87' lang='grc' dir='ltr'><strong>οὖ</strong></span> <span class='ocrx_word' id='word_1_245' title='bbox 1720 3402 1840 3469; x_wconf 79' lang='grc' dir='ltr'><strong>περὶ</strong></span> 
     </span>
    </p>
   </div>
   <div class='ocr_carea' id='block_1_38' title="bbox 218 3486 1837 3558">
    <p class='ocr_par' dir='ltr' id='par_1_38' title="bbox 218 3486 1837 3558">
     <span class='ocr_line' id='line_1_38' title="bbox 218 3486 1837 3558; baseline 0.002 -24"><span class='ocrx_word' id='word_1_246' title='bbox 218 3487 309 3535; x_wconf 81' lang='grc' dir='ltr'><strong>τὸν</strong></span> <span class='ocrx_word' id='word_1_247' title='bbox 419 3490 641 3558; x_wconf 79' lang='grc' dir='ltr'><strong>Σωτῆρα</strong></span> <span class='ocrx_word' id='word_1_248' title='bbox 720 3488 1063 3552; x_wconf 78' lang='grc' dir='ltr'><strong>πεποιήκασι,</strong></span> <span class='ocrx_word' id='word_1_249' title='bbox 1160 3488 1609 3557; x_wconf 73' lang='grc' dir='ltr'><strong>παρακαλέσαντες</strong></span> <span class='ocrx_word' id='word_1_250' title='bbox 1682 3486 1837 3537; x_wconf 77' lang='grc' dir='ltr'><strong>αὐτόν</strong></span> 
     </span>
    </p>
   </div>
   <div class='ocr_carea' id='block_1_39' title="bbox 216 3569 1838 3648">
    <p class='ocr_par' dir='ltr' id='par_1_39' title="bbox 216 3569 1838 3648">
     <span class='ocr_line' id='line_1_39' title="bbox 216 3569 1838 3648; baseline 0.001 -25"><span class='ocrx_word' id='word_1_251' title='bbox 216 3570 522 3643; x_wconf 74' lang='grc' dir='ltr'><strong>μεταϐῆναι</strong></span> <span class='ocrx_word' id='word_1_252' title='bbox 592 3569 648 3623; x_wconf 75' lang='grc' dir='ltr'>ἐκ</span> <span class='ocrx_word' id='word_1_253' title='bbox 718 3579 818 3623; x_wconf 89' lang='grc' dir='ltr'>τῶν</span> <span class='ocrx_word' id='word_1_254' title='bbox 888 3572 1041 3647; x_wconf 83' lang='grc' dir='ltr'><strong>ὁρίων</strong></span> <span class='ocrx_word' id='word_1_255' title='bbox 1113 3570 1280 3624; x_wconf 75' lang='grc' dir='ltr'><strong>αὐτῶν</strong></span> <span class='ocrx_word' id='word_1_256' title='bbox 1336 3572 1387 3625; x_wconf 85' lang='grc' dir='ltr'>οἰ</span> <span class='ocrx_word' id='word_1_257' title='bbox 1466 3580 1565 3625; x_wconf 85' lang='grc' dir='ltr'>τῶν</span> <span class='ocrx_word' id='word_1_258' title='bbox 1640 3578 1838 3648; x_wconf 78' lang='grc' dir='ltr'><strong>χοίρων</strong></span> 
     </span>
    </p>
   </div>
   <div class='ocr_carea' id='block_1_40' title="bbox 221 3657 512 3715">
    <p class='ocr_par' dir='ltr' id='par_1_40' title="bbox 221 3657 512 3715">
     <span class='ocr_line' id='line_1_40' title="bbox 221 3657 512 3715; baseline 0.01 -3"><span class='ocrx_word' id='word_1_259' title='bbox 221 3657 512 3715; x_wconf 74' lang='grc' dir='ltr'><strong>δεσπόται.</strong></span> 
     </span>
    </p>
   </div>
   <div class='ocr_carea' id='block_1_41' title="bbox 294 3746 1838 3823">
    <p class='ocr_par' dir='ltr' id='par_1_41' title="bbox 294 3746 1838 3823">
     <span class='ocr_line' id='line_1_41' title="bbox 294 3746 1838 3823; baseline 0.002 -22"><span class='ocrx_word' id='word_1_260' title='bbox 294 3748 397 3801; x_wconf 80' lang='grc' dir='ltr'><strong>Ἐπ</strong></span> <span class='ocrx_word' id='word_1_261' title='bbox 467 3779 537 3788; x_wconf 93' lang='grc'><strong><em>-</em></strong></span> <span class='ocrx_word' id='word_1_262' title='bbox 604 3746 952 3820; x_wconf 75' lang='grc' dir='ltr'><strong>ἐξερχόμενοι.</strong></span> <span class='ocrx_word' id='word_1_263' title='bbox 1019 3754 1141 3811; x_wconf 87' lang='grc' dir='ltr'><strong>Τοῖς</strong></span> <span class='ocrx_word' id='word_1_264' title='bbox 1217 3750 1395 3821; x_wconf 78' lang='grc' dir='ltr'><strong>τάφοις</strong></span> <span class='ocrx_word' id='word_1_265' title='bbox 1472 3751 1521 3802; x_wconf 79' lang='grc' dir='ltr'>οἱ</span> <span class='ocrx_word' id='word_1_266' title='bbox 1599 3746 1838 3823; x_wconf 85' lang='grc' dir='ltr'><strong>δαίμονες</strong></span> 
     </span>
    </p>
   </div>
   <div class='ocr_carea' id='block_1_42' title="bbox 219 3834 1838 3912">
    <p class='ocr_par' dir='ltr' id='par_1_42' title="bbox 219 3834 1838 3912">
     <span class='ocr_line' id='line_1_42' title="bbox 219 3834 1838 3912; baseline 0.004 -26"><span class='ocrx_word' id='word_1_267' title='bbox 219 3835 712 3910; x_wconf 52' lang='grc' dir='ltr'><strong>ὶμῳιλοχωροῦσιν,</strong></span> <span class='ocrx_word' id='word_1_268' title='bbox 792 3835 1018 3911; x_wconf 81' lang='grc' dir='ltr'><strong>ὀλέθριον</strong></span> <span class='ocrx_word' id='word_1_269' title='bbox 1112 3834 1290 3910; x_wconf 73' lang='grc' dir='ltr'><strong>δόγμα</strong></span> <span class='ocrx_word' id='word_1_270' title='bbox 1368 3845 1473 3899; x_wconf 85' lang='grc' dir='ltr'><strong>τοῖς</strong></span> <span class='ocrx_word' id='word_1_271' title='bbox 1548 3836 1838 3912; x_wconf 77' lang='grc' dir='ltr'><strong>ἀνθρώποις</strong></span> 
     </span>
    </p>
   </div>
   <div class='ocr_carea' id='block_1_43' title="bbox 221 3923 1838 3999">
    <p class='ocr_par' dir='ltr' id='par_1_43' title="bbox 221 3923 1838 3999">
     <span class='ocr_line' id='line_1_43' title="bbox 221 3923 1838 3999; baseline 0.005 -26"><span class='ocrx_word' id='word_1_272' title='bbox 221 3923 451 3977; x_wconf 72' lang='grc' dir='ltr'><strong>ἐνθεῖναι</strong></span> <span class='ocrx_word' id='word_1_273' title='bbox 537 3924 783 3987; x_wconf 76' lang='grc' dir='ltr'><strong>Θελοντες,</strong></span> <span class='ocrx_word' id='word_1_274' title='bbox 860 3928 927 3986; x_wconf 84' lang='grc' dir='ltr'><strong>ὡς</strong></span> <span class='ocrx_word' id='word_1_275' title='bbox 1001 3926 1106 3999; x_wconf 79' lang='grc' dir='ltr'><strong>ἄρα</strong></span> <span class='ocrx_word' id='word_1_276' title='bbox 1173 3934 1273 3977; x_wconf 85' lang='grc' dir='ltr'>τῶν</span> <span class='ocrx_word' id='word_1_277' title='bbox 1354 3926 1705 3980; x_wconf 83' lang='grc' dir='ltr'><strong>τελευτώντων</strong></span> <span class='ocrx_word' id='word_1_278' title='bbox 1782 3930 1838 3981; x_wconf 80' lang='grc' dir='ltr'>αἱ</span> 
     </span>
    </p>
   </div>
   <div class='ocr_carea' id='block_1_44' title="bbox 218 4009 1838 4087">
    <p class='ocr_par' dir='ltr' id='par_1_44' title="bbox 218 4009 1838 4087">
     <span class='ocr_line' id='line_1_44' title="bbox 218 4009 1838 4087; baseline 0.004 -24"><span class='ocrx_word' id='word_1_279' title='bbox 218 4014 433 4084; x_wconf 55' lang='grc' dir='ltr'><strong>ψυχαὶ,</strong></span> <span class='ocrx_word' id='word_1_280' title='bbox 536 4016 803 4084; x_wconf 71' lang='grc' dir='ltr'><strong>γινόμεναι</strong></span> <span class='ocrx_word' id='word_1_281' title='bbox 900 4009 1166 4085; x_wconf 86' lang='grc' dir='ltr'><strong>δαίμονες,</strong></span> <span class='ocrx_word' id='word_1_282' title='bbox 1270 4019 1631 4087; x_wconf 75' lang='grc' dir='ltr'><strong>παραμένουσι</strong></span> <span class='ocrx_word' id='word_1_283' title='bbox 1726 4024 1838 4081; x_wconf 85' lang='grc' dir='ltr'><strong>τοῖς</strong></span> 
     </span>
    </p>
   </div>
   <div class='ocr_carea' id='block_1_45' title="bbox 218 4098 1830 4173">
    <p class='ocr_par' dir='ltr' id='par_1_45' title="bbox 218 4098 1830 4173">
     <span class='ocr_line' id='line_1_45' title="bbox 218 4098 1830 4173; baseline 0.002 -21"><span class='ocrx_word' id='word_1_284' title='bbox 218 4106 477 4173; x_wconf 67' lang='grc' dir='ltr'><strong>μνήμασι</strong></span> <span class='ocrx_word' id='word_1_285' title='bbox 535 4109 636 4152; x_wconf 85' lang='grc' dir='ltr'>τῶν</span> <span class='ocrx_word' id='word_1_286' title='bbox 685 4098 831 4153; x_wconf 82' lang='grc' dir='ltr'><strong>ἰδίων</strong></span> <span class='ocrx_word' id='word_1_287' title='bbox 880 4104 1152 4173; x_wconf 82' lang='grc' dir='ltr'><strong>σωμάτων,</strong></span> <span class='ocrx_word' id='word_1_288' title='bbox 1212 4108 1301 4155; x_wconf 84' lang='grc' dir='ltr'>καὶ</span> <span class='ocrx_word' id='word_1_289' title='bbox 1345 4102 1625 4156; x_wconf 83' lang='grc' dir='ltr'><strong>κολλῶνται</strong></span> <span class='ocrx_word' id='word_1_290' title='bbox 1671 4122 1830 4157; x_wconf 89' lang='grc' dir='ltr'><strong>τισιν.</strong></span> 
     </span>
    </p>
   </div>
   <div class='ocr_carea' id='block_1_46' title="bbox 220 4189 1832 4267">
    <p class='ocr_par' dir='ltr' id='par_1_46' title="bbox 220 4189 1832 4267">
     <span class='ocr_line' id='line_1_46' title="bbox 220 4189 1832 4267; baseline -0.001 -22"><span class='ocrx_word' id='word_1_291' title='bbox 220 4190 356 4245; x_wconf 55' lang='grc' dir='ltr'>ΑΠ’</span> <span class='ocrx_word' id='word_1_292' title='bbox 402 4190 506 4242; x_wconf 70' lang='grc' dir='ltr'><strong>οὐκ</strong></span> <span class='ocrx_word' id='word_1_293' title='bbox 554 4190 619 4241; x_wconf 85' lang='grc' dir='ltr'>οἶν</span> <span class='ocrx_word' id='word_1_294' title='bbox 671 4208 793 4241; x_wconf 80' lang='grc' dir='ltr'><strong>ποτε</strong></span> <span class='ocrx_word' id='word_1_295' title='bbox 835 4193 1064 4242; x_wconf 86' lang='grc' dir='ltr'><strong>πείσωσι</strong></span> <span class='ocrx_word' id='word_1_296' title='bbox 1116 4193 1203 4243; x_wconf 87' lang='grc' dir='ltr'><strong>τὸν</strong></span> <span class='ocrx_word' id='word_1_297' title='bbox 1254 4189 1552 4266; x_wconf 84' lang='grc' dir='ltr'><strong>ὁρθόδοξον.</strong></span> <span class='ocrx_word' id='word_1_298' title='bbox 1620 4192 1680 4246; x_wconf 85' lang='grc' dir='ltr'><strong>Εἰ</strong></span> <span class='ocrx_word' id='word_1_299' title='bbox 1730 4194 1832 4267; x_wconf 68' lang='grc' dir='ltr'>γὰρ</span> 
     </span>
    </p>
   </div>
   <div class='ocr_carea' id='block_1_47' title="bbox 297 4367 1333 4433">
    <p class='ocr_par' dir='ltr' id='par_1_47' title="bbox 297 4367 1333 4433">
     <span class='ocr_line' id='line_1_47' title="bbox 297 4367 1333 4433; baseline 0 -9"><span class='ocrx_word' id='word_1_300' title='bbox 297 4369 349 4403; x_wconf 80' lang='grc'>⁶⁴</span> <span class='ocrx_word' id='word_1_301' title='bbox 376 4369 558 4424; x_wconf 74' lang='lat' dir='ltr'>Marc.</span> <span class='ocrx_word' id='word_1_302' title='bbox 596 4382 655 4432; x_wconf 89' lang='lat' dir='ltr'>v,</span> <span class='ocrx_word' id='word_1_303' title='bbox 684 4367 734 4424; x_wconf 90' lang='grc'>1.</span> <span class='ocrx_word' id='word_1_304' title='bbox 846 4368 892 4405; x_wconf 76' lang='grc'>⁸⁵</span> <span class='ocrx_word' id='word_1_305' title='bbox 923 4370 1058 4425; x_wconf 87' lang='lat' dir='ltr'>Luc.</span> <span class='ocrx_word' id='word_1_306' title='bbox 1091 4383 1212 4433; x_wconf 79' lang='lat' dir='ltr'>VIII,</span> <span class='ocrx_word' id='word_1_307' title='bbox 1245 4368 1333 4424; x_wconf 83' lang='lat'>26.</span> 
     </span>
    </p>
   </div>
   <div class='ocr_carea' id='block_1_48' title="bbox 1929 564 3583 638">
    <p class='ocr_par' dir='ltr' id='par_1_48' title="bbox 1929 564 3583 638">
     <span class='ocr_line' id='line_1_48' title="bbox 1929 564 3583 638; baseline -0.003 -15"><span class='ocrx_word' id='word_1_308' title='bbox 1929 572 2035 623; x_wconf 90' lang='lat' dir='ltr'>est.</span> <span class='ocrx_word' id='word_1_309' title='bbox 2069 570 2269 638; x_wconf 88' lang='lat' dir='ltr'>Neque</span> <span class='ocrx_word' id='word_1_310' title='bbox 2291 566 2449 622; x_wconf 90' lang='lat' dir='ltr'>enim</span> <span class='ocrx_word' id='word_1_311' title='bbox 2479 566 2703 635; x_wconf 83' lang='lat' dir='ltr'>virgam</span> <span class='ocrx_word' id='word_1_312' title='bbox 2729 564 3006 630; x_wconf 81' lang='lat' dir='ltr'>extendit,</span> <span class='ocrx_word' id='word_1_313' title='bbox 3034 571 3097 620; x_wconf 91' lang='lat' dir='ltr'>ut</span> <span class='ocrx_word' id='word_1_314' title='bbox 3115 565 3303 619; x_wconf 84' lang='lat' dir='ltr'>Moses</span> <span class='ocrx_word' id='word_1_315' title='bbox 3334 579 3349 630; x_wconf 86' lang='lat'>;</span> <span class='ocrx_word' id='word_1_316' title='bbox 3384 579 3583 636; x_wconf 89' lang='lat' dir='ltr'>neque</span> 
     </span>
    </p>
   </div>
   <div class='ocr_carea' id='block_1_49' title="bbox 1930 653 3583 727">
    <p class='ocr_par' dir='ltr' id='par_1_49' title="bbox 1930 653 3583 727">
     <span class='ocr_line' id='line_1_49' title="bbox 1930 653 3583 727; baseline -0.002 -17"><span class='ocrx_word' id='word_1_317' title='bbox 1930 672 1993 711; x_wconf 90' lang='lat' dir='ltr'>se</span> <span class='ocrx_word' id='word_1_318' title='bbox 2019 655 2193 727; x_wconf 85' lang='lat' dir='ltr'>aquis</span> <span class='ocrx_word' id='word_1_319' title='bbox 2217 655 2502 720; x_wconf 87' lang='lat' dir='ltr'>admovit,</span> <span class='ocrx_word' id='word_1_320' title='bbox 2528 659 2590 710; x_wconf 90' lang='lat' dir='ltr'>ut</span> <span class='ocrx_word' id='word_1_321' title='bbox 2612 654 2710 711; x_wconf 91' lang='lat' dir='ltr'>alii</span> <span class='ocrx_word' id='word_1_322' title='bbox 2744 670 2758 721; x_wconf 88' lang='lat'>;</span> <span class='ocrx_word' id='word_1_323' title='bbox 2780 653 2883 709; x_wconf 92' lang='lat' dir='ltr'>sed</span> <span class='ocrx_word' id='word_1_324' title='bbox 2911 670 3042 710; x_wconf 92' lang='lat' dir='ltr'>cum</span> <span class='ocrx_word' id='word_1_325' title='bbox 3066 653 3413 709; x_wconf 85' lang='lat' dir='ltr'>auctoritate</span> <span class='ocrx_word' id='word_1_326' title='bbox 3434 669 3583 725; x_wconf 63' lang='lat' dir='ltr'>prae-</span> 
     </span>
    </p>
   </div>
   <div class='ocr_carea' id='block_1_50' title="bbox 1931 743 3582 817">
    <p class='ocr_par' dir='ltr' id='par_1_50' title="bbox 1931 743 3582 817">
     <span class='ocr_line' id='line_1_50' title="bbox 1931 743 3582 817; baseline 0.001 -18"><span class='ocrx_word' id='word_1_327' title='bbox 1931 744 2104 817; x_wconf 89' lang='lat' dir='ltr'>cepit,</span> <span class='ocrx_word' id='word_1_328' title='bbox 2138 749 2202 799; x_wconf 87' lang='lat' dir='ltr'>ut</span> <span class='ocrx_word' id='word_1_329' title='bbox 2251 744 2536 800; x_wconf 90' lang='lat' dir='ltr'>dominus</span> <span class='ocrx_word' id='word_1_330' title='bbox 2583 744 2788 811; x_wconf 85' lang='lat' dir='ltr'>servis,</span> <span class='ocrx_word' id='word_1_331' title='bbox 2817 748 2874 799; x_wconf 91' lang='lat' dir='ltr'>et</span> <span class='ocrx_word' id='word_1_332' title='bbox 2917 746 2982 800; x_wconf 88' lang='lat' dir='ltr'>ut</span> <span class='ocrx_word' id='word_1_333' title='bbox 3006 747 3237 799; x_wconf 84' lang='lat' dir='ltr'>creator</span> <span class='ocrx_word' id='word_1_334' title='bbox 3275 743 3582 800; x_wconf 84' lang='lat' dir='ltr'>creaturis.</span> 
     </span>
    </p>
   </div>
   <div class='ocr_carea' id='block_1_51' title="bbox 2219 921 3299 979">
    <p class='ocr_par' dir='ltr' id='par_1_51' title="bbox 2219 921 3299 979">
     <span class='ocr_line' id='line_1_51' title="bbox 2219 921 3299 979; baseline 0.002 -3"><span class='ocrx_word' id='word_1_335' title='bbox 2219 922 2373 977; x_wconf 84' lang='lat' dir='ltr'>CAP.</span> <span class='ocrx_word' id='word_1_336' title='bbox 2406 923 2513 979; x_wconf 86' lang='lat' dir='ltr'>XII.</span> <span class='ocrx_word' id='word_1_337' title='bbox 2546 922 2632 979; x_wconf 89' lang='lat' dir='ltr'>De</span> <span class='ocrx_word' id='word_1_338' title='bbox 2660 921 2888 977; x_wconf 81' lang='lat' dir='ltr'>duobus</span> <span class='ocrx_word' id='word_1_339' title='bbox 2909 921 3299 979; x_wconf 74' lang='lat' dir='ltr'>daemoniacis.</span> 
     </span>
    </p>
   </div>
   <div class='ocr_carea' id='block_1_52' title="bbox 2004 1010 3588 1082">
    <p class='ocr_par' dir='ltr' id='par_1_52' title="bbox 2004 1010 3588 1082">
     <span class='ocr_line' id='line_1_52' title="bbox 2004 1010 3588 1082; baseline 0.001 -18"><span class='ocrx_word' id='word_1_340' title='bbox 2004 1011 2162 1065; x_wconf 87' lang='lat' dir='ltr'>Vers.</span> <span class='ocrx_word' id='word_1_341' title='bbox 2196 1010 2284 1065; x_wconf 87' lang='lat'>28.</span> <span class='ocrx_word' id='word_1_342' title='bbox 2320 1010 2568 1082; x_wconf 82' lang='lat' dir='ltr'>Cumque</span> <span class='ocrx_word' id='word_1_343' title='bbox 2609 1011 2859 1067; x_wconf 84' lang='lat' dir='ltr'>venisset</span> <span class='ocrx_word' id='word_1_344' title='bbox 2888 1040 2957 1051; x_wconf 92' lang='lat'>—</span> <span class='ocrx_word' id='word_1_345' title='bbox 2992 1010 3367 1068; x_wconf 64' lang='lat' dir='ltr'>daemoniaci.</span> <span class='ocrx_word' id='word_1_346' title='bbox 3397 1012 3588 1067; x_wconf 88' lang='lat' dir='ltr'>Evan-</span> 
     </span>
    </p>
   </div>
   <div class='ocr_carea' id='block_1_53' title="bbox 1935 1097 3587 1167">
    <p class='ocr_par' dir='ltr' id='par_1_53' title="bbox 1935 1097 3587 1167">
     <span class='ocr_line' id='line_1_53' title="bbox 1935 1097 3587 1167; baseline 0.001 -14"><span class='ocrx_word' id='word_1_347' title='bbox 1935 1097 2086 1167; x_wconf 89' lang='lat' dir='ltr'>gelia</span> <span class='ocrx_word' id='word_1_348' title='bbox 2113 1098 2448 1154; x_wconf 90' lang='lat' dir='ltr'>secundum</span> <span class='ocrx_word' id='word_1_349' title='bbox 2478 1101 2739 1155; x_wconf 84' lang='lat' dir='ltr'>Marcum</span> <span class='ocrx_word' id='word_1_350' title='bbox 2769 1100 2816 1135; x_wconf 82' lang='grc'>⁶⁴</span> <span class='ocrx_word' id='word_1_351' title='bbox 2841 1103 2898 1155; x_wconf 91' lang='lat' dir='ltr'>et</span> <span class='ocrx_word' id='word_1_352' title='bbox 2928 1099 3264 1156; x_wconf 90' lang='lat' dir='ltr'>secundum</span> <span class='ocrx_word' id='word_1_353' title='bbox 3292 1101 3512 1155; x_wconf 88' lang='lat' dir='ltr'>Lucam</span> <span class='ocrx_word' id='word_1_354' title='bbox 3539 1100 3587 1135; x_wconf 69' lang='grc' dir='ltr'><strong>σε</strong></span> 
     </span>
    </p>
   </div>
   <div class='ocr_carea' id='block_1_54' title="bbox 1938 1186 3590 1257">
    <p class='ocr_par' dir='ltr' id='par_1_54' title="bbox 1938 1186 3590 1257">
     <span class='ocr_line' id='line_1_54' title="bbox 1938 1186 3590 1257; baseline 0.001 -16"><span class='ocrx_word' id='word_1_355' title='bbox 1938 1186 2378 1243; x_wconf 84' lang='lat' dir='ltr'>Gadarenorum</span> <span class='ocrx_word' id='word_1_356' title='bbox 2433 1187 2720 1243; x_wconf 88' lang='lat' dir='ltr'>scribunt.</span> <span class='ocrx_word' id='word_1_357' title='bbox 2779 1187 2995 1243; x_wconf 86' lang='lat' dir='ltr'>Verum</span> <span class='ocrx_word' id='word_1_358' title='bbox 3050 1192 3267 1257; x_wconf 85' lang='lat' dir='ltr'>stagno</span> <span class='ocrx_word' id='word_1_359' title='bbox 3295 1186 3590 1244; x_wconf 88' lang='lat' dir='ltr'>Tiberiadi</span> 
     </span>
    </p>
   </div>
   <div class='ocr_carea' id='block_1_55' title="bbox 1936 1274 3591 1345">
    <p class='ocr_par' dir='ltr' id='par_1_55' title="bbox 1936 1274 3591 1345">
     <span class='ocr_line' id='line_1_55' title="bbox 1936 1274 3591 1345; baseline 0.001 -14"><span class='ocrx_word' id='word_1_360' title='bbox 1936 1274 2170 1345; x_wconf 89' lang='lat' dir='ltr'>adjacet</span> <span class='ocrx_word' id='word_1_361' title='bbox 2201 1276 2409 1331; x_wconf 87' lang='lat' dir='ltr'>civitas</span> <span class='ocrx_word' id='word_1_362' title='bbox 2454 1275 2728 1344; x_wconf 88' lang='lat' dir='ltr'>Gergesa,</span> <span class='ocrx_word' id='word_1_363' title='bbox 2774 1280 2827 1332; x_wconf 89' lang='lat' dir='ltr'>et</span> <span class='ocrx_word' id='word_1_364' title='bbox 2879 1291 3001 1331; x_wconf 91' lang='lat' dir='ltr'>non</span> <span class='ocrx_word' id='word_1_365' title='bbox 3031 1276 3291 1332; x_wconf 88' lang='lat' dir='ltr'>Gadara.</span> <span class='ocrx_word' id='word_1_366' title='bbox 3332 1276 3591 1342; x_wconf 89' lang='lat' dir='ltr'>Quidam</span> 
     </span>
    </p>
   </div>
   <div class='ocr_carea' id='block_1_56' title="bbox 1937 1363 3587 1429">
    <p class='ocr_par' dir='ltr' id='par_1_56' title="bbox 1937 1363 3587 1429">
     <span class='ocr_line' id='line_1_56' title="bbox 1937 1363 3587 1429; baseline 0 -10"><span class='ocrx_word' id='word_1_367' title='bbox 1937 1369 2139 1419; x_wconf 90' lang='lat' dir='ltr'>autem</span> <span class='ocrx_word' id='word_1_368' title='bbox 2195 1363 2406 1419; x_wconf 86' lang='lat' dir='ltr'>dicunt</span> <span class='ocrx_word' id='word_1_369' title='bbox 2456 1363 2820 1420; x_wconf 89' lang='lat' dir='ltr'>binominem</span> <span class='ocrx_word' id='word_1_370' title='bbox 2872 1379 3003 1420; x_wconf 89' lang='lat' dir='ltr'>esse</span> <span class='ocrx_word' id='word_1_371' title='bbox 3057 1364 3222 1421; x_wconf 91' lang='lat' dir='ltr'>illam</span> <span class='ocrx_word' id='word_1_372' title='bbox 3269 1365 3587 1429; x_wconf 88' lang='lat' dir='ltr'>civitatem,</span> 
     </span>
    </p>
   </div>
   <div class='ocr_carea' id='block_1_57' title="bbox 1937 1451 3593 1509">
    <p class='ocr_par' dir='ltr' id='par_1_57' title="bbox 1937 1451 3593 1509">
     <span class='ocr_line' id='line_1_57' title="bbox 1937 1451 3593 1509; baseline 0.001 -3"><span class='ocrx_word' id='word_1_373' title='bbox 1937 1451 2137 1508; x_wconf 89' lang='lat' dir='ltr'>ethoc</span> <span class='ocrx_word' id='word_1_374' title='bbox 2180 1458 2234 1507; x_wconf 91' lang='lat' dir='ltr'>et</span> <span class='ocrx_word' id='word_1_375' title='bbox 2271 1451 2372 1508; x_wconf 92' lang='lat' dir='ltr'>illo</span> <span class='ocrx_word' id='word_1_376' title='bbox 2419 1451 2616 1507; x_wconf 88' lang='lat' dir='ltr'>vocari</span> <span class='ocrx_word' id='word_1_377' title='bbox 2662 1452 2927 1508; x_wconf 88' lang='lat' dir='ltr'>nomine.</span> <span class='ocrx_word' id='word_1_378' title='bbox 2961 1451 3249 1508; x_wconf 78' lang='lat' dir='ltr'>Praeterea</span> <span class='ocrx_word' id='word_1_379' title='bbox 3288 1453 3593 1509; x_wconf 71' lang='lat' dir='ltr'>Matthaeus</span> 
     </span>
    </p>
   </div>
   <div class='ocr_carea' id='block_1_58' title="bbox 1938 1540 3592 1608">
    <p class='ocr_par' dir='ltr' id='par_1_58' title="bbox 1938 1540 3592 1608">
     <span class='ocr_line' id='line_1_58' title="bbox 1938 1540 3592 1608; baseline -0.001 -11"><span class='ocrx_word' id='word_1_380' title='bbox 1938 1540 2092 1597; x_wconf 91' lang='lat' dir='ltr'>duos</span> <span class='ocrx_word' id='word_1_381' title='bbox 2127 1540 2312 1597; x_wconf 89' lang='lat' dir='ltr'>habet</span> <span class='ocrx_word' id='word_1_382' title='bbox 2362 1541 2790 1608; x_wconf 72' lang='lat' dir='ltr'>daamoniacos,</span> <span class='ocrx_word' id='word_1_383' title='bbox 2824 1543 3051 1597; x_wconf 84' lang='lat' dir='ltr'>Marcus</span> <span class='ocrx_word' id='word_1_384' title='bbox 3077 1545 3279 1598; x_wconf 90' lang='lat' dir='ltr'>autem</span> <span class='ocrx_word' id='word_1_385' title='bbox 3317 1545 3375 1598; x_wconf 86' lang='lat' dir='ltr'>et</span> <span class='ocrx_word' id='word_1_386' title='bbox 3402 1541 3592 1597; x_wconf 87' lang='lat' dir='ltr'>Lucas</span> 
     </span>
    </p>
   </div>
   <div class='ocr_carea' id='block_1_59' title="bbox 1939 1629 3595 1702">
    <p class='ocr_par' dir='ltr' id='par_1_59' title="bbox 1939 1629 3595 1702">
     <span class='ocr_line' id='line_1_59' title="bbox 1939 1629 3595 1702; baseline 0.001 -19"><span class='ocrx_word' id='word_1_387' title='bbox 1939 1629 2117 1684; x_wconf 90' lang='lat' dir='ltr'>unius</span> <span class='ocrx_word' id='word_1_388' title='bbox 2160 1634 2389 1685; x_wconf 88' lang='lat' dir='ltr'>tantum</span> <span class='ocrx_word' id='word_1_389' title='bbox 2439 1629 2859 1695; x_wconf 90' lang='lat' dir='ltr'>meminerunt,</span> <span class='ocrx_word' id='word_1_390' title='bbox 2911 1634 3116 1701; x_wconf 87' lang='lat' dir='ltr'>utpote</span> <span class='ocrx_word' id='word_1_391' title='bbox 3169 1630 3433 1695; x_wconf 89' lang='lat' dir='ltr'>notioris,</span> <span class='ocrx_word' id='word_1_392' title='bbox 3489 1630 3595 1702; x_wconf 87' lang='lat' dir='ltr'>qui</span> 
     </span>
    </p>
   </div>
   <div class='ocr_carea' id='block_1_60' title="bbox 1938 1716 3593 1789">
    <p class='ocr_par' dir='ltr' id='par_1_60' title="bbox 1938 1716 3593 1789">
     <span class='ocr_line' id='line_1_60' title="bbox 1938 1716 3593 1789; baseline 0.001 -16"><span class='ocrx_word' id='word_1_393' title='bbox 1938 1718 2091 1787; x_wconf 83' lang='lat' dir='ltr'>legio</span> <span class='ocrx_word' id='word_1_394' title='bbox 2113 1717 2444 1783; x_wconf 85' lang='lat' dir='ltr'>dicebatur,</span> <span class='ocrx_word' id='word_1_395' title='bbox 2477 1716 2552 1773; x_wconf 92' lang='lat' dir='ltr'>de</span> <span class='ocrx_word' id='word_1_396' title='bbox 2573 1732 2695 1789; x_wconf 89' lang='lat' dir='ltr'>quo</span> <span class='ocrx_word' id='word_1_397' title='bbox 2731 1717 3116 1774; x_wconf 87' lang='lat' dir='ltr'>formidanda</span> <span class='ocrx_word' id='word_1_398' title='bbox 3146 1719 3336 1775; x_wconf 92' lang='lat' dir='ltr'>multa</span> <span class='ocrx_word' id='word_1_399' title='bbox 3364 1719 3593 1785; x_wconf 89' lang='lat' dir='ltr'>dicunt,</span> 
     </span>
    </p>
   </div>
   <div class='ocr_carea' id='block_1_61' title="bbox 1859 1805 3599 1879">
    <p class='ocr_par' dir='ltr' id='par_1_61' title="bbox 1859 1805 3599 1879">
     <span class='ocr_line' id='line_1_61' title="bbox 1859 1805 3599 1879; baseline 0.001 -17"><span class='ocrx_word' id='word_1_400' title='bbox 1859 1821 1901 1876; x_wconf 78' lang='grc' dir='ltr'>Β</span> <span class='ocrx_word' id='word_1_401' title='bbox 1941 1807 2036 1863; x_wconf 92' lang='lat' dir='ltr'>cui</span> <span class='ocrx_word' id='word_1_402' title='bbox 2087 1806 2266 1863; x_wconf 89' lang='lat' dir='ltr'>etiam</span> <span class='ocrx_word' id='word_1_403' title='bbox 2323 1805 2470 1862; x_wconf 90' lang='lat' dir='ltr'>alter</span> <span class='ocrx_word' id='word_1_404' title='bbox 2535 1806 2876 1862; x_wconf 85' lang='lat' dir='ltr'>subservire</span> <span class='ocrx_word' id='word_1_405' title='bbox 2927 1807 3292 1877; x_wconf 89' lang='lat' dir='ltr'>dicebatur;</span> <span class='ocrx_word' id='word_1_406' title='bbox 3354 1812 3599 1879; x_wconf 89' lang='lat' dir='ltr'>propter</span> 
     </span>
    </p>
   </div>
   <div class='ocr_carea' id='block_1_62' title="bbox 1940 1893 3597 1968">
    <p class='ocr_par' dir='ltr' id='par_1_62' title="bbox 1940 1893 3597 1968">
     <span class='ocr_line' id='line_1_62' title="bbox 1940 1893 3597 1968; baseline 0.001 -17"><span class='ocrx_word' id='word_1_407' title='bbox 1940 1894 2106 1968; x_wconf 91' lang='lat' dir='ltr'>quod</span> <span class='ocrx_word' id='word_1_408' title='bbox 2145 1895 2323 1952; x_wconf 86' lang='lat' dir='ltr'>etiam</span> <span class='ocrx_word' id='word_1_409' title='bbox 2366 1893 2449 1950; x_wconf 91' lang='lat' dir='ltr'>illi</span> <span class='ocrx_word' id='word_1_410' title='bbox 2502 1910 2642 1951; x_wconf 90' lang='lat' dir='ltr'>eum</span> <span class='ocrx_word' id='word_1_411' title='bbox 2681 1895 3034 1966; x_wconf 58' lang='lat' dir='ltr'>praeteriere.</span> <span class='ocrx_word' id='word_1_412' title='bbox 3088 1896 3391 1952; x_wconf 67' lang='lat' dir='ltr'>Matthaaus</span> <span class='ocrx_word' id='word_1_413' title='bbox 3456 1911 3597 1952; x_wconf 88' lang='lat' dir='ltr'>vero</span> 
     </span>
    </p>
   </div>
   <div class='ocr_carea' id='block_1_63' title="bbox 1941 1981 3599 2056">
    <p class='ocr_par' dir='ltr' id='par_1_63' title="bbox 1941 1981 3599 2056">
     <span class='ocr_line' id='line_1_63' title="bbox 1941 1981 3599 2056; baseline 0.001 -17"><span class='ocrx_word' id='word_1_414' title='bbox 1941 1984 2123 2040; x_wconf 92' lang='lat' dir='ltr'>etiam</span> <span class='ocrx_word' id='word_1_415' title='bbox 2177 1982 2340 2039; x_wconf 89' lang='lat' dir='ltr'>hunc</span> <span class='ocrx_word' id='word_1_416' title='bbox 2380 1981 2615 2055; x_wconf 89' lang='lat' dir='ltr'>scripsit</span> <span class='ocrx_word' id='word_1_417' title='bbox 2660 1986 2954 2056; x_wconf 89' lang='lat' dir='ltr'>tanquam</span> <span class='ocrx_word' id='word_1_418' title='bbox 3000 1983 3225 2055; x_wconf 89' lang='lat' dir='ltr'>pariter</span> <span class='ocrx_word' id='word_1_419' title='bbox 3264 1984 3599 2042; x_wconf 71' lang='lat' dir='ltr'>daamonia-</span> 
     </span>
    </p>
   </div>
   <div class='ocr_carea' id='block_1_64' title="bbox 1944 2088 2102 2129">
    <p class='ocr_par' dir='ltr' id='par_1_64' title="bbox 1944 2088 2102 2129">
     <span class='ocr_line' id='line_1_64' title="bbox 1944 2088 2102 2129; baseline 0 -1"><span class='ocrx_word' id='word_1_420' title='bbox 1944 2088 2102 2129; x_wconf 91' lang='lat' dir='ltr'>cum.</span> 
     </span>
    </p>
   </div>
   <div class='ocr_carea' id='block_1_65' title="bbox 2011 2160 3601 2234">
    <p class='ocr_par' dir='ltr' id='par_1_65' title="bbox 2011 2160 3601 2234">
     <span class='ocr_line' id='line_1_65' title="bbox 2011 2160 3601 2234; baseline 0.001 -17"><span class='ocrx_word' id='word_1_421' title='bbox 2011 2164 2055 2233; x_wconf 72' lang='grc' dir='ltr'><strong>ει-</strong></span> <span class='ocrx_word' id='word_1_422' title='bbox 2094 2162 2221 2218; x_wconf 91' lang='lat' dir='ltr'>Imo</span> <span class='ocrx_word' id='word_1_423' title='bbox 2264 2160 2676 2217; x_wconf 88' lang='lat' dir='ltr'>emendatiora</span> <span class='ocrx_word' id='word_1_424' title='bbox 2707 2162 3074 2234; x_wconf 84' lang='lat' dir='ltr'>exemplaria</span> <span class='ocrx_word' id='word_1_425' title='bbox 3126 2162 3350 2219; x_wconf 87' lang='lat' dir='ltr'>habent</span> <span class='ocrx_word' id='word_1_426' title='bbox 3379 2162 3601 2234; x_wconf 88' lang='lat' dir='ltr'>Gerge-</span> 
     </span>
    </p>
   </div>
   <div class='ocr_carea' id='block_1_66' title="bbox 1943 2248 3598 2324">
    <p class='ocr_par' dir='ltr' id='par_1_66' title="bbox 1943 2248 3598 2324">
     <span class='ocr_line' id='line_1_66' title="bbox 1943 2248 3598 2324; baseline 0.001 -19"><span class='ocrx_word' id='word_1_427' title='bbox 1943 2265 2246 2317; x_wconf 90' lang='lat' dir='ltr'>senorum,</span> <span class='ocrx_word' id='word_1_428' title='bbox 2280 2265 2399 2306; x_wconf 91' lang='lat' dir='ltr'>non</span> <span class='ocrx_word' id='word_1_429' title='bbox 2426 2248 2885 2315; x_wconf 87' lang='lat' dir='ltr'>Gerasenorum,</span> <span class='ocrx_word' id='word_1_430' title='bbox 2919 2266 3109 2324; x_wconf 90' lang='lat' dir='ltr'>neque</span> <span class='ocrx_word' id='word_1_431' title='bbox 3142 2251 3598 2308; x_wconf 87' lang='lat' dir='ltr'>Gadarenorum</span> 
     </span>
    </p>
   </div>
   <div class='ocr_carea' id='block_1_67' title="bbox 1942 2334 3600 2410">
    <p class='ocr_par' dir='ltr' id='par_1_67' title="bbox 1942 2334 3600 2410">
     <span class='ocr_line' id='line_1_67' title="bbox 1942 2334 3600 2410; baseline 0.002 -16"><span class='ocrx_word' id='word_1_432' title='bbox 1942 2339 2110 2396; x_wconf 87' lang='lat' dir='ltr'>etiam</span> <span class='ocrx_word' id='word_1_433' title='bbox 2178 2338 2342 2410; x_wconf 91' lang='lat' dir='ltr'>apud</span> <span class='ocrx_word' id='word_1_434' title='bbox 2392 2339 2676 2395; x_wconf 88' lang='lat' dir='ltr'>Marcum.</span> <span class='ocrx_word' id='word_1_435' title='bbox 2726 2338 2989 2395; x_wconf 88' lang='lat' dir='ltr'>Gadaria</span> <span class='ocrx_word' id='word_1_436' title='bbox 3046 2340 3205 2396; x_wconf 89' lang='lat' dir='ltr'>enim</span> <span class='ocrx_word' id='word_1_437' title='bbox 3262 2334 3469 2396; x_wconf 85' lang='lat' dir='ltr'>civitas</span> <span class='ocrx_word' id='word_1_438' title='bbox 3511 2345 3600 2397; x_wconf 88' lang='lat' dir='ltr'>est</span> 
     </span>
    </p>
   </div>
   <div class='ocr_carea' id='block_1_68' title="bbox 1942 2427 3599 2499">
    <p class='ocr_par' dir='ltr' id='par_1_68' title="bbox 1942 2427 3599 2499">
     <span class='ocr_line' id='line_1_68' title="bbox 1942 2427 3599 2499; baseline 0.001 -16"><span class='ocrx_word' id='word_1_439' title='bbox 1942 2427 2107 2498; x_wconf 90' lang='lat' dir='ltr'>apud</span> <span class='ocrx_word' id='word_1_440' title='bbox 2130 2427 2392 2493; x_wconf 66' lang='lat' dir='ltr'>Judaaos,</span> <span class='ocrx_word' id='word_1_441' title='bbox 2441 2427 2535 2482; x_wconf 91' lang='lat' dir='ltr'>cui</span> <span class='ocrx_word' id='word_1_442' title='bbox 2589 2442 2859 2499; x_wconf 66' lang='lat' dir='ltr'>praeceps</span> <span class='ocrx_word' id='word_1_443' title='bbox 2912 2428 3150 2499; x_wconf 90' lang='lat' dir='ltr'>adjacet</span> <span class='ocrx_word' id='word_1_444' title='bbox 3203 2434 3485 2497; x_wconf 88' lang='lat' dir='ltr'>stagnum</span> <span class='ocrx_word' id='word_1_445' title='bbox 3541 2433 3599 2484; x_wconf 88' lang='lat' dir='ltr'>et.</span> 
     </span>
    </p>
   </div>
   <div class='ocr_carea' id='block_1_69' title="bbox 1942 2515 3598 2573">
    <p class='ocr_par' dir='ltr' id='par_1_69' title="bbox 1942 2515 3598 2573">
     <span class='ocr_line' id='line_1_69' title="bbox 1942 2515 3598 2573; baseline 0.001 -2"><span class='ocrx_word' id='word_1_446' title='bbox 1942 2515 2107 2571; x_wconf 89' lang='lat' dir='ltr'>nullo</span> <span class='ocrx_word' id='word_1_447' title='bbox 2137 2516 2317 2572; x_wconf 90' lang='lat' dir='ltr'>modo</span> <span class='ocrx_word' id='word_1_448' title='bbox 2354 2531 2541 2572; x_wconf 84' lang='lat' dir='ltr'>mare.</span> <span class='ocrx_word' id='word_1_449' title='bbox 2574 2516 2714 2572; x_wconf 90' lang='lat' dir='ltr'>ltcm</span> <span class='ocrx_word' id='word_1_450' title='bbox 2747 2516 2973 2572; x_wconf 87' lang='lat' dir='ltr'>Gerasa</span> <span class='ocrx_word' id='word_1_451' title='bbox 3012 2517 3217 2573; x_wconf 86' lang='lat' dir='ltr'>civitas</span> <span class='ocrx_word' id='word_1_452' title='bbox 3242 2522 3331 2573; x_wconf 88' lang='lat' dir='ltr'>est</span> <span class='ocrx_word' id='word_1_453' title='bbox 3360 2517 3598 2573; x_wconf 75' lang='lat' dir='ltr'>Arabiae</span> 
     </span>
    </p>
   </div>
   <div class='ocr_carea' id='block_1_70' title="bbox 1942 2604 3599 2679">
    <p class='ocr_par' dir='ltr' id='par_1_70' title="bbox 1942 2604 3599 2679">
     <span class='ocr_line' id='line_1_70' title="bbox 1942 2604 3599 2679; baseline 0 -18"><span class='ocrx_word' id='word_1_454' title='bbox 1942 2620 2063 2661; x_wconf 89' lang='lat' dir='ltr'>non</span> <span class='ocrx_word' id='word_1_455' title='bbox 2076 2604 2307 2661; x_wconf 82' lang='lat' dir='ltr'>habens</span> <span class='ocrx_word' id='word_1_456' title='bbox 2326 2620 2488 2660; x_wconf 88' lang='lat' dir='ltr'>mare</span> <span class='ocrx_word' id='word_1_457' title='bbox 2506 2609 2609 2660; x_wconf 93' lang='lat' dir='ltr'>aut</span> <span class='ocrx_word' id='word_1_458' title='bbox 2630 2612 2911 2675; x_wconf 83' lang='lat' dir='ltr'>stagnum</span> <span class='ocrx_word' id='word_1_459' title='bbox 2931 2606 3340 2678; x_wconf 89' lang='lat' dir='ltr'>propinquum</span> <span class='ocrx_word' id='word_1_460' title='bbox 3368 2622 3381 2661; x_wconf 90' lang='lat'>:</span> <span class='ocrx_word' id='word_1_461' title='bbox 3403 2621 3599 2679; x_wconf 89' lang='lat' dir='ltr'>neque</span> 
     </span>
    </p>
   </div>
   <div class='ocr_carea' id='block_1_71' title="bbox 1943 2693 3598 2752">
    <p class='ocr_par' dir='ltr' id='par_1_71' title="bbox 1943 2693 3598 2752">
     <span class='ocr_line' id='line_1_71' title="bbox 1943 2693 3598 2752; baseline 0 -2"><span class='ocrx_word' id='word_1_462' title='bbox 1943 2696 2144 2750; x_wconf 89' lang='lat' dir='ltr'>autem</span> <span class='ocrx_word' id='word_1_463' title='bbox 2155 2694 2307 2749; x_wconf 94' lang='lat' dir='ltr'>adeo</span> <span class='ocrx_word' id='word_1_464' title='bbox 2321 2693 2707 2750; x_wconf 90' lang='lat' dir='ltr'>manifestum</span> <span class='ocrx_word' id='word_1_465' title='bbox 2722 2695 3106 2751; x_wconf 90' lang='lat' dir='ltr'>mendacium</span> <span class='ocrx_word' id='word_1_466' title='bbox 3121 2695 3407 2752; x_wconf 84' lang='lat' dir='ltr'>dixissent</span> <span class='ocrx_word' id='word_1_467' title='bbox 3420 2696 3598 2751; x_wconf 86' lang='lat' dir='ltr'>etiam</span> 
     </span>
    </p>
   </div>
   <div class='ocr_carea' id='block_1_72' title="bbox 1943 2781 3599 2853">
    <p class='ocr_par' dir='ltr' id='par_1_72' title="bbox 1943 2781 3599 2853">
     <span class='ocr_line' id='line_1_72' title="bbox 1943 2781 3599 2853; baseline 0.002 -15"><span class='ocrx_word' id='word_1_468' title='bbox 1943 2781 2262 2840; x_wconf 90' lang='lat' dir='ltr'>oscitantes</span> <span class='ocrx_word' id='word_1_469' title='bbox 2308 2782 2404 2853; x_wconf 87' lang='grc' dir='ltr'><strong>(ιι)</strong></span> <span class='ocrx_word' id='word_1_470' title='bbox 2458 2783 2864 2853; x_wconf 82' lang='lat' dir='ltr'>evangelistac,</span> <span class='ocrx_word' id='word_1_471' title='bbox 2917 2784 3025 2839; x_wconf 89' lang='lat' dir='ltr'>viri</span> <span class='ocrx_word' id='word_1_472' title='bbox 3077 2784 3230 2840; x_wconf 91' lang='lat' dir='ltr'>adeo</span> <span class='ocrx_word' id='word_1_473' title='bbox 3262 2784 3509 2840; x_wconf 87' lang='lat' dir='ltr'>studiosi</span> <span class='ocrx_word' id='word_1_474' title='bbox 3538 2786 3599 2841; x_wconf 90' lang='lat' dir='ltr'>in</span> 
     </span>
    </p>
   </div>
   <div class='ocr_carea' id='block_1_73' title="bbox 1945 2870 3596 2942">
    <p class='ocr_par' dir='ltr' id='par_1_73' title="bbox 1945 2870 3596 2942">
     <span class='ocr_line' id='line_1_73' title="bbox 1945 2870 3596 2942; baseline -0.001 -15"><span class='ocrx_word' id='word_1_475' title='bbox 1945 2871 2379 2940; x_wconf 89' lang='lat' dir='ltr'>cognoscendis</span> <span class='ocrx_word' id='word_1_476' title='bbox 2440 2870 2608 2935; x_wconf 91' lang='lat' dir='ltr'>locis,</span> <span class='ocrx_word' id='word_1_477' title='bbox 2663 2886 2800 2942; x_wconf 78' lang='lat' dir='ltr'>quae</span> <span class='ocrx_word' id='word_1_478' title='bbox 2869 2872 3025 2927; x_wconf 91' lang='lat' dir='ltr'>circa</span> <span class='ocrx_word' id='word_1_479' title='bbox 3076 2874 3348 2928; x_wconf 74' lang='lat' dir='ltr'>Judaaam</span> <span class='ocrx_word' id='word_1_480' title='bbox 3403 2880 3596 2929; x_wconf 84' lang='lat' dir='ltr'>erant.</span> 
     </span>
    </p>
   </div>
   <div class='ocr_carea' id='block_1_74' title="bbox 1945 2958 3604 3031">
    <p class='ocr_par' dir='ltr' id='par_1_74' title="bbox 1945 2958 3604 3031">
     <span class='ocr_line' id='line_1_74' title="bbox 1945 2958 3604 3031; baseline 0 -15"><span class='ocrx_word' id='word_1_481' title='bbox 1945 2962 2202 3031; x_wconf 86' lang='lat' dir='ltr'>Gergesa</span> <span class='ocrx_word' id='word_1_482' title='bbox 2265 2958 2459 3028; x_wconf 89' lang='lat' dir='ltr'>igitur,</span> <span class='ocrx_word' id='word_1_483' title='bbox 2522 2958 2681 3014; x_wconf 91' lang='lat' dir='ltr'>unde</span> <span class='ocrx_word' id='word_1_484' title='bbox 2733 2959 2871 3014; x_wconf 89' lang='lat' dir='ltr'>dicti</span> <span class='ocrx_word' id='word_1_485' title='bbox 2931 2961 3460 3029; x_wconf 87' lang='lat' dir='ltr'>Gergeseni,vetus</span> <span class='ocrx_word' id='word_1_486' title='bbox 3514 2965 3604 3016; x_wconf 90' lang='lat' dir='ltr'>est</span> 
     </span>
    </p>
   </div>
   <div class='ocr_carea' id='block_1_75' title="bbox 1946 3047 3598 3120">
    <p class='ocr_par' dir='ltr' id='par_1_75' title="bbox 1946 3047 3598 3120">
     <span class='ocr_line' id='line_1_75' title="bbox 1946 3047 3598 3120; baseline 0 -17"><span class='ocrx_word' id='word_1_487' title='bbox 1946 3047 2156 3104; x_wconf 88' lang='lat' dir='ltr'>civitas</span> <span class='ocrx_word' id='word_1_488' title='bbox 2183 3048 2353 3117; x_wconf 85' lang='lat' dir='ltr'>juxta</span> <span class='ocrx_word' id='word_1_489' title='bbox 2383 3062 2517 3102; x_wconf 90' lang='lat' dir='ltr'>eam</span> <span class='ocrx_word' id='word_1_490' title='bbox 2562 3063 2696 3118; x_wconf 69' lang='lat' dir='ltr'>quas</span> <span class='ocrx_word' id='word_1_491' title='bbox 2728 3063 2904 3103; x_wconf 89' lang='lat' dir='ltr'>nunc.</span> <span class='ocrx_word' id='word_1_492' title='bbox 2947 3049 3212 3103; x_wconf 86' lang='lat' dir='ltr'>Tiberias</span> <span class='ocrx_word' id='word_1_493' title='bbox 3244 3048 3598 3120; x_wconf 87' lang='lat' dir='ltr'>appellatur,</span> 
     </span>
    </p>
   </div>
   <div class='ocr_carea' id='block_1_76' title="bbox 1875 3135 3603 3221">
    <p class='ocr_par' dir='ltr' id='par_1_76' title="bbox 1875 3135 3603 3221">
     <span class='ocr_line' id='line_1_76' title="bbox 1875 3135 3603 3221; baseline 0.001 -29"><span class='ocrx_word' id='word_1_494' title='bbox 1875 3163 1917 3221; x_wconf 67' lang='grc' dir='ltr'>ρ</span> <span class='ocrx_word' id='word_1_495' title='bbox 1947 3142 2004 3193; x_wconf 90' lang='lat' dir='ltr'>et</span> <span class='ocrx_word' id='word_1_496' title='bbox 2050 3137 2109 3192; x_wconf 90' lang='lat' dir='ltr'>in</span> <span class='ocrx_word' id='word_1_497' title='bbox 2162 3136 2374 3191; x_wconf 84' lang='lat' dir='ltr'>declivi</span> <span class='ocrx_word' id='word_1_498' title='bbox 2425 3135 2557 3190; x_wconf 93' lang='lat' dir='ltr'>loco</span> <span class='ocrx_word' id='word_1_499' title='bbox 2615 3142 2896 3207; x_wconf 88' lang='lat' dir='ltr'>stagnum</span> <span class='ocrx_word' id='word_1_500' title='bbox 2952 3137 3132 3192; x_wconf 89' lang='lat' dir='ltr'>habet</span> <span class='ocrx_word' id='word_1_501' title='bbox 3176 3137 3462 3208; x_wconf 88' lang='lat' dir='ltr'>adjacens</span> <span class='ocrx_word' id='word_1_502' title='bbox 3497 3152 3509 3191; x_wconf 91' lang='lat'>:</span> <span class='ocrx_word' id='word_1_503' title='bbox 3540 3137 3603 3193; x_wconf 91' lang='lat' dir='ltr'>in</span> 
     </span>
    </p>
   </div>
   <div class='ocr_carea' id='block_1_77' title="bbox 1946 3224 3603 3298">
    <p class='ocr_par' dir='ltr' id='par_1_77' title="bbox 1946 3224 3603 3298">
     <span class='ocr_line' id='line_1_77' title="bbox 1946 3224 3603 3298; baseline -0.001 -17"><span class='ocrx_word' id='word_1_504' title='bbox 1946 3225 2107 3298; x_wconf 88' lang='lat' dir='ltr'>quod</span> <span class='ocrx_word' id='word_1_505' title='bbox 2147 3224 2589 3280; x_wconf 88' lang='lat' dir='ltr'>demonstratur</span> <span class='ocrx_word' id='word_1_506' title='bbox 2614 3240 2829 3296; x_wconf 88' lang='lat' dir='ltr'>porcos</span> <span class='ocrx_word' id='word_1_507' title='bbox 2858 3242 2893 3279; x_wconf 90' lang='lat' dir='ltr'>a</span> <span class='ocrx_word' id='word_1_508' title='bbox 2921 3226 3301 3281; x_wconf 74' lang='lat' dir='ltr'>daemonibus</span> <span class='ocrx_word' id='word_1_509' title='bbox 3342 3240 3470 3281; x_wconf 88' lang='lat' dir='ltr'>esse</span> <span class='ocrx_word' id='word_1_510' title='bbox 3501 3224 3603 3280; x_wconf 92' lang='lat' dir='ltr'>de-</span> 
     </span>
    </p>
   </div>
   <div class='ocr_carea' id='block_1_78' title="bbox 1941 3313 3599 3386">
    <p class='ocr_par' dir='ltr' id='par_1_78' title="bbox 1941 3313 3599 3386">
     <span class='ocr_line' id='line_1_78' title="bbox 1941 3313 3599 3386; baseline 0 -17"><span class='ocrx_word' id='word_1_511' title='bbox 1941 3315 2151 3386; x_wconf 85' lang='lat' dir='ltr'>jectos.</span> <span class='ocrx_word' id='word_1_512' title='bbox 2223 3313 2440 3368; x_wconf 89' lang='lat' dir='ltr'>Poteris</span> <span class='ocrx_word' id='word_1_513' title='bbox 2487 3318 2684 3367; x_wconf 88' lang='lat' dir='ltr'>autem</span> <span class='ocrx_word' id='word_1_514' title='bbox 2759 3313 3130 3385; x_wconf 88' lang='lat' dir='ltr'>interpretari</span> <span class='ocrx_word' id='word_1_515' title='bbox 3185 3314 3599 3371; x_wconf 81' lang='lat' dir='ltr'>habitaculum</span> 
     </span>
    </p>
   </div>
   <div class='ocr_carea' id='block_1_79' title="bbox 1947 3401 3605 3475">
    <p class='ocr_par' dir='ltr' id='par_1_79' title="bbox 1947 3401 3605 3475">
     <span class='ocr_line' id='line_1_79' title="bbox 1947 3401 3605 3475; baseline 0.001 -16"><span class='ocrx_word' id='word_1_516' title='bbox 1947 3401 2389 3473; x_wconf 75' lang='lat' dir='ltr'>egredientium,</span> <span class='ocrx_word' id='word_1_517' title='bbox 2441 3409 2500 3455; x_wconf 91' lang='lat' dir='ltr'>ut</span> <span class='ocrx_word' id='word_1_518' title='bbox 2543 3402 2886 3475; x_wconf 86' lang='lat' dir='ltr'>propheticc</span> <span class='ocrx_word' id='word_1_519' title='bbox 2949 3403 3202 3459; x_wconf 87' lang='lat' dir='ltr'>fortasse</span> <span class='ocrx_word' id='word_1_520' title='bbox 3255 3403 3333 3461; x_wconf 88' lang='lat' dir='ltr'>ab</span> <span class='ocrx_word' id='word_1_521' title='bbox 3388 3406 3605 3460; x_wconf 88' lang='lat' dir='ltr'>eventu</span> 
     </span>
    </p>
   </div>
   <div class='ocr_carea' id='block_1_80' title="bbox 1947 3490 2512 3560">
    <p class='ocr_par' dir='ltr' id='par_1_80' title="bbox 1947 3490 2512 3560">
     <span class='ocr_line' id='line_1_80' title="bbox 1947 3490 2512 3560; baseline -0.007 -12"><span class='ocrx_word' id='word_1_522' title='bbox 1947 3505 2170 3548; x_wconf 90' lang='lat' dir='ltr'>nomen</span> <span class='ocrx_word' id='word_1_523' title='bbox 2201 3490 2512 3560; x_wconf 82' lang='lat' dir='ltr'>acceperit.</span> 
     </span>
    </p>
   </div>
   <div class='ocr_carea' id='block_1_81' title="bbox 2018 3750 3609 3824">
    <p class='ocr_par' dir='ltr' id='par_1_81' title="bbox 2018 3750 3609 3824">
     <span class='ocr_line' id='line_1_81' title="bbox 2018 3750 3609 3824; baseline 0 -18"><span class='ocrx_word' id='word_1_524' title='bbox 2018 3751 2190 3820; x_wconf 84' lang='lat' dir='ltr'>Vegs.</span> <span class='ocrx_word' id='word_1_525' title='bbox 2229 3753 2319 3806; x_wconf 84' lang='lat'>28.</span> <span class='ocrx_word' id='word_1_526' title='bbox 2350 3750 2452 3807; x_wconf 79' lang='lat' dir='ltr'>Ea:</span> <span class='ocrx_word' id='word_1_527' title='bbox 2479 3781 2547 3792; x_wconf 91' lang='lat'><strong>-</strong></span> <span class='ocrx_word' id='word_1_528' title='bbox 2572 3757 2868 3808; x_wconf 71' lang='lat' dir='ltr'>exeuntes.</span> <span class='ocrx_word' id='word_1_529' title='bbox 2918 3754 2983 3807; x_wconf 89' lang='lat' dir='ltr'>In</span> <span class='ocrx_word' id='word_1_530' title='bbox 3024 3751 3312 3824; x_wconf 90' lang='lat' dir='ltr'>sepulcris</span> <span class='ocrx_word' id='word_1_531' title='bbox 3357 3750 3609 3806; x_wconf 88' lang='lat' dir='ltr'>libenter</span> 
     </span>
    </p>
   </div>
   <div class='ocr_carea' id='block_1_82' title="bbox 1946 3838 3608 3912">
    <p class='ocr_par' dir='ltr' id='par_1_82' title="bbox 1946 3838 3608 3912">
     <span class='ocr_line' id='line_1_82' title="bbox 1946 3838 3608 3912; baseline -0.001 -18"><span class='ocrx_word' id='word_1_532' title='bbox 1946 3844 2259 3894; x_wconf 90' lang='lat' dir='ltr'>morantur</span> <span class='ocrx_word' id='word_1_533' title='bbox 2269 3839 2596 3904; x_wconf 66' lang='lat' dir='ltr'>daemones,</span> <span class='ocrx_word' id='word_1_534' title='bbox 2611 3855 2867 3910; x_wconf 86' lang='lat' dir='ltr'>pravam</span> <span class='ocrx_word' id='word_1_535' title='bbox 2886 3840 3235 3912; x_wconf 89' lang='lat' dir='ltr'>opinionem</span> <span class='ocrx_word' id='word_1_536' title='bbox 3261 3838 3608 3895; x_wconf 90' lang='lat' dir='ltr'>hominibus</span> 
     </span>
    </p>
   </div>
   <div class='ocr_carea' id='block_1_83' title="bbox 1944 3926 3610 3999">
    <p class='ocr_par' dir='ltr' id='par_1_83' title="bbox 1944 3926 3610 3999">
     <span class='ocr_line' id='line_1_83' title="bbox 1944 3926 3610 3999; baseline 0 -17"><span class='ocrx_word' id='word_1_537' title='bbox 1944 3926 2262 3983; x_wconf 89' lang='lat' dir='ltr'>immittere</span> <span class='ocrx_word' id='word_1_538' title='bbox 2292 3926 2576 3993; x_wconf 87' lang='lat' dir='ltr'>volentes,</span> <span class='ocrx_word' id='word_1_539' title='bbox 2629 3930 2788 3999; x_wconf 90' lang='lat' dir='ltr'>quod</span> <span class='ocrx_word' id='word_1_540' title='bbox 2836 3932 3207 3984; x_wconf 86' lang='lat' dir='ltr'>mortuorum</span> <span class='ocrx_word' id='word_1_541' title='bbox 3241 3928 3457 3983; x_wconf 63' lang='lat' dir='ltr'>animae</span> <span class='ocrx_word' id='word_1_542' title='bbox 3491 3928 3610 3982; x_wconf 67' lang='grc' dir='ltr'>άξε-</span> 
     </span>
    </p>
   </div>
   <div class='ocr_carea' id='block_1_84' title="bbox 1945 4015 3612 4087">
    <p class='ocr_par' dir='ltr' id='par_1_84' title="bbox 1945 4015 3612 4087">
     <span class='ocr_line' id='line_1_84' title="bbox 1945 4015 3612 4087; baseline 0 -16"><span class='ocrx_word' id='word_1_543' title='bbox 1945 4031 2157 4071; x_wconf 90' lang='lat' dir='ltr'>mones</span> <span class='ocrx_word' id='word_1_544' title='bbox 2185 4015 2348 4080; x_wconf 79' lang='lat' dir='ltr'>(iant,</span> <span class='ocrx_word' id='word_1_545' title='bbox 2381 4015 2484 4071; x_wconf 91' lang='lat' dir='ltr'>sed</span> <span class='ocrx_word' id='word_1_546' title='bbox 2516 4016 2671 4071; x_wconf 90' lang='lat' dir='ltr'>circa</span> <span class='ocrx_word' id='word_1_547' title='bbox 2713 4016 3095 4087; x_wconf 87' lang='lat' dir='ltr'>propriorum</span> <span class='ocrx_word' id='word_1_548' title='bbox 3126 4031 3447 4087; x_wconf 90' lang='lat' dir='ltr'>corporum</span> <span class='ocrx_word' id='word_1_549' title='bbox 3480 4030 3612 4071; x_wconf 89' lang='lat' dir='ltr'>mo-</span> 
     </span>
    </p>
   </div>
   <div class='ocr_carea' id='block_1_85' title="bbox 1944 4102 3609 4173">
    <p class='ocr_par' dir='ltr' id='par_1_85' title="bbox 1944 4102 3609 4173">
     <span class='ocr_line' id='line_1_85' title="bbox 1944 4102 3609 4173; baseline 0 -14"><span class='ocrx_word' id='word_1_550' title='bbox 1944 4107 2236 4159; x_wconf 90' lang='lat' dir='ltr'>numenta</span> <span class='ocrx_word' id='word_1_551' title='bbox 2274 4109 2646 4172; x_wconf 86' lang='lat' dir='ltr'>remaneant,</span> <span class='ocrx_word' id='word_1_552' title='bbox 2677 4103 2800 4158; x_wconf 92' lang='lat' dir='ltr'>imo</span> <span class='ocrx_word' id='word_1_553' title='bbox 2839 4104 3205 4173; x_wconf 89' lang='lat' dir='ltr'>quibusdam</span> <span class='ocrx_word' id='word_1_554' title='bbox 3242 4102 3609 4159; x_wconf 64' lang='lat' dir='ltr'>adhaereant.</span> 
     </span>
    </p>
   </div>
   <div class='ocr_carea' id='block_1_86' title="bbox 1944 4190 3613 4264">
    <p class='ocr_par' dir='ltr' id='par_1_86' title="bbox 1944 4190 3613 4264">
     <span class='ocr_line' id='line_1_86' title="bbox 1944 4190 3613 4264; baseline 0.001 -18"><span class='ocrx_word' id='word_1_555' title='bbox 1944 4192 2056 4247; x_wconf 87' lang='lat' dir='ltr'>Sed</span> <span class='ocrx_word' id='word_1_556' title='bbox 2071 4190 2228 4263; x_wconf 91' lang='lat' dir='ltr'>(mm)</span> <span class='ocrx_word' id='word_1_557' title='bbox 2242 4207 2626 4264; x_wconf 89' lang='lat' dir='ltr'>nequaquam</span> <span class='ocrx_word' id='word_1_558' title='bbox 2640 4192 2700 4247; x_wconf 89' lang='lat' dir='ltr'>id</span> <span class='ocrx_word' id='word_1_559' title='bbox 2716 4190 3048 4247; x_wconf 88' lang='lat' dir='ltr'>orthodoxo</span> <span class='ocrx_word' id='word_1_560' title='bbox 3063 4190 3532 4262; x_wconf 86' lang='lat' dir='ltr'>persuadebunt.</span> <span class='ocrx_word' id='word_1_561' title='bbox 3551 4191 3613 4247; x_wconf 93' lang='lat' dir='ltr'>Si</span> 
     </span>
    </p>
   </div>
   <div class='ocr_carea' id='block_1_87' title="bbox 1489 4548 2404 4622">
    <p class='ocr_par' dir='ltr' id='par_1_87' title="bbox 1489 4548 2404 4622">
     <span class='ocr_line' id='line_1_87' title="bbox 1489 4548 2404 4622; baseline -0.009 0"><span class='ocrx_word' id='word_1_562' title='bbox 1489 4549 1714 4622; x_wconf 64' lang='lat' dir='ltr'>Variae</span> <span class='ocrx_word' id='word_1_563' title='bbox 1742 4548 2067 4619; x_wconf 90' lang='lat' dir='ltr'>lectiones</span> <span class='ocrx_word' id='word_1_564' title='bbox 2099 4556 2165 4617; x_wconf 92' lang='lat' dir='ltr'>et</span> <span class='ocrx_word' id='word_1_565' title='bbox 2202 4555 2404 4616; x_wconf 62' lang='lat' dir='ltr'>nota.</span> 
     </span>
    </p>
   </div>
   <div class='ocr_carea' id='block_1_88' title="bbox 304 4745 1854 4824">
    <p class='ocr_par' dir='ltr' id='par_1_88' title="bbox 304 4745 1854 4824">
     <span class='ocr_line' id='line_1_88' title="bbox 304 4745 1854 4824; baseline -0.003 -17"><span class='ocrx_word' id='word_1_566' title='bbox 304 4750 429 4824; x_wconf 86' lang='lat'>(79)</span> <span class='ocrx_word' id='word_1_567' title='bbox 454 4745 973 4824; x_wconf 60' lang='lat' dir='ltr'>Hocgcholiumln</span> <span class='ocrx_word' id='word_1_568' title='bbox 990 4746 1260 4824; x_wconf 73' lang='lat' dir='ltr'>margine</span> <span class='ocrx_word' id='word_1_569' title='bbox 1278 4746 1371 4824; x_wconf 72' lang='lat' dir='ltr'>sui</span> <span class='ocrx_word' id='word_1_570' title='bbox 1398 4746 1621 4824; x_wconf 80' lang='lat' dir='ltr'>codicis</span> <span class='ocrx_word' id='word_1_571' title='bbox 1636 4746 1854 4824; x_wconf 79' lang='lat' dir='ltr'>reperit</span> 
     </span>
    </p>
   </div>
   <div class='ocr_carea' id='block_1_89' title="bbox 235 4817 1853 4889">
    <p class='ocr_par' dir='ltr' id='par_1_89' title="bbox 235 4817 1853 4889">
     <span class='ocr_line' id='line_1_89' title="bbox 235 4817 1853 4889; baseline -0.004 -10"><span class='ocrx_word' id='word_1_572' title='bbox 235 4817 879 4880; x_wconf 71' lang='lat' dir='ltr'>HehteniusEdideram</span> <span class='ocrx_word' id='word_1_573' title='bbox 891 4819 1002 4875; x_wconf 89' lang='lat' dir='ltr'>hoc</span> <span class='ocrx_word' id='word_1_574' title='bbox 1017 4836 1089 4875; x_wconf 82' lang='lat' dir='ltr'>ex</span> <span class='ocrx_word' id='word_1_575' title='bbox 1102 4817 1400 4875; x_wconf 84' lang='lat' dir='ltr'>codicibus</span> <span class='ocrx_word' id='word_1_576' title='bbox 1418 4817 1853 4889; x_wconf 79' lang='lat' dir='ltr'>Mosquensibus</span> 
     </span>
    </p>
   </div>
   <div class='ocr_carea' id='block_1_90' title="bbox 236 4888 1850 4955">
    <p class='ocr_par' dir='ltr' id='par_1_90' title="bbox 236 4888 1850 4955">
     <span class='ocr_line' id='line_1_90' title="bbox 236 4888 1850 4955; baseline -0.005 -6"><span class='ocrx_word' id='word_1_577' title='bbox 236 4896 293 4950; x_wconf 91' lang='lat' dir='ltr'>in</span> <span class='ocrx_word' id='word_1_578' title='bbox 326 4893 561 4951; x_wconf 84' lang='lat' dir='ltr'>Catena</span> <span class='ocrx_word' id='word_1_579' title='bbox 580 4892 657 4947; x_wconf 93' lang='lat' dir='ltr'>ad</span> <span class='ocrx_word' id='word_1_580' title='bbox 676 4892 850 4947; x_wconf 79' lang='lat' dir='ltr'>Marci</span> <span class='ocrx_word' id='word_1_581' title='bbox 881 4906 1013 4955; x_wconf 86' lang='lat' dir='ltr'>cap.</span> <span class='ocrx_word' id='word_1_582' title='bbox 1048 4908 1179 4953; x_wconf 86' lang='lat' dir='ltr'>v,v.</span> <span class='ocrx_word' id='word_1_583' title='bbox 1216 4894 1262 4954; x_wconf 82' lang='lat' dir='ltr'>t,</span> <span class='ocrx_word' id='word_1_584' title='bbox 1302 4889 1422 4945; x_wconf 87' lang='lat' dir='ltr'>vol.</span> <span class='ocrx_word' id='word_1_585' title='bbox 1460 4890 1501 4955; x_wconf 85' lang='grc' dir='ltr'><strong>Ι,</strong></span> <span class='ocrx_word' id='word_1_586' title='bbox 1530 4888 1589 4955; x_wconf 81' lang='lat' dir='ltr'>p.</span> <span class='ocrx_word' id='word_1_587' title='bbox 1622 4888 1689 4943; x_wconf 73' lang='lat'>82</span> <span class='ocrx_word' id='word_1_588' title='bbox 1711 4889 1850 4944; x_wconf 89' lang='lat' dir='ltr'>edit.</span> 
     </span>
    </p>
   </div>
   <div class='ocr_carea' id='block_1_91' title="bbox 239 4959 1855 5038">
    <p class='ocr_par' dir='ltr' id='par_1_91' title="bbox 239 4959 1855 5038">
     <span class='ocr_line' id='line_1_91' title="bbox 239 4959 1855 5038; baseline -0.002 -19"><span class='ocrx_word' id='word_1_589' title='bbox 239 4964 416 5038; x_wconf 73' lang='lat' dir='ltr'>Mosq.</span> <span class='ocrx_word' id='word_1_590' title='bbox 435 4962 666 5038; x_wconf 79' lang='lat' dir='ltr'>t775_,_8.</span> <span class='ocrx_word' id='word_1_591' title='bbox 685 4959 1071 5038; x_wconf 70' lang='lat' dir='ltr'>Excodicihus</span> <span class='ocrx_word' id='word_1_592' title='bbox 1083 4959 1639 5038; x_wconf 73' lang='lat' dir='ltr'>Vindobonensibus</span> <span class='ocrx_word' id='word_1_593' title='bbox 1654 4960 1855 5038; x_wconf 77' lang='lat' dir='ltr'>laudat</span> 
     </span>
    </p>
   </div>
   <div class='ocr_carea' id='block_1_92' title="bbox 239 5030 1854 5103">
    <p class='ocr_par' dir='ltr' id='par_1_92' title="bbox 239 5030 1854 5103">
     <span class='ocr_line' id='line_1_92' title="bbox 239 5030 1854 5103; baseline -0.005 -11"><span class='ocrx_word' id='word_1_594' title='bbox 239 5030 396 5092; x_wconf 63' lang='lat' dir='ltr'>Alter</span> <span class='ocrx_word' id='word_1_595' title='bbox 424 5038 487 5091; x_wconf 87' lang='lat' dir='ltr'>in</span> <span class='ocrx_word' id='word_1_596' title='bbox 516 5034 659 5091; x_wconf 87' lang='lat' dir='ltr'>edit.</span> <span class='ocrx_word' id='word_1_597' title='bbox 704 5036 768 5089; x_wconf 87' lang='lat' dir='ltr'>N.</span> <span class='ocrx_word' id='word_1_598' title='bbox 803 5036 952 5088; x_wconf 88' lang='lat' dir='ltr'>Test.</span> <span class='ocrx_word' id='word_1_599' title='bbox 985 5038 1021 5087; x_wconf 87' lang='lat' dir='ltr'>t.</span> <span class='ocrx_word' id='word_1_600' title='bbox 1046 5032 1094 5103; x_wconf 12' lang='lat' dir='ltr'>il,</span> <span class='ocrx_word' id='word_1_601' title='bbox 1124 5047 1262 5103; x_wconf 87' lang='lat' dir='ltr'>pag.</span> <span class='ocrx_word' id='word_1_602' title='bbox 1295 5032 1421 5087; x_wconf 78' lang='grc'><strong>489.</strong></span> <span class='ocrx_word' id='word_1_603' title='bbox 1456 5030 1854 5103; x_wconf 83' lang='lat' dir='ltr'>Habet_etiam</span> 
     </span>
    </p>
   </div>
   <div class='ocr_carea' id='block_1_93' title="bbox 243 5101 1854 5173">
    <p class='ocr_par' dir='ltr' id='par_1_93' title="bbox 243 5101 1854 5173">
     <span class='ocr_line' id='line_1_93' title="bbox 243 5101 1854 5173; baseline -0.003 -11"><span class='ocrx_word' id='word_1_604' title='bbox 243 5107 531 5164; x_wconf 85' lang='lat' dir='ltr'>Possinns</span> <span class='ocrx_word' id='word_1_605' title='bbox 560 5106 622 5163; x_wconf 88' lang='lat' dir='ltr'>in</span> <span class='ocrx_word' id='word_1_606' title='bbox 666 5104 866 5161; x_wconf 80' lang='lat' dir='ltr'>Calen.</span> <span class='ocrx_word' id='word_1_607' title='bbox 922 5104 1001 5159; x_wconf 89' lang='lat' dir='ltr'>ad</span> <span class='ocrx_word' id='word_1_608' title='bbox 1038 5101 1216 5160; x_wconf 80' lang='lat' dir='ltr'>Marc.</span> <span class='ocrx_word' id='word_1_609' title='bbox 1248 5117 1308 5173; x_wconf 90' lang='lat' dir='ltr'>p.</span> <span class='ocrx_word' id='word_1_610' title='bbox 1348 5105 1468 5157; x_wconf 80' lang='grc'>100.</span> <span class='ocrx_word' id='word_1_611' title='bbox 1516 5101 1854 5173; x_wconf 88' lang='lat' dir='ltr'>Conﬂatum</span> 
     </span>
    </p>
   </div>
   <div class='ocr_carea' id='block_1_94' title="bbox 248 5172 1858 5245">
    <p class='ocr_par' dir='ltr' id='par_1_94' title="bbox 248 5172 1858 5245">
     <span class='ocr_line' id='line_1_94' title="bbox 248 5172 1858 5245; baseline -0.004 -12"><span class='ocrx_word' id='word_1_612' title='bbox 248 5184 438 5235; x_wconf 85' lang='lat' dir='ltr'>autem</span> <span class='ocrx_word' id='word_1_613' title='bbox 472 5186 561 5235; x_wconf 87' lang='lat' dir='ltr'>est</span> <span class='ocrx_word' id='word_1_614' title='bbox 588 5194 657 5233; x_wconf 84' lang='lat' dir='ltr'>ex</span> <span class='ocrx_word' id='word_1_615' title='bbox 687 5178 969 5245; x_wconf 83' lang='lat' dir='ltr'>Origene,</span> <span class='ocrx_word' id='word_1_616' title='bbox 992 5174 1142 5245; x_wconf 88' lang='lat' dir='ltr'>t.lV,</span> <span class='ocrx_word' id='word_1_617' title='bbox 1162 5172 1299 5245; x_wconf 81' lang='lat' dir='ltr'>pag.</span> <span class='ocrx_word' id='word_1_618' title='bbox 1334 5176 1448 5245; x_wconf 60' lang='lat' dir='ltr'>ut),</span> <span class='ocrx_word' id='word_1_619' title='bbox 1485 5176 1604 5237; x_wconf 77' lang='grc'><strong>141,</strong></span> <span class='ocrx_word' id='word_1_620' title='bbox 1626 5172 1729 5243; x_wconf 90' lang='lat' dir='ltr'>qui</span> <span class='ocrx_word' id='word_1_621' title='bbox 1756 5188 1858 5227; x_wconf 88' lang='lat' dir='ltr'>au-</span> 
     </span>
    </p>
   </div>
   <div class='ocr_carea' id='block_1_95' title="bbox 246 5243 1860 5320">
    <p class='ocr_par' dir='ltr' id='par_1_95' title="bbox 246 5243 1860 5320">
     <span class='ocr_line' id='line_1_95' title="bbox 246 5243 1860 5320; baseline -0.005 -15"><span class='ocrx_word' id='word_1_622' title='bbox 246 5252 455 5320; x_wconf 84' lang='lat' dir='ltr'>dacter,</span> <span class='ocrx_word' id='word_1_623' title='bbox 508 5252 624 5309; x_wconf 82' lang='lat' dir='ltr'>hoc</span> <span class='ocrx_word' id='word_1_624' title='bbox 666 5243 1146 5320; x_wconf 48' lang='lat' dir='ltr'>estfpatristice</span> <span class='ocrx_word' id='word_1_625' title='bbox 1167 5243 1356 5299; x_wconf 71' lang='lat' dir='ltr'>hunc</span> <span class='ocrx_word' id='word_1_626' title='bbox 1404 5243 1604 5298; x_wconf 88' lang='lat' dir='ltr'>locum</span> <span class='ocrx_word' id='word_1_627' title='bbox 1632 5259 1860 5320; x_wconf 83' lang='lat' dir='ltr'>_corru-</span> 
     </span>
    </p>
   </div>
   <div class='ocr_carea' id='block_1_96' title="bbox 248 5313 1859 5395">
    <p class='ocr_par' dir='ltr' id='par_1_96' title="bbox 248 5313 1859 5395">
     <span class='ocr_line' id='line_1_96' title="bbox 248 5313 1859 5395; baseline -0.006 -16"><span class='ocrx_word' id='word_1_628' title='bbox 248 5324 332 5395; x_wconf 85' lang='lat' dir='ltr'>pit.</span> <span class='ocrx_word' id='word_1_629' title='bbox 350 5313 559 5383; x_wconf 75' lang='lat' dir='ltr'>Callide</span> <span class='ocrx_word' id='word_1_630' title='bbox 574 5325 673 5381; x_wconf 88' lang='lat' dir='ltr'>hic</span> <span class='ocrx_word' id='word_1_631' title='bbox 688 5313 994 5390; x_wconf 71' lang='lat' dir='ltr'>expedivit</span> <span class='ocrx_word' id='word_1_632' title='bbox 1011 5332 1071 5372; x_wconf 92' lang='lat' dir='ltr'>se</span> <span class='ocrx_word' id='word_1_633' title='bbox 1089 5313 1535 5387; x_wconf 84' lang='lat' dir='ltr'>Chrysostomus</span> <span class='ocrx_word' id='word_1_634' title='bbox 1549 5330 1617 5368; x_wconf 82' lang='lat' dir='ltr'>ex</span> <span class='ocrx_word' id='word_1_635' title='bbox 1632 5314 1859 5385; x_wconf 88' lang='lat' dir='ltr'>laqueis</span> 
     </span>
    </p>
   </div>
   <div class='ocr_carea' id='block_1_97' title="bbox 277 5489 1863 5594">
    <p class='ocr_par' dir='ltr' id='par_1_97' title="bbox 277 5489 1863 5594">
     <span class='ocr_line' id='line_1_97' title="bbox 277 5489 1863 5594; baseline -0.009 14"><span class='ocrx_word' id='word_1_636' title='bbox 277 5509 365 5594; x_wconf 74' lang='grc' dir='ltr'>(π)</span> <span class='ocrx_word' id='word_1_637' title='bbox 396 5509 926 5594; x_wconf 45' lang='grc' dir='ltr'><strong>θεραπηίην</strong></span> <span class='ocrx_word' id='word_1_638' title='bbox 955 5492 1143 5594; x_wconf 58' lang='lat' dir='ltr'>eius.</span> <span class='ocrx_word' id='word_1_639' title='bbox 1171 5489 1863 5594; x_wconf 55' lang='grc' dir='ltr'>ἓεξς.ε·..ῑ⁴εξξίεξιηίξιέξξ1</span> 
     </span>
    </p>
   </div>
   <div class='ocr_carea' id='block_1_98' title="bbox 202 5560 1860 5663">
    <p class='ocr_par' dir='ltr' id='par_1_98' title="bbox 202 5560 1860 5663">
     <span class='ocr_line' id='line_1_98' title="bbox 202 5560 1860 5663; baseline 0.01 -13"><span class='ocrx_word' id='word_1_640' title='bbox 202 5560 691 5663; x_wconf 35' lang='lat' dir='ltr'>[acamas</span> <span class='ocrx_word' id='word_1_641' title='bbox 758 5570 807 5626; x_wconf 77' lang='grc' dir='ltr'><strong>ί-</strong></span> <span class='ocrx_word' id='word_1_642' title='bbox 965 5564 1143 5663; x_wconf 57' lang='lat' dir='ltr'>recite</span> <span class='ocrx_word' id='word_1_643' title='bbox 1191 5560 1860 5663; x_wconf 57' lang='grc' dir='ltr'><strong>νείιίτέιέίιξιέῑηέέεξξτίι·</strong></span> 
     </span>
    </p>
   </div>
   <div class='ocr_carea' id='block_1_99' title="bbox 187 5633 1862 5742">
    <p class='ocr_par' dir='ltr' id='par_1_99' title="bbox 187 5633 1862 5742">
     <span class='ocr_line' id='line_1_99' title="bbox 187 5633 1862 5742; baseline -0.035 3"><span class='ocrx_word' id='word_1_644' title='bbox 187 5633 1225 5742; x_wconf 47' lang='grc' dir='ltr'>ἣῖἔῖυίὲιίιῗάξέαναξωῆέ</span> <span class='ocrx_word' id='word_1_645' title='bbox 1256 5634 1537 5692; x_wconf 81' lang='lat' dir='ltr'>habentes</span> <span class='ocrx_word' id='word_1_646' title='bbox 1566 5633 1862 5693; x_wconf 78' lang='lat' dir='ltr'>notitiam.</span> 
     </span>
    </p>
   </div>
   <div class='ocr_carea' id='block_1_100' title="bbox 446 5730 1221 5830">
    <p class='ocr_par' dir='ltr' id='par_1_100' title="bbox 446 5730 1221 5830">
     <span class='ocr_line' id='line_1_100' title="bbox 446 5730 1221 5830; baseline -0.009 -33"><span class='ocrx_word' id='word_1_647' title='bbox 446 5766 761 5830; x_wconf 56' lang='lat' dir='ltr'>Euam”</span> <span class='ocrx_word' id='word_1_648' title='bbox 812 5737 933 5797; x_wconf 79' lang='lat' dir='ltr'>Gn.</span> <span class='ocrx_word' id='word_1_649' title='bbox 968 5730 1221 5792; x_wconf 77' lang='lat' dir='ltr'>CXXIX.</span> 
     </span>
    </p>
   </div>
   <div class='ocr_carea' id='block_1_101' title="bbox 1964 4738 3624 4817">
    <p class='ocr_par' dir='ltr' id='par_1_101' title="bbox 1964 4738 3624 4817">
     <span class='ocr_line' id='line_1_101' title="bbox 1964 4738 3624 4817; baseline -0.005 -14"><span class='ocrx_word' id='word_1_650' title='bbox 1964 4744 2252 4817; x_wconf 87' lang='lat' dir='ltr'>Origenis.</span> <span class='ocrx_word' id='word_1_651' title='bbox 2278 4742 2419 4817; x_wconf 61' lang='lat' dir='ltr'>Post</span> <span class='ocrx_word' id='word_1_652' title='bbox 2441 4756 2683 4817; x_wconf 68' lang='lat' dir='ltr'>versum</span> <span class='ocrx_word' id='word_1_653' title='bbox 2704 4743 2862 4817; x_wconf 79' lang='lat' dir='ltr'>enim</span> <span class='ocrx_word' id='word_1_654' title='bbox 2888 4743 2957 4796; x_wconf 76' lang='lat'>27</span> <span class='ocrx_word' id='word_1_655' title='bbox 2978 4739 3180 4817; x_wconf 77' lang='lat' dir='ltr'>statim</span> <span class='ocrx_word' id='word_1_656' title='bbox 3204 4740 3285 4797; x_wconf 90' lang='lat' dir='ltr'>ita</span> <span class='ocrx_word' id='word_1_657' title='bbox 3315 4738 3527 4817; x_wconf 74' lang='lat' dir='ltr'>transit</span> <span class='ocrx_word' id='word_1_658' title='bbox 3543 4738 3624 4795; x_wconf 93' lang='lat' dir='ltr'>ad</span> 
     </span>
    </p>
   </div>
   <div class='ocr_carea' id='block_1_102' title="bbox 1960 4807 3622 4882">
    <p class='ocr_par' dir='ltr' id='par_1_102' title="bbox 1960 4807 3622 4882">
     <span class='ocr_line' id='line_1_102' title="bbox 1960 4807 3622 4882; baseline -0.007 -9"><span class='ocrx_word' id='word_1_659' title='bbox 1960 4807 2115 4873; x_wconf 61' lang='lat' dir='ltr'>vers.</span> <span class='ocrx_word' id='word_1_660' title='bbox 2166 4820 2232 4872; x_wconf 79' lang='lat'>29</span> <span class='ocrx_word' id='word_1_661' title='bbox 2286 4810 2554 4872; x_wconf 73' lang='grc' dir='ltr'><strong>εἘπειδή</strong></span> <span class='ocrx_word' id='word_1_662' title='bbox 2606 4810 2665 4866; x_wconf 62' lang='grc' dir='ltr'><strong>δὲ</strong></span> <span class='ocrx_word' id='word_1_663' title='bbox 2704 4812 2867 4871; x_wconf 80' lang='grc' dir='ltr'><strong>ἀπέϐη</strong></span> <span class='ocrx_word' id='word_1_664' title='bbox 2916 4821 3013 4874; x_wconf 84' lang='grc' dir='ltr'><strong>τῆς</strong></span> <span class='ocrx_word' id='word_1_665' title='bbox 3044 4812 3318 4878; x_wconf 80' lang='grc' dir='ltr'><strong>θαλάττης,</strong></span> <span class='ocrx_word' id='word_1_666' title='bbox 3370 4807 3622 4882; x_wconf 83' lang='grc' dir='ltr'><strong>διαδέχε-</strong></span> 
     </span>
    </p>
   </div>
   <div class='ocr_carea' id='block_1_103' title="bbox 1963 4884 3619 4959">
    <p class='ocr_par' dir='ltr' id='par_1_103' title="bbox 1963 4884 3619 4959">
     <span class='ocr_line' id='line_1_103' title="bbox 1963 4884 3619 4959; baseline -0.006 -18"><span class='ocrx_word' id='word_1_667' title='bbox 1963 4908 2053 4940; x_wconf 90' lang='grc' dir='ltr'>ται</span> <span class='ocrx_word' id='word_1_668' title='bbox 2131 4890 2307 4959; x_wconf 71' lang='grc' dir='ltr'><strong>θαῦμα</strong></span> <span class='ocrx_word' id='word_1_669' title='bbox 2382 4887 2551 4959; x_wconf 80' lang='grc' dir='ltr'><strong>ἕτερον</strong></span> <span class='ocrx_word' id='word_1_670' title='bbox 2634 4884 2996 4959; x_wconf 58' lang='grc' dir='ltr'><strong>φοϐερώτερον,</strong></span> <span class='ocrx_word' id='word_1_671' title='bbox 3088 4890 3437 4959; x_wconf 57' lang='grc' dir='ltr'><strong>Δαιμόνῶντες</strong></span> <span class='ocrx_word' id='word_1_672' title='bbox 3496 4885 3619 4959; x_wconf 52' lang='grc' dir='ltr'><strong>γαρ,</strong></span> 
     </span>
    </p>
   </div>
   <div class='ocr_carea' id='block_1_104' title="bbox 1963 4951 3622 5033">
    <p class='ocr_par' dir='ltr' id='par_1_104' title="bbox 1963 4951 3622 5033">
     <span class='ocr_line' id='line_1_104' title="bbox 1963 4951 3622 5033; baseline -0.005 -22"><span class='ocrx_word' id='word_1_673' title='bbox 1963 4961 2195 5033; x_wconf 84' lang='grc' dir='ltr'><strong>καθάπερ</strong></span> <span class='ocrx_word' id='word_1_674' title='bbox 2234 4951 2513 5033; x_wconf 76' lang='grc' dir='ltr'><strong>δραπέται</strong></span> <span class='ocrx_word' id='word_1_675' title='bbox 2588 4951 2826 5028; x_wconf 71' lang='grc' dir='ltr'><strong>πονηροὶ,</strong></span> <span class='ocrx_word' id='word_1_676' title='bbox 2888 4951 3193 5033; x_wconf 42' lang='grc' dir='ltr'><strong>’δεσπότην</strong></span> <span class='ocrx_word' id='word_1_677' title='bbox 3243 4951 3622 5033; x_wconf 23' lang='grc' dir='ltr'><strong>ἰδοντεςλέῖλε-</strong></span> 
     </span>
    </p>
   </div>
   <div class='ocr_carea' id='block_1_105' title="bbox 1963 5025 3622 5101">
    <p class='ocr_par' dir='ltr' id='par_1_105' title="bbox 1963 5025 3622 5101">
     <span class='ocr_line' id='line_1_105' title="bbox 1963 5025 3622 5101; baseline -0.004 -20"><span class='ocrx_word' id='word_1_678' title='bbox 1963 5048 2073 5101; x_wconf 70' lang='grc' dir='ltr'><strong>γον·</strong></span> <span class='ocrx_word' id='word_1_679' title='bbox 2132 5025 2196 5082; x_wconf 75' lang='lat' dir='ltr'>Ti</span> <span class='ocrx_word' id='word_1_680' title='bbox 2249 5025 2402 5101; x_wconf 44' lang='lat' dir='ltr'>till?!“</span> <span class='ocrx_word' id='word_1_681' title='bbox 2438 5032 2530 5079; x_wconf 80' lang='grc' dir='ltr'>καὶ</span> <span class='ocrx_word' id='word_1_682' title='bbox 2584 5031 2688 5092; x_wconf 89' lang='grc' dir='ltr'><strong>σοὶ,</strong></span> <span class='ocrx_word' id='word_1_683' title='bbox 2722 5025 2788 5080; x_wconf 62' lang='grc' dir='ltr'>”κ.</span> <span class='ocrx_word' id='word_1_684' title='bbox 2842 5046 2890 5078; x_wconf 87' lang='grc' dir='ltr'><strong>τ.</strong></span> <span class='ocrx_word' id='word_1_685' title='bbox 2940 5025 2995 5082; x_wconf 84' lang='grc' dir='ltr'><strong>λ.</strong></span> <span class='ocrx_word' id='word_1_686' title='bbox 3058 5025 3196 5101; x_wconf 87' lang='lat' dir='ltr'>V_id_e</span> <span class='ocrx_word' id='word_1_687' title='bbox 3237 5029 3379 5079; x_wconf 88' lang='lat' dir='ltr'>tom.</span> <span class='ocrx_word' id='word_1_688' title='bbox 3415 5025 3622 5101; x_wconf 76' lang='lat' dir='ltr'>Vll,_p.</span> 
     </span>
    </p>
   </div>
   <div class='ocr_carea' id='block_1_106' title="bbox 1965 5092 3627 5172">
    <p class='ocr_par' dir='ltr' id='par_1_106' title="bbox 1965 5092 3627 5172">
     <span class='ocr_line' id='line_1_106' title="bbox 1965 5092 3627 5172; baseline -0.007 -14"><span class='ocrx_word' id='word_1_689' title='bbox 1965 5092 2087 5158; x_wconf 72' lang='lat'>335.</span> <span class='ocrx_word' id='word_1_690' title='bbox 2124 5102 2185 5154; x_wconf 91' lang='lat' dir='ltr'>C.</span> <span class='ocrx_word' id='word_1_691' title='bbox 2222 5092 2299 5154; x_wconf 63' lang='lat' dir='ltr'>Ex</span> <span class='ocrx_word' id='word_1_692' title='bbox 2348 5099 2774 5172; x_wconf 82' lang='lat' dir='ltr'>Chrysostomo</span> <span class='ocrx_word' id='word_1_693' title='bbox 2806 5112 2974 5172; x_wconf 81' lang='lat' dir='ltr'>ergo,</span> <span class='ocrx_word' id='word_1_694' title='bbox 3002 5096 3278 5172; x_wconf 70' lang='lat' dir='ltr'>quidam</span> <span class='ocrx_word' id='word_1_695' title='bbox 3316 5110 3502 5172; x_wconf 70' lang='lat' dir='ltr'>opera</span> <span class='ocrx_word' id='word_1_696' title='bbox 3532 5092 3627 5172; x_wconf 84' lang='lat' dir='ltr'>_f_u-</span> 
     </span>
    </p>
   </div>
   <div class='ocr_carea' id='block_1_107' title="bbox 1968 5164 3627 5233">
    <p class='ocr_par' dir='ltr' id='par_1_107' title="bbox 1968 5164 3627 5233">
     <span class='ocr_line' id='line_1_107' title="bbox 1968 5164 3627 5233; baseline -0.006 -7"><span class='ocrx_word' id='word_1_697' title='bbox 1968 5189 2133 5227; x_wconf 91' lang='lat' dir='ltr'>mum</span> <span class='ocrx_word' id='word_1_698' title='bbox 2171 5173 2323 5231; x_wconf 88' lang='lat' dir='ltr'>fecit,</span> <span class='ocrx_word' id='word_1_699' title='bbox 2355 5171 2428 5224; x_wconf 88' lang='lat' dir='ltr'>de</span> <span class='ocrx_word' id='word_1_700' title='bbox 2460 5164 2613 5233; x_wconf 78' lang='lat' dir='ltr'>loco,</span> <span class='ocrx_word' id='word_1_701' title='bbox 2661 5168 2762 5223; x_wconf 89' lang='lat' dir='ltr'>ubi</span> <span class='ocrx_word' id='word_1_702' title='bbox 2802 5169 2929 5222; x_wconf 62' lang='lat' dir='ltr'>haec</span> <span class='ocrx_word' id='word_1_703' title='bbox 2954 5164 3320 5231; x_wconf 78' lang='lat' dir='ltr'>acciderunt,</span> <span class='ocrx_word' id='word_1_704' title='bbox 3347 5164 3488 5219; x_wconf 88' lang='lat' dir='ltr'>nihil</span> <span class='ocrx_word' id='word_1_705' title='bbox 3514 5164 3627 5217; x_wconf 85' lang='lat' dir='ltr'>dis-</span> 
     </span>
    </p>
   </div>
   <div class='ocr_carea' id='block_1_108' title="bbox 1971 5233 3627 5308">
    <p class='ocr_par' dir='ltr' id='par_1_108' title="bbox 1971 5233 3627 5308">
     <span class='ocr_line' id='line_1_108' title="bbox 1971 5233 3627 5308; baseline -0.005 -10"><span class='ocrx_word' id='word_1_706' title='bbox 1971 5260 2093 5298; x_wconf 89' lang='lat' dir='ltr'>cas.</span> <span class='ocrx_word' id='word_1_707' title='bbox 2130 5242 2336 5296; x_wconf 80' lang='lat' dir='ltr'>Discas</span> <span class='ocrx_word' id='word_1_708' title='bbox 2379 5245 2603 5307; x_wconf 89' lang='lat' dir='ltr'>autem,</span> <span class='ocrx_word' id='word_1_709' title='bbox 2634 5240 2795 5293; x_wconf 89' lang='lat' dir='ltr'>unde</span> <span class='ocrx_word' id='word_1_710' title='bbox 2826 5239 2898 5293; x_wconf 90' lang='lat' dir='ltr'>sit</span> <span class='ocrx_word' id='word_1_711' title='bbox 2939 5237 3423 5308; x_wconf 84' lang='lat' dir='ltr'>Chrysostomus.</span> <span class='ocrx_word' id='word_1_712' title='bbox 3465 5233 3627 5291; x_wconf 82' lang='lat' dir='ltr'>Scili-</span> 
     </span>
    </p>
   </div>
   <div class='ocr_carea' id='block_1_109' title="bbox 1968 5313 2436 5370">
    <p class='ocr_par' dir='ltr' id='par_1_109' title="bbox 1968 5313 2436 5370">
     <span class='ocr_line' id='line_1_109' title="bbox 1968 5313 2436 5370; baseline -0.017 -1"><span class='ocrx_word' id='word_1_713' title='bbox 1968 5319 2057 5370; x_wconf 88' lang='lat' dir='ltr'>cet</span> <span class='ocrx_word' id='word_1_714' title='bbox 2089 5313 2324 5370; x_wconf 77' lang='grc' dir='ltr'><strong>ἀλωπεκῆ</strong></span> <span class='ocrx_word' id='word_1_715' title='bbox 2338 5314 2436 5363; x_wconf 80' lang='grc' dir='ltr'><strong>θεν.</strong></span> 
     </span>
    </p>
   </div>
   <div class='ocr_carea' id='block_1_110' title="bbox 2043 5484 3631 5563">
    <p class='ocr_par' dir='ltr' id='par_1_110' title="bbox 2043 5484 3631 5563">
     <span class='ocr_line' id='line_1_110' title="bbox 2043 5484 3631 5563; baseline -0.004 -18"><span class='ocrx_word' id='word_1_716' title='bbox 2043 5490 2208 5563; x_wconf 84' lang='lat' dir='ltr'>(mm)</span> <span class='ocrx_word' id='word_1_717' title='bbox 2234 5489 2383 5563; x_wconf 80' lang='lat' dir='ltr'>Sed,_</span> <span class='ocrx_word' id='word_1_718' title='bbox 2396 5486 2657 5543; x_wconf 90' lang='lat' dir='ltr'>alienum</span> <span class='ocrx_word' id='word_1_719' title='bbox 2684 5490 2789 5541; x_wconf 90' lang='lat' dir='ltr'>est.</span> <span class='ocrx_word' id='word_1_720' title='bbox 2811 5486 3187 5563; x_wconf 72' lang='lat' dir='ltr'>Mortuorum</span> <span class='ocrx_word' id='word_1_721' title='bbox 3203 5484 3388 5541; x_wconf 83' lang='lat' dir='ltr'>animi</span> <span class='ocrx_word' id='word_1_722' title='bbox 3413 5484 3631 5563; x_wconf 49' lang='lat' dir='ltr'>dcemoj</span> 
     </span>
    </p>
   </div>
   <div class='ocr_carea' id='block_1_111' title="bbox 1970 5558 3632 5707">
    <p class='ocr_par' dir='ltr' id='par_1_111' title="bbox 1970 5558 3632 5707">
     <span class='ocr_line' id='line_1_111' title="bbox 1971 5558 3632 5691; baseline -0.001 -75"><span class='ocrx_word' id='word_1_723' title='bbox 1971 5558 2071 5690; x_wconf 59' lang='lat' dir='ltr'>n‘es</span> <span class='ocrx_word' id='word_1_724' title='bbox 2095 5558 2292 5691; x_wconf 41' lang='lat' dir='ltr'>[gina</span> <span class='ocrx_word' id='word_1_725' title='bbox 2311 5559 2385 5615; x_wconf 85' lang='lat' dir='ltr'>ad</span> <span class='ocrx_word' id='word_1_726' title='bbox 2412 5575 2656 5617; x_wconf 84' lang='lat' dir='ltr'>suorum</span> <span class='ocrx_word' id='word_1_727' title='bbox 2691 5573 3000 5630; x_wconf 84' lang='lat' dir='ltr'>corporum</span> <span class='ocrx_word' id='word_1_728' title='bbox 3022 5558 3295 5631; x_wconf 75' lang='lat' dir='ltr'>sepulcra</span> <span class='ocrx_word' id='word_1_729' title='bbox 3326 5560 3632 5615; x_wconf 77' lang='lat' dir='ltr'>remanent</span> 
     </span>
     <span class='ocr_line' id='line_1_112' title="bbox 1970 5645 2423 5707; baseline -0.004 -17"><span class='ocrx_word' id='word_1_730' title='bbox 1970 5651 1994 5690; x_wconf 76' lang='grc' dir='ltr'>ι</span> <span class='ocrx_word' id='word_1_731' title='bbox 2040 5650 2139 5707; x_wconf 70' lang='lat' dir='ltr'>qui</span> <span class='ocrx_word' id='word_1_732' title='bbox 2187 5647 2249 5691; x_wconf 83' lang='lat' dir='ltr'>us</span> <span class='ocrx_word' id='word_1_733' title='bbox 2267 5646 2277 5652; x_wconf 81' lang='lat'><em>‘</em></span> <span class='ocrx_word' id='word_1_734' title='bbox 2298 5645 2423 5690; x_wconf 90' lang='lat' dir='ltr'>am.</span> 
     </span>
    </p>
   </div>
   <div class='ocr_carea' id='block_1_112' title="bbox 3279 5726 3352 5787">
    <p class='ocr_par' dir='ltr' id='par_1_112' title="bbox 3279 5726 3352 5787">
     <span class='ocr_line' id='line_1_113' title="bbox 3279 5726 3352 5787; baseline 0.068 -5"><span class='ocrx_word' id='word_1_735' title='bbox 3279 5726 3352 5787; x_wconf 81' lang='grc'>10</span> 
     </span>
    </p>
   </div>
  </div>
