4098 6424
162 360 242 419 301
1134 358 1495 422 COMNENT.
1547 364 1615 421 IN
1669 362 2112 421 MATTil/EUM.
2158 396 2222 407 -—
2264 365 2420 422 CAP.
2467 362 2558 423 IX.

226 495 319 543 Καὶ
365 492 458 562 ὅρα
522 492 800 562 πάνσοφον
858 490 1276 563 ἀντιμηχανημα
1345 498 1437 543 τοῦ
1496 498 1754 562 Σωτῆρος.
1797 492 1841 544 Α

167 580 525 639 Μελιτήσαντες
589 583 699 653 γὰρ
770 578 1000 652 βλάψαι,
1077 580 1245 633 πλεῖον
1300 579 1612 648 ἐϐλάϐησαν,
1676 585 1765 631 καὶ

166 669 464 722 τούναντίον,
523 670 583 719 οὗ
673 668 960 731 ἐϐούλοντο,
1017 668 1238 740 γέγονεν.
1336 668 1619 740 Ἐξελαμψε
1677 670 1765 739 μὲν

162 762 255 830 γὰρ
289 759 318 813 ἡ
378 768 464 808 τον
520 766 763 831 Χριστοῦ
806 755 1048 830 δύναμις·
1098 758 1329 828 ἠλέγχθη
1386 755 1443 809 δὲ
1492 760 1683 809 τούτων
1732 758 1761 813 ἠ

164 848 398 898 ἀσθένεια
474 853 561 899 καὶ
610 849 639 904 ἡ
726 852 972 920 πονηρία.
1035 849 1175 898 Κατά
1251 853 1343 898 τοῦ
1410 852 1641 919 κρημνοῦ
1708 841 1767 897 δὲ

157 938 397 1005 ὥρμησεν
428 938 455 992 2';
519 934 677 1007 ἀγέλη
730 936 799 995 εἰς
855 941 948 992 την
1009 935 1295 999 θάλασσαν,
1343 934 1454 986 ἀντὶ
1501 942 1615 1000 τοῦ,
1675 930 1767 986 διὰ

916 1021 976 1076 δὲ
1044 1029 1132 1077 καὶ

151 1118 356 1185 χοίρων
410 1112 656 1184 ἔγραψεν,
714 1115 794 1165 ὅτι
848 1110 980 1170 ἦσαν
1037 1115 1107 1175 ὡς
1158 1110 1443 1183 δισχίλιοι.
1495 1116 1561 1164 Συ
1594 1108 1653 1163 δέ
1676 1130 1765 1182 μοι

154 1032 241 1074 τον
306 1034 563 1097 κρημνου.
628 1027 842 1099 Μάρκος
916 1022 976 1076 δὲ
1044 1029 1132 1077 καὶ
1219 1028 1305 1075 τὸν
1382 1022 1601 1095 ἀριθμὸν
1665 1030 1765 1074 τῶν

150 1203 251 1253 νέει
304 1208 397 1253 καὶ
454 1206 595 1252 κατα
664 1200 959 1273 ἀναγωγὴν,
1012 1203 1090 1253 ὅτι
1141 1202 1189 1252 οἰ
1234 1198 1471 1272 δαίμονες
1529 1198 1628 1251 ἀπὸ
1678 1202 1765 1271 μὲν

1101 1290 1231 1360 λέγω
1302 1286 1392 1354 δὴ,

150 1378 556 1449 βοηθουμένων·
600 1386 710 1439 τοῖς
790 1376 848 1431 δὲ
911 1384 1114 1452 χοίροις
1181 1377 1501 1449 ἐφάλλονται,
1554 1372 1762 1433 δηλαδὴ

148 1299 247 1341 τῶν
312 1289 602 1362 ἀνθρώπων
673 1289 1020 1353 ἐπιϐάλλονται,
1101 1290 1231 1360 λέγω
1302 1287 1392 1354 δὴ,
1479 1297 1578 1339 τῶν
1629 1287 1767 1358 λόγῳ

147 1475 257 1527 τοῖς
296 1467 503 1537 αλογως
551 1466 934 1539 ἑγκυλιομένοις
997 1476 1068 1537 τῷ
1127 1465 1365 1541 βορϐόρῳ
1414 1473 1511 1518 τῶν
1542 1462 1763 1529 ἡδονῶν,

146 1562 235 1606 καὶ
264 1556 797 1629 κατακρημνίζουσιν
832 1556 1016 1616 αὐτοὺς
1043 1556 1111 1617 εἰς
1145 1554 1417 1607 ἀπώλειαν.

220 1648 293 1696 Οἱ
352 1641 407 1695 δὲ
487 1675 555 1686 -
609 1648 802 1699 πάντα,
893 1642 1114 1716 Ἐφυγον
1168 1643 1486 1715 φοϐηθέντες,
1554 1647 1623 1713 μὴ
1678 1647 1768 1694 καὶ

145 1732 349 1793 αὐτοὺς
400 1732 649 1785 inﬁmam
726 1733 774 1785 οἱ
828 1736 949 1793 τοὺς
1016 1735 1232 1805 χοίρους
1291 1732 1459 1784 αὐτῶν
1513 1730 1771 1791 ἀνελόντες

3434 364 3541 425 302

1947 495 2007 546 Et
2036 490 2167 546 vide
2208 493 2712 563 sapientissimam
2747 491 3071 548 Salvatoris
3108 489 3536 561 cogitationem

1875 580 2233 651 oppositam.
2266 584 2413 636 Nam
2446 597 2658 636 nocere
2681 582 2971 648 volentes,
3002 581 3195 651 magis
3218 580 3328 652 ipsi
3358 596 3541 638 nocu-

1879 673 2145 725 mentum
2204 676 2580 742 acceperunt.
2643 669 2954 743 Siquidem
3012 669 3219 725 Christi
3278 670 3539 742 potentia

1877 757 2125 829 apparui
2137 764 2236 823 t,et
2248 758 2478 814 illorum
2494 758 2869 815 imbecillitas
2882 774 2950 815 ac
2966 758 3192 815 malitia
3202 758 3535 830 deprehen-

1878 862 1944 902 sa
1973 850 2082 902 est.
2112 848 2222 903 Per
2246 863 2514 920 praeceps
2539 853 2739 905 autem
2762 847 3063 905 ferebatur
3088 860 3231 920 grex
3257 846 3315 904 in
3347 864 3536 905 mare-

1878 935 1985 990 hoc
2042 942 2149 1000 est,
2219 938 2659 1011 pracipitanter
2691 942 2747 994 et
2804 938 2960 994 facto
3002 938 3246 1009 impetu.
3308 940 3533 994 Marcus

1878 1041 2018 1081 vero
2071 1041 2386 1082 numerum
2441 1028 2620 1084 etiam
2672 1043 2994 1099 porcorum
3054 1027 3308 1101 scripsit,
3365 1027 3533 1100 quod

1877 1118 2045 1169 erant
2076 1114 2191 1169 fere
2228 1114 2323 1170 bis
2354 1115 2580 1171 mille“.
2608 1119 2691 1172 Tu
2721 1132 2966 1189 quoque
2998 1116 3146 1172 mihi
3176 1132 3283 1189 per
3308 1132 3529 1189 anago-

1877 1218 1991 1272 gen
2020 1202 2297 1273 intellige,
2336 1206 2501 1276 quod
2538 1205 2845 1262 daemones
2883 1206 3194 1277 ejicientur
3226 1205 3302 1263 ab
3340 1204 3534 1262 homi-

1877 1291 2078 1361 nibus,
2128 1292 2350 1364 quibus
2398 1310 2672 1349 sermone
2726 1294 2857 1366 (nn)
2902 1295 3282 1351 succurritur.
3336 1294 3533 1365 Ingre-

1876 1380 2123 1436 diuntur
2140 1386 2339 1437 autem
2366 1398 2601 1454 porcos,
2623 1399 2725 1439 eos
2756 1383 3531 1455 videlicetquiirrationabi-

1881 1468 2010 1525 liter
2048 1477 2497 1539 conservantur,
2531 1476 2589 1527 et
2626 1473 2687 1527 in
2721 1487 2895 1527 coeno
2939 1472 3316 1543 voluptatum
3367 1472 3533 1529 volu-

1878 1561 2098 1623 tantur,
2131 1576 2198 1614 ac
2222 1559 2351 1615 illos
2380 1560 2439 1615 in
2464 1559 2858 1632 perditionem
2888 1560 3279 1633 praecipitant.

1950 1649 2107 1701 Vers.
2132 1651 2218 1703 33.
2249 1648 2358 1714 Qui
2388 1678 2456 1690 —
2484 1649 2698 1705 omnia.
2728 1651 3028 1719 Fugerunt
3049 1649 3343 1715 timentes,
3367 1664 3443 1706 ne
3466 1664 3531 1706 se

1878 1736 2097 1807 pariter
2127 1736 2460 1793 occiderent
2487 1738 2817 1802 daemones,
2850 1738 2953 1810 qui
2984 1753 3126 1794 suos
3155 1742 3534 1810 peremerant

148 1818 432 1892 δαίμονες,
500 1823 846 1894 Ἀπήγγειλαν
922 1819 981 1874 δὲ
1045 1823 1231 1885 πάντα,
1308 1818 1516 1879 δηλαδὴ
1573 1823 1638 1873 τὰ
1679 1821 1765 1894 ῥη-

1895 1840 2112 1896 porcos.
2157 1826 2665 1881 Renuntiaverunt
2693 1830 2893 1882 autem
2926 1827 3133 1882 omnia
3165 1842 3303 1898 quas
3354 1842 3392 1885 a
3416 1827 3533 1883 da:-

150 1915 337 1974 θέντα,
384 1914 523 1983 παρά
575 1931 627 1963 τε
674 1920 772 1963 τῶν
832 1909 1111 1983 δαιμόνων,
1159 1915 1249 1963 καὶ
1304 1914 1445 1977 παρὰ
1496 1916 1587 1961 τοῦ
1643 1918 1773 1985 Χρι-

150 2009 267 2056 τοῦ,
301 2007 392 2051 καὶ
417 2004 485 2051 τὰ
508 2008 600 2059 τῆς
633 1998 888 2060 ἀπωλείας
917 2008 1016 2051 τῶν
1042 2004 1258 2072 χοίρων.

226 2094 337 2141 Καὶ
392 2091 461 2139 τὰ
533 2119 604 2129 -
675 2085 1137 2160 δαιμονιζομένων.
1208 2090 1285 2141 Τὰ
1341 2096 1434 2150 τῆς
1487 2087 1768 2159 μεταϐολῆς

150 2183 241 2228 καὶ
266 2178 565 2249 εὐκοσμίας
598 2177 786 2231 αὐτῶν.

225 2272 335 2318 Καὶ
379 2264 503 2317 ἰδοὺ
575 2297 641 2305 -
705 2266 908 2322 Ἰησοῦ.
957 2264 1187 2340 Ἦρχετο
1239 2268 1340 2339 γὰρ
1405 2264 1610 2338 [αὐτὸς
1657 2268 1766 2338 (82)

155 2356 240 2407 ἐπι
272 2360 374 2413 τὴν
436 2354 629 2425 nolis].
680 2361 838 2407 Πᾶσα
888 2352 946 2407 δὲ
985 2356 1014 2412 ἡ
1058 2355 1224 2426 πόλις,
1279 2354 1391 2407 ἀντὶ
1422 2363 1535 2423 τοῦ,
1585 2358 1771 2416 πάντες

155 2448 197 2496 οἱ
230 2444 453 2496 πολῖται
496 2444 630 2513 (83).

230 2538 337 2587 Καὶ
398 2564 470 2574 -
524 2533 713 2586 αὐτῶν.
769 2534 1094 2594 Λυπηθέντες
1146 2536 1259 2605 μὲν,
1300 2536 1364 2593 ὡς
1420 2541 1643 2606 εῐρηται,
1683 2539 1772 2586 καὶ

161 2620 255 2675 διὰ
305 2630 403 2679 τὴν
458 2620 715 2673 ἀπώλειαν
771 2630 870 2672 τῶν
928 2627 1144 2695 χοίρων,
1181 2624 1251 2673 ἔτι
1301 2618 1360 2673 δὲ
1410 2628 1498 2674 καὶ
1530 2622 1773 2693 φοϐηθέν-

159 2732 262 2776 τες,
346 2715 411 2772 ὡς
459 2712 485 2763 ὁ
548 2717 757 2772 Λουκᾶς
833 2709 985 2763 εἶπεν·
1058 2708 1413 2763 ἐδεδοίκεισαν
1467 2715 1591 2785 γὰρ,
1648 2717 1773 2783 μήτι

158 2806 321 2851 κακον
421 2805 513 2853 καὶ
600 2801 667 2859 εἰς
743 2800 928 2859 αὐτοὺς
984 2800 1031 2851 οἱ
1110 2796 1353 2872 δαίμονες
1452 2799 1774 2861 ἐκϐληθέντες

163 2887 463 2960 δράσουσιν.
498 2888 557 2941 Ὀ
600 2885 658 2940 δὲ
720 2892 951 2961 Χριστὸς
1002 2888 1153 2949 εὐθὺς
1208 2890 1522 2946 ὑπήκουσεν.
1558 2889 1633 2941 Οὐ
1671 2893 1773 2963 γὰρ

162 2976 301 3035 ἦσαν
358 2979 499 3040 οἰξιοι
555 2985 647 3037 τῆς
706 2977 863 3029 αὑτοῦ
940 2973 1312 3039 διδασκαλίας,
1389 2976 1531 3049 Ἀμα
1580 2974 1638 3030 δὲ
1685 2983 1774 3029 καὶ

162 3067 434 3118 κατέλιπεν
505 3067 679 3126 αὐτοῖς
764 3062 1123 3128 διδασκάλους
1201 3070 1321 3127 τοὺς
1395 3066 1774 3138 ἀπαλλαγέντας

163 3165 259 3206 τῶν
290 3153 560 3227 δαιμόνων
593 3160 682 3207 καὶ
712 3159 832 3217 τοὺς
864 3155 1097 3215 σνϐὼτας
1124 3156 1259 3225 (84).

235 3251 342 3297 Καὶ
397 3276 467 3285 -—-
516 3245 582 3304 εἰς
633 3250 727 3301 τὴν
788 3241 928 3297 ἰδίαν
978 3244 1144 3299 πόλιν.
1214 3241 1379 3297 ’ἰδίαν
1427 3244 1575 3296 πόλιν
1616 3245 1774 3298 αὐτοῦ

162 3340 254 3390 τὶν
321 3335 676 3405 Καπερναονμ
752 3332 907 3404 λέγει.
975 3338 1073 3385 Καὶ
1144 3335 1246 3407 γὰρ
1312 3335 1342 3390 ἡ
1400 3336 1490 3406 μὲν
1549 3336 1775 3406 Βηθλεὲμ

164 3426 373 3492 ἔνεγκε-ι
403 3422 579 3473 αὐτόν·
616 3425 643 3481 ἡ
702 3418 759 3474 δὲ
814 3425 1051 3495 Ναζαρὲτ
1104 3421 1336 3496 ἔθρεψεν·
1378 3424 1408 3480 ἡ
1467 3419 1526 3475 δὲ
1568 3429 1775 3495 Καπερ-

160 3532 332 3583 ναουμ
360 3519 504 3582 εἶχεν
537 3510 609 3571 εἰς
641 3514 698 3563 τὸ
729 3511 841 3574 ἑξῆς
876 3510 1133 3563 οἰκοῦντα.

490 3606 641 3655 ΚΕΦ.
684 3600 779 3651 II".
817 3605 938 3674 Περὶ
964 3607 1057 3652 τοῦ
1085 3599 1453 3673 παραλυτικοῦ.

236 3694 343 3742 Καὶ
400 3686 523 3741 ἰδοὺ
568 3720 638 3729 —
716 3687 1053 3761 βεϐλημένον,

160 3778 372 3851 Ἐἔρπίς
427 3780 550 3835 τίθη
563 3796 618 3829 σι
690 3782 883 3852 γραφὴ,

1139 3692 1209 3741 Τὸ
1275 3686 1389 3741 ἰδοὺ
1460 3697 1692 3760 συνεχῶς
1745 3692 1773 3747 ἠ

965 3782 1028 3837 ὡς
1113 3774 1329 3849 ἰδίωμα,
1405 3780 1635 3851 καθάπερ
1689 3783 1778 3829 καὶ

646 3872 905 3939 Προσηκει
976 3863 1034 3919 δὲ
1084 3867 1261 3933 εἰπεῖν,
1320 3868 1399 3918 ὅτι
1454 3868 1565 3938 (85)
1615 3869 1779 3940 ἕτερός

166 3954 312 4006 ἐστιν
366 3958 392 4007 ὁ
450 3954 805 4027 παραλυτικὸς
859 3956 1007 4017 οὗτος
1060 3958 1203 4027 παρὰ
1254 3959 1341 4007 τὸν
1389 3956 1489 4007 ὑπό
1542 3957 1778 4009 Ἰωάννου

724 4044 943 4106 Ἐκεῖνος
1011 4047 1100 4117 μὲν
1162 4046 1261 4118 γὰρ
1316 4043 1364 4096 ἄν
1416 4051 1478 4116 τῇ
1539 4040 1783 4102 Βηθισδά

553 4133 700 4195 οὗτος
761 4130 819 4186 δε
890 4133 939 4185 ἐν
1005 4140 1066 4205 τῇ
1130 4137 1473 4207 Καπερναούμ
1524 4129 1605 4191 ἧν.
1682 4138 1782 4185 Καὶ

164 4226 190 4273 ὁ
245 4222 343 4294 μὶν
411 4224 697 4294 τριάκοντα
736 4227 825 4274 καὶ
886 4222 1018 4275 ὀκτὼ
1077 4219 1215 4294 εἶχεν
1278 4224 1386 4279 Enr
1432 4227 1550 4295 περὶ
1594 4225 1782 4274 τούτου

164 3867 333 3918 πολλὰ
385 3869 498 3938 ἔτερ
508 3887 558 3921 α.

163 4050 640 4116 μνημονευόμενον,

163 4138 463 4185 κατέκειτο·

166 4308 227 4363 ἴε
278 4310 437 4364 οὐδὲν
492 4318 722 4363 τοιοῦτον
800 4314 1094 4383 ἱστόρηται.
1153 4315 1255 4364 Καὶ
1300 4312 1324 4362 ὁ
1376 4310 1465 4383 μέν
1501 4311 1591 4363 οὐκ
1644 4309 1783 4383 εἶχεν

569 4399 718 4459 οὗτος
782 4396 840 4452 δί
912 4397 1024 4471 εἶχε
1079 4402 1199 4461 τοὺς
1247 4398 1629 4471 βαστάζοντας.
1684 4404 1784 4452 Καὶ

166 4494 340 4561 τούτῳ
410 4493 507 4562 μέν
595 4508 660 4561 γη
671 4506 768 4541 σιν·

386 4582 570 4649 iactiqu
654 4573 732 4645 δὲ,

166 4403 449 4472 ἄνθρωπον
465 4415 478 4427 ’

862 4488 1139 4561 ’Δφέωνταί
1220 4506 1304 4540 σοι
1386 4491 1440 4539 αἱ
1529 4487 1784 4563 ἁμαρτίαι

820 4577 990 4638 Θέλεις
1055 4578 1212 4649 ὑγιὴς
1296 4579 1599 4647 gauderem;
1684 4583 1785 4630 Καὶ

170 4673 257 4720 τὴν
308 4672 403 4741 μὶν
467 4666 517 4719 ἐν
583 4664 823 4738 Σαϐϐάτῳ
879 4668 1237 4739 τεθεράπενκε,
1299 4663 1384 4719 διὸ
1427 4670 1516 4718 καὶ
1569 4666 1787 4737 ἐγόγγυ-

178 4760 261 4818 ζον
319 4752 605 4812 Ἰουδαῖον
662 4763 840 4809 τοῦτον
911 4752 970 4808 δὲ
1013 4756 1127 4808 κατ’
1182 4754 1340 4813 ἄλλην
1414 4757 1633 4829 ἡμέραν,
1700 4751 1786 4807 διὸ

170 4598 289 4631 σου·

178 4854 263 4902 καὶ
293 4848 455 4919 Ξσὶγη
465 4865 588 4903 σαν.

248 4976 295 5010 εδ
328 4974 510 5029 Marc.
546 4987 601 5042 v,
636 4973 715 5027 13.
824 4972 867 5005 ⁸⁷
900 4968 1038 5025 Luc.
1073 4985 1193 5035 Vill,
1216 4969 1305 5026 33.

1384 4970 1431 5005 ⁵³
1462 4969 1634 5024 Joan.
1675 4984 1724 5035 ν,
1756 4968 1808 5024 5.

1881 1914 2163 1970 monibus
2202 1918 2259 1969 et
2313 1930 2349 1969 a
2397 1914 2624 1971 Christo
2675 1914 2835 1972 dicta
2884 1915 3138 1986 fuerant,
3169 1930 3239 1972 ac
3289 1915 3365 1973 de
3404 1930 3534 1988 per-

1878 2002 2102 2059 ditione
2130 2018 2465 2075 porcorum.

1948 2091 2109 2146 Vers.
2137 2092 2224 2146 33.
2252 2092 2332 2146 Et
2351 2106 2479 2162 qua:
2502 2121 2565 2132 —
2586 2091 2980 2149 demoniac-is.
3006 2092 3088 2148 De
3116 2091 3532 2149 immutatione

1879 2185 1935 2237 et
1961 2180 2217 2237 honesta
2245 2180 2543 2238 modestia
2572 2180 2866 2253 ipsorum.

1950 2272 2111 2326 Vers.
2145 2270 2233 2325 34.
2272 2270 2351 2325 Et
2379 2284 2511 2327 ecce
2560 2300 2627 2311 —
2674 2270 2830 2327 Jesu.
2883 2270 3169 2327 Veniebat
3198 2270 3360 2326 enim
3405 2271 3535 2343 ipse

1880 2358 1958 2414 ad
1989 2358 2307 2416 civitatem.
2339 2360 2425 2429 -Η-
2466 2358 2668 2415 Omnis
2696 2364 2897 2416 autem
2937 2360 3141 2416 civitas
3180 2374 3291 2432 pro
3320 2374 3532 2416 omnes

1880 2463 2056 2504 οινθε.

1956 2539 2091 2592 Vers
2130 2537 2217 2593 34.
2264 2538 2342 2593 Et
2395 2568 2464 2577 —
2508 2539 2791 2607 ipsorum.
2847 2537 3140 2608 Dolentes,
3194 2542 3260 2594 ut
3309 2538 3537 2595 dictum

1883 2631 1988 2691 est,
2054 2626 2127 2680 de
2179 2626 2509 2697 perditione
2568 2642 2906 2697 porcorum,
2964 2643 3035 2683 ac
3093 2628 3273 2683 etiam
3338 2626 3541 2691 territi,

1883 2718 1949 2769 ut
1973 2714 2119 2769 dixit
2143 2715 2380 2770 Lucas“
2416 2732 2428 2779 ;
2453 2715 2745 2770 timebant
2765 2715 2927 2771 enim
2952 2732 3025 2771 ne
3053 2716 3195 2771 mali
3228 2716 3542 2788 quidpiam

1884 2803 2051 2873 ejecti
2117 2803 2425 2859 daemones
2493 2802 2674 2858 etiam
2750 2805 2811 2858 in
2882 2805 3046 2876 ipsos
3118 2808 3541 2876 perpetrarent.

1886 2892 2151 2948 Christus
2190 2898 2390 2947 autem
2427 2892 2627 2947 statim
2666 2892 2859 2963 paruit
2896 2910 2910 2958 ;
2953 2908 3148 2965 neque
3188 2893 3348 2947 enim
3379 2892 3546 2961 digni

1884 2983 2053 3036 erant
2113 2980 2381 3034 doctrina
2445 2979 2652 3049 ipsius.
2722 2981 3083 3051 Quanquam
3144 2984 3546 3051 praeceptores

1883 3084 2124 3140 quoque
2146 3068 2229 3123 eis
2252 3068 2510 3138 reliquit,
2532 3067 2663 3122 illos
2685 3066 2954 3122 videlicet
2974 3067 3077 3139 qui
3108 3084 3143 3123 a
3169 3068 3544 3123 daemonibus

1885 3157 2106 3213 liberati
2135 3156 2387 3220 fuerant,
2416 3160 2470 3212 et
2500 3156 2597 3226 qui
2628 3171 2847 3227 porcos
2879 3161 3196 3228 paverant.

1956 3245 2119 3302 CAP.
2166 3246 2262 3299 IX.
2314 3262 2369 3299 v.
2406 3246 2457 3298 1.
2486 3246 2561 3299 Et
2596 3276 2662 3284 —
2698 3244 2759 3299 in
2798 3246 3091 3301 civitatem
3122 3260 3308 3300 suam.
3340 3244 3544 3300 Civita-

1884 3340 2006 3391 tem
2046 3350 2217 3389 suam
2261 3333 2401 3388 dicit
2446 3333 2843 3404 Capernaum.
2896 3333 3203 3405 Siquidem
3250 3332 3547 3389 Bethleem

1885 3424 2083 3495 ipsum
2116 3422 2357 3494 protulit
2388 3442 2397 3485 ;
2434 3422 2935 3492 Nazarethipsum
2970 3422 3251 3477 enutrivit
3280 3438 3294 3486 ;
3338 3423 3547 3491 Caper-

1885 3528 2072 3569 naum
2104 3512 2386 3582 deinceps
2418 3510 2677 3566 incolam
2709 3511 2941 3567 habuit.

2309 3600 2462 3654 CAP.
2497 3601 2629 3655 Xlll.
2671 3602 2756 3655 De
2783 3601 3129 3670 paralytico

1958 3691 2124 3745 Vers.
2172 3693 2229 3743 2.
2286 3688 2365 3743 Et
2415 3703 2538 3743 ecce
2589 3719 2655 3731 ——
2702 3688 3157 3744 decumbentem.
3199 3687 3544 3755 Dictionem,

1888 3790 2028 3831 ecce.
2087 3773 2393 3844 Scriptura
2459 3772 2749 3829 Hebraica
2787 3772 3128 3845 frequenter
3176 3774 3360 3845 ponit,
3424 3777 3552 3828 tan-

1888 3880 2073 3937 quam
2119 3863 2333 3931 linguce
2369 3861 2616 3927 idioma,
2666 3862 2815 3916 sicut
2846 3867 2902 3917 et
2942 3861 3056 3917 alia
3093 3862 3304 3917 multa.
3348 3860 3553 3917 Dicen-

1888 3954 2037 4009 dum
2064 3957 2149 4006 est
2170 3955 2363 4005 autem
2393 3950 2571 4005 alium
2596 3965 2725 4005 esse
2750 3950 2909 4005 hunc
2942 3949 3339 4021 paralyticum
3372 3950 3446 4005 ab
3478 3966 3551 4007 eo

1890 4043 2062 4114 cujus
2102 4040 2372 4095 meminit
2412 4040 2745 4094 Joannes”.
2788 4042 2936 4093 Nam
2990 4039 3085 4093 ille
3130 4038 3211 4094 ad
3256 4038 3554 4097 Bethesda

1891 4129 2311 4193 decumbebat,
2335 4128 2429 4183 hic
2456 4131 2653 4183 autem
2681 4126 3077 4197 Capernaum,
3101 4133 3159 4182 et
3188 4127 3281 4183 ille
3300 4128 3550 4198 quidem

1892 4221 2131 4289 triginta
2162 4224 2217 4273 et
2252 4220 2387 4272 octo
2429 4232 2621 4272 annos
2662 4216 2874 4271 morbo
2920 4215 3229 4270 tenebatur
3269 4232 3284 4281 ;
3316 4214 3392 4270 de
3438 4214 3550 4271 hoc

1890 4324 2029 4363 vero
2081 4305 2226 4361 nihil
2283 4304 2399 4360 tale
2442 4304 2726 4375 scriptum
2777 4308 2886 4359 est.
2934 4304 3221 4358 Praeterea
3276 4302 3375 4357 ille
3428 4318 3551 4358 non

1892 4394 2149 4451 habebat
2196 4393 2518 4455 hominem,
2562 4392 2657 4445 hic
2704 4396 2901 4446 autem
2944 4390 3185 4460 bajulos
3239 4387 3498 4444 habebat
3537 4406 3551 4456 ;

1894 4484 2031 4539 huic
2057 4496 2295 4554 quoque
2339 4482 2423 4536 ait
2467 4498 2479 4538 :
2524 4480 2782 4535 Remissa
2826 4484 2963 4535 sunt
3004 4478 3110 4534 tibi
3134 4484 3372 4548 peccata
3404 4482 3547 4543 tua;

1895 4572 1976 4627 illi
2005 4586 2144 4627 vero
2176 4586 2192 4624 :
2235 4569 2328 4627 Vis
2354 4584 2535 4625 sanus
2563 4568 2747 4636 ﬁeri“
2787 4566 2905 4624 ?Ad
2930 4567 3059 4622 haec
3088 4566 3253 4622 illum
3288 4565 3552 4623 Sabbato

1896 4660 2145 4730 curavit,
2184 4658 2347 4714 unde
2389 4657 2569 4713 etiam
2616 4655 3082 4712 murmurabant
3114 4654 3300 4711 Judaei
3336 4670 3349 4722 ;
3391 4653 3554 4711 hunc

1899 4755 2101 4810 autem
2127 4748 2243 4805 alio
2270 4747 2384 4814 die,
2417 4745 2673 4818 ideoque
2702 4749 3032 4803 tacuerunt.

1890 4969 1935 5002 ⁸³
1964 4964 2111 5021 ibid.
2142 4969 2192 5019 6.

1385 5120 1611 5190 Variae
1641 5119 1971 5187 lectiones
2005 5126 2071 5183 et
2101 5124 2306 5183 notae.

256 5273 358 5343 (82)
396 5270 634 5331 Inclusa
665 5266 985 5343 omittit

256 5274 335 5343 (82
396 5274 634 5331 Inclusa
665 5274 894 5326 omittit
916 5274 985 5321 A.

252 5274 358 5422 (83;
390 5349 493 5405 Hic
541 5344 746 5422 addit,
801 5338 981 5422 καιηο.
1016 5336 1173 5422 αυτὸς
1223 5333 1306 5418 ini
1362 5337 1457 5394 τὴν
1517 5334 1683 5397 πόλιν,
1726 5337 1791 5389 Α.

194 5424 222 5477 Δ
246 5407 373 5479 ἐξέτι
387 5422 469 5483 ad
500 5418 732 5477 πολῖται
767 5410 989 5483 omittit
1019 5407 1340 5483 lientenius

501 5475 706 5554 enim
771 5480 953 5538 novis
1004 5479 1172 5551 digni
1227 5481 1398 5537 erant
1474 5475 1793 5548 theologica

1902 5257 2273 5316 doctoribus.

1974 5331 2086 5401 (85)
2139 5329 2219 5385 De
2267 5322 2495 5401 eodem,
2516 5325 2787 5401 disputat
2842 5327 3141 5399 Chrysost.
3212 5328 3366 5385 tom.
3410 5323 3560 5401 Vill,

1903 5400 2100 5475 p.342
2133 5401 2211 5469 B;
2244 5416 2305 5473 p.
2333 5404 2429 5457 2U
2466 5400 2573 5457 ﬁn.

200 5676 312 5767 (ππ)
345 5664 597 5753 Quibus
629 5655 962 5712 sermone.
1003 5639 1076 5700 lis
1105 5637 1393 5700 nimirum
1416 5636 1521 5714 qui
1544 5636 1773 5695 ratione
1801 5633 2208 5711 corriguntur.
