4098 6386
628 347 732 401 303

630 559 837 615 dicunt
876 560 1103 615 Marcus
1147 564 1202 615 et
1241 560 1502 629 Lucas”,
1549 577 1681 616 cum
1723 561 1951 631 ingredi
1989 576 2110 616 non
2149 576 2286 632 pos-

632 652 783 719 sent,
818 652 1056 721 propter
1104 664 1311 704 eorum
1344 648 1789 705 multitudinem
1820 649 1919 721 qui
1945 648 2285 720 congregati

631 742 820 803 erant,
852 737 1253 792 ascenderunt
1290 737 1351 793 in
1383 742 1603 793 tectum
1635 738 1854 793 domus
1885 738 1942 792 in
1972 754 2091 809 qua
2116 738 2284 793 doce-

628 826 733 883 bat
785 828 952 882 Jesus
1010 843 1024 882 :
1091 842 1281 899 eoque
1339 826 1631 899 perfosso,
1693 843 1798 899 per
1850 828 2048 899 ipsum
2101 826 2287 882 demi-

630 919 833 970 serunt
867 915 1187 985 grabatum
1222 916 1281 970 in
1310 931 1431 987 quo
1457 916 1690 986 jacebat
1722 916 2105 987 paralyticus.
2146 917 2284 980 Quae

630 1003 837 1060 omnia
884 1019 1117 1075 magna:
1156 1004 1295 1059 ﬁdei
1331 1010 1499 1059 erant
1544 1021 1555 1059 :
1598 1004 1725 1059 haec
1764 1020 2027 1075 namque
2056 1003 2168 1059 illis
2210 1020 2284 1059 ne

630 1092 1023 1163 desperarent,
1042 1093 1356 1166 persuasit,
1396 1097 1577 1165 utque
1608 1093 1809 1149 omnia
1840 1097 1895 1149 et
1923 1093 2200 1156 facerent,
2230 1097 2285 1149 et

629 1184 991 1253 paterentur,
1023 1197 1142 1253 quo
1182 1180 1380 1253 ipsum
1410 1181 1754 1252 conspectui
1789 1180 2107 1237 Salvatoris
2139 1196 2286 1252 prte-

630 1274 945 1335 sentarent,
991 1269 1300 1325 credentes
1340 1270 1625 1325 continuo
1663 1268 1831 1324 illum
1872 1274 2285 1325 assecuturum

630 1372 762 1413 esse
801 1358 1135 1415 sanitatem.
1179 1357 1403 1424 Fidem,
1434 1357 1647 1430 inquit,
1691 1373 1897 1413 eorum
1934 1374 2053 1413 non
2088 1358 2284 1414 solum

629 1444 1087 1510 demittentium,
1117 1445 1222 1501 sed
1251 1445 1380 1516 ejus
1411 1461 1653 1517 quoque
1683 1444 1788 1517 qui
1820 1445 2117 1501 demissus
2140 1452 2281 1503 erat.

631 1537 833 1606 Neque
873 1534 1031 1599 enim
1068 1549 1130 1589 se
1169 1534 1397 1590 demitti
1444 1535 1848 1599 sustinuisset,
1878 1535 1991 1590 nisi
2034 1535 2284 1591 salutem

633 1624 923 1696 consequi
966 1628 1284 1696 sperasset.
1326 1624 1576 1680 Intuitus
1620 1628 1820 1679 autem
1859 1626 2025 1679 Jesus
2059 1629 2285 1682 tantam

631 1712 871 1769 illorum
917 1712 1121 1779 ﬁdem,
1160 1714 1401 1785 primun
1435 1713 1681 1785 quidem
1724 1713 2009 1785 languido
2040 1722 2287 1786 peccata

1940 346 2285 403 EUTHYMII
2337 345 2689 403 ZAGABENI
3889 344 3982 404 304

700 470 861 527 Vers.
918 472 969 524 2.
1044 470 1295 526 Intuitus
1364 503 1432 510 —
1476 477 1712 539 peccata
1757 477 1883 528 tua.
1926 472 2081 528 Sicut
2124 473 2283 528 enim
2318 474 2362 528 Α

2471 478 2570 525 Καὶ
2604 470 2728 524 ἰδὼν
2779 504 2845 511 -
2884 474 2936 523 αἱ
2968 472 3221 544 ἁμαρτίαι
3276 490 3391 527 σου.
3442 470 3530 533 Ὠς
3576 472 3677 544 γὰρ
3722 472 3745 522 6
3794 470 3980 544 Μάρκος

2396 566 2485 613 καὶ
2538 563 2562 612 6
2609 568 2816 623 Λουκᾶς
2868 560 3028 624 εἷπον,
3101 566 3171 632 μη
3236 558 3511 632 δυνάμενοι
3580 559 3836 631 εἰσελθεῖν,
3900 558 3981 613 δια

2396 652 2453 700 τό
2512 649 2706 711 πλῆθος
2762 659 2860 701 τῶν
2913 650 3269 721 συλλεγέντων,
3332 648 3547 707 ἀνῆλθον
3601 647 3684 700 ἐπὶ
3741 654 3831 705 τὴν
3881 655 3981 702 στέ-

2394 758 2489 809 γην
2548 748 2636 799 τῆς
2707 740 2890 803 οἰκίας,
2948 742 2994 791 ἐν
3161 735 3442 790 ἐδίδασκεν
3520 739 3545 789 6
3605 738 3829 804 Ἰησοῦς,
3902 746 3978 790 καὶ

2397 827 2729 901 ἀνορύξαντες
2780 828 2962 895 αὐτὴν,
3020 828 3287 899 ἐχάλασαν
3345 824 3416 879 δι’
3482 827 3636 887 αὐτῆς
3687 830 3771 878 τόν
3827 826 3978 901 κράϐ-

2397 915 2570 984 ϐατον,
2654 915 2728 986 ἐφ’
2926 922 3189 969 κατέκειτο
3272 918 3296 967 ό
3360 915 3651 989 παράλυτος
3730 915 3763 966 ἃ
3830 918 3979 967 πάντα

2394 1005 2624 1077 μεγάλης
2672 1010 2894 1066 πίστεως
2969 1002 3122 1070 ἦσαν,
3181 1008 3292 1065 ἧτίς
3382 1007 3578 1056 ἔπεισεν
3654 1003 3859 1068 αύτούς,
3914 1009 3975 1076 μὴ

2396 1093 2711 1165 ἀπογνῶναι,
2764 1091 2894 1165 μηδ’
2962 1093 3311 1167 ὑποστρέψαι,
3378 1091 3504 1144 ἀλλὰ
3555 1094 3723 1145 πάντα
3774 1100 3980 1151 ποιῆσαι

2394 1187 2482 1234 καὶ
2540 1184 2741 1249 παθεῖν,
2796 1184 2921 1255 ὑπὲρ
2988 1190 3078 1234 τού
3141 1181 3351 1253 ἀγαγεῖν
3406 1182 3561 1233 αὐτόν
3616 1181 3687 1243 εἰς
3736 1181 3852 1251 ὄψιν
3901 1190 3980 1234 τοῦ

2397 1279 2648 1344 Σωτῆρος,

2728 1274 3092 1337 πιστεύοντας,
3171 1273 3249 1323 ὅτι
3316 1270 3507 1322 αὐτίκα
3598 1270 3830 1332 τεύξεται
3899 1278 3980 1331 τῆς

2398 1360 2605 1419 ἰάσεως.
2682 1364 2868 1412 Πίστιν
2937 1358 2995 1412 δὲ
3066 1360 3233 1412 αὐτῶν
3315 1379 3493 1431 φησιν,
3557 1358 3615 1410 ού
3672 1363 3824 1431 μόνον
3896 1368 3981 1410 τῶν

2395 1448 2762 1521 χαλασάντων,
2823 1447 2951 1500 ἀλλὰ
2998 1453 3086 1501 καὶ
3140 1456 3232 1501 τοῦ
3283 1447 3657 1519 χαλασθέντος·
3709 1448 3768 1500 ού
3812 1450 3905 1520 γὰρ
3932 1446 3982 1499 ἂν

2396 1540 2649 1608 ἠνέσχετο
2708 1536 3066 1608 χαλασθῆναι,

2396 1624 2545 1679 Ἰδὼν
2632 1623 2691 1679 δὲ
2783 1628 2807 1677 6

2397 1714 2585 1781 αύτῶν,

3155 1537 3197 1589 εἰ
3276 1542 3347 1609 μὴ
3428 1538 3637 1594 ιαθῆναι
3713 1535 3980 1589 ἐπίστευεν.

2901 1629 3135 1701 Χριστός
3237 1630 3329 1683 τὴν
3403 1625 3723 1683 τηλικαύτην
3820 1630 3984 1677 πίστιν

2697 1724 2902 1789 πρῶτον
2975 1718 3066 1787 μὲν
3164 1714 3352 1787 ἀφίησι
3426 1723 3498 1783 τῷ
3573 1722 3812 1766 νοσοῦντι
3908 1717 3983 1774 τὰς

629 1803 885 1872 remittit,
923 1802 1140 1859 deinde
1175 1818 1311 1859 vero
1342 1818 1561 1874 corpus
1594 1808 1772 1859 sanat
1804 1819 1815 1857 :
1853 1802 2033 1858 simul
2062 1803 2285 1859 docens

2397 1803 2652 1877 ἁμαρτίας
2694 1804 2881 1855 αύτού*
2930 1806 3059 1875 μετά
3103 1811 3253 1855 τοῦτο
3313 1800 3372 1855 δὲ
3414 1806 3679 1875 θεραπεύει
3732 1808 3791 1854 τό
3827 1812 3980 1874 σῶμα*

628 1891 922 1965 plurimos
954 1891 1199 1948 morbos
1227 1908 1257 1947 e
1287 1892 1545 1963 peccatis
1571 1892 1793 1957 oriri,et
1824 1892 1991 1964 prius
2020 1897 2285 1964 oportere

633 1997 879 2037 causam
923 1997 1155 2051 curare,
1202 1981 1361 2036 unde
1406 1980 1587 2036 etiam
1639 1981 1987 2053 paralytico,
2046 1982 2120 2037 de
2162 1996 2285 2053 quo

632 2070 833 2125 scribit
868 2072 1149 2136 Joannes,
1192 2070 1338 2125 dixit
1388 2086 1405 2127 :
1436 2070 1589 2125 Ecce
1627 2085 1801 2124 sanus
1825 2071 2025 2139 factus
2055 2086 2131 2135 es,
2165 2086 2285 2124 non

637 2172 844 2227 pecces
889 2159 1182 2228 deinceps,
1214 2174 1283 2214 ne
1306 2158 1451 2229 quid
1476 2158 1730 2214 deterius
1759 2159 1859 2213 tibi
1887 2161 2181 2231 contingat
2214 2161 2282 2226 τι,

634 2247 815 2303 simul
839 2262 1082 2320 quoque
1114 2248 1302 2303 Deum
1331 2263 1395 2302 se
1421 2263 1548 2303 esse
1579 2248 1921 2305 ostendens.
1954 2251 2285 2319 Corporeas

632 2334 933 2407 siquidem
995 2352 1203 2391 curare
1263 2334 1635 2391 inﬁrmitates
1696 2335 1872 2391 etiam
1940 2341 2286 2392 sanctorum

629 2427 718 2478 est
749 2438 761 2489 ;
794 2428 1040 2494 peccata
1064 2439 1202 2479 vero
1229 2423 1542 2488 remittere,
1571 2422 1756 2480 solius
1782 2423 1909 2480 Dei.
1938 2425 2075 2481 Ideo
2106 2425 2285 2481 etiam

632 2511 841 2568 Scriba:
873 2512 1263 2569 turtabantur.

701 2691 842 2745 Vers
857 2731 869 2744 .
899 2690 950 2745 3.
974 2690 1131 2746 Et—
1147 2690 1523 2761 btasphemat.
1544 2689 1779 2746 Marcus
1802 2691 2179 2749 manifestius
2201 2693 2286 2748 di-

629 2777 739 2833 xit:
758 2779 1189 2849 Erantquidam
1210 2779 1563 2836 Scribarum
1589 2779 1673 2834 ibi
1685 2780 1938 2837 sedentes
1956 2788 2009 2837 et
2024 2782 2287 2852 cogitan-

631 2872 712 2923 tes
724 2868 785 2921 in
797 2866 1068 2923 cordibus
1081 2868 1229 2923 suis:
1246 2868 1396 2933 Quid
1410 2868 1504 2925 hic
1514 2870 1597 2923 ita
1612 2870 1865 2940 loquitur
1878 2870 2290 2941 btasphemias?

630 2955 737 3023 Qui
757 2962 943 3025 potest
970 2958 1264 3013 remittere
1284 2963 1515 3027 peccata
1534 2963 1754 3026 praeter
1774 2974 1954 3014 unum
1979 2961 2047 3025 ⁷³,
2070 2976 2287 3032 nempe

628 3042 813 3099 Deum
828 3044 939 3116 (oo)
953 3045 1453 3102 ?0ﬂendebantur
1465 3054 1662 3102 autem
1680 3062 1801 3118 prae
1814 3047 2032 3104 invidia
2050 3056 2104 3103 et
2119 3050 2288 3104 mali-

2397 1893 2507 1965 ἇμα
2558 1895 2647 1963 μὲν
2679 1889 2973 1958 διδάσκων,
3024 1894 3102 1945 ὅτι
3142 1895 3206 1944 τὰ
3254 1891 3416 1944 πολλά
3460 1901 3557 1943 τῶν
3599 1894 3905 1964 νοσημάτων
3942 1892 3985 1953 ἐξ

2398 1981 2662 2055 ἁμαρτιῶν
2715 1984 2948 2051 φύονται,
3028 1986 3117 2033 καὶ
3199 1985 3308 2054 χρὴ
3394 1989 3594 2055 πρῶτον
3681 1981 3888 2039 ἰαθῆναι
3937 1983 3984 2032 τό

2398 2074 2581 2121 αἴτιον·
2633 2075 2721 2121 καὶ
2775 2072 2876 2143 γάρ
2934 2073 3063 2143 πρὸς
3119 2073 3205 2121 τόν
3261 2072 3403 2142 παρά
3447 2070 3518 2139 τῷ
3579 2070 3787 2141 Ἰωάννη
3839 2089 3984 2141 παρα-

2707 2162 2926 2233 εἶρηκεν·
3031 2155 3142 2211 Ἴδε
3245 2159 3399 2229 ύγιὴς
3500 2162 3734 2230 γέγονας,

2399 2246 2679 2320 ἁμάρτανε,
2738 2250 2822 2298 ἵνα
2878 2251 2949 2318 μὴ
3001 2252 3181 2320 χεῖρόν
3246 2251 3296 2298 τί
3338 2266 3423 2299 σοι
3486 2246 3717 2317 γένηται·
3777 2247 3885 2319 ἅμα
3937 2243 3986 2299 δὲ

2400 2332 2666 2402 δεικνύων,
2727 2337 2807 2387 ὅτι
2842 2340 2965 2395 Θεὸς
3019 2336 3147 2389 ἐστι.
3196 2339 3266 2387 Τὸ
3310 2339 3399 2407 μὲν
3452 2338 3551 2410 γὰρ
3609 2335 3789 2387 ἰᾶσθαι
3826 2355 3988 2407 σωμα-

2397 2158 2603 2210 λντικόν
2707 2162 2926 2230 εἴρηκεν·
3031 2158 3142 2211 Ἴδε
3245 2159 3399 2229 ύγιὴς
3500 2162 3734 2230 γέγονας,
3818 2162 3985 2230 μηκέτι

2396 2428 2546 2487 τικάς
2596 2430 2778 2485 νόσους
2847 2427 3081 2475 καὶτῶν
3162 2424 3322 2495 ἁγίων
3400 2420 3479 2482 ἦν’
3536 2427 3595 2475 τό
3676 2421 3734 2475 δὲ
3804 2422 3987 2495 ἀφιέναι

2398 2513 2673 2587 ἁμαρτίας,
2724 2517 2883 2585 μόνον
2949 2520 3102 2565 Θεοῦ·
3155 2508 3240 2565 διὸ
3287 2517 3375 2564 καὶ
3432 2514 3479 2564 οἱ
3530 2518 3861 2587 Γραμματεῐς
3888 2511 3985 2565 ἐθο-

2395 2601 2723 2675 ρυϐήθησαν.

2470 2696 2571 2744 Καὶ
2627 2722 2695 2731 -
2752 2688 3072 2763 βλασφημεῖ.
3142 2688 3201 2742 Ὀ
3246 2686 3306 2741 δὲ
3371 2690 3587 2762 Μάρκος
3653 2696 3983 2762 φανερώτερον

2399 2777 2553 2845 εἶπεν,
2608 2780 2689 2830 ὃτι
2744 2783 2834 2830 καὶ
2917 2779 3060 2830 Ησάν
3109 2796 3242 2839 τινες
3312 2785 3412 2829 τῶν
3476 2783 3827 2850 Γραμματέων
3900 2778 3989 2829 ἐκεῖ

2398 2871 2695 2941 καθήμενοι,
2773 2870 2860 2918 καὶ
2938 2864 3359 2938 διαλογιζόμενοι
3429 2866 3478 2917 ἐν
3552 2874 3665 2927 ταῖς
3760 2861 3988 2937 καρδίαις

2400 2958 2588 3009 αὐτῶν·
2656 2960 2719 3008 Τί
2771 2956 2921 3017 οὗτος
3008 2956 3142 3007 ούτω
3217 2954 3359 3007 λαλεῖ
3426 2954 3770 3027 βλασφημίας
3825 2971 3838 3021 ;
3911 2958 3988 3013 Τίς

2401 3044 2622 3099 δύναται
2705 3044 2905 3116 ἀφιέναι
2985 3044 3263 3116 ἁμαρτίας,
3342 3044 3385 3095 εἰ
3454 3049 3523 3115 μὴ
3597 3044 3663 3103 εἷς
3724 3044 3749 3094 ό
3803 3047 3922 3103 Οεός
3976 3057 3987 3106 ;

625 3133 726 3189 tia.
743 3136 888 3189 Nam
905 3134 1243 3207 frequenter
1256 3152 1395 3191 eum
1410 3135 1679 3191 viderant
1695 3136 1874 3192 etiam
1889 3154 2017 3192 cum
2036 3140 2287 3194 auctori-

2400 3131 2865 3193 Ἐσκανδαλίζοντο
2924 3130 2982 3185 δὲ
3038 3134 3137 3184 ύπό
3192 3134 3377 3204 φθόνου
3435 3138 3525 3184 καὶ
3574 3138 3853 3207 πονηρίας.
3900 3133 3990 3182 Καὶ

624 3226 741 3279 tate
775 3224 1017 3281 morbos
1040 3226 1370 3295 fugantem,
1400 3225 1709 3281 daemones
1742 3227 2077 3296 ejcientem,
2112 3234 2285 3284 vento

622 3313 895 3385 marique
913 3312 1326 3385 imperantem,
1347 3319 1402 3370 et
1419 3314 1541 3370 haec
1561 3314 1762 3370 omnia
1782 3315 1961 3371 modo
1985 3317 2287 3373 humanas

621 3401 779 3457 vires
810 3407 1154 3473 superantes
1182 3403 1549 3459 factitantem
1582 3420 1598 3456 :
1629 3402 1733 3459 sed
1758 3403 1818 3457 hi
1843 3405 2119 3476 proprias
2143 3405 2284 3461 ulci-

627 3495 857 3545 scentes
902 3489 1267 3555 affectiones,
1317 3491 1417 3547 Dei
1466 3491 1822 3549 videbantur
1865 3493 2149 3563 injuriam
2204 3495 2287 3549 ul-

624 3594 786 3634 ClSCl.

698 3664 862 3720 Vers.
890 3665 942 3720 4.
979 3667 1220 3737 Cumque
1267 3667 1503 3723 vidisset
1543 3699 1612 3708 -—
1658 3671 1862 3724 vestris
1913 3673 1940 3724 ?
1979 3671 2080 3726 Hic
2124 3671 2287 3727 aliud

626 3768 869 3826 quoque
909 3770 1031 3809 suae
1071 3754 1397 3811 divinitatis
1443 3760 1498 3811 et
1537 3757 1613 3813 ad
1658 3758 1887 3813 Patrem
1928 3760 2285 3831 aequalitatis

629 3843 866 3913 signum
906 3843 1185 3909 ostendit,
1238 3844 1333 3900 cui
1381 3845 1705 3901 contradici
1757 3863 1876 3903 non
1925 3850 2136 3920 possit,
2188 3866 2286 3906 co-

628 3932 975 4003 gnoscendo
993 3932 1265 3988 videlicet
1286 3933 1670 4004 cogitationes
1688 3936 1959 3993 cordium
1990 3938 2281 4009 ipsorum,

628 4019 792 4091 quod
823 4020 1089 4076 similiter
1114 4021 1299 4077 solius
1332 4028 1461 4078 erat
1493 4022 1612 4077 Dei.
1647 4024 1941 4095 Scriptum
1975 4032 2062 4083 est
2089 4028 2239 4083 enim
2272 4044 2282 4083 :

633 4109 716 4164 Tu
743 4110 893 4164 nosti
919 4110 1095 4165 corda
1119 4110 1273 4166 solus
1300 4113 1560 4167 omnium
1591 4114 1661 4163 ⁷³.
1698 4115 1760 4168 Et
1789 4129 2031 4169 rursum
2063 4133 2074 4170 :
2118 4117 2287 4172 Scru-

631 4204 766 4255 tans
787 4197 961 4253 corda
984 4204 1036 4254 et
1062 4214 1224 4254 renes
1242 4199 1385 4254 Deus
1398 4201 1467 4251 ⁷³.
1491 4199 1558 4254 Et
1585 4200 1725 4256 alibi
1748 4218 1758 4256 :
1789 4203 1973 4259 Homo
1993 4204 2205 4261 videbit
2224 4206 2287 4261 in

627 4286 865 4356 faciem,
904 4287 1046 4343 Deus
1086 4294 1277 4344 autem
1309 4288 1640 4345 intuebitur
1680 4290 1740 4344 in
1780 4292 1961 4347 corda
2022 4294 2089 4347 7‘.
2138 4296 2285 4349 Nam

631 4376 774 4447 quia
822 4375 987 4440 illud,
1040 4392 1175 4431 cum
1228 4376 1339 4432 sibi
1388 4378 1679 4434 videretur
1720 4379 2113 4451 impossibile,
2166 4398 2287 4438 non

631 4462 1021 4534 recipiebant,
1075 4464 1301 4521 inducit
1354 4466 1469 4523 hoc
1518 4472 1807 4539 tanquam
1859 4470 2286 4536 indubitatum,

634 4566 741 4623 per
769 4550 883 4607 hoc
910 4552 1175 4622 probans
1202 4554 1378 4609 etiam
1411 4554 1577 4620 illud,
1614 4572 1683 4611 ac
1710 4556 2168 4628 quodammodo
2199 4559 2291 4614 di-

634 4654 777 4695 cens
828 4655 839 4693 :
886 4642 1024 4695 Vere
1059 4640 1258 4697 nullus
1305 4645 1499 4714 potest
1542 4644 1836 4701 remittere
1865 4651 2125 4719 peccata,
2174 4647 2289 4704 nisi

637 4743 813 4792 unus,
836 4727 938 4799 qui
968 4729 1231 4785 intuetur
1260 4731 1647 4801 cogitationes
1666 4732 2003 4790 hominum.

707 4816 868 4871 Vers.
924 4817 978 4871 5.
1031 4818 1237 4874 Utrum
1282 4848 1351 4862 —
1399 4819 1632 4876 ambula
1689 4822 1718 4878 ?
1766 4823 2289 4896 Quandoquidem,

634 4903 845 4978 inquit,
874 4903 1269 4979 blasphemus
1296 4907 1462 4964 vobis
1493 4908 1721 4976 videor,
1753 4914 1954 4982 utpote
1984 4913 2288 4969 remittens

707 5084 757 5152 το
786 5085 958 5140 Marc.
992 5098 1050 5150 ii,
1082 5086 1115 5140 4
1149 5100 1164 5151 ;
1200 5087 1330 5141 Luc.
1374 5102 1433 5156 ν,
1468 5089 1551 5143 l9.

1630 5088 1675 5122 τί
1716 5088 1887 5145 Joan.
1923 5105 1979 5155 v,
2018 5090 2099 5147 14.

710 5156 758 5191 ⁷⁴
782 5157 806 5211 Ι
830 5158 977 5227 Reg.
1016 5171 1142 5223 xvx,
1172 5161 1225 5212 7.

2179 5092 2228 5126 ⁷³
2254 5094 2429 5150 Marc.
2470 5108 2528 5161 ιι,
2558 5096 2609 5158 6,
2643 5092 2695 5145 Ἰ.

2396 3226 2496 3295 γὰρ
2540 3222 2781 3282 πολλάκις
2826 3222 2980 3274 αύτόν
3034 3218 3172 3274 εἶδον
3229 3221 3637 3284 ἐξουσιαστικῶς
3679 3226 3772 3272 καὶ
3820 3226 3991 3277 νόσονς

2398 3308 2777 3383 φυγαδεύοντα,
2834 3315 2920 3362 καὶ
3004 3306 3254 3382 δαίμονας
3329 3308 3698 3378 ἀπελαύνοντα,
3758 3314 3847 3360 καὶ
3897 3306 3991 3357 ἀνε-

2395 3420 2513 3472 μοις
2565 3404 2653 3452 καὶ
2723 3399 2960 3471 θαλάσση
3030 3396 3366 3470 ἐπιτιμῶντα,
3444 3404 3532 3451 καὶ
3602 3400 3776 3450 πάντα
3839 3404 3993 3448 ταῦτα

2398 3487 2840 3563 διαπραττόμενον
2891 3489 3016 3562 ὑπὲρ
3066 3489 3353 3563 ἄνθρωπον
3417 3486 3521 3539 ἀλλ’
3573 3488 3719 3539 αύτοὶ
3776 3488 3842 3538 τὰ
3890 3481 3994 3536 ἴδια

2394 3580 2535 3636 πάθη
2565 3574 2909 3643 ἐκδικοῦντες,
2944 3574 3157 3628 ἐδόκουν
3183 3580 3269 3629 τὸν
3310 3580 3437 3629 Θεὸν
3469 3572 3720 3629 ἐκδικείνῖ

2467 3665 2616 3722 Ἰδὼν
2665 3664 2723 3720 δε
2755 3699 2822 3708 —
2875 3668 3016 3739 ὑμῶν
3052 3685 3064 3735 ;

2396 3756 2635 3832 τίρρητον
2683 3762 2895 3828 σημεῖον
2946 3764 3040 3818 τῆς
3098 3756 3283 3807 ἑαυτοῦ
3335 3757 3575 3816 θεότητος
3623 3750 3882 3816 δείκνυσι,
3915 3756 3995 3803 καὶ

3123 3667 3375 3720 Ἐνταῦθα
3426 3671 3515 3718 καὶ
3597 3666 3765 3739 ἕτερον
3848 3663 3992 3715 ἀναν-

2396 3855 2491 3907 τῆς
2538 3850 2662 3918 πρὸς
2717 3849 2803 3897 τόν
2859 3849 3064 3919 Πατέρα
3141 3844 3398 3909 ἰσότητος,
3449 3846 3507 3895 τό
3557 3848 3830 3914 γινώσκειν
3886 3844 3995 3899 τοὺς

2398 3933 2772 4007 διαλογισμούς
2825 3941 2923 3985 τῶν
2988 3930 3219 4005 καρδιῶν
3277 3932 3465 3997 αὐτῶν,
3517 3934 3636 4006 ὅπερ
3701 3933 3892 4003 ὁμοίως
3944 3925 3996 3985 ἦν

2396 4030 2554 4097 μόνου
2607 4031 2764 4077 Θεοῦ,
2810 4023 3140 4098 Γέγρααπται
3184 4024 3305 4094 γάρ·
3355 4026 3419 4073 Σύ
3466 4020 3753 4072 ἐπίστασαι
3780 4015 3997 4091 κιρδίας

2396 4120 2703 4186 μονώτατος.
2765 4117 2865 4165 Καὶ
2948 4114 3121 4164 πάλιν·
3182 4111 3408 4171 Ἐτάζων
3479 4105 3704 4181 καρδίας
3783 4116 3872 4159 καὶ
3934 4124 3999 4157 νε-

2398 4207 2554 4275 φρούς
2611 4204 2635 4254 ό
2696 4206 2845 4261 Θεός.
2920 4205 3020 4253 Καὶ
3090 4196 3265 4260 αὖθις.
3334 4198 3639 4274 ’Ἄνθρωπος
3706 4197 3890 4267 ἅψεται
3938 4196 3999 4255 εἰς

2396 4297 2693 4365 πρόσωπον’
2755 4292 2780 4341 ό
2839 4286 2897 4341 δε
2950 4292 3071 4349 Οεὸς
3124 4288 3306 4359 ὄψεται
3390 4288 3457 4347 εἰς
3545 4283 3799 4359 καρδίαν,
3871 4286 4000 4339 Ἐπεὶ

2396 4382 2497 4451 γὰρ
2555 4378 2733 4445 ἐκεῖνο,
2793 4380 2861 4437 ὡς
2934 4380 3082 4449 φανὲν
3136 4378 3247 4447 (86)
3307 4376 3483 4436 αὐτοῖς
3564 4372 3847 4444 ἀδύνατον,
3915 4374 3999 4425 οὐκ

2400 4466 2659 4533 ἐδέξαντο,
2702 4466 2881 4537 ἐπάγει
2933 4473 3086 4517 τοῦτο
3139 4464 3340 4526 λοιπόν,
3386 4468 3455 4524 ὡς
3486 4463 3858 4536 ἀναμφίϐολον’
3916 4462 4001 4515 δια

2400 4560 2586 4610 τούτου
2625 4555 2831 4609 κάκεῖνο
2895 4553 3139 4626 βεϐαιῶν,
3172 4559 3261 4606 καὶ
3310 4558 3500 4627 τρόπον
3548 4556 3665 4604 τινὰ
3707 4552 3891 4623 λέγων,
3928 4554 4000 4604 ὅτι

2402 4650 2557 4707 ὄντως
2601 4641 2773 4707 οὐδεὶς
2832 4640 3053 4696 δύναται
3112 4641 3315 4715 ἀφιέναι
3368 4642 3647 4716 ἁμαρτίας,
3703 4641 3748 4693 εἰ
3791 4646 3864 4714 μὴ
3919 4642 3998 4705 εἷς,

2401 4736 2426 4787 ό
2460 4734 2661 4807 βλέπων
2691 4736 2779 4794 τὰς
2810 4732 3118 4805 ἐνθυμήσεις
3140 4740 3237 4783 τῶν
3270 4731 3570 4805 ἀνθρώπων.

2471 4829 2534 4876 Τί
2598 4826 2699 4897 γὰρ
2766 4853 2835 4863 -
2888 4823 3159 4896 περιπάτει
3215 4838 3227 4889 ;
3283 4821 3422 4874 Ἐπεὶ
3492 4818 3809 4893 βλάσφημος
3890 4820 4001 4893 ὑμῖν

2399 4911 2558 4980 δοκῶ,
2606 4916 2785 4985 φησὶν,
2829 4914 2896 4974 ὡς
2930 4910 3066 4983 ἀφιεὶ
3115 4910 3397 4984 ἁμαρτίας,
3425 4914 3514 4962 καὶ
3544 4913 3656 4962 ἴσον
3683 4908 3909 4982 ἐμαυτόν
3934 4916 4003 4979 τῷ

2771 5091 2839 5125 ἠ’
2874 5089 2919 5145 Il
2944 5088 3114 5147 Paral
3145 5105 3217 5161 v1,
3251 5093 3345 5146 3o.
3426 5089 3473 5124 ⁷³

1842 5285 2064 5354 Variae
2103 5287 2430 5357 lectiones
2463 5299 2524 5357 et
2556 5300 2755 5359 notae.

711 5449 827 5522 (86)
868 5450 1104 5509 Correxi
1137 5455 1304 5527 φανέν,
1334 5453 1466 5512 loco
1498 5454 1682 5527 φαμέν.
1710 5454 1792 5513 Ita
1819 5454 1995 5513 etiam
2027 5456 2287 5515 Hentenii

2397 5459 2616 5516 ridetur
2644 5459 2878 5529 legisse.

708 5600 825 5677 (oo)
856 5602 1074 5678 Nempe
1102 5608 1307 5669 Deum.
1348 5609 1555 5667 Abesse
1578 5608 1776 5681 debet,
1799 5623 2018 5683 nempe.
2054 5612 2222 5671 Forte
2244 5617 2287 5672 tt

2397 5629 2449 5670 an
2473 5612 2633 5685 legit,
2666 5609 2735 5675 εἷς
2777 5608 2985 5672 δηλαδή
3023 5613 3047 5665 ό
3077 5616 3226 5676 Θεός.
