4098 6408
171 365 257 421 3%
1165 360 1532 418 COMMENT.
1578 359 1644 414 ΙΝ
1685 355 2130 413 MATTH/EUM.
2175 384 2241 394 —
2284 353 2440 410 CAP.
2486 351 2587 409 IX.

3444 352 3550 412 306

174 500 270 562 Θεῷ
344 498 525 556 ποιῶν,
596 488 938 563 ἁποιιρὶθητε
999 494 1150 544 Ποῖόν
1212 492 1351 542 ἐστιν
1412 488 1777 559 εὐχερέστερον

1897 485 2161 554 peccata,
2179 485 2233 536 et
2249 479 2538 552 aequalem
2557 478 2783 536 faciens
2822 480 3123 551 meipsum
3145 482 3281 546 Deo,
3300 495 3553 554 respon-

171 583 235 643 εὶς
263 582 462 652 πρᾶξιν,
489 600 714 651 ποτερον
764 584 825 632 τὸ
868 581 1027 633 εἰπεῖν
1073 576 1212 644 τόδε,
1244 578 1274 636 ἢ
1324 581 1381 629 τὸ
1417 576 1573 629 εἰπεῖν
1606 572 1729 628 τόδε
1762 591 1775 641 ;

168 671 328 723 Ἦσαν
381 667 439 722 δὲ
488 676 580 720 καὶ
629 671 794 741 ἄμφω
836 673 921 734 τὰ,
965 674 1085 743 περὶ
1132 669 1199 718 ὧν
1233 668 1490 740 ἠρώτησε,
1546 672 1658 734 Θεῷ
1689 666 1777 735 μεν

168 756 383 821 δυνατὰ,
430 757 691 832 ἀνθρώπῳ
747 756 809 811 δὲ
848 754 1104 809 ἀδύνατα.
1162 760 1262 809 Καὶ
1298 758 1400 828 γὰρ
1432 758 1521 805 καὶ
1567 757 1624 806 τὸ
1666 751 1778 824 ἀφι-

162 854 263 900 ὲδαι
300 847 560 921 ἁμαρτίας
593 854 734 899 Θεοῦ
785 850 945 918 μόνου
979 843 1039 904 ἦν
1073 862 1085 875 ·
1133 847 1318 917 ὁμοίως
1372 840 1429 895 δὲ
1460 847 1548 894 καὶ
1576 846 1631 894 τὸ
1663 842 1778 893 κατ’

160 936 404 998 ἐξουσίαν
451 935 675 1010 ἐγεῖραι,
724 941 817 987 καὶ
867 934 1124 1007 ἀρτιώσαι
1164 935 1274 1004 (S7)
1324 935 1409 984 τὸν
1460 931 1772 1005 παράλυτον.

160 1032 430 1095 Σιγώντων
474 1022 535 1076 6“:
592 1026 787 1092 αὐτῶν,
841 1020 953 1087 διὰ,
1005 1027 1063 1075 τὸ
1116 1019 1399 1096 μηδέτερον
1452 1023 1591 1093 ἔχειν
1623 1019 1778 1073 εἰπεῖν

157 1115 536 1187 εὐχερέστερον
578 1113 783 1186 ἑτέρου,
817 1117 976 1185 φησὶν
1014 1113 1163 1173 αὐτὸς
1196 1129 1207 1141 ·

223 1292 339 1345 Ἵνα
400 1322 474 1334 -—
529 1292 814 1366 ἁμαρτίας.
900 1290 1244 1343 Ἐ).λειπτικον
1316 1289 1430 1342 ἔστι
1517 1292 1663 1341 τουτὶ
1720 1290 1779 1340 τὸ

154 1390 357 1452 σχῆμα
405 1389 504 1432 τοῦ
555 1380 717 1451 λόγου
751 1398 762 1410 ο
813 1380 976 1432 λείπει
1032 1382 1129 1452 γὰρ
1168 1383 1246 1443 τό,
1293 1382 1625 1451 Θεωρὴσατε.
1670 1376 1781 1429 Ἰνα

154 1468 234 1535 δέ,
298 1476 460 1542 φησί,
521 1478 709 1541 γνῶτε,
766 1471 847 1521 ὅτι
900 1470 925 1520 ὁ
980 1474 1271 1541 φαινόμενος
1327 1469 1447 1540 ὑμῖν
1511 1467 1780 1539 ἅνθρωπος

154 1560 403 1621 ἐξουσίαν
465 1561 605 1629 ἔχει,
663 1562 729 1618 ὡς
786 1561 936 1622 Θεὸς,
995 1556 1238 1629 βλέψατε.
1296 1560 1366 1610 T6
1416 1554 1495 1624 δὲ,
1556 1555 1638 1608 ἐπὶ
1685 1563 1780 1615 τῆς

148 1654 275 1715 γῆς,
334 1647 513 1707 ἁπλῶς
567 1652 903 1718 πρόσκειται,
957 1651 987 1704 ἦ
1031 1650 1140 1699 ἀντὶ
1186 1654 1297 1712 τοῦ,
1350 1645 1433 1698 ἐπὶ
1482 1654 1576 1706 τῆς
1631 1644 1775 1717 ἐνγῇ

156 1736 427 1797 πολιτείας
462 1735 653 1793 οτᾶτοῦ,
688 1734 864 1807 Ἔλεγε
892 1731 952 1788 δὲ
981 1743 1128 1787 τοῦτο
1157 1740 1273 1807 περὶ
1306 1735 1508 1787 ἑαυτοῦ.

233 1992 366 2037 Ton
389 1984 529 2055 ὶέγει
572 2015 637 2024 -—
672 1984 852 2037 αὐτοῦ.
886 1981 1100 2043 Ἐπειδὴ
1152 1988 1209 2036 τό
1249 1987 1338 2052 μὲν
1371 1983 1571 2056 ἀφιέναι
1616 1984 1781 2059 ἁμαρ-

160 2082 273 2133 τιας
314 2073 489 2146 ἀφανῆ
524 2078 623 2130 τὴν
668 2071 935 2137 ἀπόδειξιν
991 2071 1101 2145 εἶχε
1131 2096 1142 2107 ·
1178 2078 1233 2126 τὸ
1284 2071 1343 2126 δὲ
1389 2075 1505 2125 κατ’
1544 2072 1781 2136 ἐξουσίαν

160 2164 363 2236 ἐγεῖραι
420 2166 511 2213 τόν
572 2162 866 2236 παραλυτον
926 2169 1141 2237 φανερᾶς
1200 2160 1366 2216 ἐδεῖτο
1424 2172 1518 2225 τῆς
1572 2161 1783 2216 ἀποδεί-

163 2252 285 2313 ξεως
317 2270 333 2281 ⁸
380 2260 619 2303 ποιεῖται
667 2256 761 2309 τὴν
803 2254 1020 2323 φανερὰν
1076 2257 1352 2326 τεκμήριον
1408 2261 1498 2312 τῆς
1541 2251 1779 2325 ἀφανοῦς.

161 2346 251 2390 καὶ
306 2338 407 2392 διὰ
456 2344 657 2401 ταύτης
707 2346 796 2391 καὶ
848 2344 965 2414 περὶ
1016 2339 1204 2400 ἐκείνης
1256 2341 1587 2415 πληροφορεῖ,
1631 2343 1710 2393 ὅτι
1755 2342 1780 2392 ὁ

161 2438 313 2481 τοῦτο
355 2427 614 2489 δυνηθεὶς
666 2426 889 2480 δύναται
931 2428 1153 2484 κάκεῖνο.
1210 2433 1342 2503 Πρὸς
1386 2429 1671 2502 βεϐαίωσιν
1723 2428 1781 2483 δὲ

162 2526 250 2578 τῆς
310 2517 653 2588 συσφίγξεως
708 2525 799 2569 τοῦ
852 2523 1160 2591 παρειμένον
1217 2525 1472 2590 σώματος,
1523 2518 1779 2571 ἐκεῧευσεν

164 2601 287 2677 ἆραι
330 2612 418 2659 τόν
471 2605 791 2679 κράϐὂατον,
835 2608 918 2658 ἶνα
977 2612 1048 2679 μὴ
1104 2604 1230 2680 δόξῃ
1283 2613 1544 2679 φαντασία
1590 2627 1669 2668 τις
1720 2610 1779 2658 τὸ

1480 2700 1564 2748 τὸν
1634 2694 1778 2748 οἷκον

159 2701 529 2766 γεγωηαένον.
611 2695 937 2748 Ἀποστέλλει
1016 2692 1075 2748 δὲ
1132 2696 1285 2748 αὐτὸν
1340 2697 1411 2758 εὶς

162 2786 324 2835 αὑτοὺ
356 2803 367 2813 ·
432 2792 595 2835 τοῦτο
664 2787 777 2853 μὲν,
847 2785 930 2836 ἵνα
998 2789 1069 2856 μὴ
1136 2790 1311 2858 παρὼν
1362 2790 1452 2837 καὶ
1526 2788 1778 2858 ὁρώμενος

163 2877 368 2924 ἔπαινον
424 2873 573 2942 αὐτῷ
636 2873 969 2946 προξενήσῃ·
1031 2882 1181 2926 τοῦτο
1240 2872 1299 2927 δι
1356 2880 1465 2941 καὶ,
1523 2876 1605 2927 ἵνα
1662 2882 1772 2947 σχῇ

162 2964 434 3034 μάρτυρας
496 2970 589 3021 τῆς
659 2963 839 3031 ὑγείας
896 2961 1317 3036 ἀναντιῤῥήτους,
1385 2963 1572 3023 αὐτοὺς
1656 2967 1779 3023 τοὺς

166 3050 275 3117 (38)
336 3048 794 3123 ἀπαραγράπτους
845 3055 934 3101 καὶ
991 3058 1086 3112 τῆς
1129 3056 1285 3104 νόσου
1334 3054 1622 3126 μάρτυρας,
1687 3056 1778 3105 καὶ

166 3140 244 3189 ἱνα
274 3142 488 3199 τούτοις
516 3137 725 3212 ἀφορμή
758 3144 971 3209 γένηται
996 3145 1235 3202 πίστεως.

233 3312 464 3377 ’ἰδόντες
522 3312 584 3369 δε
634 3348 700 3356 -
751 3316 1057 3389 ἀνθρώποις.
1117 3320 1453 3391 Ἐθαύμασαν
1512 3323 1621 3391 μὲν,
1698 3322 1780 3371 ὅτι

165 3408 229 3466 ὡς
296 3410 433 3467 Θεὸς
485 3404 1024 3478 ἐθαυματούργησεν·
1084 3408 1218 3479 ὅμως
1283 3410 1551 3483 ἄνθρωπον
1624 3409 1780 3462 αὑτὸν

162 3491 289 3545 εἶναι
346 3494 735 3566 ὑπελαμιξανον,
782 3498 973 3567 ἔχοντα
1014 3496 1253 3558 ἓξουσίαν
1292 3499 1417 3572 ὑπὲρ
1471 3500 1767 3572 ἄνθρωπον,

413 3678 565 3725 ΚΕΦ.
606 3671 702 3724 ω’.
737 3677 860 3745 Περὶ
891 3674 1163 3726 Ματθαίου
1193 3681 1285 3727 τοῦ
1308 3675 1541 3732 τελώνου.

233 3768 341 3815 Καὶ
390 3793 465 3801 —
520 3759 793 3813 ἀκολούθει
852 3781 964 3833 μοι.
1024 3794 1090 3803 -
1145 3767 1422 3838 Παράγων,
1496 3764 1608 3818 ἀντὶ
1664 3774 1775 3837 τοῦ,

162 3856 537 3923 πορευόμενος.
599 3848 737 3924 Ὀρα
788 3847 847 3902 δὲ
910 3854 997 3903 τὸν
1072 3852 1460 3924 εὖαγγελιστὴν.
1521 3864 1630 3917 πῶς
1686 3856 1780 3907 οὐκ

161 3938 559 4009 ἐπαισχύνεται
643 3942 730 3991 τὸν
820 3944 1066 4014 πρότερον
1142 3942 1325 3994 ἑαυτοῦ
1413 3942 1550 4017 βίον.
1628 3944 1781 3997 Ἀλλὰ

160 4032 381 4101 Μάρκος
424 4031 520 4100 μεν
560 4033 651 4080 καὶ
700 4034 925 4099 Λουκᾶς,
979 4026 1126 4082 αἰδοῖ
1170 4039 1261 4082 τοῦ
1312 4036 1681 4105 συμμαθητοῦ,
1723 4036 1779 4086 τὸ

1374 4125 1528 4175 Λευῖν
1599 4131 1779 4175 τοῦτον

1493 4211 1658 4272 Αὐτός
1721 4208 1780 4264 6":

1375 4296 1517 4352 διότι
1582 4298 1697 4353 οὐδ’
1754 4302 1779 4353 6

158 4390 399 4457 Χριστός
447 4383 766 4455 ἐπῃσχύνθη
815 4393 1020 4442 τοῦτον.
1082 4387 1229 4459 Ἀμα
1281 4384 1339 4441 δὲ
1386 4394 1475 4440 καὶ
1516 4386 1779 4442 δείλνυσιν

154 4474 301 4527 ἐντευ
312 4478 395 4527 θεν

159 4126 382 4192 φανερόν
442 4122 611 4188 ἄνομα
670 4120 856 4169 τούτου
925 4116 1263 4194 παρέδραμον

156 4206 519 4273 ὀνομάσαντες
564 4223 576 4235 ·
636 4204 861 4258 ἐκαλεῖτο
908 4210 1007 4280 γὰρ
1074 4214 1162 4260 καὶ
1237 4217 1416 4268 τοῦτο,

157 4306 396 4366 φανερῶς
459 4295 683 4353 τελώνην
737 4295 917 4347 ἑαυτὸν
976 4296 1297 4369 ἀνομολογεῖ,

488 4480 587 4531 τὴν
648 4470 869 4546 δύναμιν
947 4484 1038 4528 τοῦ
1108 4477 1420 4539 καλέσαντος
1491 4479 1644 4531 αὐτὸν
1715 4480 1782 4540 εἰς

154 4567 483 4633 μαθητείαν,
547 4571 658 4623 πῶς
705 4562 964 4616 ἀνέσπασε
1013 4573 1193 4618 τοῦτον
1246 4567 1467 4639 εὐχερῶς
1516 4567 1569 4619 ἐκ
1617 4574 1780 4640 μέσου

158 4664 249 4704 τον
294 4655 570 4717 fxim-lica,
625 4650 833 4727 σφόδρα
871 4652 1210 4729 φιλοκερδοῦς
1255 4662 1344 4707 καὶ
1398 4653 1780 4719 ἀναιδεστάτης

164 4744 479 4803 ιαπτηὶείας.
543 4742 790 4794 Triduum
842 4746 944 4815 γὰρ
1002 4746 1135 4814 λέγει
1200 4748 1255 4796 τό
1321 4754 1411 4796 τοῦ
1467 4765 1781 4821 κομμερχια-

166 4838 279 4901 ρίου
314 4834 430 4901 (89)
474 4838 813 4905 πραιτώριον.
861 4832 1037 4894 Δείξας
1070 4830 1129 4886 δὲ
1171 4840 1417 4907 πρότερον
1466 4836 1490 4885 6
1530 4839 1779 4909 Χριστὸς,

173 4921 249 4971 ὅτι
308 4919 537 4973 δύναται
607 4920 813 4993 ἀφιέναι
882 4921 1139 4995 ἁμαρτίας
1214 4928 1328 4976 τότε
1391 4928 1477 4976 καὶ
1545 4922 1627 4976 ἐπὶ
1696 4928 1781 4977 τόν

244 5102 291 5135 τε
328 5103 505 5158 Marc.
544 5118 599 5169 ιι,
647 5102 756 5167 14;
791 5098 938 5165 Luc,
972 5115 1029 5165 v,
1064 5102 1151 5155 27.

1887 572 2021 628 dele
2062 570 2233 633 mihi,
2276 574 2474 625 utrum
2508 574 2595 625 est
2626 568 2858 624 facilius
2887 574 2951 625 ut
2974 585 3155 642 opere
3185 570 3549 642 perﬁciatur,

1888 675 1963 715 an
1999 659 2194 715 dicere
2233 658 2368 722 hoc,
2401 658 2495 713 vel
2529 657 2648 729 (pp)
2683 656 2879 713 dicere
2906 657 3056 713 illud
3083 658 3110 713 ?
3140 659 3320 715 Erant
3348 662 3551 715 autem

1888 748 2071 804 ambo
2094 749 2163 803 de
2185 748 2403 819 quibus
2422 746 2851 817 interrogabat,
2880 746 2998 803 Deo
3023 747 3269 819 quidem
3299 748 3559 820 possibi-

1886 838 1984 905 lia,
2010 837 2355 892 hominibus
2374 852 2513 891 vero
2544 835 2966 907 impossibilia.
3008 838 3156 892 Nam
3185 842 3242 892 et
3258 838 3555 895 remittere

1886 929 2135 997 peccata
2164 924 2348 981 solius
2382 925 2479 980 Dei
2511 928 2656 989 erat,
2691 928 2745 979 et
2774 924 3043 980 similiter
3067 941 3176 982 sua
3206 926 3555 984 auctoritate

1888 1014 2113 1085 erigere
2153 1029 2227 1072 ac
2272 1013 2629 1069 conﬁrmare
2684 1013 3108 1085 paralyticum.
3157 1016 3302 1070 Cum
3352 1020 3555 1073 autem

1887 1089 1971 1160 illi
1996 1109 2278 1172 tacerent,
2301 1119 2372 1160 eo
2397 1104 2563 1176 quod
2583 1107 2862 1160 neutrum
2885 1104 3073 1162 altero
3096 1102 3330 1161 facilius
3358 1104 3556 1161 dicere

1890 1196 2183 1265 poterant,
2218 1194 2297 1248 ait
2324 1193 2450 1264 ipse
2470 1208 2483 1247 :
3224 1222 3227 1225 ν

1961 1284 2117 1337 Vers.
2141 1285 2191 1337 6.
2216 1282 2285 1339 Ut
2306 1312 2375 1320 —
2394 1285 2653 1353 peccata.
2684 1279 3017 1337 Defectivus
3041 1283 3130 1337 est
3150 1280 3246 1337 hic
3268 1280 3555 1354 loquendi

1889 1370 2127 1426 modus.
2163 1368 2369 1426 Deﬁcit
2399 1370 2580 1439 enim,
2614 1368 2917 1440 Respicite.
2968 1371 3057 1434 Ut,
3090 1369 3303 1442 inquit,
3336 1385 3556 1441 cogno-

1888 1460 2089 1524 scatis,
2121 1459 2286 1531 quod
2317 1458 2421 1531 qui
2452 1458 2616 1514 vobis
2657 1462 2906 1529 apparet
2947 1458 3151 1528 homo,
3200 1462 3555 1530 potestatem

1886 1547 2110 1605 habeat
2164 1553 2450 1620 tanquam
2515 1549 2691 1611 Deus,
2749 1546 3042 1619 respicite.
3114 1547 3282 1613 Quod
3353 1551 3553 1604 autem

1888 1637 2168 1694 additur:
2214 1639 2275 1692 in
2331 1643 2509 1701 terra,
2559 1635 2818 1708 simplici
2882 1651 3063 1692 sensu
3120 1636 3402 1708 ponitur:
3452 1640 3557 1694 aut

1888 1726 2047 1783 valet
2098 1725 2471 1781 tantumdem
2520 1741 2591 1781 ac
2657 1724 2705 1779 si
2752 1724 3027 1781 dicatur:
3109 1725 3170 1781 in
3233 1740 3555 1783 conversa-

1814 1830 1858 1885 B
1890 1816 2049 1871 tione
2078 1830 2259 1887 quam
2288 1813 2471 1870 habet
2511 1813 2571 1869 in
2603 1817 2776 1870 terra.
2814 1813 3058 1871 Dicebat
3087 1814 3288 1887 itaque
3334 1814 3451 1871 hoc
3480 1815 3555 1872 de

1893 1918 2115 1975 seipso.

1963 1992 2123 2047 Vers.
2158 1991 2211 2045 6-
2246 1990 2409 2046 Tunc
2438 1990 2521 2046 ait
2565 2021 2635 2031 —
2664 1992 2725 2045 V.
2761 1995 2814 2045 7.
2850 2005 3039 2048 suam.
3075 1990 3223 2057 Quia
3252 1990 3554 2047 remittere

1891 2085 2137 2153 peccata
2190 2081 2477 2137 latentem
2524 2078 2786 2136 habebat
2815 2079 3433 2146 demonsitrationem,
3474 2079 3555 2137 ad

1891 2170 2237 2240 erigendum
2311 2172 2511 2225 autem
2566 2184 2677 2225 sua
2739 2169 3086 2225 auctoritate
3149 2169 3553 2242 paralyticum

1892 2259 2209 2315 manifesta
2252 2274 2406 2330 opus
2439 2262 2567 2314 erat
2616 2257 3150 2324 demonstratione,
3206 2257 3348 2315 facit
3386 2257 3554 2331 quod

1892 2348 2275 2403 manifestum
2305 2351 2395 2403 est
2436 2347 2497 2402 in
2531 2347 2770 2417 signum
2802 2347 2952 2417 ejus,
2984 2346 3151 2419 quod
3193 2350 3317 2403 erat
3351 2346 3553 2402 occul~

1891 2441 2018 2492 tum
2046 2453 2057 2491 :
2092 2440 2149 2492 et
2190 2451 2296 2507 per
2320 2436 2451 2500 hoc,
2488 2440 2544 2491 et
2576 2450 2681 2507 per
2711 2434 2854 2490 illud
2882 2434 3125 2507 plenam
3158 2434 3298 2491 facit
3343 2433 3552 2501 ﬁdem,

1890 2525 2056 2597 quod
2087 2529 2143 2581 et
2170 2525 2285 2580 hoc
2337 2525 2525 2596 possit
2576 2528 2630 2580 et
2674 2523 2841 2579 illud.
2902 2523 2991 2579 Ad
3030 2524 3553 2581 conﬁrmationem

1891 2618 2082 2670 autem
2113 2613 2279 2686 quod
2306 2629 2525 2685 corpus
2555 2613 2868 2669 robustum
2895 2612 3347 2686 relinqueretur,
3369 2614 3557 2684 jussit

1889 2707 1957 2758 ut
1999 2703 2223 2759 tolleret
2251 2702 2573 2775 grabatum
2618 2718 2816 2768 suum,
2863 2717 2940 2758 ne
2983 2702 3366 2774 phantastico
3395 2717 3550 2775 quo-

1888 2791 2031 2847 dam
2076 2792 2249 2848 modo
2279 2792 2405 2846 ﬁeri
2434 2791 2757 2847 videretur-
2786 2791 3021 2849 Dimittit
3065 2791 3247 2848 etiam
3288 2790 3456 2848 illum
3490 2792 3554 2848 in

1887 2880 2140 2935 domum
2171 2895 2344 2935 suam
2371 2896 2383 2934 :
2413 2883 2540 2935 tum
2580 2895 2655 2935 ne
2682 2894 2950 2951 praesens
2994 2895 3063 2936 ac
3093 2880 3274 2950 visus,
3306 2878 3550 2936 laudem

1887 2968 1999 3024 sibi
2027 2968 2387 3030 conciliaret,
2417 2970 2543 3023 tum
2570 2968 2749 3024 etiam
2776 2974 2839 3023 ut
2865 2968 3134 3024 sanitatis
3164 2972 3340 3025 testes
3370 2967 3554 3025 habe-

1887 3062 1996 3127 ret,
2046 3057 2266 3130 quibus
2322 3056 2650 3112 contradici
2702 3072 2822 3112 non
2872 3061 3094 3129 posset,
3136 3057 3301 3128 ipsos
3339 3070 3554 3128 nempe

1812 3182 1852 3237 Ο
1889 3146 1991 3237 qui
2024 3146 2219 3202 morbi
2244 3148 2417 3201 testes
2438 3148 2627 3211 erant,
2650 3149 2832 3219 utque
2862 3145 3005 3218 ipsis
3026 3145 3163 3201 ﬁdei
3186 3145 3356 3202 ﬁeret
3384 3161 3558 3203 occa-

1892 3252 1980 3291 810
1992 3277 2002 3291 .

1960 3324 2124 3381 Vers.
2152 3328 2201 3380 8.
2226 3326 2372 3380 Cum
2394 3324 2676 3381 vidissent
2698 3354 2765 3364 -—
2788 3323 3140 3381 hominibus.
3166 3323 3558 3380 Admiraban-

1889 3417 1983 3468 tur
2011 3413 2271 3486 quidem,
2299 3412 2465 3485 quod
2495 3412 2666 3484 quasi
2700 3415 2852 3468 Deus
2881 3411 3241 3468 miraculum
3270 3415 3554 3484 operatus

1890 3506 2017 3558 erat
2049 3522 2061 3560 :
2094 3501 2402 3557 hominem
2434 3505 2634 3557 tamen
2667 3517 2807 3557 eum
2837 3516 2962 3557 esse
2987 3500 3409 3573 Opinabantur,
3441 3499 3553 3557 ha-

1889 3591 2131 3647 bentem
2162 3594 2516 3663 potestatem
2545 3604 2727 3661 super
2753 3589 3083 3646 hominem.

2177 3682 2327 3737 CAP.
2360 3681 2491 3736 XIV.
2522 3681 2597 3737 De
2620 3681 2899 3738 Matthiae
2926 3681 3266 3751 publicano.

1960 3772 2120 3825 Vers.
2154 3773 2205 3826 9.
2230 3770 2311 3825 Et
2339 3801 2408 3810 —
2438 3785 2671 3842 sequere
2699 3785 2809 3827 me.
2828 3768 3278 3837 —Prwteriens,
3302 3769 3419 3827 hoc
3444 3774 3555 3836 est,

1888 3872 2162 3931 pergens.
2197 3858 2520 3915 Considera
2546 3862 2741 3914 autem
2774 3859 3203 3929 evangelistam
3244 3859 3556 3930 quomodo

1890 3963 2011 4003 non
2042 3946 2339 4003 erubuerit
2364 3946 2443 4003 ob
2464 3948 2722 4019 priorem
2753 3947 2938 4002 vitam
2965 3963 3159 4003 suam.
3183 3947 3299 4004 Sed
3322 3950 3558 4005 Marcus

1889 4037 2134 4110 quidem
2164 4042 2221 4092 et
2248 4038 2430 4093 Lucas
2460 4038 2531 4106 ⁷⁵,
2583 4036 2658 4092 ob
2683 4036 3086 4108 condiscipuli
3135 4038 3553 4095 reverentiam.

1890 4128 2404 4197 praetermittentes
2480 4125 2859 4182 manifestum
2914 4127 3042 4196 ejus
3108 4139 3354 4194 nomen,
3412 4127 3552 4184 Levi

1888 4215 2047 4271 hunc
2093 4218 2474 4280 vocaverunt,
2532 4214 2614 4269 sic
2644 4214 2805 4270 enim
2851 4214 3033 4270 etiam
3087 4212 3551 4286 appellabatur;

1888 4306 2011 4377 ipse
2039 4320 2181 4360 vero
2211 4307 2409 4376 aperte
2462 4303 2730 4375 seipsum
2779 4303 3172 4375 publicanum
3199 4301 3435 4360 fatetur.
3473 4304 3557 4361 Si-

1889 4393 2134 4465 quidem
2160 4408 2357 4464 neque
2385 4392 2681 4446 Christum
2712 4391 2840 4462 ejus
2867 4391 3104 4462 puduit.
3139 4390 3323 4446 Simul
3352 4395 3558 4449 autem

1888 4482 2028 4537 hinc
2050 4480 2202 4536 illius
2223 4479 2481 4536 ostendit
2496 4480 2784 4545 virtutem,
2810 4480 2913 4552 qui
2942 4495 3006 4535 se
3029 4480 3102 4535 ad
3118 4479 3549 4551 discipulatum

1892 4571 2127 4625 vocavit
2157 4586 2169 4621 :
2203 4584 2386 4640 quam
2406 4567 2574 4623 facile
2593 4584 2622 4623 e
2651 4568 2852 4623 medio
2876 4568 3095 4624 telonio
3117 4568 3265 4623 lucri
3286 4568 3551 4626 maxime

1893 4657 2103 4714 avidos
2116 4674 2185 4713 ac
2203 4656 2718 4730 impudentissime
2736 4664 3147 4730 cauponantes
3161 4657 3549 4717 abstraxerit.

1892 4747 2196 4803 Telonium
2223 4764 2361 4803 vero
2390 4745 2532 4803 dicit
2558 4748 2739 4817 hujus
2771 4746 3198 4803 commerciarii
3226 4748 3314 4818 (ut
3359 4748 3437 4803 ita
3464 4748 3558 4803 lo-

1893 4837 2167 4909 quamur)
2194 4838 2532 4908 praetorium
2554 4842 2657 4892 aut
2682 4837 2958 4893 domum.
2987 4839 3133 4894 Cum
3157 4840 3355 4893 autem
3386 4836 3558 4908 prius

1895 4926 2260 4984 ostendisset
2340 4926 2625 4993 Christus,
2711 4925 2877 4999 quod
2946 4930 3193 4999 peccata
3260 4925 3559 4983 remittere

1365 5226 1583 5296 Variae
1630 5225 1957 5296 lectiones
1989 5235 2058 5296 et
2104 5236 2281 5296 nota

236 5347 338 5419 (87)
367 5350 403 5408 ἰ.
438 5344 803 5425 migranti?)
845 5348 1114 5425 ποιῆσαι,⁵
1142 5342 1447 5425 συᾳφῖγξαι.
1495 5346 1785 5417 Frequen-

284 5424 535 5483 occurrit
562 5417 829 5502 apage,
864 5427 1052 5499 quam
1093 5417 1323 5502 ἁρτιὸω..

218 5498 314 5577 (88)
339 5502 375 5560 ί.
409 5518 465 5560 e.
502 5502 636 5557 τοὺς
675 5498 931 5546 anxious
960 5498 1050 5536 και
1082 5498 1373 5556 συγγενεῖς.

191 5692 300 5769 (pp)
325 5670 864 5758 Factufacilius,
897 5666 1102 5720 utrum
1133 5663 1325 5721 dicere
1351 5628 1486 5731 hoc,
1520 5680 1617 5723 an.

1968 5345 2451 5420 (89)_:_toyp§pxiou,
2492 5345 2558 5411 A,
2593 5343 2770 5420 male.
2801 5342 3021 5420 Eadem
3048 5357 3168 5400 vox
3200 5357 3386 5420 supra
3413 5343 3555 5417 legi-

1894 5414 1992 5470 tur
2037 5414 2322 5473 adMatth.
2383 5432 2439 5483 v,
2496 5420 2589 5486 46,
2641 5415 2747 5473 ubi
2809 5414 3032 5479 τελώνης
3086 5414 3364 5490 explicat,
3422 5414 3551 5490 κομ-

1895 5490 2214 5563 μερκιάριος.
