4098 6394
588 329 694 391 301
1912 328 2259 389 EUTHYMII
2301 332 2629 390 ZIGABENI
3854 339 3960 396 308

589 457 818 534 posset,
844 456 987 512 tunc
1018 454 1196 513 etiam
1228 454 1306 512 ad
1351 454 1736 528 publicanum
1790 456 1971 521 venit,
2018 472 2095 513 ne
2132 461 2250 513 tur-

2359 459 2575 517 τελώνην
2629 462 2863 535 ἔρχεται,
2910 462 2993 514 ἵνα
3044 466 3115 533 μὴ
3173 461 3490 515 θοτυϐῶνταί
3545 483 3696 528 τινες,
3744 462 3961 536 βλέπον-

590 550 811 607 bentur
841 546 1039 619 aliqui,
1073 546 1342 601 videntes
1372 562 1511 602 eum
1546 545 1854 617 discipulis
1887 561 2252 602 annumera-

2360 568 2442 609 τες
2487 549 2640 600 αυτὸν
2684 556 2789 609 τοῖς
2848 552 3111 620 μαθηταῖς
3152 551 3479 625 ἐναρίθμιον
3534 551 3636 603 ἀλλ’
3694 556 3776 605 ἶνα
3811 554 3961 625 λογί-

591 643 742 710 tum,
778 638 885 694 sed
915 634 1173 705 cogitent
1202 635 1424 706 potius,
1456 635 1623 706 quod
1651 635 1754 707 qui
1786 634 1958 690 solvit
1995 634 2252 690 aliorum

2363 636 2574 700 ζωνται,
2644 639 2723 689 ὅτι
2799 640 2823 689 6
2878 639 3053 712 ἑτέρων
3130 640 3484 713 ἁμαρτήματα
3550 642 3701 708 λύων,
3788 643 3961 713 πολλῷ

591 732 858 799 peccata,
893 725 1080 781 multo
1111 723 1305 792 magis
1332 739 1578 779 suorum
1604 728 1851 796 peccata
1882 722 2155 778 absolvit.

2360 725 2547 794 μᾶλλον
2575 726 2721 777 {mea
2747 729 2811 777 τὰ
2848 735 2939 778 τοῦ
2967 730 3226 799 μαθητοῦ.

662 818 705 885 ἦε
746 818 1051 886 Tanquam
1078 812 1153 866 de
1183 812 1371 867 altero
1402 815 1626 878 narrat,
1648 828 1785 884 quae
1811 812 1969 866 circa
1992 827 2052 866 sc
2075 811 2252 866 conti-

2437 814 2546 887 [Ὼς
2580 816 2694 886 (90)
2727 820 2843 887 περὶ
2887 817 3059 890 ἐτέρου
3098 815 3156 871 δὲ
3182 821 3248 871 τὰ
3277 823 3395 893 περὶ
3439 819 3621 872 ἑαυτοῦ
3671 816 3962 891 διηγεῖται,

591 907 808 974 gerunt
854 900 1205 975 jactantium
1263 899 1624 956 abhorrens:
1680 915 1903 971 magna
1958 899 2252 971 siquidem

2362 909 2587 977 στέργων
2632 908 2689 956 τὸ
2742 904 3078 977 ἀκόμπαστον
3112 927 3125 939 ·
3177 911 3313 980 μέγα
3357 911 3457 983 γὰρ
3504 907 3761 977 ἐποίησεν,
3806 908 3965 971 εὐθὺς

589 991 771 1050 laude
824 990 1044 1064 dignus
1097 991 1242 1057 erat,
1301 989 1467 1061 quod
1525 988 1809 1046 continuo
1872 992 2111 1045 secutus
2168 990 2252 1043 est

2364 990 2548 1045 ἀκολου
2558 995 2617 1052 θη
2629 1013 2726 1055 σας
2754 994 2918 1065 αὐτῷ.

592 1096 751 1137 eum.
2240 1086 2241 1089 “

664 1171 830 1226 Vers.
865 1172 919 1225 9.
958 1168 1039 1223 At
1095 1168 1203 1223 ille
1254 1196 1322 1206 -
1376 1182 1523 1223 eum.
1566 1165 1877 1222 Admirare
1932 1166 2252 1238 perfectam

2431 1166 2489 1219 Ὀ
2538 1164 2597 1220 δὲ
2640 1200 2708 1209 —
2762 1169 2922 1240 αὐτῷ.
2979 1174 3263 1244 Θαύμασον
3312 1176 3405 1231 τὴν
3456 1172 3649 1225 τελείαν
3692 1181 3782 1226 τοῦ
3826 1174 3965 1232 κλη-

593 1259 643 1330 ej
654 1275 725 1315 us
745 1258 849 1331 qui
872 1260 1123 1314 vocatus
1140 1260 1249 1323 est,
1275 1255 1675 1312 obedientiam
1700 1275 1711 1314 :
1738 1256 2039 1327 quomodo
2060 1270 2252 1328 neque

2366 1257 2535 1319 θέντος
2572 1258 2826 1324 ὑπακοὴν,
2875 1268 2979 1321 πῶς
3032 1261 3089 1312 οὗ
3139 1257 3477 1333 διεσκέφατο,
3528 1270 3638 1322 πῶς
3697 1263 3793 1315 οὐκ
3853 1262 3967 1315 ἀνε-

593 1347 953 1405 consultavit
980 1346 1140 1418 apud
1166 1361 1250 1413 se,
1284 1345 1591 1417 quomodo
1622 1344 1854 1400 nullum
1893 1360 2070 1416 super
2100 1361 2171 1400 ea
2199 1360 2252 1399 re

2362 1351 2652 1399 κοινώσατο
2705 1353 2823 1419 περὶ
2870 1352 3056 1401 τούτου
3110 1349 3290 1421 φίλοις,
3348 1358 3457 1411 πῶς
3504 1351 3561 1402 οὗ
3612 1347 3849 1422 διῴκησε
3900 1355 3967 1405 τὰ

591 1436 895 1495 consuluit
938 1435 1223 1501 amicum,
1278 1433 1589 1506 quomodo
1633 1449 1754 1489 non
1798 1433 2095 1504 disposuit
2132 1450 2252 1504 quas

2363 1438 2496 1486 κατὰ
2534 1439 2619 1487 τόν
2664 1434 2802 1488 οἷκον
2845 1443 2932 1490 καὶ
2977 1442 3070 1496 τὴν
3102 1438 3284 1491 οὐσίαν
3315 1461 3326 1471 ·
3354 1438 3458 1490 ἀλλ’
3510 1440 3690 1500 εὐθέως
3734 1440 3968 1504 ἀναστὰς

590 1525 812 1583 domus
838 1528 1019 1596 atque
1050 1523 1404 1580 substantias
1445 1539 1561 1577 suae
1587 1528 1786 1588 erant;
1816 1522 1921 1577 sed
1946 1521 2252 1577 confestim

2366 1524 2708 1594 ἠκολούθησε,
2754 1528 2923 1578 πάντα
2960 1531 3049 1599 μὲν
3088 1532 3173 1580 τόν
3217 1532 3411 1601 κόσμον
3462 1528 3746 1596 ἀπολιπὼν,
3796 1535 3965 1602 μόνην

591 1629 860 1687 surgens,
927 1615 1170 1669 secutus
1218 1616 1324 1678 est,
1399 1610 1604 1667 relicto
1662 1611 1937 1666 universo
1993 1610 2252 1666 mundo:

2366 1610 2424 1664 δὲ
2480 1619 2570 1672 τὴν
2629 1620 2839 1687 γνώμην
2911 1615 3222 1689 ἑπαγόμενος
3285 1623 3777 1690 παρεσκευασμένην
3834 1624 3967 1692 πρὸς

591 1703 788 1761 solam
816 1706 1014 1759 autem
1049 1700 1301 1757 adduxit
1330 1704 1593 1756 mentem
1624 1700 1701 1755 ad
1733 1699 1937 1755 omnia
1964 1704 2252 1771 paratam,

2364 1704 2429 1753 τὰ
2478 1702 2781 1775 κελευόμενα
2828 1706 2970 1777 παρὰ
3020 1714 3109 1758 τοῦ
3163 1706 3491 1777 καλέσαντος,
3545 1707 3598 1760 ὃν
3642 1712 3828 1781 τρόπον
3875 1714 3965 1763 καὶ

588 1808 725 1865 quae
738 1792 758 1862 j
770 1789 1076 1847 ussissetis
1091 1789 1193 1862 qui
1207 1805 1346 1845 eum
1362 1792 1704 1853 vocaverat,
1728 1788 1882 1845 sicut
1896 1792 1953 1843 et
1970 1787 2067 1859 qui
2081 1795 2252 1845 antea

2365 1793 2413 1843 οἱ
2444 1792 2554 1862 (91)
2585 1792 2779 1867 προκλη
2791 1795 2972 1857 θέντες.

586 1880 787 1937 vocati
808 1878 1063 1936 fuerant.

657 1971 875 2025 Verum
913 1982 1103 2040 quam
1144 1965 1224 2023 ob
1272 1981 1523 2022 causam
1566 1964 1640 2021 de
1689 1964 1863 2021 Petro
1897 1968 1955 2019 et
1996 1964 2252 2031 Andrea,

2436 1969 2592 2022 Ἀλλὰ
2659 1976 2797 2032 τίνος
2866 1976 3024 2026 ἕνεκεν
3077 1980 3194 2047 περὶ
3270 1980 3464 2051 Πέτρου
3544 1980 3653 2047 μὲν,
3721 1983 3811 2030 καὶ
3868 1985 3965 2031 Αν-

585 2056 833 2122 Jacobo,
899 2058 1128 2112 Joanne
1197 2070 1268 2110 ac
1324 2053 1618 2122 Matthaao,
1688 2068 1812 2109 non
1873 2052 2069 2107 solum
2126 2054 2252 2124 ipse

2365 2055 2540 2132 ὃρέου,
2590 2065 2677 2112 καὶ
2731 2061 2996 2128 Ἰακώϐου,
3046 2067 3134 2115 καὶ
3199 2065 3451 2129 Ἰωάννου,
3518 2070 3605 2117 καὶ
3657 2068 3959 2134 Ματθαίου,

587 2145 913 2209 Matthaaus,
963 2144 1069 2197 sed
1124 2151 1178 2197 et
1227 2145 1459 2198 Marcus
1513 2157 1583 2197 ac
1625 2143 1811 2196 Lucas
1865 2141 2249 2211 scripserunt,

2362 2148 2420 2199 οὐ
2472 2153 2624 2219 μόνον
2683 2150 2833 2211 αὐτὸς
2881 2153 2905 2203 6
2945 2153 3233 2219 Ματθαὼς,
3290 2152 3416 2205 ἀλλὰ
3453 2160 3542 2205 καὶ
3594 2157 3809 2227 Μάρκος
3869 2159 3963 2206 καὶ

586 2233 746 2289 unde
772 2238 828 2288 et
850 2230 1162 2305 quomodo
1176 2231 1377 2289 vocati
1399 2234 1556 2298 sunt,
1574 2230 1648 2285 de
1664 2229 1903 2297 reliquis
1921 2244 2062 2284 vero
2078 2229 2252 2285 disci-

2362 2242 2565 2297 Λουκᾶς
2622 2240 2875 2311 ἔγραψαν,
2902 2248 3011 2302 πῶς
3065 2246 3150 2292 καὶ
3197 2247 3313 2294 τίνα
3363 2247 3549 2317 τρόπον
3616 2242 3959 2300 ἐκλήθησαν·

583 2321 740 2394 pulis
783 2321 933 2378 nihil
961 2320 1075 2376 tale
1106 2319 1486 2375 docuerunt?
1514 2319 1660 2384 Quia
1685 2318 1745 2374 hi
1776 2320 1927 2374 inter
1973 2317 2121 2374 alios
2150 2318 2252 2375 ab-

2360 2330 2477 2399 περὶ
2533 2322 2590 2378 δὲ
2634 2336 2733 2378 τῶν
2788 2329 2949 2380 ἄλλων
3003 2332 3249 2401 μαθητῶν
3296 2328 3446 2384 οὐδὲν
3492 2340 3723 2383 τοιοῦτον
3770 2329 3963 2384 ἐδίδα-

578 2410 909 2482 jectissima
963 2408 1271 2466 habebant
1320 2409 1459 2463 vitae
1505 2408 1773 2464 instituta
1802 2425 1814 2474 ;
1846 2422 2038 2479 neque
2091 2407 2248 2463 enim

2362 2414 2500 2480 ξαν;
2542 2420 2683 2467 Διότι
2728 2416 2958 2488 μάλιστα
2995 2428 3093 2470 τῶν
3139 2419 3301 2471 ἄλλων
3356 2420 3499 2473 οὗτοι
3538 2418 3671 2478 ἦσαν
3718 2420 3767 2472 ἐν
3821 2420 3963 2473 ἀπσ-

580 2498 897 2572 quidpiam
920 2498 1096 2569 pejus
1124 2495 1470 2569 publicano,
1498 2511 1694 2567 neque
1722 2495 1899 2551 vilius
1926 2495 2246 2567 piscatore.

2360 2501 2569 2565 ϐλήτοις
2635 2503 3067 2578 ἐπιτηδεύμασιν.
3129 2511 3261 2560 Οὔτε
3311 2511 3412 2581 γὰρ
3471 2508 3687 2561 τελώνου
3738 2530 3791 2561 τι
3839 2518 3962 2581 χεῖ-

579 2589 827 2659 Propter
858 2587 1021 2660 quod
1064 2588 1244 2643 etiam
1273 2585 1647 2657 evangelista
1687 2585 1747 2640 in
1791 2585 2073 2641 omnibus
2128 2585 2248 2642 ﬁde

2358 2611 2467 2665 ρον,
2527 2597 2643 2645 οὔτε
2691 2594 2869 2656 ἁλιέως
2932 2595 3296 2669 εὐτελέστερον.
3356 2601 3442 2650 Διό
3508 2602 3597 2649 καὶ
3658 2598 3849 2670 μᾶλλον
3912 2602 3963 2651 οἱ

578 2676 745 2748 digni
772 2675 1091 2741 habentur,
1143 2675 1289 2748 quia
1330 2690 1528 2747 neque
1558 2690 1629 2731 ea
1664 2690 1801 2746 quae
1830 2674 2115 2746 probrum
2158 2674 2247 2731 af-

2358 2681 2719 2753 εὐαγγελισταὶ
2762 2687 2819 2735 τό
2877 2682 3178 2746 ἀξιόπιστον
3233 2684 3281 2737 ἐν
3334 2686 3529 2739 ἅπασιν
3587 2689 3825 2757 ἔχουσιν,
3880 2691 3963 2740 ὅτι

576 2764 730 2824 ferre
764 2764 1123 2822 videbantur
1152 2764 1684 2836 praetermiserunt,
1717 2779 1827 2818 nec
1856 2763 1917 2818 id
1946 2763 2144 2819 solum
2171 2763 2245 2821 de

2357 2767 2479 2823 οὐδὲ
2544 2775 2609 2824 τα
2677 2769 2931 2825 δοκοῦντα
3011 2777 3176 2845 φέρειν
3253 2782 3361 2837 τοῖς
3431 2777 3691 2846 μαθηταῖς
3756 2773 3962 2837 ἄνειὸος

578 2854 909 2926 discipulis,
931 2870 1142 2909 verum
1164 2854 1346 2909 etiam
1368 2853 1441 2909 de
1460 2857 1826 2925 praeceptore
1848 2852 2095 2908 faciunt.
2122 2854 2245 2909 Sta-

2354 2859 2766 2934 παρελίμπανον,
2828 2867 2928 2914 Καὶ
2984 2863 3078 2913 οὐκ
3148 2862 3232 2916 ἐπὶ
3300 2873 3398 2915 τῶν
3466 2867 3708 2936 μαθητῶν
3775 2870 3959 2936 μόνον,

576 2944 685 3000 tim
717 2943 836 3015 (qq)
881 2958 1148 3016 namque
1191 2942 1455 3015 plurima
1497 2941 1865 3014 reliquerunt
1911 2941 2239 2998 miracula:

2354 2947 2483 3000 ἀλλὰ
2508 2950 2598 3001 καὶ
2628 2948 2710 3001 ἐπὶ
2740 2958 2830 3002 τοῦ
2882 2946 3211 3003 διδασκλλου
3249 2960 3403 3004 τοῦτο
3444 2960 3707 3009 ποιοῦσιν.
3748 2954 3964 3007 Αὐτίκα

574 3032 723 3089 nihil
748 3037 946 3089 autem
976 3032 1050 3087 de
1076 3032 1170 3088 his
1196 3048 1327 3104 quae
1349 3047 1565 3103 passus
1596 3035 1687 3087 est
1712 3031 2238 3102 prmtermiserunt:

2354 3044 2476 3107 γοῦν
2530 3037 2692 3089 πολλά
2743 3042 2830 3109 μὲν
2888 3048 2987 3091 τῶν
3041 3042 3315 3113 θαυμάτων
3374 3041 3533 3093 αὐτοῦ
3590 3039 3958 3117 παρέδραμον,

574 3138 714 3178 cum
747 3122 823 3178 de
862 3121 1174 3194 discipulis
1203 3120 1571 3178 ostenderint
1618 3120 1781 3193 quod
1813 3119 1966 3175 adeo
2000 3120 2236 3191 abjecti,

2354 3123 2504 3178 οὐδὲν
2566 3124 2625 3178 δὲ
2677 3136 2776 3178 τῶν
2832 3131 3154 3200 παθημάτων
3223 3130 3383 3182 αὐτοῦ
3456 3130 3756 3203 παρελιπον,
3840 3129 3959 3184 δει-

573 3214 740 3268 tanta
792 3211 987 3283 gratia
1052 3210 1219 3281 digni
1271 3208 1459 3265 habiti
1519 3214 1696 3267 sunt:
1754 3209 1828 3264 de
1886 3214 2242 3280 praeceptore

2354 3222 2555 3275 κνῦντες
2602 3220 2719 3288 περὶ
2759 3220 2847 3287 μὲν
2893 3226 2990 3268 τῶν
3044 3220 3311 3289 μαθητῶν,
3359 3222 3527 3271 ὁποῖοι
3575 3224 3711 3281 ὄντες
3768 3222 3959 3281 ὁποίας

572 3314 730 3366 vero,
772 3299 959 3372 quod,
1014 3312 1153 3355 cum
1193 3302 1398 3355 tantus
1453 3301 1627 3363 esset,
1672 3297 1814 3353 talia
1845 3302 2089 3369 propter
2125 3314 2239 3353 nos

2354 3306 2572 3375 χάριτος
2612 3304 2913 3366 ἠξιώθησαν
2938 3327 2950 3339 ι
2980 3312 3098 3379 περὶ
3142 3304 3201 3359 δι
3244 3314 3335 3359 τοῦ
3374 3304 3726 3375 διδασκάλου,
3776 3310 3962 3370 ὁποῖος

572 3402 791 3461 passus
825 3387 921 3443 sit.

2357 3393 2423 3443 ὢν
2456 3394 2610 3444 ὁπόῖα
2640 3396 2855 3446 πέπονθε
2886 3390 2958 3446 δι’
2987 3396 3144 3466 ἡμᾶς.

645 3478 812 3534 Vers.
860 3478 948 3533 10.
980 3476 1058 3533 Et
1104 3475 1336 3546 factum
1374 3504 1441 3514 —
1482 3477 1630 3545 ejus.
1682 3474 1927 3529 Intuitus
1980 3473 2241 3529 Christus

2431 3487 2529 3534 Καὶ
2579 3480 2772 3552 ἐγένετο
2830 3514 2897 3522 —
2950 3483 3127 3537 αὐτοῦ.
3189 3480 3339 3537 Ἰδὼν
3377 3485 3402 3535 6
3453 3492 3683 3556 Χριστος
3731 3488 3825 3543 τὴν
3882 3486 3961 3537 εἰ-

576 3565 1042 3623 sincerissimam
1083 3580 1153 3620 ac
1184 3562 1696 3635 promptissimam
1733 3562 1917 3633 hujus
1962 3562 2242 3619 obedien-

2356 3569 2747 3641 λικρινεστάτην
2825 3572 3057 3629 ὑπακοὴν
3128 3575 3314 3624 τούτου
3362 3578 3451 3624 καὶ
3507 3575 3815 3647 προθυμίαν,
3868 3573 3963 3627 ἐπὶ

571 3654 719 3710 tiam
740 3653 969 3710 accedit
990 3657 1053 3709 ut
1076 3657 1132 3708 et
1148 3651 1317 3708 illum
1343 3652 1619 3721 honoret,
1638 3656 1695 3707 et
1711 3667 1773 3707 se
1789 3651 1869 3706 illi
1888 3650 2240 3733 familiarem

2354 3662 2448 3716 τὴν
2506 3658 2672 3710 οὶκίαν
2727 3659 2885 3711 αὑτοῦ
2937 3663 3300 3733 παραγίνεται,
3350 3669 3511 3733 τιμῶν
3572 3681 3625 3713 τε
3672 3662 3823 3713 αὐτόν
3863 3669 3964 3715 καὶ

572 3742 847 3815 praebens
877 3742 1179 3814 libereque
1223 3740 1509 3809 tribuens,
1556 3741 1650 3797 his
1703 3740 1803 3813 qui
1842 3756 1912 3796 eo
1957 3729 2245 3797 venerant

2355 3746 2714 3819 οἰκειούμενος,
2761 3753 2851 3800 καὶ
2887 3748 3183 3823 παρρησίας
3226 3746 3567 3821 μεταδιδοὺς,
3608 3754 3697 3802 καὶ
3740 3752 3822 3802 ἵνα
3862 3756 3959 3803 καὶ

572 3831 841 3903 aliquam
878 3830 1299 3888 correctionem
1350 3828 1565 3885 tradat.
1625 3829 1722 3885 llle
1766 3833 1966 3884 autem
2014 3833 2243 3885 tantum

2354 3843 2462 3897 τοῖς
2497 3834 2596 3887 ἐκεῖ
2621 3839 2879 3909 παράσχῃ
2910 3841 3025 3889 τινα
3060 3835 3344 3911 διόρθωσιν
3376 3858 3386 3869 ·
3421 3840 3577 3900 αὐτὸς
3606 3836 3685 3908 δι,
3712 3842 3962 3891 τοιούτου

572 3922 886 3977 assecutus
914 3919 1167 3984 bonum,
1218 3916 1517 3974 liberalior
1559 3916 1829 3981 efﬁcitur,
1858 3921 1916 3972 et
1959 3916 2112 3973 sicut
2162 3916 2243 3973 ait

2354 3929 2527 3995 τυχὼν
2571 3924 2790 3995 ἀγαθοῦ,
2831 3925 3214 4000 φιλοτιμότερον
3254 3923 3585 3999 ὃιεγείρεται,
3627 3931 3735 3995 καὶ,
3783 3930 3964 3988 καθώς

574 4008 835 4074 Lucas",
868 4006 1003 4063 fecit
1029 4005 1079 4061 ei
1107 4006 1455 4062 convivium
1487 4020 1775 4077 magnum
1808 4005 1869 4060 in
1897 4006 2077 4061 domo
2109 4020 2240 4070 sua,

2355 4034 2511 4086 φησιν
2581 4016 2606 4065 6
2682 4020 2911 4084 Λουκᾶς,
2988 4013 3201 4073 ἐποίησε
3263 4013 3436 4087 δοχὴν
3512 4017 3739 4089 μεγάλην
3809 4017 3961 4087 αὐτῷ

574 4096 641 4153 id
670 4102 759 4154 est
787 4095 1127 4153 ofﬁciosum
1158 4093 1420 4167 epulum.

2354 4103 2403 4154 ἐν
2438 4110 2500 4175 τῇ
2552 4103 2693 4174 οἰκίᾳ
2736 4103 2916 4171 αὐτοῦ,
2966 4108 3250 4172 τουτέστιν,
3301 4102 3600 4177 ὑποδοχὴν,
3654 4108 3958 4177 θεραπείαν,

2355 4211 2610 4246 εστιασιν.

643 4274 1005 4347 Publicanos
1024 4288 1166 4330 vero
1189 4271 1451 4345 appellat
1471 4270 1653 4328 etiam
1672 4273 2038 4343 peccatores,
2058 4285 2244 4343 prop-

2424 4280 2651 4341 Τελώνας
2710 4277 2769 4333 δὲ
2840 4286 2929 4333 καὶ
2991 4281 3328 4355 ἁμαρτωλοὺς
3371 4287 3493 4343 τοὺς
3549 4283 3733 4343 αὐτοὺς
3791 4281 3958 4353 λέγει,

573 4370 661 4423 ter
684 4363 1179 4422 obtrectationem
1205 4378 1328 4434 qua
1359 4361 1515 4417 male
1546 4360 1873 4416 audiebant
1897 4376 1911 4426 ;
1939 4359 2050 4432 ipsi
2082 4360 2242 4415 enim

2356 4370 2477 4441 πρὸς
2518 4365 2811 4441 διασυρμόν
2858 4370 3044 4424 αὐτῶν.
3090 4370 3416 4428 Διεϐέϐληντο
3462 4375 3586 4445 γὰρ,
3628 4374 3697 4434 ὡς
3734 4368 3951 4428 ἄδικοι,

576 4453 947 4511 calumniam
982 4450 1381 4516 sustinebant,
1418 4454 1712 4522 tanquam
1748 4449 1953 4520 injusti
1983 4453 2039 4504 et
2077 4447 2243 4505 avari
2275 4502 2321 4557 Β

578 4557 652 4599 ac
706 4546 1002 4614 raptores,
1051 4540 1341 4612 omnique
1400 4539 1809 4611 compassione
1860 4541 2128 4594 carentes
2191 4540 2245 4592 et

2358 4542 2583 4606 ἀναιδεῖς
2613 4563 2625 4576 ·
2685 4547 2712 4604 ἦ
2775 4553 2863 4599 καὶ
2904 4547 3045 4599 ἄλλοι
3104 4551 3235 4609 τινες
3284 4545 3438 4616 ἦσαν,
3489 4552 3614 4608 ἴσως
3666 4551 3812 4623 ἕτερα
3863 4556 3964 4622 μὲν

578 4630 980 4702 impudentes.
1043 4631 1158 4685 Aut
1205 4628 1483 4684 fortassis
1527 4633 1584 4683 et
1632 4627 1733 4683 alii
1780 4627 2030 4698 quidam
2076 4628 2245 4682 erant

2356 4631 2747 4707 ἐπιτηδεύματα
2800 4639 3027 4707 ἔχοντες,
3086 4643 3187 4696 τοῖς
3238 4637 3416 4698 αὐτοῖς
3476 4634 3533 4688 δὲ
3594 4640 3812 4690 πάθεσιν
3874 4639 3966 4691 ἐν-

577 4717 877 4778 nobiliora
900 4718 1149 4791 quidem
1190 4716 1629 4799 vitae‘instituta
1676 4716 1983 4782 habentes,
2018 4716 2244 4770 eisdem

2356 4728 2613 4795 εχόμενοι.
2647 4731 2729 4794 Τῷ
2763 4727 2863 4799 ’γὰρ
2887 4727 3046 4796 ὁμοίῳ
3076 4730 3257 4800 χαίρει
3283 4728 3339 4777 τό
3367 4727 3560 4799 ὅμοιον.

579 4814 783 4868 tamen
796 4807 1038 4865 obnoxii
1056 4806 1367 4865 affectibus
1391 4826 1404 4865 :
1426 4821 1567 4863 nam
1588 4805 1766 4863 simile
1786 4821 1894 4862 suo
1908 4804 2247 4875 congaudet

582 4896 789 4956 simili.

652 4992 721 5046 Ει
746 4987 858 5045 hos
903 5003 1047 5060 ergo
1098 4987 1404 5046 Matthaaus
1440 4985 1707 5044 convivio
1740 4984 1990 5057 accepit,
2041 4987 2246 5056 utpote

2431 4980 2690 5054 ιῐαρέλαϐε
2734 4982 2835 5053 γὰρ
2888 4986 2975 5033 καὶ
3032 4983 3239 5041 τούτους
3301 4981 3374 5045 εἰς
3422 4982 3658 5036 ἑστίασιν
3707 4984 3733 5034 6
3803 4991 3966 5038 Μκτ-

2354 4461 2442 4508 καὶ
2495 4456 2803 4528 πλεονέκται,
2859 4464 2944 4511 καὶ
2999 4459 3249 4531 ἅρπαγες,
3308 4465 3397 4512 καὶ
3459 4459 3802 4531 ἀσυμπαθεῖς,
3864 4466 3966 4512 καὶ

653 5144 703 5180 ⁷⁵
733 5144 873 5201 Luc.
905 5157 964 5211 v,
995 5141 1088 5197 29.

1787 5231 2014 5301 Variae
2063 5230 2390 5299 lectiones
2421 5239 2486 5297 et
2518 5239 2699 5297 notas

591 5478 602 5491 δ
654 5409 771 5535 ,9111)
800 5408 1205 5491 Haecuterque
1220 5404 1409 5488 codex.
1424 5404 1487 5461 in
1506 5402 1776 5476 margine
1795 5401 1994 5459 habet.
2026 5401 2247 5459 Eadem
2431 5400 2543 5472 (91)
2576 5402 2644 5466 oi,
2678 5399 2847 5456 abest
2871 5400 2928 5454 Β.

591 5493 649 5535 ιιι
678 5494 834 5535 enus
865 5478 1139 5535 exibebat
1166 5479 1508 5535 Hentenius.

588 5478 834 5536 inferius
865 5478 1139 5537 exibebat
1166 5478 1508 5536 Hentenius.

663 5629 787 5707 (dd)
816 5630 1058 5701 Αὐτίκα,,
1079 5646 1204 5689 non
1227 5634 1335 5701 est,
1367 5630 1587 5702 statim,
1624 5628 1751 5695 sed,
1783 5630 2037 5701 exempli
2067 5629 2268 5687 causa.
