4108 6394
196 358 289 415 309
1180 360 1549 419 COMMENT.
1593 361 1662 417 IN
1696 359 2142 418 MATTHEUM.
2181 387 2254 404 —
2292 358 2448 417 CAP.
2492 360 2589 418 IX.
3467 357 3575 415 310

206 491 363 553 θαὶος,
416 492 844 552 κοινωνήσοντας
901 490 1041 562 αὑτῷ
1088 497 1182 553 τῆς
1236 496 1432 564 χαρᾶς,
1491 492 1557 552 ὡς
1624 490 1802 560 ὁμοτέ-

1947 486 2016 558 ςιιί
2047 484 2161 541 sibi
2200 485 2260 541 in
2307 485 2529 555 gaudio
2559 483 3107 552 communicabant,
3170 486 3227 540 et
3273 484 3397 556 ejus
3426 485 3569 541 artis

204 596 363 649 χνους
405 581 494 629 καὶ
550 580 855 642 συντόθεις.
917 587 959 633 0
999 577 1057 633 δε
1123 584 1346 653 Χριστὸς
1402 580 1656 649 ἠνέσχετο
1712 581 1802 629 καὶ

1949 573 2385 645 orumdemque
2404 578 2571 629 erant
2586 589 2846 629 morum.
2869 572 3134 629 Christus
3151 576 3349 629 autem
3361 572 3571 632 tolera-

203 665 471 718 ἀναπεσεῖν
521 671 611 718 καὶ
652 676 1029 721 συναναπεσεὴ
1070 671 1335 733 τοιούτοις,
1395 664 1488 720 διὰ
1536 671 1629 725 τὴν
1680 665 1799 738 με’λ-

1949 666 2014 719 ιᾶῐ
2032 666 2094 717 ut
2109 662 2278 719 etiam
2294 662 2508 734 pariter
2528 679 2665 719 cum
2686 678 2756 719 eo
2776 662 2921 718 tales
2936 661 3379 729 accumberent,
3403 678 3571 736 prop-

198 754 388 807 λουσαν
436 757 677 827 γενέσθαι
721 765 829 817 τοῖς
882 762 1330 829 συνανακειμένοις
1380 755 1641 829 ὠφέλειαν⁵
1708 758 1798 806 καὶ

1949 766 1993 805 3r
2011 754 2325 808 venturam
2358 752 2539 807 simul
2571 751 3069 808 accumbentibus
3117 751 3432 808 utilitatem
3466 768 3480 808 :
3513 755 3571 810 et

197 848 425 916 μετέσχε
466 852 566 896 τῶν
612 844 665 907 ἕξ
707 842 927 909 ἀδικίας
982 848 1361 919 παρατεθέντων
1417 845 1610 908 αὐτοῖς,
1659 841 1800 896 διότι

1945 838 2197 910 ιονίίοθρε
2225 854 2358 895 cum
2385 841 2468 896 eis
2514 845 2641 897 erat
2678 840 3040 896 ferculorum
3074 840 3293 912 injuste
3318 844 3567 914 parato-

194 938 332 1003 μίγα
404 930 592 1005 κέρδος
676 933 903 987 ἐντεῦθεν
973 935 1167 1007 ἔμελλεν
1248 935 1480 1001 ἔσεσθαι,
1554 938 1644 986 καὶ
1706 932 1800 985 οὑκ

1942 942 2065 995 um,
2099 926 2179 984 ob
2210 928 2435 998 grande
2463 929 2721 994 lucrum,
2754 929 2921 1001 quod
2951 928 3092 985 inde
3148 933 3272 986 erat
3315 944 3564 1002 proven-

194 1022 466 1092 ἐφρόντισε
527 1030 627 1084 τῆς
687 1026 833 1095 παρὰ
880 1032 977 1075 τῶν
1024 1023 1219 1075 πολλῶν
1301 1022 1561 1095 μέμψεως,
1628 1017 1794 1088 εἰδὼς,

1941 1032 2156 1075 urum:
2211 1033 2321 1073 nec
2378 1018 2631 1075 curabat
2685 1017 3002 1075 multorum
3062 1017 3563 1088 indignationem,

193 1112 273 1162 ὃτι
333 1112 359 1162 6
413 1110 616 1185 ἰατρὸς,
695 1110 780 1163 ἐὰν
835 1116 906 1185 μὴ
962 1110 1265 1184 ἀνάσχηται
1335 1108 1639 1172 σηπεδόνος.
1706 1110 1797 1161 οὐκ

1940 1106 2100 1163 ciens
2142 1107 2329 1180 quod,
2388 1107 2502 1162 nisi
2564 1106 2836 1163 medicus
2883 1107 3263 1179 putredinem
3314 1107 3562 1173 tolleret,

190 1197 514 1251 ἀπαλλάττει
586 1204 785 1262 ταύτης
843 1205 964 1262 τοὺς
1018 1204 1321 1273 κάμνοντας
1382 1205 1553 1252 καίτοι
1622 1208 1799 1271 σαφῶς

1944 1194 1984 1251 b
2002 1210 2073 1253 ea
2096 1211 2217 1251 non
2234 1194 2509 1251 liberabit
2524 1199 2893 1265 aegrotantes.
2910 1195 3089 1267 Atqui
3116 1195 3296 1267 plane
3320 1199 3564 1254 noverat

190 1287 496 1357 ἐγίνωσκεν,
551 1290 633 1340 ὃτι
686 1293 913 1363 πονηρὰν
970 1288 1192 1342 ἐντεῦθεν
1247 1288 1507 1358 ὑπόληψιν
1552 1287 1793 1358 λήψεται,

1942 1300 2146 1340 εᾶνειω
2177 1284 2315 1340 inde
2346 1283 2750 1355 suspicionem
2790 1284 2860 1339 de
2888 1300 2949 1338 se
2979 1283 3365 1349 exorituram,
3395 1284 3564 1357 quod

189 1373 336 1427 διότι
392 1396 451 1430 τε
506 1381 635 1451 πρὸς
680 1378 908 1448 εὐωχίαν
958 1376 1095 1447 ἧλεέ,
1151 1383 1240 1430 καὶ
1298 1373 1437 1429 διότι
1497 1381 1625 1451 πρὸς
1666 1365 1796 1429 εὑῶ-

1934 1371 1983 1428 .(1
2012 1371 2257 1443 epulum
2284 1376 2557 1439 venisset,
2584 1376 2640 1428 et
2674 1372 2836 1444 quod
2860 1371 2938 1429 ad
2960 1371 3268 1443 publicani
3294 1373 3556 1445 epulum,

185 1470 319 1535 χίαν
351 1466 600 1533 τελώνου,
640 1472 731 1519 καὶ
763 1463 902 1519 διότι
931 1465 1135 1528 πολλοῖς
1162 1465 1399 1528 τελώναις
1438 1470 1526 1517 καὶ
1556 1466 1791 1540 ἁμαρτω-

1937 1460 2190 1534 [ιιοᾱᾳιιο
2216 1461 2383 1517 simul
2416 1476 2555 1516 cum
2595 1459 2796 1517 multis
2849 1459 3186 1532 publicanis
3238 1462 3559 1518 accumbe-

186 1554 294 1615 λοίς
326 1560 693 1609 meruimus».
1902 1553 2011 1605 ret.

257 1642 399 1717 Ὀρα
450 1651 578 1715 γοῦν
644 1645 859 1718 ὕστερον
921 1650 1031 1706 τοὶς
1077 1642 1369 1706 Ἰουδαίους
1445 1641 1793 1708 ὀνειδίζοντας

1973 1637 2119 1695 Vide
2134 1638 2290 1694 enim
2316 1637 2710 1711 postmodum
2728 1638 2969 1695 Iudaeos
2999 1637 3481 1712 improperantes
3506 1639 3561 1697 ei

186 1732 330 1801 αὐτῷ
410 1736 506 1783 καὶ
578 1732 840 1803 λέγοντας·
928 1730 1067 1787 Ἰδοὺ
1152 1736 1416 1808 ἄνθρωπος
1478 1737 1639 1805 φάγος
1704 1738 1790 1785 καὶ

1942 1743 1972 1783 c
2001 1727 2264 1784 dicentes
2289 1742 2300 1781 :
2334 1727 2483 1784 Ecce
2511 1727 2671 1784 homo
2701 1742 2913 1794 vorax,
2957 1730 3010 1783 et
3035 1733 3212 1797 potor
3236 1730 3381 1795 vini,
3413 1728 3562 1787 ami-

185 1820 485 1885 οἰνοπότης,
568 1821 709 1893 φίλος
783 1822 1007 1874 τελωνῶν
1088 1826 1179 1874 καὶ
1255 1822 1599 1897 ἁμαρτωλῶν·
1682 1821 1793 1874 ἀλλ’

1938 1832 1999 1872 us
2015 1816 2481 1887 publicanorum
2503 1822 2556 1873 et
2569 1823 2947 1886 peccatorum
2960 1818 3041 1882 77;
3086 1818 3191 1873 sed
3209 1820 3409 1874 tamen
3429 1819 3560 1878 haec

187 1910 330 1980 ὅμως
406 1908 595 1970 ἐκεῖνος
660 1912 927 1986 ὑπερεώρα
1005 1913 1197 1964 τούτων
1279 1914 1502 1976 πάντων,
1587 1913 1669 1963 ἰνα
1732 1915 1790 1963 τὸ

1934 1905 2105 1961 mnia
2133 1905 2397 1978 despicit,
2423 1909 2489 1960 ut
2516 1904 2681 1977 quod
2713 1912 2959 1962 conatur
2987 1904 3226 1964 emciat.
3256 1907 3326 1963 Ut
3355 1911 3556 1966 autem

188 1994 626 2069 σπουδαζόμενον
674 1998 866 2071 ἀνύσῃ,
916 2003 1002 2051 καὶ
1059 2002 1140 2051 ίνα
1207 2002 1394 2072 μάθῃς,
1442 2002 1522 2052 ὅτι
1568 2019 1789 2053 συνανα-

1935 1994 2054 2051 cias
2104 1995 2267 2067 quod
2328 1994 2505 2050 simul
2554 1993 2990 2059 accumbendo,
3050 2010 3175 2051 rem
3233 1996 3557 2054 maximam

185 2092 358 2138 πεσὼν
400 2087 605 2151 αὐτοῖς,
661 2092 907 2158 μέγιστον
959 2090 1162 2146 ἤνυσεν.
1204 2088 1487 2158 Ἄκουσον,
1540 2093 1593 2141 τί
1660 2107 1791 2161 φησι

1931 2087 2196 2155 ιροιιθιιιε,
2238 2083 2381 2140 audi
2420 2083 2565 2155 quid
2605 2082 2761 2140 dicat
2817 2083 3129 2140 Zacchmus
3182 2083 3553 2157 publicanus.

184 2181 456 2245 Ζακχαῖος
542 2177 569 2226 6
642 2175 883 2237 τελώνης.
970 2173 1181 2234 Ἐπειδὴ
1262 2179 1359 2249 γὰρ
1441 2180 1635 2235 ἤκουσε
1697 2184 1789 2229 τοῦ

1934 2176 2216 2242 ’Ostquam
2242 2171 2400 2227 enim
2423 2171 2725 2227 Christum
2753 2172 2982 2229 audivit
3004 2172 3304 2229 dicentem
3337 2190 3354 2228 :
3377 2174 3556 2232 Hodie

184 2270 425 2335 Χριστοῦ
493 2262 747 2334 λεγοντος,
823 2266 900 2316 ὅτι
971 2270 1194 2339 Σήμερον
1250 2264 1299 2316 ἂν
1362 2273 1433 2335 τῷ
1502 2269 1626 2337 οἴκῳ
1694 2285 1787 2318 σου

1934 2277 1957 2314 νι
1975 2260 2147 2315 domo
2168 2267 2268 2315 tua
2296 2263 2515 2328 oportet
2540 2274 2632 2316 me
2662 2274 2900 2317 manere
2942 2261 3013 2328 ⁷⁸,
3054 2260 3262 2318 animo
3292 2262 3556 2333 gestiens

186 2348 268 2403 δεῖ
316 2371 382 2423 με
434 2358 633 2423 μεῖναι,
700 2354 980 2427 πτερωθεὶς
1047 2354 1146 2405 ὑπὸ
1219 2362 1313 2415 τῆς
1377 2360 1573 2426 χαρᾶς,
1631 2354 1785 2410 εἶπεν.

1934 2352 1955 2404 t
1979 2363 2102 2420 pres
2142 2348 2363 2417 gaudio
2383 2348 2441 2404 in
2469 2348 2723 2405 sublime
2742 2348 3026 2416 elevatus,
3059 2349 3140 2406 ait
3167 2366 3181 2405 :
3212 2349 3359 2407 Ecce
3385 2350 3556 2407 dimi-

184 2436 324 2493 Ἰδοὺ
416 2442 487 2491 τὰ
552 2442 722 2511 ἡμίση
797 2449 897 2492 τῶν
992 2442 1333 2515 ὑπαρχόντων
1422 2462 1531 2514 μοι,
1612 2445 1787 2517 Κύριε,

1934 2437 2061 2493 rium
2081 2436 2425 2494 substantia:
2445 2451 2607 2502 meae,
2635 2438 2899 2503 Domine,
2922 2438 2997 2493 do
3010 2438 3395 2508 pauperibus,
3433 2442 3484 2494 et
3505 2440 3556 2497 si

185 2524 389 2600 διδωμι
439 2536 683 2598 πτωχοῖς
739 2573 753 2599 ,
804 2532 895 2581 καὶ
960 2532 1005 2582 εἶ
1062 2535 1198 2592 τινός
1244 2550 1296 2582 τι
1370 2529 1785 2603 ἐσυκοφάντησα,

1933 2526 2045 2581 παίει
2056 2526 2313 2596 aliquem
2325 2525 2707 2595 defraudavi,
2727 2526 2911 2584 reddo
2941 2527 3369 2598 quadruplum.
3385 2528 3555 2586 Dixit

185 2613 502 2689 ἐποδίδωμι
581 2618 915 2689 τετραπλοῦν.
997 2615 1118 2671 Εἶπε
1184 2616 1244 2672 δε
1329 2623 1459 2693 πρὸς
1539 2619 1692 2671 αὑτὸν
1762 2620 1788 2670 ό

1931 2619 2100 2671 :utem
2120 2613 2198 2669 ad
2227 2628 2353 2670 eum
2381 2615 2549 2671 Jesus
2576 2630 2592 2669 :
2618 2614 2801 2672 Hodie
2825 2614 2984 2673 salus
3020 2615 3160 2673 huic
3180 2616 3379 2674 domui
3388 2616 3553 2687 facta

186 2704 420 2769 Ἰησοῦςσ
503 2710 731 2780 Σήμερον
812 2710 1048 2779 σωτηρία
1129 2705 1200 2779 τῷ
1263 2710 1388 2780 οἴκῳ
1446 2710 1610 2779 τούτῳ
1685 2706 1792 2779 ἐγί·
1899 2709 1979 2759 est
2002 2704 2079 2761 ⁷⁸.

182 2813 308 2847 me.

254 2888 357 2936 Καὶ
389 2890 505 2944 πῶς
541 2884 569 2935 6
620 2885 821 2946 Παῦλος
874 2883 1032 2957 λέγει*
1092 2885 1209 2939 Ἐάν
1250 2904 1333 2947 τις
1390 2882 1611 2958 ἀδελφὸς
1674 2884 1790 2937 ὀνο-

1972 2887 2289 2954 Quomodo
2306 2903 2448 2959 ergo
2471 2888 2611 2945 dicit
2630 2887 2847 2946 Paulus
2875 2904 2890 2945 :
2914 2888 2982 2947 Si
2999 2890 3127 2963 quis
3142 2891 3339 2949 dictus
3358 2892 3556 2963 frater

182 2975 474 3043 μαξάμενος
558 2972 590 3029 ἣ
658 2976 866 3046 πόρνος,
947 2974 976 3032 ἡ
1053 2974 1376 3040 πλεονέκτης,
1434 2982 1504 3045 τῷ
1570 2977 1789 3047 τοιούτῳ

1931 2982 1983 3033 st
1992 2976 2328 3047 fornicator
2340 2977 2455 3048 (rr)
2468 2984 2572 3033 aut
2592 2992 2832 3043 avarus,
2859 2994 2992 3036 cum
3011 2980 3352 3048 huiusmodi
3363 2997 3461 3040 nee
3476 2982 3553 3039 ci-

183 3056 319 3129 μηδι
359 3060 481 3131 (92)
533 3064 822 3114 συνεσθίειν
891 3079 905 3130 ;
953 3062 1011 3115 '0
1076 3062 1273 3123 Παῦλος
1327 3063 1387 3115 οὐ
1444 3066 1574 3138 πρὸς
1628 3060 1787 3116 διδα-

1937 3082 2033 3122 um
2056 3068 2304 3122 sumatis
2324 3065 2412 3121 80?
2432 3064 2652 3121 Paulus
2673 3065 2735 3121 in
2746 3066 2860 3124 hoc
2872 3082 2994 3123 non
3016 3074 3431 3141 praeceptores,
3449 3071 3556 3128 sed

184 3147 431 3215 σιάλους,
464 3147 598 3200 ἀλλὰ
642 3154 773 3222 πρὸς
816 3151 929 3222 (93)
963 3150 1135 3212 ἁπλῶς
1175 3148 1424 3224 ἀδελφοὺς
1476 3156 1628 3205 τοῦτο
1658 3172 1789 3227 παρ-

1932 3153 2247 3227 impliciter
2284 3153 2493 3210 fratres
2532 3153 2898 3212 adhortatur.
2938 3156 3230 3216 Praeterca
3258 3158 3333 3215 de
3370 3158 3552 3219 fratre

180 3244 335 3292 αινεῖ.
379 3237 540 3291 Ἀλλὰ
597 3243 684 3289 καὶ
733 3244 853 3313 περὶ
891 3236 1122 3312 ἀδελφῶν
1172 3243 1359 3302 ἐκεῖνος
1397 3244 1547 3294 τοῦτό
1605 3260 1784 3313 φησιν·

1935 3260 2011 3301 .oc
2040 3242 2182 3299 dicit
2219 3242 2349 3298 ille:
2398 3242 2463 3298 Hi
2502 3247 2702 3299 autem
2747 3242 3055 3317 publicani
3112 3244 3383 3303 nondum
3413 3246 3557 3307 facti

180 3324 324 3377 οὗτοι
362 3322 426 3378 δε
466 3328 514 3377 οἱ
572 3326 787 3379 τελῶναι
841 3332 928 3380 καὶ
985 3328 1279 3403 ἁμαρτωλοὶ
1318 3332 1460 3380 οὔπω
1511 3334 1786 3400 γεγόνασιν

1933 3335 2065 3390 rant
2082 3331 2316 3389 fratres.
2346 3331 2436 3387 Ad
2463 3330 2610 3397 haec,
2632 3331 2779 3390 dum
2800 3333 3239 3405 permanserint
3265 3335 3326 3393 in
3346 3351 3555 3409 pecca-

180 3410 419 3485 ἀδελφοί.
467 3414 627 3467 Ἀλλὰ
673 3422 783 3481 καὶ,
838 3418 957 3468 ὅταν
1006 3416 1287 3490 ἐπιμένωσι
1325 3424 1439 3479 ταῖς
1479 3417 1782 3491 ἁμαρτίαιςο

1931 3423 1969 3478 is
1995 3421 2110 3478 hoc
2147 3419 2501 3476 faciundum
2553 3424 2641 3479 est
2672 3436 2688 3487 ;
2716 3420 2815 3478 isti
2852 3437 2996 3479 vero
3049 3422 3251 3495 potius
3316 3439 3391 3482 ex
3436 3424 3553 3483 hoc

176 3501 323 3553 οὗτοι
352 3500 415 3555 ὁὶ
442 3502 836 3575 μεταϐληθῆναι
856 3504 1045 3577 μᾶλλον
1071 3505 1292 3578 ἔμελλον.

868 3504 1045 3557 uano»
1071 3505 1292 3578 ἔμελλον.
1895 3507 2277 3567 convertendi
2302 3511 2490 3564 erant.

245 3596 350 3643 Καὶ
391 3622 464 3631 —
505 3593 532 3643 6
556 3588 884 3655 διδάσκαλος
913 3595 1051 3665 ὑμῶν
1085 3597 1335 3669 ;Μείρκος
1367 3591 1425 3648 δὲ
1465 3599 1553 3648 καὶ
1580 3600 1787 3659 Λουκᾶς

1966 3600 2128 3654 Vers.
2164 3601 2249 3653 11·
2275 3596 2354 3652 Et
2392 3626 2460 3638 —
2510 3597 2794 3669 magister
2812 3600 3043 3657 vester?
3084 3599 3317 3658 Marcus
3366 3605 3422 3658 et
3446 3603 3554 3659 Lu-

174 3686 356 3748 φασὶν,
384 3681 471 3731 ὅτι
498 3684 589 3732 καὶ
615 3682 664 3733 οἱ
691 3686 1013 3757 Γραμματεῖς
1034 3691 1186 3735 τοῦτο
1206 3685 1337 3755 μετὰ
1358 3692 1456 3735 τῶν
1489 3688 1785 3757 Φαρισαίων

1932 3704 1999 3745 as
2020 3684 2491 3742 dixeruntetiam
2514 3686 2752 3745 Scribas
2763 3687 2943 3747 simul
2958 3704 3098 3746 cum
3120 3688 3426 3749 Pharismis
3437 3689 3554 3751 hoc

172 3765 336 3823 εἶπον.

1893 3777 2108 3836 dixisse
2146 3781 2190 3819 ⁸¹
2203 3821 2216 3834 .

238 3854 380 3928 Ὀρα
438 3852 519 3923 δε,
559 3865 668 3920 πῶς
730 3859 813 3911 ὅτε
866 3861 957 3930 μὶν
995 3861 1044 3912 οἱ
1080 3861 1314 3932 μαθηταὶ
1345 3856 1593 3914 δοκοῦσιν
1619 3860 1787 3933 ἁμαρ-

1966 3868 2113 3925 Vide
2143 3874 2346 3928 autem
2369 3869 2558 3943 quod,
2600 3866 2843 3942 quando
2872 3865 3147 3940 discipuli
3177 3882 3426 3939 peccare
3469 3868 3554 3927 vi-

166 3946 363 4014 τείνειν,
418 3953 497 4016 τῷ
556 3942 867 4017 διδασκάλῳ
914 3948 1028 4000 κατ’
1067 3948 1234 4001 αὑτῶν
1278 3947 1538 4020 λέγουσιν’
1582 3946 1707 4003 Ιδοὺ
1737 3948 1787 4002 οὶ

1938 3962 2129 4023 entur,
2188 3958 2540 4032 praeceptori
2589 3958 2876 4015 adversus
2931 3954 3064 4012 illos
3098 3955 3346 4014 dicunt:
3405 3958 3554 4017 Ecce

160 4034 413 4101 μαθηταί
462 4054 563 4086 σου
616 4035 1026 4104 (941ποιὸῦσιν,
1072 4039 1099 4089 ὃ
1147 4037 1239 4090 οὑκ
1296 4036 1461 4101 ἔξεστι
1516 4035 1678 4090 ποιεῖν
1734 4037 1782 4090 ἕν

1932 4046 2182 4116 ’iscipuli
2210 4049 2304 4103 tui
2332 4048 2564 4118 faciunt
2586 4047 2653 4114 ",
2676 4043 2977 4118 quodnon
2994 4042 3129 4100 licet
3164 4042 3358 4102 facere
3400 4046 3554 4103 Sab-

158 4124 450 4195 Σαϐϐατῳ·
481 4126 567 4176 ὅτε
614 4121 673 4177 δε
708 4128 732 4177 6
767 4122 1110 4197 διδάσκαλος,
1143 4131 1206 4188 ὡς
1254 4133 1342 4180 καὶ
1371 4136 1480 4193 νῦν,
1510 4131 1652 4203 παρὰ
1676 4137 1780 4193 τοῖς

1929 4136 2490 4201 ›δ.ῐὶε.οιιθ,[ιᾱονθι·ο
2525 4136 2876 4208 praeceptor,
2892 4136 2958 4187 ut
2975 4146 3156 4197 nunc,
3200 4134 3362 4205 apud
3376 4133 3551 4193 disci-

156 4214 446 4283 μαθηταῖς
503 4210 877 4267 διαϐάλλουσιν
931 4216 1100 4283 αὑτὸν,
1151 4225 1579 4291 κακουργοῦντες,
1649 4220 1778 4272 ὥστε

1932 4223 2237 4281 ulosillum
2259 4223 2720 4289 calumniantur,
2739 4220 2944 4278 dolose
2957 4225 3202 4290 agentes
3226 4221 3549 4281 utchorum

152 4308 249 4353 τόν
280 4308 458 4377 χορὸν
488 4312 591 4355 τῶν
621 4306 866 4375 μαθητῶν
893 4303 1183 4379 ἀπορρῆξαι
1209 4315 1301 4359 τοῦ
1335 4304 1684 4362 διδασκάλου.
1718 4315 1774 4361 Tt

1928 4312 2325 4384 iscipulorum
2351 4328 2387 4369 a
2408 4318 2771 4385 praeceptore
2799 4312 3096 4383 separent.
3123 4309 3275 4375 Quid
3303 4324 3446 4382 ergo
3466 4311 3550 4371 ait

150 4388 251 4443 οὖν
288 4396 317 4451 η
349 4395 571 4465 ἄπειρος
606 4398 799 4465 σοφία;

1890 4400 2185 4473 profunda
2207 4401 2507 4473 Sapientia
2538 4403 2566 4458 τ

226 4482 295 4533 Ὀ
327 4480 393 4534 δὲ
413 4484 640 4542 Ἰησοῦς
680 4481 910 4546 ἀκούσας
946 4515 1014 4525 -
1044 4492 1213 4546 κακῶς
1250 4488 1479 4556 ἔχοντες.
1514 4486 1642 4540 Ἀπὸ
1666 4506 1777 4539 κοι-
1812 4529 1848 4584 D

1960 4489 2124 4545 Vers.
2156 4493 2240 4545 12.
2284 4492 2405 4559 Quo
2449 4490 2656 4547 audito
2694 4487 2859 4547 Iesus
2881 4518 2951 4529 —
2988 4488 3151 4584 male
3173 4486 3544 4548 habentibus.

149 4579 248 4621 νοῦ
282 4568 718 4645 παραδείγματος
742 4571 1074 4645 ἐπεστόμισεν
1101 4574 1309 4639 αὐτοὺς,
1342 4580 1431 4627 καὶ
1462 4578 1519 4627 τό
1544 4575 1771 4647 ἔγκλημα

1925 4579 2269 4635 .communi
2294 4579 2570 4652 exemplo
2602 4594 2669 4637 os
2724 4578 2840 4635 illis
2885 4576 3203 4650 oppressit,
3235 4584 3291 4634 et
3311 4594 3547 4638 accusa-

151 4669 317 4713 τοῦτο
394 4660 593 4733 μᾶλλον
669 4662 738 4722 εἰς
815 4665 1129 4735 κατόρθωμα
1211 4664 1528 4737 περιέτρεψε,
1607 4663 1773 4728 δείξας

1922 4667 2110 4723 ionem
2161 4668 2318 4725 hanc
2373 4669 2572 4741 potius
2627 4668 2705 4726 ad
2750 4667 2973 4723 virtutis
3034 4681 3187 4740 Opus
3235 4668 3544 4737 convertit,

156 4750 216 4801 οὗ
284 4757 449 4823 μόνον
508 4752 799 4822 ἄμεμπτον,
874 4750 1002 4804 ἀλλὰ
1066 4758 1156 4805 καὶ
1221 4752 1409 4824 μᾶλλον
1494 4752 1771 4808 ἐπαινετόν.

1926 4755 2207 4811 stendens
2253 4772 2378 4813 non
2430 4756 2627 4814 solum
2678 4755 3193 4828 irreprehensibile
3248 4771 3400 4828 esse,
3436 4758 3545 4816 sed

158 4837 292 4892 Εἶτα
350 4845 447 4892 καὶ
506 4838 609 4892 ἀπὸ
672 4846 875 4913 Γραφῆς
938 4846 1261 4913 πρόφητικῆς
1318 4842 1502 4903 αὑτοὺς
1557 4845 1773 4913 ἔπεισεν,

1920 4844 2080 4914 uagis
2104 4844 2283 4901 laude
2303 4846 2581 4916 dignum.
2636 4845 2856 4902 Deinde
2881 4861 2918 4903 a
2948 4844 3252 4918 Scriptura
3297 4860 3542 4920 quoque

164 4929 339 4981 εἰπών’
1887 4933 2237 5006 prophetica
2263 4934 2603 5007 persuadet,
2643 4934 2850 4992 dicens
2881 4950 2896 4992 :

168 5054 668 5193 "Zar‘gttlxih’x;
720 5058 803 5110 19.
881 5055 932 5091 ⁷⁸
961 5056 1098 5113 Luc.
1144 5071 1263 5123 xix,
1319 5060 1370 5112 5.
1448 5058 1496 5093 τ’
1550 5056 1700 5113 ibid.
1762 5073 1881 5122 Vill,
1913 5061 1964 5113 9.
2044 5060 2092 5095 ⁸ο
2139 5059 2409 5127 lCor.v,
2446 5061 2529 5116 ll.
2608 5060 2653 5096 ⁸¹
2694 5062 2867 5119 Marc.
2917 5075 2978 5126 ll,
3032 5062 3135 5127 16;
3190 5060 3332 5120 Luc.
3379 5073 3436 5131 ν,
3471 5064 3541 5121 30

1408 5222 1635 5295 Variae
1650 5225 1976 5296 lectiones
1996 5235 2063 5294 et
2083 5234 2288 5295 notae.

256 5396 343 5468 οε)
378 5404 451 5468 μή
500 5398 567 5455 Α.

1954 5395 2072 5467 (94)
2092 5414 2208 5461 σου,
2242 5394 2455 5453 omittit
2478 5396 2540 5452 Β.

256 5472 338 5543 93)
374 5468 599 5531 Rarum
621 5468 767 5533 hoc,
803 5470 1077 5539 παραινεῖν
1101 5468 1232 5539 πρὸς
1262 5484 1401 5521 τινα.

231 5622 325 5699 (rr)
352 5626 459 5687 Est
479 5624 877 5699 fornicator.
905 5615 1149 5675 Videtur
1177 5631 1319 5691 ergo
1356 5616 1571 5690 legisse
1601 5614 1654 5692 ᾖ,
1683 5616 1819 5676 loco
1858 5618 1914 5687 ἢ,
1938 5617 2055 5676 nisi
2080 5617 2385 5691 vulgatam
2422 5616 2719 5694 Latinam,
2749 5620 2814 5677 ut
2851 5616 3020 5690 solet,
3049 5618 3361 5696 expressit.
