4098 6390
556 320 657 377 311

558 551 797 608 quoque
834 534 949 591 illis
984 535 1415 607 Scripturarum
1451 536 1876 606 ignorantiam,
1918 551 2209 591 revocans

560 624 995 681 acmodestiam
1013 624 1066 679 fa
1078 630 1233 679 stum
1253 625 1543 696 ipsorum,
1563 630 1621 680 et
1637 625 1698 680 id
1716 626 1878 697 quod
1898 626 2211 695 agitsupra

560 714 852 769 sacriﬁcia
880 712 1185 769 extollens.
1231 717 1326 769 Est
1373 719 1573 769 autem
1632 714 2003 770 tantumdem
2060 730 2130 769 ac
2162 713 2211 768 si

559 803 750 859 dicat:
780 806 907 859 Non
951 808 1039 858 est
1063 809 1270 859 contra
1323 804 1681 875 Scripturam
1730 819 1987 866 sacram,
2044 803 2211 875 quod

559 891 736 948 facio.
782 892 936 948 Deus
975 892 1127 948 enim
1172 892 1529 964 prophetam
1577 893 1823 949 dicens:
1883 894 2212 949 Misericor-

561 982 722 1037 diam
744 982 896 1048 volo,
932 997 1051 1037 non
1095 982 1450 1050 sacriﬁcium
1494 983 1562 1047 ⁸³,
1600 982 1858 1038 ostendit
1900 981 2210 1055 meliorem

562 1087 695 1127 esse
727 1071 1189 1127 misericordiam
1221 1086 1407 1142 quam
1435 1071 1819 1128 sacriﬁcium.
1850 1072 1987 1127 ldeo
2018 1076 2075 1127 et
2099 1086 2211 1141 ego

561 1160 1030 1215 misericordiam
1052 1165 1347 1230 praestans
1367 1159 1461 1214 his
1482 1159 1587 1231 qui
1614 1160 1868 1231 peccatis
1899 1164 2039 1215 sunt
2060 1174 2212 1215 mor-

558 1248 700 1313 bidi,
735 1248 925 1304 infero
954 1264 1051 1304 me
1095 1248 1229 1314 illis,
1261 1253 1318 1304 et
1352 1265 1489 1304 cum
1519 1248 1604 1303 eis
1659 1263 2047 1317 conversans,
2079 1263 2213 1304 om-

558 1352 698 1393 nem
718 1337 967 1393 curandi
996 1338 1247 1392 modum
1272 1337 1551 1392 adhibeo.

632 1426 796 1481 Vers.
819 1425 903 1480 13.
931 1426 1136 1497 Neque
1159 1456 1229 1465 —
1246 1427 1676 1494 penitentiam.
1702 1428 1829 1481 Non
1848 1424 1978 1480 veni
1995 1428 2057 1480 ut
2074 1441 2211 1480 cum

556 1514 735 1586 justis
765 1529 1079 1570 converser
1112 1532 1125 1582 ;
1154 1530 1299 1569 nam
1346 1514 1460 1586 ipsi
1500 1513 1610 1570 sibi
1642 1515 1718 1569 ad
1770 1513 2024 1569 salutem
2053 1512 2212 1568 sufﬁ-

562 1604 765 1661 ciunt:
801 1602 905 1658 sed
941 1602 1127 1658 fateor
1156 1608 1394 1673 propter
1418 1602 1578 1658 solos
1615 1606 1959 1674 peccatores
1999 1617 2094 1657 me
2118 1617 2215 1657 ve-

560 1692 746 1756 nisse,
804 1690 905 1763 qui
958 1690 1304 1762 poenitentia
1346 1690 1657 1760 indigent;
1711 1690 2015 1761 quomodo
2071 1704 2213 1759 ergo

1884 319 2235 377 EUTHYMII
2274 320 2598 379 ZIGABENI

628 448 789 503 Vers.
856 448 937 501 13.
1010 446 1235 502 Eunte:
1287 476 1354 487 —
1410 447 1789 516 sacriﬁcium.
1836 449 2211 519 Improperat

2390 450 2721 521 Πορευθέντες
2802 480 2870 490 -—
2934 454 3141 507 θυσίαν.

3817 333 3929 390 312

3222 451 3506 516 Ὀνειδίζει
3574 459 3665 528 μεν
3742 457 3927 519 αὐτοῖς

2317 540 2405 588 καὶ
2462 536 2689 607 ἁμάθιαν
2751 546 2850 590 τῶν
2910 546 3140 612 Γραφῶν,
3215 544 3548 596 καταστέλλει
3601 542 3659 597 δε
3708 552 3800 597 καὶ
3865 549 3926 597 τὸ

2319 628 2559 697 φρόνημα
2634 628 2848 694 τούτων,
2934 626 3279 701 ἐπαιρομένων
3355 630 3440 684 ἐπὶ
3504 640 3620 695 ταῖς
3686 636 3926 694 θῦσίαις.

2316 711 2382 763 Ὀ
2446 709 2503 765 δὲ
2550 712 2705 784 λέγει,
2773 723 3004 767 τοιοῦτον
3061 716 3220 786 ἔστιν,
3275 720 3353 771 ὅτι
3395 717 3562 773 Οὐδὲν
3605 720 3827 775 ἐναντίον
3860 729 3923 795 τῇ

2322 802 2431 873 θείᾳ
2485 806 2659 874 Γραφῇ
2720 811 2871 856 ποιῶ.
2918 809 3019 858 Καὶ
3074 808 3175 880 γὰρ
3222 808 3247 858 ὁ
3289 811 3419 870 Θεὸς
3484 810 3636 861 εἰπων
3692 807 3787 863 διὰ
3833 816 3929 864 τοῦ

2315 894 2604 963 προφήτου·
2660 889 2831 945 Ἐλεον
2905 892 3051 963 θέλω,
3080 895 3204 951 ἷκαὶ
3288 895 3348 948 ού
3428 899 3632 950 θυσίαν⁸
3706 895 3924 970 ἔδειξεν,

2320 979 2399 1030 ὅτι
2438 984 2678 1051 κρείττων
2733 981 2921 1042 θυσίας
2972 981 3115 1035 ἐστὶν
3163 984 3190 1036 ὁ
3227 983 3386 1046 ἵλεος,
3454 988 3542 1038 Διό
3581 988 3727 1058 κάγὼ
3776 986 3929 1041 ἐλεῶν

2318 1069 2440 1127 τοὺς
2469 1075 2749 1130 νοσοῦντας
2798 1067 2846 1120 ἓν
2898 1069 3011 1141 (95)
3060 1071 3360 1146 ἁμαρτίαις,
3419 1072 3663 1147 ἐπιδημώ
3699 1078 3925 1147 τούτοις,

2320 1156 2383 1214 ὡς
2449 1155 2645 1228 ἰατρός,
2696 1162 2785 1209 καὶ
2835 1164 3335 1234 συναναστρίφομαι,
3389 1166 3479 1215 καὶ
3533 1169 3686 1217 παντὶ
3746 1170 3929 1239 τρόπῳ

2324 1242 2605 1317 θεραπεύω.

2393 1422 2467 1472 Ού
2524 1452 2594 1461 -
2666 1425 2957 1494 μετάνοιαν.
3026 1425 3135 1477 Ούκ
3225 1422 3378 1484 ἦλθον
3446 1426 3757 1503 ἐπιστρέψαι
3844 1426 3930 1484 δι-

2320 1512 2517 1569 καίους
2566 1510 2714 1563 αύτοὶ
2769 1515 2870 1583 γὰρ
2954 1512 3151 1575 ἑαυτοῖς
3205 1513 3456 1588 ἀρκοῦσιν
3508 1522 3576 1578 εὶς
3634 1522 3930 1591 σωτηρίαν·

2322 1595 2427 1648 ἀλλ’
2478 1598 2730 1670 ὁμολογῶ,
2790 1597 2883 1651 διὰ
2937 1606 3124 1674 μόνους
3178 1608 3299 1664 τούς
3355 1604 3687 1678 ἁμαρτωλοὺς
3740 1605 3928 1673 ἐλθεῖν,

2324 1682 2595 1758 δεομένους
2637 1694 2922 1758 μετανοίας.
2982 1696 3081 1743 Καὶ
3128 1700 3233 1751 πῶς
3261 1694 3366 1766 ἄρα
3419 1690 3746 1765 βδελύξομαι
3801 1698 3933 1747 τού-

570 1780 680 1835 hos
705 1778 1108 1835 abominabor
1142 1784 1384 1851 propter
1417 1794 1571 1851 quos
1600 1779 1773 1834 veni?
1812 1779 1952 1834 Dicit
1989 1782 2212 1835 autem-

2327 1793 2458 1840 τους,
2499 1770 2570 1826 δι’
2612 1775 2696 1836 οὓς
2758 1776 2975 1835 ἐλήλυθα
3038 1795 3050 1844 ;
3105 1784 3241 1837 Φησὶ
3300 1777 3358 1833 δε
3410 1783 3435 1832 ὁ
3491 1782 3603 1853 (96)
3638 1786 3928 1853 Χρυσὸστο

563 1868 1025 1940 Chrysostomus
1068 1868 1182 1923 hoc
1212 1867 1429 1924 ironice
1459 1867 1749 1923 Christum
1787 1867 2008 1923 dixisse
2034 1880 2046 1919 :
2078 1866 2213 1922 Non

560 1958 720 2014 venit
748 1962 813 2013 ut
831 1971 1099 2014 vacarem
1116 1957 1326 2027 justas,
1356 1956 1567 2029 quales
1590 1972 1698 2013 vos
1727 1956 1866 2012 estis
1883 1955 2215 2027 justiﬁcan-

562 2052 651 2104 tes
689 2062 798 2102 vos
835 2047 1021 2117 ipsos.

641 2134 797 2190 Vers.
848 2135 929 2189 M.
986 2135 1147 2189 Tunc
1176 2163 1246 2176 —
1283 2135 1623 2204 jejunant?
1670 2136 1738 2189 Et
1791 2134 1908 2189 hoc
1972 2147 2216 2205 quoque

564 2223 796 2277 Marcus
841 2229 896 2277 et
952 2224 1142 2277 Lucas
1202 2222 1441 2278 Scribas
1490 2227 1546 2277 et
1609 2222 1932 2277 Pharisasos
1997 2220 2217 2277 dixisse

563 2311 732 2372 aiunt
759 2312 826 2366 ⁸⁵.
856 2312 1063 2382 Itaque
1089 2310 1470 2367 manifestum
1501 2314 1592 2366 est
1624 2310 1737 2366 hos
1777 2310 2041 2381 primum
2067 2308 2217 2365 illud

563 2399 799 2465 dixisse,
830 2399 1048 2455 deinde
1086 2403 1144 2455 et
1174 2399 1425 2455 Joannis
1481 2398 1806 2470 discipulos
1862 2397 2214 2462 concitasse,

564 2505 635 2545 ac
670 2489 720 2544 si
769 2488 949 2544 etiam
1000 2488 1081 2542 illi
1133 2488 1419 2543 adversus
1467 2486 1763 2543 Christum
1805 2485 1969 2558 quasi
2016 2484 2215 2541 aemuli

563 2577 760 2633 affecti
786 2581 1003 2632 essent.
1035 2579 1102 2632 Et
1125 2576 1270 2649 quia
1318 2592 1355 2633 a
1401 2576 1702 2631 Salvatore
1750 2590 1818 2630 os
1842 2574 1955 2629 illis
1977 2574 2218 2629 obtura-

567 2669 693 2720 tum
765 2670 910 2729 erat,
989 2664 1353 2720 transferunt
1409 2663 1877 2734 indignationem
1947 2662 2027 2717 ad
2086 2662 2215 2732 ejus

562 2753 914 2826 discipulos,
942 2757 998 2809 et
1028 2753 1369 2809 accedentes
1415 2752 1787 2809 accusabant
1833 2766 1954 2807 eos.
1992 2753 2088 2805 Est
2113 2765 2215 2805 au-

560 2845 681 2899 tem
731 2842 1106 2898 tantumdem
1136 2858 1205 2898 ac
1233 2842 1281 2898 si
1306 2843 1571 2898 dicerent
1598 2857 1620 2897 .·
1665 2841 1722 2897 Si
1768 2845 1832 2896 tu
1882 2840 2010 2895 haec
2042 2839 2215 2910 quasi

560 2931 828 2987 medicus
867 2930 948 2987 ita
994 2931 1145 3001 agis,
1187 2946 1373 3003 quare
1410 2929 1734 3001 discipulos
1785 2944 1907 2985 non
1931 2927 2105 2999 jubes
2129 2928 2216 2998 je-

555 3020 787 3091 junare,
829 3024 885 3075 et
915 3035 1037 3076 non
1074 3018 1249 3089 genio
1294 3018 1601 3091 indulgere
1636 3017 1665 3074 ἲ
1694 3017 1962 3076 Primum
2011 3022 2214 3073 autem

562 3109 791 3180 seipsos
814 3108 1085 3172 laudant,
1118 3107 1441 3177 gloriantes
1480 3106 1646 3181 quod
1690 3106 2026 3179 frequenter
2058 3104 2212 3176 jeju-
2249 3133 2291 3191 ο

558 3202 790 3254 narent.
820 3196 969 3253 Nam
995 3197 1356 3268 jejunabant
1390 3212 1403 3251 :
1450 3194 1511 3251 hi
1541 3194 1787 3269 quidem
1831 3210 1867 3251 a
1894 3194 2125 3250 Joanne
2152 3192 2215 3248 id

558 3285 939 3359 accipientes,
971 3284 1057 3340 illi
1088 3300 1228 3341 vero
1266 3301 1303 3341 a
1354 3284 1503 3354 lege.
1534 3285 1762 3343 Deinde
1812 3287 2011 3341 autem
2042 3281 2214 3337 disci-

560 3374 719 3447 pulis
750 3376 879 3445 ejus
918 3373 1331 3438 detrahebant,
1392 3376 1455 3430 Et
1497 3372 1635 3428 vide
1685 3370 1899 3428 Christi
1939 3386 2216 3427 mansue-

559 3462 829 3519 tudinem
851 3504 866 3519 .
898 3465 1099 3533 Neque
1124 3462 1283 3517 enim
1309 3460 1503 3531 arguit
1519 3477 1621 3517 eos
1641 3460 1819 3533 quasi
1843 3464 2212 3531 arrOgantes,

561 3552 670 3608 sed
698 3567 806 3625 per
841 3550 1198 3625 parabolam
1220 3549 1332 3606 illis
1357 3549 1621 3607 hilariter
1649 3548 1997 3621 respondet.

632 3730 795 3785 Vers.
831 3734 915 3785 15.
952 3729 1033 3784 Et
1076 3728 1161 3784 ait
1194 3758 1261 3769 —
1290 3733 1578 3799 sponsus?
1608 3726 1891 3799 Superius
1946 3724 2215 3798 seipsum

561 3818 859 3876 medicum
887 3816 1241 3883 nominavit,
1294 3817 1387 3873 hic
1419 3824 1619 3873 autem
1647 3831 1959 3888 sponsum.
2003 3818 2069 3871 Et
2094 3829 2216 3870 me-

558 3906 671 3963 rito
701 3905 1002 3962 medicum
1028 3905 1291 3977 quidem,
1326 3908 1530 3977 utpote
1574 3908 1824 3973 aegrotas
1854 3904 2089 3959 animas
2118 3918 2215 3958 cu-

559 3986 830 4063 rantem;
883 4009 1177 4066 sponsum
1248 4009 1411 4058 vero,
1484 3997 1771 4065 tanquam
1816 3992 1923 4048 has
1980 4008 2118 4064 qum
2155 3991 2216 4046 in

560 4083 896 4153 dirginitate
945 4082 1173 4152 degunt
1217 4082 1327 4137 sibi
1350 4082 1843 4154 desponsantem.
1886 4080 2059 4137 Filios
2117 4095 2219 4134 au-

560 4179 680 4230 tem
722 4172 927 4245 sponsi
949 4171 1091 4227 dicit
1117 4170 1469 4227 domesticos
1510 4171 1639 4242 ejus
1679 4187 1810 4242 quae
1850 4170 2217 4241 desponsata

560 4266 650 4319 est
706 4262 827 4333 (ss).
880 4259 1036 4316 Dixit
1077 4263 1276 4317 autem
1311 4260 1425 4316 hoc
1457 4259 1749 4316 reducens
1797 4258 1916 4314 illis
1966 4257 2046 4314 ad
2104 4271 2221 4311 mc-

559 4352 816 4408 moriam
854 4348 1103 4406 Joannis
1133 4348 1407 4415 verbum,
1438 4348 1588 4405 dixit
1617 4364 1628 4403 :
1665 4348 1815 4415 Quia
1842 4347 2018 4404 habet
2048 4360 2219 4416 spon-

2321 1882 2437 1934 μος,
2459 1866 2545 1915 τὸν
2576 1868 2804 1937 Χριστὸν
2839 1863 2990 1918 τοῦτο
3036 1870 3153 1921 κατ’
3209 1868 3467 1942 εἰρωνείαν
3498 1869 3678 1935 εἰπεῖν,
3707 1872 3791 1922 ὅτι
3812 1870 3931 1923 Ούκ

2323 1948 2475 2008 ἦλθον
2498 1952 2711 2005 καλέσαι
2740 1950 2998 2017 δικαίους,
3039 1957 3139 2009 οἷοί
3167 1955 3282 2009 ἕστε
3309 1956 3473 2029 ὑμεῖς,
3513 1960 3562 2010 οἱ
3594 1954 3930 2020 δικαιοῦντες

2323 2060 2553 2101 εαυτους.

2393 2134 2519 2182 Τότε
2573 2161 2641 2170 -
2679 2134 3020 2188 νηστεύουσιν
3063 2151 3077 2197 τ,
3123 2132 3345 2205 Ὀμοίως
3400 2138 3490 2187 καὶ
3544 2141 3699 2187 τοῦτο
3765 2136 3929 2207 Μάρ-

2322 2236 2412 2278 κος
2462 2222 2551 2269 καὶ
2603 2224 2827 2285 Λουκᾶς,
2888 2225 3009 2282 τοῦς
3064 2227 3394 2294 Γραμματεῖς
3458 2228 3548 2275 καὶ
3606 2228 3931 2296 Φαρισαίους

2326 2306 2480 2359 εἰπεῖν
2569 2306 2828 2377 λέγουσιν,
2916 2310 2987 2371 ὡς
3068 2306 3199 2361 εἶναι
3290 2306 3469 2377 δῆλον,
3557 2312 3636 2363 ὃτι
3716 2318 3929 2384 πρῶτον

2324 2398 2413 2465 μὲν
2442 2394 2625 2447 ἐκεῖνοι
2670 2403 2820 2448 τοῦτο
2870 2393 3029 2461 εἶπον,
3082 2394 3192 2449 εἶτα
3245 2404 3606 2471 παρώρμησαν
3654 2404 3745 2450 καὶ
3804 2402 3930 2459 τοὺς

2323 2490 2414 2535 τοῦ
2442 2490 2737 2535 Βαπτιστοῦ
2786 2486 3047 2555 μαθητὰς,
3083 2488 3151 2548 ὡς
3203 2482 3560 2559 διακειμένους
3606 2492 3696 2539 καὶ
3734 2486 3931 2547 αὐτούς

2323 2575 2448 2643 πρὸς
2500 2576 2586 2624 τὸν
2644 2576 2873 2645 Χριστὸν
2930 2574 3252 2636 ζηλοτύπως.
3316 2580 3417 2628 Καὶ
3482 2574 3589 2628 ἐπεὶ
3656 2576 3756 2627 ύπό
3832 2583 3929 2627 τοῦ

2324 2668 2561 2733 Σωτῆρος
2607 2658 3085 2733 ἐπεστομίσθησαν,
3160 2667 3489 2735 μετέστησαν
3556 2668 3649 2722 τὴν
3719 2663 3926 2735 μέμψιν

2322 2748 2405 2801 ἐπὶ
2452 2752 2572 2809 τούς
2628 2752 2869 2821 μαθητὰς
2933 2751 3112 2819 αὐτοῦ,
3183 2756 3272 2803 καὶ
3328 2751 3691 2824 προσελθόντες
3746 2750 3929 2803 ἐνεκά-

2321 2837 2439 2890 λουν
2470 2838 2585 2889 κατ’
2634 2838 2822 2892 αὐτῶν.
2875 2838 2940 2889 ’⁵0
2990 2835 3051 2892 δέ
3097 2839 3288 2910 ἔλεγον,
3338 2847 3567 2893 τοιοῦτον
3612 2836 3692 2898 ἦν·
3728 2841 3832 2905 ὄτι,
3868 2840 3933 2893 Εἰ

2323 2931 2411 2978 καὶ
2446 2930 2530 2992 σύ,
2564 2928 2632 2987 ὡς
2682 2926 2872 2997 ἰατρὸς,
2904 2934 3066 2980 ταῦτα
3095 2935 3279 2993 ποιεῖς,
3323 2926 3471 2981 ὸιατί
3496 2928 3589 2980 ούκ
3636 2929 3932 2989 ἐπιτάττεις

2323 3022 2429 3076 τοῖς
2466 3017 2723 3087 μαθηταῖς
2774 3034 2868 3067 σου
2912 3019 3200 3085 νηστεύειν,
3249 3020 3339 3068 καὶ
3389 3020 3461 3089 μὴ
3507 3021 3704 3089 τρυφᾴν
3737 3033 3751 3083 ;
3780 3016 3934 3069 Ἐαυ-

2323 3108 2440 3164 τούς
2495 3101 2553 3156 δε
2618 3109 2816 3178 πρῶτον
2875 3103 3167 3171 ἐπαινοῦσι,
3249 3105 3625 3176 κομπάζοντες,
3676 3106 3756 3157 ὅτι
3810 3111 3933 3162 Νη-

2327 3195 2569 3265 στεύομεν
2623 3192 2804 3245 πολλά.
2850 3198 2950 3246 Καὶ
2992 3195 3092 3266 γὰρ
3155 3191 3448 3256 ἐνήστευον,
3508 3196 3557 3246 οἱ
3607 3195 3719 3265 μεν,
3782 3195 3935 3267 παρὰ

2325 3280 2561 3335 Ἰωάννου
2626 3288 2778 3333 τοῦτο
2843 3284 3111 3352 μαθόντες,
3175 3283 3224 3333 οὶ
3273 3278 3351 3350 δι,
3409 3285 3549 3355 παρὰ
3604 3289 3695 3333 τοῦ
3739 3286 3929 3354 νόμου.

2324 3366 2452 3425 Εἶτα
2489 3372 2611 3432 τοὺς
2662 3372 2897 3441 μαθητὰς
2953 3370 3112 3422 αὐτοῦ
3166 3366 3504 3441 διασύρουσι.
3550 3374 3651 3423 Καὶ
3706 3371 3803 3442 ὅρα
3830 3373 3935 3429 τήν

2325 3458 2597 3511 ἐπιείκειαν
2648 3466 2738 3511 τοῦ
2808 3466 3061 3531 Χριστοῦ,
3122 3466 3228 3518 πῶς
3309 3457 3403 3509 οὐκ
3464 3458 3668 3529 ἤλεγξεν
3739 3457 3937 3519 αύτούς

2324 3546 2599 3615 ἀλαζόνας,
2635 3546 2759 3599 ἀλλὰ
2787 3543 2880 3600 διὰ
2908 3545 3206 3621 παραϐολῆς
3226 3546 3399 3607 αὐτοῖς
3423 3544 3789 3617 ἀπελογήσατο
3808 3548 3935 3618 μεθ’

2326 3636 2438 3711 ίλαρ
2445 3641 2640 3697 ότητος.

2400 3730 2500 3779 Καὶ
2561 3720 2694 3778 εἶπεν
2751 3753 2815 3764 -
2853 3727 3078 3796 νυμφίος
3129 3722 3320 3791 ;”Λνω
3371 3725 3460 3795 μὲν
3512 3722 3686 3795 ἰατρὸν
3744 3720 3935 3776 ἑαυτὸν

2325 3816 2606 3887 ὠνόμασεν,
2653 3812 2874 3865 ἐνταῦθα
2930 3809 2988 3864 δὲ
3014 3816 3249 3884 νυμφίον·
3316 3815 3412 3865 Καὶ
3454 3811 3680 3872 εἰκότως.
3725 3810 3936 3883 ’ἰατρὸν

2326 3907 2434 3975 μεν,
2494 3905 2559 3962 ὡς
2605 3903 2921 3975 καθαίροντα
2976 3903 3063 3961 τὰς
3120 3902 3380 3961 νοσούσας
3443 3899 3648 3970 ψυχάςο
3706 3904 3935 3971 νυμφίον

2329 3989 2406 4057 δὲ,
2463 3993 2529 4053 ὡς
2582 3994 2990 4063 μνηστευόμενον
3047 3992 3243 4050 ταύτας
3296 3990 3731 4062 παρθενευούσας.
3773 3988 3937 4050 Υἰοὺς

2329 4077 2387 4133 δε
2425 4087 2516 4132 τοῦ
2573 4088 2833 4151 νυμφῶνος
2888 4077 3023 4149 λέγει
3076 4080 3194 4139 τοὺς
3252 4076 3469 4135 οἰκείους
3526 4084 3623 4137 τῆς
3696 4077 3936 4147 νυμφεύ-

2331 4190 2480 4231 σεως.
2516 4176 2694 4221 Ταῦτα
2730 4164 2786 4220 δε
2842 4170 3063 4240 εἴρηκεν,
3122 4166 3529 4237 ἁναμίμνησκων
3598 4163 3788 4224 αύτούς
3830 4171 3938 4214 τῶν

2327 4260 2573 4333 ῥημάτων
2624 4264 2715 4307 τοῦ
2767 4256 3021 4309 Ἰωάννου.
3074 4258 3349 4325 φήσαντος,
3414 4253 3494 4303 ὃτι
3532 4250 3589 4303 Ὀ
3652 4254 3787 4323 ἔχων
3837 4255 3938 4310 τὴν

2328 4350 2551 4418 νύμφην,
2605 4348 2818 4415 νυμφίος
2888 4341 3047 4395 ἐστίν·
3120 4343 3145 4393 ὁ
3218 4337 3276 4393 δε
3350 4339 3493 4411 φίλος
3540 4346 3632 4392 τοῦ
3683 4343 3939 4411 νυμφίου,

560 4455 709 4505 sam,
738 4454 984 4508 sponsus
1030 4443 1150 4505 est;
1184 4439 1405 4495 amicus
1453 4444 1643 4493 autem
1704 4438 1928 4507 sponsi,
1954 4438 2060 4509 qui
2099 4443 2215 4495 stat

2332 4437 2357 4487 ὀ
2385 4435 2618 4494 ἑστηκὼς
2647 4438 2736 4485 καὶ
2765 4432 2965 4483 ἀκούων
3016 4430 3195 4495 αὐτοῦ,
3234 4427 3384 4502 χαρᾲ
3434 4432 3635 4501 χαίρει,
3691 4424 3786 4480 διὰ
3838 4432 3941 4507 τὴν

563 4536 621 4587 et
677 4528 882 4585 audite
957 4542 1107 4593 eum,
1158 4527 1382 4597 gaudia
1434 4527 1655 4598 gaudet
1716 4534 1964 4598 propter
2029 4542 2223 4584 vacem

563 4616 759 4690 sponsi
785 4616 853 4673 ⁸³.

637 4708 737 4763 Est
770 4720 907 4775 ergo
936 4703 1259 4760 verborum
1290 4704 1619 4762 intellectus
1652 4703 1761 4760 iste
1788 4720 1800 4759 :
1844 4706 1967 4774 Ego
2010 4704 2137 4760 veni
2162 4720 2228 4779 ut

565 4794 880 4855 Ecclesiam
916 4792 1185 4850 ﬁdelium
1232 4808 1339 4866 per
1375 4792 1560 4850 ﬁdem
1611 4792 1757 4849 mihi
1807 4792 2225 4865 despondeam

638 4972 686 5010 ⁸³
708 4972 855 5029 Osee
880 4985 953 5038 v1,
989 4974 1040 5029 6.
1118 4970 1166 5007 ⁸⁸
1187 4972 1357 5029 Marc.
1390 4984 1447 5037 ιι,
1487 4965 1553 5026 18
1572 4987 1590 5041 ;
1623 4968 1763 5025 Luc.
1796 4985 1851 5039 ν,
1885 4968 1974 5028 33.

2333 4527 2500 4597 φωνὴν
2530 4530 2623 4575 τοῦ
2642 4525 2883 4595 νυμφίου.

2404 4700 2554 4755 Ἐστι
2590 4696 2648 4752 δὲ
2702 4700 2727 4750 ό
2772 4704 2891 4758 νοῦς
2950 4704 3049 4748 τῶν
3110 4696 3280 4770 ῥητῶν
3338 4694 3587 4753 τοιοῦτος’
3648 4693 3726 4744 ὅτι
3769 4698 3944 4767 Παρε-

2333 4792 2553 4862 γενὸμην
2611 4787 2696 4840 ἐπὶ
2747 4796 2817 4860 τῷ
2855 4786 3253 4860 νυμφεύσασθαι
3301 4787 3390 4837 καὶ
3444 4780 3677 4856 συνάψαί
3722 4781 3941 4855 ἐμαυτῷ

2052 4968 2099 5004 ⁸⁵
2129 4969 2295 5026 Joan.
2346 4984 2424 5037 ιιι,
2453 4972 2541 5024 29.

1810 5145 2379 5214 Variaelectiones
2402 5154 2467 5213 et
2480 5152 2681 5211 notae.

642 5320 753 5392 (95)
778 5320 849 5386 tv,
881 5318 1100 5378 omittit
1132 5322 1197 5375 A.

643 5494 745 5569 (ss)
776 5494 954 5553 Filios
985 5500 1185 5553 autem
1216 5496 1463 5553 thalami
1486 5495 1646 5569 dicit,
1672 5499 1836 5569 aptes
1857 5494 1945 5569 ad
1965 5494 2221 5569 despon-

573 5568 889 5639 sationem.
917 5574 1142 5639 Νυμφών
1173 5573 1259 5623 est
1286 5570 1471 5633 locus,
1501 5567 1737 5633 domus,
1773 5567 1866 5622 ubi
1892 5568 2109 5639 nuptiae
2132 5582 2222 5621 ce-

572 5636 649 5695 lel
677 5640 903 5693 rantur.
933 5636 1238 5711 Νύμφευσις
1280 5644 1369 5698 est
1422 5640 1825 5713 desponsatio.
1884 5636 1995 5695 Sed
2035 5638 2219 5701 οἰκεῖος

2400 5314 2513 5387 (96)
2545 5314 2710 5372 Tom.
2748 5314 2861 5384 VII,
2890 5326 3024 5385 pag.
3052 5312 3151 5369 351
3180 5311 3246 5367 Α·

2330 5492 2677 5561 ambiguum
2695 5491 2852 5547 estin
2867 5488 3270 5547 Grmc0.Notat
3282 5487 3442 5544 enim
3457 5484 3935 5561 etdomesticum,

2329 5581 2437 5620 seu
2461 5558 3060 5627 familiarem,deinde
3082 5561 3501 5632 etiamiaptum
3536 5565 3591 5616 et
3620 5558 3934 5615 idoneum.

2327 5636 2544 5693 Eodem
2579 5636 2761 5692 modo
2784 5640 3045 5691 erratum
3072 5639 3157 5690 est
3189 5631 3348 5689 infra
3386 5646 3534 5687 mox.
