4098 6412
259 362 361 418 313
1233 366 1606 424 COMMENT.
1657 367 1725 421 IN
1766 364 2213 420 MATTH/EUM.
2257 394 2324 406 —
2365 363 2525 418 CAP.
2657 402 2669 415 .
3531 364 3633 419 314

267 485 353 540 διά
393 491 611 545 πίστεως
655 491 751 544 τήν
802 488 1121 546 Ἐκκλησίαν
1176 500 1273 542 τῶν
1312 500 1509 544 πιστῶν
1541 511 1552 521 '
1587 493 1612 544 6
1654 489 1712 544 δε
1754 512 1868 543 και-

2015 496 2030 546 t
2061 491 2450 560 conjungam,
2494 493 2551 544 et
2579 488 2694 542 hoc
2725 492 2954 560 tempus
2977 492 3065 544 est
3096 489 3440 559 nuptiarum
3479 507 3490 554 ;
3517 506 3629 545 non

262 583 344 647 ρὸς
390 577 540 635 οὗτος
581 583 678 636 τῆς
726 581 1065 648 νυμφεύσεως
1106 580 1197 631 οῦκ
1247 583 1360 632 ἔστι
1401 583 1612 641 πένθους
1660 587 1862 655 καιρὸς,

2011 594 2116 647 rgo
2169 585 2405 649 tempus
2473 583 2563 632 est
2611 578 2821 645 luctus,
2865 577 2970 631 sed
3010 579 3230 645 gaudii.
3280 582 3478 648 Itaque
3513 595 3629 632 non

264 664 382 714 αλλά
439 671 618 736 χαρᾶς
654 685 665 696 ·
721 671 810 716 καὶ
861 666 1041 718 λοιπὸν
1093 669 1152 718 οὐ
1207 666 1452 720 δύνανται
1503 675 1766 727 νηστεύειν
1817 673 1866 722 οἱ

2008 672 2230 722 possunt
2251 667 2518 737 jejunare
2544 665 2863 720 familiares
2895 681 2964 720 ac
2988 666 3309 737 propinqui
3346 683 3584 736 sponsze
3610 685 3626 736 ;

264 753 438 804 οἰκεῖοι
488 754 654 814 αὐτῆς
685 771 697 782 ·
760 755 991 827 θλιεερὸν
1029 759 1129 828 γὰρ
1181 761 1236 808 τὸ
1289 761 1553 816 νηστεύειν
1593 767 1703 820 τοίς
1749 758 1862 812 ἀτε-

2007 771 2118 810 iam
2171 756 2443 826 jejunare
2486 753 2876 808 tribulationis
2930 761 3037 818 est,
3086 762 3140 808 et
3195 755 3286 808 bis
3340 755 3625 822 congruit,

262 842 356 901 λῶς
401 844 479 892 ἔτι
530 839 880 913 διακειμένοις
909 865 922 876 ·
975 848 1188 906 τούτους
1228 843 1285 898 ὁε
1336 853 1446 917 χρὴ
1497 852 1724 922 χαίρειν,
1773 849 1865 908 ἕως

2010 845 2078 914 jui
2134 842 2481 914 imperfecto
2534 843 2717 896 modo
2795 842 2993 896 adhuc
3050 842 3240 898 atfecti
3299 849 3454 898 sunt.
3515 843 3628 898 Hos

263 927 320 980 οὗ
357 931 462 1000 εἰμι
504 929 614 1001 μετ’
649 932 840 996 αὐτῶν,
877 938 1123 994 συνόντας
1151 954 1261 1006 μοι,
1297 941 1386 988 καὶ
1415 944 1509 998 τῆς
1545 945 1713 1008 φωνῆς
1760 957 1863 1010 μου

2006 947 2113 986 'ero
2179 931 2438 1002 gaudere
2492 935 2741 1001 oportet,
2804 931 3075 1001 quandiu
3123 947 3262 986 cum
3309 932 3391 986 eis
3468 948 3624 993 sum,

259 1016 560 1078 ἀκούοντας.

2017 1020 2245 1074 uandiu
2276 1034 2501 1074 mecum
2543 1022 2868 1084 versantur,
2913 1024 2969 1074 et
3015 1035 3227 1074 vocem
3273 1035 3472 1075 meam
3525 1037 3630 1076 au-

1971 1109 2161 1164 diunt.

324 1196 658 1248 Ἐλεύσονται
739 1228 806 1237 -
880 1201 1278 1256 νηστεύσουσιν.
1372 1201 1628 1254 Ἐνταῦθα
1708 1224 1860 1276 παρε-

2047 1199 2322 1252 Vers.15.
2395 1197 2633 1253 Venient
2671 1225 2742 1240 -
2789 1196 3176 1266 jejunabunt.
3235 1197 3347 1254 Hic
3403 1197 3625 1266 signiﬁ-

255 1279 512 1344 δήλωσεν,
548 1288 632 1336 ὅτι
671 1284 1071 1359 ἀναιρεθήσεται
1104 1292 1192 1360 μὲν
1237 1289 1412 1358 αὐτὸς,
1446 1291 1594 1343 αὐτοὶ
1632 1288 1691 1344 δε
1733 1297 1862 1364 μετά

2007 1286 2122 1341 avit
2179 1301 2243 1340 se
2290 1284 2709 1350 occidendum,
2780 1284 2910 1339 illos
2968 1290 3166 1341 autem
3243 1285 3625 1356 postmodum

253 1380 403 1423 τοῦτο
433 1373 605 1424 πολλὰ
633 1379 722 1426 καὶ
751 1378 1124 1446 νηστεύσουσι,
1145 1383 1235 1430 καὶ
1261 1382 1748 1438 κακοπαθήσουσιν.

2009 1377 2302 1444 έθᾳυοηιθτ
2343 1373 2742 1443 jejunaturos,
2812 1387 2882 1427 ac
2940 1372 3128 1428 multa
3184 1373 3346 1428 mala
3416 1388 3627 1444 passu-

1969 1476 2093 1517 I‘OS.

319 1545 518 1607 Οὐδεὶς
573 1580 645 1590 --
697 1551 930 1620 παλαιῷ.
1005 1553 1175 1616 Δεῖξαι
1223 1554 1394 1620 θέλων,
1453 1557 1533 1608 ὃτι
1586 1560 1655 1618 ὡς
1708 1556 1857 1610 ἀσθε-

2039 1551 2195 1604 Vers.
2255 1551 2340 1604 16.
2390 1550 2575 1604 Nemo
2627 1579 2696 1589 —
2757 1551 2959 1605 veteri.
3011 1549 3229 1604 Volens
3285 1549 3621 1615 ostendere,

248 1643 384 1687 νεσιν
439 1640 520 1688 ἔτι
569 1645 678 1698 τοῖς
744 1643 1002 1709 μαθηταῖς
1057 1643 1150 1693 οὐκ
1204 1641 1518 1716 ἐπιφορτίζει
1578 1651 1634 1697 τὸ
1694 1646 1858 1720 βάρος

2009 1638 2132 1693 uod
2191 1643 2480 1709 tanquam
2519 1638 2717 1693 adhuc
2758 1637 3084 1692 imbecilles
3137 1637 3466 1708 discipulos
3503 1654 3625 1692 non

247 1731 338 1784 τῆς
369 1730 642 1788 νηστείας,
680 1724 773 1778 διὰ
821 1729 1116 1802 παραϐολῆς
1152 1738 1302 1782 τοῦτο
1349 1729 1603 1804 δείκνυσι,
1654 1734 1811 1805 λέγων
1841 1753 1853 1765 ·

2008 1731 2173 1781 neret
2227 1726 2492 1797 pondere
2541 1725 2769 1796 jejunii,
2823 1742 2923 1796 per
2981 1726 3332 1796 parabolam
3383 1726 3498 1781 hoc
3549 1727 3624 1780 si-

251 1808 442 1873 Οὐδεὶς
504 1813 721 1886 ἰώμενος
781 1818 991 1886 ἱματίου
1044 1818 1264 1870 παλαιοῦ
1338 1823 1655 1894 σαθρότητα,
1721 1822 1858 1897 ἐπιῤ-

2009 1813 2209 1870 nificat
2261 1814 2509 1868 dicens:
2571 1813 2776 1868 Nullus
2819 1815 3145 1869 resarciens
3197 1814 3473 1870 detritam
3533 1830 3627 1869 ve-

249 1901 434 1971 ῥάπτιι
488 1905 750 1972 τεμάχιον
799 1904 996 1977 ῥάκους
1052 1905 1301 1978 ἀγνάφου,
1362 1913 1601 1960 τουτέστι
1656 1919 1855 1976 καινοῦ,

2003 1907 2118 1958 tem
2177 1907 2457 1966 veterem,
2507 1902 2699 1956 assuit
2753 1901 3158 1970 fragmentum
3209 1902 3394 1972 panni
3442 1903 3621 1967 rudis,

254 1986 336 2038 ἐπὶ
366 1992 512 2059 μέρει
543 1990 774 2061 παλαιῷ.
809 1989 937 2044 Εἶτα
965 1993 1099 2064 λέγει
1129 2001 1215 2047 καὶ
1255 2001 1347 2054 τὴν
1378 1997 1570 2049 αἰτίαν.

2005 2006 2083 2045 .oc
2112 1995 2202 2045 est
2231 1990 2386 2054 novi,
2427 1990 2486 2043 in
2533 1993 2697 2060 parte
2730 1989 2933 2045 veteri.
2968 1989 3184 2045 Deinde
3209 1990 3376 2045 addit
3403 1994 3459 2045 et
3484 2005 3623 2044 cau-

1971 2094 2123 2134 sam.
2351 2147 2359 2155 .

313 2169 458 2236 Αἱρει
505 2196 573 2206 --
625 2172 847 2236 γίνεται.
898 2174 968 2222 Τὸ
1011 2173 1111 2243 γὰρ
1162 2173 1421 2245 πλήρωμα
1472 2175 1653 2243 αὐτοῦ,
1711 2197 1860 2229 τουτ-

2043 2169 2203 2222 Vers.
2255 2166 2334 2221 16.
2386 2166 2607 2236 Aufert
2665 2195 2733 2206 —
2782 2166 2875 2232 ﬁt.
2933 2166 3430 2237 Supplementum
3501 2166 3623 2221 sive

231 2257 390 2303 ἐστιν
451 2256 481 2310 ἠ
547 2255 736 2316 ὁλότης
785 2265 879 2308 τοῦ
921 2257 1149 2330 ἀγνάφου
1213 2263 1420 2335 ῥάκους,
1507 2264 1708 2339 ἰσχυρά
1773 2262 1849 2319 καῖ

2000 2254 2281 2311 ιὶθηίιιιόο
2355 2255 2502 2323 ejus,
2557 2253 2617 2308 id
2674 2257 2762 2308 est
2808 2253 3111 2323 integritas
3167 2255 3354 2324 panni
3432 2254 3618 2319 rudis,

233 2339 435 2413 βαρεῖα
485 2343 647 2407 οὖσα,
710 2347 843 2416 αἴρει
897 2351 987 2398 καὶ
1043 2356 1290 2420 κατασπᾷ
1353 2351 1542 2423 μᾶλλον
1612 2353 1710 2405 ἀπὸ
1770 2363 1851 2407 τοί

2007 2359 2106 2398 um
2135 2344 2208 2398 sit
2239 2343 2402 2398 fortis
2438 2347 2494 2396 et
2518 2342 2690 2405 dura,
2737 2340 2884 2396 tollit
2939 2357 3010 2396 ac
3040 2342 3295 2396 detrahit
3345 2358 3380 2396 a
3435 2347 3620 2407 veste,

235 2431 485 2498 ἱματίου,
523 2433 727 2504 σαθροῦ
768 2437 1143 2504 τυγχάνοντος,
1198 2440 1318 2490 ὅσον
1367 2439 1427 2490 ἆν
1476 2440 1691 2504 ἐπιλάϐῃ
1725 2459 1736 2470 ·
1769 2449 1853 2495 καὶ

2005 2447 2100 2501 fuas
2139 2432 2350 2486 detrita
2404 2434 2548 2495 erat,
2607 2434 3144 2500 quantumcunque
3197 2430 3512 2500 acceperit,
3569 2436 3623 2486 et

229 2522 442 2586 γίνεται
499 2521 680 2589 μεῖζον
739 2527 974 2592 σχίσμα.
1030 2529 1222 2576 Λοιπὸν
1263 2523 1368 2591 οὖν,
1425 2525 1547 2580 οὐδὲ
1595 2529 1693 2600 ἐγὼ
1745 2539 1847 2596 νῦν,

2003 2521 2162 2590 :iajor
2187 2526 2428 2590 reptura
2455 2519 2538 2574 tit.
2567 2519 2771 2589 Itaque
2798 2533 2993 2589 neque
3016 2534 3126 2587 ego
3152 2533 3314 2573 nunc
3349 2520 3621 2574 vetustati

235 2604 462 2674 ἰώμενος
533 2612 631 2663 τήν
714 2612 1013 2682 σαθρότητα
1085 2621 1181 2664 τῶν
1250 2619 1516 2685 μαθητῶν,
1599 2617 1853 2670 ἐπιϐάλλω

2005 2625 2035 2663 c
2078 2607 2365 2664 debilitati
2413 2606 2841 2678 discipulorum
2893 2605 3149 2661 immitto
3215 2606 3491 2661 duritiem
3551 2623 3621 2661 ac

233 2697 403 2763 ταύτῃ
463 2694 800 2766 ὶσχυρότητα
835 2703 924 2751 καὶ
957 2698 1120 2772 βάρος
1159 2708 1421 2767 νηστείας,
1457 2706 1538 2756 ἶνα
1566 2711 1636 2777 μή
1684 2707 1851 2759 πλεῖον

2003 2698 2146 2753 obur
2171 2697 2395 2767 jejunii,
2429 2711 2504 2750 ne
2547 2694 2808 2766 amplius
2851 2695 3204 2760 deterantur,
3252 2711 3373 2750 non
3414 2700 3621 2764 poten-

235 2783 522 2853 σαθρωθῇ,
590 2789 663 2855 μὴ
727 2782 986 2857 δυναμένη
1048 2787 1332 2860 βαστάζειν
1393 2796 1451 2844 τὸ
1520 2792 1788 2852 ἐπιϐληθῄι
1835 2817 1848 2829 ο

2000 2802 2049 2840 as
2073 2785 2222 2842 ferre
2277 2783 2443 2856 quod
2491 2783 2823 2838 immissum
2877 2788 2982 2852 est,
3037 2784 3141 2838 sed
3204 2784 3618 2840 condescendo

230 2866 367 2919 ἀλλὰ
419 2871 833 2939 συγκαταϐαίνω
892 2883 952 2946 τῇ
1005 2875 1241 2950 ἀσθενείᾳ
1296 2881 1482 2946 αὐτῶν,
1547 2886 1739 2955 μέχρις
1790 2883 1848 2934 ἂν

2000 2873 2330 2928 :nbecilitati
2370 2888 2600 2938 eorum,
2648 2871 2841 2927 donec
2885 2887 2990 2942 per
3029 2872 3313 2943 Spiritum
3345 2876 3618 2927 sanctum

230 2953 332 3007 διὰ
370 2967 465 3008 τοῦ
500 2961 637 3011 θείου
671 2964 966 3032 Πνεῦματος
999 2963 1456 3024 ἀνακαινισθῶσιν.

722 2964 966 3032 νεύματος
999 2963 1456 3024 ἀνακαινισθῶσιν.
1658 2953 1664 2955 ὴ
1961 2966 2340 3017 renoventur-

304 3043 453 3097 Οὐδὲ
506 3078 577 3087 -
637 3049 906 3111 παλαιούς.
988 3058 1086 3105 Καὶ
1147 3055 1316 3106 ἑτέοαν
1373 3057 1620 3129 λαμϐάνει
1687 3082 1848 3129 παρα-

2033 3051 2198 3107 Vers.
2227 3049 2316 3104 17.
2369 3049 2576 3117 Neque
2599 3078 2670 3089 —
2701 3056 2932 3104 veteres.
2962 3047 3152 3103 Aliam
3192 3063 3433 3119 quoque
3473 3047 3623 3102 acci-

223 3131 411 3198 ϐολήν,
451 3132 590 3186 οἶνον
639 3141 746 3189 νέον
802 3138 982 3210 λέγων,
1033 3146 1124 3199 τήν
1168 3144 1457 3218 αὐστηρίαν
1487 3153 1576 3199 καὶ
1627 3148 1841 3224 σφοδρό-

2004 3140 2046 3194 it
2077 3136 2551 3203 similitudinem,
2583 3137 2786 3190 vinum
2817 3151 3043 3190 novum
3091 3151 3316 3190 vocans
3359 3135 3620 3190 austeri-

221 3240 366 3278 τητα
409 3232 516 3274 τῶν
574 3223 788 3277 ἐντολῶν
819 3245 829 3254 ·
891 3227 1024 3280 οἶνον
1073 3233 1180 3300 μὲν,
1239 3233 1308 3292 ὡς
1348 3234 1720 3306 εῦφραίνουσαν
1761 3242 1839 3299 τὰς

2004 3235 2139 3284 item
2170 3242 2240 3282 ac
2278 3225 2712 3281 vehementiam
2754 3229 3187 3296 praeceptorum
3222 3225 3461 3288 ;vinum
3493 3225 3622 3296 qui-

215 3319 328 3360 τῶν
377 3311 588 3362 τελείων
637 3314 860 3384 ψυχάς·
907 3322 1013 3369 νέον
1051 3315 1131 3381 δὲ,
1180 3323 1248 3380 ὡς
1293 3320 1531 3381 ἀσυνήθη
1576 3332 1683 3387 τοῖς

2001 3333 2116 3381 em,
2144 3315 2306 3385 quod
2349 3314 2608 3370 lastiticet
2662 3313 3055 3384 perfectorum
3095 3314 3350 3378 animas,
3395 3329 3618 3368 novum

212 3403 515 3468 μνάστοις.
588 3406 685 3453 Καὶ
742 3403 915 3472 πάλιν,
978 3405 1173 3467 ἀσκοὺς
1247 3409 1492 3471 παλαιοὺς
1559 3413 1823 3486 ὀνομάζων

1997 3407 2178 3466 utem,
2213 3401 2366 3472 quod
2396 3406 2634 3456 assueta
2654 3416 2776 3456 non
2806 3401 2879 3455 sit
2923 3400 3342 3456 inexercitatis.
3376 3399 3615 3455 Praeter-

214 3490 352 3548 τοὺς
396 3490 687 3558 μαθητάς·
732 3490 931 3553 ἀσκοὺς
982 3498 1094 3565 μὲν,
1136 3499 1200 3556 ὡς
1233 3506 1536 3571 χωροῦντας
1585 3499 1832 3556 ὃιδασκα

1993 3507 2027 3546 a
2082 3500 2237 3546 utres
2281 3494 2507 3544 veteres
2546 3489 2690 3544 dicit
2731 3489 3104 3560 discipulos:
3153 3493 3309 3544 utres
3359 3488 3606 3560 quidem

211 3573 343 3626 λίαν
373 3591 387 3605 '
422 3576 684 3638 παλαιοὺς
714 3575 792 3643 δὲ,
826 3583 893 3642 ὡς
932 3581 1176 3644 ἀσθενεῖς.

1993 3593 2246 3650 inquam
2295 3577 2618 3648 disciplinae
2653 3593 2934 3648 capaces,
2991 3581 3215 3632 veteres
3258 3593 3398 3633 vero
3438 3577 3611 3648 quasi

1957 3665 2299 3722 imbecilles.

301 3752 361 3803 Εἰ
434 3749 498 3803 δὲ
556 3757 630 3824 μή
701 3773 759 3824 γε
808 3785 875 3794 -
932 3757 1263 3811 ἀπολοῦνται.
1317 3761 1620 3833 Ῥήγνυνται
1671 3769 1721 3818 οἱ
1787 3767 1846 3819 ἀ-

2029 3755 2191 3810 Vers.
2228 3755 2308 3810 l7.
2350 3753 2599 3826 Alioqui
2625 3784 2692 3796 —
2734 3762 3001 3823 pereunt.
3047 3757 3424 3825 Rumpuntur
3455 3759 3613 3810 utres

215 3845 368 3902 σκοὶ,
427 3843 601 3892 εἶτουν
654 3843 1024 3914 παραλύονται,
1081 3853 1151 3918 μή
1211 3846 1486 3922 δυνάμενοι
1539 3859 1702 3928 φέρειν
1753 3862 1833 3914 τὴι

1993 3842 2079 3897 ive
2148 3843 2578 3907 dissolvuntur,
2641 3858 2778 3897 cum
2828 3841 2978 3896 ferre
3039 3857 3160 3896 non
3217 3841 3449 3913 possint
3483 3842 3611 3896 vini

213 3925 396 3996 ἰσχὺν
431 3936 528 3979 τοῦ
570 3933 684 3981 νέου
726 3935 864 3984 οἴνου
889 3951 902 3965 ο
937 3939 1026 3986 καὶ
1055 3936 1082 3986 6
1114 3933 1246 3999 οἶνος
1291 3938 1544 4010 ἐκχεῖται,
1585 3949 1656 4014 μὴ
1690 3965 1831 3997 κατα

2000 3933 2094 3987 ovi
2116 3931 2519 3987 fortitudinem
2555 3950 2566 3998 ;
2596 3930 2926 4001 vinumque
2959 3945 3078 3984 non
3106 3935 3398 3986 retentum
3429 3928 3612 3984 effun-

214 4018 472 4084 σχεθείς.
509 4021 602 4068 καὶ
632 4021 681 4070 οἱ
731 4019 885 4072 ἀσκοὶ
934 4020 1267 4094 ἀπολοῦνται,
1311 4029 1582 4102 ἄχρηστοι
1607 4040 1699 4084 τοῦ
1737 4034 1832 4085 λοι-

2000 4022 2132 4087 itur,
2183 4037 2254 4076 ac
2296 4028 2452 4076 utres
2494 4027 2764 4093 pereunt,
2807 4019 2944 4075 facti
2989 4020 3048 4074 in
3096 4026 3396 4090 posterum
3440 4021 3611 4075 inuti-

209 4112 326 4154 ποῦ
356 4111 657 4176 γενόμενοι.

447 4111 657 4176 ιομενοι.
1955 4109 2065 4167 les.

298 4193 469 4245 Ἀλλὰ
525 4225 597 4234 -
655 4205 1052 4265 συντηροῦνται.
1106 4206 1219 4273 Χρὴ
1302 4207 1402 4277 γὰρ
1474 4210 1560 4258 τὸν
1630 4211 1845 4281 ἄριστον

2027 4197 2200 4252 Vers.
2251 4199 2334 4251 17.
2381 4197 2494 4253 Sed
2519 4227 2586 4237 —
2615 4202 3062 4253 conservantur.
3095 4195 3402 4266 Optimum
3451 4195 3611 4250 enim

207 4281 504 4352 οἰκονόμον
570 4280 855 4356 διακρίνειν
903 4293 990 4340 καὶ
1047 4295 1134 4348 τὴν
1185 4293 1339 4362 φύσιν
1390 4302 1482 4346 τοῦ
1540 4299 1698 4365 οἴνου,
1755 4320 1822 4352 κα

1997 4302 2335 4341 :conomum
2370 4285 2704 4356 dijudicare
2751 4289 2986 4356 Oportet
3031 4283 3153 4338 vini
3209 4287 3509 4345 naturam,
3558 4287 3615 4338 et

210 4375 316 4425 τήν
375 4368 615 4441 δύναμιν
654 4381 754 4423 τῶν
801 4373 993 4444 ἀσκῶν,
1055 4383 1144 4430 καὶ
1192 4383 1279 4431 τὸν
1329 4387 1528 4454 καιρὸν.
1589 4393 1696 4438 Νῦν
1741 4393 1828 4458 γὰρ

2001 4373 2172 4428 trium
2205 4373 2634 4438 fortitudinem,
2688 4389 2757 4428 ac
2800 4376 3175 4427 vetustatem.
3207 4374 3372 4426 Nunc
3421 4370 3610 4441 siqui-

209 4461 296 4508 ἓτι
344 4458 578 4510 παλαιοί
630 4459 759 4512 εἰσιν
807 4464 856 4513 οἱ
888 4466 1143 4534 μαθηταὶ,
1183 4473 1340 4539 μήπω
1380 4470 1821 4538 ἀνακαινισθέντες

1989 4478 2092 4517 em
2123 4467 2343 4517 veteres
2382 4467 2520 4517 sunt
2548 4460 2844 4531 discipuli,
2892 4461 3049 4532 quod
3084 4460 3161 4514 ad
3201 4458 3607 4514 fortitudinem

888 4517 897 4534 ,
1018 4517 1027 4522 .
1075 4517 1143 4534 γε,
1382 4517 1833 4538 "nu-"mnum,

215 4551 326 4598 Καὶ
375 4546 627 4618 ἀλλαχοῦ
680 4546 737 4600 δὲ
784 4555 914 4623 πρὸς
963 4554 1153 4616 αὐτοὺς
1193 4559 1301 4610 εἷπε
1334 4575 1346 4588 ’
1393 4560 1560 4613 Πολλά
1609 4566 1716 4634 ἔχω
1768 4566 1833 4618 λέ-

2001 4551 2177 4605 trium
2207 4567 2277 4606 ac
2321 4554 2669 4605 vetustatem
2699 4517 2972 4620 ‘spe'cta‘t,
3019 4548 3292 4603 nondum
3346 4547 3615 4602 videlicet

214 4655 331 4703 7m
389 4638 541 4707 ὑμῖν,
620 4634 727 4687 ἀλλ’
773 4639 831 4690 οὐ
893 4637 1121 4695 δύνασθε
1170 4643 1454 4716 βαστάζειν
1511 4653 1650 4722 ἄρτι.
1709 4655 1832 4726 Ἀμε

1987 4640 2234 4694 enovati.
2282 4639 2538 4709 PrOpter
2575 4639 2740 4709 quod
2773 4639 2952 4694 etiam
2986 4637 3102 4692 alio
3147 4637 3274 4692 loco
3311 4637 3450 4691 dixit
3481 4636 3565 4690 eis
3594 4659 3605 4694 :

225 4730 441 4797 γοτεροι
474 4721 556 4791 δὲ,
591 4731 741 4796 φησί,
784 4739 1176 4802 συντηροῦνται,
1210 4736 1235 4785 6
1282 4733 1412 4798 οἶνος
1464 4735 1696 4810 δηλαδή,
1752 4747 1842 4794 καὶ

1991 4729 2146 4783 fulta
2172 4727 2373 4793 habeo,
2394 4745 2514 4798 quae
2534 4728 2692 4783 vobis
2712 4729 2916 4790 dicam,
2937 4726 3030 4781 sed
3063 4742 3215 4782 nunc
3233 4733 3472 4796 portare
3492 4741 3609 4781 non

225 4815 250 4862 ε
279 4818 470 4877 ἀσκὸς,
502 4816 527 4866 6
558 4819 649 4886 μὲν
681 4814 1095 4890 βασταζόμενος,
1128 4823 1153 4874 6
1185 4820 1244 4876 δὲ
1283 4823 1586 4897 βαστάζων.

1993 4817 2180 4872 otestis
2212 4818 2280 4869 ⁸⁸.
2327 4818 2605 4888 Utraque,
2639 4816 2849 4888 inquit,
2902 4820 3353 4881 conservantur,
3407 4815 3607 4868 vinum

1950 4904 2220 4961 videlicet
2249 4911 2304 4960 et
2332 4910 2506 4968 utres,
2542 4904 2690 4960 illud
2707 4903 2952 4976 quidem
2981 4908 3304 4966 retentum,
3324 4901 3386 4956 hi
3408 4906 3609 4956 autem

1949 4995 2289 5050 retinentes.

306 5064 454 5122 [ΕΦ.
487 5065 585 5120 ΙΕ’.
622 5071 752 5143 Περὶ
792 5075 890 5130 τῆς
937 5071 1194 5147 θυγατρὸς
1233 5083 1323 5127 τοῦ
1369 5075 1836 5152 ἀρχισυναγώγου.

1692 5085 1836 5152 57W-
2257 5082 2408 5138 CAP.
2439 5081 2552 5140 XV.
2579 5083 2662 5138 De
2687 5082 2819 5152 ﬁlia
2839 5079 3310 5150 archisynagogi.

299 5157 468 5207 Ταῦτα
513 5187 583 5198 —-
623 5157 874 5219 ζήσεται.
931 5157 1014 5232 [Ἠ
1055 5161 1172 5234 (97)
1204 5171 1294 5216 τοῦ
1343 5163 1559 5241 Ἰαείρου
1602 5169 1836 5243 θυγάτηρ

2021 5171 2180 5227 Vers.
2216 5173 2301 5227 l8.
2358 5172 2486 5227 Haec
2525 5204 2592 5212 —
2638 5171 2786 5228 vivet
2835 5171 2921 5240 -Η-
2950 5168 3093 5225 Jairi
3138 5168 3260 5225 ﬁlia
3313 5163 3613 5237 significat

288 5308 330 5348 ⁸⁸
346 5312 489 5373 Joan
506 5357 520 5373 .
554 5328 684 5380 xvi,
727 5311 823 5368 12.

1471 5469 1696 5540 Varia
1723 5473 2046 5542 lectiones
2080 5483 2144 5541 et
2179 5483 2379 5542 uotae.

230 5654 333 5730 (97)
360 5645 588 5707 Codex
627 5639 930 5703 uterque
972 5629 1208 5692 inclusa
1237 5635 1421 5694 habet
1447 5637 1505 5694 in
1538 5641 1817 5712 margine.
1849 5642 2166 5700 Hentenius
2191 5659 2313 5700 non
2344 5643 2636 5714 agnoscit.
