4098 6392
522 340 626 394 315

520 553 805 608 mandata
834 552 1033 606 divina
1057 552 1212 620 facit,
1247 558 1565 608 mortuam.

594 729 694 783 llic
740 730 1008 800 princeps
1049 734 1174 784 erat
1213 731 1549 800 Synagogaz
1583 729 1946 794 Judaaorum,
1978 730 2170 785 Jairus

521 817 873 888 appellatus,
915 823 971 872 ut
1021 818 1226 873 dicunt
1253 822 1475 874 Marcus
1503 823 1559 873 et
1598 819 1785 873 Lucas
1802 821 1868 871 ετ.
1904 818 2174 890 Relique-

519 911 610 961 rat
635 911 835 962 autem
879 907 1061 961 ﬁliam
1115 923 1287 961 suam
1341 908 1585 977 jamjam
1645 909 1992 963 morituram
2055 908 2167 978 (ιι).

518 996 666 1050 Nam
708 998 929 1050 Marcus
972 1012 1110 1050 eum
1159 997 1376 1051 dixisse
1422 1001 1893 1052 commemorat:
1946 997 2169 1053 Filiola

519 1100 648 1140 mea
679 1085 739 1138 in
789 1085 1060 1139 extremis
1097 1091 1180 1140 est
1227 1087 1299 1141 ⁸⁸.
1360 1087 1546 1140 Lucas
1596 1101 1734 1138 vero
1783 1086 1946 1156 quod
1991 1086 2170 1140 etiam

519 1173 887 1228 moriebatur
920 1176 986 1227 ⁸9.
1036 1177 1260 1242 Itaque,
1323 1175 1496 1228 Modo
1541 1175 1818 1243 def-uncta
1869 1179 1963 1238 est,
2025 1174 2172 1229 dixit

519 1261 932 1330 conjectando.
986 1263 1412 1332 Suspicabatur
1457 1263 1616 1317 enim
1665 1262 1830 1334 quod
1865 1273 2001 1317 tunc
2041 1263 2167 1333 jam

519 1351 756 1404 omnino
779 1355 1014 1405 mortua
1032 1355 1212 1405 esset.
1240 1351 1557 1406 Verisimile
1576 1358 1661 1406 est
1681 1356 1880 1406 autem
1905 1351 2166 1422 primum

518 1437 738 1492 dixisse
768 1453 904 1492 eum
939 1457 950 1496 :
1000 1439 1068 1492 In
1096 1439 1365 1494 extremis
1405 1446 1506 1504 est,
1567 1439 1805 1508 deinde,
1849 1439 2024 1493 Modo
2075 1440 2170 1494 de-

516 1526 732 1592 functa
759 1533 865 1590 est,
917 1526 1034 1580 sive
1080 1527 1205 1596 jam
1251 1527 1589 1597 exspiravit.
1655 1530 1779 1582 Duo
1839 1533 2040 1582 autem
2068 1543 2168 1598 pe-

517 1613 678 1668 tebat
705 1621 767 1669 ut
787 1617 1028 1681 veniret,
1059 1621 1114 1671 et
1143 1631 1383 1670 manum
1412 1617 1765 1688 imponeret,
1795 1621 1995 1687 utpote
2019 1632 2168 1671 cras-

519 1700 639 1755 sius
671 1701 938 1757 affectus.

1845 339 2196 396 EUTHYMII
2249 340 2571 395 ZIGABENI

520 464 837 534 cujuslibet
859 468 1138 529 mentem,
1172 464 1328 535 quod
1363 479 1471 519 nec
1514 469 1813 536 praecepta
1844 465 2014 536 legis,
2065 482 2162 522 nec

2285 465 2581 518 αἰνίσσεται
2647 471 2739 523 τήν
2807 466 3027 519 ἑκάστου
3093 467 3300 538 ψυχήν,

3780 345 3886 398 316

3383 467 3746 520 ἀποθανοῦσαν
3819 478 3880 540 τῇ

2284 553 2514 628 ἀπραξίᾳ
2565 564 2664 606 τῶν
2727 564 2946 626 νομικῶν
2998 555 3228 622 ἐντολῶν,
3290 561 3378 608 καὶ
3430 564 3490 629 τῇ
3549 555 3888 629 ἀνενεργησίᾳ

2283 652 2382 694 τῶν
2415 646 2558 694 θείων
2590 648 3024 715 προσταγμάτων.
3053 646 3069 715 ]

2355 732 2520 794 Οὗτος
2565 733 2748 806 ἄρχων
2802 730 2861 790 ἦν
2920 741 3016 795 τῆς
3064 741 3374 804 Συναγωγῆς
3426 742 3523 786 τῶν
3585 731 3885 802 Ἰουδαίων,

2283 821 2490 892 Ἰάειρος
2532 821 2927 893 ὀνομαζόμενος,
2976 825 3044 883 ὡς
3078 822 3288 892 λέγουσι
3339 824 3548 895 Μάρκος
3599 828 3687 875 καὶ
3741 831 3887 875 Λουο

2281 915 2394 970 κάς.
2438 911 2789 978 Ἐμπνέουσαν
2838 907 2895 962 δὲ
2942 916 3034 968 τὴν
3080 911 3263 962 ἑαυτοῦ
3316 914 3574 984 θυγατέρα
3621 911 3885 963 κατέλιπε.

2284 1003 2382 1049 Καὶ
2431 999 2533 1070 γὰρ
2585 1001 2798 1071 Μάρκος
2845 1003 2933 1070 μέν
3009 1017 3158 1069 φησι,
3222 1006 3402 1050 τοῦτον
3451 1000 3630 1066 εἰπεῖν,
3680 1004 3760 1051 ὅτι
3813 1003 3887 1051 Τὸ

3273 1093 3479 1148 Λουκᾶς
3527 1084 3605 1152 δὲ,
3660 1089 3739 1138 ὅτι
3791 1093 3887 1138 καὶ

3248 1181 3400 1249 Ἀρτι
3470 1177 3700 1238 τέθνηκε,
3763 1195 3888 1228 στο-

2283 1087 2556 1158 θυγάτριον
2605 1106 2704 1156 μου
2767 1086 3004 1156 ἐσχάτως
3051 1089 3164 1157 ἔχει
3196 1105 3207 1116 ·

2281 1174 2410 1232 αῦτη
2472 1172 2807 1231 ἀπέθνησκεν.
2871 1175 3032 1226 Ὠστε
3090 1178 3169 1240 τὸ,

2278 1265 2572 1332 χαζόμενος
2613 1261 2745 1314 εἶπεν
2775 1284 2786 1295 ο
2839 1261 3055 1314 ὑπέλαϐε
3090 1266 3209 1335 γὰρ,
3263 1266 3343 1314 ὅτι
3392 1267 3556 1337 μέχρι
3599 1269 3714 1316 τότε
3753 1266 3880 1315 πάν-

2276 1369 2370 1410 τως
2429 1350 2488 1401 ἂν
2539 1349 2802 1406 ἀπέθανεν.
2861 1351 3010 1412 Εἰκὸς
3060 1349 3141 1415 δε,
3189 1360 3390 1423 πρῶτον
3437 1356 3525 1422 μεν
3575 1351 3754 1415 εἰπεῖν,
3800 1352 3888 1402 ὅτι

2280 1439 2560 1509 Ἐσχάτως
2614 1441 2727 1509 ἔχει
2763 1457 2776 1470 ·
2832 1436 2962 1502 εἶτα,
3020 1441 3098 1491 ὃτι
3153 1439 3308 1512 ’Ἄρτι
3359 1443 3620 1502 τέθνηκεν,
3690 1443 3884 1508 εἶτουν,

2279 1527 2372 1587 ἕως
2429 1530 2568 1600 ἄρτι.
2612 1530 2708 1579 Δύο
2755 1525 2813 1580 δὲ
2852 1527 3124 1594 ἐζήτησεν,
3191 1527 3348 1580 ἐλθεῖν
3401 1547 3454 1580 τε
3507 1533 3596 1579 καὶ
3635 1526 3891 1580 ἐπιθεῖναι

2279 1620 2372 1672 τὴν
2403 1624 2581 1690 χεῖρα,
2624 1619 2918 1688 παχύτερον
2951 1613 3293 1688 διακείμενος.

593 1792 748 1844 Vers.
783 1792 864 1845 19.
899 1791 974 1845 Et
1002 1821 1068 1830 —
1094 1793 1240 1860 ejus.
1282 1794 1504 1847 Marcus
1535 1795 1589 1846 et
1643 1793 1833 1846 Lucas
1859 1791 2068 1846 dicunt
2097 1794 2162 1861 9°,

2354 1796 2454 1843 Καὶ
2487 1823 2550 1831 —-
2602 1792 2784 1846 αὐτοῦ.
2833 1794 3046 1866 Μάρκος
3085 1789 3143 1845 δὲ
3181 1797 3270 1844 καὶ
3323 1798 3531 1855 Λουκᾶς
3582 1812 3761 1864 φασιν,
3803 1795 3893 1844 ὄτι

517 1877 682 1948 quod
713 1878 889 1933 etiam
922 1879 1097 1935 turba
1129 1879 1316 1935 multa
1334 1879 1716 1951 sequebatur.
1752 1880 1956 1934 Plures
1989 1879 2171 1950 siqui-

517 1966 654 2021 dem
696 1983 900 2022 eorum
952 1968 1264 2024 carnaliter
1295 1969 1580 2034 viventes,
1607 1983 1731 2024 non
1761 1973 1994 2025 tantum
2049 1967 2170 2024 ani-

516 2072 631 2110 mm
692 2056 1003 2110 utilitatem
1046 2057 1569 2127 concupiscebant,
1627 2061 1920 2128 quantum
1974 2057 2170 2112 carnis

519 2145 643 2198 sive
675 2144 938 2213 corporis
979 2145 1311 2199 sanitatem.

517 2231 675 2289 CAP.
726 2233 858 2288 XVI.
915 2233 988 2288 De
1034 2232 1268 2287 muliere
1319 2233 1618 2304 sanguinis
1674 2232 1967 2302 proﬂuvio
2023 2233 2170 2288 tabo-

1249 2328 1436 2378 rante.

589 2409 745 2464 Vers.
772 2412 859 2464 20.
893 2409 970 2463 Et
1001 2441 1068 2450 —
1094 2413 1238 2480 ejus.
1261 2412 1341 2465 De
1371 2410 1648 2481 praesenti
1680 2410 1871 2482 capite
1909 2409 2084 2465 latius
2115 2415 2170 2466 et

514 2497 754 2568 planius
787 2497 1023 2567 scripsit
1051 2500 1235 2553 Lucas
1265 2500 1310 2534 ⁰¹
1338 2515 1351 2564 ;
1385 2514 1584 2570 quaere
1617 2513 1756 2568 ergo
1785 2497 1946 2570 apud
1999 2497 2169 2554 illum

515 2586 944 2641 enarrationem
994 2585 1262 2640 vicesimi
1328 2587 1477 2641 sexti
1526 2585 1753 2657 capitis.
1835 2584 2166 2658 κράσπεδον,

514 2673 774 2739 ﬁmbria,
806 2680 892 2729 est
921 2675 1097 2730 vestis
1126 2680 1389 2730 extrema
1416 2690 1575 2745 pars,
1609 2691 1744 2746 quae
1796 2675 1974 2746 pedes
2023 2691 2170 2731 con-

517 2763 661 2832 tegit
689 2768 745 2819 et
773 2763 1129 2820 ambulando
1160 2769 1368 2820 terram
1397 2763 1648 2832 attingit.

586 2939 752 2996 Vers.
780 2942 868 2994 2‘1.
905 2941 1143 2996 Dicebat
1178 2972 1238 2981 —
1260 2941 1427 2996 salva
1453 2954 1566 2995 ero.
1591 2938 1871 3007 Magnam
1901 2938 2166 2996 habebat

512 3028 694 3084 ﬁdem
729 3048 740 3096 ;
777 3029 1056 3084 credebat
1085 3029 1266 3093 enim,
1291 3028 1457 3100 quod
1483 3028 1584 3082 ubi
1611 3028 1802 3083 solam
1830 3029 2162 3084 vestimenti

2277 1884 2367 1931 καὶ
2417 1879 2574 1951 ὄχλος
2627 1879 2784 1942 πολύς
2842 1880 3185 1939 ἠκολούθησε.
3249 1886 3348 1934 Καὶ
3404 1880 3505 1954 γὰρ
3563 1884 3612 1933 οἰ
3675 1881 3894 1943 πλείους

2279 1968 2445 2018 αὐτῶν
2521 1974 2949 2041 σωματικὼτερον
3023 1969 3230 2034 ζῶντες,
3311 1969 3416 2038 οὐχ
3487 1970 3621 2022 οὕτω
3693 1969 3892 2040 ψυχῆς

2279 2056 2536 2126 ὠφέλειαν,
2605 2061 2671 2119 ὡς
2740 2062 2982 2128 σώματος
3049 2057 3274 2131 ἰατρείαν
3359 2057 3644 2129 ἐπεθύμουν
3717 2054 3880 2114 ἰδεῖν,

2601 2238 2746 2287 ΚΕΦ.
2773 2233 2866 2298 1ς’.
2896 2239 3020 2308 Περὶ
3042 2242 3132 2295 τῆς
3152 2233 3551 2308 αἱμοῤῥοούσης.

2353 2414 2452 2461 Καὶ
2510 2440 2574 2449 -
2639 2411 2818 2464 αὑτοῦ.
2891 2415 3016 2483 Περὶ
3099 2411 3194 2462 τοῦ
3272 2415 3521 2483 παρόντοε
3594 2412 3886 2483 κεφαλαίου

2278 2497 2587 2570 πλατύτερον
2673 2504 2761 2550 καὶ
2826 2505 3168 2571 φανερώτερον
3243 2499 3462 2571 ἔγραψεν
3539 2501 3565 2550 6
3646 2507 3884 2566 Λουκᾶς,

2278 2591 2366 2638 καὶ
2408 2590 2636 2648 ζήτησον
2679 2586 2802 2660 παρ’
2853 2587 3026 2658 ἐκείνῳ
3080 2591 3168 2644 τήν
3216 2585 3466 2658 ἐξήγησιν
3511 2595 3600 2640 τοῦ
3639 2588 3888 2641 εἰκοστοῦ

2277 2675 2424 2726 ἕκτου
2483 2675 2782 2740 κεφαλαίου.
2835 2672 3145 2746 Κράσπεδον
3202 2673 3260 2728 δὲ
3309 2674 3420 2728 ἐστι
3478 2679 3535 2728 τὸ
3581 2679 3739 2751 οἰκρον
3787 2686 3889 2731 τοῦ

2280 2764 2510 2833 ἱματίου,
2572 2762 2598 2814 ὃ
2658 2766 2802 2836 παρὰ
2872 2764 2977 2824 τοῖς
3047 2768 3206 2816 ποσὶν
3264 2763 3547 2836 εἰλούμενον
3602 2764 3892 2837 ἐφάπτεται

2275 2859 2366 2912 τῆς
2393 2859 2492 2922 γῆς
2523 2849 2570 2902 ἐν
2593 2859 2664 2921 τῷ
2697 2849 2965 2922 βαδίζειν.

2348 2939 2520 3010 Ἔλεγε
2579 2971 2641 2979 -
2693 2941 3032 3011 σωθήσομαι.
3105 2939 3303 2998 Πολλὴν
3360 2943 3448 3012 μὲν
3502 2937 3618 3012 εἷχς
3663 2946 3878 3000 πίστιν,

2278 3028 2542 3081 Ἐπίστευε
2601 3031 2722 3100 γὰρ,
2781 3029 2861 3079 ὄτι
2915 3033 3067 3100 μόνον
3117 3027 3355 3100 ἁψαμένη
3413 3036 3504 3082 τοῦ
3572 3027 3886 3102 κρασπέδου

511 3117 804 3173 ﬁmbriam
842 3117 1142 3188 tetigisset,
1170 3117 1335 3172 salva
1382 3117 1565 3181 ﬁeret,
1593 3116 1653 3170 id
1685 3121 1789 3182 est,
1820 3123 2157 3177 sanaretur.

2273 3124 2363 3167 τοῦ
2418 3118 2626 3187 ἱματίου
2697 3116 2858 3168 αὑτοῦ
2919 3118 3237 3184 σωθήσεται,
3300 3122 3587 3183 τουτέστιν,
3652 3121 3880 3192 ὑγιανεῖ.

512 3210 674 3263 Hanc
707 3205 1332 3276 tamenimperfectam
1376 3204 1640 3260 habebat
1667 3221 1679 3259 :
1714 3204 1965 3276 putabat
1993 3221 2161 3260 nam-

512 3311 622 3366 que
655 3296 832 3350 latere
864 3295 1049 3358 illum,
1078 3295 1182 3367 qui
1221 3293 1484 3349 occultos
1532 3308 1775 3364 quoque
1824 3293 2009 3349 animi
2036 3309 2160 3349 mo-

513 3388 606 3438 tus
637 3385 913 3438 intuetur.

584 3473 743 3527 Vers.
770 3472 858 3526 22.
906 3471 1068 3526 Iesus
1113 3477 1304 3527 autem
1330 3500 1399 3511 —
1431 3473 1483 3526 te
1525 3471 1746 3526 salvam
1803 3471 1964 3540 fecit.
2028 3473 2162 3527 Μαι-

510 3560 719 3628 thaaus,
751 3565 1042 3631 tanquam
1085 3559 1382 3614 brevitatis
1409 3564 1659 3622 amator,
1691 3575 1826 3630 qua:
1866 3559 1925 3614 in
1967 3560 2160 3614 medio

511 3649 881 3716 contigerunt
927 3647 1316 3718 praetermisit,
1352 3647 1708 3702 miraculum
1741 3647 1934 3703 solum
1975 3649 2162 3703 mani-

508 3735 736 3792 festans
769 3753 782 3801 ;
815 3737 1002 3791 Lucas
1033 3751 1173 3791 vero
1199 3736 1404 3791 omnia
1433 3739 1706 3791 accurate
1731 3736 2064 3807 proposuit.
2096 3737 2160 3791 In

508 3824 666 3879 dicto
692 3840 832 3894 ergo
857 3825 1049 3895 capite
1079 3824 1344 3878 invenies

577 3915 734 3968 Vers.
767 3917 854 3966 22.
887 3914 954 3967 Et
978 3913 1174 3968 —illa
1204 3913 1359 3968 hora.
1395 3911 1569 3968 Salva
1589 3911 1742 3968 facta
1773 3916 1878 3981 est,
1905 3913 2019 3968 hoc
2049 3916 2157 3978 est,

507 4005 732 4057 curata.
772 4004 956 4056 Lucas
986 4000 1282 4073 siquidem
1315 4001 1482 4068 dixit,
1521 4008 1734 4058 sanata
1764 4003 1833 4056 9³.
1881 4004 1960 4056 Ex
1990 4001 2158 4066 hora,

507 4093 776 4162 inquam,
807 4105 927 4145 non
958 4105 1080 4161 qua
1109 4090 1254 4144 dixit
1278 4089 1331 4144 ei
1359 4092 1530 4144 Jesus
1557 4107 1568 4143 :
1602 4091 1762 4145 Bono
1781 4091 1984 4145 animo
2008 4093 2154 4155 esto,

504 4180 644 4244 ﬁlia,
678 4180 781 4234 sed
821 4195 940 4250 qua
966 4178 1266 4234 ﬁmbriam
1291 4179 1496 4248 tetigit,
1525 4179 1676 4235 sicut
1702 4179 1935 4234 Marcus
1967 4183 2025 4235 et
2047 4179 2158 4234 Lu-

506 4285 607 4326 cas
640 4269 1021 4339 scripserunt.
1041 4269 1111 4321 ⁸³.

574 4359 738 4414 Vers.
789 4361 876 4412 23.
932 4356 1180 4427 Cumque
1210 4386 1277 4397 —
1325 4357 1593 4413 Vers.24.
1619 4371 1747 4412 eum
1779 4355 1948 4412 Moris
1995 4356 2156 4411 enim

505 4447 700 4503 eratin
725 4445 1070 4515 hujusmodi
1091 4444 1535 4501 calamitatibus
1561 4445 1832 4501 tibicines
1849 4445 2152 4509 inducere,

505 4536 603 4607 qui
629 4534 1074 4589 lamentationes
1101 4535 1443 4590 excitarent.
1479 4535 1597 4588 Hoc
1629 4539 1829 4590 autem
1861 4539 2040 4604 caput
2070 4533 2156 4590 la-

504 4625 621 4679 tius
653 4623 885 4692 scripsit
926 4622 1155 4676 Marcus
1183 4624 1251 4676 9‘.
1307 4625 1513 4687 Quaere
1543 4638 1684 4692 ergo
1719 4621 2155 4694 expositionem

502 4712 652 4767 tertii
677 4709 878 4765 decimi
905 4709 1114 4780 capitis
1154 4711 1317 4782 apud
1344 4727 1503 4766 eum.

574 4800 743 4854 Vers.
771 4802 856 4854 25.
889 4799 965 4852 Et
987 4814 1113 4853 cum
1137 4829 1206 4840 —
1239 4796 1396 4854 Vers.
1430 4803 1517 4854 26.
1552 4799 1738 4854 illam.
1769 4797 1849 4853 De
1879 4799 1972 4853 his
2023 4814 2155 4853 om-

501 4888 681 4944 nibus
714 4888 773 4942 in
799 4887 1081 4958 praedicto
1121 4888 1282 4944 tertio
1314 4887 1546 4944 decimo
1574 4889 1766 4960 capite
1805 4887 1971 4943 nullo
2004 4902 2152 4959 prae-

504 4977 780 5035 termisso
805 4977 1091 5033 invenies.

571 5157 613 5191 ⁸⁷
666 5156 835 5211 Marc.
865 5169 922 5219 v,
983 5158 1050 5208 22
1081 5175 1092 5218 ;
1129 5155 1245 5209 Luc
1275 5167 1390 5215 vm,
1422 5153 1510 5210 lit.
1625 5154 1670 5188 ⁸⁸
1704 5156 1876 5210 Marc.
1931 5170 1988 5217 v,
2022 5156 2110 5210 23.

501 5229 543 5263 ⁹¹
577 5229 717 5282 Luc.
759 5241 882 5293 vni,
909 5227 976 5281 43
1007 5240 1174 5296 seqq.
1291 5226 1338 5258 ⁹²
1373 5226 1505 5279 Luc.
1537 5239 1662 5293 vin,
1688 5228 1778 5280 47.

2227 5154 2272 5188 ⁸⁹
2305 5155 2424 5210 Luc
2463 5168 2582 5219 vm,
2636 5157 2725 5209 42.

1891 5227 1938 5260 ⁰⁸
1973 5228 2144 5281 Marc.
2177 5241 2233 5290 v,
2271 5229 2338 5280 29
2366 5241 2378 5289 ;
2411 5225 2548 5280 Luc.
2582 5239 2695 5290 vni,
2727 5224 2815 5280 44.
2852 5223 2899 5259 9‘
2929 5223 3108 5280 Marc.
3139 5237 3198 5290 v,
3231 5220 3297 5276 35
3329 5236 3497 5293 seqq.

2276 3203 2413 3262 Πλὴν
2466 3204 2612 3263 ἀτελῆ
2667 3208 2861 3262 ταύτην
2923 3202 3089 3276 εἶχεν.
3148 3204 3301 3278 ’ῼετο
3356 3209 3456 3279 γὰρ
3489 3206 3658 3260 λαθεῖν
3695 3209 3879 3276 αὐτὸν,

2274 3293 2324 3353 ὃς
2356 3292 2534 3365 βλέπει
2563 3298 2651 3346 καὶ
2677 3296 2742 3346 τὰ
2772 3293 2935 3366 ἁφανῆ
2967 3299 3230 3365 κινήματα
3257 3302 3351 3357 τῆς
3379 3295 3586 3366 ψυχῆς.

2341 3471 2398 3522 Ὀ
2453 3467 2510 3522 6":
2576 3471 2780 3532 Ἰησοῦς
2829 3502 2894 3510 -
2948 3474 3147 3522 σέσωκέ
3205 3489 3287 3528 σε.
3362 3471 3449 3532 Ὠς
3502 3471 3886 3546 γιλοσύντομος

2273 3560 2296 3610 6
2351 3561 2634 3624 Ματθαῖος,
2687 3561 2752 3611 τὰ
2802 3558 2853 3611 ἐν
2911 3563 3051 3630 μέσῳ
3115 3556 3439 3634 παρέδραμε,
3495 3566 3646 3632 μόνον
3703 3559 3883 3632 ἀπαγ-

2269 3647 2439 3719 γείλας
2474 3651 2530 3698 τὸ
2574 3649 2748 3719 θαῦμα
2777 3669 2787 3680 ·
2823 3649 2848 3699 6
2887 3644 2944 3699 δε
2997 3654 3206 3709 Λουκᾶς
3256 3648 3461 3700 ἅπαντα
3509 3650 3769 3720 παρέθηκε
3804 3646 3882 3701 δι’

2273 3735 2554 3808 ἀκρίϐειαν,
2601 3741 2691 3788 καὶ
2737 3738 2976 3808 εὑρήσεις
3019 3744 3187 3789 ταῦτα
3231 3736 3279 3788 ἐν
3332 3745 3404 3806 τῷ
3463 3734 3746 3795 δηλωθέντι
3791 3757 3883 3791 κε-

2273 3826 2489 3898 φαλαίῳ.

2345 3919 2442 3967 Καὶ
2537 3945 2606 3956 -
2679 3917 2811 3987 ὧρας
2895 3914 3105 3974 ἐκείνης.
3196 3913 3425 3982 Ἐσώθη,
3533 3913 3646 3966 ἀντὶ
3757 3921 3878 3981 τοῦ,

2269 4005 2492 4074 ύγίανεν.
2545 4003 2684 4060 Ἰάθη
2739 4004 2840 4074 ’γὰρ
2898 3999 3032 4055 εἶπεν
3085 4004 3110 4054 6
3151 4007 3375 4063 Λουκᾶς.
3426 4002 3552 4055 Ἀπὸ
3595 4009 3692 4063 τῆς
3736 4004 3884 4074 ὧρας

2270 4089 2348 4156 δὲ,
2391 4091 2484 4143 ούκ
2532 4090 2616 4162 ἀφ’
2677 4091 2740 4150 ἧς
2786 4092 2810 4142 6
2867 4093 3092 4162 Χριστὸς
3141 4091 3274 4142 εἶπεν
3323 4091 3454 4162 αὐτῇ
3495 4095 3554 4142 τό
3595 4108 3606 4120 ·
3650 4093 3877 4164 Θάρσει,

2271 4183 2512 4252 θύγατερ,
2554 4177 2661 4230 ἀλλ’
2709 4178 2793 4250 ἀφ’
2845 4180 2910 4240 ἧς
2953 4178 3126 4248 ἦψατο
3178 4185 3271 4230 τοῦ
3315 4176 3639 4252 κρασπέδου,
3701 4180 3882 4239 καθὼς

2267 4271 2478 4341 Μάρκος
2503 4287 2558 4320 τε
2581 4272 2669 4320 καὶ
2699 4272 2907 4328 Λουκᾶς
2942 4269 3255 4340 ἱστόρησαν.

2340 4361 2440 4410 Καὶ
2493 4387 2559 4396 -
2615 4355 2794 4409 αὐτοῦ.
2851 4354 3005 4416 Ἔθος
3062 4357 3163 4428 γὰρ
3222 4351 3283 4414 ἦν
3337 4353 3386 4406 έν
3432 4361 3548 4416 ταῖς
3608 4355 3882 4415 τοιαύταις

2269 4452 2558 4516 συμφοραῖς
2651 4445 2876 4505 αὐλητὰς
2955 4443 3200 4513 εἰσάγειν,
3284 4445 3468 4515 θρῆνον
3563 4446 3876 4514 ἐγείροντας.

2265 4540 2427 4586 Τούτο
2483 4529 2540 4585 δὲ
2599 4536 2656 4584 τὸ
2712 4533 2983 4603 κεφάλαιον
3033 4531 3347 4604 πλατύτερον
3414 4532 3440 4583 6
3501 4535 3716 4602 Μάρκος
3788 4530 3882 4582 ἀν-

2264 4621 2476 4694 έγραψε,
2524 4626 2613 4673 καὶ
2675 4622 2906 4682 ζήτησον
2963 4619 3084 4692 παρ’
3142 4619 3281 4672 αὑτῶ
3335 4623 3427 4678 τήν
3481 4619 3730 4690 ἐξήγησιν
3781 4628 3886 4674 τοῦ

2265 4706 2703 4784 τρισκαιδεκάτου
2735 4709 3031 4781 κεφαλαίου.

2333 4798 2454 4850 Ὀτε
2511 4795 2568 4850 δὲ
2620 4830 2686 4838 -
2733 4798 2946 4856 ἐκείνην.
3012 4802 3138 4869 Περὶ
3198 4798 3388 4849 τούτων
3457 4797 3661 4848 πάντων
3716 4794 3884 4865 έύρή-

2267 4907 2370 4948 σεις
2435 4886 2828 4961 ἁπαραλείπτως
2900 4885 2948 4937 ἐν
3029 4893 3100 4955 τῷ
3175 4885 3380 4958 ῥηθέντι
3451 4880 3884 4957 τρισκαιδεκάτῷ

3533 3911 3646 3966 ἀντὶ

2263 4975 2540 5048 κεφαλαίῳ.

2839 5153 2888 5188 ⁸ο
2947 5150 3126 5207 Marc.
3160 5166 3211 5216 v,
3254 5153 3367 5215 24;
3410 5149 3544 5206 Luc.
3600 5165 3719 5215 vui,
3777 5149 3876 5205 42.

1691 5402 1916 5470 Variae
1936 5401 2265 5470 lectiones
2300 5411 2362 5468 et
2391 5410 2594 5469 notae.

577 5568 947 5647 (tt)_qujam
972 5570 1335 5626 morituram.
1401 5572 1606 5628 Nescio
1637 5587 1714 5628 an
1739 5572 1944 5642 legerit
1963 5571 2162 5626 ἐκπνέου

2269 5595 2291 5626 ι.
2319 5572 2433 5630 Sed
2463 5573 2802 5647 ἐμπνέουσαν,
2831 5571 3028 5629 adhuc
3085 5570 3431 5642 spirantem,
3467 5569 3563 5626 hic
3593 5567 3764 5626 etiam
3795 5565 3888 5624 lo-

495 5655 634 5696 cum
664 5637 863 5694 habet.
