4108 6394
260 338 356 395 311

586 471 740 521 ΚΕΦ.
778 467 883 526 ΙΖ’.
927 474 1054 543 Περὶ
1083 477 1181 521 τῶν
1208 466 1303 522 δύο
1332 469 1554 541 τυφλῶν.

346 560 444 609 Καὶ
474 586 541 596 -
597 552 790 610 Annio".
842 560 1121 627 Μαθὸντες,
1179 562 1296 631 περὶ
1331 559 1398 609 ὧν
1448 557 1877 630 ἐθαυματούργει,

274 649 362 696 καὶ
428 647 806 705 πιστεύσαντες
874 646 1032 698 αὐτὸν
1103 644 1230 698 εἶναι
1294 649 1379 697 τὸν
1445 647 1879 720 προσδοκώμενον

276 738 527 808 Χριστὸν,
582 739 701 807 περὶ
744 735 806 785 οὗ
864 734 1111 797 πολλάκις
1187 738 1442 803 ἤκουσαν,
1497 738 1739 807 ἔρχονται
1789 738 1879 786 καὶ

274 822 623 874 ἀκολουθοῦσι
704 825 1007 897 κράζοντες·
1102 822 1363 891 Ἐλέησον,
1441 827 1624 895 ἤγουν,

274 914 390 963 Υὶόν
445 907 507 963 δὲ
558 918 652 964 τοῦ
703 909 873 964 Δαυὶδ
922 919 1101 964 τοῦτον
1151 910 1412 982 λέγουσιν,
1470 914 1538 972 ὡς
1599 910 1879 973 ἀκηκοότες

275 1001 469 1071 ὁμοίως
520 998 576 1050 ἐκ
633 1003 808 1070 γένους
852 997 1031 1053 Λαυῐδ
1086 998 1500 1060 ἀναϐλαστήσειν
1555 999 1725 1053 αὐτόν.
1791 999 1878 1059 Εἰς

271 1092 428 1159 τιμὴν
481 1084 541 1140 δε
594 1088 757 1140 αὐτοῦ
813 1094 967 1140 τοῦτο
1021 1088 1328 1159 κράξουσιν.
1391 1088 1726 1159 Ἐντιμοτάτη
1774 1090 1876 1161 γὰρ

272 1178 395 1249 παρ’
421 1173 712 1237 Ἰουδαίοις
778 1172 839 1233 ἧν
870 1179 901 1233 ἡ
960 1178 1175 1233 τοιαύτη
1227 1181 1579 1250 προσηγορία·
1631 1181 1720 1228 καὶ
1774 1178 1876 1248 γὰρ

269 1267 351 1315 ὅτι
529 1266 703 1316 πάντα
751 1261 992 1328 δύναται,
1047 1264 1336 1317 ἐπίστευον·
1393 1266 1473 1316 ὅτι
1530 1262 1590 1317 δε
1644 1268 1735 1317 καὶ
1760 1268 1879 1324 Θεὸς

520 1357 668 1405 ὗοπω
744 1353 1220 1425 πεπληροφορηντο.
1298 1356 1384 1404 Διὸ
1458 1357 1547 1405 καὶ
1618 1351 1881 1425 ἀνθρωπο-

270 1450 483 1514 πρεπὼς
515 1442 671 1493 αὐτόν
699 1440 906 1513 ἐτίμων,
932 1444 1001 1503 ὡς
1027 1445 1118 1493 καὶ
1146 1440 1292 1493 ἄλλοι
1318 1440 1515 1497 πολλοί.

1706 826 1874 876 ἴασαι.

270 1352 438 1417 ἐστιν,

342 1621 585 1676 Ἐλθόντι
646 1651 718 1661 -
792 1620 993 1692 τυφλοί.
1069 1620 1413 1694 Παρείλκυσεν
1485 1620 1671 1680 αὐτοὺς
1744 1620 1876 1690 ἄχρι

267 1719 364 1771 τῆς
390 1711 581 1777 οἰκίας,
614 1712 697 1760 ἶνα
748 1713 819 1779 μὴ
858 1705 988 1782 δόξῃ
1042 1717 1150 1771 τοῖς
1196 1707 1572 1781 μεμψιμοίροις
1617 1703 1879 1777 ἐπιπηδᾷν

272 1806 389 1857 ταὶς
470 1800 936 1870 θαυματουργίαις,
1015 1798 1086 1859 ὡς
1177 1792 1469 1868 φιλόδοξος.

279 1896 445 1958 corio;
509 1890 632 1958 (98)
714 1886 990 1958 οἰκονομεῖ,
1062 1894 1339 1959 περιαιρῶν
1406 1891 1580 1937 πᾶσαν
1644 1883 1881 1958 ἀφορμὴν

271 1974 537 2046 μέμψεως.
596 1974 749 2036 Εἰκὸς
798 1972 877 2039 δὲ,
934 1982 1124 2027 πιστοῦ
1171 1992 1306 2034 τινος
1360 1969 1489 2025 εἶναι
1543 1977 1637 2031 τὴν
1695 1972 1880 2038 οἰκίαν,

270 2064 345 2124 εἱς
372 2064 433 2121 ἦν
464 2066 747 2135 κατήχθη.

348 2247 449 2294 Καὶ
503 2273 573 2281 -
624 2249 888 2307 ποιῆσαι;
936 2237 1171 2310 Δηλαδὴ,
1221 2240 1248 2292 ὃ
1307 2239 1554 2293 αἰτεῖσθε.
1607 2241 1889 2309 Ἐγίνῶσκε

264 2334 359 2401 μὲν
409 2334 536 2402 γὰρ,
590 2332 670 2382 ὅτι
721 2332 1080 2393 πιστεύουσιν,
1138 2331 1218 2382 ὅτι
1258 2325 1498 2381 δύναται’
1540 2337 1645 2388 πῶς
1674 2332 1771 2403 γὰρ
1827 2329 1887 2381 ὄιν

268 2419 681 2480 ἀκολουθοῦντες
765 2418 1088 2492 παρεκάλουν
1142 2437 1156 2484 ;
1206 2419 1415 2491 Ἐρωτᾴ
1475 2414 1533 2469 δε
1604 2418 1759 2488 ὅμως,
1804 2419 1887 2470 ἵνα

265 2510 543 2581 φανερωθῇ
601 2512 692 2559 καὶ
739 2510 936 2559 τούτων
966 2508 996 2565 ἡ
1051 2510 1245 2570 πίστις,
1302 2510 1393 2558 καὶ
1440 2504 1731 2558 ἐλκυσθῶσι
1792 2503 1886 2559 διὰ

264 2600 467 2648 τούτων
521 2601 617 2649 καὶ
668 2597 850 2670 ἕτεροι.
909 2598 986 2649 Τὰ
1041 2597 1283 2667 θαύματα
1323 2596 1424 2665 γὰρ
1477 2594 1535 2645 ού
1588 2599 1740 2665 μόνον
1790 2590 1884 2646 διὰ

264 2690 387 2747 τούς
459 2687 923 2758 θεραπευομένους,
994 2682 1119 2735 ἀλλά
1176 2689 1265 2735 καὶ
1316 2682 1548 2754 μάλιστα
1612 2679 1706 2734 διὰ
1760 2685 1882 2744 τοὺς

264 2775 501 2845 ὁρῶντας
535 2777 628 2825 καὶ
658 2776 778 2834 τοὺς
804 2770 1080 2833 ἀκούοντας
1104 2771 1391 2846 εἰργάζετο.

338 2953 593 3021 Δέγονσιν
674 2980 743 2988 -
807 2951 981 3021 Κύριε.
1044 2949 1155 3002 Ούκ
1220 2952 1296 3002 ἔτι
1361 2957 1537 3003 τοῦτον
1620 2953 1730 3002 υἱὸν
1786 2946 1877 3003 τοῦ

265 3036 457 3109 Δαυὶδ,
535 3037 666 3089 ἀλλὰ
745 3044 1010 3097 Δεσπότην
1084 3036 1545 3112 ἀνακηρύττουσιν,
1614 3041 1712 3092 ύπὸ
1786 3046 1878 3097 τῆς

263 3126 574 3199 ἐρωτήσεως
656 3126 814 3179 αὐτοῦ
882 3130 1219 3202 πτερωθὲν-τες
1287 3128 1358 3191 εἰς
1436 3129 1563 3200 ὕψος
1640 3135 1874 3190 πίστεως.
1915 3161 1958 3215 c

333 3311 466 3358 Τότε
522 3336 594 3345 -
655 3303 821 3356 αὐτῶν
889 3305 938 3356 oi
989 3304 1244 3377 ὀφθαλμοί
1257 3348 1267 3359 .
1324 3312 1397 3378 Τῇ
1452 3312 1629 3360 πίστει
1684 3309 1877 3360 τούτων

257 3400 356 3453 τήν
431 3396 712 3466 θεραπείαν
782 3391 1112 3463 ἀνατίθησιν,
1174 3396 1295 3469 ὅπερ
1382 3397 1527 3448 εἴωθε
1608 3395 1878 3467 πολλαχοῦ

254 3491 450 3549 ποιεῖν,
509 3480 834 3555 διερεθίζων,
916 3485 985 3543 ὡς
1063 3485 1285 3557 εἴρηται,
1363 3488 1628 3546 καὶτοὺς
1698 3485 1879 3546 ἄλλους

256 3573 332 3634 εἰς
384 3578 589 3624 πίστιν.
645 3570 898 3624 "Am-erat
965 3568 1024 3623 δὲ
1097 3576 1185 3623 καὶ
1256 3580 1319 3643 τῇ
1369 3578 1534 3646 χειρὶ,
1606 3570 1874 3639 δεικνύων,

254 3664 339 3713 ὅτι
400 3665 493 3712 καὶ
544 3662 574 3717 ἠ
619 3664 849 3729 παναγία
922 3659 1082 3711 αύτοῦ
1148 3660 1281 3734 σὰρξ
1330 3661 1468 3723 ζωῆς
1521 3659 1873 3733 μεταδίδωσι.

260 3749 484 3820 Μεγάλη
543 3746 605 3801 δί
649 3753 943 3821 κατηγορία
1017 3756 1118 3800 τῶν
1194 3746 1482 3815 Ἰουδαίων,
1554 3752 1632 3802 ὅτι
1694 3750 1876 3823 τυφλοὶ

255 3843 350 3910 μὲν
382 3838 440 3901 ἐξ
504 3836 668 3909 ὰοῇς
721 3841 881 3908 μόνης
933 3836 1269 3904 ἐπίστευσαν,
1330 3838 1476 3892 αύτοὶ
1535 3837 1611 3905 δὲ,
1668 3845 1757 3892 καὶ
1813 3844 1879 3893 τὰ

260 3930 513 3998 θαύματα
546 3924 838 3997 βλέποντες,
870 3926 1149 3984 ἠπίστουν.

336 4020 440 4069 Καὶ
524 4044 599 4056 —
652 4018 970 4084 γινωσκέτω.
1072 4012 1504 4088 Ἐνεϐριμήσατο,
1579 4014 1690 4069 ἀντὶ
1763 4024 1874 4085 τοῦ,

256 4104 553 4177 αὐστηρῶς
630 4101 875 4173 ἐνέϐλεψε,
955 4103 1275 4164 συνελκύσας
1353 4105 1448 4165 τὰς
1523 4104 1702 4177 ὀφρύς,
1788 4103 1879 4158 καί

260 4192 537 4252 ὶπισιίσας
596 4191 772 4251 αὐτοῖς
827 4194 922 4249 τὴν
987 4191 1224 4263 κεφαλὴν,
1292 4193 1413 4265 ὅπερ
1492 4192 1709 4245 εἰώθασι
1759 4212 1875 4247 ποι-

260 4288 357 4346 εῖν,
412 4282 467 4332 οἱ
544 4278 1008 4352 ἐξασφαλιζόμενοί
1060 4298 1204 4341 τινας
1275 4285 1394 4354 περὶ
1474 4281 1706 4352 φυλακῆς
1776 4303 1876 4355 μυ·-

264 4388 531 4441 mpm-ra.

330 4459 399 4509 Οἱ
444 4486 514 4495 -
567 4463 629 4526 τῇ
686 4463 753 4527 γῇ
804 4454 992 4529 ἐκείνῃ.
1038 4460 1137 4510 Καὶ
1190 4454 1239 4507 ἔν
1289 4464 1360 4527 τῷ
1416 4457 1546 4527 ἕκτῳ
1592 4456 1871 4529 κεφαλαίῳ,

254 4548 565 4619 καθαρίσας
627 4546 713 4595 τὸν
786 4543 987 4617 λυπρὸν,
1063 4543 1403 4618 παρήγγειλεν
1483 4545 1624 4616 αύτῷ
1696 4552 1870 4617 σιγᾷν,

255 4640 348 4685 καὶ
404 4635 647 4693 ζήτησον
696 4630 743 4684 ἐν
792 4641 853 4704 τῇ
904 4631 1151 4704 ἐξηγήσει
1207 4633 1367 4685 αὐτοῦ
1424 4638 1519 4692 τὴν
1564 4634 1755 4702 αἰτίαν,
1800 4632 1872 4686 δι’

262 4726 322 4781 ἦν
365 4727 528 4792 σιγᾷν
583 4720 864 4786 ἐπιτάττει,
924 4725 1013 4773 καὶ
1073 4729 1185 4783 πῶς
1256 4721 1385 4784 ὅλως
1462 4720 1740 4793 ἐπιτάττει,
1797 4742 1874 4793 γι-

259 4818 498 4875 νώσκων,
552 4811 632 4862 ὅτι
699 4808 757 4862 ού
809 4814 1042 4880 σιγήσει,
1086 4814 1173 4861 καὶ
1222 4814 1315 4869 τήν
1358 4810 1507 4863 λύσιν
1546 4809 1740 4869 ἐκείνην
1790 4810 1874 4865 ἐπὶ

263 4902 472 4952 πάντων
500 4903 597 4971 ἔχε
615 4906 714 4951 τῶν
740 4900 951 4970 ὁμοίων.

434 4995 583 5043 ΚΕΦ.
634 4988 745 5044 IH'.
780 4992 907 5061 Περὶ
938 4993 1030 5039 τοῦ
1074 4982 1507 5060 δαιμονιζομένου
1533 4996 1729 5060 κωφοῦ.

336 5078 511 5132 Δύτῶν
577 5108 650 5120 —
730 5073 1191 5149 δαιμονιζόμενον.
1254 5080 1435 5150 κωφὸν
1486 5084 1576 5130 νῦν
1624 5079 1759 5148 λέγει
1814 5080 1874 5131 τὸ

333 5260 376 5295 ³⁸
418 5258 621 5319 Matth.
660 5270 787 5325 v11],
817 5253 873 5308 4-

1242 341 1608 399 COMMENT.
1654 342 1722 399 IN
1760 342 2209 401 MATTHIEUM.
2247 374 2317 384 -—
2355 343 2512 399 CAP.
2555 341 2655 399 IX.

1908 469 1955 523 A

3545 346 3650 403 318

2362 471 2511 525 CAP.
2543 470 2707 528 XVII.
2746 471 2832 527 De
2850 470 3074 527 duobus
3101 472 3286 529 caecis.

2059 561 2221 615 Vers.
2254 563 2341 614 27.
2377 560 2630 631 Cumque
2655 590 2726 601 -—
2767 561 2982 619 David.
3024 564 3169 617 Cum
3202 560 3509 618 audissent
3542 564 3645 618 mi-

1986 647 2194 704 racula
2248 664 2383 720 quae
2442 648 2724 720 ediderat,
2771 654 2828 705 et
2875 650 3263 707 credidissent
3317 666 3456 707 eum
3517 667 3647 707 esse

1989 736 2306 805 Christum,
2335 737 2439 810 qui
2462 740 2933 809 exspectabatur,
2963 740 3032 795 de
3058 756 3177 812 quo
3197 739 3417 812 saepius
3438 740 3648 796 audie-

1985 827 2471 895 rant,veniuntac
2483 828 3159 899 sequuntur,clamantes
3177 851 3186 882 :
3202 828 3645 899 Miserere,sive,

1988 930 2157 972 sana.
2209 914 2418 971 Filium
2467 921 2667 973 autem
2726 917 2912 972 David
2956 918 3117 974 hunc
3171 918 3396 983 dicunt,
3444 922 3646 989 utpote

1988 1004 2092 1076 qui
2138 1005 2315 1060 etiam
2367 1004 2682 1062 audierant
2710 1020 2742 1061 e
2768 1020 2983 1076 genere
3012 1006 3201 1063 David
3249 1007 3416 1063 illum
3441 1007 3643 1063 oriun-

1989 1093 2161 1149 dum.
2190 1093 2280 1149 Ad
2305 1092 2597 1149 honorem
2623 1108 2764 1150 vero
2790 1095 2921 1165 ejus
2951 1095 3067 1152 hoc
3102 1096 3328 1153 dicunt.
3372 1096 3645 1151 Honora-

1989 1182 2224 1239 tissima
2262 1180 2561 1254 siquidem
2616 1183 2776 1254 apud
2826 1184 3062 1241 Judmos
3116 1190 3243 1241 erat
3290 1184 3643 1256 hujusmodi

1990 1270 2339 1343 appellatio.
2384 1270 2715 1327 Credebant
2742 1271 2942 1343 itaque
2973 1273 3133 1343 quod
3160 1273 3364 1328 omnia
3392 1276 3595 1343 posset
3622 1290 3641 1343 ;

1990 1359 2153 1431 quod
2181 1363 2382 1415 autem
2411 1360 2565 1414 Deus
2606 1363 2781 1425 esset,
2814 1360 3088 1416 nondum
3126 1361 3300 1431 plena
3334 1361 3450 1416 ﬁde
3481 1366 3644 1416 tene-

1988 1448 2137 1505 bant
2165 1464 2180 1514 ;
2209 1447 2467 1519 ideoque
2495 1451 2783 1519 tanquam
2820 1448 3106 1505 hominen
3133 1449 3410 1505 decenter
3453 1449 3647 1505 hono-

1989 1536 2226 1602 rabant,
2259 1536 2409 1591 sicut
2439 1540 2493 1592 et
2522 1535 2618 1592 alii
2654 1536 2844 1593 multi.

2060 1627 2221 1681 Vers.
2246 1624 2336 1689 28,
2369 1625 2645 1694 Ingresso
2682 1656 2752 1666 —
2792 1626 2951 1684 caeci.
2996 1625 3282 1683 Protraxit
3312 1642 3414 1683 eos
3456 1641 3646 1699 usque

1992 1713 2070 1770 ad
2088 1714 2358 1781 domum,
2383 1727 2459 1767 ne
2479 1713 2951 1784 reprehendendi
2968 1714 3353 1771 occasionem
3377 1730 3647 1787 quaeren-

1551 1798 1727 1848 Πάντα
1776 1797 1878 1868 γὰρ

1999 1803 2151 1859 tibus
2201 1801 2496 1857 videretur
2532 1801 2609 1858 ad
2663 1802 3093 1859 miraculorum
3144 1803 3553 1875 operationem
3582 1818 3646 1859 se

1990 1893 2277 1962 ingerere,
2331 1891 2503 1963 quasi
2542 1890 2746 1963 glorias
2797 1894 3048 1948 amator.
3104 1891 3319 1948 Omnia
3348 1892 3508 1948 enim
3552 1906 3642 1946 sa-

1991 1981 2222 2054 pienter
2282 1980 2565 2052 disponit,
2623 1995 2863 2037 omnem
2917 1980 3186 2037 auferens
3244 1981 3645 2037 accusationis

1992 2070 2398 2127 occasionem.
2447 2067 2779 2124 Verisimile
2824 2072 2917 2124 est
2943 2072 3145 2125 autem
3174 2068 3425 2125 domum
3468 2069 3645 2125 fuisse

1995 2157 2309 2228 cujusdam
2349 2156 2561 2221 ﬁdelis,
2602 2156 2664 2211 in
2690 2171 2811 2227 qua
2832 2162 3092 2212 retentus
3124 2156 3217 2211 sit.
3386 2202 3389 2203 ν

1994 2282 1997 2283 ν
2065 2245 2232 2301 Vers.
2270 2245 2359 2299 28.
2389 2245 2467 2299 Et
2503 2275 2572 2284 —
2604 2245 2803 2313 facere
2852 2245 2882 2300 9
2919 2245 3091 2310 Quod
3128 2244 3642 2316 videlicetpetitis.

1997 2334 2231 2393 Sciebat
2282 2338 2437 2390 certe
2475 2331 2609 2389 illos
2642 2332 2882 2389 credere
2935 2333 3096 2405 quod
3137 2337 3341 2404 posset
3375 2350 3388 2388 :
3430 2349 3646 2406 neque-

1993 2424 2153 2480 enim
2199 2422 2365 2479 aliter
2390 2420 2575 2478 secuti
2622 2421 2868 2479 fuissent
2914 2437 3052 2477 eum
3105 2423 3528 2480 obsecrantes:
3562 2423 3648 2478 in-

1991 2516 2253 2582 terrogat
2306 2514 2509 2567 tamen
2550 2513 2618 2566 ut
2666 2508 3142 2567 manifestaretur
3184 2510 3423 2566 illorum
3470 2510 3645 2582 ﬁdes,

1992 2601 2212 2673 aliique
2239 2614 2348 2671 per
2386 2600 2496 2656 hos
2545 2599 3001 2656 attraherentur.
3047 2599 3327 2655 Miracula
3381 2614 3648 2672 namque

1989 2705 2111 2746 non
2182 2692 2427 2760 propter
2477 2703 2579 2744 eos
2639 2692 2895 2752 tantum,
2949 2687 3052 2760 qui
3110 2688 3486 2752 curabuntur,
3538 2687 3646 2744 sed

1986 2780 2232 2850 propter
2254 2791 2358 2832 eos
2378 2775 2760 2847 potissimum
2787 2774 3138 2841 edebantur,
3162 2776 3265 2847 qui
3285 2774 3569 2832 videbant
3589 2779 3650 2833 et

1987 2863 2329 2921 audiebant.

2058 2951 2221 3008 Vers.
2280 2954 2370 3007 28.
2424 2951 2644 3007 Dicunt
2680 2982 2750 2992 —
2792 2950 3061 3008 Domine.
3131 2952 3262 3007 Jam
3293 2966 3418 3008 non
3462 2952 3648 3008 ﬁlium

1990 3040 2196 3111 David,
2276 3038 2381 3095 sed
2442 3039 2759 3095 Dominum
2839 3055 2978 3095 eum
3054 3039 3480 3110 appellabant:
3566 3040 3646 3098 ab

1988 3130 2117 3201 ejus
2166 3126 2623 3199 interrogatione
2677 3127 2739 3182 in
2790 3126 2933 3182 ﬁdei
2982 3126 3396 3183 celsitudinem
3457 3127 3649 3184 subleo

1990 3218 2129 3275 vati.

2060 3308 2214 3363 Vers.
2255 3306 2343 3361 29.
2382 3304 2548 3360 Tunc
2576 3333 2647 3343 —
2682 3303 2842 3358 Vers.
2872 3303 2960 3359 30.
2993 3302 3147 3358 oculi
3190 3302 3452 3360 illorum.
3486 3302 3645 3360 Fidei

1988 3411 2197 3453 eorum
2229 3394 2549 3451 sanitatem
2580 3390 2867 3458 attribuit,
2892 3391 3057 3463 quod
3077 3390 3413 3463 frequenter
3446 3391 3643 3449 facere

1989 3484 2301 3541 consuevit
2337 3483 2484 3539 alios
2514 3497 2758 3555 quoque
2792 3482 3055 3537 excitans
3086 3481 3164 3536 ad
3194 3480 3400 3536 ﬁdem.
3441 3481 3648 3554 Tangit

1988 3578 2189 3630 autem
2210 3577 2269 3628 et
2283 3587 2491 3636 manu,
2510 3569 2832 3626 ostendens
2855 3568 3295 3624 sanctissimam
3318 3584 3448 3624 esse
3470 3586 3647 3626 suam

1986 3678 2252 3727 carnem,
2283 3676 2420 3733 quae
2466 3659 2651 3715 vitam
2690 3656 2972 3714 conterat.
3006 3658 3222 3726 Magna
3252 3672 3390 3713 vero
3414 3657 3648 3714 Judteo-

1987 3766 2122 3808 rum
2150 3750 2291 3806 hinc
2320 3749 2506 3805 oritur
2552 3746 2853 3803 accusatio
2888 3761 2900 3800 :
2933 3745 3099 3817 quod
3142 3744 3319 3801 caecis
3358 3745 3487 3802 solo
3543 3762 3645 3802 au-

1986 3839 2116 3896 ditu
2141 3836 2535 3899 credentibus,
2574 3836 2689 3907 ipsi
2717 3833 3013 3891 miracula
3059 3832 3329 3890 videntes
3355 3833 3645 3891 increduli

1987 3927 2431 4000 permanebant.

2060 4016 2206 4073 Vers
2239 4019 2325 4072 30.
2365 4015 2445 4070 Et
2474 4043 2543 4053 —
2599 4011 2763 4068 sciat.
2820 4008 3255 4083 Ἐνεϐριμήσατο,
3310 4011 3647 4068 intermina-

1988 4112 2080 4161 tus
2108 4107 2232 4160 est:
2267 4106 2503 4159 austere
2545 4099 2820 4156 videlicet
2867 4097 3125 4162 intuens,
3173 4100 3491 4154 contractis
3550 4116 3648 4155 su-

1985 4192 2316 4264 perciliciis,
2404 4192 2705 4247 commoto
2766 4186 2999 4259 capite:
3066 4184 3241 4241 veluti
3297 4185 3492 4242 facere
3550 4201 3646 4242 so-

1984 4282 2126 4346 lent,
2175 4280 2277 4353 qui
2322 4278 2553 4351 aliquos
2606 4276 2682 4332 de
2741 4272 3101 4332 continendo
3158 4276 3385 4330 secreto
3436 4272 3647 4330 admo-

1983 4373 2145 4426 nent.

2055 4459 2198 4513 Vers
2226 4457 2315 4513 31.
2348 4455 2456 4511 [ιιι
2477 4484 2542 4495 -
2567 4452 2854 4523 regionem
2882 4449 3080 4507 illam.
3118 4451 3183 4505 In
3213 4453 3378 4506 sexto
3401 4464 3645 4522 quoque

1983 4546 2176 4618 capite
2214 4544 2504 4601 mundato
2556 4542 2791 4613 leproso
2845 4539 3128 4611 praecepit
3179 4542 3244 4594 ut
3299 4543 3519 4594 taceret
3569 4540 3641 4591 θ’.

1985 4638 2192 4702 Quaere
2216 4634 2277 4690 in
2298 4633 2452 4690 illius
2483 4629 2875 4703 expositione,
2916 4644 3022 4683 cur
3053 4633 3247 4684 tacere
3279 4627 3644 4698 praeceperit,

1982 4724 2268 4797 quodque
2319 4721 2567 4779 omnino
2596 4718 2924 4791 praecipiat,
2956 4717 3149 4773 sciens
3199 4716 3334 4772 illos
3361 4732 3483 4773 non
3513 4731 3645 4772 esse

1983 4812 2287 4875 tacituros,
2304 4810 2587 4881 illamque
2612 4806 2972 4863 solutionem
2991 4819 3099 4876 pro
3124 4803 3406 4860 omnibus
3422 4802 3643 4859 habeto

1985 4900 2303 4958 similibus.
3238 4948 3239 4951 η

2289 4987 2429 5045 CAP
2459 4985 2637 5043 XVlll.
2666 4984 2753 5041 De
2779 4983 3127 5041 damoniaco
3152 4986 3329 5038 muto.

2054 5077 2201 5135 Vers
2238 5076 2327 5133 32.
2379 5076 2508 5133 ιιιεε
2545 5078 2743 5133 autem
2778 5070 3226 5130 daemoniacum.
3281 5070 3644 5140 Quanquam

1476 5376 1702 5446 Variae
1734 5376 2061 5447 lectiones
2102 5384 2169 5443 et
2192 5384 2395 5444 notae.

302 5561 409 5638 (98)
465 5561 682 5632 σαφῶς)
720 5549 798 5605 Α’
