4098 6400
484 350 590 405 319

1806 348 2152 403 EUTHYMII
2206 348 2539 405 ZIGABENI

3753 353 3865 411 320

486 478 653 547 κωφός
697 474 931 530 dicatur
960 473 1175 544 saepius
1210 473 1450 542 surdus,
1481 488 1642 528 nunc
1679 476 1879 531 tamen
1910 474 2145 546 capitur

2272 475 2463 529 ἱλαλον.
2532 480 2751 545 Λέγεται
2780 479 2881 550 γὰρ
2912 482 3098 551 κωφὸς,
3151 479 3209 531 οὐ
3249 483 3401 552 μόνον
3444 481 3470 532 6
3518 480 3588 551 μή
3637 478 3862 546 ἀκούων,

487 579 599 635 pro
627 568 813 627 muto,
842 565 933 635 qui
966 562 1078 618 fari
1126 562 1352 634 nequit,
1398 561 1551 617 sicut
1574 562 1757 617 etiam
1790 562 1929 618 alibi
1957 579 2146 636 quan-

488 652 711 725 doque.

560 742 719 796 Vers.
751 742 836 797 33.
856 742 932 796 Et
952 743 1133 810 ejecta
1162 771 1231 780 —
1258 745 1474 809 mutus,
1499 743 1625 795 Non
1647 744 1773 795 erat
1793 745 2009 795 natura
2024 757 2153 796 mu-

486 835 601 899 tus,
622 831 726 885 sed
744 830 1268 899 daemonlinguam
1284 830 1406 899 ejus
1426 828 1729 897 ligaverat,
1751 834 1807 885 et
1823 837 1957 885 ante
1972 830 2149 884 hanc,

489 920 758 974 animam
791 936 807 972 :
840 919 1091 990 ideoque
1123 919 1193 973 ab
1247 917 1376 972 aliis
1425 917 1758 973 adducitur.
1811 922 1928 973 Nec
1970 917 2153 972 ﬁdem

488 1006 711 1078 exigit;
766 1007 1057 1077 siquidem
1110 1022 1219 1061 nec
1268 1006 1399 1069 fari,
1461 1021 1571 1060 nec
1620 1006 1943 1076 intelligere
1994 1011 2151 1075 pote-

491 1100 625 1154 rat:
664 1095 829 1167 quod
882 1110 1212 1165 agnoscens
1277 1094 1564 1161 Salvator,
1613 1094 1885 1166 protinus
1934 1094 2155 1149 daemo-

492 1199 629 1239 nem
687 1184 877 1255 ejecit,
924 1184 1050 1255 ipso
1099 1183 1278 1239 etiam
1335 1182 1673 1252 ignorante.
1726 1182 1994 1254 Cumque
2024 1182 2155 1237 vin-

490 1271 639 1327 culis
690 1273 996 1330 absolutus
1046 1278 1221 1338 esset,
1282 1271 1567 1328 intellexit
1620 1276 1676 1328 et
1730 1272 1855 1343 (uu)
1917 1271 2153 1327 locutus

492 1366 575 1417 est
602 1362 787 1419 homo

562 1450 725 1504 Vers.
759 1455 847 1507 33.
889 1452 963 1505 Et
1011 1481 1079 1490 —
1120 1449 1327 1506 Israel.
1362 1450 1669 1519 Nunquam
1712 1447 1995 1516 apparuit
2050 1448 2153 1516 sic,

491 1538 552 1593 id
582 1544 688 1603 est,
733 1542 1052 1609 Nunquam
1079 1538 1211 1593 visa
1243 1542 1384 1592 sunt
1432 1536 1778 1608 hujusmodi
1834 1535 2153 1591 mirabilia.

495 1626 790 1681 Omnibus
822 1632 1025 1682 autem
1051 1626 1152 1698 qui
1191 1627 1267 1682 ab
1301 1625 1546 1681 exordio
1587 1624 1883 1680 mirabilia
1922 1624 2151 1695 operati

495 1720 631 1769 sunt
657 1715 1067 1769 sublimiorem
1097 1714 1543 1786 praedicabant;
1578 1715 1718 1784 quia
1748 1728 1985 1768 omnem
2010 1728 2157 1766 mor.

2262 564 2396 635 ἀγλα
2426 570 2515 617 καὶ
2532 567 2557 616 6
2588 570 2659 636 μὴ
2684 564 2874 621 λαλῶν.

2336 746 2436 793 Καὶ
2488 740 2819 803 ἐκϐληθέντος
2882 774 2949 783 —
3012 749 3207 816 κωφός,
3266 745 3376 796 Οὐκ
3431 741 3491 802 ἦν
3554 742 3607 794 ἐκ
3662 745 3871 815 φύσεως

2262 830 2468 896 ἄλαλος,
2519 829 2632 881 ἀλλ’
2680 832 2704 881 6
2765 828 2967 902 δαίμων
3020 829 3181 891 ἔδησε
3236 837 3330 891 τὴν
3377 832 3621 903 γλῶσσαν
3680 831 3867 900 αὐτοῦ,

2262 924 2351 970 καὶ
2394 922 2493 991 πρὸ
2539 921 2729 979 ταύτης
2776 924 2869 977 τὴν
2907 920 3113 991 ψυχήν.
3176 924 3270 974 Διὰ
3320 928 3471 972 τοῦτο
3502 923 3602 991 γὰρ
3662 923 3751 969 καὶ
3782 919 3872 990 ὑφ’

2265 1006 2443 1079 ἑτέρων
2500 1009 2841 1081 προσάγεται,
2923 1014 3011 1061 καὶ
3102 1009 3196 1061 οὐκ
3277 1008 3575 1061 ἅπαιτεῖται
3624 1008 3864 1063 ⁹’πίστιν,

2266 1096 2400 1151 Οὐτε
2429 1098 2529 1168 γὰρ
2559 1095 2805 1157 λαλῆσαι,
2864 1100 2979 1149 οὔτε
3032 1103 3258 1149 συνιέναι
3310 1094 3547 1149 ἐδύνατο.
3594 1100 3693 1148 Καὶ
3747 1101 3877 1147 τοῦ·

2266 1201 2323 1234 το
2383 1189 2653 1254 ’γινώσκων
2710 1186 2735 1235 6
2784 1189 2980 1259 Σωτὴρ,
3047 1184 3273 1248 ἐξέϐαλεν
3350 1185 3543 1237 αὐτίκα
3594 1187 3681 1236 τόν
3752 1180 3879 1236 δαί·

2266 1290 2416 1343 μονα,
2476 1277 2565 1324 καὶ
2613 1271 2965 1343 ἀπελαθέντος,
3025 1273 3177 1331 ἐλύθη
3233 1276 3323 1345 μεν
3378 1276 3445 1325 τὰ
3497 1270 3690 1345 δεσμὰ,
3744 1291 3878 1324 συν-

2268 1368 2359 1419 ῆκε
2388 1357 2464 1426 δὲ,
2498 1365 2586 1413 καὶ
2614 1360 2855 1419 ἐλάλησεν
2887 1363 2911 1414 6
2938 1364 3221 1434 ἄνθρωπος.

2341 1453 2440 1501 Καὶ
2490 1480 2559 1488 ——
2600 1450 2835 1523 Ἰσραήλ.
2894 1481 2962 1492 -
3007 1447 3271 1503 Οὐδέποτε
3314 1449 3468 1522 ἐφάνη
3526 1450 3711 1512 οὕτως,
3755 1448 3879 1501 ἀντὶ

2268 1545 2379 1602 τοῦ,
2455 1535 2719 1590 Οὐδέποτε
2788 1538 2944 1610 ἐφάνη
3013 1547 3228 1591 τοιαῦτα
3297 1535 3603 1604 παράδοξα.
3658 1539 3879 1589 Πάντων

2270 1623 2329 1677 δε
2375 1634 2476 1678 τῶν
2530 1626 2616 1676 ἀπ’
2668 1627 2845 1687 αἰῶνος
2901 1630 3480 1701 θαυματουργησάντων
3538 1627 3881 1699 ύπερετίθουν

2269 1714 2442 1779 αὐτόν,
2491 1710 2629 1767 διότι
2659 1721 2759 1767 πᾶν
2812 1718 2977 1777 πάθος
3036 1716 3168 1785 ἰᾶτο,
3210 1720 3297 1768 καὶ
3326 1718 3605 1787 ταχύτατα
3634 1719 3724 1765 καὶ
3752 1714 3879 1765 κατ’

497 1802 646 1857 bum
664 1802 926 1867 curabat,
943 1811 999 1858 et
1017 1803 1383 1859 velocissime
1402 1801 1766 1874 propriaque
1781 1802 2156 1858 auctoritate,

2272 1801 2524 1865 ἐξουσίαν·
2584 1808 2674 1855 καὶ
2718 1808 2840 1856 ποτε
2883 1807 2972 1875 μεν
3028 1804 3209 1875 λέγων,
3265 1807 3389 1857 ποτε
3442 1801 3503 1856 δε
3565 1803 3876 1873 ἁπτόμενος,

495 1890 795 1946 interdum
852 1891 1099 1963 quidem
1167 1892 1368 1956 verbo,
1444 1905 1884 1962 nonnunquam
1968 1894 2153 1954 tactu,

493 1980 859 2051 quandoque
881 1996 1015 2035 vero
1035 1986 1192 2035 tactu
1222 1986 1278 2035 et
1298 1979 1482 2035 verbo
1509 1995 1522 2043 ;
1553 1984 1610 2034 et
1627 1984 1696 2033 ut
1721 1977 1905 2033 semel
1932 1978 2153 2042 dicam,

493 2068 646 2122 sicut
670 2067 931 2135 volebat,
962 2069 1023 2123 in
1058 2068 1338 2123 omnibus
1360 2083 1536 2123 suam
1567 2066 1842 2138 pandens
1872 2065 2154 2137 omnipo-

499 2156 764 2211 tentiam.

572 2242 734 2298 Vers.
778 2244 865 2299 34.
910 2243 1207 2301 Ρήανίεωί
1245 2248 1437 2300 autem
1492 2274 1562 2284 —
1592 2244 1906 2299 daemonia.
1946 2242 2157 2299 Turbm

499 2330 743 2402 quidem
760 2333 1245 2400 admirabantur;
1259 2332 1692 2388 Pharisaaivero
1705 2331 2159 2388 calumniaban-

498 2424 612 2484 tur,
632 2420 892 2476 dicentes
914 2421 1070 2491 quod
1092 2437 1230 2477 cum
1257 2421 1521 2476 amicum
1550 2420 1797 2475 haberet
1824 2420 2156 2491 principem

497 2506 946 2575 daemoniorum,
989 2524 1093 2579 per
1121 2509 1283 2565 hunc
1312 2509 1615 2564 daemonia
1653 2507 2008 2579 expellebat.
2042 2510 2160 2563 Nec

498 2596 858 2651 verebantur
887 2599 1100 2666 nugari
1125 2597 1184 2651 in
1214 2596 1325 2661 his,
1360 2612 1490 2669 quae
1538 2596 1705 2651 facile
1734 2596 2010 2666 redargui
2057 2612 2159 2667 po-

499 2687 711 2739 terant.
744 2688 893 2739 Nam
945 2687 1049 2755 qui
1105 2686 1546 2741 daemoniorum
1599 2685 1927 2756 principem
1979 2684 2160 2741 habet

498 2772 783 2838 amicum,
838 2789 974 2844 quin
1032 2774 1111 2829 illi
1171 2779 1310 2830 sunt
1370 2778 1540 2843 grata
1595 2773 1863 2844 perﬁcit:
1897 2772 2160 2829 daemoni

497 2864 696 2916 autem
741 2866 978 2931 gratum
1029 2867 1135 2927 est,
1166 2870 1229 2918 ut
1258 2863 1385 2935 quis
1446 2877 1682 2933 semper
1732 2865 1946 2917 noceat
1975 2861 2157 2916 homi-

500 2947 697 3017 nibus,
730 2948 945 3004 doceat
991 2966 1170 3006 omne
1203 2955 1534 3021 peccatum,
1590 2950 1899 3004 abstrahat
1942 2964 2155 3004 omnes

499 3052 536 3091 a
582 3038 718 3093 Deo.
754 3038 1018 3093 Christus
1065 3054 1207 3094 vero
1246 3038 1540 3094 contraria
1581 3038 1673 3093 his
1712 3042 1991 3109 operatus
2046 3042 2153 3102 est,

496 3124 793 3182 beneﬁcia
848 3143 1086 3197 semper
1142 3127 1455 3183 conferens
1488 3127 1547 3182 in
1578 3126 1875 3195 homines,
1909 3141 2153 3181 omnem
2192 3160 2234 3216 Ο

498 3214 721 3269 docens
774 3215 1067 3287 virtutem,
1103 3216 1176 3271 ad
1219 3218 1407 3271 Deum
1464 3231 1674 3271 omnes
1718 3214 2054 3270 adducens.
2093 3219 2157 3270 Et

499 3307 698 3358 tamen
753 3304 865 3361 hos
915 3320 1030 3360 non
1096 3304 1290 3360 solum
1349 3319 1469 3359 non
1519 3303 1772 3375 punivit,
1825 3302 1932 3357 sed
1963 3317 2156 3373 neque

500 3392 693 3461 arguit
742 3408 877 3449 eos:
930 3393 1154 3448 docens
1212 3408 1323 3449 nos
1384 3407 1606 3462 magno
1672 3391 1879 3447 animo
1933 3390 2157 3446 calum-

500 3480 630 3535 nias
690 3480 1004 3547 sustinere,
1042 3486 1098 3537 et
1153 3481 1354 3552 potius
1398 3479 1752 3536 benefacere
1800 3478 2155 3535 nocentibus

499 3585 570 3624 ac
625 3571 908 3641 iniuriam
963 3570 1375 3625 inferentibus.
1432 3568 1574 3625 Vide
1630 3570 1789 3624 enim
1868 3568 2015 3641 quid
2075 3568 2155 3624 fe-

500 3657 661 3713 cerit.

571 3747 743 3802 Vers.
791 3749 882 3801 33.
912 3746 993 3801 Et
1029 3776 1099 3786 —
1144 3746 1209 3801 in
1254 3747 1471 3816 populo
1520 3746 1657 3801 Haec
1715 3744 1896 3801 etiam
1944 3750 2158 3817 quarto

501 3834 645 3889 dixit
668 3835 933 3905 capite“,
968 3840 1025 3890 et
1052 3834 1134 3890 ibi
1163 3834 1467 3889 declarata
1497 3839 1653 3889 sunt.
1711 3835 1912 3899 Quaere
1956 3839 2159 3891 autem

500 3926 557 3976 et
586 3922 751 3993 apud
804 3924 1059 3977 Marcum
1116 3922 1299 3978 ﬁnem
1335 3922 1481 3978 tertii
1513 3922 1720 3994 capitis
1764 3922 1951 3993 ipsius
1990 3924 2059 3989 97,
2106 3928 2162 3979 et

500 4011 563 4065 in
592 4011 723 4080 ejus
764 4011 976 4081 capitis
1005 4012 1383 4067 enarratione
1440 4012 1707 4067 invenies
1764 4011 2159 4067 differentiam

500 4099 751 4155 civitatis
780 4115 816 4155 a
840 4100 991 4156 vico.
1026 4100 1392 4156 Circumibat
1434 4104 1634 4157 autem
1664 4100 1925 4155 civitates
1953 4116 2164 4156 omnes

496 4193 556 4244 et
581 4189 741 4244 vicos
770 4189 1143 4257 Judzeorum,
1177 4205 1250 4245 ne
1280 4188 1415 4261 quis
1446 4204 1653 4245 eorum
1683 4189 1881 4245 dicere
1912 4192 2115 4261 posset
2146 4199 2161 4237 ε

500 4278 591 4334 Ad
621 4294 731 4335 nos
761 4293 883 4334 non
916 4279 1089 4335 venit.

572 4458 733 4510 Vers.
761 4455 851 4511 36.
883 4456 1137 4513 Intuitus
1167 4488 1229 4497 —
1259 4462 1578 4525 pastorem.
1632 4456 1957 4522 Destitutz,
1996 4455 2160 4528 quod
2195 4487 2241 4541 Β

501 4544 701 4598 nullus
730 4559 828 4598 eas
886 4546 1245 4615 respiceret:
1292 4546 1563 4616 dispersae
1622 4546 1738 4601 hoc
1786 4550 1875 4601 est
1919 4545 2162 4600 omnino

504 4630 816 4700 neglectas,
862 4632 920 4685 in
972 4633 1223 4687 modum
1256 4632 1456 4688 ovium
1496 4639 1735 4705 pastore
1783 4635 2157 4690 carentium:

499 4735 759 4790 quarum
789 4721 877 4775 hee
907 4721 1153 4791 quidem
1184 4725 1411 4777 vexatae
1452 4726 1608 4786 sunt,
1650 4737 1720 4778 ac
1758 4722 2017 4777 seductee
2044 4723 2162 4778 huc

501 4814 556 4863 et
603 4808 784 4864 illuc:
834 4808 964 4865 alia;
1015 4814 1216 4865 autem
1273 4806 1557 4882 diSpersm
1610 4811 1732 4865 sive
1787 4811 2052 4881 abjectae,
2089 4827 2160 4868 eo

499 4898 665 4970 quod
692 4912 812 4953 non
836 4897 927 4962 sit,
955 4898 1053 4971 qui
1083 4915 1291 4955 earum
1311 4916 1519 4956 curam
1550 4900 1786 4956 habeat.
1815 4900 2159 4956 Iudaeorum

500 4986 662 5043 enim
710 4986 1003 5059 principes
1054 5004 1177 5044 non
1208 4989 1403 5044 solum
1452 4988 1899 5057 convertebant,
1942 4992 2046 5045 aut
2075 5005 2161 5046 re-

503 5077 842 5148 spiciebant
869 5092 971 5134 eos
996 5077 1097 5150 qui
1122 5083 1538 5150 peccaverant,
1563 5094 1756 5150 neque
1786 5078 2161 5150 abjectorum

575 5204 622 5238 9°
647 5202 844 5260 Matth.
886 5218 960 5267 Iv,
998 5202 1085 5257 17.
1165 5202 1393 5257 “Marc.
1426 5218 1464 5267 ι,
1499 5204 1586 5257 38.

2267 1894 2389 1943 ποτε
2456 1888 2515 1943 δε
2599 1896 2688 1943 καὶ
2762 1893 3044 1965 ἁπτόμενος
3109 1897 3198 1944 καὶ
3271 1891 3455 1963 λέγων,
3540 1898 3630 1943 καὶ
3695 1891 3883 1951 ἁπλῶς

2268 1980 2441 2043 εἰπεῖν,
2494 1982 2558 2039 ὡς
2607 1979 2855 2033 ἐϐούλετο·
2920 1978 3013 2033 διὰ
3061 1983 3264 2034 πάντων
3328 1976 3529 2041 δεικνὺς
3574 1983 3632 2031 τὸ
3681 1978 3879 2031 ἐὰυτοῦ

2265 2064 2661 2137 παντοδύναμον
2674 2112 2686 2125 ,

2338 2245 2405 2296 Οἱ
2436 2240 2495 2297 δε
2525 2250 2801 2317 Φαρισαῖοι
2852 2276 2920 2285 -
2969 2242 3237 2316 δαιμόνια.
3278 2247 3343 2297 Οἱ
3382 2244 3535 2317 ὄχλοι
3589 2247 3678 2317 μὶν
3709 2243 3878 2296 ἐθαύ-

2268 2332 2453 2403 μαζόν⁸
2510 2336 2560 2385 οἱ
2613 2340 2889 2406 Φαρισαῖοι
2949 2330 3008 2385 δὲ
3063 2331 3331 2386 διέϐαλλον
3384 2334 3559 2400 αὐτὸν,
3614 2332 3877 2404 λέγοντες,

2268 2423 2348 2472 ὅτι
2396 2420 2538 2493 φίλον
2614 2424 2750 2492 ἔχων
2816 2425 2903 2473 τόν
2951 2424 3187 2495 ἄρχοντα
3254 2430 3355 2473 τῶν
3413 2419 3715 2493 δαιμονίων,
3795 2418 3879 2473 δι’

2267 2507 2460 2561 ἐκείνου
2525 2517 2685 2561 ταῦτα
2743 2507 2944 2581 διῴκει.
3008 2517 3106 2563 Καὶ
3157 2507 3273 2563 οὐδ’
3323 2511 3646 2583 ᾐσχύνοντο,
3708 2509 3879 2585 φλυα-

2267 2605 2472 2669 ροῦντες
2549 2598 2835 2668 εὐέλεγκτα.
2904 2604 3004 2652 Καὶ
3076 2602 3177 2673 γὰρ
3233 2601 3258 2650 ό
3300 2603 3419 2661 ίτὸν
3475 2600 3713 2671 ἄρχοντα
3769 2607 3878 2650 τῶν

2270 2683 2552 2759 δαιμονίων
2617 2687 2759 2759 φίλον
2822 2690 2979 2759 ἔχων,
3036 2688 3158 2759 φίλα
3227 2686 3398 2759 ἐκείνῳ
3466 2684 3876 2758 διαπράττεται’

2269 2774 2411 2846 φίλον
2456 2772 2514 2828 δὲ
2570 2784 2641 2845 τῷ
2692 2772 2920 2847 δαίμονι,
2985 2779 3041 2828 τὸ
3094 2775 3341 2848 βλάπτειν
3393 2775 3472 2828 ἀεὶ
3512 2779 3632 2837 τοὺς
3675 2773 3880 2849 ἀνθρὼο

2267 2883 2416 2929 πους,
2501 2867 2558 2915 τό
2627 2861 2904 2917 διδάσκειν
2962 2871 3133 2917 πᾶσαν
3189 2864 3469 2937 ἁμαρτίαν,
3523 2867 3580 2915 τὸ
3643 2862 3876 2935 ὰφιστᾷν

2266 2954 2461 3013 πάντας
2511 2951 2612 3004 ἀπὸ
2660 2960 2751 3003 τοῦ
2802 2957 2947 3005 Θεοῦ·
2988 2954 3013 3003 6
3070 2950 3130 3004 δέ
3172 2956 3401 3025 Χριστός
3458 2950 3705 3004 τάναντία
3741 2954 3877 3003 τού-

2266 3059 2365 3091 των
2446 3041 2734 3114 εἰργάζετο,
2816 3041 3090 3115 εὐεργετῶν
3179 3039 3256 3093 ἀεὶ
3345 3045 3462 3101 τοὺς
3540 3039 3871 3112 ἀνθρώπους,

2268 3126 2541 3181 διδάσκων
2622 3136 2797 3182 πᾶσαν
2883 3130 3089 3204 ἀρετὴν,
3170 3131 3450 3205 προσάγων
3533 3132 3729 3189 πάντας
3798 3138 3876 3199 τῷ

2268 3226 2408 3288 Θεῷ,
2466 3217 2644 3289 Ὀμως
2706 3218 2765 3271 ού
2831 3223 2982 3291 μόνον
3025 3222 3243 3281 τούτους
3293 3219 3385 3271 οὐκ
3434 3218 3693 3288 ἐκόλασεν,
3754 3216 3873 3269 ἀλλ’

2266 3304 2382 3359 οὐδ’
2442 3306 2649 3377 ἤλεγξεν
2706 3308 2915 3375 αὐτούς,
2972 3304 3237 3359 παιδεύων
3294 3310 3451 3380 ἡμᾶς,
3517 3309 3874 3379 μακροθύμως

2266 3400 2430 3469 φέρειν
2503 3396 2597 3458 τὰς
2653 3393 2922 3465 διαϐολὰς,
2985 3402 3073 3448 καὶ
3122 3396 3314 3468 μᾶλλον
3391 3394 3445 3448 εὖ
3523 3402 3688 3448 ποιεῖν
3740 3400 3878 3457 τοὺς

2264 3484 2589 3558 ὑϐρίζοντας.
2620 3484 2757 3559 Ὅρα
2783 3488 2906 3559 γὰρ,
2938 3489 2990 3537 τί
3011 3488 3241 3543 εποίησε.

2342 3748 2539 3797 Καί-
2587 3741 2636 3795 ἓν
2692 3750 2764 3813 τῷ
2819 3741 2944 3813 λαῷ.
2976 3748 3153 3795 Ταῦτα
3198 3745 3288 3793 καὶ
3335 3744 3383 3794 ἓν
3435 3738 3579 3813 ἀρχῇ
3638 3748 3728 3793 τοῦ
3781 3760 3876 3793 τε-

2268 3835 2459 3905 τάρτου
2511 3830 2787 3903 κεφαλαίου
2867 3834 3065 3905 εἴρηκεν
3139 3831 3164 3882 ό
3219 3834 3398 3901 παρὼν
3477 3830 3873 3901 εὐαγγελιστὴς,

2270 3926 2358 3973 καὶ
2387 3920 2789 3993 ἡρμηνεύθησαν
2838 3918 2885 3971 ἐν
2952 3920 3148 3989 ἐκείνῳ.
3207 3924 3447 3977 Ζήτησον
3503 3916 3561 3971 δε
3599 3922 3689 3969 καὶ
3727 3922 3877 3991 παρὰ

2271 4019 2343 4080 τῷ
2400 4013 2598 4083 Μάρκῳ
2640 4012 2699 4060 τό
2762 4008 2900 4069 τελος
2950 4015 3042 4061 τοῦ
3104 4012 3277 4079 τρίτου
3348 4007 3626 4080 κεφαλαίου
3685 4006 3874 4076 αὐτοῦ,

2274 4104 2363 4152 καὶ
2416 4100 2651 4172 εὑρήσεις
2717 4094 2972 4171 διαφορὰν
3045 4096 3239 4157 πόλεως
3316 4101 3406 4148 καὶ
3471 4102 3649 4168 κώμης
3702 4094 3748 4146 ἐν
3804 4102 3871 4165 τῇ

2275 4186 2466 4241 ἐκείνου
2520 4186 2778 4258 ἐξηγήσει.
2831 4190 3152 4259 Περιήρχετο
3214 4182 3272 4238 δι
3318 4187 3408 4245 τὰς
3472 4184 3641 4246 πόλεις
3693 4185 3878 4243 πάσας

2273 4282 2363 4329 καὶ
2412 4280 2502 4337 τὰς
2557 4282 2734 4348 κώμας
2789 4284 2887 4327 τῶν
2954 4271 3247 4343 Ἰουδαίων,
3300 4274 3424 4335 ἰναῗ
3454 4270 3643 4345 μηδεὶς
3702 4272 3876 4325 αὐτῶν

2274 4368 2393 4437 ἔχοι
2419 4366 2601 4436 λέγειν,
2625 4366 2703 4417 ὅτι
2725 4367 2857 4438 Πρὸς
2886 4365 3021 4435 ἡμᾶς
3046 4363 3141 4414 οὐκ
3191 4359 3357 4421 ἦλθεν.

2347 4451 2495 4506 Ἰδὼν
2534 4485 2601 4493 -
2652 4457 2889 4525 ποιμένα.
2943 4482 3010 4493 -
3043 4450 3379 4523 Ἐσκυλμενοι
3427 4450 3539 4521 (99)
3588 4453 3697 4522 μὶν,
3757 4447 3874 4501 ἀντὶ

2965 4537 3058 4592 διὰ
3107 4543 3164 4591 τό
3244 4544 3314 4609 μὴ
3406 4541 3545 4610 ἔχειν
3620 4542 3706 4589 τὸν
3753 4539 3877 4589 ἔπι-

2273 4550 2385 4609 τοῦ,
2471 4542 2887 4614 ἀνεπίστρεπτοι,

2276 4637 2583 4706 στρέφόντα’
2662 4629 2953 4704 ἐρριμμένοι
3039 4626 3115 4698 δὲ,
3206 4626 3319 4679 ἀντὶ
3370 4634 3483 4693 τοῦ,
3560 4626 3879 4699 ᾑμελημένοι

2272 4721 2458 4787 τέλεον,
2511 4717 2665 4776 δίκην
2753 4718 3080 4790 ἁποιμάντων
3172 4715 3464 4790 προϐάτων·
3538 4716 3605 4766 ὧν
3662 4717 3727 4766 τὰ
3781 4718 3879 4785 μὲν

2272 4809 2535 4878 ἕσκυλται,
2598 4812 2757 4878 ἤγουν
2830 4807 3178 4863 πεπλάνηνται
3232 4802 3364 4877 τῇδε
3406 4804 3641 4857 κάκεῖσε’
3701 4806 3765 4855 τὰ
3816 4800 3883 4857 δε

2272 4898 2529 4973 ἔρριπται,
2582 4901 2701 4954 ἤτοι
2754 4894 3186 4959 καταϐέϐληνται,
3230 4890 3325 4946 διὰ
3374 4898 3432 4946 τὸ
3480 4897 3551 4965 μὴ
3603 4895 3743 4964 ἔχειν
3788 4896 3884 4944 τόν

2271 4987 2654 5060 ἐπιμελόμενον.
2714 4987 2779 5038 Οἱ
2834 4987 2936 5057 γὰρ
3002 4992 3103 5036 τῶν
3162 4979 3435 5037 Ἰουδαίων
3514 4983 3765 5056 ἄρχοντες
3817 4982 3884 5034 οὐ

2272 5082 2423 5150 μόνον
2472 5076 2566 5129 οὐκ
2618 5074 2921 5147 ἐπέστρεφον
2967 5075 3088 5135 τοὺς
3139 5072 3552 5146 ἁμαρτάνοντᾶς,
3597 5066 3712 5124 οὐδ’
3764 5069 3887 5126 ἕπε-

1726 5323 1941 5392 Variae
1976 5322 2301 5391 lectiones
2342 5332 2405 5389 et
2445 5330 2650 5389 notae.

575 5475 688 5547 (99)
719 5478 880 5531 Hunc
906 5475 1105 5533 locum
1130 5474 1544 5548 inpterretatur
1572 5475 2014 5547 Chrysostomus
2055 5480 2092 5531 t.
2127 5478 2158 5531 Χ

2272 5491 2326 5547 ρ.
2361 5474 2465 5530 390
2491 5474 2593 5531 ubi
2625 5473 2806 5531 habet
2832 5474 2899 5526 τὰ
2927 5472 3025 5530 πλή
3038 5473 3099 5531 θη
3132 5470 3439 5544 ἐσκυλμένοι,

576 5600 696 5670 (uu)
724 5600 973 5670 Efecitet
997 5601 1179 5672 ejecto
1221 5600 1417 5658 soluta
1442 5605 1580 5658 sunt
1600 5600 1853 5669 vincula,
1887 5600 2171 5659 intellexit
2199 5604 2395 5657 autem
2418 5602 2491 5656 et.
