4098 6408
256 348 353 413 Ὡὶ
1248 352 1613 414 COMMENT.
1656 358 1728 414 IN
1768 349 2219 415 MATTH/EUM.
2260 389 2327 401 —
2368 359 2523 415 CAP.
2566 352 2641 415 Χ.

3549 360 3657 417 322

271 478 503 551 μελοῦντο
557 485 659 530 τῶν
707 478 1149 555 κατερῥαγμένων
1197 481 1274 557 (1)
1326 481 1453 535 ἀλλὰ
1499 482 1689 557 μᾶλλον
1732 483 1880 536 αύτοὶ

2026 498 2195 538 uram
2252 482 2572 548 habebant,
2627 484 2735 540 sed
2773 488 2830 540 et
2861 484 3030 558 pejus
3064 481 3177 557 ipsi
3235 483 3428 541 aﬂ‘ecti
3474 491 3660 543 erant

274 576 445 640 χεῖρον
469 576 559 620 τοῦ
579 566 712 619 λαοῦ
747 564 1026 622 διέκειντο.

341 662 561 709 Τότε-
592 657 787 729 ὀλίγοι.
842 662 1111 732 Θερισμόν
1167 664 1278 732 μέν,
1327 664 1485 731 ἤγουν
1537 663 1699 734 Θέρος,
1741 660 1885 714 καλεί

270 754 359 797 νῦν
391 750 513 808 τοὺς
541 755 835 799 πιστεῦσαι
877 747 1170 819 μέλλοντας,
1204 753 1268 809 ὡς
1299 749 1537 822 ἑτοίμους
1566 750 1636 811 εἰς
1666 754 1723 802 τὸ
1758 770 1887 822 συγ-

273 838 598 908 κομισθῆναι
654 833 751 888 διὰ
810 840 868 888 τό
936 847 1504 913 προεσγκατασπαρῆναι
1564 840 1737 900 αὐτοῖς
1791 845 1885 898 τὴν

274 931 450 995 φήμην
495 933 593 986 τῆς
646 922 1007 988 διδασκαλίας
1060 932 1148 979 καὶ
1206 930 1303 979 τῶν
1356 929 1631 1000 θαυμάτων
1690 929 1877 987 αὐτοῦ.

275 1015 503 1072 Ἀπῆλθε
541 1018 669 1085 γὰρ,
698 1020 882 1087 φησιν,
910 1018 939 1073 ἠ
976 1015 1104 1075 ἀκοὴ
1134 1017 1292 1069 αὐτοῦ
1320 1018 1387 1079 εἰς
1416 1018 1535 1076 ὅλην
1562 1024 1653 1077 τὴν
1676 1023 1885 1093 Συρίαν.

274 1103 538 1174 Ἐργεὶτας
569 1100 653 1167 δὲ,
689 1107 806 1161 ἦτοι
844 1106 1106 1179 θεριστάς,
1128 1104 1261 1177 λέγει
1290 1110 1412 1169 τοὺς
1440 1108 1680 1178 μαθητὰς
1706 1108 1887 1177 αὐτοῦ,

272 1192 360 1251 οὓς
385 1190 632 1244 ἐϐούλετο
660 1193 868 1265 πέμψαι
890 1197 1022 1267 πρὸς
1048 1192 1373 1267 συγκομιδὴν
1398 1204 1499 1247 τῶν
1524 1200 1770 1249 τοιούτων
1798 1195 1891 1250 ἀσ-

272 1284 515 1349 ταχύων.
535 1280 658 1335 Ἰνα
687 1284 789 1355 γὰρ
816 1286 913 1354 μὴ»
951 1281 1315 1356 ἐπισυρόμενθς
1443 1288 1508 1337 τὰ
1532 1285 1632 1343 πλή
1644 1288 1728 1352 om
1758 1283 1887 1359 δόξῃ

275 1366 371 1421 διὰ
400 1366 558 1422 τούτο
590 1372 971 1445 περιέρχεσθαι
991 1375 1080 1433 τὰς
1106 1372 1278 1433 πόλεις
1298 1377 1387 1426 καὶ
1416 1379 1611 1446 κώμας,
1644 1372 1892 1447 ἐκπέμπει

270 1462 397 1519 τούς
423 1461 673 1529 μαθητὰς
705 1457 818 1511 ἀνθ·
850 1460 1054 1516 ἑαυτοῦ.

344 1546 504 1600 Ἐστι
555 1544 620 1601 δε
673 1554 763 1600 καὶ
822 1549 1001 1624 ἑτέρως
1054 1550 1228 1612 εἰπεῖν,
1263 1551 1342 1603 ὅτι
1406 1553 1650 1625 θερισμὸν
1698 1555 1891 1625 εἴρηκε,

276 1634 536 1688 δεικνύων
596 1642 693 1695 τήν
742 1637 1010 1710 εὐχέρειαν
1054 1646 1148 1699 τῆς
1192 1642 1436 1700 τοιαύτης
1476 1638 1765 1707 διακονίας,
1825 1645 1893 1704 ὡς

276 1734 371 1776 τοῦ
434 1727 681 1797 μείζονος
735 1730 893 1778 πόνου
977 1726 1322 1800 προλαϐόντος
1407 1734 1495 1781 καὶ
1577 1729 1894 1791 τελεσθέντος

1990 586 2176 644 quam
2208 572 2495 643 populus.

2073 658 2235 715 Vers.
2266 666 2351 718 37.
2389 664 2549 719 Tunc
2579 694 2643 703 —
2667 663 2864 733 pauci.
2909 665 3157 719 Messem
3188 662 3283 718 hic
3324 668 3499 720 vocat
3529 680 3654 731 eos,

1992 755 2097 828 qui
2118 753 2395 810 credituri
2425 758 2609 818 erant,
2658 757 2946 823 tanquam
2983 758 3221 823 paratos
3254 757 3318 807 ut
3362 753 3435 808 ad
3475 752 3658 808 fidem

1994 844 2347 914 colligantur
2379 841 2558 914 :quia
2578 840 2704 912 jam
2756 841 2842 895 eis
2882 839 3277 896 disseminata
3322 847 3447 896 erat
3495 840 3662 897 fama

1998 931 2425 988 miraculorum
2457 931 2609 1001 ejus.
2636 929 2844 985 Exivi!
2874 929 3034 984 enim
3080 930 3241 999 fama
3267 932 3411 998 ejus,
3444 928 3657 1001 inquit,

1994 1022 2058 1077 in
2076 1024 2414 1077 universam
2435 1019 2666 1088 Syriam
2686 1019 2753 1073 9°.
2776 1020 3126 1090 Operatores
3150 1033 3289 1073 vero
3305 1023 3407 1072 aut
3431 1033 3662 1074 messo—

1996 1125 2092 1166 res
2119 1109 2262 1165 dicit
2297 1108 2625 1179 discipulos
2652 1122 2812 1174 suos,
2844 1122 2998 1179 quos
3036 1107 3264 1162 mittere
3286 1106 3527 1165 volebat
3584 1106 3661 1162 ad

1999 1198 2207 1257 talium
2237 1195 2671 1254 collectionem.
2706 1198 2784 1251 Ne
2816 1196 2976 1251 enim
3035 1196 3219 1251 ascita
3274 1194 3660 1251 multitudine

1998 1287 2297 1343 videretur
2333 1290 2576 1357 propter
2603 1284 2718 1340 hoc
2747 1283 3061 1340 circumire
3091 1284 3358 1341 civitates
3390 1289 3446 1340 et
3478 1284 3655 1350 vicos,

2000 1375 2323 1449 discipulos
2343 1391 2453 1447 pro
2477 1390 2540 1431 se
2571 1374 2804 1431 emittit.

2072 1551 2270 1608 Potest
2289 1554 2485 1607 autem
2518 1554 2573 1605 et
2603 1548 2721 1605 alio
2748 1548 2923 1604 modo
2950 1550 3187 1621 exponi,
3214 1549 3378 1621 quod
3408 1565 3663 1606 messem

2001 1642 2232 1709 dixerit,
2285 1639 2631 1695 facilitatem
2671 1639 2989 1693 ostendens
3016 1638 3359 1708 hujusmodi
3400 1638 3667 1693 ministe-

2001 1731 2071 1786 rii
2116 1732 2367 1799 :utpote
2425 1726 2636 1796 majori
2688 1725 2893 1781 labore
2942 1730 3362 1797 praeoccupato
3414 1726 3541 1796 jam
3596 1741 3665 1782 ac

276 1815 383 1865 ύπό
414 1823 518 1865 τῶν
538 1823 843 1887 προφητῶν,
874 1814 944 1880 οἱ,
971 1818 1202 1889 καθάπερ
1216 1820 1331 1869 τινὰ
1363 1822 1892 1890 σπέρματαπίστεως,

2023 1817 2263 1874 )erfecto
2293 1832 2325 1869 a
2354 1813 2675 1885 prophetis,
2723 1813 2827 1885 qui
2884 1818 3176 1885 tanquam
3227 1814 3458 1869 semina
3511 1829 3664 1885 quaa-

281 1910 395 1964 τοῐς
432 1900 722 1965 Ἰουδαίοις
763 1907 829 1955 τὰ
861 1909 979 1976 περὶ
1022 1912 1111 1956 τοῦ
1152 1912 1386 1980 Χριστοῦ
1427 1906 1891 1980 προκατεϐοίλοντο,

282 1992 311 2043 ὅ
371 1998 460 2044 καὶ
518 1990 567 2043 ἓν
627 2000 700 2059 τῷ
770 1992 978 2064 Ἰωάννῃ
1030 1992 1215 2065 ἔλεγεν,
1268 1995 1349 2046 ὅτι

278 2100 465 2149 κεειινιν⁹

1427 1993 1603 2048 Ἀλλοι
1650 1999 1895 2050 κεκοπιά-

543 2085 637 2132 καὶ
713 2082 860 2153 ὑμεῖς
944 2081 1011 2141 εἰς
1076 2085 1160 2134 τόν
1239 2087 1398 2135 κόπον
1468 2084 1633 2136 αὐτῶν
1703 2086 1899 2143 εἰσελη-

274 2170 496 2222 λύθατε.

358 2261 623 2331 Θερισμόν
684 2254 743 2310 δὲ
794 2262 885 2310 καὶ
942 2258 1165 2331 ἐργάτας
1216 2267 1303 2311 νυν
1370 2261 1543 2328 εἰπὼν,
1621 2266 1900 2335 ανέμνησεν

279 2346 480 2406 αὐτούς
526 2351 621 2398 καὶ
689 2355 790 2398 τῶν
834 2354 925 2399 τοῦ
977 2353 1273 2400 Βαπτιστοῦ
1318 2350 1583 2423 ῥημάτων.
1646 2357 1746 2404 Καὶ
1799 2354 1899 2425 γὰρ

280 2434 499 2504 ἐκεῖνος,
562 2440 683 2509 περὶ
746 2443 835 2487 τοῦ
905 2442 1141 2508 Χριστοῦ
1193 2436 1372 2509 λέγων,
1430 2443 1660 2514 γεωργὸν
1744 2440 1901 2493 αὐτὸν

281 2524 531 2596 ᾐνίξατο,
602 2526 1076 2596 προμνομονεύσας
1142 2528 1329 2592 πτύου,
1408 2532 1492 2579 καὶ
1550 2528 1759 2597 ἅλωνος,
1811 2534 1901 2582 καὶ

284 2615 466 2677 σίτου,
549 2615 643 2663 καὶ
723 2610 951 2686 ἀχύρου,
1036 2616 1103 2675 ὠς
1180 2612 1229 2666 ἓν
1285 2622 1358 2685 τῷ
1416 2620 1574 2689 τρίτῳ
1643 2617 1903 2691 κεφαλαίῳ

284 2704 607 2773 προείρηται

365 2790 597 2846 Δεήθητε
673 2792 761 2840 τόν
836 2792 1080 2863 θερισμόν
1144 2791 1331 2849 αὐτοῦ,
1396 2795 1593 2867 Κύρτον
1657 2802 1749 2848 τοῦ
1816 2797 1903 2848 θε-

287 2884 493 2949 ρισμοῦ
558 2876 743 2929 ἑαυτὸν
818 2878 973 2950 λέγει,
1047 2882 1115 2941 ὡς
1172 2880 1312 2951 αύτῷ
1370 2881 1746 2955 φυλαττομένου
1810 2891 1903 2937 τοῦ

284 2968 536 3017 τοιούτου
616 2967 809 3037 θέρους,
880 2972 969 3019 καὶ
1050 2972 1178 3042 πρός
1252 2970 1407 3022 αὐτόν
1483 2974 1905 3044 ωγκομισθῆναι

284 3052 588 3123 μέλλοντος,
622 3060 711 3107 καὶ
741 3058 806 3115 ὡς
836 3054 1074 3117 ἐξουσίαν
1112 3059 1245 3128 ἔχων
1277 3066 1370 3111 τοῦ
1421 3061 1723 3131 θερισθῆναι
1754 3061 1899 3118 αὐτὸ.

2002 1906 2146 1963 dam
2206 1904 2363 1970 ﬁdei,
2413 1902 2632 1959 Judaeis
2682 1918 2753 1957 ea
2782 1917 2917 1973 quae
2966 1902 3041 1957 de
3074 1902 3303 1958 Christo
3353 1908 3521 1959 erant
3562 1918 3666 1959 au-

2004 1995 2217 2067 spicati
2246 1993 2507 2047 fuerant:
2547 1991 2711 2063 quod
2751 1992 2930 2046 etiam
2975 1992 3030 2045 in
3064 1990 3379 2063 Evangelio
3422 1991 3664 2047 Joannis

2005 2083 2243 2140 dicebat
2274 2081 2435 2137 :Alii
2479 2081 2921 2148 laboraverunt,
2955 2086 3007 2135 et
3033 2095 3125 2136 vos
3155 2081 3219 2135 in
3245 2080 3507 2137 laborem
3534 2079 3666 2136 illo-

2005 2188 2137 2228 rum
2164 2170 2450 2227 introistis
2482 2171 2529 2203 9°
2544 2212 2557 2225 .

2078 2263 2319 2317 Messem
2336 2262 2618 2330 praeterea
2637 2256 3005 2328 etoperarios
3032 2256 3379 2322 nominans,
3397 2257 3667 2327 Baptistae

2006 2350 2193 2405 verba
2237 2363 2307 2404 ac
2360 2345 2710 2402 memoriam
2767 2345 3017 2401 reducit.
3080 2346 3386 2417 Siquidem
3425 2347 3541 2412 ille,
3592 2346 3667 2402 de

2007 2437 2236 2494 Christo
2262 2436 2540 2508 loquens,
2574 2433 2871 2504 agicolam
2920 2433 3087 2488 illum
3122 2434 3376 2498 induxit,
3411 2435 3562 2490 facta
3589 2436 3669 2490 vi-

2008 2525 2219 2582 delicet
2266 2523 2562 2580 mentione
2601 2523 2676 2579 de
2730 2537 2870 2579 area
2907 2522 3036 2593 ejus
3066 2526 3122 2578 et
3170 2521 3381 2587 tritico,
3440 2539 3509 2579 ac
3565 2538 3668 2595 pa-

2010 2615 2104 2672 lea
2129 2614 2250 2687 (vv)
2280 2630 2293 2669 :
2325 2612 2487 2669 velut
2511 2611 2681 2668 tertio
2705 2610 2896 2683 capite
2934 2610 3287 2682 praedictum
3327 2616 3415 2666 est
3446 2613 3486 2665 ι.

2086 2795 2244 2848 Vers.
2305 2792 2394 2848 38.
2434 2792 2659 2861 Rogate
2686 2819 2755 2829 —
2792 2802 3033 2846 messem
3072 2803 3269 2845 suam.
3337 2788 3667 2846 Dominum

2013 2881 2227 2936 messis
2260 2879 2527 2951 seipsum
2554 2882 2751 2944 vocat,
2782 2876 2870 2934 cui
2904 2877 3177 2933 videlicet
3216 2884 3529 2934 servantur
3556 2879 3671 2934 hu-

2008 2968 2277 3040 jusmodi
2334 2972 2580 3037 segetes,
2634 2972 2691 3021 et
2732 2966 2809 3021 ad
2852 2981 3034 3037 quem
3086 2965 3436 3035 colligendis
3507 2971 3666 3031 sunt,

2013 3057 2237 3129 quique
2266 3060 2620 3129 potestatem
2646 3054 2831 3109 habet
2852 3053 2979 3108 illas
3014 3059 3248 3109 metere.
3273 3055 3495 3123 Rogata
3511 3071 3652 3125 ergo

287 3144 526 3199 Δεήθητε
559 3140 643 3211 δὲ,
690 3139 846 3205 εἶπεν,
878 3144 984 3216 οὐχ
1013 3147 1080 3207 ὡς
1118 3141 1355 3218 δεόμενος
1385 3148 1787 3221 παρακληθῆναι
1816 3151 1900 3203 ὑπ’

2023 3145 2226 3217 inquit,
2255 3160 2376 3200 non
2428 3143 2593 3215 quasi
2632 3158 2786 3212 opus
2849 3143 2897 3198 ei
2952 3143 3045 3206 sit,
3102 3148 3160 3197 ut
3199 3142 3280 3197 illi
3319 3142 3669 3199 obsecrent:

286 3231 488 3281 αὐτῶνθ
540 3236 621 3291 τίς
662 3235 763 3302 γὰρ
823 3230 1014 3285 ἐκείνου
1060 3234 1532 3309 φιλανθρωπότέρος
1562 3254 1576 3305 ;
1609 3236 1737 3291 ἀλλὰ
1782 3258 1904 3291 παι-

288 3315 463 3370 δεύων
494 3323 623 3381 τούς
650 3323 906 3392 μαθητὰς,
942 3322 1181 3376 ἱκετεύειν
1226 3326 1311 3377 τὸν
1366 3329 1495 3378 Θεὸν
1540 3327 1666 3402 ὑπὲρ
1692 3336 1789 3380 τῶν
1824 3348 1904 3382 πε-

284 3407 657 3480 πληημένων.

444 3556 599 3603 ΚΕΦ.
633 3550 738 3605 ΙΘ’.
782 3556 907 3626 Περὶ
935 3559 1032 3614 τῆς
1060 3562 1157 3605 τῶν
1202 3552 1499 3609 ἀποστόλων
1526 3556 1753 3630 ἐκλογῆς.

369 3678 475 3727 Καὶ
509 3705 578 3714 —
618 3679 792 3743 πᾴσαν
856 3675 1135 3747 μαλακίαν.
1196 3683 1312 3739 Πῶς
1369 3675 1476 3744 οὖν,
1533 3679 1726 3752 ὀλίγοις
1785 3678 1906 3736 οὖσι

284 3770 405 3823 τοῖς
475 3764 759 3833 μαθηταῖς.
816 3764 875 3816 ού
924 3767 1215 3837 προσέθηκε
1272 3772 1361 3819 καὶ
1408 3767 1607 3843 ἐτέρους
1660 3786 1675 3837 ;
1735 3777 1907 3844 Προσ-

287 3853 481 3909 ἐθηκεν
519 3852 722 3920 αὐτοῖς,
771 3851 879 3905 ἀλλ’
928 3854 1022 3906 οὐκ
1076 3854 1149 3915 εἰς
1200 3854 1440 3929 ἀριθμόν,
1491 3856 1600 3910 ἀλλ’
1638 3860 1711 3921 εἰς
1747 3856 1907 3913 δύνα-

287 3960 401 4011 μιν.
474 3937 682 3993 Ἔδωκε
746 3943 868 4014 γὰρ,
928 3948 1107 4014 φησὶν,
1169 3944 1366 4011 αὐτοῖς,
1426 3944 1683 4009 ἐξουσίαν.
1748 3948 1908 4004 Ὠστε

286 4035 381 4081 καὶ
410 4028 627 4099 ὀλίγους
684 4028 761 4100 (4)
806 4028 938 4083 εἶπεν
996 4032 1203 4099 αύτούς,
1258 4033 1316 4085 οὗ
1364 4036 1478 4089 κατ’
1526 4036 1748 4108 ἔλλειψιν
1806 4036 1909 4091 δυ-

285 4119 524 4189 νάμεως.
575 4116 708 4170 ἀλλὰ
743 4120 859 4172 κατ’
902 4120 1125 4192 ἔλλειψιν
1178 4121 1422 4197 ἀριθμοῦ.
1460 4129 1559 4178 Καὶ
1577 4128 1703 4188 τέως
1724 4127 1911 4190 αὐτοὺς

291 4204 517 4279 ἰατρούς
568 4210 823 4279 σωμάτων
861 4217 1015 4261 ποιεῖ·
1055 4211 1187 4280 μετὰ
1228 4219 1377 4264 τοῦτο
1424 4209 1482 4266 δὲ
1512 4218 1599 4266 καὶ
1644 4219 1702 4267 τό
1731 4218 1910 4288 μεῖζον

288 4291 617 4365 ἓμτιστεύει,
675 4301 769 4354 τήν
799 4306 895 4349 τῶν
943 4297 1135 4370 ψυχῶν
1170 4301 1460 4372 θεραπείαν.
1497 4302 1797 4364 Ἐζέϐαλλον
1832 4308 1911 4378 (5)

290 4379 353 4435 δὲ
384 4385 457 4435 τοί
483 4380 758 4456 δαιμόνια,
784 4390 875 4438 καί
904 4386 1051 4439 ἰῶντο
1080 4390 1167 4449 τὰς
1195 4393 1379 4452 νόσους
1401 4390 1451 4442 ἓν
1472 4398 1545 4461 τῷ
1576 4388 1791 4465 ὀνόματι
1819 4402 1911 4448 τού

292 4478 566 4544 Χριστοῦ.

362 4568 487 4615 Τῶν
540 4556 603 4615 δι
656 4558 866 4618 δώδεκα
912 4593 981 4606 -
1013 4564 1199 4624 αὑτοῦ.
1251 4562 1463 4627 Ἐπειδὴ
1529 4574 1649 4646 περὶ
1713 4574 1911 4647 Πέτρου

368 4740 419 4776 ’⁸
452 4740 663 4797 Matth.
692 4756 769 4811 iv,
806 4744 893 4797 24.
990 4744 1037 4779 ⁹⁹
1066 4744 1245 4801 Joan.
1286 4760 1358 4814 iv,
1384 4746 1474 4803 38.

2014 3234 2147 3306 quis
2170 3233 2323 3288 enim
2353 3231 2631 3287 homines
2665 3229 2857 3300 magis
2885 3235 3050 3287 amat
3077 3231 3405 3302 quamipse
3430 3230 3459 3285 ?
3479 3233 3583 3287 sed
3612 3241 3675 3288 ut

2014 3320 2338 3393 discipulos
2394 3320 2664 3387 instruat,
2713 3325 2779 3376 ut
2827 3322 3010 3376 Deum
3043 3334 3154 3392 pro
3209 3320 3543 3376 errantibus
3574 3320 3674 3377 de-

2015 3413 2351 3483 precentur.

2228 3552 2382 3609 CAP.
2405 3554 2539 3610 XIX.
2578 3552 2665 3608 De
2706 3551 3113 3621 apostolorum
3164 3551 3456 3610 electione.

2089 3684 2245 3741 CAP.
2276 3686 2337 3740 X.
2361 3700 2517 3740 vers.
2551 3684 2602 3738 1.
2634 3684 2802 3739 Et—
2826 3700 3051 3742 omnem
3111 3686 3463 3755 languorem.
3522 3688 3676 3752 Quo-

2016 3773 2200 3829 modo
2220 3788 2364 3842 ergo
2393 3789 2531 3829 cum
2562 3772 2735 3844 pauci
2764 3778 2959 3829 essent
2986 3774 3278 3846 discipuli,
3301 3790 3420 3831 non
3449 3775 3679 3831 addidit

2017 3863 2194 3919 etiam
2264 3863 2615 3934 dignitatem
2660 3864 2794 3935 (xx)
2826 3864 2853 3919 ?
2886 3862 3122 3919 Addidit
3176 3864 3381 3936 utique
3439 3864 3680 3933 illis;at

2018 3968 2134 4009 non
2170 3951 2229 4007 in
2255 3968 2524 4017 numero,
2558 3952 2664 4007 sed
2698 3952 2757 4008 in
2800 3953 3030 4008 virtute.
3084 3952 3272 4018 Dedit,
3333 3954 3539 4024 inquit,
3596 3954 3680 4009 eis

2015 4046 2377 4111 potestatem,
2411 4041 2493 4096 ita
2518 4045 2581 4096 ut
2606 4056 2829 4112 paucos
2876 4041 3050 4096 etiam
3080 4041 3294 4097 dixerit
3341 4041 3497 4107 illos,
3556 4057 3680 4097 non

2019 4129 2346 4185 secundum
2376 4128 2674 4186 defectum
2699 4129 2954 4195 virtutis,
2988 4130 3094 4184 sed
3128 4130 3382 4185 numeri.
3412 4130 3679 4185 Primum

2021 4233 2163 4287 ergo
2176 4217 2482 4274 constituit
2506 4233 2608 4273 eos
2623 4218 2889 4274 medicos
2908 4233 3250 4288 corporum,
3268 4218 3679 4291 postmodum,

2022 4306 2183 4379 quod
2215 4308 2412 4377 majus
2442 4312 2549 4371 est,
2582 4306 2760 4362 etiam
2792 4306 3111 4362 committit
3150 4321 3381 4370 curam,
3414 4306 3685 4365 videlicet

2023 4395 2387 4451 animarum.
2422 4393 2745 4465 Ejiciebant
2777 4399 2976 4450 autem
3007 4394 3311 4453 daemonia
3348 4400 3405 4452 et
3432 4395 3683 4453 morbos

1944 4509 1991 4565 ι)
2024 4483 2318 4542 curabant
2352 4498 2459 4555 per
2482 4498 2705 4540 nomen
2735 4483 2966 4541 Christi.

2096 4572 2263 4630 Vers.
2288 4578 2341 4629 2.
2376 4572 2680 4631 Duodecim
2709 4581 2908 4632 autem
2935 4605 3003 4617 -—
3041 4574 3185 4645 ejus.
3216 4577 3368 4643 Quia
3396 4578 3471 4635 de
3512 4579 3685 4640 Petro

1552 4748 1570 4784 ¹
1602 4748 1806 4807 Matth.
1833 4765 1917 4817 ιιι,
1963 4754 2051 4808 12.

1513 4870 1747 4943 Variae
1788 4873 2117 4944 lectiones
2160 4884 2226 4944 et
2264 4886 2476 4947 notae.

374 5007 455 5076 (1)
497 5006 609 5084 _Sic,
644 5022 765 5064 non
792 5006 1228 5084 κατιρῥιμμένων,
1260 5015 1433 5070 recte.

399 5028 455 5076 ι)
497 5028 609 5072 διε,
644 5028 765 5064 non
792 5028 892 5061 κατ
948 5029 975 5084 ρ

399 5082 454 5154 2)
495 5079 867 5154 έπισυρόμενα,

401 5153 455 5225 3)
498 5153 725 5225 εἴρηται,

399 5223 453 5293 4)
488 5223 611 5281 Non
646 5223 1005 5300 Euthymius
1041 5224 1257 5300 solum,
1294 5225 1400 5281 sed
1433 5226 1917 5300 Theophylactus

307 5294 462 5351 etiam
491 5316 546 5371 p.
580 5300 647 5355 51
686 5300 750 5361 C,
780 5294 861 5371 _de
891 5294 1184 5351 vocabulo
1212 5295 1375 5371 ὀλίγοι
1406 5294 1917 5358 ωοιιεέιι.’Νθεοὶο

304 5367 703 5445 tamen,quam
732 5368 818 5425 ob
831 5382 1247 5432 causam,oum
1261 5367 1321 5424 in
1338 5375 1499 5426 textu
1514 5386 1635 5428 non
1665 5374 1919 5445 reperia-

362 5558 455 5625 υυ)
496 5556 584 5613 De
612 5543 1005 5625 ventilabro,
1031 5546 1426 5625 area,_tr_itico.

362 5561 455 5625 vv)
496 5558 584 5613 De
622 5558 1005 5625 ventilabro,
1034 5558 1426 5611 area,tr1tico.

329 5558 461 5712 (xz)
504 5622 735 5689 Etiam
779 5618 1152 5689 dignitatem.
1192 5618 1378 5675 Etiam
1410 5617 1583 5678 alios.
1624 5618 1790 5679 Forte
1812 5638 1921 5697 pro

2019 5023 2130 5074 tur.
2164 5019 2455 5076 Videntur
2483 5035 2625 5091 ergo
2651 5022 2938 5095 respicere
2969 5023 3175 5081 Matth.
3202 5041 3283 5095 ix,
3310 5027 3400 5081 37.
3439 5028 3566 5091 Quo
3596 5044 3690 5085 ar-

2064 5097 2479 5166 gmentoAverq
2491 5099 2686 5166 motus
2708 5095 3173 5166 Chrysostomus
3197 5097 3478 5153 Iacobum
3509 5097 3684 5166 [tom.

2073 5162 2134 5237 Il.
2187 5178 2247 5237 p,
2295 5162 2537 5237 35978],
2582 5162 3100 5237 rslnvnu’appellet
3170 5168 3397 5237 ignoro.
3488 5162 3686 5237 Forte,

2023 5232 2368 5357 guiairater
2386 5232 2639 5290 Matthmi
2658 5240 2801 5317 erat.
2827 5232 3318 5318 Chrysostonium
3334 5243 3541 5297 secutu
3554 5257 3581 5297 s
3598 5232 3692 5300 est

2074 5304 2269 5357 hotius
2295 5321 2353 5357 in
2375 5305 2595 5357 Catena
2631 5312 2849 5357 Possmi
2870 5309 2948 5357 ad
2971 5311 3139 5357 Marc-
3175 5326 3235 5357 η.
3262 5312 3350 5357 50.

2074 5304 2595 5382 notiusinCatena
2631 5304 3139 5365 PossiniadMarc.
3175 5326 3235 5382 p.
3262 5312 3350 5365 50.

2097 5375 2175 5448 (ὅ)
2204 5374 2456 5449 ἐξέϐαλον,
2492 5382 2536 5433 Α
2547 5418 2560 5433 .

2028 5554 2234 5645 iii-fficia;
2261 5555 2569 5628 legebatur
2614 5553 2817 5628 ἄλλους,
2851 5572 2882 5613 e
2910 5572 3033 5631 quo
3074 5557 3291 5617 deinde
3331 5559 3559 5621 factum
3604 5564 3695 5623 est

2032 5645 2179 5689 αςιαν
2193 5671 2206 5684 .
