4098 6390
506 356 611 424 323

1834 356 2179 419 EUTHYMII
2206 358 2551 425 ,ZIGABENI

3773 364 3877 425 324

507 499 566 550 et
609 492 862 558 Andrea,
908 491 1132 548 Jacobo
1181 496 1237 546 et
1276 492 1502 546 Joanne
1525 504 1594 543 ac
1634 488 1826 559 seipso
1894 488 1955 543 in
2012 504 2159 560 prae-

2289 491 2382 558 ιὲν,
2432 494 2521 541 καὶ
2567 486 2838 563 Ἀνδρεου,
2899 496 2987 542 καὶ
3035 490 3307 559 Ἰακώϐου,
3352 496 3440 544 καὶ
3490 491 3749 559 Ἰωάννου,
3784 500 3876 547 καὶ

509 582 854 637 cedentibus
886 581 1107 641 docuit.
1142 578 1307 651 quod
1346 579 1531 632 secuti
1574 577 1786 633 fuerint
1843 576 2156 641 Christum,

506 671 581 726 de
607 670 735 726 aliis
786 686 924 725 vero
985 668 1130 724 nihil
1184 667 1491 722 manifeste
1539 666 1793 736 scripsit,
1850 682 2005 721 nunc
2036 666 2161 721 illo-

505 775 637 815 rum
658 776 899 831 quoque
928 758 1175 813 nomina
1202 759 1483 819 recenset,
1512 760 1573 810 ut
1602 772 1668 809 ea
1698 770 2157 823 cognoscamus,

504 852 559 904 et
584 864 620 903 a
648 848 811 905 falsis
842 846 1121 918 apostolis
1164 844 1557 917 dijudicemus
1601 861 1613 911 ;
1648 844 1815 899 multi
1850 844 2011 899 enim
2040 843 2163 899 fue-

503 941 639 992 runt
661 934 1131 1009 pseudapostoli.
1165 936 1282 989 Hoc
1322 937 1521 988 autem
1552 936 1608 987 et
1637 933 1870 987 Marcus
1893 938 1947 986 et
1974 934 2160 987 Lucas

503 1023 795 1081 fecerunt.

578 1202 846 1258 Primum
902 1216 1043 1256 vero
1090 1198 1240 1255 dixit
1288 1199 1546 1268 Petrum,
1605 1212 1726 1252 non
1784 1196 1980 1252 solum
2034 1199 2164 1252 tan-

505 1307 692 1364 quam
740 1290 973 1345 Andrea
1002 1288 1181 1344 fratre
1213 1304 1322 1343 suo
1384 1291 1531 1341 natu
1586 1286 1895 1355 majorem,
1954 1301 2163 1341 verum

505 1380 682 1436 etiam
715 1385 1002 1449 tanquam
1042 1378 1269 1433 caeteris
1314 1375 1599 1431 omnibus
1637 1372 1915 1430 ﬁrmitate
1972 1374 2161 1429 excel-

506 1469 834 1525 lentiorem.
875 1467 1013 1521 Ideo
1058 1467 1234 1521 etiam
1281 1480 1502 1520 nomen
1558 1467 1759 1518 Petrus
1801 1463 1852 1517 ei
1891 1462 2161 1518 Christus

504 1558 831 1629 imponens,
859 1555 1007 1611 dixit
1039 1556 1257 1625 :Super
1288 1554 1434 1609 hanc
1462 1560 1688 1623 petram
1732 1552 2025 1621 aediﬁcabo
2053 1552 2165 1607 Ec-

506 1646 728 1701 clesium
755 1660 939 1700 meam
971 1646 1015 1696 ³.

580 1736 769 1799 Quare
802 1738 999 1788 autem
1059 1730 1290 1786 addidit
1322 1746 1333 1784 :
1368 1730 1462 1800 qui
1490 1728 1709 1784 dicitur
1736 1729 1944 1783 Petrus
1973 1727 2001 1781 ‘?
2032 1729 2162 1783 Om-

2272 576 2450 628 ἑαυτοῦ
2529 578 2799 649 προλαϐὼν
2866 576 3127 645 ἐδίδαξεν,
3210 582 3285 631 ὅτι
3361 580 3726 638 ἠκολούθησαν
3800 592 3875 653 τῷ

2272 672 2506 739 Χριστῷ,
2538 673 2650 738 περὶ
2696 664 2754 719 δὲ
2803 678 2901 719 τῶν
2933 669 3092 720 ἄλλων
3124 666 3273 720 οὐδέν
3327 688 3378 720 τι
3409 674 3620 743 φανερὸν
3653 671 3871 743 ἔγραψε

2270 762 2357 804 νῦν
2398 754 2665 823 καταλέγει
2711 762 2798 806 καὶ
2861 759 2925 807 τὰ
2971 760 3163 809 τούτων
3222 756 3468 828 ὀνόματα,
3514 760 3595 809 ἵνα
3643 779 3694 811 τε
3742 780 3876 829 γνω-

2271 844 2493 914 ρίζωμεν
2551 844 2757 907 αύτούς,
2808 850 2895 897 καὶ
2951 847 3033 897 ἶνα
3085 842 3429 919 διακρίνωμεν
3498 851 3707 908 τούτους
3771 847 3877 899 ἀπὸ

2273 939 2370 982 τῶν
2419 929 2880 1001 ψευδαποστόλων.
2938 934 3190 1005 Ἐγένοντο
3265 938 3361 1010 γαρ
3421 934 3599 987 πολλοὶ
3667 934 3878 1006 ψευδα-

2272 1020 2544 1076 πόστολοι.
2599 1028 2759 1073 Τοῦτο
2812 1019 2871 1074 δὲ
2927 1027 3015 1074 καὶ
3065 1025 3277 1097 Μάρκος
3325 1028 3412 1076 καὶ
3445 1030 3653 1085 Λουκᾶς
3685 1044 3881 1076 πεποι-

2274 1113 2457 1165 ἠκασα

2348 1204 2555 1270 Πρῶτον
2586 1194 2644 1250 δὲ
2686 1203 2771 1251 τόν
2801 1204 2990 1272 Πέτρον
3018 1201 3174 1267 εἶπεν,
3225 1200 3284 1252 ού
3340 1204 3493 1271 μόνον
3542 1204 3607 1263 ὣς
3640 1202 3883 1273 πρεσϐύ-

2273 1305 2416 1359 τερον
2476 1284 2722 1356 Ἀνδρέου
2777 1295 2870 1339 τοῦ
2925 1284 3148 1359 ἀδελφοῦ
3220 1289 3402 1359 αὐτοῦ,
3463 1290 3591 1342 ἀλλά
3657 1295 3747 1343 καὶ
3807 1294 3885 1351 ὡς

2272 1376 2477 1427 πάντων
2575 1376 2955 1431 διαφορώτερον
3006 1376 3088 1429 ἐπὶ
3157 1380 3517 1431 σταθεοότητι.
3610 1382 3696 1431 Διὸ
3786 1384 3886 1431 καὶ

3756 1468 3885 1521 Ἐπὶ

3774 1565 3882 1611 Εκ-

2575 1372 2955 1451 διαφορώτερον
3006 1376 3088 1429 ἐπὶ
3157 1380 3517 1451 σταθερότητι.

2274 1466 2299 1515 6
2374 1468 2620 1536 Χριστὸς,
2688 1469 2877 1539 Πέτρον
2949 1465 3103 1517 αύτὸν
3177 1467 3452 1538 ὀνομάσας,
3520 1466 3676 1519 εἶπεν·

3367 1574 3466 1627 μου
3563 1561 3658 1615 τὴν

2270 1554 2430 1624 ταύτῃ
2522 1561 2583 1624 τῇ
2676 1556 2839 1625 πέτρᾳ
2930 1552 3269 1625 οἰκοδομήσω

2273 1641 2367 1698 κλη
2379 1646 2515 1695 σίαν.

2348 1735 2493 1781 Arati
2557 1726 2616 1781 δέ

2691 1732 3029 1803 προσέθηκεν,
3091 1733 3169 1783 ὅτι
3222 1733 3247 1782 6
3296 1732 3561 1803 λεγόμενος
3634 1736 3883 1807 Πέτροςς

506 1823 650 1879 nino
667 1826 729 1877 ut
757 1821 1076 1885 discamus,
1105 1820 1267 1890 quod
1298 1818 1500 1873 Simon
1525 1817 1786 1888 primum
1809 1816 2162 1872 nominaba-

2289 1820 2481 1877 Ἰάντως
2540 1820 2622 1869 ἱνα
2673 1821 2937 1890 μάθωμεν,
2993 1821 3071 1871 ὅτι
3126 1840 3179 1871 τε
3224 1828 3393 1891 Σιμων
3424 1822 3717 1893 ὠνομάζετο
3748 1828 3885 1896 πρό-

504 1914 600 1967 tur
633 1928 646 1965 ε
681 1915 735 1965 et
758 1916 817 1963 ut
846 1925 979 1964 eum
1013 1908 1091 1962 ab
1113 1907 1293 1962 altero
1323 1906 1564 1961 Simone
1585 1906 2161 1976 distinguamus,qui

506 1999 959 2071 cOgnominatur
996 1997 1385 2053 Chananaeus.

581 2086 740 2142 Vers.
770 2090 823 2140 2.
857 2084 1097 2141 Jacobus
1120 2115 1186 2125 -
1216 2085 1403 2139 frater
1430 2084 1577 2152 ejus.
1611 2081 1899 2138 Jacobum
1930 2096 2165 2154 praepo-

509 2175 644 2239 suit,
679 2179 878 2245 utpote
926 2174 1157 2228 Joanne
1206 2176 1350 2227 natu
1410 2171 1903 2242 majorem;nam
1951 2171 2163 2226 virtute

506 2262 768 2318 Joannes
790 2260 1187 2332 praecellebat.

579 2351 740 2406 Vers.
790 2353 847 2405 3.
903 2348 1222 2416 Philippus
1282 2376 1344 2388 -
1401 2346 1848 2403 Barthoiomau
1908 2346 1973 2401 Hi
2031 2350 2166 2417 post

505 2439 819 2512 praedictos
851 2438 1144 2493 Christum
1167 2435 1347 2491 secuti
1374 2439 1513 2491 sunt
1542 2451 1555 2501 ;
1583 2435 1717 2491 ideo
1745 2436 1923 2491 etiam
1943 2435 2058 2491 hoc
2079 2450 2166 2489 or-

506 2527 640 2584 dine
658 2528 1062 2582 numerantur.

580 2617 739 2669 Vers.
773 2614 823 2667 3.
856 2613 1100 2669 Thomas
1131 2643 1196 2653 —
1220 2611 1593 2681 publicanus.
1616 2609 1850 2666 Marcus
1890 2613 1946 2666 et
1978 2611 2164 2666 Lucas

504 2703 844 2760 Matthaaum
885 2702 1126 2756 Thomze
1149 2703 1601 2772 praeposuerunt
1632 2700 1675 2763 ³,
1708 2703 1999 2770 tanquam
2021 2703 2160 2755 ante

505 2806 644 2847 eum
683 2789 957 2845 effectum
986 2788 1341 2859 discipulum
1376 2803 1389 2845 :
1426 2786 1734 2842 Matthteus
1763 2802 1903 2842 vero
1946 2786 2043 2841 hic
2075 2802 2163 2841 se-

504 2879 706 2951 ipsum
734 2877 1040 2933 modestiae
1079 2892 1263 2932 causa
1284 2876 1518 2945 dejecit.
1574 2879 1722 2931 Nam
1754 2873 1935 2930 etiam
1972 2874 2162 2946 publi-

507 2983 728 3023 canum
756 2982 886 3022 sese
918 2982 1153 3020 rursum
1192 2965 1252 3019 in
1288 2963 1598 3037 proprium
1625 2969 2029 3035 contemptum
2066 2979 2166 3035 ap-

505 3056 768 3128 pellavit.

577 3147 734 3200 Vers.
768 3148 824 3200 3.
861 3141 1121 3199 Jacobus
1151 3139 1514 3230 rThaddaeuﬁs.
1550 3139 1811 3196 Jacobus
1860 3138 1957 3196 hic
1986 3141 2167 3230 frater
2200 3174 2240 3230 Ο

505 3236 626 3289 erat
664 3230 916 3287 Matthaai
960 3253 971 3296 ς
1007 3229 1301 3302 siquidem
1329 3229 1629 3283 Matthaeus
1669 3244 1909 3301 quoque
1939 3228 2168 3300 Alphaei

502 3321 661 3377 ﬁlius
692 3327 829 3387 erat,
864 3335 985 3375 non
1015 3317 1208 3373 solum
1241 3316 1427 3372 dictus
1454 3316 1780 3381 Matthaeus,
1812 3316 1915 3371 sed
1934 3322 1990 3372 et
2013 3317 2164 3382 Levi,

511 3410 693 3472 Vidit,
734 3408 945 3479 inquit,
981 3407 1126 3461 Levi
1147 3406 1333 3476 ﬁlium
1365 3404 1597 3474 Aiphaei
1623 3403 1907 3460 sedentem
1936 3406 2000 3459 in
2024 3406 2169 3461 telo-

503 3498 605 3554 nio
634 3497 678 3552 ⁴.
714 3497 899 3551 Lucas
942 3510 1079 3550 vero
1123 3493 1256 3548 loco
1307 3492 1452 3561 ejus,
1511 3491 1617 3563 qui
1673 3491 1767 3547 hic
1827 3492 2168 3548 Thaddaaus

506 3584 743 3652 dicitur,
775 3584 1076 3639 Simonem
1124 3580 1359 3635 Zeloten
1396 3579 1523 3633 sive
1566 3578 1973 3635 Chananaeum
2015 3582 2170 3636 ordi-

506 3672 733 3729 navit‘.
757 3673 962 3726 Postea
988 3674 1184 3724 autem
1229 3667 1596 3723 Thaddeeum
1656 3668 1963 3739 conjunxit
2003 3669 2169 3724 Judas

508 3757 788 3823 Iscarioti,
842 3763 896 3813 et
951 3758 1113 3812 hunc
1174 3756 1395 3811 Judam
1474 3755 1809 3812 nominavit
1864 3773 1877 3811 :
1926 3758 2166 3823 Judam,

507 3834 720 3920 inquit,
759 3846 962 3903 Jacobi
993 3848 1035 3911 ⁸,
1069 3850 1125 3900 et
1173 3844 1391 3900 Judam
1437 3843 1799 3899 Iscariotem.
1852 3846 2171 3917 Conjungit

508 3941 709 3995 autem
732 3935 840 3991 hos
880 3938 1123 4007 propter
1154 3932 1467 3988 nominum
1498 3932 1966 3989 similitudinem.

584 4117 708 4170 Duo
753 4113 951 4185 itaque
989 4110 1197 4166 Simon
1250 4109 1644 4165 dicebantur:
1681 4109 1906 4175 Simon,
1940 4111 2038 4182 qui
2071 4127 2172 4167 vo-

522 4203 773 4259 cabatur
822 4202 1048 4266 Petrus,
1092 4204 1148 4255 et
1180 4199 1383 4255 Simon
1430 4198 1672 4264 Zelotes,
1712 4198 1815 4271 qui
1855 4205 1910 4255 et
1949 4199 2174 4256 Chana-

509 4309 695 4347 naeus.
764 4294 887 4346 Duo
946 4288 1215 4344 similiter
1277 4302 1499 4342 nomen
1564 4287 1880 4354 habebant,
1917 4290 2172 4344 Jacobus

510 4388 668 4451 puta,
704 4380 958 4434 Jacobus
1009 4378 1163 4432 ﬁlius
1212 4375 1501 4444 Zebedaei,
1534 4381 1590 4431 et
1619 4376 1878 4432 Jacobns
1944 4378 2171 4449 Alphtei

508 4468 688 4524 ﬁlius.
712 4470 837 4522 Duo
867 4482 1104 4539 quoque
1129 4466 1315 4521 Judas
1342 4465 1716 4533 dicebantur,
1740 4466 1925 4522 Judas
1946 4467 2170 4531 Jacobi,

511 4556 615 4628 qui
645 4560 700 4612 et
727 4555 969 4610 Lebaaus
1020 4559 1078 4610 et
1126 4554 1463 4609 Thaddaeus
1516 4558 1571 4609 et
1608 4554 1792 4610 Judas
1847 4555 2170 4612 Iscariotes.

510 4644 733 4702 Verum
772 4648 1015 4715 propter
1060 4643 1372 4699 nominum
1441 4640 1861 4697 similitudines
1944 4644 2177 4700 addunt

512 4730 895 4801 evangelista
935 4735 992 4787 et
1039 4729 1159 4787 alia
1195 4730 1554 4800 cognitionis
1584 4729 1807 4785 indicia
1860 4730 1940 4786 ad
1973 4731 2177 4788 distin-

515 4822 799 4878 ctionem.

583 4911 869 4967 Caeterum
910 4910 956 4965 si
1007 4911 1197 4965 Lucas
1228 4912 1469 4981 propter
1494 4907 1809 4964 nominum
1837 4909 2177 4967 similitudi-

512 5016 653 5058 nem
693 4998 1061 5057 Thaddaeum
1087 4999 1253 5054 Iudae
1314 4997 1577 5053 Iscarioti
1608 4996 1938 5068 conjungit,
1988 5015 2178 5070 quare

512 5106 636 5147 non
685 5090 813 5160 pari
872 5088 1055 5145 modo
1088 5088 1394 5143 Simonem
1446 5087 1687 5141 Petrum
1741 5102 1879 5143 cum
1939 5086 2176 5145 Simone

516 5178 851 5235 Chananaao
890 5177 1140 5247 ordinat,
1183 5181 1241 5233 et
1283 5190 1422 5232 cum
1463 5173 1686 5231 Jacobo
1735 5173 1857 5231 ﬁlio
1908 5176 2178 5234 Zebedaei

588 5351 609 5389 ³
640 5353 836 5419 Matth,
867 5370 977 5418 xu,
1018 5354 1103 5420 18,
1182 5353 1204 5389 ³
1236 5353 1410 5421 Marc,
1442 5366 1522 5419 ιιι,
1551 5353 1618 5408 18
1650 5368 1665 5419 ;
1694 5350 1831 5411 Luc.
1867 5355 1943 5421 vi,
1977 5355 2061 5409 15.

2142 5356 2161 5390 ⁸
2186 5356 2362 5413 Marc.
2390 5373 2454 5427 ιι,
2487 5360 2569 5415 14.

2272 1926 2433 1979 τερον,
2468 1913 2557 1958 καὶ
2612 1908 2693 1958 ἵνα
2752 1906 3023 1979 διαστείλῃ
3080 1916 3259 1960 τοῦτον
3293 1908 3392 1963 ἀπὸ
3445 1918 3538 1962 τοῦ
3590 1911 3764 1985 ἐτέρου
3794 1920 3885 1964 Σι-

2273 2015 2458 2067 μωνος,
2491 2003 2579 2047 τού
2603 2000 3112 2070 προσαγορευομένου
3138 2002 3443 2050 Κανανίτου.

2350 2083 2590 2144 Ἰάκωϐος
2617 2117 2683 2127 --
2710 2086 2734 2135 6
2764 2082 2981 2155 ἀδελφὸς
3013 2085 3194 2139 αὐτοῦ.
3225 2087 3479 2158 Προέταξε
3498 2091 3583 2139 τὸν
3606 2088 3883 2156 Ἰάκωϐον,

2274 2176 2342 2234 ὡς
2372 2180 2463 2224 τοῦ
2502 2172 2739 2225 Ἰωάννου
2772 2173 3290 2248 πρεσϐυγενέστερον.
3332 2177 3455 2227 Κατ’
3497 2175 3683 2250 ἀρετὴν
3713 2181 3817 2253 γὰρ
3856 2182 3884 2230 6

2274 2263 2515 2321 Ἰωάννης
2548 2258 2766 2333 διέφερε.

2346 2351 2593 2409 Φίλιππός
2623 2381 2690 2390 —
2719 2349 3118 2421 Βαρθολομαῖος·
3151 2351 3311 2403 Οὗτοι
3341 2354 3469 2424 μετὰ
3496 2356 3619 2414 τούς
3646 2354 3884 2429 προρῥη-

2276 2440 2448 2498 θέντας
2476 2438 2837 2496 ἠκολούθησαν
2866 2446 2938 2509 τῷ
2970 2446 3205 2513 Χριστῷ.
3248 2444 3335 2493 Διό
3366 2446 3455 2493 καὶ
3487 2441 3654 2504 οὕτως
3685 2442 3883 2515 6:667}:-

2277 2546 2392 2580 σαν.

2348 2623 2542 2687 Θωμᾶς
2572 2647 2637 2656 -
2667 2615 2905 2676 τελώνης.
2938 2618 3151 2690 Μάρκος
3176 2620 3265 2689 μὲν
3290 2622 3377 2670 καὶ
3414 2625 3617 2680 Λουκᾶς
3643 2623 3730 2672 τὸν
3763 2628 3885 2674 Μα-

2276 2708 2452 2757 τθαῖον
2483 2707 2849 2777 προτεθείκασι
2886 2711 2975 2756 τού
3030 2712 3214 2777 Θωμᾶ,
3271 2708 3340 2768 ὡς
3388 2710 3485 2781 πρὸ
3514 2707 3671 2759 αὐτοῦ
3698 2712 3883 2780 μαθη-

2275 2796 2535 2845 τενθέντα·
2570 2794 2834 2851 Ματθαῐος
2890 2789 2948 2844 δὲ
2982 2800 3069 2845 νῦν
3134 2804 3510 2867 μετριοφρονὼν
3558 2795 3884 2849 ύπεϐὶϐασεν

2277 2881 2473 2944 ἑαυτὸν,
2509 2880 2613 2933 ἐπεὶ
2644 2886 2732 2932 καὶ
2772 2881 2923 2932 πάλιν
2953 2882 3170 2940 τελώνην
3201 2882 3378 2936 ἑαυτὸν
3410 2882 3662 2952 ἐκάλεσεν,
3705 2886 3776 2948 εἰς
3807 2887 3887 2938 οἰ-

2276 2974 2416 3021 κείαν
2448 2966 2805 3031 ἐξουδένωσιν.

2351 3144 2593 3207 Ἰάκωϐος
2644 3178 2701 3189 -
2740 3142 3037 3209 Θαδδαῖος.
3084 3148 3244 3208 Οὗτος
3292 3150 3318 3201 6
3369 3150 3604 3212 Ἰάκωϐος
3658 3148 3889 3225 ἀδελφὸς

2280 3232 2339 3292 ἧν
2385 3243 2475 3286 τοῦ
2515 3237 2809 3288 Ματθαίον.
2878 3240 2971 3288 Κοὶ
3017 3239 3118 3309 γὰρ
3164 3238 3239 3308 (6)
3291 3239 3315 3288 6
3366 3240 3622 3300 Ματθαῖος
3674 3242 3786 3305 υἱὸς
3822 3239 3889 3300 ἦν

2277 3330 2370 3374 τοῦ
2419 3323 2687 3395 Ἀλφαὶου,
2775 3323 2833 3375 ού
2889 3329 3040 3396 μόνον
3079 3328 3333 3391 Ματθαῖς,
3391 3326 3519 3380 ἁλλά
3578 3336 3665 3382 καὶ
3723 3337 3890 3396 Λευῖς

2279 3412 2669 3483 ὀνομαζόμενος.
2726 3408 2848 3465 Εἶδε
2892 3416 3015 3485 γὰρ,
3062 3418 3213 3485 φησὶ,
3271 3418 3444 3480 Λευῐν,
3504 3420 3590 3468 τὸν
3638 3426 3729 3470 τοῦ
3768 3421 3893 3473 Ἀλο

2280 3504 2455 3571 φαίου,
2510 3503 2797 3572 καθήμενον
2868 3499 2951 3553 ἐπὶ
2995 3505 3053 3553 τὸ
3111 3501 3367 3562 τελώνιον.
3432 3504 3491 3557 Ὀ
3540 3502 3599 3559 δέ
3647 3513 3885 3577 Λουκᾶς,

2281 3587 2394 3640 ἀντὶ
2448 3592 2537 3660 μὲν
2590 3596 2682 3640 τοῦ
2733 3586 3033 3654 Θαδδαίου,
3089 3598 3174 3641 νύν
3228 3595 3429 3663 Σίμωνα
3477 3596 3563 3645 τὸν
3610 3596 3886 3666 Ζηλωτὴν,

2281 3679 2405 3736 ἧτσι
2432 3680 2516 3728 τὸν
2552 3681 2838 3734 Κανανίτην
2866 3678 3036 3740 ἔταξεν
3074 3695 3084 3707 ·
3118 3680 3332 3754 ὕστερον
3382 3677 3440 3733 δὲ
3470 3686 3556 3734 τὸν
3603 3681 3889 3737 Θαδδαῖον

2284 3765 2579 3828 συνέζευξεν
2624 3763 2799 3838 Ἰούδᾳ
2850 3774 2920 3837 τῷ
2976 3766 3309 3840 Ἰσκαριωτῃ,
3354 3767 3561 3823 Ἰούδαν
3624 3777 3711 3824 καὶ
3755 3783 3888 3826 τοῦ-

2280 3872 2366 3906 τον
2391 3853 2639 3914 καλέσας.
2683 3851 2884 3907 Ἰούδαν
2921 3858 3044 3930 γὰρ,
3075 3860 3250 3927 φησὶν,
3286 3858 3533 3911 Ἰακώϐου
3558 3866 3645 3913 καὶ
3673 3859 3891 3916 Ἰούδαν

2284 3944 2643 4015 Ἰσκαριώτην.
2713 3944 2981 4005 Συνέζευξε
3028 3941 3087 3995 δὲ
3136 3948 3345 4007 τούτους
3395 3945 3490 4000 διὰ
3542 3954 3634 4007 τὴν
3683 3952 3893 4023 ὁμωνυ-

2281 4051 2424 4104 μιαν.

2355 4118 2518 4171 Ὠστε
2549 4116 2646 4171 δύο
2675 4122 2765 4192 μὲν
2810 4116 2944 4177 ἦσαν
2993 4124 3208 4193 Σίμωνες
3250 4138 3262 4151 ·
3310 4129 3477 4196 Σίμων
3535 4128 3560 4178 6
3617 4127 3894 4201 λεγόμενος

2288 4212 2493 4280 Πέτρος,
2552 4213 2641 4259 καὶ
2704 4212 2869 4281 Σίμων
2932 4210 2956 4260 6
3017 4210 3278 4276 Ζηλωτὴς,
3326 4214 3351 4264 6
3412 4219 3502 4265 καὶ
3571 4221 3893 4279 Κανανὶτηςσ

2287 4293 2373 4348 δίο
2440 4294 2497 4348 δὲ
2559 4296 2796 4349 Ἰάκωϐοι
2850 4314 2863 4328 ο
2908 4297 3150 4360 Ἰάκωϐος
3212 4302 3235 4350 6
3289 4309 3379 4353 τοῦ
3430 4300 3731 4370 Ζεϐεδαίου,
3797 4312 3895 4359 καὶ

2287 4384 2544 4449 Ἰάκωϐος,
2605 4387 2629 4436 6
2697 4394 2786 4436 τού
2854 4386 3105 4457 Λλφαίον·
3170 4385 3265 4440 δύο
3322 4386 3630 4445 δὲἸοῡδαι·
3684 4392 3896 4457 Ἰούδας

2287 4474 2312 4525 6
2355 4472 2671 4537 Ἰακώϐου,ὀ
2711 4478 2799 4525 καὶ
2830 4474 3048 4535 Λεϐαῖος
3074 4481 3163 4527 καὶ
3213 4475 3507 4548 Θαδδαῖος,
3539 4486 3629 4534 καὶ
3687 4480 3898 4547 Ἰούδας

2288 4563 2312 4613 6
2352 4562 2710 4635 Ἰσκαριώτης.
2746 4566 2846 4614 Καὶ
2894 4558 2987 4615 δια
3016 4567 3107 4626 τὰς
3149 4567 3439 4638 ὁμωνυμίας
3494 4569 3673 4623 λοιπὸν
3724 4592 3899 4645 προσ-

2286 4652 2519 4702 τιθέασιν
2564 4652 2612 4701 οἱ
2664 4650 3029 4723 εύαγγελισταὶ
3058 4659 3147 4706 καὶ
3178 4655 3325 4728 ἕτερα
3371 4664 3713 4732 γνωρίσματα
3756 4667 3901 4736 πρὸς

2289 4735 2573 4796 διαστολὴν
2601 4738 2786 4794 αὐτῶν.

2360 4920 2461 4969 Καὶ
2512 4913 2595 4968 ἐὰν
2647 4913 2741 4969 διὰ
2768 4921 2861 4975 τὴν
2908 4914 3205 4992 ὁμωνυμίαν
3260 4918 3463 4977 Ἰούδαν
3496 4929 3581 4979 τὸν
3610 4924 3903 4985 Θαδδαῖον

2287 5001 2467 5076 Ἰούδᾳ
2548 5012 2620 5075 τῷ
2695 5004 3007 5080 Ἰσκαριώτῃ
3083 5011 3445 5075 συνέξευξενό
3503 5022 3720 5080 Λουκᾶς·
3780 5030 3906 5085 πῶς

2286 5092 2413 5163 οὐχὶ
2472 5098 2562 5145 καὶ
2624 5101 2695 5164 τῷ
2736 5099 2925 5166 Σίμωνι
2987 5102 3162 5172 Πέτρῳ
3213 5106 3417 5173 Σίμωνα
3471 5109 3558 5157 τὸν
3602 5112 3907 5169 Κανανίτην

2288 5179 2568 5245 συνάζευξε
2598 5200 2611 5251 ;
2639 5187 2727 5235 καὶ
2766 5184 2995 5258 Ἰακώϐῳ
3045 5196 3118 5259 τῷ
3170 5185 3271 5243 τοῦ
3306 5189 3611 5265 Ζεϐεδαίου,
3648 5196 3905 5254 Ἰακωϐον

2647 5359 2821 5417 3Luc.
2853 5378 2930 5419 vr.
2964 5364 3053 5421 25.
3132 5367 3155 5405 ⁶
3188 5366 3332 5426 ibid.
3371 5372 3459 5427 i6.

1713 5528 1942 5602 Variae
1971 5531 2295 5608 lectiones
2322 5543 2388 5606 et
2419 5545 2623 5610 notae.

593 5666 671 5744 (δ)
709 5672 815 5739 καί,
844 5667 1096 5732 addita.
