4108 6400
177 347 261 412 3‘25

1172 359 1548 418 COMMENT.
1598 360 1670 417 IN
1714 328 2161 416 MATTHASUM.
2210 389 2277 399 _
2318 358 2477 413 CAP.
2517 346 2588 413 Χ.

3484 350 3590 412 326

193 482 259 534 τὸν
298 488 386 533 τού
437 481 724 556 Ἀλφαῖου
766 501 783 552 τ,
841 490 987 540 Διότι
1034 490 1225 562 Πέτρος
1261 490 1351 560 μεν
1399 488 1529 560 μετὰ
1578 484 1823 560 Ἀνδρέου

1955 483 2221 541 'acobum
2246 482 2481 556 Alphaei
2515 481 2728 539 ﬁlium.
2773 482 2922 547 Quia
2949 483 3155 539 Petrus
3184 498 3321 539 cum
3353 481 3592 538 Andrea

204 578 276 625 τοῦ
311 568 540 643 ἃδε).φοῦ
601 573 811 641 αὐτοῦ,
866 575 1107 636 Ἰάκωϐος
1163 573 1221 628 δὲ
1267 579 1397 649 μετὰ
1443 577 1675 629 Ἰωάννου
1732 582 1824 626 τοῦ

212 658 414 733 ἀδελφοῦ
446 660 622 713 αὐτοῦ
679 671 761 723 τῷ
793 671 1012 736 Χριστῷ
1042 664 1421 731 ἠκολούθησαν,
1454 669 1542 717 καὶ
1578 661 1684 717 ἔδει
1730 663 1823 716 αύ-

215 754 317 812 τούς
365 751 480 822 ἅμα
520 753 838 823 ταχθῆναι,
869 752 928 805 ού
956 758 1107 825 μόνον
1138 755 1205 814 ὡς
1238 750 1508 825 ἀδελφούς,
1563 752 1691 805 ἀλλὰ
1736 756 1825 804 καὶ

218 841 275 900 ὡς
302 840 408 910 ἅμα
466 838 965 902 ἀκολουθήσαντας.
1014 845 1114 894 Καὶ
1162 837 1306 894 διατί
1341 846 1412 912 μὴ
1462 846 1551 894 καὶ
1580 840 1825 903 Ἰάκωϐος

216 930 240 980 ὁ
276 927 525 999 ’Δλφαίου
560 937 635 980 τῶ
684 924 898 1000 ἀδελφῷ
947 929 1105 981 αὐτοῦ
1151 931 1405 1002 Ματθαίῳ
1450 934 1821 996 συντέτακται;

215 1021 346 1068 Auiti
377 1016 604 1091 ὕστερον
642 1013 800 1080 οὗτος
824 1017 1166 1077 ἠκολούθησε.

278 1198 453 1265 Σίμων
517 1223 593 1236 —
653 1194 833 1252 αὐτόν.
890 1193 949 1248 ⁸0
1023 1191 1256 1268 προδοὺς
1316 1195 1471 1248 αύτόν
1548 1203 1656 1260 τοῖς
1722 1196 1827 1249 ἐπι-

208 1282 545 1337 ϐουλεύουσι.

280 1375 515 1431 Τούτους
567 1401 634 1412 -
690 1372 892 1434 αὐτοῖς.
945 1376 1131 1435 Ποίους
1177 1375 1431 1439 τούτους;
1488 1376 1615 1434 Τοὺς
1649 1373 1824 1443 ἁλιεῖς,

205 1464 333 1521 τούς
391 1459 636 1520 τελώνας.
698 1464 892 1535 Πέτρος
942 1463 1033 1533 μεν
1087 1463 1209 1536 γὰρ,
1268 1466 1358 1513 καὶ
1408 1459 1672 1535 Ἀνδρέας,
1742 1466 1825 1515 καὶ

206 1546 486 1609 Ἰάκωϐος.
569 1552 659 1599 καὶ
742 1549 988 1611 Ἰωάννης
1057 1549 1217 1610 ἁλιεῖς
1290 1546 1467 1608 ἦσαν’
1559 1552 1829 1613 Ματθαῖος

208 1631 272 1687 δε
333 1642 429 1687 καὶ
492 1635 758 1703 Ἰάκωϐος,
818 1637 846 1689 ὁ
906 1643 999 1690 τοῦ
1052 1637 1321 1709 Ἀλφαίου,
1387 1637 1638 1690 τελῶναι’
1690 1640 1715 1690 ό
1770 1635 1830 1691 δὲ

206 1729 429 1784 Λουκᾶς
475 1721 589 1776 εἷπε
630 1730 720 1777 καὶ
755 1728 843 1777 τὸν
886 1730 1041 1778 τόπον
1084 1724 1131 1777 ἓν
1258 1725 1445 1786 αύτούς
1480 1726 1554 1788 εἰς
1596 1726 1830 1779 ἀποστο-

1935 573 2107 629 fratre
2165 588 2298 642 suo,
2356 576 2412 628 et
2461 572 2720 628 Iacobus
2774 588 2899 626 cum
2952 574 3182 628 Joanne
3239 571 3414 627 fratre
3481 586 3591 627 suo

1936 661 2229 717 Christum
2284 660 2470 717 secuti
2524 665 2665 715 sunt
2710 676 2721 713 :
2778 666 2835 717 et
2891 661 3200 733 oportebat
3256 676 3359 715 eos
3414 659 3591 715 simul

1936 750 2220 815 ordinari,
2257 765 2378 805 non
2412 748 2609 805 solum
2653 749 2796 821 quia
2825 749 3053 816 fratres,
3090 749 3197 805 sed
3239 749 3418 804 etiam
3448 748 3595 821 quia

1937 838 2115 894 simul
2162 838 2345 894 secuti
2396 837 2646 893 fuerant.
2705 837 2817 895 Sed
2884 854 3068 910 quare
3142 854 3262 893 non
3324 836 3594 892 similiter

1936 927 2197 984 Jacobus
2252 927 2474 999 Alphaai
2522 926 2677 983 ﬁlius
2726 943 2864 983 cum
2925 928 3195 984 Matthteo
3241 926 3421 983 fratre
3480 940 3593 982 suo

1938 1018 2295 1089 conjunctus
2348 1015 2377 1070 ?
2471 1016 2621 1082 Quia
2692 1016 2788 1073 ille
2885 1016 3272 1089 postmodum
3353 1020 3592 1072 secutus

1938 1109 2048 1163 est.

2010 1197 2171 1249 Vers.
2202 1194 2255 1249 4.
2284 1192 2474 1250 Simon
2494 1224 2562 1234 —
2592 1194 2787 1251 illum.
2836 1194 3101 1252 Tradidit
3141 1194 3307 1251 illum
3346 1193 3593 1251 insidia-

1938 1282 2185 1341 toribus.

2006 1373 2170 1427 Vers.
2202 1371 2255 1427 5.
2299 1371 2423 1427 Hos
2469 1400 2537 1412 —
2568 1370 2667 1429 eis.
2722 1371 2939 1437 Quales
2964 1371 3075 1427 hos
3104 1370 3133 1426 7
3162 1372 3492 1429 Piscatores
3538 1375 3598 1428 et

1937 1458 2286 1533 publicanos
2315 1475 2326 1512 :
2356 1459 2646 1531 siquidem
2678 1460 2884 1515 Petrus
2914 1465 2970 1516 et
2990 1461 3281 1525 Andreas,
3338 1459 3598 1515 Jacobus

1937 1550 1995 1604 et
2020 1548 2280 1604 Joannes
2303 1548 2627 1619 piscatores
2650 1552 2817 1604 erant
2851 1564 2863 1602 ε
2899 1548 3201 1604 Matthaeus
3226 1554 3281 1604 et
3311 1548 3597 1616 Jacobus,

1937 1636 2160 1708 Alphaei
2190 1636 2315 1706 ﬁlii,
2364 1635 2691 1708 publicani.
2728 1637 2916 1692 Lucas
2940 1653 3083 1693 vero
3109 1637 3309 1693 locum
3355 1651 3600 1709 quoque

1937 1724 2103 1788 dixit,
2136 1726 2197 1779 in
2226 1740 2348 1796 quo
2370 1725 2535 1795 ipsos
2563 1724 2641 1781 ad
2671 1724 3073 1803 apostolatum
3107 1725 3460 1796 segregavit.
3508 1724 3603 1780 Ait

202 1811 309 1870 λήν
378 1811 668 1886 ἀφώρισε).
732 1816 919 1886 Εἳρηκε
970 1816 1095 1888 γὰρ,
1160 1815 1240 1866 ὅτι
1322 1814 1559 1877 Ἐξῆλθεν
1628 1816 1700 1879 εἰς
1769 1821 1828 1870 τὸ

1955 1813 2095 1868 inim
2126 1814 2287 1885 quod
2332 1813 2610 1883 Egressus
2638 1820 2717 1869 est
2764 1813 2827 1869 in
2868 1819 3123 1870 montem
3171 1815 3547 1870 adorandum
3584 1828 3597 1868 :

206 1904 342 1973 ὄρος
437 1901 842 1975 προσεύξασθαι
892 1920 905 1933 ⁸
972 1906 1062 1955 καὶ
1142 1898 1203 1961 ἦν
1289 1898 1693 1977 δίανυκτερεύων
1780 1906 1829 1959 ἐν

204 1997 330 2049 ταῖς
386 1990 472 2061 (7)
540 1997 873 2064 προσευχαῖς
948 1997 1040 2043 τοῦ
1106 1997 1261 2047 Θεοῦ.
1327 1995 1428 2045 Καὶ
1486 1994 1569 2045 ὅτε
1639 1993 1830 2065 ἐγένετο

198 2078 410 2149 ἑμρα,
496 2084 873 2149 προσεφώνησε
964 2082 1085 2142 τούς
1170 2081 1412 2152 μαθητὰς
1485 2080 1666 2151 αὐτοῦ,
1741 2088 1832 2135 καὶ

196 2164 550 2237 ἐκλεξάμενος
607 2165 697 2217 ἀπ’
758 2166 929 2219 αὐτῶν
1001 2164 1231 2234 δώδεκα,
1302 2166 1391 2229 οὓς
1447 2173 1536 2221 καὶ
1607 2168 1831 2223 ἀποστό-

195 2253 334 2315 λους
385 2255 653 2325 ὠνόμασε,
705 2259 795 2307 καὶ
841 2258 907 2307 τὰ
960 2255 1089 2318 ἑξῆς.
1152 2255 1288 2309 Ἀλλ’
1335 2256 1395 2308 ού
1451 2262 1567 2310 τότε
1619 2262 1831 2322 τούτους

202 2339 516 2393 ἀπέστειλε.
584 2344 796 2417 Μάρκος
863 2340 924 2396 δέ
980 2362 1109 2415 φησι
1174 2347 1260 2397 καὶ
1316 2348 1524 2418 τρόπον,
1594 2347 1676 2398 ὃτι
1733 2352 1833 2401 Καὶ

204 2428 421 2501 ἤρξατο
479 2430 673 2489 αύτούς
748 2428 1078 2484 ἀποστέλλειν
1130 2428 1228 2484 δύο
1273 2428 1413 2485 δύο⁸
1482 2433 1687 2497 πάντως
1742 2432 1835 2489 διὰ

206 2518 295 2587 (8)
330 2522 676 2591 παρηγορίαν
707 2517 957 2577 ἀλλήλων,

288 2610 482 2677 Δίνων
518 2638 592 2647 —
624 2606 861 2681 Ἰσραήλ.
919 2609 1037 2661 Ἐπὶ
1085 2610 1180 2672 τὰς
1211 2617 1312 2661 τῶν
1348 2607 1621 2664 Ἰουδαίων
1668 2612 1836 2676 πόλεις

206 2698 307 2746 καὶ
350 2701 545 2766 κώμας
594 2704 794 2767 πρῶτον
852 2700 1043 2768 πέμπει
1085 2701 1208 2759 τοὺς
1256 2700 1516 2770 μαθητὰς,
1572 2697 1837 2755 διδασκοί-

204 2781 339 2844 λους
389 2787 487 2834 καὶ
553 2782 761 2855 ἰατρούς
799 2783 998 2849 αὐτοῖς,
1054 2781 1302 2837 δεικνύων
1342 2789 1400 2838 τὸ
1447 2790 1576 2862 πρὸς
1621 2789 1839 2851 ἐκείνους

206 2872 344 2943 ὑπὲρ
391 2872 603 2933 πάντας
656 2871 886 2945 φίλτρον,
930 2878 1018 2926 καὶ
1062 2877 1156 2932 τὴν
1204 2874 1489 2947 ὑπερϐολὴν
1536 2884 1628 2937 τῆς
1680 2874 1839 2937 κηδε-

204 2964 423 3029 μονίας,
463 2960 547 3011 ὅτι
587 2964 678 3012 καὶ
712 2959 1048 3034 ὑϐριζόμενος
1109 2961 1196 3014 ὑπ’
1231 2963 1419 3032 αὐτῶν,
1458 2964 1517 3017 ού
1574 2985 1839 3037 μνησικα-

205 3055 295 3099 κεῖ
326 3050 562 3111 τούτοις,
604 3046 734 3100 ἀλλὰ
774 3046 994 3103 σπεύδει
1022 3055 1178 3103 παντὶ
1225 3056 1402 3126 τρόπῳ
1451 3049 1695 3127 διορθοῦν
1748 3060 1839 3108 καὶ

206 3138 528 3209 θεραπεύειν
618 3136 809 3199 αύτούς
822 3182 833 3194 .

209 3224 661 3296 ἀπεσταλμένους
708 3225 952 3297 ἅψασθαι
1004 3235 1098 3289 τῆς
1135 3231 1264 3302 πρὸς
1310 3231 1377 3281 τὰ
1418 3231 1534 3288 ἔθνη
1585 3235 1844 3307 φερούσης

206 3309 393 3365 ὁδοῦ·
455 3312 649 3366 κελεύει
714 3310 792 3379 δε,
851 3310 992 3387 μηδὲ
1045 3323 1106 3388 τῇ
1169 3316 1313 3369 πόλει
1366 3325 1465 3370 τῶν
1519 3326 1843 3395 Σαμαρειτῶν

204 3398 598 3473 ὶπιδημῆσαι,
654 3406 891 3474 κειμένην
954 3402 1148 3475 μεταξὺ
1209 3414 1311 3457 τῶν
1380 3402 1682 3459 Ἰουδαῐκῶν
1754 3413 1845 3462 πό-

203 3488 366 3541 λεων.
417 3495 527 3543 Καὶ
586 3491 636 3541 οἱ
688 3497 1003 3564 Σαμαρεῖται
1050 3495 1173 3564 γὰρ,
1220 3492 1276 3556 ἐξ
1327 3494 1572 3567 ἡμισείας
1624 3494 1846 3551 Ἰουδαῖ-

205 3580 424 3649 ζοντες,
475 3580 722 3641 ἐναντίως
768 3583 898 3651 πρὸς
934 3583 1055 3643 τοὺς
1098 3578 1389 3646 Ἰουδαίους
1442 3581 1710 3641 διέκειντο.
1747 3593 1847 3641 Καὶ

204 3669 569 3739 πανταχόθεν
602 3665 882 3741 ἐμφράττει
912 3671 978 3721 τὰ
1007 3674 1247 3743 στόματα
1287 3680 1388 3723 τῶν
1442 3671 1765 3747 ἀχαρίστων,
1804 3677 1849 3729 εἰ

202 3760 327 3825 καὶ,
378 3756 602 3807 πάντων
652 3755 739 3807 ὑπ’
780 3756 939 3808 αύτοῦ
990 3762 1414 3831 προτιμηθέντες,
1465 3764 1667 3813 πάντων
1715 3764 1846 3835 μᾶλ-

202 3842 303 3895 λον
352 3844 523 3895 αὐτόν
576 3844 870 3915 ἠτίμασαν,
944 3845 1190 3918 Πρόϐατα
1238 3844 1297 3900 δὲ
1351 3847 1653 3903 ἀπολωλότα
1704 3856 1847 3906 οἴκου

206 3932 447 4004 Ἰσραὴλ
502 3933 718 3993 τούτους
774 3933 1061 4005 ὠνόμασεν,
1120 3935 1349 3997 εἰκότως.
1424 3938 1672 4012 Πρόϐατα
1734 3944 1846 4013 μὲν,

206 4023 290 4081 ὡς
344 4023 457 4072 ὑπὸ
519 4028 655 4073 Θεοῦ
708 4020 868 4073 πάλαι
918 4027 1351 4095 ποιμαινομένους
1390 4043 1402 4056 °
1461 4025 1520 4079 Ὀ
1567 4035 1850 4100 ποιμαίνων

210 4112 350 4180 γὰρ,
434 4112 595 4179 φησὶ,
668 4112 757 4161 τὸν
824 4110 1058 4185 Ἰσραὴλ,
1126 4118 1358 4188 πρόσχες
1415 4114 1717 4169 ἀπολωλότα
1770 4115 1848 4184 δὲ,

216 4194 325 4249 διὰ
391 4200 459 4249 τὸ
518 4196 649 4248 εἶναι
709 4197 913 4259 αύτούς·
958 4198 1297 4271 ἐσκυλμένους
1347 4208 1437 4255 καὶ
1499 4202 1849 4279 ἐρριμμένους,

217 4288 294 4345 ὡς
352 4290 721 4360 προείρηται’
780 4290 924 4340 οἴκου
993 4285 1052 4341 δὲ
1107 4289 1340 4364 Ἰσραὴλ,
1389 4294 1459 4354 ὡς
1498 4292 1849 4363 Ἰσραηλίτας.

218 4375 391 4428 Οὕτω
428 4371 491 4427 δε
537 4378 969 4449 προσαγορεύσας
997 4381 1119 4439 τούς
1164 4376 1473 4447 Ἰουδαίους,
1508 4382 1723 4456 ἐπράϋνε
1766 4388 1854 4437 τὸν

224 4466 407 4535 θυμόν
462 4471 564 4513 τῶν
616 4465 884 4535 μαθητῶν,
947 4471 1035 4519 καὶ
1082 4467 1365 4541 σπλάγχνα
1413 4473 1618 4532 τούτοις
1666 4472 1856 4545 μᾶλλον

223 4548 545 4623 ἐπιμελείας
580 4549 793 4606 ἔνέϐαλε.

313 4644 673 4714 Πορευόμενοι
722 4673 791 4682 -
834 4642 1083 4717 ούρανῶν.
1141 4644 1389 4718 Ἤγγικεν
1441 4649 1470 4707 ἡ
1531 4646 1579 4701 ἐν
1627 4648 1861 4723 ούρανοῖς

234 4727 575 4794 ἀπόλαυσις,
643 4733 903 4799 τουτέστι,
971 4732 1095 4806 παρ’
1151 4734 1273 4805 ύμῖν
1330 4733 1492 4803 ἐστιν,
1548 4736 1633 4789 ἐὰν
1687 4739 1863 4798 θελητε

233 4816 425 4869 λαϐεῖν
488 4816 676 4874 αὑτήν.
738 4818 987 4889 Λήψεσθε
1039 4818 1099 4874 δὲ
1148 4820 1331 4890 αὐτὴν,
1388 4829 1717 4889 πιστεύοντες
1774 4833 1864 4881 καὶ

234 4906 339 4965 τὰς
420 4903 633 4967 ἐντολὰς
697 4906 1049 4978 φυλάττοντες.
1107 4916 1422 4984 Ιῐροείρηται
1490 4909 1550 4965 δὲ
1607 4911 1865 4989 διαφόρως

238 4998 366 5069 περὶ
418 5001 522 5055 τῆς
563 4992 835 5066 βασιλείας
876 5004 976 5048 τῶν
1020 4996 1249 5070 οὐρανῶν
1299 4999 1347 5052 ἐν
1391 5009 1463 5073 τῷ
1502 5002 1661 5077 τρὶτω
1709 5024 1864 5077 κεφα-

236 5080 400 5154 λαίῳ,
442 5087 536 5135 καὶ
583 5088 695 5157 χρὴ
742 5082 956 5138 κάκεῖνα
994 5092 1289 5159 γινώσκειν,
1342 5093 1432 5144 καὶ
1476 5093 1867 5168 προσαρμόζειν

240 5174 305 5224 τὸ
336 5168 538 5225 δοκοῦν
568 5178 1011 5251 προσφυεστερον.

322 5326 346 5364 ⁷
378 5328 519 5386 an.
554 5342 631 5397 vi,
667 5328 765 5386 1‘2.
889 5328 910 5364 ⁸
937 5329 1205 5399 Marc-vx,
1238 5329 1299 5391 7.

1939 1908 2184 1973 eratque
2210 1908 2560 1971 pernoctans
2590 1902 2655 1957 in
2673 1902 3085 1959 orationeDei.
3114 1902 3374 1975 Cumque
3388 1903 3603 1972 factus

1939 1997 2075 2047 esset
2105 1990 2243 2060 dies,
2277 1989 2580 2046 advocavit
2608 1990 2932 2059 discipulos
2960 2005 3111 2061 suos,
3154 1996 3209 2047 el
3255 1991 3424 2063 elegit
3454 1991 3601 2047 duo-

1939 2077 2123 2135 decim
2153 2094 2224 2135 ετ
2252 2080 2352 2143 eis,
2384 2094 2531 2150 quos
2562 2085 2614 2134 et
2668 2080 2959 2148 apostolos
2986 2079 3304 2135 nominavit
3334 2081 3376 2142 ⁷,
3410 2082 3467 2134 et
3489 2094 3602 2134 cte-

1940 2170 2085 2223 tera.
2122 2168 2341 2222 Verum
2372 2182 2495 2222 non
2521 2166 2668 2222 dixit
2693 2167 2939 2239 quando
2967 2182 3069 2223 eos
3110 2168 3330 2225 emisit.
3375 2168 3604 2223 Marcus

1941 2260 2135 2311 autem
2184 2255 2436 2311 modum
2468 2270 2710 2327 quoque
2740 2255 2899 2322 dicit,
2945 2256 3106 2328 quod
3148 2256 3321 2328 Οωρίι
3344 2272 3436 2312 eos
3474 2256 3607 2312 mit-

1942 2350 2057 2400 tere
2071 2343 2281 2400 binos”:
2295 2344 2543 2400 omnino
2557 2348 2801 2416 propter
2814 2348 3085 2401 mutuam
3103 2344 3601 2402 consolationem.

2014 2609 2180 2666 Vers.
2215 2613 2268 2666 5.
2300 2609 2509 2666 Dicens
2538 2639 2607 2649 —
2628 2610 2788 2664 Vers.
2823 2613 2875 2666 6.
2906 2609 3117 2667 Israel.
3150 2610 3242 2667 Ad
3266 2610 3607 2668 Judeorum

1945 2697 2209 2753 civitates
2253 2701 2309 2753 et
2356 2697 2524 2753 vicos
2580 2696 2834 2769 primum
2907 2698 3084 2754 mittit
3138 2697 3485 2772 discipulos,
3543 2704 3611 2755 ut

1946 2786 2063 2841 sint
2096 2785 2211 2841 illis
2238 2786 2300 2841 in
2329 2785 2646 2855 magistros
2676 2802 2746 2842 ac
2776 2786 3065 2853 medicos,
3095 2788 3442 2853 ostendens,
3482 2789 3607 2844 vim

1946 2874 2191 2943 amoris,
2210 2889 2392 2945 quem
2405 2874 2483 2930 ad
2504 2873 2639 2929 illos
2657 2890 2780 2946 prae
2797 2875 3083 2931 omnibus
3105 2874 3385 2943 habebat,
3424 2877 3612 2949 quod-

1946 2978 2065 3035 que
2094 2978 2280 3033 supra
2301 2962 2551 3017 modum
2577 2977 2777 3019 curam
2806 2961 3042 3018 illorum
3059 2970 3306 3035 gereret,
3326 2965 3611 3035 quoniam

1947 3051 2182 3123 injuriis
2233 3050 2312 3105 ab
2358 3049 2446 3106 eis
2487 3051 2803 3123 appetitus,
2862 3051 3095 3107 illarum
3139 3066 3259 3108 non
3314 3052 3607 3117 meminit,

925 3141 1013 3191 Διὸ
1097 3143 1187 3191 καὶ
1282 3138 1468 3193 κωλύει
1553 3145 1643 3214 μὲν
1726 3147 1840 3205 τοὺς

1955 3140 2055 3195 sed
2100 3138 2267 3194 omni
2295 3138 2472 3193 modo
2528 3138 2820 3210 corrigere
2863 3154 2965 3195 eos
3017 3155 3082 3194 ac
3128 3155 3343 3195 sanare
3384 3140 3610 3196 nititur.

1952 3228 2090 3285 ldeo
2118 3242 2363 3300 quoque
2388 3226 2543 3293 illos,
2576 3242 2730 3298 quos
2759 3227 2980 3293 emisit,
3008 3226 3170 3283 viam
3194 3244 3328 3299 quae
3368 3228 3446 3284 ad
3476 3243 3615 3297 gen-

1951 3322 2039 3375 tes
2075 3316 2257 3372 ducat
2282 3321 2527 3385 tangere
2558 3314 2852 3388 prohibet.
2894 3315 3071 3372 Jubet
3098 3316 3279 3373 etiam
3308 3333 3384 3373 ne
3424 3316 3503 3373 ad
3540 3318 3620 3374 ci-

1952 3406 2195 3462 vitatem
2224 3404 2737 3461 Samaritanorum
2784 3403 3093 3469 accedant,
3146 3420 3282 3477 qua:
3327 3404 3436 3461 sita
3491 3409 3621 3462 erat

1953 3493 2107 3550 inter
2128 3493 2473 3549 Judmorum
2494 3493 2780 3548 civitates.
2807 3492 3106 3565 Siquidem
3123 3493 3486 3550 Samaritani
3508 3509 3620 3565 pro

1953 3580 2207 3639 dimidia
2234 3585 2402 3653 parte
2425 3580 2803 3637 Judaismum
2821 3585 3147 3647 servantes,
3163 3580 3399 3637 inimico
3416 3582 3622 3637 animo

1954 3671 2033 3728 ad
2062 3671 2303 3726 Judesos
2340 3669 2535 3726 affecti
2581 3674 2775 3727 erant.
2834 3669 2900 3725 Et
2949 3669 3217 3742 undique
3247 3670 3619 3740 ingratorum

1955 3759 2188 3832 oppilat
2217 3774 2360 3825 ora;
2402 3774 2751 3831 quanquam
2799 3773 2985 3829 supra
3025 3774 3238 3815 omnes
3284 3759 3362 3815 ab
3402 3774 3470 3814 eo
3519 3759 3623 3815 ho-

1956 3848 2168 3915 norati,
2200 3847 2398 3919 ipsum
2439 3862 2622 3919 supra
2676 3861 2889 3903 omnes
2936 3846 3165 3904 honore
3211 3846 3620 3917 privaverunt.

1958 3938 2107 3994 Oves
2143 3939 2347 3991 autem
2404 3934 2669 4007 perditas
2716 3935 2934 3991 domus
2965 3934 3145 3990 Israel
3194 3936 3403 3991 merito
3452 3936 3618 4008 ipsos

1956 4024 2333 4093 nominavit;
2374 4039 2514 4080 oves
2544 4024 2815 4095 quidem,
2858 4026 3058 4095 utpote
3088 4038 3244 4096 quos
3291 4022 3435 4079 olim
3472 4026 3627 4079 Deus

1958 4114 2259 4186 pascebat.
2306 4113 2421 4180 Qui
2481 4113 2698 4182 pascis,
2757 4111 2969 4183 inquit,
3040 4112 3245 4177 Israel,
3299 4112 3626 4177 intende’;

1961 4202 2222 4277 perditas
2246 4217 2406 4266 vero,
2436 4217 2505 4257 eo
2537 4201 2703 4273 quod
2733 4200 3031 4257 destitutas
3059 4204 3256 4254 essent
3287 4215 3357 4255 ac
3404 4199 3637 4271 disper-

1961 4309 2062 4357 sae,
2096 4295 2160 4347 ut
2183 4289 2535 4361 praedictum
2589 4294 2697 4344 est.
2758 4290 2983 4344 Domus
3026 4288 3201 4344 etiam
3226 4288 3437 4354 Israel,
3490 4291 3635 4359 puta

1962 4378 2281 4436 lsraelitas.
2316 4378 2401 4433 lta
2429 4382 2619 4433 autem
2656 4376 2898 4432 Iudaeos
2942 4375 3275 4448 appellans,
3303 4375 3625 4448 discipulo-

1964 4485 2099 4526 rum
2140 4468 2293 4523 iram
2344 4466 2655 4537 mitigabat
2687 4482 2700 4521 :
2728 4469 2785 4522 et
2816 4464 3020 4539 potius
3060 4465 3161 4538 pia
3193 4480 3348 4522 curae
3398 4464 3636 4523 viscera

1966 4558 2112 4631 ipsis
2150 4554 2533 4613 immittebat.

2040 4648 2200 4703 Vers.
2238 4644 2294 4700 7.
2340 4645 2565 4701 Euntes
2596 4675 2664 4686 —
2712 4646 3009 4705 calorum.
3035 4645 3219 4700 instat
3272 4640 3470 4700 fruitio
3504 4657 3637 4716 quas

1969 4735 2225 4792 habetur
2278 4734 2339 4789 in
2366 4733 2552 4798 caelis,
2592 4732 2707 4790 hoc
2750 4737 2855 4797 est,
2884 4733 3047 4805 apud
3099 4747 3209 4790 vos
3234 4736 3343 4801 est,
3397 4732 3447 4788 si
3500 4746 3641 4789 eam

1972 4824 2241 4897 accipere
2269 4823 2608 4889 volueritis;
2662 4823 2949 4894 accipere,
2982 4821 3246 4893 inquam,
3280 4820 3472 4888 illam,
3516 4836 3642 4878 cre-

1974 4914 2176 4971 dentes
2230 4918 2289 4970 et
2340 4915 2629 4984 praecepta
2666 4915 2992 4968 servantes.
3053 4910 3246 4967 Tertio
3301 4914 3503 4967 autem
3547 4925 3643 4966 ca-

1976 5003 2094 5076 pite
2122 5002 2198 5058 de
2222 5016 2408 5072 regno
2439 5000 2729 5057 caelorum
2759 4999 3007 5071 pulchre
3052 4999 3279 5055 dictum
3312 5002 3418 5054 est.
3454 4998 3642 5069 Opor-

1976 5096 2058 5149 tet
2080 5105 2222 5164 ergo
2251 5094 2309 5147 et
2334 5089 2435 5147 illa
2453 5103 2655 5157 nosse,
2683 5091 2740 5145 et
2762 5087 2903 5146 inde
2924 5086 3216 5161 adaptare
3248 5085 3413 5160 quod
3438 5084 3642 5158 aptius

1978 5179 2299 5237 videbitur.

1418 5332 1440 5369 θ
1470 5330 1623 5392 Psal.
1662 5348 1862 5403 Lxxu,
1900 5334 1959 5394 1.

1498 5481 1725 5557 Variae
1756 5486 2088 5558 lectiones
2129 5493 2195 5557 et
2215 5496 2414 5555 notae.

318 5663 393 5740 (7)
422 5666 489 5742 τῇ
516 5658 823 5741 προσενχῇ
858 5657 929 5726 Δ,
961 5655 1026 5713 ut
1062 5648 1259 5716 editur
1285 5652 1453 5733 apud
1479 5652 1724 5717 Lucam.

2068 5659 2147 5734 (8)
2178 5657 2302 5717 Hoc
2335 5655 2590 5719 refertur
2615 5654 2695 5717 ad
2720 5649 2821 5712 δύο
2850 5649 2974 5715 δύο.
