4098 6396
599 316 704 372 327

603 534 852 587 nitatum
880 548 891 585 :
924 538 986 585 ut
1029 530 1133 602 qui
1164 530 1568 602 prtedicationi
1628 545 1744 583 non
1773 529 2097 591 crederent,
2146 529 2250 584 sal-

604 629 721 677 tem
774 621 1075 677 miraculis
1117 620 1576 676 adducerentur.
1636 617 1827 673 Simul
1892 625 1949 675 et
1996 634 2100 674 eos
2151 635 2255 691 per

602 712 799 782 ipsam
847 709 1236 781 promptiores
1291 708 1367 763 ad
1422 707 1909 778 praedicationem
1968 706 2133 762 facit.
2176 710 2253 762 Ne

601 806 802 855 autem
828 799 1184 853 extollantur
1231 796 1398 868 quasi
1461 811 1679 864 magna
1727 801 2096 867 praestantes,
2153 801 2253 851 aut

600 894 863 943 terrenas
902 892 1173 958 quaerant
1222 884 1654 951 retributiones,
1693 884 2011 955 praemunit
2064 886 2248 955 ipsos,

599 978 805 1032 dicens
840 997 851 1036 :
887 976 1082 1031 Gratis
1116 975 1428 1046 accepistis
1459 992 1495 1029 a
1545 990 1630 1029 me
1685 974 1939 1043 gratiam
1970 973 2125 1028 hanc
2166 988 2256 1028 sa-

598 1068 877 1132 nitatum,
917 1064 1077 1120 nullo
1128 1068 1324 1119 vestro
1364 1062 1729 1135 praecedente
1776 1062 2023 1127 labore;
2074 1062 2255 1131 gratis

597 1155 735 1211 date
764 1171 866 1210 eas
898 1152 1257 1219 hominibus,
1309 1151 1455 1206 nihil
1497 1150 1822 1223 temporale
1855 1151 1931 1206 ab
1975 1150 2120 1222 ipsis
2173 1166 2258 1206 re-

596 1244 920 1315 quirentes.
974 1240 1293 1296 lntendens
1352 1245 1573 1302 autem,
1621 1244 1683 1293 ut
1732 1239 1861 1293 haec
1917 1239 2257 1309 incorrupte

596 1336 849 1397 servent,
897 1329 1069 1399 jubet
1112 1344 1186 1383 ne
1220 1331 1506 1399 praetextu
1550 1327 1721 1381 etiam
1764 1327 1875 1381 vias
1918 1326 2257 1398 quidquam

600 1420 921 1490 accipiant.
955 1417 1045 1472 Ait
1073 1417 1235 1471 enim
1269 1431 1281 1468 :

662 1509 826 1563 Vers.
864 1510 921 1563 9.
960 1503 1153 1561 Nolite
1178 1535 1247 1545 —
1267 1519 1439 1559 zonas
1466 1508 1711 1560 vestras.
1734 1502 1902 1558 Moris
1928 1502 2091 1558 enim
2127 1505 2256 1560 erat

593 1596 689 1653 his
720 1596 822 1668 qui
853 1610 959 1667 per
999 1593 1155 1649 viam
1217 1592 1665 1663 gradiebantur,
1715 1607 2035 1648 crumenas
2105 1591 2255 1646 ferre

595 1685 756 1740 zonis
787 1698 1105 1755 appensas,
1136 1681 1196 1737 in
1246 1681 1467 1752 quibus
1498 1696 1680 1735 aereos
1700 1696 1985 1735 nummos
2065 1678 2255 1735 habe-

592 1771 760 1827 bant.
804 1774 909 1826 Dat
958 1774 1157 1825 autem
1211 1768 1472 1839 primum
1534 1766 1844 1837 discipulis
1884 1767 2076 1835 legem
2132 1783 2244 1838 per-

2363 1765 2552 1817 τελείαν
2618 1764 3006 1837 ἀκτημοσύνην.

592 1861 753 1915 fectae
793 1859 1033 1930 inopiae,
1095 1855 1298 1912 volens
1347 1861 1571 1910 utnon
1627 1856 1823 1910 solum
1877 1855 2006 1909 sine
2063 1855 2251 1926 suspi-

592 1949 780 2012 cione,
811 1947 915 2002 sed
954 1947 1132 2002 etiam
1181 1944 1241 1999 in
1282 1944 1675 2000 admiratione
1709 1945 1851 1998 sint.
1908 1942 2062 1999 Nihil
2091 1944 2249 1998 enim

593 2036 676 2091 ita
705 2033 1091 2091 admirandos
1134 2031 1353 2095 reddit,
1401 2030 1549 2086 sicut
1578 2030 1700 2086 vita
1729 2030 1975 2101 frugalis
2005 2047 2074 2085 ac
2112 2030 2245 2101 qui-

591 2122 853 2179 buslibet
895 2121 1086 2177 obviis
1116 2125 1409 2175 contenta.
1435 2119 1657 2175 Deinde
1682 2119 1838 2174 omni
1868 2135 1970 2174 eos
2000 2135 2143 2173 cura
2182 2119 2248 2174 1i-

590 2212 779 2276 berat,
830 2226 967 2282 quae
1018 2208 1355 2279 frequenter
1400 2207 1830 2278 impedimento
1884 2222 2013 2262 esse
2054 2206 2246 2273 solet;

590 2314 887 2370 suamque
912 2298 1028 2352 vult
1081 2297 1391 2352 ostendere
1440 2294 1785 2367 potentiam,
1842 2311 1977 2366 quae
2013 2296 2096 2350 eis
2170 2296 2247 2351 ad

591 2388 795 2443 omnia
855 2385 1139 2441 sufﬁciat.
1209 2384 1463 2455 Ideoque
1518 2384 1903 2455 postmodum
1961 2383 2241 2440 dicebat:

593 2475 839 2543 Quando
865 2474 997 2529 misi
1020 2488 1108 2528 vos
1140 2475 1264 2529 sine
1308 2473 1508 2528 loculis
1538 2479 1591 2529 et
1622 2487 1779 2542 pera,
1829 2488 1972 2528 num
2015 2472 2249 2544 aliquid

590 2563 780 2632 defuit
812 2563 972 2618 vobis
994 2562 1041 2597 1°
1073 2564 1121 2616 .9.

1917 308 2262 371 EUTHYMII
2315 308 2645 371 ZIGABENI
3836 326 3921 388 328

673 444 836 499 Vers.
879 444 931 497 8.
969 444 1223 510 Inﬁrmos
1254 473 1318 483 —
1344 440 1488 497 date.
1526 440 1692 495 Dedit
1715 440 1825 495 illis
1879 440 2129 510 gratiam
2159 457 2252 496 sa-
2286 442 2330 496 A

2437 441 2803 503 Ἀσθενοῦντας
2857 443 2933 513 (9)
3002 474 3067 485 --
3122 434 3263 496 δότε.
3348 440 3550 497 Ἔδωκε
3615 448 3700 517 μὲν
3778 451 3923 515 αὐτοῖς

2365 533 2526 603 χάριν
2573 531 2823 602 ἰαμάτων,
2875 534 3009 583 ὥστε
3062 534 3177 592 τοὺς
3220 536 3291 604 μὴ
3332 533 3661 604 πειθομένους
3686 543 3752 605 τῷ
3790 544 3923 612 κηρύ.

2364 639 2525 689 γματι
2592 621 2861 671 πείθεσθαι
2930 628 3033 680 τοῖς
3091 623 3397 692 θαύμασιν·
3456 621 3566 693 ἅμα
3624 628 3708 674 καὶ
3770 627 3925 689 αύτούς

2364 709 2783 781 προθυμοτέρους
2814 716 2972 758 ποιῶν
3013 709 3083 770 εἰς
3126 712 3182 760 τὸ
3231 714 3475 781 κήρυγμα
3505 706 3578 761 δι’
3629 711 3801 772 αὐτῆς,
3835 715 3925 768 Ἰνα

2367 790 2425 845 δὲ
2472 800 2543 866 μη
2604 794 2920 867 ἐπαρθῶσιν,
2990 799 3058 857 ὡς
3119 798 3317 868 μεγαλα
3372 800 3750 869 κατορθοῦντες,
3810 799 3925 873 μηδὲ

2367 883 2593 942 ζητῶσιν
2666 882 2888 955 ἀμοιϐὰς
2943 883 3146 952 ὑλικὰς,
3212 884 3656 957 πρὸασφαλιζεται
3719 890 3922 958 τούτους,

2364 969 2559 1041 λέγων·
2617 974 2814 1045 Δωρεάν
2869 970 3069 1024 ἐλάϐετε
3121 974 3244 1044 παρ’
3298 972 3421 1044 ἐμοῦ
3474 980 3567 1031 τὴν
3616 976 3768 1046 χάριν
3818 981 3925 1028 ταύ-

2364 1078 2458 1116 την
2508 1068 2606 1110 τῶν
2670 1062 2921 1131 ἰαμάτων,
2977 1057 3141 1132 μηδὲν
3192 1060 3341 1112 αύτοὶ
3398 1068 3714 1128 πονέσαντες,
3760 1060 3925 1138 δωρεὰν

2368 1143 2487 1198 δότε
2564 1156 2728 1199 ταῦτα
2803 1155 2905 1208 τοῖς
2980 1149 3285 1223 ἀνθρώποις,
3361 1147 3525 1221 μηδὲν
3602 1149 3926 1213 ἐπιζητοῦντες

2368 1234 2615 1307 βιωτικὸν
2656 1234 2707 1297 ἐξ
2737 1236 2920 1291 αὐτῶν.
2972 1237 3265 1289 Ἐπιτείνων
3320 1234 3379 1290 δὲ
3416 1241 3474 1289 τὸ
3534 1235 3925 1312 ἀδωροδόκητον,

2366 1323 2555 1376 κελεύει
2615 1321 2754 1396 μηδὲ
2814 1327 2975 1397 χάριν
3031 1332 3126 1388 τῆς
3199 1322 3327 1378 ὁδοῦ
3388 1346 3440 1379 τι
3495 1326 3785 1399 λαμϐάνειν.
3842 1334 3928 1385 Φη-

2369 1417 2423 1463 σὶ
2452 1413 2549 1483 γάρ
2581 1430 2593 1441 ⁸

2436 1505 2521 1557 Μὴ
2578 1532 2646 1540 -
2707 1502 2867 1561 ζώνας
2929 1504 3093 1573 ἡμῶν.
3146 1503 3300 1563 Ἐθος
3365 1504 3466 1574 γὰρ
3528 1499 3588 1559 ἧν
3657 1509 3756 1562 τοῖς
3811 1499 3930 1554 ὁδοι-

2366 1596 2605 1660 ποροῦσι,
2650 1588 2921 1660 φασκώλια
2970 1594 3134 1662 φέρειν
3184 1595 3570 1664 παρῃωρημὲνα
3598 1597 3713 1653 ταῖς
3751 1591 3930 1655 ζώναις,

2365 1675 2412 1727 ἐν
2443 1674 2513 1737 οἷς
2544 1675 2687 1748 εἶχον
2719 1681 2840 1739 τοὺς
2871 1675 3100 1738 ὀϐολούς.
3146 1681 3427 1750 Νομοθετεῑ
3453 1675 3512 1730 δε
3552 1686 3663 1741 τοῖς
3699 1680 3931 1751 μαθηταῖς

3082 1773 3289 1839 Πρῶτον
3360 1770 3471 1839 μὶν,
3538 1767 3595 1818 ού
3659 1772 3802 1839 μόνον
3858 1766 3932 1816 ἁν-

2362 1860 2642 1919 υπόπτους,
2712 1852 2839 1905 ἀλλά
2911 1858 2999 1906 καὶ
3073 1857 3399 1926 θαυμασίους
3486 1854 3676 1927 μᾶλλον
3769 1855 3932 1915 αύτούς

2361 1939 2489 1993 εἶναι
2535 1941 2848 2013 βουλόμενος
2872 1960 2883 1971 ⁸
2919 1940 3070 1995 οὐδὲν
3099 1946 3200 2015 γὰρ
3232 1944 3365 1996 οὕτω
3414 1951 3550 1996 ποιεῖ
3607 1946 3930 2016 θαυμαστοὺς,

2360 2032 2427 2091 ὡς
2465 2030 2581 2102 βίος
2625 2032 2841 2090 οἶσκευος
2889 2038 2978 2083 καὶ
3026 2031 3304 2106 ὀλιγαρκής
3333 2049 3345 2063 ⁸
3384 2029 3497 2084 εἶτα
3549 2029 3813 2106 φροντίδος
3846 2033 3932 2083 πά.

2361 2138 2457 2179 σης
2570 2118 2903 2171 ἀπαλλάττων
2990 2122 3218 2186 τούτους,
3321 2120 3561 2182 εἰωθυίας
3654 2117 3933 2193 ἐμποδίζειν

2357 2207 2597 2267 πολλάκις
2631 2225 2641 2236 ·
2692 2210 2868 2259 ἔπειτα
2920 2205 3089 2270 δεῖξαι
3142 2208 3296 2261 θέλων
3345 2212 3439 2266 τὴν
3497 2208 3685 2261 ἑαυτοῦ
3737 2204 3933 2278 δύναμιν

3430 2300 3515 2349 Διὸ
3582 2302 3675 2349 καὶ
3741 2297 3933 2368 ὕστερον

2570 2118 2903 2171 ἀπαλλάττων
2990 2122 3218 2186 τούτους,

2358 2294 2683 2367 ἐπαρκοῦσα»
2752 2296 2928 2358 αὐτοῖς
2995 2296 3067 2358 εἰς
3128 2290 3352 2351 ἅπαντα.

2356 2384 2535 2454 ἔλεγεν,
2596 2386 2676 2435 ὅτι
2740 2382 2863 2436 Ὀτε
2921 2382 3199 2437 ἀπέστειλα
3256 2386 3397 2456 ἡμᾶς
3476 2386 3597 2457 ἄτερ
3674 2384 3934 2457 βαλαντίου

2358 2477 2447 2523 καὶ
2476 2477 2665 2547 πήρας,
2698 2477 2770 2545 μή
2800 2492 2938 2534 τινος
2963 2474 3283 2548 ὑστερήσατε
3307 2490 3322 2539 ;

659 2653 701 2722 -ι-
731 2651 867 2706 Haec
915 2649 1057 2704 dicit
1087 2648 1358 2706 Salvator
1387 2649 1696 2720 apostolis,
1755 2648 1968 2705 nolens
2026 2654 2090 2705 ut
2118 2650 2233 2705 sub
2265 2650 2377 2705 hoc
2433 2653 2724 2721 praetextu
2773 2649 3080 2705 facultates
3130 2652 3512 2721 congregant.
3568 2652 3769 2722 Neque
3811 2660 3938 2717 ergo

589 2755 820 2804 aurum,
855 2737 946 2793 vel
970 2744 1299 2807 argentum,
1336 2742 1440 2792 aut
1466 2754 1565 2807 tes,
1592 2753 1779 2809 neque
1811 2753 2054 2809 panem,
2117 2754 2308 2809 neque
2352 2754 2559 2809 peram
2594 2755 2705 2794 nos
2737 2738 2955 2793 habere
2986 2738 3127 2805 vult,
3173 2753 3361 2810 neque
3398 2738 3825 2801 calceamenta,
3847 2750 3936 2790 ne-

586 2843 705 2899 que
732 2834 977 2889 vestem,
1037 2841 1232 2897 neque
1264 2825 1567 2889 baculum,
1624 2842 1768 2880 usus
1823 2842 2029 2892 causa,
2080 2832 2181 2881 aut
2232 2842 2416 2898 opum
2467 2827 2794 2899 cupiditate
2852 2843 2957 2898 per
3000 2828 3153 2882 viam
3202 2827 3472 2898 accipere
3506 2844 3518 2882 :
3550 2843 3674 2883 non
3728 2826 3803 2883 ad
3852 2841 3933 2881 zo-

586 2933 720 2971 nam
753 2932 854 2980 aes,
889 2929 1083 2986 neque
1109 2919 1171 2967 ut
1213 2913 1451 2968 duabus
1483 2913 1805 2968 induamur
1846 2914 2078 2977 tunicis,
2132 2913 2234 2969 scd
2282 2930 2385 2986 per
2415 2915 2576 2971 viam
2604 2917 2809 2971 omnia
2840 2914 3117 2971 facillime
3152 2921 3208 2971 et
3255 2915 3658 2986 frugalissime
3689 2914 3928 2987 accipia-

590 3021 739 3059 IDUS.

658 3092 875 3165 +Aqui
905 3090 1132 3147 loculos
1183 3090 1313 3162 ipse
1358 3090 1625 3149 ferebat:
1672 3095 2019 3147 nontamen
2065 3091 2238 3164 quasi
2280 3090 2319 3145 C

586 3182 853 3254 pecuniae
910 3181 1184 3251 cupidus,
1246 3180 1350 3235 sed
1381 3180 1557 3251 quasi
1604 3178 1989 3251 dispensator
2030 3196 2238 3235 eorum

586 3287 717 3342 quae
774 3269 1179 3325 offerebantur
1212 3286 1225 3336 ;
1257 3268 1571 3339 possidens
1599 3268 1793 3339 potius
1831 3268 1954 3324 haec
2009 3269 2087 3324 ad
2137 3285 2237 3323 ne-

586 3359 919 3415 cessitatem
947 3372 1118 3411 suam
1142 3361 1199 3410 et
1228 3356 1652 3425 discipulorum
1684 3372 1752 3410 ac
1782 3372 2133 3428 pauperum.

657 3444 829 3502 Vers.
872 3444 959 3499 10.
1018 3443 1212 3513 Neque
1255 3458 1452 3513 peram
1482 3473 1551 3483 —
1611 3443 1898 3498 baculum.
1954 3445 2104 3508 Quia
2152 3461 2239 3500 re-

586 3549 769 3604 gnum
800 3532 1088 3588 ccelorum
1116 3531 1574 3599 annuntiabant,
1597 3533 1908 3603 oportebat
1934 3548 2038 3587 eos
2061 3532 2237 3604 quasi

587 3620 835 3690 angelos
862 3620 935 3674 de
964 3620 1113 3675 coelo
1143 3619 1589 3687 descendentes,
1638 3619 1797 3675 leves
1832 3634 1902 3675 ac
1933 3621 2239 3691 expeditos

583 3709 874 3775 incedere,
904 3709 1068 3763 omni
1099 3713 1333 3763 terrena
1364 3723 1504 3762 cura
1554 3707 1797 3773 liberos,
1837 3713 1893 3762 et
1919 3709 1997 3764 ad
2047 3708 2237 3765 solum

583 3796 977 3853 ministerium
1015 3795 1126 3851 sibi
1152 3795 1542 3851 commissum
1570 3795 1971 3867 respicientes.
2034 3800 2236 3853 Peram

583 3891 782 3943 autem
806 3885 945 3940 dicit
973 3883 1364 3956 marsupium,
1410 3900 1527 3955 quo
1585 3884 1661 3940 ad
1702 3885 1810 3940 iter
1859 3885 2237 3943 immittendo

584 3975 727 4048 pani
767 3972 1099 4029 utebantur.

653 4064 910 4133 Dignum
940 4068 1028 4117 est
1057 4067 1259 4118 autem
1291 4067 1353 4118 ut
1374 4078 1734 4133 quaeramus,
1766 4064 2074 4135 quomodo
2102 4067 2236 4120 Mat-

581 4153 769 4207 theeus
807 4156 862 4206 et
912 4151 1097 4206 Lucas
1139 4150 1345 4205 dicunt
1381 4150 1635 4220 jussisse
1676 4152 1743 4217 ¹¹,
1807 4157 1867 4205 ut
1918 4151 2000 4207 illi
2042 4167 2235 4224 neque

578 4240 1003 4302 calceamenta,
1056 4255 1252 4310 neque
1307 4239 1592 4294 baculum
1647 4238 1961 4306 haberent,
2010 4242 2235 4296 Marcus

577 4345 715 4384 vero
748 4328 831 4383 ait
880 4328 1008 4383 sola
1058 4328 1185 4383 haec
1241 4327 1327 4382 eis
1374 4327 1715 4398 permisisse
1756 4328 1829 4382 1’.
1890 4328 2037 4393 Quid
2095 4344 2236 4399 ergo

2429 3093 2551 3163 [Καὶ
2617 3092 2727 3161 (10)
2797 3094 2899 3163 μὴν
2984 3090 3138 3152 αὐτὸς
3216 3090 3481 3167 ἐπεφέρετο
3555 3092 3935 3164 γλωσσόκομον,

2356 3177 2463 3231 ἀλλ’
2499 3178 2603 3250 οὐχ
2639 3183 2706 3239 ὡς
2744 3179 3091 3251 φιλοκτήμων,
3141 3178 3245 3231 ἀλλ’
3278 3183 3342 3240 ὡς
3391 3180 3655 3252 οἰκονόμος
3709 3190 3806 3233 τῶν
3855 3177 3938 3250 ἐμ-

2354 3266 2692 3339 ϐεϐλημένων,
2746 3267 3106 3339 ἀποκτώμενος
3160 3266 3348 3340 μᾶλλον
3407 3268 3539 3321 αὐτὸ.
3603 3273 3733 3343 πρὸς
3768 3271 3938 3343 χρείαν

2354 3355 2539 3407 ἑαυτοῦ
2566 3376 2615 3409 τε
2643 3360 2731 3409 καὶ
2762 3365 2859 3408 τῶν
2890 3357 3156 3428 μαθητῶν,
3188 3361 3273 3408 καὶ
3308 3365 3406 3408 τῶν
3432 3361 3683 3414 πενήτων.
3714 3357 3736 3431 ]

2423 3449 2507 3501 Μὴ
2563 3449 2735 3518 πήραν
2790 3475 2857 3484 -
2899 3441 3117 3518 ῥάϐδον.
3176 3444 3314 3498 Ἐπεὶ
3372 3449 3465 3503 τὴν
3538 3443 3809 3517 βασιλείαν
3851 3451 3940 3496 τῶν

2352 3532 2579 3603 οὐρανῶν
2635 3532 3003 3604 κατήγγελλον,
3056 3530 3162 3586 ἔδει
3210 3535 3415 3595 πάντως
3468 3532 3673 3600 αὐτοὺς,
3729 3536 3796 3595 ὡς
3851 3530 3943 3602 ἆγ-

2350 3621 2529 3692 γέλους
2559 3621 2613 3683 ἐξ
2661 3621 2878 3695 ούρανοῦ
2923 3626 3216 3685 κατιόντας,
3264 3622 3398 3673 οὕτω
3438 3618 3686 3694 βαδίζειν
3733 3624 3943 3692 κούφους

2350 3716 2439 3761 καὶ
2489 3710 2772 3773 εὐσταλεῖς,
2821 3711 2996 3771 πάσης
3035 3712 3123 3781 μὲν
3184 3710 3366 3772 ὑλικῆς
3418 3706 3697 3782 φροντίδος
3766 3709 3946 3761 ἐλευθέ-

2350 3818 2492 3873 ρους,
2537 3803 2602 3857 εἱς
2646 3802 2804 3870 μόνην
2838 3794 2896 3850 δε
2947 3795 3228 3870 βλέποντας
3274 3801 3367 3857 τὴν
3408 3797 3835 3871 ἐγχειρισθεῖσαν
3866 3795 3947 3848 αύ-

2350 3894 2460 3947 τοῖς
2507 3882 2792 3939 διακονίαν.
2837 3892 3015 3961 Πὴραν
3077 3884 3134 3938 δὲ
3184 3886 3320 3957 λέγει
3375 3889 3433 3937 τό
3484 3888 3597 3958 (ll)
3643 3890 3947 3961 μαρσίπιον,

2352 3976 2390 4045 ᾧ
2420 3974 2701 4048 ἐκέχρηντο
2737 3978 2871 4027 κατά
2909 3980 3001 4033 τὴν
3030 3972 3170 4045 ὀδόν,
3209 3974 3541 4046 ἐμϐάλλοντες
3567 3977 3747 4050 οἶρτον.

2420 4062 2598 4126 Ἀξιον
2631 4060 2688 4116 δὲ
2726 4064 2980 4130 ζητῆσαι,
3029 4073 3133 4124 πῶς
3174 4066 3433 4124 Ματθαῖος
3472 4067 3561 4135 μὲν
3605 4070 3699 4116 καὶ
3746 4066 3949 4121 Λουκᾶς

2350 4172 2497 4220 φασι,
2563 4152 2901 4211 κελευσθῆναι
2954 4155 3190 4219 τούτους,
3259 4157 3391 4224 μήτε
3439 4148 3767 4226 ὑποδημάτα
3817 4147 3949 4223 μηδὶ

2860 4242 2885 4292 ὁ
2942 4237 2999 4293 δὲ
3056 4243 3268 4313 Μάρκος
3329 4239 3483 4312 λέγει,
3534 4242 3951 4316 συγχωρηθῆναι

3245 4333 3307 4381 Τί
3374 4325 3460 4380 οὖν
3538 4331 3680 4381 ἔστιν
3751 4329 3947 4393 εἰπεῖν;

2348 4238 2543 4315 ῥάϐδον
2598 4244 2739 4311 ἔχειν
2787 4257 2800 4271 ⁸

2350 4338 2517 4381 ταυτα
2581 4329 2695 4399 (12)
2772 4334 2902 4402 μόνα
2964 4330 3160 4390 αὐτοῖς.

573 4416 897 4472 dicendum
936 4421 1024 4471 est
1056 4416 1274 4482 ?Quod
1298 4415 1561 4487 primum
1594 4415 1840 4487 quidem
1869 4417 1950 4473 ita
1976 4416 2231 4487 jusserit,

2361 4416 2469 4469 Ὀτι
2520 4427 2720 4493 πρῶτον
2791 4422 2879 4491 μὲν
2951 4418 3085 4470 οὕτω
3151 4416 3481 4492 προσέταξεν,
3547 4418 3617 4479 ὡς
3683 4419 3951 4475 Mareade;

573 4504 727 4560 sicut
769 4505 1077 4561 Malthteus
1126 4509 1181 4560 et
1218 4505 1419 4586 Lucas
1471 4504 1796 4561 dixerunt:
1848 4506 2233 4576 postmodum

577 4598 780 4649 autem
833 4593 1166 4664 permiserit
1232 4592 1337 4660 eis,
1408 4597 1469 4648 ut
1533 4593 1947 4649 calcearentur
2004 4596 2237 4651 tantum

578 4680 884 4749 sandaliis,
912 4685 968 4736 et
1020 4681 1341 4737 retinerent
1385 4678 1672 4737 baculum
1726 4681 1803 4738 ad
1836 4682 2061 4753 pedum
2112 4696 2242 4740 cus‘

648 4806 696 4842 ¹⁰
727 4806 863 4862 Luc.
893 4810 1037 4863 xxii.
1071 4807 1166 4863 35.
1283 4784 1487 4862 “Luc.
1512 4822 1590 4877 ιι,
1621 4809 1679 4863 3.

2350 4512 2438 4557 καὶ
2478 4513 2684 4567 Λουκᾶς
2733 4503 2871 4558 εἶπον
2905 4526 2917 4539 ·
2973 4506 3184 4578 ὕστερον
3240 4500 3298 4558 δὲ
3344 4510 3727 4580 παρεχώρησεν
3780 4504 3957 4565 αὐτοῖς

2350 4592 2707 4647 ύποδεδέσθαι
2733 4599 2885 4667 μόνον
2919 4591 3178 4647 σανδάλια
3219 4598 3309 4647 καὶ
3348 4598 3589 4665 κατέχειν
3616 4590 3843 4669 ῥάϐδον,
3885 4591 3954 4652 εὶς

2353 4682 2583 4756 φυλακήν
2632 4701 2686 4737 τε
2726 4692 2825 4736 τῶν
2873 4681 3072 4754 ποδῶν,
3125 4686 3214 4736 καὶ
3266 4682 3661 4757 ύποστηριγμὸν
3708 4690 3805 4736 τοῦ
3858 4686 3955 4734 σώ-

1798 4805 1843 4842 η
1872 4804 2056 4862 Marc.
2091 4822 2168 4871 v1,
2196 4808 2249 4873 8,
2293 4811 2351 4863 9.

1799 4953 2025 5023 Variae
2051 4955 2372 5024 lectiones
2416 4966 2479 5025 et
2520 4964 2726 5026 notae.

650 5159 727 5231 (9)
763 5157 1244 5234 Cbrysostomus,
1294 5163 1357 5215 ut
1385 5154 1679 5234 alibiijam
1706 5154 1942 5234 mOnui,‘
1977 5151 2237 5234 inseruit

577 5228 719 5287 huic
747 5228 1198 5307 vershichxgou;
1228 5232 1469 5307 ἐγείρετε,
1525 5232 1662 5307 _Sine
1686 5230 1804 5307 ullo
1844 5228 2030 5307 dubio
2060 5229 2234 5307 lapsu

581 5304 907 5359 memorize.
943 5300 1496 5359 Tractaturusenim
1525 5301 1683 5355 hunc
1703 5300 1931 5371 locum,
1953 5300 2011 5354 in
2033 5300 2237 5371 princi-

580 5372 681 5446 pio
740 5374 921 5446 habet
954 5392 965 5428 :
1003 5381 1185 5427 Σκόπει
1241 5395 1329 5446 μοι
1387 5377 1444 5424 τὸ
1496 5376 1729 5446 εὔκαιρον
1770 5380 1859 5431 τῆς
1894 5370 2231 5446 ’ἀποστολῆς

582 5440 660 5515 ού⁸
688 5445 789 5514 γὰρ
845 5443 900 5495 ἐκ
957 5440 1249 5515 προοιμίων
1326 5444 1511 5505 αύτούς
1561 5440 1802 5515 ἔπεμψεν,
1861 5443 1969 5515 άλλ’
2024 5445 2108 5495 ὅτε
2167 5475 2236 5484 —

582 5503 721 5640 ἔδον
759 5503 847 5566 καὶ
893 5503 1067 5590 νεκρὸν
1098 5503 1390 5593 ἐγερθέντα.
1457 5503 1597 5571 Vide
1639 5503 1800 5571 tom.
1838 5514 1949 5580 Vll,
1991 5530 2049 5588 p.
2094 5516 2223 5571 308.

2418 5151 2530 5230 (10)
2567 5154 2628 5214 In
2666 5150 2935 5230 margine
2965 5156 3187 5216 habent
3218 5159 3448 5217 inclusa
3475 5164 3517 5217 A
3549 5163 3610 5219 Β.
3643 5162 3960 5218 Scholium

2347 5229 2762 5355 autemhquod
2791 5230 2853 5284 in
2883 5232 3147 5287 versione
3177 5233 3380 5290 Latina
3408 5233 3711 5305 praecedit,
3746 5239 3963 5289 neuter

2348 5316 2594 5369 agnoscr
2630 5343 2642 5356 .
3440 5368 3443 5369 γ

2395 5368 2525 5459 χιι)
2569 5374 2651 5426 lta
2700 5370 2887 5427 codex
2945 5375 3209 5445 uterque.
3267 5368 3550 5432 Scribitur
3598 5370 3783 5433 etiam
3828 5394 3961 5447 μαο-

2348 5462 2553 5497 συπιον.

2418 5514 2529 5586 (19)
2559 5519 2715 5590 μόνα,
2743 5514 2910 5572 abest
2938 5516 3005 5571 Α.
