4108 6396
166 356 255 416 ’3⁸19
1181 356 1551 419 COMMENT.
1595 360 1665 418 IN
1702 360 1788 417 MA

1954 356 2137 415 EUM.
2181 389 2248 400 —
2288 358 2443 417 CAP.
2489 358 2559 415 Χ.
3470 360 3576 418 330

189 507 343 564 μιτες,
393 485 856 559 συγκαταϐαίνων
915 494 980 563 τῇ
1030 487 1268 561 ἀσθενείᾳ
1317 487 1508 554 αὐτῶν,
1562 484 1656 541 διὰ
1710 490 1804 545 τὴν

1954 484 2142 541 idiam
2168 487 2226 541 et
2254 487 2795 543 sustentamentum
2836 482 3121 556 corporis,
3165 481 3486 540 demittens
3514 500 3576 542 se

200 582 284 634 Exi:
350 586 445 639 τῆς
511 574 843 654 ὁδοιπορίας
912 578 1291 651 ταλαιπωρίαν,
1368 579 1437 638 ὡς
1499 579 1524 629 ὁ
1592 579 1805 652 Μάρκος

1955 574 1995 630 d
2024 573 2492 631 imbecillitatem
2523 590 2743 642 eorum,
2774 576 3016 646 propter
3042 571 3314 629 laborem
3362 573 3467 645 qui
3496 573 3576 631 ab

199 670 415 745 ῐγραψεν.
487 668 631 720 Ἀντί
686 665 751 721 δε
813 676 933 739 τοῦ,
994 672 1076 725 Μὴ
1149 669 1442 735 κτήσησθε,
1492 671 1577 724 Μὴ
1637 668 1805 739 αἴρετε

1947 664 2120 719 linere
2179 665 2471 736 provenit.
2531 666 2717 721 Lucas
2756 679 2899 719 vero
2954 677 3064 734 pro
3102 677 3173 718 eo
3226 662 3385 734 quod
3437 666 3569 719 est:

200 759 322 813 εἶπεν
351 762 375 811 ὁ
410 764 639 820 Λουκᾶς.
678 756 798 810 ἰνα
831 755 894 810 δὲ
938 762 1011 830 μὴ
1064 760 1249 809 εἴπωσι
1284 774 1299 788 ·
1334 757 1494 809 Πόθεν
1546 752 1634 807 οὖν
1683 774 1805 829 τρα-

1954 752 2116 809 Ῑοιίιε
2149 753 2465 822 possidere,
2493 753 2678 810 habet
2709 772 2721 809 :
2770 753 2971 809 Nolite
3013 750 3271 823 portare
3328 753 3395 818 τ’,
3424 752 3576 809 sicut

198 852 486 923 φεσομεθα.
517 844 683 920 μηδεν
715 850 976 920 αἴροντες,
1006 850 1162 919 φησίν
1183 866 1195 879 ο

1952 842 2092 899 tiam
2118 842 2294 898 refert
2320 846 2670 901 Marcus.Ne
2717 847 2921 900 autem
2978 841 3201 909 dicant,
3251 841 3418 899 Unde
3459 842 3574 899 ale-

1913 947 2069 997 mur,
2105 932 2153 986 si
2185 931 2330 988 nihil
2371 932 2701 1000 tulerimus,
2742 932 2878 989 ideo
2905 932 3083 988 dicit:

258 1029 432 1091 Ἀξιος
480 1059 548 1068 -
599 1025 759 1079 ἐστίν.
818 1024 895 1078 Ού
946 1028 1123 1097 χρεία,
1175 1028 1354 1095 φησὶν,
1392 1024 1511 1095 ύμῖν
1562 1019 1799 1095 ἐφοδίων.

1984 1022 2151 1077 Vers.
2198 1025 2280 1076 10.
2334 1023 2562 1092 Dignus
2600 1054 2670 1062 —
2721 1027 2826 1078 est.
2886 1020 3077 1085 Nullo,
3131 1020 3346 1094 inquit,
3402 1021 3571 1079 vobis

189 1120 299 1187 (I3)
341 1117 520 1179 Ἀξιοι
562 1118 662 1189 γάρ
710 1115 828 1167 ἔστε
861 1116 1134 1188 τρέφεσθαι
1181 1115 1324 1186 παρά
1370 1119 1471 1164 τῶν
1520 1111 1801 1184 ὠφελουμέ-

1953 1126 2061 1181 pus
2091 1114 2176 1165 est
2223 1109 2486 1181 viatico;
2528 1110 2696 1180 digni
2746 1110 2908 1166 enim
2957 1110 3117 1175 estis,
3172 1110 3278 1183 qui
3321 1109 3571 1167 alamini

185 1230 279 1258 νων
310 1208 395 1277 ὑφ’
431 1209 601 1278 ὑμῶν,
648 1204 774 1276 παρ’
805 1204 884 1263 οἷς
930 1202 1228 1275 ἐργάζεσθε,
1285 1201 1409 1275 μαρ⁹
1449 1201 1520 1261 οἷς
1566 1207 1797 1253 κοπιᾶτε.

1945 1199 1991 1254 .b
2022 1198 2113 1254 his
2134 1198 2236 1272 qui
2268 1215 2305 1255 a
2329 1199 2499 1255 vobis
2509 1199 2812 1270 juvantur,
2836 1200 3002 1272 apud
3032 1214 3188 1271 quos
3206 1200 3567 1272 operamini,

181 1302 347 1350 τοῦτο
376 1300 485 1367 γὰρ
518 1294 580 1346 οὐ
618 1291 807 1368 δῶρον,
842 1291 971 1344 ἀλλὰ
1012 1294 1197 1364 μισθός
1252 1290 1366 1343 ἐστι
1423 1297 1519 1351 τῆς
1557 1288 1803 1365 ἐργασίας

1952 1289 2078 1361 pud
2104 1305 2256 1361 quos
2283 1289 2593 1347 laboratis.
2637 1292 2783 1347 Nam
2815 1289 2927 1346 hoc
2976 1305 3099 1345 non
3142 1289 3394 1356 donum,
3463 1289 3570 1345 sed

180 1389 346 1458 ὑμῶν,
378 1390 478 1437 καὶ
507 1382 812 1455 ἀναγκαῖον,
847 1385 915 1444 ὡς
940 1379 1275 1454 ὀφειλόμενον.

1946 1393 2143 1434 nerces
2172 1383 2259 1435 est
2284 1378 2484 1451 operis
2516 1378 2715 1449 vestri,
2744 1394 2815 1435 ac
2854 1377 3257 1437 necessarium
3281 1383 3568 1452 tanquam

1912 1467 2183 1523 debitum
2195 1509 2209 1523 .
3416 1502 3419 1503 ν

249 1565 347 1627 Εἰς
373 1566 440 1621 ἦν
509 1558 561 1615 δ’
621 1560 683 1612 ἂν
737 1591 809 1601 -
863 1558 1118 1622 ἐξέλθητε.
1182 1557 1295 1612 Ἵνα
1348 1561 1421 1631 μὴ
1490 1561 1797 1629 νομίσωσιν,

1983 1560 2142 1613 Vers.
2175 1562 2257 1613 11.
2289 1558 2360 1614 In
2397 1572 2799 1630 quamcunque
2835 1589 2905 1598 —
2935 1556 3182 1615 exeatis.
3226 1559 3306 1613 Ne
3334 1560 3566 1630 putent,

180 1658 255 1707 ὅτι
322 1656 415 1714 τὰς
488 1653 701 1705 πάντων
771 1656 873 1701 τῶν
940 1646 1296 1721 ὠφελουμένων
1377 1648 1534 1722 θύρας
1624 1646 1801 1709 αὐτοῖς

1947 1646 2075 1718 ςυοά
2124 1646 2389 1702 omnium
2433 1646 2537 1719 qui
2567 1646 2645 1702 ab
2671 1648 2755 1702 eis
2801 1646 3158 1718 juvarentur
3215 1646 3437 1718 januas
3483 1646 3569 1702 in-

176 1742 386 1814 ἀνέῳξι,
435 1742 659 1807 κελεύει,
694 1739 820 1810 παρ’
860 1737 1053 1810 ἑκάστῃ
1106 1735 1251 1789 πόλει
1297 1739 1387 1788 καὶ
1429 1741 1576 1809 κώμῃ
1626 1735 1798 1796 ζητεῖν

1948 1734 2080 1790 redi
2103 1734 2380 1799 debeant.
2417 1735 2590 1807 jubet
2612 1739 2678 1791 ut
2721 1736 2782 1790 in
2828 1750 3190 1809 quacunque
3238 1736 3476 1793 civitate
3516 1738 3570 1793 et

175 1833 266 1884 ἕνα
313 1834 403 1881 τὸν
450 1829 603 1891 ἄξιον
646 1836 739 1888 τῆς
775 1824 889 1897 (14)
937 1822 1216 1897 ὑποδοχῆς
1273 1824 1461 1890 αὐτῶν,
1513 1828 1672 1897 ἤγουν
1712 1828 1797 1877 τὸν

1942 1824 2060 1891 ‘ico,
2087 1827 2358 1896 quaerant
2383 1840 2574 1880 unum
2620 1824 2890 1893 dignum,
2942 1824 3047 1897 qui
3097 1840 3199 1880 eos
3258 1825 3564 1898 suscipiat,

182 1924 516 1994 σεμνότερον,
567 1914 658 1969 τὸν
715 1913 1123 1989 θεοσεϐέστερον,
1176 1918 1266 1966 καὶ
1324 1912 1448 1988 παρ’
1509 1913 1648 1985 αύτῷ
1713 1918 1801 1987 μέο

1945 1913 2185 1971 'idelicet
2232 1914 2555 1970 honestum
2610 1913 2710 1970 Dei
2772 1913 3077 1982 cultorem,
3133 1917 3190 1970 et
3231 1914 3386 1987 apud
3426 1930 3567 1971 eum

179 2028 305 2076 νεεν,
363 2008 458 2067 ἕως
526 2008 591 2058 ἄν
632 2003 908 2068 ἇξέλθωσιν
963 2004 1017 2056 ἐκ
1075 2010 1171 2076 τῇς
1225 2002 1436 2065 πόλεως,
1506 2003 1642 2056 ὥστε
1706 2006 1796 2075 μὴ,

1946 2007 2210 2074 caueant,
2264 2003 2455 2060 donec
2521 2019 2551 2058 e
2604 2002 2839 2059 civitate
2897 2006 3150 2059 exeant:
3185 2018 3262 2059 ne
3314 2003 3568 2060 domum

173 2097 349 2149 οἰκίαν
380 2095 437 2159 ἔξ
491 2094 667 2155 οἰκίας
720 2090 1045 2165 ἀμείϐοντας,
1089 2091 1265 2144 λυπεῖν
1318 2111 1373 2144 τε
1401 2095 1487 2145 τὸν
1541 2089 1795 2155 ύπὸδεξά-

1946 2108 1971 2148 1
2010 2092 2261 2149 domum
2315 2096 2745 2164 permutantes,
2784 2096 2841 2148 et
2869 2107 3009 2148 eum
3056 2091 3160 2164 qui
3202 2108 3265 2147 se
3296 2107 3568 2165 suscepe-

170 2205 350 2259 μενον,
381 2188 481 2237 καὶ
506 2185 944 2258 γαστριμαργίας
973 2177 1130 2244 δόξαν
1166 2180 1468 2253 λαμϐάνειν,

1948 2184 2000 2237 at
2044 2181 2409 2247 contristent,
2460 2186 2517 2238 et
2541 2180 2966 2252 gastrimargiaa
3025 2180 3434 2254 suspicionem
3481 2180 3570 2238 in-

1912 2275 2172 2327 currant.

244 2361 638 2433 Είσερχόμενοι
702 2386 765 2397 —
822 2356 1005 2415 αύτήν.
1058 2356 1420 2425 Ἀσπάσασθε,
1491 2355 1605 2410 ἀντὶ
1683 2365 1795 2424 τοῦ,

1982 2361 2145 2416 Vers.
2188 2359 2271 2415 12.
2323 2359 2726 2431 Ingredientes
2776 2360 3059 2416 —illam.
3113 2359 3395 2429 Salutate,
3451 2359 3569 2416 hoc

168 2450 510 2520 Ἐπε-ύχεσθε
562 2446 773 2521 εἰρήνην
814 2444 929 2518 (15)
978 2446 1108 2517 αὐτῇ
1199 2451 1378 2498 Ταῦτα
1424 2448 1526 2522 γὰρ
1586 2447 1790 2520 ὕστερον

1948 2454 2014 2516 st,
2049 2464 2263 2521 pacem
2302 2448 2381 2504 illi
2422 2449 2769 2522 precamini.
2821 2452 2952 2505 Haec
2983 2448 3143 2505 enim
3174 2448 3567 2521 postmodum

164 2545 261 2591 καὶ
317 2545 431 2597 τοῖς
500 2531 869 2607 ἑϐδομήκοντα
930 2534 1151 2606 μαθταίς
1227 2532 1570 2607 ἐντειλάμενος
1640 2534 1786 2607 εἶπεν,

1944 2539 2293 2610 eptuaginta
2323 2538 2628 2610 discipulis
2652 2538 3016 2611 praecipiens,
3049 2538 3196 2594 dixit
3221 2557 3233 2596 :
3263 2539 3333 2595 In
3362 2552 3566 2611 quam-

169 2630 255 2681 ὅτι
314 2626 408 2689 Εἰς
468 2624 533 2683 ἣν
597 2620 649 2675 δ’
701 2622 762 2676 ἆν
830 2622 998 2675 οἰκίαν
1063 2622 1399 2699 εἰσέρχησθε,
1464 2632 1667 2699 πρῶτον
1723 2626 1791 2680 λέ-

1948 2643 2145 2699 unque
2182 2629 2420 2685 domum
2468 2628 2863 2698 intraveritis,
2903 2630 3166 2699 primum
3196 2628 3404 2685 dicite:
3437 2627 3570 2687 Pax

168 2735 289 2788 τετε
325 2732 339 2746 '
369 2715 577 2786 Εἰρήνη
614 2720 687 2782 τῷ
718 2715 842 2782 οἴκῳ
878 2711 994 2784 (16)
1022 2714 1206 2784 τούτῳ.

732 2715 842 2782 ἥκω
878 2711 994 2784 (16)
1022 2714 1206 2784 τούτῳ.
1914 2718 2048 2775 huic
2073 2716 2278 2773 domui
2309 2718 2354 2753 1⁸

246 2807 356 2860 Καὶ
402 2834 475 2843 —
527 2801 923 2874 ίπιστραφήτω.
971 2804 1112 2853 Διότι
1168 2800 1417 2865 πολλάκις
1474 2803 1499 2854 ὁ
1539 2800 1801 2877 ὑποδεχό-

1982 2809 2145 2864 Vers.
2209 2810 2291 2863 13.
2352 2807 2433 2863 Et
2489 2812 2894 2864 convertatur.
2948 2807 3099 2874 Quia
3174 2808 3224 2862 is
3275 2806 3373 2879 qui
3441 2823 3570 2863 sus-

170 2913 347 2965 μενος,
380 2894 557 2963 ὄνομα
589 2892 679 2962 μὲν
712 2889 851 2960 εἶχεν
879 2887 1045 2955 ἀξίου,
1080 2887 1199 2962 βίον
1247 2886 1306 2942 δὲ
1338 2888 1572 2959 ἀνάξιον,
1621 2899 1792 2965 φησὶν,

1947 2896 2068 2969 ipit,
2117 2899 2339 2967 saepius
2391 2895 2557 2965 digni
2613 2912 2827 2952 nomen
2877 2896 3080 2964 habet,
3130 2896 3314 2952 vitam
3366 2901 3568 2953 autem

172 2985 257 3035 ὅτι
307 2983 433 3035 Ἐὰν
466 2983 561 3051 μὲν
695 2980 724 3035 ἡ
768 2977 912 3029 οἰκία
958 2979 1072 3048 (17)
1132 2977 1263 3036 αὕτη
1320 2979 1464 3050 ἀξία,
1513 2978 1696 3035 ἐλθέτω
1727 2982 1794 3035 ἐτι-⁷

1944 2984 2249 3055 ndignam,
2263 2984 2399 3039 ideo
2415 2982 2559 3039 dicit
2577 3004 2589 3043 :
2612 2983 2671 3039 Si
2684 2984 2926 3057 quidem
2942 2984 3345 3040 fueritdomus
3358 2983 3566 3054 digna,

172 3070 343 3128 αὐτὴν
374 3071 405 3128 ἡ
463 3065 693 3121 δοθεῖσα
732 3066 855 3139 παρ’
888 3067 1030 3139 ὑμῶν
1068 3066 1265 3142 εἰρήνη,
1320 3072 1609 3138 τουτέστιν,
1667 3070 1794 3146 ἔνερ-

1945 3073 2113 3129 eniat
2186 3088 2368 3144 super
2439 3071 2623 3140 illam,
2679 3089 2795 3143 pax
2873 3088 3007 3144 quae
3060 3088 3096 3128 a
3144 3072 3319 3128 vobis
3374 3073 3567 3137 datur,

170 3162 399 3231 γεσάτω
461 3158 532 3219 εἰς
612 3156 799 3223 αὐτὴν,
853 3162 939 3207 καὶ
992 3157 1123 3208 ἔστω
1191 3156 1393 3230 εἰρήνης
1463 3157 1792 3215 ἀπολαύουσα

241 3254 250 3258 -
376 3246 396 3258 ι
430 3251 441 3258 α
642 3244 679 3258 9ο
769 3240 804 3258 ιι
908 3248 919 3258 ι
984 3244 1009 3258 ν
1062 3242 1140 3258 ’να
1238 3246 1253 3258 ο
1322 3247 1335 3258 ρ
1388 3250 1397 3258 ι
1520 3250 1533 3258 ι
1600 3257 1617 3258 η
1760 3252 1770 3258 .

1948 3163 1975 3218 1
2024 3166 2131 3227 est,
2183 3166 2462 3233 operetur
2504 3161 2563 3216 in
2629 3161 2812 3228 illam,
2872 3160 3226 3233 fruaturque
3306 3176 3457 3233 pace
3514 3167 3570 3216 et

168 3254 260 3301 καὶ
301 3246 550 3319 γαλήνης
586 3263 599 3275 ·
635 3244 719 3297 ἐὰν
758 3240 818 3297 δι
854 3248 926 3317 μὴ
978 3244 1009 3317 ᾖ
1054 3242 1196 3311 ἀξία,
1230 3246 1261 3303 ἡ
1293 3247 1469 3319 εἰρήνη
1510 3250 1653 3320 ὑμῶν
1680 3252 1790 3323 πρὸς

1948 3249 2337 3324 ranquillitate
2370 3292 2381 3311 .
2412 3250 2461 3305 si
2497 3265 2636 3305 vero
2676 3249 2850 3305 fuerit
2904 3249 3169 3317 indigna,
3229 3265 3349 3321 pax
3376 3255 3570 3304 vestra

169 3338 308 3401 ὑμᾶς
364 3336 755 3409 δίνας-τρεφέτω,
810 3336 993 3403 ἤγουν,
1046 3329 1213 3405 μηδὲν
1271 3332 1619 3408 ἓνεργησάτω,
1677 3336 1791 3391 ἀλλὸ

1948 3342 1990 3396 d
2015 3356 2118 3396 vos
2171 3343 2568 3402 convertatur,
2621 3339 2744 3395 sive
2783 3338 2931 3394 nihil
2974 3343 3251 3410 operetur
3281 3356 3293 3393 :
3326 3338 3426 3394 sed
3456 3338 3570 3394 hac

169 3429 373 3484 ταύτην
412 3426 533 3498 μεθ’
580 3423 771 3476 ἑαυτῶν
800 3421 1043 3484 λαϐόντες
1079 3421 1319 3485 ἐξελθετε.

1097 3421 1319 3485 ἓξελθετε.
1912 3430 2225 3487 vobiscum
2253 3433 2517 3500 sumpta,
2552 3430 2719 3483 exite.

242 3520 445 3568 Σκόπει
512 3509 597 3581 δὶ,
654 3520 763 3574 πῶς
838 3510 933 3564 οὐκ
997 3508 1185 3564 ἔδωκεν
1268 3512 1441 3575 αὐτοῖς
1508 3520 1803 3590 πρόγνωσιν

1987 3519 2127 3575 Vide
2183 3518 2349 3590 quod
2419 3534 2543 3573 non
2589 3517 2820 3573 dederit
2869 3517 2952 3573 eis
3035 3514 3573 3589 praecognitionem

172 3602 327 3666 ἀξίου
379 3607 479 3654 καὶ
536 3600 772 3669 ἀναξίου,
817 3600 901 3652 ἵνα
943 3608 1015 3671 τῷ
1068 3599 1464 3675 ἀναγκαιοτάτῳ
1515 3602 1794 3678 λειπόμενοι

1957 3608 2073 3678 igni
2102 3611 2159 3663 et
2186 3606 2409 3676 indigni
2444 3622 2455 3662 :
2487 3611 2550 3661 ut
2600 3622 2661 3661 re
2694 3606 2957 3661 maxime
3009 3605 3350 3662 necessaria
3397 3604 3575 3660 desti-

172 3698 685 3765 ταπεινοφρονῶσιν,
759 3691 829 3753 ὡς
904 3688 1115 3751 ἀτελεῖς.
1198 3695 1312 3765 Χρὴ
1391 3688 1451 3744 δε
1524 3694 1794 3767 θαυμάξειι

1953 3695 2042 3759 iti,
2074 3710 2202 3751 sese
2232 3694 2566 3766 deprimant
2620 3699 2911 3767 tanquam
2963 3693 3320 3767 imperfecti.
3373 3692 3575 3748 Admi-

173 3790 288 3844 πῶς
344 3784 567 3834 πάντων
617 3784 902 3851 γυμνώσας
954 3777 1159 3845 αὐτοὺς,
1234 3782 1301 3833 τὰ
1369 3783 1568 3834 πάντων
1628 3783 1795 3847 αὐτοῖς

1949 3784 2173 3841 andum
2204 3787 2292 3839 est
2321 3788 2523 3839 autem
2547 3783 2880 3855 quomodo,
2928 3788 3256 3855 postquam
3286 3781 3571 3838 omnibus

177 3870 357 3930 ἐπῆκε,
432 3876 529 3930 Τίς
590 3871 692 3943 ’γὰρ
748 3866 842 3919 οὐκ
918 3866 978 3919 ἂν
1035 3864 1204 3931 ἡδέως
1269 3866 1616 3943 ἑξενοδὸχησε
1684 3876 1799 3935 τοὺς

1955 3890 2016 3930 os
2047 3872 2317 3939 nudavit,
2362 3888 2574 3928 rusum
2604 3871 2719 3927 illis
2747 3872 2951 3929 omnia
3017 3871 3379 3927 submiserit.
3436 3871 3577 3935 Quis

175 3960 341 4020 οὕτως
390 3957 657 4019 ἀσκεύους
709 3962 800 4009 καὶ
840 3955 1175 4032 ἀμερίμνους,
1231 3956 1531 4030 λάμποντας
1583 3960 1698 4034 (18)
1746 3961 1797 4014 ού

1953 3962 2076 4018 nim
2106 3961 2241 4017 laeta
2264 3960 2456 4018 fronte
2500 3976 2623 4016 non
2684 3961 2971 4032 suscipiat
2999 3959 3258 4032 hospitio
3304 3958 3575 4031 quibusli

180 4053 334 4116 μόνον
389 4046 500 4100 ἀπὸ
550 4055 648 4099 τῶν
690 4045 856 4117 λόγων
905 4049 993 4099 καὶ
1042 4054 1141 4099 τῶν
1188 4048 1487 4121 θαυμάτων,
1536 4047 1665 4103 ἀλλὰ
1716 4056 1802 4105 καὶ

1951 4058 2014 4107 μοι
2060 4050 2251 4106 obviis
2312 4054 2645 4118 contentos,
2702 4066 2769 4106 ac
2819 4048 3218 4105 sollicitudine
3285 4052 3573 4113 carentes,

180 4141 284 4213 πρὸ
318 4139 544 4201 τούτων,
575 4133 679 4188 ἀπὸ
704 4140 796 4187 τοῦ
832 4132 955 4207 βίου
981 4150 995 4203 ;

1954 4139 2231 4210 λιεθηῑθε,
2265 4155 2385 4196 non
2418 4139 2596 4194 verbo
2637 4143 2871 4194 tantum
2910 4143 2967 4194 et
2997 4136 3328 4202 miraculis,
3359 4151 3576 4192 verum

1917 4229 2096 4285 etiam
2126 4228 2290 4301 quod
2332 4227 2520 4301 magis
2553 4232 2662 4293 est,
2692 4227 2856 4283 bona
2890 4226 3013 4282 vita
3050 4225 3079 4280 τ

254 4313 361 4369 καὶ
422 4344 493 4354 —
544 4312 706 4385 ὑμῶν.
738 4310 798 4363 '0
856 4307 915 4365 δὲ
963 4314 1173 4386 Μάρκος
1227 4317 1422 4386 φησίν·
1478 4315 1809 4380 Ἐκτινάξατε

1993 4318 2279 4375 Vers.14.
2320 4318 2855 4373 Et—veslrorum.
2897 4319 3126 4372 Marcus
3153 4312 3300 4368 dixit
3331 4313 3571 4367 :Eaccu-

180 4410 268 4456 τὸν
345 4408 490 4476 χοῦν
570 4403 657 4453 τὸν
728 4402 968 4453 ύκοκάτω
1036 4409 1134 4454 τῶν
1213 4399 1390 4455 ποδῶν
1491 4406 1654 4477 ὑμῶν,
1739 4407 1802 4470 εἰς

1952 4408 2024 4463 ite
2048 4408 2374 4475 pulverem,
2412 4407 2518 4477 qui
2544 4411 2627 4461 est
2656 4405 2765 4461 sub
2790 4404 3037 4473 pedibus
3070 4401 3292 4467 vestris,
3322 4401 3386 4457 in
3415 4401 3574 4456 testi-

184 4496 481 4567 μαρτύρεον
534 4489 733 4553 αὐτοῖς,
793 4492 975 4561 ἤγουν,
1034 4489 1109 4552 εἰς
1159 4489 1375 4564 ἔλεγχον
1429 4493 1617 4547 αὐτῶν.
1653 4493 1806 4553 Ἐδή-

1956 4496 2172 4553 mnium
2207 4495 2322 4550 illis
2366 4496 2435 4559 ιδ,
2467 4496 2592 4550 sive
2637 4494 2714 4549 ad
2765 4492 3255 4563 redargutionem
3312 4489 3578 4545 illorum.

182 4581 275 4634 λου
312 4582 425 4656 γὰρ
460 4580 489 4631 ὁ
520 4578 832 4652 ἐκτιναιγμὸς
855 4578 1024 4645 οὗτος,
1053 4580 1133 4631 ὅτι
1163 4578 1221 4632 ού
1252 4586 1404 4653 μόνον
1440 4580 1590 4636 οὐδὲν
1621 4582 1804 4638 ἐκεῖθεν

1962 4584 2375 4642 lanifestabant
2404 4584 2563 4641 enim
2591 4599 2697 4657 per
2724 4583 2902 4640 talem
2928 4581 3367 4644 excussionem,
3415 4577 3584 4651 quod

184 4668 393 4737 ἶλαϐον,
451 4666 583 4721 ἀλλά
630 4672 722 4720 καὶ
773 4670 860 4721 τὸν
916 4666 1102 4722 ἐκεῖθεν
1152 4673 1417 4744 κονιορτὸν
1474 4669 1806 4728 ἕκτινάσσου-

1967 4689 2047 4731 on
2078 4673 2273 4730 solum
2302 4673 2443 4729 nihil
2471 4672 2610 4730 inde
2642 4673 2994 4745 acceperint,
3034 4670 3139 4727 sed
3171 4670 3349 4725 etiam
3374 4665 3587 4739 pulve-

192 4778 271 4812 σα
301 4758 413 4812 ἀπὸ
461 4766 566 4811 τῶν
611 4752 789 4810 ποδῶν
821 4756 1010 4827 αὐτῶν,
1042 4760 1107 4820 ὡς
1155 4761 1242 4812 καὶ
1294 4758 1449 4814 αὐτὸν
1489 4757 1566 4814 δι’
1620 4763 1813 4827 αὐτοὺς

1961 4779 2071 4829 em,
2092 4763 2340 4836 quiinde
2355 4762 2726 4831 adhasiSset,
2742 4778 2779 4818 a
2797 4761 3051 4833 pedibus
3071 4759 3195 4815 suis
3217 4758 3583 4821 excuterent,

192 4847 433 4903 ἀνόσιον.

1925 4859 2217 4928 tanquam
2245 4861 2485 4927 propter
2513 4852 2648 4910 illos
2680 4852 2959 4925 impium.

263 5027 312 5065 1'
354 5025 505 5084 Luc.
532 5038 615 5093 Ix,
658 5023 711 5080 3.
789 5025 838 5062 ¹⁸
860 5026 997 5083 Luc.
1022 5042 1080 5094 x,
1114 5030 1168 5086 5.
1246 5028 1293 5065 ¹⁵
1326 5030 1500 5087 Marc.
1533 5029 1568 5084 5
1600 5046 1678 5097 vx,
1706 5035 1792 5086 11.

1446 5179 1671 5252 Variae
1701 5181 2030 5254 lectiones
2060 5193 2360 5253 etnotae.

269 5349 386 5429 (Ἐξ)
421 5338 675 5429 έφοδέθυε
698 5348 787 5429 At

1976 5354 2376 5429 gnoscittom.
2415 5350 2557 5429 VII,_
2581 5366 2724 5423 pag.
2757 5350 2999 5429 3_7_l_ﬁn.
3049 5348 3159 5406 Alii
3188 5341 3598 5429 tameuapud

271 5413 390 5494 (14)
423 5413 839 5494 ἀποδοχῆςηΑ..
896 5492 905 5494 _
1012 5489 1022 5494 Α

1970 5413 2146 5481 Vetst.
2213 5425 2475 5480 inferunt
2520 5413 2704 5482 ’ἐκείνῆ
2788 5422 2890 5478 Est
2929 5437 3074 5493 ergo
3162 5413 3592 5494 explicationis,

302 5487 392 5567 15)
424 5487 635 5567 sipisim}
654 5488 748 5567 _i1r’
776 5487 962 5547 αὐτήν.
994 5489 1059 5545 Α.
1080 5561 1096 5567 _
1169 5562 1180 5567 Α
1461 5563 1496 5567 __
1686 5566 1696 5567 ί
1931 5502 1997 5553 ut
2038 5513 2177 5553 mox
2207 5494 2447 5550 δοθεῖσα.

305 5561 388 5642 l6)
418 5561 771 5642 ln'telligitur
785 5576 953 5642 ergo,
974 5561 1144 5642 unde
1166 5562 1225 5642 in
1246 5563 1572 5642 nonnullos
1590 5566 1824 5623 codices

2006 5571 2121 5641 (18)
2180 5568 2419 5642 Correxi
2488 5567 2776 5642 λάμποτας,
2835 5581 2941 5640 pro
2994 5564 3373 5641 λαμϐάνοντας.
3453 5561 3601 5618 Hen-

208 5634 377 5715 h.
396 5637 663 5715 venerit:
722 5638 977 5715 λέγοντες
1014 5651 1033 5715 ’Δ
1084 5634 1277 5715 Είρήνῃ
1328 5644 1426 5715 τῷ.-
1459 5639 1587 5709 οἴκῳ
1637 5641 1822 5715 τούτῳ.

871 5650 977 5715 ντες
1014 5651 1033 5715 ’Δ
1084 5634 1277 5715 Είρήνῃ
1328 5644 1426 5715 τῶ.-
1459 5639 1587 5709 οἴκῳ
1637 5641 1822 5715 τούτῳ.
1934 5634 2151 5709 leuius,
2178 5641 2493 5715 fulgentes.

275 5707 385 5789 (t7)
410 5710 544 5771 αὕτη
566 5723 697 5767 non
719 5706 913 5764 habet
936 5706 999 5762 in
1022 5706 1203 5763 textu.
1231 5710 1348 5766 Nec
1368 5706 1829 5785 Chrysbstomus

550 5800 819 5862 Ριτιιοι..
864 5794 977 5856 Gn.
1015 5793 1263 5859 CXXIX.

3254 5797 3322 5859 11
