  <div class='ocr_page' id='page_1' title='image "/cluster/home/n/w/nwhite01/storage/ocr_20150623/129/coo.31924054870344/175.png"; bbox 0 0 4108 6376; ppageno 0'>
   <div class='ocr_carea' id='block_1_1' title="bbox 624 312 725 369">
    <p class='ocr_par' dir='ltr' id='par_1_1' title="bbox 624 312 725 369">
     <span class='ocr_line' id='line_1_1' title="bbox 624 312 725 369; baseline -0.01 0"><span class='ocrx_word' id='word_1_1' title='bbox 624 312 725 369; x_wconf 87' lang='grc'><strong>331</strong></span> 
     </span>
    </p>
   </div>
   <div class='ocr_carea' id='block_1_2' title="bbox 697 438 2355 497">
    <p class='ocr_par' dir='ltr' id='par_1_2' title="bbox 697 438 2355 497">
     <span class='ocr_line' id='line_1_2' title="bbox 697 438 2355 497; baseline -0.001 -4"><span class='ocrx_word' id='word_1_2' title='bbox 697 440 862 494; x_wconf 86' lang='lat' dir='ltr'><strong>Vers.</strong></span> <span class='ocrx_word' id='word_1_3' title='bbox 921 438 1003 493; x_wconf 82' lang='lat'><strong>15.</strong></span> <span class='ocrx_word' id='word_1_4' title='bbox 1044 439 1233 496; x_wconf 79' lang='lat' dir='ltr'><strong>Amen</strong></span> <span class='ocrx_word' id='word_1_5' title='bbox 1292 470 1362 480; x_wconf 92' lang='lat'><strong>—</strong></span> <span class='ocrx_word' id='word_1_6' title='bbox 1407 440 1523 496; x_wconf 76' lang='lat' dir='ltr'><strong>illi.</strong></span> <span class='ocrx_word' id='word_1_7' title='bbox 1581 439 1698 497; x_wconf 87' lang='lat' dir='ltr'><strong>Per</strong></span> <span class='ocrx_word' id='word_1_8' title='bbox 1753 438 2048 494; x_wconf 88' lang='lat' dir='ltr'><strong>civitatem</strong></span> <span class='ocrx_word' id='word_1_9' title='bbox 2097 438 2277 492; x_wconf 88' lang='lat' dir='ltr'><strong>etiam</strong></span> <span class='ocrx_word' id='word_1_10' title='bbox 2308 438 2355 491; x_wconf 84' lang='lat' dir='ltr'><strong>A</strong></span> 
     </span>
    </p>
   </div>
   <div class='ocr_carea' id='block_1_3' title="bbox 623 527 2276 598">
    <p class='ocr_par' dir='ltr' id='par_1_3' title="bbox 623 527 2276 598">
     <span class='ocr_line' id='line_1_3' title="bbox 623 527 2276 598; baseline 0 -15"><span class='ocrx_word' id='word_1_11' title='bbox 623 527 824 584; x_wconf 90' lang='lat' dir='ltr'><strong>vicum</strong></span> <span class='ocrx_word' id='word_1_12' title='bbox 865 527 1241 598; x_wconf 82' lang='lat' dir='ltr'><strong>significavit.</strong></span> <span class='ocrx_word' id='word_1_13' title='bbox 1299 528 1567 585; x_wconf 91' lang='lat' dir='ltr'><strong>Sodoma</strong></span> <span class='ocrx_word' id='word_1_14' title='bbox 1613 538 1817 584; x_wconf 89' lang='lat' dir='ltr'><strong>autem</strong></span> <span class='ocrx_word' id='word_1_15' title='bbox 1856 533 1912 584; x_wconf 92' lang='lat' dir='ltr'><strong>et</strong></span> <span class='ocrx_word' id='word_1_16' title='bbox 1949 529 2276 585; x_wconf 88' lang='lat' dir='ltr'><strong>Gomorrha</strong></span> 
     </span>
    </p>
   </div>
   <div class='ocr_carea' id='block_1_4' title="bbox 622 616 2274 691">
    <p class='ocr_par' dir='ltr' id='par_1_4' title="bbox 622 616 2274 691">
     <span class='ocr_line' id='line_1_4' title="bbox 622 616 2274 691; baseline -0.001 -19"><span class='ocrx_word' id='word_1_17' title='bbox 622 616 885 673; x_wconf 80' lang='lat' dir='ltr'><strong>civitates</strong></span> <span class='ocrx_word' id='word_1_18' title='bbox 929 616 1073 673; x_wconf 92' lang='lat' dir='ltr'><strong>olim</strong></span> <span class='ocrx_word' id='word_1_19' title='bbox 1122 634 1359 689; x_wconf 71' lang='lat' dir='ltr'><strong>magna:</strong></span> <span class='ocrx_word' id='word_1_20' title='bbox 1398 636 1461 674; x_wconf 89' lang='lat' dir='ltr'><strong>ac</strong></span> <span class='ocrx_word' id='word_1_21' title='bbox 1519 617 1828 691; x_wconf 67' lang='lat' dir='ltr'><strong>populosae</strong></span> <span class='ocrx_word' id='word_1_22' title='bbox 1872 622 2042 673; x_wconf 90' lang='lat' dir='ltr'><strong>erant</strong></span> <span class='ocrx_word' id='word_1_23' title='bbox 2083 633 2097 672; x_wconf 89' lang='lat'><strong>:</strong></span> <span class='ocrx_word' id='word_1_24' title='bbox 2140 633 2274 688; x_wconf 68' lang='lat' dir='ltr'><strong>quae</strong></span> 
     </span>
    </p>
   </div>
   <div class='ocr_carea' id='block_1_5' title="bbox 619 705 2275 778">
    <p class='ocr_par' dir='ltr' id='par_1_5' title="bbox 619 705 2275 778">
     <span class='ocr_line' id='line_1_5' title="bbox 619 705 2275 778; baseline -0.001 -17"><span class='ocrx_word' id='word_1_25' title='bbox 619 711 863 778; x_wconf 82' lang='lat' dir='ltr'><strong>propter</strong></span> <span class='ocrx_word' id='word_1_26' title='bbox 887 706 1126 763; x_wconf 86' lang='lat' dir='ltr'><strong>nimiam</strong></span> <span class='ocrx_word' id='word_1_27' title='bbox 1154 706 1462 764; x_wconf 84' lang='lat' dir='ltr'><strong>libidinem</strong></span> <span class='ocrx_word' id='word_1_28' title='bbox 1492 706 1962 763; x_wconf 81' lang='lat' dir='ltr'><strong>inhabitantium</strong></span> <span class='ocrx_word' id='word_1_29' title='bbox 2008 705 2275 762; x_wconf 79' lang='lat' dir='ltr'><strong>maxima</strong></span> 
     </span>
    </p>
   </div>
   <div class='ocr_carea' id='block_1_6' title="bbox 616 794 2273 868">
    <p class='ocr_par' dir='ltr' id='par_1_6' title="bbox 616 794 2273 868">
     <span class='ocr_line' id='line_1_6' title="bbox 616 794 2273 868; baseline -0.002 -18"><span class='ocrx_word' id='word_1_30' title='bbox 616 794 955 852; x_wconf 74' lang='lat' dir='ltr'><strong>calamitate</strong></span> <span class='ocrx_word' id='word_1_31' title='bbox 984 794 1239 852; x_wconf 69' lang='lat' dir='ltr'><strong>redactae</strong></span> <span class='ocrx_word' id='word_1_32' title='bbox 1277 801 1416 852; x_wconf 91' lang='lat' dir='ltr'><strong>sunt</strong></span> <span class='ocrx_word' id='word_1_33' title='bbox 1443 798 1504 851; x_wconf 94' lang='lat' dir='ltr'><strong>in</strong></span> <span class='ocrx_word' id='word_1_34' title='bbox 1544 796 1837 868; x_wconf 83' lang='lat' dir='ltr'><strong>pulveres,</strong></span> <span class='ocrx_word' id='word_1_35' title='bbox 1868 795 2005 864; x_wconf 84' lang='lat' dir='ltr'><strong>igne</strong></span> <span class='ocrx_word' id='word_1_36' title='bbox 2045 794 2273 849; x_wconf 69' lang='lat' dir='ltr'><strong>coalitus</strong></span> 
     </span>
    </p>
   </div>
   <div class='ocr_carea' id='block_1_7' title="bbox 616 882 2272 957">
    <p class='ocr_par' dir='ltr' id='par_1_7' title="bbox 616 882 2272 957">
     <span class='ocr_line' id='line_1_7' title="bbox 616 882 2272 957; baseline -0.002 -17"><span class='ocrx_word' id='word_1_37' title='bbox 616 884 1068 954; x_wconf 83' lang='lat' dir='ltr'><strong>conﬂagrante;</strong></span> <span class='ocrx_word' id='word_1_38' title='bbox 1110 889 1169 941; x_wconf 90' lang='lat' dir='ltr'><strong>et</strong></span> <span class='ocrx_word' id='word_1_39' title='bbox 1218 885 1429 941; x_wconf 87' lang='lat' dir='ltr'><strong>horum</strong></span> <span class='ocrx_word' id='word_1_40' title='bbox 1482 884 1841 957; x_wconf 88' lang='lat' dir='ltr'><strong>supplicium</strong></span> <span class='ocrx_word' id='word_1_41' title='bbox 1882 901 1915 941; x_wconf 92' lang='lat' dir='ltr'><strong>a</strong></span> <span class='ocrx_word' id='word_1_42' title='bbox 1981 885 2099 939; x_wconf 92' lang='lat' dir='ltr'><strong>Deo</strong></span> <span class='ocrx_word' id='word_1_43' title='bbox 2153 882 2272 937; x_wconf 86' lang='lat' dir='ltr'><strong>illis</strong></span> 
     </span>
    </p>
   </div>
   <div class='ocr_carea' id='block_1_8' title="bbox 613 972 2273 1046">
    <p class='ocr_par' dir='ltr' id='par_1_8' title="bbox 613 972 2273 1046">
     <span class='ocr_line' id='line_1_8' title="bbox 613 972 2273 1046; baseline -0.002 -17"><span class='ocrx_word' id='word_1_44' title='bbox 613 972 964 1038; x_wconf 84' lang='lat' dir='ltr'><strong>immissum,</strong></span> <span class='ocrx_word' id='word_1_45' title='bbox 1021 974 1236 1046; x_wconf 89' lang='lat' dir='ltr'><strong>quovis</strong></span> <span class='ocrx_word' id='word_1_46' title='bbox 1290 973 1406 1030; x_wconf 90' lang='lat' dir='ltr'><strong>alio</strong></span> <span class='ocrx_word' id='word_1_47' title='bbox 1459 974 1896 1031; x_wconf 86' lang='lat' dir='ltr'><strong>formidabilius</strong></span> <span class='ocrx_word' id='word_1_48' title='bbox 1961 972 2273 1028; x_wconf 83' lang='lat' dir='ltr'><strong>videbatur</strong></span> 
     </span>
    </p>
   </div>
   <div class='ocr_carea' id='block_1_9' title="bbox 615 1061 2273 1134">
    <p class='ocr_par' dir='ltr' id='par_1_9' title="bbox 615 1061 2273 1134">
     <span class='ocr_line' id='line_1_9' title="bbox 615 1061 2273 1134; baseline -0.001 -16"><span class='ocrx_word' id='word_1_49' title='bbox 615 1077 687 1118; x_wconf 87' lang='lat' dir='ltr'><strong>ac</strong></span> <span class='ocrx_word' id='word_1_50' title='bbox 719 1061 769 1117; x_wconf 90' lang='lat' dir='ltr'><strong>si</strong></span> <span class='ocrx_word' id='word_1_51' title='bbox 810 1066 962 1118; x_wconf 92' lang='lat' dir='ltr'><strong>terra</strong></span> <span class='ocrx_word' id='word_1_52' title='bbox 985 1061 1087 1117; x_wconf 92' lang='lat' dir='ltr'><strong>illa</strong></span> <span class='ocrx_word' id='word_1_53' title='bbox 1119 1062 1196 1118; x_wconf 90' lang='lat' dir='ltr'><strong>ad</strong></span> <span class='ocrx_word' id='word_1_54' title='bbox 1227 1062 1342 1118; x_wconf 89' lang='lat' dir='ltr'><strong>hoc</strong></span> <span class='ocrx_word' id='word_1_55' title='bbox 1375 1079 1560 1134; x_wconf 90' lang='lat' dir='ltr'><strong>usque</strong></span> <span class='ocrx_word' id='word_1_56' title='bbox 1615 1067 1854 1133; x_wconf 86' lang='lat' dir='ltr'><strong>tempus</strong></span> <span class='ocrx_word' id='word_1_57' title='bbox 1893 1061 2273 1117; x_wconf 86' lang='lat' dir='ltr'><strong>inﬂammata</strong></span> 
     </span>
    </p>
   </div>
   <div class='ocr_carea' id='block_1_10' title="bbox 612 1150 2017 1223">
    <p class='ocr_par' dir='ltr' id='par_1_10' title="bbox 612 1150 2017 1223">
     <span class='ocr_line' id='line_1_10' title="bbox 612 1150 2017 1223; baseline -0.001 -17"><span class='ocrx_word' id='word_1_58' title='bbox 612 1150 907 1216; x_wconf 87' lang='lat' dir='ltr'><strong>videatur,</strong></span> <span class='ocrx_word' id='word_1_59' title='bbox 950 1166 1245 1223; x_wconf 88' lang='lat' dir='ltr'><strong>suamque</strong></span> <span class='ocrx_word' id='word_1_60' title='bbox 1291 1150 1577 1223; x_wconf 66' lang='lat' dir='ltr'><strong>praedicet</strong></span> <span class='ocrx_word' id='word_1_61' title='bbox 1601 1151 2017 1208; x_wconf 85' lang='lat' dir='ltr'><strong>calamitatem.</strong></span> 
     </span>
    </p>
   </div>
   <div class='ocr_carea' id='block_1_11' title="bbox 684 1238 2268 1312">
    <p class='ocr_par' dir='ltr' id='par_1_11' title="bbox 684 1238 2268 1312">
     <span class='ocr_line' id='line_1_11' title="bbox 684 1238 2268 1312; baseline -0.001 -18"><span class='ocrx_word' id='word_1_62' title='bbox 684 1238 785 1295; x_wconf 84' lang='lat' dir='ltr'><strong>Hic</strong></span> <span class='ocrx_word' id='word_1_63' title='bbox 808 1254 947 1295; x_wconf 90' lang='lat' dir='ltr'><strong>vero</strong></span> <span class='ocrx_word' id='word_1_64' title='bbox 994 1239 1132 1295; x_wconf 87' lang='lat' dir='ltr'><strong>dicit</strong></span> <span class='ocrx_word' id='word_1_65' title='bbox 1170 1239 1441 1296; x_wconf 83' lang='lat' dir='ltr'><strong>Christus</strong></span> <span class='ocrx_word' id='word_1_66' title='bbox 1484 1240 1726 1310; x_wconf 83' lang='lat' dir='ltr'><strong>gravius</strong></span> <span class='ocrx_word' id='word_1_67' title='bbox 1766 1257 1867 1295; x_wconf 90' lang='lat' dir='ltr'><strong>eos</strong></span> <span class='ocrx_word' id='word_1_68' title='bbox 1913 1239 2268 1312; x_wconf 85' lang='lat' dir='ltr'><strong>puniendos,</strong></span> 
     </span>
    </p>
   </div>
   <div class='ocr_carea' id='block_1_12' title="bbox 609 1326 2270 1401">
    <p class='ocr_par' dir='ltr' id='par_1_12' title="bbox 609 1326 2270 1401">
     <span class='ocr_line' id='line_1_12' title="bbox 609 1326 2270 1401; baseline -0.001 -18"><span class='ocrx_word' id='word_1_69' title='bbox 609 1328 712 1401; x_wconf 91' lang='lat' dir='ltr'><strong>qui</strong></span> <span class='ocrx_word' id='word_1_70' title='bbox 744 1344 866 1384; x_wconf 92' lang='lat' dir='ltr'><strong>non</strong></span> <span class='ocrx_word' id='word_1_71' title='bbox 896 1328 1250 1399; x_wconf 82' lang='lat' dir='ltr'><strong>exceperint,</strong></span> <span class='ocrx_word' id='word_1_72' title='bbox 1284 1344 1393 1384; x_wconf 90' lang='lat' dir='ltr'><strong>nec</strong></span> <span class='ocrx_word' id='word_1_73' title='bbox 1425 1329 1723 1384; x_wconf 88' lang='lat' dir='ltr'><strong>audierint</strong></span> <span class='ocrx_word' id='word_1_74' title='bbox 1752 1326 1928 1385; x_wconf 89' lang='lat' dir='ltr'><strong>verba</strong></span> <span class='ocrx_word' id='word_1_75' title='bbox 1974 1327 2270 1399; x_wconf 89' lang='lat' dir='ltr'><strong>apostolo-</strong></span> 
     </span>
    </p>
   </div>
   <div class='ocr_carea' id='block_1_13' title="bbox 609 1416 2271 1489">
    <p class='ocr_par' dir='ltr' id='par_1_13' title="bbox 609 1416 2271 1489">
     <span class='ocr_line' id='line_1_13' title="bbox 609 1416 2271 1489; baseline -0.001 -16"><span class='ocrx_word' id='word_1_76' title='bbox 609 1433 772 1475; x_wconf 87' lang='lat' dir='ltr'><strong>rum.</strong></span> <span class='ocrx_word' id='word_1_77' title='bbox 814 1416 1080 1473; x_wconf 85' lang='lat' dir='ltr'><strong>Sodoma</strong></span> <span class='ocrx_word' id='word_1_78' title='bbox 1110 1417 1271 1472; x_wconf 90' lang='lat' dir='ltr'><strong>enim</strong></span> <span class='ocrx_word' id='word_1_79' title='bbox 1304 1422 1359 1473; x_wconf 93' lang='lat' dir='ltr'><strong>et</strong></span> <span class='ocrx_word' id='word_1_80' title='bbox 1386 1418 1719 1473; x_wconf 89' lang='lat' dir='ltr'><strong>Gomorrha</strong></span> <span class='ocrx_word' id='word_1_81' title='bbox 1759 1434 1948 1489; x_wconf 91' lang='lat' dir='ltr'><strong>neque</strong></span> <span class='ocrx_word' id='word_1_82' title='bbox 1975 1416 2271 1473; x_wconf 91' lang='lat' dir='ltr'><strong>miracula</strong></span> 
     </span>
    </p>
   </div>
   <div class='ocr_carea' id='block_1_14' title="bbox 608 1504 2267 1579">
    <p class='ocr_par' dir='ltr' id='par_1_14' title="bbox 608 1504 2267 1579">
     <span class='ocr_line' id='line_1_14' title="bbox 608 1504 2267 1579; baseline 0.001 -19"><span class='ocrx_word' id='word_1_83' title='bbox 608 1504 900 1571; x_wconf 89' lang='lat' dir='ltr'><strong>viderant,</strong></span> <span class='ocrx_word' id='word_1_84' title='bbox 935 1505 1083 1561; x_wconf 89' lang='lat' dir='ltr'><strong>sicut</strong></span> <span class='ocrx_word' id='word_1_85' title='bbox 1134 1506 1231 1561; x_wconf 89' lang='lat' dir='ltr'><strong>isti</strong></span> <span class='ocrx_word' id='word_1_86' title='bbox 1276 1505 1597 1563; x_wconf 90' lang='lat' dir='ltr'><strong>innumera</strong></span> <span class='ocrx_word' id='word_1_87' title='bbox 1631 1526 1643 1565; x_wconf 91' lang='lat'>:</span> <span class='ocrx_word' id='word_1_88' title='bbox 1678 1522 1871 1579; x_wconf 91' lang='lat' dir='ltr'><strong>neque</strong></span> <span class='ocrx_word' id='word_1_89' title='bbox 1932 1506 2009 1562; x_wconf 92' lang='lat' dir='ltr'><strong>ad</strong></span> <span class='ocrx_word' id='word_1_90' title='bbox 2051 1511 2267 1561; x_wconf 89' lang='lat' dir='ltr'><strong>terram</strong></span> 
     </span>
    </p>
   </div>
   <div class='ocr_carea' id='block_1_15' title="bbox 609 1594 2264 1667">
    <p class='ocr_par' dir='ltr' id='par_1_15' title="bbox 609 1594 2264 1667">
     <span class='ocr_line' id='line_1_15' title="bbox 609 1594 2264 1667; baseline 0 -17"><span class='ocrx_word' id='word_1_91' title='bbox 609 1594 848 1651; x_wconf 91' lang='lat' dir='ltr'><strong>illorum</strong></span> <span class='ocrx_word' id='word_1_92' title='bbox 877 1594 1153 1667; x_wconf 92' lang='lat' dir='ltr'><strong>discipuli</strong></span> <span class='ocrx_word' id='word_1_93' title='bbox 1186 1611 1222 1651; x_wconf 91' lang='lat' dir='ltr'><strong>a</strong></span> <span class='ocrx_word' id='word_1_94' title='bbox 1261 1595 1556 1652; x_wconf 89' lang='lat' dir='ltr'><strong>Salvatore</strong></span> <span class='ocrx_word' id='word_1_95' title='bbox 1585 1597 1753 1652; x_wconf 87' lang='lat' dir='ltr'><strong>missi</strong></span> <span class='ocrx_word' id='word_1_96' title='bbox 1809 1596 2061 1651; x_wconf 84' lang='lat' dir='ltr'><strong>fuerant.</strong></span> <span class='ocrx_word' id='word_1_97' title='bbox 2117 1597 2264 1651; x_wconf 87' lang='lat' dir='ltr'><strong>Cum</strong></span> 
     </span>
    </p>
   </div>
   <div class='ocr_carea' id='block_1_16' title="bbox 608 1684 2262 1741">
    <p class='ocr_par' dir='ltr' id='par_1_16' title="bbox 608 1684 2262 1741">
     <span class='ocr_line' id='line_1_16' title="bbox 608 1684 2262 1741; baseline -0.001 -2"><span class='ocrx_word' id='word_1_98' title='bbox 608 1688 808 1739; x_wconf 88' lang='lat' dir='ltr'><strong>autem</strong></span> <span class='ocrx_word' id='word_1_99' title='bbox 822 1684 998 1739; x_wconf 82' lang='lat' dir='ltr'><strong>dixit:</strong></span> <span class='ocrx_word' id='word_1_100' title='bbox 1034 1684 1429 1741; x_wconf 60' lang='lat' dir='ltr'><strong>Tolerabilius</strong></span> <span class='ocrx_word' id='word_1_101' title='bbox 1461 1686 1569 1741; x_wconf 78' lang='lat' dir='ltr'><strong>erit</strong></span> <span class='ocrx_word' id='word_1_102' title='bbox 1595 1692 1768 1741; x_wconf 70' lang='lat' dir='ltr'><strong>terra</strong></span> <span class='ocrx_word' id='word_1_103' title='bbox 1798 1685 2183 1741; x_wconf 84' lang='lat' dir='ltr'><strong>Sodomorum</strong></span> <span class='ocrx_word' id='word_1_104' title='bbox 2214 1692 2262 1738; x_wconf 82' lang='lat' dir='ltr'><strong>et</strong></span> 
     </span>
    </p>
   </div>
   <div class='ocr_carea' id='block_1_17' title="bbox 1963 308 3963 368">
    <p class='ocr_par' dir='ltr' id='par_1_17' title="bbox 1963 308 3963 368">
     <span class='ocr_line' id='line_1_17' title="bbox 1963 308 3963 368; baseline 0 -1"><span class='ocrx_word' id='word_1_105' title='bbox 1963 309 2311 368; x_wconf 82' lang='lat' dir='ltr'><strong>EUTHYMII</strong></span> <span class='ocrx_word' id='word_1_106' title='bbox 2348 308 2673 366; x_wconf 82' lang='lat' dir='ltr'><strong>ZIGABENI</strong></span> <span class='ocrx_word' id='word_1_107' title='bbox 3876 313 3963 368; x_wconf 72' lang='lat'><strong>332</strong></span> 
     </span>
    </p>
   </div>
   <div class='ocr_carea' id='block_1_18' title="bbox 2459 434 3960 511">
    <p class='ocr_par' dir='ltr' id='par_1_18' title="bbox 2459 434 3960 511">
     <span class='ocr_line' id='line_1_18' title="bbox 2459 434 3960 511; baseline 0.002 -24"><span class='ocrx_word' id='word_1_108' title='bbox 2459 436 2624 507; x_wconf 82' lang='grc' dir='ltr'>Ἀμὴν</span> <span class='ocrx_word' id='word_1_109' title='bbox 2672 466 2741 476; x_wconf 94' lang='grc'><strong>-</strong></span> <span class='ocrx_word' id='word_1_110' title='bbox 2782 434 2966 507; x_wconf 79' lang='grc' dir='ltr'>ἐκείνη.</span> <span class='ocrx_word' id='word_1_111' title='bbox 3015 439 3109 489; x_wconf 76' lang='grc' dir='ltr'><strong>Διὰ</strong></span> <span class='ocrx_word' id='word_1_112' title='bbox 3151 445 3244 498; x_wconf 83' lang='grc' dir='ltr'>τῆς</span> <span class='ocrx_word' id='word_1_113' title='bbox 3293 436 3497 506; x_wconf 88' lang='grc' dir='ltr'>πόλεως,</span> <span class='ocrx_word' id='word_1_114' title='bbox 3539 440 3629 489; x_wconf 83' lang='grc' dir='ltr'><strong>καὶ</strong></span> <span class='ocrx_word' id='word_1_115' title='bbox 3680 439 3769 494; x_wconf 71' lang='grc' dir='ltr'>τὴν</span> <span class='ocrx_word' id='word_1_116' title='bbox 3808 443 3960 511; x_wconf 84' lang='grc' dir='ltr'>κώμην</span> 
     </span>
    </p>
   </div>
   <div class='ocr_carea' id='block_1_19' title="bbox 2384 522 3961 599">
    <p class='ocr_par' dir='ltr' id='par_1_19' title="bbox 2384 522 3961 599">
     <span class='ocr_line' id='line_1_19' title="bbox 2384 522 3961 599; baseline 0.003 -23"><span class='ocrx_word' id='word_1_117' title='bbox 2384 522 2635 582; x_wconf 73' lang='grc' dir='ltr'>ἐδήλωσε.</span> <span class='ocrx_word' id='word_1_118' title='bbox 2666 528 2742 577; x_wconf 79' lang='grc' dir='ltr'><strong>Τὰ</strong></span> <span class='ocrx_word' id='word_1_119' title='bbox 2784 522 2841 577; x_wconf 79' lang='grc' dir='ltr'><strong>δὲ</strong></span> <span class='ocrx_word' id='word_1_120' title='bbox 2873 522 3081 598; x_wconf 76' lang='grc' dir='ltr'>Σόδομα</span> <span class='ocrx_word' id='word_1_121' title='bbox 3111 532 3199 577; x_wconf 86' lang='grc' dir='ltr'>καὶ</span> <span class='ocrx_word' id='word_1_122' title='bbox 3233 528 3295 577; x_wconf 80' lang='grc' dir='ltr'>τὰ</span> <span class='ocrx_word' id='word_1_123' title='bbox 3322 524 3578 599; x_wconf 78' lang='grc' dir='ltr'>Γόμορρα,</span> <span class='ocrx_word' id='word_1_124' title='bbox 3625 524 3781 576; x_wconf 79' lang='grc' dir='ltr'>πάλαι</span> <span class='ocrx_word' id='word_1_125' title='bbox 3821 528 3961 589; x_wconf 87' lang='grc' dir='ltr'>πόλεις</span> 
     </span>
    </p>
   </div>
   <div class='ocr_carea' id='block_1_20' title="bbox 2384 611 3961 690">
    <p class='ocr_par' dir='ltr' id='par_1_20' title="bbox 2384 611 3961 690">
     <span class='ocr_line' id='line_1_20' title="bbox 2384 611 3961 690; baseline 0.003 -25"><span class='ocrx_word' id='word_1_126' title='bbox 2384 611 2538 666; x_wconf 71' lang='grc' dir='ltr'>οὖσαι</span> <span class='ocrx_word' id='word_1_127' title='bbox 2570 615 2793 687; x_wconf 62' lang='grc' dir='ltr'>μεγάλαι</span> <span class='ocrx_word' id='word_1_128' title='bbox 2840 620 2928 666; x_wconf 78' lang='grc' dir='ltr'>καὶ</span> <span class='ocrx_word' id='word_1_129' title='bbox 2976 616 3527 690; x_wconf 81' lang='grc' dir='ltr'>πολυανθρωπόταται,</span> <span class='ocrx_word' id='word_1_130' title='bbox 3564 612 3656 666; x_wconf 73' lang='grc' dir='ltr'>διὰ</span> <span class='ocrx_word' id='word_1_131' title='bbox 3699 620 3786 672; x_wconf 59' lang='grc' dir='ltr'>τὴν</span> <span class='ocrx_word' id='word_1_132' title='bbox 3833 615 3961 669; x_wconf 76' lang='grc' dir='ltr'>ἀσελο</span> 
     </span>
    </p>
   </div>
   <div class='ocr_carea' id='block_1_21' title="bbox 2381 705 3959 777">
    <p class='ocr_par' dir='ltr' id='par_1_21' title="bbox 2381 705 3959 777">
     <span class='ocr_line' id='line_1_21' title="bbox 2381 705 3959 777; baseline 0.001 -22"><span class='ocrx_word' id='word_1_133' title='bbox 2381 724 2522 774; x_wconf 81' lang='grc' dir='ltr'>γειαν</span> <span class='ocrx_word' id='word_1_134' title='bbox 2598 705 2767 755; x_wconf 62' lang='grc' dir='ltr'>αὐτων</span> <span class='ocrx_word' id='word_1_135' title='bbox 2846 705 3165 776; x_wconf 74' lang='grc' dir='ltr'>πανωλεθρία</span> <span class='ocrx_word' id='word_1_136' title='bbox 3236 707 3718 777; x_wconf 52' lang='grc' dir='ltr'>κατετεγρώῧησαν,</span> <span class='ocrx_word' id='word_1_137' title='bbox 3776 705 3959 776; x_wconf 61' lang='grc' dir='ltr'>οὖρανό-</span> 
     </span>
    </p>
   </div>
   <div class='ocr_carea' id='block_1_22' title="bbox 2383 795 3960 867">
    <p class='ocr_par' dir='ltr' id='par_1_22' title="bbox 2383 795 3960 867">
     <span class='ocr_line' id='line_1_22' title="bbox 2383 795 3960 867; baseline 0.001 -22"><span class='ocrx_word' id='word_1_138' title='bbox 2383 795 2463 845; x_wconf 86' lang='grc' dir='ltr'><strong>θεν</strong></span> <span class='ocrx_word' id='word_1_139' title='bbox 2509 795 2619 864; x_wconf 78' lang='grc'><strong>(19)</strong></span> <span class='ocrx_word' id='word_1_140' title='bbox 2672 797 3030 863; x_wconf 63' lang='grc' dir='ltr'>κατενεχθέντι</span> <span class='ocrx_word' id='word_1_141' title='bbox 3080 799 3223 867; x_wconf 84' lang='grc' dir='ltr'>πυρί.</span> <span class='ocrx_word' id='word_1_142' title='bbox 3279 801 3376 845; x_wconf 77' lang='grc' dir='ltr'><strong>Καὶ</strong></span> <span class='ocrx_word' id='word_1_143' title='bbox 3426 798 3615 845; x_wconf 75' lang='grc' dir='ltr'>τούτων</span> <span class='ocrx_word' id='word_1_144' title='bbox 3665 796 3692 849; x_wconf 75' lang='grc' dir='ltr'>ἡ</span> <span class='ocrx_word' id='word_1_145' title='bbox 3748 795 3960 857; x_wconf 71' lang='grc' dir='ltr'>θεήλατος</span> 
     </span>
    </p>
   </div>
   <div class='ocr_carea' id='block_1_23' title="bbox 2382 880 3959 955">
    <p class='ocr_par' dir='ltr' id='par_1_23' title="bbox 2382 880 3959 955">
     <span class='ocr_line' id='line_1_23' title="bbox 2382 880 3959 955; baseline 0.001 -22"><span class='ocrx_word' id='word_1_146' title='bbox 2382 882 2511 939; x_wconf 71' lang='grc' dir='ltr'>αὕτη</span> <span class='ocrx_word' id='word_1_147' title='bbox 2565 882 2776 943; x_wconf 87' lang='grc' dir='ltr'>κόλασις</span> <span class='ocrx_word' id='word_1_148' title='bbox 2832 883 3156 955; x_wconf 60' lang='grc' dir='ltr'>φοϐερωτέρα</span> <span class='ocrx_word' id='word_1_149' title='bbox 3209 886 3381 943; x_wconf 63' lang='grc' dir='ltr'>πάσης</span> <span class='ocrx_word' id='word_1_150' title='bbox 3440 880 3609 934; x_wconf 58' lang='grc' dir='ltr'>ἐδόκει</span> <span class='ocrx_word' id='word_1_151' title='bbox 3663 888 3832 951; x_wconf 65' lang='grc' dir='ltr'>πᾶσιν,</span> <span class='ocrx_word' id='word_1_152' title='bbox 3886 884 3959 936; x_wconf 77' lang='grc' dir='ltr'>οἵτε</span> 
     </span>
    </p>
   </div>
   <div class='ocr_carea' id='block_1_24' title="bbox 2378 971 3957 1046">
    <p class='ocr_par' dir='ltr' id='par_1_24' title="bbox 2378 971 3957 1046">
     <span class='ocr_line' id='line_1_24' title="bbox 2378 971 3957 1046; baseline 0.001 -25"><span class='ocrx_word' id='word_1_153' title='bbox 2378 977 2467 1023; x_wconf 81' lang='grc' dir='ltr'><strong>καὶ</strong></span> <span class='ocrx_word' id='word_1_154' title='bbox 2521 980 2610 1031; x_wconf 75' lang='grc' dir='ltr'>τῆς</span> <span class='ocrx_word' id='word_1_155' title='bbox 2670 980 2762 1042; x_wconf 74' lang='grc' dir='ltr'>γῆς</span> <span class='ocrx_word' id='word_1_156' title='bbox 2838 971 3033 1032; x_wconf 81' lang='grc' dir='ltr'>ἐκείνης</span> <span class='ocrx_word' id='word_1_157' title='bbox 3092 975 3226 1046; x_wconf 56' lang='grc' dir='ltr'>οῐίρι</span> <span class='ocrx_word' id='word_1_158' title='bbox 3280 993 3367 1023; x_wconf 84' lang='grc' dir='ltr'><strong>και</strong></span> <span class='ocrx_word' id='word_1_159' title='bbox 3418 982 3503 1023; x_wconf 66' lang='grc' dir='ltr'><strong>νύν</strong></span> <span class='ocrx_word' id='word_1_160' title='bbox 3558 976 3957 1044; x_wconf 66' lang='grc' dir='ltr'><strong>ἐμπεπρησμένης</strong></span> 
     </span>
    </p>
   </div>
   <div class='ocr_carea' id='block_1_25' title="bbox 2379 1062 3955 1133">
    <p class='ocr_par' dir='ltr' id='par_1_25' title="bbox 2379 1062 3955 1133">
     <span class='ocr_line' id='line_1_25' title="bbox 2379 1062 3955 1133; baseline 0.001 -21"><span class='ocrx_word' id='word_1_161' title='bbox 2379 1064 2705 1132; x_wconf 68' lang='grc' dir='ltr'><strong>φαινομένης,</strong></span> <span class='ocrx_word' id='word_1_162' title='bbox 2759 1067 2846 1112; x_wconf 84' lang='grc' dir='ltr'>καὶ</span> <span class='ocrx_word' id='word_1_163' title='bbox 2896 1064 3259 1132; x_wconf 80' lang='grc' dir='ltr'>κηρυττούσης</span> <span class='ocrx_word' id='word_1_164' title='bbox 3306 1067 3399 1118; x_wconf 71' lang='grc' dir='ltr'>τὴν</span> <span class='ocrx_word' id='word_1_165' title='bbox 3454 1062 3643 1112; x_wconf 75' lang='grc' dir='ltr'>οἰκείαν</span> <span class='ocrx_word' id='word_1_166' title='bbox 3695 1080 3955 1133; x_wconf 44' lang='lat' dir='ltr'><strong>quassari.</strong></span> 
     </span>
    </p>
   </div>
   <div class='ocr_carea' id='block_1_26' title="bbox 2449 1149 3959 1224">
    <p class='ocr_par' dir='ltr' id='par_1_26' title="bbox 2449 1149 3959 1224">
     <span class='ocr_line' id='line_1_26' title="bbox 2449 1149 3959 1224; baseline 0 -23"><span class='ocrx_word' id='word_1_167' title='bbox 2449 1149 2604 1201; x_wconf 81' lang='grc' dir='ltr'>Ἀλλὰ</span> <span class='ocrx_word' id='word_1_168' title='bbox 2672 1156 2759 1200; x_wconf 86' lang='grc' dir='ltr'>νῦν</span> <span class='ocrx_word' id='word_1_169' title='bbox 2824 1152 2849 1201; x_wconf 87' lang='grc' dir='ltr'><strong>ό</strong></span> <span class='ocrx_word' id='word_1_170' title='bbox 2904 1154 3131 1222; x_wconf 74' lang='grc' dir='ltr'>Χριστός</span> <span class='ocrx_word' id='word_1_171' title='bbox 3211 1149 3497 1224; x_wconf 71' lang='grc' dir='ltr'>βαρύτερον</span> <span class='ocrx_word' id='word_1_172' title='bbox 3565 1150 3959 1207; x_wconf 67' lang='grc' dir='ltr'>κολασθὰσεσθαι</span> 
     </span>
    </p>
   </div>
   <div class='ocr_carea' id='block_1_27' title="bbox 2376 1237 3959 1311">
    <p class='ocr_par' dir='ltr' id='par_1_27' title="bbox 2376 1237 3959 1311">
     <span class='ocr_line' id='line_1_27' title="bbox 2376 1237 3959 1311; baseline 0 -21"><span class='ocrx_word' id='word_1_173' title='bbox 2376 1237 2511 1310; x_wconf 80' lang='grc' dir='ltr'>λέγει</span> <span class='ocrx_word' id='word_1_174' title='bbox 2540 1242 2662 1300; x_wconf 82' lang='grc' dir='ltr'>τοὺς</span> <span class='ocrx_word' id='word_1_175' title='bbox 2691 1243 2762 1311; x_wconf 84' lang='grc' dir='ltr'>μὴ</span> <span class='ocrx_word' id='word_1_176' title='bbox 2794 1237 3134 1311; x_wconf 78' lang='grc' dir='ltr'>δεχομένους,</span> <span class='ocrx_word' id='word_1_177' title='bbox 3182 1237 3312 1311; x_wconf 68' lang='grc' dir='ltr'>μηδ’</span> <span class='ocrx_word' id='word_1_178' title='bbox 3345 1238 3627 1299; x_wconf 76' lang='grc' dir='ltr'>ἀκούοντας</span> <span class='ocrx_word' id='word_1_179' title='bbox 3658 1243 3777 1301; x_wconf 69' lang='grc' dir='ltr'>τούς</span> <span class='ocrx_word' id='word_1_180' title='bbox 3807 1250 3959 1311; x_wconf 74' lang='grc' dir='ltr'>λόγους</span> 
     </span>
    </p>
   </div>
   <div class='ocr_carea' id='block_1_28' title="bbox 2376 1324 3957 1402">
    <p class='ocr_par' dir='ltr' id='par_1_28' title="bbox 2376 1324 3957 1402">
     <span class='ocr_line' id='line_1_28' title="bbox 2376 1324 3957 1402; baseline 0.001 -23"><span class='ocrx_word' id='word_1_181' title='bbox 2376 1336 2476 1379; x_wconf 83' lang='grc' dir='ltr'>τῶν</span> <span class='ocrx_word' id='word_1_182' title='bbox 2531 1326 2848 1393; x_wconf 75' lang='grc' dir='ltr'><strong>ἀποστόλων,</strong></span> <span class='ocrx_word' id='word_1_183' title='bbox 2899 1324 3040 1380; x_wconf 77' lang='grc' dir='ltr'>διότι</span> <span class='ocrx_word' id='word_1_184' title='bbox 3080 1330 3146 1380; x_wconf 83' lang='grc' dir='ltr'>τὰ</span> <span class='ocrx_word' id='word_1_185' title='bbox 3213 1324 3419 1400; x_wconf 75' lang='grc' dir='ltr'>Σόδομα</span> <span class='ocrx_word' id='word_1_186' title='bbox 3476 1333 3564 1380; x_wconf 85' lang='grc' dir='ltr'>καὶ</span> <span class='ocrx_word' id='word_1_187' title='bbox 3612 1330 3677 1379; x_wconf 78' lang='grc' dir='ltr'>τὰ</span> <span class='ocrx_word' id='word_1_188' title='bbox 3725 1328 3957 1402; x_wconf 78' lang='grc' dir='ltr'>Γόμορρα,</span> 
     </span>
    </p>
   </div>
   <div class='ocr_carea' id='block_1_29' title="bbox 2377 1413 3959 1491">
    <p class='ocr_par' dir='ltr' id='par_1_29' title="bbox 2377 1413 3959 1491">
     <span class='ocr_line' id='line_1_29' title="bbox 2377 1413 3959 1491; baseline 0.001 -24"><span class='ocrx_word' id='word_1_189' title='bbox 2377 1417 2495 1468; x_wconf 79' lang='grc' dir='ltr'>οὗτε</span> <span class='ocrx_word' id='word_1_190' title='bbox 2540 1418 2783 1487; x_wconf 81' lang='grc' dir='ltr'>θαύματα</span> <span class='ocrx_word' id='word_1_191' title='bbox 2830 1413 2986 1480; x_wconf 74' lang='grc' dir='ltr'>εἶδον,</span> <span class='ocrx_word' id='word_1_192' title='bbox 3039 1420 3107 1478; x_wconf 84' lang='grc' dir='ltr'>ὡς</span> <span class='ocrx_word' id='word_1_193' title='bbox 3160 1416 3303 1469; x_wconf 76' lang='grc' dir='ltr'>οὗτοι</span> <span class='ocrx_word' id='word_1_194' title='bbox 3342 1422 3526 1491; x_wconf 87' lang='grc' dir='ltr'>μυρία,</span> <span class='ocrx_word' id='word_1_195' title='bbox 3573 1419 3688 1468; x_wconf 70' lang='grc' dir='ltr'>οὔτε</span> <span class='ocrx_word' id='word_1_196' title='bbox 3727 1421 3845 1489; x_wconf 83' lang='grc' dir='ltr'>πρός</span> <span class='ocrx_word' id='word_1_197' title='bbox 3883 1422 3959 1475; x_wconf 74' lang='grc' dir='ltr'>τὴν</span> 
     </span>
    </p>
   </div>
   <div class='ocr_carea' id='block_1_30' title="bbox 2376 1503 3952 1578">
    <p class='ocr_par' dir='ltr' id='par_1_30' title="bbox 2376 1503 3952 1578">
     <span class='ocr_line' id='line_1_30' title="bbox 2376 1503 3952 1578; baseline 0.003 -23"><span class='ocrx_word' id='word_1_198' title='bbox 2376 1514 2474 1576; x_wconf 81' lang='grc' dir='ltr'>γῆν</span> <span class='ocrx_word' id='word_1_199' title='bbox 2515 1505 2684 1557; x_wconf 68' lang='grc' dir='ltr'>αὐτῶν</span> <span class='ocrx_word' id='word_1_200' title='bbox 2722 1507 2958 1577; x_wconf 83' lang='grc' dir='ltr'>μαθηταὶ</span> <span class='ocrx_word' id='word_1_201' title='bbox 2990 1507 3136 1578; x_wconf 78' lang='grc' dir='ltr'>παρὰ</span> <span class='ocrx_word' id='word_1_202' title='bbox 3168 1513 3258 1557; x_wconf 78' lang='grc' dir='ltr'>τοῦ</span> <span class='ocrx_word' id='word_1_203' title='bbox 3305 1513 3541 1578; x_wconf 78' lang='grc' dir='ltr'><strong>Σωτῆρος</strong></span> <span class='ocrx_word' id='word_1_204' title='bbox 3581 1503 3952 1563; x_wconf 62' lang='grc' dir='ltr'>ἀπεστάλησαν.</span> 
     </span>
    </p>
   </div>
   <div class='ocr_carea' id='block_1_31' title="bbox 2378 1591 3961 1669">
    <p class='ocr_par' dir='ltr' id='par_1_31' title="bbox 2378 1591 3961 1669">
     <span class='ocr_line' id='line_1_31' title="bbox 2378 1591 3961 1669; baseline 0.001 -24"><span class='ocrx_word' id='word_1_205' title='bbox 2378 1595 2547 1646; x_wconf 82' lang='grc' dir='ltr'>Εἰπὼν</span> <span class='ocrx_word' id='word_1_206' title='bbox 2602 1591 2680 1660; x_wconf 79' lang='grc' dir='ltr'><strong>δὲ,</strong></span> <span class='ocrx_word' id='word_1_207' title='bbox 2742 1596 2822 1647; x_wconf 83' lang='grc' dir='ltr'>ὅτι</span> <span class='ocrx_word' id='word_1_208' title='bbox 2874 1595 3231 1669; x_wconf 85' lang='grc' dir='ltr'>Ἀνεκτότερον</span> <span class='ocrx_word' id='word_1_209' title='bbox 3289 1596 3437 1646; x_wconf 83' lang='grc' dir='ltr'>ἔσται</span> <span class='ocrx_word' id='word_1_210' title='bbox 3476 1603 3540 1666; x_wconf 78' lang='grc' dir='ltr'><strong>γῇ</strong></span> <span class='ocrx_word' id='word_1_211' title='bbox 3599 1591 3837 1666; x_wconf 79' lang='grc' dir='ltr'><strong>Σοδόμων</strong></span> <span class='ocrx_word' id='word_1_212' title='bbox 3887 1602 3961 1646; x_wconf 78' lang='grc' dir='ltr'>καὶ</span> 
     </span>
    </p>
   </div>
   <div class='ocr_carea' id='block_1_32' title="bbox 2377 1679 3959 1758">
    <p class='ocr_par' dir='ltr' id='par_1_32' title="bbox 2377 1679 3959 1758">
     <span class='ocr_line' id='line_1_32' title="bbox 2377 1679 3959 1758; baseline -0.001 -23"><span class='ocrx_word' id='word_1_213' title='bbox 2377 1683 2646 1758; x_wconf 78' lang='grc' dir='ltr'>Γομόρρων</span> <span class='ocrx_word' id='word_1_214' title='bbox 2697 1682 2743 1734; x_wconf 77' lang='grc' dir='ltr'>ἐν</span> <span class='ocrx_word' id='word_1_215' title='bbox 2791 1684 2960 1756; x_wconf 78' lang='grc' dir='ltr'>ἡμέρα</span> <span class='ocrx_word' id='word_1_216' title='bbox 3008 1688 3252 1756; x_wconf 86' lang='grc' dir='ltr'>κρίσεως,</span> <span class='ocrx_word' id='word_1_217' title='bbox 3314 1679 3595 1747; x_wconf 75' lang='grc' dir='ltr'>ἐδήλωσεν,</span> <span class='ocrx_word' id='word_1_218' title='bbox 3656 1684 3737 1734; x_wconf 85' lang='grc' dir='ltr'>ὅτι</span> <span class='ocrx_word' id='word_1_219' title='bbox 3791 1689 3872 1735; x_wconf 85' lang='grc' dir='ltr'><strong>καὶ</strong></span> <span class='ocrx_word' id='word_1_220' title='bbox 3921 1682 3959 1734; x_wconf 83' lang='grc' dir='ltr'>ἐν</span> 
     </span>
    </p>
   </div>
   <div class='ocr_carea' id='block_1_33' title="bbox 607 1769 2259 1845">
    <p class='ocr_par' dir='ltr' id='par_1_33' title="bbox 607 1772 2259 1845">
     <span class='ocr_line' id='line_1_33' title="bbox 607 1772 2259 1845; baseline 0.002 -18"><span class='ocrx_word' id='word_1_221' title='bbox 607 1772 1049 1829; x_wconf 81' lang='lat' dir='ltr'><strong>Gomorrhorum</strong></span> <span class='ocrx_word' id='word_1_222' title='bbox 1080 1775 1139 1827; x_wconf 73' lang='lat' dir='ltr'><strong>in</strong></span> <span class='ocrx_word' id='word_1_223' title='bbox 1183 1774 1275 1829; x_wconf 84' lang='lat' dir='ltr'><strong>die</strong></span> <span class='ocrx_word' id='word_1_224' title='bbox 1295 1775 1534 1845; x_wconf 75' lang='lat' dir='ltr'><strong>iudicii,</strong></span> <span class='ocrx_word' id='word_1_225' title='bbox 1579 1774 1932 1844; x_wconf 84' lang='lat' dir='ltr'><strong>signiﬁcavit</strong></span> <span class='ocrx_word' id='word_1_226' title='bbox 1973 1776 2151 1831; x_wconf 90' lang='lat' dir='ltr'><strong>etiam</strong></span> <span class='ocrx_word' id='word_1_227' title='bbox 2201 1775 2259 1830; x_wconf 90' lang='lat' dir='ltr'><strong>in</strong></span> 
     </span>
    </p>
   </div>
   <div class='ocr_carea' id='block_1_34' title="bbox 2368 1769 3957 1845">
    <p class='ocr_par' dir='ltr' id='par_1_34' title="bbox 2373 1769 3957 1845">
     <span class='ocr_line' id='line_1_34' title="bbox 2373 1769 3957 1845; baseline 0 -22"><span class='ocrx_word' id='word_1_228' title='bbox 2373 1782 2444 1844; x_wconf 81' lang='grc' dir='ltr'>τῷ</span> <span class='ocrx_word' id='word_1_229' title='bbox 2488 1772 2720 1844; x_wconf 85' lang='grc' dir='ltr'>μέλλοντι</span> <span class='ocrx_word' id='word_1_230' title='bbox 2770 1772 2917 1823; x_wconf 83' lang='grc' dir='ltr'>αἰὼνι</span> <span class='ocrx_word' id='word_1_231' title='bbox 2968 1775 3016 1823; x_wconf 81' lang='grc' dir='ltr'>οἱ</span> <span class='ocrx_word' id='word_1_232' title='bbox 3060 1769 3343 1844; x_wconf 75' lang='grc' dir='ltr'><strong>Σοδομῖται</strong></span> <span class='ocrx_word' id='word_1_233' title='bbox 3391 1777 3479 1825; x_wconf 83' lang='grc' dir='ltr'>καὶ</span> <span class='ocrx_word' id='word_1_234' title='bbox 3544 1770 3851 1845; x_wconf 76' lang='grc' dir='ltr'>Γομοῤῥίται</span> <span class='ocrx_word' id='word_1_235' title='bbox 3893 1792 3957 1823; x_wconf 90' lang='grc' dir='ltr'>τι-</span> 
     </span>
    </p>
   </div>
   <div class='ocr_carea' id='block_1_35' title="bbox 602 1860 2261 1935">
    <p class='ocr_par' dir='ltr' id='par_1_35' title="bbox 602 1860 2261 1935">
     <span class='ocr_line' id='line_1_35' title="bbox 602 1860 2261 1935; baseline 0.001 -18"><span class='ocrx_word' id='word_1_236' title='bbox 602 1860 803 1918; x_wconf 92' lang='lat' dir='ltr'><strong>futuro</strong></span> <span class='ocrx_word' id='word_1_237' title='bbox 820 1863 1041 1919; x_wconf 70' lang='lat' dir='ltr'><strong>saeculo</strong></span> <span class='ocrx_word' id='word_1_238' title='bbox 1066 1863 1405 1919; x_wconf 86' lang='lat' dir='ltr'><strong>Sodomitas</strong></span> <span class='ocrx_word' id='word_1_239' title='bbox 1424 1869 1479 1920; x_wconf 93' lang='lat' dir='ltr'><strong>et</strong></span> <span class='ocrx_word' id='word_1_240' title='bbox 1505 1863 1904 1920; x_wconf 89' lang='lat' dir='ltr'><strong>Gomorrhitas</strong></span> <span class='ocrx_word' id='word_1_241' title='bbox 1930 1880 2059 1919; x_wconf 91' lang='lat' dir='ltr'><strong>esse</strong></span> <span class='ocrx_word' id='word_1_242' title='bbox 2090 1865 2261 1935; x_wconf 90' lang='lat' dir='ltr'><strong>puni-</strong></span> 
     </span>
    </p>
   </div>
   <div class='ocr_carea' id='block_1_36' title="bbox 603 1952 2261 2026">
    <p class='ocr_par' dir='ltr' id='par_1_36' title="bbox 603 1952 2261 2026">
     <span class='ocr_line' id='line_1_36' title="bbox 603 1952 2261 2026; baseline 0.002 -19"><span class='ocrx_word' id='word_1_243' title='bbox 603 1952 823 2007; x_wconf 89' lang='lat' dir='ltr'><strong>endos:</strong></span> <span class='ocrx_word' id='word_1_244' title='bbox 855 1954 911 2007; x_wconf 92' lang='lat' dir='ltr'><strong>et</strong></span> <span class='ocrx_word' id='word_1_245' title='bbox 940 1952 1080 2008; x_wconf 89' lang='lat' dir='ltr'><strong>hinc</strong></span> <span class='ocrx_word' id='word_1_246' title='bbox 1117 1953 1541 2023; x_wconf 90' lang='lat' dir='ltr'><strong>magnifestum</strong></span> <span class='ocrx_word' id='word_1_247' title='bbox 1582 1958 1668 2010; x_wconf 89' lang='lat' dir='ltr'><strong>est</strong></span> <span class='ocrx_word' id='word_1_248' title='bbox 1697 1953 1979 2026; x_wconf 67' lang='lat' dir='ltr'><strong>quaedam</strong></span> <span class='ocrx_word' id='word_1_249' title='bbox 2012 1958 2261 2026; x_wconf 89' lang='lat' dir='ltr'><strong>peccata</strong></span> 
     </span>
    </p>
   </div>
   <div class='ocr_carea' id='block_1_37' title="bbox 603 2040 1507 2113">
    <p class='ocr_par' dir='ltr' id='par_1_37' title="bbox 603 2040 1507 2113">
     <span class='ocr_line' id='line_1_37' title="bbox 603 2040 1507 2113; baseline 0.001 -19"><span class='ocrx_word' id='word_1_250' title='bbox 603 2044 661 2095; x_wconf 90' lang='lat' dir='ltr'><strong>et</strong></span> <span class='ocrx_word' id='word_1_251' title='bbox 684 2040 780 2095; x_wconf 90' lang='lat' dir='ltr'><strong>hic</strong></span> <span class='ocrx_word' id='word_1_252' title='bbox 808 2044 865 2096; x_wconf 91' lang='lat' dir='ltr'><strong>et</strong></span> <span class='ocrx_word' id='word_1_253' title='bbox 891 2040 976 2096; x_wconf 91' lang='lat' dir='ltr'><strong>ibi</strong></span> <span class='ocrx_word' id='word_1_254' title='bbox 1005 2056 1134 2097; x_wconf 88' lang='lat' dir='ltr'><strong>esse</strong></span> <span class='ocrx_word' id='word_1_255' title='bbox 1173 2040 1507 2113; x_wconf 90' lang='lat' dir='ltr'><strong>punienda.</strong></span> 
     </span>
    </p>
   </div>
   <div class='ocr_carea' id='block_1_38' title="bbox 674 2129 2259 2202">
    <p class='ocr_par' dir='ltr' id='par_1_38' title="bbox 674 2129 2259 2202">
     <span class='ocr_line' id='line_1_38' title="bbox 674 2129 2259 2202; baseline 0.001 -17"><span class='ocrx_word' id='word_1_256' title='bbox 674 2129 1014 2186; x_wconf 88' lang='lat' dir='ltr'><strong>Timeamus</strong></span> <span class='ocrx_word' id='word_1_257' title='bbox 1029 2145 1168 2201; x_wconf 90' lang='lat' dir='ltr'><strong>ergo</strong></span> <span class='ocrx_word' id='word_1_258' title='bbox 1190 2136 1248 2187; x_wconf 91' lang='lat' dir='ltr'><strong>et</strong></span> <span class='ocrx_word' id='word_1_259' title='bbox 1267 2148 1377 2187; x_wconf 92' lang='lat' dir='ltr'><strong>nos</strong></span> <span class='ocrx_word' id='word_1_260' title='bbox 1398 2132 1744 2202; x_wconf 84' lang='lat' dir='ltr'><strong>hujusmodi</strong></span> <span class='ocrx_word' id='word_1_261' title='bbox 1770 2133 1983 2198; x_wconf 89' lang='lat' dir='ltr'><strong>minas,</strong></span> <span class='ocrx_word' id='word_1_262' title='bbox 2009 2132 2259 2189; x_wconf 86' lang='lat' dir='ltr'><strong>scientes</strong></span> 
     </span>
    </p>
   </div>
   <div class='ocr_carea' id='block_1_39' title="bbox 601 2217 2259 2294">
    <p class='ocr_par' dir='ltr' id='par_1_39' title="bbox 601 2217 2259 2294">
     <span class='ocr_line' id='line_1_39' title="bbox 601 2217 2259 2294; baseline 0.002 -21"><span class='ocrx_word' id='word_1_263' title='bbox 601 2217 763 2290; x_wconf 90' lang='lat' dir='ltr'><strong>quod</strong></span> <span class='ocrx_word' id='word_1_264' title='bbox 783 2218 979 2275; x_wconf 90' lang='lat' dir='ltr'><strong>omnis</strong></span> <span class='ocrx_word' id='word_1_265' title='bbox 1000 2220 1100 2291; x_wconf 88' lang='lat' dir='ltr'><strong>qui</strong></span> <span class='ocrx_word' id='word_1_266' title='bbox 1124 2236 1243 2275; x_wconf 90' lang='lat' dir='ltr'><strong>non</strong></span> <span class='ocrx_word' id='word_1_267' title='bbox 1271 2228 1485 2285; x_wconf 91' lang='lat' dir='ltr'><strong>servat,</strong></span> <span class='ocrx_word' id='word_1_268' title='bbox 1513 2237 1706 2292; x_wconf 90' lang='lat' dir='ltr'><strong>neque</strong></span> <span class='ocrx_word' id='word_1_269' title='bbox 1724 2220 1861 2277; x_wconf 88' lang='lat' dir='ltr'><strong>facit</strong></span> <span class='ocrx_word' id='word_1_270' title='bbox 1882 2238 2017 2294; x_wconf 73' lang='lat' dir='ltr'><strong>quae</strong></span> <span class='ocrx_word' id='word_1_271' title='bbox 2042 2221 2259 2277; x_wconf 90' lang='lat' dir='ltr'><strong>docue-</strong></span> 
     </span>
    </p>
   </div>
   <div class='ocr_carea' id='block_1_40' title="bbox 600 2306 2259 2382">
    <p class='ocr_par' dir='ltr' id='par_1_40' title="bbox 600 2306 2259 2382">
     <span class='ocr_line' id='line_1_40' title="bbox 600 2306 2259 2382; baseline 0.001 -21"><span class='ocrx_word' id='word_1_272' title='bbox 600 2310 740 2362; x_wconf 89' lang='lat' dir='ltr'><strong>runt</strong></span> <span class='ocrx_word' id='word_1_273' title='bbox 764 2306 1036 2378; x_wconf 87' lang='lat' dir='ltr'><strong>apostoli,</strong></span> <span class='ocrx_word' id='word_1_274' title='bbox 1067 2307 1449 2364; x_wconf 87' lang='lat' dir='ltr'><strong>manifestum</strong></span> <span class='ocrx_word' id='word_1_275' title='bbox 1483 2314 1572 2364; x_wconf 88' lang='lat' dir='ltr'><strong>est</strong></span> <span class='ocrx_word' id='word_1_276' title='bbox 1601 2310 1758 2381; x_wconf 92' lang='lat' dir='ltr'><strong>quod</strong></span> <span class='ocrx_word' id='word_1_277' title='bbox 1784 2325 1976 2382; x_wconf 90' lang='lat' dir='ltr'><strong>neque</strong></span> <span class='ocrx_word' id='word_1_278' title='bbox 2012 2310 2259 2382; x_wconf 86' lang='lat' dir='ltr'><strong>suscipit</strong></span> 
     </span>
    </p>
   </div>
   <div class='ocr_carea' id='block_1_41' title="bbox 600 2396 2253 2467">
    <p class='ocr_par' dir='ltr' id='par_1_41' title="bbox 600 2396 2253 2467">
     <span class='ocr_line' id='line_1_41' title="bbox 600 2396 2253 2467; baseline 0.002 -17"><span class='ocrx_word' id='word_1_279' title='bbox 600 2410 724 2464; x_wconf 91' lang='lat' dir='ltr'><strong>eos,</strong></span> <span class='ocrx_word' id='word_1_280' title='bbox 756 2412 947 2467; x_wconf 91' lang='lat' dir='ltr'><strong>neque</strong></span> <span class='ocrx_word' id='word_1_281' title='bbox 978 2396 1213 2452; x_wconf 91' lang='lat' dir='ltr'><strong>illorum</strong></span> <span class='ocrx_word' id='word_1_282' title='bbox 1266 2398 1432 2454; x_wconf 85' lang='lat' dir='ltr'><strong>audit</strong></span> <span class='ocrx_word' id='word_1_283' title='bbox 1464 2414 1801 2455; x_wconf 89' lang='lat' dir='ltr'><strong>sermones.</strong></span> <span class='ocrx_word' id='word_1_284' title='bbox 1836 2400 2027 2463; x_wconf 87' lang='lat' dir='ltr'><strong>Quare</strong></span> <span class='ocrx_word' id='word_1_285' title='bbox 2054 2404 2253 2455; x_wconf 90' lang='lat' dir='ltr'><strong>autem</strong></span> 
     </span>
    </p>
   </div>
   <div class='ocr_carea' id='block_1_42' title="bbox 600 2486 2256 2560">
    <p class='ocr_par' dir='ltr' id='par_1_42' title="bbox 600 2486 2256 2560">
     <span class='ocr_line' id='line_1_42' title="bbox 600 2486 2256 2560; baseline 0.002 -19"><span class='ocrx_word' id='word_1_286' title='bbox 600 2498 722 2541; x_wconf 89' lang='lat' dir='ltr'><strong>uno</strong></span> <span class='ocrx_word' id='word_1_287' title='bbox 774 2500 896 2540; x_wconf 93' lang='lat' dir='ltr'><strong>non</strong></span> <span class='ocrx_word' id='word_1_288' title='bbox 936 2486 1314 2557; x_wconf 83' lang='lat' dir='ltr'><strong>suscipiente,</strong></span> <span class='ocrx_word' id='word_1_289' title='bbox 1367 2488 1639 2543; x_wconf 85' lang='lat' dir='ltr'><strong>universa</strong></span> <span class='ocrx_word' id='word_1_290' title='bbox 1693 2488 1899 2544; x_wconf 88' lang='lat' dir='ltr'><strong>civitas</strong></span> <span class='ocrx_word' id='word_1_291' title='bbox 1954 2488 2256 2560; x_wconf 86' lang='lat' dir='ltr'><strong>punienda</strong></span> 
     </span>
    </p>
   </div>
   <div class='ocr_carea' id='block_1_43' title="bbox 601 2572 2258 2649">
    <p class='ocr_par' dir='ltr' id='par_1_43' title="bbox 601 2572 2258 2649">
     <span class='ocr_line' id='line_1_43' title="bbox 601 2572 2258 2649; baseline 0.002 -20"><span class='ocrx_word' id='word_1_292' title='bbox 601 2572 729 2630; x_wconf 79' lang='lat' dir='ltr'><strong>est?</strong></span> <span class='ocrx_word' id='word_1_293' title='bbox 751 2573 899 2639; x_wconf 86' lang='lat' dir='ltr'><strong>Quia</strong></span> <span class='ocrx_word' id='word_1_294' title='bbox 926 2574 1368 2647; x_wconf 70' lang='lat' dir='ltr'><strong>caateriquoque</strong></span> <span class='ocrx_word' id='word_1_295' title='bbox 1394 2575 1657 2632; x_wconf 88' lang='lat' dir='ltr'><strong>videntes</strong></span> <span class='ocrx_word' id='word_1_296' title='bbox 1678 2593 1798 2632; x_wconf 92' lang='lat' dir='ltr'><strong>non</strong></span> <span class='ocrx_word' id='word_1_297' title='bbox 1824 2577 2258 2649; x_wconf 90' lang='lat' dir='ltr'><strong>prohibuerunt</strong></span> 
     </span>
    </p>
   </div>
   <div class='ocr_carea' id='block_1_44' title="bbox 600 2662 2255 2738">
    <p class='ocr_par' dir='ltr' id='par_1_44' title="bbox 600 2662 2255 2738">
     <span class='ocr_line' id='line_1_44' title="bbox 600 2662 2255 2738; baseline 0.004 -22"><span class='ocrx_word' id='word_1_298' title='bbox 600 2662 789 2717; x_wconf 90' lang='lat' dir='ltr'><strong>illum.</strong></span> <span class='ocrx_word' id='word_1_299' title='bbox 825 2662 933 2729; x_wconf 88' lang='lat' dir='ltr'><strong>Qui</strong></span> <span class='ocrx_word' id='word_1_300' title='bbox 964 2667 1165 2720; x_wconf 89' lang='lat' dir='ltr'><strong>autem</strong></span> <span class='ocrx_word' id='word_1_301' title='bbox 1197 2679 1317 2721; x_wconf 93' lang='lat' dir='ltr'><strong>non</strong></span> <span class='ocrx_word' id='word_1_302' title='bbox 1350 2665 1752 2737; x_wconf 90' lang='lat' dir='ltr'><strong>suscipiebant</strong></span> <span class='ocrx_word' id='word_1_303' title='bbox 1781 2666 2110 2738; x_wconf 88' lang='lat' dir='ltr'><strong>apostolos,</strong></span> <span class='ocrx_word' id='word_1_304' title='bbox 2151 2682 2255 2738; x_wconf 77' lang='lat' dir='ltr'><strong>pu~</strong></span> 
     </span>
    </p>
   </div>
   <div class='ocr_carea' id='block_1_45' title="bbox 600 2750 1306 2824">
    <p class='ocr_par' dir='ltr' id='par_1_45' title="bbox 600 2750 1306 2824">
     <span class='ocr_line' id='line_1_45' title="bbox 600 2750 1306 2824; baseline 0.004 -19"><span class='ocrx_word' id='word_1_305' title='bbox 600 2750 753 2806; x_wconf 91' lang='lat' dir='ltr'><strong>blice</strong></span> <span class='ocrx_word' id='word_1_306' title='bbox 785 2766 888 2808; x_wconf 90' lang='lat' dir='ltr'><strong>eos</strong></span> <span class='ocrx_word' id='word_1_307' title='bbox 914 2750 1306 2824; x_wconf 82' lang='lat' dir='ltr'><strong>expellebant.</strong></span> 
     </span>
    </p>
   </div>
   <div class='ocr_carea' id='block_1_46' title="bbox 671 2842 2254 2916">
    <p class='ocr_par' dir='ltr' id='par_1_46' title="bbox 671 2842 2254 2916">
     <span class='ocr_line' id='line_1_46' title="bbox 671 2842 2254 2916; baseline 0.004 -21"><span class='ocrx_word' id='word_1_308' title='bbox 671 2842 834 2907; x_wconf 83' lang='lat' dir='ltr'><strong>Vers,</strong></span> <span class='ocrx_word' id='word_1_309' title='bbox 871 2845 955 2907; x_wconf 84' lang='lat' dir='ltr'><strong>t6,</strong></span> <span class='ocrx_word' id='word_1_310' title='bbox 976 2842 1125 2898; x_wconf 85' lang='lat' dir='ltr'><strong>Ecce</strong></span> <span class='ocrx_word' id='word_1_311' title='bbox 1153 2873 1219 2883; x_wconf 96' lang='lat'>—</span> <span class='ocrx_word' id='word_1_312' title='bbox 1262 2844 1547 2912; x_wconf 84' lang='lat' dir='ltr'><strong>luporum.</strong></span> <span class='ocrx_word' id='word_1_313' title='bbox 1601 2846 1919 2916; x_wconf 88' lang='lat' dir='ltr'><strong>Postquam</strong></span> <span class='ocrx_word' id='word_1_314' title='bbox 1963 2844 2078 2901; x_wconf 90' lang='lat' dir='ltr'><strong>illis</strong></span> <span class='ocrx_word' id='word_1_315' title='bbox 2152 2862 2254 2901; x_wconf 90' lang='lat' dir='ltr'><strong>au-</strong></span> 
     </span>
    </p>
   </div>
   <div class='ocr_carea' id='block_1_47' title="bbox 598 2929 2254 3004">
    <p class='ocr_par' dir='ltr' id='par_1_47' title="bbox 598 2929 2254 3004">
     <span class='ocr_line' id='line_1_47' title="bbox 598 2929 2254 3004; baseline 0.003 -19"><span class='ocrx_word' id='word_1_316' title='bbox 598 2929 825 2987; x_wconf 77' lang='lat' dir='ltr'><strong>daciam</strong></span> <span class='ocrx_word' id='word_1_317' title='bbox 851 2930 1055 3003; x_wconf 90' lang='lat' dir='ltr'><strong>injecit</strong></span> <span class='ocrx_word' id='word_1_318' title='bbox 1082 2947 1185 3002; x_wconf 88' lang='lat' dir='ltr'><strong>per</strong></span> <span class='ocrx_word' id='word_1_319' title='bbox 1223 2948 1294 2988; x_wconf 93' lang='lat' dir='ltr'><strong>ea</strong></span> <span class='ocrx_word' id='word_1_320' title='bbox 1323 2947 1459 3004; x_wconf 65' lang='lat' dir='ltr'><strong>quas</strong></span> <span class='ocrx_word' id='word_1_321' title='bbox 1488 2932 1962 3000; x_wconf 88' lang='lat' dir='ltr'><strong>denuntiaverat,</strong></span> <span class='ocrx_word' id='word_1_322' title='bbox 1988 2940 2043 2991; x_wconf 90' lang='lat' dir='ltr'><strong>et</strong></span> <span class='ocrx_word' id='word_1_323' title='bbox 2068 2935 2254 2990; x_wconf 90' lang='lat' dir='ltr'><strong>duros</strong></span> 
     </span>
    </p>
   </div>
   <div class='ocr_carea' id='block_1_48' title="bbox 598 3019 2255 3095">
    <p class='ocr_par' dir='ltr' id='par_1_48' title="bbox 598 3019 2255 3095">
     <span class='ocr_line' id='line_1_48' title="bbox 598 3019 2255 3095; baseline 0.002 -19"><span class='ocrx_word' id='word_1_324' title='bbox 598 3034 669 3076; x_wconf 86' lang='lat' dir='ltr'><strong>ac</strong></span> <span class='ocrx_word' id='word_1_325' title='bbox 695 3019 1104 3076; x_wconf 87' lang='lat' dir='ltr'><strong>adamantinos</strong></span> <span class='ocrx_word' id='word_1_326' title='bbox 1123 3021 1411 3077; x_wconf 89' lang='lat' dir='ltr'><strong>reddidit:</strong></span> <span class='ocrx_word' id='word_1_327' title='bbox 1441 3022 1710 3094; x_wconf 73' lang='lat' dir='ltr'><strong>praedicit</strong></span> <span class='ocrx_word' id='word_1_328' title='bbox 1735 3022 1912 3079; x_wconf 90' lang='lat' dir='ltr'><strong>etiam</strong></span> <span class='ocrx_word' id='word_1_329' title='bbox 1938 3038 2098 3079; x_wconf 89' lang='lat' dir='ltr'><strong>nunc</strong></span> <span class='ocrx_word' id='word_1_330' title='bbox 2119 3040 2255 3095; x_wconf 64' lang='lat' dir='ltr'><strong>quas</strong></span> 
     </span>
    </p>
   </div>
   <div class='ocr_carea' id='block_1_49' title="bbox 2373 1860 3959 1935">
    <p class='ocr_par' dir='ltr' id='par_1_49' title="bbox 2373 1860 3959 1935">
     <span class='ocr_line' id='line_1_49' title="bbox 2373 1860 3959 1935; baseline 0.001 -24"><span class='ocrx_word' id='word_1_331' title='bbox 2373 1864 2798 1934; x_wconf 85' lang='grc' dir='ltr'>μωρηθήσονται.</span> <span class='ocrx_word' id='word_1_332' title='bbox 2864 1863 3144 1914; x_wconf 78' lang='grc' dir='ltr'>Κὰντεῦθεν</span> <span class='ocrx_word' id='word_1_333' title='bbox 3203 1864 3433 1935; x_wconf 71' lang='grc' dir='ltr'>φανερόν,</span> <span class='ocrx_word' id='word_1_334' title='bbox 3496 1863 3561 1922; x_wconf 84' lang='grc' dir='ltr'>ὧς</span> <span class='ocrx_word' id='word_1_335' title='bbox 3617 1880 3751 1923; x_wconf 85' lang='grc' dir='ltr'>τινες</span> <span class='ocrx_word' id='word_1_336' title='bbox 3816 1860 3959 1933; x_wconf 81' lang='grc' dir='ltr'>ἁμαρ-</span> 
     </span>
    </p>
   </div>
   <div class='ocr_carea' id='block_1_50' title="bbox 2370 1950 3490 2017">
    <p class='ocr_par' dir='ltr' id='par_1_50' title="bbox 2370 1950 3490 2017">
     <span class='ocr_line' id='line_1_50' title="bbox 2370 1950 3490 2017; baseline 0 -14"><span class='ocrx_word' id='word_1_337' title='bbox 2370 1956 2481 2003; x_wconf 90' lang='grc' dir='ltr'>τίαι</span> <span class='ocrx_word' id='word_1_338' title='bbox 2515 1956 2604 2004; x_wconf 85' lang='grc' dir='ltr'><strong>καὶ</strong></span> <span class='ocrx_word' id='word_1_339' title='bbox 2631 1950 2870 2017; x_wconf 71' lang='grc' dir='ltr'>ἐνταῦθα,</span> <span class='ocrx_word' id='word_1_340' title='bbox 2904 1954 2990 2001; x_wconf 88' lang='grc' dir='ltr'><strong>καὶ</strong></span> <span class='ocrx_word' id='word_1_341' title='bbox 3028 1951 3134 2002; x_wconf 85' lang='grc' dir='ltr'>ἐκεῖ</span> <span class='ocrx_word' id='word_1_342' title='bbox 3164 1950 3490 2010; x_wconf 79' lang='grc' dir='ltr'>κολάζονται.</span> 
     </span>
    </p>
   </div>
   <div class='ocr_carea' id='block_1_51' title="bbox 2442 2123 3954 2198">
    <p class='ocr_par' dir='ltr' id='par_1_51' title="bbox 2442 2123 3954 2198">
     <span class='ocr_line' id='line_1_51' title="bbox 2442 2123 3954 2198; baseline -0.004 -18"><span class='ocrx_word' id='word_1_343' title='bbox 2442 2126 2750 2198; x_wconf 76' lang='grc' dir='ltr'>Φοϐηθώμεν</span> <span class='ocrx_word' id='word_1_344' title='bbox 2796 2125 2883 2177; x_wconf 80' lang='grc' dir='ltr'>οὖν</span> <span class='ocrx_word' id='word_1_345' title='bbox 2940 2130 3029 2177; x_wconf 86' lang='grc' dir='ltr'><strong>καὶ</strong></span> <span class='ocrx_word' id='word_1_346' title='bbox 3086 2127 3235 2197; x_wconf 79' lang='grc' dir='ltr'>ἡμεῖς</span> <span class='ocrx_word' id='word_1_347' title='bbox 3295 2129 3387 2182; x_wconf 73' lang='grc' dir='ltr'>τὴν</span> <span class='ocrx_word' id='word_1_348' title='bbox 3445 2126 3692 2182; x_wconf 75' lang='grc' dir='ltr'><strong>τοιαύτην</strong></span> <span class='ocrx_word' id='word_1_349' title='bbox 3743 2123 3954 2191; x_wconf 78' lang='grc' dir='ltr'>ἀπειλὴν,</span> 
     </span>
    </p>
   </div>
   <div class='ocr_carea' id='block_1_52' title="bbox 2370 2211 3955 2287">
    <p class='ocr_par' dir='ltr' id='par_1_52' title="bbox 2370 2211 3955 2287">
     <span class='ocr_line' id='line_1_52' title="bbox 2370 2211 3955 2287; baseline -0.003 -18"><span class='ocrx_word' id='word_1_350' title='bbox 2370 2214 2586 2279; x_wconf 82' lang='grc' dir='ltr'>εἰδότες,</span> <span class='ocrx_word' id='word_1_351' title='bbox 2635 2218 2713 2267; x_wconf 87' lang='grc' dir='ltr'>ὃτι</span> <span class='ocrx_word' id='word_1_352' title='bbox 2771 2221 2867 2275; x_wconf 84' lang='grc' dir='ltr'>πᾶς</span> <span class='ocrx_word' id='word_1_353' title='bbox 2914 2216 3040 2287; x_wconf 79' lang='grc' dir='ltr'><strong>ὁμὴ</strong></span> <span class='ocrx_word' id='word_1_354' title='bbox 3098 2214 3381 2286; x_wconf 76' lang='grc' dir='ltr'>φυλάττων,</span> <span class='ocrx_word' id='word_1_355' title='bbox 3432 2211 3572 2285; x_wconf 68' lang='grc' dir='ltr'>μηδὲ</span> <span class='ocrx_word' id='word_1_356' title='bbox 3628 2222 3789 2265; x_wconf 83' lang='grc' dir='ltr'>ποιῶν</span> <span class='ocrx_word' id='word_1_357' title='bbox 3845 2214 3955 2284; x_wconf 81' lang='grc' dir='ltr'>οἷπερ</span> 
     </span>
    </p>
   </div>
   <div class='ocr_carea' id='block_1_53' title="bbox 2371 2299 3957 2377">
    <p class='ocr_par' dir='ltr' id='par_1_53' title="bbox 2371 2299 3957 2377">
     <span class='ocr_line' id='line_1_53' title="bbox 2371 2299 3957 2377; baseline -0.003 -20"><span class='ocrx_word' id='word_1_358' title='bbox 2371 2303 2620 2367; x_wconf 59' lang='grc' dir='ltr'>ἐδίδαξαν</span> <span class='ocrx_word' id='word_1_359' title='bbox 2680 2307 2727 2356; x_wconf 82' lang='grc' dir='ltr'>οὶ</span> <span class='ocrx_word' id='word_1_360' title='bbox 2779 2303 3081 2365; x_wconf 79' lang='grc' dir='ltr'>ἀπόστολοι,</span> <span class='ocrx_word' id='word_1_361' title='bbox 3128 2300 3413 2377; x_wconf 65' lang='grc' dir='ltr'>πρόδηλον,</span> <span class='ocrx_word' id='word_1_362' title='bbox 3458 2306 3526 2363; x_wconf 78' lang='grc' dir='ltr'>ὡς</span> <span class='ocrx_word' id='word_1_363' title='bbox 3584 2300 3708 2355; x_wconf 77' lang='grc' dir='ltr'>ούδε</span> <span class='ocrx_word' id='word_1_364' title='bbox 3760 2299 3957 2374; x_wconf 77' lang='grc' dir='ltr'>δέχεται</span> 
     </span>
    </p>
   </div>
   <div class='ocr_carea' id='block_1_54' title="bbox 2370 2388 3955 2463">
    <p class='ocr_par' dir='ltr' id='par_1_54' title="bbox 2370 2388 3955 2463">
     <span class='ocr_line' id='line_1_54' title="bbox 2370 2388 3955 2463; baseline -0.003 -16"><span class='ocrx_word' id='word_1_365' title='bbox 2370 2399 2599 2460; x_wconf 82' lang='grc' dir='ltr'>τούτους,</span> <span class='ocrx_word' id='word_1_366' title='bbox 2651 2397 2765 2446; x_wconf 70' lang='grc' dir='ltr'>οὔτε</span> <span class='ocrx_word' id='word_1_367' title='bbox 2818 2392 2995 2445; x_wconf 79' lang='grc' dir='ltr'>ἁκουει</span> <span class='ocrx_word' id='word_1_368' title='bbox 3046 2396 3160 2452; x_wconf 81' lang='grc' dir='ltr'>τοὺς</span> <span class='ocrx_word' id='word_1_369' title='bbox 3216 2392 3399 2463; x_wconf 80' lang='grc' dir='ltr'>λόγους</span> <span class='ocrx_word' id='word_1_370' title='bbox 3456 2392 3643 2444; x_wconf 69' lang='grc' dir='ltr'>αὐτῶν.</span> <span class='ocrx_word' id='word_1_371' title='bbox 3697 2396 3842 2444; x_wconf 86' lang='grc' dir='ltr'>Διατί</span> <span class='ocrx_word' id='word_1_372' title='bbox 3888 2388 3955 2455; x_wconf 73' lang='grc' dir='ltr'><strong>δὲ,</strong></span> 
     </span>
    </p>
   </div>
   <div class='ocr_carea' id='block_1_55' title="bbox 2371 2480 3955 2557">
    <p class='ocr_par' dir='ltr' id='par_1_55' title="bbox 2371 2480 3955 2557">
     <span class='ocr_line' id='line_1_55' title="bbox 2371 2480 3955 2557; baseline -0.004 -20"><span class='ocrx_word' id='word_1_373' title='bbox 2371 2484 2473 2544; x_wconf 77' lang='grc' dir='ltr'>ἑνός</span> <span class='ocrx_word' id='word_1_374' title='bbox 2522 2489 2593 2557; x_wconf 79' lang='grc' dir='ltr'>μὴ</span> <span class='ocrx_word' id='word_1_375' title='bbox 2661 2480 2962 2554; x_wconf 79' lang='grc' dir='ltr'>δεξαμένου,</span> <span class='ocrx_word' id='word_1_376' title='bbox 3023 2486 3172 2533; x_wconf 87' lang='grc' dir='ltr'>πᾶσα</span> <span class='ocrx_word' id='word_1_377' title='bbox 3239 2484 3267 2538; x_wconf 80' lang='grc' dir='ltr'><strong>η</strong></span> <span class='ocrx_word' id='word_1_378' title='bbox 3330 2480 3479 2543; x_wconf 77' lang='grc' dir='ltr'>πόλις</span> <span class='ocrx_word' id='word_1_379' title='bbox 3540 2480 3955 2547; x_wconf 77' lang='grc' dir='ltr'>κολασθήσεται;</span> 
     </span>
    </p>
   </div>
   <div class='ocr_carea' id='block_1_56' title="bbox 2369 2568 3955 2643">
    <p class='ocr_par' dir='ltr' id='par_1_56' title="bbox 2369 2568 3955 2643">
     <span class='ocr_line' id='line_1_56' title="bbox 2369 2568 3955 2643; baseline -0.002 -17"><span class='ocrx_word' id='word_1_380' title='bbox 2369 2579 2511 2627; x_wconf 91' lang='grc' dir='ltr'>Διότι</span> <span class='ocrx_word' id='word_1_381' title='bbox 2549 2577 2638 2625; x_wconf 82' lang='grc' dir='ltr'>καὶ</span> <span class='ocrx_word' id='word_1_382' title='bbox 2673 2574 2721 2625; x_wconf 85' lang='grc' dir='ltr'>οἱ</span> <span class='ocrx_word' id='word_1_383' title='bbox 2771 2571 2942 2623; x_wconf 86' lang='grc' dir='ltr'>λοιποὶ</span> <span class='ocrx_word' id='word_1_384' title='bbox 2995 2569 3291 2643; x_wconf 77' lang='grc' dir='ltr'>βλέποντες,</span> <span class='ocrx_word' id='word_1_385' title='bbox 3343 2570 3437 2623; x_wconf 86' lang='grc' dir='ltr'><strong>ούκ</strong></span> <span class='ocrx_word' id='word_1_386' title='bbox 3490 2569 3756 2622; x_wconf 76' lang='grc' dir='ltr'>ἐκώλυσαν</span> <span class='ocrx_word' id='word_1_387' title='bbox 3800 2568 3955 2623; x_wconf 66' lang='grc' dir='ltr'>αὐτόν.</span> 
     </span>
    </p>
   </div>
   <div class='ocr_carea' id='block_1_57' title="bbox 2368 2655 3961 2736">
    <p class='ocr_par' dir='ltr' id='par_1_57' title="bbox 2368 2655 3961 2736">
     <span class='ocr_line' id='line_1_57' title="bbox 2368 2655 3961 2736; baseline -0.004 -21"><span class='ocrx_word' id='word_1_388' title='bbox 2368 2664 2433 2716; x_wconf 81' lang='grc' dir='ltr'><strong>Οἱ</strong></span> <span class='ocrx_word' id='word_1_389' title='bbox 2461 2665 2563 2736; x_wconf 81' lang='grc' dir='ltr'><strong>γὰρ</strong></span> <span class='ocrx_word' id='word_1_390' title='bbox 2614 2666 2685 2735; x_wconf 76' lang='grc' dir='ltr'>μὴ</span> <span class='ocrx_word' id='word_1_391' title='bbox 2732 2658 3160 2734; x_wconf 79' lang='grc' dir='ltr'>παραδεχόμενοι</span> <span class='ocrx_word' id='word_1_392' title='bbox 3200 2664 3315 2720; x_wconf 82' lang='grc' dir='ltr'>τοὺς</span> <span class='ocrx_word' id='word_1_393' title='bbox 3355 2658 3699 2724; x_wconf 84' lang='grc' dir='ltr'>ἀποστόλους,</span> <span class='ocrx_word' id='word_1_394' title='bbox 3742 2655 3961 2731; x_wconf 75' lang='grc' dir='ltr'>δημοσίᾳ</span> 
     </span>
    </p>
   </div>
   <div class='ocr_carea' id='block_1_58' title="bbox 2366 2750 2930 2811">
    <p class='ocr_par' dir='ltr' id='par_1_58' title="bbox 2366 2750 2930 2811">
     <span class='ocr_line' id='line_1_58' title="bbox 2366 2750 2930 2811; baseline -0.005 -8"><span class='ocrx_word' id='word_1_395' title='bbox 2366 2755 2583 2811; x_wconf 83' lang='grc' dir='ltr'>τούτους</span> <span class='ocrx_word' id='word_1_396' title='bbox 2617 2750 2930 2808; x_wconf 70' lang='grc' dir='ltr'>ἀπήλαυνον.</span> 
     </span>
    </p>
   </div>
   <div class='ocr_carea' id='block_1_59' title="bbox 2436 2833 3960 2912">
    <p class='ocr_par' dir='ltr' id='par_1_59' title="bbox 2436 2833 3960 2912">
     <span class='ocr_line' id='line_1_59' title="bbox 2436 2833 3960 2912; baseline -0.005 -17"><span class='ocrx_word' id='word_1_397' title='bbox 2436 2838 2577 2895; x_wconf 74' lang='grc' dir='ltr'>Ἰδού</span> <span class='ocrx_word' id='word_1_398' title='bbox 2606 2870 2677 2882; x_wconf 93' lang='grc'><strong><em>-</em></strong></span> <span class='ocrx_word' id='word_1_399' title='bbox 2743 2839 2929 2891; x_wconf 84' lang='grc' dir='ltr'>λύκων.</span> <span class='ocrx_word' id='word_1_400' title='bbox 2982 2836 3255 2912; x_wconf 80' lang='grc' dir='ltr'>Θαρῥύνας</span> <span class='ocrx_word' id='word_1_401' title='bbox 3306 2837 3518 2905; x_wconf 81' lang='grc' dir='ltr'>αύτούς,</span> <span class='ocrx_word' id='word_1_402' title='bbox 3554 2833 3626 2889; x_wconf 79' lang='grc' dir='ltr'><strong>δι’</strong></span> <span class='ocrx_word' id='word_1_403' title='bbox 3668 2837 3740 2888; x_wconf 81' lang='grc' dir='ltr'>ὧν</span> <span class='ocrx_word' id='word_1_404' title='bbox 3779 2840 3960 2908; x_wconf 76' lang='grc' dir='ltr'>παρήγ-</span> 
     </span>
    </p>
   </div>
   <div class='ocr_carea' id='block_1_60' title="bbox 2364 2923 3958 3003">
    <p class='ocr_par' dir='ltr' id='par_1_60' title="bbox 2364 2923 3958 3003">
     <span class='ocr_line' id='line_1_60' title="bbox 2364 2923 3958 3003; baseline -0.005 -20"><span class='ocrx_word' id='word_1_405' title='bbox 2364 2930 2520 3003; x_wconf 82' lang='grc' dir='ltr'>γειλε,</span> <span class='ocrx_word' id='word_1_406' title='bbox 2581 2933 2670 2981; x_wconf 88' lang='grc' dir='ltr'><strong>καὶ</strong></span> <span class='ocrx_word' id='word_1_407' title='bbox 2721 2926 2959 3002; x_wconf 74' lang='grc' dir='ltr'>στερροὺς</span> <span class='ocrx_word' id='word_1_408' title='bbox 3016 2935 3104 2978; x_wconf 84' lang='grc' dir='ltr'><strong>και</strong></span> <span class='ocrx_word' id='word_1_409' title='bbox 3166 2923 3550 2998; x_wconf 76' lang='grc' dir='ltr'>ἀδαμαντίνους</span> <span class='ocrx_word' id='word_1_410' title='bbox 3619 2924 3958 2999; x_wconf 72' lang='grc' dir='ltr'>ἐργασάμενος</span> 
     </span>
    </p>
   </div>
   <div class='ocr_carea' id='block_1_61' title="bbox 2364 3012 3956 3091">
    <p class='ocr_par' dir='ltr' id='par_1_61' title="bbox 2364 3012 3956 3091">
     <span class='ocr_line' id='line_1_61' title="bbox 2364 3012 3956 3091; baseline -0.004 -20"><span class='ocrx_word' id='word_1_411' title='bbox 2364 3020 2541 3071; x_wconf 88' lang='grc' dir='ltr'>λοιπόν</span> <span class='ocrx_word' id='word_1_412' title='bbox 2598 3020 2833 3091; x_wconf 72' lang='grc' dir='ltr'><strong>προλέγει</strong></span> <span class='ocrx_word' id='word_1_413' title='bbox 2904 3021 2993 3067; x_wconf 79' lang='grc' dir='ltr'>καὶ</span> <span class='ocrx_word' id='word_1_414' title='bbox 3048 3018 3113 3067; x_wconf 79' lang='grc' dir='ltr'>τὰ</span> <span class='ocrx_word' id='word_1_415' title='bbox 3176 3014 3555 3087; x_wconf 83' lang='grc' dir='ltr'>συμϐησόμενα</span> <span class='ocrx_word' id='word_1_416' title='bbox 3628 3018 3850 3077; x_wconf 80' lang='grc' dir='ltr'>τούτοις,</span> <span class='ocrx_word' id='word_1_417' title='bbox 3907 3012 3956 3064; x_wconf 75' lang='grc' dir='ltr'><strong>ού</strong></span> 
     </span>
    </p>
   </div>
   <div class='ocr_carea' id='block_1_62' title="bbox 596 3104 2259 3190">
    <p class='ocr_par' dir='ltr' id='par_1_62' title="bbox 596 3107 2251 3183">
     <span class='ocr_line' id='line_1_62' title="bbox 596 3107 2251 3183; baseline 0.004 -20"><span class='ocrx_word' id='word_1_418' title='bbox 596 3107 711 3164; x_wconf 89' lang='lat' dir='ltr'><strong>illis</strong></span> <span class='ocrx_word' id='word_1_419' title='bbox 727 3112 977 3165; x_wconf 90' lang='lat' dir='ltr'><strong>ventura</strong></span> <span class='ocrx_word' id='word_1_420' title='bbox 1003 3114 1158 3175; x_wconf 88' lang='lat' dir='ltr'><strong>sunt,</strong></span> <span class='ocrx_word' id='word_1_421' title='bbox 1180 3126 1295 3166; x_wconf 94' lang='lat' dir='ltr'><strong>non</strong></span> <span class='ocrx_word' id='word_1_422' title='bbox 1314 3110 1511 3167; x_wconf 92' lang='lat' dir='ltr'><strong>solum</strong></span> <span class='ocrx_word' id='word_1_423' title='bbox 1524 3127 1661 3183; x_wconf 69' lang='lat' dir='ltr'><strong>qum</strong></span> <span class='ocrx_word' id='word_1_424' title='bbox 1677 3113 1863 3183; x_wconf 89' lang='lat' dir='ltr'><strong>paulo</strong></span> <span class='ocrx_word' id='word_1_425' title='bbox 1880 3116 2031 3183; x_wconf 90' lang='lat' dir='ltr'><strong>post,</strong></span> <span class='ocrx_word' id='word_1_426' title='bbox 2048 3129 2251 3169; x_wconf 87' lang='lat' dir='ltr'><strong>verum</strong></span> 
     </span>
    </p>
   </div>
   <div class='ocr_carea' id='block_1_63' title="bbox 2368 3104 3955 3190">
    <p class='ocr_par' dir='ltr' id='par_1_63' title="bbox 2368 3104 3955 3180">
     <span class='ocr_line' id='line_1_63' title="bbox 2368 3104 3955 3180; baseline -0.004 -21"><span class='ocrx_word' id='word_1_427' title='bbox 2368 3112 2515 3180; x_wconf 89' lang='grc' dir='ltr'>μόνον</span> <span class='ocrx_word' id='word_1_428' title='bbox 2591 3110 2657 3159; x_wconf 68' lang='grc' dir='ltr'>τέι</span> <span class='ocrx_word' id='word_1_429' title='bbox 2724 3108 2910 3178; x_wconf 87' lang='grc' dir='ltr'>μικρόν</span> <span class='ocrx_word' id='word_1_430' title='bbox 2973 3105 3208 3177; x_wconf 77' lang='grc' dir='ltr'>ὕστερον,</span> <span class='ocrx_word' id='word_1_431' title='bbox 3290 3104 3417 3156; x_wconf 75' lang='grc' dir='ltr'>ἀλλὰ</span> <span class='ocrx_word' id='word_1_432' title='bbox 3499 3107 3588 3155; x_wconf 83' lang='grc' dir='ltr'><strong>καὶ</strong></span> <span class='ocrx_word' id='word_1_433' title='bbox 3640 3106 3708 3155; x_wconf 80' lang='grc' dir='ltr'>τὰ</span> <span class='ocrx_word' id='word_1_434' title='bbox 3773 3104 3955 3175; x_wconf 86' lang='grc' dir='ltr'>μακρὸν</span> 
     </span>
    </p>
   </div>
   <div class='ocr_carea' id='block_1_64' title="bbox 597 3197 2253 3273">
    <p class='ocr_par' dir='ltr' id='par_1_64' title="bbox 597 3197 2253 3273">
     <span class='ocr_line' id='line_1_64' title="bbox 597 3197 2253 3273; baseline 0.001 -19"><span class='ocrx_word' id='word_1_435' title='bbox 597 3197 777 3254; x_wconf 90' lang='lat' dir='ltr'><strong>etiam</strong></span> <span class='ocrx_word' id='word_1_436' title='bbox 824 3213 961 3269; x_wconf 66' lang='lat' dir='ltr'><strong>quae</strong></span> <span class='ocrx_word' id='word_1_437' title='bbox 990 3197 1169 3269; x_wconf 88' lang='lat' dir='ltr'><strong>longo</strong></span> <span class='ocrx_word' id='word_1_438' title='bbox 1213 3205 1348 3271; x_wconf 93' lang='lat' dir='ltr'><strong>post</strong></span> <span class='ocrx_word' id='word_1_439' title='bbox 1379 3203 1660 3272; x_wconf 90' lang='lat' dir='ltr'><strong>tempore.</strong></span> <span class='ocrx_word' id='word_1_440' title='bbox 1693 3202 1959 3257; x_wconf 89' lang='lat' dir='ltr'><strong>Primum</strong></span> <span class='ocrx_word' id='word_1_441' title='bbox 2010 3201 2253 3273; x_wconf 87' lang='lat' dir='ltr'><strong>quidem</strong></span> 
     </span>
    </p>
   </div>
   <div class='ocr_carea' id='block_1_65' title="bbox 601 3286 2255 3359">
    <p class='ocr_par' dir='ltr' id='par_1_65' title="bbox 601 3286 2255 3359">
     <span class='ocr_line' id='line_1_65' title="bbox 601 3286 2255 3359; baseline 0.002 -18"><span class='ocrx_word' id='word_1_442' title='bbox 601 3290 666 3341; x_wconf 90' lang='lat' dir='ltr'><strong>ut</strong></span> <span class='ocrx_word' id='word_1_443' title='bbox 716 3286 837 3341; x_wconf 92' lang='lat' dir='ltr'><strong>vim</strong></span> <span class='ocrx_word' id='word_1_444' title='bbox 912 3287 1295 3358; x_wconf 69' lang='lat' dir='ltr'><strong>prmscientim</strong></span> <span class='ocrx_word' id='word_1_445' title='bbox 1354 3287 1540 3359; x_wconf 90' lang='lat' dir='ltr'><strong>ipsius</strong></span> <span class='ocrx_word' id='word_1_446' title='bbox 1584 3294 1987 3359; x_wconf 87' lang='lat' dir='ltr'><strong>cognoscant;</strong></span> <span class='ocrx_word' id='word_1_447' title='bbox 2043 3290 2255 3345; x_wconf 87' lang='lat' dir='ltr'><strong>deinde</strong></span> 
     </span>
    </p>
   </div>
   <div class='ocr_carea' id='block_1_66' title="bbox 598 3376 2255 3450">
    <p class='ocr_par' dir='ltr' id='par_1_66' title="bbox 598 3376 2255 3450">
     <span class='ocr_line' id='line_1_66' title="bbox 598 3376 2255 3450; baseline 0.003 -20"><span class='ocrx_word' id='word_1_448' title='bbox 598 3390 741 3431; x_wconf 91' lang='lat' dir='ltr'><strong>vero</strong></span> <span class='ocrx_word' id='word_1_449' title='bbox 767 3390 841 3431; x_wconf 91' lang='lat' dir='ltr'><strong>ne</strong></span> <span class='ocrx_word' id='word_1_450' title='bbox 862 3376 1173 3446; x_wconf 88' lang='lat' dir='ltr'><strong>patientes,</strong></span> <span class='ocrx_word' id='word_1_451' title='bbox 1208 3377 1587 3448; x_wconf 89' lang='lat' dir='ltr'><strong>suspicentur</strong></span> <span class='ocrx_word' id='word_1_452' title='bbox 1618 3394 1747 3432; x_wconf 88' lang='lat' dir='ltr'><strong>sese</strong></span> <span class='ocrx_word' id='word_1_453' title='bbox 1807 3378 1935 3433; x_wconf 69' lang='lat' dir='ltr'><strong>haec</strong></span> <span class='ocrx_word' id='word_1_454' title='bbox 1978 3379 2119 3450; x_wconf 87' lang='lat' dir='ltr'><strong>pati,</strong></span> <span class='ocrx_word' id='word_1_455' title='bbox 2176 3380 2255 3435; x_wconf 94' lang='lat' dir='ltr'><strong>ob</strong></span> 
     </span>
    </p>
   </div>
   <div class='ocr_carea' id='block_1_67' title="bbox 598 3462 2255 3535">
    <p class='ocr_par' dir='ltr' id='par_1_67' title="bbox 598 3462 2255 3535">
     <span class='ocr_line' id='line_1_67' title="bbox 598 3462 2255 3535; baseline 0.003 -17"><span class='ocrx_word' id='word_1_456' title='bbox 598 3463 724 3534; x_wconf 88' lang='lat' dir='ltr'><strong>ejus</strong></span> <span class='ocrx_word' id='word_1_457' title='bbox 748 3462 851 3535; x_wconf 89' lang='lat' dir='ltr'><strong>qui</strong></span> <span class='ocrx_word' id='word_1_458' title='bbox 882 3462 1011 3517; x_wconf 89' lang='lat' dir='ltr'><strong>illos</strong></span> <span class='ocrx_word' id='word_1_459' title='bbox 1034 3462 1192 3518; x_wconf 88' lang='lat' dir='ltr'><strong>misit</strong></span> <span class='ocrx_word' id='word_1_460' title='bbox 1221 3464 1687 3520; x_wconf 88' lang='lat' dir='ltr'><strong>imbecillitatem</strong></span> <span class='ocrx_word' id='word_1_461' title='bbox 1724 3482 1737 3531; x_wconf 92' lang='lat'>;</span> <span class='ocrx_word' id='word_1_462' title='bbox 1766 3466 1931 3521; x_wconf 90' lang='lat' dir='ltr'><strong>tertio</strong></span> <span class='ocrx_word' id='word_1_463' title='bbox 1966 3472 2029 3523; x_wconf 90' lang='lat' dir='ltr'><strong>ut</strong></span> <span class='ocrx_word' id='word_1_464' title='bbox 2050 3467 2255 3523; x_wconf 90' lang='lat' dir='ltr'><strong>audito</strong></span> 
     </span>
    </p>
   </div>
   <div class='ocr_carea' id='block_1_68' title="bbox 596 3551 2256 3627">
    <p class='ocr_par' dir='ltr' id='par_1_68' title="bbox 596 3551 2256 3627">
     <span class='ocr_line' id='line_1_68' title="bbox 596 3551 2256 3627; baseline 0.002 -21"><span class='ocrx_word' id='word_1_465' title='bbox 596 3551 881 3624; x_wconf 91' lang='lat' dir='ltr'><strong>primum,</strong></span> <span class='ocrx_word' id='word_1_466' title='bbox 916 3552 1075 3623; x_wconf 89' lang='lat' dir='ltr'><strong>quod</strong></span> <span class='ocrx_word' id='word_1_467' title='bbox 1108 3552 1268 3607; x_wconf 89' lang='lat' dir='ltr'><strong>mala</strong></span> <span class='ocrx_word' id='word_1_468' title='bbox 1290 3556 1523 3623; x_wconf 85' lang='lat' dir='ltr'><strong>passuri</strong></span> <span class='ocrx_word' id='word_1_469' title='bbox 1560 3553 1694 3619; x_wconf 91' lang='lat' dir='ltr'><strong>sint,</strong></span> <span class='ocrx_word' id='word_1_470' title='bbox 1724 3553 1959 3609; x_wconf 88' lang='lat' dir='ltr'><strong>facilius</strong></span> <span class='ocrx_word' id='word_1_471' title='bbox 1993 3560 2256 3627; x_wconf 90' lang='lat' dir='ltr'><strong>postmo-</strong></span> 
     </span>
    </p>
   </div>
   <div class='ocr_carea' id='block_1_69' title="bbox 599 3638 2251 3715">
    <p class='ocr_par' dir='ltr' id='par_1_69' title="bbox 599 3638 2251 3715">
     <span class='ocr_line' id='line_1_69' title="bbox 599 3638 2251 3715; baseline 0.003 -20"><span class='ocrx_word' id='word_1_472' title='bbox 599 3641 747 3695; x_wconf 89' lang='lat' dir='ltr'><strong>dum</strong></span> <span class='ocrx_word' id='word_1_473' title='bbox 780 3638 981 3695; x_wconf 87' lang='lat' dir='ltr'><strong>ferant.</strong></span> <span class='ocrx_word' id='word_1_474' title='bbox 1013 3640 1178 3704; x_wconf 86' lang='lat' dir='ltr'><strong>Ecce,</strong></span> <span class='ocrx_word' id='word_1_475' title='bbox 1221 3641 1411 3712; x_wconf 90' lang='lat' dir='ltr'><strong>inquit</strong></span> <span class='ocrx_word' id='word_1_476' title='bbox 1467 3657 1568 3712; x_wconf 88' lang='lat' dir='ltr'><strong>ego</strong></span> <span class='ocrx_word' id='word_1_477' title='bbox 1598 3644 1765 3697; x_wconf 81' lang='lat' dir='ltr'><strong>mitto</strong></span> <span class='ocrx_word' id='word_1_478' title='bbox 1804 3658 1925 3707; x_wconf 88' lang='lat' dir='ltr'><strong>vos,</strong></span> <span class='ocrx_word' id='word_1_479' title='bbox 1970 3651 2251 3715; x_wconf 78' lang='lat' dir='ltr'><strong>tanquam</strong></span> 
     </span>
    </p>
   </div>
   <div class='ocr_carea' id='block_1_70' title="bbox 599 3728 2250 3804">
    <p class='ocr_par' dir='ltr' id='par_1_70' title="bbox 599 3728 2250 3804">
     <span class='ocr_line' id='line_1_70' title="bbox 599 3728 2250 3804; baseline 0.001 -19"><span class='ocrx_word' id='word_1_480' title='bbox 599 3744 731 3785; x_wconf 85' lang='lat' dir='ltr'><strong>oves</strong></span> <span class='ocrx_word' id='word_1_481' title='bbox 777 3728 839 3783; x_wconf 82' lang='lat' dir='ltr'><strong>in</strong></span> <span class='ocrx_word' id='word_1_482' title='bbox 868 3729 1046 3786; x_wconf 82' lang='lat' dir='ltr'><strong>medio</strong></span> <span class='ocrx_word' id='word_1_483' title='bbox 1073 3730 1361 3800; x_wconf 82' lang='lat' dir='ltr'><strong>luporum.</strong></span> <span class='ocrx_word' id='word_1_484' title='bbox 1419 3731 1540 3801; x_wconf 83' lang='lat' dir='ltr'><strong>Ego</strong></span> <span class='ocrx_word' id='word_1_485' title='bbox 1584 3731 1687 3803; x_wconf 92' lang='lat' dir='ltr'><strong>qui</strong></span> <span class='ocrx_word' id='word_1_486' title='bbox 1718 3733 1922 3787; x_wconf 89' lang='lat' dir='ltr'><strong>omnia</strong></span> <span class='ocrx_word' id='word_1_487' title='bbox 1980 3748 2250 3804; x_wconf 89' lang='lat' dir='ltr'><strong>possum,</strong></span> 
     </span>
    </p>
   </div>
   <div class='ocr_carea' id='block_1_71' title="bbox 600 3817 2253 3894">
    <p class='ocr_par' dir='ltr' id='par_1_71' title="bbox 600 3817 2253 3894">
     <span class='ocr_line' id='line_1_71' title="bbox 600 3817 2253 3894; baseline 0.002 -20"><span class='ocrx_word' id='word_1_488' title='bbox 600 3818 771 3874; x_wconf 89' lang='lat' dir='ltr'><strong>mitto</strong></span> <span class='ocrx_word' id='word_1_489' title='bbox 801 3833 930 3882; x_wconf 92' lang='lat' dir='ltr'><strong>vos,</strong></span> <span class='ocrx_word' id='word_1_490' title='bbox 964 3824 1028 3874; x_wconf 90' lang='lat' dir='ltr'><strong>ut</strong></span> <span class='ocrx_word' id='word_1_491' title='bbox 1057 3817 1450 3875; x_wconf 89' lang='lat' dir='ltr'><strong>mordeamini</strong></span> <span class='ocrx_word' id='word_1_492' title='bbox 1494 3834 1563 3875; x_wconf 91' lang='lat' dir='ltr'><strong>ac</strong></span> <span class='ocrx_word' id='word_1_493' title='bbox 1593 3819 1959 3877; x_wconf 89' lang='lat' dir='ltr'><strong>dilaniemini</strong></span> <span class='ocrx_word' id='word_1_494' title='bbox 1989 3840 2001 3889; x_wconf 88' lang='lat'><strong>;</strong></span> <span class='ocrx_word' id='word_1_495' title='bbox 2064 3838 2253 3894; x_wconf 88' lang='lat' dir='ltr'><strong>neque</strong></span> 
     </span>
    </p>
   </div>
   <div class='ocr_carea' id='block_1_72' title="bbox 598 3906 2248 3981">
    <p class='ocr_par' dir='ltr' id='par_1_72' title="bbox 598 3906 2248 3981">
     <span class='ocr_line' id='line_1_72' title="bbox 598 3906 2248 3981; baseline 0.003 -20"><span class='ocrx_word' id='word_1_496' title='bbox 598 3906 989 3971; x_wconf 88' lang='lat' dir='ltr'><strong>ulciscamini,</strong></span> <span class='ocrx_word' id='word_1_497' title='bbox 1049 3911 1152 3963; x_wconf 86' lang='lat' dir='ltr'><strong>aut</strong></span> <span class='ocrx_word' id='word_1_498' title='bbox 1210 3922 1429 3963; x_wconf 88' lang='lat' dir='ltr'><strong>manus</strong></span> <span class='ocrx_word' id='word_1_499' title='bbox 1480 3916 1883 3979; x_wconf 88' lang='lat' dir='ltr'><strong>repugnantes</strong></span> <span class='ocrx_word' id='word_1_500' title='bbox 1930 3910 2248 3981; x_wconf 88' lang='lat' dir='ltr'><strong>objiciatis.</strong></span> 
     </span>
    </p>
   </div>
   <div class='ocr_carea' id='block_1_73' title="bbox 598 3994 2252 4072">
    <p class='ocr_par' dir='ltr' id='par_1_73' title="bbox 598 3994 2252 4072">
     <span class='ocr_line' id='line_1_73' title="bbox 598 3994 2252 4072; baseline 0.004 -22"><span class='ocrx_word' id='word_1_501' title='bbox 598 3994 1048 4060; x_wconf 81' lang='lat' dir='ltr'><strong>Quamobrem?</strong></span> <span class='ocrx_word' id='word_1_502' title='bbox 1076 3995 1227 4060; x_wconf 90' lang='lat' dir='ltr'><strong>Quia</strong></span> <span class='ocrx_word' id='word_1_503' title='bbox 1264 3996 1457 4069; x_wconf 87' lang='lat' dir='ltr'><strong>magis</strong></span> <span class='ocrx_word' id='word_1_504' title='bbox 1483 3997 1563 4054; x_wconf 93' lang='lat' dir='ltr'><strong>ita</strong></span> <span class='ocrx_word' id='word_1_505' title='bbox 1607 3997 1871 4064; x_wconf 91' lang='lat' dir='ltr'><strong>vincetis,</strong></span> <span class='ocrx_word' id='word_1_506' title='bbox 1905 4005 1959 4055; x_wconf 90' lang='lat' dir='ltr'><strong>et</strong></span> <span class='ocrx_word' id='word_1_507' title='bbox 1987 3999 2166 4072; x_wconf 91' lang='lat' dir='ltr'><strong>lupos</strong></span> <span class='ocrx_word' id='word_1_508' title='bbox 2192 4002 2252 4055; x_wconf 93' lang='lat' dir='ltr'><strong>in</strong></span> 
     </span>
    </p>
   </div>
   <div class='ocr_carea' id='block_1_74' title="bbox 597 4085 2251 4161">
    <p class='ocr_par' dir='ltr' id='par_1_74' title="bbox 597 4085 2251 4161">
     <span class='ocr_line' id='line_1_74' title="bbox 597 4085 2251 4161; baseline 0.003 -20"><span class='ocrx_word' id='word_1_509' title='bbox 597 4100 740 4141; x_wconf 90' lang='lat' dir='ltr'><strong>oves</strong></span> <span class='ocrx_word' id='word_1_510' title='bbox 764 4085 1254 4142; x_wconf 88' lang='lat' dir='ltr'><strong>transmutabitis.</strong></span> <span class='ocrx_word' id='word_1_511' title='bbox 1298 4088 1609 4153; x_wconf 90' lang='lat' dir='ltr'><strong>Quomodo</strong></span> <span class='ocrx_word' id='word_1_512' title='bbox 1639 4088 1667 4143; x_wconf 85' lang='lat'><strong>?</strong></span> <span class='ocrx_word' id='word_1_513' title='bbox 1702 4090 1824 4144; x_wconf 82' lang='lat' dir='ltr'><strong>Mea</strong></span> <span class='ocrx_word' id='word_1_514' title='bbox 1854 4088 2087 4157; x_wconf 90' lang='lat' dir='ltr'><strong>virtute,</strong></span> <span class='ocrx_word' id='word_1_515' title='bbox 2116 4106 2251 4161; x_wconf 66' lang='lat' dir='ltr'><strong>quas</strong></span> 
     </span>
    </p>
   </div>
   <div class='ocr_carea' id='block_1_75' title="bbox 595 4174 2249 4250">
    <p class='ocr_par' dir='ltr' id='par_1_75' title="bbox 595 4174 2249 4250">
     <span class='ocr_line' id='line_1_75' title="bbox 595 4174 2249 4250; baseline 0.002 -19"><span class='ocrx_word' id='word_1_516' title='bbox 595 4174 803 4231; x_wconf 89' lang='lat' dir='ltr'><strong>omnia</strong></span> <span class='ocrx_word' id='word_1_517' title='bbox 821 4174 1016 4241; x_wconf 89' lang='lat' dir='ltr'><strong>vincit,</strong></span> <span class='ocrx_word' id='word_1_518' title='bbox 1042 4180 1352 4248; x_wconf 88' lang='lat' dir='ltr'><strong>vestraque</strong></span> <span class='ocrx_word' id='word_1_519' title='bbox 1385 4176 1857 4241; x_wconf 85' lang='lat' dir='ltr'><strong>mansuetudine,</strong></span> <span class='ocrx_word' id='word_1_520' title='bbox 1882 4194 2017 4250; x_wconf 64' lang='lat' dir='ltr'><strong>qua;</strong></span> <span class='ocrx_word' id='word_1_521' title='bbox 2047 4184 2104 4232; x_wconf 92' lang='lat' dir='ltr'><strong>ut</strong></span> <span class='ocrx_word' id='word_1_522' title='bbox 2122 4178 2249 4250; x_wconf 89' lang='lat' dir='ltr'><strong>plu-</strong></span> 
     </span>
    </p>
   </div>
   <div class='ocr_carea' id='block_1_76' title="bbox 592 4262 2248 4322">
    <p class='ocr_par' dir='ltr' id='par_1_76' title="bbox 592 4262 2248 4322">
     <span class='ocr_line' id='line_1_76' title="bbox 592 4262 2248 4322; baseline 0.002 -3"><span class='ocrx_word' id='word_1_523' title='bbox 592 4264 815 4320; x_wconf 91' lang='lat' dir='ltr'><strong>rimum</strong></span> <span class='ocrx_word' id='word_1_524' title='bbox 838 4262 1189 4320; x_wconf 86' lang='lat' dir='ltr'><strong>ferocitatem</strong></span> <span class='ocrx_word' id='word_1_525' title='bbox 1218 4280 1287 4321; x_wconf 91' lang='lat' dir='ltr'><strong>ac</strong></span> <span class='ocrx_word' id='word_1_526' title='bbox 1310 4265 1729 4321; x_wconf 89' lang='lat' dir='ltr'><strong>truculentiam</strong></span> <span class='ocrx_word' id='word_1_527' title='bbox 1752 4265 2081 4321; x_wconf 73' lang='lat' dir='ltr'><strong>inﬁdelium</strong></span> <span class='ocrx_word' id='word_1_528' title='bbox 2108 4267 2248 4322; x_wconf 86' lang='lat' dir='ltr'><strong>sub-</strong></span> 
     </span>
    </p>
   </div>
   <div class='ocr_carea' id='block_1_77' title="bbox 595 4353 2251 4429">
    <p class='ocr_par' dir='ltr' id='par_1_77' title="bbox 595 4353 2251 4429">
     <span class='ocr_line' id='line_1_77' title="bbox 595 4353 2251 4429; baseline 0.003 -22"><span class='ocrx_word' id='word_1_529' title='bbox 595 4353 1002 4423; x_wconf 86' lang='lat' dir='ltr'><strong>mittit.Neque</strong></span> <span class='ocrx_word' id='word_1_530' title='bbox 1014 4354 1177 4409; x_wconf 92' lang='lat' dir='ltr'><strong>enim</strong></span> <span class='ocrx_word' id='word_1_531' title='bbox 1192 4353 1466 4410; x_wconf 87' lang='lat' dir='ltr'><strong>ferocitas</strong></span> <span class='ocrx_word' id='word_1_532' title='bbox 1482 4370 1586 4426; x_wconf 89' lang='lat' dir='ltr'><strong>per</strong></span> <span class='ocrx_word' id='word_1_533' title='bbox 1606 4354 1995 4421; x_wconf 85' lang='lat' dir='ltr'><strong>ferocitatem,</strong></span> <span class='ocrx_word' id='word_1_534' title='bbox 2016 4356 2117 4411; x_wconf 91' lang='lat' dir='ltr'><strong>sed</strong></span> <span class='ocrx_word' id='word_1_535' title='bbox 2147 4372 2251 4429; x_wconf 91' lang='lat' dir='ltr'><strong>per</strong></span> 
     </span>
    </p>
   </div>
   <div class='ocr_carea' id='block_1_78' title="bbox 592 4442 2248 4517">
    <p class='ocr_par' dir='ltr' id='par_1_78' title="bbox 592 4442 2248 4517">
     <span class='ocr_line' id='line_1_78' title="bbox 592 4442 2248 4517; baseline 0.002 -20"><span class='ocrx_word' id='word_1_536' title='bbox 592 4442 1116 4497; x_wconf 88' lang='lat' dir='ltr'><strong>mansuetudinem</strong></span> <span class='ocrx_word' id='word_1_537' title='bbox 1156 4442 1423 4498; x_wconf 86' lang='lat' dir='ltr'><strong>submitti</strong></span> <span class='ocrx_word' id='word_1_538' title='bbox 1451 4444 1623 4498; x_wconf 92' lang='lat' dir='ltr'><strong>solet.</strong></span> <span class='ocrx_word' id='word_1_539' title='bbox 1674 4445 1823 4500; x_wconf 77' lang='lat' dir='ltr'><strong>Nam</strong></span> <span class='ocrx_word' id='word_1_540' title='bbox 1853 4451 2085 4517; x_wconf 88' lang='lat' dir='ltr'><strong>oportet</strong></span> <span class='ocrx_word' id='word_1_541' title='bbox 2110 4462 2248 4502; x_wconf 91' lang='lat' dir='ltr'><strong>eum</strong></span> 
     </span>
    </p>
   </div>
   <div class='ocr_carea' id='block_1_79' title="bbox 596 4512 2325 4606">
    <p class='ocr_par' dir='ltr' id='par_1_79' title="bbox 596 4512 2325 4606">
     <span class='ocr_line' id='line_1_79' title="bbox 596 4512 2325 4606; baseline 0.003 -22"><span class='ocrx_word' id='word_1_542' title='bbox 596 4528 692 4599; x_wconf 89' lang='lat' dir='ltr'><strong>qui</strong></span> <span class='ocrx_word' id='word_1_543' title='bbox 726 4529 994 4584; x_wconf 89' lang='lat' dir='ltr'><strong>medetur</strong></span> <span class='ocrx_word' id='word_1_544' title='bbox 1022 4529 1273 4600; x_wconf 90' lang='lat' dir='ltr'><strong>insanis,</strong></span> <span class='ocrx_word' id='word_1_545' title='bbox 1306 4532 1594 4602; x_wconf 89' lang='lat' dir='ltr'><strong>patienter</strong></span> <span class='ocrx_word' id='word_1_546' title='bbox 1639 4531 1874 4588; x_wconf 88' lang='lat' dir='ltr'><strong>illorum</strong></span> <span class='ocrx_word' id='word_1_547' title='bbox 1895 4512 2050 4590; x_wconf 80' lang='lat' dir='ltr'><strong>ferre</strong></span> <span class='ocrx_word' id='word_1_548' title='bbox 2095 4534 2247 4606; x_wconf 90' lang='lat' dir='ltr'><strong>inju-</strong></span> <span class='ocrx_word' id='word_1_549' title='bbox 2281 4512 2325 4566; x_wconf 81' lang='lat' dir='ltr'><strong>D</strong></span> 
     </span>
    </p>
   </div>
   <div class='ocr_carea' id='block_1_80' title="bbox 593 4616 2248 4688">
    <p class='ocr_par' dir='ltr' id='par_1_80' title="bbox 593 4616 2248 4688">
     <span class='ocr_line' id='line_1_80' title="bbox 593 4616 2248 4688; baseline 0.005 -16"><span class='ocrx_word' id='word_1_550' title='bbox 593 4618 732 4683; x_wconf 90' lang='lat' dir='ltr'><strong>rias,</strong></span> <span class='ocrx_word' id='word_1_551' title='bbox 771 4616 962 4672; x_wconf 89' lang='lat' dir='ltr'><strong>solam</strong></span> <span class='ocrx_word' id='word_1_552' title='bbox 995 4635 1107 4688; x_wconf 70' lang='lat' dir='ltr'><strong>pra:</strong></span> <span class='ocrx_word' id='word_1_553' title='bbox 1143 4618 1329 4675; x_wconf 89' lang='lat' dir='ltr'><strong>oculis</strong></span> <span class='ocrx_word' id='word_1_554' title='bbox 1388 4620 1669 4677; x_wconf 89' lang='lat' dir='ltr'><strong>habendo</strong></span> <span class='ocrx_word' id='word_1_555' title='bbox 1722 4621 2144 4679; x_wconf 89' lang='lat' dir='ltr'><strong>liberationem</strong></span> <span class='ocrx_word' id='word_1_556' title='bbox 2172 4624 2248 4680; x_wconf 91' lang='lat' dir='ltr'><strong>ab</strong></span> 
     </span>
    </p>
   </div>
   <div class='ocr_carea' id='block_1_81' title="bbox 593 4705 2247 4778">
    <p class='ocr_par' dir='ltr' id='par_1_81' title="bbox 593 4705 2247 4778">
     <span class='ocr_line' id='line_1_81' title="bbox 593 4705 2247 4778; baseline 0.004 -17"><span class='ocrx_word' id='word_1_557' title='bbox 593 4705 849 4761; x_wconf 90' lang='lat' dir='ltr'><strong>insania.</strong></span> <span class='ocrx_word' id='word_1_558' title='bbox 894 4706 959 4761; x_wconf 87' lang='lat' dir='ltr'><strong>Et</strong></span> <span class='ocrx_word' id='word_1_559' title='bbox 995 4723 1105 4762; x_wconf 89' lang='lat' dir='ltr'><strong>nos</strong></span> <span class='ocrx_word' id='word_1_560' title='bbox 1144 4722 1287 4778; x_wconf 84' lang='lat' dir='ltr'><strong>ergo</strong></span> <span class='ocrx_word' id='word_1_561' title='bbox 1326 4709 1438 4764; x_wconf 90' lang='lat' dir='ltr'><strong>nisi</strong></span> <span class='ocrx_word' id='word_1_562' title='bbox 1482 4711 1688 4766; x_wconf 90' lang='lat' dir='ltr'><strong>ovium</strong></span> <span class='ocrx_word' id='word_1_563' title='bbox 1720 4712 2247 4769; x_wconf 90' lang='lat' dir='ltr'><strong>mansuetudinem</strong></span> 
     </span>
    </p>
   </div>
   <div class='ocr_carea' id='block_1_82' title="bbox 594 4794 2245 4872">
    <p class='ocr_par' dir='ltr' id='par_1_82' title="bbox 594 4794 2245 4872">
     <span class='ocr_line' id='line_1_82' title="bbox 594 4794 2245 4872; baseline 0.004 -21"><span class='ocrx_word' id='word_1_564' title='bbox 594 4794 879 4851; x_wconf 88' lang='lat' dir='ltr'><strong>adversus</strong></span> <span class='ocrx_word' id='word_1_565' title='bbox 944 4794 1307 4852; x_wconf 88' lang='lat' dir='ltr'><strong>ferocitatem</strong></span> <span class='ocrx_word' id='word_1_566' title='bbox 1366 4797 1623 4865; x_wconf 92' lang='lat' dir='ltr'><strong>illorum,</strong></span> <span class='ocrx_word' id='word_1_567' title='bbox 1667 4800 1771 4872; x_wconf 91' lang='lat' dir='ltr'><strong>qui</strong></span> <span class='ocrx_word' id='word_1_568' title='bbox 1829 4815 1938 4855; x_wconf 92' lang='lat' dir='ltr'><strong>nos</strong></span> <span class='ocrx_word' id='word_1_569' title='bbox 2003 4800 2245 4869; x_wconf 66' lang='lat' dir='ltr'><strong>laedunt,</strong></span> 
     </span>
    </p>
   </div>
   <div class='ocr_carea' id='block_1_83' title="bbox 591 4884 2249 4960">
    <p class='ocr_par' dir='ltr' id='par_1_83' title="bbox 591 4884 2249 4960">
     <span class='ocr_line' id='line_1_83' title="bbox 591 4884 2249 4960; baseline 0.005 -21"><span class='ocrx_word' id='word_1_570' title='bbox 591 4884 1105 4957; x_wconf 84' lang='lat' dir='ltr'><strong>proposuerimus,</strong></span> <span class='ocrx_word' id='word_1_571' title='bbox 1138 4901 1525 4960; x_wconf 88' lang='lat' dir='ltr'><strong>nequaquam</strong></span> <span class='ocrx_word' id='word_1_572' title='bbox 1558 4889 1816 4960; x_wconf 87' lang='lat' dir='ltr'><strong>pastoris</strong></span> <span class='ocrx_word' id='word_1_573' title='bbox 1868 4890 2055 4945; x_wconf 90' lang='lat' dir='ltr'><strong>nostri</strong></span> <span class='ocrx_word' id='word_1_574' title='bbox 2084 4892 2249 4947; x_wconf 83' lang='lat' dir='ltr'><strong>auxi-</strong></span> 
     </span>
    </p>
   </div>
   <div class='ocr_carea' id='block_1_84' title="bbox 589 4970 2247 5054">
    <p class='ocr_par' dir='ltr' id='par_1_84' title="bbox 589 4970 2247 5054">
     <span class='ocr_line' id='line_1_84' title="bbox 589 4970 2247 5054; baseline 0.006 -26"><span class='ocrx_word' id='word_1_575' title='bbox 589 4970 737 5030; x_wconf 89' lang='lat' dir='ltr'><strong>lium</strong></span> <span class='ocrx_word' id='word_1_576' title='bbox 775 4972 1032 5031; x_wconf 90' lang='lat' dir='ltr'><strong>habituri</strong></span> <span class='ocrx_word' id='word_1_577' title='bbox 1063 4991 1291 5032; x_wconf 90' lang='lat' dir='ltr'><strong>sumus.</strong></span> <span class='ocrx_word' id='word_1_578' title='bbox 1324 4977 1633 5051; x_wconf 89' lang='lat' dir='ltr'><strong>Siquidem</strong></span> <span class='ocrx_word' id='word_1_579' title='bbox 1672 4979 1901 5051; x_wconf 86' lang='lat' dir='ltr'><strong>ovium,</strong></span> <span class='ocrx_word' id='word_1_580' title='bbox 1928 4994 2052 5036; x_wconf 92' lang='lat' dir='ltr'><strong>non</strong></span> <span class='ocrx_word' id='word_1_581' title='bbox 2077 4980 2247 5054; x_wconf 90' lang='lat' dir='ltr'><strong>lupo-</strong></span> 
     </span>
    </p>
   </div>
   <div class='ocr_carea' id='block_1_85' title="bbox 589 5066 1129 5137">
    <p class='ocr_par' dir='ltr' id='par_1_85' title="bbox 589 5066 1129 5137">
     <span class='ocr_line' id='line_1_85' title="bbox 589 5066 1129 5137; baseline 0.002 -16"><span class='ocrx_word' id='word_1_582' title='bbox 589 5078 748 5130; x_wconf 91' lang='lat' dir='ltr'><strong>rum,</strong></span> <span class='ocrx_word' id='word_1_583' title='bbox 777 5066 984 5137; x_wconf 89' lang='lat' dir='ltr'><strong>pastor</strong></span> <span class='ocrx_word' id='word_1_584' title='bbox 1011 5067 1129 5122; x_wconf 90' lang='lat' dir='ltr'><strong>est.</strong></span> 
     </span>
    </p>
   </div>
   <div class='ocr_carea' id='block_1_86' title="bbox 2366 3189 3957 3271">
    <p class='ocr_par' dir='ltr' id='par_1_86' title="bbox 2366 3189 3957 3271">
     <span class='ocr_line' id='line_1_86' title="bbox 2366 3189 3957 3271; baseline -0.004 -23"><span class='ocrx_word' id='word_1_585' title='bbox 2366 3198 2603 3271; x_wconf 78' lang='grc' dir='ltr'>ὕστερον.</span> <span class='ocrx_word' id='word_1_586' title='bbox 2655 3202 2860 3268; x_wconf 84' lang='grc' dir='ltr'>Πρῶτον</span> <span class='ocrx_word' id='word_1_587' title='bbox 2906 3196 3017 3265; x_wconf 73' lang='grc' dir='ltr'>μὲν,</span> <span class='ocrx_word' id='word_1_588' title='bbox 3079 3195 3161 3245; x_wconf 84' lang='grc' dir='ltr'>ἵνα</span> <span class='ocrx_word' id='word_1_589' title='bbox 3203 3195 3414 3265; x_wconf 79' lang='grc' dir='ltr'>μάθωσι</span> <span class='ocrx_word' id='word_1_590' title='bbox 3466 3198 3559 3251; x_wconf 79' lang='grc' dir='ltr'>τήν</span> <span class='ocrx_word' id='word_1_591' title='bbox 3611 3189 3834 3265; x_wconf 80' lang='grc' dir='ltr'>δύναμιν</span> <span class='ocrx_word' id='word_1_592' title='bbox 3874 3198 3957 3251; x_wconf 77' lang='grc' dir='ltr'>τῆς</span> 
     </span>
    </p>
   </div>
   <div class='ocr_carea' id='block_1_87' title="bbox 2366 3278 3954 3360">
    <p class='ocr_par' dir='ltr' id='par_1_87' title="bbox 2366 3278 3954 3360">
     <span class='ocr_line' id='line_1_87' title="bbox 2366 3278 3954 3360; baseline -0.001 -22"><span class='ocrx_word' id='word_1_593' title='bbox 2366 3291 2706 3360; x_wconf 78' lang='grc' dir='ltr'>προγνώσεως</span> <span class='ocrx_word' id='word_1_594' title='bbox 2754 3284 2914 3336; x_wconf 75' lang='grc' dir='ltr'>αὑτοῦ</span> <span class='ocrx_word' id='word_1_595' title='bbox 2946 3301 2956 3311; x_wconf 91' lang='grc'><strong>·</strong></span> <span class='ocrx_word' id='word_1_596' title='bbox 2994 3279 3232 3356; x_wconf 78' lang='grc' dir='ltr'>δεύτερον</span> <span class='ocrx_word' id='word_1_597' title='bbox 3279 3278 3357 3352; x_wconf 66' lang='grc' dir='ltr'><strong>δὲ,</strong></span> <span class='ocrx_word' id='word_1_598' title='bbox 3394 3282 3476 3333; x_wconf 83' lang='grc' dir='ltr'>ἶνα</span> <span class='ocrx_word' id='word_1_599' title='bbox 3521 3283 3843 3353; x_wconf 73' lang='grc' dir='ltr'>πάσχοντες,</span> <span class='ocrx_word' id='word_1_600' title='bbox 3892 3284 3954 3351; x_wconf 71' lang='grc' dir='ltr'>μή</span> 
     </span>
    </p>
   </div>
   <div class='ocr_carea' id='block_1_88' title="bbox 2367 3369 3961 3443">
    <p class='ocr_par' dir='ltr' id='par_1_88' title="bbox 2367 3369 3961 3443">
     <span class='ocr_line' id='line_1_88' title="bbox 2367 3369 3961 3443; baseline -0.006 -16"><span class='ocrx_word' id='word_1_601' title='bbox 2367 3376 2719 3438; x_wconf 86' lang='grc' dir='ltr'>υποπτεύωσι,</span> <span class='ocrx_word' id='word_1_602' title='bbox 2806 3369 2879 3424; x_wconf 78' lang='grc' dir='ltr'><strong>δι’</strong></span> <span class='ocrx_word' id='word_1_603' title='bbox 2950 3371 3213 3424; x_wconf 78' lang='grc' dir='ltr'>ἀσθένειαν</span> <span class='ocrx_word' id='word_1_604' title='bbox 3273 3378 3362 3423; x_wconf 81' lang='grc' dir='ltr'><strong>τού</strong></span> <span class='ocrx_word' id='word_1_605' title='bbox 3432 3370 3735 3443; x_wconf 71' lang='grc' dir='ltr'>πέμψαντος</span> <span class='ocrx_word' id='word_1_606' title='bbox 3808 3377 3961 3422; x_wconf 69' lang='grc' dir='ltr'>ταῦτα</span> 
     </span>
    </p>
   </div>
   <div class='ocr_carea' id='block_1_89' title="bbox 2367 3461 3959 3537">
    <p class='ocr_par' dir='ltr' id='par_1_89' title="bbox 2367 3461 3959 3537">
     <span class='ocr_line' id='line_1_89' title="bbox 2367 3461 3959 3537; baseline -0.004 -20"><span class='ocrx_word' id='word_1_607' title='bbox 2367 3468 2596 3536; x_wconf 81' lang='grc' dir='ltr'>πάσχειν</span> <span class='ocrx_word' id='word_1_608' title='bbox 2646 3481 2657 3492; x_wconf 84' lang='lat'><strong>&#39;</strong></span> <span class='ocrx_word' id='word_1_609' title='bbox 2700 3467 2894 3537; x_wconf 64' lang='grc' dir='ltr'>τρίτον,</span> <span class='ocrx_word' id='word_1_610' title='bbox 2947 3463 3029 3513; x_wconf 82' lang='grc' dir='ltr'>ἵνα</span> <span class='ocrx_word' id='word_1_611' title='bbox 3080 3465 3485 3536; x_wconf 80' lang='grc' dir='ltr'>προακηκοότες,</span> <span class='ocrx_word' id='word_1_612' title='bbox 3543 3462 3623 3511; x_wconf 85' lang='grc' dir='ltr'>ὅτι</span> <span class='ocrx_word' id='word_1_613' title='bbox 3671 3461 3959 3515; x_wconf 76' lang='grc' dir='ltr'>κακοπαθή-</span> 
     </span>
    </p>
   </div>
   <div class='ocr_carea' id='block_1_90' title="bbox 2368 3545 3963 3627">
    <p class='ocr_par' dir='ltr' id='par_1_90' title="bbox 2368 3545 3963 3627">
     <span class='ocr_line' id='line_1_90' title="bbox 2368 3545 3963 3627; baseline -0.005 -21"><span class='ocrx_word' id='word_1_614' title='bbox 2368 3573 2544 3619; x_wconf 89' lang='grc' dir='ltr'>σουσι,</span> <span class='ocrx_word' id='word_1_615' title='bbox 2592 3554 2715 3627; x_wconf 79' lang='grc' dir='ltr'>ῥᾷον</span> <span class='ocrx_word' id='word_1_616' title='bbox 2767 3556 2879 3603; x_wconf 90' lang='grc' dir='ltr'>τότε</span> <span class='ocrx_word' id='word_1_617' title='bbox 2936 3552 3149 3623; x_wconf 70' lang='grc' dir='ltr'>φέροιεν.</span> <span class='ocrx_word' id='word_1_618' title='bbox 3208 3545 3368 3619; x_wconf 74' lang='grc' dir='ltr'>Ἰδού,</span> <span class='ocrx_word' id='word_1_619' title='bbox 3430 3554 3609 3621; x_wconf 73' lang='grc' dir='ltr'>φησὶν,</span> <span class='ocrx_word' id='word_1_620' title='bbox 3680 3547 3783 3619; x_wconf 76' lang='grc' dir='ltr'><strong>ἐγὼ</strong></span> <span class='ocrx_word' id='word_1_621' title='bbox 3844 3547 3963 3599; x_wconf 79' lang='grc' dir='ltr'>ἁπο-</span> 
     </span>
    </p>
   </div>
   <div class='ocr_carea' id='block_1_91' title="bbox 2367 3636 3963 3714">
    <p class='ocr_par' dir='ltr' id='par_1_91' title="bbox 2367 3636 3963 3714">
     <span class='ocr_line' id='line_1_91' title="bbox 2367 3636 3963 3714; baseline -0.006 -19"><span class='ocrx_word' id='word_1_622' title='bbox 2367 3642 2555 3695; x_wconf 69' lang='grc' dir='ltr'>στελλω</span> <span class='ocrx_word' id='word_1_623' title='bbox 2612 3643 2767 3714; x_wconf 79' lang='grc' dir='ltr'>ὑμᾶς,</span> <span class='ocrx_word' id='word_1_624' title='bbox 2827 3641 2896 3701; x_wconf 85' lang='grc' dir='ltr'>ὡς</span> <span class='ocrx_word' id='word_1_625' title='bbox 2952 3637 3189 3713; x_wconf 82' lang='grc' dir='ltr'>πρόϐατα</span> <span class='ocrx_word' id='word_1_626' title='bbox 3247 3637 3294 3690; x_wconf 76' lang='grc' dir='ltr'>ἐν</span> <span class='ocrx_word' id='word_1_627' title='bbox 3349 3642 3490 3709; x_wconf 85' lang='grc' dir='ltr'>μέσῳ</span> <span class='ocrx_word' id='word_1_628' title='bbox 3546 3636 3713 3688; x_wconf 88' lang='grc' dir='ltr'>λύκων</span> <span class='ocrx_word' id='word_1_629' title='bbox 3746 3655 3757 3667; x_wconf 87' lang='grc'><strong>·</strong></span> <span class='ocrx_word' id='word_1_630' title='bbox 3802 3636 3897 3707; x_wconf 78' lang='grc' dir='ltr'><strong>ἐγὼ</strong></span> <span class='ocrx_word' id='word_1_631' title='bbox 3942 3637 3963 3685; x_wconf 89' lang='grc' dir='ltr'><strong>ό</strong></span> 
     </span>
    </p>
   </div>
   <div class='ocr_carea' id='block_1_92' title="bbox 2363 3723 3967 3802">
    <p class='ocr_par' dir='ltr' id='par_1_92' title="bbox 2363 3723 3967 3802">
     <span class='ocr_line' id='line_1_92' title="bbox 2363 3723 3967 3802; baseline -0.006 -17"><span class='ocrx_word' id='word_1_632' title='bbox 2363 3734 2533 3785; x_wconf 75' lang='grc' dir='ltr'>πάντα</span> <span class='ocrx_word' id='word_1_633' title='bbox 2581 3726 2901 3802; x_wconf 73' lang='grc' dir='ltr'>δυνάμενος·</span> <span class='ocrx_word' id='word_1_634' title='bbox 2955 3730 3089 3780; x_wconf 84' lang='grc' dir='ltr'>ὥστε</span> <span class='ocrx_word' id='word_1_635' title='bbox 3138 3723 3426 3779; x_wconf 72' lang='grc' dir='ltr'>δάκνεσθαι</span> <span class='ocrx_word' id='word_1_636' title='bbox 3481 3727 3631 3798; x_wconf 84' lang='grc' dir='ltr'>ὑμᾶς,</span> <span class='ocrx_word' id='word_1_637' title='bbox 3689 3732 3781 3778; x_wconf 79' lang='grc' dir='ltr'>καὶ</span> <span class='ocrx_word' id='word_1_638' title='bbox 3838 3745 3967 3777; x_wconf 88' lang='grc' dir='ltr'>σπα-</span> 
     </span>
    </p>
   </div>
   <div class='ocr_carea' id='block_1_93' title="bbox 2362 3813 3966 3895">
    <p class='ocr_par' dir='ltr' id='par_1_93' title="bbox 2362 3813 3966 3895">
     <span class='ocr_line' id='line_1_93' title="bbox 2362 3813 3966 3895; baseline -0.006 -21"><span class='ocrx_word' id='word_1_639' title='bbox 2362 3822 2646 3895; x_wconf 82' lang='grc' dir='ltr'>ράττεσθαι</span> <span class='ocrx_word' id='word_1_640' title='bbox 2697 3820 2839 3891; x_wconf 86' lang='grc' dir='ltr'><strong>παρὰ</strong></span> <span class='ocrx_word' id='word_1_641' title='bbox 2886 3825 2984 3869; x_wconf 86' lang='grc' dir='ltr'>τῶν</span> <span class='ocrx_word' id='word_1_642' title='bbox 3039 3814 3487 3880; x_wconf 80' lang='grc' dir='ltr'>ἐπιϐουλευόντων,</span> <span class='ocrx_word' id='word_1_643' title='bbox 3548 3818 3619 3887; x_wconf 79' lang='grc' dir='ltr'>μὴ</span> <span class='ocrx_word' id='word_1_644' title='bbox 3682 3813 3966 3887; x_wconf 81' lang='grc' dir='ltr'>ἀμύνεσθαι</span> 
     </span>
    </p>
   </div>
   <div class='ocr_carea' id='block_1_94' title="bbox 2365 3902 3965 3982">
    <p class='ocr_par' dir='ltr' id='par_1_94' title="bbox 2365 3902 3965 3982">
     <span class='ocr_line' id='line_1_94' title="bbox 2365 3902 3965 3982; baseline -0.006 -19"><span class='ocrx_word' id='word_1_645' title='bbox 2365 3906 2442 3977; x_wconf 72' lang='grc' dir='ltr'><strong>δὲ,</strong></span> <span class='ocrx_word' id='word_1_646' title='bbox 2511 3904 2641 3982; x_wconf 83' lang='grc' dir='ltr'>μηδ’</span> <span class='ocrx_word' id='word_1_647' title='bbox 2697 3906 3085 3979; x_wconf 79' lang='grc' dir='ltr'>ἀντιμοὶχεσθαι</span> <span class='ocrx_word' id='word_1_648' title='bbox 3141 3912 3254 3966; x_wconf 88' lang='grc' dir='ltr'>ταῖς</span> <span class='ocrx_word' id='word_1_649' title='bbox 3330 3908 3492 3978; x_wconf 82' lang='grc' dir='ltr'>χερσί</span> <span class='ocrx_word' id='word_1_650' title='bbox 3529 3920 3542 3969; x_wconf 89' lang='grc'>;</span> <span class='ocrx_word' id='word_1_651' title='bbox 3574 3907 3715 3955; x_wconf 90' lang='grc' dir='ltr'>Διότι</span> <span class='ocrx_word' id='word_1_652' title='bbox 3781 3902 3965 3975; x_wconf 86' lang='grc' dir='ltr'>μᾶλλον</span> 
     </span>
    </p>
   </div>
   <div class='ocr_carea' id='block_1_95' title="bbox 2363 3991 3964 4066">
    <p class='ocr_par' dir='ltr' id='par_1_95' title="bbox 2363 3991 3964 4066">
     <span class='ocr_line' id='line_1_95' title="bbox 2363 3991 3964 4066; baseline -0.005 -16"><span class='ocrx_word' id='word_1_653' title='bbox 2363 4001 2497 4050; x_wconf 79' lang='grc' dir='ltr'>οὕτω</span> <span class='ocrx_word' id='word_1_654' title='bbox 2574 4001 2806 4055; x_wconf 77' lang='grc' dir='ltr'>νικήσετε</span> <span class='ocrx_word' id='word_1_655' title='bbox 2885 3998 2974 4046; x_wconf 84' lang='grc' dir='ltr'><strong>καὶ</strong></span> <span class='ocrx_word' id='word_1_656' title='bbox 3044 3992 3376 4066; x_wconf 78' lang='grc' dir='ltr'>μεταϐαλείτε</span> <span class='ocrx_word' id='word_1_657' title='bbox 3456 3996 3577 4054; x_wconf 77' lang='grc' dir='ltr'>τοὺς</span> <span class='ocrx_word' id='word_1_658' title='bbox 3651 3991 3836 4053; x_wconf 79' lang='grc' dir='ltr'>λύκους</span> <span class='ocrx_word' id='word_1_659' title='bbox 3899 3991 3964 4051; x_wconf 81' lang='grc' dir='ltr'>εἰς</span> 
     </span>
    </p>
   </div>
   <div class='ocr_carea' id='block_1_96' title="bbox 2363 4079 3963 4161">
    <p class='ocr_par' dir='ltr' id='par_1_96' title="bbox 2363 4079 3963 4161">
     <span class='ocr_line' id='line_1_96' title="bbox 2363 4079 3963 4161; baseline -0.006 -21"><span class='ocrx_word' id='word_1_660' title='bbox 2363 4086 2619 4161; x_wconf 75' lang='grc' dir='ltr'>πρόϐατα.</span> <span class='ocrx_word' id='word_1_661' title='bbox 2653 4092 2764 4144; x_wconf 88' lang='grc' dir='ltr'><strong>Πῶς</strong></span> <span class='ocrx_word' id='word_1_662' title='bbox 2796 4101 2810 4149; x_wconf 88' lang='lat'><strong>;</strong></span> <span class='ocrx_word' id='word_1_663' title='bbox 2840 4086 2945 4143; x_wconf 79' lang='grc' dir='ltr'><strong>Τῆς</strong></span> <span class='ocrx_word' id='word_1_664' title='bbox 2977 4082 3104 4154; x_wconf 83' lang='grc' dir='ltr'>ἐμῆς</span> <span class='ocrx_word' id='word_1_665' title='bbox 3158 4079 3424 4154; x_wconf 75' lang='grc' dir='ltr'>δυνάμεως</span> <span class='ocrx_word' id='word_1_666' title='bbox 3462 4085 3518 4133; x_wconf 87' lang='grc' dir='ltr'>τὸ</span> <span class='ocrx_word' id='word_1_667' title='bbox 3574 4086 3674 4134; x_wconf 88' lang='grc' dir='ltr'>πᾶν</span> <span class='ocrx_word' id='word_1_668' title='bbox 3707 4100 3963 4155; x_wconf 84' lang='grc' dir='ltr'>κατεργα-</span> 
     </span>
    </p>
   </div>
   <div class='ocr_carea' id='block_1_97' title="bbox 2364 4167 3962 4247">
    <p class='ocr_par' dir='ltr' id='par_1_97' title="bbox 2364 4167 3962 4247">
     <span class='ocr_line' id='line_1_97' title="bbox 2364 4167 3962 4247; baseline -0.004 -20"><span class='ocrx_word' id='word_1_669' title='bbox 2364 4176 2597 4247; x_wconf 81' lang='grc' dir='ltr'>ζομένης,</span> <span class='ocrx_word' id='word_1_670' title='bbox 2657 4179 2745 4225; x_wconf 84' lang='grc' dir='ltr'><strong>καὶ</strong></span> <span class='ocrx_word' id='word_1_671' title='bbox 2805 4181 2901 4235; x_wconf 84' lang='grc' dir='ltr'>τῆς</span> <span class='ocrx_word' id='word_1_672' title='bbox 2945 4173 3189 4245; x_wconf 76' lang='grc' dir='ltr'>ὑμετέρας</span> <span class='ocrx_word' id='word_1_673' title='bbox 3239 4167 3296 4223; x_wconf 73' lang='grc' dir='ltr'><strong>δὲ</strong></span> <span class='ocrx_word' id='word_1_674' title='bbox 3345 4175 3639 4245; x_wconf 86' lang='grc' dir='ltr'>πραότητος</span> <span class='ocrx_word' id='word_1_675' title='bbox 3690 4169 3962 4242; x_wconf 83' lang='grc' dir='ltr'>χαλώσης,</span> 
     </span>
    </p>
   </div>
   <div class='ocr_carea' id='block_1_98' title="bbox 2362 4258 3960 4333">
    <p class='ocr_par' dir='ltr' id='par_1_98' title="bbox 2362 4258 3960 4333">
     <span class='ocr_line' id='line_1_98' title="bbox 2362 4258 3960 4333; baseline -0.005 -18"><span class='ocrx_word' id='word_1_676' title='bbox 2362 4268 2430 4326; x_wconf 85' lang='grc' dir='ltr'>ὡς</span> <span class='ocrx_word' id='word_1_677' title='bbox 2476 4267 2539 4317; x_wconf 82' lang='grc' dir='ltr'>τὰ</span> <span class='ocrx_word' id='word_1_678' title='bbox 2586 4262 2769 4322; x_wconf 78' lang='grc' dir='ltr'>πολλὰ,</span> <span class='ocrx_word' id='word_1_679' title='bbox 2820 4264 2877 4315; x_wconf 84' lang='grc' dir='ltr'>τὸ</span> <span class='ocrx_word' id='word_1_680' title='bbox 2927 4263 3106 4333; x_wconf 81' lang='grc' dir='ltr'>ἄγριον</span> <span class='ocrx_word' id='word_1_681' title='bbox 3158 4280 3247 4312; x_wconf 86' lang='grc' dir='ltr'><strong>και</strong></span> <span class='ocrx_word' id='word_1_682' title='bbox 3307 4263 3512 4331; x_wconf 81' lang='grc' dir='ltr'>φονικὸν</span> <span class='ocrx_word' id='word_1_683' title='bbox 3559 4267 3658 4311; x_wconf 85' lang='grc' dir='ltr'>τῶν</span> <span class='ocrx_word' id='word_1_684' title='bbox 3713 4258 3960 4311; x_wconf 80' lang='grc' dir='ltr'>ἀπίστων.</span> 
     </span>
    </p>
   </div>
   <div class='ocr_carea' id='block_1_99' title="bbox 2362 4347 3965 4427">
    <p class='ocr_par' dir='ltr' id='par_1_99' title="bbox 2362 4347 3965 4427">
     <span class='ocr_line' id='line_1_99' title="bbox 2362 4347 3965 4427; baseline -0.006 -21"><span class='ocrx_word' id='word_1_685' title='bbox 2362 4354 2437 4407; x_wconf 83' lang='grc' dir='ltr'><strong>Ού</strong></span> <span class='ocrx_word' id='word_1_686' title='bbox 2492 4356 2593 4427; x_wconf 75' lang='grc' dir='ltr'>γὰρ</span> <span class='ocrx_word' id='word_1_687' title='bbox 2649 4354 2942 4426; x_wconf 86' lang='grc' dir='ltr'>θρασύτητι</span> <span class='ocrx_word' id='word_1_688' title='bbox 2998 4351 3285 4423; x_wconf 87' lang='grc' dir='ltr'>θρασύτης,</span> <span class='ocrx_word' id='word_1_689' title='bbox 3348 4348 3454 4400; x_wconf 80' lang='grc' dir='ltr'>ἀλλ’</span> <span class='ocrx_word' id='word_1_690' title='bbox 3510 4347 3756 4420; x_wconf 78' lang='grc' dir='ltr'>ἐπιεικείᾳ</span> <span class='ocrx_word' id='word_1_691' title='bbox 3813 4365 3965 4399; x_wconf 88' lang='grc' dir='ltr'>κατα-</span> 
     </span>
    </p>
   </div>
   <div class='ocr_carea' id='block_1_100' title="bbox 2364 4437 3965 4513">
    <p class='ocr_par' dir='ltr' id='par_1_100' title="bbox 2364 4437 3965 4513">
     <span class='ocr_line' id='line_1_100' title="bbox 2364 4437 3965 4513; baseline -0.005 -19"><span class='ocrx_word' id='word_1_692' title='bbox 2364 4442 2663 4495; x_wconf 72' lang='grc' dir='ltr'>στελλεσθαι</span> <span class='ocrx_word' id='word_1_693' title='bbox 2721 4442 2882 4495; x_wconf 86' lang='grc' dir='ltr'>είωθε.</span> <span class='ocrx_word' id='word_1_694' title='bbox 2944 4443 3059 4512; x_wconf 81' lang='grc' dir='ltr'><strong>Χρὴ</strong></span> <span class='ocrx_word' id='word_1_695' title='bbox 3121 4441 3222 4513; x_wconf 83' lang='grc' dir='ltr'>γὰρ</span> <span class='ocrx_word' id='word_1_696' title='bbox 3287 4441 3371 4489; x_wconf 82' lang='grc' dir='ltr'><strong>τόν</strong></span> <span class='ocrx_word' id='word_1_697' title='bbox 3442 4437 3741 4510; x_wconf 80' lang='grc' dir='ltr'>ἰατρεύοντα</span> <span class='ocrx_word' id='word_1_698' title='bbox 3806 4456 3965 4509; x_wconf 84' lang='grc' dir='ltr'>μεμη-</span> 
     </span>
    </p>
   </div>
   <div class='ocr_carea' id='block_1_101' title="bbox 2360 4525 3962 4606">
    <p class='ocr_par' dir='ltr' id='par_1_101' title="bbox 2360 4525 3962 4606">
     <span class='ocr_line' id='line_1_101' title="bbox 2360 4525 3962 4606; baseline -0.006 -23"><span class='ocrx_word' id='word_1_699' title='bbox 2360 4537 2509 4595; x_wconf 89' lang='grc' dir='ltr'>νότας</span> <span class='ocrx_word' id='word_1_700' title='bbox 2588 4532 2939 4606; x_wconf 81' lang='grc' dir='ltr'>μακροθύμως</span> <span class='ocrx_word' id='word_1_701' title='bbox 3014 4532 3178 4601; x_wconf 74' lang='grc' dir='ltr'>φέρειν</span> <span class='ocrx_word' id='word_1_702' title='bbox 3258 4529 3346 4589; x_wconf 83' lang='grc' dir='ltr'>τὰς</span> <span class='ocrx_word' id='word_1_703' title='bbox 3422 4530 3695 4600; x_wconf 86' lang='grc' dir='ltr'>παροινίας</span> <span class='ocrx_word' id='word_1_704' title='bbox 3777 4525 3962 4591; x_wconf 75' lang='grc' dir='ltr'>αὐτῶν,</span> 
     </span>
    </p>
   </div>
   <div class='ocr_carea' id='block_1_102' title="bbox 2359 4614 3965 4695">
    <p class='ocr_par' dir='ltr' id='par_1_102' title="bbox 2359 4614 3965 4695">
     <span class='ocr_line' id='line_1_102' title="bbox 2359 4614 3965 4695; baseline -0.007 -20"><span class='ocrx_word' id='word_1_705' title='bbox 2359 4625 2487 4695; x_wconf 80' lang='grc' dir='ltr'>πρὸς</span> <span class='ocrx_word' id='word_1_706' title='bbox 2526 4625 2685 4694; x_wconf 84' lang='grc' dir='ltr'>μόνην</span> <span class='ocrx_word' id='word_1_707' title='bbox 2722 4621 2921 4693; x_wconf 87' lang='grc' dir='ltr'>ὁρῶντα</span> <span class='ocrx_word' id='word_1_708' title='bbox 2972 4623 3059 4676; x_wconf 80' lang='grc' dir='ltr'>τὴν</span> <span class='ocrx_word' id='word_1_709' title='bbox 3114 4625 3203 4678; x_wconf 82' lang='grc' dir='ltr'>τῆς</span> <span class='ocrx_word' id='word_1_710' title='bbox 3242 4619 3431 4689; x_wconf 86' lang='grc' dir='ltr'>μανίας</span> <span class='ocrx_word' id='word_1_711' title='bbox 3486 4614 3814 4687; x_wconf 79' lang='grc' dir='ltr'>ἀπαλλαγήν.</span> <span class='ocrx_word' id='word_1_712' title='bbox 3872 4618 3965 4666; x_wconf 80' lang='grc' dir='ltr'><strong>Καὶ</strong></span> 
     </span>
    </p>
   </div>
   <div class='ocr_carea' id='block_1_103' title="bbox 2360 4705 3966 4784">
    <p class='ocr_par' dir='ltr' id='par_1_103' title="bbox 2360 4705 3966 4784">
     <span class='ocr_line' id='line_1_103' title="bbox 2360 4705 3966 4784; baseline -0.007 -20"><span class='ocrx_word' id='word_1_713' title='bbox 2360 4713 2509 4784; x_wconf 78' lang='grc' dir='ltr'>ἡμεῖς</span> <span class='ocrx_word' id='word_1_714' title='bbox 2561 4706 2668 4775; x_wconf 82' lang='grc' dir='ltr'>οὖν,</span> <span class='ocrx_word' id='word_1_715' title='bbox 2730 4707 2813 4761; x_wconf 76' lang='grc' dir='ltr'><strong>ἐὰν</strong></span> <span class='ocrx_word' id='word_1_716' title='bbox 2870 4712 2941 4781; x_wconf 84' lang='grc' dir='ltr'>μὴ</span> <span class='ocrx_word' id='word_1_717' title='bbox 2998 4705 3268 4780; x_wconf 74' lang='grc' dir='ltr'>προϐάτων</span> <span class='ocrx_word' id='word_1_718' title='bbox 3336 4708 3635 4779; x_wconf 77' lang='grc' dir='ltr'>ἡμερότητα</span> <span class='ocrx_word' id='word_1_719' title='bbox 3693 4706 3829 4777; x_wconf 85' lang='grc' dir='ltr'>πρὸς</span> <span class='ocrx_word' id='word_1_720' title='bbox 3876 4706 3966 4761; x_wconf 73' lang='grc' dir='ltr'>τὴν</span> 
     </span>
    </p>
   </div>
   <div class='ocr_carea' id='block_1_104' title="bbox 2360 4789 3963 4872">
    <p class='ocr_par' dir='ltr' id='par_1_104' title="bbox 2360 4789 3963 4872">
     <span class='ocr_line' id='line_1_104' title="bbox 2360 4789 3963 4872; baseline -0.007 -19"><span class='ocrx_word' id='word_1_721' title='bbox 2360 4799 2649 4872; x_wconf 76' lang='grc' dir='ltr'>ἀγριότητα</span> <span class='ocrx_word' id='word_1_722' title='bbox 2723 4807 2823 4850; x_wconf 89' lang='grc' dir='ltr'>τῶν</span> <span class='ocrx_word' id='word_1_723' title='bbox 2907 4796 3295 4870; x_wconf 83' lang='grc' dir='ltr'>ἐπηρεαζόντων</span> <span class='ocrx_word' id='word_1_724' title='bbox 3360 4796 3484 4867; x_wconf 74' lang='grc' dir='ltr'>ἡμῖν</span> <span class='ocrx_word' id='word_1_725' title='bbox 3563 4789 3963 4865; x_wconf 78' lang='grc' dir='ltr'>ἐπιδειξώμεθα,</span> 
     </span>
    </p>
   </div>
   <div class='ocr_carea' id='block_1_105' title="bbox 2356 4881 3963 4959">
    <p class='ocr_par' dir='ltr' id='par_1_105' title="bbox 2356 4881 3963 4959">
     <span class='ocr_line' id='line_1_105' title="bbox 2356 4881 3963 4959; baseline -0.006 -16"><span class='ocrx_word' id='word_1_726' title='bbox 2356 4892 2558 4952; x_wconf 79' lang='grc' dir='ltr'>πάντως</span> <span class='ocrx_word' id='word_1_727' title='bbox 2598 4888 2703 4959; x_wconf 83' lang='grc' dir='ltr'>ούχ</span> <span class='ocrx_word' id='word_1_728' title='bbox 2741 4886 2915 4959; x_wconf 78' lang='grc' dir='ltr'>ἕξομεν</span> <span class='ocrx_word' id='word_1_729' title='bbox 2956 4890 3049 4944; x_wconf 76' lang='grc' dir='ltr'>τὴν</span> <span class='ocrx_word' id='word_1_730' title='bbox 3088 4893 3179 4938; x_wconf 85' lang='grc' dir='ltr'>τοῦ</span> <span class='ocrx_word' id='word_1_731' title='bbox 3224 4887 3464 4957; x_wconf 81' lang='grc' dir='ltr'>ποιμένος</span> <span class='ocrx_word' id='word_1_732' title='bbox 3512 4885 3657 4955; x_wconf 79' lang='grc' dir='ltr'>ἡμῶν</span> <span class='ocrx_word' id='word_1_733' title='bbox 3689 4881 3963 4956; x_wconf 79' lang='grc' dir='ltr'>βοήθειαν.</span> 
     </span>
    </p>
   </div>
   <div class='ocr_carea' id='block_1_106' title="bbox 2358 4972 3611 5055">
    <p class='ocr_par' dir='ltr' id='par_1_106' title="bbox 2358 4972 3611 5055">
     <span class='ocr_line' id='line_1_106' title="bbox 2358 4972 3611 5055; baseline -0.002 -22"><span class='ocrx_word' id='word_1_734' title='bbox 2358 4978 2635 5055; x_wconf 78' lang='grc' dir='ltr'>Προϐάτων</span> <span class='ocrx_word' id='word_1_735' title='bbox 2662 4980 2784 5052; x_wconf 81' lang='grc' dir='ltr'>γὰρ,</span> <span class='ocrx_word' id='word_1_736' title='bbox 2816 4976 2875 5029; x_wconf 83' lang='grc' dir='ltr'><strong>ού</strong></span> <span class='ocrx_word' id='word_1_737' title='bbox 2905 4975 3071 5029; x_wconf 86' lang='grc' dir='ltr'>λύκων</span> <span class='ocrx_word' id='word_1_738' title='bbox 3098 4973 3211 5028; x_wconf 70' lang='grc' dir='ltr'>ἐστὶ</span> <span class='ocrx_word' id='word_1_739' title='bbox 3240 4978 3436 5047; x_wconf 76' lang='grc' dir='ltr'>ποιμήν</span> <span class='ocrx_word' id='word_1_740' title='bbox 3471 4972 3611 5046; x_wconf 80' lang='grc'><strong>(20).</strong></span> 
     </span>
    </p>
   </div>
   <div class='ocr_carea' id='block_1_107' title="bbox 1828 5191 2729 5266">
    <p class='ocr_par' dir='ltr' id='par_1_107' title="bbox 1828 5191 2729 5266">
     <span class='ocr_line' id='line_1_107' title="bbox 1828 5191 2729 5266; baseline 0.001 -5"><span class='ocrx_word' id='word_1_741' title='bbox 1828 5191 2054 5263; x_wconf 62' lang='lat' dir='ltr'><strong>Variae</strong></span> <span class='ocrx_word' id='word_1_742' title='bbox 2078 5194 2411 5266; x_wconf 89' lang='lat' dir='ltr'><strong>lectiones</strong></span> <span class='ocrx_word' id='word_1_743' title='bbox 2443 5203 2729 5264; x_wconf 70' lang='lat' dir='ltr'><strong>etnotae.</strong></span> 
     </span>
    </p>
   </div>
   <div class='ocr_carea' id='block_1_108' title="bbox 660 5381 2240 5456">
    <p class='ocr_par' dir='ltr' id='par_1_108' title="bbox 660 5381 2240 5456">
     <span class='ocr_line' id='line_1_108' title="bbox 660 5381 2240 5456; baseline 0.008 -20"><span class='ocrx_word' id='word_1_744' title='bbox 660 5381 773 5452; x_wconf 78' lang='lat'><strong>(19)</strong></span> <span class='ocrx_word' id='word_1_745' title='bbox 815 5384 936 5456; x_wconf 81' lang='lat' dir='ltr'><strong>Esli</strong></span> <span class='ocrx_word' id='word_1_746' title='bbox 964 5384 1142 5442; x_wconf 88' lang='lat' dir='ltr'><strong>dativi</strong></span> <span class='ocrx_word' id='word_1_747' title='bbox 1173 5386 1352 5443; x_wconf 89' lang='lat' dir='ltr'><strong>etiam</strong></span> <span class='ocrx_word' id='word_1_748' title='bbox 1388 5384 1655 5443; x_wconf 89' lang='lat' dir='ltr'><strong>absolute</strong></span> <span class='ocrx_word' id='word_1_749' title='bbox 1708 5386 2005 5456; x_wconf 90' lang='lat' dir='ltr'><strong>dicuntur,</strong></span> <span class='ocrx_word' id='word_1_750' title='bbox 2039 5394 2240 5448; x_wconf 89' lang='lat' dir='ltr'><strong>tamen</strong></span> 
     </span>
    </p>
   </div>
   <div class='ocr_carea' id='block_1_109' title="bbox 589 5449 2243 5535">
    <p class='ocr_par' dir='ltr' id='par_1_109' title="bbox 589 5449 2243 5535">
     <span class='ocr_line' id='line_1_109' title="bbox 589 5449 2243 5535; baseline 0.008 -31"><span class='ocrx_word' id='word_1_751' title='bbox 589 5449 943 5533; x_wconf 38' lang='lat' dir='ltr'><strong>hic-malim</strong></span> <span class='ocrx_word' id='word_1_752' title='bbox 1017 5464 1121 5514; x_wconf 85' lang='lat' dir='ltr'><strong>aut</strong></span> <span class='ocrx_word' id='word_1_753' title='bbox 1193 5467 1265 5529; x_wconf 83' lang='grc' dir='ltr'>τῷ</span> <span class='ocrx_word' id='word_1_754' title='bbox 1342 5458 1636 5531; x_wconf 85' lang='grc' dir='ltr'>ούρανόθεν,</span> <span class='ocrx_word' id='word_1_755' title='bbox 1696 5464 1798 5516; x_wconf 88' lang='lat' dir='ltr'><strong>aut</strong></span> <span class='ocrx_word' id='word_1_756' title='bbox 1844 5449 2243 5535; x_wconf 63' lang='grc' dir='ltr'>κατενεχθέντος</span> 
     </span>
    </p>
   </div>
   <div class='ocr_carea' id='block_1_110' title="bbox 589 5538 2241 5675">
    <p class='ocr_par' dir='ltr' id='par_1_110' title="bbox 589 5538 2241 5675">
     <span class='ocr_line' id='line_1_110' title="bbox 589 5538 2241 5675; baseline 0.01 -29"><span class='ocrx_word' id='word_1_757' title='bbox 829 5596 1000 5662; x_wconf 90' lang='lat' dir='ltr'><strong>Quod</strong></span> <span class='ocrx_word' id='word_1_758' title='bbox 1031 5598 1125 5654; x_wconf 89' lang='lat' dir='ltr'><strong>hic</strong></span> <span class='ocrx_word' id='word_1_759' title='bbox 1172 5600 1421 5675; x_wconf 88' lang='lat' dir='ltr'><strong>subjecit</strong></span> <span class='ocrx_word' id='word_1_760' title='bbox 1451 5601 1741 5660; x_wconf 86' lang='lat' dir='ltr'><strong>scholium</strong></span> <span class='ocrx_word' id='word_1_761' title='bbox 1783 5604 2109 5665; x_wconf 84' lang='lat' dir='ltr'><strong>Hentenius</strong></span> <span class='ocrx_word' id='word_1_762' title='bbox 2171 5622 2241 5665; x_wconf 84' lang='lat' dir='ltr'><strong>ex</strong></span> 
     </span>
    </p>
   </div>
   <div class='ocr_carea' id='block_1_111' title="bbox 2352 5380 3965 5461">
    <p class='ocr_par' dir='ltr' id='par_1_111' title="bbox 2352 5380 3965 5461">
     <span class='ocr_line' id='line_1_111' title="bbox 2352 5380 3965 5461; baseline -0.007 -14"><span class='ocrx_word' id='word_1_763' title='bbox 2352 5392 2621 5461; x_wconf 83' lang='lat' dir='ltr'><strong>margine</strong></span> <span class='ocrx_word' id='word_1_764' title='bbox 2636 5389 2725 5445; x_wconf 91' lang='lat' dir='ltr'><strong>sui</strong></span> <span class='ocrx_word' id='word_1_765' title='bbox 2740 5387 3121 5461; x_wconf 83' lang='lat' dir='ltr'><strong>codicis,idin</strong></span> <span class='ocrx_word' id='word_1_766' title='bbox 3135 5393 3345 5461; x_wconf 80' lang='lat' dir='ltr'><strong>neutro</strong></span> <span class='ocrx_word' id='word_1_767' title='bbox 3360 5401 3632 5461; x_wconf 84' lang='lat' dir='ltr'><strong>meorum</strong></span> <span class='ocrx_word' id='word_1_768' title='bbox 3649 5400 3747 5461; x_wconf 73' lang='lat' dir='ltr'><strong>rep</strong></span> <span class='ocrx_word' id='word_1_769' title='bbox 3758 5380 3965 5461; x_wconf 78' lang='lat' dir='ltr'><strong>eritur.</strong></span> 
     </span>
    </p>
   </div>
   <div class='ocr_carea' id='block_1_112' title="bbox 2353 5456 3968 5529">
    <p class='ocr_par' dir='ltr' id='par_1_112' title="bbox 2353 5456 3968 5529">
     <span class='ocr_line' id='line_1_112' title="bbox 2353 5456 3968 5529; baseline -0.006 -10"><span class='ocrx_word' id='word_1_770' title='bbox 2353 5456 2588 5519; x_wconf 58' lang='lat' dir='ltr'><strong>Frustra</strong></span> <span class='ocrx_word' id='word_1_771' title='bbox 2614 5463 2668 5517; x_wconf 91' lang='lat' dir='ltr'><strong>id</strong></span> <span class='ocrx_word' id='word_1_772' title='bbox 2704 5462 2881 5516; x_wconf 88' lang='lat' dir='ltr'><strong>etiam</strong></span> <span class='ocrx_word' id='word_1_773' title='bbox 2930 5459 2989 5515; x_wconf 91' lang='lat' dir='ltr'><strong>in</strong></span> <span class='ocrx_word' id='word_1_774' title='bbox 3019 5459 3145 5514; x_wconf 87' lang='lat' dir='ltr'><strong>aliis</strong></span> <span class='ocrx_word' id='word_1_775' title='bbox 3174 5459 3341 5514; x_wconf 89' lang='lat' dir='ltr'><strong>libris</strong></span> <span class='ocrx_word' id='word_1_776' title='bbox 3370 5457 3644 5529; x_wconf 68' lang='lat' dir='ltr'><strong>quaesivi.</strong></span> <span class='ocrx_word' id='word_1_777' title='bbox 3688 5456 3968 5529; x_wconf 87' lang='lat' dir='ltr'><strong>Sparsim</strong></span> 
     </span>
    </p>
   </div>
   <div class='ocr_carea' id='block_1_113' title="bbox 2353 5528 3967 5605">
    <p class='ocr_par' dir='ltr' id='par_1_113' title="bbox 2353 5528 3967 5605">
     <span class='ocr_line' id='line_1_113' title="bbox 2353 5528 3967 5605; baseline -0.006 -14"><span class='ocrx_word' id='word_1_778' title='bbox 2353 5540 2555 5591; x_wconf 86' lang='lat' dir='ltr'><strong>tamen</strong></span> <span class='ocrx_word' id='word_1_779' title='bbox 2584 5534 2707 5589; x_wconf 76' lang='lat' dir='ltr'><strong>haec</strong></span> <span class='ocrx_word' id='word_1_780' title='bbox 2737 5532 3012 5605; x_wconf 77' lang='lat' dir='ltr'><strong>leguntur</strong></span> <span class='ocrx_word' id='word_1_781' title='bbox 3040 5530 3202 5604; x_wconf 87' lang='lat' dir='ltr'><strong>apud</strong></span> <span class='ocrx_word' id='word_1_782' title='bbox 3234 5528 3532 5603; x_wconf 67' lang='lat' dir='ltr'><strong>ChrySost.</strong></span> <span class='ocrx_word' id='word_1_783' title='bbox 3568 5529 3726 5585; x_wconf 85' lang='lat' dir='ltr'><strong>hom.</strong></span> <span class='ocrx_word' id='word_1_784' title='bbox 3763 5532 3859 5594; x_wconf 88' lang='lat'><strong>33,</strong></span> <span class='ocrx_word' id='word_1_785' title='bbox 3907 5528 3967 5582; x_wconf 93' lang='lat' dir='ltr'><strong>in</strong></span> 
     </span>
    </p>
   </div>
   <div class='ocr_carea' id='block_1_114' title="bbox 2352 5606 2713 5665">
    <p class='ocr_par' dir='ltr' id='par_1_114' title="bbox 2352 5606 2713 5665">
     <span class='ocr_line' id='line_1_114' title="bbox 2352 5606 2713 5665; baseline -0.014 1"><span class='ocrx_word' id='word_1_786' title='bbox 2352 5606 2713 5665; x_wconf 66' lang='lat' dir='ltr'><strong>Matthmum.</strong></span> 
     </span>
    </p>
   </div>
  </div>
