4108 6450
170 338 247 401 333
1182 354 1536 414 COMMENT.
1582 354 1651 413 IN
1692 352 2145 415 MATTHASUM.
2186 389 2255 399 —
2295 358 2449 415 CAP.
2484 359 2553 415 x.

3452 362 3557 418 334

237 473 615 548 J(Tanquam
671 495 837 537 oves
866 483 927 537 in
986 482 1183 539 medio
1212 483 1510 555 luporum,
1561 488 1623 539 ut
1667 482 1942 539 videlicet
1967 484 2170 540 ovium
2214 482 2746 541 mansuetudinem
2776 483 3126 551 ostendatis,
3175 498 3380 541 coram
3403 484 3559 557 lupis

196 567 449 641 prostrati,
486 584 599 625 nec
629 570 855 626 ovium
898 576 1123 628 tantum
1165 573 1689 630 mansuetudinem
1720 573 2011 641 habeatis,
2044 574 2149 628 sed
2188 577 2242 628 et
2277 573 2551 629 sedulam
2594 572 3020 642 sinceritatem,
3045 572 3104 628 id
3136 578 3244 638 est,
3280 573 3562 646 simplici-

202 664 346 715 tatem
375 674 445 714 ac
478 658 901 717 innocentiam
936 681 949 720 :
994 666 1059 717 ut
1087 661 1379 717 verberati
1412 678 1482 718 ac
1512 660 2022 734 persecutionibus
2065 662 2328 733 appetiti,
2370 676 2490 717 non
2522 661 2768 717 cessetis
2808 661 3161 717 benefacere
3200 662 3561 719 verberanti-

192 749 301 804 bus.
346 749 417 804 Ut
447 754 650 804 autem
684 758 1012 823 utrumque
1038 750 1141 806 ﬁat
1187 750 1522 806 secundum
1552 750 1851 815 virtutem,
1882 750 2041 806 adsit
2068 750 2387 822 prudentia
2418 756 2753 823 serpentum
2790 752 2850 806 in
2878 752 3175 807 servando
3205 751 3421 823 capite,
3450 752 3563 808 hoc

187 844 260 893 est
285 837 438 892 fide:
470 845 529 893 et
561 839 921 910 simplicitas
953 839 1268 907 columbae,
1302 839 1363 896 in
1388 856 1507 895 non
1541 840 1839 896 sumenda
1866 839 2085 895 ultione
2116 840 2190 894 de
2228 839 2323 895 his
2365 839 2472 911 qui
2504 841 2784 912 injuriam
2826 841 3115 910 irrogant.
3183 844 3299 897 Nec
3339 841 3455 898 hoc
3484 841 3564 898 ad

182 928 441 999 quinque
472 943 577 982 seu
628 928 841 983 decem
872 944 1062 984 annos
1088 929 1471 995 servandum,
1498 929 1602 985 sed
1634 945 1818 1000 usque
1848 928 1923 983 ad
1942 932 2228 983 extrmum
2260 928 2536 1001 spiritum
2561 946 2573 985 :
2599 930 2713 984 hoc
2739 930 2900 985 enim
2932 930 3244 1001 signiﬁcat,
3267 930 3434 1002 quod
3477 930 3564 986 di-

177 1018 320 1071 citur
350 1033 365 1070 :
400 1016 522 1083 Qui
558 1016 908 1073 sustinuerit
935 1033 1114 1089 usque
1141 1018 1201 1073 in
1226 1019 1425 1087 ﬁnem,
1455 1017 1553 1074 hic
1579 1017 1771 1073 salvus
1796 1016 1908 1073 erit
1950 1018 2018 1069 η.

235 1108 456 1158 Γίνεσθε
508 1138 581 1147 -
620 1112 945 1180 περιστεραί.
1005 1106 1130 1180 [Καὶ
1188 1107 1300 1179 (21)
1356 1107 1441 1160 ἐπὶ
1495 1116 1595 1159 τῶν
1636 1110 1792 1171 ὄφεων

1974 1107 2141 1163 Vers.
2176 1108 2260 1162 16.
2293 1108 2497 1163 Estote
2521 1139 2584 1151 η
2619 1109 2922 1166 columbae.
2952 1111 2995 1180 σι-
3027 1108 3093 1163 Et
3122 1110 3219 1165 hic
3243 1110 3304 1165 in
3327 1124 3567 1182 serpen-

162 1202 271 1258 νῦν,
320 1200 417 1247 καὶ
489 1198 579 1248 ἰπὶ
634 1204 727 1248 τοῦ
783 1197 1058 1269 οἰκονόμου
1106 1206 1199 1259 τῆς
1248 1193 1481 1267 ἀδικίας,
1545 1201 1793 1271 φρόνησιν

155 1290 392 1351 νοήσεις,
437 1290 541 1343 τὴν
574 1285 805 1357 φυλακὴν
826 1293 919 1339 τοῦ
950 1286 1140 1339 οἰκείου
1166 1284 1580 1362 συμφέροντος.]
1650 1306 1667 1313 θ’

224 1463 498 1516 Βούλεται
548 1464 741 1524 αὐτοὺς
782 1469 873 1516 καὶ
929 1483 1169 1526 συνετους
1226 1462 1377 1532 εἶναι,
1428 1465 1560 1538 πρὸς
1613 1465 1669 1515 τὸ
1719 1467 1789 1536 μὴ

142 1552 502 1609 πλήττεσθαι
582 1557 818 1625 καιρίως,
885 1558 975 1604 καὶ
1041 1551 1349 1627 ἁπονὴρους,
1405 1556 1532 1625 πρὸς
1595 1555 1653 1604 τὸ
1719 1556 1791 1624 μὴ

138 1648 545 1705 μνησικακεῖν.
603 1640 747 1693 Ἐπεὶ
785 1645 887 1713 γὰρ
944 1645 1189 1714 φρόνιμός
1236 1639 1373 1693 ἔστιν
1404 1643 1429 1693 ό
1474 1645 1602 1713 ὄφις·
1655 1637 1795 1693 διότι

136 1749 517 1801 τυπτόμενος,
574 1734 638 1781 τὸ
687 1733 778 1800 μὲν
836 1730 958 1781 ἀλλο
1010 1738 1162 1802 σῶμα
1224 1732 1482 1805 προίεται,
1535 1734 1695 1802 μόνην
1738 1726 1795 1781 δὲ

137 1819 429 1891 φυλάσσει
462 1825 557 1875 τὴν
614 1818 861 1890 κεφαλὴν,
932 1815 1080 1879 εἰδὼς
1114 1822 1161 1870 ἐν
1206 1822 1367 1890 ταύτῃ
1430 1823 1557 1892 μόνῃ
1588 1823 1797 1892 καιρίαν

137 1910 415 1979 τίνεσθαι
471 1914 572 1966 τὴν
640 1907 866 1978 πληγήν
922 1906 1149 1960 ἐκέλευσε
1199 1910 1475 1980 μιμεῖσθαι
1519 1912 1613 1967 τὴν
1668 1912 1797 1983 φρό-

146 2016 326 2053 νησιν
356 2005 459 2048 τῶν
493 2002 680 2068 ὄφεων,
744 1995 792 2047 ἐν
836 2006 909 2067 τῷ
939 1996 1102 2048 τᾶλλα
1151 1999 1261 2068 μὲν,
1312 2001 1403 2049 καὶ
1432 2003 1668 2070 σώματα,
1710 2002 1799 2048 καὶ

148 2085 379 2155 ψυχας,
446 2090 545 2137 καὶ
591 2086 770 2138 πάντα
835 2087 1135 2159 προίεσθαι,
1195 2090 1356 2157 μόνην
1408 2082 1466 2138 δὲ
1518 2086 1799 2157 φυλάσσειν

150 2180 258 2231 τήν
322 2178 535 2239 πίστιν,
591 2176 660 2234 ὡς
716 2173 960 2246 κεφαλὴν,
1022 2173 1134 2247 ίνῇ
1191 2180 1320 2247 μόνῃ
1372 2180 1571 2246 γίνεται
1622 2179 1805 2247 καιρία

160 2264 380 2334 πληγή.
434 2267 540 2316 Καὶ
590 2263 768 2327 πάλιν,
822 2262 1027 2337 ἐπείπερ
1084 2266 1137 2315 αἱ
1174 2269 1498 2338 περιστεραὶ,
1547 2263 1805 2337 ἀφαιρού-

161 2372 335 2424 μεναι
388 2356 459 2403 τὰ
514 2356 693 2416 τέκνα,
755 2350 815 2402 οὐ
868 2360 1286 2417 μνησικακοῦσιν
1340 2360 1446 2413 τοῖς
1504 2352 1802 2424 ἁφελοῡσιν,

1903 1195 2084 1261 tibus,
2108 1202 2165 1253 et
2191 1195 2326 1251 alibi
2364 1197 2423 1252 in
2456 1212 2773 1253 oeconomo
2804 1198 3031 1270 iniquo,
3060 1199 3447 1271 prudentiam
3477 1200 3564 1256 in-

1902 1284 2119 1355 tellige,
2151 1286 2603 1342 observantiam
2632 1302 2842 1343 eorum
2875 1303 3013 1359 quae
3043 1288 3262 1360 cuique
3289 1294 3429 1345 sunt
3458 1289 3570 1345 uti-

1902 1373 2009 1431 lia.

1974 1462 2106 1520 Vult
2130 1463 2297 1536 ipsos
2344 1468 2401 1519 et
2446 1464 2768 1537 prudentes
2809 1481 2959 1535 esse,
3002 1480 3079 1521 ne
3122 1466 3413 1523 lethaliter
3441 1467 3567 1522 vul-

1904 1562 2202 1619 nerentur,
2249 1559 2307 1609 et
2351 1553 2479 1609 sine
2527 1554 2686 1619 vitio,
2731 1570 2806 1609 ne
2854 1554 3137 1626 injuriam
3168 1556 3567 1612 meminerint.

1906 1645 2043 1697 Nam
2062 1643 2205 1713 quia
2217 1643 2482 1714 prudens
2495 1647 2581 1698 est
2594 1658 2864 1714 serpens,
2884 1643 3022 1699 ideo
3039 1659 3178 1700 cum
3202 1645 3571 1713 verberatur,

1906 1730 2053 1787 alias
2099 1731 2332 1803 quidem
2362 1730 2630 1804 corporis
2653 1738 2844 1802 partes
2875 1731 3099 1802 objicit,
3136 1732 3334 1789 solum
3368 1740 3572 1789 autem

1908 1822 2090 1890 caput
2119 1824 2312 1875 servat
2338 1835 2351 1874 :
2387 1821 2578 1875 sciens
2608 1818 2670 1874 in
2701 1819 2829 1875 solo
2859 1835 2929 1876 eo
2958 1819 3169 1876 lethale
3213 1821 3416 1877 inferri
3447 1821 3574 1877 vul-

1908 1922 2047 1964 nus.
2078 1908 2262 1964 Jussit
2288 1922 2431 1978 ergo
2463 1907 2845 1979 prudentiam
2874 1909 3091 1965 imitari
3119 1916 3464 1980 serpentum
3507 1914 3574 1965 ut

1910 1997 2029 2053 alia
2056 1996 2305 2068 quidem
2337 2003 2396 2053 et
2420 2012 2670 2068 corpora
2710 2001 2768 2052 et
2798 1997 3033 2053 animas
3087 2003 3420 2070 caeteraque
3471 1998 3577 2055 ob-

1904 2086 2137 2159 jiciant,
2158 2087 2346 2142 solam
2374 2091 2575 2143 autem
2602 2086 2784 2141 ﬁdem
2814 2092 3050 2143 servent
3071 2087 3341 2154 illaesam,
3365 2088 3427 2143 in
3452 2104 3576 2160 qua

1913 2176 2042 2231 sola
2069 2174 2134 2230 ﬁt
2184 2175 2404 2231 vulnus
2430 2175 2673 2234 lethale.
2727 2177 2793 2231 Et
2820 2191 3053 2231 rursum
3081 2177 3224 2248 quia
3254 2177 3573 2245 columbae,

1914 2280 2049 2320 cum
2087 2265 2171 2319 eis
2198 2264 2340 2335 pulli
2379 2264 2745 2329 auferuntur,
2780 2265 3081 2323 malorum
3112 2280 3236 2321 non
3284 2266 3574 2323 memine-

1915 2357 2054 2410 runt
2099 2352 2379 2409 adversus
2414 2368 2517 2409 eos
2545 2352 2652 2425 qui
2700 2352 3087 2419 abstulerunt,
3124 2354 3232 2409 sed
3264 2354 3465 2411 denuo
3493 2355 3573 2411 ad

164 2440 309 2492 ana.
366 2446 461 2493 καὶ
520 2444 834 2515 προσίενται
892 2443 1110 2502 τούτους
1174 2437 1344 2509 αὖθις,
1398 2440 1493 2493 κᾶν
1559 2441 1806 2502 πολλάκις

1925 2460 2019 2500 eos
2050 2441 2363 2508 accedunt,
2396 2442 2533 2499 licet
2558 2441 2779 2515 saepius
2816 2443 3089 2499 auferant
3121 2460 3135 2509 ;
3164 2444 3335 2514 jubet
3357 2444 3577 2501 horum

168 2530 464 2602 ἐφελωσιν,
502 2528 766 2581 ἐπιτάττει
823 2529 1008 2592 ζηλοῦν
1052 2535 1141 2583 καὶ
1196 2535 1289 2589 τὴν
1347 2533 1540 2583 τούτων
1571 2529 1807 2605 ἀκεραιό-

168 2639 333 2687 ητα,
393 2622 701 2685 τουτέστιν,
779 2616 1020 2685 ἀκακίαν,
1102 2618 1149 2671 ἐν
1192 2627 1263 2690 τῷ
1321 2624 1392 2691 μὴ
1465 2626 1806 2692 μνησικακεῖν

170 2714 287 2769 τοῖς
336 2703 661 2776 ἀδικοῦσιν,
717 2705 846 2759 ἀλλὰ
923 2711 1015 2759 καὶ
1073 2709 1387 2782 προσίεσθαι
1440 2712 1655 2771 τούτους
1716 2712 1807 2760 καὶ

175 2802 362 2867 φιλεῖν.

252 2892 356 2938 Καὶ
404 2890 510 2956 ὅρα
568 2888 781 2957 σοφίαν.
859 2885 993 2941 Οὔτε
1048 2887 1150 2959 γὰρ
1209 2892 1305 2945 τὴν
1354 2891 1603 2961 φρόνησιν
1645 2892 1806 2961 μόνην

179 2983 279 3025 τῶν
320 2979 486 3046 ὄφεων
536 2975 824 3046 μιμεῖσθαι
880 2974 1214 3047 προσέταξεν,
1274 2978 1391 3028 οὔτε
1439 2981 1533 3035 τὴν
1571 2977 1805 3053 ἁκεραιό-

180 3082 317 3121 τητα
370 3070 543 3135 μόνην
604 3070 709 3113 τῶν
780 3072 1118 3137 περιστερῶν,
1177 3064 1287 3115 ἀλλ’
1344 3064 1580 3140 ἐκέρασεν
1640 3067 1804 3140 ἀμφο-

184 3158 350 3225 τέρας,
379 3150 531 3204 διότι
587 3156 716 3223 μίαν
747 3150 1034 3226 ἀμφότεραι
1084 3161 1325 3206 ποιοῦσιν
1374 3152 1579 3229 ἀρετήν,
1637 3154 1806 3209 Οὐδὲν

182 3246 280 3315 γὰρ
355 3242 545 3313 ὄφελος
592 3248 690 3303 τῆς
761 3244 1010 3304 τοιαύτης
1090 3251 1407 3317 φρονήσεως,
1462 3244 1548 3298 ἐάν
1604 3246 1712 3319 ἀπῇ
1773 3248 1803 3305 ἠ

186 3330 469 3405 ἁκερειιότη
482 3351 525 3393 ς.

251 3421 438 3492 Ἡμεῖς
502 3417 563 3471 δι
621 3421 977 3491 μιμησὼμεθα
1033 3425 1117 3472 καὶ
1196 3421 1354 3479 ἄλλην
1416 3427 1665 3495 φρόνησιν
1716 3433 1808 3477 τοῦ

188 3514 361 3581 ὄφεως.
448 3507 661 3580 Ὠσπερ
727 3510 829 3583 γὰρ
902 3507 1107 3576 ἐκεῖνος,
1167 3514 1287 3562 ὅταν
1361 3514 1598 3587 γηράσῃ,
1651 3524 1809 3586 στενῷ

185 3604 322 3669 τόπῳ
404 3595 625 3671 διείρας
701 3596 900 3668 ἑαυτὸν,
990 3596 1268 3661 ἀποξύεται
1344 3606 1436 3659 τὴν
1536 3602 1809 3676 λεγομένην

188 3684 471 3759 λεϐηρίδα,
503 3686 624 3757 ('22)
672 3691 807 3758 φημὶ
848 3683 936 3756 δὴ,
979 3692 1073 3746 τὴν
1126 3686 1529 3764 ἐπιδερματίδα,
1576 3695 1690 3764 (23)
1718 3698 1809 3745 καὶ

1915 2547 2158 2605 quoque
2212 2530 2647 2602 simplicitatem
2694 2530 2951 2612 imitari,
2980 2532 3094 2588 hoc
3143 2536 3248 2596 est,
3291 2532 3576 2588 innocen-

1913 2621 2080 2687 tiam,
2130 2620 2189 2676 in
2220 2635 2338 2676 non
2379 2619 2760 2676 vindicandis
2800 2620 3050 2692 injuriis,
3084 2620 3189 2677 sed
3230 2621 3573 2678 accedendo

1916 2711 1991 2767 ad
2024 2726 2127 2767 eos
2154 2710 2258 2782 qui
2296 2709 2588 2775 laeserunt,
2620 2710 2866 2783 illosque
2892 2710 3182 2769 amando.

1988 2890 2064 2948 Et
2098 2889 2235 2944 vide
2286 2888 2670 2961 sapientiam.
2726 2889 3032 2961 Siquidem
3064 2886 3184 2946 non
3234 2889 3427 2946 solam
3460 2906 3579 2947 ser-

1916 2982 2166 3050 pentum
2189 2978 2569 3049 prudentiam
2587 2978 2764 3047 jussit
2788 2978 3024 3048 imitari,
3048 2994 3243 3050 neque
3264 2978 3455 3035 solam
3482 2995 3577 3035 co-

1914 3067 2258 3124 lumbarum
2302 3065 2762 3139 simplicitatem,
2806 3066 2911 3120 sed
2947 3071 3263 3139 utramque
3306 3068 3566 3123 miscuit.

1914 3158 2064 3212 Nam
2094 3153 2286 3210 ambae
2334 3170 2519 3210 unam
2555 3153 2733 3209 simul
2778 3153 3043 3210 efﬁciunt
3083 3154 3383 3210 virtutem.
3412 3153 3579 3211 Nulla.

1915 3245 2076 3301 enim
2108 3246 2294 3316 ipsius
2328 3244 2655 3316 prudentiae
2676 3248 2765 3299 est
2788 3243 3028 3308 utilitas,
3062 3244 3110 3299 si
3142 3244 3580 3299 defueritinno-

1916 3333 2130 3390 centia.

1988 3426 2102 3479 Nos
2145 3438 2287 3479 vero
2332 3430 2387 3479 et
2429 3422 2608 3478 aliam
2659 3423 2942 3494 serpentis
2994 3422 3299 3478 imitemur
3322 3422 3584 3495 pruden-

1918 3511 2088 3567 tiam.
2127 3514 2275 3566 Nam
2314 3512 2464 3566 sicut
2510 3510 2605 3566 ille
2646 3510 2749 3566 ubi
2788 3516 3065 3577 senuerit,
3094 3526 3199 3583 per
3256 3501 3458 3567 locum
3486 3527 3583 3567 an-

1918 3606 2162 3670 gustum
2192 3602 2512 3667 transiens,
2560 3601 2826 3672 seipsum
2870 3600 3295 3669 leberide,,hoc
3324 3606 3433 3667 est,
3469 3616 3582 3657 suo

1919 3691 2127 3746 exuvio
2152 3706 2223 3746 ac
2253 3690 2405 3762 pelle
2452 3690 2685 3762 spoliat,
2719 3697 2773 3744 et
2805 3691 2885 3747 ita
2912 3689 3149 3745 validus
3180 3690 3429 3746 efﬁcitur
3461 3707 3473 3744 :
3502 3690 3587 3747 ita

190 3781 387 3845 γίνεται
440 3777 714 3846 σθεναρόςθ
784 3778 919 3827 οὕτω
984 3780 1071 3829 καὶ
1134 3777 1304 3845 αὐτοὶ,
1375 3782 1698 3855 γηράσαντες
1743 3790 1805 3855 τῇ

1925 3795 2163 3851 quoque
2215 3795 2348 3849 nos,
2401 3779 2505 3851 qui
2551 3783 2838 3835 vetustate
2883 3778 3199 3834 affectuum
3247 3778 3585 3849 senuimus,

192 3865 519 3922 παλαιότητι
576 3872 677 3915 τῶν
736 3865 933 3930 παθῶν,
986 3862 1281 3938 ἐμϐάλωμεν
1335 3866 1545 3929 ἑαυτοὺς
1594 3870 1666 3931 εἰς
1717 3875 1809 3929 τὴν

195 3958 379 4010 στενὴν
437 3957 527 4004 καὶ
610 3952 948 4026 τεθλιμμένην
1028 3955 1312 4025 πολιτείαν,
1366 3962 1455 4009 καὶ
1508 3955 1582 4011 δι’
1648 3959 1811 4022 αὐτῆς

191 4040 563 4104 ἑποξύσαντες
588 4044 676 4094 τὸν
732 4042 1151 4116 πεπαλαιωμένον
1206 4055 1413 4117 χιτῶνα
1466 4055 1563 4109 τῆς
1603 4047 1812 4119 ψυχῆς,

190 4131 429 4184 rio-Grai
434 4152 458 4192 ς
507 4132 795 4202 γινώμεθα.

260 4227 378 4273 Νῦν
445 4221 543 4292 μὲν
604 4216 691 4271 οὖν
752 4220 823 4283 εἰς
895 4221 1050 4274 καλὸν
1122 4221 1465 4299 παράδειγμα
1510 4230 1626 4288 τοὺς
1683 4230 1817 4299 ὄφεις

183 4314 281 4361 καὶ
338 4312 437 4370 τὰς
499 4312 812 4383 περιστερὰς
880 4310 1074 4364 ἔλαϐεν·
1128 4311 1363 4385 ἀλλαχοῦ
1399 4312 1459 4368 δὴ
1504 4315 1693 4388 μᾶλλον
1748 4316 1819 4377 εἰς

180 4403 358 4451 κακόν
408 4398 744 4470 ἐλήφθησαν.
820 4401 1134 4462 Κακίζονται
1209 4405 1309 4477 γὰρ
1398 4401 1666 4471 Ἰουδαῖοι,
1751 4408 1818 4468 ὡς

179 4496 356 4559 ὄφεις,
414 4493 725 4559 γεννήματα
776 4486 1020 4559 ἐχιδνῶν·
1062 4496 1152 4545 καὶ
1209 4489 1541 4546 διαϐάλλεται
1573 4496 1816 4569 Ἐφραΐμ,

177 4578 253 4639 ὡς
318 4579 624 4651 περιστερὰ
683 4578 851 4644 ἄνους,
926 4579 1020 4631 οὐκ
1078 4582 1285 4651 ἔχουσα
1359 4580 1602 4657 καρδίαν.
1661 4587 1823 4637 Εἵωθε

174 4669 293 4740 γὰρ
360 4665 628 4725 πολλάκις
680 4668 710 4724 ἠ
781 4672 955 4742 Γραφὴ
1013 4665 1300 4745 διαφόρους
1359 4671 1559 4734 εἰκόνας
1608 4671 1661 4735 ἐξ
1716 4672 1822 4735 ἰνὸς

183 4756 337 4815 ζῴου
391 4760 690 4829 παριστᾴν,
746 4756 867 4808 ὅταν
916 4755 1074 4810 ἐκεῖνο
1124 4763 1214 4812 καὶ
1272 4761 1554 4833 θαυμαστὰ
1582 4764 1824 4835 ἓχῃ,καὶ

184 4849 405 4919 ποτςρέι
460 4844 905 4917 πλεονεκτήματα.
996 4852 1097 4900 Καὶ
1143 4850 1242 4920 γὰρ
1309 4849 1431 4902 λέων
1483 4854 1594 4922 μὲν,
1654 4856 1743 4903 καὶ
1800 4851 1825 4903 ὁ

190 4938 466 5007 Χριστὸς,
512 4937 652 4986 κατὰ
688 4938 747 4986 τό
802 4934 1078 5007 βασιλικόν
1108 4942 1199 4991 καὶ
1255 4940 1487 5011 ἄμαχον·
1529 4941 1826 4993 Ἀνάπεσὼν

192 5026 327 5099 γὰρ,
387 5028 583 5097 φησιν,
629 5021 909 5098 ἐκοιμήθη,
972 5028 1042 5087 ὡς
1092 5026 1236 5080 λέωνο
1287 5032 1407 5082 λέων
1470 5025 1530 5083 δε
1558 5034 1648 5083 καὶ
1690 5032 1715 5082 ό
1747 5026 1805 5083 δί

1937 5029 2288 5101 dignitatem
2342 5032 2399 5084 et
2450 5024 3086 5098 inexpugnabilitatem
3149 5040 3161 5080 :

272 5204 327 5242 ¹⁶
351 5206 501 5265 an.
538 5221 661 5275 κη,
690 5209 751 5266 3.
876 5207 922 5243 ¹⁷
953 5206 1118 5281 Osee,
1151 5224 1249 5277 vn,
1288 5211 1372 5269 11.

1918 3868 2260 3939 injiciamus
2300 3884 2412 3924 nos
2443 3868 2610 3940 ipsos
2640 3868 2699 3923 in
2722 3872 3041 3938 angustum
3073 3866 3464 3939 strictumque
3503 3868 3590 3922 vi-

1920 3957 2099 4013 vendi
2150 3957 2437 4014 modum:
2471 3962 2529 4013 et
2577 3973 2681 4030 per
2732 3957 2893 4012 hunc
2919 3960 3099 4013 exuta
3147 3957 3331 4013 veteri
3368 3955 3588 4013 animm

1922 4052 2107 4111 veste,
2138 4047 2366 4103 robusti
2397 4045 2755 4103 efﬁciamur.

1996 4225 2164 4281 Nunc
2200 4225 2401 4298 itaque
2438 4226 2498 4281 in
2536 4226 2787 4291 bonum,
2821 4226 3126 4295 serpentes
3156 4226 3333 4294 atque
3364 4221 3592 4277 colum-

1926 4313 2062 4380 bas,
2113 4314 2385 4385 exemplo
2420 4315 2685 4386 accepit:
2730 4312 2870 4367 alibi
2925 4327 3062 4366 vero
3110 4310 3169 4365 in
3203 4309 3433 4365 malum
3481 4324 3585 4381 po-

1928 4401 2041 4457 tius
2098 4407 2342 4473 sumpta
2391 4406 2547 4456 sunt.
2602 4404 2749 4456 Nam
2796 4399 3193 4471 reprobantur
3248 4397 3433 4453 Judaei
3464 4404 3590 4452 tan-

1928 4506 2112 4563 quam
2148 4494 2449 4561 serpentes
2481 4495 2536 4546 et
2579 4489 2923 4560 viperarum
2956 4486 3270 4560 progenies
3304 4503 3317 4541 :
3354 4493 3409 4541 et
3436 4486 3594 4541 male

1930 4582 2098 4638 audit
2146 4579 2448 4652 Ephraim,
2494 4582 2662 4651 quasi
2706 4579 2973 4636 columba
3018 4579 3275 4644 demens,
3321 4593 3447 4650 qua:
3476 4592 3595 4632 non

1932 4671 2133 4727 habeat
2173 4686 2266 4726 cor
2309 4672 2376 4723 1⁷.
2405 4670 2567 4726 Solet
2609 4670 2769 4725 enim
2800 4668 3140 4740 frequenter
3170 4668 3470 4738 Scriptura
3516 4666 3597 4722 ab

1932 4760 2145 4817 eodem
2160 4759 2402 4815 animali
2417 4758 2756 4815 differentes
2770 4759 3083 4813 ostendere
3096 4756 3597 4828 comparationes,

1934 4850 2182 4923 quando
2208 4848 2350 4903 illud
2382 4851 2575 4904 bonas
2600 4846 2777 4902 simul
2804 4853 2860 4902 et
2890 4847 3082 4901 malas
3101 4845 3284 4901 habet
3311 4844 3601 4899 conditio-

1936 4956 2066 4995 nes.
2106 4941 2251 4994 Nam
2300 4944 2358 4993 et
2396 4937 2660 4993 Christus
2700 4936 2915 4991 dicitur
2960 4937 3053 4991 leo
3105 4936 3349 5007 propter
3376 4932 3601 5002 regiam

3222 5025 3430 5079 [tecum
3439 5022 3600 5085 bans,

1437 5387 1662 5459 Varize
1702 5388 2033 5458 lectiones
2073 5394 2143 5456 et
2166 5395 2371 5456 notae.

296 5590 375 5662 2t)
410 5590 611 5651 Codex
644 5591 920 5662 nter-que
950 5581 1186 5642 inclusa
1212 5583 1397 5643 habet
1442 5584 1504 5643 in
1535 5587 1826 5660 margine.

268 5585 375 5736 £2!)
410 5590 611 5651 Codex
630 5591 857 5683 'nterqt

347 5670 367 5741 )
403 5657 746 5746 δερματιδα.
787 5663 857 5712 Δ.

2012 5586 2123 5659 (23)
2186 5587 2505 5659 Utrumque
2557 5580 2942 5659 vocabulum,

3009 5575 3234 5646 λεϐηρίς,
3298 5580 3354 5636 et
3401 5569 3581 5646 ἐπιὲερ

2012 5598 2123 5659 (23)
2186 5598 2505 5656 Utrumque
2557 5598 2942 5646 vocabulum,
3012 5598 3234 5707 Αεοηὲις,
3298 5598 3354 5636 et
3401 5598 3562 5656 επινεέ

1941 5662 2096 5727 μοιτίς
2120 5657 2305 5715 habet
2335 5654 2642 5714 Fretianus
2658 5654 2721 5711 in
2751 5652 2998 5719 Glossis,
3030 5667 3098 5729 p.
3171 5655 3228 5713 4.
