4108 6372
658 324 763 380 335

1980 318 2332 375 EUTHYMII
2375 318 2704 376 ZIGABENI
3895 334 3980 395 336

655 448 866 520 inquit,
923 448 1195 505 dormivit
1252 452 1317 502 ut
1365 447 1473 511 leo,
1532 444 1663 516 quis
1688 443 1988 499 suscitabit
2038 458 2169 500 eum
2212 444 2257 480 1⁸

2420 464 2581 509 καιος,
2613 450 2748 498 κατά
2776 450 2834 499 τό
2888 448 3365 523 εύπαρῥησίαστον.
3425 458 3628 516 Δίκαιος
3670 461 3787 530 γὰρ,
3828 468 3974 531 φησὶν,

651 539 855 594 Justus
903 538 1081 594 etiam
1126 537 1219 593 leo
1272 540 1535 600 vocatur,
1593 539 1826 605 propter
1883 533 2305 589 fortitudinem.

650 627 874 692 Justus,
908 627 1002 689 ait,
1038 628 1209 697 quasi
1234 625 1318 681 leo
1336 623 1573 692 conﬁdit
1599 624 1671 679 1°.
1699 622 1985 678 Praeterea
2015 627 2070 678 et
2103 622 2308 678 diabo-

649 714 745 770 lus
772 715 865 771 leo
914 715 1148 782 dicitur,
1183 730 1252 770 eo
1282 713 1445 786 quod
1476 710 1725 767 immitis
1759 712 1830 765 sit
1855 727 1925 767 ac
1954 712 2309 780 sanguinem

647 808 835 860 voret.
885 804 956 860 Ut
997 804 1098 870 leo,
1132 803 1341 875 inquit,
1387 800 1711 858 obambulat
1740 816 1995 872 quaerens
2026 816 2191 871 quem
2213 801 2309 857 de-

645 896 799 950 voret
828 894 978 950 ³ο.³⁰.

714 984 882 1038 Vers.
920 986 999 1037 l7.
1024 981 1321 1038 Attendite
1366 1011 1434 1021 —
1477 995 1596 1037 vos.
1647 978 1909 1035 Prtedicit
1951 980 2035 1034 eis
2075 978 2304 1034 futuras

641 1071 1016 1139 tentationes,
1048 1084 1346 1127 exacuens
1371 1069 1449 1127 ad
1477 1068 1833 1126 certamina.
1873 1067 2183 1133 Attendite,
2218 1068 2305 1123 in-

641 1161 789 1232 quit,
820 1160 898 1217 ab
928 1160 1297 1225 hominibus,
1324 1159 1440 1215 hoc
1490 1162 1598 1229 est,
1651 1158 1965 1213 observate
2006 1157 2299 1224 homines,

640 1248 763 1304 sive
791 1248 1054 1320 pericula
1075 1248 1152 1304 ab
1183 1247 1296 1304 illis
1326 1251 1685 1320 exspectate.

710 1336 986 1393 Vers.18.
1030 1339 1105 1394 Et
1148 1368 1202 1378 —
1239 1352 1353 1394 me.
1416 1337 1735 1407 Postquam
1784 1334 1931 1391 dixit
1954 1350 2092 1407 quia
2141 1350 2177 1391 a
2204 1336 2299 1390 Ju-

635 1424 785 1483 daais
803 1426 1035 1498 passuri
1064 1428 1255 1491 erant,
1283 1440 1446 1482 nunc
1489 1426 1669 1482 etiam
1700 1424 1834 1481 dicit
1872 1440 2007 1497 quae
2056 1424 2133 1480 ab
2172 1423 2299 1481 aliis

635 1515 940 1586 gentibus.

706 1695 876 1753 Vers.
939 1696 1024 1751 18.
1088 1695 1161 1750 In
1218 1726 1287 1735 —
1336 1693 1628 1767 gentibus.
1678 1692 1767 1749 Ad
1807 1693 2297 1764 redargutionem

2422 537 2488 595 ὡς
2528 535 2650 587 λέων
2686 540 2915 589 πέποιθε’
2987 538 3110 591 λέων
3151 536 3209 593 δὲ
3262 545 3349 594 xui
3406 544 3432 594 ό
3473 540 3730 609 διάϐολος,
3770 553 3891 600 κατά
3935 557 3978 603 τὸ

2422 622 2672 697 ἀνήμερον
2724 631 2811 678 καὶ
2865 628 3163 701 αίμοϐόρονο
3196 629 3299 693 Ὠς
3352 631 3473 683 λέων
3520 637 3643 708 γὰρ,
3701 642 3845 707 φησὶ,
3904 660 3978 692 πε-

2418 722 2647 784 ριπατεῖ,
2672 715 2842 775 ζητῶν
2874 723 2989 769 τίνα
3023 724 3277 792 καταπίῃ.

2490 969 2785 1035 Προσέχετε
2847 998 2915 1006 —
2997 969 3150 1040 ὑμᾶς.
3214 976 3577 1043 Προαναφωνεῖ
3640 976 3829 1038 τούτοις
3882 981 3977 1039 τοὺς

2414 1051 2690 1123 μέλλοντας
2740 1061 3078 1130 πειρασμοὺς,
3130 1061 3446 1131 παραθήγων
3504 1061 3571 1122 εἰς
3622 1067 3739 1125 τοὺς
3787 1064 3972 1136 ἀγῶνας.

2415 1146 2711 1214 Προσέχετε
2752 1140 2810 1195 δε
2867 1144 2966 1197 ἀπὸ
3006 1154 3107 1197 τῶν
3166 1146 3466 1222 ἀνθρώπων,
3520 1150 3632 1203 ἀντὶ
3681 1161 3786 1222 τοῦ,
3816 1156 3975 1208 Φυλάτο

2412 1232 2561 1283 τεσθε
2590 1235 2711 1292 τοὺς
2755 1231 3080 1308 ἀνθρώπους,
3134 1240 3321 1307 εἷτουν,
3370 1237 3706 1311 Προσδοκᾶτε
3750 1239 3883 1296 δεινὰ
3910 1244 3976 1296 ἀπ’

2462 1319 2472 1336 θ
2524 1328 2544 1337 ς.

2412 1339 2599 1373 αυτων.

2484 1414 2583 1461 Καὶ
2636 1442 2704 1450 —
2754 1412 2900 1484 ἐμοῦ.
2950 1414 3139 1481 Εἰπὼν,
3209 1415 3244 1467 ἆ
3284 1417 3678 1476 ὑποστήσανται
3724 1424 3855 1493 παρὰ
3895 1432 3974 1474 τῶν

2406 1496 2700 1567 Ἰουδαίων,
2751 1501 2927 1554 λοιπὸν
2956 1502 3091 1575 λέγει
3136 1509 3225 1557 xui
3258 1503 3293 1558 ἃ
3320 1510 3463 1582 παρά
3492 1516 3592 1560 τῶν
3640 1509 3796 1561 οἵλλων
3824 1510 3971 1565 ἐθνῶν.

2480 1678 2569 1741 Εἰς
2624 1710 2691 1719 --
2729 1682 2943 1735 ἔθνεσιν.
3003 1683 3092 1744 Εἰς
3144 1682 3360 1755 ἔλεγχον
3416 1690 3506 1738 καὶ
3567 1696 3666 1739 τῶν
3718 1685 3971 1755 Ἰουδαίων,

630 1783 976 1841 Judaeorum
1006 1788 1063 1840 et
1091 1785 1380 1857 gentium,
1413 1800 1489 1840 ne
1514 1783 1907 1856 postmodum
1938 1783 2133 1839 dicere
2160 1799 2285 1855 pos-

2406 1772 2496 1819 xui
2558 1776 2656 1820 τῶν
2715 1768 2886 1836 ἐθνῶν,
2959 1772 3042 1822 ἶνα
3105 1776 3176 1844 μὴ
3253 1770 3511 1827 δύνωνται
3561 1776 3720 1847 λέγειν
3771 1778 3971 1851 ὕστερον,

630 1874 765 1939 sint,
793 1872 961 1945 quod
973 1873 1455 1945 praedicationem
1471 1888 1594 1929 non
1613 1872 1913 1929 audierint
1943 1890 1955 1925 :
1981 1872 2041 1927 in
2058 1876 2295 1929 tantum

628 1962 789 2018 enim
818 1961 1082 2029 audient,
1140 1967 1203 2020 ut
1258 1962 1439 2019 etiam
1491 1961 1913 2034 praedicatores
1963 1961 2294 2017 innumeris

628 2050 803 2107 malis
833 2050 1118 2107 afﬁciant.

699 2141 858 2195 Vers.
891 2140 975 2195 19.
1005 2139 1153 2196 Cum
1195 2145 1391 2197 autem
1418 2169 1486 2181 —
1525 2140 1862 2211 loquamini.
1918 2142 1996 2195 Ne
2048 2138 2288 2195 dicant:

626 2230 694 2285 Et
731 2244 850 2299 quo
882 2232 1053 2299 pacto
1072 2228 1278 2284 idiotas
1309 2244 1377 2283 ac
1407 2227 1708 2293 illitterati,
1741 2228 2107 2300 persuadere
2128 2234 2292 2299 pote-

624 2318 815 2374 rimus
839 2316 1179 2373 rhetoribus
1199 2333 1269 2373 ac
1285 2317 1659 2389 philosophis
1680 2318 1707 2371 ?
1739 2318 2004 2389 primum
2021 2317 2177 2373 hanc
2196 2333 2289 2372 eo-

624 2421 762 2464 rum
801 2406 973 2463 solvit
1001 2406 1437 2463 dubitationem
1472 2406 1677 2462 dicens
1711 2424 1723 2461 :
1753 2407 1845 2463 Ne
1867 2407 2112 2463 solliciti
2163 2408 2289 2463 sitis

624 2497 912 2568 quomodo
943 2501 1048 2552 aut
1080 2495 1218 2567 quid
1242 2496 1588 2567 loquamini.

693 2588 853 2641 Vers.
895 2585 983 2641 19.
1016 2585 1272 2640 Dabitur
1299 2616 1369 2627 —
1424 2585 1772 2657 loquamini.
1814 2584 2096 2641 Dabitur:
2127 2602 2162 2641 a
2194 2602 2289 2642 me

626 2673 915 2730 videlicet.
959 2675 1094 2730 Haec
1125 2677 1325 2730 autem
1352 2674 1566 2730 iterum
1588 2674 1733 2729 dixit
1762 2675 1845 2729 eis
1876 2676 2132 2731 instante
2161 2691 2291 2730 cru-

627 2763 711 2818 cis
741 2763 1041 2834 passione,
1085 2762 1332 2836 quando
1384 2766 1459 2819 de
1502 2763 1713 2819 mundi
1768 2764 2287 2820 consummatione

624 2850 795 2908 illum
825 2852 1362 2921 interrogaverunt.
1412 2853 1499 2908 Ait
1533 2852 1692 2908 enim
1715 2854 1924 2919 Lucas,
1950 2852 2115 2924 quod
2149 2858 2285 2909 tunc

623 2940 803 2997 etiam
820 2940 1218 3011 subjunxerit:
1247 2941 1408 3011 Ergo
1420 2941 1563 2998 dabo
1584 2942 1740 2997 vobis
1760 2958 1820 2997 os
1842 2948 1894 2997 et
1909 2942 2281 3010 sapientiam,

623 3030 723 3086 cui
743 3046 863 3085 non
900 3034 1180 3099 poterunt
1210 3031 1622 3088 contradicere
1642 3039 1745 3088 aut
1778 3033 2049 3089 resistere
2086 3047 2283 3089 omnes

621 3118 721 3192 qui
754 3119 1150 3176 adversantur
1176 3120 1332 3176 vobis
1363 3121 1433 3174 ³³.

692 3209 857 3264 Vers.
889 3213 980 3264 20.
1030 3210 1160 3266 Non
1187 3240 1256 3250 —
1308 3210 1632 3281 loquentes.
1668 3212 1787 3266 Hoc
1857 3213 1963 3276 est,
1996 3210 2095 3282 qui
2145 3213 2284 3266 tunc

618 3296 957 3370 loquentur.

690 3386 862 3442 Vers.
911 3386 1005 3442 20.
1044 3385 1154 3442 Sed
1180 3417 1246 3427 -—
1279 3386 1458 3444 vobis.
1497 3387 1613 3443 Sed
1639 3387 1886 3459 Spiritus
1909 3392 2153 3444 sanctus
2181 3388 2284 3461 qui

614 3474 880 3548 loquitur
910 3476 971 3531 in
1003 3476 1193 3532 vobis.

686 3566 844 3622 Vers.
873 3566 962 3619 2t.
991 3565 1513 3635 Prodat—ﬁlium.
1544 3565 1627 3622 llli
1658 3581 1781 3623 non
1804 3568 2143 3633 credentes,
2171 3567 2284 3623 hos

615 3653 876 3725 prodent
899 3652 1105 3708 ﬁdeles
1121 3697 1133 3709 .

689 3741 855 3798 Vers.
884 3742 947 3797 21
980 3744 1060 3799 Et
1090 3773 1157 3785 —
1188 3759 1306 3801 eos.
1341 3746 1405 3800 Et
1436 3744 1703 3802 similiter
1732 3745 1807 3801 de
1837 3746 1929 3802 his
1960 3747 2282 3805 dicendum

616 3834 729 3888 est.
762 3834 867 3887 Per
895 3832 1005 3887 hos
1038 3836 1239 3889 autem
1260 3832 1658 3891 amicissimos
1679 3834 1859 3891 etiam
1888 3835 2039 3892 alios
2064 3852 2282 3908 cogna-

614 3922 708 3976 tos
739 3924 796 3976 et
821 3919 1141 3977 familiares
1171 3920 1466 3991 intelligit.

686 4007 850 4064 Vers.
886 4008 974 4063 22.
1029 4010 1110 4065 Et
1138 4041 1207 4049 -—
1235 4026 1442 4067 nomen
1494 4025 1708 4068 meum.
1748 4043 1815 4053 —
1844 4012 1934 4069 Ab
1977 4013 2279 4080 omnibus,

610 4095 673 4153 id
711 4102 820 4161 est,
876 4114 912 4153 a
968 4098 1237 4170 pluribus
1273 4115 1284 4153 :
1314 4115 1460 4155 nam
1494 4100 1663 4157 multi
1709 4102 1870 4173 ipsos
1924 4102 2278 4159 dilexerunt.

609 4188 706 4242 Est
739 4192 939 4244 autem
978 4194 1035 4245 et
1060 4189 1178 4245 hoc
1202 4190 1518 4261 Scriptura:
1565 4190 1795 4247 idioma
1824 4192 2155 4248 utomnibus
2198 4193 2283 4248 d1-

608 4281 704 4333 cat
724 4294 833 4349 pro
856 4278 1145 4349 pluribus.
1176 4278 1323 4334 Cum
1349 4285 1549 4335 autem
1575 4281 1849 4351 superius
1866 4280 2161 4336 addiderit
2189 4285 2234 4317 ³²
2266 4299 2277 4336 :

606 4364 868 4434 Propter
895 4385 1002 4437 me,
1041 4384 1201 4423 nunc
1252 4368 1481 4424 addens
1513 4369 1689 4424 etiam
1726 4385 1737 4423 :
1790 4371 2047 4438 Propter
2076 4386 2280 4426 nomen

607 4470 811 4520 meum,
847 4473 1136 4527 magnam
1166 4457 1250 4513 eis
1283 4458 1746 4514 consolationem
1769 4475 1835 4514 ac
1855 4460 2042 4516 animi
2074 4460 2281 4516 alacri-

607 4546 787 4599 tatem
814 4544 1035 4616 injecit,
1069 4561 1207 4601 cum
1241 4562 1603 4617 persuasum
1653 4547 1938 4614 habeant,
1970 4548 2137 4620 quod
2167 4548 2279 4605 illis

606 4631 765 4687 adsit
789 4636 846 4688 et
877 4634 1210 4699 auxilietur,
1242 4635 1344 4706 qui
1375 4640 1613 4706 propter
1646 4636 1838 4707 ipsum
1871 4638 2202 4707 patiuntur.

678 4720 837 4776 Vers.
896 4726 983 4777 22.
1036 4724 1147 4790 Qui
1211 4725 1500 4779 —salvus
1537 4726 1669 4779 erit.
1722 4726 1851 4780 Tria
1881 4726 2074 4782 innuit
2125 4743 2279 4797 prte-

605 4825 742 4865 sens
772 4811 1052 4869 verbum.
1087 4812 1339 4867 Primum
1366 4812 1532 4885 quod
1550 4829 1671 4868 non
1697 4814 1895 4869 solum
1922 4814 2008 4870 eis
2031 4831 2184 4888 opus
2206 4816 2279 4873 sit

604 4899 796 4972 ipsius
853 4900 1098 4965 auxilio,
1132 4901 1237 4957 sed
1286 4906 1342 4957 et
1374 4902 1615 4973 propria
1646 4903 1987 4960 fortitudine
2021 4921 2032 4959 :
2064 4910 2125 4960 ut
2156 4921 2277 4963 non

601 4989 758 5059 illius
792 4991 1006 5057 solum,
1066 4991 1171 5047 sed
1199 4995 1255 5047 et
1300 4992 1565 5063 ipsorum
1617 4992 1782 5049 bona
1822 4993 1940 5049 sint
1969 5010 2177 5066 opera.
2210 4998 2277 5052 Et

597 5079 766 5152 quod
790 5080 1105 5152 defatigari
1128 5096 1248 5137 non
1279 5087 1569 5153 oporteat.
1604 5085 1752 5138 Nam
1774 5098 1908 5155 quae
1939 5083 2159 5141 utilitas
2185 5090 2277 5141 est

594 5169 889 5242 principii,
923 5170 1089 5242 quod
1122 5170 1306 5227 ﬁnem
1339 5186 1461 5227 non
1510 5170 1691 5229 habet
1719 5172 1747 5228 ‘l
1773 5173 2065 5230 Praeterea
2111 5176 2272 5247 quod

595 5256 675 5313 ad
704 5258 886 5315 ﬁnem
914 5276 1105 5332 usque
1136 5260 1272 5315 vitae
1314 5259 1594 5317 adeunda
1625 5260 1741 5318 sint
1772 5262 2051 5333 pericula.

668 5346 924 5416 Dignum
957 5354 1041 5405 est
1062 5354 1286 5417 autem,
1315 5350 1502 5406 uthos
1529 5351 1899 5407 admiremur
1922 5368 1933 5408 :
1954 5352 2269 5425 quomodo

596 5433 676 5491 ad
723 5440 887 5492 tanta
958 5454 1028 5494 ac
1096 5439 1233 5497 talia
1315 5440 1517 5497 emissi
1590 5442 1876 5513 pericula,
1941 5442 2266 5512 audientes,

671 5613 717 5654 ιδ
750 5615 890 5675 Gen.
948 5633 1101 5686 χιιι,
1133 5621 1192 5679 9.
1336 5621 1383 5658 ¹⁹
1416 5621 1584 5679 Prov.
1612 5637 1819 5691 xxvni,
1853 5623 1911 5680 1.

2031 5624 2220 5685 ".301
2260 5624 2489 5697 Petr.v,
2523 5624 2577 5680 8.

2406 1858 2486 1909 ὄτι
2534 1857 2627 1909 ούκ
2689 1861 2919 1915 ἤκουσαν
2983 1867 3073 1911 τοῦ
3150 1864 3511 1935 κηρύγματος,
3607 1874 3853 1919 Τοσοῦτον
3893 1871 3971 1939 γὰρ

2406 1944 2744 2011 ἀκούσουσιν,
2784 1949 2918 2000 ὥστε
2970 1954 3059 2001 καὶ
3112 1954 3231 2013 τοὺς
3288 1957 3522 2026 κήρυκας
3584 1960 3787 2029 μυρίοις
3820 1965 3973 2018 κακοῖς

2405 2036 2503 2087 ὑπο
2510 2034 2677 2087 ϐαλεῖν
2690 2080 2701 2091 .

2470 2124 2632 2177 Ὅταν
2673 2122 2732 2178 δὲ
2773 2156 2842 2165 -—
2898 2125 3168 2186 λαλήσει-ε.
3215 2135 3328 2182 Ἵνα
3374 2136 3444 2202 μὴ
3499 2130 3740 2203 λέγωσιν,
3776 2134 3848 2185 ὅτι
3888 2137 3969 2185 Καὶ

2402 2223 2532 2279 πῶς,
2594 2212 2802 2267 ἰδιῶται
2873 2222 2962 2269 καὶ
3023 2218 3379 2292 ἀγράμματοι,
3430 2229 3609 2273 πεῖσαι
3673 2219 3972 2294 δυνησόμεθα

2399 2304 2626 2377 ῥήτορας
2684 2308 2771 2356 καὶ
2826 2305 3139 2379 φιλοσόφους
3181 2327 3193 2376 ;
3244 2311 3618 2381 προθεραπεύει
3672 2317 3757 2364 καὶ
3805 2316 3969 2368 ταύτην

2402 2392 2569 2444 αὐτῶν
2626 2399 2719 2451 τὴν
2798 2394 3015 2469 ἀπορίαν
3059 2395 3237 2468 λέγων·
3316 2404 3401 2456 Μὴ
3466 2406 3832 2471 μεριμνήσητε,
3882 2409 3971 2460 πῶς

2402 2482 2430 2539 ἡ
2466 2486 2516 2533 τί
2545 2482 2669 2539 λαλή
2683 2503 2813 2537 σετε.

2472 2573 2758 2629 Δοθήσεται
2813 2604 2880 2611 —
2939 2573 3207 2631 λαλήσετε.
3291 2578 3597 2643 Δοθήσεται,
3675 2579 3792 2651 παρ’
3866 2578 3969 2649 ἐμοῦ

2402 2656 2634 2718 δηλαδή.
2678 2664 2854 2715 Ταῦτα
2886 2659 2942 2714 δὲ
2991 2660 3125 2716 εἶπεν
3157 2664 3335 2726 αὐτοῖς
3373 2671 3462 2717 καὶ
3512 2663 3681 2734 αὖθις,
3712 2667 3970 2737 ἐγγίζοντος

2398 2757 2488 2801 τοῦ
2540 2746 2633 2801 διὰ
2697 2759 2925 2825 σταυροῦ
2964 2755 3179 2818 πάθους,
3241 2756 3322 2805 ὅτε
3353 2759 3470 2828 περὶ
3528 2764 3627 2816 τῆς
3680 2764 3767 2808 τοῦ
3796 2761 3969 2827 κόσμου

2399 2838 2686 2902 συντελείας
2748 2842 3022 2913 ἠρώτησαν
3093 2842 3267 2896 αὐτόν.
3345 2849 3483 2901 Φησὶ
3530 2848 3635 2919 γὰρ
3692 2848 3716 2897 ό
3770 2851 3966 2908 Λουκᾶς,

2396 2934 2484 2980 xui
2540 2938 2827 2986 τηνικαῦτα
2898 2930 3055 2982 εἰπεῖν
3112 2932 3286 3003 αὑτὸν,
3351 2935 3431 2984 ὃτι
3489 2935 3622 3005 Ἐγὼ
3673 2933 3823 2987 δώσω
3869 2936 3968 3004 ύμῖν

2398 3022 2568 3089 στόμα
2667 3024 2756 3070 xui
2836 3024 3021 3091 σοφίαν
3101 3021 3131 3091 ᾗ
3201 3022 3258 3072 ού
3328 3018 3652 3080 δυνήσονται
3722 3022 3965 3087 ἀντειπεῖν,

2396 3103 2517 3159 οὐδὲ
2541 3107 2845 3167 ἀντιστῆναι
2877 3111 3061 3171 πάντες
3087 3112 3134 3161 οἱ
3161 3112 3502 3183 ἀντικείμενοι
3535 3114 3677 3184 ύμῖν,

2469 3195 2541 3248 Οὐ
2574 3226 2639 3236 -
2667 3196 2956 3260 λαλοῦντες.
3000 3200 3065 3251 Oi
3093 3198 3361 3261 λαλοῦντες
3399 3206 3531 3255 τότε.

2466 3373 2622 3427 Ἀλλά
2681 3407 2745 3415 —
2800 3375 2941 3447 ύμῖν.
2998 3376 3154 3432 Ἀλλά
3206 3380 3263 3429 τό
3333 3383 3540 3450 Πνεῦμα
3583 3384 3643 3432 τὸ
3704 3381 3863 3452 ἅγιον,
3921 3380 3968 3428 τὸ

2392 3464 2576 3518 λαλοῦν
2608 3463 2655 3515 ἐν
2682 3466 2801 3537 υμῖν
2833 3471 2966 3518 τότε.

2466 3550 2780 3626 Παραδώσει
2836 3584 2904 3595 -—
2948 3558 3139 3610 τέκνον.
3201 3559 3266 3608 0i
3320 3561 3393 3628 μὴ
3438 3562 3819 3624 πιστεύσαντες,
3870 3558 3969 3616 τοὺς

2392 3646 2579 3696 πιστεύ
2590 3662 2798 3705 σαντας.

2468 3737 2567 3786 Καὶ
2596 3764 2662 3773 —
2711 3733 2919 3795 αὐτούς.
2958 3738 3057 3786 Καὶ
3103 3733 3247 3787 οὗτοι
3296 3736 3503 3807 ὁμοίως.
3563 3739 3662 3788 Διά
3689 3744 3784 3789 τῶν
3819 3735 3970 3807 φιλτά-

2391 3842 2490 3875 των
2553 3819 2611 3875 δε
2660 3826 2873 3889 τούτων,
2930 3827 3019 3875 xui
3092 3825 3186 3884 τὰς
3235 3823 3387 3885 ἄλλας
3435 3823 3637 3897 ἐνέφηνε
3701 3828 3972 3896 συγγενείας

2391 3918 2481 3966 καὶ
2503 3912 2833 3973 οἰκειότητας.

2466 4008 2565 4055 Καὶ
2612 4033 2681 4043 —-
2738 4004 2897 4074 ὄνομά
2944 4022 3063 4075 μου.
3109 4003 3233 4055 ’Υπὸ
3282 4003 3505 4068 πάντων,
3562 4002 3676 4057 ἀντὶ
3718 4010 3824 4068 τοῦ,
3865 4000 3967 4053 ’Υπὸ

2392 4100 2490 4145 τῶν
2526 4091 2784 4145 πλειόνων.
2840 4091 3028 4144 Πολλοὶ
3074 4094 3175 4164 γὰρ
3226 4092 3415 4154 αὐτοὺς
3469 4094 3775 4163 ἠγάπησαν.
3825 4087 3969 4145 Ἰδίω-

2391 4203 2465 4255 μα
2505 4178 2563 4233 δὲ
2590 4186 2677 4233 καὶ
2731 4189 2883 4233 τοῦτο
2945 4184 3220 4255 γραφικόν,
3270 4183 3463 4243 πάντας
3518 4182 3702 4253 λέγειν,
3756 4185 3839 4233 xui
3865 4184 3969 4237 τοὺς

2390 4270 2645 4333 πλείονας.
2687 4271 2955 4345 Ἀνωτέρω
3013 4267 3072 4323 δε
3129 4272 3391 4345 προσθεὶς,
3446 4273 3526 4323 ὅτι
3590 4270 3783 4325 Ἐνεκεν
3840 4268 3965 4341 ἐμοῦ,

2390 4365 2475 4413 καὶ
2504 4368 2590 4412 νῦν
2659 4357 2716 4413 δὲ
2759 4361 2932 4426 πάλιν,
2982 4362 3064 4412 ὅτι
3126 4363 3222 4413 Διά
3275 4365 3333 4412 τὸ
3392 4362 3552 4433 ὄνομά
3623 4377 3741 4432 μου·
3800 4358 3965 4414 πολλὴν

2386 4451 2718 4526 παράκλησιν
2783 4455 2872 4502 καὶ
2926 4451 3221 4522 προθυμίαν
3311 4449 3487 4510 αὐτοῖς
3546 4448 3761 4516 ἐνέϐαλε,
3818 4465 3967 4500 πεπει-

2392 4544 2618 4612 σμένοις,
2670 4541 2751 4592 ὅτι
2800 4543 3166 4613 συμπαρέσται
3224 4544 3313 4591 καὶ
3377 4537 3717 4609 ἀντιλήψεται
3766 4546 3858 4591 τῶν
3886 4555 3967 4588 πα-

2393 4633 2628 4701 σχόντων
2662 4625 2733 4681 δι’
2766 4629 2940 4681 αὐτόν.

2458 4720 2606 4771 Ὁ-
2657 4721 2972 4778 σωθήσεται.
3022 4723 3156 4793 Τρία
3211 4720 3269 4770 τὸ
3310 4721 3474 4792 παρὸν
3529 4718 3760 4790 ἐμφαίνει
3806 4716 3963 4790 ῥητόν·

2388 4812 2468 4863 ὅτι
2517 4810 2575 4862 0')
2620 4810 2772 4882 μόνον
2803 4814 2963 4882 χρεία
3008 4815 3098 4868 τῆς
3151 4808 3273 4881 παρ’
3327 4808 3487 4860 αὐτοῦ
3544 4806 3805 4880 βοηθείας,
3858 4802 3969 4855 ἀλλά

2387 4906 2477 4954 καὶ
2514 4908 2604 4961 τῆς
2654 4900 2821 4951 αὐτῶν
2865 4903 3161 4974 καρτερίας,
3210 4899 3291 4949 ἵνα
3331 4900 3395 4955 αὴ
3450 4896 3610 4950 αὐτοῦ
3639 4901 3810 4970 μόνον,
3857 4892 3969 4944 ἀλλα

2386 4996 2475 5043 καὶ
2532 4990 2697 5042 αὐτῶν
2749 4993 2972 5060 γίνοιντο
3037 4990 3101 5040 τὰ
3167 4988 3578 5060 κατορθώματα·
3633 4991 3722 5039 καὶ
3784 4986 3859 5037 ὅτι
3917 4979 3968 5032 ού

2384 5084 2495 5156 χρὴ
2528 5080 2860 5151 ἀποκάμνειν*
2911 5084 2959 5131 τί
3013 5078 3115 5151 γὰρ
3161 5076 3331 5149 ὄφελος
3391 5074 3588 5151 ἀρχῆς,
3634 5075 3726 5128 ούκ
3756 5073 3969 5146 ἐχούσης

2383 5171 2520 5231 τέλος
2545 5214 2558 5237 ,
2591 5175 2680 5222 καὶ
2737 5171 2816 5221 ὃτι
2858 5172 3023 5241 μέχρι
3051 5166 3229 5229 τέλους
3288 5167 3429 5229 ζωῆς
3480 5165 3650 5219 αὐτῶν
3679 5160 3967 5238 παραταθή-

2386 5281 2532 5315 σεται
2564 5262 2631 5312 τά
2659 5256 2824 5312 δεινά.

2455 5352 2744 5423 Θαυμάσαι
2784 5345 2841 5401 δὲ
2879 5350 3088 5407 τούτους
3134 5346 3300 5415 ἄξιον,
3327 5353 3435 5408 πῶς
3486 5345 3555 5407 εἰς
3585 5344 3862 5401 τοσούτους
3888 5336 3963 5388 καὶ

2380 5444 2647 5502 τοιούτους
2701 5434 2975 5500 κινδύνους
3034 5436 3484 5509 ἀποστελλόμενοι,
3540 5438 3629 5486 xui
3675 5438 3842 5485 πᾶσαν
3891 5426 3967 5497 μὲν

2692 5621 2891 5678 3‘Luc.
2920 5620 3008 5689 21,
3040 5623 3129 5678 15.
3263 5621 3310 5655 ³³
3337 5616 3536 5675 Matth.
3568 5630 3628 5683 ι,
3656 5614 3751 5669 18.
