4108 6394
172 369 249 426 331

1193 378 1555 435 COMMENT.
1599 378 1671 435 IN
1712 378 2154 435 MATTHEUM.
2194 409 2265 421 —
2309 378 2469 437 CAP.
2510 381 2575 436 X.

3464 385 3568 440 338

170 503 239 555 τὶν
264 497 581 571 οἰκουμένην
625 502 912 575 πολεμίαν
954 507 1097 576 ἔχειν
1150 503 1441 572 ἀκούοντες,
1504 506 1627 577 παρ’
1688 505 1801 565 ὃλην

1921 505 2084 577 quod
2096 505 2445 562 universum
2460 505 2669 562 orbem
2685 505 2992 564 inimicum
3005 507 3315 576 haberent,
3333 511 3577 582 totaque

172 585 216 640 δε
240 589 594 659 πειράζεσθαι
640 597 753 650 τήν
818 597 987 662 ζωὴν,
1039 595 1133 647 ούκ
1188 591 1504 661 ἕδειλίασαν,
1538 591 1652 647 οὐδ’
1685 594 1807 656 ἐζή-

173 697 307 737 τησαν
351 677 699 751 ἀπαλλαγήν
771 692 879 735 τῶν
925 681 1105 737 δεινῶν
1162 701 1175 747 ;
1219 684 1503 741 ’Υπὴκουον
1566 687 1690 757 γὰρ,
1740 687 1808 747 ὡς

179 769 396 829 εὖηιθείς
439 779 521 839 τῷ
568 766 945 844 διδασκάλῳ,
1002 778 1092 825 καὶ
1143 773 1389 848 ἐθάρρουν
1431 776 1494 834 ὡς
1524 778 1704 826 πιστοὶ
1742 782 1804 846 τῇ

178 856 367 929 δυνάμει
422 867 525 911 τού
610 859 1062 923 ἀποστελλοντος.
1144 865 1516 935 Μεμαθηκότες
1586 859 1644 915 δὲ
1718 867 1807 913 καὶ

174 952 239 1000 ὃτι
278 957 536 1001 τοσοῦτον
608 950 859 1021 ἰσχύσει
907 956 966 1003 τὸ
1013 957 1259 1024 κήρυγμα
1312 960 1407 1014 τῆς
1451 956 1694 1019 πίστεως,
1739 953 1808 1012 ὡς

172 1034 401 1090 διαλύσαι
460 1044 566 1091 καὶ
606 1044 717 1099 τήν
783 1038 1147 1112 ἀδαμαντίνην
1189 1045 1417 1115 στοργήν
1443 1050 1534 1102 τῆς
1582 1044 1804 1115 φύσεως,

165 1134 243 1180 καὶ
318 1132 417 1189 τὰς
512 1135 765 1200 σχέσεις
850 1129 1096 1192 ἀλλήλαις
1160 1130 1536 1203 ἐκπολεμωσαι,
1618 1130 1807 1204 μᾶλλον

163 1219 630 1291 ἀνηρεθίσῦησαν,
681 1224 782 1272 καὶ
843 1222 1175 1295 νευρωθίντες
1225 1220 1404 1273 λοιπὸν
1478 1227 1591 1281 ταῖς
1648 1218 1807 1292 ἀναμ-

161 1307 382 1379 φιϐολοις
436 1307 645 1361 ἐλπίσι
707 1317 803 1361 τού
855 1306 1540 1383 κατορθοῦν,ἁπεδύσαντο,
1598 1306 1809 1362 δώδεκα

162 1404 321 1468 μόνοι,
383 1402 525 1471 πρὸς
578 1398 812 1451 ἅπασαν
873 1403 966 1457 τὴν
1026 1399 1349 1471 οἰκουμένην,
1402 1395 1540 1471 ᾗτινι
1594 1418 1805 1471 συμπα-

160 1492 431 1559 ρετάττετο
467 1488 601 1540 κατ’
643 1488 823 1540 αὐτῶν
859 1493 949 1541 καὶ
978 1490 1004 1540 ὁ
1036 1485 1277 1550 διάϐολος
1330 1491 1457 1560 μετὰ
1514 1497 1612 1541 τῶν
1661 1487 1805 1542 ἀπεί-

162 1598 255 1651 ρων
312 1578 489 1629 αὐτοῦ
558 1574 867 1648 δαιμόνων,
931 1582 1021 1629 καὶ
1075 1582 1422 1643 νενικήκασιν,
1474 1577 1568 1629 οὐκ
1608 1576 1805 1630 ἀνελόν-

164 1687 241 1728 τες
324 1670 456 1728 τοὺς
537 1667 843 1732 ἐναντίους,
924 1664 1051 1717 ἀλλὰ
1123 1667 1652 1740 μεταρρυθμίσαντες,
1716 1671 1805 1718 καὶ

166 1754 427 1828 δαιμονίων
471 1756 607 1828 (24)
661 1759 816 1817 ἴσους
846 1754 1103 1819 λαϐόντες,
1164 1754 1394 1827 ἀγγέλων
1446 1758 1599 1818 ῖσους
1627 1754 1805 1813 ἐποίη-

163 1865 281 1901 σαν.

239 1942 381 1987 Oras
441 1932 505 1987 δε
569 1965 649 1974 -
709 1933 891 1992 ἄλλην.
944 1934 1111 1989 Εἰπὼν
1157 1937 1221 1986 τὰ
1276 1937 1405 2006 μετά
1460 1937 1551 1991 τὴν
1619 1932 1805 1991 ἀνάλη-

162 2025 253 2095 ψιν
312 2024 483 2077 αὑτοῦ
544 2024 958 2097 συμϐησόμενα,
1016 2023 1168 2077 πάλιν
1198 2027 1366 2095 ἤγαγε
1407 2026 1494 2075 τὸν
1524 2022 1673 2094 λόγον
1722 2022 1806 2076 ἐπὶ

162 2119 231 2167 τὰ
280 2119 424 2191 spei;
478 2121 582 2167 τοῦ
640 2121 901 2186 σταυροῦ.
962 2113 1162 2167 Κελεύει
1211 2110 1269 2165 δὲ
1318 2116 1541 2184 φεύγειν,
1592 2112 1697 2185 οὐχ
1741 2115 1807 2174 ὡς

161 2202 398 2271 δειλοὺς,
450 2202 569 2255 ἀλλ’
623 2206 696 2264 ὡς
745 2200 1111 2275 διωκομένους.
1166 2202 1224 2255 Ὀ
1277 2199 1337 2255 δὲ
1376 2201 1626 2275 Θεολόγος
1678 2209 1807 2274 Γρη-

159 2302 354 2365 γοριος
412 2293 728 2367 ἑρμηνεύων
770 2297 924 2345 τοῦτό
974 2311 1151 2365 φησιν,
1191 2294 1272 2345 ὃτι
1324 2288 1499 2365 φειδοῖ
1550 2300 1649 2344 τῶν
1677 2289 1806 2344 διω-

153 2388 363 2436 κόντων
420 2388 519 2435 καὶ
599 2390 706 2434 τῶν
770 2384 1175 2455 ἀσθενεστέρων
1250 2386 1339 2433 καὶ
1414 2378 1537 2434 οὐδε
1602 2383 1806 2456 μακρὰν

150 2475 396 2543 φεύγειν,
462 2470 581 2523 ἀλλ’
640 2470 744 2522 ἀπὸ
790 2473 986 2533 ταύτης
1047 2477 1139 2531 τῆς
1190 2470 1377 2530 πόλεως
1447 2470 1518 2531 εὶς
1589 2476 1801 2536 ἐκείνην,

150 2564 239 2614 ἕνα
276 2558 577 2634 μηδεμίαν
610 2559 1027 2632 παραλείψωσιν,
1096 2560 1163 2620 εἰς
1194 2559 1254 2618 ἣν
1289 2559 1384 2611 ούκ
1435 2559 1549 2628 (25)
1604 2559 1807 2632 ἀφίξον-

146 2671 264 2703 ται.

226 2743 411 2813 Ἀμὴν
490 2770 567 2779 -
653 2746 744 2791 τοῦ
826 2736 1117 2813 ἀνθρώπου.
1177 2736 1308 2799 Ἐως
1372 2736 1431 2789 ἃν
1497 2737 1618 2807 ἔλθῃ
1675 2740 1804 2813 πρὸς

142 2833 320 2903 ὑμᾶς.
379 2836 567 2883 Τοῦτο
613 2824 675 2881 δε
713 2830 838 2902 πρὸς
866 2826 1220 2899 ψυχαγωγίαν
1269 2832 1358 2879 καὶ
1407 2825 1659 2898 ἀνάψυξιν
1707 2827 1807 2880 αύ-

140 2928 253 2971 τῶν
320 2916 467 2986 εἶπε,
534 2916 791 2990 βεϐαιῶν,
869 2918 950 2970 ὅτι
1009 2918 1191 2969 θᾶττον
1246 2919 1453 2976 τούτους
1509 2915 1800 2987 καταλάϐῃ,

144 3014 261 3081 πρὸ
354 3015 459 3059 τοῦ
537 3005 827 3078 περιελθεῖν
897 3005 1083 3065 αύτούς
1124 3007 1299 3066 πάσας
1350 3007 1441 3065 τὰς
1484 3004 1652 3065 πόλεις
1702 3013 1803 3057 τῶν

140 3094 479 3161 Ἰουδαίων,
516 3099 708 3167 ἤγουν,
741 3098 841 3168 πρὸ
891 3100 982 3146 τοῦ
1036 3090 1251 3146 διελθεῖν
1303 3093 1423 3151 ὃλην
1473 3098 1566 3151 τὴν
1611 3092 1804 3146 Παλαι-

142 3192 375 3243 στὶνζν.
418 3183 625 3257 Ἤρκει
677 3186 802 3256 γὰρ,
835 3187 924 3234 καὶ
958 3187 1109 3255 μόνον
1150 3182 1412 3254 ἐπιφανεὶς
1464 3182 1643 3244 αὐτοῖς
1686 3180 1801 3234 ἀντὶ
1840 3220 1882 3276 C

139 3279 340 3335 πάσης
368 3272 791 3347 παρακλήσεως,
824 3273 983 3331 οὕτως
1011 3270 1381 3343 ἐλαυνομένοις,
1410 3271 1435 3323 ὃ
1470 3268 1538 3330 δὴ
1563 3275 1674 3323 τότε
1711 3274 1797 3323 καὶ

142 3370 487 3429 πεποίηκεν,
519 3364 597 3423 ὡς
643 3362 928 3433 ὑπέσχετο.
960 3363 1102 3414 Ἐπεὶ
1131 3357 1190 3412 δε
1236 3365 1324 3413 καὶ
1369 3358 1799 3433 βλασφημείσθαι

137 3456 307 3525 τινα.ρὰ
337 3462 453 3504 τῶν
488 3447 797 3503 διωκόντων
826 3449 1050 3522 ἔμελλον,
1080 3449 1170 3501 καὶ
1197 3445 1290 3502 διὰ
1314 3458 1466 3501 τούτο
1490 3446 1794 3517 δάκνεσθαι,

138 3543 577 3613 παραμυθεῖται
611 3544 701 3592 καὶ
730 3546 885 3592 τοῦτο
911 3542 967 3592 τὸ
1008 3543 1181 3611 μέρος,
1215 3537 1315 3591 ἀπὸ
1355 3545 1442 3591 τοῦ
1469 3539 1587 3592 καθ’
1618 3538 1798 3592 ἑαυτὸν

140 3626 602 3702 ὑπσδείγματος,
638 3628 812 3680 εἰπών’

224 3811 356 3865 Οὐκ
406 3841 487 3851 —
535 3812 627 3861 τὸν
675 3811 853 3881 κύριον
911 3806 1089 3861 αὐτοῦ.
1161 3807 1449 3879 ’Δπόφασιν
1514 3808 1603 3879 μὲν
1664 3806 1799 3879 λέγει

146 3906 349 3958 κοινήν
407 3903 508 3951 καὶ
563 3903 701 3950 πᾶσι
752 3902 1029 3971 γνώριμον,
1096 3897 1456 3971 προσαρμόζει
1524 3893 1583 3949 δὲ
1630 3916 1794 3969 ταυτῃ

150 3992 221 4040 τὰ
291 3988 417 4041 καθ’
485 3988 694 4053 ἑαυτὸν,
742 3987 825 4039 ἶνα
886 3982 1076 4057 μηδεὶς
1132 3984 1411 4057 ἀντιλέγειν
1470 3987 1608 4057 ἔχοι.
1688 3986 1797 4038 Ούκ

150 4081 317 4129 ῖστεν
371 4082 560 4143 ὄντως,
631 4080 747 4127 οὔτε
827 4076 1064 4146 μαθητὴς
1145 4079 1388 4148 κρείττων
1457 4082 1549 4126 τοῦ
1604 4075 1795 4128 οἰκείου

151 4164 545 4231 διδασκάλου,
578 4168 697 4217 οὔτε
745 4161 932 4226 δοῦλος
970 4169 1211 4238 κρείττων
1262 4172 1355 4216 τού
1393 4170 1575 4239 κυρίου
1612 4164 1793 4229 αὐτοῦ,

149 4258 259 4317 ἕως
319 4258 382 4307 ἄν
412 4258 443 4309 ὁ
498 4259 594 4328 μὲν
629 4257 705 4311 εἴη
736 4256 991 4326 μαθητὴς,
1021 4255 1046 4305 ὁ
1080 4249 1139 4306 δε
1177 4250 1386 4315 δοῦλος.
1416 4259 1626 4325 ’Υφεσις
1672 4255 1794 4325 (26)

146 4351 261 4418 γάρ
297 4347 420 4398 ἐστι
462 4348 646 4396 καὶτὸ
705 4340 1061 4397 διδάσκεσθαι
1110 4347 1199 4395 καὶ
1259 4346 1317 4395 τὸ
1377 4338 1657 4405 δουλεύειν,
1706 4349 1796 4395 καὶ

148 4437 281 4487 κατ’
347 4435 487 4487 αὐτὸ
536 4442 693 4486 τοῦτο
746 4434 948 4494 πάντως
1000 4432 1116 4503 (27)
1170 4431 1544 4491 ύποϐεϐήκασι·
1598 4434 1794 4485 Λοιπὸν

146 4521 247 4576 οὖν
289 4521 415 4579 οὐδ’
442 4525 599 4595 ὑμεῖς
629 4522 740 4575 ἕστε
770 4524 893 4595 ύπερ
927 4521 1031 4595 ἔμε,
1055 4526 1143 4573 τὸν
1175 4518 1504 4575 διδάσκαλον
1533 4523 1675 4593 ὑμῶν
1705 4526 1795 4575 καὶ

150 4620 388 4688 Κύριον.

228 4706 497 4778 Ἀρκετὸν
520 4732 593 4742 -
614 4702 639 4752 ό
658 4696 983 4762 διδάσκαλος
1011 4701 1190 4755 αὐτοῦ.
1212 4702 1387 4775 Ἀρκεῖ
1402 4708 1513 4762 τοῖς
1529 4702 1795 4773 μαθηταῖς

154 4796 287 4859 ὑμῖν
318 4794 393 4853 εἰς
450 4792 810 4865 παραμυθίαν,
846 4792 929 4842 ἶνα
961 4792 1177 4861 γένησθε
1210 4788 1692 4862 βλασφημούμενοι,
1726 4792 1793 4849 ὡς

298 4885 325 4933 ὁ
362 4877 704 4941 διδάσκαλος
736 4881 900 4951 ὑμῶν,
932 4883 1023 4930 καὶ
1057 4882 1194 4951 μέγα
1223 4880 1343 4951 ύμῖν
1382 4882 1461 4947 τὸ,
1499 4883 1587 4931 καὶ
1615 4877 1662 4929 ἐν
1691 4885 1793 4939 τοῖς

159 4975 432 5031 τοιούτοις
476 4969 793 5031 ἐξισωθῆναί
821 4987 935 5040 μοι.

238 5067 342 5114 Καὶ
374 5062 405 5112 ὁ
450 5055 633 5119 δοῦλος
663 5090 731 5099 -
762 5058 947 5111 αὐτοῦ.
988 5055 1287 5109 Ἐλκυστέον
1312 5061 1402 5109 καὶ
1434 5055 1517 5109 ἐπὶ
1548 5060 1605 5108 τὸ
1634 5057 1791 5131 ῥητὸν

164 5157 322 5203 τοῦτο
342 5148 506 5202 πάλιν
537 5152 616 5218 τὸ,
656 5146 896 5223 ἀρκετὸν,
938 5148 1025 5198 ἶνα
1056 5148 1289 5218 γένηται.

238 5243 301 5292 Ei
358 5270 433 5281 -—
497 5238 794 5300 οὶκειακούς
861 5235 1042 5291 αὐτοῦ.
1128 5234 1430 5297 Βεελζεϐοὺλ
1500 5233 1789 5309 ὠνόμαζον,

1917 596 2037 651 vita
2063 610 2173 651 sua
2199 598 2568 651 tentarentur
2600 614 2612 650 :
2640 612 2763 652 non
2792 597 3194 654 detrectarunt
3219 598 3574 671 periculum,

1916 699 2108 755 neque
2138 684 2545 740 liberationem
2572 702 2608 741 a
2636 686 2807 742 malis
2829 693 3250 759 poposcerunt.
3281 688 3578 745 Parebant

1917 773 2076 828 enim
2105 777 2389 841 tanquam
2419 773 2699 843 morigeri
2725 776 3013 846 magistro
3043 791 3055 830 :
3084 780 3141 832 et
3169 776 3574 847 conﬁdebant,

1919 865 2122 934 utpote
2152 862 2378 933 ﬁdeles,
2412 862 2488 918 de
2521 864 2789 935 potentia
2818 865 3161 921 emittentis.
3194 865 3344 922 Cum
3375 871 3577 923 autem

1916 951 2282 1015 didicissent,
2313 952 2478 1024 quod
2511 957 2737 1009 tantam
2776 953 3024 1011 haberet
3060 954 3201 1011 ﬁdei
3230 956 3577 1027 praedicatio

1918 1040 2349 1107 fortitudinem,
2410 1045 2470 1098 ut
2527 1041 2989 1099 adamantinum
3045 1060 3289 1117 quoque
3344 1049 3577 1102 natura;

1917 1146 2186 1187 amorem
2235 1130 2606 1196 dissolveret,
2655 1132 2838 1188 variis
2890 1132 3202 1189 affectibus
3251 1149 3316 1190 se
3365 1138 3577 1191 mutuo

1916 1219 2309 1288 vincentibus,
2327 1220 2520 1289 magis
2536 1219 2759 1277 incitati
2776 1225 2937 1287 sunt,
2960 1222 3302 1296 additisque
3321 1223 3575 1289 viribus,

1916 1309 2245 1365 indubitata
2277 1323 2383 1379 spe
2422 1307 2706 1381 deinceps
2742 1310 2982 1381 egregia
3016 1325 3202 1383 opera
3231 1311 3575 1379 exhibendi,

1916 1396 2024 1453 soli
2068 1396 2389 1453 duodecim
2434 1397 2702 1468 aggressi
2748 1402 2887 1454 sunt
2929 1398 3138 1455 orbem
3182 1400 3573 1457 universum:

1916 1500 2054 1540 cum
2080 1500 2205 1557 quo
2231 1484 2523 1540 adversus
2548 1485 2679 1541 illos
2712 1500 2775 1541 se
2804 1485 3083 1543 diabolus
3109 1488 3415 1560 opposuit,
3441 1487 3579 1559 jun-

1915 1574 2022 1630 ctis
2052 1588 2256 1630 secum
2286 1574 2615 1629 innumeris
2646 1574 2984 1631 dmmoniis.
3026 1574 3107 1631 [lli
3135 1591 3279 1633 vero
3307 1576 3577 1633 obtinue-

1916 1666 2052 1718 runt
2080 1661 2407 1728 victoriam,
2443 1678 2565 1719 non
2592 1663 3011 1720 interﬁcientes
3045 1665 3438 1727 adversarios,
3473 1665 3579 1722 sed

1916 1752 2031 1808 sibi
2060 1756 2563 1809 connumerantes
2591 1769 2605 1807 :
2640 1756 2697 1808 et
2719 1768 2875 1825 quos
2900 1753 3283 1810 dmmonibus
3314 1754 3581 1827 aequales

1840 1862 1883 1918 Β
1914 1846 2294 1913 acceperunt,
2328 1841 2556 1911 angelis
2591 1841 2814 1898 similes
2844 1842 3252 1901 reddiderunt.

1827 4577 1870 4630 D

1986 1933 2141 1986 Vers.
2184 1934 2273 1988 23.
2318 1930 2456 1987 Cum
2490 1936 2684 1989 autem
2713 1962 2782 1972 —
2810 1931 3018 1989 aliam.
3066 1936 3392 2006 Postquam
3428 1931 3581 1992 dixit

1913 2035 2051 2093 quas
2080 2024 2221 2092 post
2248 2020 2663 2077 ascensionem
2705 2036 2882 2077 suam
2921 2026 3091 2079 erant
3121 2027 3427 2089 eventura,
3461 2038 3580 2080 ser-

1916 2124 2159 2166 monem
2206 2109 2284 2166 ad
2328 2124 2401 2166 ea
2438 2109 2689 2175 reduxit,
2733 2126 2871 2183 quae
2918 2114 3055 2168 ante
3098 2126 3337 2168 crucem
3379 2112 3581 2170 futura

1916 2204 2103 2255 erant.
2135 2197 2308 2255 Jubet
2337 2202 2538 2255 autem
2568 2198 2795 2269 fugere,
2838 2214 2962 2256 non
2992 2203 3283 2273 tanquam
3312 2200 3577 2267 timidos,

1916 2287 2022 2345 sed
2044 2292 2335 2360 tanquam
2360 2303 2463 2344 eos
2488 2288 2593 2360 qui
2613 2287 3009 2361 expelluntur.
3037 2289 3256 2346 Verum
3277 2289 3429 2347 sicut
3450 2291 3583 2346 Gre-

1917 2378 2125 2447 gorius
2145 2376 2479 2448 Theologus
2494 2377 2936 2449 interpretatur,
2964 2377 3137 2448 jubet
3167 2381 3231 2434 ut
3249 2379 3582 2435 miserean-

1916 2471 2011 2523 tur
2040 2465 2524 2538 persequentium
2552 2470 2610 2522 et
2633 2465 3112 2533 imbecilliorum,
3146 2480 3255 2523 nec
3284 2466 3463 2537 longe
3489 2467 3577 2523 tu.

1916 2555 2099 2626 giant,
2131 2555 2238 2611 sed
2258 2555 2336 2613 ab
2355 2554 2471 2611 hac
2493 2554 2725 2612 civitate
2744 2556 2805 2611 in
2824 2555 3011 2626 illam,
3034 2571 3111 2613 ne
3132 2555 3318 2613 ullam
3344 2559 3579 2629 prseter-

1915 2648 2074 2711 eant,
2108 2645 2187 2701 ad
2220 2659 2406 2717 quam
2442 2659 2561 2701 non
2590 2644 2965 2716 perveniant.

1986 2734 2147 2790 Vers.
2168 2735 2255 2789 23.
2276 2734 2547 2791 Amen—
2564 2733 3275 2807 hominis.—Priusquam
3293 2735 3490 2793 veniat
3506 2735 3581 2793 ad

1916 2839 2037 2881 vos.
2068 2824 2189 2879 Hoc
2220 2827 2422 2880 autem
2453 2823 2529 2879 ad
2570 2822 2852 2880 solatium
2884 2828 2940 2880 et
2966 2824 3340 2896 refrigerium
3370 2840 3581 2882 eorum

1914 2911 2086 2969 dixit.
2115 2912 2504 2977 conﬁrmans,
2527 2912 2694 2977 quod
2720 2911 2891 2969 citius
2916 2927 3019 2969 eos
3043 2917 3198 2969 esset
3220 2913 3333 2969 sibi
3358 2913 3585 2985 adjun-

1915 3005 2138 3065 cturus,
2172 3016 2359 3072 quam
2401 3000 2515 3072 ipsi
2554 3015 2763 3057 omnes
2800 3001 3143 3057 Iudaeorum
3174 3001 3445 3059 civitates
3473 3001 3584 3057 cir-

1913 3090 2223 3159 cumirent,
2248 3089 2373 3145 sive
2389 3093 2715 3161 antequam
2736 3088 2814 3145 ad
2836 3089 3178 3145 universam
3200 3089 3579 3148 Palaestinam

1912 3178 2282 3236 accederent.
2304 3177 2646 3235 Suﬂiciebat
2662 3178 2823 3234 enim
2843 3193 2947 3250 pro
2964 3177 3129 3234 omni
3146 3178 3575 3247 consolatione,

1913 3272 1976 3325 ut
2004 3268 2115 3323 illis
2146 3268 2299 3325 adeo
2328 3266 2638 3338 exagitatis
2670 3271 2987 3340 appareret
3014 3283 3027 3323 :
3056 3267 3226 3341 quod
3255 3282 3402 3324 sane
3433 3272 3578 3324 tunc

1910 3358 2093 3415 etiam
2115 3357 2271 3423 fecit,
2290 3358 2441 3413 sicut
2456 3356 2746 3429 promisit.
2769 3357 2920 3423 Quia
2940 3360 3141 3413 autem
3162 3356 3432 3412 futurum
3451 3360 3579 3413 erat

1911 3452 1975 3503 ut
2003 3448 2082 3503 ab
2106 3446 2199 3503 his
2223 3447 2327 3519 qui
2358 3461 2420 3502 se
2450 3449 2973 3519 persequerentur,
2998 3444 3368 3502 calumniam
3394 3445 3577 3502 susti-

1909 3539 2136 3605 nerent,
2181 3539 2238 3592 et
2270 3535 2404 3592 ideo
2440 3534 2690 3592 moleste
2722 3534 2983 3592 ferrent:
3023 3549 3207 3607 super
3242 3534 3357 3591 hoc
3396 3534 3579 3592 etiam

1910 3625 2379 3683 consolationem
2405 3624 2595 3689 affert,
2616 3626 2835 3697 partim
2858 3641 2895 3682 a
2914 3625 3160 3699 proprio
3189 3624 3490 3698 exemplo,
3521 3630 3579 3681 et

1910 3715 1989 3772 ab
2017 3714 2111 3771 his
2141 3731 2275 3788 quas
2302 3714 2415 3771 sibi
2446 3713 2560 3787 ipsi
2586 3713 2962 3781 accidebant,
2997 3713 3205 3771 dicens
3239 3730 3254 3770 :

1982 3806 2146 3861 Vers.
2183 3808 2273 3862 24.
2312 3805 2451 3861 Non
2488 3835 2558 3845 —
2596 3804 2904 3861 dominum
2943 3819 3140 3861 suum.
3173 3803 3574 3861 Communem

1906 3894 2133 3968 profert
2161 3894 2537 3961 sententiam,
2565 3909 2826 3966 quasque
2863 3894 3145 3950 omnibus
3175 3898 3318 3950 nota
3346 3897 3434 3950 est
3468 3915 3481 3947 :
3513 3896 3576 3950 et

1908 3984 2047 4040 huic
2078 3984 2349 4056 adaptat,
2375 3999 2510 4055 quas
2533 3982 2693 4038 circa
2726 3998 2790 4038 se
2817 3981 3186 4048 accidunt,ut
3219 3980 3419 4039 nullus
3440 3997 3579 4055 pos-

1908 4074 1983 4129 sit
2031 4071 2456 4128 contradicere.
2504 4073 2646 4127 Vere
2689 4069 2850 4126 enim
2892 4070 2975 4127 ita
3018 4074 3121 4135 est,
3171 4070 3338 4143 quod
3377 4085 3577 4143 neque

1907 4160 2241 4233 discipulus
2268 4176 2378 4216 suo
2398 4159 2685 4230 magistro
2705 4159 3084 4231 prastantior
3104 4164 3209 4225 est,
3231 4174 3429 4231 neque
3456 4174 3578 4216 ser-

1906 4266 2018 4305 vus
2043 4265 2153 4305 suo
2178 4249 2426 4305 domino
2457 4265 2468 4305 :
2498 4248 2645 4303 dum
2674 4246 2770 4303 ille
2795 4246 3131 4319 discipulus
3158 4246 3353 4311 fuerit,
3383 4250 3440 4303 et
3461 4246 3574 4303 iste

1908 4354 2134 4395 servus.
2155 4338 2304 4393 Nam
2319 4336 2903 4408 subjectioqutedam
2915 4341 3005 4392 est
3020 4335 3219 4391 doceri
3236 4351 3306 4391 ac
3324 4334 3573 4400 servire,

1907 4424 2645 4497 etsecundumhocipsum
2659 4425 2907 4481 omnino
2920 4424 3172 4496 subjecti
3187 4428 3346 4481 sunt.
3363 4424 3574 4497 Itaque

1907 4532 2101 4590 neque
2116 4530 2220 4572 vos
2234 4530 2417 4588 supra
2429 4529 2525 4570 me
2538 4514 2847 4581 estis,cum
2861 4512 2976 4571 sim
2987 4514 3277 4586 magister
3290 4529 3360 4571 ac
3374 4513 3572 4571 Domi-

1906 4622 2021 4662 nus
2072 4608 2281 4661 vester.

1976 4696 2137 4750 Vers.
2171 4698 2259 4751 25.
2294 4693 2524 4765 Sufﬁcit
2555 4722 2622 4735 -
2650 4692 2936 4763 magister
2968 4707 3131 4748 suus.
3173 4692 3327 4749 Satis
3355 4695 3443 4749 est
3468 4708 3572 4750 vo-

1904 4786 1997 4842 bis
2023 4783 2327 4856 discipulis
2351 4784 2427 4839 ad
2453 4781 2946 4847 consolationem,
2971 4786 3036 4839 ut
3057 4782 3422 4839 contumelia
3443 4782 3573 4838 afﬁ-

1905 4874 2169 4939 ciamini,
2190 4873 2342 4929 sicut
2358 4877 2413 4929 et
2429 4888 2562 4943 ego,
2577 4871 2680 4944 qui
2699 4887 2834 4927 sum
2852 4872 3125 4942 Magister
3139 4878 3335 4929 vester
3355 4888 3368 4926 :
3385 4871 3570 4943 idque

1903 4980 2197 5033 magnum
2224 4966 2329 5029 est,
2359 4966 2423 5018 ut
2447 4962 2627 5018 etiam
2651 4960 2713 5017 in
2741 4960 2960 5017 talibus
2986 4960 3134 5017 mihi
3160 4960 3386 5017 similes
3414 4959 3566 5017 sitis.

1975 5056 2134 5110 Vers.
2168 5054 2255 5108 25.
2290 5052 2370 5108 Et
2398 5066 2603 5109 servus
2642 5081 2713 5092 —
2750 5066 2912 5107 suus.
2946 5038 3203 5107 Rursum
3234 5051 3413 5106 etiam
3442 5049 3564 5106 huc

1901 5132 2264 5201 trahendum
2290 5144 2397 5207 est,
2424 5140 2590 5213 quod
2620 5139 2767 5198 dixit
2800 5159 2812 5199 :
2847 5138 3090 5211 Sufﬁcit
3120 5144 3188 5194 ut
3215 5139 3347 5207 ﬁat.

1974 5235 2136 5289 Vers.
2166 5235 2257 5287 25.
2289 5231 2359 5289 Si
2385 5261 2453 5272 —
2482 5229 2829 5289 domesticos
2858 5230 2987 5299 ejus
3004 5226 3033 5283 7
3051 5226 3356 5286 Beelzebul
3373 5226 3565 5285 nomi-

1409 5413 1637 5483 Variae
1675 5414 2009 5483 lectiones
2049 5420 2115 5478 et
2154 5419 2335 5479 notae

244 5626 327 5701 Et)
365 5629 458 5687 Bis
491 5638 649 5701 περ
683 5622 813 5701 iga;
849 5628 990 5668 cum
1030 5611 1305 5683 genitivo.

244 5628 327 5701 Ξῖ)
365 5629 458 5687 Bis
491 5638 649 5696 ergo
683 5628 813 5676 ἶσος
849 5628 948 5668 θυι

212 5628 315 5780 ((25)
351 5702 555 5763 Malim
596 5689 948 5766 ἀφίξωνται.

1975 5608 2086 5681 (26)
2114 5612 2154 5664 Ι.
2191 5623 2259 5681 0.7
2277 5606 2578 5681 ἐλάττωσις.

1973 5679 2088 5752 (27)
2128 5680 2537 5739 ύποϐεϐλήκασι.
2577 5679 2635 5732 Β.
