4108 6414
605 392 712 451 339

604 520 839 578 nabant
860 518 1194 593 principem
1220 516 1679 574 dmmoniorum.
1706 516 1774 573 Et
1797 516 1931 573 licet
1955 515 2267 573 manifeste

610 612 894 681 scriptum
924 624 1041 665 non
1075 609 1150 663 sit
1180 612 1458 663 vocatum
1485 622 1613 663 esse
1644 606 1934 662 Christum
1963 605 2269 663 Beelzebul

597 714 645 761 ,a
674 699 920 763 Iudaeis,
954 697 1269 753 verisimile
1311 702 1508 752 tamen
1552 700 1661 765 est,
1700 700 1755 751 et
1784 696 1899 751 hoc
1930 695 2267 751 convicium

607 788 896 844 adversus
922 787 1089 842 illum
1113 787 1403 855 jactatum
1429 800 1576 841 esse.
1605 783 1709 839 Vel
1735 786 1911 839 etiam
1940 783 2057 839 alio
2083 784 2266 839 modo

604 882 888 933 vocatum
920 891 1048 931 esse
1079 875 1221 930 dicit
1258 874 1580 938 Beelzebul,
1623 873 1767 945 quia
1804 872 2069 929 amicum
2113 872 2267 927 illius

604 965 907 1022 vocabant
921 980 1079 1030 eum,
1096 963 1359 1018 dicentes
1380 964 1524 1018 :Hz'c
1537 979 1655 1018 non
1670 962 1826 1032 ejicil
1842 962 2137 1018 dtemonia
2150 961 2268 1017 nisi

604 1069 708 1125 per
731 1054 1039 1110 Beelzebut
1063 1053 1396 1122 principem
1420 1051 1845 1108 daemoniorum
1864 1054 1933 1117 ³³,
1956 1055 2017 1106 ut
2041 1050 2100 1105 in
2128 1066 2265 1121 pro-

606 1157 779 1200 cessu
809 1142 1209 1198 inveniemus.
1244 1141 1421 1212 Atqui
1444 1140 1633 1196 multa
1655 1155 1897 1212 quoque
1924 1139 2042 1195 alia
2068 1139 2267 1194 convi-

605 1231 696 1287 cia
721 1230 1034 1301 jactabant
1061 1229 1123 1285 in
1155 1245 1293 1285 eum
1328 1246 1338 1285 :
1372 1244 1584 1284 verum
1614 1228 1729 1284 hoc
1760 1228 1953 1284 solum
1987 1228 2269 1299 apposuit

602 1324 893 1393 tanquam
927 1322 1201 1376 omnium
1233 1319 1587 1392 pessimum.

618 1438 621 1439 ν
672 1412 833 1466 Vers.
869 1410 1003 1481 (26).
1041 1410 1131 1465 Ne
1162 1438 1230 1450 —
1260 1409 1417 1464 illos.
1456 1406 1869 1465 Conviciantes
1897 1407 2170 1464 videlicet
2198 1422 2268 1464 ac

602 1499 949 1555 mordentes
973 1496 1125 1571 (yy).

675 1590 841 1643 Vers.
856 1591 946 1642 26.
960 1584 1826 1643 Nihil—sciatur.Universalis
1841 1585 2064 1657 quidem
2080 1600 2267 1641 sermo

600 1676 832 1733 videtur
848 1692 861 1741 ;
876 1678 1180 1731 esttamen
1194 1679 1251 1729 et
1262 1674 1624 1746 pr0prius,de
1638 1674 1849 1729 virtute
1861 1674 2023 1729 enim
2036 1679 2270 1745 aposto-

602 1766 799 1821 lorum
823 1764 1102 1836 loquitur,
1121 1763 1287 1837 quod
1305 1764 1460 1819 hanc
1478 1764 1849 1835 impossibile
1868 1764 1937 1819 sit
1955 1763 2264 1831 abscondi,

1928 389 2281 447 EUTHYMII
2322 389 2656 446 ZIGABENI

3865 394 3955 451 340

2375 519 2461 568 τὸν
2509 517 2749 591 ἄρχοντα
2776 523 2876 567 τῶν
2903 512 3207 587 δαιμονίων.
3237 515 3298 569 Εἰ
3329 512 3388 569 δε
3434 521 3523 569 καὶ
3554 527 3783 591 φανερῶς
3805 520 3858 571 ού
3887 527 3957 591 γέ-

2374 625 2623 678 γραπται,
2676 604 2932 663 κληθῆναι
2977 603 3278 664 Βεελςεϐούλ
3325 608 3411 657 τὸν
3460 610 3689 679 Χριστὸν
3740 609 3838 660 ὑπὸ
3872 619 3957 662 τῶν

2376 691 2667 760 Ἰουδαίων,
2734 692 2842 745 ἀλλ’
2893 693 3047 759 εἰκὸς,
3129 698 3219 746 καὶ
3293 701 3446 746 τοῦτο
3527 694 3960 768 βλασφημηθῆναι

2374 784 2489 835 κατ’
2522 783 2700 845 αύτοῦ,
2734 783 2764 842 ἦ
2799 787 2887 834 καὶ
2927 782 3106 855 ἑτέρως
3152 782 3408 842 κληθῆναι
3438 791 3592 836 τοῦτο
3642 783 3798 856 λέγει,
3836 783 3961 839 διότι

2377 872 2518 944 φίλον
2576 872 2735 924 αὐτού
2798 879 2980 924 τοῦτον
3027 871 3260 938 ἐκάλουν,
3323 871 3575 943 λέγοντες,
3648 874 3730 926 ὅτι
3811 876 3960 937 Οὗτος

2374 962 2468 1014 οὐκ
2520 960 2749 1013 ἐκϐάλλει
2814 964 2879 1013 τὰ
2963 958 3232 1034 δαιμόνια,
3299 961 3342 1014 εἰ
3407 966 3479 1033 μὴ
3542 961 3590 1014 έν
3648 970 3721 1033 τῷ
3774 964 3959 1025 Βεελζι-

2376 1050 2518 1119 ϐοὺλ,
2552 1052 2777 1125 ἄρχοντι
2813 1058 2914 1102 τῶν
2973 1047 3272 1122 δοιμονίων,
3328 1053 3398 1112 ὡς
3435 1055 3701 1124 προϊόντες
3758 1055 3964 1124 εὑρήσο-

2375 1158 2486 1210 μεν.
2545 1144 2644 1192 Kal
2685 1142 2788 1211 μὴν
2839 1138 2947 1210 (28)
2979 1138 3141 1191 πολλά
3190 1143 3276 1190 καὶ
3306 1138 3437 1191 ἄλλα
3474 1139 3963 1212 κατεϐ).ασφὴμησαν

2376 1228 2554 1282 αὐτοῦ.
2619 1234 2784 1281 Τοῦτο
2834 1224 2894 1281 δέ
2954 1233 3107 1300 μόνον
3159 1230 3350 1281 τέθεικε
3388 1236 3499 1300 νῦν,
3553 1231 3622 1292 ὡς
3661 1237 3841 1301 χεῖρον
3878 1238 3964 1281 τῶν

2375 1316 2538 1369 ἄλλων
2551 1360 2563 1373 .

2445 1410 2533 1465 Μὴ
2588 1436 2658 1448 —
2700 1406 2906 1468 αὐτοῦς.
2974 1403 3355 1479 Λοιδοροῦντας
3418 1412 3509 1460 καὶ
3563 1404 3964 1481 διακωμῳδοῦν-

2375 1515 2488 1557 τας.

2449 1581 2617 1637 Οὐδὲν
2672 1615 2743 1625 —
2797 1586 3180 1655 γνωσθήσεται.
3253 1592 3399 1638 Δοκεῖ
3473 1589 3563 1658 μὲν
3630 1586 3964 1647 καθολικόςό

2376 1674 2545 1746 λόγος,
2584 1676 2697 1726 ἔστι
2755 1671 2814 1727 δε
2871 1671 3061 1735 ἰδίκός.
3128 1680 3249 1748 Περὶ
3306 1684 3397 1734 τῆς
3455 1673 3642 1749 ἀρετῆς
3702 1679 3803 1748 γὰρ
3848 1675 3967 1743 λέγει

2376 1770 2475 1814 τῶν
2526 1760 2847 1830 ἀποστόλων,
2903 1764 2983 1815 ὅτι
3045 1760 3303 1816 ἀδύνατον
3354 1763 3612 1837 κρυϐῆναι
3672 1767 3882 1821 ταύτην,
3918 1764 3966 1817 Εἰ

600 1869 952 1925 quanquam
984 1851 1143 1907 enim
1178 1867 1336 1908 nunc
1380 1852 1737 1908 abscondita
1779 1853 1870 1918 sit,
1908 1856 1963 1908 et
1993 1853 2127 1909 ideo
2156 1869 2266 1909 vos

2379 1854 2477 1923 γὰρ
2524 1856 2610 1903 καὶ
2648 1859 2735 1903 νῦν
2784 1853 3122 1919 κεκάλυπται,
3156 1857 3245 1905 καὶ
3308 1849 3401 1905 διά
3454 1861 3608 1905 τοῦτο
3651 1850 3966 1927 λοιδοροῦσιν

600 1942 700 2014 obj
714 1944 928 2011 urgant
951 1958 963 1996 :
994 1957 1101 1995 suo
1124 1946 1323 1996 tamen
1347 1945 1615 2013 tempore
1636 1942 1959 2011 detegetur.
1987 1942 2103 1996 Etsi
2126 1958 2268 2012 ergo

600 2046 762 2087 nunc
775 2030 851 2085 ab
864 2029 1152 2085 omnibus
1167 2029 1524 2099 arguamini,
1542 2044 1615 2085 ne
1627 2030 1726 2085 tim
1741 2030 1940 2084 ueritis
1955 2034 2151 2086 tamen
2166 2046 2268 2086 eos

600 2120 704 2192 qui
734 2119 1121 2188 redarguunt,
1155 2119 1259 2174 sed
1289 2118 1425 2173 illos
1458 2120 1655 2189 potius
1686 2124 2039 2191 exspectate,
2073 2119 2176 2191 qui
2208 2120 2267 2175 in

599 2212 908 2279 posterum
939 2212 1077 2262 sunt
1106 2206 1440 2272 laudaturi;
1475 2223 1670 2280 neque
1700 2208 2017 2279 praesentia
2042 2209 2266 2264 contri-

601 2302 782 2362 stant,
808 2297 913 2351 sed
936 2296 1135 2352 futura
1154 2295 1354 2367 potius
1378 2297 1455 2351 ad
1478 2296 1907 2353 conﬁdendum
1931 2297 2261 2354 adducant.

672 2387 837 2441 Vers.
876 2389 965 2440 27.
1010 2386 1149 2452 Qum
1187 2415 1256 2427 —
1298 2386 1485 2442 tectis.
1526 2389 1845 2458 Postquam
1884 2387 1996 2442 hos
2037 2387 2268 2443 tristitia

599 2476 881 2537 liberavit,
918 2490 1054 2547 quae
1085 2478 1330 2547 propter
1363 2474 1631 2530 convicia
1666 2479 1966 2543 causatur,
1999 2492 2158 2531 nunc
2191 2476 2265 2531 de

601 2564 1029 2637 prmdicatione
1059 2563 1321 2619 disserit.
1368 2564 1542 2636 Atqui
1579 2580 1777 2635 neque
1810 2565 2067 2621 tenebras
2096 2570 2267 2622 erant

600 2653 847 2726 quando
877 2653 1005 2708 haec
1032 2652 1289 2719 dicebat,
1318 2668 1514 2725 neque
1542 2653 1604 2708 in
1635 2669 1842 2709 aurem
1868 2654 1954 2709 eis
1979 2653 2268 2726 loqueba-

602 2746 717 2798 tur.
750 2741 864 2798 Sed
889 2742 1026 2813 quia
1054 2741 1330 2813 privatim
1359 2743 1489 2797 haec
1515 2747 1570 2797 et
1595 2758 1717 2798 non
1745 2742 1976 2814 publice
2007 2743 2263 2809 dicebat,

601 2835 658 2887 et
680 2830 818 2885 solis
841 2831 944 2895 eis,
969 2846 1090 2885 non
1113 2830 1419 2896 omnibus,
1446 2831 1580 2887 ideo
1602 2831 1682 2887 ait
1708 2848 1719 2886 :
1746 2831 1916 2897 Quod
1934 2832 2069 2887 dico
2091 2831 2266 2887 vobis

602 2918 905 2993 privatim,
959 2918 1134 2975 dicite
1189 2918 1427 2990 publice
1478 2936 1490 2975 :
1546 2924 1602 2976 et
1653 2920 1815 2992 quod
1863 2920 1971 2976 soli
2022 2922 2262 2989 auditis,

600 3007 923 3082 preedicate
967 3007 1269 3064 omnibus.
1312 3008 1371 3062 In
1415 3008 1674 3063 tenebris
1718 3025 1860 3080 ergo
1903 3010 2262 3076 nominavit,

599 3096 765 3170 quod
822 3095 1101 3167 privatim
1156 3095 1483 3152 dicebatur.
1542 3098 1605 3152 In
1663 3113 1872 3154 aurem
1903 3114 2064 3164 vero,
2100 3099 2264 3171 quod

601 3185 767 3243 solis.
800 3187 866 3242 Et
897 3201 1105 3241 rursus
1147 3200 1160 3240 :

603 3279 826 3339 autem,
855 3274 1023 3347 quod
1052 3274 1356 3331 omnibus.

673 3366 833 3419 Vers.
884 3363 973 3418 28.
1023 3363 1102 3418 Et
1145 3394 1213 3405 —
1260 3363 1556 3435 gehenna.
1610 3366 1754 3421 Cum
1798 3364 1967 3437 prius
2014 3365 2088 3421 de
2137 3365 2267 3421 aliis

602 3452 883 3525 periculis
909 3451 1243 3518 dissereret,
1274 3452 1599 3508 subincidit
1622 3457 1680 3508 et
1708 3469 1905 3509 sermo
1932 3454 2006 3509 de
2036 3454 2270 3510 interfe-

605 3542 800 3601 ctione
830 3541 1104 3612 ipsorum
1139 3556 1153 3606 ;
1186 3541 1343 3597 hanc
1373 3556 1515 3612 ergo
1548 3542 1728 3597 etiam
1760 3542 2048 3614 praedicit,
2067 3543 2268 3613 jubet‘

604 3645 722 3704 que
751 3645 886 3685 eam
916 3629 1271 3700 parvipendi
1314 3646 1327 3685 :
1370 3631 1460 3687 Ne
1499 3630 1832 3697 timueritis,
1864 3631 2161 3704 inquiens,
2196 3632 2270 3688 ab

607 3719 699 3777 his
746 3718 851 3789 qui
896 3717 1176 3773 occidunt
1225 3733 1461 3788 corpus,
1511 3720 1626 3775 hoc
1672 3724 1780 3776 est.
1830 3724 1911 3777 Ne
1960 3720 2270 3777 timueritis

605 3806 943 3865 occidentes
966 3821 1207 3878 corpus,
1228 3822 1422 3879 neque
1443 3813 1758 3880 propterea
1779 3810 2272 3881 praedicationem

603 3895 957 3967 relinquatis
983 3916 995 3947 :
1028 3894 1130 3951 sed
1160 3911 1298 3951 eum
1327 3897 1523 3952 timete
1548 3898 1651 3969 qui
1679 3914 1787 3954 vos
1817 3898 1895 3955 ad
1922 3899 2275 3970 hujusmodi

606 3985 1005 4043 ministerium
1036 3984 1251 4053 emisit,
1283 3990 1341 4042 et
1370 3984 1544 4042 facite
1588 3988 1754 4059 quod
1777 3989 2018 4060 jussum
2052 3994 2158 4044 est.
2192 3991 2275 4046 Si-

606 4074 852 4143 quidem
873 4072 972 4139 illi,
992 4074 1099 4129 etsi
1116 4090 1335 4146 corpus
1349 4076 1646 4142 occidant,
1664 4092 2053 4152 nequaquam
2073 4085 2274 4136 tamen

608 4163 878 4222 animam
928 4164 1343 4235 superabunt:
1391 4165 1487 4221 hic
1540 4172 1741 4223 autem
1795 4172 1853 4224 et
1899 4169 2166 4224 animam
2221 4175 2277 4225 et

607 4269 824 4325 corpus
850 4257 1045 4324 potest
1069 4253 1319 4324 perdere
1346 4254 1405 4309 in
1434 4255 1730 4324 gehenna,
1760 4257 1873 4313 hoc
1901 4261 2010 4322 est,
2041 4259 2273 4328 punire.

608 4342 909 4401 Timorem
959 4342 1139 4413 igitur
1190 4343 1531 4413 hominum,
1576 4345 1675 4401 Dei
1723 4346 1934 4403 timore
1990 4347 2273 4418 repellite,

608 4433 903 4487 minorem
928 4429 1202 4487 videlicet
1227 4433 1470 4504 majore.
1504 4433 1757 4490 Aliunde
1785 4450 2028 4507 quoque
2058 4437 2168 4491 hos
2202 4436 2277 4492 de

609 4518 1037 4576 interfectionis
1104 4526 1270 4576 metu
1327 4521 1675 4578 consolatur
1745 4539 1757 4578 :
1827 4529 1884 4579 et
1942 4523 2076 4581 vide
2130 4525 2279 4597 quid

613 4606 799 4663 dicat.

682 4698 843 4753 Vers.
877 4696 964 4751 29.
990 4697 1204 4753 Nonne
1231 4728 1299 4740 —
1322 4704 1496 4769 patre
1523 4706 1733 4757 vestro.
1768 4701 2057 4777 ’Λσσοίριον
2089 4718 2278 4774 genus

611 4785 795 4851 oboli,
820 4785 1244 4842 diminutivum
1273 4792 1362 4843 est
1379 4788 1457 4843 ab
1483 4805 1636 4858 asse,
1665 4790 1835 4861 cujus
1862 4796 2059 4848 tamen
2084 4794 2277 4849 vilitas

609 4874 928 4949 proverbio
979 4874 1228 4931 celebris
1277 4882 1387 4933 est.
1437 4878 1583 4935 Dicit
1620 4895 1762 4951 ergo
1806 4896 1967 4937 nunc
2013 4882 2276 4938 Christus

684 5002 732 5038 ³³
767 4999 968 5058 Matth.
1002 5016 1104 5068 ιιι,
1140 5002 1231 5059 24.

2379 1943 2534 2013 ὑμᾶς,
2582 1941 2688 1992 ἀλλ’
2740 1940 3233 2014 ἀποκαλυφθήσεται
3288 1951 3360 2013 τῷ
3411 1946 3608 2016 χρόνῳ,
3670 1948 3760 1994 καὶ
3807 1942 3965 1995 λοιπὸν

2378 2032 2738 2102 τιμηθήσεσθε
2793 2033 2938 2104 παρὰ
2991 2033 3216 2086 πάντων.
3277 2037 3361 2088 Μή
3421 2028 3509 2083 οὖν
3560 2031 3823 2103 φοϐηθῆτε
3867 2036 3967 2092 τοὺς

2376 2126 2464 2170 νῦν
2491 2116 2897 2191 κωμῳδοῦντας,
2934 2118 3061 2171 ἀλλά
3089 2116 3422 2194 προσδοκᾶτε
3441 2124 3563 2180 τοὺς
3588 2121 3808 2193 ὕστερον
3830 2119 3946 2191 ἐγκω

2377 2211 2677 2281 μιάσοντας.
2715 2205 2854 2280 μηδὲ
2886 2212 2950 2261 τὰ
2980 2214 3212 2281 παρόντα
3249 2209 3472 2261 λυπείτω
3519 2208 3732 2281 μᾶλλον,
3769 2207 3889 2260 ἀλλά
3911 2213 3966 2260 τὰ

2376 2297 2625 2369 μέλλοντα
2666 2300 2881 2350 πειθέτω
2916 2297 3143 2372 θαρρεῖν.

2445 2385 2511 2439 ’⁸0
2545 2416 2615 2426 -
2665 2383 2942 2459 δωμάτων.
3007 2386 3333 2449 Ἀπαλλάξας
3375 2387 3559 2447 αὐτοὺς
3614 2392 3707 2440 καὶ
3762 2395 3848 2446 τῆς
3896 2386 3966 2438 ἐπὶ

2376 2481 2486 2535 τοῖς
2544 2472 2772 2528 ὀνείδεσι
2822 2476 3007 2541 λύπης,
3051 2480 3168 2549 περὶ
3221 2483 3312 2527 τοῦ
3360 2478 3694 2547 κηρύγματος
3753 2473 3967 2546 διαλέγε-

2377 2583 2484 2615 ται.
2555 2570 2655 2617 Καὶ
2703 2570 2807 2636 μὴν
2858 2569 2974 2617 οὔτε
3039 2570 3226 2626 σκότος
3263 2562 3346 2634 ἧν,
3410 2566 3489 2618 ὅτε
3540 2572 3711 2617 ταῦτα
3766 2563 3962 2636 ίλέγετο,

2376 2657 2494 2705 οὔτε
2540 2654 2612 2716 εἰς
2645 2657 2703 2705 τό
2757 2652 2841 2715 οὖς
2892 2654 3070 2717 αὐτοῖς
3126 2654 3310 2726 ἔλεγεν·
3366 2653 3471 2706 ἀλλ’
3530 2651 3813 2728 ἐπειδήπερ
3867 2651 3968 2724 ἰδίᾳ

2377 2748 2467 2795 καὶ
2503 2742 2560 2795 ού
2616 2740 2853 2815 δημοσίᾳ
2892 2751 3059 2795 ταῦτα
3099 2740 3226 2811 εἷπε,
3257 2749 3347 2795 καὶ
3377 2748 3573 2816 μόνοις,
3601 2748 3695 2795 καὶ
3734 2744 3793 2795 ού
3824 2748 3962 2807 πᾶσι,

2377 2837 2533 2903 φησὶν
2574 2832 2710 2903 (29),
2747 2835 2827 2884 ὅτι
2878 2832 2944 2885 Ὃ
2970 2832 3101 2903 λέγω
3149 2834 3270 2903 ὑμῖν
3328 2830 3461 2904 ἰδίᾳ,
3520 2836 3695 2885 εἴπατε
3744 2829 3963 2904 δημοσίᾳ

2374 2926 2464 2973 καὶ
2534 2922 2560 2972 ὃ
2611 2922 2873 2979 ἠκούσατε
2937 2926 3104 2991 μόνοι,
3159 2921 3420 2993 κηρύξατε
3465 2928 3646 2974 πᾶσιν
3697 2921 3746 2973 ἐν
3796 2924 3964 2991 σκοτίᾳ

2374 3014 2464 3083 μεν
2510 3009 2788 3081 ὀνομάσας,
2822 3014 2880 3062 τὸ
2909 3011 3023 3063 κατ’
3058 3008 3221 3063 ίδίαν·
3256 3012 3327 3071 εἰς
3367 3014 3425 3063 τὸ
3456 3008 3545 3072 οὖς
3575 3007 3655 3077 δε,
3689 3014 3747 3063 τὸ
3777 3016 3956 3082 μόνοις.

2378 3104 2478 3153 Καὶ
2512 3097 2664 3161 αὖθις
2717 3099 2798 3153 Ἐν
2836 3105 2964 3172 φωτὶ
2993 3103 3104 3173 μὲν,
3134 3104 3192 3152 τὸ
3236 3096 3477 3172 δημοσίᾳ
3516 3117 3528 3130 ’
3563 3099 3646 3153 έπὶ
3674 3109 3774 3152 τῶν
3806 3096 3963 3171 δωμά-

1203 3186 1269 3241 In
1312 3185 1464 3255 luce,
1505 3186 1672 3259 quod
1715 3186 1973 3259 publice,
2010 3188 2072 3243 in
2099 3188 2265 3243 tectis
2296 3211 2335 3267 ρ
2374 3208 2474 3241 των
2506 3185 2585 3254 δὲ,
2608 3191 2667 3241 τὸ
2706 3194 2859 3242 πᾶσι.

2450 3371 2551 3421 Kal
2581 3397 2647 3408 -—
2670 3372 2865 3440 γεέννῃ.
2902 3372 3026 3442 Περὶ
3051 3375 3151 3419 τῶν
3182 3366 3343 3419 ἄλλων
3373 3364 3553 3421 δεινῶν
3589 3365 3962 3441 προδιαλαϐὼν,

2377 3456 2672 3515 ύποκατέϐη
2705 3461 2794 3509 καὶ
2816 3457 2887 3519 εἰς
2908 3461 2995 3509 τόν
3024 3461 3141 3531 περὶ
3171 3465 3264 3518 τῆς
3288 3455 3596 3530 ἀναιρέσεως
3616 3457 3787 3509 αὐτῶν
3811 3458 3964 3527 λόγον,

2378 3552 2467 3598 καὶ
2521 3545 2757 3620 προλέγει
2809 3551 2899 3598 καὶ
2955 3549 3173 3613 ταύτην,
3235 3550 3321 3597 καὶ
3379 3545 3569 3599 κελεύει
3645 3552 3965 3619 καταφρονεῖν

2381 3636 2558 3695 αὐτῆς.
2614 3640 2700 3692 Μή
2762 3635 3010 3707 φοϐῆσθε,
3068 3634 3243 3705 λέγων,
3297 3633 3397 3687 ἀπὸ
3450 3642 3550 3686 τῶν
3604 3633 3967 3687 ἀποκτενόντων

2380 3728 2438 3778 τό
2474 3732 2646 3796 σῶμα,
2669 3728 2929 3778 τουτέστι.
2972 3727 3057 3782 Μὴ
3098 3723 3327 3796 φοϐῆσθε
3347 3728 3467 3785 τοὺς
3499 3722 3882 3783 ἀποκτείνοντας
3917 3725 3966 3773 τό

2385 3822 2557 3887 σῶμα,
2613 3809 2751 3885 μηδὲ
2808 3810 2901 3865 διὰ
2953 3820 3105 3865 τοῦτο
3170 3812 3488 3871 καταλίπητε
3539 3816 3597 3865 τὸ
3675 3815 3966 3887 κηρύσσειν,

2384 3902 2511 3955 ἀλλά
2538 3901 2801 3974 φοϐήθητε
2824 3903 2910 3953 τὸν
2940 3900 3317 3954 ἀποστείλαντα
3346 3903 3482 3973 ὑμᾶς
3512 3902 3583 3963 εἰς
3612 3907 3709 3959 τὴν
3738 3903 3969 3957 τοιαύτην

2385 3989 2673 4059 διακονίαν,
2727 3996 2815 4042 καὶ
2843 3998 3037 4043 ποιεῖτε
3079 3995 3137 4042 τό
3168 3991 3455 4043 κελευσθέν.
3500 3991 3717 4042 Ἐκεῖνοι
3743 3994 3831 4063 μὶν
3857 3993 3967 4061 γὰρ,

2385 4081 2429 4134 εἰ
2472 4086 2562 4132 καὶ
2581 4082 2640 4132 τό
2674 4089 2827 4150 σῶμα
2856 4078 3247 4150 ἀποκτείνωσιν,
3284 4078 3392 4131 ἀλλ’
3424 4081 3511 4132 οὖν
3542 4079 3600 4131 ού
3626 4084 3970 4151 περιγενήσον-

2384 4190 2471 4222 ται
2512 4174 2601 4221 καὶ
2648 4177 2737 4229 τῆς
2779 4168 2986 4240 ψυχῆς·
3038 4169 3187 4230 οὗτος
3245 4165 3304 4221 δε
3353 4173 3442 4221 καὶ
3480 4173 3572 4226 τὴν
3601 4168 3789 4241 ψυχὴν
3810 4172 3893 4220 καὶ
3920 4168 3969 4217 τὸ

2389 4266 2541 4329 σῶμα
2584 4254 2807 4309 δύναται
2857 4256 3108 4310 ἀπολέσαι
3163 4256 3211 4310 ἓν
3259 4262 3450 4330 γεέννῃ,
3503 4259 3529 4310 ὃ
3581 4257 3716 4325 ἐστι,
3744 4256 3967 4309 κολάσαι.

2386 4346 2544 4400 Φόϐον
2575 4344 2663 4399 οὖν
2709 4345 2993 4399 ἀπώσασθε
3047 4346 3186 4418 φόϐῷ
3231 4350 3317 4397 τόν
3344 4356 3443 4398 τῶν
3472 4347 3753 4418 ύνθρώπων
3785 4354 3854 4415 τῷ
3893 4350 3971 4395 τοῦ

2389 4438 2524 4502 θεοῦ,
2557 4442 2646 4488 καὶ
2708 4440 2794 4489 τόν
2861 4439 3052 4494 ἥττονα
3116 4436 3186 4505 τῷ
3227 4436 3447 4508 μείζονι.
3510 4440 3609 4487 Kal
3649 4435 3883 4509 ἑτέρωθεν
3922 4428 3972 4483 δι

2386 4527 2771 4600 παραμυθεῖται
2803 4528 2921 4597 (30)
2949 4527 3152 4585 τούτοις
3180 4528 3273 4581 τὴν
3299 4521 3495 4577 δειλίαν
3515 4530 3609 4585 τῆς
3647 4524 3964 4596 ἀναιρέσεως.

2391 4619 2489 4668 Καὶ
2511 4616 2608 4690 ὅρα
2631 4619 2682 4667 τί
2710 4634 2888 4687 φησιν.

2460 4705 2603 4776 Οὐχὶ
2646 4736 2714 4745 —
2764 4704 3004 4776 οὐρανοῖς
3052 4703 3187 4775 (31).
3242 4706 3311 4756 Τό
3362 4706 3451 4775 μὶν
3519 4701 3794 4775 ἀσσάριον,
3845 4696 3973 4757 εἶδος

2388 4793 2568 4845 ὀϐολοῦ
2621 4792 2753 4847 ἔστι.
2814 4797 2967 4865 Λέγει
2999 4788 3057 4845 δε
3081 4801 3168 4844 νῦν
3209 4793 3234 4843 ὁ
3274 4795 3505 4866 Χριστός
3550 4791 3663 4844 κατ’
3715 4790 3971 4865 ἐρώτησιν,

2388 4885 2469 4935 ὃτι
2521 4883 2648 4955 ούχὶ
2713 4888 2962 4935 τοσοῦτόν
3013 4882 3142 4934 εἰσιν
3202 4881 3539 4934 εὐτελέστατα
3595 4885 3661 4933 τὰ
3715 4880 3971 4954 στρουθία,

2308 4568 2354 4623 D

1841 5131 2067 5201 Variae
2104 5130 2433 5199 lectiones
2476 5140 2540 5199 et
2579 5140 2759 5199 notae

829 5276 919 5326 καὶ
950 5272 1081 5327 ἄλλα
1109 5246 1299 5331 πολλά.
1344 5274 1415 5331 Α.

705 5276 775 5330 28
829 5276 919 5326 καὶ
950 5275 1081 5327 ἄλλα
1109 5275 1238 5326 πολλ

683 5275 803 5486 ἓ29ξ
824 5348 926 5420 γάρ
970 5346 1137 5402 addit
1174 5349 1240 5401 A.

712 5420 780 5486 BQ
852 5422 936 5471 lta
975 5433 1219 5486 quoque

824 5367 926 5420 γαρ
970 5367 1137 5402 auau
1174 5367 1240 5401 Α.
1310 5416 1321 5427 ⁹
1903 5417 1923 5429 _

826 5422 936 5491 __lta
975 5433 1219 5489 quoque
1264 5418 1611 5484 Cinnamus,
1650 5433 1719 5491 rp.
1752 5423 1855 5491 A78.
1927 5414 2135 5491 Ανδρας
2176 5425 2276 5470 τῶν

615 5483 919 5609 ἐπῐλξόξης
962 5483 1503 5564 παραμυθησομένους
1561 5483 1816 5565 Κορβάδῳ
1865 5495 1954 5549 τήν
2005 5483 2275 5564 συμφοράν

616 5575 727 5609 ευτε
789 5577 836 5611 ε.

2460 5274 2911 5348 (31)ΛΗΘΠῘΘΠῘ[18
2935 5276 3270 5348 ergo,cujus
3288 5275 3683 5348 interpretatio
3695 5271 3972 5348 dissentit.

2387 5341 2519 5422 non
2538 5341 2768 5422 videtur
2795 5341 3094 5419 reperisse
3113 5341 3244 5420 post
3268 5341 3492 5422 πατρὸς
3517 5350 3657 5422 ὑμῶν
3696 5341 3977 5422 vocabula

2386 5426 2477 5469 τοῦ
2500 5417 2547 5470 ἐν
2576 5419 2826 5493 οὐρανοῖς,
2851 5416 2986 5491 quin
3022 5416 3265 5547 uterque
3292 5416 3462 5476 meus
3479 5416 3776 5475 habeLSic
3806 5416 3972 5472 etiam

2386 5506 2544 5546 vers.
2584 5495 2673 5547 27.
2698 5507 2806 5547 pro
2846 5492 2871 5542 ὅ
2900 5490 3051 5547 λέγω.
3085 5492 3141 5547 vi
3187 5497 3316 5547 etur
3354 5492 3566 5547 legisse
3596 5492 3630 5543 οἱ
3656 5491 3803 5547 λέγω.

2386 5506 2544 5546 vers.
2584 5490 2673 5557 27,
2698 5507 2806 5563 pro
2846 5490 2885 5542 ὅ
2900 5490 3051 5562 λέγω,
3085 5490 3316 5547 videtur
3354 5492 3566 5564 legisse
3596 5492 3630 5543 οἱ
3656 5491 3803 5563 λέγω.

686 5681 819 5753 (yy)
849 5682 1204 5738 Mordentes.
1238 5684 1317 5739 Ac
1349 5684 1398 5741 si
1424 5683 1653 5757 legerit,
1688 5681 1990 5752 δάκνοντας,
2026 5688 2152 5742 Mox
2185 5686 2282 5741 sint

2379 5700 2436 5741 ex
2468 5682 2849 5758 κωμῳδοῦντας
2877 5683 3114 5757 legitur.
