  <div class='ocr_page' id='page_1' title='image "/cluster/home/n/w/nwhite01/storage/ocr_20150623/129/coo.31924054870344/180.png"; bbox 0 0 4108 6394; ppageno 0'>
   <div class='ocr_carea' id='block_1_1' title="bbox 194 375 3569 448">
    <p class='ocr_par' dir='ltr' id='par_1_1' title="bbox 194 375 3569 448">
     <span class='ocr_line' id='line_1_1' title="bbox 194 375 3569 448; baseline -0.005 0"><span class='ocrx_word' id='word_1_1' title='bbox 194 391 276 448; x_wconf 67' lang='lat' dir='ltr'>3M</span> <span class='ocrx_word' id='word_1_2' title='bbox 1196 380 1567 441; x_wconf 89' lang='lat' dir='ltr'>COMMENT.</span> <span class='ocrx_word' id='word_1_3' title='bbox 1610 378 1681 435; x_wconf 88' lang='lat' dir='ltr'><strong>IN</strong></span> <span class='ocrx_word' id='word_1_4' title='bbox 1715 376 2159 435; x_wconf 66' lang='lat' dir='ltr'>MATTHABUM.</span> <span class='ocrx_word' id='word_1_5' title='bbox 2200 407 2269 417; x_wconf 91' lang='lat'><strong>—</strong></span> <span class='ocrx_word' id='word_1_6' title='bbox 2308 375 2465 432; x_wconf 83' lang='lat' dir='ltr'>CAP.</span> <span class='ocrx_word' id='word_1_7' title='bbox 2495 375 2570 429; x_wconf 85' lang='lat' dir='ltr'>X.</span> <span class='ocrx_word' id='word_1_8' title='bbox 3462 375 3569 432; x_wconf 77' lang='grc'>342</span> 
     </span>
    </p>
   </div>
   <div class='ocr_carea' id='block_1_2' title="bbox 190 498 1812 587">
    <p class='ocr_par' dir='ltr' id='par_1_2' title="bbox 190 502 1797 587">
     <span class='ocr_line' id='line_1_2' title="bbox 190 502 1797 587; baseline -0.007 -17"><span class='ocrx_word' id='word_1_9' title='bbox 190 521 249 579; x_wconf 75' lang='grc' dir='ltr'>ὡς</span> <span class='ocrx_word' id='word_1_10' title='bbox 282 512 565 567; x_wconf 66' lang='grc' dir='ltr'>πωλεῖσθαι</span> <span class='ocrx_word' id='word_1_11' title='bbox 620 508 725 564; x_wconf 79' lang='grc' dir='ltr'>δύο</span> <span class='ocrx_word' id='word_1_12' title='bbox 791 519 889 565; x_wconf 83' lang='grc' dir='ltr'>τοῦ</span> <span class='ocrx_word' id='word_1_13' title='bbox 940 511 1221 587; x_wconf 78' lang='grc' dir='ltr'>ἀσσαρίου,</span> <span class='ocrx_word' id='word_1_14' title='bbox 1272 514 1362 562; x_wconf 77' lang='grc' dir='ltr'>καὶ</span> <span class='ocrx_word' id='word_1_15' title='bbox 1401 510 1558 581; x_wconf 88' lang='grc' dir='ltr'>ὅμως,</span> <span class='ocrx_word' id='word_1_16' title='bbox 1596 502 1719 559; x_wconf 68' lang='lat' dir='ltr'>add“:</span> <span class='ocrx_word' id='word_1_17' title='bbox 1748 504 1797 558; x_wconf 75' lang='grc' dir='ltr'>ἓν</span> 
     </span>
    </p>
   </div>
   <div class='ocr_carea' id='block_1_3' title="bbox 1949 498 3571 587">
    <p class='ocr_par' dir='ltr' id='par_1_3' title="bbox 1949 498 3571 575">
     <span class='ocr_line' id='line_1_3' title="bbox 1949 498 3571 575; baseline -0.001 -17"><span class='ocrx_word' id='word_1_18' title='bbox 1949 501 2338 575; x_wconf 71' lang='lat' dir='ltr'>iterrogando</span> <span class='ocrx_word' id='word_1_19' title='bbox 2367 519 2380 556; x_wconf 92' lang='lat'><strong>:</strong></span> <span class='ocrx_word' id='word_1_20' title='bbox 2423 503 2630 557; x_wconf 85' lang='lat' dir='ltr'>Nonne</span> <span class='ocrx_word' id='word_1_21' title='bbox 2683 501 2863 557; x_wconf 66' lang='lat' dir='ltr'>tantm</span> <span class='ocrx_word' id='word_1_22' title='bbox 2892 498 3131 559; x_wconf 81' lang='lat' dir='ltr'>vilitatis</span> <span class='ocrx_word' id='word_1_23' title='bbox 3160 502 3300 558; x_wconf 89' lang='lat' dir='ltr'>sunt</span> <span class='ocrx_word' id='word_1_24' title='bbox 3335 515 3571 575; x_wconf 87' lang='lat' dir='ltr'>passer-</span> 
     </span>
    </p>
   </div>
   <div class='ocr_carea' id='block_1_4' title="bbox 187 590 1809 677">
    <p class='ocr_par' dir='ltr' id='par_1_4' title="bbox 187 598 1800 677">
     <span class='ocr_line' id='line_1_4' title="bbox 187 598 1800 677; baseline -0.007 -19"><span class='ocrx_word' id='word_1_25' title='bbox 187 606 239 659; x_wconf 72' lang='grc' dir='ltr'>ἐκ</span> <span class='ocrx_word' id='word_1_26' title='bbox 264 607 459 657; x_wconf 78' lang='grc' dir='ltr'>τούτων</span> <span class='ocrx_word' id='word_1_27' title='bbox 510 603 792 677; x_wconf 73' lang='grc' dir='ltr'>θηρεύεται</span> <span class='ocrx_word' id='word_1_28' title='bbox 851 606 1022 675; x_wconf 79' lang='grc' dir='ltr'>χωρὶς</span> <span class='ocrx_word' id='word_1_29' title='bbox 1068 608 1161 653; x_wconf 85' lang='grc' dir='ltr'>τοῦ</span> <span class='ocrx_word' id='word_1_30' title='bbox 1205 606 1376 668; x_wconf 84' lang='grc' dir='ltr'>Θεοῦ;</span> <span class='ocrx_word' id='word_1_31' title='bbox 1407 598 1512 671; x_wconf 76' lang='grc' dir='ltr'>οὐχ</span> <span class='ocrx_word' id='word_1_32' title='bbox 1556 599 1624 660; x_wconf 86' lang='grc' dir='ltr'>ὡς</span> <span class='ocrx_word' id='word_1_33' title='bbox 1676 616 1800 648; x_wconf 84' lang='grc' dir='ltr'>συν-</span> 
     </span>
    </p>
   </div>
   <div class='ocr_carea' id='block_1_5' title="bbox 1947 590 3569 677">
    <p class='ocr_par' dir='ltr' id='par_1_5' title="bbox 1947 590 3569 658">
     <span class='ocr_line' id='line_1_5' title="bbox 1947 590 3569 658; baseline 0 -11"><span class='ocrx_word' id='word_1_34' title='bbox 1947 592 2044 658; x_wconf 89' lang='lat' dir='ltr'>uli,</span> <span class='ocrx_word' id='word_1_35' title='bbox 2068 596 2131 648; x_wconf 88' lang='lat' dir='ltr'>ut</span> <span class='ocrx_word' id='word_1_36' title='bbox 2162 592 2285 648; x_wconf 91' lang='lat' dir='ltr'>duo</span> <span class='ocrx_word' id='word_1_37' title='bbox 2334 592 2675 646; x_wconf 80' lang='lat' dir='ltr'>vendantur</span> <span class='ocrx_word' id='word_1_38' title='bbox 2712 590 2958 655; x_wconf 84' lang='lat' dir='ltr'>assario,</span> <span class='ocrx_word' id='word_1_39' title='bbox 3016 590 3132 646; x_wconf 92' lang='lat' dir='ltr'>hoc</span> <span class='ocrx_word' id='word_1_40' title='bbox 3179 594 3286 658; x_wconf 88' lang='lat' dir='ltr'>est,</span> <span class='ocrx_word' id='word_1_41' title='bbox 3317 590 3569 648; x_wconf 88' lang='lat' dir='ltr'>minimo</span> 
     </span>
    </p>
   </div>
   <div class='ocr_carea' id='block_1_6' title="bbox 189 680 1811 769">
    <p class='ocr_par' dir='ltr' id='par_1_6' title="bbox 189 690 1207 769">
     <span class='ocr_line' id='line_1_6' title="bbox 189 690 1207 769; baseline -0.003 -22"><span class='ocrx_word' id='word_1_42' title='bbox 189 701 470 769; x_wconf 74' lang='grc' dir='ltr'>ιργοῦντος,</span> <span class='ocrx_word' id='word_1_43' title='bbox 500 690 610 743; x_wconf 76' lang='grc' dir='ltr'>ἀλλ’</span> <span class='ocrx_word' id='word_1_44' title='bbox 639 693 711 753; x_wconf 78' lang='grc' dir='ltr'>ὡς</span> <span class='ocrx_word' id='word_1_45' title='bbox 740 697 1207 766; x_wconf 74' lang='grc' dir='ltr'>παραχωροῦντας.</span> 
     </span>
    </p>
   </div>
   <div class='ocr_carea' id='block_1_7' title="bbox 1949 680 3571 769">
    <p class='ocr_par' dir='ltr' id='par_1_7' title="bbox 1949 680 3571 753">
     <span class='ocr_line' id='line_1_7' title="bbox 1949 680 3571 753; baseline 0 -16"><span class='ocrx_word' id='word_1_46' title='bbox 1949 681 2088 738; x_wconf 90' lang='lat' dir='ltr'>bolo</span> <span class='ocrx_word' id='word_1_47' title='bbox 2114 681 2141 736; x_wconf 84' lang='lat'><strong>?</strong></span> <span class='ocrx_word' id='word_1_48' title='bbox 2171 686 2227 737; x_wconf 93' lang='lat' dir='ltr'>et</span> <span class='ocrx_word' id='word_1_49' title='bbox 2254 685 2455 736; x_wconf 89' lang='lat' dir='ltr'>tamen</span> <span class='ocrx_word' id='word_1_50' title='bbox 2477 695 2676 752; x_wconf 91' lang='lat' dir='ltr'>neque</span> <span class='ocrx_word' id='word_1_51' title='bbox 2702 694 2859 735; x_wconf 89' lang='lat' dir='ltr'>unus</span> <span class='ocrx_word' id='word_1_52' title='bbox 2877 696 2951 735; x_wconf 85' lang='lat' dir='ltr'>ex</span> <span class='ocrx_word' id='word_1_53' title='bbox 2968 680 3062 735; x_wconf 87' lang='lat' dir='ltr'>his</span> <span class='ocrx_word' id='word_1_54' title='bbox 3086 680 3324 753; x_wconf 86' lang='lat' dir='ltr'>capitur</span> <span class='ocrx_word' id='word_1_55' title='bbox 3350 680 3571 753; x_wconf 86' lang='lat' dir='ltr'>laqueo</span> 
     </span>
    </p>
   </div>
   <div class='ocr_carea' id='block_1_8' title="bbox 1908 770 3573 845">
    <p class='ocr_par' dir='ltr' id='par_1_8' title="bbox 1908 770 3573 845">
     <span class='ocr_line' id='line_1_8' title="bbox 1908 770 3573 845; baseline 0 -18"><span class='ocrx_word' id='word_1_56' title='bbox 1908 771 2139 845; x_wconf 78' lang='lat' dir='ltr'>absque</span> <span class='ocrx_word' id='word_1_57' title='bbox 2156 772 2296 838; x_wconf 90' lang='lat' dir='ltr'>Deo,</span> <span class='ocrx_word' id='word_1_58' title='bbox 2316 785 2438 827; x_wconf 93' lang='lat' dir='ltr'>non</span> <span class='ocrx_word' id='word_1_59' title='bbox 2453 773 2742 843; x_wconf 86' lang='lat' dir='ltr'>tanquam</span> <span class='ocrx_word' id='word_1_60' title='bbox 2759 775 3140 842; x_wconf 82' lang='lat' dir='ltr'>cooperante,</span> <span class='ocrx_word' id='word_1_61' title='bbox 3161 770 3266 827; x_wconf 87' lang='lat' dir='ltr'>sed</span> <span class='ocrx_word' id='word_1_62' title='bbox 3282 774 3573 844; x_wconf 84' lang='lat' dir='ltr'>tanquam</span> 
     </span>
    </p>
   </div>
   <div class='ocr_carea' id='block_1_9' title="bbox 1907 860 2302 933">
    <p class='ocr_par' dir='ltr' id='par_1_9' title="bbox 1907 860 2302 933">
     <span class='ocr_line' id='line_1_9' title="bbox 1907 860 2302 933; baseline 0 -16"><span class='ocrx_word' id='word_1_63' title='bbox 1907 860 2302 933; x_wconf 81' lang='lat' dir='ltr'>permittente.</span> 
     </span>
    </p>
   </div>
   <div class='ocr_carea' id='block_1_10' title="bbox 245 947 1867 1025">
    <p class='ocr_par' dir='ltr' id='par_1_10' title="bbox 245 947 1799 1025">
     <span class='ocr_line' id='line_1_10' title="bbox 245 947 1799 1025; baseline -0.004 -20"><span class='ocrx_word' id='word_1_64' title='bbox 245 953 411 1023; x_wconf 76' lang='grc' dir='ltr'>’Υμών</span> <span class='ocrx_word' id='word_1_65' title='bbox 466 950 527 1005; x_wconf 67' lang='grc' dir='ltr'>δε</span> <span class='ocrx_word' id='word_1_66' title='bbox 572 984 643 993; x_wconf 94' lang='lat'>—</span> <span class='ocrx_word' id='word_1_67' title='bbox 698 953 857 1009; x_wconf 78' lang='grc' dir='ltr'>εἰσίν,</span> <span class='ocrx_word' id='word_1_68' title='bbox 920 951 1087 1025; x_wconf 79' lang='grc' dir='ltr'>Ὑμεῖς</span> <span class='ocrx_word' id='word_1_69' title='bbox 1147 947 1204 1004; x_wconf 80' lang='grc' dir='ltr'><strong><em>δέ</em></strong></span> <span class='ocrx_word' id='word_1_70' title='bbox 1259 952 1505 1003; x_wconf 88' lang='grc' dir='ltr'>τοσοῦτόν</span> <span class='ocrx_word' id='word_1_71' title='bbox 1559 947 1675 1002; x_wconf 80' lang='grc' dir='ltr'>ἕστε</span> <span class='ocrx_word' id='word_1_72' title='bbox 1726 968 1799 1000; x_wconf 78' lang='grc' dir='ltr'>τι·</span> 
     </span>
    </p>
   </div>
   <div class='ocr_carea' id='block_1_11' title="bbox 1954 947 3576 1025">
    <p class='ocr_par' dir='ltr' id='par_1_11' title="bbox 1978 948 3576 1008">
     <span class='ocr_line' id='line_1_11' title="bbox 1978 948 3576 1008; baseline 0.001 -5"><span class='ocrx_word' id='word_1_73' title='bbox 1978 950 2153 1008; x_wconf 86' lang='lat' dir='ltr'>Vers.</span> <span class='ocrx_word' id='word_1_74' title='bbox 2197 949 2285 1006; x_wconf 89' lang='lat'>30.</span> <span class='ocrx_word' id='word_1_75' title='bbox 2328 949 2523 1007; x_wconf 83' lang='lat' dir='ltr'>Vestri</span> <span class='ocrx_word' id='word_1_76' title='bbox 2549 955 2742 1005; x_wconf 85' lang='lat' dir='ltr'>autem</span> <span class='ocrx_word' id='word_1_77' title='bbox 2775 980 2844 990; x_wconf 90' lang='lat'>—</span> <span class='ocrx_word' id='word_1_78' title='bbox 2868 953 3027 1005; x_wconf 83' lang='lat' dir='ltr'>sunt.</span> <span class='ocrx_word' id='word_1_79' title='bbox 3056 948 3172 1005; x_wconf 86' lang='lat' dir='ltr'>Vos</span> <span class='ocrx_word' id='word_1_80' title='bbox 3197 951 3394 1005; x_wconf 90' lang='lat' dir='ltr'>autem</span> <span class='ocrx_word' id='word_1_81' title='bbox 3427 948 3576 1006; x_wconf 89' lang='lat' dir='ltr'>tanti</span> 
     </span>
    </p>
   </div>
   <div class='ocr_carea' id='block_1_12' title="bbox 183 1038 1805 1113">
    <p class='ocr_par' dir='ltr' id='par_1_12' title="bbox 183 1041 1801 1113">
     <span class='ocr_line' id='line_1_12' title="bbox 183 1041 1801 1113; baseline -0.002 -19"><span class='ocrx_word' id='word_1_82' title='bbox 183 1050 311 1111; x_wconf 67' lang='grc' dir='ltr'>μὶοι,</span> <span class='ocrx_word' id='word_1_83' title='bbox 347 1045 489 1095; x_wconf 73' lang='grc' dir='ltr'>ὥστε</span> <span class='ocrx_word' id='word_1_84' title='bbox 537 1048 630 1093; x_wconf 76' lang='grc' dir='ltr'>καὶ</span> <span class='ocrx_word' id='word_1_85' title='bbox 675 1045 855 1103; x_wconf 65' lang='grc' dir='ltr'>πάσας</span> <span class='ocrx_word' id='word_1_86' title='bbox 883 1044 1024 1113; x_wconf 77' lang='grc' dir='ltr'>ὑμῶν</span> <span class='ocrx_word' id='word_1_87' title='bbox 1055 1043 1147 1103; x_wconf 84' lang='grc' dir='ltr'>τὰς</span> <span class='ocrx_word' id='word_1_88' title='bbox 1193 1044 1390 1113; x_wconf 80' lang='grc' dir='ltr'>τρίχας</span> <span class='ocrx_word' id='word_1_89' title='bbox 1440 1041 1801 1112; x_wconf 81' lang='grc' dir='ltr'>ἡριθμημένας</span> 
     </span>
    </p>
   </div>
   <div class='ocr_carea' id='block_1_13' title="bbox 1956 1038 3578 1113">
    <p class='ocr_par' dir='ltr' id='par_1_13' title="bbox 1956 1038 3578 1110">
     <span class='ocr_line' id='line_1_13' title="bbox 1956 1038 3578 1110; baseline -0.001 -14"><span class='ocrx_word' id='word_1_90' title='bbox 1956 1041 2073 1106; x_wconf 73' lang='lat' dir='ltr'>stis,</span> <span class='ocrx_word' id='word_1_91' title='bbox 2106 1042 2172 1096; x_wconf 88' lang='lat' dir='ltr'>ut</span> <span class='ocrx_word' id='word_1_92' title='bbox 2197 1054 2408 1096; x_wconf 90' lang='lat' dir='ltr'>omnes</span> <span class='ocrx_word' id='word_1_93' title='bbox 2431 1054 2678 1110; x_wconf 91' lang='lat' dir='ltr'>quoque</span> <span class='ocrx_word' id='word_1_94' title='bbox 2708 1038 2905 1110; x_wconf 83' lang='lat' dir='ltr'>capilli</span> <span class='ocrx_word' id='word_1_95' title='bbox 2933 1038 3427 1095; x_wconf 89' lang='lat' dir='ltr'>vestrinumerati</span> <span class='ocrx_word' id='word_1_96' title='bbox 3460 1039 3578 1095; x_wconf 89' lang='lat' dir='ltr'>sint</span> 
     </span>
    </p>
   </div>
   <div class='ocr_carea' id='block_1_14' title="bbox 179 1127 1801 1205">
    <p class='ocr_par' dir='ltr' id='par_1_14' title="bbox 179 1128 1800 1205">
     <span class='ocr_line' id='line_1_14' title="bbox 179 1128 1800 1205; baseline -0.002 -21"><span class='ocrx_word' id='word_1_97' title='bbox 179 1129 487 1205; x_wconf 74' lang='grc' dir='ltr'>εἶναιπαρὰ</span> <span class='ocrx_word' id='word_1_98' title='bbox 519 1139 682 1185; x_wconf 82' lang='grc' dir='ltr'>Θεοῦ.</span> <span class='ocrx_word' id='word_1_99' title='bbox 732 1131 889 1189; x_wconf 63' lang='grc' dir='ltr'>,δηλοῖ</span> <span class='ocrx_word' id='word_1_100' title='bbox 939 1128 997 1183; x_wconf 68' lang='grc' dir='ltr'>δὲ</span> <span class='ocrx_word' id='word_1_101' title='bbox 1048 1133 1076 1189; x_wconf 77' lang='grc' dir='ltr'>ἡ</span> <span class='ocrx_word' id='word_1_102' title='bbox 1127 1129 1497 1204; x_wconf 81' lang='grc' dir='ltr'>ἀπαρίθμησις</span> <span class='ocrx_word' id='word_1_103' title='bbox 1539 1136 1639 1181; x_wconf 78' lang='grc' dir='ltr'>τῶν</span> <span class='ocrx_word' id='word_1_104' title='bbox 1689 1147 1800 1203; x_wconf 88' lang='grc' dir='ltr'>τρι-</span> 
     </span>
    </p>
   </div>
   <div class='ocr_carea' id='block_1_15' title="bbox 1957 1127 3579 1205">
    <p class='ocr_par' dir='ltr' id='par_1_15' title="bbox 1976 1127 3579 1200">
     <span class='ocr_line' id='line_1_15' title="bbox 1976 1127 3579 1200; baseline -0.001 -13"><span class='ocrx_word' id='word_1_105' title='bbox 1976 1134 2113 1187; x_wconf 90' lang='lat' dir='ltr'>Deo.</span> <span class='ocrx_word' id='word_1_106' title='bbox 2149 1128 2456 1199; x_wconf 87' lang='lat' dir='ltr'>Signiﬁcat</span> <span class='ocrx_word' id='word_1_107' title='bbox 2488 1133 2691 1184; x_wconf 87' lang='lat' dir='ltr'>autem</span> <span class='ocrx_word' id='word_1_108' title='bbox 2724 1127 3079 1200; x_wconf 90' lang='lat' dir='ltr'>capillorum</span> <span class='ocrx_word' id='word_1_109' title='bbox 3103 1143 3387 1184; x_wconf 88' lang='lat' dir='ltr'>numerus</span> <span class='ocrx_word' id='word_1_110' title='bbox 3406 1144 3579 1186; x_wconf 85' lang='lat' dir='ltr'>exac-</span> 
     </span>
    </p>
   </div>
   <div class='ocr_carea' id='block_1_16' title="bbox 176 1216 1798 1293">
    <p class='ocr_par' dir='ltr' id='par_1_16' title="bbox 176 1218 1795 1293">
     <span class='ocr_line' id='line_1_16' title="bbox 176 1218 1795 1293; baseline -0.01 -9"><span class='ocrx_word' id='word_1_111' title='bbox 176 1230 312 1292; x_wconf 70' lang='grc' dir='ltr'>χῶν,</span> <span class='ocrx_word' id='word_1_112' title='bbox 355 1225 453 1279; x_wconf 63' lang='grc' dir='ltr'>τὴν</span> <span class='ocrx_word' id='word_1_113' title='bbox 486 1220 687 1293; x_wconf 76' lang='grc' dir='ltr'>ἀκριϐῆ</span> <span class='ocrx_word' id='word_1_114' title='bbox 741 1229 954 1291; x_wconf 83' lang='grc' dir='ltr'>γνῶσιν,</span> <span class='ocrx_word' id='word_1_115' title='bbox 1009 1221 1089 1272; x_wconf 85' lang='grc' dir='ltr'>ὅτι</span> <span class='ocrx_word' id='word_1_116' title='bbox 1134 1219 1248 1271; x_wconf 83' lang='grc' dir='ltr'>λίαν</span> <span class='ocrx_word' id='word_1_117' title='bbox 1285 1221 1607 1290; x_wconf 79' lang='grc' dir='ltr'>γινώσκεσθε</span> <span class='ocrx_word' id='word_1_118' title='bbox 1635 1218 1795 1289; x_wconf 71' lang='grc' dir='ltr'>αὐτῷ,</span> 
     </span>
    </p>
   </div>
   <div class='ocr_carea' id='block_1_17' title="bbox 1952 1216 3574 1293">
    <p class='ocr_par' dir='ltr' id='par_1_17' title="bbox 1952 1216 3574 1289">
     <span class='ocr_line' id='line_1_17' title="bbox 1952 1216 3574 1289; baseline 0 -16"><span class='ocrx_word' id='word_1_119' title='bbox 1952 1236 2030 1273; x_wconf 82' lang='grc' dir='ltr'>ιπι</span> <span class='ocrx_word' id='word_1_120' title='bbox 2060 1220 2352 1283; x_wconf 86' lang='lat' dir='ltr'>notitiam,</span> <span class='ocrx_word' id='word_1_121' title='bbox 2386 1216 2552 1289; x_wconf 92' lang='lat' dir='ltr'>quod</span> <span class='ocrx_word' id='word_1_122' title='bbox 2578 1216 2751 1272; x_wconf 83' lang='lat' dir='ltr'>valde</span> <span class='ocrx_word' id='word_1_123' title='bbox 2779 1216 2999 1287; x_wconf 87' lang='lat' dir='ltr'>cogniti</span> <span class='ocrx_word' id='word_1_124' title='bbox 3029 1217 3154 1273; x_wconf 86' lang='lat' dir='ltr'>sitis</span> <span class='ocrx_word' id='word_1_125' title='bbox 3194 1216 3272 1273; x_wconf 88' lang='lat' dir='ltr'>ab</span> <span class='ocrx_word' id='word_1_126' title='bbox 3294 1232 3387 1285; x_wconf 87' lang='lat' dir='ltr'>eo,</span> <span class='ocrx_word' id='word_1_127' title='bbox 3411 1222 3467 1273; x_wconf 91' lang='lat' dir='ltr'>et</span> <span class='ocrx_word' id='word_1_128' title='bbox 3497 1216 3574 1273; x_wconf 90' lang='lat' dir='ltr'>ad</span> 
     </span>
    </p>
   </div>
   <div class='ocr_carea' id='block_1_18' title="bbox 175 1305 1797 1382">
    <p class='ocr_par' dir='ltr' id='par_1_18' title="bbox 175 1306 1797 1382">
     <span class='ocr_line' id='line_1_18' title="bbox 175 1306 1797 1382; baseline -0.001 -21"><span class='ocrx_word' id='word_1_129' title='bbox 175 1315 265 1362; x_wconf 75' lang='grc' dir='ltr'>καὶ</span> <span class='ocrx_word' id='word_1_130' title='bbox 318 1310 661 1382; x_wconf 55' lang='lat' dir='ltr'>imque-prb;</span> <span class='ocrx_word' id='word_1_131' title='bbox 717 1308 830 1362; x_wconf 70' lang='grc' dir='ltr'>οἶδε</span> <span class='ocrx_word' id='word_1_132' title='bbox 877 1313 1047 1362; x_wconf 72' lang='grc' dir='ltr'>πάντα</span> <span class='ocrx_word' id='word_1_133' title='bbox 1101 1312 1168 1361; x_wconf 83' lang='grc' dir='ltr'>τὰ</span> <span class='ocrx_word' id='word_1_134' title='bbox 1219 1309 1337 1360; x_wconf 79' lang='grc' dir='ltr'>καθ’</span> <span class='ocrx_word' id='word_1_135' title='bbox 1392 1310 1527 1381; x_wconf 81' lang='grc' dir='ltr'>ὑμᾶς</span> <span class='ocrx_word' id='word_1_136' title='bbox 1558 1306 1651 1361; x_wconf 81' lang='grc' dir='ltr'>διὰ</span> <span class='ocrx_word' id='word_1_137' title='bbox 1706 1313 1797 1367; x_wconf 79' lang='grc' dir='ltr'>τὴν</span> 
     </span>
    </p>
   </div>
   <div class='ocr_carea' id='block_1_19' title="bbox 1953 1305 3575 1382">
    <p class='ocr_par' dir='ltr' id='par_1_19' title="bbox 1953 1305 3575 1379">
     <span class='ocr_line' id='line_1_19' title="bbox 1953 1305 3575 1379; baseline -0.001 -15"><span class='ocrx_word' id='word_1_138' title='bbox 1953 1310 2212 1365; x_wconf 67' lang='lat' dir='ltr'>minutum</span> <span class='ocrx_word' id='word_1_139' title='bbox 2236 1321 2471 1379; x_wconf 91' lang='lat' dir='ltr'>quoque</span> <span class='ocrx_word' id='word_1_140' title='bbox 2497 1305 2664 1362; x_wconf 88' lang='lat' dir='ltr'>novit</span> <span class='ocrx_word' id='word_1_141' title='bbox 2684 1321 2770 1371; x_wconf 87' lang='lat' dir='ltr'>ea,</span> <span class='ocrx_word' id='word_1_142' title='bbox 2802 1321 2937 1378; x_wconf 83' lang='lat' dir='ltr'>quae</span> <span class='ocrx_word' id='word_1_143' title='bbox 2956 1306 3115 1363; x_wconf 88' lang='lat' dir='ltr'>circa</span> <span class='ocrx_word' id='word_1_144' title='bbox 3130 1321 3235 1361; x_wconf 91' lang='lat' dir='ltr'>vos</span> <span class='ocrx_word' id='word_1_145' title='bbox 3250 1310 3410 1372; x_wconf 89' lang='lat' dir='ltr'>sunt,</span> <span class='ocrx_word' id='word_1_146' title='bbox 3439 1321 3575 1378; x_wconf 82' lang='lat' dir='ltr'>pro-</span> 
     </span>
    </p>
   </div>
   <div class='ocr_carea' id='block_1_20' title="bbox 172 1394 1794 1471">
    <p class='ocr_par' dir='ltr' id='par_1_20' title="bbox 172 1397 1794 1471">
     <span class='ocr_line' id='line_1_20' title="bbox 172 1397 1794 1471; baseline 0 -21"><span class='ocrx_word' id='word_1_147' title='bbox 172 1400 307 1469; x_wconf 77' lang='grc' dir='ltr'>ἄγαν</span> <span class='ocrx_word' id='word_1_148' title='bbox 382 1401 533 1471; x_wconf 72' lang='grc' dir='ltr'>ὑμῶν</span> <span class='ocrx_word' id='word_1_149' title='bbox 607 1399 889 1451; x_wconf 80' lang='grc' dir='ltr'>οἰκείωσιν.</span> <span class='ocrx_word' id='word_1_150' title='bbox 967 1404 1067 1451; x_wconf 84' lang='grc' dir='ltr'>Καὶ</span> <span class='ocrx_word' id='word_1_151' title='bbox 1143 1399 1184 1450; x_wconf 83' lang='grc' dir='ltr'>εἰ</span> <span class='ocrx_word' id='word_1_152' title='bbox 1262 1406 1359 1450; x_wconf 87' lang='grc' dir='ltr'>τῶν</span> <span class='ocrx_word' id='word_1_153' title='bbox 1430 1397 1794 1451; x_wconf 71' lang='grc' dir='ltr'>εὐτελεστάτων</span> 
     </span>
    </p>
   </div>
   <div class='ocr_carea' id='block_1_21' title="bbox 1952 1394 3574 1471">
    <p class='ocr_par' dir='ltr' id='par_1_21' title="bbox 1955 1394 3574 1468">
     <span class='ocr_line' id='line_1_21' title="bbox 1955 1394 3574 1468; baseline -0.001 -16"><span class='ocrx_word' id='word_1_154' title='bbox 1955 1401 2039 1453; x_wconf 91' lang='lat' dir='ltr'>ter</span> <span class='ocrx_word' id='word_1_155' title='bbox 2078 1410 2345 1468; x_wconf 86' lang='lat' dir='ltr'>magnan</span> <span class='ocrx_word' id='word_1_156' title='bbox 2400 1394 2710 1450; x_wconf 84' lang='lat' dir='ltr'>vobiscum</span> <span class='ocrx_word' id='word_1_157' title='bbox 2741 1394 3163 1451; x_wconf 86' lang='lat' dir='ltr'>familiaritem.</span> <span class='ocrx_word' id='word_1_158' title='bbox 3198 1394 3373 1458; x_wconf 88' lang='lat' dir='ltr'>Quod</span> <span class='ocrx_word' id='word_1_159' title='bbox 3409 1395 3457 1449; x_wconf 90' lang='lat' dir='ltr'>si</span> <span class='ocrx_word' id='word_1_160' title='bbox 3500 1409 3574 1451; x_wconf 91' lang='lat' dir='ltr'>ne</span> 
     </span>
    </p>
   </div>
   <div class='ocr_carea' id='block_1_22' title="bbox 175 1483 1797 1561">
    <p class='ocr_par' dir='ltr' id='par_1_22' title="bbox 175 1485 1797 1561">
     <span class='ocr_line' id='line_1_22' title="bbox 175 1485 1797 1561; baseline 0 -22"><span class='ocrx_word' id='word_1_161' title='bbox 175 1490 476 1560; x_wconf 78' lang='grc' dir='ltr'>στρουθίων</span> <span class='ocrx_word' id='word_1_162' title='bbox 520 1485 680 1541; x_wconf 68' lang='grc' dir='ltr'>οὐδὲν</span> <span class='ocrx_word' id='word_1_163' title='bbox 738 1490 1009 1560; x_wconf 75' lang='grc' dir='ltr'>θηρεύεται</span> <span class='ocrx_word' id='word_1_164' title='bbox 1060 1492 1226 1561; x_wconf 77' lang='grc' dir='ltr'>χωρὶς</span> <span class='ocrx_word' id='word_1_165' title='bbox 1275 1487 1459 1552; x_wconf 71' lang='grc' dir='ltr'>αὐτοῦ,</span> <span class='ocrx_word' id='word_1_166' title='bbox 1510 1489 1683 1549; x_wconf 79' lang='grc' dir='ltr'>καθὼς</span> <span class='ocrx_word' id='word_1_167' title='bbox 1736 1490 1797 1541; x_wconf 78' lang='grc' dir='ltr'>εἶ-</span> 
     </span>
    </p>
   </div>
   <div class='ocr_carea' id='block_1_23' title="bbox 1955 1483 3577 1561">
    <p class='ocr_par' dir='ltr' id='par_1_23' title="bbox 1956 1483 3577 1559">
     <span class='ocr_line' id='line_1_23' title="bbox 1956 1483 3577 1559; baseline -0.001 -18"><span class='ocrx_word' id='word_1_168' title='bbox 1956 1501 2068 1541; x_wconf 91' lang='lat' dir='ltr'>nus</span> <span class='ocrx_word' id='word_1_169' title='bbox 2111 1484 2361 1559; x_wconf 90' lang='lat' dir='ltr'>quidem</span> <span class='ocrx_word' id='word_1_170' title='bbox 2393 1484 2825 1540; x_wconf 85' lang='lat' dir='ltr'>vilissimorum</span> <span class='ocrx_word' id='word_1_171' title='bbox 2857 1483 3331 1556; x_wconf 89' lang='lat' dir='ltr'>passerculorum</span> <span class='ocrx_word' id='word_1_172' title='bbox 3358 1483 3577 1557; x_wconf 86' lang='lat' dir='ltr'>laqueo</span> 
     </span>
    </p>
   </div>
   <div class='ocr_carea' id='block_1_24' title="bbox 168 1572 1790 1650">
    <p class='ocr_par' dir='ltr' id='par_1_24' title="bbox 168 1575 1790 1650">
     <span class='ocr_line' id='line_1_24' title="bbox 168 1575 1790 1650; baseline 0.001 -23"><span class='ocrx_word' id='word_1_173' title='bbox 168 1596 351 1648; x_wconf 71' lang='grc' dir='ltr'>ρηται,</span> <span class='ocrx_word' id='word_1_174' title='bbox 404 1578 587 1648; x_wconf 79' lang='grc' dir='ltr'>πολλῷ</span> <span class='ocrx_word' id='word_1_175' title='bbox 635 1577 826 1649; x_wconf 82' lang='grc' dir='ltr'>μᾶλλον</span> <span class='ocrx_word' id='word_1_176' title='bbox 881 1579 1027 1647; x_wconf 76' lang='grc' dir='ltr'>ὑμεῖς</span> <span class='ocrx_word' id='word_1_177' title='bbox 1072 1578 1121 1628; x_wconf 83' lang='grc' dir='ltr'>οἱ</span> <span class='ocrx_word' id='word_1_178' title='bbox 1164 1581 1330 1647; x_wconf 79' lang='grc' dir='ltr'>τίμιοι</span> <span class='ocrx_word' id='word_1_179' title='bbox 1381 1576 1475 1629; x_wconf 80' lang='grc' dir='ltr'>οὐκ</span> <span class='ocrx_word' id='word_1_180' title='bbox 1533 1575 1790 1650; x_wconf 79' lang='grc' dir='ltr'>ἁναιρεθή·</span> 
     </span>
    </p>
   </div>
   <div class='ocr_carea' id='block_1_25' title="bbox 1955 1572 3577 1650">
    <p class='ocr_par' dir='ltr' id='par_1_25' title="bbox 1955 1572 3577 1648">
     <span class='ocr_line' id='line_1_25' title="bbox 1955 1572 3577 1648; baseline -0.001 -18"><span class='ocrx_word' id='word_1_181' title='bbox 1955 1576 2163 1648; x_wconf 86' lang='lat' dir='ltr'>apitur,</span> <span class='ocrx_word' id='word_1_182' title='bbox 2214 1574 2438 1646; x_wconf 86' lang='lat' dir='ltr'>absque</span> <span class='ocrx_word' id='word_1_183' title='bbox 2469 1574 2598 1645; x_wconf 90' lang='lat' dir='ltr'>ejus</span> <span class='ocrx_word' id='word_1_184' title='bbox 2643 1588 2959 1639; x_wconf 91' lang='lat' dir='ltr'>consensu,</span> <span class='ocrx_word' id='word_1_185' title='bbox 2993 1572 3145 1630; x_wconf 86' lang='lat' dir='ltr'>sicut</span> <span class='ocrx_word' id='word_1_186' title='bbox 3193 1572 3425 1629; x_wconf 89' lang='lat' dir='ltr'>dictum</span> <span class='ocrx_word' id='word_1_187' title='bbox 3466 1576 3577 1639; x_wconf 84' lang='lat' dir='ltr'>est,</span> 
     </span>
    </p>
   </div>
   <div class='ocr_carea' id='block_1_26' title="bbox 174 1661 1796 1740">
    <p class='ocr_par' dir='ltr' id='par_1_26' title="bbox 174 1664 1796 1740">
     <span class='ocr_line' id='line_1_26' title="bbox 174 1664 1796 1740; baseline -0.001 -23"><span class='ocrx_word' id='word_1_188' title='bbox 174 1668 351 1733; x_wconf 70' lang='grc' dir='ltr'>τεσθε,</span> <span class='ocrx_word' id='word_1_189' title='bbox 393 1670 469 1738; x_wconf 70' lang='grc' dir='ltr'>μή</span> <span class='ocrx_word' id='word_1_190' title='bbox 503 1674 951 1740; x_wconf 75' lang='grc' dir='ltr'>παραχωροῦντας</span> <span class='ocrx_word' id='word_1_191' title='bbox 983 1664 1166 1720; x_wconf 73' lang='grc' dir='ltr'>αὐτοῦ.</span> <span class='ocrx_word' id='word_1_192' title='bbox 1209 1670 1310 1718; x_wconf 82' lang='grc' dir='ltr'>Καὶ</span> <span class='ocrx_word' id='word_1_193' title='bbox 1354 1664 1533 1717; x_wconf 85' lang='grc' dir='ltr'>λοιπόν</span> <span class='ocrx_word' id='word_1_194' title='bbox 1590 1665 1647 1717; x_wconf 83' lang='grc' dir='ltr'>οῦ</span> <span class='ocrx_word' id='word_1_195' title='bbox 1690 1670 1796 1739; x_wconf 77' lang='grc' dir='ltr'>χρή</span> 
     </span>
    </p>
   </div>
   <div class='ocr_carea' id='block_1_27' title="bbox 1955 1661 3577 1740">
    <p class='ocr_par' dir='ltr' id='par_1_27' title="bbox 1955 1661 3577 1735">
     <span class='ocr_line' id='line_1_27' title="bbox 1955 1661 3577 1735; baseline -0.001 -16"><span class='ocrx_word' id='word_1_196' title='bbox 1955 1664 2101 1720; x_wconf 80' lang='lat' dir='ltr'>iulto</span> <span class='ocrx_word' id='word_1_197' title='bbox 2134 1663 2330 1733; x_wconf 88' lang='lat' dir='ltr'>magis</span> <span class='ocrx_word' id='word_1_198' title='bbox 2366 1678 2491 1727; x_wconf 84' lang='lat' dir='ltr'>vos,</span> <span class='ocrx_word' id='word_1_199' title='bbox 2526 1662 2627 1734; x_wconf 90' lang='lat' dir='ltr'>qui</span> <span class='ocrx_word' id='word_1_200' title='bbox 2658 1662 2903 1735; x_wconf 84' lang='lat' dir='ltr'>pretiosi</span> <span class='ocrx_word' id='word_1_201' title='bbox 2930 1662 3091 1727; x_wconf 90' lang='lat' dir='ltr'>estis,</span> <span class='ocrx_word' id='word_1_202' title='bbox 3125 1677 3248 1718; x_wconf 91' lang='lat' dir='ltr'>non</span> <span class='ocrx_word' id='word_1_203' title='bbox 3270 1661 3577 1719; x_wconf 86' lang='lat' dir='ltr'>interﬁcie-</span> 
     </span>
    </p>
   </div>
   <div class='ocr_carea' id='block_1_28' title="bbox 172 1750 1794 1825">
    <p class='ocr_par' dir='ltr' id='par_1_28' title="bbox 172 1752 505 1811">
     <span class='ocr_line' id='line_1_28' title="bbox 172 1752 505 1811; baseline 0 -4"><span class='ocrx_word' id='word_1_204' title='bbox 172 1752 505 1811; x_wconf 69' lang='grc' dir='ltr'>δεδοικέναι.</span> 
     </span>
    </p>
   </div>
   <div class='ocr_carea' id='block_1_29' title="bbox 1956 1750 3578 1825">
    <p class='ocr_par' dir='ltr' id='par_1_29' title="bbox 1956 1750 3578 1825">
     <span class='ocr_line' id='line_1_29' title="bbox 1956 1750 3578 1825; baseline -0.001 -15"><span class='ocrx_word' id='word_1_205' title='bbox 1956 1754 2080 1817; x_wconf 71' lang='lat' dir='ltr'>lini,</span> <span class='ocrx_word' id='word_1_206' title='bbox 2112 1754 2223 1809; x_wconf 87' lang='lat' dir='ltr'>nisi</span> <span class='ocrx_word' id='word_1_207' title='bbox 2252 1752 2379 1825; x_wconf 88' lang='lat' dir='ltr'>ipse</span> <span class='ocrx_word' id='word_1_208' title='bbox 2409 1752 2799 1808; x_wconf 86' lang='lat' dir='ltr'>consenserit.</span> <span class='ocrx_word' id='word_1_209' title='bbox 2830 1754 2957 1807; x_wconf 85' lang='lat' dir='ltr'>Non</span> <span class='ocrx_word' id='word_1_210' title='bbox 3005 1754 3240 1823; x_wconf 88' lang='lat' dir='ltr'>oportet</span> <span class='ocrx_word' id='word_1_211' title='bbox 3279 1767 3421 1823; x_wconf 88' lang='lat' dir='ltr'>ergo</span> <span class='ocrx_word' id='word_1_212' title='bbox 3463 1750 3578 1810; x_wconf 83' lang='lat' dir='ltr'>for-</span> 
     </span>
    </p>
   </div>
   <div class='ocr_carea' id='block_1_30' title="bbox 1838 1837 2168 1899">
    <p class='ocr_par' dir='ltr' id='par_1_30' title="bbox 1838 1837 2168 1899">
     <span class='ocr_line' id='line_1_30' title="bbox 1838 1837 2168 1899; baseline 0.012 -4"><span class='ocrx_word' id='word_1_213' title='bbox 1838 1837 1883 1895; x_wconf 90' lang='lat' dir='ltr'>B</span> <span class='ocrx_word' id='word_1_214' title='bbox 1916 1842 2168 1899; x_wconf 89' lang='lat' dir='ltr'>midare.</span> 
     </span>
    </p>
   </div>
   <div class='ocr_carea' id='block_1_31' title="bbox 260 1927 1882 2007">
    <p class='ocr_par' dir='ltr' id='par_1_31' title="bbox 260 1933 1806 2007">
     <span class='ocr_line' id='line_1_31' title="bbox 260 1933 1806 2007; baseline -0.001 -18"><span class='ocrx_word' id='word_1_215' title='bbox 260 1941 346 1991; x_wconf 70' lang='lat' dir='ltr'>Mi:</span> <span class='ocrx_word' id='word_1_216' title='bbox 387 1935 579 1987; x_wconf 77' lang='grc' dir='ltr'>-οὖν</span> <span class='ocrx_word' id='word_1_217' title='bbox 635 1937 802 2006; x_wconf 75' lang='grc' dir='ltr'>ὑμεῖς.</span> <span class='ocrx_word' id='word_1_218' title='bbox 866 1934 1121 1995; x_wconf 77' lang='grc' dir='ltr'>Πολλάκις</span> <span class='ocrx_word' id='word_1_219' title='bbox 1176 1934 1493 2006; x_wconf 81' lang='grc' dir='ltr'>ἐγκελεύεται</span> <span class='ocrx_word' id='word_1_220' title='bbox 1530 1938 1624 1991; x_wconf 78' lang='grc' dir='ltr'>τὴν</span> <span class='ocrx_word' id='word_1_221' title='bbox 1682 1933 1806 2007; x_wconf 82' lang='grc' dir='ltr'>ἀφο-</span> 
     </span>
    </p>
   </div>
   <div class='ocr_carea' id='block_1_32' title="bbox 1956 1927 3578 2007">
    <p class='ocr_par' dir='ltr' id='par_1_32' title="bbox 1983 1927 3578 2002">
     <span class='ocr_line' id='line_1_32' title="bbox 1983 1927 3578 2002; baseline -0.001 -15"><span class='ocrx_word' id='word_1_222' title='bbox 1983 1934 2144 1987; x_wconf 80' lang='lat' dir='ltr'>Vers.</span> <span class='ocrx_word' id='word_1_223' title='bbox 2177 1932 2264 1987; x_wconf 87' lang='grc'><strong>31.</strong></span> <span class='ocrx_word' id='word_1_224' title='bbox 2298 1930 2381 1987; x_wconf 86' lang='lat' dir='ltr'>Ne</span> <span class='ocrx_word' id='word_1_225' title='bbox 2410 1930 2594 2002; x_wconf 77' lang='lat' dir='ltr'>igitur</span> <span class='ocrx_word' id='word_1_226' title='bbox 2638 1961 2707 1970; x_wconf 92' lang='lat'><strong>-</strong></span> <span class='ocrx_word' id='word_1_227' title='bbox 2754 1945 2864 1986; x_wconf 72' lang='lat' dir='ltr'>vos.</span> <span class='ocrx_word' id='word_1_228' title='bbox 2900 1928 2986 1983; x_wconf 88' lang='lat' dir='ltr'>Ad</span> <span class='ocrx_word' id='word_1_229' title='bbox 3015 1927 3244 1985; x_wconf 86' lang='lat' dir='ltr'>timoris</span> <span class='ocrx_word' id='word_1_230' title='bbox 3297 1928 3578 2001; x_wconf 83' lang='lat' dir='ltr'>abjectio-</span> 
     </span>
    </p>
   </div>
   <div class='ocr_carea' id='block_1_33' title="bbox 176 2017 1798 2098">
    <p class='ocr_par' dir='ltr' id='par_1_33' title="bbox 176 2020 1798 2098">
     <span class='ocr_line' id='line_1_33' title="bbox 176 2020 1798 2098; baseline 0 -22"><span class='ocrx_word' id='word_1_231' title='bbox 176 2024 299 2077; x_wconf 76' lang='grc' dir='ltr'>ϐίαν</span> <span class='ocrx_word' id='word_1_232' title='bbox 357 2025 567 2088; x_wconf 65' lang='grc' dir='ltr'>αὐτοῖς,</span> <span class='ocrx_word' id='word_1_233' title='bbox 622 2020 719 2077; x_wconf 80' lang='grc' dir='ltr'>διὰ</span> <span class='ocrx_word' id='word_1_234' title='bbox 774 2027 841 2076; x_wconf 84' lang='grc' dir='ltr'>τὰ</span> <span class='ocrx_word' id='word_1_235' title='bbox 892 2025 1082 2096; x_wconf 80' lang='grc' dir='ltr'>μεγέθη</span> <span class='ocrx_word' id='word_1_236' title='bbox 1142 2032 1239 2075; x_wconf 86' lang='grc' dir='ltr'>τῶν</span> <span class='ocrx_word' id='word_1_237' title='bbox 1297 2023 1578 2096; x_wconf 79' lang='grc' dir='ltr'>μελλόντων</span> <span class='ocrx_word' id='word_1_238' title='bbox 1629 2042 1798 2098; x_wconf 76' lang='grc' dir='ltr'>πειρα-</span> 
     </span>
    </p>
   </div>
   <div class='ocr_carea' id='block_1_34' title="bbox 1957 2017 3579 2098">
    <p class='ocr_par' dir='ltr' id='par_1_34' title="bbox 1957 2017 3579 2092">
     <span class='ocr_line' id='line_1_34' title="bbox 1957 2017 3579 2092; baseline -0.001 -16"><span class='ocrx_word' id='word_1_239' title='bbox 1957 2037 2052 2077; x_wconf 93' lang='lat' dir='ltr'>em</span> <span class='ocrx_word' id='word_1_240' title='bbox 2097 2020 2317 2092; x_wconf 68' lang='lat' dir='ltr'>saepius</span> <span class='ocrx_word' id='word_1_241' title='bbox 2373 2019 2740 2086; x_wconf 80' lang='lat' dir='ltr'>adhortatur,</span> <span class='ocrx_word' id='word_1_242' title='bbox 2807 2021 3051 2091; x_wconf 81' lang='lat' dir='ltr'>propter</span> <span class='ocrx_word' id='word_1_243' title='bbox 3101 2017 3579 2090; x_wconf 84' lang='lat' dir='ltr'>magnitudinem</span> 
     </span>
    </p>
   </div>
   <div class='ocr_carea' id='block_1_35' title="bbox 170 2109 1792 2186">
    <p class='ocr_par' dir='ltr' id='par_1_35' title="bbox 170 2123 347 2186">
     <span class='ocr_line' id='line_1_35' title="bbox 170 2123 347 2186; baseline 0.011 -20"><span class='ocrx_word' id='word_1_244' title='bbox 170 2123 326 2186; x_wconf 79' lang='grc' dir='ltr'>σμὼν</span> <span class='ocrx_word' id='word_1_245' title='bbox 335 2157 347 2168; x_wconf 92' lang='grc'>.</span> 
     </span>
    </p>
   </div>
   <div class='ocr_carea' id='block_1_36' title="bbox 704 2109 2326 2186">
    <p class='ocr_par' dir='ltr' id='par_1_36' title="bbox 1915 2109 2326 2167">
     <span class='ocr_line' id='line_1_36' title="bbox 1915 2109 2326 2167; baseline -0.012 -1"><span class='ocrx_word' id='word_1_246' title='bbox 1915 2109 2326 2167; x_wconf 88' lang='lat' dir='ltr'>tentationum.</span> 
     </span>
    </p>
   </div>
   <div class='ocr_carea' id='block_1_37' title="bbox 258 2194 1880 2277">
    <p class='ocr_par' dir='ltr' id='par_1_37' title="bbox 258 2201 1804 2277">
     <span class='ocr_line' id='line_1_37' title="bbox 258 2201 1804 2277; baseline -0.001 -22"><span class='ocrx_word' id='word_1_247' title='bbox 258 2209 371 2264; x_wconf 81' lang='grc' dir='ltr'>Πᾶς</span> <span class='ocrx_word' id='word_1_248' title='bbox 426 2233 497 2242; x_wconf 83' lang='grc'><strong>-</strong></span> <span class='ocrx_word' id='word_1_249' title='bbox 552 2202 607 2253; x_wconf 80' lang='grc' dir='ltr'>ἐν</span> <span class='ocrx_word' id='word_1_250' title='bbox 665 2201 923 2277; x_wconf 72' lang='grc' dir='ltr'>οὐρανοῖς.</span> <span class='ocrx_word' id='word_1_251' title='bbox 982 2201 1311 2274; x_wconf 71' lang='grc' dir='ltr'>Ὀμολογίαν,</span> <span class='ocrx_word' id='word_1_252' title='bbox 1366 2206 1459 2260; x_wconf 81' lang='grc' dir='ltr'>τὴν</span> <span class='ocrx_word' id='word_1_253' title='bbox 1513 2207 1804 2277; x_wconf 80' lang='grc' dir='ltr'>μαρτυρίαν</span> 
     </span>
    </p>
   </div>
   <div class='ocr_carea' id='block_1_38' title="bbox 1958 2194 3580 2277">
    <p class='ocr_par' dir='ltr' id='par_1_38' title="bbox 1986 2194 3580 2254">
     <span class='ocr_line' id='line_1_38' title="bbox 1986 2194 3580 2254; baseline 0.001 -1"><span class='ocrx_word' id='word_1_254' title='bbox 1986 2201 2041 2253; x_wconf 87' lang='lat' dir='ltr'>V.</span> <span class='ocrx_word' id='word_1_255' title='bbox 2080 2201 2168 2254; x_wconf 85' lang='lat'>32.</span> <span class='ocrx_word' id='word_1_256' title='bbox 2196 2197 2396 2254; x_wconf 80' lang='lat' dir='ltr'>Omnis</span> <span class='ocrx_word' id='word_1_257' title='bbox 2419 2227 2488 2239; x_wconf 89' lang='lat'>—-</span> <span class='ocrx_word' id='word_1_258' title='bbox 2514 2197 2575 2250; x_wconf 89' lang='lat' dir='ltr'>V.</span> <span class='ocrx_word' id='word_1_259' title='bbox 2605 2199 2694 2253; x_wconf 88' lang='lat'>33.</span> <span class='ocrx_word' id='word_1_260' title='bbox 2726 2194 2797 2252; x_wconf 86' lang='lat' dir='ltr'>In</span> <span class='ocrx_word' id='word_1_261' title='bbox 2819 2195 2980 2253; x_wconf 79' lang='lat' dir='ltr'>caelis</span> <span class='ocrx_word' id='word_1_262' title='bbox 3003 2194 3580 2254; x_wconf 81' lang='lat' dir='ltr'>est:Confessionem</span> 
     </span>
    </p>
   </div>
   <div class='ocr_carea' id='block_1_39' title="bbox 174 2284 1796 2365">
    <p class='ocr_par' dir='ltr' id='par_1_39' title="bbox 174 2291 1796 2365">
     <span class='ocr_line' id='line_1_39' title="bbox 174 2291 1796 2365; baseline 0.001 -22"><span class='ocrx_word' id='word_1_263' title='bbox 174 2292 341 2360; x_wconf 44' lang='grc' dir='ltr'>ήει,</span> <span class='ocrx_word' id='word_1_264' title='bbox 398 2292 733 2364; x_wconf 70' lang='grc' dir='ltr'>παραθήγων</span> <span class='ocrx_word' id='word_1_265' title='bbox 791 2291 983 2353; x_wconf 85' lang='grc' dir='ltr'>αὐτοὺς</span> <span class='ocrx_word' id='word_1_266' title='bbox 1043 2291 1114 2352; x_wconf 85' lang='grc' dir='ltr'>εἰς</span> <span class='ocrx_word' id='word_1_267' title='bbox 1166 2294 1224 2343; x_wconf 86' lang='grc' dir='ltr'>τό</span> <span class='ocrx_word' id='word_1_268' title='bbox 1291 2293 1592 2365; x_wconf 80' lang='grc' dir='ltr'>μαρτύριον.</span> <span class='ocrx_word' id='word_1_269' title='bbox 1667 2296 1796 2348; x_wconf 77' lang='grc' dir='ltr'>Φησὶ</span> 
     </span>
    </p>
   </div>
   <div class='ocr_carea' id='block_1_40' title="bbox 1958 2284 3580 2365">
    <p class='ocr_par' dir='ltr' id='par_1_40' title="bbox 1958 2284 3580 2357">
     <span class='ocr_line' id='line_1_40' title="bbox 1958 2284 3580 2357; baseline -0.001 -13"><span class='ocrx_word' id='word_1_270' title='bbox 1958 2292 2092 2344; x_wconf 90' lang='lat' dir='ltr'>ocat</span> <span class='ocrx_word' id='word_1_271' title='bbox 2117 2286 2551 2357; x_wconf 91' lang='lat' dir='ltr'>testimonium,</span> <span class='ocrx_word' id='word_1_272' title='bbox 2578 2300 2911 2357; x_wconf 82' lang='lat' dir='ltr'>provocans</span> <span class='ocrx_word' id='word_1_273' title='bbox 2942 2300 3045 2340; x_wconf 91' lang='lat' dir='ltr'>eos</span> <span class='ocrx_word' id='word_1_274' title='bbox 3077 2284 3156 2341; x_wconf 92' lang='lat' dir='ltr'>ad</span> <span class='ocrx_word' id='word_1_275' title='bbox 3187 2285 3277 2341; x_wconf 91' lang='lat' dir='ltr'>sui</span> <span class='ocrx_word' id='word_1_276' title='bbox 3314 2285 3580 2342; x_wconf 87' lang='lat' dir='ltr'>testimo-</span> 
     </span>
    </p>
   </div>
   <div class='ocr_carea' id='block_1_41' title="bbox 174 2372 1796 2455">
    <p class='ocr_par' dir='ltr' id='par_1_41' title="bbox 174 2379 1796 2455">
     <span class='ocr_line' id='line_1_41' title="bbox 174 2379 1796 2455; baseline 0 -24"><span class='ocrx_word' id='word_1_277' title='bbox 174 2383 306 2453; x_wconf 72' lang='grc' dir='ltr'>γὰρ,</span> <span class='ocrx_word' id='word_1_278' title='bbox 385 2382 472 2432; x_wconf 84' lang='grc' dir='ltr'>ὃτι</span> <span class='ocrx_word' id='word_1_279' title='bbox 528 2386 644 2440; x_wconf 76' lang='grc' dir='ltr'>Πᾶς</span> <span class='ocrx_word' id='word_1_280' title='bbox 719 2381 862 2438; x_wconf 82' lang='grc' dir='ltr'>ὅστις</span> <span class='ocrx_word' id='word_1_281' title='bbox 933 2384 1257 2455; x_wconf 74' lang='grc' dir='ltr'>μαρτυρήσει</span> <span class='ocrx_word' id='word_1_282' title='bbox 1316 2400 1406 2453; x_wconf 86' lang='grc' dir='ltr'>μοι</span> <span class='ocrx_word' id='word_1_283' title='bbox 1460 2382 1678 2438; x_wconf 79' lang='grc' dir='ltr'>θεότητα</span> <span class='ocrx_word' id='word_1_284' title='bbox 1730 2379 1796 2432; x_wconf 77' lang='grc' dir='ltr'>ἓν·</span> 
     </span>
    </p>
   </div>
   <div class='ocr_carea' id='block_1_42' title="bbox 1960 2372 3582 2455">
    <p class='ocr_par' dir='ltr' id='par_1_42' title="bbox 1960 2372 3582 2445">
     <span class='ocr_line' id='line_1_42' title="bbox 1960 2372 3582 2445; baseline -0.002 -13"><span class='ocrx_word' id='word_1_285' title='bbox 1960 2380 2102 2433; x_wconf 86' lang='lat' dir='ltr'>ium.</span> <span class='ocrx_word' id='word_1_286' title='bbox 2154 2375 2301 2432; x_wconf 89' lang='lat' dir='ltr'>Dicit</span> <span class='ocrx_word' id='word_1_287' title='bbox 2331 2389 2503 2445; x_wconf 89' lang='lat' dir='ltr'>ergo:</span> <span class='ocrx_word' id='word_1_288' title='bbox 2535 2373 2742 2431; x_wconf 89' lang='lat' dir='ltr'>Omnis</span> <span class='ocrx_word' id='word_1_289' title='bbox 2772 2372 2877 2445; x_wconf 92' lang='lat' dir='ltr'>qui</span> <span class='ocrx_word' id='word_1_290' title='bbox 2924 2372 3335 2430; x_wconf 87' lang='lat' dir='ltr'>testimonium</span> <span class='ocrx_word' id='word_1_291' title='bbox 3383 2372 3582 2430; x_wconf 88' lang='lat' dir='ltr'>tulerit</span> 
     </span>
    </p>
   </div>
   <div class='ocr_carea' id='block_1_43' title="bbox 170 2461 1792 2543">
    <p class='ocr_par' dir='ltr' id='par_1_43' title="bbox 170 2468 1792 2543">
     <span class='ocr_line' id='line_1_43' title="bbox 170 2468 1792 2543; baseline 0.001 -23"><span class='ocrx_word' id='word_1_292' title='bbox 170 2478 343 2521; x_wconf 75' lang='grc' dir='ltr'>ωπιον</span> <span class='ocrx_word' id='word_1_293' title='bbox 375 2478 482 2520; x_wconf 77' lang='grc' dir='ltr'>τῶν</span> <span class='ocrx_word' id='word_1_294' title='bbox 518 2468 829 2541; x_wconf 77' lang='grc' dir='ltr'>ἀνθρώπων,</span> <span class='ocrx_word' id='word_1_295' title='bbox 881 2474 1206 2543; x_wconf 75' lang='grc' dir='ltr'>μαρτυρήσω</span> <span class='ocrx_word' id='word_1_296' title='bbox 1236 2470 1376 2541; x_wconf 79' lang='grc' dir='ltr'>αύτῷ</span> <span class='ocrx_word' id='word_1_297' title='bbox 1427 2469 1572 2541; x_wconf 80' lang='grc' dir='ltr'>κάγὼ</span> <span class='ocrx_word' id='word_1_298' title='bbox 1625 2474 1792 2523; x_wconf 71' lang='grc' dir='ltr'>πίστιι</span> 
     </span>
    </p>
   </div>
   <div class='ocr_carea' id='block_1_44' title="bbox 1959 2461 3581 2543">
    <p class='ocr_par' dir='ltr' id='par_1_44' title="bbox 1959 2461 3581 2533">
     <span class='ocr_line' id='line_1_44' title="bbox 1959 2461 3581 2533; baseline -0.003 -10"><span class='ocrx_word' id='word_1_299' title='bbox 1959 2483 1987 2523; x_wconf 92' lang='lat' dir='ltr'>e</span> <span class='ocrx_word' id='word_1_300' title='bbox 2020 2481 2155 2522; x_wconf 90' lang='lat' dir='ltr'>mea</span> <span class='ocrx_word' id='word_1_301' title='bbox 2179 2464 2487 2520; x_wconf 80' lang='lat' dir='ltr'>divinitate</span> <span class='ocrx_word' id='word_1_302' title='bbox 2528 2477 2734 2519; x_wconf 89' lang='lat' dir='ltr'>coram</span> <span class='ocrx_word' id='word_1_303' title='bbox 2781 2461 3155 2526; x_wconf 86' lang='lat' dir='ltr'>hominibus,</span> <span class='ocrx_word' id='word_1_304' title='bbox 3184 2465 3241 2518; x_wconf 89' lang='lat' dir='ltr'>et</span> <span class='ocrx_word' id='word_1_305' title='bbox 3267 2476 3379 2533; x_wconf 86' lang='lat' dir='ltr'>ego</span> <span class='ocrx_word' id='word_1_306' title='bbox 3420 2461 3581 2519; x_wconf 88' lang='lat' dir='ltr'>testi-</span> 
     </span>
    </p>
   </div>
   <div class='ocr_carea' id='block_1_45' title="bbox 170 2550 1792 2633">
    <p class='ocr_par' dir='ltr' id='par_1_45' title="bbox 170 2559 1792 2633">
     <span class='ocr_line' id='line_1_45' title="bbox 170 2559 1792 2633; baseline 0.001 -23"><span class='ocrx_word' id='word_1_307' title='bbox 170 2559 399 2610; x_wconf 67' lang='grc' dir='ltr'>ἐνώπιον</span> <span class='ocrx_word' id='word_1_308' title='bbox 461 2567 561 2610; x_wconf 84' lang='grc' dir='ltr'>τοῦ</span> <span class='ocrx_word' id='word_1_309' title='bbox 624 2562 830 2633; x_wconf 86' lang='grc' dir='ltr'>Πατρός</span> <span class='ocrx_word' id='word_1_310' title='bbox 869 2578 989 2630; x_wconf 89' lang='grc' dir='ltr'>μου,</span> <span class='ocrx_word' id='word_1_311' title='bbox 1043 2564 1331 2625; x_wconf 81' lang='grc' dir='ltr'>τουτέστιν,</span> <span class='ocrx_word' id='word_1_312' title='bbox 1397 2566 1490 2621; x_wconf 86' lang='grc' dir='ltr'>’ος</span> <span class='ocrx_word' id='word_1_313' title='bbox 1549 2559 1792 2633; x_wconf 81' lang='grc' dir='ltr'>ἀνακηρύ-</span> 
     </span>
    </p>
   </div>
   <div class='ocr_carea' id='block_1_46' title="bbox 1960 2550 3582 2633">
    <p class='ocr_par' dir='ltr' id='par_1_46' title="bbox 1960 2550 3582 2617">
     <span class='ocr_line' id='line_1_46' title="bbox 1960 2550 3582 2617; baseline -0.002 -7"><span class='ocrx_word' id='word_1_314' title='bbox 1960 2555 2175 2610; x_wconf 76' lang='lat' dir='ltr'>tonium</span> <span class='ocrx_word' id='word_1_315' title='bbox 2210 2552 2397 2609; x_wconf 86' lang='lat' dir='ltr'>feram</span> <span class='ocrx_word' id='word_1_316' title='bbox 2427 2550 2506 2607; x_wconf 89' lang='lat' dir='ltr'>illi</span> <span class='ocrx_word' id='word_1_317' title='bbox 2533 2566 2739 2607; x_wconf 90' lang='lat' dir='ltr'>coram</span> <span class='ocrx_word' id='word_1_318' title='bbox 2765 2552 2929 2607; x_wconf 88' lang='lat' dir='ltr'>Patre</span> <span class='ocrx_word' id='word_1_319' title='bbox 2959 2565 3095 2607; x_wconf 86' lang='lat' dir='ltr'>meo</span> <span class='ocrx_word' id='word_1_320' title='bbox 3124 2567 3137 2605; x_wconf 87' lang='lat'><strong>:</strong></span> <span class='ocrx_word' id='word_1_321' title='bbox 3170 2550 3285 2607; x_wconf 91' lang='lat' dir='ltr'>hoc</span> <span class='ocrx_word' id='word_1_322' title='bbox 3325 2554 3434 2617; x_wconf 90' lang='lat' dir='ltr'>est,</span> <span class='ocrx_word' id='word_1_323' title='bbox 3468 2551 3582 2615; x_wconf 88' lang='lat' dir='ltr'>Qui</span> 
     </span>
    </p>
   </div>
   <div class='ocr_carea' id='block_1_47' title="bbox 166 2631 1788 2721">
    <p class='ocr_par' dir='ltr' id='par_1_47' title="bbox 166 2646 1788 2721">
     <span class='ocr_line' id='line_1_47' title="bbox 166 2646 1788 2721; baseline -0.001 -21"><span class='ocrx_word' id='word_1_324' title='bbox 166 2650 243 2710; x_wconf 74' lang='lat' dir='ltr'>Eu</span> <span class='ocrx_word' id='word_1_325' title='bbox 275 2668 342 2719; x_wconf 75' lang='grc' dir='ltr'>με</span> <span class='ocrx_word' id='word_1_326' title='bbox 375 2651 541 2709; x_wconf 78' lang='grc' dir='ltr'>Θεὸν,</span> <span class='ocrx_word' id='word_1_327' title='bbox 598 2646 908 2721; x_wconf 75' lang='grc' dir='ltr'>ἀνακηρύξω</span> <span class='ocrx_word' id='word_1_328' title='bbox 961 2647 1117 2700; x_wconf 72' lang='grc' dir='ltr'>αὐτὸν</span> <span class='ocrx_word' id='word_1_329' title='bbox 1153 2646 1299 2719; x_wconf 78' lang='grc' dir='ltr'>κάγὼ</span> <span class='ocrx_word' id='word_1_330' title='bbox 1356 2654 1563 2703; x_wconf 87' lang='grc' dir='ltr'>πιστόν.</span> <span class='ocrx_word' id='word_1_331' title='bbox 1618 2648 1788 2702; x_wconf 66' lang='grc' dir='ltr'>Ὀστω</span> 
     </span>
    </p>
   </div>
   <div class='ocr_carea' id='block_1_48' title="bbox 1959 2631 3581 2721">
    <p class='ocr_par' dir='ltr' id='par_1_48' title="bbox 1959 2631 3581 2713">
     <span class='ocr_line' id='line_1_48' title="bbox 1959 2631 3581 2713; baseline -0.002 -13"><span class='ocrx_word' id='word_1_332' title='bbox 1959 2643 2323 2700; x_wconf 65' lang='lat' dir='ltr'>raedicaverit</span> <span class='ocrx_word' id='word_1_333' title='bbox 2374 2658 2470 2697; x_wconf 88' lang='lat' dir='ltr'>me</span> <span class='ocrx_word' id='word_1_334' title='bbox 2526 2631 2658 2697; x_wconf 91' lang='lat' dir='ltr'>esse</span> <span class='ocrx_word' id='word_1_335' title='bbox 2706 2642 2912 2707; x_wconf 89' lang='lat' dir='ltr'>Deum,</span> <span class='ocrx_word' id='word_1_336' title='bbox 2963 2639 3308 2712; x_wconf 67' lang='lat' dir='ltr'>praedicabo</span> <span class='ocrx_word' id='word_1_337' title='bbox 3361 2643 3418 2697; x_wconf 90' lang='lat' dir='ltr'>et</span> <span class='ocrx_word' id='word_1_338' title='bbox 3467 2654 3581 2713; x_wconf 87' lang='lat' dir='ltr'>ego</span> 
     </span>
    </p>
   </div>
   <div class='ocr_carea' id='block_1_49' title="bbox 170 2729 1792 2809">
    <p class='ocr_par' dir='ltr' id='par_1_49' title="bbox 170 2734 1792 2809">
     <span class='ocr_line' id='line_1_49' title="bbox 170 2734 1792 2809; baseline 0.002 -22"><span class='ocrx_word' id='word_1_339' title='bbox 170 2734 225 2787; x_wconf 71' lang='grc' dir='ltr'>δ’</span> <span class='ocrx_word' id='word_1_340' title='bbox 258 2736 321 2787; x_wconf 71' lang='grc' dir='ltr'>ἂν</span> <span class='ocrx_word' id='word_1_341' title='bbox 370 2736 668 2793; x_wconf 75' lang='grc' dir='ltr'>ἀπώσηταί</span> <span class='ocrx_word' id='word_1_342' title='bbox 715 2755 796 2807; x_wconf 84' lang='grc' dir='ltr'>με,</span> <span class='ocrx_word' id='word_1_343' title='bbox 842 2735 1123 2809; x_wconf 78' lang='grc' dir='ltr'>ἀπώσομαι</span> <span class='ocrx_word' id='word_1_344' title='bbox 1179 2736 1321 2809; x_wconf 76' lang='grc' dir='ltr'>κάγώ</span> <span class='ocrx_word' id='word_1_345' title='bbox 1378 2738 1547 2793; x_wconf 75' lang='grc' dir='ltr'>αὐτόν.</span> <span class='ocrx_word' id='word_1_346' title='bbox 1581 2741 1650 2791; x_wconf 85' lang='grc' dir='ltr'>Τό</span> <span class='ocrx_word' id='word_1_347' title='bbox 1679 2746 1792 2809; x_wconf 73' lang='grc' dir='ltr'>γοῦι</span> 
     </span>
    </p>
   </div>
   <div class='ocr_carea' id='block_1_50' title="bbox 1954 2729 3576 2809">
    <p class='ocr_par' dir='ltr' id='par_1_50' title="bbox 1954 2729 3576 2803">
     <span class='ocr_line' id='line_1_50' title="bbox 1954 2729 3576 2803; baseline -0.003 -13"><span class='ocrx_word' id='word_1_348' title='bbox 1954 2751 2053 2790; x_wconf 88' lang='lat' dir='ltr'>um</span> <span class='ocrx_word' id='word_1_349' title='bbox 2085 2749 2219 2791; x_wconf 89' lang='lat' dir='ltr'>esse</span> <span class='ocrx_word' id='word_1_350' title='bbox 2250 2732 2506 2788; x_wconf 87' lang='lat' dir='ltr'>ﬁdelem.</span> <span class='ocrx_word' id='word_1_351' title='bbox 2565 2729 2846 2803; x_wconf 89' lang='lat' dir='ltr'>Quisquis</span> <span class='ocrx_word' id='word_1_352' title='bbox 2903 2733 3103 2786; x_wconf 87' lang='lat' dir='ltr'>autem</span> <span class='ocrx_word' id='word_1_353' title='bbox 3136 2745 3233 2786; x_wconf 88' lang='lat' dir='ltr'>me</span> <span class='ocrx_word' id='word_1_354' title='bbox 3282 2729 3576 2803; x_wconf 83' lang='lat' dir='ltr'>repulerit,</span> 
     </span>
    </p>
   </div>
   <div class='ocr_carea' id='block_1_51' title="bbox 173 2818 1795 2899">
    <p class='ocr_par' dir='ltr' id='par_1_51' title="bbox 173 2824 1795 2899">
     <span class='ocr_line' id='line_1_51' title="bbox 173 2824 1795 2899; baseline 0.003 -23"><span class='ocrx_word' id='word_1_355' title='bbox 173 2826 258 2876; x_wconf 79' lang='grc' dir='ltr'>Ἐν</span> <span class='ocrx_word' id='word_1_356' title='bbox 315 2824 463 2895; x_wconf 72' lang='grc' dir='ltr'>ἐμοὶ,</span> <span class='ocrx_word' id='word_1_357' title='bbox 505 2824 628 2877; x_wconf 80' lang='grc' dir='ltr'>ἀντὶ</span> <span class='ocrx_word' id='word_1_358' title='bbox 678 2832 793 2891; x_wconf 87' lang='grc' dir='ltr'>τοῦ,</span> <span class='ocrx_word' id='word_1_359' title='bbox 844 2824 1011 2897; x_wconf 84' lang='grc' dir='ltr'>Ἐμοί.</span> <span class='ocrx_word' id='word_1_360' title='bbox 1072 2830 1170 2878; x_wconf 82' lang='grc' dir='ltr'>Καὶ</span> <span class='ocrx_word' id='word_1_361' title='bbox 1205 2831 1283 2893; x_wconf 88' lang='grc' dir='ltr'>τὸ,</span> <span class='ocrx_word' id='word_1_362' title='bbox 1333 2826 1415 2881; x_wconf 85' lang='grc' dir='ltr'>Ἐν</span> <span class='ocrx_word' id='word_1_363' title='bbox 1470 2827 1629 2899; x_wconf 77' lang='grc' dir='ltr'>αὐτῷ,</span> <span class='ocrx_word' id='word_1_364' title='bbox 1691 2826 1795 2881; x_wconf 78' lang='grc' dir='ltr'>ἀντῖ</span> 
     </span>
    </p>
   </div>
   <div class='ocr_carea' id='block_1_52' title="bbox 1955 2818 3577 2899">
    <p class='ocr_par' dir='ltr' id='par_1_52' title="bbox 1955 2818 3577 2896">
     <span class='ocr_line' id='line_1_52' title="bbox 1955 2818 3577 2896; baseline -0.001 -18"><span class='ocrx_word' id='word_1_365' title='bbox 1955 2822 2201 2896; x_wconf 80' lang='lat' dir='ltr'>epellam</span> <span class='ocrx_word' id='word_1_366' title='bbox 2222 2827 2279 2880; x_wconf 88' lang='lat' dir='ltr'>et</span> <span class='ocrx_word' id='word_1_367' title='bbox 2309 2837 2421 2893; x_wconf 87' lang='lat' dir='ltr'>ego</span> <span class='ocrx_word' id='word_1_368' title='bbox 2467 2820 2658 2876; x_wconf 91' lang='lat' dir='ltr'>illum.</span> <span class='ocrx_word' id='word_1_369' title='bbox 2692 2818 2865 2885; x_wconf 88' lang='lat' dir='ltr'>Quod</span> <span class='ocrx_word' id='word_1_370' title='bbox 2894 2834 3037 2889; x_wconf 89' lang='lat' dir='ltr'>ergo</span> <span class='ocrx_word' id='word_1_371' title='bbox 3062 2818 3278 2875; x_wconf 88' lang='lat' dir='ltr'>dicitur</span> <span class='ocrx_word' id='word_1_372' title='bbox 3312 2834 3324 2875; x_wconf 89' lang='lat'><strong>:</strong></span> <span class='ocrx_word' id='word_1_373' title='bbox 3358 2819 3428 2875; x_wconf 87' lang='lat' dir='ltr'>In</span> <span class='ocrx_word' id='word_1_374' title='bbox 3468 2834 3577 2891; x_wconf 87' lang='lat' dir='ltr'>me,</span> 
     </span>
    </p>
   </div>
   <div class='ocr_carea' id='block_1_53' title="bbox 168 2906 1790 2988">
    <p class='ocr_par' dir='ltr' id='par_1_53' title="bbox 168 2910 1790 2988">
     <span class='ocr_line' id='line_1_53' title="bbox 168 2910 1790 2988; baseline 0.003 -24"><span class='ocrx_word' id='word_1_375' title='bbox 168 2920 286 2973; x_wconf 76' lang='grc' dir='ltr'>τοῦ,</span> <span class='ocrx_word' id='word_1_376' title='bbox 344 2914 529 2983; x_wconf 73' lang='grc' dir='ltr'>Αὐτῷ.</span> <span class='ocrx_word' id='word_1_377' title='bbox 564 2912 625 2964; x_wconf 83' lang='grc'>’0</span> <span class='ocrx_word' id='word_1_378' title='bbox 667 2910 727 2965; x_wconf 70' lang='grc' dir='ltr'>δὲ</span> <span class='ocrx_word' id='word_1_379' title='bbox 755 2918 1133 2986; x_wconf 78' lang='grc' dir='ltr'>Χροσόστομός</span> <span class='ocrx_word' id='word_1_380' title='bbox 1181 2915 1295 2988; x_wconf 81' lang='grc'>(32)</span> <span class='ocrx_word' id='word_1_381' title='bbox 1344 2935 1522 2987; x_wconf 81' lang='grc' dir='ltr'>φησιν,</span> <span class='ocrx_word' id='word_1_382' title='bbox 1574 2918 1654 2969; x_wconf 85' lang='grc' dir='ltr'>ὅτι</span> <span class='ocrx_word' id='word_1_383' title='bbox 1711 2916 1790 2969; x_wconf 65' lang='grc' dir='ltr'>οῦ)</span> 
     </span>
    </p>
   </div>
   <div class='ocr_carea' id='block_1_54' title="bbox 1957 2906 3579 2988">
    <p class='ocr_par' dir='ltr' id='par_1_54' title="bbox 1957 2906 3579 2980">
     <span class='ocr_line' id='line_1_54' title="bbox 1957 2906 3579 2980; baseline -0.002 -13"><span class='ocrx_word' id='word_1_384' title='bbox 1957 2914 2071 2968; x_wconf 89' lang='lat' dir='ltr'>lem</span> <span class='ocrx_word' id='word_1_385' title='bbox 2102 2915 2191 2968; x_wconf 88' lang='lat' dir='ltr'>est</span> <span class='ocrx_word' id='word_1_386' title='bbox 2233 2927 2302 2969; x_wconf 89' lang='lat' dir='ltr'>ac</span> <span class='ocrx_word' id='word_1_387' title='bbox 2358 2911 2408 2967; x_wconf 90' lang='lat' dir='ltr'>si</span> <span class='ocrx_word' id='word_1_388' title='bbox 2460 2910 2634 2977; x_wconf 88' lang='lat' dir='ltr'>dicat,</span> <span class='ocrx_word' id='word_1_389' title='bbox 2680 2909 2852 2965; x_wconf 82' lang='lat' dir='ltr'>Mihi.</span> <span class='ocrx_word' id='word_1_390' title='bbox 2909 2912 2966 2963; x_wconf 93' lang='lat' dir='ltr'>et</span> <span class='ocrx_word' id='word_1_391' title='bbox 3010 2908 3175 2980; x_wconf 93' lang='lat' dir='ltr'>quod</span> <span class='ocrx_word' id='word_1_392' title='bbox 3223 2906 3439 2964; x_wconf 86' lang='lat' dir='ltr'>dicitur</span> <span class='ocrx_word' id='word_1_393' title='bbox 3472 2924 3483 2962; x_wconf 94' lang='lat'><strong>:</strong></span> <span class='ocrx_word' id='word_1_394' title='bbox 3513 2908 3579 2964; x_wconf 83' lang='lat' dir='ltr'>In</span> 
     </span>
    </p>
   </div>
   <div class='ocr_carea' id='block_1_55' title="bbox 167 2996 1789 3077">
    <p class='ocr_par' dir='ltr' id='par_1_55' title="bbox 167 3000 1789 3077">
     <span class='ocr_line' id='line_1_55' title="bbox 167 3000 1789 3077; baseline 0.003 -24"><span class='ocrx_word' id='word_1_395' title='bbox 167 3000 331 3070; x_wconf 66' lang='grc' dir='ltr'>ιέπεν,</span> <span class='ocrx_word' id='word_1_396' title='bbox 387 3009 592 3063; x_wconf 81' lang='grc' dir='ltr'>Ὅστις</span> <span class='ocrx_word' id='word_1_397' title='bbox 648 3002 962 3073; x_wconf 72' lang='grc' dir='ltr'>ὁμολογήσει</span> <span class='ocrx_word' id='word_1_398' title='bbox 1016 3002 1147 3075; x_wconf 79' lang='grc' dir='ltr'>ἐμοὶ,</span> <span class='ocrx_word' id='word_1_399' title='bbox 1199 3003 1308 3055; x_wconf 80' lang='grc' dir='ltr'>ἀλλ’</span> <span class='ocrx_word' id='word_1_400' title='bbox 1357 3005 1436 3057; x_wconf 87' lang='grc' dir='ltr'>Ἐν</span> <span class='ocrx_word' id='word_1_401' title='bbox 1486 3004 1618 3077; x_wconf 79' lang='grc' dir='ltr'>ἐμοὶ,</span> <span class='ocrx_word' id='word_1_402' title='bbox 1660 3025 1789 3058; x_wconf 88' lang='grc' dir='ltr'>τουτ⁴</span> 
     </span>
    </p>
   </div>
   <div class='ocr_carea' id='block_1_56' title="bbox 1954 2996 3576 3077">
    <p class='ocr_par' dir='ltr' id='par_1_56' title="bbox 1954 2996 3576 3069">
     <span class='ocr_line' id='line_1_56' title="bbox 1954 2996 3576 3069; baseline 0 -16"><span class='ocrx_word' id='word_1_403' title='bbox 1954 3002 2041 3065; x_wconf 65' lang='lat' dir='ltr'>Ilo,</span> <span class='ocrx_word' id='word_1_404' title='bbox 2097 3016 2167 3056; x_wconf 93' lang='lat' dir='ltr'>ac</span> <span class='ocrx_word' id='word_1_405' title='bbox 2229 3000 2277 3055; x_wconf 90' lang='lat' dir='ltr'>si</span> <span class='ocrx_word' id='word_1_406' title='bbox 2330 3000 2508 3069; x_wconf 83' lang='lat' dir='ltr'>dicat,</span> <span class='ocrx_word' id='word_1_407' title='bbox 2566 2998 2678 3053; x_wconf 84' lang='lat' dir='ltr'>illi.</span> <span class='ocrx_word' id='word_1_408' title='bbox 2739 2996 3210 3067; x_wconf 87' lang='lat' dir='ltr'>Chrysostomus</span> <span class='ocrx_word' id='word_1_409' title='bbox 3267 3011 3405 3052; x_wconf 88' lang='lat' dir='ltr'>vero</span> <span class='ocrx_word' id='word_1_410' title='bbox 3474 2996 3576 3064; x_wconf 89' lang='lat' dir='ltr'>ait,</span> 
     </span>
    </p>
   </div>
   <div class='ocr_carea' id='block_1_57' title="bbox 168 3083 1790 3163">
    <p class='ocr_par' dir='ltr' id='par_1_57' title="bbox 168 3090 1790 3163">
     <span class='ocr_line' id='line_1_57' title="bbox 168 3090 1790 3163; baseline 0.003 -22"><span class='ocrx_word' id='word_1_411' title='bbox 168 3091 339 3157; x_wconf 64' lang='grc' dir='ltr'>ἐστιν,</span> <span class='ocrx_word' id='word_1_412' title='bbox 372 3092 470 3142; x_wconf 69' lang='grc' dir='ltr'>ὑπ’</span> <span class='ocrx_word' id='word_1_413' title='bbox 522 3090 653 3162; x_wconf 80' lang='grc' dir='ltr'>ἐμοῦ</span> <span class='ocrx_word' id='word_1_414' title='bbox 709 3090 1081 3163; x_wconf 80' lang='grc' dir='ltr'>βοηθούμενος,</span> <span class='ocrx_word' id='word_1_415' title='bbox 1122 3092 1274 3145; x_wconf 73' lang='grc' dir='ltr'>Ὀθεν</span> <span class='ocrx_word' id='word_1_416' title='bbox 1326 3093 1614 3155; x_wconf 79' lang='grc' dir='ltr'>ἀκολούθως</span> <span class='ocrx_word' id='word_1_417' title='bbox 1660 3102 1790 3148; x_wconf 86' lang='grc' dir='ltr'>νοοῦ-</span> 
     </span>
    </p>
   </div>
   <div class='ocr_carea' id='block_1_58' title="bbox 1960 3083 3582 3163">
    <p class='ocr_par' dir='ltr' id='par_1_58' title="bbox 1960 3083 3582 3157">
     <span class='ocr_line' id='line_1_58' title="bbox 1960 3083 3582 3157; baseline -0.002 -14"><span class='ocrx_word' id='word_1_418' title='bbox 1960 3088 2077 3144; x_wconf 90' lang='lat' dir='ltr'>uod</span> <span class='ocrx_word' id='word_1_419' title='bbox 2108 3103 2230 3145; x_wconf 91' lang='lat' dir='ltr'>non</span> <span class='ocrx_word' id='word_1_420' title='bbox 2261 3087 2402 3143; x_wconf 82' lang='lat' dir='ltr'>dixit</span> <span class='ocrx_word' id='word_1_421' title='bbox 2426 3103 2443 3142; x_wconf 92' lang='lat'><strong>:</strong></span> <span class='ocrx_word' id='word_1_422' title='bbox 2470 3085 2749 3157; x_wconf 87' lang='lat' dir='ltr'>Quisquis</span> <span class='ocrx_word' id='word_1_423' title='bbox 2778 3084 3155 3140; x_wconf 88' lang='lat' dir='ltr'>conﬁtebitur</span> <span class='ocrx_word' id='word_1_424' title='bbox 3178 3084 3299 3139; x_wconf 81' lang='lat' dir='ltr'>sive</span> <span class='ocrx_word' id='word_1_425' title='bbox 3322 3083 3582 3140; x_wconf 88' lang='lat' dir='ltr'>testimo-</span> 
     </span>
    </p>
   </div>
   <div class='ocr_carea' id='block_1_59' title="bbox 166 3172 1788 3254">
    <p class='ocr_par' dir='ltr' id='par_1_59' title="bbox 166 3179 1788 3254">
     <span class='ocr_line' id='line_1_59' title="bbox 166 3179 1788 3254; baseline 0.006 -27"><span class='ocrx_word' id='word_1_426' title='bbox 166 3199 259 3250; x_wconf 73' lang='grc' dir='ltr'>μεν</span> <span class='ocrx_word' id='word_1_427' title='bbox 316 3186 413 3231; x_wconf 78' lang='grc' dir='ltr'>καὶ</span> <span class='ocrx_word' id='word_1_428' title='bbox 469 3185 533 3231; x_wconf 87' lang='grc' dir='ltr'>τό</span> <span class='ocrx_word' id='word_1_429' title='bbox 572 3197 585 3207; x_wconf 92' lang='grc'><strong>·</strong></span> <span class='ocrx_word' id='word_1_430' title='bbox 619 3179 969 3251; x_wconf 82' lang='grc' dir='ltr'>Ὀμολογήσω</span> <span class='ocrx_word' id='word_1_431' title='bbox 1016 3180 1159 3253; x_wconf 78' lang='grc' dir='ltr'>κάγὼ</span> <span class='ocrx_word' id='word_1_432' title='bbox 1214 3181 1261 3233; x_wconf 87' lang='grc' dir='ltr'>ἐν</span> <span class='ocrx_word' id='word_1_433' title='bbox 1314 3183 1472 3254; x_wconf 69' lang='grc' dir='ltr'>αὐτῷ,</span> <span class='ocrx_word' id='word_1_434' title='bbox 1529 3183 1643 3237; x_wconf 81' lang='grc' dir='ltr'>ἀντὶ</span> <span class='ocrx_word' id='word_1_435' title='bbox 1688 3192 1788 3252; x_wconf 85' lang='grc' dir='ltr'>τοῦ¹</span> 
     </span>
    </p>
   </div>
   <div class='ocr_carea' id='block_1_60' title="bbox 1959 3172 3581 3254">
    <p class='ocr_par' dir='ltr' id='par_1_60' title="bbox 1959 3172 3581 3244">
     <span class='ocr_line' id='line_1_60' title="bbox 1959 3172 3581 3244; baseline -0.004 -10"><span class='ocrx_word' id='word_1_436' title='bbox 1959 3181 2082 3234; x_wconf 92' lang='lat' dir='ltr'>ium</span> <span class='ocrx_word' id='word_1_437' title='bbox 2128 3177 2358 3233; x_wconf 90' lang='lat' dir='ltr'>dederit</span> <span class='ocrx_word' id='word_1_438' title='bbox 2387 3174 2554 3241; x_wconf 90' lang='lat' dir='ltr'>mihi,</span> <span class='ocrx_word' id='word_1_439' title='bbox 2603 3173 2708 3229; x_wconf 92' lang='lat' dir='ltr'>sed</span> <span class='ocrx_word' id='word_1_440' title='bbox 2738 3176 2803 3229; x_wconf 91' lang='lat' dir='ltr'>In</span> <span class='ocrx_word' id='word_1_441' title='bbox 2834 3188 2929 3229; x_wconf 91' lang='lat' dir='ltr'>me</span> <span class='ocrx_word' id='word_1_442' title='bbox 2975 3173 3100 3228; x_wconf 90' lang='lat' dir='ltr'>sive</span> <span class='ocrx_word' id='word_1_443' title='bbox 3148 3188 3250 3244; x_wconf 91' lang='lat' dir='ltr'>per</span> <span class='ocrx_word' id='word_1_444' title='bbox 3294 3188 3412 3240; x_wconf 91' lang='lat' dir='ltr'>me,</span> <span class='ocrx_word' id='word_1_445' title='bbox 3464 3172 3581 3228; x_wconf 86' lang='lat' dir='ltr'>hoc</span> 
     </span>
    </p>
   </div>
   <div class='ocr_carea' id='block_1_61' title="bbox 166 3260 1788 3343">
    <p class='ocr_par' dir='ltr' id='par_1_61' title="bbox 166 3268 1788 3343">
     <span class='ocr_line' id='line_1_61' title="bbox 166 3268 1788 3343; baseline 0.003 -23"><span class='ocrx_word' id='word_1_446' title='bbox 166 3270 292 3321; x_wconf 74' lang='grc' dir='ltr'>’Υπό</span> <span class='ocrx_word' id='word_1_447' title='bbox 340 3277 443 3330; x_wconf 73' lang='grc' dir='ltr'>τῆς</span> <span class='ocrx_word' id='word_1_448' title='bbox 514 3268 924 3340; x_wconf 69' lang='grc' dir='ltr'>εὐγνωμοσύνης</span> <span class='ocrx_word' id='word_1_449' title='bbox 968 3270 1127 3322; x_wconf 69' lang='grc' dir='ltr'>αὐτοῦ</span> <span class='ocrx_word' id='word_1_450' title='bbox 1184 3275 1503 3343; x_wconf 78' lang='grc' dir='ltr'>κινούμενος.</span> <span class='ocrx_word' id='word_1_451' title='bbox 1554 3274 1695 3327; x_wconf 78' lang='grc' dir='ltr'>Ἐπεὶ</span> <span class='ocrx_word' id='word_1_452' title='bbox 1746 3271 1788 3326; x_wconf 68' lang='grc' dir='ltr'><strong>δί</strong></span> 
     </span>
    </p>
   </div>
   <div class='ocr_carea' id='block_1_62' title="bbox 1961 3260 3583 3343">
    <p class='ocr_par' dir='ltr' id='par_1_62' title="bbox 1961 3260 3583 3337">
     <span class='ocr_line' id='line_1_62' title="bbox 1961 3260 3583 3337; baseline -0.006 -12"><span class='ocrx_word' id='word_1_453' title='bbox 1961 3275 2021 3333; x_wconf 76' lang='lat' dir='ltr'>st,</span> <span class='ocrx_word' id='word_1_454' title='bbox 2050 3285 2086 3326; x_wconf 89' lang='lat' dir='ltr'>a</span> <span class='ocrx_word' id='word_1_455' title='bbox 2111 3283 2206 3324; x_wconf 93' lang='lat' dir='ltr'>me</span> <span class='ocrx_word' id='word_1_456' title='bbox 2231 3266 2489 3337; x_wconf 88' lang='lat' dir='ltr'>adjutus.</span> <span class='ocrx_word' id='word_1_457' title='bbox 2518 3263 2682 3321; x_wconf 92' lang='lat' dir='ltr'>Unde</span> <span class='ocrx_word' id='word_1_458' title='bbox 2710 3266 3143 3336; x_wconf 88' lang='lat' dir='ltr'>consequenter</span> <span class='ocrx_word' id='word_1_459' title='bbox 3163 3262 3340 3318; x_wconf 89' lang='lat' dir='ltr'>etiam</span> <span class='ocrx_word' id='word_1_460' title='bbox 3366 3260 3583 3317; x_wconf 88' lang='lat' dir='ltr'>intelli-</span> 
     </span>
    </p>
   </div>
   <div class='ocr_carea' id='block_1_63' title="bbox 173 3351 1795 3433">
    <p class='ocr_par' dir='ltr' id='par_1_63' title="bbox 173 3356 1795 3433">
     <span class='ocr_line' id='line_1_63' title="bbox 173 3356 1795 3433; baseline 0.006 -26"><span class='ocrx_word' id='word_1_461' title='bbox 173 3366 429 3431; x_wconf 75' lang='grc' dir='ltr'>ταραχῆς</span> <span class='ocrx_word' id='word_1_462' title='bbox 480 3362 579 3408; x_wconf 76' lang='grc' dir='ltr'>καὶ</span> <span class='ocrx_word' id='word_1_463' title='bbox 620 3356 780 3429; x_wconf 77' lang='grc' dir='ltr'>φόϐου</span> <span class='ocrx_word' id='word_1_464' title='bbox 845 3361 1037 3430; x_wconf 79' lang='grc' dir='ltr'>μεστόν</span> <span class='ocrx_word' id='word_1_465' title='bbox 1093 3359 1262 3431; x_wconf 80' lang='grc' dir='ltr'>ἔμελλε</span> <span class='ocrx_word' id='word_1_466' title='bbox 1312 3364 1549 3433; x_wconf 83' lang='grc' dir='ltr'>γίνεσθαι</span> <span class='ocrx_word' id='word_1_467' title='bbox 1601 3366 1659 3415; x_wconf 90' lang='grc' dir='ltr'>τὸ</span> <span class='ocrx_word' id='word_1_468' title='bbox 1712 3368 1795 3423; x_wconf 83' lang='grc' dir='ltr'>κή-</span> 
     </span>
    </p>
   </div>
   <div class='ocr_carea' id='block_1_64' title="bbox 1955 3351 3577 3433">
    <p class='ocr_par' dir='ltr' id='par_1_64' title="bbox 1959 3351 3577 3426">
     <span class='ocr_line' id='line_1_64' title="bbox 1959 3351 3577 3426; baseline -0.005 -11"><span class='ocrx_word' id='word_1_469' title='bbox 1959 3361 2135 3426; x_wconf 90' lang='lat' dir='ltr'>imus,</span> <span class='ocrx_word' id='word_1_470' title='bbox 2168 3374 2296 3413; x_wconf 89' lang='lat' dir='ltr'>cum</span> <span class='ocrx_word' id='word_1_471' title='bbox 2328 3356 2538 3412; x_wconf 90' lang='lat' dir='ltr'>dicitur</span> <span class='ocrx_word' id='word_1_472' title='bbox 2570 3371 2581 3409; x_wconf 92' lang='lat'><strong>:</strong></span> <span class='ocrx_word' id='word_1_473' title='bbox 2617 3353 2949 3410; x_wconf 88' lang='lat' dir='ltr'>Conﬁtebor</span> <span class='ocrx_word' id='word_1_474' title='bbox 2974 3357 3031 3409; x_wconf 93' lang='lat' dir='ltr'>et</span> <span class='ocrx_word' id='word_1_475' title='bbox 3062 3368 3172 3424; x_wconf 86' lang='lat' dir='ltr'>ego</span> <span class='ocrx_word' id='word_1_476' title='bbox 3203 3352 3263 3408; x_wconf 91' lang='lat' dir='ltr'>in</span> <span class='ocrx_word' id='word_1_477' title='bbox 3296 3351 3413 3421; x_wconf 90' lang='lat' dir='ltr'>illo,</span> <span class='ocrx_word' id='word_1_478' title='bbox 3446 3367 3577 3424; x_wconf 87' lang='lat' dir='ltr'>per-</span> 
     </span>
    </p>
   </div>
   <div class='ocr_carea' id='block_1_65' title="bbox 172 3442 1794 3522">
    <p class='ocr_par' dir='ltr' id='par_1_65' title="bbox 172 3442 1591 3522">
     <span class='ocr_line' id='line_1_65' title="bbox 172 3442 1591 3522; baseline 0.004 -24"><span class='ocrx_word' id='word_1_479' title='bbox 172 3466 377 3518; x_wconf 71' lang='grc' dir='ltr'>ρυγμα,</span> <span class='ocrx_word' id='word_1_480' title='bbox 415 3442 880 3519; x_wconf 74' lang='grc' dir='ltr'>προδιαλαμϐάνει</span> <span class='ocrx_word' id='word_1_481' title='bbox 909 3452 999 3500; x_wconf 80' lang='grc' dir='ltr'>καὶ</span> <span class='ocrx_word' id='word_1_482' title='bbox 1022 3452 1139 3521; x_wconf 79' lang='grc' dir='ltr'>περὶ</span> <span class='ocrx_word' id='word_1_483' title='bbox 1168 3452 1376 3517; x_wconf 82' lang='grc' dir='ltr'>τούτου,</span> <span class='ocrx_word' id='word_1_484' title='bbox 1408 3450 1591 3522; x_wconf 84' lang='grc' dir='ltr'>λέγων,</span> 
     </span>
    </p>
   </div>
   <div class='ocr_carea' id='block_1_66' title="bbox 1947 3442 3569 3522">
    <p class='ocr_par' dir='ltr' id='par_1_66' title="bbox 1947 3443 3569 3516">
     <span class='ocr_line' id='line_1_66' title="bbox 1947 3443 3569 3516; baseline -0.004 -10"><span class='ocrx_word' id='word_1_485' title='bbox 1947 3451 2053 3507; x_wconf 73' lang='lat' dir='ltr'>ade</span> <span class='ocrx_word' id='word_1_486' title='bbox 2083 3463 2215 3505; x_wconf 90' lang='lat' dir='ltr'>esse</span> <span class='ocrx_word' id='word_1_487' title='bbox 2245 3463 2315 3503; x_wconf 90' lang='lat' dir='ltr'>ac</span> <span class='ocrx_word' id='word_1_488' title='bbox 2342 3446 2391 3502; x_wconf 88' lang='lat' dir='ltr'>si</span> <span class='ocrx_word' id='word_1_489' title='bbox 2419 3445 2581 3501; x_wconf 89' lang='lat' dir='ltr'>dicat</span> <span class='ocrx_word' id='word_1_490' title='bbox 2608 3460 2620 3500; x_wconf 91' lang='lat'><strong>:</strong></span> <span class='ocrx_word' id='word_1_491' title='bbox 2654 3448 2701 3500; x_wconf 78' lang='grc' dir='ltr'><strong>Α</strong></span> <span class='ocrx_word' id='word_1_492' title='bbox 2732 3443 3091 3515; x_wconf 87' lang='lat' dir='ltr'>gratitudine</span> <span class='ocrx_word' id='word_1_493' title='bbox 3121 3443 3311 3516; x_wconf 91' lang='lat' dir='ltr'>ipsius</span> <span class='ocrx_word' id='word_1_494' title='bbox 3342 3446 3569 3500; x_wconf 89' lang='lat' dir='ltr'>motus.</span> 
     </span>
    </p>
   </div>
   <div class='ocr_carea' id='block_1_67' title="bbox 176 3530 3582 3613">
    <p class='ocr_par' dir='ltr' id='par_1_67' title="bbox 176 3530 3582 3613">
     <span class='ocr_line' id='line_1_67' title="bbox 176 3530 3582 3613; baseline -0 -24"><span class='ocrx_word' id='word_1_495' title='bbox 176 3536 328 3598; x_wconf 84' lang='lat' dir='ltr'>Quia</span> <span class='ocrx_word' id='word_1_496' title='bbox 368 3541 585 3590; x_wconf 77' lang='lat' dir='ltr'>autem</span> <span class='ocrx_word' id='word_1_497' title='bbox 620 3534 885 3590; x_wconf 87' lang='lat' dir='ltr'>futurum</span> <span class='ocrx_word' id='word_1_498' title='bbox 928 3552 1026 3591; x_wconf 88' lang='lat' dir='ltr'>era</span> <span class='ocrx_word' id='word_1_499' title='bbox 1066 3542 1126 3592; x_wconf 92' lang='lat' dir='ltr'>ut</span> <span class='ocrx_word' id='word_1_500' title='bbox 1178 3538 1515 3597; x_wconf 77' lang='lat' dir='ltr'>turbatione</span> <span class='ocrx_word' id='word_1_501' title='bbox 1548 3558 1618 3598; x_wconf 89' lang='lat' dir='ltr'>ac</span> <span class='ocrx_word' id='word_1_502' title='bbox 1667 3542 1827 3600; x_wconf 71' lang='lat' dir='ltr'>caede</span> <span class='ocrx_word' id='word_1_503' title='bbox 1852 3539 2200 3613; x_wconf 78' lang='lat' dir='ltr'>impleretur</span> <span class='ocrx_word' id='word_1_504' title='bbox 2255 3534 2625 3609; x_wconf 66' lang='lat' dir='ltr'>praedicatio,</span> <span class='ocrx_word' id='word_1_505' title='bbox 2668 3532 2744 3589; x_wconf 92' lang='lat' dir='ltr'>de</span> <span class='ocrx_word' id='word_1_506' title='bbox 2794 3532 2910 3589; x_wconf 90' lang='lat' dir='ltr'>hoc</span> <span class='ocrx_word' id='word_1_507' title='bbox 2961 3546 3198 3606; x_wconf 87' lang='lat' dir='ltr'>quoque</span> <span class='ocrx_word' id='word_1_508' title='bbox 3226 3534 3447 3589; x_wconf 84' lang='lat' dir='ltr'>tractat</span> <span class='ocrx_word' id='word_1_509' title='bbox 3497 3530 3582 3588; x_wconf 88' lang='lat' dir='ltr'>di-</span> 
     </span>
    </p>
   </div>
   <div class='ocr_carea' id='block_1_68' title="bbox 177 3638 345 3679">
    <p class='ocr_par' dir='ltr' id='par_1_68' title="bbox 177 3638 345 3679">
     <span class='ocr_line' id='line_1_68' title="bbox 177 3638 345 3679; baseline 0.006 -2"><span class='ocrx_word' id='word_1_510' title='bbox 177 3638 321 3679; x_wconf 85' lang='lat' dir='ltr'>cens</span> <span class='ocrx_word' id='word_1_511' title='bbox 332 3665 345 3678; x_wconf 87' lang='lat'>.</span> 
     </span>
    </p>
   </div>
   <div class='ocr_carea' id='block_1_69' title="bbox 250 3709 1872 3794">
    <p class='ocr_par' dir='ltr' id='par_1_69' title="bbox 250 3713 1801 3794">
     <span class='ocr_line' id='line_1_69' title="bbox 250 3713 1801 3794; baseline 0.008 -32"><span class='ocrx_word' id='word_1_512' title='bbox 250 3717 339 3770; x_wconf 70' lang='grc' dir='ltr'><strong>Μή</strong></span> <span class='ocrx_word' id='word_1_513' title='bbox 373 3716 643 3784; x_wconf 72' lang='grc' dir='ltr'>νομίσητε</span> <span class='ocrx_word' id='word_1_514' title='bbox 696 3743 759 3753; x_wconf 90' lang='grc'><strong>-</strong></span> <span class='ocrx_word' id='word_1_515' title='bbox 808 3716 1103 3788; x_wconf 75' lang='grc' dir='ltr'>μάχαιραν.</span> <span class='ocrx_word' id='word_1_516' title='bbox 1142 3713 1292 3788; x_wconf 85' lang='grc' dir='ltr'>[Τοῦ</span> <span class='ocrx_word' id='word_1_517' title='bbox 1345 3719 1455 3789; x_wconf 87' lang='grc'><strong>(33)</strong></span> <span class='ocrx_word' id='word_1_518' title='bbox 1498 3720 1755 3794; x_wconf 79' lang='grc' dir='ltr'>Θιολόγου</span> <span class='ocrx_word' id='word_1_519' title='bbox 1790 3739 1801 3751; x_wconf 90' lang='grc'>·</span> 
     </span>
    </p>
   </div>
   <div class='ocr_carea' id='block_1_70' title="bbox 1962 3709 3584 3794">
    <p class='ocr_par' dir='ltr' id='par_1_70' title="bbox 1990 3709 3584 3786">
     <span class='ocr_line' id='line_1_70' title="bbox 1990 3709 3584 3786; baseline -0.006 -12"><span class='ocrx_word' id='word_1_520' title='bbox 1990 3720 2158 3774; x_wconf 88' lang='lat' dir='ltr'>Vers.</span> <span class='ocrx_word' id='word_1_521' title='bbox 2189 3716 2277 3772; x_wconf 82' lang='grc'><strong>34.</strong></span> <span class='ocrx_word' id='word_1_522' title='bbox 2328 3715 2417 3772; x_wconf 88' lang='lat' dir='ltr'>Ne</span> <span class='ocrx_word' id='word_1_523' title='bbox 2462 3713 2669 3786; x_wconf 82' lang='lat' dir='ltr'>putetis</span> <span class='ocrx_word' id='word_1_524' title='bbox 2730 3743 2800 3753; x_wconf 91' lang='lat'>——</span> <span class='ocrx_word' id='word_1_525' title='bbox 2854 3710 3137 3784; x_wconf 80' lang='lat' dir='ltr'>gladium.</span> <span class='ocrx_word' id='word_1_526' title='bbox 3174 3712 3218 3782; x_wconf 76' lang='grc' dir='ltr'>-ι-</span> <span class='ocrx_word' id='word_1_527' title='bbox 3259 3709 3413 3777; x_wconf 84' lang='lat' dir='ltr'>Quid</span> <span class='ocrx_word' id='word_1_528' title='bbox 3455 3724 3584 3782; x_wconf 88' lang='lat' dir='ltr'>per-</span> 
     </span>
    </p>
   </div>
   <div class='ocr_carea' id='block_1_71' title="bbox 180 3798 1802 3882">
    <p class='ocr_par' dir='ltr' id='par_1_71' title="bbox 180 3798 1802 3882">
     <span class='ocr_line' id='line_1_71' title="bbox 180 3798 1802 3882; baseline 0.007 -30"><span class='ocrx_word' id='word_1_529' title='bbox 180 3806 243 3852; x_wconf 83' lang='grc' dir='ltr'>Τί</span> <span class='ocrx_word' id='word_1_530' title='bbox 296 3798 354 3853; x_wconf 65' lang='lat' dir='ltr'>vi&quot;;</span> <span class='ocrx_word' id='word_1_531' title='bbox 398 3803 431 3860; x_wconf 73' lang='grc' dir='ltr'>ἡ</span> <span class='ocrx_word' id='word_1_532' title='bbox 492 3803 749 3874; x_wconf 74' lang='grc' dir='ltr'>μάχαιρα</span> <span class='ocrx_word' id='word_1_533' title='bbox 779 3818 790 3866; x_wconf 91' lang='grc'>;</span> <span class='ocrx_word' id='word_1_534' title='bbox 822 3801 880 3854; x_wconf 81' lang='grc' dir='ltr'><strong>Ἠ</strong></span> <span class='ocrx_word' id='word_1_535' title='bbox 930 3808 1063 3875; x_wconf 79' lang='grc' dir='ltr'>τομὴ</span> <span class='ocrx_word' id='word_1_536' title='bbox 1105 3812 1198 3856; x_wconf 83' lang='grc' dir='ltr'>τοῦ</span> <span class='ocrx_word' id='word_1_537' title='bbox 1228 3804 1402 3877; x_wconf 89' lang='grc' dir='ltr'>λόγου,</span> <span class='ocrx_word' id='word_1_538' title='bbox 1438 3810 1466 3866; x_wconf 85' lang='grc' dir='ltr'><strong>ἠ</strong></span> <span class='ocrx_word' id='word_1_539' title='bbox 1521 3806 1802 3882; x_wconf 82' lang='grc' dir='ltr'>διαιροῦσα</span> 
     </span>
    </p>
   </div>
   <div class='ocr_carea' id='block_1_72' title="bbox 1962 3798 3584 3882">
    <p class='ocr_par' dir='ltr' id='par_1_72' title="bbox 1962 3800 3584 3876">
     <span class='ocr_line' id='line_1_72' title="bbox 1962 3800 3584 3876; baseline -0.004 -14"><span class='ocrx_word' id='word_1_540' title='bbox 1962 3807 2191 3864; x_wconf 82' lang='lat' dir='ltr'>[adium</span> <span class='ocrx_word' id='word_1_541' title='bbox 2214 3803 2604 3876; x_wconf 87' lang='lat' dir='ltr'>signiﬁcatur,</span> <span class='ocrx_word' id='word_1_542' title='bbox 2625 3801 2738 3857; x_wconf 89' lang='lat' dir='ltr'>nisi</span> <span class='ocrx_word' id='word_1_543' title='bbox 2770 3802 2950 3858; x_wconf 87' lang='lat' dir='ltr'>sectio</span> <span class='ocrx_word' id='word_1_544' title='bbox 2970 3800 3157 3867; x_wconf 85' lang='lat' dir='ltr'>verbi,</span> <span class='ocrx_word' id='word_1_545' title='bbox 3180 3800 3455 3856; x_wconf 90' lang='lat' dir='ltr'>dividens</span> <span class='ocrx_word' id='word_1_546' title='bbox 3474 3814 3584 3872; x_wconf 93' lang='lat' dir='ltr'>pe-</span> 
     </span>
    </p>
   </div>
   <div class='ocr_carea' id='block_1_73' title="bbox 185 3888 1807 3971">
    <p class='ocr_par' dir='ltr' id='par_1_73' title="bbox 185 3889 1806 3971">
     <span class='ocr_line' id='line_1_73' title="bbox 185 3889 1806 3971; baseline 0.008 -32"><span class='ocrx_word' id='word_1_547' title='bbox 185 3894 243 3939; x_wconf 76' lang='grc' dir='ltr'>τό</span> <span class='ocrx_word' id='word_1_548' title='bbox 293 3898 481 3962; x_wconf 78' lang='grc' dir='ltr'>χεῖρον</span> <span class='ocrx_word' id='word_1_549' title='bbox 532 3889 638 3942; x_wconf 77' lang='grc' dir='ltr'>ἀπὸ</span> <span class='ocrx_word' id='word_1_550' title='bbox 683 3898 773 3941; x_wconf 88' lang='grc' dir='ltr'>τοῦ</span> <span class='ocrx_word' id='word_1_551' title='bbox 820 3896 1127 3964; x_wconf 77' lang='grc' dir='ltr'>κρείττονος,</span> <span class='ocrx_word' id='word_1_552' title='bbox 1170 3900 1258 3947; x_wconf 85' lang='grc' dir='ltr'>καὶ</span> <span class='ocrx_word' id='word_1_553' title='bbox 1313 3892 1685 3971; x_wconf 76' lang='grc' dir='ltr'>διχοτομοῦσα</span> <span class='ocrx_word' id='word_1_554' title='bbox 1721 3903 1806 3952; x_wconf 85' lang='grc' dir='ltr'>τόν</span> 
     </span>
    </p>
   </div>
   <div class='ocr_carea' id='block_1_74' title="bbox 1963 3888 3585 3971">
    <p class='ocr_par' dir='ltr' id='par_1_74' title="bbox 1963 3888 3585 3965">
     <span class='ocr_line' id='line_1_74' title="bbox 1963 3888 3585 3965; baseline -0.006 -12"><span class='ocrx_word' id='word_1_555' title='bbox 1963 3914 2009 3953; x_wconf 89' lang='lat' dir='ltr'>lS</span> <span class='ocrx_word' id='word_1_556' title='bbox 2032 3912 2067 3953; x_wconf 93' lang='lat' dir='ltr'>a</span> <span class='ocrx_word' id='word_1_557' title='bbox 2092 3894 2345 3965; x_wconf 88' lang='lat' dir='ltr'>meliori,</span> <span class='ocrx_word' id='word_1_558' title='bbox 2367 3897 2424 3949; x_wconf 93' lang='lat' dir='ltr'>et</span> <span class='ocrx_word' id='word_1_559' title='bbox 2447 3906 2738 3965; x_wconf 89' lang='lat' dir='ltr'>separans</span> <span class='ocrx_word' id='word_1_560' title='bbox 2765 3890 3009 3947; x_wconf 89' lang='lat' dir='ltr'>ﬁdelem</span> <span class='ocrx_word' id='word_1_561' title='bbox 3039 3890 3116 3947; x_wconf 90' lang='lat' dir='ltr'>ab</span> <span class='ocrx_word' id='word_1_562' title='bbox 3147 3888 3363 3945; x_wconf 88' lang='lat' dir='ltr'>inﬁdeli</span> <span class='ocrx_word' id='word_1_563' title='bbox 3393 3904 3405 3943; x_wconf 87' lang='lat'>:</span> <span class='ocrx_word' id='word_1_564' title='bbox 3430 3889 3585 3944; x_wconf 81' lang='lat' dir='ltr'>exci-</span> 
     </span>
    </p>
   </div>
   <div class='ocr_carea' id='block_1_75' title="bbox 185 3980 1807 4058">
    <p class='ocr_par' dir='ltr' id='par_1_75' title="bbox 185 3981 1807 4058">
     <span class='ocr_line' id='line_1_75' title="bbox 185 3981 1807 4058; baseline 0.007 -29"><span class='ocrx_word' id='word_1_565' title='bbox 185 3983 373 4030; x_wconf 76' lang='grc' dir='ltr'>πιστόν</span> <span class='ocrx_word' id='word_1_566' title='bbox 423 3984 518 4031; x_wconf 77' lang='grc' dir='ltr'>καὶ</span> <span class='ocrx_word' id='word_1_567' title='bbox 568 3983 655 4030; x_wconf 88' lang='grc' dir='ltr'>τόν</span> <span class='ocrx_word' id='word_1_568' title='bbox 710 3981 948 4045; x_wconf 74' lang='grc' dir='ltr'>ἄπιστον,</span> <span class='ocrx_word' id='word_1_569' title='bbox 1002 3987 1091 4034; x_wconf 80' lang='grc' dir='ltr'>καὶ</span> <span class='ocrx_word' id='word_1_570' title='bbox 1144 3981 1485 4058; x_wconf 76' lang='grc' dir='ltr'>ἐπεγείρουσα</span> <span class='ocrx_word' id='word_1_571' title='bbox 1534 3991 1622 4039; x_wconf 89' lang='grc' dir='ltr'>τόν</span> <span class='ocrx_word' id='word_1_572' title='bbox 1672 3990 1807 4055; x_wconf 83' lang='grc' dir='ltr'>υἱὸν,</span> 
     </span>
    </p>
   </div>
   <div class='ocr_carea' id='block_1_76' title="bbox 1960 3980 3582 4058">
    <p class='ocr_par' dir='ltr' id='par_1_76' title="bbox 1960 3980 3582 4051">
     <span class='ocr_line' id='line_1_76' title="bbox 1960 3980 3582 4051; baseline -0.004 -9"><span class='ocrx_word' id='word_1_573' title='bbox 1960 4002 2047 4042; x_wconf 86' lang='lat' dir='ltr'>ms</span> <span class='ocrx_word' id='word_1_574' title='bbox 2099 3984 2278 4041; x_wconf 90' lang='lat' dir='ltr'>ﬁlium</span> <span class='ocrx_word' id='word_1_575' title='bbox 2313 3987 2371 4039; x_wconf 93' lang='lat' dir='ltr'>et</span> <span class='ocrx_word' id='word_1_576' title='bbox 2422 3983 2596 4037; x_wconf 83' lang='lat' dir='ltr'>ﬁliam</span> <span class='ocrx_word' id='word_1_577' title='bbox 2630 3997 2700 4038; x_wconf 87' lang='lat' dir='ltr'>ac</span> <span class='ocrx_word' id='word_1_578' title='bbox 2739 3996 2957 4037; x_wconf 90' lang='lat' dir='ltr'>nurum</span> <span class='ocrx_word' id='word_1_579' title='bbox 3014 3980 3297 4036; x_wconf 86' lang='lat' dir='ltr'>adversus</span> <span class='ocrx_word' id='word_1_580' title='bbox 3348 3981 3582 4051; x_wconf 87' lang='lat' dir='ltr'>patrem</span> 
     </span>
    </p>
   </div>
   <div class='ocr_carea' id='block_1_77' title="bbox 187 4067 1809 4152">
    <p class='ocr_par' dir='ltr' id='par_1_77' title="bbox 187 4070 1808 4152">
     <span class='ocr_line' id='line_1_77' title="bbox 187 4070 1808 4152; baseline 0.009 -36"><span class='ocrx_word' id='word_1_581' title='bbox 187 4073 277 4118; x_wconf 78' lang='grc' dir='ltr'>καὶ</span> <span class='ocrx_word' id='word_1_582' title='bbox 327 4073 427 4126; x_wconf 70' lang='grc' dir='ltr'>τήν</span> <span class='ocrx_word' id='word_1_583' title='bbox 480 4070 767 4141; x_wconf 78' lang='grc' dir='ltr'>θυγατέρα,</span> <span class='ocrx_word' id='word_1_584' title='bbox 824 4075 914 4122; x_wconf 81' lang='grc' dir='ltr'>καὶ</span> <span class='ocrx_word' id='word_1_585' title='bbox 967 4075 1060 4130; x_wconf 83' lang='grc' dir='ltr'>τὴν</span> <span class='ocrx_word' id='word_1_586' title='bbox 1106 4074 1310 4145; x_wconf 81' lang='grc' dir='ltr'>νύμφην</span> <span class='ocrx_word' id='word_1_587' title='bbox 1362 4082 1433 4145; x_wconf 82' lang='grc' dir='ltr'>τῷ</span> <span class='ocrx_word' id='word_1_588' title='bbox 1479 4082 1662 4152; x_wconf 87' lang='grc' dir='ltr'>πατρὶ,</span> <span class='ocrx_word' id='word_1_589' title='bbox 1718 4082 1808 4131; x_wconf 84' lang='grc' dir='ltr'>καὶ</span> 
     </span>
    </p>
   </div>
   <div class='ocr_carea' id='block_1_78' title="bbox 1961 4067 3583 4152">
    <p class='ocr_par' dir='ltr' id='par_1_78' title="bbox 1961 4067 3583 4132">
     <span class='ocr_line' id='line_1_78' title="bbox 1961 4067 3583 4132; baseline -0.007 0"><span class='ocrx_word' id='word_1_590' title='bbox 1961 4079 1973 4132; x_wconf 83' lang='lat' dir='ltr'>t</span> <span class='ocrx_word' id='word_1_591' title='bbox 1991 4079 2248 4131; x_wconf 89' lang='lat' dir='ltr'>matrem</span> <span class='ocrx_word' id='word_1_592' title='bbox 2274 4088 2344 4130; x_wconf 88' lang='lat' dir='ltr'>ac</span> <span class='ocrx_word' id='word_1_593' title='bbox 2370 4087 2645 4129; x_wconf 84' lang='lat' dir='ltr'>socrum:</span> <span class='ocrx_word' id='word_1_594' title='bbox 2666 4073 2723 4126; x_wconf 90' lang='lat' dir='ltr'>et</span> <span class='ocrx_word' id='word_1_595' title='bbox 2744 4084 2902 4127; x_wconf 83' lang='lat' dir='ltr'>nova</span> <span class='ocrx_word' id='word_1_596' title='bbox 2922 4084 2991 4126; x_wconf 91' lang='lat' dir='ltr'>ac</span> <span class='ocrx_word' id='word_1_597' title='bbox 3012 4067 3271 4125; x_wconf 88' lang='lat' dir='ltr'>recentia</span> <span class='ocrx_word' id='word_1_598' title='bbox 3293 4067 3583 4125; x_wconf 86' lang='lat' dir='ltr'>adversus</span> 
     </span>
    </p>
   </div>
   <div class='ocr_carea' id='block_1_79' title="bbox 188 4161 1810 4239">
    <p class='ocr_par' dir='ltr' id='par_1_79' title="bbox 188 4161 1804 4239">
     <span class='ocr_line' id='line_1_79' title="bbox 188 4161 1804 4239; baseline 0.011 -36"><span class='ocrx_word' id='word_1_599' title='bbox 309 4162 503 4230; x_wconf 80' lang='grc' dir='ltr'>μητρὶ,</span> <span class='ocrx_word' id='word_1_600' title='bbox 571 4162 659 4209; x_wconf 77' lang='grc' dir='ltr'>καὶ</span> <span class='ocrx_word' id='word_1_601' title='bbox 707 4166 768 4230; x_wconf 75' lang='grc' dir='ltr'>τῇ</span> <span class='ocrx_word' id='word_1_602' title='bbox 825 4161 1063 4234; x_wconf 80' lang='grc' dir='ltr'>πενθερᾷ,</span> <span class='ocrx_word' id='word_1_603' title='bbox 1105 4164 1170 4213; x_wconf 78' lang='grc' dir='ltr'>τὰ</span> <span class='ocrx_word' id='word_1_604' title='bbox 1220 4166 1307 4215; x_wconf 86' lang='grc' dir='ltr'>νέα</span> <span class='ocrx_word' id='word_1_605' title='bbox 1357 4168 1447 4216; x_wconf 77' lang='grc' dir='ltr'>καὶ</span> <span class='ocrx_word' id='word_1_606' title='bbox 1505 4171 1804 4239; x_wconf 76' lang='grc' dir='ltr'>πρόσφατα,</span> 
     </span>
    </p>
   </div>
   <div class='ocr_carea' id='block_1_80' title="bbox 1004 4161 2626 4239">
    <p class='ocr_par' dir='ltr' id='par_1_80' title="bbox 1009 4162 2626 4239">
     <span class='ocr_line' id='line_1_80' title="bbox 1009 4162 2626 4239; baseline 0.002 -27"><span class='ocrx_word' id='word_1_607' title='bbox 1009 4165 1063 4231; x_wconf 78' lang='grc' dir='ltr'>ᾇ,</span> <span class='ocrx_word' id='word_1_608' title='bbox 1105 4164 1170 4213; x_wconf 78' lang='grc' dir='ltr'>τὰ</span> <span class='ocrx_word' id='word_1_609' title='bbox 1220 4166 1307 4215; x_wconf 86' lang='grc' dir='ltr'>νέα</span> <span class='ocrx_word' id='word_1_610' title='bbox 1357 4168 1447 4216; x_wconf 77' lang='grc' dir='ltr'>καὶ</span> <span class='ocrx_word' id='word_1_611' title='bbox 1505 4171 1804 4239; x_wconf 74' lang='grc' dir='ltr'>πρόσφατα,</span> <span class='ocrx_word' id='word_1_612' title='bbox 1918 4163 2169 4237; x_wconf 81' lang='lat' dir='ltr'>antiqua</span> <span class='ocrx_word' id='word_1_613' title='bbox 2206 4168 2262 4220; x_wconf 87' lang='lat' dir='ltr'>et</span> <span class='ocrx_word' id='word_1_614' title='bbox 2286 4162 2626 4219; x_wconf 80' lang='lat' dir='ltr'>inveterata.</span> 
     </span>
    </p>
   </div>
   <div class='ocr_carea' id='block_1_81' title="bbox 193 4245 1041 4320">
    <p class='ocr_par' dir='ltr' id='par_1_81' title="bbox 193 4245 1041 4320">
     <span class='ocr_line' id='line_1_81' title="bbox 193 4245 1041 4320; baseline 0.011 -25"><span class='ocrx_word' id='word_1_615' title='bbox 193 4253 300 4307; x_wconf 79' lang='grc' dir='ltr'>τοῖς</span> <span class='ocrx_word' id='word_1_616' title='bbox 324 4246 577 4306; x_wconf 81' lang='grc' dir='ltr'>παλαιοῖς</span> <span class='ocrx_word' id='word_1_617' title='bbox 601 4252 691 4297; x_wconf 79' lang='grc' dir='ltr'>καὶ</span> <span class='ocrx_word' id='word_1_618' title='bbox 724 4245 998 4303; x_wconf 78' lang='grc' dir='ltr'>σκίὼδεσι.</span> <span class='ocrx_word' id='word_1_619' title='bbox 1022 4250 1041 4320; x_wconf 95' lang='grc'>]</span> 
     </span>
    </p>
   </div>
   <div class='ocr_carea' id='block_1_82' title="bbox 262 4335 1884 4424">
    <p class='ocr_par' dir='ltr' id='par_1_82' title="bbox 262 4335 1804 4412">
     <span class='ocr_line' id='line_1_82' title="bbox 262 4335 1804 4412; baseline 0.008 -26"><span class='ocrx_word' id='word_1_620' title='bbox 262 4341 363 4387; x_wconf 75' lang='grc' dir='ltr'>Καὶ</span> <span class='ocrx_word' id='word_1_621' title='bbox 413 4340 525 4407; x_wconf 78' lang='grc' dir='ltr'>μὴν</span> <span class='ocrx_word' id='word_1_622' title='bbox 586 4335 754 4406; x_wconf 77' lang='grc' dir='ltr'>ἔλεγον</span> <span class='ocrx_word' id='word_1_623' title='bbox 821 4339 869 4388; x_wconf 87' lang='grc' dir='ltr'>οἱ</span> <span class='ocrx_word' id='word_1_624' title='bbox 922 4338 1148 4409; x_wconf 80' lang='grc' dir='ltr'>ἄγγελοι,</span> <span class='ocrx_word' id='word_1_625' title='bbox 1230 4345 1557 4412; x_wconf 75' lang='grc' dir='ltr'>γεννηθέντος</span> <span class='ocrx_word' id='word_1_626' title='bbox 1610 4345 1804 4398; x_wconf 76' lang='grc' dir='ltr'>αὐτοῦ·</span> 
     </span>
    </p>
   </div>
   <div class='ocr_carea' id='block_1_83' title="bbox 1962 4335 3584 4424">
    <p class='ocr_par' dir='ltr' id='par_1_83' title="bbox 1983 4342 3584 4424">
     <span class='ocr_line' id='line_1_83' title="bbox 1983 4342 3584 4424; baseline -0.005 -18"><span class='ocrx_word' id='word_1_627' title='bbox 1983 4351 2158 4424; x_wconf 85' lang='lat' dir='ltr'>Atqui</span> <span class='ocrx_word' id='word_1_628' title='bbox 2187 4354 2331 4407; x_wconf 90' lang='lat' dir='ltr'>nato</span> <span class='ocrx_word' id='word_1_629' title='bbox 2358 4365 2427 4405; x_wconf 92' lang='lat' dir='ltr'>eo</span> <span class='ocrx_word' id='word_1_630' title='bbox 2452 4348 2733 4405; x_wconf 86' lang='lat' dir='ltr'>dicebant</span> <span class='ocrx_word' id='word_1_631' title='bbox 2757 4346 2954 4417; x_wconf 86' lang='lat' dir='ltr'>angeli</span> <span class='ocrx_word' id='word_1_632' title='bbox 2986 4367 3000 4403; x_wconf 91' lang='lat'><strong>:</strong></span> <span class='ocrx_word' id='word_1_633' title='bbox 3037 4344 3235 4402; x_wconf 78' lang='lat' dir='ltr'>Gloria</span> <span class='ocrx_word' id='word_1_634' title='bbox 3265 4344 3329 4400; x_wconf 84' lang='lat' dir='ltr'>in</span> <span class='ocrx_word' id='word_1_635' title='bbox 3360 4342 3584 4401; x_wconf 79' lang='lat' dir='ltr'>altissi-</span> 
     </span>
    </p>
   </div>
   <div class='ocr_carea' id='block_1_84' title="bbox 190 4423 1812 4508">
    <p class='ocr_par' dir='ltr' id='par_1_84' title="bbox 190 4423 1808 4507">
     <span class='ocr_line' id='line_1_84' title="bbox 190 4423 1808 4507; baseline 0.006 -32"><span class='ocrx_word' id='word_1_636' title='bbox 190 4425 321 4485; x_wconf 75' lang='grc' dir='ltr'>Δόξα</span> <span class='ocrx_word' id='word_1_637' title='bbox 370 4424 427 4476; x_wconf 76' lang='grc' dir='ltr'>ἐν</span> <span class='ocrx_word' id='word_1_638' title='bbox 478 4423 726 4494; x_wconf 64' lang='grc' dir='ltr'>ὑψίστοις</span> <span class='ocrx_word' id='word_1_639' title='bbox 774 4433 908 4497; x_wconf 83' lang='grc' dir='ltr'>Θεῷ,</span> <span class='ocrx_word' id='word_1_640' title='bbox 954 4432 1041 4479; x_wconf 82' lang='grc' dir='ltr'>καὶ</span> <span class='ocrx_word' id='word_1_641' title='bbox 1091 4428 1175 4481; x_wconf 79' lang='grc' dir='ltr'>ἐπὶ</span> <span class='ocrx_word' id='word_1_642' title='bbox 1221 4438 1321 4501; x_wconf 85' lang='grc' dir='ltr'>γῆς</span> <span class='ocrx_word' id='word_1_643' title='bbox 1367 4432 1563 4507; x_wconf 64' lang='grc' dir='ltr'>εἰρήνη.</span> <span class='ocrx_word' id='word_1_644' title='bbox 1612 4440 1712 4488; x_wconf 86' lang='grc' dir='ltr'>Καὶ</span> <span class='ocrx_word' id='word_1_645' title='bbox 1759 4438 1808 4489; x_wconf 89' lang='grc' dir='ltr'>οἱ</span> 
     </span>
    </p>
   </div>
   <div class='ocr_carea' id='block_1_85' title="bbox 1962 4423 3584 4508">
    <p class='ocr_par' dir='ltr' id='par_1_85' title="bbox 1972 4423 3584 4508">
     <span class='ocr_line' id='line_1_85' title="bbox 1972 4423 3584 4508; baseline -0.004 -14"><span class='ocrx_word' id='word_1_646' title='bbox 1972 4440 2017 4495; x_wconf 86' lang='lat' dir='ltr'>is</span> <span class='ocrx_word' id='word_1_647' title='bbox 2044 4423 2254 4503; x_wconf 66' lang='lat' dir='ltr'>er,et</span> <span class='ocrx_word' id='word_1_648' title='bbox 2301 4438 2363 4492; x_wconf 87' lang='lat' dir='ltr'>in</span> <span class='ocrx_word' id='word_1_649' title='bbox 2415 4442 2573 4493; x_wconf 86' lang='lat' dir='ltr'>terra</span> <span class='ocrx_word' id='word_1_650' title='bbox 2617 4451 2740 4506; x_wconf 75' lang='lat' dir='ltr'>pax</span> <span class='ocrx_word' id='word_1_651' title='bbox 2788 4436 2854 4487; x_wconf 71' lang='grc' dir='ltr'><strong>ἰ.</strong></span> <span class='ocrx_word' id='word_1_652' title='bbox 2890 4434 2959 4489; x_wconf 87' lang='lat' dir='ltr'>Et</span> <span class='ocrx_word' id='word_1_653' title='bbox 3006 4433 3311 4508; x_wconf 84' lang='lat' dir='ltr'>prophetae</span> <span class='ocrx_word' id='word_1_654' title='bbox 3367 4447 3584 4506; x_wconf 88' lang='lat' dir='ltr'>pacem</span> 
     </span>
    </p>
   </div>
   <div class='ocr_carea' id='block_1_86' title="bbox 192 4510 1814 4600">
    <p class='ocr_par' dir='ltr' id='par_1_86' title="bbox 192 4510 1806 4598">
     <span class='ocr_line' id='line_1_86' title="bbox 192 4510 1806 4598; baseline 0.003 -26"><span class='ocrx_word' id='word_1_655' title='bbox 192 4523 465 4585; x_wconf 65' lang='grc' dir='ltr'>προφῆται</span> <span class='ocrx_word' id='word_1_656' title='bbox 523 4510 584 4564; x_wconf 61' lang='grc' dir='ltr'>δὲ</span> <span class='ocrx_word' id='word_1_657' title='bbox 636 4519 729 4571; x_wconf 68' lang='grc' dir='ltr'>τὴν</span> <span class='ocrx_word' id='word_1_658' title='bbox 765 4514 970 4588; x_wconf 73' lang='grc' dir='ltr'>εἰρήνην</span> <span class='ocrx_word' id='word_1_659' title='bbox 1018 4518 1178 4570; x_wconf 66' lang='grc' dir='ltr'>αὑτοῦ</span> <span class='ocrx_word' id='word_1_660' title='bbox 1222 4521 1381 4573; x_wconf 76' lang='grc' dir='ltr'>πάλαι</span> <span class='ocrx_word' id='word_1_661' title='bbox 1430 4530 1806 4598; x_wconf 76' lang='grc' dir='ltr'>προκατήγγει-</span> 
     </span>
    </p>
   </div>
   <div class='ocr_carea' id='block_1_87' title="bbox 1960 4510 3582 4600">
    <p class='ocr_par' dir='ltr' id='par_1_87' title="bbox 1960 4521 3582 4597">
     <span class='ocr_line' id='line_1_87' title="bbox 1960 4521 3582 4597; baseline -0.003 -13"><span class='ocrx_word' id='word_1_662' title='bbox 1960 4530 2044 4597; x_wconf 89' lang='lat' dir='ltr'>ius</span> <span class='ocrx_word' id='word_1_663' title='bbox 2070 4526 2592 4584; x_wconf 86' lang='lat' dir='ltr'>annuntiaverant.</span> <span class='ocrx_word' id='word_1_664' title='bbox 2623 4531 2754 4597; x_wconf 90' lang='lat' dir='ltr'>Ipse</span> <span class='ocrx_word' id='word_1_665' title='bbox 2779 4539 3024 4597; x_wconf 90' lang='lat' dir='ltr'>quoque</span> <span class='ocrx_word' id='word_1_666' title='bbox 3055 4521 3358 4596; x_wconf 89' lang='lat' dir='ltr'>discipulis</span> <span class='ocrx_word' id='word_1_667' title='bbox 3373 4523 3582 4595; x_wconf 87' lang='lat' dir='ltr'>jussit,</span> 
     </span>
    </p>
   </div>
   <div class='ocr_carea' id='block_1_88' title="bbox 188 4601 1810 4690">
    <p class='ocr_par' dir='ltr' id='par_1_88' title="bbox 188 4601 1807 4690">
     <span class='ocr_line' id='line_1_88' title="bbox 188 4601 1807 4690; baseline 0.01 -37"><span class='ocrx_word' id='word_1_668' title='bbox 188 4602 297 4656; x_wconf 74' lang='grc' dir='ltr'>λαν.</span> <span class='ocrx_word' id='word_1_669' title='bbox 352 4608 458 4656; x_wconf 73' lang='grc' dir='ltr'>Καὶ</span> <span class='ocrx_word' id='word_1_670' title='bbox 497 4602 657 4663; x_wconf 65' lang='grc' dir='ltr'>αὐτὸς</span> <span class='ocrx_word' id='word_1_671' title='bbox 696 4601 755 4656; x_wconf 69' lang='grc' dir='ltr'>δὲ</span> <span class='ocrx_word' id='word_1_672' title='bbox 786 4613 893 4667; x_wconf 87' lang='grc' dir='ltr'>τοῖς</span> <span class='ocrx_word' id='word_1_673' title='bbox 947 4609 1210 4678; x_wconf 70' lang='grc' dir='ltr'>μαθηταῖς</span> <span class='ocrx_word' id='word_1_674' title='bbox 1263 4613 1595 4683; x_wconf 81' lang='grc' dir='ltr'>προσέταξεν,</span> <span class='ocrx_word' id='word_1_675' title='bbox 1647 4615 1807 4690; x_wconf 83' lang='grc' dir='ltr'>εἰσερ-</span> 
     </span>
    </p>
   </div>
   <div class='ocr_carea' id='block_1_89' title="bbox 1963 4601 3585 4690">
    <p class='ocr_par' dir='ltr' id='par_1_89' title="bbox 1963 4612 3585 4689">
     <span class='ocr_line' id='line_1_89' title="bbox 1963 4612 3585 4689; baseline -0.002 -16"><span class='ocrx_word' id='word_1_676' title='bbox 1963 4624 1981 4673; x_wconf 91' lang='lat' dir='ltr'>t</span> <span class='ocrx_word' id='word_1_677' title='bbox 2053 4616 2389 4689; x_wconf 88' lang='lat' dir='ltr'>quamlibet</span> <span class='ocrx_word' id='word_1_678' title='bbox 2448 4615 2696 4671; x_wconf 89' lang='lat' dir='ltr'>domum</span> <span class='ocrx_word' id='word_1_679' title='bbox 2758 4613 3180 4685; x_wconf 88' lang='lat' dir='ltr'>ingredientes,</span> <span class='ocrx_word' id='word_1_680' title='bbox 3249 4627 3465 4685; x_wconf 87' lang='lat' dir='ltr'>pacem</span> <span class='ocrx_word' id='word_1_681' title='bbox 3531 4612 3585 4669; x_wconf 91' lang='lat' dir='ltr'>ei</span> 
     </span>
    </p>
   </div>
   <div class='ocr_carea' id='block_1_90' title="bbox 193 4692 1815 4779">
    <p class='ocr_par' dir='ltr' id='par_1_90' title="bbox 193 4692 1807 4774">
     <span class='ocr_line' id='line_1_90' title="bbox 193 4692 1807 4774; baseline 0.007 -32"><span class='ocrx_word' id='word_1_682' title='bbox 193 4697 458 4762; x_wconf 73' lang='grc' dir='ltr'>χομένους</span> <span class='ocrx_word' id='word_1_683' title='bbox 541 4692 614 4753; x_wconf 82' lang='grc' dir='ltr'>εἰς</span> <span class='ocrx_word' id='word_1_684' title='bbox 698 4692 923 4752; x_wconf 66' lang='grc' dir='ltr'>ἑκάστην</span> <span class='ocrx_word' id='word_1_685' title='bbox 1002 4696 1191 4763; x_wconf 83' lang='grc' dir='ltr'>οἰκίαν,</span> <span class='ocrx_word' id='word_1_686' title='bbox 1275 4699 1480 4772; x_wconf 74' lang='grc' dir='ltr'>εἰρήνην</span> <span class='ocrx_word' id='word_1_687' title='bbox 1561 4702 1807 4774; x_wconf 76' lang='grc' dir='ltr'>ἐπιλέγειν</span> 
     </span>
    </p>
   </div>
   <div class='ocr_carea' id='block_1_91' title="bbox 1964 4692 3586 4779">
    <p class='ocr_par' dir='ltr' id='par_1_91' title="bbox 1964 4701 3586 4779">
     <span class='ocr_line' id='line_1_91' title="bbox 1964 4701 3586 4779; baseline -0.004 -16"><span class='ocrx_word' id='word_1_688' title='bbox 1964 4710 2187 4779; x_wconf 82' lang='lat' dir='ltr'>ptarent</span> <span class='ocrx_word' id='word_1_689' title='bbox 2225 4707 2293 4761; x_wconf 80' lang='grc'>³⁵.</span> <span class='ocrx_word' id='word_1_690' title='bbox 2329 4704 2635 4771; x_wconf 88' lang='lat' dir='ltr'>Quomodo</span> <span class='ocrx_word' id='word_1_691' title='bbox 2673 4719 2815 4774; x_wconf 88' lang='lat' dir='ltr'>ergo</span> <span class='ocrx_word' id='word_1_692' title='bbox 2861 4719 3017 4760; x_wconf 90' lang='lat' dir='ltr'>nunc</span> <span class='ocrx_word' id='word_1_693' title='bbox 3047 4703 3231 4759; x_wconf 88' lang='lat' dir='ltr'>dicit:</span> <span class='ocrx_word' id='word_1_694' title='bbox 3263 4702 3397 4759; x_wconf 87' lang='lat' dir='ltr'>Non</span> <span class='ocrx_word' id='word_1_695' title='bbox 3454 4701 3586 4758; x_wconf 87' lang='lat' dir='ltr'>veni</span> 
     </span>
    </p>
   </div>
   <div class='ocr_carea' id='block_1_92' title="bbox 199 4778 1821 4867">
    <p class='ocr_par' dir='ltr' id='par_1_92' title="bbox 199 4778 1806 4864">
     <span class='ocr_line' id='line_1_92' title="bbox 199 4778 1806 4864; baseline 0.009 -35"><span class='ocrx_word' id='word_1_696' title='bbox 199 4781 345 4853; x_wconf 64' lang='grc' dir='ltr'>αὶτῇ.</span> <span class='ocrx_word' id='word_1_697' title='bbox 424 4787 546 4840; x_wconf 85' lang='grc' dir='ltr'>Πῶς</span> <span class='ocrx_word' id='word_1_698' title='bbox 616 4778 701 4833; x_wconf 74' lang='grc' dir='ltr'>οὖν</span> <span class='ocrx_word' id='word_1_699' title='bbox 770 4802 899 4855; x_wconf 82' lang='grc' dir='ltr'>φησι</span> <span class='ocrx_word' id='word_1_700' title='bbox 951 4792 1061 4847; x_wconf 83' lang='grc' dir='ltr'>νῦν,</span> <span class='ocrx_word' id='word_1_701' title='bbox 1120 4788 1201 4838; x_wconf 83' lang='grc' dir='ltr'>ὅτι</span> <span class='ocrx_word' id='word_1_702' title='bbox 1258 4789 1367 4839; x_wconf 75' lang='grc' dir='ltr'>Οῦκ</span> <span class='ocrx_word' id='word_1_703' title='bbox 1421 4786 1575 4847; x_wconf 69' lang='grc' dir='ltr'>ἦλθον</span> <span class='ocrx_word' id='word_1_704' title='bbox 1631 4792 1806 4864; x_wconf 82' lang='grc' dir='ltr'>βαλεῖν</span> 
     </span>
    </p>
   </div>
   <div class='ocr_carea' id='block_1_93' title="bbox 1959 4778 3581 4867">
    <p class='ocr_par' dir='ltr' id='par_1_93' title="bbox 1959 4790 3581 4867">
     <span class='ocr_line' id='line_1_93' title="bbox 1959 4790 3581 4867; baseline -0.002 -17"><span class='ocrx_word' id='word_1_705' title='bbox 1959 4797 2200 4851; x_wconf 73' lang='lat' dir='ltr'>n&#39;ssurus</span> <span class='ocrx_word' id='word_1_706' title='bbox 2244 4810 2454 4867; x_wconf 86' lang='lat' dir='ltr'>pacem,</span> <span class='ocrx_word' id='word_1_707' title='bbox 2507 4794 2609 4850; x_wconf 87' lang='lat' dir='ltr'>sed</span> <span class='ocrx_word' id='word_1_708' title='bbox 2649 4793 2912 4865; x_wconf 80' lang='lat' dir='ltr'>gladium</span> <span class='ocrx_word' id='word_1_709' title='bbox 2938 4794 2966 4848; x_wconf 79' lang='lat'><strong><em>?</em></strong></span> <span class='ocrx_word' id='word_1_710' title='bbox 2996 4793 3144 4859; x_wconf 89' lang='lat' dir='ltr'>Quia</span> <span class='ocrx_word' id='word_1_711' title='bbox 3197 4790 3432 4862; x_wconf 89' lang='lat' dir='ltr'>gladius</span> <span class='ocrx_word' id='word_1_712' title='bbox 3465 4791 3581 4858; x_wconf 91' lang='lat' dir='ltr'>hic,</span> 
     </span>
    </p>
   </div>
   <div class='ocr_carea' id='block_1_94' title="bbox 200 4869 1822 4958">
    <p class='ocr_par' dir='ltr' id='par_1_94' title="bbox 200 4869 1806 4951">
     <span class='ocr_line' id='line_1_94' title="bbox 200 4869 1806 4951; baseline 0.01 -33"><span class='ocrx_word' id='word_1_713' title='bbox 200 4869 441 4942; x_wconf 63' lang='grc' dir='ltr'>ἰὶριξνπνς</span> <span class='ocrx_word' id='word_1_714' title='bbox 494 4874 635 4922; x_wconf 62' lang='lat' dir='ltr'>Atos:</span> <span class='ocrx_word' id='word_1_715' title='bbox 702 4873 730 4929; x_wconf 70' lang='grc' dir='ltr'><em>ἡ</em></span> <span class='ocrx_word' id='word_1_716' title='bbox 788 4874 1035 4945; x_wconf 62' lang='grc' dir='ltr'>μάχαιρα</span> <span class='ocrx_word' id='word_1_717' title='bbox 1089 4875 1220 4933; x_wconf 76' lang='grc' dir='ltr'>αὕτη</span> <span class='ocrx_word' id='word_1_718' title='bbox 1274 4886 1435 4930; x_wconf 83' lang='grc' dir='ltr'>ποιεῖν</span> <span class='ocrx_word' id='word_1_719' title='bbox 1495 4880 1663 4951; x_wconf 77' lang='grc' dir='ltr'>ἔμελλε</span> <span class='ocrx_word' id='word_1_720' title='bbox 1718 4887 1806 4941; x_wconf 80' lang='grc' dir='ltr'>τὴν</span> 
     </span>
    </p>
   </div>
   <div class='ocr_carea' id='block_1_95' title="bbox 1961 4869 3583 4958">
    <p class='ocr_par' dir='ltr' id='par_1_95' title="bbox 1961 4880 3583 4954">
     <span class='ocr_line' id='line_1_95' title="bbox 1961 4880 3583 4954; baseline -0.004 -13"><span class='ocrx_word' id='word_1_721' title='bbox 1961 4901 2130 4942; x_wconf 88' lang='lat' dir='ltr'>acem</span> <span class='ocrx_word' id='word_1_722' title='bbox 2158 4884 2322 4942; x_wconf 89' lang='lat' dir='ltr'>illam</span> <span class='ocrx_word' id='word_1_723' title='bbox 2352 4884 2614 4941; x_wconf 87' lang='lat' dir='ltr'>facturus</span> <span class='ocrx_word' id='word_1_724' title='bbox 2644 4888 2752 4949; x_wconf 87' lang='lat' dir='ltr'>est,</span> <span class='ocrx_word' id='word_1_725' title='bbox 2786 4882 2861 4937; x_wconf 89' lang='lat' dir='ltr'>de</span> <span class='ocrx_word' id='word_1_726' title='bbox 2906 4898 3029 4954; x_wconf 88' lang='lat' dir='ltr'>qua</span> <span class='ocrx_word' id='word_1_727' title='bbox 3059 4881 3339 4937; x_wconf 84' lang='lat' dir='ltr'>dixerunt</span> <span class='ocrx_word' id='word_1_728' title='bbox 3367 4880 3583 4954; x_wconf 81' lang='lat' dir='ltr'>angeli,</span> 
     </span>
    </p>
   </div>
   <div class='ocr_carea' id='block_1_96' title="bbox 205 4958 1827 5046">
    <p class='ocr_par' dir='ltr' id='par_1_96' title="bbox 205 4958 1807 5039">
     <span class='ocr_line' id='line_1_96' title="bbox 205 4958 1807 5039; baseline 0.011 -31"><span class='ocrx_word' id='word_1_729' title='bbox 205 4958 399 5031; x_wconf 74' lang='grc' dir='ltr'>εἰρήνην</span> <span class='ocrx_word' id='word_1_730' title='bbox 460 4959 681 5025; x_wconf 77' lang='grc' dir='ltr'>ἐκείνην,</span> <span class='ocrx_word' id='word_1_731' title='bbox 740 4966 857 5033; x_wconf 80' lang='grc' dir='ltr'>περὶ</span> <span class='ocrx_word' id='word_1_732' title='bbox 906 4963 968 5022; x_wconf 73' lang='grc' dir='ltr'>ἧς</span> <span class='ocrx_word' id='word_1_733' title='bbox 1023 4960 1162 5016; x_wconf 72' lang='grc' dir='ltr'>εἶπον</span> <span class='ocrx_word' id='word_1_734' title='bbox 1222 4966 1272 5017; x_wconf 86' lang='grc' dir='ltr'>οἶ</span> <span class='ocrx_word' id='word_1_735' title='bbox 1322 4986 1375 5019; x_wconf 86' lang='grc' dir='ltr'>τε</span> <span class='ocrx_word' id='word_1_736' title='bbox 1427 4969 1660 5039; x_wconf 76' lang='grc' dir='ltr'>ἄγγελοι,</span> <span class='ocrx_word' id='word_1_737' title='bbox 1719 4979 1807 5025; x_wconf 81' lang='grc' dir='ltr'>καὶ</span> 
     </span>
    </p>
   </div>
   <div class='ocr_carea' id='block_1_97' title="bbox 1966 4958 3588 5046">
    <p class='ocr_par' dir='ltr' id='par_1_97' title="bbox 1966 4969 3588 5046">
     <span class='ocr_line' id='line_1_97' title="bbox 1966 4969 3588 5046; baseline -0.002 -17"><span class='ocrx_word' id='word_1_738' title='bbox 1966 4979 2139 5031; x_wconf 85' lang='lat' dir='ltr'>:ante</span> <span class='ocrx_word' id='word_1_739' title='bbox 2160 4973 2293 5031; x_wconf 90' lang='lat' dir='ltr'>illos</span> <span class='ocrx_word' id='word_1_740' title='bbox 2321 4974 2643 5046; x_wconf 79' lang='lat' dir='ltr'>prophetae.</span> <span class='ocrx_word' id='word_1_741' title='bbox 2690 4972 2974 5029; x_wconf 90' lang='lat' dir='ltr'>Gladium</span> <span class='ocrx_word' id='word_1_742' title='bbox 3032 4975 3233 5028; x_wconf 90' lang='lat' dir='ltr'>autem</span> <span class='ocrx_word' id='word_1_743' title='bbox 3278 4974 3455 5025; x_wconf 85' lang='lat' dir='ltr'>vocat</span> <span class='ocrx_word' id='word_1_744' title='bbox 3497 4969 3588 5025; x_wconf 89' lang='lat' dir='ltr'>di-</span> 
     </span>
    </p>
   </div>
   <div class='ocr_carea' id='block_1_98' title="bbox 203 5051 1825 5135">
    <p class='ocr_par' dir='ltr' id='par_1_98' title="bbox 203 5051 1807 5130">
     <span class='ocr_line' id='line_1_98' title="bbox 203 5051 1807 5130; baseline 0.012 -35"><span class='ocrx_word' id='word_1_745' title='bbox 203 5052 290 5118; x_wconf 77' lang='grc' dir='ltr'>πρό</span> <span class='ocrx_word' id='word_1_746' title='bbox 350 5052 550 5101; x_wconf 81' lang='grc' dir='ltr'>τούτων</span> <span class='ocrx_word' id='word_1_747' title='bbox 604 5051 656 5101; x_wconf 82' lang='grc' dir='ltr'>οἱ</span> <span class='ocrx_word' id='word_1_748' title='bbox 701 5059 989 5122; x_wconf 81' lang='grc' dir='ltr'>προφῆται.</span> <span class='ocrx_word' id='word_1_749' title='bbox 1055 5056 1344 5129; x_wconf 70' lang='grc' dir='ltr'>Μάχαιραν</span> <span class='ocrx_word' id='word_1_750' title='bbox 1400 5054 1457 5109; x_wconf 69' lang='grc' dir='ltr'>δὲ</span> <span class='ocrx_word' id='word_1_751' title='bbox 1505 5057 1657 5130; x_wconf 80' lang='grc' dir='ltr'>λέγει,</span> <span class='ocrx_word' id='word_1_752' title='bbox 1714 5066 1807 5120; x_wconf 82' lang='grc' dir='ltr'>τὴν</span> 
     </span>
    </p>
   </div>
   <div class='ocr_carea' id='block_1_99' title="bbox 1962 5051 3584 5135">
    <p class='ocr_par' dir='ltr' id='par_1_99' title="bbox 1962 5055 3584 5135">
     <span class='ocr_line' id='line_1_99' title="bbox 1962 5055 3584 5135; baseline -0.003 -18"><span class='ocrx_word' id='word_1_753' title='bbox 1962 5066 2222 5119; x_wconf 62' lang='lat' dir='ltr'>actionem</span> <span class='ocrx_word' id='word_1_754' title='bbox 2270 5078 2412 5133; x_wconf 81' lang='lat' dir='ltr'>erga</span> <span class='ocrx_word' id='word_1_755' title='bbox 2467 5079 2550 5128; x_wconf 89' lang='lat' dir='ltr'>se,</span> <span class='ocrx_word' id='word_1_756' title='bbox 2606 5063 2811 5135; x_wconf 88' lang='lat' dir='ltr'>utpote</span> <span class='ocrx_word' id='word_1_757' title='bbox 2866 5059 3070 5117; x_wconf 87' lang='lat' dir='ltr'>ﬁdeles</span> <span class='ocrx_word' id='word_1_758' title='bbox 3119 5059 3198 5118; x_wconf 88' lang='lat' dir='ltr'>ab</span> <span class='ocrx_word' id='word_1_759' title='bbox 3251 5055 3584 5113; x_wconf 87' lang='lat' dir='ltr'>inﬁdelibus</span> 
     </span>
    </p>
   </div>
   <div class='ocr_carea' id='block_1_100' title="bbox 206 5136 1828 5223">
    <p class='ocr_par' dir='ltr' id='par_1_100' title="bbox 206 5136 1810 5215">
     <span class='ocr_line' id='line_1_100' title="bbox 206 5136 1810 5215; baseline 0.011 -29"><span class='ocrx_word' id='word_1_760' title='bbox 206 5141 324 5210; x_wconf 78' lang='grc' dir='ltr'>πρὸς</span> <span class='ocrx_word' id='word_1_761' title='bbox 352 5141 511 5191; x_wconf 74' lang='grc' dir='ltr'>αὐτόν</span> <span class='ocrx_word' id='word_1_762' title='bbox 541 5141 783 5211; x_wconf 80' lang='grc' dir='ltr'>ἀγάπην,</span> <span class='ocrx_word' id='word_1_763' title='bbox 836 5141 904 5200; x_wconf 85' lang='grc' dir='ltr'>ὡς</span> <span class='ocrx_word' id='word_1_764' title='bbox 936 5136 1249 5215; x_wconf 82' lang='grc' dir='ltr'>διαιροῦσαν</span> <span class='ocrx_word' id='word_1_765' title='bbox 1299 5148 1415 5207; x_wconf 86' lang='grc' dir='ltr'>τοῦς</span> <span class='ocrx_word' id='word_1_766' title='bbox 1472 5150 1810 5213; x_wconf 82' lang='grc' dir='ltr'>πιστεύοντας</span> 
     </span>
    </p>
   </div>
   <div class='ocr_carea' id='block_1_101' title="bbox 1962 5136 3584 5223">
    <p class='ocr_par' dir='ltr' id='par_1_101' title="bbox 1962 5142 3584 5223">
     <span class='ocr_line' id='line_1_101' title="bbox 1962 5142 3584 5223; baseline -0.002 -17"><span class='ocrx_word' id='word_1_767' title='bbox 1962 5151 2336 5209; x_wconf 83' lang='lat' dir='ltr'>ividentem:</span> <span class='ocrx_word' id='word_1_768' title='bbox 2415 5152 2587 5223; x_wconf 84' lang='lat' dir='ltr'>cujus</span> <span class='ocrx_word' id='word_1_769' title='bbox 2662 5148 3107 5223; x_wconf 81' lang='lat' dir='ltr'>inexpugnabili</span> <span class='ocrx_word' id='word_1_770' title='bbox 3176 5147 3403 5213; x_wconf 83' lang='lat' dir='ltr'>virtute,</span> <span class='ocrx_word' id='word_1_771' title='bbox 3468 5142 3584 5218; x_wconf 82' lang='lat' dir='ltr'>ipsi</span> 
     </span>
    </p>
   </div>
   <div class='ocr_carea' id='block_1_102' title="bbox 266 5318 1239 5389">
    <p class='ocr_par' dir='ltr' id='par_1_102' title="bbox 266 5318 1239 5389">
     <span class='ocr_line' id='line_1_102' title="bbox 266 5318 1239 5389; baseline 0.002 -12"><span class='ocrx_word' id='word_1_772' title='bbox 266 5319 309 5354; x_wconf 81' lang='grc'>³⁸</span> <span class='ocrx_word' id='word_1_773' title='bbox 334 5320 472 5380; x_wconf 87' lang='lat' dir='ltr'>Luc.</span> <span class='ocrx_word' id='word_1_774' title='bbox 504 5337 565 5388; x_wconf 79' lang='grc' dir='ltr'>ιι,</span> <span class='ocrx_word' id='word_1_775' title='bbox 607 5322 699 5376; x_wconf 77' lang='grc'><strong>14.</strong></span> <span class='ocrx_word' id='word_1_776' title='bbox 786 5319 835 5355; x_wconf 81' lang='grc'>⁸⁵</span> <span class='ocrx_word' id='word_1_777' title='bbox 860 5318 1036 5376; x_wconf 74' lang='lat' dir='ltr'>Math.</span> <span class='ocrx_word' id='word_1_778' title='bbox 1063 5337 1123 5389; x_wconf 85' lang='lat' dir='ltr'>x,</span> <span class='ocrx_word' id='word_1_779' title='bbox 1150 5324 1239 5381; x_wconf 84' lang='grc'><strong>12.</strong></span> 
     </span>
    </p>
   </div>
   <div class='ocr_carea' id='block_1_103' title="bbox 1420 5452 2362 5525">
    <p class='ocr_par' dir='ltr' id='par_1_103' title="bbox 1420 5452 2362 5525">
     <span class='ocr_line' id='line_1_103' title="bbox 1420 5452 2362 5525; baseline 0 -2"><span class='ocrx_word' id='word_1_780' title='bbox 1420 5452 1645 5523; x_wconf 67' lang='lat' dir='ltr'>Variae</span> <span class='ocrx_word' id='word_1_781' title='bbox 1684 5453 2016 5525; x_wconf 88' lang='lat' dir='ltr'>lectiones</span> <span class='ocrx_word' id='word_1_782' title='bbox 2063 5465 2129 5525; x_wconf 91' lang='lat' dir='ltr'>et</span> <span class='ocrx_word' id='word_1_783' title='bbox 2161 5466 2362 5525; x_wconf 64' lang='lat' dir='ltr'>notas.</span> 
     </span>
    </p>
   </div>
   <div class='ocr_carea' id='block_1_104' title="bbox 239 5589 1025 5668">
    <p class='ocr_par' dir='ltr' id='par_1_104' title="bbox 239 5589 1025 5668">
     <span class='ocr_line' id='line_1_104' title="bbox 239 5589 1025 5668; baseline -0.019 -11"><span class='ocrx_word' id='word_1_784' title='bbox 239 5599 317 5668; x_wconf 83' lang='lat'>(32</span> <span class='ocrx_word' id='word_1_785' title='bbox 346 5601 524 5656; x_wconf 87' lang='lat' dir='ltr'>Tom.</span> <span class='ocrx_word' id='word_1_786' title='bbox 567 5590 698 5668; x_wconf 63' lang='grc' dir='ltr'>νη,</span> <span class='ocrx_word' id='word_1_787' title='bbox 740 5602 804 5659; x_wconf 91' lang='lat' dir='ltr'>p.</span> <span class='ocrx_word' id='word_1_788' title='bbox 834 5589 939 5643; x_wconf 80' lang='lat'>392</span> <span class='ocrx_word' id='word_1_789' title='bbox 968 5590 1025 5668; x_wconf 72' lang='lat' dir='ltr'>l3.</span> 
     </span>
    </p>
   </div>
   <div class='ocr_carea' id='block_1_105' title="bbox 229 5660 1851 5747">
    <p class='ocr_par' dir='ltr' id='par_1_105' title="bbox 229 5660 1851 5747">
     <span class='ocr_line' id='line_1_105' title="bbox 229 5660 1851 5747; baseline -0.007 -14"><span class='ocrx_word' id='word_1_790' title='bbox 229 5660 333 5747; x_wconf 71' lang='lat'><em>(33)</em></span> <span class='ocrx_word' id='word_1_791' title='bbox 361 5668 627 5729; x_wconf 84' lang='lat' dir='ltr'>Inclusa</span> <span class='ocrx_word' id='word_1_792' title='bbox 677 5663 749 5716; x_wconf 83' lang='lat' dir='ltr'>in</span> <span class='ocrx_word' id='word_1_793' title='bbox 785 5660 1065 5728; x_wconf 84' lang='lat' dir='ltr'>margine</span> <span class='ocrx_word' id='word_1_794' title='bbox 1094 5660 1275 5719; x_wconf 89' lang='lat' dir='ltr'>habet</span> <span class='ocrx_word' id='word_1_795' title='bbox 1298 5665 1366 5720; x_wconf 88' lang='lat' dir='ltr'>A.</span> <span class='ocrx_word' id='word_1_796' title='bbox 1404 5665 1756 5736; x_wconf 83' lang='lat' dir='ltr'>Legirurhic</span> <span class='ocrx_word' id='word_1_797' title='bbox 1782 5669 1851 5726; x_wconf 75' lang='grc' dir='ltr'>1οε</span> 
     </span>
    </p>
   </div>
   <div class='ocr_carea' id='block_1_106' title="bbox 1459 5660 3081 5747">
    <p class='ocr_par' dir='ltr' id='par_1_106' title="bbox 1459 5665 3081 5743">
     <span class='ocr_line' id='line_1_106' title="bbox 1459 5665 3081 5743; baseline 0.001 -22"><span class='ocrx_word' id='word_1_798' title='bbox 1459 5665 1645 5736; x_wconf 73' lang='lat' dir='ltr'>agirur</span> <span class='ocrx_word' id='word_1_799' title='bbox 1660 5668 1756 5725; x_wconf 91' lang='lat' dir='ltr'>hic</span> <span class='ocrx_word' id='word_1_800' title='bbox 1782 5669 1946 5727; x_wconf 89' lang='lat' dir='ltr'>locus</span> <span class='ocrx_word' id='word_1_801' title='bbox 1967 5668 2029 5727; x_wconf 93' lang='lat' dir='ltr'>in</span> <span class='ocrx_word' id='word_1_802' title='bbox 2068 5671 2359 5739; x_wconf 87' lang='lat' dir='ltr'>oratione,</span> <span class='ocrx_word' id='word_1_803' title='bbox 2385 5674 2456 5731; x_wconf 85' lang='grc' dir='ltr'>είς</span> <span class='ocrx_word' id='word_1_804' title='bbox 2485 5671 2550 5721; x_wconf 82' lang='grc' dir='ltr'>τὰ</span> <span class='ocrx_word' id='word_1_805' title='bbox 2580 5668 2843 5741; x_wconf 72' lang='grc' dir='ltr'>ἐπιφάνια,</span> <span class='ocrx_word' id='word_1_806' title='bbox 2864 5683 2926 5743; x_wconf 91' lang='lat' dir='ltr'>p.</span> <span class='ocrx_word' id='word_1_807' title='bbox 2957 5666 3081 5724; x_wconf 83' lang='lat'>236.</span> 
     </span>
    </p>
   </div>
  </div>
