4108 6410
561 369 666 430 343
1891 355 2242 416 EUTHYMII

2282 350 2615 411 ZIGABENI
3831 346 3928 404 344

558 509 803 570 quoque
825 506 1041 565 genere
1076 489 1448 559 amicissimi,
1481 488 1655 545 citius
1681 503 1717 544 a
1743 488 1958 542 mutua
1978 487 2109 556 conj
2120 498 2224 539 un-

2344 482 2443 535 ἀπὸ
2479 490 2577 535 τῶν
2608 485 2679 553 μὴ
2720 483 3089 548 πιστευόντων,
3131 476 3189 541 ἧς
3222 488 3284 553 τῇ
3334 479 3530 553 ἀμάχῳ
3581 474 3804 549 δυνάμει
3849 473 3934 527 καὶ

561 587 753 643 ctione
777 586 916 639 sunt
944 581 1142 646 divisi,
1171 579 1460 651 facileque
1476 576 1783 633 abstracti.
1803 575 1961 633 Alibi
1983 577 2224 647 praster-

560 691 633 733 ea
660 674 1074 731 vehementem
1107 670 1230 741 ejus
1257 668 1623 725 activitatem
1666 666 2106 731 demonstrans,
2138 663 2222 718 di-

558 765 645 821 xit
676 786 688 818 :
720 765 924 834 Ignem
950 761 1078 816 veni
1126 760 1416 815 missurus
1443 757 1507 813 in
1556 764 1775 813 terram
1803 756 1872 811 ⁸⁵.
1918 753 2227 826 Siquidem

560 853 821 928 primum
839 849 1190 907 abscindere
1207 846 1535 919 oportebat,
1552 848 1714 917 quod
1731 847 1857 900 erat
1872 841 2227 899 immedicai.

559 942 723 999 bile:
758 939 972 997 deinde
1025 937 1337 1010 paciﬁcare
1384 940 1618 999 caetera,
1667 937 1724 989 et
1774 948 1917 1002 erga
1962 932 2227 1003 seipsum

564 1036 621 1088 et
649 1045 794 1101 erga
825 1032 1031 1085 Deum.
1055 1028 1302 1099 Propter
1326 1025 1441 1081 hoc
1472 1039 1615 1094 ergo
1641 1021 1853 1078 durius
1885 1022 1968 1077 ita
1995 1021 2228 1077 locutus

562 1122 671 1187 est,
704 1123 768 1176 ut
795 1118 888 1175 his
943 1116 1194 1188 cognitis
1225 1118 1432 1187 postea
1475 1128 1601 1169 non
1638 1112 1972 1168 turbentur.
2018 1109 2227 1167 Adhuc

562 1212 762 1267 autem
791 1222 1149 1271 sermonem,
1182 1205 1287 1277 qui
1313 1204 1388 1261 de
1417 1204 1533 1260 hoc
1565 1201 1757 1258 factus
1787 1204 1892 1266 est,
1922 1199 2224 1273 explanat,

560 1297 727 1355 brevi
750 1296 934 1353 verbo
956 1295 1230 1353 auditum
1252 1309 1464 1350 eorum
1488 1306 1791 1355 exercens,
1820 1305 1896 1347 ne
1918 1289 1997 1346 ob
2022 1305 2224 1345 rerum

561 1384 975 1445 difficultatem
998 1383 1342 1442 reclament.

636 1637 803 1693 Vers.
830 1639 919 1692 35.
958 1635 1102 1692 Veni
1120 1665 1189 1674 —
1211 1648 1430 1690 socrum
1447 1647 1634 1689 suam.
1663 1633 1704 1703 -ι-
1722 1630 1977 1687 Michaete
1997 1645 2007 1683 :
2030 1631 2223 1687 Filius

563 1725 979 1783 contumeliam
995 1724 1170 1795 faciet
1189 1724 1367 1792 patri,
1393 1728 1446 1778 et
1464 1721 1593 1791 filia
1612 1726 1920 1791 consurget
1942 1719 2224 1776 adversus

562 1819 814 1872 matrem
867 1829 1063 1883 suam,
1126 1827 1312 1867 nurus
1364 1810 1650 1866 adversus
1684 1824 1908 1865 socrum
1951 1824 2136 1877 suam,
2169 1814 2224 1867 et

561 1904 792 1960 inimici
814 1902 1068 1958 hominis
1096 1916 1291 1957 omnes
1316 1899 1623 1957 domestici
1648 1901 1777 1969 ejus
1806 1899 1874 1953 ³⁷.

633 1995 860 2048 Rursus
876 2007 979 2064 per
992 1991 1102 2046 hos
1115 1989 1520 2055 charissimos,
1540 1987 1963 2058 cognationem
1978 2003 2224 2043 omnem

562 2080 938 2153 signiﬁcavit.
974 2078 1382 2150 Propriissime
1405 2082 1607 2134 autem
1629 2076 1798 2142 dixit,
1832 2080 1898 2133 ut
1916 2076 2226 2133 hominem

560 2170 681 2225 sive
696 2168 888 2225 ﬁlium
907 2168 1197 2224 dissidere
1216 2166 1433 2223 faciam
1447 2165 1736 2222 adversus
1768 2169 1997 2237 patrem
2022 2182 2223 2233 suum,

558 2258 746 2313 ﬁliam
760 2261 961 2315 autem
975 2256 1266 2313 adversus
1280 2259 1535 2312 matrem
1548 2270 1737 2311 suam.
1760 2254 2066 2326 Siquidem
2080 2255 2224 2312 cha-

558 2346 747 2403 ‘riores
777 2349 917 2401 sunt
950 2362 963 2401 :
998 2344 1153 2401 ﬁlius
1183 2344 1431 2417 quidem
1484 2344 1658 2415 patri,
1692 2342 1808 2400 ﬁlia
1846 2359 1989 2400 vero
2026 2344 2221 2411 matri,

557 2439 802 2508 propter
828 2439 1050 2491 naturae
1077 2433 1546 2489 similitudinem.
1572 2433 1660 2489 Ad
1681 2432 1805 2488 haec
1834 2448 2055 2489 nurum
2087 2438 2225 2505 apte

559 2523 705 2581 dixit
724 2523 1014 2581 adversus
1032 2539 1270 2579 socrum
1289 2538 1464 2578 suam
1485 2521 1870 2578 dividendam
1897 2537 2026 2578 esse
2052 2541 2068 2588 ;
2102 2540 2226 2581 ma-

559 2627 750 2683 gnum
763 2613 923 2668 enim
939 2628 1078 2667 cum
1099 2610 1481 2668 observantia
1500 2610 1813 2683 pudorem,
1830 2612 2226 2669 reverentiam

561 2716 633 2756 ac
662 2700 1023 2773 obsequium
1050 2700 1412 2756 exhibebant
1434 2715 1623 2755 nurus
1653 2698 1942 2755 secribus.
1977 2699 2041 2754 1n
2072 2716 2228 2755 nuru

560 2793 761 2846 autem
814 2789 1173 2859 signiﬁcavit
1202 2793 1258 2844 et
1301 2803 1588 2859 generum
1624 2787 1909 2844 adversus
1951 2804 2227 2845 socerum

559 2894 737 2934 suum
758 2877 1186 2949 separandum.
1203 2876 1702 2950 Superiusitaque
1726 2876 2226 2948 simplicemface-

557 2972 651 3022 rat
681 2968 1179 3023 enumerationem
1208 2966 1414 3022 dicens
1445 2984 1457 3021 :
1487 2966 1698 3021 Prodet
1735 2967 1931 3036 frater
1963 2967 2225 3035 fratrem

558 3056 621 3112 in
654 3061 920 3121 mortem,
950 3062 1003 3114 et
1026 3064 1197 3126 pater
1220 3056 1413 3125 ﬁlium
1442 3056 1488 3090 ⁸⁸
1520 3072 1534 3121 ;
1566 3055 1664 3111 hic
1700 3070 1837 3110 vero
1865 3055 1978 3110 alio
2034 3057 2220 3113 modo

557 3145 936 3202 enumeravit
960 3144 1306 3201 naturaliori
1338 3143 1657 3216 magisque
1683 3144 1953 3217 proprio.
1985 3144 2158 3210 Quod
2173 3145 2221 3201 si

557 3233 849 3291 dissidere
866 3234 1007 3291 facit
1026 3234 1335 3291 hominem
1353 3233 1649 3290 adversus
1673 3249 1832 3299 eum,
1854 3234 1957 3305 qui
1976 3234 2110 3305 ipso
2132 3250 2222 3290 su-

558 3323 757 3394 perior
786 3327 896 3393 est,
936 3322 1127 3379 multo
1160 3322 1354 3393 magis
1385 3322 1677 3379 adversus
1710 3322 2053 3392 conjugem,
2087 3339 2223 3394 quae

559 3410 955 3484 ipsisubjecta
976 3416 1063 3467 est
1080 3410 1257 3481 :jllud
1277 3410 1438 3467 enim
1464 3409 1754 3474 naturale,
1769 3410 1884 3465 hoc
1911 3416 2110 3465 autem
2130 3427 2226 3467 as-

562 3499 806 3555 cititium
832 3503 939 3556 est.
960 3500 1211 3555 Proinde
1239 3499 1353 3555 hoc
1381 3498 1552 3569 quasi
1582 3498 1973 3555 manifestum
1992 3499 2228 3573 reliquit

561 3587 1036 3657 intelligendum.
1063 3588 1129 3643 1n
1163 3588 1548 3660 sequentibus
1574 3604 1713 3643 vero
1740 3587 1920 3643 etiam
1949 3604 2229 3660 expresse

564 3674 639 3730 de
661 3676 1020 3748 conjugibus
1053 3675 1565 3742 commemorabit,
1594 3675 1839 3733 dicens:
1872 3676 2091 3743 Omnis,
2128 3678 2232 3749 qui

565 3764 877 3835 reliquerit
897 3765 1149 3832 domum,
1181 3771 1285 3823 aut
1305 3767 1549 3836 fratres,
1583 3770 1690 3821 aut
1712 3780 1959 3832 sorores,
1994 3771 2096 3821 aut
2119 3781 2231 3835 pa-

566 3860 731 3921 trem,
758 3859 865 3909 aut
886 3861 1155 3924 matrem,
1187 3859 1293 3911 aut
1323 3869 1588 3919 uxorem,
1610 3860 1714 3910 aut
1739 3854 1909 3923 ﬁlios,
1928 3859 2031 3911 aut
2057 3870 2234 3925 agros

562 3934 807 4013 propter
836 3959 1043 4000 nomen
1072 3960 1281 4009 meum,
1312 3945 1587 4013 centupla
1628 3944 1892 4013 accipiet,
1919 3950 1973 4000 et
2004 3946 2138 4001 vita
2161 3959 2238 4001 (e-

569 4036 753 4088 terna
776 4034 1058 4091 sortietur
1089 4034 1485 4091 haereditatem
1516 4033 1589 4091 ⁸ο.

644 4120 809 4178 Vers.
844 4123 936 4181 36.
974 4124 1055 4179 Et
1096 4123 1325 4180 inimici
1356 4154 1423 4165 —
1469 4125 1616 4193 eius.
1663 4123 1786 4179 Hoc
1816 4122 2238 4195 propheticum

574 4214 665 4266 est
689 4211 964 4277 verbum,
989 4212 1211 4269 dictum
1231 4213 1376 4270 olim
1408 4213 1698 4269 adversus
1713 4214 1739 4267 ,Ι
1748 4212 1966 4279 udseos,
1990 4202 2238 4285 quando

575 4303 783 4358 contra
815 4317 879 4358 se
899 4302 1155 4359 invicem
1182 4301 1586 4358 dissensiones
1610 4300 1942 4357 habebant.
1970 4300 2236 4357 Christus

576 4394 780 4448 autem
801 4396 1137 4464 opportune
1160 4391 1387 4463 aptavit
1417 4390 1507 4445 his
1532 4406 1668 4462 quae
1692 4390 1847 4446 dicta
1863 4395 2023 4457 sunt,
2057 4390 2239 4461 signi-

574 4484 767 4540 ﬁcans
792 4481 959 4555 quod
988 4495 1199 4537 omnes
1229 4479 1541 4536 domestici
1571 4479 1699 4551 ejus
1753 4480 1859 4553 qui
1909 4479 2240 4536 crediturus

578 4575 685 4637 est,
718 4570 944 4626 inimici
974 4571 1102 4641 ejus
1128 4568 1476 4625 efﬁcientur.

655 4663 816 4717 Vere.
845 4663 939 4717 37.
972 4659 1085 4727 Qui
1112 4662 1345 4715 amat—
1366 4658 1598 4730 dignus.
1624 4658 1725 4713 Hic
1746 4673 1991 4732 quoque
2008 4659 2082 4715 de
2101 4658 2240 4715 solis

583 4748 1050 4807 ascendentibus
1070 4748 1631 4814 etdescendentibus
1646 4747 1707 4803 in
1722 4763 2089 4821 unoquoque
2120 4749 2241 4805 dis-

584 4839 780 4911 seruit,
819 4842 1106 4910 tanquam
1126 4837 1322 4908 magis
1346 4836 1605 4909 propriis
1623 4842 1677 4891 et
1699 4835 2113 4892 familiaribus.
2136 4836 2245 4903 Qui

584 4933 771 4997 amat,
804 4928 1016 5002 inquit,
1042 4926 1175 4983 illos
1208 4942 1390 5000 supra
1420 4941 1516 4982 me
1546 4940 1558 4981 :
1592 4941 1734 4982 nam
1768 4925 2017 4999 quando
2047 4926 2131 4982 illi
2160 4926 2245 4999 pii

586 5022 745 5087 sunt,
773 5018 1092 5077 honestum
1113 5020 1200 5073 est
1225 5015 1353 5073 illos
1382 5030 1604 5073 amare.
1640 5016 1882 5088 Semper
1902 5018 2100 5073 autem
2135 5031 2248 5073 ma.

584 5108 715 5168 lum
752 5112 841 5167 est
867 5120 1072 5167 amare
1096 5104 1231 5164 illos
1263 5120 1450 5179 supra
1483 5106 1693 5162 Deum.

2254 3207 2294 3262 C

2336 571 2478 624 αὐτὰ
2518 574 2584 623 τὰ
2613 570 2829 643 φίλτατα
2873 572 2994 641 γένη
3054 572 3238 622 θᾶττον
3290 566 3692 625 διεσπάσθησαν
3752 564 3807 617 ἐκ
3848 572 3934 627 τῆς

2337 660 2563 718 ἀλλήλων
2630 664 2928 731 συναφείας,
2985 664 3075 711 καὶ
3124 659 3353 730 εὐχερῶς
3398 655 3790 731 ἀπερράγησαν.
3839 657 3935 709 Καὶ

2340 748 2575 821 ἀλλαχοῦ
2617 745 2675 801 δε
2727 752 2784 799 τό
2837 744 3065 820 σφοδρὸν
3111 747 3274 809 αὐτῆς
3324 752 3415 799 καὶ
3470 743 3796 819 δραστήριον
3849 742 3934 815 ἐμ-

2338 842 2528 911 φαίνων
2598 841 2815 913 εἷρηκεν,
2886 838 2966 889 ὅτι
3028 843 3138 911 Πῦρ
3216 837 3370 894 ἦλθον
3453 833 3627 907 βαλεῖν
3697 831 3784 885 ἐπὶ
3848 837 3933 890 τήν

2334 936 2454 1000 γῆν.
2514 924 2663 981 Ἔδει
2708 928 2834 999 γὰρ,
2894 922 3001 978 ἔδει
3049 933 3252 1000 πρῶτον
3307 923 3635 983 ἀποκοπῆναι
3686 924 3747 974 τὸ
3796 920 3933 973 ἁνιάο

2335 1037 2433 1077 τως
2476 1019 2622 1088 ἔχον,
2665 1012 2775 1068 εἶτα
2802 1017 2862 1067 τὸ
2909 1015 3087 1067 λοιπὸν
3137 1014 3452 1088 είρηνεῦσαι,
3509 1016 3638 1085 πρός
3674 1030 3729 1064 τε
3768 1010 3930 1080 ἑαυτό,

2340 1111 2432 1158 καὶ
2462 1110 2587 1181 πρὸς
2616 1108 2703 1158 τὸν
2735 1109 2883 1159 Θεόν.
2918 1106 3013 1158 Διὰ
3040 1111 3192 1157 τοῦτο
3239 1107 3413 1156 τοίνυν
3464 1103 3623 1162 οὕτως
3672 1099 3936 1171 ἀποτόμως

2338 1191 2496 1264 εἶπεν,
2586 1197 2670 1247 ἶνα
2725 1200 3062 1266 γινώσκοντες
3136 1200 3323 1261 ταῦτα,
3414 1196 3484 1264 μὴ
3565 1191 3933 1264 ταράττωνται.

2339 1283 2713 1359 Προσεξωπλοῐ
2767 1279 2826 1336 δὲ
2864 1286 2952 1335 καὶ
3003 1284 3079 1334 ἔτι
3116 1286 3203 1334 τόν
3242 1286 3359 1355 περὶ
3410 1284 3588 1333 τούτου
3628 1279 3803 1349 λόγον,
3854 1298 3937 1348 γυ-

2341 1373 2550 1446 μνάζων
2592 1377 2684 1431 τὴν
2734 1371 2893 1430 ἀκοὴν
2948 1371 3113 1424 αὐτῶν
3168 1379 3230 1444 τῇ
3279 1373 3580 1446 τραχύτητι
3618 1377 3720 1421 τῶν
3774 1366 3934 1441 ῥημά-

2332 1482 2453 1529 των,
2489 1464 2571 1515 ἶνα
2599 1467 2669 1535 μὴ
2718 1463 2765 1514 ἐν
2813 1469 2875 1535 τῇ
2927 1458 3188 1533 δυσκολίᾳ
3219 1469 3318 1513 τῶν
3361 1462 3683 1534 πραγμάτων
3716 1456 3934 1528 ἰλιγγιά-

2338 1572 2528 1607 σωσιν.

2403 1641 2593 1694 Ἦλθον
2656 1672 2723 1681 -
2767 1648 2861 1699 τῆς
2907 1641 3153 1712 πενθερᾶς
3206 1638 3387 1699 αὐτῆς.
3443 1636 3602 1710 [(3ἰι)
3657 1640 3929 1708 Μιχαίου·

2336 1732 2570 1805 θυγάτηρ
2648 1729 3069 1787 ἐπαναστήσεται
3150 1727 3235 1779 ἐπὶ
3300 1732 3393 1786 τὴν
3475 1731 3681 1800 μητέρα
3765 1724 3931 1789 αὐτῆς,

2266 1822 2509 1892 Βνύμφη
2601 1818 2685 1871 ἐπὶ
2740 1823 2833 1877 τὴν
2908 1820 3153 1891 πενθερὰν
3212 1817 3415 1877 αὐτῆς·
3484 1815 3674 1889 ἐχθροὶ
3734 1810 3930 1887 ἀνδρὸς,

2336 1911 2521 1969 πάντες
2553 1910 2600 1960 οἱ
2631 1906 2678 1959 ἐν
2708 1916 2780 1978 τῷ
2819 1909 2942 1978 οἴκῳ
2974 1907 3153 1960 αὐτοῦ.
3183 1904 3205 1978 ]

2416 1999 2576 2049 Πάλιν
2611 1993 2705 2049 διὰ
2750 2004 2850 2048 τῶν
2890 1995 3144 2067 φιλτάτων
3192 1997 3409 2062 τούτων,
3456 1999 3709 2046 παντοίαν
3765 1998 3935 2065 συγγέ-

2336 2106 2472 2140 νειαν
2532 2086 2752 2157 ἐνέφηνε.
2813 2085 3117 2137 Οἰκειότατα
3174 2081 3232 2136 δε
3292 2081 3448 2153 εἶπεν,
3507 2085 3781 2156 ἄνθρωπον
3834 2087 3930 2154 μὲν,

2338 2178 2498 2228 εἶτουν
2553 2177 2685 2241 υἱόν,
2740 2172 2925 2227 διελεῖν
2981 2176 3117 2226 κατὰ
3166 2182 3258 2225 τοῦ
3314 2177 3506 2247 πατρὸς
3546 2174 3731 2243 αὐτοῦ,
3791 2176 3933 2245 θύγα-

2335 2268 2458 2338 τέρα
2505 2260 2564 2315 δὲ
2610 2266 2747 2315 κατὰ
2788 2270 2881 2324 τῆς
2923 2268 3117 2335 μητρός
3168 2262 3362 2323 αὐτῆς·
3417 2261 3646 2335 φίλτεροι
3686 2264 3787 2337 γὰρ
3836 2264 3935 2323 υὶος

2336 2356 2426 2424 μεν
2484 2357 2667 2424 πατρὶ,
2718 2353 2952 2425 θυγάτηρ
3011 2350 3068 2404 δε
3137 2356 3316 2425 μητρὶ,
3383 2347 3455 2403 δι’
3515 2353 3805 2422 ὁμοιότητα
3854 2353 3935 2421 φύ-

2338 2461 2485 2503 σεως.
2548 2446 2648 2493 Καὶ
2706 2446 2794 2499 τὴν
2847 2444 3049 2512 νύμφην
3108 2437 3167 2492 δὲ
3236 2440 3388 2500 αὖθις
3452 2436 3722 2512 ἁρμοδίως
3777 2443 3934 2511 εἴρηκε

2339 2528 2572 2602 διχάσαι
2601 2532 2736 2581 κατὰ
2772 2538 2865 2591 τῆς
2897 2531 3137 2603 πενθερᾶς
3170 2529 3350 2590 αὐτῆς.
3389 2528 3585 2586 Πολλὴν
3631 2531 3738 2602 γὰρ
3788 2524 3929 2591 αὶδώ,

2335 2625 2425 2672 καὶ
2468 2624 2647 2690 τιμὴν,
2705 2624 2794 2671 καὶ
2850 2620 3121 2692 θεραπείαν
3172 2626 3425 2691 παρεῖχον
3478 2621 3533 2669 αἱ
3580 2638 3781 2691 νύμφαι
3834 2613 3930 2677 ταῖς

2336 2711 2621 2783 πενθεραῖς.
2688 2710 2783 2759 Διὰ
2840 2704 2898 2759 δε
2970 2716 3065 2768 τῆς
3134 2710 3352 2779 νύμφης,
3405 2703 3637 2764 ἐδήλωσε
3703 2712 3793 2760 καὶ
3855 2711 3932 2758 τὸν

2335 2802 2551 2869 νυμφίον
2622 2799 2757 2848 κατά
2812 2804 2903 2847 τοῦ
2961 2799 3205 2870 πενθεροῦ
3279 2792 3653 2867 δικαζόμενον,
3736 2798 3929 2849 Ὀπίσω

2336 2890 2425 2957 μὲν
2477 2883 2565 2938 οὖν
2623 2886 2789 2944 ἁπλῆν
2844 2884 3205 2957 ἀπαρίθμησιν
3265 2884 3568 2954 ἐποιήσατο,
3626 2885 3803 2949 εἰπὼν,
3861 2886 3932 2935 ὅτι

2337 2971 2652 3048 Παραδωσει
2702 2971 2919 3045 ἀδελφός
2967 2970 3184 3045 ἀδελφόν
3225 2974 3298 3035 εἰς
3349 2975 3587 3038 θάνατον,
3626 2978 3720 3026 καὶ
3769 2976 3931 3045 πατὴρ

2334 3067 2504 3115 τέκνον
2541 3080 2551 3092 ’
2632 3062 2853 3115 ἐνταῦθα
2933 3058 2992 3114 δε
3076 3068 3264 3135 τρόπον
3319 3063 3485 3137 ἕτερον
3534 3061 3932 3135 ἀπηριθμήσατο

2337 3154 2688 3221 φυσικώτερον
2725 3170 2776 3202 τε
2815 3155 2903 3203 καὶ
2952 3156 3353 3224 σχετικώτερον,
3414 3150 3471 3203 Εἰ
3517 3147 3575 3203 δὲ
3604 3153 3693 3203 τόν
3742 3152 3931 3224 ἅνθρω-

2335 3257 2429 3289 πον
2494 3234 2720 3308 διχάσει
2772 3242 2905 3291 κατὰ
2950 3247 3042 3291 τοῦ
3101 3240 3465 3311 ὑπερκειμένου
3522 3242 3725 3313 πατρὸς
3763 3238 3930 3304 αὑτοῦ,

2336 3327 2504 3397 πολλῷ
2547 3327 2735 3399 μᾶλλον
2788 3331 2924 3380 κατὰ
2968 3336 3059 3388 τῆς
3115 3330 3455 3399 ὑποκειμένης
3495 3328 3635 3399 αύτῷ
3690 3330 3931 3399 συζύγου.

2335 3422 2439 3467 Τοῦ
2470 3419 2560 3488 μεν
2590 3418 2690 3489 γὰρ
2727 3419 2901 3487 φύσει,
2941 3425 3035 3478 τῆς
3090 3413 3147 3469 δε
3204 3419 3342 3469 θέσει
3387 3420 3443 3469 τὸ
3491 3416 3719 3489 φίλτρον.
3758 3421 3935 3489 Τιμιὼ-

2337 3523 2481 3578 τερον
2533 3501 2592 3555 δὲ
2636 3508 2693 3556 τό
2727 3525 2876 3576 φυσει
2907 3512 2997 3557 τοῦ
3050 3507 3205 3558 θέσει.
3252 3508 3446 3557 Λοιπὸν
3483 3506 3591 3572 οὖν,
3642 3508 3713 3566 ὡς
3767 3502 3931 3569 δῆλον,

2340 3590 2504 3664 ἀφῆκε
2553 3590 2706 3645 τούτο
2758 3595 3014 3650 νοεῖσθαι.
3076 3597 3273 3665 Προῑὼν
3331 3590 3389 3645 δὲ
3445 3594 3616 3668 ῥητῶς
3690 3599 3779 3646 καὶ
3828 3597 3936 3667 περὶ

2338 3690 2437 3733 τῶν
2504 3682 2744 3752 συζύγων
2804 3678 3045 3746 διέξεισι,
3109 3682 3289 3752 λέγων,
3348 3684 3428 3734 ὅτι
3487 3689 3586 3745 πᾶς
3641 3682 3694 3743 ὃς
3759 3680 3933 3753 ἀφῆκεν

2342 3770 2528 3837 οἰκίαν,
2568 3773 2597 3829 ἣ
2638 3768 2908 3842 ἀδελφούς,
2958 3772 2987 3830 ἡ
3036 3768 3281 3844 ἀδελφὰς,
3318 3773 3347 3830 ἣ
3398 3776 3616 3843 πατέρα,
3658 3773 3689 3831 ἦ
3727 3775 3932 3844 μητέρα,

2345 3863 2373 3919 ἡ
2416 3869 2661 3932 γυναῖκα,
2708 3862 2735 3919 ἡ
2788 3864 2959 3929 τέκνα,
3013 3860 3041 3918 ἢ
3093 3860 3302 3936 ἀγρούς,
3353 3862 3511 3913 ἕνεκεν
3555 3870 3647 3913 τοῦ
3704 3861 3937 3933 ὀνόματός

2344 3968 2468 4020 μου,
2518 3949 3022 4002 ἑκατονταπλασίονα
3085 3948 3328 4021 λήψεται,
3402 3954 3491 4002 καὶ
3540 3951 3681 4011 ζωὴν
3746 3950 3935 4002 αἰώνιον

2345 4038 2637 4112 κληρονομή
2650 4058 2748 4093 σει.

2420 4131 2521 4181 Καὶ
2563 4126 2748 4201 ἐχθροὶ
2795 4160 2863 4167 —
2914 4127 3093 4180 αὐτοῦ.
3146 4135 3311 4182 Τοῦτο
3359 4134 3681 4203 προφητικὸν
3730 4128 3837 4181 ἐστι
3884 4129 3935 4177 τὸ

2344 4216 2501 4290 ῥητόν
2542 4215 2725 4288 λεχθὲν
2778 4216 2938 4269 πάλαι
2995 4218 3131 4269 κατὰ
3186 4226 3284 4270 τῶν
3340 4216 3632 4284 Ἰουδαίων,
3703 4220 3785 4271 ὅτε
3834 4214 3935 4268 κατ’

2346 4305 2575 4364 ἀλλήλων
2616 4304 2952 4377 ἐσχίσθησαν
2987 4325 2999 4338 ο
3033 4308 3057 4356 ὁ
3114 4303 3193 4359 δε
3223 4311 3453 4379 Χριστός
3505 4307 3757 4382 εύκαίρως
3798 4312 3937 4358 τοῦτο

2345 4401 2447 4454 τοῖς
2493 4399 2848 4466 προκειμένοις
2898 4400 3258 4468 προσήρμοσε,
3311 4392 3502 4463 δηλῶν,
3555 4398 3636 4448 ὅτι
3684 4399 3862 4455 πάντες
3898 4393 3939 4444 οἱ

2348 4483 2529 4535 οἰκεῖοι
2584 4490 2675 4535 τοῦ
2719 4483 2979 4556 μελλοντος
3032 4486 3292 4537 πιστεύειν
3350 4483 3537 4559 ἐχθροὶ
3590 4488 3757 4558 τούτῳ
3801 4488 3940 4557 γενή-

2272 4570 2316 4625 D
2352 4590 2552 4625 σονται.

2418 4660 2477 4713 Ὀ
2531 4660 2685 4733 φιλῶν
2744 4692 2811 4702 -
2873 4661 3031 4724 οῖξιος.
3110 4660 3388 4715 Κάνταῦθα
3455 4667 3573 4737 περὶ
3632 4667 3796 4735 μόνων
3850 4668 3940 4713 τῶν

2353 4748 2592 4802 ἀνιόντων
2648 4756 2738 4803 καὶ
2797 4755 3077 4803 κατιόντων
3158 4750 3231 4823 ἐφ’
3282 4751 3486 4824 ἑκάστῳ
3562 4749 3815 4821 διελαϐεν,
3880 4752 3941 4808 ὡς

2353 4838 2690 4913 οἰκειοτέρων.
2743 4839 2801 4891 Ὀ
2865 4840 3039 4912 φιλῶν,
3105 4845 3285 4913 φησὶν,
3358 4841 3568 4911 αὐτοὺς,
3625 4843 3771 4916 ὑπὲρ,

2351 4928 2474 4981 "Ore
2526 4933 2615 5000 μεν
2671 4930 2768 5004 γὰρ
2831 4929 3152 4995 εὐσεϐοῦσιν,
3209 4928 3362 4982 καλὸν
3405 4934 3462 4982 τὸ
3521 4930 3680 5002 φιλεῖν
3727 4929 3938 4988 αὐτούς·

2356 5016 2435 5070 ἀεὶ
2476 5013 2534 5072 δε
2560 5020 2739 5084 κακόν,
2777 5020 2835 5070 τό
2864 5018 3022 5090 φιλεῖν
3054 5018 3243 5082 αύτούς
3273 5020 3400 5093 ὑπὲρ
3422 5023 3506 5072 τόν
3538 5023 3686 5074 Θεόν.

659 5263 706 5298 ⁸⁸
734 5261 873 5319 Luc.
902 5275 997 5327 xu,
1023 5261 1113 5317 49.
1149 5258 1191 5294 ³⁷
1226 5256 1400 5315 Mich.
1423 5271 1524 5323 vn,
1558 5260 1615 5315 6.
1657 5258 1704 5294 ³⁸
1727 5255 1929 5315 Matth.
1967 5271 2027 5322 x,
2061 5258 2149 5311 2t.
2180 5256 2226 5292 ³ο

2340 5256 2450 5315 tth.
2480 5272 2597 5322 xix,
2625 5261 2717 5315 29.

1821 5434 2045 5504 Variae
2066 5433 2396 5504 lectiones
2427 5444 2493 5504 et
2526 5449 2726 5505 notae.

665 5628 775 5701 (34)
808 5631 939 5686 Haec
968 5646 1104 5705 quae
1130 5630 1362 5689 inclusa
1395 5634 1554 5702 sunt,
1586 5639 1832 5707 uterque
1864 5632 2053 5688 Codex
2090 5631 2275 5689 habet
2304 5631 2367 5689 in
2405 5634 2687 5705 margine.
2709 5634 2891 5693 Paulo
2913 5635 3159 5693 inferius
3196 5636 3457 5698 habebat
3490 5638 3828 5697 Hentenius.
