4108 6398
219 354 317 415 ὃιῖ)
1225 354 1599 415 COMMENT.
1641 357 1712 412 IN
1750 354 2203 413 MATTHEUM.
2242 386 2310 397 —
2343 354 2506 412 CAP.
2548 352 2644 410 XI.
3500 352 3609 410 346

296 487 394 537 [αἱ
422 481 475 544 ὃς
498 513 566 523 -—
597 482 773 547 ἄξιος.
808 487 1038 561 Σταυρὸν
1066 485 1223 557 λέγει,
1249 487 1336 538 τὸν
1366 486 1496 557 πρὸς
1523 485 1590 536 τὰ
1616 481 1842 556 βιωτικὰ
1870 484 1916 537 Α

2022 483 2188 538 Vers.
2222 481 2312 537 38.
2348 482 2423 538 Et
2452 481 2557 553 qui
2591 512 2661 522 —
2700 480 2931 553 dignus.
2970 481 3218 537 Crucem
3249 482 3425 535 vocat
3455 494 3608 535 mor-

231 576 469 637 θςίνατον,
520 568 553 624 δ
561 576 661 624 ιὸτι
694 574 992 647 θανάσιμον
1022 571 1083 633 ἦν
1123 578 1338 649 ὄργανον
1377 575 1403 625 ὁ
1436 575 1675 647 σταυρὸς.
1721 575 1837 645 Χρὴ

1987 587 2067 626 3m
2107 570 2184 627 ad
2216 586 2285 627 ea
2314 587 2445 643 quae
2480 570 2690 626 mundi
2730 575 2869 625 sunt
2912 588 2924 628 :
2967 568 3109 642 quia
3139 568 3349 624 mortis
3393 568 3609 624 instru-

222 664 327 737 γὰρ
358 666 450 713 τὸν
503 659 808 715 ἀκολουθεῖν
838 663 1086 735 μέλλοντα
1136 672 1207 735 τῷ
1238 670 1472 737 Χριστῷ,
1527 663 1842 736 νεκρωθῆναι

1986 664 2219 716 uentum
2267 665 2392 715 erat
2437 676 2603 715 crux.
2654 660 2896 731 Oportet
2945 658 3104 714 enim
3148 673 3284 714 eum
3316 658 3416 730 qui
3452 657 3608 713 Chri-

223 754 352 822 πρός
384 754 477 811 τὰς
528 754 793 824 κοσμικὰς
822 749 1040 821 ἡδονὰς,
1094 754 1162 814 ὡς
1203 751 1401 812 ὶκεῖνος.
1449 749 1753 806 Ἀκολουθεί
1782 746 1842 803 δι

1986 754 2105 805 tum
2121 752 2427 804 secuturus
2448 752 2556 814 est,
2573 753 2873 805 mortuum
2896 763 3028 803 esse
3042 749 3118 803 ad
3143 747 3485 803 mundanas
3510 763 3608 802 vo-

223 840 401 893 ὀπίσω
432 840 622 909 αὐτοῦ,
652 846 758 902 πᾶς
788 841 815 892 ὀ
851 839 1047 915 βαίνων
1096 840 1210 893 κατ’
1268 844 1419 915 ἴχνος
1457 847 1552 901 τῆς
1580 840 1843 902 πολιτείας

1984 842 2229 911 uptates,
2262 838 2417 894 sicut
2444 837 2561 895 ille.
2584 837 2860 910 Sequitur
2888 841 3087 893 autem
3111 836 3299 905 illum,
3331 834 3606 910 quisquis

221 929 413 983 αὑτοῦ.
1951 942 2050 1000 per
2077 926 2334 996 vestigia
2359 926 2829 983 conversationis
2860 926 2990 997 ejus
3017 924 3256 981 incedit.

292 1018 352 1071 Ὀ
383 1048 457 1058 —
492 1016 740 1072 ἀπολέσει
760 1017 944 1077 αὐτὴν.
966 1050 1031 1060 -
1051 1018 1110 1072 Ὀ
1139 1020 1318 1095 εὑρὼν,
1350 1015 1463 1072 ἀντὶ
1483 1025 1594 1089 τοῦ,
1622 1016 1680 1071 Ὀ
1718 1037 1839 1092 κερ-

2026 1015 2189 1072 Vers.
2236 1020 2322 1073 39.
2361 1016 2473 1083 Qui
2501 1048 2569 1057 —
2598 1015 2795 1087 perdet
2823 1030 2973 1073 eam.
3007 1015 3118 1080 Qui
3146 1014 3458 1080 invenerit,
3489 1013 3604 1069 hoc

216 1100 394 1168 δάνας
418 1105 589 1165 αὐτὴν
620 1108 669 1159 ἐν
698 1116 864 1183 καιρῷ
889 1113 1202 1184 μαρτυρίου,
1230 1112 1319 1160 καὶ
1347 1112 1418 1181 μὴ
1440 1106 1695 1169 ἀπολέσας
1725 1106 1838 1178 (35)

1986 1108 2057 1175 st,
2090 1104 2352 1160 lucratus
2392 1104 2568 1160 fuerit
2614 1110 2878 1177 tempore
2912 1103 3204 1176 martyrii,
3241 1107 3305 1160 et
3328 1118 3451 1159 non
3482 1117 3606 1176 per-

216 1194 389 1253 αὐτὴν
422 1191 501 1248 δι’
531 1194 861 1270 ἀναιρέσεως,
894 1196 1042 1260 οὗτος
1074 1195 1313 1251 ἀπολέσει
1334 1196 1514 1267 αὐτὴν,
1554 1194 1603 1248 ἐν
1621 1202 1692 1266 τῷ
1720 1194 1838 1268 μέλ-

1979 1193 2163 1250 Iiderit
2214 1209 2321 1267 per
2371 1198 2647 1261 mortem,
2696 1193 2794 1250 hic
2846 1193 3052 1266 perdet
3097 1209 3232 1250 eam
3282 1193 3345 1248 in
3401 1191 3601 1248 futuro

209 1282 363 1336 λοντι
392 1288 577 1351 αἰῶνι,
638 1290 929 1355 τουτέστιν,
993 1285 1061 1348 εἰς
1092 1286 1306 1340 κόλασιν
1360 1284 1589 1359 ἐμϐαλεῖ,
1623 1288 1692 1346 ὡς
1718 1304 1831 1360 προ·

1982 1282 2191 1347 ωουιο,
2238 1283 2351 1338 hoc
2407 1287 2517 1348 est,
2575 1282 2638 1339 in
2690 1282 3049 1354 supplicium
3101 1282 3343 1354 injiciet,
3391 1295 3604 1352 nempe

212 1368 531 1426 δεδωκυῖαν
557 1378 655 1433 τὴν
693 1379 894 1428 πίστιν.

725 1379 894 1427 πίστιν.
1948 1371 2177 1443 perdita
2203 1372 2347 1428 ﬁde.

290 1466 398 1514 Καὶ
431 1462 461 1514 ὁ
494 1493 562 1503 -
598 1464 810 1537 εὑρήσει
839 1464 1019 1524 αὐτήν.
1048 1463 1108 1518 Ὀ
1162 1460 1221 1518 δι
1250 1462 1543 1540 ἀφαιρεθεὶς
1573 1464 1735 1522 αὐτὴν
1766 1459 1840 1516 δι’

2020 1462 2181 1516 Vers.
2206 1461 2294 1516 39.
2324 1461 2403 1517 Et
2423 1460 2526 1532 qui
2546 1491 2608 1500 —
2636 1460 2895 1517 inveniet
2921 1475 3071 1518 eam.
3094 1459 3194 1515 Cui
3217 1458 3416 1516 ablata
3433 1458 3605 1515 fuerit

333 1552 490 1625 παρὰ
517 1560 625 1603 τῶν
658 1550 912 1621 ἀπίστων,
973 1554 1123 1616 οὗτος
1157 1554 1368 1627 εὑρήσει
1423 1552 1614 1626 μᾶλλον
1653 1553 1832 1619 αὐτὴν,

1972 1565 2076 1607 nea
2093 1566 2275 1606 causa
2295 1550 2373 1606 ab
2394 1549 2762 1620 inﬁdelibus,
2784 1549 2880 1606 hic
2901 1549 3101 1621 potius
3126 1548 3386 1605 inveniet
3415 1548 3594 1615 illam,

212 1642 404 1709 ἤγουν,
434 1636 710 1715 κερδανεῖ,
744 1649 923 1698 σώσει.
978 1649 1153 1696 Ταῦτα
1201 1639 1260 1695 δὲ
1289 1642 1473 1713 ἔλεγεν,
1508 1640 1720 1714 ἀπάγων
1750 1646 1834 1714 μὲν

1985 1639 2068 1695 ive
2093 1639 2438 1704 lucrabitur,
2466 1639 2526 1695 id
2555 1643 2667 1706 est,
2690 1638 2971 1694 servabit.
2998 1641 3130 1694 Haec
3144 1641 3345 1695 autem
3369 1637 3607 1693 dicebat

211 1728 413 1789 αὐτοὺς
464 1738 567 1792 τῆς
621 1729 860 1801 ἀγεννοῦς
914 1730 1256 1803 φιλοψυχίας·
1297 1733 1607 1806 παραθήγων
1640 1728 1699 1784 δὲ
1734 1730 1833 1784 ἐπι-

1985 1726 2255 1784 ,dducens
2279 1728 2410 1783 illos
2435 1728 2512 1784 ab
2546 1728 2767 1798 ignavo
2792 1727 2923 1783 vitae
2953 1743 3178 1793 amore,
3207 1732 3264 1782 et
3288 1728 3365 1783 ad
3393 1731 3607 1797 marty-

208 1822 273 1868 το
306 1821 629 1893 μαρτύριον.
649 1820 755 1874 Καὶ
778 1818 1011 1892 ἀλλαχοῦ
1036 1818 1110 1893 [ἐν
1137 1820 1250 1892 (36)
1270 1829 1339 1891 τῷ
1366 1829 1660 1895 τριακοστῷ
1681 1825 1830 1893 τρίτᾷ

1983 1816 2106 1873 ium
2126 1832 2496 1888 provocans:
2516 1816 2683 1889 quod
2706 1816 2882 1873 etiam
2907 1815 3209 1872 tricesimo
3225 1815 3388 1872 tertio
3414 1816 3605 1887 capite

214 1907 484 1978 κεφαλαίῳ
513 1907 537 1981 ]
576 1905 638 1960 δε
661 1908 839 1977 παλιν,
862 1908 1038 1983 ἑτέρως
1059 1909 1083 1961 ὁ
1103 1913 1328 1984 Χριστὸς
1345 1913 1405 1962 τὸ
1425 1912 1588 1984 παρὸν
1609 1928 1836 1982 μετεχει-

1982 1905 2110 1963 acit.
2153 1909 2409 1962 Rursum
2456 1905 2597 1962 alibi
2630 1906 2793 1962 vario
2825 1906 3007 1962 modo
3043 1904 3312 1961 Christus
3341 1908 3604 1961 mentem

211 2000 412 2066 ρίσατο
456 1996 576 2068 (37)
609 2001 802 2070 νόημα.
872 2002 972 2051 Καὶ
1030 1996 1274 2061 πολλάκις
1324 1997 1403 2051 ἐπὶ
1443 1998 1639 2051 πολλῶν
1698 2000 1833 2051 εἶωθι

1822 2017 1841 2050 ε
1949 1994 2200 2069 impellit
2232 2012 2245 2051 :
2279 1994 2626 2068 saepiusque
2647 1995 2707 2051 id
2733 1996 2793 2050 in
2823 1995 3026 2052 multis
3057 1994 3248 2052 facere
3274 1993 3439 2051 solet.

208 2104 374 2137 τουτο
400 2105 598 2142 ποιειν,

286 2174 348 2225 ’0
392 2206 463 2215 —
512 2178 607 2227 τὸν
667 2174 1050 2228 ἀποστείλαντά
1104 2196 1186 2249 με.
1255 2184 1433 2230 Ταῦτα
1497 2174 1654 2245 εἶπεν,
1706 2178 1842 2232 ἀνοί-

2021 2175 2184 2230 Vers.
2228 2176 2316 2235 40.
2359 2173 2473 2242 Qui
2508 2204 2577 2214 —
2614 2188 2708 2230 me
2748 2172 2914 2229 misit.
2966 2173 3102 2230 Haec
3138 2172 3284 2229 dixit
3333 2171 3605 2245 aperiens

216 2284 331 2333 γιον
361 2271 468 2324 τοῖς
496 2266 771 2336 μαθηταῖς
823 2267 919 2327 τὰς
957 2265 1126 2327 οἰκίας
1182 2274 1280 2319 τῶν
1326 2272 1694 2322 πιστευόντων.
1759 2274 1838 2330 Τίς

1985 2262 2259 2335 ,ἰδοίριιιὶε
2301 2263 2520 2319 domos
2546 2262 2836 2318 ﬁdelium.
2875 2262 3016 2329 Quis
3054 2262 3214 2318 enim
3245 2261 3379 2317 laeta
3416 2261 3607 2317 fronte

216 2355 325 2425 γὰρ
384 2352 481 2405 οὐκ
534 2353 602 2405 ἂν
664 2353 942 2414 ἀσπασίως
992 2354 1180 2417 αὐτοὺς
1237 2355 1445 2424 ἕξενισε,
1497 2356 1687 2429 μελλων
1718 2358 1838 2411 ὑπο-

1984 2350 2083 2406 llos
2119 2366 2245 2408 non
2285 2352 2536 2423 excipiet
2565 2350 2852 2424 hospitio,
2894 2367 3001 2424 per
3026 2351 3190 2424 ipsos
3221 2355 3606 2423 suscepturus

213 2437 487 2503 δέξασθαι
530 2439 612 2495 δι’
645 2441 816 2494 αὐτῶν
838 2445 929 2515 μὲν
957 2446 1041 2496 τὸν
1076 2446 1218 2515 Υἱὸν,
1251 2441 1286 2497 δ
1292 2447 1346 2498 ιὰ
1369 2453 1460 2497 τοῦ
1488 2447 1610 2499 Υίοῦ
1642 2442 1721 2514 δὲ,
1754 2450 1835 2500 τὸν

1373 2453 1460 2497 τοῦ
1488 2447 1610 2499 rica
1642 2442 1721 2514 δὲ,
1754 2450 1841 2500 τὸν
1952 2438 2184 2508 Filium,
2219 2443 2273 2496 et
2306 2455 2413 2512 per
2440 2438 2677 2508 Filium,
2712 2439 2995 2497 Patrem?

211 2534 438 2604 Πατέρα
473 2546 487 2594 ς
2912 2596 2915 2599 η

284 2620 345 2671 Ὀ
378 2617 737 2690 --λήψεται⁸
796 2627 897 2674 Καὶ
944 2629 1111 2674 ταῦτα
1168 2619 1262 2675 διὰ
1312 2627 1406 2681 τὴν
1470 2624 1631 2683 αὐτὴν
1671 2625 1841 2678 αἰτίαν

2025 2618 2184 2673 Vers.
2234 2619 2323 2674 41.
2384 2618 2496 2687 Qui
2538 2649 2605 2659 —
2655 2618 2916 2687 accipiet.
2966 2617 3155 2675 Etiam
3191 2617 3319 2674 haec
3367 2623 3608 2690 propter

216 2712 422 2779 εἴρηκε.
506 2708 814 2771 Καθολικῶς
896 2707 955 2763 δὲ
1036 2721 1238 2786 πρῶτον
1319 2712 1653 2785 ἀποφαίνεται
1726 2719 1838 2787 περὶ

1989 2705 2232 2762 amdem
2272 2705 2423 2763 dixit
2470 2722 2739 2764 causam.
2779 2706 3135 2764 Generaliter
3173 2712 3374 2763 autem
3409 2706 3607 2778 primo

212 2795 397 2858 ἁπλῶς
462 2803 761 2872 προφήτου,
818 2804 909 2852 καὶ
958 2806 1076 2875 περὶ
1147 2800 1321 2864 ἁπλῶς
1377 2798 1588 2855 δικαίου
1648 2820 1660 2833 ’
1731 2801 1834 2856 εἶτα

1986 2794 2293 2866 impliciter
2336 2795 2412 2851 de
2449 2796 2742 2868 propheta
2786 2796 2981 2861 sentit,
3027 2813 3098 2852 ac
3149 2795 3496 2867 simpliciter
3532 2795 3608 2851 de

208 2886 461 2960 ἐπιφέρει
510 2892 634 2961 περὶ
683 2896 782 2940 τῶν
839 2890 1105 2960 μαθητῶν.
1140 2894 1295 2962 Λέγει
1340 2887 1418 2958 δὲ,
1452 2893 1532 2944 ὅτι
1572 2894 1597 2944 ὁ
1632 2892 1830 2955 ξενίζωι

1982 2888 2109 2939 usto
2138 2883 2411 2954 intelligit
2443 2884 2549 2956 (zz)
2586 2901 2599 2949 ;
2632 2888 2689 2940 et
2714 2883 2930 2940 deinde
2962 2885 3036 2939 de
3064 2884 3378 2957 discipulis
3408 2883 3604 2940 infert.

210 2982 524 3048 προφήτην,
586 2977 617 3034 ἡ
682 2976 852 3038 ἁπλῶς
902 2974 1130 3049 δίκαιον,
1186 2983 1259 3050 μὴ
1316 2981 1431 3033 κατ’
1480 2978 1752 3053 ἐπίδειξιν,
1806 2986 1832 3042 ἧ

1984 2970 2099 3027 licit
2139 2971 2300 3027 enim
2336 2990 2354 3031 :
2392 2972 2502 3038 Qui
2544 2973 2901 3045 prophetam
2944 2977 3047 3029 aut
3080 2973 3313 3044 justum
3350 2972 3606 3045 hospitio

210 3071 333 3117 τίνα
388 3071 595 3138 τρόπον
644 3063 1129 3139 ἐσχηματισμένον,
1187 3067 1293 3120 ἀλλ’
1349 3070 1418 3131 εἱς
1490 3074 1650 3143 ὄνομα
1709 3091 1832 3145 προ-

1984 3060 2186 3133 xcipit,
2206 3077 2327 3117 non
2345 3061 2421 3116 ad
2443 3060 3040 3127 demonstrationem,
3060 3066 3163 3117 aut
3180 3061 3299 3117 alio
3315 3061 3606 3134 quopiam

210 3159 402 3225 φήτου,
433 3155 465 3212 ἦ
510 3149 753 3223 δικαίου,
798 3159 1060 3221 τουτέστι,
1102 3153 1176 3209 δι’
1207 3156 1335 3210 αὐτό
1365 3162 1423 3211 τὸ
1468 3159 1832 3231 ὀνομάζεσθαι,

1982 3149 2234 3205 imulato
2267 3150 2471 3218 modo,
2504 3149 2610 3205 sed
2635 3149 2714 3206 ob
2741 3165 2962 3205 nomen
2986 3150 3292 3222 prophetas
3322 3149 3414 3204 vel
3437 3149 3603 3220 justi,

206 3248 301 3295 καὶ
329 3239 471 3295 εἶναι
516 3241 731 3311 αὐτοὺς,
784 3247 870 3295 τὸν
924 3247 1015 3316 μεν
1059 3251 1350 3320 προφήτην,
1395 3251 1481 3300 τὸν
1515 3246 1573 3301 δὲ
1610 3246 1828 3313 δίκαιον,

1987 3238 2011 3293 1
2054 3243 2160 3309 est,
2204 3242 2449 3310 propter
2489 3239 2605 3295 hoc
2643 3238 2841 3311 ipsum
2893 3239 3059 3311 quod
3114 3240 3504 3295 nominantur
3550 3243 3609 3296 et

208 3333 413 3401 μισθὸν
447 3338 725 3405 προφήτου
777 3331 1019 3404 λήψεται.
1075 3340 1240 3388 Τοῦτο
1293 3333 1350 3389 δ“ε
1382 3333 1573 3397 διπλῆν
1604 3340 1716 3410 ἔχει
1746 3344 1830 3398 τήν

1985 3332 2097 3393 unt,
2139 3326 2234 3383 ille
2282 3327 2588 3400 propheta,
2626 3332 2682 3384 et
2724 3327 2815 3383 hic
2843 3328 3058 3399 justus,
3099 3326 3435 3383 mercedem
3467 3341 3607 3399 pro-

208 3421 522 3492 ἑρμηνείαν·
572 3420 640 3474 Ἠ
700 3422 778 3474 ὅτι
829 3430 929 3473 τῶν
983 3426 1109 3475 ἴσων
1157 3425 1331 3487 αὐτοῖς
1388 3435 1550 3499 τιμῶν
1586 3428 1830 3491 καταξιω-

1985 3416 2139 3473 ιὶιθίεε
2171 3422 2227 3473 et
2250 3416 2395 3487 justi
2438 3417 2706 3489 accipiet.
2752 3417 2814 3473 Id
2850 3421 3049 3473 autem
3085 3416 3387 3488 duplicem
3424 3416 3607 3473 habet

212 3510 446 3567 θήσεται
498 3525 512 3537 ·
574 3513 709 3581 μῆνα
747 3513 845 3583 γὰρ
894 3516 981 3564 καὶ
1036 3515 1065 3571 ἡ
1118 3513 1393 3585 φιλοξενία,
1448 3521 1538 3569 καὶ
1589 3517 1834 3590 μᾶλλονή

1984 3506 2520 3577 uterpretationem.
2546 3506 2645 3561 Vel
2672 3505 2839 3579 quod
2861 3506 3189 3579 aequalibus
3220 3521 3359 3561 cum
3379 3504 3472 3561 his
3496 3505 3606 3562 ho—

208 3605 317 3648 τῶν
355 3600 693 3673 θεραπόντων
750 3608 841 3652 τοῦ
877 3609 1031 3655 Θεοῦ.
1098 3601 1166 3655 Ἦ
1212 3605 1292 3655 ὅτι
1348 3607 1538 3675 μισθὸν
1582 3608 1708 3679 ὑπὲρ
1748 3614 1830 3659 τοί

1985 3594 2192 3649 ,oribus
2222 3594 2442 3665 dignus
2468 3593 2808 3651 habebitur.
2834 3597 2983 3651 Nam
3012 3609 3238 3664 magna
3261 3609 3356 3650 res
3387 3599 3478 3650 est
3501 3595 3607 3651 ho-

210 3694 497 3759 προφήτου
556 3692 647 3741 καὶ.
704 3690 830 3761 ὑπὲρ
893 3698 984 3743 τοῦ
1017 3687 1224 3744 δικαίου
1270 3693 1511 3764 λήψεται.
1553 3700 1673 3770 Περὶ
1715 3715 1832 3772 προ-

1984 3682 2244 3755 pitalitas
2302 3701 2314 3739 :
2357 3687 2414 3739 et
2443 3684 2742 3755 praecipue
2792 3684 2841 3739 si
2881 3683 2983 3740 Dei
3017 3684 3137 3739 sint
3173 3681 3451 3748 cultores,
3502 3682 3606 3755 qui

211 3780 387 3845 φὴτου
430 3772 494 3829 δε
528 3782 768 3852 καὶπερὶ
808 3774 1019 3832 δικαίου
1042 3780 1215 3851 εἰπὼν,
1246 3778 1458 3850 ἔδειξεν,
1510 3786 1588 3836 ὅτι
1641 3788 1689 3836 οἱ
1737 3806 1833 3859 μα-

1980 3771 2345 3843 :xcipiuntur.
2400 3772 2512 3826 Aut
2560 3771 2727 3844 quod
2779 3772 3033 3828 dicendo
3085 3772 3423 3828 mercedem
3470 3787 3602 3844 pro-

216 3864 401 3927 θηταὶ,
459 3870 553 3917 καὶ
614 3874 895 3939 προφῆται,
961 3873 1049 3922 καὶ
1106 3866 1309 3925 δίκαιοι
1365 3874 1592 3931 ἔσονται.
1641 3872 1750 3928 Ἵνα
1782 3872 1838 3928 δὲ

1985 3860 2144 3916 thetin
2170 3869 2226 3914 et
2247 3860 2412 3931 justi,
2441 3860 2767 3916 ostenderit
2792 3861 3117 3932 discipulos
3136 3865 3193 3917 et
3215 3861 3534 3933 prophetas
3549 3863 3607 3917 et

212 3956 289 4021 μή
317 3952 657 4027 προϐᾱὶηταί
705 3975 784 4019 τις
822 3961 1016 4030 μενίαν,
1059 3960 1157 4033 ὅρα
1184 3964 1346 4034 πέχρι
1372 3966 1538 4014 πόσου
1580 3982 1834 4036 συγκατα·

1983 3954 2140 4004 ustos
2154 3948 2497 4006 futuros.Ne
2510 3949 2645 4022 quis
2659 3965 2798 4005 vero
2813 3949 3178 4022 paupertatis
3198 3951 3605 4007 velamentum

211 4038 413 4097 ϐαίνει.
1949 4037 2254 4103 obtendat,
2290 4038 2421 4094 vide
2442 4055 2759 4111 quousque
2786 4054 3125 4095 sermonem
3156 4038 3446 4095 demittat.

296 4136 400 4183 Καὶ
452 4162 526 4172 ——
572 4134 658 4183 τὸν
711 4135 901 4205 μισθὸν
950 4134 1137 4194 αὐτοῦ.
1216 4143 1465 4212 Μικροὺς,
1513 4144 1629 4202 τοὺς
1671 4144 1841 4214 μαθη-

2021 4128 2188 4183 Vers.
2230 4130 2318 4182 42.
2353 4127 2427 4182 Ει
2465 4157 2533 4169 --
2571 4126 2883 4183 mercedem
2920 4143 3105 4183 suam.
3152 4126 3409 4182 Pusillos
3454 4126 3605 4182 dixit

208 4220 311 4280 τὰς
342 4216 477 4291 εἶπε,
512 4216 791 4273 διδάσκων
822 4222 1006 4287 αὐτοὺς
1033 4234 1413 4299 μετριοφρονείν
1445 4244 1458 4259 ⁸
1501 4229 1712 4303 ψυχρὸν
1758 4229 1830 4301 δε,

1981 4215 2295 4288 liscipulos,
2327 4216 2545 4272 docens
2568 4232 2669 4271 eos
2699 4215 3057 4272 modestiam
3095 4229 3352 4270 servare.
3386 4217 3603 4288 Ψυχρὸν

208 4312 275 4359 τὸ
334 4305 491 4382 ὕδωρ
557 4315 743 4381 φησίν,
799 4310 858 4365 Ὀ
917 4316 1131 4386 Μάρκος
1184 4317 1285 4391 γὰρ
1327 4322 1583 4393 Ποτήριον
1644 4316 1830 4384 ὕδατος

1981 4305 2350 4362 ommuniter
2388 4305 2594 4361 dicunt
2636 4321 2858 4377 aquam
2906 4303 3209 4376 frigidam,
3247 4318 3603 4375 quanquam

206 4400 422 4471 εἴρηκε.
1476 4392 1479 4393 ⁷
1948 4392 2290 4465 simpliciter
2313 4408 2537 4464 aquam
2564 4392 2898 4463 signiﬁcare
2937 4396 3152 4465 potest.
3186 4392 3346 4448 Unde
3375 4394 3434 4447 et
3457 4392 3605 4448 Mar-

1947 4497 2053 4537 cus
2092 4482 2139 4517 ⁴⁰
2170 4486 2426 4557 Ποτὴριον
2453 4477 2668 4549 ὕδατος,
2700 4481 2762 4538 id
2792 4486 2894 4547 est,
2938 4480 3217 4538 Poculum
3247 4496 3409 4553 aqua:
3434 4479 3607 4538 abso-

1869 4535 1915 4589 D
1946 4535 2065 4625 ius
2096 4568 2263 4625 dixit.

291 4652 403 4700 Καὶ
486 4645 685 4718 ἐγένετο
750 4677 813 4688 -
892 4650 1080 4702 αὐτῶν.
1150 4653 1477 4722 Διατάσσων,
1548 4655 1662 4709 ἀντὶ
1722 4665 1835 4725 τοῦ,

2018 4657 2170 4712 CAP-
2206 4661 2290 4724 XI,
2324 4674 2476 4714 vers.
2522 4658 2571 4713 1.
2607 4658 2687 4714 Et
2724 4660 2955 4729 factum
2992 4664 3092 4714 est.
3124 4689 3191 4699 —
3216 4658 3486 4713 illorum.
3518 4654 3604 4725 -ι--ι-

210 4734 601 4809 Παραγίλλων,
664 4734 1027 4810 ἐντελλόμενος.
1084 4740 1283 4800 Μετέϐη
1336 4739 1395 4795 δὲ
1447 4742 1653 4811 ἐκεῖθεν,
1706 4747 1832 4799 ὥστε

1991 4749 2275 4816 ιατάσσων,
2305 4763 2414 4820 pro
2439 4747 2817 4818 praecipitem,
2850 4748 3078 4818 jubens.
3128 4747 3484 4817 Progressus
3516 4749 3606 4797 est

210 4820 519 4877 διδάσκειν
578 4828 667 4878 καὶ
722 4829 1007 4901 κηρύσσειν
1062 4826 1112 4880 ἓν
1160 4836 1271 4891 ταῖς
1317 4830 1501 4885 πόλεσι
1543 4841 1642 4885 τῶν
1672 4836 1832 4907 paen-

1983 4835 2088 4892 nde
2128 4835 2206 4893 ad
2236 4836 2568 4893 docendum
2608 4841 2664 4893 et
2700 4836 3155 4909 praedicandum
3181 4836 3241 4890 in
3267 4831 3605 4891 civitatibus

293 5003 345 5038 “
378 5002 568 5060 Marc.
596 5018 679 5072 1x,
709 5004 798 5061 41.

3606 5068 3621 5082 τ

3604 5086 3635 5104 υ

1483 5134 1709 5205 Variae
1740 5135 2065 5206 lectiones
2093 5147 2159 5205 et
2199 5146 2400 5206 notae.

680 5326 1132 5478 i3inargin_e.B.
1151 5398 1373 5478 _Eor_-um
1393 5396 1687 5478 loco,p_ost
1707 5402 1842 5475 μάρ-
1951 5348 2136 5473 κοξὲεἱ)
2166 5401 2413 5478 Mentem
2436 5400 2764 5472 impellere,
2797 5400 3061 5459 alienum
3083 5402 3186 5457 est.
3203 5399 3329 5457 Imo
3342 5402 3608 5457 tractare

239 5470 416 5545 τύρων,
468 5469 808 5528 Hentenius
868 5466 1100 5524 videtur
1150 5468 1365 5541 legisse
1396 5466 1625 5524 ὁκαὶ-ἕν
1654 5466 1726 5544 τῷ
1775 5466 1842 5513 -'—

694 5469 808 5525 tius
868 5466 1100 5524 videtur
1150 5468 1365 5541 legisse
1396 5466 1625 5524 anat'iv
1654 5466 1726 5544 τῷ
1775 5466 1842 5513 -'—
1951 5466 2316 5531 sententiam.

224 5650 383 5790 his“
422 5653 623 5715 3mm
654 5678 729 5693 --
762 5641 1086 5714 intelligit.
1136 5650 1201 5703 In
1247 5646 1450 5705 Graeco
1495 5650 1583 5707 est
1626 5648 1824 5708 solum
1871 5650 2231 5725 ἀποφαίνεται,
2275 5649 2439 5725 quod
2470 5649 2635 5708 reddi
2683 5652 2896 5723 potest,
2937 5648 3222 5723 loquitur,
3253 5649 3607 5707 sententiam
