4108 6380
556 384 659 442 347

556 509 1007 583 discipulorum,
1040 527 1074 568 a
1098 512 1319 584 quibus
1346 513 1427 569 illi
1453 512 1565 569 orti
1594 517 1758 569 erant
1790 528 1801 567 ε
1836 513 1956 569 sive
1987 512 2048 568 in
2078 512 2217 568 civi-

2330 520 2440 576 τῶν,
2504 511 2559 573 ἐξ
2608 511 2674 561 ὧν
2740 512 2999 586 ὥρμηντο.
3071 508 3160 583 [⁸3
3206 509 3322 582 (38)
3389 510 3574 582 αὐτῶν,
3626 517 3755 575 ἤτοι,
3808 524 3891 568 τῶν

560 601 782 657 tatibus
806 600 1144 657 Judaorum

738 690 895 745 CAP.
938 693 1042 747 XX.
1074 691 1158 748 De
1186 692 1495 763 discipulis
1524 710 1558 747 a
1582 694 1814 749 Joanne
1844 693 2056 749 missis.

629 871 788 924 Vers.
826 873 876 924 2.
911 872 1057 926 Cum
1086 876 1275 925 autem
1305 870 1562 926 Joannes
1592 871 1853 926 audisset
1899 902 1965 911 —
2011 885 2215 940 exspe-

565 966 793 1014 ctamus
822 961 850 1015 ?
878 962 1063 1014 Lucas
1086 976 1224 1015 vero
1252 960 1391 1015 dicit
1418 961 1486 1024 ιο,
1517 960 1681 1032 quod
1703 960 1819 1031 ipsi
1842 961 2219 1015 renuntiave-

557 1054 695 1103 runt
730 1051 901 1117 signa
936 1049 1173 1111 Joanni,
1208 1055 1261 1103 et
1314 1053 1447 1103 tunc
1480 1049 1631 1104 duos
1674 1049 1965 1120 quosdam
2002 1066 2068 1103 ex
2106 1048 2218 1103 illis

556 1136 738 1202 misit,
760 1138 926 1209 quod
940 1138 1381 1193 aemulationem
1408 1138 1533 1192 sive
1554 1137 1838 1193 invidiam
1861 1137 2215 1204 manifestat,

555 1240 741 1296 quam
760 1225 1055 1281 habebant
1079 1225 1171 1282 isti
1196 1226 1487 1281 adversus
1513 1225 1831 1281 Christum.
1857 1225 2000 1280 Misit
2017 1230 2218 1280 autem

554 1312 684 1367 illos
735 1314 995 1370 Joannes
1052 1316 1450 1384 interrogans,
1514 1330 1593 1370 an
1635 1315 1761 1385 ipse
1813 1322 1989 1378 esset,
2036 1330 2219 1386 quem

555 1406 878 1460 venturum
923 1420 1055 1458 esse
1094 1404 1375 1459 dicebant
1421 1404 1552 1459 libri
1592 1404 2047 1475 prophetarum,
2094 1418 2219 1459 non

558 1495 847 1563 tanquam
875 1492 1159 1563 ignorans
1192 1510 1207 1546 :
1237 1508 1355 1563 quo
1385 1493 1543 1547 enim
1569 1498 1743 1564 pacto
1768 1492 2086 1557 dubitaret,
2116 1492 2221 1563 qui

562 1585 737 1635 antea
752 1597 888 1636 cum
907 1582 1358 1652 praedicaverat,
1384 1588 1439 1638 et
1454 1582 1710 1654 propriis
1737 1581 2016 1637 manibus
2034 1581 2221 1651 bapti'

559 1675 813 1733 zaverat,
847 1686 916 1725 ac
946 1670 1205 1742 desuper
1244 1672 1645 1726 testimonium
1676 1670 1749 1725 de
1780 1686 1850 1725 eo
1882 1670 2214 1732 audiverat,

560 1758 955 1831 divinumque
999 1760 1276 1830 Spiritum
1331 1776 1512 1832 super
1564 1776 1701 1815 eum
1752 1758 2217 1814 descendentem

1887 384 2235 443 EUTHYMII
2277 385 2602 442 ZIGABENI
3796 390 3885 445 348

2326 597 2645 673 Ἰουδαίων].

2329 696 2472 744 ΚΕΦ.
2546 688 2616 742 κ’.
2702 693 2825 761 Περὶ
2898 697 2995 741 τῶν
3085 687 3474 741 ἀποσταλέντων
3540 692 3677 763 παρὰ
3747 691 3893 745 Ἰωάν-

3075 780 3184 832 νόυ.

3673 868 3790 933 ;Ὀ
3846 866 3895 923 δὲ

2329 959 2538 1018 Λουκᾶς
2570 976 2748 1028 φησιν,
2798 959 2877 1010 ὅτι
2930 957 3079 1009 αὐτοὶ
3147 956 3462 1029 ἀπήγγειλαν
3503 959 3569 1009 τά
3623 965 3799 1029 σημεῖα
3836 969 3895 1029 τῷ

2396 868 2648 927 Ἀκούσας
2697 864 2756 920 δὲ
2817 870 3053 929 Ἰωάννης
3116 898 3183 908 -
3236 864 3610 941 προσδοκῶμεν

2332 1047 2559 1118 Ἰωάννῃ,
2593 1052 2680 1098 καὶ
2738 1051 2851 1098 τότε
2882 1046 3075 1117 ἔπεμψε
3127 1043 3223 1097 δύο
3287 1048 3429 1106 τινάς
3469 1046 3520 1108 ἐξ
3576 1045 3754 1114 αὐτῶν,
3793 1049 3896 1120 ὅπερ

2328 1136 2559 1208 ἐμφαίνει
2612 1140 2705 1193 τὴν
2761 1135 3099 1201 ζηλοτυπίαν,
3153 1135 3211 1191 ἢν
3281 1133 3425 1205 εἶχον
3481 1134 3621 1186 οὗτοι
3684 1139 3799 1209 πρὸς
3826 1139 3899 1187 τόν

2330 1229 2579 1300 Χριστόν.

2330 1313 2373 1365 εἰ
2426 1313 2581 1375 αὑτός
2639 1312 2795 1378 ἐστιν,
2859 1314 2910 1365 ὃν
2972 1315 3227 1385 ἔρχεσθαί
3280 1332 3436 1385 φασιν
3496 1315 3549 1363 αἱ
3607 1312 3772 1386 βίϐλοι
3818 1322 3902 1366 τῶν

2661 1222 2893 1297 Ἐπεμψε
2954 1220 3011 1276 δὲ
3066 1224 3255 1285 αὐτοὺς
3314 1225 3339 1275 ό
3396 1223 3647 1287 Ἰωάννης,
3704 1222 3899 1299 ἐρωτῶν,

2328 1411 2625 1477 προφητῶν,
2684 1403 2787 1474 οὐχ
2852 1404 2919 1464 ὡς
2980 1401 3193 1472 ἀγνοῶν·
3251 1409 3356 1462 πῶς
3407 1403 3510 1476 γάρ
3546 1404 3615 1468 ;ό
3670 1406 3903 1475 προκηρύ-

2331 1491 2421 1554 ξας
2453 1492 2604 1543 αὐτόν
2631 1496 2717 1543 καὶ
2769 1496 2957 1567 χερσὶν
3010 1488 3175 1552 ἰδίαις
3224 1490 3512 1562 βαπτίσας,
3546 1495 3632 1542 καὶ
3683 1499 3766 1550 τῆς
3793 1493 3902 1542 ἅνω-

2333 1584 2412 1633 θεν
2468 1585 2585 1653 περὶ
2639 1580 2797 1632 αὑτοῦ
2868 1584 3161 1654 μαρτυρίας
3213 1581 3466 1645 ἀκούσας,
3539 1583 3626 1631 καὶ
3682 1582 3736 1631 τό
3790 1582 3902 1631 θεῖον

2331 1677 2539 1742 Πνεῦμα
2601 1672 2865 1721 κατᾶπτάν
2920 1669 2998 1721 ἐπ’
3050 1669 3223 1733 αὐτόν,
3289 1671 3413 1720 ὡσεί
3465 1671 3784 1742 περιστερὰν,
3810 1671 3905 1721 θεα-

2332 1762 2568 1831 σάμενος·
2636 1757 2743 1809 ἀλλ’
2793 1755 2946 1819 εἰδὼς
3009 1762 3130 1818 τοὺς
3178 1757 3361 1810 ἑαυτοῦ
3418 1760 3659 1830 μαθητάς
3711 1757 3903 1817 ζηλοτύ-

559 1848 735 1919 quasi
749 1848 1089 1904 columbam
1111 1847 1528 1922 conspexerat?
1543 1850 1656 1904 Sed
1680 1849 1875 1903 sciens
1891 1847 2217 1918 discipulos

2330 1869 2437 1909 πως
2484 1851 2615 1921 πρὸς
2673 1850 2757 1899 τόν
2804 1850 3033 1921 Χριστὸν
3085 1850 3321 1919 ἔχοντας.
3356 1851 3455 1899 Καὶ
3493 1848 3594 1918 γάρ
3625 1851 3710 1897 καὶ
3738 1852 3903 1919 πρότε-

560 1951 700 1991 suos
725 1936 946 1993 invidia
979 1938 1203 1993 moveri
1230 1939 1515 1993 adversus
1543 1938 1839 1993 Christum
1874 1954 1887 2002 ;
1923 1936 2221 2008 siquidem

559 2024 724 2096 prius
763 2042 1005 2098 quoque
1046 2033 1446 2091 accesserant,
1490 2027 1757 2082 dicentes
1801 2044 1814 2081 :
1857 2025 2061 2091 Rabbi,
2123 2025 2223 2095 qui

561 2119 685 2168 erat
726 2120 912 2169 tecum
954 2121 1120 2170 trans
1176 2115 1492 2181 Iordanem,
1546 2117 1639 2169 cui
1698 2121 1762 2169 tu
1820 2115 2219 2170 testimonium

558 2201 937 2270 perhibuisti,
980 2218 1098 2259 ecce
1133 2206 1179 2259 is
1224 2205 1502 2274 baptizat,
1544 2209 1595 2258 et
1635 2219 1830 2259 omnes
1870 2203 2110 2258 veniunt
2146 2200 2223 2257 ad

563 2306 693 2347 eum
722 2293 787 2345 δι.

634 2380 1021 2436 Vehementer
1050 2381 1210 2437 enim
1246 2385 1672 2454 praeceptorem
1709 2396 1889 2435 suum
1924 2383 2219 2450 amantes,

564 2472 618 2525 et
633 2470 852 2540 pariter
866 2469 1056 2538 gloria
1074 2470 1229 2525 illius
1250 2470 1361 2525 frui
1390 2472 1717 2541 cupientes,
1732 2467 2217 2538 indignabantur,

560 2559 834 2614 videntes
887 2560 1189 2615 Christum
1245 2559 1535 2616 celebrem
1587 2558 1740 2614 ﬁeri.
1802 2559 2012 2613 Verum
2073 2558 2221 2630 quia

562 2646 783 2716 saepius
831 2663 932 2702 eos
990 2646 1392 2715 admonendo,
1446 2646 1805 2718 persuadere
1848 2645 2216 2717 nequiverat,

560 2749 721 2789 nunc
747 2740 945 2791 autem
968 2736 1135 2791 brevi
1162 2738 1485 2791 moriturus
1513 2739 1639 2790 erat
1669 2751 1681 2789 :
1705 2735 1946 2789 delectis
1976 2734 2217 2790 duobus

558 2821 662 2894 qui
704 2823 1122 2894 prudentiores
1164 2829 1384 2892 essent,
1416 2824 1528 2879 hos
1572 2823 1748 2878 mittit
1775 2823 1851 2877 ad
1895 2823 2212 2888 Christum,

558 2918 845 2982 praetextu
884 2913 1131 2985 quidem
1172 2912 1601 2981 interrogandi,
1645 2927 1723 2967 an
1764 2913 1894 2983 ipse
1929 2916 2080 2967 esset
2117 2910 2214 2967 ille

556 3001 662 3072 qui
692 3008 979 3058 venturus
1008 3008 1168 3069 erat;
1206 3019 1344 3058 vera
1378 3009 1576 3058 tamen
1600 3018 1787 3058 causa
1804 3011 1950 3067 erat,
1987 3006 2049 3056 ut
2078 3017 2215 3056 con-

558 3090 773 3161 spectis
805 3092 1105 3147 miraculis
1148 3108 1284 3165 quas
1319 3090 1575 3147 faciebat
1609 3090 1937 3146 crederent.
1985 3089 2219 3146 Sciebat

2329 1957 2416 2009 ρον
2474 1937 2842 2010 προσελθόντες
2886 1932 3025 1989 εἶπον
3069 1936 3209 2005 αὐτῷ
3268 1937 3368 2001 ὄτι,
3427 1934 3527 1996 Ὀς
3568 1932 3625 1994 ἦν
3675 1936 3795 2007 μετὰ
3823 1940 3903 1985 σοῦ

2328 2028 2487 2097 πέραν
2566 2032 2656 2077 τοῦ
2717 2020 3010 2099 Ἰορδάνου,
3220 2028 3284 2076 σὺ
3369 2026 3782 2099 μεμαρτύρηκας,
3834 2017 3905 2072 ἴδε

2330 2113 2477 2176 οὗτος
2532 2112 2800 2187 βαπτίζει,
2872 2118 2961 2165 καὶ
3026 2116 3211 2174 πάντες
3298 2115 3550 2185 ἔρχονται
3643 2115 3765 2187 πρὸς
3832 2109 3906 2161 αὖ·

2329 2206 2436 2257 τόν.

2399 2379 2813 2453 ’Υπερφιλοῦντες
2883 2381 2983 2453 γὰρ
3060 2382 3146 2431 τόν
3225 2374 3363 2431 ἴδιον
3435 2375 3776 2445 διδάσκαλον,
3831 2380 3908 2427 καὶ

2329 2468 2712 2540 παραπολαύειν
2766 2476 2861 2529 τῆς
2913 2468 3072 2520 αὐτοῦ
3134 2464 3294 2530 δόξης
3350 2467 3621 2534 ἐθέλοντες,
3660 2462 3907 2519 ἐδάκνοντό

2332 2554 2597 2629 βλέποντες
2655 2557 2809 2608 αὐτὸν
2868 2556 2978 2629 (39)
3016 2553 3414 2629 εὐδοκιμοῦντα.
3470 2556 3612 2609 Ἐπεὶ
3650 2552 3707 2609 δέ
3744 2553 3907 2607 πολλά-

2329 2665 2411 2706 κις
2446 2650 2782 2720 παραινέσας,
2840 2646 2933 2698 οὐκ
2991 2648 3191 2697 ἔπεισεν
3246 2645 3458 2709 αὐτοὺς,
3504 2645 3685 2697 λοιπόν
3741 2642 3908 2714 μέλλων

2330 2734 2583 2805 τελευτᾷν,
2676 2731 2781 2786 δύα
2864 2738 2981 2794 τούς
3084 2737 3463 2806 συνετωτέρους
3560 2732 3908 2802 έπίλεξάμενος,

2328 2828 2517 2895 πέμπει
2572 2826 2783 2883 τούτους
2839 2827 2966 2897 πρὸς
3024 2826 3109 2875 τόν
3195 2826 3448 2897 Χριστόν,

2329 2911 2696 2984 ἐρωτήσοντας,
2716 2912 2758 2964 εἰ
2784 2912 2934 2972 αὐτός
2957 2910 3095 2964 ἐστιν
3128 2912 3153 2962 ό
3186 2910 3483 2983 ἐρχόμενος,
3514 2911 3573 2969 τῆ
3609 2907 3666 2962 δὲ
3695 2908 3906 2973 ἀληθεία,

3535 2823 3782 2894 προφάσει
3832 2821 3908 2890 μὶν

2331 3003 2413 3051 ἵνα
2445 3002 2750 3073 θεασάμενοι
2786 3004 2851 3053 τὰ
2900 3003 3159 3073 θαύματα²
3215 3001 3248 3051 ά
3287 3007 3443 3063 ποιεῖ,
3478 2998 3756 3052 πεισθῶσί.
3820 3000 3905 3048 Καὶ

2327 3092 2428 3161 γὰρ
2461 3093 2554 3147 τὴν
2583 3088 2683 3141 ἀπὸ
2714 3099 2813 3141 τῶν
2839 3091 3156 3162 πραγμάτων
3189 3093 3480 3163 μαρτυρίαν
3506 3091 3802 3161 πιστοτέραν
3828 3086 3906 3135 καὶ

557 3194 820 3251 namque
854 3181 1257 3237 testimonium
1286 3181 1364 3236 ab
1398 3182 1674 3253 operibus
1703 3179 2049 3235 credibilius
2091 3194 2217 3234 esse

2332 3176 2745 3250 ἀνυποπτοτέραν
2779 3177 3041 3250 ἐγίνωσκε.
3086 3180 3173 3231 Διό
3204 3183 3291 3229 καὶ
3332 3178 3629 3251 όΧριστός,
3658 3172 3802 3235 εἰδὼς
3842 3174 3909 3224 ότι

557 3270 870 3341 magisque
911 3270 1250 3341 suspicione
1281 3286 1503 3325 carere.
1556 3269 1696 3324 Ideo
1729 3269 1905 3324 etiam
1949 3268 2218 3323 Christus

555 3360 793 3428 cognito
823 3360 989 3432 quod
1026 3360 1105 3415 ob
1149 3358 1206 3414 id
1242 3360 1438 3430 potius
1486 3358 1747 3414 Joannes
1787 3373 1888 3412 eos
1936 3357 2216 3422 misisset,

556 3449 757 3503 statim
790 3449 852 3503 in
895 3447 997 3503 illa
1030 3448 1177 3504 hora
1227 3448 1415 3502 multa
1460 3450 1738 3519 operatus
1782 3450 1869 3502 est
1910 3445 2215 3510 miracula,

558 3538 710 3591 sicut
746 3536 890 3592 dicit
940 3538 1124 3591 Lucas
1168 3538 1228 3591 ⁴².
1287 3540 1425 3593 Nam
1486 3536 1537 3590 si
1594 3537 1851 3590 Joannes
1906 3534 2219 3590 manifeste

556 3624 815 3680 misisset
857 3641 959 3679 eos
998 3640 1121 3696 quo
1153 3629 1517 3697 spectatores
1554 3622 1783 3687 ﬁerent,
1830 3638 2218 3695 nequaquam

556 3712 904 3783 persuaderi
956 3713 1290 3784 potuissent
1337 3718 1397 3768 ut
1439 3711 1582 3767 illuc
1628 3711 1883 3767 abirent.
1933 3711 2021 3768 Ob
2061 3712 2221 3767 hanc

558 3816 700 3870 ergo
731 3816 976 3856 causam
1004 3806 1357 3873 praetextum
1378 3801 1545 3856 ﬁnxit
1566 3800 2069 3871 interrogationis.

635 3889 703 3945 V.
744 3892 797 3945 4.
830 3891 902 3945 Et
943 3891 1321 3959 respondens.
1354 3916 1416 3925 —
1457 3893 1522 3945 V.
1561 3890 1594 3944 5
1636 3889 1861 3946 Laetum
1913 3890 2222 3959 Evangelii

560 3979 833 4034 nuntium
861 3980 1181 4047 accipiunt.
1214 3979 1353 4035 Vide
1379 3979 1690 4051 quomodo
1709 3995 1831 4035 non
1851 3979 1927 4034 ad
1960 3978 2220 4036 efﬁctam

558 4084 765 4123 eorum
789 4069 1317 4141 interrogationem
1344 4068 1733 4142 responderit,
1770 4068 1874 4124 sed
1906 4069 1984 4125 ad
2018 4086 2218 4126 veram

559 4172 829 4222 causam,
886 4162 1125 4229 propter
1190 4173 1378 4229 quam
1439 4157 1605 4212 missi
1674 4161 1860 4212 erant.
1920 4157 2221 4229 PaUperes

559 4250 779 4311 autem,
821 4247 924 4318 qui
966 4247 1169 4302 laetum
1216 4246 1520 4316 Evangelii
1569 4245 1848 4301 nuntium
1898 4246 2216 4318 accipiunt,

558 4333 706 4391 dixit
726 4336 1052 4407 apostolos.
1081 4336 1234 4401 Quid
1258 4336 1418 4391 enim
1447 4351 1517 4390 eo
1540 4335 1875 4407 pauperius,
1897 4336 2000 4407 qui
2031 4341 2220 4393 artem

558 4430 790 4479 exercet
820 4425 1201 4496 piscatoriam
1228 4422 1255 4477 ?

629 4513 789 4567 Vers.
849 4514 907 4568 6.
969 4515 1042 4568 Et
1104 4514 1301 4568 beatus
1337 4513 1491 4567 -—in
1544 4528 1654 4569 me.
1720 4514 1839 4568 Iloc
1894 4514 2218 4584 prmsertim

558 4606 801 4671 propter
840 4602 1004 4673 ipsos
1042 4601 1190 4657 dixit
1229 4602 1479 4658 Joannis
1532 4602 1879 4673 discipulos,
1936 4604 2217 4673 detegens

560 4690 671 4744 illis
702 4690 895 4744 cordis
922 4706 1128 4746 eorum
1162 4706 1450 4747 arcanum
1502 4708 1513 4746 :
1558 4691 1935 4763 Ostenditque
1968 4694 2125 4764 quod
2158 4710 2219 4749 se

561 4795 680 4834 non
705 4779 1086 4851 lateretipsos
1126 4796 1364 4852 quoque
1400 4780 1644 4844 offendi,
1677 4782 1821 4851 quia
1856 4797 1989 4835 cum
2026 4783 2221 4852 publi-

560 4869 722 4924 canis
747 4873 801 4923 et
828 4870 1238 4940 peccatoribus
1261 4870 1663 4925 manducabat
1690 4870 1735 4903 ⁶³
1770 4886 1781 4923 :
1814 4874 1871 4924 et
1905 4871 2221 4928 manifeste

559 4959 727 5030 prius
760 4958 1249 5029 gastrimargiam
1272 4960 1378 5029 ipsi
1410 4958 1755 5029 objecerant
1780 4958 2067 5013 adversus
2094 4961 2221 5016 dis-

557 5047 785 5120 cipulos
806 5048 955 5119 ejus,
990 5052 1053 5104 ut
1084 5049 1306 5104 dictum
1332 5053 1419 5103 est
1448 5046 1682 5103 decimo
1709 5052 1924 5117 quarto
1954 5050 2165 5121 capite.

632 5323 680 5358 ⁸ο
715 5325 931 5393 Luem,
983 5325 1070 5381 18.
1150 5326 1195 5361 ⁴¹
1273 5325 1441 5382 Joan.
1475 5338 1556 5401 tu,
1588 5325 1679 5380 26.
1746 5324 1885 5381 Luc.
1915 5340 2012 5397 vn,
2044 5327 2131 5382 42.

2248 4570 2295 4624 D

2333 3264 2425 3319 διά
2454 3274 2605 3319 τοῦτο
2631 3268 2819 3339 μᾶλλον
2846 3267 3034 3329 αὐτοὺς
3064 3266 3284 3339 ἔπεμψεν
3311 3268 3337 3318 ό
3369 3266 3633 3328 Ἰωάννης,
3670 3264 3843 3323 εὐθέως
3870 3259 3909 3311 ἓν

2330 3354 2461 3429 αὐτῇ
2506 3364 2567 3428 τῇ
2620 3358 2730 3430 ὥρᾳ
2768 3355 3229 3429 ἑϐαυματούργησε
3267 3354 3453 3422 πολλὰ,
3504 3357 3677 3415 καθώς
3708 3371 3852 3424 φησιν
3888 3350 3908 3399 ὁ

2333 3451 2559 3507 Λουκᾶς.
2592 3446 2653 3497 Εἰ
2682 3448 2785 3519 γάρ
2837 3453 3063 3518 φανερῶς
3103 3445 3291 3506 αὐτοὺς
3343 3444 3539 3515 ἔπεμψε
3594 3444 3791 3506 θεατὰς,
3830 3437 3911 3491 οὐκ

2330 3536 2391 3587 ἄν
2450 3534 2699 3594 ἀπῆλθον.
2780 3538 2874 3589 Διά
2947 3542 3100 3587 τοῦτο
3178 3530 3265 3587 οὖν
3336 3532 3599 3587 ἐπλάσατο
3672 3536 3910 3606 πρόφασιν

2333 3623 2493 3699 ἒρωτή
2505 3643 2647 3684 σεως.

2407 3892 2506 3945 Καὶ
2556 3891 2852 3963 ἀποκριθεὶς
2908 3924 2971 3933 -
3030 3890 3470 3963 εὐαγγελίζονται.
3531 3889 3686 3965 Ὀρα,
3724 3895 3826 3947 πῶς
3862 3884 3913 3935 οὗ

2330 3985 2456 4057 πρὸς
2505 3986 2596 4040 τὴν
2628 3981 3017 4053 πεπλανημένην
3067 3980 3237 4032 αὐτῶν
3292 3979 3548 4053 ἐρώτησιν
3607 3978 3912 4049 ἀπεκρίνατο,

2329 4071 2459 4125 ἀλλά
2472 4074 2703 4146 πρόςτὴν
2722 4069 2886 4129 ἀληθῆ
2910 4071 3100 4141 αἰτίαν,
3133 4066 3204 4121 δι’
3220 4069 3280 4127 ἢν
3300 4068 3530 4142 ἐπέμφθη
3542 4087 3659 4124 σαν.
3678 4065 3915 4136 Πτωχοὺς

2333 4157 2391 4213 δὲ
2424 4159 2931 4231 εὐαγγελιζομένους,
2961 4162 3078 4221 τοὺς
3108 4156 3433 4220 ἀποστόλους
3464 4160 3719 4231 ὠνόμασε.
3751 4157 3810 4207 Τί
3824 4152 3913 4223 γὰρ

2329 4253 2627 4322 πενέστερον
2661 4247 2922 4308 ἁλιευτικῆ
2934 4270 2955 4310 ς
2986 4267 3002 4319 ;

2404 4522 2504 4569 Καὶ
2568 4518 2821 4590 μακάριος
2883 4546 2947 4557 -
3002 4514 3050 4566 ἐν
3109 4514 3245 4587 ἐμοί.
3313 4521 3477 4567 Τοῦτο
3534 4513 3916 4588 προηγουμένως

2332 4603 2403 4659 δι’
2445 4606 2630 4666 αὐτοὺς
2686 4602 2792 4657 εἶπε
2838 4608 2961 4666 τοὺς
2993 4605 3232 4674 μαθητὰς
3274 4603 3532 4669 Ἰωάννου,
3565 4600 3917 4654 ἀνακαλύπτων

2331 4694 2507 4755 αὐτοῖς
2560 4698 2618 4745 τό
2678 4702 2771 4755 τῆς
2827 4691 3052 4766 καρδίας
3106 4692 3273 4744 αὐτῶν
3320 4696 3635 4764 μυστήριον,
3694 4693 3781 4741 καὶ
3821 4683 3917 4738 δει-

2330 4788 2511 4849 κνύων,
2594 4786 2672 4835 ὃτι
2754 4783 2811 4835 οὐ
2896 4782 3172 4841 λελήθασιν
3239 4782 3416 4849 αὐτόν,
3470 4776 3920 4849 σκανδαλιξόμενοι

2330 4879 2419 4925 καὶ
2485 4872 2650 4940 αὐτοὶ,
2720 4868 2860 4924 διότι
2935 4874 3065 4943 μετά
3146 4869 3371 4922 τελωνῶν
3459 4875 3548 4922 καὶ
3622 4864 3919 4940 ἁμαρτωλῶν

2331 4961 2512 5015 ἐσθίει.
2586 4966 2685 5014 Καὶ
2740 4964 2838 5033 γάρ
2906 4965 2996 5012 καὶ
3045 4968 3270 5031 φανερῶς
3323 4963 3570 5034 πρότερον
3638 4954 3919 5009 ἐνεκάλεσαν

2333 5050 2473 5121 αὐτῷ
2524 5050 2637 5122 (40)
2676 5054 3098 5124 γαστριμαργίαν
3134 5052 3269 5101 κατά
3324 5057 3423 5100 τῶν
3476 5050 3719 5118 μαθητῶν
3751 5043 3919 5105 αὑτοῦ,

2333 5144 2403 5203 ὡς
2469 5139 2518 5192 ἓν
2591 5147 2664 5211 τῷ
2746 5135 3308 5215 τεσσαρεσκαιδεκάτῳ
3379 5137 3637 5211 κεφαλαίῳ
3696 5135 3923 5209 προείρη-

2334 5249 2422 5282 ται
2436 5270 2449 5284 ι

2209 5327 2258 5365 4³
2284 5326 2484 5385 Matth.
2516 5341 2595 5392 ix,
2632 5327 2717 5381 14.

1774 5450 1998 5518 Variae
2020 5451 2349 5521 lectiones
2376 5461 2443 5520 et
2464 5458 2669 5519 notae.

632 5589 747 5667 (13,8)
776 5590 1009 5667 Inclusa
1036 5592 1094 5667 in
1126 5595 1395 5667 margine
1426 5592 1799 5667 legunturAB.
1834 5595 2223 5667 In_principio

565 5676 601 5716 θ,
637 5656 954 5737 ’ὁὶιατάσσων
1023 5663 1099 5717 ad
1169 5656 1532 5737 ἐντελλόμενος,
1602 5665 1818 5721 omittit
1874 5656 2223 5732 Héntenius,

640 5732 755 5804 (39)
785 5735 872 5786 τὸν
901 5738 1154 5807 Χρίστόν.

2327 5594 2720 5718 ἐχαςξίέαναῦτδν
2774 5598 3194 5673 γαστρίμαργον.
3236 5598 3303 5652 Α.
3364 5594 3482 5653 Sed
3534 5592 3646 5649 hoc
3676 5584 3926 5664 postulat

2452 5685 2593 5721 εσαν.
