4108 6390
230 368 332 426 349

1259 371 1632 429 COMMFNT.
1677 372 1747 427 IN
1785 372 2237 430 MATTHAEUM.
2270 405 2337 415 -—
2364 374 2518 430 CAP.
2549 372 2644 431 XI.

3525 378 3632 436 350

304 499 507 551 Τούτων
564 492 628 549 δε
682 528 757 537 -
802 498 1065 552 Ἰωάννου.
1120 498 1278 551 Οὗτοι
1332 502 1422 571 μὶν
1483 497 1841 571 βελτιωθίντες

2047 500 2188 555 Vers
2220 502 2272 555 7.
2304 502 2413 557 His
2451 508 2648 559 autem
2681 534 2744 543 —
2765 502 3012 559 Joanne.
3039 502 3123 559 Illi
3150 502 3395 577 quidem
3428 504 3632 561 melio-

241 587 483 645 ἀπῆλθον.
510 591 666 639 Διατί
696 583 758 639 δὲ
792 591 863 657 μὴ
888 592 1155 661 παρόντων
1186 587 1355 639 αὐτῶν
1384 588 1519 660 λέγει
1546 593 1661 661 περὶ
1693 587 1861 641 Ἰωάν-

238 696 323 729 νου
348 694 364 744 ;
386 675 500 730 ἰνα
531 680 604 750 μὴ
641 673 779 749 δόξῃ
812 676 1105 729 κολακεύειν
1132 676 1306 731 αὐτὸν.

304 861 369 910 Τί
424 886 497 897 —
573 856 918 930 σαλευόμενον
962 874 976 924 ;
1062 857 1403 919 Ἀκούσαντες
1456 858 1505 908 οί
1561 855 1713 928 ὄχλοι
1772 860 1858 913 τὴν

232 945 495 1020 ἐρώτησιν
545 946 816 1013 Ἰωάννου,
865 952 954 1000 καὶ
1004 945 1314 1018 ἀγνοήσντες
1369 949 1455 998 τὸν
1513 948 1706 998 σκοπὸν
1763 944 1857 995 αύ-

231 1044 347 1092 τοῦ.
391 1032 886 1109 διεθορυϐήθησαν,
936 1044 1046 1097 πῶς
1096 1038 1122 1088 ὁ
1168 1042 1398 1088 τοσαῦτα
1434 1039 1523 1087 καὶ
1570 1033 1858 1092 τηλικαῦτα

229 1130 351 1198 περὶ
400 1124 571 1176 αὐτοῦ
630 1130 997 1199 μαρτυρήσας,
1054 1123 1363 1196 ἀμφιϐάλλει
1422 1132 1533 1190 νῦν,
1586 1128 1675 1175 καὶ
1721 1124 1856 1175 ύπώ-

228 1233 492 1273 πτευσαν,
545 1215 632 1265 ὅτι
678 1213 990 1286 μετεϐλήθη.
1022 1221 1183 1267 Τοῦτο
1245 1210 1303 1266 δὲ
1334 1216 1489 1284 γνοὺς
1536 1214 1561 1265 ὁ
1602 1215 1852 1287 Χριστὸς,

226 1305 514 1376 θεραπεύει
543 1306 644 1360 τὴν
691 1305 940 1361 τοιαύτην
980 1302 1232 1373 ὑποψίαν,
1286 1299 1563 1355 διδάσκων
1593 1302 1723 1373 ἅμα,
1763 1305 1854 1353 καὶ

222 1394 309 1444 ὅτι
366 1388 821 1465 καρδιογνώστης
879 1390 1037 1446 ἐστίν.
1090 1392 1578 1467 Ἐντρεπτικώτερον
1627 1387 1685 1443 δὲ
1727 1392 1852 1443 καθ-

220 1488 523 1553 απτόμενος
558 1481 753 1550 αὐτῶν,
792 1486 949 1552 φησίν
995 1501 1006 1514 ·
1037 1485 1101 1534 Τί
1141 1479 1374 1544 ἐξήλθετε
1410 1480 1479 1541 εἰς
1532 1485 1620 1537 τὴν
1663 1482 1854 1554 ἔρημον

226 1573 598 1638 θεάσασθαις
685 1570 916 1642 κάλαμον
1000 1570 1101 1622 ῦπὸ
1183 1568 1369 1641 ἀνέμου
1451 1568 1850 1641 σαλευόμενον;

220 1665 496 1726 τουτέστι,
558 1666 755 1732 κοῦφον
846 1664 936 1711 καὶ
1018 1659 1316 1731 εῦρίπιστον
1394 1660 1682 1732 ἄνθρωπον,
1765 1661 1854 1709 καὶ

224 1745 386 1805 δίκην
420 1750 669 1821 καλάμου
698 1752 791 1806 τὴν
832 1752 1041 1820 γνώμην
1072 1748 1495 1821 εύμετάτρεπτον,
1530 1748 1600 1807 ὡς
1625 1745 1853 1817 ὑπολαμ-

222 1837 405 1890 ϐάνετε
428 1846 543 1902 νῦν,
581 1841 612 1896 ἦ
654 1837 950 1889 τούναντίον
988 1836 1198 1909 μᾶλλον,
1236 1838 1498 1908 σταθηρόν
1543 1840 1633 1887 καὶ
1663 1839 1854 1907 πέτρας

232 1927 591 2000 στερρότερον,
644 1929 716 1987 ὡς
776 1928 806 1983 ἡ
843 1931 959 1978 τότε
998 1922 1207 1984 σπουδὴ
1253 1930 1345 1976 καὶ
1398 1921 1667 1999 συνδρομὴ
1710 1925 1853 1997 ὑμῶν

223 2019 509 2087 ἐμαρτύρει
530 2034 543 2070 :
1408 2010 1411 2013 I

298 2104 463 2157 Ἀλλά
492 2135 559 2145 —
600 2106 988 2176 ἠμφιεσμένον;
1035 2104 1280 2162 Δηλονότι
1318 2102 1599 2176 τρυφηλὸν,
1634 2103 1717 2154 ἶνα
1763 2089 1855 2153 καὶ

234 2190 331 2245 διά
357 2201 509 2246 τοῦτο
534 2190 668 2266 δόξῃ
702 2200 899 2265 χαῦνος
933 2198 1020 2245 καὶ
1052 2192 1423 2264 εύμετάϐλητος
1456 2210 1468 2221 ·
1498 2196 1528 2250 ἧ
1562 2191 1852 2244 τούναντίον

236 2283 451 2354 μᾶλλον,
480 2282 1039 2356 ἐσκληραγωγημένον,
1066 2285 1135 2345 ὡς
1162 2288 1252 2335 καὶ
1276 2284 1306 2341 ἡ
1340 2281 1493 2340 στολὴ
1522 2285 1729 2350 τούτου,
1762 2285 1852 2332 καὶ

234 2374 265 2429 ἢ
302 2376 465 2444 τροφὴ
510 2369 976 2426 διεϐεϐαιώσαντο.

298 2544 453 2602 Ἰδού
505 2578 568 2587 -
626 2548 776 2601 εἰσίν.
836 2548 999 2608 Οὗτος
1056 2544 1134 2613 δε,
1189 2553 1434 2623 πρότερον
1490 2551 1600 2621 μὶν,
1660 2568 1708 2602 εν
1783 2556 1845 2621 τῇ

227 2636 411 2709 ἐρήμῳ
446 2633 697 2708 διητᾶτο,
746 2644 833 2688 νῦν
887 2634 965 2702 δε,
999 2635 1047 2689 ἐν
1105 2646 1175 2707 τῷ
1226 2634 1570 2710 δεσμωτηρίῳ
1624 2642 1850 2709 τετήρη-

226 2745 334 2780 ται.
379 2728 529 2778 Ἐπεὶ
554 2727 657 2797 γάρ
690 2744 820 2786 τινες
847 2729 936 2797 μὲν
976 2728 1173 2778 οἴκοθεν
1222 2726 1326 2779 εἰσὶ
1373 2734 1576 2799 κοῦφοι,
1626 2730 1757 2788 τινὲς
1790 2723 1850 2779 δε

228 2821 319 2866 καὶ
344 2816 454 2866 ὑπὸ
492 2822 697 2888 τρυφῆς
746 2822 899 2867 τοῦτο
953 2816 1255 2885 πάσχουσι,
1311 2817 1531 2868 τέθεικεν
1561 2817 1586 2866 ὁ
1617 2818 1849 2889 Χριστὸς

228 2908 318 2954 καὶ
374 2910 537 2955 τοῦτο
591 2901 817 2972 κακεῖνο,
876 2907 967 2955 καὶ
1006 2903 1234 2974 ἤλεγξεν,
1282 2906 1347 2963 ὡς
1406 2900 1676 2976 οὐδέτερόν
1736 2902 1849 2956 ἐστι

228 2998 351 3059 περὶ
398 2995 488 3043 τὸν
522 2991 786 3049 Ἰωάννην.
847 2988 976 3045 Εἶτα
1028 2992 1255 3067 ἐπιφέρει
1304 2999 1394 3050 τήν
1454 2992 1716 3057 ἀληθειαν,
1758 2997 1847 3045 καὶ

224 3088 587 3154 μαρτυρεῖ
621 3078 855 3152 ἀληθείᾳ,
912 3085 1001 3133 καὶ
1052 3081 1223 3134 πλίκει
1277 3090 1349 3151 τῷ
1403 3088 1671 3154 Βαπτιστῇ
1722 3081 1848 3154 λαμ-

222 3174 354 3242 πρὸν
390 3169 662 3242 ἕγκωμίου
694 3173 958 3241 στέφανον.

1972 601 2065 641 res
2098 587 2311 644 redditi
2337 589 2780 645 abscesserunt.
2837 593 3029 656 Quare
3078 598 3277 647 autem
3334 608 3452 647 non
3482 592 3630 664 ipsis

1974 677 2367 747 praesentibus
2397 678 2630 735 locutus
2662 684 2752 736 est
2778 680 2851 736 de
2880 681 3109 737 Joanne
3138 681 3167 735 ‘I
3196 685 3275 737 Ne
3314 682 3367 738 ei
3396 682 3631 738 videre-

1972 770 2065 820 tur
2089 765 2341 822 adulari.

2038 856 2199 910 Vers.
2231 860 2283 910 7.
2333 855 2485 922 Quid
2536 887 2602 898 —
2668 858 2999 928 agitatam?
3052 858 3258 916 Audita
3336 875 3372 914 a
3434 858 3628 915 turbis

1966 943 2212 998 Joannis
2244 943 2721 1014 interrogatione,
2755 963 2893 1002 cum
2936 947 3229 1003 intentum
3280 948 3627 1017 ignorarent

1969 1031 2140 1097 illius,
2176 1033 2426 1089 turbatae
2450 1040 2586 1089 sunt
2616 1077 2626 1087 .
2656 1037 2967 1107 quomodo
3001 1038 3047 1091 is
3075 1037 3178 1109 qui
3207 1036 3280 1093 de
3307 1037 3416 1092 hoc
3442 1042 3524 1092 tot
3554 1052 3625 1092 ac

1969 1126 2131 1177 tanta
2153 1126 2397 1178 testatus
2413 1121 2623 1180 fuisset
2638 1140 2797 1179 nunc
2814 1125 3154 1190 dubitabat,
3173 1130 3226 1182 et
3240 1127 3625 1181 immutatum

1965 1226 2103 1266 eum
2158 1227 2286 1267 esse
2326 1212 2805 1284 suspicabantur.
2867 1216 2993 1280 Quo
3042 1216 3303 1284 cognito,
3356 1214 3624 1270 Christus

1962 1299 2314 1371 hujusmodi
2348 1301 2615 1357 medetur
2671 1303 3015 1375 suspicioni,
3061 1303 3285 1360 docens
3323 1304 3519 1373 simul,
3568 1308 3624 1358 et

1963 1391 2127 1461 quod
2159 1391 2432 1447 cordium
2459 1396 2612 1448 esset
2637 1393 2930 1464 cognitor,
2977 1398 3033 1449 et
3062 1393 3485 1449 confundendo
3516 1409 3619 1449 eos

1962 1481 2351 1549 redarguens.
2382 1481 2472 1537 Ait
2510 1496 2652 1549 ergo
2685 1500 2698 1537 :
2733 1482 2885 1547 Quid
2935 1481 3133 1537 existis
3174 1482 3233 1536 iu
3293 1483 3619 1548 desertum,

1968 1572 2029 1622 ut
2062 1568 2335 1624 videretis
2393 1570 2768 1635 arundinem,
2802 1586 2939 1643 quas
2996 1588 3031 1626 a
3097 1575 3273 1626 vento
3312 1572 3564 1640 agitatur
3594 1570 3622 1625 ‘I

1963 1657 2075 1711 hoc
2101 1662 2206 1724 est,
2239 1657 2431 1713 levem
2470 1666 2527 1713 et
2551 1658 2892 1715 instabilem
2933 1660 3263 1723 hominem,
3297 1664 3352 1714 et
3392 1664 3469 1715 ad
3497 1676 3623 1714 mo-

1964 1746 2109 1801 dum
2138 1747 2451 1802 arundinis
2482 1748 2650 1802 facile
2693 1753 2887 1803 mente
2941 1748 3317 1814 mutabilem,
3371 1752 3434 1804 ut
3460 1764 3619 1804 nunc

1964 1834 2511 1906 suspicamini?aut
2539 1851 2570 1891 e
2598 1835 2833 1891 diverso
2879 1837 3456 1908 stabilem,saxoque
3486 1837 3621 1892 soli-

1963 1924 2215 1990 diorem,
2239 1932 2303 1980 ut
2327 1930 2469 1980 tunc
2492 1930 2754 1980 vestrum
2787 1925 3050 1981 studium
3086 1941 3156 1981 ac
3186 1941 3511 1981 concursus
3541 1931 3621 1981 te-

1964 2012 2272 2069 stabantur
2296 2013 2324 2067 ‘I

2032 2101 2195 2156 Vers.
2230 2104 2283 2157 8.
2315 2102 2435 2158 Sed
2463 2132 2530 2143 —
2552 2102 2836 2158 amictum
2865 2102 2894 2158 ‘i
2917 2101 3142 2158 Deliciis
3193 2102 3416 2159 scilicet
3469 2117 3616 2173 gau-

1962 2189 2224 2261 dentem,
2260 2196 2323 2246 ut
2378 2191 2557 2246 etiam
2593 2206 2664 2245 ex
2712 2191 2822 2246 hoc
2849 2191 3041 2247 mollis
3099 2192 3365 2247 videatur
3418 2192 3620 2249 facile-

1960 2296 2077 2355 que
2098 2280 2403 2338 mutabilis
2428 2298 2442 2347 ;
2462 2288 2561 2336 aut
2588 2282 2785 2352 potius
2803 2297 2833 2337 e
2859 2282 3179 2347 contrario,
3205 2281 3372 2337 duris
3393 2282 3618 2338 exerci-

1960 2378 2167 2438 tatum,
2209 2377 2271 2427 ut
2306 2370 2486 2427 etiam
2538 2369 2721 2426 vestis
2771 2370 2900 2441 ejus
2966 2386 3034 2426 ac
3088 2370 3251 2425 cibus
3308 2369 3618 2427 conﬁrma-

1960 2467 2117 2517 runt.

2029 2551 2193 2608 Vers.
2228 2552 2286 2606 8.
2330 2551 2472 2606 Ecce
2501 2554 2727 2605 —sunt.
2766 2548 2868 2604 Hic
2907 2563 3050 2604 vero
3074 2547 3340 2619 primum
3367 2548 3613 2621 quidem

1956 2640 2015 2696 in
2037 2640 2275 2695 deserto
2306 2641 2673 2705 versabatur,
2708 2653 2867 2694 nunc
2908 2644 3101 2693 autem
3134 2639 3190 2693 iu
3221 2654 3455 2694 carcere
3486 2640 3618 2695 reti-

1958 2735 2145 2786 netur.
2175 2729 2319 2795 Quia
2348 2744 2489 2784 vero
2528 2729 2778 2800 quidam
2823 2744 2858 2784 a
2910 2728 3094 2783 domo
3154 2728 3235 2797 (a)
3294 2728 3456 2785 leves
3486 2743 3615 2785 esse

1958 2824 2387 2885 monstrantur,
2418 2823 2475 2872 et
2502 2818 2748 2890 quidam
2780 2832 2815 2872 a
2844 2816 3071 2872 deliciis
3119 2816 3232 2872 hoc
3278 2817 3603 2888 patiuntur,

1954 2907 2157 2979 posuit
2176 2906 2443 2963 Christus
2466 2914 2522 2963 et
2545 2908 2659 2962 hoc
2680 2913 2736 2961 et
2755 2906 2916 2974 illud,
2942 2922 3011 2962 ac
3033 2905 3309 2977 probavit
3330 2910 3612 2963 neutrum

1954 3012 2134 3070 posse
2199 2996 2319 3051 dici
2370 2996 2445 3050 de
2473 2998 2720 3051 Joanne.
2782 2995 2999 3050 Deinde
3048 2994 3213 3066 quod
3259 3010 3464 3049 verum
3527 3000 3617 3052 est

1957 3085 2149 3151 infert,
2180 3089 2239 3140 et
2266 3084 2495 3139 veritati
2528 3087 2857 3147 attestatur,
2890 3098 2962 3138 ac
2989 3082 3253 3153 Baptistae
3279 3082 3613 3154 elegantem

1958 3174 2210 3230 contexit
2233 3172 2488 3230 encomii
2527 3187 2836 3228 coronam.

299 3258 463 3309 Ἀλλὰ
504 3288 577 3299 -
632 3263 923 3331 προφήτου.
982 3290 1045 3300 --
1112 3264 1518 3335 Περισσὸτερον,
1568 3258 1679 3312 ἀντὶ
1734 3268 1847 3325 τοῦ,

2028 3264 2192 3318 Vers.
2216 3266 2268 3319 9.
2295 3263 2411 3319 Sed
2434 3293 2498 3304 —-
2516 3262 2827 3331 propheta.
2858 3290 2924 3303 —
2951 3259 3474 3326 Excellenliorem,
3500 3260 3610 3317 hoc

220 3348 480 3407 Μείζονα.
524 3344 659 3399 Εἶτα
708 3348 841 3420 λέγει
893 3353 983 3401 καὶ
1034 3351 1170 3400 κατὰ
1216 3354 1269 3401 τί
1312 3350 1548 3422 μείζονα,
1591 3351 1671 3402 ὅτι
1716 3350 1851 3401 κατὰ

218 3440 279 3487 τὸ
310 3438 739 3510 προπορεύεσθαι
768 3436 991 3495 πλησίον
1017 3446 1104 3498 τῆς
1122 3443 1419 3511 παρουσίας
1444 3439 1624 3493 αύτοῦ.
1652 3438 1851 3498 Μείζο-

216 3544 301 3586 νες
325 3528 433 3598 γὰρ
458 3534 561 3578 τῶν
591 3524 754 3577 ἄλλων
792 3528 1032 3601 κηρύκων
1068 3528 1117 3578 οἱ
1158 3532 1589 3602 προπορενὸμενοι
1619 3528 1848 3583 πλησίον

218 3622 312 3666 τοῦ
341 3614 633 3687 βασιλέως.

297 3702 715 3778 [Περισσὸτεγον
768 3704 881 3775 (41)
918 3709 1209 3777 προφήτου,
1269 3708 1335 3766 ὡς
1381 3710 1472 3758 καὶ
1512 3705 1668 3757 αὐτὸν
1720 3703 1844 3757 ἰδὼν

218 3792 643 3865 οφθαλμοφανῶς
671 3796 755 3845 τὸν
786 3793 873 3845 ὑπ’
904 3794 1064 3846 αύτοῦ
1089 3800 1555 3867 προφητεύομενον,
1591 3796 1645 3846 ὃν
1670 3797 1718 3847 οἱ
1744 3797 1844 3869 πρό

224 3882 390 3933 αὐτοῦ
420 3888 691 3953 προφῆται
711 3881 1099 3954 αἰνιγματωδῶς
1128 3882 1448 3953 ἐθεάσαντο]

292 3972 471 4033 Οὗτος
551 4000 621 4011 -
684 3973 973 4045 ίμπροσθέν
1056 3991 1173 4024 σου.
1259 3975 1403 4025 Μιτὰ
1478 3977 1572 4030 τὴν
1656 3972 1845 4024 οἰκείαν

213 4065 549 4134 μαρτυρίαν,
598 4057 822 4132 ἐπιφέρει
870 4066 959 4112 καὶ
1010 4066 1104 4119 τὴν
1160 4066 1487 4135 προφητικὴν
1536 4078 1548 4091 ·
1582 4063 1690 4113 ἔστι
1745 4064 1843 4134 γὰρ

214 4150 535 4220 Μαλαχίου,
570 4151 627 4201 τό
655 4150 833 4223 ῥητὸν.
884 4152 1105 4223 Εἴρηται
1136 4147 1214 4217 δι,
1253 4154 1318 4211 ὡς
1363 4150 1462 4203 ἀπὸ
1512 4159 1602 4204 τοῦ
1649 4154 1846 4221 Πατρός

209 4244 304 4289 καὶ
356 4246 498 4292 Θεοῦ
550 4242 698 4311 πρὸς.
740 4243 826 4291 τὸν
875 4242 995 4293 res»
1046 4245 1134 4293 καὶ
1162 4244 1307 4294 Θεὸν.
1338 4239 1359 4253 ”
1386 4240 1606 4313 Αγγελον
1639 4236 1698 4292 δε
1730 4234 1846 4310 (42)

205 4330 403 4391 αὐτοῦ,
444 4332 533 4379 τὸν
591 4330 832 4387 Ἰωάννην
883 4331 909 4381 ὁ
964 4334 1096 4391 Θεὸς
1149 4331 1433 4403 ὠνόμασεν,
1468 4332 1497 4389 ἦ
1560 4333 1625 4390 ὡς
1674 4328 1844 4401 ἀπαγ-

198 4419 476 4487 γείλαντα
524 4426 598 4488 τῷ
647 4417 754 4489 λαῷ
807 4422 873 4471 τὰ
908 4418 1195 4478 λαληθέντα
1242 4425 1360 4493 περὶ
1408 4428 1500 4472 τοῦ
1566 4426 1802 4493 Χριστοῦ
1831 4426 1844 4443 ’

1957 3358 2047 3409 est
2074 3353 2383 3424 majorem.
2409 3351 2623 3407 Deinde
2644 3350 2781 3406 dicit
2808 3350 2866 3405 in
2892 3364 3015 3422 quo
3054 3349 3371 3419 majorem,
3394 3349 3611 3405 videli-

1956 3447 2045 3499 cet
2073 3442 2132 3498 in
2154 3458 2225 3498 eo
2246 3441 2405 3514 quod
2436 3442 2653 3497 venerit
2670 3441 2827 3497 circa
2843 3438 3053 3495 Christi
3081 3439 3429 3495 adventum.
3461 3442 3610 3495 Nam

1958 3532 2215 3602 majores
2238 3532 2366 3589 aliis
2398 3532 2549 3587 inter
2578 3545 2886 3602 praecones
2916 3534 3053 3585 sunt
3082 3528 3142 3585 hi
3166 3529 3270 3601 qui
3298 3544 3488 3600 prope
3518 3544 3612 3584 re-

1954 3638 2091 3692 gem
2122 3620 2490 3692 praecedunt.

2022 3713 2065 3780 -ι-
2098 3709 2595 3768 Excellentiorem
2626 3706 2938 3781 propheta,
2968 3711 3167 3779 utpote
3184 3706 3288 3778 qui
3316 3707 3440 3761 suis
3464 3704 3611 3762 vidit

1953 3800 2142 3856 oculis
2183 3815 2218 3854 a
2250 3816 2311 3854 se
2344 3798 2787 3869 prophetatum,
2846 3812 3027 3868 quem
3078 3796 3381 3867 prophetas
3408 3796 3611 3866 ipsum

1954 3888 2353 3960 praecedentes
2386 3887 2446 3941 in
2475 3887 2794 3955 aenigmate
2835 3892 3294 3956 conspexerant.

2026 3980 2183 4031 Vers.
2212 3980 2291 4031 l0.
2326 3977 2436 4031 Hic
2461 4006 2531 4017 -
2555 3981 2690 4031 ante
2719 3981 2795 4030 te.
2835 3974 3157 4045 Postquam
3198 3973 3609 4028 testimonium

1956 4065 2124 4122 aﬂ'ert
2145 4078 2201 4121 et
2237 4065 2653 4138 propheticum
2684 4081 2695 4117 :
2729 4067 2818 4118 est
2843 4064 3001 4117 enim
3024 4062 3327 4119 Malachise
3358 4062 3609 4117 verbum

1955 4157 2023 4210 “.
2055 4155 2282 4211 Dictum
2316 4160 2404 4211 est
2435 4159 2636 4210 autem
2662 4152 2830 4224 quasi
2862 4166 2897 4207 a
2954 4154 3120 4207 Patre
3164 4155 3221 4206 et
3250 4153 3387 4215 Deo,
3418 4150 3495 4206 ad
3522 4150 3609 4205 Fi-

1952 4244 2099 4301 lium
2130 4245 2307 4300 etiam
2350 4243 2547 4300 Deum.
2591 4243 2886 4297 Joannem
2916 4256 3055 4296 vero
3101 4239 3384 4308 angelum
3429 4254 3607 4295 suum

1958 4337 2109 4390 Deus
2139 4333 2492 4393 nominavit.
2528 4331 2648 4387 sive
2666 4330 2810 4401 quia
2859 4328 3071 4401 ἄγγελος
3099 4328 3315 4383 dicitur
3338 4328 3605 4393 nuntius,

1951 4426 2007 4478 et
2032 4422 2292 4477 Joannes
2318 4436 2445 4490 quae
2476 4418 2585 4473 sibi
2612 4418 2772 4473 dicta
2798 4421 2966 4473 erant
2994 4417 3068 4471 de
3109 4416 3343 4471 Christo
3375 4431 3609 4471 annun-

200 4499 472 4579 Ἐγένετο
525 4509 653 4579 γὰρ,
711 4512 860 4579 φησὶ,
913 4508 1060 4582 ῥῆμα
1114 4513 1242 4561 Θεοῦ
1280 4508 1364 4561 ίπὶ
1417 4509 1685 4566 Ἰωάννην
1752 4513 1840 4563 τόν

1974 4510 2115 4566 iavit
2145 4509 2369 4582 populo
2401 4525 2414 4563 :
2448 4509 2698 4563 Factum
2729 4513 2832 4574 est,
2864 4505 3078 4578 inquit,
3106 4506 3342 4561 verbum
3375 4506 3480 4561 Dei
3508 4520 3609 4560 su-

196 4605 300 4650 τοῦ
346 4599 641 4670 Ζαχαρίου
706 4599 818 4649 υἱὸν
875 4597 924 4648 ἓν
980 4606 1042 4670 τῇ
1095 4596 1269 4671 ἐρήμῳ
1309 4615 1321 4627 ·

200 4685 325 4759 βίον
412 4690 818 4760 μετερχόμενον,
886 4686 935 4738 ἐν
984 4695 1055 4756 τῷ
1110 4688 1435 4762 ὑπεραρθῆαι
1508 4697 1605 4740 τῶν
1644 4691 1836 4759 γηῖνων

198 4782 291 4828 καὶ
352 4782 564 4847 φρονεῖν
612 4774 849 4847 οὐράνια,
931 4779 1001 4828 Τὸ
1056 4772 1133 4843 δὲ,
1194 4779 1300 4847 Πρό
1372 4782 1659 4849 προσώπου
1716 4797 1833 4845 σου,

204 4865 318 4918 ἐστὶ
352 4872 476 4931 τοῦ,
532 4864 779 4916 Ἐνώπιόν
832 4882 926 4917 σου
984 4861 1355 4938 προοδεύοντα,
1423 4868 1492 4926 ὡς
1540 4865 1745 4932 οἰκεῖον,
1785 4866 1835 4927 ὃς

203 4959 293 5007 καὶ
351 4956 654 5027 ἔμπροσθέν
714 4972 808 5005 σου
844 4953 1137 5026 εῦτρεπέσει
1185 4958 1278 5011 τήν
1331 4950 1453 5007 ὁδον
1504 4974 1619 5008 σου.
1679 4952 1836 5017 Ὀδός

210 5040 267 5097 δέ
302 5051 406 5097 τοῦ
450 5050 713 5119 Χριστοῦ,
764 5044 821 5095 αἱ
870 5042 1052 5114 ψυχαὶ
1102 5051 1203 5095 τῶν
1252 5042 1557 5118 ἀνθρώπων,
1617 5045 1685 5095 ὧν
1716 5044 1833 5097 ἔπι⁹

280 5224 330 5260 “
357 5221 604 5280 Παίοσι).
632 5237 716 5292 ιιι,
748 5224 796 5276 l.
875 5220 924 5256 “
952 5222 1081 5277 Luc.
1121 5226 1233 5287 vui,
1257 5222 1317 5278 2.

1368 4599 1398 4658 ἦ
1441 4601 1506 4659 ὡς
1564 4596 1837 4670 ἀγγελικόν

1966 4600 2345 4656 νθνΙοαηηθγη
2363 4596 2871 4664 Zachariae/ilium
2888 4597 2944 4651 in
2957 4595 3185 4652 deserto
3198 4595 3269 4653 ‘5.
3290 4595 3421 4651 Sive
3434 4596 3602 4667 quasi

1946 4689 2611 4757 angelicamdegentem
2639 4686 2832 4749 vitam,
2865 4702 2935 4742 eo
2966 4686 3130 4757 quod
3165 4702 3338 4756 super
3375 4692 3607 4742 terrena

1944 4777 2306 4841 elevabatur,
2322 4776 2665 4832 accmlestia
2680 4775 2967 4847 sapiebat.
2987 4777 3133 4829 Ante
3168 4774 3380 4830 faciem
3412 4779 3602 4842 tuam,

1944 4867 2057 4922 hoc
2070 4867 2231 4922 estin
2250 4870 2574 4937 conspectu
2588 4869 2692 4921 tuo
2706 4863 3166 4937 praecedentem,
3198 4869 3487 4936 tanquam
3503 4864 3605 4919 do-

1943 4954 2588 5027 mesticumtuum,qui
2621 4954 2801 5011 etiam
2833 4969 3037 5010 coram
3070 4957 3123 5008 te
3166 4954 3397 5024 parabit
3444 4953 3603 5008 viam

1943 5044 2255 5101 tuam.Via
2279 5049 2476 5101 autem
2507 5043 2720 5099 Christi
2742 5044 2958 5101 animae
2972 5041 3457 5098 eranthominum
3496 5056 3605 5113 per

1441 5346 1667 5417 Varias
1696 5346 2027 5416 lectiones
2050 5358 2116 5416 et
2146 5355 2346 5415 notae.

281 5493 380 5567 (41)
400 5493 640 5551 inclusa
669 5494 935 5561 uterque
963 5486 1148 5544 codex
1169 5487 1432 5545 habetin
1465 5489 1754 5559 margine.

2011 5489 2127 5562 (42)
2160 5488 2366 5544 ἑαυτοῦ.
2401 5494 2462 5545 Α.

268 5678 333 5753 (α)
358 5682 405 5737 Α
445 5681 648 5739 doma.
684 5670 825 5728 Hoc
856 5664 1185 5725 obscurum
1214 5672 1326 5726 est.
1368 5666 1595 5736 Malim,
1621 5674 1727 5726 aut
1758 5668 2081 5727 domestica
2109 5666 2558 5734 consuetudine,
2595 5670 2699 5724 aut
2723 5682 2761 5723 a
2799 5665 3135 5724 nalz'vitate.
