4108 6412
492 377 593 434 351

1834 380 2167 437 EUTHYMII
2206 379 2540 437 ZIGABENI

3754 379 3859 435 352

490 520 645 577 quas
675 505 993 577 oportebat
1017 505 1269 562 verbum
1304 505 1628 578 procedere
1650 511 1825 578 prout
1857 507 2021 563 tertio
2053 523 2149 564 ca-

2264 506 2448 559 εαίνειν
2502 507 2699 579 ἔμελλεν
2757 509 2783 560 ὁ
2838 506 3008 579 λόγος,
3067 509 3135 568 ὡς
3185 504 3233 557 ἐν
3282 513 3352 575 τῷ
3402 509 3560 579 τρίτῳ
3608 504 3871 577 κεφαλαίῳ

493 594 608 665 pite
646 594 818 650 latius
842 594 1122 651 diximus.
1164 597 1358 650 Potest
1387 596 1561 650 etiam
1601 596 1721 651 dici
1771 597 2152 653 excellentior

494 683 952 755 propheta,quia
970 700 1107 739 eum
1131 700 1312 755 quem
1343 683 1489 739 vidit
1527 684 1945 756 prophetabat,
1984 684 2153 757 quod

489 771 635 826 nulli
664 772 915 840 contigit
946 773 1389 843 prOphetarum.
1426 775 1542 828 Nec
1575 773 1718 828 vidit
1746 778 1997 838 tantum,
2055 789 2154 830 ve-

497 875 629 915 rum
663 860 841 916 etiam
863 860 1204 933 baptizavit.

564 950 725 1003 Vers.
758 951 842 1004 H.
882 952 1069 1006 Amen
1095 981 1160 991 —
1184 951 1475 1020 Baptista.
1533 953 1660 1007 Non
1714 954 1890 1008 natus
1921 957 2033 1017 est,
2062 950 2152 1007 in-

492 1036 633 1108 quit,
666 1040 819 1094 inter
844 1039 1137 1103 homines,
1172 1040 1274 1111 qui
1306 1055 1337 1095 e
1390 1039 1747 1095 mulieribus
1805 1040 1928 1095 nati
1990 1044 2149 1107 sunt,

492 1127 685 1197 major
713 1127 827 1182 illo.
860 1130 1001 1194 Quis
1027 1128 1186 1184 enim
1204 1128 1427 1184 aliusin
1453 1128 1601 1185 uteri
1633 1128 1883 1185 tenebris
1897 1129 2152 1185 abscon-

493 1214 672 1279 ditus,
703 1215 900 1271 lucem
939 1216 1175 1272 venisse
1203 1217 1449 1287 agnovit
1478 1222 1535 1273 et
1565 1217 1726 1273 illam
1760 1218 2155 1273 exsultatione

494 1303 763 1360 adoravit
800 1306 848 1339 ⁴⁶
874 1304 902 1359 ‘I
933 1305 1130 1361 Nullus
1160 1306 1311 1361 alius
1344 1311 1558 1378 printer
1602 1307 1762 1362 hunc
1802 1307 2015 1373 solum,
2051 1305 2155 1378 qui

492 1393 704 1448 merito
742 1409 885 1449 sane
924 1394 1155 1449 cunctis
1184 1395 1377 1466 major
1433 1402 1537 1449 est.
1575 1398 1638 1451 Et
1663 1412 1890 1462 rursus,
1941 1396 2042 1467 qui
2076 1395 2154 1451 ab

490 1480 743 1538 infantia
772 1482 853 1537 ita
879 1482 1205 1538 solitariam
1240 1499 1308 1538 ac
1339 1484 1694 1541 eremiticam
1748 1484 1920 1539 duxit
1944 1484 2151 1552 vitam,

494 1570 730 1642 taleque
756 1570 925 1642 elegit
953 1572 1302 1627 exercitium
1322 1573 1350 1628 ‘I
1381 1572 1547 1629 Certe
1605 1573 1802 1629 nullus
1850 1574 2144 1629 omnium.

492 1658 817 1730 Postquam
832 1675 973 1730 ergo
991 1661 1590 1731 Baptistamlaudavit
1604 1662 2155 1718 aconcurquudaa-

496 1763 670 1804 orum
701 1748 779 1803 ad
804 1749 1024 1821 ipsum,
1063 1749 1281 1806 deinde
1306 1767 1342 1806 a
1374 1752 1582 1807 virtute
1621 1752 1802 1817 illius,
1848 1757 1905 1807 et
1932 1751 2095 1807 tertio
2120 1768 2154 1805 a

2257 596 2571 671 πλατύτερον
2625 597 2924 671 εἰρήκαμεν.
2994 601 3214 667 Λέγοιτο
3281 591 3333 646 δ’
3391 596 3450 645 οἶν
3500 598 3870 667 περισσά-τερος

2260 691 2550 760 προφήτου,
2610 692 2698 738 καὶ
2777 689 2841 746 ὡς
2901 689 2987 751 τον
3047 685 3132 737 ὑπ’
3207 684 3367 735 αὐτοῦ
3424 687 3869 757 προφητευὸμενον

2265 772 2409 839 ἰδὼν,
2455 778 2518 834 ὡς
2568 771 2742 837 οὐδεὶς
2793 784 2893 826 τῶν
2942 774 3105 826 ἄλλων
3140 780 3439 848 προφητῶν,
3488 776 3679 844 καὶμὴ
3719 776 3870 844 μόνον

2266 862 2409 930 ἰδὼν,
2446 862 2571 916 ἀλλά
2600 870 2683 916 κοὶ
2716 862 3000 936 βαπτίσας.

2334 953 2499 1025 Ἀμήν
2580 984 2647 992 -
2716 958 3035 1005 Βαπτιστοῦ.
3116 950 3191 1002 Ού
3280 954 3601 1021 γεγέννηται,
3694 952 3872 1020 φησιν,

2263 1040 2311 1093 ἓν
2358 1050 2462 1103 τοῖς
2517 1045 2851 1113 γεννωμένοες
2927 1040 2983 1091 ἐκ
3043 1047 3302 1110 γυναικῶν
3356 1036 3637 1110 ἀνθρώροις
3682 1037 3873 1108 μείζων

2264 1131 2443 1184 αὐτοῦ.
2497 1134 2583 1191 Τίς
2639 1134 2739 1203 γὰρ
2807 1129 2978 1198 ἄλλος,
3049 1128 3096 1181 ἐν
3180 1133 3353 1180 σκότει
3406 1133 3607 1201 μήτρας
3667 1125 3877 1197 ἐπικρυ-

2263 1224 2529 1292 πτόμενος,
2588 1218 2835 1293 ἐγνώρισε
2916 1222 2975 1271 τὸ
3035 1226 3134 1289 φῶς
3186 1217 3348 1285 ἐλθὸν,
3404 1221 3493 1267 καὶ
3550 1222 3707 1267 τοῦτο
3767 1221 3872 1275 τοῖς

2266 1313 2594 1383 σκιρτήμασι
2671 1310 3056 1381 προσεκύνησεν
3109 1324 3122 1371 ;
3198 1303 3383 1366 Οὐδεὶς
3441 1304 3630 1377 ἕτερος,
3704 1304 3751 1355 εἰ
3805 1307 3874 1375 μὴ

2263 1403 2412 1471 μόνος
2475 1417 2642 1458 ουτος.
2718 1400 2923 1459 Μείζων
3006 1397 3110 1469 ἄρα
3183 1397 3385 1448 πάντων
3464 1393 3696 1455 εἰκότως.
3779 1397 3876 1445 Καὶ

2264 1487 2435 1552 αὖθις,
2492 1492 2573 1549 τίς
2625 1484 2679 1537 ἐκ
2737 1484 2964 1560 βρέφους
3020 1484 3155 1536 οὕτω
3214 1488 3417 1554 γέγονεν
3485 1481 3738 1555 ἐρημικὸς
3790 1485 3876 1532 καὶ

2263 1580 2508 1634 τοιαύτην
2561 1577 2792 1632 ἄσκησιν
2846 1573 3020 1639 ἓλετος
3064 1580 3175 1625 Τῶν
3235 1574 3438 1625 πάντων
3487 1575 3645 1622 ὄντων
3683 1566 3875 1631 οὐδείς.

2266 1666 2567 1725 Ἐπαινέσας
2651 1664 2738 1715 οὗν
2799 1667 2882 1715 τὸν
2948 1666 3256 1723 Βαπτιστὴν,
3335 1663 3435 1713 ἀπὸ
3489 1679 3541 1712 τε
3600 1668 3699 1721 τῆς
3757 1663 3877 1733 πρὸς

2264 1755 2438 1820 αὐτὸν,
2471 1750 2775 1825 συνδρομῆς
2817 1761 2914 1805 τῶν
2968 1747 3258 1817 Ἰουδαίων,
3319 1748 3418 1801 ἀπὸ
3472 1769 3525 1801 τε
3554 1758 3651 1811 τῆς
3697 1747 3880 1822 ἀρετῆς

494 1853 603 1893 suo
622 1837 933 1908 suffragio,
946 1845 1160 1912 quarto
1172 1857 1405 1913 quoque
1420 1858 1455 1897 a
1472 1843 1774 1915 prophetas
1792 1842 2150 1908 testimonio,

2264 1844 2443 1909 αὐτοῦ,
2502 1846 2591 1895 καὶ
2642 1862 2814 1916 τριτον
2870 1840 2970 1893 ἀπὸ
3025 1849 3122 1902 τῆς
3172 1839 3365 1901 οἰκειας
3395 1838 3597 1910 ψήφου,
3653 1842 3745 1889 καὶ
3796 1840 3877 1889 τέ-

495 1933 549 1984 et
569 1927 861 1998 majorem
878 1928 1188 2001 prophetis
1214 1945 1353 1986 eum
1375 1930 1730 2002 praedicavit,
1753 1947 1824 1987 ac
1853 1931 2153 1987 universae

492 2017 623 2073 liter
646 2018 932 2073 omnibus
960 2017 1246 2088 majorem
1272 2019 1621 2076 hominibus
1646 2038 1659 2088 ;
1686 2024 1852 2075 curat
1882 2021 1964 2092 (b)
1993 2020 2154 2076 hanc

494 2105 745 2161 laudum
765 2105 1259 2174 magnitudinem,
1283 2123 1357 2162 ne
1384 2114 1628 2179 propter
1649 2108 1797 2174 haec,
1821 2109 1957 2180 ipso
1974 2108 2153 2164 etiam

497 2193 725 2250 Christo
762 2193 1208 2251 honoratiorem
1261 2195 1564 2254 ducerent.
1594 2199 1654 2253 Et
1678 2197 1837 2268 vide,
1884 2196 2031 2271 quid
2075 2197 2156 2253 di-

497 2285 616 2339 cat.

575 2464 728 2520 vers.
755 2466 847 2521 11.
884 2467 1204 2534 Quiautem
1225 2497 1294 2509 —
1314 2470 1397 2522 est
1414 2467 1539 2522 illo.
1568 2464 1851 2522 Minorem
1892 2464 2155 2537 seipsum

498 2551 659 2619 dicit,
676 2569 749 2609 eo
766 2555 933 2626 quod
946 2556 1027 2612 ita
1047 2556 1345 2612 videretur
1358 2555 1555 2628 apudJ
1564 2554 1785 2610 udmos.
1813 2557 1953 2610 Nam
1976 2555 2153 2609 Joan-

503 2658 641 2697 nem
667 2659 738 2699 eo
770 2644 1060 2716 majorem
1092 2645 1419 2711 habebant,
1445 2649 1649 2716 utpote
1670 2643 1775 2716 qui
1803 2644 1877 2700 ab
1906 2642 2157 2699 infantia

504 2731 565 2787 in
591 2746 859 2787 eremum
886 2738 1221 2799 secesserat,
1249 2737 1306 2790 et
1355 2732 1700 2790 admirabili
1732 2732 1864 2788 vitae
1888 2732 2156 2787 instituto

503 2835 650 2875 usus
706 2818 920 2877 fuerat.
962 2822 1260 2878 Christum
1298 2838 1440 2878 vero
1489 2825 1782 2894 tanquam
1846 2820 2157 2877 communi

503 2906 687 2962 modo
703 2912 1153 2965 conversantem
1170 2908 1550 2980 dejiciebant.
1576 2909 1704 2974 Qui,
1721 2908 1934 2981 inquit,
1962 2909 2159 2964 minor

503 3002 610 3063 est,
642 2996 704 3051 id
734 3001 822 3052 est
845 2999 947 3069 qui
980 2997 1208 3054 videtur
1256 2999 1455 3054 minor
1478 2997 1599 3064 illo,
1657 2998 1850 3069 major
1877 3013 1948 3053 eo
1981 3002 2067 3053 est
2097 2997 2157 3052 in

499 3102 686 3158 regno
718 3087 1021 3156 cmlorum,
1058 3089 1174 3145 hoc
1200 3093 1307 3155 est,
1335 3089 1678 3161 imperando
1710 3088 1876 3146 oculis
1910 3104 1922 3145 :
1953 3094 2158 3160 utpote

502 3192 626 3233 non
656 3177 831 3234 homo
862 3178 1077 3248 solum,
1113 3180 1217 3235 sed
1244 3180 1422 3236 etiam
1455 3182 1630 3236 Deus.

575 3266 735 3323 Vers.
770 3268 862 3324 12.
902 3271 950 3324 Α
980 3299 1049 3310 —
1096 3268 1273 3324 illud.
1325 3269 1784 3339 Chrysostomus
1804 3267 1970 3332 dicit,
2003 3265 2160 3339 quod

501 3353 599 3412 hic
628 3372 879 3427 regnum
903 3362 1078 3414 vocat
1119 3358 1303 3415 fidem
1354 3359 1417 3413 in
1456 3358 1675 3429 ipsum,
1722 3361 1929 3428 utpote
1958 3355 2162 3411 arrha-

502 3444 728 3502 bonem
740 3448 815 3502 ad
827 3461 1081 3515 regnum
1093 3446 1405 3512 cmlorum,
1422 3447 1501 3502 ad
1516 3446 1855 3502 fruitionem
1866 3445 2132 3517 ,inquam
2143 3485 2158 3509 ,

502 3534 802 3591 bonorum
828 3551 962 3607 quae
981 3536 1277 3592 habentur
1300 3536 1363 3592 in
1409 3536 1596 3592 caelis.
1628 3535 1755 3591 Vim
1785 3540 1986 3592 autem
2015 3534 2163 3605 pati-

504 3626 620 3689 tur,
653 3623 768 3678 hoc
791 3629 881 3678 est
907 3623 1197 3679 violenter
1225 3625 1303 3679 ab
1332 3624 1679 3680 hominibus
1699 3624 1989 3694 arripitur,
2013 3624 2161 3678 dum

504 3710 585 3766 illi
616 3710 729 3765 sibi
758 3711 903 3783 ipsis
934 3712 1050 3767 vim
1095 3712 1376 3777 inferunt,
1416 3729 1488 3769 ac
1531 3717 1687 3769 certe
1743 3712 2160 3769 necessitatem

505 3798 889 3871 propriorum
910 3800 1150 3856 vincunt
1167 3800 1507 3871 affectuum,
1532 3805 1633 3856 aut
1650 3802 1829 3857 etiam
1854 3801 2161 3857 inﬁdelita-

505 3887 578 3943 tis
597 3888 999 3959 tyrannidem.
1030 3889 1288 3961 Ideoque
1327 3891 1442 3945 hoc
1465 3889 1868 3955 manifestans,
1911 3891 2165 3960 subjun-

504 3975 592 4031 xit
623 3976 790 4048 quod
830 3977 1081 4033 Violenti
1103 3979 1349 4046 rapiant
1380 3977 1560 4034 illud.
1597 3981 1751 4035 Hanc
1791 3994 1927 4035 vero
1957 3979 2165 4036 lauda-

504 4062 689 4119 bilem
723 4064 1086 4132 violentiam,
1114 4066 1408 4139 incepissc
1458 4066 1601 4123 dicit
1629 4083 1666 4124 a
1711 4066 1925 4123 diebus
1953 4068 2166 4140 praedi-

506 4152 754 4208 cationis
776 4154 1040 4219 Joannis,
1061 4156 1163 4228 qui
1192 4156 1406 4228 populo
1448 4155 1726 4213 clamavit
1755 4173 1767 4213 :
1795 4157 2160 4229 Resipiscite,

505 4241 686 4298 instat
706 4243 865 4299 enim
894 4260 1148 4315 regnum
1182 4244 1490 4301 caelorum.
1525 4248 1643 4302 Hoc
1674 4250 1873 4302 autem
1894 4262 2056 4303 nunc
2076 4246 2163 4303 di-

505 4330 593 4386 xit
626 4330 913 4400 Christus,
982 4333 1161 4389 simul
1203 4333 1451 4407 quidem
1490 4334 1553 4391 in
1599 4334 1844 4392 laudem
1892 4336 2161 4402 Joannis,

506 4420 673 4491 quasi
698 4420 1017 4478 hominum
1041 4423 1293 4480 salutem
1314 4422 1387 4479 sit
1407 4424 1743 4497 auspicatus
1772 4444 1785 4483 :
1813 4425 1993 4481 simul
2016 4441 2163 4498 quo-

507 4523 626 4580 que
649 4510 915 4566 excitans
939 4512 1256 4579 auditores,
1294 4516 1359 4568 ut
1387 4517 1443 4569 et
1462 4512 1581 4586 ipsi
1619 4514 1887 4571 similiter
1935 4516 2053 4571 vim
2077 4515 2165 4572 in-

510 4595 728 4653 ferrent
757 4598 870 4654 sibi
898 4598 1059 4670 ipsis.

582 4772 747 4827 Vers.
772 4775 859 4830 13.
888 4774 1095 4831 Omnes
1116 4806 1183 4817 —-
1200 4775 1723 4847 prophetauerunt.
1755 4779 1972 4850 Legem
1994 4786 2167 4840 vocat

511 4865 771 4918 veterem
792 4862 1239 4933 legislationem.
1264 4864 1566 4937 Siquidem
1588 4868 1768 4924 etiam
1791 4868 1852 4924 in
1874 4869 1987 4926 hac
2018 4870 2166 4925 mul-

511 4953 573 5006 ta
602 4950 677 5007 de
696 4950 927 5009 Christo
966 4953 1252 5024 prmdicta
1300 4959 1477 5012 sunt:
1507 4961 1565 5013 et
1624 4956 1887 5015 maxime
1916 4958 1978 5014 in
2027 4958 2168 5032 legi-

584 5131 631 5168 “
661 5130 801 5188 Luc.
831 5145 875 5201 Ι,
904 5132 997 5190 41.

2263 1952 2449 2006 ταρτον
2518 1930 2618 1983 ἀπὸ
2672 1940 2767 1993 τῆς
2814 1937 3140 2005 προφητικής
3204 1932 3496 2002 μαρτυρίας
3547 1969 3560 1982 .
3617 1932 3713 1979 καὶ
3775 1931 3880 1997 μεί·

2266 2022 2392 2082 ζονα
2439 2023 2528 2093 μὲν
2577 2028 2676 2072 τῶν
2734 2028 3012 2092 προφητῶν
3065 2016 3395 2091 ἀνακηρύξας
3448 2018 3625 2081 αὑτὸν,
3668 2018 3878 2087 μείζονα

2266 2106 2327 2162 δὲ
2400 2108 2622 2161 καθόλου
2700 2111 2903 2161 πάντων
2981 2105 3261 2179 ἀνθρώπων
3350 2126 3362 2139 ·
3443 2106 3715 2178 θεραπεύει
3787 2106 3876 2159 τήν

2265 2196 2552 2271 ὑπερϐολήν
2646 2206 2746 2249 τῶν
2820 2195 3111 2268 ἕγκωμίων,
3190 2196 3274 2246 ῖνα
3371 2197 3443 2265 μὴ
3528 2189 3622 2245 διὰ

2264 2287 2454 2360 μᾶλλον
2480 2291 2878 2361 προτιμήσωσιν
2911 2285 3063 2338 aera»
3113 2291 3205 2337 τοῦ
3252 2290 3506 2358 Χριστοῦ.
3542 2286 3645 2336 Καὶ
3679 2283 3795 2354 ὅρα,
3827 2284 3875 2332 τί

2270 2396 2451 2449 φησιν.

2336 2465 2418 2518 Ὀ
2473 2462 2532 2517 δὲ
2603 2494 2652 2504 -
2693 2463 2853 2515 αὐτοῦ
2903 2461 3034 2517 ἐστί.
3087 2466 3428 2537 Μικρότερον,
3488 2461 3676 2512 ἑαυτὸν
3728 2458 3874 2529 λέγει,

2268 2553 2363 2608 διὰ
2393 2559 2449 2608 τὸ
2482 2551 2654 2607 δοκεῖν
2692 2552 2827 2606 οὓτω
2857 2555 3001 2625 παρὰ
3036 2560 3148 2614 τοῖς
3188 2546 3491 2613 Ἰουδαίοις,
3523 2549 3758 2609 Μείζονα
3784 2550 3878 2621 γὰρ

2268 2646 2428 2697 αὐτοῦ
2457 2648 2543 2696 τὸν
2568 2646 2805 2700 Ἰωάννην
2845 2641 3105 2713 ἐνόμιζον,
3157 2643 3220 2701 ὡς
3260 2639 3314 2691 ἐκ
3346 2638 3573 2714 βρέφους
3608 2636 3874 2710 ἐρημικὸν,

2267 2739 2357 2787 καὶ
2415 2733 2528 2806 ξένη
2590 2729 2771 2803 διαίτη
2846 2736 3135 2804 χρώμενον.
3187 2732 3286 2782 Τὸν
3358 2730 3459 2801 γὰρ
3505 2729 3763 2801 Χριστὸν,
3816 2727 3879 2786 ὡς

2267 2832 2447 2884 κοινῶς
2505 2819 2869 2893 διαιτώμενον,
2928 2818 3260 2882 ύπεϐίϐαζον.
3321 2818 3378 2870 '0
3465 2812 3522 2869 δὲ
3572 2818 3879 2889 μικρότερός

2270 2932 2449 2986 φησιν,
2483 2914 2508 2963 ὁ
2540 2908 2706 2964 δοκῶν
2752 2910 2971 2962 ἐλάττων
3003 2909 3184 2977 αὑτοῦ,
3218 2910 3410 2979 μείζων
3458 2905 3619 2957 αὐτοῦ
3661 2908 3801 2958 ἔστιν
3830 2906 3875 2956 ἓν

2646 2206 2746 2249 τῶν
2820 2198 3111 2249 ἰγκωαίων.
3190 2198 3274 2246 ἵνα
3372 2198 3443 2249 μὴ
3528 2198 3622 2245 διὰ
3719 2198 3880 2243 ταῦτα

2266 3012 2338 3073 τῷ
2383 3000 2678 3074 βασιλεύειν
2723 3008 2819 3052 τῶν
2878 2998 3124 3074 οὐρανῶν,
3174 3000 3237 3057 ὡς
3285 3000 3356 3069 μή
3399 3000 3551 3069 μόνον
3582 2995 3875 3067 ἅνθρωπος,

2269 3090 2398 3143 ἀλλὰ
2421 3095 2513 3143 καὶ
2549 3093 2697 3152 Θεὸς.

2199 3222 2239 3277 C
2342 3266 2472 3321 Ἀπό
2524 3296 2591 3307 --
2623 3264 2804 3323 αὐτήν.
2862 3263 2921 3316 Ὀ
2979 3263 3093 3334 (43)
3157 3264 3527 3335 Χρυσόστομός
3569 3280 3750 3332 φησιν.
3799 3260 3875 3311 ὅτι

2274 3353 2547 3427 βασιλείαν
2595 3354 2822 3427 οὐρανῶν
2873 3354 3008 3424 λέγει
3054 3360 3162 3417 νῦν,
3221 3356 3313 3410 τήν
3358 3351 3427 3413 εἰς
3477 3350 3633 3402 αὐτὸν
3682 3352 3875 3414 πίστιν,

2271 3446 2340 3507 ὡς
2405 3443 2565 3496 οὖσαν
2655 3442 2891 3518 ἀρραϐών
2962 3449 3055 3503 τῆς
3122 3439 3399 3513 βασιλείας
3456 3446 3555 3492 τῶν
3625 3437 3874 3511 οὐρανῶν,

2272 3539 2406 3606 φημὶ
2464 3530 2558 3601 δὴ,
2586 3540 2682 3594 τῆς
2738 3530 3069 3590 ἀπολαύσεως
3121 3538 3219 3582 τῶν
3262 3528 3308 3581 ἐν
3364 3529 3597 3603 οὐρανοῖς
3651 3525 3870 3598 ἀγαθῶν.

2270 3624 2516 3682 Βιάςεται
2565 3617 2641 3686 δὲ,
2685 3620 2799 3673 ἀντὶ
2846 3628 2956 3690 τοῦ,
3011 3617 3199 3691 βιαίως
3251 3618 3545 3691 ἁρπάζεται
3597 3618 3743 3689 παρὰ
3782 3622 3875 3665 τῶν

2271 3714 2571 3785 ἀνθρώπων,
2641 3708 2688 3761 ἐν
2739 3718 2812 3780 τῷ
2895 3708 3099 3782 βιάζειν
3161 3709 3372 3760 ἐαυτοὺε
3445 3711 3536 3758 καὶ
3594 3710 3741 3775 νικᾴν
3789 3706 3876 3759 τὴν

2273 3798 2502 3871 ἀνάγκην
2551 3808 2651 3851 τῶν
2708 3795 3028 3857 οὶωνδήποτε
3080 3799 3277 3865 παθῶν,
3337 3800 3367 3854 ἦ
3414 3800 3499 3847 καὶ
3552 3798 3648 3852 τήν
3702 3811 3876 3867 τυρανο

2270 3887 2393 3942 νίδα
2445 3898 2541 3949 τῆς
2592 3886 2861 3948 ἀπιστίας.
2932 3890 3017 3939 Διὸ
3065 3892 3155 3940 καὶ
3211 3894 3364 3938 τοῦτο
3415 3884 3717 3955 σαφηνίζων
3760 3879 3879 3937 ἐπή-

2270 3998 2446 4051 γαγεν,
2522 3979 2599 4030 ὅτι
2682 3982 2907 4029 Βιασταὶ
2997 3975 3328 4051 ἁρπάσουσιν
3418 3972 3600 4030 αὑτήν.
3681 3974 3877 4025 Ταύτην

2274 4066 2333 4121 δὲ
2387 4072 2480 4126 τὴν
2547 4065 2815 4124 ἐπαινετὴν
2872 4063 2995 4138 βίαν
3081 4064 3344 4138 ἄρξασθαί
3403 4080 3562 4133 φησιν
3628 4060 3729 4112 ἀπὸ
3783 4066 3876 4109 τῶν

2280 4162 2483 4231 ἡμερῶν
2561 4164 2652 4207 τοῦ
2725 4158 3066 4229 κηρύγματος
3103 4186 3117 4200 .
3151 4154 3409 4216 Ἰωάννου,
3498 4148 3726 4221 βοῶντος
3808 4153 3877 4215 τῷ

2271 4245 2379 4315 λαῷ
2430 4263 2440 4274 ·
2470 4251 2775 4299 Μετανοεῖτε
2831 4286 2842 4297 .
2876 4247 3065 4313 ἤγγικε
3110 4244 3212 4313 γὰρ
3273 4242 3301 4298 ἡ
3352 4237 3599 4312 βασιλεία
3651 4245 3750 4288 τῶν
3795 4233 3879 4286 ού-

2272 4343 2458 4409 ρανῶν,
2530 4337 2720 4406 Εῖρηκε
2761 4329 2820 4385 δὲ
2872 4340 3024 4384 τοῦτο
3077 4338 3165 4382 νῦν
3218 4332 3242 4381 ὁ
3287 4330 3539 4401 Χριστὸς,
3624 4325 3737 4398 ἅμα
3792 4326 3877 4396 μὶν

2273 4423 2489 4476 ἐπαινῶν
2541 4426 2626 4475 τὸν
2691 4424 2957 4486 Ἰωάννην,
3028 4422 3092 4481 ὡς
3159 4419 3313 4471 αὐτὸν
3373 4416 3711 4489 ἑναρξάμενον
3790 4419 3880 4471 τῆς

2276 4518 2536 4587 σωτηρίας
2591 4520 2689 4564 τῶν
2748 4509 3050 4585 ἀνθρώπων,
3131 4510 3242 4581 οἶμα
3292 4504 3350 4560 δὲ
3403 4511 3493 4557 καὶ
3561 4505 3877 4578 παραθήγων

2195 4584 2238 4636 D
2273 4606 2391 4664 τοὺς
2446 4601 2723 4661 ἀκούοντας
2781 4601 2852 4663 εἰς
2897 4603 2955 4651 τὸ
3008 4604 3097 4652 καὶ
3166 4596 3357 4658 αὐτοὺς
3413 4596 3600 4668 ὁμοίως
3676 4590 3878 4666 βιάζειν

2273 4692 2506 4754 ἑαυτούς.

2346 4784 2534 4841 Πάντες
2609 4810 2676 4820 -—
2751 4784 3163 4851 προεφήτευσαν.
3276 4778 3450 4847 Νόμον

2272 4869 2497 4922 παλαιὰν
2549 4869 2880 4941 νομοθεσίαν.
2938 4871 3040 4920 Καὶ
3100 4868 3201 4940 γὰρ
3253 4869 3342 4916 καὶ
3403 4864 3453 4915 ἐν
3492 4865 3655 4933 ταύτῃ
3722 4855 3880 4911 πολλὰ

2272 4963 2390 5031 περὶ
2441 4965 2678 5031 Χριστοῦ
2735 4962 3034 5031 προείρητο,
3093 4960 3182 5007 καὶ
3239 4952 3428 5027 μᾶλλον
3497 4950 3546 5003 ἐν
3598 4957 3706 5011 τοῖς
3766 4949 3880 5020 περὶ

3789 4771 3878 4825 τὴν

3556 4770 3715 4843 λέγει,

1743 5234 1960 5304 Variae
1998 5235 2327 5304 lectiones
2368 5244 2433 5304 et
2462 5242 2645 5302 notas

585 5426 699 5498 (45)
752 5428 916 5501 Tom.
968 5428 1089 5495 VII,
1140 5444 1200 5501 p.

515 5494 707 5569 ἐπείγει
762 5498 943 5553 λοιποῦ
992 5494 1182 5563 αύτούς
1231 5508 1322 5555 καὶ
1398 5504 1623 5557 ἐντεῦθεν
1686 5494 1755 5565 εἰς
1800 5494 1933 5563 ’τὴν
1990 5507 2170 5556 πίστιν

516 5571 610 5627 τὴν
650 5568 834 5622 ἑαυτοῦ
890 5569 1271 5629 Subobscure
1324 5590 1467 5644 ergo
1518 5575 1690 5633 dixit.
1758 5576 2047 5631 Eumdem
2087 5576 2171 5631 lo-

1269 5430 1371 5486 417
1404 5432 1470 5507 Δ(3.
1512 5450 1524 5486 :
1555 5438 1686 5507 ΫΚαὶ
1717 5436 1829 5507 ,γὰρ
1888 5433 2010 5485 ὠθεῖ
2080 5435 2171 5485 καὶ

2280 5446 2419 5487 cum
2450 5432 2659 5487 tractat
2686 5433 2725 5486 t.
2750 5428 2893 5496 VIII,
2924 5444 2986 5502 p.
3028 5429 3133 5486 320
3159 5427 3218 5493 C,
3248 5425 3346 5483 ubi
3371 5424 3604 5483 nullum
3634 5420 3880 5480 verbum

2280 5507 2399 5578 περὶ
2426 5507 2672 5565 πίστεως.

586 5693 659 5765 (b)
690 5695 905 5752 Curat.
944 5696 1129 5753 Etiam
1149 5696 1264 5755 hoc
1292 5698 1633 5757 obscurum.
1663 5700 1885 5769 Malim,
1906 5707 2207 5772 temperat,
2229 5700 2469 5773 modum
2501 5699 2661 5771 ponit
2689 5698 2830 5756 huic
2861 5698 3110 5755 laudum
3137 5693 3555 5769 magnitudini.
