4108 6446
262 348 354 411 353
1256 346 1629 405 COMMENT.
1671 344 1740 403 IN
1782 344 2224 405 MATTH/EUM.
2267 376 2337 388 —
2373 345 2530 402 CAP.
2574 345 2661 402 XI.
3542 350 3650 404 354

269 482 447 533 Θνσιων
503 481 719 550 νόμοις,
792 478 960 529 τύπον
1028 481 1117 529 καὶ
1171 480 1487 548 προμήνομα
1551 475 1882 546 κεκτημένοις

2031 489 2106 527 ius
2129 472 2203 528 de
2234 471 2836 543 sacriﬁciis,ﬁguram
2881 478 2984 532 aut
3005 473 3366 547 praesagium
3383 473 3653 530 habenti-

271 578 350 622 τοῦ
396 570 622 626 τυθῆναι
712 566 990 639 μέλλοντος
1049 566 1175 638 ὑπὲρ
1253 571 1342 616 τοῦ
1427 568 1651 635 κόσμου.
1718 566 1881 620 Φησὶν

2025 578 2106 616 ius
2124 562 2273 633 ejus,
2298 562 2399 634 qui
2424 576 2533 634 pro
2548 562 2777 620 mundo
2791 569 2915 621 erat
2933 563 3292 620 offerendus.
3315 563 3460 619 Dicit
3474 579 3647 634 ergo:

273 656 351 712 ὀῦν
404 660 484 710 ὁτι
561 658 758 717 πάντες
820 655 872 707 οἰ
952 662 1233 729 προφῆται,
1314 654 1362 704 οἰ
1432 654 1883 727 προφητεύσαντες

2029 660 2213 707 ιωηεε
2233 651 2556 723 propheta,
2590 654 2692 724 qui
2720 654 2990 710 videlicet
3027 653 3101 709 de
3127 658 3377 709 venturo
3419 653 3651 709 Christo

275 743 473 805 δηλαδὴ
534 750 657 821 περὶ
706 753 804 797 τοῦ
858 743 1127 817 μέλλοντος
1184 744 1439 815 ἔρχεσθαι
1491 748 1743 815 Χριστοῦ,
1794 745 1884 792 καὶ

2036 739 2505 811 rophetaverant,
2557 746 2613 797 et
2677 741 2771 798 lex
2813 759 2943 815 quae
3010 744 3072 798 in
3140 742 3344 798 ovium
3408 749 3463 798 et
3515 742 3653 814 agni

275 840 494 903 όνόμος,
546 837 573 887 6
604 836 986 909 προφητεύσας
1032 836 1150 907 περὶ
1203 840 1295 884 τοῦ
1353 831 1620 904 μέλλοντος
1666 832 1885 883 θύεσθαι

2031 828 2422 899 nmolatione,
2455 831 2857 902 prophetabat
2895 832 2971 888 de
3003 831 3231 888 Christo
3257 831 3653 897 immolando,

274 926 533 997 προϐάτου
578 931 670 977 καὶ
729 923 919 995 ἀμνοῦ,
974 926 1161 997 μέχρις
1208 923 1448 974 Ἰωάννου
1496 923 1586 981 τὰς
1638 922 1886 981 τοιαύτας

2038 919 2342 989 ujusmodi
2375 920 2715 992 prophetias
2744 922 2816 977 ad
2843 923 3138 978 Joannem
3182 937 3367 993 usque
3423 926 3657 994 proten-

275 1017 437 1068 αὐτῶν
488 1018 815 1087 προφητείας
874 1011 1141 1074 ἐξέτειναν.
1186 1018 1364 1083 Μεχρι
1410 1013 1499 1082 μεν
1550 1013 1652 1084 γὰρ
1701 1010 1885 1063 Ἰωάν-

2039 1013 2235 1065 erunt.
2287 1010 2384 1064 Hae
2433 1009 2724 1080 siquidem
2766 1010 3088 1083 prophetia
3137 1015 3309 1067 erant
3350 1027 3539 1083 usque
3578 1012 3657 1068 ad

272 1126 355 1157 νον
405 1111 724 1177 προφητεῖαι
778 1099 914 1160 ἦσαν
968 1098 1123 1153 αὗται
1152 1117 1164 1129 ⁸
1198 1099 1278 1152 ἐπ’
1338 1099 1498 1151 αὐτοῦ
1567 1096 1626 1151 δε
1684 1098 1884 1162 λοιπόν,

2037 1110 2279 1151 )annem
2312 1112 2324 1152 :
2356 1095 2639 1170 deinceps
2688 1114 2829 1154 vero
2877 1115 3011 1155 cum
3048 1098 3146 1155 illo
3170 1100 3297 1170 jam
3346 1115 3469 1155 non
3525 1116 3659 1172 pro-

273 1194 364 1246 οὐκ
430 1196 510 1245 ἔτι
574 1198 891 1267 προφητεῖαι
955 1194 1327 1263 μεμενήκασιν,
1406 1186 1533 1240 ἀλλὰ
1600 1190 1889 1261 πράγματα

2037 1183 2210 1241 hetiae
2238 1190 2612 1255 manserunt,
2654 1187 2759 1242 sed
2789 1203 3037 1260 operum
3060 1188 3454 1244 exhibitiones
3494 1188 3658 1245 facta:

270 1288 573 1355 γεγόνασι..
626 1287 730 1333 Και
780 1281 881 1353 γὰρ
933 1278 1088 1340 αὐτὸς
1135 1274 1241 1330 εἶδε
1288 1282 1383 1336 τήν
1413 1276 1624 1330 ἔκϐασιν
1668 1280 1885 1334 τούτων,

2038 1279 2165 1332 unt.
2225 1278 2375 1331 Nam
2429 1275 2637 1332 horum
2670 1276 2800 1349 ipse
2852 1277 2999 1333 vidit
3043 1284 3323 1334 eventum
3356 1295 3368 1334 :
3401 1278 3660 1352 ideoque

274 1376 357 1425 Διὸ
412 1376 527 1434 καὶ,
582 1368 826 1440 ἐπιγνούς
878 1375 966 1419 τόν
1007 1369 1257 1439 Χριστὸν,
1311 1365 1471 1440 ἀμνὸν
1518 1366 1673 1418 αὐτὸν
1726 1384 1888 1439 προσ-

2038 1363 2204 1434 gnito
2245 1365 2499 1430 Christo,
2546 1380 2771 1438 agnum
2814 1382 2952 1422 eum
3011 1366 3356 1439 appellavit,
3409 1369 3656 1425 dicens:

274 1467 583 1535 ηγόρευσεν,
670 1458 845 1512 εἰπών.
931 1453 1073 1509 Ἰδοὺ
1127 1457 1153 1508 6
1225 1456 1412 1528 Ἀμνὸς
1486 1462 1578 1507 τοῦ
1654 1462 1811 1525 Θεοῦ,
1863 1456 1888 1506 6

1997 1454 2153 1511 Ecce
2186 1455 2391 1526 Agnus
2421 1455 2524 1510 Dei
2548 1456 2652 1527 qui
2686 1456 2841 1512 tollit
2866 1463 3178 1525 peccatum
3212 1456 3418 1514 mundi
3446 1459 3515 1514 ‘7.

272 1554 433 1623 αἴρων
462 1554 556 1606 τήν
591 1547 854 1622 ἁμαρτίαν
883 1554 975 1598 τοῦ
1005 1550 1229 1617 κόσμου.

341 1642 533 1711 Εῖρηκε
579 1632 640 1689 δε
690 1639 777 1688 τόν
828 1634 976 1707 λόγον
1034 1642 1214 1687 τοῦτον
1246 1636 1271 1686 6
1326 1636 1580 1708 Χριστός,
1634 1633 1745 1706 ἅμα
1799 1635 1889 1706 μεν

2069 1631 2332 1689 Christus
2344 1636 2547 1690 autem
2559 1633 2721 1689 hunc
2742 1633 2978 1689 locutus
2995 1638 3455 1707 estsermonem,
3487 1634 3665 1692 simul

274 1732 360 1780 καὶ
408 1726 644 1779 ἐντεῦθεν
691 1727 909 1777 ἐπαινῶν
963 1727 1049 1776 τὸν
1104 1723 1366 1791 Ἰωάννην,
1416 1726 1479 1784 ὡς
1534 1722 1647 1794 (44)
1690 1731 1890 1795 πρῶτον

2044 1736 2295 1778 οδηηθω
2344 1722 2483 1778 hinc
2520 1722 2796 1789 laudans,
2850 1726 3147 1795 tanquam
3222 1725 3490 1796 primum
3560 1726 3666 1799 qui

274 1818 555 1889 ἕπιγνόντα
633 1819 729 1872 τήν
787 1811 1001 1865 ἔκϐασιν
1064 1821 1164 1865 τῶν
1240 1814 1487 1864 τοιούτων
1543 1821 1889 1885 προφητειῶν,

2044 1825 2216 1865 arum
2266 1811 2711 1883 prophetiarum
2775 1812 3056 1882 cognovit
3122 1817 3421 1879 eventum,
3490 1815 3666 1887 quasi

278 1903 363 1959 οἶα
424 1911 515 1957 καὶ
578 1904 734 1956 αὐτόν
787 1907 1103 1977 προφήτην·
1152 1903 1263 1974 ἅμα
1330 1897 1389 1954 δὲ
1446 1904 1536 1954 καὶ
1593 1897 1888 1968 διδάσκων,

2044 1901 2057 1954 t
2083 1898 2285 1972 ipsum
2310 1899 2669 1972 prophetam
2696 1918 2708 1956 :
2744 1900 2922 1957 simul
2948 1917 3191 1975 quoque
3222 1902 3466 1974 docens,
3500 1903 3666 1977 quod

280 2000 358 2048 ὅτι
408 1997 765 2069 παραγέγονεν
799 2011 812 2024 ·
873 1995 1335 2066 προφητευόμενος,
1386 1994 1476 2043 καὶ
1515 1990 1609 2042 οὐκ
1651 1992 1726 2043 ἔτι
1778 1995 1889 2067 χρὴ

2045 1988 2305 2045 dvenerit
2326 1990 2455 2060 jam
2486 1991 2590 2062 qui
2615 1990 3109 2062 prophetabatur,
3140 2007 3250 2047 nec
3279 1992 3561 2065 deinceps
3589 1992 3667 2048 al-

278 2081 589 2159 προσδοκᾶν
616 2084 801 2154 ἕτερον.

2000 2080 2192 2135 terum
2223 2082 2496 2151 oporteat
2519 2085 2882 2150 exspectare.

350 2174 508 2227 Ἐστι
579 2168 640 2224 δὲ
698 2175 792 2222 καὶ
872 2168 1000 2227 ἄλλη
1078 2188 1154 2229 τις
1212 2167 1478 2241 ἐξήγησις,
1556 2169 1636 2220 ὅτι
1711 2186 1894 2228 παντες

2073 2169 2384 2223 Estautem
2416 2172 2473 2223 et
2500 2166 2618 2224 alia
2643 2168 2927 2240 quaedam
2941 2168 3258 2241 expositio,
3278 2170 3669 2242 quodomnes

285 2262 459 2321 ἁπλῶς
509 2263 559 2312 οἱ
618 2267 886 2333 προφῆται
934 2263 1024 2311 καὶ
1081 2260 1106 2310 6
1151 2263 1305 2331 νόμος
1360 2265 1451 2310 τοῦ
1514 2256 1629 2329 (45)
1696 2275 1896 2329 προφη-

2045 2255 2352 2327 impliciter
2382 2257 2682 2328 prophetae
2712 2262 2769 2313 et
2792 2257 2886 2313 lex
2912 2258 3329 2329 prophetandi,
3366 2276 3555 2331 usque
3588 2258 3667 2315 ad

286 2354 448 2402 τιύειν
525 2350 623 2410 ἕως
702 2349 939 2401 Ἰωάννου
1018 2352 1405 2421 προεφήτευσαν
1477 2344 1525 2398 ἐν
1592 2342 1893 2409 Ἰοῦδαίοις,

2041 2360 2295 2401 oannem
2340 2345 2563 2401 Judaeis
2621 2346 3130 2418 prophetaverant,
3165 2353 3221 2403 et
3270 2347 3370 2403 hic
3418 2348 3663 2404 ultimus

280 2444 371 2490 καί
415 2438 712 2498 τελευταῖος
753 2441 1026 2509 προφήτης
1076 2431 1226 2496 οὗτός
1265 2434 1378 2487 ἐστι
1411 2452 1422 2463 ·
1479 2436 1539 2487 τὸ
1587 2434 1764 2486 λοιπόν
1814 2430 1892 2498 δὲ,

2048 2437 2091 2489 st
2130 2433 2559 2506 prophetarum
2594 2434 2915 2507 :deinceps
2961 2451 3103 2491 vero
3134 2436 3335 2491 nullus
3389 2435 3537 2491 alius
3584 2436 3670 2491 eis

279 2525 455 2587 οὐδεὶς
510 2529 685 2600 ἔτερος
734 2525 913 2586 αὐτοῖς
965 2526 1333 2598 προφητεύσει,
1391 2528 1480 2576 καὶ
1546 2527 1657 2599 χρὴ
1729 2525 1896 2593 τούτῷ

2041 2521 2413 2594 ιτορΙιθῐεὼίι.
2471 2523 2616 2579 Huic
2660 2538 2803 2594 ergo
2849 2524 3017 2595 quasi
3064 2529 3367 2597 postremo
3413 2525 3663 2581 omnino

282 2618 562 2669 πείθεσθαι
621 2616 826 2675 πάντως
885 2615 955 2675 ὡς
1011 2613 1301 2684 τελευταίῳ·
1361 2612 1526 2666 πολλὰ
1577 2616 1696 2687 περὶ
1775 2611 1898 2684 ἐμοῦ

2046 2610 2243 2667 redere
2271 2616 2526 2683 oportet,
2580 2615 2681 2685 qui
2716 2612 2905 2669 multa
2942 2613 3015 2669 de
3047 2630 3143 2669 me
3164 2618 3411 2671 testatus
3454 2619 3542 2670 est
3570 2632 3585 2669 :
3612 2618 3668 2670 et

280 2710 692 2781 μαρτυρήσαντι
743 2708 829 2754 καὶ
894 2707 1376 2775 νυμφαγωγήσαντι
1445 2721 1536 2774 μοι
1590 2704 1683 2762 τὰς
1740 2700 1898 2753 ἀποίν-

2051 2701 2163 2756 enit
2194 2705 2255 2755 ut
2281 2701 2552 2757 omnium
2585 2702 2820 2758 animas
2866 2708 3156 2775 tanquam
3196 2719 3443 2775 sponsas
3474 2703 3552 2759 ad
3580 2720 3673 2760 me

279 2794 579 2867 τωγᾷυχοίς
613 2811 625 2822 ·
684 2791 793 2845 ἐπεὶ
839 2796 930 2843 καὶ
987 2791 1409 2851 Κατασκευοίζειν
1459 2792 1747 2863 ἔμπροσθέν
1797 2809 1897 2863 μου

2055 2788 2290 2846 iducat.
2325 2790 2474 2846 Nam
2502 2796 2559 2846 et
2577 2789 2736 2847 hunc
2759 2790 3077 2847 Malachias
3105 2792 3397 2864 propheta
3424 2794 3677 2849 missum

283 2890 375 2942 τήν
431 2880 561 2935 ὁδόν
593 2902 718 2954 μου,
772 2880 1055 2951 Μαλαχίας
1106 2882 1132 2932 6
1177 2885 1446 2953 προφήτης
1518 2876 1652 2932 εἶπεν
1724 2880 1899 2932 αὐτόν.

1838 2883 1899 2931 'w.
2008 2879 2155 2934 dixit
2185 2879 2233 2914 ⁴⁵
2267 2896 2279 2933 :
2318 2880 2387 2937 Ut
2417 2887 2742 2949 appararet
2779 2884 2939 2938 viam
2975 2897 3153 2939 meam
3180 2888 3322 2939 ante
3350 2899 3460 2939 me.

357 2978 462 3025 Καὶ
547 2971 595 3023 εἰ
669 3003 734 3013 --
796 2972 821 3021 6
889 2969 1081 3042 μέλλων
1170 2971 1444 3043 ἔρχεσθαι.
1523 2965 1900 3037 Ιιροσδοκῶσιν

2080 2967 2247 3024 Vera.
2300 2968 2387 3023 14.
2436 2969 2510 3023 Et
2566 2971 2618 3025 εἰ
2665 3000 2728 3010 -
2773 2976 3052 3026 venturus
3129 2976 3271 3027 erat.
3325 2973 3681 3045 Eirspectant

284 3057 567 3126 Ἰουδαῖοι,
638 3078 753 3111 τοτε
826 3061 912 3110 τὸν
987 3062 1220 3133 Χριστόν
1292 3056 1471 3126 ἐλθεῖν,
1554 3059 1671 3110 ὃταν
1747 3057 1903 3110 ἄλθών

2056 3054 2199 3111 idaei
2217 3055 2516 3113 Christum
2548 3062 2687 3113 tunc
2712 3063 3021 3115 venturum
3056 3075 3193 3115 cum
3225 3061 3449 3116 venerit
3501 3061 3678 3130 Elias,

286 3148 491 3214 Ἠλίας,
552 3144 839 3223 προδράμῃ
892 3156 989 3208 τῆς
1047 3150 1346 3220 παρουσίας
1402 3146 1585 3203 αὑτοῦ.
1649 3151 1747 3199 Καὶ
1800 3148 1902 3219 γὰρ

2058 3150 2075 3199 t
2113 3150 2428 3217 praecurrat
2461 3146 2794 3203 adventum
2856 3148 3003 3218 ejus.
3064 3148 3367 3205 Malachiae
3412 3165 3680 3223 namque

283 3240 401 3289 ἔστι
490 3241 781 3310 προφητεία
874 3235 1157 3305 Μνλαχίου
1258 3234 1525 3307 λέγουσα·
1608 3234 1904 3288 ’Δποστελῶ

2050 3234 2330 3306 ιτοριιθῐὶθ.
2405 3239 2497 3291 est
2551 3250 2687 3307 quae
2749 3236 3203 3294 dicitzMittam
3264 3238 3417 3295 vobis
3470 3239 3672 3296 Etiam

279 3328 409 3398 ύμῖν
510 3326 691 3377 Ἠλίαν
776 3326 864 3376 τὸν
966 3322 1249 3386 Θεσϐίτην,
1325 3324 1381 3385 ὃς
1477 3323 1901 3383 ἁπόκαταστήσει

2060 3324 2375 3394 'hesbyten,
2390 3324 2496 3396 qui
2510 3325 2779 3382 restituet
2794 3341 2898 3382 cor
2904 3327 3098 3395 patris
3120 3327 3202 3384 ad
3208 3328 3424 3396 ﬁlium.
3446 3330 3514 3385 Et
3527 3334 3682 3385 certe

272 3412 517 3486 καρδίαν
577 3417 771 3487 ποτρός
829 3416 959 3488 πρὸς
1008 3416 1139 3465 υἱον.
1202 3417 1305 3466 Καὶ
1364 3412 1533 3485 μέλλει
1583 3416 1674 3486 μὲν
1730 3413 1894 3466 Ἠλίας

2058 3418 2303 3469 enturus
2330 3418 2418 3470 est
2447 3413 2625 3481 Elias,
2658 3419 2724 3471 ut
2744 3423 3071 3488 praecurrat
3097 3416 3306 3474 Christi
3333 3418 3680 3483 adventum,

274 3500 619 3577 προδραμεῖν
676 3510 769 3564 τῆς
819 3510 911 3554 τοῦ
964 3506 1202 3576 Χριστόῦ
1258 3506 1575 3576 παρουσίας,
1638 3500 1766 3554 ἀλλὰ
1812 3510 1896 3564 τῆς

2065 3502 2128 3558 ad
2157 3502 2492 3559 secundum
2523 3520 2536 3569 ;
2566 3504 2828 3561 Joannes
2862 3521 3127 3578 namque
3158 3506 3420 3578 primum
3462 3523 3687 3579 praecu-

272 3589 561 3663 δευτέρας.
632 3599 735 3652 Τῆς
787 3593 889 3663 γὰρ
945 3597 1161 3666 πρώτης
1200 3592 1226 3644 6
1280 3593 1521 3652 Ἰωάννης
1586 3588 1894 3667 προέδραμεη

2066 3593 2217 3648 πτίι.
2246 3591 2394 3650 Dicit
2432 3609 2575 3664 ergo
2603 3594 2868 3651 Christus
2895 3619 2907 3651 :
2938 3596 2994 3653 Si
3020 3594 3200 3651 vultis
3228 3596 3490 3668 recipere
3520 3596 3688 3669 quod

275 3688 453 3739 hair
501 3677 594 3734 οὖν
646 3683 673 3733 6
732 3684 986 3755 Χριστός,
1042 3682 1123 3733 ὅτι
1183 3681 1300 3733 Ἐὰν
1341 3680 1517 3738 θέλητε
1574 3677 1897 3749 δέξασθαι,ὶ

2067 3688 2284 3738 iturum
2334 3699 2463 3739 esse
2500 3683 2726 3739 dictum
2781 3688 2870 3740 est
2912 3685 2987 3740 de
3038 3684 3155 3741 hoc
3207 3689 3477 3758 tempore
3520 3685 3689 3743 :sive

274 3772 455 3844 μέλλω
495 3778 588 3821 νῦν
643 3769 800 3822 εἰπεῖν
833 3787 846 3799 ·
881 3771 911 3829 ἣ
967 3767 1245 3833 δέξασθαι,
1304 3768 1416 3821 ἀντὶ
1462 3777 1576 3839 τοῦ,
1621 3774 1896 3843 Προσέχειι

2069 3772 2342 3844 iscipere,
2374 3771 2436 3828 id
2477 3777 2565 3829 est
2618 3773 2801 3829 rebus
2837 3775 3111 3831 animum
3168 3774 3500 3841 advertere,
3562 3774 3691 3846 ipse

274 3866 395 3922 τόίς
456 3862 809 3934 πράγμασιν·
865 3858 1018 3920 αύτός
1062 3857 1202 3910 ἐστιν
1254 3859 1373 3929 (46)
1424 3858 1601 3920 Ἠλίας
1644 3860 1668 3911 6
1718 3859 1896 3931 με’λλωτ

2070 3865 2108 3917 st
2136 3861 2289 3918 Elias
2337 3862 2440 3936 qui
2494 3867 2776 3918 venturus
2820 3866 2967 3931 erat,
3027 3869 3231 3936 utpote
3282 3864 3483 3936 ipsum
3535 3864 3692 3921 illius

276 3951 555 4021 ἔρχεσθαι
588 3966 602 3978 ⁸
636 3948 796 4010 αὐτός
854 3946 1013 4017 ἔστιν,
1058 3950 1129 4010 ὡς
1191 3951 1285 4006 τήν
1340 3947 1504 4006 αὐτὴν
1558 3948 1699 4019 αύτῷ
1733 3944 1898 4001 διακο-

2065 3949 2418 4007 1inisterium
2444 3950 2777 4023 perﬁciens.
2814 3953 2975 4008 Sicut
3009 3952 3170 4008 enim
3214 3952 3310 4009 ille
3344 3954 3687 4010 secundum

276 4044 400 4090 νίαν
489 4037 676 4091 ἀνύων.
731 4036 933 4110 Ὠσμερ
989 4039 1091 4112 γὰρ
1171 4035 1379 4106 ἕκείνος,
1447 4042 1753 4111 προτρέχων
1818 4048 1898 4098 τῆ‹

2072 4054 2231 4094 ieum
2285 4039 2610 4097 adventum
2678 4056 3075 4112 praecurrens,
3137 4046 3442 4098 convertet
3512 4043 3694 4100 corda

281 4124 554 4201 δευτέρας
620 4147 721 4199 μου
775 4131 1090 4199 παρουσίας,
1168 4125 1470 4200 ἐπιστρέψει
1529 4130 1653 4194 τὰς,
1695 4124 1903 4203 καρδίαι

2074 4126 2373 4184 idaeorum
2422 4128 2579 4185 illius
2637 4129 2924 4201 temporis
2968 4128 3048 4186 ad
3113 4130 3438 4200 apostolos,
3494 4136 3696 4203 patres

277 4225 391 4267 τῶν
480 4223 773 4275 τηνικαῦτα
847 4212 1118 4269 Ἰουδαίων
1175 4218 1305 4288 πρὸς
1356 4219 1479 4278 τοὺς
1544 4215 1899 4278 ἁποστόλουςε

2063 4214 2319 4289 iquidem
2373 4217 2793 4290 apostolorum
2863 4222 2998 4272 sunt
3050 4217 3280 4273 Judaei:
3314 4219 3397 4274 ita
3458 4222 3515 4274 et
3587 4218 3685 4276 hic

280 4311 516 4382 πατέρες
566 4307 669 4378 γὰρ
730 4308 778 4358 οἱ
817 4302 1071 4359 Ἰουδαῖοι
1117 4315 1216 4357 τὼν
1262 4303 1563 4358 ἀποστόλων
1593 4324 1606 4336 °
1648 4314 1782 4359 οὒτω
1825 4312 1902 4360 καῖ

2075 4306 2333 4373 )nvertit,
2390 4320 2764 4377 praecurrens
2819 4322 3022 4361 meum
3091 4306 3435 4373 adventum,
3508 4307 3697 4366 corda

276 4392 473 4457 οὗτος,
556 4399 862 4467 προτρὲχων
945 4402 1036 4455 τῆς
1112 4400 1324 4468 πρώτης
1418 4415 1518 4467 μου
1600 4401 1898 4471 παρουσίας1

2078 4409 2235 4449 )rum
2265 4395 2369 4465 qui
2421 4394 2885 4463 crediturisunt
2929 4394 3274 4451 Iudaeorum
3326 4395 3404 4452 ad
3456 4412 3551 4452 me
3595 4397 3700 4470 qui

278 4486 601 4558 ἐπιστρέφει
670 4486 763 4546 τὰς
838 4481 1064 4558 καρδίας
1127 4494 1229 4536 τῶν
1295 4485 1577 4558 μελλόντων
1652 4489 1900 4540 πιστεύω

2078 4499 2166 4539 1m
2211 4480 2364 4539 ﬁlius
2404 4499 2633 4540 eorum.
2676 4486 2827 4539 Nam
2884 4484 3219 4541 secundum
3258 4485 3700 4543 humanitatem

280 4570 582 4629 Ἰουδαίων
638 4577 771 4647 πρὸς
826 4572 932 4645 ἐμὲ,
991 4576 1078 4625 τόν
1149 4576 1260 4626 υἱὸν
1336 4574 1523 4627 αὐτῶν.
1592 4578 1739 4629 Κατὰ
1816 4578 1902 4650 γὰρ

2079 4572 2292 4629 hristus
2322 4588 2359 4629 a
2382 4572 2607 4628 Judaeis
2638 4572 2963 4630 descendit.
2994 4576 3060 4630 Et
3086 4574 3236 4631 sicut
3260 4575 3494 4648 primus
3523 4575 3701 4660 Elias,

278 4669 383 4722 τήν
431 4662 833 4737 ὶνανθρὼπησιν
882 4662 934 4725 ἐξ
984 4659 1258 4717 Ἰουδαίων
1298 4664 1323 4715 6
1360 4666 1591 4736 Χριστός
1637 4670 1894 4737 κατήγετο

2081 4661 2331 4719 icundus
2360 4678 2698 4734 prmcursor
2752 4661 2989 4731 dicitur,
3036 4665 3119 4720 ita
3151 4680 3298 4722 sane
3362 4668 3419 4722 et
3470 4659 3703 4738 primus

289 4758 401 4807 Καὶ
466 4754 647 4824 ὥσπερ
711 4752 737 4803 6
792 4760 993 4824 πρῶτος
1047 4752 1247 4821 Ἠλίας,
1319 4749 1555 4826 δεύτερος
1622 4751 1911 4829 πρόδρομος

2085 4766 2383 4818 raecursor,
2416 4750 2717 4808 secundus
2738 4751 2890 4808 Elias
2907 4751 3247 4825 appellatur
3284 4758 3526 4828 propter
3547 4754 3707 4811 simi-

282 4841 514 4913 λέγεται
547 4856 560 4868 ·
615 4840 747 4892 οὕτω
794 4837 860 4899 δὴ
922 4846 1011 4894 καὶ
1042 4843 1067 4894 ὁ
1096 4850 1293 4917 πρῶτος
1324 4839 1644 4917 πρόδρομος,
1688 4840 1904 4919 δεύτεροι

1416 4839 1644 4917 ιδρομος,
1688 4840 1924 4919 δεύτερος
2031 4841 2089 4901 le
2120 4840 2537 4908 ministerium,
2572 4844 2639 4899 ut
2668 4841 2896 4899 dictum
2932 4845 3038 4900 est.

287 4931 486 4991 ’Ἠλίας
540 4933 1011 5004 προσαγορεύεται,
1074 4927 1167 4984 διὰ
1220 4935 1335 4999 τήν,
1380 4934 1448 4995 ὡς
1511 4934 1713 5008 εἴρηται
1782 4934 1915 5006 (47).

288 5020 493 5092 ὁμοίαν
527 5015 822 5074 διακονίαν.

370 5120 421 5155 ⁴τ
457 5120 633 5175 Joan.
663 5134 703 5188 ι,
730 5118 820 5175 29.
900 5118 947 5153 “
972 5116 1215 5175 Malach.
1246 5120 1327 5186 ui,
1367 5121 1419 5176 1.

1535 5220 1763 5291 Variae
1814 5218 2141 5291 lectiones
2182 5230 2247 5290 et
2288 5230 2491 5289 notae.

378 5360 1069 5451 ςὲέὶξαίνβτοὼς-ῥκ
1159 5432 1170 5445 .
1560 5434 1574 5451 .
1660 5436 1672 5451 .
1920 5436 1932 5449 .

2093 5367 2424 5451 arcuque-:6
2476 5365 2842 5451 πρρφητεύειν.
2920 5369 2969 5451 l‘.
3034 5380 3110 5430 e.,
3170 5365 3228 5416 τὸ
3285 5360 3715 5451 προφητεμθῆναι

374 5432 495 5513 (45)
527 5433 617 5490 Ita
646 5432 904 5513 quoque;
924 5432 1248 5513 lientenius
1279 5433 1522 5513 _videtur
1558 5434 1793 5507 legisse,
1831 5436 1935 5509 qui

2090 5457 2137 5499 ος
2198 5437 2478 5513 ⁸Ἰλωοὶννρυ.
2516 5432 2821 5513 ’ξελθόντος
2888 5439 3019 5513 γόιρΔ
3066 5443 3159 5513 τοῦ
3234 5432 3712 5513 προφητευθεντος,

306 5503 717 5582 prop/temnit;
730 5503 1173 5582 hahel.l\iinime
1190 5510 1391 5562 autem
1409 5506 1467 5562 in
1491 5523 1561 5562 eo
1580 5503 1824 5582 possum
1841 5503 1928 5564 ac-

2094 5532 2096 5545 »
2148 5507 2301 5568 αὐτὸς
2345 5503 2906 5567 ἐδακτυλοδείαιτησεν⁷
2936 5503 2969 5563 ὅ
3008 5503 3283 5573 Ἰωάννης
3320 5503 3494 5561 οὐκέτι
3549 5503 3716 5582 χρεία

310 5576 641 5655 quiescere.
675 5576 870 5634 Credo
910 5593 1056 5655 ergo
1082 5583 1212 5655 Laut
1240 5582 1319 5644 τό,
1353 5582 1457 5634 aut
1480 5587 1552 5649 τῷ
1582 5576 1932 5655 ἰθεᾳοόιιω

756 5578 870 5634 edo
910 5593 1056 5655 ergo
1082 5583 1212 5655 Laut
1240 5582 1319 5644 τό,
1353 5582 1457 5634 aut
1480 5587 1552 5649 τῷ
1582 5576 1932 5655 ἰθεᾳοάιιω
2041 5584 2378 5655 προφητείας,

313 5648 595 5717 esseJoco
627 5658 742 5707 τνῡ.
760 5656 846 5724 Τῷ
869 5648 1025 5724 quid
1044 5648 1138 5714 sit,
1162 5665 1269 5722 per
1289 5664 1351 5705 se
1371 5648 1643 5724 apparet.
1666 5648 1933 5709 Alterum

1182 5665 1269 5705 )er
1289 5664 1351 5705 se
1371 5648 1643 5724 apparet.
1666 5648 1933 5709 Alterum
2081 5648 2091 5655 ”
2115 5648 2225 5724 (46)
2265 5649 2464 5724 filling,
2500 5648 2713 5724 omittit
2742 5652 2804 5707 Β.

314 5730 504 5784 autem
550 5726 636 5785 ita
680 5722 913 5802 capioi
961 5723 1030 5775 Οἱ
1083 5728 1353 5799 προφῆται
1399 5725 1491 5777 καί
1522 5722 1549 5776 ό
1590 5726 1745 5800 νόμος
1782 5742 1936 5803 προε-

1296 5740 1353 5775 αι
1399 5725 1491 5777 καί
1522 5722 1549 5776 ό
1590 5726 1745 5800 νόμος
1782 5742 1936 5803 προε-
2114 5722 2228 5798 (47)
2252 5722 2459 5801 ὁμοίαν,
2486 5722 2560 5787 ὡς
2585 5724 2818 5801 εἴρηται.
2846 5725 2918 5783 Α.
