4108 6376
552 322 656 378 355
1868 316 2219 379 EUTHYMII
2258 306 2591 377 ZIGABENI
3788 318 3879 376 356

625 450 783 504 Vers.
815 451 901 503 15.
936 448 1136 515 Qui—
1167 448 1390 504 audiat.
1435 449 1625 502 Aures
1655 462 1817 502 nunc
1859 447 1999 501 dicit
2037 445 2208 500 iutel-
2237 478 2247 498 λ

2260 445 2285 498 t
2401 452 2444 497 Ο
2511 447 2646 515 ἔχων
2694 474 2762 484 -
2825 442 3070 499 ἀκονέτω.
3143 448 3285 495 Ὦτα
3344 442 3506 500 νοητὰ
3586 442 3714 514 λέγει
3768 451 3882 495 νῦν·

550 539 1086 608 ligibileszomnes
1153 538 1451 610 siquidem
1526 537 1829 592 auditores
1900 537 2172 592 habebam

2318 533 2548 591 αἰσθητὰ
2621 536 2721 607 γὰρ
2795 536 2979 594 πάντες
3040 533 3185 604 εἶχον
3248 534 3296 584 οἱ
3375 529 3705 603 ἀκροώμενοι,
3766 538 3881 590 Φησὶ

553 628 886 683 sensibiles.
922 627 1065 682 Dicit
1097 633 1294 683 autem
1332 643 1343 680 :
1375 628 1483 691 Qui
1514 626 1695 682 habet
1724 643 1899 681 aures
1939 626 2175 695 intelligi

2319 620 2377 675 δὲ
2418 624 2529 693 (48)
2563 624 2642 674 ὅτι
2683 624 2707 673 ό
2755 625 2891 693 ἔχων
2934 620 3043 674 ὦτα
3088 624 3247 679 νοητὰ
3292 626 3366 682 εἰς
3398 624 3454 672 τό
3497 625 3732 686 συνιέναι,
3783 641 3887 673 συν-

549 717 704 772 biles
731 717 809 772 ad
836 715 1310 784 intelligendum,
1339 715 1627 785 intelligat
1650 716 1809 787 quod
1840 716 2068 771 dictum
2099 722 2171 770 est

2318 718 2445 765 τέτω
2482 717 2537 764 τό
2567 713 2742 786 ῥηθὲν,
2797 713 2974 783 ἤγουν,
3033 720 3137 771 πῶς
3191 710 3330 763 ἐστιν
3390 709 3562 769 Ἠλίας
3602 709 3885 771 όῚωάννης.

550 811 695 878 puta
725 806 887 878 quod
918 807 1178 860 Joannes
1211 805 1282 860 sit
1317 804 1468 860 Elias
1497 823 1515 875 ;
1552 805 1864 861 videbatur
1895 805 2052 859 enim
2072 820 2172 859 ten.

2320 799 2521 855 Ἐδόκει
2582 805 2681 875 γαρ
2758 802 3028 873 αἰνίγματι
3088 803 3281 872 ὅμοιον,
3338 795 3616 861 ἀποδείξας
3672 801 3754 870 μεν
3814 800 3887 851 οὖν

550 895 733 963 gmati
766 894 980 950 simile.
1017 898 1160 949 Nam
1210 893 1681 949 demonstrando
1734 894 1902 965 quod
1948 895 2172 948 Joanne

2321 892 2518 957 Ἠλίαν,
2574 895 2658 942 τόν
2710 892 2970 957 Ἰωάννην,
3020 886 3376 955 συναπέδειξε,
3438 894 3526 939 καὶ
3578 890 3656 939 ὃτί
3692 894 3889 961 παραγέ-

548 988 704 1039 esset
721 983 894 1047 Elias,
912 983 1085 1037 simul
1101 998 1342 1055 quoque
1373 983 2170 1038 demonstraveratadveniss

2318 999 2460 1050 γονεν
2493 981 2517 1031 ό
2549 984 2797 1054 Χριστός.
2842 981 3010 1032 Εἰπὼν
3043 976 3122 1043 δὲ,
3170 980 3250 1031 ὃτι
3277 977 3335 1030 Ὀ
3366 980 3501 1049 ἔχων
3533 978 3638 1028 ὦτα
3688 976 3886 1041 ἀκουειν,

549 1072 866 1129 Christum.
921 1072 1129 1125 Dicens
1178 1078 1376 1125 autem
1436 1089 1447 1125 :
1496 1072 1608 1138 Qui
1678 1070 1851 1128 habet
1911 1086 2081 1127 aures
2134 1088 2170 1127 α

2319 1067 2562 1132 ἀκουέτω,
2627 1066 2888 1143 διήγειρεν
2946 1068 3139 1131 αὐτοὺς
3210 1068 3279 1129 εἰς
3346 1070 3403 1119 τὸ
3471 1066 3727 1140 ἐρωτῆσαι
3791 1072 3891 1141 περὶ

547 1159 900 1216 audiendum
919 1159 1136 1225 audiat,
1164 1159 1377 1214 excitat
1399 1175 1503 1215 eos
1519 1159 1593 1215 ad
1611 1158 2105 1230 interrogandum
2135 1161 2169 1215 d

1447 1175 1503 1214 )s
1519 1159 1593 1215 ad
1611 1158 2105 1230 interrogandum
2135 1161 2211 1217 de
2318 1166 2409 1211 τοῦ
2444 1156 2720 1219 δοκοῦντος
2748 1159 3069 1230 αἰνίγματος.

546 1265 617 1305 eo
656 1248 823 1321 quod
848 1250 1111 1318 aenigma
1143 1248 1477 1304 videbatur.

619 1341 775 1393 Vers.
838 1340 921 1393 16.
982 1339 1097 1394 Cui
1150 1368 1214 1378 -
1271 1340 1485 1394 hanc!
1538 1340 1722 1394 Lucas
1788 1338 1971 1394 habet
2020 1356 2032 1392 :
2092 1338 2211 1395 Cui

2390 1342 2503 1391 Τίνι
2552 1369 2617 1378 -
2678 1340 2909 1403 ταύτην;
2967 1337 3025 1389 Ὀ
3076 1333 3135 1389 δὲ
3174 1341 3382 1396 Λουκᾶς
3428 1352 3440 1365 ⁸
3501 1338 3616 1387 Τίνι
3674 1335 3891 1405 ὁμοιώσω

546 1426 881 1484 assimilabo
939 1427 1202 1482 homines
1270 1428 1660 1497 generationis
1702 1428 1750 1462 ‘9
1794 1427 2168 1483 ?Assimilab

2319 1431 2436 1488 τοὺς
2490 1425 2788 1501 ἀνθρώπους
2846 1435 2937 1487 τῆς
2996 1431 3171 1497 γενεᾶς
3226 1442 3471 1491 ταυτης;
3526 1453 3590 1464 -
3644 1421 3892 1493 Ὀμοιὼσω

546 1532 704 1582 vero,
746 1517 803 1570 id
833 1522 923 1571 est
946 1515 1345 1587 Comparabo.
1381 1515 1520 1571 Vult
1554 1520 1753 1572 autem
1790 1532 1920 1573 esse
1969 1516 2168 1573 difﬁcil

2321 1513 2398 1581 δὲ,
2455 1514 2566 1568 ἀντὶ
2619 1523 2730 1582 τοῦ,
2772 1518 3100 1589 Παρεικάσω.
3163 1514 3405 1567 Βούλεται
3453 1509 3513 1565 δε
3569 1515 3626 1563 τὸ
3684 1508 3891 1583 δυσάρε-

545 1606 894 1662 convincere
919 1605 945 1657 J
956 1603 1179 1659 udceos.

2322 1624 2441 1656 στον
2471 1603 2669 1676 ἐλέγξαι
2698 1602 2987 1660 Ἰουδαίων.

616 1694 781 1749 Vers.
811 1694 896 1748 i6.
928 1692 1149 1748 Similis
1180 1723 1247 1733 —
1275 1694 1413 1749 suis.
1448 1693 1708 1749 Puerulis
1760 1694 1997 1751 Judasos
2048 1711 2205 1750 com-

2388 1693 2575 1765 Ὀμοία
2632 1726 2685 1735 -
2730 1694 2918 1749 αὐτῶν,
2982 1690 3219 1754 Παιδίοις
3266 1696 3382 1752 τοὺς
3438 1686 3724 1749 Ἰουδαίους
3780 1707 3891 1759 παρ-

548 1783 801 1853 paravit,
829 1789 1069 1854 propter
1092 1798 1299 1837 eorum
1322 1782 1748 1854 insipientiam.
1781 1785 1992 1839 Forum
2007 1789 2170 1839 auter

2270 1787 2512 1849 ιείκασε,
2576 1780 2668 1834 διὰ
2725 1787 2818 1842 τὴν
2871 1781 3166 1858 ἀφροσύνην
3209 1781 3398 1835 αὐτῶν.
3443 1779 3639 1852 Ἀγορὰ
3691 1775 3747 1830 δέ
3795 1777 3892 1828 ἐστι

541 1873 706 1929 locus
769 1872 1156 1943 estpnblicus
1205 1873 1265 1927 in
1311 1889 1491 1944 quem
1564 1873 1883 1929 multitudo
1943 1874 2163 1946 undiqu

2317 1876 2474 1933 τόπος
2537 1867 2818 1943 δημόσιος,
2876 1871 2926 1922 ἐν
2978 1871 3019 1941 ᾧ
3075 1875 3137 1929 τὴ
3189 1868 3363 1927 πλήθη
3414 1868 3737 1939 πανταχόθεν
3788 1863 3892 1938 συρ-

540 1961 786 2017 conﬂuit
819 1963 1247 2032 negotiationis
1290 1963 1501 2033 gratia.
1559 1961 1986 2017 Consodalibus
2043 1979 2162 2018 veri

2314 1961 2543 2034 ῥέουσιν,
2604 1961 2853 2032 ἐμπορίας
2932 1962 3112 2034 χάριν.
3170 1959 3438 2031 Ἐταιρους
3497 1953 3578 2025 δε,
3658 1957 3893 2022 τουτέστι,

538 2051 653 2107 hoc
695 2055 785 2106 est
834 2051 1045 2106 amicis
1101 2051 1259 2105 suis:
1305 2057 1361 2105 et
1426 2051 1696 2122 seipsum
1747 2067 1817 2107 ac
1873 2051 2160 2123 Baptista:

2318 2049 2494 2120 φίλους
2538 2050 2723 2115 αὐτῶν,
2793 2049 2926 2120 λέγει
3002 2050 3198 2114 ἔαυτόν,
3285 2048 3376 2099 καί
3451 2049 3539 2099 τὸν
3618 2046 3892 2101 Βαπτιστὴν

538 2140 826 2211 intelligit,
851 2140 1072 2211 quibus
1103 2139 1519 2195 acclamabant
1556 2139 1676 2195 sive
1708 2140 2160 2212 colloquebantt

2320 2138 2576 2203 Ἰωάννην,
2656 2137 2732 2199 οἷς
2808 2144 3188 2212 προσέφώνουν,
3250 2140 3433 2207 εἶτουν,
3497 2133 3793 2187 συνελάλουν
3853 2132 3892 2183 οἱ

537 2228 743 2284 Judaei.

2315 2224 2612 2281 Ἰουδαοῑοι.

608 2320 765 2372 Vers.
796 2318 882 2373 17.
921 2319 995 2372 Et
1034 2347 1103 2358 —
1136 2317 1473 2388 planxistis.
1507 2317 1717 2373 Dicunt
1760 2318 2027 2390 praedicti
2062 2334 2207 2378 con-

2390 2323 2489 2369 Καὶ
2547 2347 2615 2357 -
2681 2315 2960 2386 ἐκόψασθε.
3032 2318 3135 2371 Καὶ
3181 2314 3395 2386 λέγουσι
3460 2320 3569 2374 τοῖς
3634 2308 3893 2368 δηλωθεῖσι

538 2406 846 2463 sodalibus
879 2407 1005 2461 suis
1038 2423 1049 2460 :
1078 2406 1245 2462 Tibia
1271 2406 1588 2462 cecinimus
1622 2407 1797 2473 vobis,
1830 2412 1938 2462 etc.
1972 2408 2160 2463 Habe:

2314 2402 2547 2465 παιδίοις
2598 2407 2646 2457 οἱ
2696 2412 2921 2457 τοιοῦτοι
2975 2404 3168 2478 ἑταῖροι
3222 2405 3413 2471 αὐτῶν,
3466 2404 3547 2455 ὅτι
3606 2401 3892 2469 Ηύλήσαμεν

538 2500 740 2552 autem
786 2495 945 2551 hunc
995 2511 1284 2550 sensum:
1328 2495 1712 2551 Ostendimus
1767 2495 1938 2551 vobis
1969 2495 2160 2551 facilex

2314 2495 2455 2565 ὑμῖν,
2551 2499 2640 2546 καὶ
2719 2493 2812 2545 οὐκ
2892 2493 3238 2565 ὠρχήσασθε,
3327 2491 3686 2565 ἐθρηνήσαμεν
3766 2486 3890 2558 ύμῖν.

535 2585 780 2641 vivendi
836 2600 1116 2639 normam
1170 2589 1226 2639 et
1279 2599 1401 2639 non
1445 2584 1666 2655 placuit
1714 2602 1726 2651 ;
1771 2600 1840 2641 ac
1897 2585 2157 2641 difﬁcile!

2312 2588 2399 2633 καὶ
2467 2582 2559 2635 οὐκ
2610 2581 2890 2653 ἔκοψασθε.
2949 2589 3128 2634 Ταῦτα
3175 2578 3254 2649 δε,
3305 2582 3554 2637 τοιαύτην
3608 2582 3719 2649 ἔχει
3788 2572 3892 2629 διά-

537 2682 594 2729 et
624 2689 826 2728 rursus
879 2671 1201 2744 displicuit.
1257 2672 1421 2727 Tibia
1468 2688 1725 2744 namque
1796 2672 1934 2729 laeta
1985 2689 2159 2729 caner

2309 2691 2448 2723 νοιαν
2478 2692 2489 2705 ·
2548 2673 2628 2724 ὅτι
2686 2668 3059 2743 ἐπεδειξάμεθα
3111 2672 3230 2743 ὑμῖν
3284 2671 3547 2721 πολιτείαν
3588 2667 3891 2741 εὐπρόσιτον,

540 2760 710 2817 facile
731 2764 817 2817 est
852 2778 865 2828 ;
892 2760 1174 2833 lugubria
1196 2777 1335 2816 vero
1354 2776 1585 2826 canere,
1605 2760 1863 2818 difﬁcile.
1880 2764 1943 2817 Et
1958 2778 2162 2817 rursm:

2308 2765 2398 2813 καὶ
2473 2761 2567 2812 οὐκ
2633 2761 2930 2834 ὴρέσθητε·
2983 2764 3073 2812 καὶ
3147 2757 3530 2833 δυσπρόσιτον,
3609 2762 3695 2809 καὶ
3757 2753 3894 2807 πάλιν

539 2850 774 2915 saltare,
817 2850 1001 2905 altero
1040 2849 1176 2906 laeta
1207 2856 1456 2905 canente
1504 2850 1664 2905 tibia.
1714 2850 2006 2907 delectat:
2038 2851 2161 2905 simi

2307 2850 2399 2902 οὐκ
2460 2851 2734 2925 ἠρέσθητε.
2793 2853 2862 2902 Τὸ
2911 2853 2999 2922 μὲν
3056 2852 3157 2923 γὰρ
3202 2848 3394 2913 αὐλειν,
3455 2848 3759 2921 εὐπρόσιτον
3791 2861 3802 2872 ·
3840 2845 3892 2892 τὸ

537 2939 667 2994 liter
696 2939 978 3011 plangere
1010 2940 1130 2994 sive
1160 2938 1383 3008 lugere,
1408 2938 1612 3010 aliquo
1637 2939 1917 3008 lugubria
1946 2945 2159 2995 canent

2308 2938 2367 2992 δε
2419 2942 2638 3014 θρηνεῖν,
2700 2935 3077 3013 δυσπρόσιτον.
3150 2942 3249 2990 Καὶ
3299 2934 3452 3000 αὖθις
3501 2939 3527 2988 ὁ
3595 2936 3892 3011 ὀρχούμενός

537 3028 889 3100 complacet.
931 3028 1148 3083 Deinde
1170 3028 1434 3084 subdens
1460 3026 1881 3100 interpretatur
1912 3028 2158 3101 praedict

2306 3047 2360 3080 τε
2418 3027 2693 3089 αὐλούντός
2768 3046 2901 3087 τινος
2963 3025 3239 3101 ἀρέσκεται
3319 3030 3408 3077 καὶ
3482 3026 3508 3077 ὁ
3577 3027 3889 3094 κοπτόμενος,

535 3117 771 3175 dicens:
2234 3119 2470 3199 Cs'irow
2536 3116 2746 3181 κλαίων,
2828 3117 3137 3190 θρηνοῦντός
3213 3134 3351 3176 τινος
3425 3112 3721 3186 ἀρέσκεται.
3780 3106 3893 3163 Εἶτα

2303 3204 2633 3276 ἑφερμηνεύει
2662 3205 2729 3257 τὰ
2756 3204 2981 3278 ῥηθέντα
3008 3203 3170 3275 λέγων
3197 3223 3209 3235 ·

605 3297 882 3351 Vers.18.
931 3295 1097 3351 Venit
1122 3325 1191 3337 --
1216 3295 1379 3350 Vers.
1412 3296 1497 3349 19.
1530 3300 1919 3362 peccatorum.
1948 3294 2193 3350 Joannis

2370 3293 2527 3346 Ἦλθε
2608 3324 2676 3333 κ
2758 3292 3093 3365 ἁμαρτωλῶν,
3186 3292 3244 3344 Ἠ
3329 3295 3419 3364 μὲν
3498 3298 3593 3344 τοῦ
3667 3290 3889 3342 Ἰωάννου

536 3383 773 3440 vivendi
805 3385 1011 3439 modus
1034 3382 1291 3438 difﬁcilis
1334 3387 1458 3437 erat
1487 3389 1542 3437 et
1564 3399 1740 3454 asper
1772 3399 1785 3449 ;
1810 3399 2003 3455 neque
2031 3382 2158 3438 enin

2302 3378 2505 3447 δίαιτα,
2567 3379 2928 3455 δυσπρόσιτος
2975 3388 3063 3434 καὶ
3113 3386 3340 3456 τραχεία
3372 3398 3383 3410 ’
3418 3384 3537 3433 οὔτε
3580 3383 3677 3451 γὰρ
3730 3377 3890 3435 ἤσθιεν

533 3488 752 3544 panem
767 3472 1002 3537 edebat,
1022 3487 1217 3543 neque
1248 3472 1458 3526 vinum
1482 3471 1729 3526 bibebat
1761 3488 1773 3527 :
1810 3471 2019 3527 Christi
2051 3487 2151 3527 ver

2298 3472 2475 3545 ἄρτον.
2522 3475 2636 3524 οὔτε
2666 3474 2826 3524 ἔπινεν
2876 3470 3007 3524 οἶνον
3035 3489 3046 3500 ·
3083 3473 3112 3529 ἠ
3149 3466 3208 3522 δε
3250 3477 3341 3522 τοῦ
3373 3476 3634 3543 Χριστοῦ,
3688 3466 3891 3539 εὐπρόσ-

532 3560 720 3617 facilis
753 3576 823 3616 ac
852 3560 1014 3624 levis,
1044 3575 1262 3631 panem
1300 3559 1601 3631 siquidem
1629 3558 1840 3616 edebat
1864 3560 2154 3631 vinumqu

2302 3580 2408 3621 ιτος
2461 3564 2549 3612 καὶ
2605 3560 2794 3632 ὁμαλή.
2835 3565 2897 3612 Τί
2952 3564 3093 3632 ’γάρ;
3128 3562 3307 3619 ἤσθιεν
3364 3559 3538 3631 ἄρτον,
3600 3562 3691 3607 καὶ
3742 3557 3891 3606 ἔπινεν

532 3648 779 3704 bibebat
810 3666 821 3703 :
866 3654 920 3703 et
951 3654 1119 3703 erant
1151 3648 1406 3702 invicem
1458 3647 1769 3702 contrariae
1798 3647 1887 3703 ha;
1946 3647 2154 3703 vivend

2298 3647 2468 3701 οἶνον·
2520 3656 2609 3701 καὶ
2677 3646 2810 3706 ἦσαν
2870 3653 2958 3721 μὲν
3022 3648 3261 3708 ἀλλήλαις
3335 3646 3561 3699 ἐναντίαι
3619 3645 3770 3697 αὗται
3844 3641 3892 3691 αὶ

531 3738 810 3803 rationes,
856 3737 1116 3792 neutrius
1146 3740 1343 3791 tamen
1384 3736 1752 3792 conversatio
1785 3737 2031 3807 placuit.
2070 3739 2153 3793 $84

2300 3736 2528 3795 δίαιται,
2596 3736 2869 3812 Οὐδετέρῳ
2928 3735 2985 3789 δὲ
3038 3746 3138 3789 τῶν
3189 3738 3322 3789 οὕτω
3383 3733 3739 3808 διαιτωμένων
3788 3732 3892 3804 ἠρε-

529 3827 822 3881 Joannem
855 3825 1101 3897 quidem
1152 3827 1392 3897 propter
1422 3840 1719 3888 escarum,
1755 3825 1985 3896 vinique
2009 3826 2151 3882 abst;

2300 3843 2518 3878 σκοντο⁶
2576 3825 2702 3877 ἀλλά
2750 3830 2837 3877 τόν
2893 3826 3131 3884 Ἰωάννην
3194 3829 3305 3898 μὲν,
3389 3822 3482 3877 διὰ
3554 3828 3647 3882 τὴν
3700 3821 3890 3873 ἀσιτίαν

530 3916 817 3978 nentiam,
863 3914 1233 3969 darmonium
1284 3914 1500 3969 habere
1542 3913 1857 3981 dicebant;
1891 3915 2152 3971 Christu:

2297 3921 2385 3967 καὶ
2437 3914 2657 3983 ἁοινίαν,
2691 3911 2960 3987 δαιμόνιον
3002 3918 3141 3987 ἔχειν
3177 3915 3346 3986 ἔλεγον
3377 3932 3387 3942 ·
3422 3916 3509 3965 τὸν
3544 3910 3605 3965 δὲ
3652 3911 3890 3985 Χριστὸν,

529 4019 690 4071 vero,
714 4003 871 4074 quod
903 4002 1103 4058 ederet
1130 4018 1199 4058 ac
1225 4002 1467 4068 biberet,
1496 4002 1917 4072 comedonem,
1945 4003 2151 4075 viniqu

2298 4003 2392 4057 διὰ
2465 4008 2521 4056 τὸ
2602 4002 2768 4056 ἐσθίεν
2847 4009 2936 4056 καὶ
2996 4010 3180 4069 πίνειν,
3252 4006 3412 4076 φάγον
3467 4007 3561 4054 καὶ
3635 4000 3892 4053 οἰνοπότην

528 4099 799 4166 potorem
813 4093 1235 4149 nominabant:
1264 4108 1609 4165 quanquam
1634 4093 1947 4149 manifeste
1971 4095 2150 4149 horur

2298 4094 2583 4166 ὠνόμαζον,
2644 4093 2689 4144 εἰ
2748 4098 2837 4144 καὶ
2890 4096 2960 4164 μὴ
3021 4093 3190 4166 ῥητῶς
3246 4093 3339 4154 τὰς
3395 4088 3647 4152 διαϐολὰς
3712 4090 3892 4140 τούτων

527 4182 861 4238 calumnias
891 4198 1010 4237 non
1064 4181 1360 4254 scripserit
1402 4182 1789 4251 evangelista,
1822 4188 2149 4253 praesentem

2297 4181 2581 4256 ἀνέγραψεν
2644 4183 2669 4232 ὁ
2753 4180 3148 4253 εὖαγγελιστὴς,
3251 4184 3473 4252 νομίσας
3558 4178 3731 4253 ἀρκεῖν
3814 4176 3892 4226 τὸν

527 4288 867 4327 sermonem
899 4272 1217 4326 arbitratus
1251 4270 1544 4326 sufﬁcere.

1110 4276 1217 4326 Ltus
1251 4270 1544 4326 sufﬁcere.
2296 4276 2533 4343 παρόντα
2560 4270 2732 4342 λόγον.

597 4360 1114 4426 Quemadmodum
1131 4360 1279 4415 enim
1294 4361 1413 4415 duo
1432 4365 1764 4426 venatores,
1780 4360 2187 4432 animalcaptu

2367 4359 2565 4430 ’Ὠσπερ
2599 4364 2699 4432 γὰρ
2757 4357 2853 4412 δύο
2903 4361 3169 4434 θηρευταὶ,
3230 4359 3361 4419 ζῶον
3402 4354 3741 4431 δυσθήρατον
3787 4351 3893 4425 (49)

526 4447 764 4503 difﬁcile
790 4449 997 4503 venari
1020 4456 1325 4515 conantes,
1353 4450 1517 4520 quod
1541 4449 1686 4504 solis
1729 4449 1969 4505 duobus
1993 4450 2148 4504 modi

2302 4450 2423 4501 ἑλεῖν
2477 4446 2801 4513 σπσᾶδοντες,
2867 4447 2922 4500 ἐκ
2982 4445 3079 4500 δύο
3136 4452 3302 4520 μόνων
3350 4442 3602 4508 διεξόδων
3655 4443 3896 4518 θηρευθῆ-

525 4538 661 4608 capi
693 4544 885 4608 potest
914 4538 1027 4592 sibi
1068 4544 1275 4592 mutuo
1319 4517 1653 4605 contrariis,
1701 4538 2038 4594 dividentes
2072 4540 2147 4594 ho

2300 4560 2383 4589 ναι
2439 4537 2639 4609 μέλλον,
2697 4536 2933 4589 ἐναντίων
3011 4535 3273 4603 ἀλλήλαις,
3341 4536 3586 4608 ἑκατέραν
3670 4526 3896 4592 διεξοδον

523 4628 675 4683 inter
701 4627 1120 4692 se,utalterum
1149 4628 1403 4698 quisque
1419 4627 1615 4696 eligat,
1642 4628 1914 4699 opposito
1943 4629 2145 4699 quidet

2303 4628 2539 4699 ἐκατερος
2602 4622 2883 4690 διαλαϐὼν,
2937 4624 3217 4688 ἐξεναντίας
3266 4628 3353 4697 μεν
3422 4622 3659 4681 ἀλλήλοις
3727 4621 3895 4671 ἱσταν-

523 4717 677 4773 inter
692 4731 754 4770 se
766 4716 1011 4771 invicem
1027 4716 1201 4770 modo
1226 4720 1517 4791 venantur
1533 4735 1545 4774 :
1564 4716 1712 4771 idem
1730 4725 1929 4772 tamen
1945 4718 2142 4773 faciuu

2300 4736 2406 4784 ται,
2458 4718 2517 4767 τό
2554 4713 2679 4765 αὐτὸ
2740 4711 2799 4767 δε
2854 4719 3132 4767 ποίουσιν·
3194 4714 3354 4774 οὕτως
3429 4711 3761 4783 ᾠκονομηθη,
3816 4707 3896 4756 τὸν

524 4811 608 4863 Ita
634 4821 871 4878 quoque
901 4804 998 4860 hic
1030 4803 1390 4876 dispositum
1432 4808 1537 4869 est,
1572 4810 1634 4859 ut
1660 4803 1920 4860 Joannes
1946 4807 2146 4878 quidei

2303 4808 2391 4877 μὲν
2494 4803 2733 4861 Ἰωάννην
2836 4803 3179 4877 σκληροτέραν
3286 4805 3425 4875 ἔχειν
3505 4800 3742 4872 ἀγωγὴν,
3816 4795 3896 4847 τὸν

521 4895 822 4951 duriorem
850 4894 1086 4949 vivendi
1112 4893 1384 4963 regulam
1420 4892 1687 4958 haberet,
1744 4894 2003 4949 Christus
2049 4911 2143 4951 vel

2304 4890 2363 4946 δε
2428 4896 2657 4967 Χριστὸν
2730 4892 3116 4968 μαλακωτέραν,
3199 4893 3282 4943 ἱνα
3353 4894 3451 4943 εἴτε
3530 4896 3734 4953 τοῦτον,
3807 4885 3899 4936 εἴτε

519 4984 856 5042 molliorem
890 5001 902 5039 :
946 4985 1013 5038 ut
1031 4982 1155 5039 sive
1175 4983 1335 5039 hunc
1361 4982 1485 5037 sive
1505 4980 1672 5037 illum
1704 4982 2009 5052 eligentes,
2049 4984 2141 5040 Obt

2303 4983 2487 5035 ἐκεῖνον
2560 4978 2959 5054 ἀποδεξαμένοι,
3038 4982 3325 5034 πεισθῶσιν
3397 4978 3592 5043 αὐτοῖς,
3663 4979 3755 5028 καὶ
3806 4973 3899 5024 εἴτε

520 5075 712 5131 dirent
727 5075 811 5131 eis
838 5092 850 5129 :
875 5077 931 5130 et
956 5073 1042 5131 vel
1066 5088 1171 5145 per
1195 5073 1356 5129 hunc
1369 5072 1457 5128 vel
1476 5088 1583 5145 per
1602 5070 1768 5127 illum
1807 5079 2142 5145 caperentu:

2304 5070 2398 5127 διὰ
2452 5074 2659 5138 τούτου,
2720 5073 2818 5125 εἶτε
2871 5067 2944 5123 δι’
2997 5069 3188 5124 ἐκείνου
3240 5070 3534 5145 θηραθῶσι.
3607 5069 3710 5119 Καὶ
3770 5059 3899 5122 ἦσαν

591 5254 638 5289 ⁴⁰
669 5255 804 5309 Luc.
833 5268 935 5320 vn,
979 5254 1068 5309 32.

1734 5383 1963 5455 Variae
2004 5381 2332 5455 lectiones
2367 5394 2434 5456 et
2474 5396 2678 5459 notae.

591 5579 681 5652 (48
738 5581 818 5634 ὅτι
847 5583 1031 5638 abest.
1067 5586 1125 5637 Β.

591 5580 707 5729 (4θέ
766 5650 1143 5728 δυσθήρευτον.
1204 5657 1278 5713 Α.
1340 5656 1660 5729 Utrumque
1735 5656 2017 5729 probum,
2091 5656 2178 5714 uti

2293 5584 2576 5659 ἀθήρευτος
2631 5588 2688 5641 et
2745 5581 3016 5657 ἆθήρατος.
3088 5581 3203 5638 Sed
3256 5570 3539 5648 ἀθήρευτος
3594 5570 3653 5625 et
3703 5556 3902 5621 δυσθη-

2291 5674 2445 5729 ρατος
2484 5654 2891 5729 frequentiora
2919 5656 3080 5712 sunt.

591 5650 707 5729 (49)
766 5650 1143 5728 δυσθήρευτον.
1204 5657 1278 5713 Α.
1340 5656 1660 5731 Utrumque
1735 5656 2017 5730 probum,
2091 5656 2178 5714 uti

1457 5670 1660 5731 imque
1735 5656 2017 5730 probum,
2091 5656 2178 5714 uti
2291 5650 2445 5733 ρατος
2484 5650 2891 5730 frequentiora
2919 5656 3079 5712 sunt.
