4108 6382
210 301 311 361 35⁴ῗ

1184 307 1554 367 COMMENT.
1598 309 1668 365 IN
1710 309 2159 370 MATTH/EUM.
2203 344 2268 355 —
2309 313 2465 370 CAP.
2512 300 2612 373 XI.

3493 330 3599 385 358

203 428 546 501 ἐναντίαιμὲν
598 428 857 495 ἀλλήλαις
907 434 964 484 αἱ
1019 429 1155 485 ὁδοί.
1203 436 1261 485 τὸ
1316 431 1374 486 δί
1424 437 1592 508 ἔργον,
1625 437 1798 507 ὅμοιον

1939 436 1999 491 Et
2030 442 2194 495 erant
2224 455 2369 495 sane
2409 440 2502 496 hae
2542 442 2648 498 via:
2680 443 2836 499 inter
2864 460 2927 500 se
2964 446 3218 504 invicem
3240 455 3552 510 contraria;
3582 471 3596 511 :

202 518 335 569 Ἀλλ’
404 519 579 584 αὐτοὶ,
638 522 881 595 καθάπερ
940 523 1117 596 θηρίον
1179 519 1497 597 δύστροπον,
1559 524 1825 599 ἑκατέρους

199 612 496 679 sas-3707:“,
531 614 814 683 εκατέρους
846 610 1107 672 ἐκάκιζον.

270 787 655 859 Ἐρωτήσωμο
722 794 917 855 τοίνυν,
972 789 1174 851 αὖτοὺς·
1253 789 1420 843 Καλὸν
1482 794 1511 849 ἡ
1594 792 1821 865 σκληρο-

192 879 315 946 τέρα
354 874 638 948 πολιτεία,
694 882 797 929 Καὶ
857 886 965 939 πῶς
1026 879 1117 930 οὐκ
1167 878 1442 937 ἐπείσθητε
1484 889 1555 951 τῷ
1587 880 1816 953 Ἰωάννῃ,

1374 969 1528 1023 Ἀλλὰ
1586 970 1739 1023 καλὸν
1788 972 1816 1029 ἦ

192 968 282 1013 τὸν
341 970 582 1036 Χριστὸν
651 968 776 1038 ὑμῖν
838 964 1232 1020 ὑποδεικνύοντι
1284 986 1301 1039 ς

191 1052 565 1127 μαλακωτέρα·
645 1060 735 1107 καὶ
788 1064 894 1117 πῶς
977 1056 1069 1127 οὐκ
1138 1055 1409 1116 ἐπείσθητε
1462 1067 1535 1130 τῷ
1581 1067 1818 1131 Χριστῷ,

190 1146 287 1198 τὴν
320 1138 447 1194 ὁδον
480 1145 623 1214 ὑμᾶς
654 1153 748 1206 τῆς
785 1151 1043 1216 σωτηρίας
1070 1143 1424 1216 διδάσκοντι;

270 1236 425 1283 Διατί
490 1229 553 1285 δὲ
628 1232 823 1304 μᾶλλον
896 1236 921 1286 ὁ
981 1236 1213 1296 Ἰωάννης
1296 1241 1390 1295 τὴν
1470 1236 1817 1313 σκληροτέραν

189 1319 407 1392 ἀγωγην
456 1318 610 1392 εἶχες
674 1328 815 1375 Διὸτι
862 1320 970 1376 ἔδει
1025 1328 1112 1377 τὸν
1156 1329 1246 1397 μὲν
1293 1331 1502 1399 κήρυκα
1530 1335 1624 1388 τῆς
1659 1346 1813 1401 μετα-

185 1414 334 1470 νοίας
390 1413 715 1485 σκυθρωπὸν
761 1411 909 1480 εἶναι,
950 1416 1035 1466 τὸν
1075 1411 1134 1467 δὲ
1191 1411 1394 1489 δοτῆρα
1446 1424 1539 1478 τῆς
1589 1415 1815 1489 ἀφέσεως

186 1507 291 1549 τῶν
354 1498 657 1571 αμαρτιῶν,
735 1506 1009 1573 χαρίεντα.
1071 1508 1171 1556 Καὶ
1223 1506 1303 1556 ὅτι
1361 1505 1385 1556 ὁ
1445 1509 1533 1577 μεν
1579 1507 1813 1567 Ἰωάννης

186 1584 345 1639 οὐδὲν
402 1588 557 1640 πλέον
607 1586 909 1652 ἐπεδείξατο
961 1600 1069 1653 τοῖς
1110 1589 1408 1660 Ἰουδαίοις,
1446 1594 1490 1646 εἰ
1527 1599 1599 1667 μή
1659 1595 1810 1647 πολι-

186 1683 328 1729 τείαν
395 1682 587 1748 μόνην,
643 1678 887 1740 Ἰωάννης
954 1683 1072 1753 γὰρ,
1136 1687 1314 1754 φησὶν,
1383 1680 1533 1736 οὐδὲν
1599 1683 1811 1743 ἐποίησε

1935 526 2124 582 simile
2160 532 2361 583 tamen
2392 536 2518 585 erat
2580 547 2759 603 opus.
2800 534 3013 589 Verum
3044 536 3123 601 hi,
3156 543 3443 611 tanquam
3476 541 3600 599 fera

1933 617 2116 686 captu
2156 615 2428 685 difﬁcilis,
2470 626 2786 692 utrumque
2830 622 3147 692 fugientes,
3211 628 3444 701 utrique
3496 631 3595 686 de-

1932 702 2273 762 trahebant.

2005 792 2444 864 Interrogemus
2477 812 2618 868 ergo
2646 797 2793 854 illos.
2830 802 3005 857 Estne
3051 804 3242 875 proba
3276 806 3395 863 vita
3424 825 3598 881 aspe-

1931 881 2053 936 rior
2071 882 2099 937 ‘I
2119 884 2426 954 quomodo
2446 900 2587 955 ergo
2610 903 2730 943 non
2754 890 3037 947 obedistis
3064 895 3278 950 Joanni
3299 896 3594 955 Christum

1931 969 2105 1024 vobis
2140 971 2568 1029 demonstranti
2598 977 2625 1031 ?
2653 981 2724 1031 At
2753 976 3022 1035 fortassis
3078 980 3200 1038 vita
3260 984 3498 1041 mollior
3524 1002 3596 1043 ac

1932 1059 2175 1114 suavior
2197 1062 2390 1130 magis
2407 1062 2620 1131 placet.
2644 1064 2710 1120 Et
2734 1081 2921 1137 quare
2941 1082 3065 1124 non
3086 1069 3375 1128 obedistis
3406 1074 3594 1130 Chris-

1928 1150 1987 1202 to
2020 1147 2178 1203 viam
2207 1148 2412 1204 salutis
2437 1165 2544 1205 vos
2570 1152 2802 1209 docenti
2826 1159 2854 1209 ?

1997 1237 2210 1292 Verum
2230 1253 2416 1310 quam
2438 1239 2516 1294 ob
2535 1255 2779 1298 causam
2802 1244 3066 1302 Joannes
3089 1250 3283 1319 potius
3309 1267 3589 1323 asperam

1924 1324 2168 1380 vivendi
2194 1341 2473 1383 normam
2508 1329 2761 1386 habuit?
2791 1331 2939 1399 Quia
2965 1337 3279 1406 oportebat
3309 1343 3595 1411 paeniten-

1923 1413 2018 1468 tiae
2033 1415 2476 1485 praedicatorem
2502 1418 2725 1474 tristem
2741 1422 3074 1492 quamdam
3095 1428 3448 1494 gravitatem
3463 1447 3587 1503 pra

1923 1516 1987 1557 se
2012 1504 2162 1559 ferre
2188 1520 2199 1558 :
2221 1510 2277 1559 et
2296 1505 2666 1562 remissionis
2690 1516 3073 1579 peccatorum
3089 1513 3451 1585 largitorem,
3487 1518 3594 1576 hu-

1921 1608 2172 1647 manum
2204 1600 2382 1665 atque
2412 1593 2743 1665 benignum
2776 1614 2923 1665 esse,
2956 1602 3022 1656 Et
3053 1604 3197 1674 quia
3220 1603 3487 1663 Joannes
3508 1611 3594 1665 ni-

1919 1681 2004 1737 hil
2027 1682 2307 1753 amplius,
2340 1699 2520 1754 quam
2557 1686 2748 1741 solam
2781 1688 2911 1743 vitae
2943 1706 3221 1748 normam
3250 1695 3471 1751 Judteis
3492 1697 3593 1754 de-

186 1774 435 1837 σημεῖον
497 1769 524 1818 ὁ
568 1764 627 1819 δὲ
683 1773 916 1842 Χριστὸς
967 1775 1055 1822 καὶ
1102 1775 1194 1829 τὴν
1235 1772 1347 1843 (δυ)
1412 1771 1511 1825 ἀπὸ
1558 1781 1657 1825 τῶν
1706 1775 1806 1827 θεο-

1932 1770 2277 1827 monstravit
2306 1786 2317 1823 :
2348 1773 2638 1844 siquidem
2665 1776 2941 1841 Joannes,
2988 1780 3201 1852 inquit,
3234 1783 3467 1841 nultum
3498 1787 3590 1855 fe-

184 1864 400 1927 ττρεπῶν
442 1857 728 1927 θαυμάτων
753 1864 1043 1931 μαρτυρίαν
1069 1859 1331 1919 ἐκέκτητο.

263 2030 469 2093 ’Δλλως
520 2053 578 2085 τε
636 2030 717 2101 δὲ,
782 2040 872 2088 καὶ
921 2043 1192 2107 γινώσκων
1254 2037 1481 2100 ἀσθενεῖς
1550 2045 1670 2104 τοὺς
1724 2040 1805 2093 ἁν-

187 2122 459 2191 θρώπους,
578 2124 1003 2197 συγκατέϐαινεν,
1098 2128 1180 2179 ἶνα
1278 2125 1505 2202 κερδήσῃ

192 2209 388 2270 αὐτοὺς
454 2213 702 2266 ἐντεῦθεν.
768 2215 863 2265 Διά
913 2222 1064 2267 τοῦτο
1126 2221 1214 2268 καὶ
1273 2217 1339 2277 εἰς
1406 2220 1668 2291 τραπέζας
1733 2239 1809 2272 τε·

1618 2130 1808 2202 μᾶλλον

197 2298 376 2349 λωνών
432 2301 774 2371 οἰκονομικῶς
841 2304 1142 2378 εἰσήρχετο,
1230 2312 1320 2359 καὶ
1376 2304 1482 2369 τοῖς
1550 2313 1809 2381 μεμφομέ-

1466 2397 1575 2448 Οὐκ
1656 2395 1808 2455 ἦλθον

875 2479 1004 2534 ἀλλὰ
1093 2483 1431 2559 ἁμαρτωλούς
1509 2486 1577 2547 εἰς
1650 2490 1808 2559 μετά-

192 2407 274 2438 νοι
285 2408 306 2447 ς
372 2386 692 2460 ἀπελογεῖτο,

185 2476 415 2529 καλέσαι

772 2396 866 2449 τὴν
948 2394 1116 2445 αἰτίαν
1189 2394 1349 2465 λέγων
1362 2441 1373 2453 ,

518 2475 784 2550 δικαίους,

182 2585 337 2617 νοιαν

260 2652 405 2706 Ἀλλ’
466 2652 593 2708 οὐδὲ
622 2666 714 2718 τῆς
764 2658 989 2733 σκληρᾶς
1040 2660 1296 2733 ἠμέλησεν
1355 2662 1587 2735 ἀγωγῆς,
1638 2663 1686 2717 ἐν
1742 2673 1805 2738 τῇ

184 2744 369 2815 ἐρήμῳ
416 2748 550 2816 μετὰ
604 2755 703 2797 τῶν
752 2749 943 2819 θηρίων
988 2749 1227 2817 οἰκήσας,
1284 2757 1372 2805 καὶ
1409 2756 1809 2827 τεσσαράκοντα

180 2835 482 2894 νηστεύσας
538 2836 756 2906 ἡμέρας,
812 2838 882 2897 ὡς
927 2835 1348 2912 προδεὸἠλωται.
1406 2847 1505 2895 Καὶ
1564 2843 1636 2905 εἰς
1675 2864 1805 2918 τρα-

182 2922 352 2983 πέζας
384 2917 447 2973 δῖε
496 2923 695 2987 εἰσιὼν,
742 2924 964 2987 εὐλαϐῶς
1010 2946 1063 2981 τε
1100 2933 1190 2981 καὶ
1242 2929 1504 3006 ἐγκρατῶς
1533 2939 1622 2986 καὶ
1653 2932 1798 3005 ἅγιο-

182 3020 398 3082 πρεπώς
420 3013 579 3068 ἤσθιε
610 3018 699 3065 καὶ
727 3016 888 3072 ἔπινε.

1860 1914 1865 1921 ,
1919 1860 1997 1916 cit
2017 1860 2243 1930 signum
2284 1861 2329 1895 ⁸¹
2365 1877 2377 1915 :
2409 1859 2683 1919 Christus
2718 1880 2858 1921 vero
2881 1867 3062 1923 etiam
3096 1885 3132 1924 a
3169 1870 3385 1927 divinis
3415 1873 3591 1932 mira-

1919 1948 2067 2004 culis
2109 1949 2514 2005 testimonium
2546 1952 2799 2023 adeptus
2826 1959 2938 2011 est.

1990 2039 2279 2094 Praeterea
2296 2054 2540 2111 quoque
2566 2042 2755 2096 sciens
2782 2042 3110 2101 imbecilles
3144 2063 3276 2104 esse
3310 2049 3589 2108 homines

1918 2125 2177 2182 demittit
2202 2143 2351 2191 sese,
2386 2135 2448 2183 ut
2479 2129 2610 2184 illos
2635 2131 3238 2203 magislucrifaceret,
3272 2142 3323 2193 et
3346 2145 3591 2212 propter

1917 2216 2033 2270 hoc
2065 2215 2142 2270 ad
2162 2232 2406 2271 mensas
2433 2218 2607 2272 etiam
2636 2219 3097 2291 publicanorum
3148 2225 3585 2297 dispensatorie

1919 2305 2244 2361 accedebat
2278 2327 2289 2360 :
2323 2311 2379 2361 et
2408 2307 2860 2377 indiguantibus
2884 2327 3128 2368 causam
3163 2316 3465 2381 reddebat,
3498 2317 3586 2374 di-

1920 2410 2060 2449 cens
2090 2412 2102 2452 :
2136 2395 2268 2451 Non
2294 2396 2415 2449 veni
2435 2395 2512 2451 ad
2539 2399 2872 2456 vocandum
2886 2402 3103 2469 justas,
3132 2404 3234 2459 sed
3258 2413 3585 2473 peccatores

1918 2484 1995 2539 ad
2021 2484 2424 2555 pa’nitentiam
2456 2486 2524 2541 ⁵¹.

1990 2665 2185 2735 Neque
2226 2668 2424 2719 tamen
2469 2665 2682 2721 duram
2706 2667 2946 2724 vivendi
2993 2684 3271 2727 normam
3304 2673 3581 2743 neglexit,

1916 2751 1979 2808 in
2009 2752 2244 2808 deserto
2271 2769 2407 2807 cum
2435 2753 2572 2808 feris
2599 2761 2869 2812 versatus
2897 2758 2965 2827 ⁵³,
3003 2774 3074 2814 ac
3096 2760 3305 2817 diebus
3330 2766 3586 2834 quadra-

1914 2841 2079 2913 ginta
2097 2841 2391 2912 jejunans,
2427 2848 2490 2898 ut
2520 2859 2701 2915 supra
2726 2845 2946 2901 dictum
2977 2853 3083 2904 est.
3125 2848 3411 2906 Praeterea
3438 2870 3585 2924 quo-

1915 2945 2032 3002 que
2061 2930 2138 2985 ad
2187 2942 2431 2986 mensas
2481 2932 2775 2987 accedens
2825 2937 3179 3002 verecunde,
3233 2945 3580 3011 temperate,

1913 3025 1971 3076 et
1995 3024 2168 3091 prout
2220 3025 2454 3075 sanctos
2492 3019 2680 3089 decet,
2730 3022 3003 3093 religiose
3052 3025 3270 3083 edebat
3298 3044 3367 3084 ac
3408 3030 3577 3087 bibe-

1800 3172 1803 3173 ν
1831 3134 1872 3192 C
1911 3107 2035 3165 bat.

260 3192 364 3241 Καὶ
426 3220 496 3229 -
550 3191 734 3252 αὐτῆς.
827 3190 1168 3261 Ἐδικαιὼθη,
1227 3195 1342 3250 ἀντὶ
1426 3208 1534 3271 τοῦ,
1614 3206 1802 3255 Δικαία

180 3275 468 3346 ἐλογίσθη,
524 3284 793 3333 τουτέστιν
834 3282 1141 3357 ἐθαυμάσθη
1199 3288 1227 3344 ἠ
1265 3288 1421 3359 σοφία
1456 3297 1546 3342 τοῦ
1580 3299 1732 3358 Θεοῦ,
1766 3294 1795 3351 ἡ

180 3366 594 3441 οἰκονομησασα
622 3374 708 3422 τὸν
746 3371 985 3431 Ἰωάννην
1034 3380 1123 3427 καὶ
1177 3378 1261 3427 τὸν
1316 3383 1542 3452 Χριστὸν
1573 3379 1801 3444 ἐναντίας

178 3451 344 3518 ὀδοὺς
399 3458 668 3510 πολιτειῶν
732 3460 878 3527 ἰέναι,
935 3459 1028 3515 διὰ
1080 3468 1173 3523 τὴν
1224 3465 1385 3525 αὐτὴν
1422 3468 1661 3541 ὠφέλειαν
1700 3481 1799 3524 τῶν

179 3541 496 3617 ἀνθρώπων.
555 3548 893 3619 Ἐθαυμάσθη
952 3548 1031 3617 δὲ,
1074 3551 1174 3605 ἀπὸ
1240 3564 1340 3606 τῶν
1386 3561 1570 3609 τέκνων
1616 3560 1799 3634 αὐτῆς,

180 3636 369 3703 ἤγουν,
431 3638 577 3707 παρὰ
631 3645 729 3687 τῶν
786 3644 1053 3692 συνιέντων
1121 3641 1304 3701 αὐτήν.
1389 3649 1501 3699 Υἱοὶ
1556 3651 1656 3722 γὰρ
1715 3669 1803 3702 σο-

180 3726 320 3793 φίας,
380 3726 431 3775 οἱ
485 3731 712 3777 συνετοὶ·
764 3727 793 3786 ἦ
856 3726 1202 3799 Ἐὃικαιωθη,
1257 3731 1369 3785 ἀντὶ
1426 3744 1561 3806 τοῦ,τ
1619 3745 1805 3792 Δικαία

177 3816 271 3861 καὶ
318 3810 644 3883 ἀνέγκλητος
696 3814 963 3887 ἐλογίσθη,
1026 3822 1089 3880 ὡς
1144 3826 1419 3879 ποιήσασα
1463 3827 1620 3878 πᾶνὸ
1674 3824 1802 3896 ἔδει,

180 3904 274 3951 καὶ
308 3907 474 3954 παντὶ
532 3908 707 3977 τροπῳ
750 3906 1065 3980 χρησαμένη
1115 3912 1241 3984 πρὸς
1294 3918 1557 3987 σωτηρίαν
1614 3916 1802 3974 αὐτῶν.

252 4084 383 4132 Τότε
445 4110 515 4121 -
575 4088 911 4153 μετενόησαν.
1000 4084 1328 4157 Ὀνειδίζειν,
1381 4091 1494 4145 ἀντὶ
1534 4101 1645 4163 τοῦ,
1704 4103 1804 4149 Τα-

178 4164 436 4229 lanigera.
499 4168 740 4235 Ὀνειδος
770 4177 869 4247 γὰρ
926 4180 1015 4227 καὶ
1063 4178 1088 4228 ὁ
1146 4179 1485 4255 ταλανισμος.
1545 4187 1805 4259 Δυνάμεις

182 4251 262 4319 δε,
299 4260 368 4308 τὰ
400 4259 646 4330 θαᾶματα
669 4260 826 4333 λέγει.

255 4346 401 4397 Οὐαί
449 4366 539 4398 σοι
594 4380 663 4389 —-
723 4357 1059 4422 μετενόησαν.
1136 4360 1204 4409 Τὸ
1264 4359 1376 4431 (51)
1436 4358 1645 4435 Σοδομα
1714 4368 1803 4437 μὲν

176 4440 268 4485 καὶ
320 4436 572 4510 Γόμορρα
624 4441 851 4507 τίθησιν,
887 4444 951 4503 ὡς
982 4444 1051 4506 εἰς
1102 4444 1371 4518 ἀσέλγειαν
1402 4448 1799 4523 ἐπιφανέστατα·

177 4527 275 4580 τὴν
330 4528 505 4597 Τύρον
540 4522 597 4578 δὲ
653 4534 741 4581 καὶ
802 4535 896 4589 τὴν
938 4530 1159 4603 Σιδῶνα,
1192 4539 1261 4599 ὡς
1300 4537 1371 4601 εἰς
1403 4536 1804 4617 είδωλολατρίαν

180 4608 380 4671 διαϐονξ
392 4632 487 4665 του
499 4634 521 4675 ς
536 4658 547 4669 .

252 4702 397 4760 Πλὴν
451 4734 527 4744 —
581 4704 723 4777 ὑμῖν.
767 4710 837 4761 Τό
888 4709 1048 4782 Πλὴν,
1111 4711 1224 4767 ἀντὶ
1280 4725 1392 4789 τοῦ,
1475 4722 1581 4773 Λιὰ
1626 4728 1802 4777 τοῦτο.

184 4793 410 4861 Mira-35¢
442 4788 504 4844 δὲ
552 4800 623 4863 τῷ
653 4794 952 4871 ταλανισμῷ
982 4805 1066 4853 καὶ
1112 4800 1345 4878 ἀπειλὴν,
1387 4807 1469 4860 ἶνα
1500 4809 1528 4867 ἦ
1567 4810 1803 4884 αἰσχυν-

187 4880 373 4947 Sim»,
408 4881 437 4939 ἦ
474 4880 771 4953 φοϐηθῶσι.

255 5059 305 5095 ⁸⁵
330 5062 519 5117 Joan.
555 5078 609 5129 ι,
641 5064 734 5121 41.
819 5067 863 5105 ⁸¹
898 5069 1095 5128 Matth.
1124 5087 1204 5141 IX,
1238 5075 1325 5133 13.

1836 4501 1884 4558 D

1405 5077 1454 5114 ⁸³
1483 5080 1655 5137 Marc.
1691 5100 1728 5148 ι,
1759 5083 1856 5146 13,

1982 3198 2149 3255 Vers.
2181 3200 2266 3254 19.
2285 3199 2361 3254 Et
2382 3199 2603 3254 -—suis.
2631 3230 2700 3240 —
2719 3200 3046 3258 Justiﬁcata
3072 3208 3181 3268 est,
3211 3206 3374 3261 Justa
3400 3206 3457 3262 id
3493 3214 3580 3266 est

1907 3289 2115 3346 habita
2144 3295 2249 3353 est,
2269 3290 2385 3344 sive
2397 3289 2776 3345 admirationi
2790 3291 2995 3347 habita
3008 3295 3216 3363 estDei
3253 3296 3571 3367 sapientia,

1908 3395 2039 3452 quae
2068 3378 2362 3451 disposuit
2388 3382 2453 3433 ut
2478 3377 2738 3433 Christus
2768 3394 2838 3434 ac
2862 3379 3123 3436 Joannes
3145 3385 3436 3456 oppositis
3464 3386 3578 3444 viis

1910 3459 2271 3533 incederenl,
2335 3471 2568 3539 propter
2622 3467 2822 3538 ipsam
2880 3468 3200 3527 hominum
3242 3474 3574 3531 utilitatem.

1911 3556 2304 3613 Admirationi
2343 3561 2543 3611 autem
2572 3556 2776 3611 habita
2804 3564 2892 3614 est
2921 3574 2956 3612 a
3000 3559 3133 3615 ﬁliis
3161 3563 3302 3627 suis,
3338 3563 3458 3619 sive
3503 3565 3576 3619 ab

1912 3646 2369 3715 intelligentibus
2395 3645 2556 3700 illam
2608 3661 2619 3699 :
2652 3644 2754 3700 ﬁlii
2786 3662 3050 3720 namque
3095 3651 3401 3720 sapientiae
3439 3656 3576 3710 sunt

1913 3737 2213 3807 sapientes
2245 3740 2348 3790 aut
2386 3733 2775 3804 intelligentes
2803 3752 2814 3789 :
2852 3736 2939 3791 vel
2968 3737 3299 3796 Justiﬁcata
3325 3748 3432 3805 est,
3467 3743 3578 3798 hoc

1914 3831 2000 3882 est
2014 3827 2039 3879 ,Ι
2048 3829 2180 3880 usta
2200 3840 2269 3879 ac
2292 3824 2831 3896 irreprehensibilis
2847 3825 3053 3883 habita
3070 3833 3159 3883 est
3186 3845 3199 3882 :
3227 3835 3427 3902 utpote
3448 3847 3577 3903 quae

1916 3914 2049 3970 fecit
2068 3912 2368 3986 quidquid
2394 3913 2598 3969 debuit
2629 3930 2641 3968 :
2668 3919 2723 3971 et
2753 3915 2920 3970 omni
2943 3916 3127 3972 modo
3154 3934 3261 3974 usa
3287 3924 3374 3974 est
3404 3922 3482 3975 ad
3510 3920 3572 3976 il-

1914 4006 2107 4060 lorum
2136 4003 2408 4059 salutem.

1985 4095 2150 4149 Vers.
2190 4093 2276 4148 20.
2303 4094 2468 4149 Tunc
2495 4124 2564 4132 —-—
2595 4092 2994 4162 resipuissent.
3032 4097 3422 4169 Exprobrare,
3450 4100 3565 4156 hoc

1916 4186 2023 4247 est,
2057 4182 2295 4239 Miseras
2326 4182 2520 4237 dicere
2572 4198 2642 4238 ac
2700 4182 3034 4253 deplorare.
3091 4188 3237 4241 Nam
3281 4188 3571 4259 probrum

1916 4270 2153 4327 miseria
2183 4276 2293 4327 est.
2337 4271 2586 4326 Virtutes
2618 4277 2820 4327 antem
2852 4271 2992 4327 dicit
3033 4274 3341 4331 miracula.

1987 4363 2146 4415 Vers.
2191 4361 2279 4414 21.
2334 4361 2431 4416 νω
2471 4359 2670 4415 tibi—
2717 4360 3118 4430 resipuissent.
3184 4363 3247 4418 In
3280 4366 3577 4435 sequenti-

1915 4448 2028 4505 bus
2059 4449 2317 4505 Sodoma
2347 4453 2404 4503 et
2448 4446 2783 4505 Gomorrha
2811 4450 3001 4521 ponit,
3020 4458 3219 4523 utpote
3244 4453 3305 4508 in
3327 4452 3576 4511 libidine

1914 4538 2399 4596 nominatissima
2431 4557 2444 4607 ;
2476 4540 2696 4611 Tyrum
2724 4546 2916 4596 autem
2939 4546 2994 4597 et
3039 4543 3265 4599 Sidona
3287 4548 3575 4617 tanquam

1914 4629 2179 4686 maxime
2204 4629 2266 4684 in
2286 4628 2625 4685 idololatria
2651 4629 2937 4701 insignes.

1984 4721 2141 4775 Vers.
2200 4723 2287 4774 22.
2319 4720 2595 4775 Attamen
2654 4751 2725 4761 -—
2777 4720 2959 4777 vobis.
3011 4722 3309 4794 Attamen,
3340 4723 3399 4779 id
3466 4727 3574 4793 est,

1912 4812 2155 4882 Propter
2182 4809 2315 4865 hoc.
2350 4809 2656 4880 Signiﬁcat
2681 4814 2882 4865 autem
2914 4808 3222 4869 miseriam
3251 4828 3321 4869 ac
3348 4813 3571 4882 minas,

1914 4904 1978 4958 ut
2015 4899 2104 4957 vel
2135 4901 2495 4957 erubescant
2519 4899 2613 4956 vel
2643 4903 2919 4973 paveant.

1401 5259 1629 5331 Variae
1656 5260 1989 5333 lectiones
2019 5272 2087 5332 et
2116 5272 2321 5332 notae.

260 5441 371 5511 (50)
412 5438 522 5497 ἀπὸ
552 5451 655 5496 τῶν
682 5446 901 5503 omittit
927 5449 991 5503 B-

258 5517 386 5602 (51).
405 5520 502 5597 T0,
528 5521 793 5602 propter"
804 5518 1063 5602 vicinum
1082 5527 1178 5582 τὴν
1210 5520 1289 5602 δέ,
1310 5524 1402 5602 vix
1430 5526 1565 5585 ferri
1589 5536 1801 5602 potest.

200 5586 551 5669 crediderim
588 5586 734 5669 ergo
752 5589 1138 5669 Euthymium
1159 5586 1473 5669 scripsisse
1495 5586 1806 5660 τάἶιιεῆίέὲ

198 5660 315 5718 nius
350 5661 597 5718 videtur
617 5659 837 5733 legisse
872 5659 1002 5718 τἝν
1020 5673 1130 5730 τοῖς
1158 5667 1243 5732 ἐξῆ
1258 5659 1534 5747 ς’Σόδομα,
1569 5674 1683 5731 cur
1702 5659 1808 5733 aﬁ.

1912 5466 1968 5543 te
1976 5478 2053 5544 mn
2061 5459 2300 5544 (oppﬁﬁa
2311 5458 2987 5544 ‘memoravitbquorum
3002 5457 3169 5544 nulla
3190 5457 3294 5544 hic
3308 5458 3576 5544 ﬁt‘menf

1914 5534 1993 5606 tio
2023 5531 2053 5588 7
2082 5530 2281 5588 Vél’e’x
2311 5532 2440 5606 loco
2472 5530 2645 5606 simili
2666 5530 2958 5606 Maftthrx,
2998 5531 3080 5597 l5,
3114 5530 3208 5590 vel
3237 5530 3397 5606 quod
3435 5531 3577 5594 alibi

1915 5605 2096 5667 etiam
2124 5606 2248 5661 ista
2278 5603 2459 5662 urbes
2480 5602 2769 5676 conjungi
2798 5602 3015 5665 solent.
