4108 6376
561 353 664 409 359

1885 348 2068 408 EUTH
2085 351 2237 407 YMII
2280 344 2605 409 ZlCABENI
3834 350 3926 412 360

628 480 795 533 Vers.
820 477 908 535 23.
938 476 1378 535 Ethodiernum
1392 478 1539 535 diem
1569 476 1947 550 Capernaum
1971 477 2220 533 celebris

2409 484 2506 533 Καὶ
2576 510 2635 519 -
2697 483 2939 551 σὰμερον.
2995 477 3051 531 Ἠ
3102 480 3446 551 Καπιρναοὺμ
3500 474 3707 541 ἔνδοξος
3762 483 3926 551 γέγονε

559 567 688 633 fuit,
724 583 794 623 eo
821 566 987 639 quod
1034 566 1389 623 habitaverit
1420 568 1478 623 in
1511 584 1580 622 ea
1599 566 1885 633 Christus,
1915 567 2223 639 multaque

558 657 851 713 miracula
879 657 936 712 in
961 672 1032 712 ea
1063 656 1336 712 ediderit.
1366 658 1508 713 Dicit
1537 673 1677 727 ergo
1713 676 1723 710 :
1783 659 1847 713 Et
1883 663 1942 713 tu
1969 672 2074 729 per
2103 657 2224 729 glo-

557 747 708 803 riam
746 762 931 819 usque
987 746 1062 801 ad
1093 745 1310 801 cmlum
1341 746 1621 812 exaltata,
1659 762 1846 818 usque
1879 746 1955 802 ad
2003 745 2224 802 inferos

558 835 886 891 detraheris
913 835 1446 907 perignominiam.
1469 838 1616 892 Sunt
1635 840 1832 892 autem
1858 852 1989 907 qua).
2018 836 2224 891 dicun-

558 929 651 980 tur
681 924 920 980 alterius
951 925 1033 979 rei
1080 924 1497 994 signiﬁcativa.
1554 924 1861 996 Siquidem
1894 940 2087 996 usque
2144 924 2223 981 ad

558 1014 791 1081 coelum,
826 1013 1023 1085 glorite
1052 1013 1420 1069 demonstrat
1479 1013 1954 1084 magnitudinem
1990 1028 2223 1086 ;usque

558 1103 633 1159 ad
664 1103 879 1158 inferos
934 1112 1153 1167 autem,
1200 1102 1569 1171 ignominiaa.
1624 1108 2027 1175 Augmentum
2080 1118 2223 1158 vero

556 1190 823 1247 criminis
875 1196 927 1246 et
975 1191 1402 1247 demonstratio
1453 1197 1731 1247 extremae
1781 1191 2081 1262 pravitatis
2111 1196 2217 1259 est,

556 1294 679 1336 non
711 1278 893 1335 solum
920 1280 1150 1351 pejores
1172 1296 1302 1335 esse
1327 1280 1733 1352 peccatoribus
1754 1280 1853 1353 qui
1874 1286 2014 1336 tunc
2030 1285 2222 1352 erant,

556 1368 658 1423 sed
688 1368 800 1423 illis
830 1368 933 1439 qui
964 1384 1237 1440 unquam
1271 1368 1529 1425 fuerant.

629 1456 793 1512 Vers.
824 1457 912 1511 24.
938 1457 1219 1513 Attamen
1244 1488 1310 1499 —
1356 1458 1478 1513 tibi.
1512 1488 1583 1499 -—
1612 1458 1811 1525 Vobis,
1860 1458 1939 1514 ad
1971 1458 2223 1515 civitatis

558 1545 710 1602 iilius
740 1545 900 1602 cives
931 1547 1160 1603 dictum
1184 1550 1272 1604 est
1304 1564 1318 1614 ;
1347 1547 1473 1603 Tibi
1502 1563 1661 1617 vero,
1693 1547 1772 1605 ad
1797 1548 2112 1605 civitatem.

633 1725 797 1779 Vers.
841 1723 931 1779 25.
965 1722 1038 1778 In
1062 1753 1129 1763 —
1154 1724 1447 1794 parvulis,
1476 1723 1839 1799 Ἀπόχρίσεως
1861 1724 2221 1782 vocabulum

560 1812 746 1884 (quod
804 1829 912 1867 nos
970 1813 1368 1869 communiter
1413 1815 1865 1886 responsionem
1914 1815 2220 1887 vertimus)

557 1901 718 1956 varia
747 1899 1057 1973 signiﬁcat.
1094 1901 1247 1957 Mitto
1275 1918 1435 1957 nunc
1453 1904 1896 1975 separationem
1929 1919 1998 1959 ac
2028 1903 2222 1975 diges-

561 1990 782 2046 tionem
810 1989 1143 2045 secundum
1175 1991 1461 2057 medicos,
1491 1996 1548 2048 et
1584 2008 1719 2064 quae
1746 1992 1825 2048 ad
1856 1992 1967 2048 hoc
1998 1992 2079 2058 fit,
2114 1998 2224 2049 ter-

558 2078 971 2134 minationem.
1029 2078 1331 2134 Interdum
1383 2080 1632 2152 quidem
1689 2080 1965 2153 principii
2020 2080 2223 2137 locum

554 2166 756 2232 habet,
819 2173 882 2222 ut
936 2184 1071 2222 cum
1103 2168 1333 2233 dicitur,
1397 2170 1761 2239 Respondens
1787 2170 1969 2229 Jesus
2020 2169 2164 2225 dixit
2206 2187 2221 2225 :

561 2256 854 2324 Conﬁteor
912 2257 1037 2322 tibi,
1089 2256 1285 2322 Pater,
1329 2258 1577 2314 Domine
1630 2259 1765 2316 casti
1812 2266 1864 2315 et
1920 2266 2117 2326 terra,
2148 2260 2223 2316 de

558 2360 681 2417 quo
716 2361 875 2400 nunc
908 2352 993 2400 est
1022 2362 1218 2401 sermo
1248 2363 1261 2412 ;
1305 2346 1469 2402 nulla
1496 2347 1656 2403 enim
1704 2350 2006 2419 praecessit
2048 2350 2225 2405 inter-

559 2435 809 2503 rogatio.
847 2434 1222 2506 Quandoque
1263 2452 1401 2490 vero
1436 2436 1512 2490 ad
1542 2435 2063 2506 interrogationem
2095 2438 2224 2493 red-

560 2522 741 2588 ditur,
777 2528 840 2578 ut
866 2527 955 2579 est
974 2523 1120 2577 illud
1148 2545 1160 2578 :
1190 2525 1549 2594 Respondens
1568 2525 1763 2581 Simon
1782 2527 1996 2581 Petrus
2018 2527 2171 2583 dixit
2206 2547 2220 2583 :

560 2611 645 2665 Tu
670 2626 725 2667 es
759 2611 1037 2667 Christus
1067 2612 1259 2668 Filius
1296 2614 1392 2669 Dei
1423 2613 1541 2669 vivi
1565 2616 1611 2649 ⁵³
1647 2633 1660 2680 ;
1695 2615 1999 2687 praecessit
2051 2616 2223 2672 inter-

556 2698 805 2771 rogatio.
823 2699 1126 2755 lnterdum
1142 2717 1383 2774 quoque
1402 2703 1696 2759 sermonis
1710 2705 2223 2760 continuationem

560 2787 875 2858 signiﬁcat,
910 2792 972 2844 ut
995 2789 1186 2861 capite
1204 2791 1486 2847 vicesimo
1511 2808 1670 2848 nono
1691 2792 1892 2864 hujus,
1912 2810 2047 2848 cum
2075 2792 2224 2849 Cha-

557 2892 773 2933 nanaea
803 2877 1076 2935 dixisset:
1101 2879 1329 2950 Utique,
1342 2881 1595 2945 Domine,
1612 2899 1739 2936 nam
1754 2888 1806 2937 et
1820 2882 2029 2941 catelli
2039 2883 2223 2938 edunt

557 2964 629 3021 de
660 2967 837 3032 micis,
871 2983 1005 3039 quo?
1027 2969 1250 3023 cadunt
1270 2984 1304 3025 α
1328 2986 1523 3025 mensa
1543 2971 1915 3027 dominorum
1937 2987 2176 3027 suorum
2201 2990 2222 3037 ,-

557 3063 985 3129 consequenter
1009 3059 1205 3113 statim
1234 3059 1616 3129 subjungitur
1647 3077 1657 3115 :
1685 3062 1848 3117 Tunc
1874 3060 2223 3132 respondens

555 3143 723 3200 Iesus
748 3145 897 3203 dixit
947 3146 1043 3203 itti
1075 3165 1087 3202 :
1134 3146 1181 3204 0
1218 3149 1454 3214 mulier,
1496 3164 1707 3220 magna
1758 3153 1841 3207 est
1882 3151 2026 3219 ﬁdes
2064 3158 2165 3207 tua
2205 3168 2218 3219 ;

556 3233 659 3303 ﬁat
694 3234 805 3290 tibi
840 3235 993 3291 sicut
1030 3236 1112 3292 vis
1142 3237 1210 3289 5‘.
1245 3238 1332 3292 Ad
1358 3237 1485 3293 haec
1520 3254 1762 3311 quoque
1789 3239 2083 3309 signiﬁcat
2126 3254 2224 3295 ex-

556 3319 953 3378 hortationem
987 3325 1109 3379 sive
1159 3324 1661 3397 deprecationem,
1694 3333 1756 3383 ut
1780 3344 1916 3384 cum
1951 3328 2165 3384 dicitur
2204 3344 2217 3382 :

557 3411 931 3480 Respondens
958 3419 1152 3469 autem
1190 3415 1397 3470 Petrus
1427 3414 1578 3472 dixit
1613 3418 1665 3472 ei
1691 3433 1703 3471 :
1745 3417 2017 3474 Edissere
2054 3418 2222 3475 nobis

551 3500 907 3569 parabolam
926 3502 1079 3558 hanc
1107 3503 1174 3555 ⁵³.
1201 3503 1574 3576 Quandoque
1598 3512 1794 3563 autem
1817 3508 2106 3574 abundat,
2160 3514 2225 3564 ut

561 3602 699 3644 cum
730 3588 982 3645 dicitur:
1014 3591 1376 3661 Respondens
1414 3599 1607 3649 autem
1634 3595 1849 3652 Petrus
1878 3597 2035 3654 dixit
2074 3598 2177 3654 itti
2201 3615 2222 3654 .'

557 3674 636 3730 Et
663 3677 714 3731 si
732 3692 923 3734 omnes
941 3678 1319 3747 o/‘fendantur
1325 3697 1437 3750 per
1452 3688 1521 3749 te,
1558 3699 1653 3755 ego
1678 3690 1874 3742 tamen
1902 3702 2223 3760 nunquam

559 3765 834 3833 oﬂendar
857 3769 925 3821 ⁸⁸.
958 3767 1266 3840 Siquidem
1284 3770 1512 3826 Marcus
1539 3774 1935 3844 praetermisit,
1960 3779 2221 3849 Respon-

559 3856 730 3922 dens,
774 3860 829 3912 et
858 3856 1004 3912 dixit
1039 3874 1052 3912 :
1088 3860 1302 3915 Petrus
1355 3867 1543 3918 autem
1574 3864 1657 3919 ait
1688 3863 1784 3919 illi
1813 3865 1883 3935 ⁵⁷,
1911 3870 2020 3921 etc.
2050 3869 2226 3922 Inter-

559 3945 707 4003 dum
735 3961 874 4001 vero
901 3944 1199 4017 signiﬁcat
1225 3948 1401 4005 etiam
1419 3950 1967 4021 interrogationem,
1994 3958 2057 4009 ut
2085 3970 2225 4010 cum

560 4034 820 4093 dicitur:
858 4034 1193 4106 Respondit
1221 4037 1303 4092 eis
1332 4038 1505 4094 Jesus
1533 4058 1547 4097 :
1579 4041 1736 4097 Num
1780 4056 1879 4113 ego
1916 4042 2224 4100 duodecim

568 4123 711 4192 elegi
738 4123 785 4157 ⁵³
812 4122 839 4177 ?

637 4212 935 4276 Conﬁteor
973 4218 1172 4270 autem
1206 4215 1347 4271 dicit
1370 4232 1531 4273 nunc
1552 4218 1882 4289 gratiarum
1904 4220 2222 4277 actionem.

561 4302 867 4373 Sapientes
897 4319 1035 4358 vero
1070 4308 1128 4357 et
1163 4305 1481 4374 prudentes
1538 4323 1641 4363 eos
1686 4308 1790 4380 qui
1822 4308 1965 4365 tales
1997 4310 2224 4382 populo

557 4389 939 4457 videbantur,
980 4398 1119 4462 puta
1168 4393 1406 4449 Scribas
1456 4400 1513 4451 et
1558 4396 1907 4452 l’harisaeos.
1942 4400 2223 4456 Parvulos

566 4492 724 4539 vero,
752 4478 1047 4549 apostolos
1080 4485 1317 4551 propter
1368 4481 1811 4556 simplicitatem
1854 4493 1910 4542 et
1939 4488 2224 4545 innocen-

2336 565 2428 621 διὰ
2467 573 2522 620 τὸ
2556 576 2812 620 κατοικεῖν
2846 567 2894 619 ἐν
2940 567 3069 639 αὐτῇ
3128 570 3215 619 τὸν
3260 569 3506 638 Χριστόν,
3558 571 3647 619 καὶ
3678 570 3743 619 τὰ
3778 569 3925 622 πολλὰ

2333 667 2431 709 τῶν
2492 661 2767 729 θαυμάτων
2822 656 2869 708 ἐν
2903 657 3030 729 αὐτῇ
3087 656 3308 709 τελέσαι.
3364 661 3529 713 Φησὶν
3576 653 3663 707 οὖν
3719 658 3794 708 ὅτι
3827 662 3916 709 Καὶ

2334 751 2414 813 οὺ,
2474 748 2502 805 ἡ
2563 751 2726 818 μέχρι
2775 754 2865 797 τοῦ
2920 746 3138 817 οὐρανοῦ
3205 745 3477 815 ὑψωθείσα
3543 753 3604 817 τῇ
3670 742 3793 817 δόξῃ
3849 748 3926 805 ἓως

2333 832 2466 906 ᾅδου
2524 834 2965 908 καταϐιϐασθήσῃ
3010 842 3071 907 τῇ
3128 831 3335 907 ἀδοξίᾳ.
3380 834 3700 906 Ἐμφαντικὰ
3754 831 3811 887 δὲ
3856 838 3925 899 τὸ,

2333 930 2511 1000 Μέχρι
2560 932 2652 976 τοῦ
2711 924 2949 998 οὐρανοῦ,
3014 928 3103 976 καὶ
3164 927 3243 987 τὸ,
3302 922 3435 985 Ἐως
3506 920 3662 993 ᾅδου.
3723 923 3925 995 Ἐμφαί-

2332 1033 2481 1066 νουσι
2536 1016 2661 1088 γὰρ,
2717 1016 2775 1065 τὸ
2824 1015 2936 1085 μὶν,
2987 1014 3199 1085 μέγεθος
3242 1008 3422 1074 δόξης·
3480 1015 3537 1064 τὸ
3591 1008 3648 1064 δὲ
3702 1008 3926 1074 ἀδοξίας.

2333 1104 2566 1165 Αὔξησις
2605 1099 2663 1155 δὲ
2720 1107 3041 1176 κατηγορίας
3080 1107 3169 1153 καὶ
3210 1098 3494 1163 ¹ιῖιπόὸδειξις
3552 1104 3740 1161 κακίας
3792 1102 3929 1173 ὑπερ·

2334 1192 2646 1253 ϐαλλούσης,
2685 1194 2742 1243 τὸ
2791 1190 2972 1262 λέγειν,
3030 1190 3219 1252 αὐτοὺς
3248 1195 3320 1263 μὴ
3372 1195 3526 1263 μόνον
3580 1194 3797 1263 χείρους
3842 1197 3931 1240 τῶν

2332 1287 2446 1334 τότε
2525 1280 2862 1353 ἁμαρτωλῶν,
2947 1278 3076 1331 ἀλλά
3143 1283 3234 1331 καὶ
3319 1287 3417 1330 τῶν
3512 1283 3720 1330 πώποτε
3800 1295 3928 1348 γενο-

2375 1390 2516 1423 ενων.

2375 1392 2516 1423 ενων.

2332 1392 2372 1443 μ
2405 1460 2544 1517 Πλὴν
2582 1446 2805 1512 --’“σοί.
2868 1461 2938 1511 Τὸ
2996 1460 3109 1532 μὶν,
3163 1463 3312 1530 Υμίν,
3372 1458 3506 1531 πρὸς
3552 1462 3669 1517 τοῦς
3727 1454 3933 1515 πολίτας

2330 1558 2426 1611 τῆς
2474 1547 2669 1610 πόλεως
2762 1546 2957 1610 ἐκείνης
3060 1550 3281 1622 εἴρηται⁸
3386 1550 3444 1598 τὸ
3515 1542 3576 1599 δὴ
3640 1549 3747 1613 Σοὶ,
3819 1547 3932 1618 πρὸς

2331 1643 2426 1697 τὴν
2457 1638 2605 1690 πόλιν
2621 1681 2632 1694 .

2404 1728 2487 1779 Ἐν
2537 1758 2602 1767 -
2641 1730 2869 1787 νηπίοις.
2927 1728 2996 1779 Τό
3049 1732 3145 1786 τῆς
3185 1723 3503 1799 ἀποκρίσεως
3560 1727 3742 1796 ὄνομα,
3788 1722 3926 1776 πολυ-

2335 1820 2594 1890 σὴμαντόν
2642 1814 2800 1880 ἐστιν,
2835 1814 2947 1868 Ἵνα
2993 1816 3093 1888 γὰρ
3128 1812 3265 1866 ἰάσω
3308 1816 3394 1865 τόν
3450 1809 3828 1886 διαχωρισμὸν
3856 1816 3934 1863 καὶ

2331 1912 2425 1965 τήν
2485 1902 2823 1977 διαφόρησιν,
2895 1905 3032 1955 κατὰ
3084 1906 3207 1965 τοὺς
3283 1902 3511 1977 ἰατροὺς,
3570 1906 3661 1953 καὶ
3722 1906 3819 1959 τήν
3874 1900 3937 1960 εἰς

2332 2002 2484 2048 τοῦτο
2530 1992 2832 2055 κατάληξιν.
2884 1995 3008 2045 ποτὶ
3037 1995 3127 2064 μὲν
3176 1996 3331 2043 τόπον
3372 1990 3546 2063 ἀρχῆς
3587 1992 3721 2062 ἔχει,
3757 1992 3827 2051 ὡς
3863 1993 3935 2041 τό·

2334 2084 2655 2158 Ἀποκριθεὶς
2712 2083 2737 2134 6
2810 2080 3020 2142 Ἰησοῦς
3084 2077 3243 2133 εἶπεν·
3310 2078 3753 2152 Ἐξομολογοῦμαί
3841 2097 3936 2145 σοι,

2335 2175 2523 2245 Πάτερ,
2574 2174 2729 2245 Κύριε
2781 2177 2872 2222 τοῦ
2953 2169 3173 2243 οὐρανοῦ
3252 2174 3341 2219 καὶ
3396 2176 3486 2228 τῆς
3531 2176 3650 2239 γῆς’
3712 2170 3835 2241 περὶ
3886 2165 3938 2217 οὖ

2332 2268 2419 2311 νῦν
2452 2262 2476 2312 6
2506 2259 2669 2331 λόγος·
2731 2259 2789 2311 οὐ
2839 2264 3181 2332 προηγήσατο
3237 2260 3336 2331 γὰρ
3396 2256 3671 2331 ὶρὼτησις·
3704 2258 3834 2307 ποτὶ
3864 2251 3935 2321 δὶ,

2332 2354 2457 2424 πρὸς
2506 2348 2760 2424 ἐρώτησιν
2824 2342 3165 2400 ἀποδίδοται³
3224 2349 3295 2407 ὡς
3349 2349 3427 2398 τὸ’
3484 2345 3813 2418 Ἀποκριθεὶς
3868 2348 3941 2396 Σί-

2331 2461 2439 2512 μων
2500 2443 2685 2511 Πέτρος
2766 2434 2891 2492 εἷπε.
2957 2440 3024 2489 Σὺ
3091 2433 3139 2488 εἴ
3191 2437 3216 2487 6
3302 2438 3529 2508 Χριστὸς
3601 2435 3627 2485 6
3690 2436 3812 2494 Υἱὸς
3856 2440 3939 2485 τοῦ

2334 2535 2467 2582 Θεοῦ
2523 2536 2612 2579 τοῦ
2667 2528 2874 2587 ζῶντοςο
2917 2529 3264 2599 προηγήσατο
3319 2526 3418 2598 γὰρ
3478 2521 3754 2595 ἐρώτησιςο
3823 2522 3938 2574 ποτὶ

2334 2616 2410 2685 ὃὶ,
2441 2618 2595 2687 λόγου
2642 2612 2912 2687 διαδοχὴν
2954 2610 3125 2672 δηλοῑ⁶
3177 2621 3268 2674 τῆς
3304 2615 3402 2685 γὰρ
3434 2616 3734 2671 Χαναναίας
3771 2610 3937 2663 εἰπού-

2336 2725 2452 2769 σης·
2520 2710 2642 2772 Ναὶ,
2704 2708 2877 2779 Κύριε’
2933 2705 3024 2755 κᾶὶ
3074 2705 3175 2775 γὰρ
3230 2705 3296 2754 τὰ
3350 2704 3569 2774 κυνάρια
3626 2699 3793 2753 ἐσθίει
3842 2698 3937 2751 ἀπὸ

2332 2804 2431 2846 τῶν
2495 2793 2697 2865 ψιχὶων
2768 2802 2868 2845 τῶν
2950 2796 3246 2845 πιπτόντων
3319 2789 3419 2843 ἀπὸ
3506 2797 3598 2850 τῆς
3678 2792 3938 2862 τραπέζης

2332 2892 2431 2936 τῶν
2498 2889 2689 2956 κυρίων
2793 2882 2979 2935 αὖτῶνσ
3062 2880 3358 2953 ἀποκριθεὶς
3432 2881 3456 2931 6
3534 2879 3735 2937 Ἰησοῦς
3809 2876 3937 2930 εἶπεν

2333 2973 2488 3046 αὐτῇ·
2556 2971 2577 2990 ’
2625 2980 2671 3023 Ω
2759 2973 2933 3043 γύναι,
2992 2970 3186 3042 μεγάλη
3259 2989 3353 3021 σου
3412 2970 3438 3025 ὀ
3514 2971 3717 3032 πίστις,
3796 2985 3941 3037 γενη-

2336 3065 2475 3119 θήτω
2536 3080 2619 3113 σοι
2670 3063 2737 3122 ὡς
2796 3058 2967 3120 eam.
3052 3062 3181 3112 Ποτὶ
3236 3054 3316 3124 δε,
3375 3059 3618 3129 σημαίνει
3648 3054 3939 3129 Ῑπαράκλη-

2336 3170 2438 3218 σιν,
2498 3151 2568 3211 ὡς
2614 3153 2693 3201 τὸ·
2738 3148 3065 3222 Ἀποκριθεὶς
3131 3143 3191 3200 δε
3255 3147 3281 3199 6
3337 3149 3528 3219 Πέτρος
3579 3141 3715 3196 εἶπεν
3778 3142 3939 3213 αὐτῷ.

2332 3237 2354 3312 [
2420 3241 2625 3312 Φράσον
2728 3237 2841 3311 (52)
2938 3238 3063 3309 ἡμῖν
3146 3241 3239 3294 τὴν
3321 3232 3622 3309 παραϐολήν
3721 3234 3934 3289 ταύτην·

2335 3331 2461 3381 Ποτε
2509 3324 2587 3393 δὶ,
2648 3330 2883 3401 περιττὸν
2951 3327 3201 3378 τέθειται·
3264 3326 3332 3386 ὡς
3385 3326 3470 3375 τὸ’
3537 3320 3943 3395 Ἀποκριθείςὸ

2334 3422 2521 3490 Πέτρος
2578 3412 2713 3469 εἶπεν
2778 3414 2998 3487 αὐτῷ’]
3069 3414 3130 3467 Εἰ
3199 3415 3386 3474 πάντες
3458 3407 3946 3468 σκανδαλισθήσον-

2332 3527 2419 3559 ται
2521 3503 2568 3558 iv
2665 3510 2769 3571 σοὶ,
2874 3502 2973 3576 ἐγὼ
3050 3500 3110 3557 δὶ
3201 3498 3448 3554 οὐδέποτε
3552 3494 3945 3556 σκανδαλισθή-

2335 3610 2515 3669 σομαι’
2580 3600 2668 3647 καὶ
2707 3596 2808 3666 γὰρ
2850 3595 2874 3646 6
2914 3594 3125 3667 Μάρκος
3173 3591 3420 3664 παρέλιπε
3464 3592 3543 3657 τὸ,
3590 3588 3943 3661 Ἀποκριθεὶς,

2333 3690 2423 3738 καὶ
2490 3680 2643 3737 εἶπεν·
2712 3684 2771 3736 Ὀ
2816 3679 2875 3735 δι
2944 3686 3133 3754 Πέτρος
3192 3683 3283 3753 ἔφη
3348 3679 3510 3749 αὐτῷ·
3561 3680 3676 3731 ἔστι
3749 3673 3802 3728 δ’
3859 3676 3946 3727 ὅτε

2336 3770 2490 3833 δηλοῖ
2540 3778 2630 3825 καὶ
2658 3777 2752 3831 τήν
2801 3770 3051 3847 ἐρώτησιν
3107 3773 3172 3830 ὡς
3215 3774 3292 3821 τό*
3342 3767 3625 3841 Ἀπεκρίθη
3680 3764 3943 3827 αὖτοῖς,ό

2640 3862 2751 3915 Οὐκ
2854 3860 2950 3933 ἐγὼ
3022 3861 3158 3933 ἡμᾶς
3229 3862 3350 3920 τοὺς
3434 3853 3645 3910 δώδεκα
3716 3853 3946 3919 ἐξελεξά-

2793 2882 2979 2935 αὐτῶν

2335 3864 2557 3925 Ἰησοῦς·

2335 3974 2458 4028 μην.

2403 4220 2809 4294 Ἐξομολόγησιν
2860 4216 2919 4274 δὲ
2960 4227 3068 4286 νῦν,
3115 4222 3209 4277 τήν
3240 4215 3588 4291 εὐχαριστίαν
3635 4214 3797 4287 λέγει’
3846 4216 3947 4267 Καὶ

2337 4316 2523 4385 σοφοὺς
2579 4314 2690 4383 μὶν,
2730 4314 2820 4363 καὶ
2881 4313 3142 4375 συνετοὺς,
3184 4311 3303 4370 τοὺς
3348 4307 3478 4359 οὕτω
3538 4302 3830 4367 δοκοῦντας
3880 4310 3951 4357 τῶ

2332 4400 2459 4472 λαῷ.
2514 4404 2849 4475 Γραμματέας
2897 4405 2985 4451 καὶ
3030 4402 3374 4472 Φαρισαίους·
3432 4400 3651 4455 νηπίους
3704 4390 3783 4460 δί,
3831 4396 3949 4453 τοὺς

3353 4489 3438 4537 καὶ
3508 4482 3788 4558 ἀπόνηρον,
3859 4486 3953 4534 καὶ

2335 4489 2671 4554 ἀποστόλους,
2754 4486 2847 4540 διὰ
2904 4492 2961 4539 τό
3051 4488 3265 4556 ἄκακον,

563 4564 704 4621 tiam
734 4582 803 4621 ac
831 4568 1249 4624 sinceritatem.
1276 4572 1501 4628 Gratias
1533 4573 1637 4630 tibi
1658 4590 1795 4644 ago,
1821 4576 2026 4649 inquit,
2056 4577 2220 4650 quod

2335 4579 2524 4653 ἀφελές.
2592 4580 2912 4653 Εὑχαριστῶ
2982 4597 3085 4643 σοι,
3147 4580 3325 4649 φησὶν,
3383 4578 3462 4628 ὅτι
3515 4569 3827 4646 ἀπέκρυψας
3885 4572 3952 4623 τὰ

562 4654 950 4711 absconderis
982 4656 1119 4713 ﬁdei
1174 4661 1455 4731 mysteria
1497 4678 1533 4718 a
1578 4664 1948 4735 sapientibus
1980 4671 2036 4722 et
2087 4684 2223 4739 pru-

560 4742 863 4809 dentibus,
896 4744 999 4803 illa
1030 4761 1389 4817 cognoscere
1423 4752 1760 4809 nolentibus
1795 4771 1807 4810 ε
1851 4760 1906 4810 et
1935 4756 2219 4814 revelaris

560 4840 633 4890 ea
662 4833 952 4905 parvulis,
976 4835 1105 4892 laeto
1124 4837 1465 4911 animoipsa
1479 4842 1961 4914 suscipientibus.
1987 4844 2219 4904 Gratias

563 4927 764 4981 autem
780 4939 966 4995 agens
983 4924 1159 4994 Patri,
1184 4928 1618 4989 demonstravit
1633 4949 1693 4990 se
1713 4932 1921 4989 Filium
1938 4934 2068 5006 ejus
2086 4952 2218 4994 esse

632 5104 682 5140 ⁸⁸
714 5105 910 5161 Matth.
946 5121 1064 5172 1m,
1107 5112 1186 5164 16.

1300 5110 1348 5145 ⁵⁸
1379 5110 1583 5167 Matth.
1626 5129 1720 5178 xv,
1762 5117 1852 5181 27,
1896 5114 1984 5171 28.

574 5174 623 5210 ⁵⁸
653 5177 819 5233 Joan.
856 5192 932 5245 vi,
970 5184 1063 5235 70.

2095 5118 2142 5153 π
2173 5106 2371 5175 Matth;
2413 5132 2513 5181 xv,
2542 5115 2639 5173 is.

2330 4679 2421 4731 τῆς
2498 4673 2723 4730 πίστεως
2794 4671 3065 4741 μυστήρια
3150 4664 3251 4717 ἀπὸ
3317 4671 3486 4737 σοφῶν
3543 4666 3633 4714 καὶ
3694 4668 3946 4724 συνετῶν,

2331 4764 2403 4832 μὴ
2484 4758 2808 4816 θελησάντων
2870 4754 3147 4828 ἐπιγνῶναι
3200 4760 3391 4825 ταῦτα,
3444 4756 3533 4804 καὶ
3601 4748 3954 4820 ἀπεκάλυψας

2331 4848 2465 4902 αὐτὰ
2538 4850 2766 4915 νηπίοις,
2834 4852 2941 4907 τοῖς
2993 4840 3439 4918 παραδεξαμένοις
3524 4839 3682 4904 αὐτά,
3756 4837 3953 4910 Εὐχα-

2328 4940 2589 5014 ριστήσας
2662 4939 2753 5009 μὶν
2834 4930 2921 4987 οὖν
2992 4942 3063 5006 τῷ
3133 4937 3320 5006 Πατρὶ,
3395 4929 3513 5003 (53)
3562 4924 3779 4995 ἔδειξεν,
3869 4927 3965 4980 ὅτι

2758 5114 2806 5151 ⁸⁸
2832 5113 3011 5173 Matth
3034 5128 3194 5181 xxvr,
3217 5111 3305 5169 33.
3417 5110 3465 5146 ⁸⁷
3500 5109 3681 5166 Marc.
3720 5121 3848 5172 xxv,
3886 5109 3958 5164 29

1785 5257 2013 5327 Variae
2043 5259 2373 5329 lectiones
2403 5268 2470 5328 et
2499 5266 2707 5329 nota.

640 5437 754 5512 (52)
781 5442 1013 5501 Inclusa
1044 5446 1098 5501 in
1131 5448 1402 5519 margine
1440 5451 1621 5509 habet
1653 5453 1709 5508 Β.

641 5579 1275 5670 autem,etc.
1325 5594 1950 5670 Signiﬁcantissimum
2001 5606 2223 5670 autem,

566 5662 759 5727 usque
813 5655 892 5711 ad
935 5658 1154 5717 caalum
1204 5668 1259 5720 et
1309 5655 1499 5739 usque
1551 5666 1630 5723 ad
1680 5667 1971 5727 infernos.
2032 5655 2227 5746 Siqui:

2413 5457 2525 5529 (53)
2568 5452 2863 5520 ἀπέδειξεν.
2902 5460 2967 5511 Α.

2338 5529 2500 5600 dem,
2528 5538 2640 5585 etc.

2405 5671 2492 5748 (ά)
2534 5670 3244 5747 Utcapite—hujus.Htec
3256 5668 3317 5727 in
3329 5665 3478 5726 meis
3495 5661 3677 5723 codd.
3699 5660 3863 5720 absu
3895 5676 3942 5720 n
