4108 6390
209 342 293 403 361
1217 350 1589 411 COMMENT.
1640 354 1708 409 ΙΝ
1749 348 2194 409 ΜΑΤΤΗΑΞΣΗΜ.
2233 387 2301 395 -
2342 354 2501 413 CAP.
2554 356 2676 411 XX.

3486 358 3592 413 362

209 478 310 535 νιος
359 474 498 525 ἐστιν
538 476 733 543 αὑτοῦ,
785 484 878 531 καὶ
936 483 1061 555 παρ’
1099 480 1285 532 ἐκείνου
1327 480 1660 533 ἀπέσταλται·
1695 479 1821 551 ὑπερ

1940 477 2007 534 ιιι)
2053 478 2154 533 illo
2222 480 2495 535 missum.
2546 480 2676 551 Egit
2740 494 2882 551 ergo
2934 480 3153 552 gratias
3222 481 3591 538 credentium

211 572 297 616 τῶν
334 568 742 618 πιστευσάντων
770 563 831 619 δὲ
853 576 1083 630 ποιήσας
1113 575 1205 628 τὴν
1228 570 1595 641 εὐχαριστίαν,
1630 566 1822 627 ἐδήλω-

212 673 307 718 σεν,
350 655 461 705 οἷαν
514 653 733 724 ἀγάπην
789 661 905 728 ἔχει
951 665 1070 731 περὶ
1127 658 1333 719 αὐτούς.
1398 662 1605 716 Ταύτην
1647 656 1706 711 δὲ
1734 661 1820 715 τὴν

208 744 550 814 εὔχαριστίυ
573 751 898 817 προσήγαγε
938 755 1009 817 τῷ
1037 755 1170 818 Θεῷ,
1198 752 1286 799 καὶ
1309 748 1434 820 ὑπὲρ
1460 756 1557 799 τῶν
1598 744 1821 819 ἐϐδομή-

206 852 355 883 κοντα
382 831 717 900 ἀποστόλων,
749 836 835 887 ὅτε
854 836 1183 909 ὑπέστρεψαν
1196 839 1324 909 πρὸς
1343 836 1517 902 αὐτὸν,
1535 840 1603 898 ὡς
1625 839 1823 911 εἴρηκεν

204 924 228 972 6
254 928 484 983 Λουκᾶς.

270 1016 374 1063 Ναὶ
403 1014 429 1062 6
478 1015 669 1083 Πατὴρ
702 1044 767 1051 -
793 1015 1083 1086 ἔμπροσθέν
1118 1032 1232 1068 σου.
1260 1018 1366 1066 Ναί
1389 1018 1690 1088 εὐχαριστῶ
1717 1033 1820 1082 σοι,

206 1099 242 1150 ὦ
272 1104 468 1172 Πάτερ,
506 1096 653 1152 διότι
688 1102 850 1161 οὕτως
880 1100 1073 1172 ἐγένετο
1105 1100 1340 1170 εὐδοκία,
1370 1107 1550 1174 ἤγουν,
1582 1102 1825 1176 ἀρέσκεια

204 1189 415 1241 ("animos
450 1208 575 1255 σου,
632 1195 878 1243 τουτέστι
917 1191 1056 1262 (Si),
1114 1188 1254 1244 διότι
1293 1196 1452 1252 οὕτως
1492 1188 1819 1261 ηύδόκησας,

203 1278 577 1352 ἁποκρυϐἡναι
605 1285 697 1349 μὲν
736 1288 906 1331 ταῦτα
936 1279 1036 1331 ἀπὸ
1067 1288 1166 1331 τῶν
1198 1280 1623 1353 ἀποσεισαμένων
1666 1281 1820 1345 αὐτὰ,

202 1370 264 1428 ὡς
296 1367 549 1431 ἀναξίων,
580 1366 1015 1440 ἀποκαλυφθῆναι
1047 1365 1104 1421 δε
1132 1376 1300 1422 ταῦτα
1329 1378 1439 1429 ταῖς
1465 1372 1825 1442 προσιεμένοις

203 1458 354 1515 κᾶτα.
386 1462 458 1518 ὡς
487 1457 681 1520 ἀξίοις.
717 1463 924 1510 Δίκαιον
953 1461 1055 1532 γὰρ
1085 1464 1237 1510 τούτὸ
1286 1459 1444 1514 ἐστιν.
1498 1464 1608 1512 Ἵνα
1638 1453 1696 1510 δὲ
1725 1461 1820 1529 μὴ,

201 1547 300 1599 ἀπὸ
332 1554 429 1598 τοῦ
458 1546 867 1621 εὖχαριστῆσαι
892 1556 963 1617 τῷ
996 1553 1184 1622 Πᾶτρὶ,
1239 1544 1368 1620 δόξῃ
1396 1554 1501 1607 τοῖς
1533 1545 1823 1619 ἀνθρώποις

201 1636 581 1709 ἀσθενέστερος
612 1636 798 1701 αὐτοῦ,
820 1640 910 1688 καὶ
929 1632 1023 1689 διὰ
1043 1640 1196 1689 τόῡτο
1218 1646 1310 1698 τῆς
1332 1644 1599 1709 Πατρικῆς
1622 1637 1823 1708 φύσεως

202 1726 468 1797 ἀλλότριος
510 1730 579 1796 φή
592 1729 668 1776 σί·

1929 567 2195 633 nomine,
2230 568 2574 640 signiﬁcans
2622 585 2805 642 quem
2836 585 2978 639 erga
3026 570 3302 625 homines
3348 571 3594 628 haberet

1930 671 2222 712 amorem.
2257 658 2424 713 Hanc
2449 664 2636 715 autem
2670 659 2997 729 gratiarum
3018 659 3318 715 actionem
3346 663 3462 717 Deo
3488 659 3593 715 ob-

1930 744 2249 802 tulitetiam
2264 764 2368 819 pro
2387 749 2761 821 septuaginta
2773 766 2924 821 quos
2936 748 3231 815 emiserat,
3248 749 3494 822 quando
3513 749 3592 805 ad

1932 850 2070 891 eum
2099 838 2320 893 reversi
2352 843 2512 905 sunt,
2550 838 2703 895 sicut
2733 838 2881 896 dixit
2912 840 3120 896 Lucas.

2004 1013 2165 1069 Vers.
2222 1017 2311 1070 26.
2367 1018 2577 1089 Utique
2600 1018 2777 1075 Pater
2824 1048 2894 1060 --
2922 1017 3080 1090 apud
3098 1026 3177 1075 te.
3212 1018 3422 1090 Utique
3454 1033 3590 1089 gra~

1933 1101 2043 1157 tias
2066 1103 2170 1158 tibi
2194 1120 2329 1175 ago,
2362 1109 2546 1170 Pater,
2570 1108 2713 1179 quia
2734 1108 2816 1163 ita
2838 1107 3120 1164 fuitbona
3135 1108 3438 1172 voluntas,
3472 1108 3591 1163 sive

1930 1190 2368 1263 beneplacitum
2395 1212 2599 1251 coram
2627 1201 2699 1261 te,
2729 1197 2844 1252 hoc
2873 1201 2980 1260 est,
3013 1198 3159 1267 quia
3187 1197 3268 1252 ita
3293 1197 3445 1252 bene
3469 1195 3593 1268 pla-

1932 1279 2053 1335 cuit
2083 1280 2207 1349 tibi,
2233 1287 2296 1338 ut
2325 1284 2453 1339 haec
2479 1284 2788 1356 repelleres
2818 1285 2896 1341 ab
2926 1286 2995 1341 iis
3024 1286 3167 1358 quia
3197 1302 3268 1342 ea
3295 1285 3592 1357 repellunt

1932 1372 2221 1441 tanquam
2264 1373 2545 1445 indignis,
2590 1374 2881 1431 revelares
2915 1380 3102 1431 autem
3153 1392 3223 1431 ea
3252 1375 3343 1430 his
3382 1374 3487 1447 qui
3513 1374 3593 1429 ad

1930 1457 2034 1514 illa
2064 1461 2357 1517 accedunt
2398 1466 2689 1535 tanquam
2722 1464 2921 1535 dignis
2951 1481 2964 1519 :
2994 1464 3173 1537 idque
3200 1465 3440 1536 justum
3479 1467 3588 1519 est.

1930 1549 2011 1602 Ne
2043 1551 2244 1605 tamen
2268 1550 2423 1607 Patri
2456 1553 2679 1622 gratias
2711 1569 2918 1625 agens,
2949 1553 3219 1610 videatur
3246 1552 3594 1609 hominibus

1931 1636 2134 1785 animis
2190 1638 2291 1695 illo
2336 1644 2566 1712 potens,
2609 1644 2724 1698 eta
2761 1646 2977 1698 natura
3038 1643 3288 1699 Paterna
3339 1640 3591 1706 alienus,

1975 1724 2080 1781 ixit
2112 1744 2123 1781 :

1975 1724 2080 1781 ixit
2112 1744 2123 1781 :

274 1815 452 1867 “ivra
482 1845 557 1854 -—
599 1833 722 1884 μου·
760 1815 956 1883 Πάντα,
984 1817 1048 1866 τὰ
1078 1822 1169 1866 τοῦ
1204 1817 1406 1887 Πατρός
1437 1810 1691 1872 Ῐηλονότι.
1719 1816 1819 1865 Καὶ

2002 1823 2172 1877 Vers.
2211 1820 2300 1873 27.
2344 1818 2560 1874 Omnia
2591 1851 2658 1858 —
2703 1834 2852 1876 mea.
2894 1818 3109 1876 Omnia
3153 1818 3420 1875 videlicet
3457 1835 3594 1890 quat

202 1902 441 1973 anulo-5
470 1905 580 1975 γάρ
624 1920 777 1975 φησί’
812 1904 1007 1972 Πάντα,
1053 1904 1152 1955 ὅσα
1176 1905 1289 1974 ἔχει
1317 1904 1341 1954 6
1373 1908 1576 1977 Πατὴρ,
1614 1901 1711 1974 ἐμα
1736 1900 1820 1953 ἐσ-

204 2011 302 2053 τιν,
342 1995 440 2044 Εέιν
481 1989 543 2044 δε
573 1994 741 2044 πάντα
774 1992 914 2063 αὐτῷ
946 1988 1239 2067 παρεδόθη,
1268 1994 1470 2045 πάντων
1502 1992 1605 2065 ἄρα
1637 1994 1822 2063 Κύριός

198 2086 362 2132 ἐστιν·
402 2081 445 2132 εἰ
474 2078 535 2133 δε
566 2081 772 2133 πάντων
818 2080 932 2133 ἐστὶ
967 2087 1176 2155 Κύριος,
1230 2084 1346 2143 ἶσος
1398 2082 1501 2157 οίρα
1530 2089 1602 2132 τῶ
1654 2083 1820 2154 Πατρί

201 2189 337 2223 εστι.

279 2263 352 2312 T6
405 2257 460 2312 δε
496 2256 801 2333 Παρεδόθη,
860 2261 1147 2332 θεοπρεπῶς
1204 2261 1415 2330 νόησον,
1471 2258 1575 2330 οὐχ
1627 2259 1704 2311 ὅτι
1752 2263 1819 2331 μὴ

209 2352 354 2419 ἔχων
405 2357 572 2401 tacita:
626 2353 898 2422 πρότερον,
948 2348 1232 2421 παρέλαϐεν
1264 2349 1499 2423 ὕστερον
1539 2344 1688 2400 οὐδὲν
1718 2350 1818 2421 γάρ

202 2436 347 2489 ἐστιν
376 2439 539 2489 ωᾶτοῦ
570 2442 989 2513 προγενέστερον,
1041 2435 1163 2490 οὐδὲ
1194 2438 1350 2498 αὐτὸς
1398 2438 1424 2489 6
1475 2441 1678 2511 Πατὴρ,
1712 2436 1820 2488 ἀλλ’

199 2527 313 2599 ἅμα
343 2532 535 2599 Πατὴρ
590 2532 683 2578 καὶ
744 2527 854 2598 οἶμα
892 2529 1028 2593 Υἱὸς,
1079 2532 1168 2579 καὶ
1214 2526 1325 2598 ἅμα
1366 2529 1570 2577 πάντων
1613 2528 1819 2599 Κύριοι·

203 2613 307 2665 ἀλλ’
355 2617 538 2667 εἴωθεν
579 2616 925 2688 οἰκονομικῶς
962 2615 1124 2686 λέγειν
1168 2622 1385 2668 τοιοῡτα
1421 2614 1715 2687 πολλαχοῦ,
1747 2634 1819 2667 το-

201 2711 308 2775 μῶν
341 2708 433 2755 τὸν
470 2708 701 2778 Πατέρα,
733 2708 823 2756 καὶ
858 2707 1051 2761 ταύτην
1092 2703 1176 2756 ἐπὶ
1207 2714 1305 2756 τῶν
1336 2724 1579 2756 τοιουτων
1607 2706 1697 2775 ἔχε
1727 2708 1820 2762 τὴν

200 2793 260 2843 ὶύ
270 2812 375 2844 σιν.
772 2804 777 2807 ⁴

276 2887 379 2934 Καὶ
413 2912 481 2922 -ο
525 2882 570 2933 εἰ
618 2890 689 2954 μή
742 2884 768 2934 6
798 2885 937 2943 Υἱός.
993 2882 1325 2954 Ἐπίγνωαιν,
1381 2883 1439 2935 οὐ
1504 2886 1593 2942 τὴν
1649 2882 1822 2943 ἁπλῶς

203 2976 387 3040 φησιν,
437 2970 572 3021 οἱ).ὶά
622 2975 712 3028 τὴν
757 2975 891 3022 κατά
936 2975 1090 3043 φύσιν
1146 2972 1334 3023 αὐτῶν.
1397 2969 1520 3023 Ὀτι
1576 2974 1665 3044 μὲν
1721 2973 1822 3045 γάρ

202 3058 344 3110 ἐστιν
434 3062 558 3119 Υὶος
615 3065 705 3111 καὶ
776 3064 978 3134 Πατὴρ,
1057 3058 1460 3131 ἐπιγινώσκομεν
1516 3063 1702 3120 πάντες
1777 3060 1825 3112 οἰ

1930 1910 2112 1966 Patris
2139 1912 2295 1963 sunt.
2315 1907 2622 1980 Siquidem
2649 1909 2827 1964 etiam
2855 1907 2993 1964 alibi
3018 1907 3155 1964 dicit
3189 1924 3200 1963 ε
3233 1908 3443 1964 Omnia
3463 1923 3595 1978 qui?

1927 2000 2104 2055 Pater
2131 1996 2293 2053 habet
2324 2013 2444 2052 mea
2488 2004 2639 2052 sunt.
2670 1999 2715 2033 ⁵³
2749 1998 2918 2062 Quod
2969 1998 3019 2052 si
3057 1997 3263 2053 omnia
3299 1997 3351 2052 ei
3382 1997 3595 2052 tradita

1931 2092 2090 2154 sunt,
2114 2086 2385 2143 omnium
2402 2087 2603 2159 utique
2618 2086 2905 2142 Dominus
2923 2092 3013 2143 est
3045 2104 3057 2153 ;
3094 2086 3143 2141 si
3164 2102 3307 2143 vero
3321 2087 3595 2143 omnium

1928 2176 2218 2234 Dominus
2248 2180 2352 2242 est,
2396 2176 2643 2246 {aqualis
2663 2181 2817 2232 certe
2858 2180 2949 2232 est
2988 2177 3160 2231 Patri.

2001 2267 2065 2323 Id
2098 2271 2297 2323 autem
2329 2286 2341 2317 :
2374 2264 2617 2322 Tradita
2644 2273 2802 2330 sunt,
2833 2266 3206 2337 proutDeum
3232 2264 3402 2322 decet
3432 2265 3597 2322 intel-

1927 2356 2065 2427 lige,
2088 2371 2209 2411 non
2231 2354 2395 2427 quod
2417 2355 2683 2426 primum
2714 2371 2786 2411 ea
2811 2370 2931 2411 non
2956 2355 3181 2411 habens
3206 2354 3596 2427 postmodum

1929 2445 2258 2517 acceperit:
2292 2443 2439 2499 nihil
2464 2444 2624 2499 enim
2646 2444 2815 2500 illum
2848 2444 3170 2517 praecessit,
3205 2459 3280 2499 ne
3312 2444 3438 2515 ipse
3467 2443 3597 2515 qui-

1928 2534 2070 2590 dem
2100 2534 2295 2599 Pater,
2320 2534 2425 2589 sed
2456 2533 2634 2589 simul
2665 2536 2833 2589 Pater
2863 2537 2918 2589 et
2948 2532 3125 2588 simul
3159 2533 3355 2596 Filius,
3386 2531 3596 2587 simul-

1930 2640 2046 2697 que
2091 2624 2365 2679 omnium
2398 2623 2706 2679 Dominus.
2752 2626 2966 2677 Verum
2999 2623 3308 2679 consuevit
3346 2623 3595 2693 dispen-

1931 2712 2147 2769 satorie
2171 2713 2299 2768 haec
2326 2711 2535 2782 saepius
2558 2712 2773 2779 dicere,
2812 2712 3050 2767 Patrem
3071 2712 3396 2770 honarans.
3434 2713 3597 2766 Hanc

1930 2817 2073 2873 ergo
2104 2801 2167 2857 in
2193 2801 2484 2857 similibus
2510 2801 2729 2858 habeto
2761 2801 3142 2857 solutionem.

2005 2982 2164 3034 Vers.
2199 2980 2284 3032 27.
2328 2978 2403 3033 Ει
2465 3007 2534 3018 -
2590 2977 2704 3033 nisi
2730 2976 2943 3034 Filius.
3002 2978 3410 3048 Cognitionem
3458 2977 3600 3034 dicit

1932 3083 2058 3126 non
2087 3068 2421 3137 vulgarem,
2454 3066 2560 3122 sed
2576 3067 2750 3137 juxta
2774 3069 3055 3122 naturam
3082 3068 3382 3139 ipsorum.
3424 3067 3598 3133 Quod

202 3152 568 3210 πιστεύοντες·
623 3153 703 3210 τίς
761 3145 819 3201 ονε
867 3152 1000 3201 κατὰ
1052 3155 1145 3207 τὴν
1190 3152 1344 3221 φύσιν
1396 3152 1535 3201 ἐστὶν
1596 3150 1621 3200 6
1687 3151 1821 3215 Υἱός,

1940 3157 2095 3216 enim
2123 3157 2238 3213 sint
2270 3156 2440 3211 Pater
2464 3159 2521 3212 et
2553 3155 2728 3211 Filius
2758 3157 3184 3225 cognoscimus
3216 3172 3426 3212 omnes
3479 3172 3600 3212 cre-

197 3244 289 3289 καὶ
321 3244 405 3299 τίς
460 3239 489 3289 6
550 3242 752 3310 Πατὴρ,
814 3234 986 3300 οὐδεὶς
1032 3236 1381 3308 ἐπιγινώσκει,
1450 3242 1596 3308 Λέγει
1657 3240 1758 3310 γὰρ
1799 3239 1825 3289 6

199 3334 437 3387 Λουκᾶς
498 3324 691 3389 Οὐδεὶς
752 3332 995 3398 γινώσκει
1054 3332 1130 3387 τίς
1182 3326 1321 3379 ἐστιν
1387 3327 1413 3378 6
1461 3329 1602 3394 Υἱὸς,
1658 3327 1702 3379 εἰ
1758 3333 1825 3400 μὴ

198 3419 224 3465 6
272 3420 460 3489 Πατήρ
527 3433 542 3445 ⁶
594 3419 683 3467 καὶ
715 3422 796 3478 τίς
846 3414 986 3468 ἐστιν
1045 3417 1069 3467 ὁ
1121 3419 1324 3489 Πατὴρ,
1380 3415 1423 3468 εἰ
1474 3421 1544 3487 μὴ
1598 3418 1621 3468 6
1689 3419 1823 3477 Υἱός.

196 3511 365 3557 τοῦτο
401 3501 462 3556 δί
510 3502 645 3557 εἶπεν
688 3506 713 3557 6
772 3508 1022 3579 Χριστὸς,
1057 3501 1332 3557 διδάσκων
1360 3510 1701 3577 φανερώτερον
1732 3510 1826 3563 τὴν

196 3600 326 3667 1:96;
367 3598 459 3645 τὸν
509 3600 715 3666 Πατέρα
752 3599 998 3652 ἰσότητα.
1059 3593 1120 3647 Εἰ
1172 3596 1274 3667 γὰρ
1315 3598 1464 3666 μόνοι
1494 3602 1593 3645 τῶν
1623 3597 1826 3647 πάντων

198 3688 325 3739 ἴσην
388 3682 588 3756 έχουσι
665 3688 759 3742 τὴν
814 3688 935 3756 περὶ
992 3682 1219 3742 ἀλλήλων
1273 3690 1489 3754 γνῶσιν,
1552 3686 1661 3736 ἴσοι
1726 3684 1829 3758 ἄρα

198 3776 358 3827 εἰσίν.

276 3870 381 3917 Καὶ
448 3894 511 3903 -
549 3861 906 3934 ἀποκαλύψαι.
964 3864 1067 3918 Καὶ
1105 3870 1255 3915 τοῦτο
1310 3867 1404 3920 τήν
1448 3863 1669 3919 ἰσότητα
1722 3858 1828 3915 δἐἰ-

198 3973 408 4005 κνυσιν.
468 3952 531 4003 Εἰ
557 3956 658 4023 γὰρ
690 3951 1043 4004 ἀποκαλύπτει
1104 3955 1192 4024 μὲν
1243 3954 1267 4003 6
1326 3956 1529 4024 Πατὴρ,
1566 3954 1633 4014 ὡς
1696 3950 1826 4003 ἀνω-

196 4049 327 4103 tiam
390 4038 712 4105 δεδήλωται,
770 4040 1125 4094 ἀποκαλύπτει
1173 4038 1231 4093 δὲ
1281 4045 1369 4093 καὶ
1428 4043 1455 4092 6
1519 4044 1661 4109 Υἱός,
1716 4044 1827 4093 ἴσοι

200 4132 310 4201 ἄρα
358 4130 518 4183 εἰσίν.
563 4130 921 4202 Ἀποκαλύψει
980 4127 1037 4182 δὲ
1074 4138 1178 4190 τοῖς
1218 4129 1385 4193 ἀξίοις
1412 4134 1507 4187 τὴν
1551 4133 1704 4202 φύσιν
1734 4136 1826 4182 τοῦ

200 4224 438 4293 Πατρός,
473 4219 523 4271 ἐν
562 4227 631 4291 τῷ
662 4219 895 4292 μέλλοντι
945 4219 1112 4273 αἰῶνι.
1170 4220 1231 4271 Εἰ
1286 4216 1344 4273 δε
1397 4224 1488 4277 τὴν
1531 4222 1686 4292 φύσιν
1733 4226 1825 4271 τοῦ

200 4316 419 4385 Πατρὸς
492 4308 840 4380 ἀποκαλύψει,
898 4311 1099 4370 πάντως
1163 4314 1253 4361 καὶ
1315 4314 1407 4367 τὴν
1462 4309 1665 4373 ἑαυτοῦ,
1734 4313 1823 4361 καὶ

196 4405 293 4457 τὸν
351 4408 450 4451 τοῦ
498 4399 653 4469 ἁγίου
686 4402 1009 4471 Πνεύματος⁸
1049 4402 1147 4469 μία
1174 4400 1275 4472 γὰρ
1328 4403 1416 4450 καὶ
1449 4398 1561 4469 (55)
1619 4400 1649 4456 ἡ
1693 4400 1820 4456 αὐτή

1934 3248 2166 3305 dentes.
2217 3245 2358 3311 Quis
2390 3249 2588 3300 autem
2620 3245 2694 3300 sit
2746 3245 2918 3300 Pater
2957 3245 3133 3315 juxta
3187 3249 3491 3311 naturam,
3545 3248 3602 3301 et

1934 3338 2071 3410 quis
2126 3335 2306 3391 Filius
2345 3350 2526 3391 nemo
2579 3334 2904 3405 cognoscit.
2962 3334 3107 3390 Dicit
3162 3334 3322 3390 enim
3362 3336 3593 3390 Lucas:

1900 3448 1907 3453 ·
1934 3428 2111 3485 Nemo
2133 3425 2417 3497 cognoscit
2433 3424 2559 3495 quis
2582 3424 2656 3479 sit
2677 3423 2891 3489 Filius,
2908 3424 3025 3478 nisi
3046 3426 3258 3479 Pater:
3287 3429 3341 3480 et
3364 3423 3494 3495 quis
3521 3423 3601 3479 sit

1934 3518 2138 3585 Pater,
2191 3515 2309 3570 nisi
2335 3515 2527 3571 Filius
2561 3514 2627 3567 ⁸ο.
2676 3519 2794 3569 Hoc
2816 3527 2954 3582 ergo
2976 3512 3124 3568 dixit
3152 3512 3433 3579 Christus,
3469 3527 3596 3569 ma-

1934 3607 2209 3663 nifestius
2256 3604 2481 3660 docens
2519 3602 2920 3674 aequalitatem
2960 3603 3039 3659 ad
3082 3603 3335 3659 Patrem.
3370 3605 3519 3657 Nam
3551 3601 3600 3656 si

1939 3697 2050 3753 soli
2079 3695 2345 3752 omnium
2375 3692 2672 3765 aequalem
2692 3691 2915 3747 habent
2942 3692 3010 3747 de
3030 3707 3091 3747 se
3118 3691 3376 3748 invicem
3402 3690 3576 3760 cogni
3600 3721 3606 3731 ·

1937 3787 2184 3853 tionem,
2216 3783 2480 3856 aequales
2501 3782 2705 3853 utique
2732 3786 2889 3837 sunt.

2008 3877 2167 3931 Vers.
2200 3876 2287 3927 27.
2319 3873 2399 3927 Et
2427 3902 2495 3911 —
2516 3870 2790 3927 revelare.
2820 3870 3012 3926 Etiam
3042 3870 3157 3925 hoc
3189 3867 3599 3941 aequalitatem

1934 3964 2177 4020 indicat.
2204 3964 2260 4018 Si
2285 3961 2446 4019 enim
2475 3960 2702 4017 revelat
2732 3962 2897 4015 Pater
2929 3964 2991 4014 ut
3015 3974 3201 4029 supra
3231 3958 3459 4013 dictum
3491 3961 3599 4025 est,

1933 4054 2161 4111 revelat
2185 4057 2241 4108 et
2276 4050 2471 4116 Filius,
2505 4048 2768 4121 aequales
2794 4052 2949 4104 certe
2974 4053 3131 4104 sunt.
3166 4046 3477 4102 Revelabit
3498 4062 3605 4103 au-

1934 4147 2055 4200 tem
2076 4146 2354 4199 naturam
2387 4139 2604 4204 Patris,
2636 4137 2709 4192 iis
2739 4138 2841 4209 qui
2867 4137 3032 4207 digni
3072 4137 3285 4193 fuerint
3314 4136 3373 4192 in
3396 4137 3598 4192 futuro

1935 4230 2172 4288 saeculo.
2230 4229 2403 4296 Quod
2431 4228 2483 4283 si
2524 4227 2704 4283 Patris
2755 4232 3019 4282 naturam
3050 4224 3353 4289 revelabit,
3389 4223 3597 4295 utique

1933 4326 1990 4379 et
2044 4324 2300 4377 suamet
2349 4317 2604 4390 Spiritus
2658 4316 2874 4373 sancti.
2933 4318 3059 4371 Una
3089 4313 3246 4369 enim
3276 4318 3329 4369 et
3385 4312 3601 4369 eadem

1933 4414 2020 4468 est
2045 4411 2234 4466 trium.
2274 4406 2535 4463 Dicendo
2568 4421 2706 4461 vero
2741 4405 2964 4463 :Nemo
3014 4404 3323 4475 cognoscit,
3367 4404 3601 4458 creatu-

196 4490 312 4541 ἐστι
342 4497 451 4540 τῶν
502 4496 677 4562 τριῶν.
711 4486 733 4560 [
763 4486 1118 4558 Ἀποκαλὺψει
1163 4486 1278 4559 (56)
1310 4482 1369 4540 δὲ
1399 4488 1519 4539 ὅσον
1551 4486 1818 4560 ἐφικτόν.]

1940 4516 2029 4558 ras
2060 4497 2411 4570 signiﬁcavit
2444 4512 2455 4550 :
2489 4494 2773 4568 Spiritum
2824 4496 3096 4551 sanctum
3128 4497 3345 4558 autem,
3391 4495 3599 4564 utpote

196 4579 381 4632 Εἰπὼν
439 4574 522 4641 δε,
583 4577 663 4629 ὅτι
715 4573 903 4638 Οὐδεὶς
969 4574 1320 4647 ἐπιγινώσκει,
1384 4579 1505 4638 τοὺς
1580 4580 1822 4637 κτιστοὺς

198 4664 467 4724 ἐδήλωσε.
536 4668 606 4719 T6
674 4672 885 4738 Πνεῦμα
940 4661 999 4717 δὲ
1054 4667 1113 4718 τὸ
1144 4664 1308 4737 ἅγιον,
1361 4668 1427 4726 ὡς
1452 4666 1722 4737 ἄκτιστον,
1762 4666 1820 4718 ού

200 4775 265 4809 συ
270 4776 417 4828 μπερ
428 4753 617 4807 ιε’λαϐε.

271 4850 381 4898 Καὶ
413 4840 565 4896 διατί
584 4848 656 4915 μὴ
685 4849 775 4897 καὶ
803 4849 921 4918 περὶ
957 4846 1144 4897 τούτου
1186 4852 1410 4920 φανερῶς
1434 4848 1604 4919 εἴρηκε
1638 4864 1650 4915 ;
1681 4852 1818 4901 Διὸτι

202 4940 345 4987 vim»
378 4936 568 5007 καιρὸς
591 4929 651 4990 ἦν
684 4929 905 4995 διδάξαι
942 4938 1060 5008 περὶ
1090 4934 1264 4986 αὐτοῦ.
1295 4939 1394 4988 Καὶ
1420 4937 1519 5009 γὰρ
1550 4930 1655 4987 ἔδει
1680 4944 1818 5010 πρῶ-

200 5043 283 5075 τον
341 5026 443 5081 τὴν
493 5025 614 5095 περὶ
671 5030 763 5074 τοῦ
828 5023 951 5077 Υἰοῦ
998 5031 1193 5094 γνῶσιν
1250 5022 1635 5091 ἐνσημανθῆναι
1700 5032 1817 5087 ταῖς

193 5112 413 5184 ψυχαῖς
436 5119 537 5164 τῶν
567 5113 837 5183 μαθητῶν·
868 5110 979 5164 εἶτα
1007 5117 1096 5165 καὶ
1121 5115 1186 5165 τὰ
1223 5118 1449 5188 περὶτοῦ
1481 5113 1630 5185 ἁγίου
1665 5117 1817 5167 Πνεύ-

193 5222 365 5275 ματος
399 5201 581 5262 αὐτοῖς
605 5200 1059 5275 ἀποκαλυφθῆναι.

270 5303 321 5337 δ’
351 5302 528 5358 Joan.
562 5315 684 5367 xw,
720 5300 808 5359 15.
922 5302 969 5339 ⁸ο
1002 5303 1137 5359 Luc.
1170 5318 1229 5369 x,
1256 5302 1345 5358 22.

1930 4590 2263 4648 increatum
2294 4602 2415 4644 non
2445 4584 2908 4658 comprehendit.

2001 4845 2262 4914 thuam
2277 4839 2355 4897 ob
2371 4854 2620 4895 causam
2639 4836 2711 4894 de
2736 4836 2850 4894 hoc
2868 4837 3050 4893 etiam
3074 4834 3452 4893 manifestius
3475 4850 3599 4892 non

1928 4936 2011 4988 est
2054 4932 2283 4987 locutus
2312 4929 2340 4983 ‘?
2368 4928 2517 4994 Quia
2567 4929 2833 4985 nondum
2889 4933 3126 4998 tempus
3158 4932 3285 4982 erat
3328 4930 3391 4980 ut
3420 4925 3493 4979 de
3525 4940 3596 4980 eo

1927 5023 2185 5079 doceret.
2240 5019 2502 5075 Primum
2534 5018 2831 5089 siquidem
2875 5016 3185 5088 oportebat
3232 5014 3359 5069 Filii
3393 5013 3597 5082 cogni-

1926 5113 2151 5169 tionem
2182 5109 2483 5166 mentibus
2528 5107 2963 5179 discipulorum
3007 5103 3303 5161 insinuari
3337 5120 3350 5158 :
3386 5102 3596 5159 deinde

1925 5203 2104 5261 etiam
2132 5201 2246 5257 illis
2276 5214 2347 5257 ea
2390 5197 2660 5263 revelari,
2710 5213 2848 5269 quas
2897 5199 3036 5252 sunt
3096 5193 3346 5266 Spiritus
3405 5196 3600 5252 sancti

1429 5401 1657 5472 Variae
1687 5404 2015 5474 lectiones
2051 5410 2117 5469 et
2146 5408 2349 5468 notae.

297 5554 387 5621 54)
407 5555 677 5621 τουτέστι,
709 5545 934 5607 omittit

297 5555 364 5611 54
407 5555 677 5621 τουτέστι,
709 5552 934 5607 omittit
964 5552 1034 5603 A.

274 5552 387 5700 $55;
420 5622 716 5698 καί,ᾳοοά
735 5619 1066 5678 Hentenius
1095 5618 1272 5677 etiam
1287 5618 1574 5692 agnoscit,
1590 5619 1817 5678 addidi.

490 5725 740 5782 PATROL.
831 5716 1099 5778 CXXIX.

2002 5546 2118 5621 (56)
2140 5543 2639 5622 l_nc_l_usa‘uterque
2663 5537 2847 5595 codex
2871 5535 2933 5593 in
2950 5535 3222 5608 margine
3243 5534 3443 5595 habet.
3466 5538 3597 5595 Non

1932 5615 2197 5692 agnoscit
2230 5615 2578 5675 Hentenius.

3198 5707 3267 5761 12
