4108 6378
552 324 656 381 363

552 539 797 611 peccati,
833 542 888 592 et
914 536 1044 607 ejus
1085 533 1352 606 pondere
1393 532 1617 588 onerati
1648 532 1807 587 estis.
1841 531 2015 586 Vides
2065 543 2210 600 quo-

554 628 741 684 modo
772 623 1095 682 ostenderit
1146 628 1483 693 peccatum,
1511 625 1568 677 et
1599 620 1864 676 laborem
1896 624 1951 675 et
1977 617 2210 689 pondus

553 717 776 774 habere
789 717 816 773 ?
833 718 979 771 Nam
994 712 1263 769 laborem
1278 710 1461 766 habet
1473 710 1825 782 priusquam
1840 707 2206 781 perﬁciatur;

552 804 737 862 habet
760 804 998 876 pondus
1026 806 1341 873 postquam
1373 799 1703 871 perfectum
1732 803 1844 853 est.

627 897 820 949 Potest
876 896 1076 948 autem
1111 894 1167 945 et
1196 889 1312 944 alio
1345 888 1528 943 modo
1569 887 1687 943 dici
1722 904 1732 943 :
1770 886 1880 952 Qui
1923 884 2211 941 laboratis

554 982 633 1040 ad
685 996 864 1047 vana,
907 984 963 1036 et
1011 980 1227 1035 horum
1277 977 1435 1033 curis
1493 976 1717 1033 onerati
1767 975 1925 1030 estis.
1988 977 2053 1029 Et
2100 988 2211 1042 ego

552 1070 900 1129 refocillabo
949 1085 1083 1133 vos,
1116 1068 1238 1124 sive
1289 1066 1557 1124 liberabo
1606 1065 1706 1123 tali
1735 1064 1963 1134 labore,
1994 1063 2211 1135 talique

554 1162 843 1233 pondere.

628 1338 796 1394 Vers.
818 1336 907 1391 29.
948 1334 1162 1391 Tollite
1184 1365 1249 1377 —
1274 1348 1393 1390 vos.
1422 1335 1643 1404 Jugum
1669 1330 2003 1389 nominavit
2032 1346 2212 1386 evan-

556 1427 747 1499 gelica
778 1430 1081 1497 praecepta
1113 1439 1243 1488 sua,
1276 1423 1438 1493 quod
1466 1423 1526 1477 in
1552 1422 1683 1494 jugi
1714 1421 1967 1478 modum
2009 1434 2211 1490 super-

552 1519 855 1587 ponantur
912 1511 1333 1568 accedentibus
1361 1511 1439 1566 ad
1469 1527 1540 1567 ea
1572 1530 1585 1566 :
1622 1515 1678 1566 et
1715 1511 1881 1582 ipsos
1932 1508 2212 1578 colligent

555 1602 636 1662 ad
665 1618 727 1658 se
756 1601 1036 1668 invicem,
1066 1605 1121 1656 et
1152 1600 1231 1655 ad
1270 1599 1536 1670 aurigam
1569 1599 1885 1655 Christum.

628 1694 789 1747 Vers.
845 1693 939 1747 29.
994 1690 1073 1746 Et
1105 1719 1173 1728 —
1202 1688 1403 1745 corde.
1452 1689 1751 1745 Mititatem
1791 1687 1888 1743 hic
1915 1686 2057 1743 dicit
2085 1702 2210 1743 mo-

1855 310 2213 373 EUTHYMII
2255 307 2583 365 ZIGABENI

624 450 791 507 Vers.
821 447 910 504 28.
951 445 1151 503 Venite
1195 472 1266 485 —
1318 458 1440 499 vos.
1474 442 1585 509 Qui
1612 442 1898 500 laboratis
1950 441 2010 497 in
2036 454 2209 512 opere
2244 434 2289 487 Α

3811 308 3907 369 364

2391 441 2540 487 Δεῦτε
2584 465 2626 473 -
2684 437 2835 507 ὑμᾶς.
2880 435 2944 487 Οί
2983 444 3261 498 κοπιῶντες
3297 435 3369 497 εἰς
3407 439 3501 494 τὴν
3542 435 3781 508 ἐργασίαν
3820 446 3905 501 τῆς

2319 521 2601 597 ἁμαρτίας,
2634 529 2721 575 xui
2752 529 3151 599 πεφορτισμένοι
3182 533 3252 596 τῷ
3300 523 3455 599 βάρει
3480 528 3689 586 ταύτης.
3741 525 3903 601 Ὀρᾷς,

2321 612 2457 672 ὅπως
2498 608 2659 674 ἔδειξε
2690 615 2779 669 τὴν
2811 613 3069 688 ἁμαρτίαν
3109 619 3198 667 καὶ
3235 619 3392 666 κόπον
3432 619 3519 666 καὶ
3554 613 3714 687 βάρος
3761 617 3903 688 ἔχουο

2323 719 2417 751 σαν
2452 718 2463 765 ;
2498 700 2653 771 Ἔχει
2683 705 2799 775 γόρ,
2840 704 2953 773 ἔχει
2984 708 3142 755 κόπον
3168 706 3277 775 μὲν,
3320 706 3420 778 πρὸ
3461 711 3550 755 τοῦ
3585 702 3907 763 ἀποτελεσθῆ-

2321 808 2422 840 ναι·
2459 788 2622 862 βάρος
2656 788 2735 855 δὲ,
2767 794 2897 861 μετὰ
2919 798 3091 846 τοῦτο.

2393 882 2611 949 Λέγοιτο
2643 876 2693 931 δ’
2733 881 2793 929 ἄν
2820 884 2907 931 καὶ
2942 880 3144 955 ἑτέρως,
3187 882 3265 932 ὅτι
3291 885 3381 933 καὶ
3412 881 3527 953 (57)
3566 884 3614 933 οἱ
3648 890 3908 945 κοπιῶντες

2323 966 2388 1026 εἰς
2448 970 2512 1018 τὰ
2564 969 2782 1038 μάταια,
2857 972 2946 1020 xui
2996 972 3396 1044 πεφορτισμένοι
3466 977 3583 1030 ταῖς
3651 975 3911 1043 μερίμναις

2320 1058 2534 1110 τούτων.
2618 1055 2781 1128 Κάγὼ
2858 1055 3143 1110 ἀναπαύσω
3227 1059 3383 1130 ἡμᾶς,
3464 1062 3646 1129 ἤγουν,
3728 1060 3910 1112 ἐλευθε-

2320 1150 2475 1219 ρώσω
2530 1149 2620 1198 καὶ
2693 1154 2781 1199 τοῦ
2838 1149 3076 1199 τοιούτου
3140 1152 3302 1200 κόπου
3379 1153 3469 1201 καὶ
3536 1155 3628 1200 τοῦ
3692 1151 3911 1202 τοιούτου

2323 1234 2543 1308 βάρους.

2390 1322 2581 1397 Ἀρατε
2610 1354 2678 1364 —
2732 1325 2886 1397 ὑμᾶς.
2945 1326 3113 1396 Ζυγὸν
3154 1325 3413 1398 ὠνόμασε,
3464 1327 3559 1389 τὰς
3588 1327 3913 1399 εὐαγγελικὰς

2321 1412 2519 1475 ἐντολὰς
2542 1414 2722 1482 αὐτοῦ,
2755 1410 2789 1465 ὃ
2795 1415 2848 1466 ιὰ
2876 1418 2932 1465 τὸ
2956 1412 3452 1490 ἕπικεῖσθαιτρόπον
3494 1416 3656 1487 ζυγοῦ
3682 1423 3788 1477 τοῖς
3807 1416 3911 1488 (58)

2320 1502 2695 1577 ὑπερχομένοις
2713 1502 2889 1570 αὐτὰς,
2923 1507 3012 1555 καὶ
3045 1499 3253 1556 συνδεῖν
3276 1504 3463 1567 αὐτοὺς
3488 1502 3727 1568 ἀλληλοις
3763 1524 3812 1557 τε
3831 1511 3909 1558 καὶ

2319 1597 2391 1661 τῷ
2423 1590 2632 1664 ἐλατῆρι
2656 1598 2867 1665 Χριστῷ
2880 1637 2893 1650 ,

2392 1683 2493 1732 Καὶ
2539 1709 2609 1721 —
2665 1676 2880 1754 καρδίᾳ.
2951 1684 3231 1754 Πραότητα
3304 1689 3413 1749 νῦν,
3465 1686 3556 1740 τὴν
3615 1688 3911 1735 ταπείνωσιν

551 1779 811 1837 destiam
837 1796 851 1834 :
874 1795 1012 1851 pars
1030 1776 1325 1850 siquidem
1353 1777 1655 1833 modestiae
1684 1782 1771 1833 est
1794 1778 2034 1833 mititas.
2070 1775 2209 1831 ideo

2322 1767 2474 1839 λέγει·
2503 1772 2657 1841 μέρος
2692 1771 2794 1845 γὰρ
2844 1777 2939 1832 τῆς
2997 1776 3369 1841 ταπεινώσεως,
3433 1772 3459 1829 ἦ
3523 1776 3776 1846 πραότης·
3837 1768 3912 1825 διὸ

550 1874 864 1941 postquam
921 1867 1064 1923 dixit
1111 1886 1123 1925 :
1176 1866 1337 1934 Quod
1392 1868 1549 1922 mitis
1601 1866 1727 1931 sim,
1795 1866 2211 1938 interpretatur

552 1958 720 2030 quod
749 1957 895 2012 dixit
928 1972 941 2022 ;
973 1961 1029 2012 et
1080 1955 1212 2011 vide
1242 1955 1389 2027 quid
1432 1955 1635 2012 addat.
1680 1959 1881 2027 Neque
1924 1954 2084 2010 enim
2126 1953 2211 2009 di-

549 2047 635 2103 xit
662 2063 674 2102 :
708 2046 956 2101 Humilis
973 2050 1219 2111 tantum,
1245 2045 1350 2100 sed
1376 2043 1614 2100 humilis
1636 2045 1824 2114 corde,
1848 2044 1963 2099 hoc
1994 2048 2083 2099 est
2105 2043 2211 2098 hu-

551 2135 710 2191 milis
738 2134 940 2189 animo
970 2138 1027 2189 et
1053 2132 1356 2188 electione.
1392 2133 1699 2188 Humilitas
1730 2147 1995 2203 namque
2023 2131 2100 2188 ab
2125 2132 2211 2187 in-

551 2223 807 2278 fortunio
846 2220 1199 2292 procedens,
1252 2219 1624 2277 infructuosa
1676 2226 1782 2287 est,
1835 2226 2033 2291 utpote
2062 2220 2210 2275 levis

553 2309 1020 2367 etinvoluntaria
1040 2326 1052 2375 ;
1079 2313 1363 2380 praeterea
1383 2310 1454 2380 (e)
1470 2309 1865 2366 humilitatem
1884 2310 1968 2364 eis
1999 2307 2207 2375 attulit,

553 2405 843 2472 tanquam
873 2399 1071 2456 omnis
1100 2397 1365 2455 radicem
1418 2398 1675 2455 virtutis.
1735 2398 2013 2470 Seipsum
2067 2398 2207 2453 item

553 2490 607 2543 in
632 2488 978 2560 exemplum
1010 2486 1334 2552 constituit,
1364 2491 1426 2542 ut
1456 2486 1690 2543 facilius
1724 2502 1920 2543 sermo
1952 2486 2210 2557 suscipe-

551 2582 729 2634 retur.

625 2666 791 2721 Vers.
831 2665 1014 2721 29.Et
1034 2664 1341 2721 —veslris.
1372 2664 1687 2721 Humilitas
1708 2664 1785 2735 (Γ)
1809 2663 1968 2719 enim
1992 2664 2208 2731 cordis,

553 2768 935 2826 quaecunque
988 2753 1229 2824 patitur,
1293 2752 1472 2809 verbo
1530 2752 1724 2808 solum
1788 2752 1907 2824 pati
1961 2753 2207 2818 videtur,

552 2858 749 2913 neque
787 2842 1078 2898 turbatur.
1108 2841 1364 2907 Quidam
1394 2857 1535 2898 vero
1569 2841 1876 2914 Requicm,
1913 2858 2047 2897 eam
2074 2858 2211 2914 quas

555 2937 779 2988 aeterna
809 2936 895 2986 est
916 2931 1398 3003 interpretantur.

625 3023 782 3077 Vers.
817 3024 903 3076 30.
935 3019 1148 3091 Iugum
1180 3020 1331 3076 enim
1389 3050 1458 3060 —
1510 3019 1644 3076 leve.
1696 3020 1916 3091 Jugum
1968 3034 2211 3092 quoque

551 3110 786 3166 vocavit
813 3124 966 3164 onus
995 3126 1008 3175 ;
1045 3108 1151 3164 sed
1172 3109 1388 3180 jugum
1419 3108 1669 3181 quidem
1715 3113 1956 3180 propter
1987 3109 2211 3166 dictam
2244 3138 2284 3195 ε

553 3214 797 3254 causam
831 3216 846 3264 ς
878 3213 1032 3253 onus
1077 3202 1295 3263 autem,
1327 3214 1397 3253 eo
1420 3198 1579 3269 quod
1607 3213 1787 3267 grave
1827 3199 1898 3253 sit
1930 3198 2210 3253 inexerci-

554 3290 707 3343 tatis.
752 3287 889 3341 Vide
948 3300 1090 3356 ergo
1148 3286 1459 3357 quomodo
1508 3291 1566 3341 et
1599 3287 1817 3358 jugum
1866 3286 2098 3355 dixerit,
2160 3292 2215 3343 et

555 3391 738 3431 suave
769 3374 1081 3442 vocaverit,
1115 3390 1269 3429 onus
1299 3390 1542 3447 quoque
1586 3375 1818 3441 dixerit,
1850 3380 1907 3431 et
1953 3374 2081 3431 leve
2113 3392 2215 3448 ap-

555 3464 879 3537 pellaverit,
915 3469 978 3518 ut
1005 3478 1201 3535 neque
1240 3463 1540 3534 despicias
1570 3465 1744 3535 quasi
1778 3463 1990 3531 facilia,
2023 3482 2214 3537 neque

553 3554 750 3625 fugias
777 3557 1066 3623 tanquam
1088 3551 1422 3608 laboriosa.
1448 3553 1656 3617 Quaere
1679 3558 1881 3608 autem
1910 3553 1971 3607 in
2003 3554 2214 3625 quinto

556 3641 751 3712 capite
807 3640 1360 3711 interpretationem
1406 3640 1536 3710 ejus
1580 3642 1624 3676 ⁶¹
1672 3642 1836 3713 quod
1891 3641 2100 3698 dicitur
2140 3643 2214 3699 de

560 3734 819 3799 angusta
848 3732 1021 3800 porta
1052 3736 1106 3785 et
1135 3728 1325 3785 stricta
1363 3729 1458 3786 via
1479 3746 1614 3801 quae
1646 3728 1806 3786 ducit
1832 3731 1910 3787 ad
1941 3732 2140 3789 vitam.

629 3907 779 3977 Cap.
815 3904 925 3971 XII,
958 3921 1114 3960 vers.
1168 3905 1224 3961 1.
1266 3904 1337 3961 In
1364 3905 1468 3963 illo
1521 3938 1581 3947 —
1634 3919 1868 3979 segetes.
1915 3909 2210 3981 Sabbalis,

555 3993 668 4050 hoc
705 3998 811 4061 est,
842 3993 938 4050 die
961 3993 1225 4050 Sabbati.
1256 3994 1509 4066 Segetes,
1544 3994 1659 4052 hoc
1689 4003 1798 4069 est,
1831 4015 2006 4071 agros
2042 4001 2214 4056 semi-

556 4089 726 4140 natos
752 4084 794 4141 [ι
807 4084 1086 4141 umentis.

632 4175 790 4228 Vers.
848 4176 906 4230 1.
942 4172 1232 4242 Discipuli
1250 4190 1377 4229 vero
1408 4206 1477 4214 —
1505 4175 1809 4233 comedere.
1842 4178 2069 4233 Marcus
2110 4196 2210 4235 au-

556 4268 677 4320 tem
707 4262 890 4318 dixit:
930 4265 1246 4332 Coeperunt
1276 4263 1556 4335 discipuli
1579 4267 1703 4334 ejus
1732 4266 1888 4323 inter
1916 4266 2216 4324 ambulan-

556 4353 698 4408 dum
723 4354 940 4409 vellere
966 4351 1152 4423 spicas
1185 4353 1231 4387 ⁶²
1260 4353 1408 4417 Quia
1446 4356 1602 4408 enim
1638 4371 1743 4426 per
1787 4356 2015 4413 medias
2050 4374 2213 4427 sege-

2319 1862 2408 1910 καὶ
2465 1858 2637 1924 εἰπὼν,
2719 1859 2797 1909 ὅτι
2871 1863 3038 1932 Πρᾶός
3126 1859 3253 1931 εἰμι,
3334 1858 3721 1933 ἐφηρμήνευσεν
3803 1862 3911 1935 ὅπερ

2322 1943 2446 2012 εἶπε,
2498 1952 2587 1998 καί
2637 1953 2819 1999 σκόπει
2858 1952 2949 2006 τὴν
2982 1951 3310 2022 προσθήκην,
3347 1949 3423 2001 Οὐ
3479 1952 3581 2021 γὰρ
3638 1946 3795 2015 εἶπεν,
3843 1951 3914 2001 ὃτι

2320 2043 2559 2099 ταπεινός
2589 2043 2765 2109 μόνον,
2806 2037 2914 2089 ἀλλ’
2974 2039 3054 2091 ὅτι
3115 2042 3352 2103 ταπεινός
3394 2048 3455 2112 τῇ
3512 2036 3733 2115 καρδίᾳ,
3778 2060 3912 2093 τουτ-

2321 2126 2456 2193 ἐστι,
2540 2129 2780 2188 ταπεινὸς
2857 2134 2919 2199 τῇ
2995 2126 3151 2200 ψυχῇ
3210 2133 3532 2203 προαιρέσει⁸
3591 2128 3649 2182 Ἠ
3715 2132 3813 2204 γὰρ
3867 2128 3913 2180 ἐκ

2321 2217 2671 2290 περιστάσεως
2731 2222 3039 2277 ταπείνωσις
3096 2219 3352 2290 ἄκαρπος,
3403 2221 3472 2281 ὡς
3515 2218 3816 2281 ἐπιπόλαιός
3869 2238 3914 2270 τε

2320 2309 2408 2356 καὶ
2462 2302 2820 2379 ἀπροαίρετος.
2878 2310 2983 2364 Τὴν
3042 2311 3349 2359 ταπείνωσιν
3409 2304 3468 2359 δὲ
3529 2308 3685 2360 πάλιν
3752 2308 3915 2367 αὐτοῖς

2320 2397 2622 2468 προέτεινεν,
2672 2396 2737 2454 ὠς
2779 2395 2931 2469 ῥίζαν
2988 2394 3195 2455 ἁπὰσης
3249 2394 3454 2469 ἀρετῆς·
3497 2395 3680 2449 ἑαυτόν
3724 2394 3782 2451 δὲ
3826 2417 3913 2449 πα-

2318 2478 2582 2557 ράδειγμα
2631 2483 2743 2555 (59)
2794 2488 3182 2559 προεστησατο,
3230 2493 3389 2537 ποιῶν
3425 2482 3811 2561 εὐπαράδεκτον
3838 2490 3914 2539 τὸν

2320 2571 2497 2643 λόγον.

2400 2665 2499 2713 Καί
2531 2692 2596 2701 -—
2624 2663 2782 2734 ὑμῶν.
2830 2661 2888 2717 Ὀ
2930 2664 3032 2738 γὰρ
3068 2665 3325 2731 ταπεινὸς,
3357 2665 3527 2716 πάντα
3560 2665 3662 2717 ὅσα
3703 2666 3914 2737 πάσχει,

2322 2754 2455 2801 κατά
2504 2750 2652 2821 λόγον
2692 2753 2923 2821 πάσχειν
2972 2747 3160 2817 δοκῶν,
3197 2751 3254 2802 οὗ
3295 2754 3638 2825 ταράσσεται.
3699 2758 3835 2814 Τινὲς
3865 2750 3917 2805 δε

2324 2838 2637 2910 ἀνάπαυσιν,
2670 2842 2763 2897 τὴν
2800 2838 3002 2891 αἰώνιον
3034 2840 3423 2914 ἑρμηνεύουσιν.

2392 3017 2450 3070 Ὀ
2504 3020 2604 3091 γὰρ
2658 3018 2816 3089 ζῦγός
2869 3048 2936 3057 —-
2990 3016 3203 3093 ἐλαφρόν
3250 3016 3384 3072 ἔστι.
3419 3023 3517 3072 Τὸν
3568 3024 3750 3093 ζυγόν,
3805 3020 3917 3073 ἑκά-

2323 3106 2437 3159 λεσε
2468 3111 2556 3158 xui
2608 3110 2833 3181 φορτίον·
2896 3104 3023 3157 ἀλλὰ
3074 3109 3230 3178 ζυγόν
3288 3110 3398 3175 μεν,
3447 3104 3539 3161 διὰ
3600 3113 3697 3167 τὴν
3747 3110 3916 3184 ῥηθεῖ-

2328 3216 2423 3248 σαν
2454 3196 2647 3246 αἰτίαν’
2692 3199 2896 3270 φορτίον
2943 3191 3021 3262 δὲ,
3066 3191 3159 3247 διὰ
3215 3199 3273 3248 τὸ
3339 3196 3518 3271 βαρεῖν
3565 3201 3699 3272 πρὸς
3751 3202 3917 3273 καιρόν

2324 3288 2440 3345 τοὺς
2508 3283 2891 3355 ἀγυμνάστους.
2950 3282 3086 3359 Ὀρα
3152 3281 3230 3354 δὲ,
3296 3296 3404 3347 πῶς
3460 3292 3549 3339 καὶ
3593 3287 3755 3360 ζυγόν
3821 3284 3917 3341 εἷπε

2324 3378 2414 3425 καὶ
2457 3376 2696 3445 χτηστόν
2749 3371 2975 3439 ἐκάλεσε,
3032 3377 3122 3426 xui
3180 3379 3387 3448 φορτίον
3439 3378 3631 3449 εἴρηκε,
3691 3384 3781 3430 xui
3819 3376 3918 3429 ἐλα-

2326 3466 2449 3535 φρὸν
2507 3468 2948 3537 προσηγόρευσεν·
3007 3462 3088 3514 ἶνα
3164 3468 3296 3535 μήτε
3348 3467 3412 3524 ὡς
3487 3465 3709 3517 εὐκόλων
3772 3486 3918 3519 κατα-

2326 3556 2607 3623 φρονήσῃς,
2640 3556 2773 3624 μήτε
2820 3554 2887 3613 ὡς
2917 3549 3135 3604 ίπιπονα
3180 3554 3365 3625 φύγῃς.
3427 3559 3581 3612 Ζητει
3637 3552 3699 3609 δέ
3745 3556 3919 3617 καὶείς

2326 3644 2383 3692 τὸ
2428 3644 2657 3712 πέμπτον
2728 3639 3024 3713 κεφάλαιον,
3076 3644 3169 3699 τὴν
3221 3641 3475 3713 ἐξήγησιν
3531 3651 3643 3712 τοῦ,
3708 3645 3819 3717 (60)
3861 3648 3918 3697 Τί

2328 3734 2478 3788 στενὴ
2507 3732 2536 3789 ἡ
2566 3729 2701 3789 πύλη
2734 3734 2823 3783 καὶ
2845 3729 3152 3802 τεθλιμμένη
3185 3731 3214 3788 ἡ
3242 3727 3305 3783 όδ
3312 3734 3363 3791 ὸς
3388 3732 3417 3790 ἠ
3446 3730 3732 3804 ἀπάγουσα
3752 3733 3917 3797 εἰςτὴν

2326 3820 2485 3882 ζωήν.

2400 3908 2480 3961 Ἐν
2516 3938 2580 3949 —-
2627 3913 2915 3983 σπορίμων.
2960 3938 3025 3949 —-
3063 3914 3185 3971 Τοῖς
3214 3908 3496 3976 Σάϐϐασιν,
3533 3909 3648 3964 am
3684 3919 3798 3983 τοῦ,
3844 3913 3917 3966 Ἐν

2324 4000 2495 4071 ἡμέρᾳ
2544 3996 2841 4067 Σαϐϐάτων,
2888 4001 3178 4066 τουτέστιν,
3219 3996 3268 4051 ἒν
3299 3997 3567 4071 Σαϐϐάτῳ
3602 4006 3838 4078 σπόριμα
3864 3999 3917 4054 δι

2323 4087 2474 4159 λέγει,
2507 4090 2573 4139 τὰ
2599 4083 2709 4159 γήδ
2715 4107 2786 4153 ια,
2817 4089 2883 4139 τὰ
2912 4086 3052 4145 ληῑα.

2397 4178 2463 4229 Οἱ
2507 4173 2566 4229 δὲ
2618 4178 2854 4249 μαθηται
2909 4207 2979 4217 -
3018 4174 3228 4231 ἐσθίειν.
3284 4175 3344 4229 Ὀ
3403 4174 3463 4231 δε
3501 4181 3718 4254 Μάριος
3767 4177 3914 4237 εἶπεν.

2324 4269 2401 4321 ὅτι
2466 4270 2556 4319 καὶ
2616 4266 2869 4339 ’Ἤρξαντο
2936 4266 2985 4318 οἱ
3047 4268 3283 4338 μαθηταὶ
3351 4266 3511 4319 αὐτοῦ
3566 4264 3689 4321 ὁδόν
3742 4276 3916 4335 ποιεῖν,

2324 4357 2575 4418 τίλλοντες
2621 4360 2738 4417 τοὺς
2775 4357 3031 4427 στάχνας.
3092 4355 3230 4409 Ἐπεὶ
3279 4358 3379 4431 γὰρ
3437 4362 3594 4429 μέσον
3654 4359 3770 4432 (61)
3827 4368 3917 4412 τῶν

556 4446 644 4497 tes
670 4441 1026 4509 transibant,
1062 4457 1183 4496 una
1228 4441 1424 4511 spicas
1463 4442 1801 4501 avellebant
1831 4452 1889 4501 ut
1920 4448 2210 4519 praegredi

2327 4450 2593 4520 σπορίμων
2642 4442 2951 4518 διήρχοντο,
3024 4444 3135 4517 ἅμα
3204 4448 3294 4517 μὲν
3352 4444 3585 4499 ἀνέσπων
3633 4453 3753 4510 τοὺς
3806 4451 3920 4502 στά-

555 4534 822 4601 possent,
847 4530 1131 4585 etavulsa
1150 4543 1340 4597 grana
1366 4530 1639 4599 edebant,
1662 4533 2057 4591 confricantes
2089 4552 2213 4592 ma-

555 4618 758 4689 nibus,
790 4618 940 4673 sicut
977 4618 1122 4673 dixit
1147 4618 1331 4676 Lucas
1364 4620 1431 4688 53,
1472 4621 1585 4677 hoc
1616 4629 1719 4689 est,
1752 4631 2038 4692 terentes;
2068 4641 2211 4683 nam

629 4797 671 4833 ⁶¹
702 4794 900 4853 Matth.
932 4812 1032 4862 vn,
1069 4796 1147 4852 14.
1265 4784 1515 4857 "Marc.
1545 4816 1603 4868 ιι,
1650 4802 1736 4856 23.

1856 4803 1902 4839 ⁸³
1933 4803 2073 4862 Luc.
2106 4820 2179 4873 v1,
2214 4806 2267 4861 1.

2323 4556 2485 4608 χυας,
2536 4536 2619 4588 ἶνα
2689 4534 2985 4607 προϐαίνειν
3039 4535 3229 4605 ἔχοιεν·
3283 4533 3392 4607 ἅμα
3447 4531 3506 4593 δὲ
3571 4539 3758 4594 ἢσθιον
3807 4542 3920 4598 τοὺς

2326 4626 2748 4697 ἁνασπωμένους,
2798 4624 3069 4697 ψώχοντες
3122 4628 3236 4685 ταῖς
3280 4629 3490 4697 χερσὶν,
3537 4626 3606 4689 ὡς
3660 4628 3685 4680 ό
3718 4632 3922 4689 Λουκᾶς

1758 4980 1984 5050 Variae
2028 4981 2360 5052 lectiones
2405 4992 2469 5050 et
2510 4991 2712 5052 notae.

626 5175 741 5247 (57)
773 5179 880 5241 καί,
916 5175 1087 5231 abest
1116 5177 1182 5230 Α.

624 5245 734 5317 (38)
767 5247 1212 5325 decedentibus,
1232 5245 1579 5325 Hentenius.
1604 5247 1773 5306 Forte
1797 5250 1955 5323 legit,
1990 5249 2208 5325 ἕπερχο-

550 5315 741 5387 μένοις.
784 5319 1029 5388 Rectius,
1063 5315 1527 5375 sucdedentibus.

622 5388 734 5458 (59)
762 5389 927 5452 Quod
949 5390 1175 5460 primus
1192 5390 1365 5447 talem
1382 5406 1441 5446 se
1460 5389 1537 5447 ad
1555 5393 1894 5466 exemplum
1914 5394 2205 5455 exhibuit.

623 5536 692 5607 (ρ)
724 5537 1037 5619 Ρνιειρνείι.
1072 5544 1179 5597 etc.
1208 5540 1438 5619 Rursus
1470 5546 1667 5601 autem
1697 5545 2086 5604 humilitatem
2118 5546 2204 5605 eis

549 5613 877 5681 proposuit,
915 5613 1379 5672 corumendavxt.

2320 5180 2503 5254 Igitur
2531 5183 2757 5254 προεστῂ
2770 5195 2916 5254 σατο,
2946 5191 3069 5233 non
3109 5180 3494 5254 παρεσιήσοιτο.

2389 5252 2502 5323 (60)
2534 5249 2681 5322 Ergo
2736 5250 2833 5306 hic
2876 5264 3122 5322 quoque
3152 5249 3555 5321 comprobant
3606 5249 3919 5308 lectionem

2315 5328 2379 5391 τί,
2418 5339 2526 5391 pro
2558 5325 2657 5375 ὅτι.

2385 5339 2696 5467 (ϐῧομέἷνζν
2720 5392 2951 5450 videtur
2979 5390 3194 5462 legisse
3234 5389 3588 5451 Hentenius.

2387 5544 2456 5617 (Γ)
2490 5544 2963 5618 Humilitas,etc._
3002 5542 3247 5618 Humilis
3273 5543 3668 5618 enim(corde)
3691 5542 3916 5612 omnia,

2313 5615 2445 5693 quas
2477 5621 2708 5691 patitur,
2744 5616 3078 5673 secundum
3105 5615 3397 5673 rationem
3438 5615 3563 5687 pati
3598 5615 3917 5674 existimat.
