4108 6404
155 343 242 402 365
1160 340 1518 403 COMMENT.
1561 340 1631 398 IN
1669 343 2107 404 MATTH/EUM.
2149 380 2217 388 --
2248 349 2405 406 CAP.
2438 346 2559 404 XX.

3437 348 3574 407 366',

156 478 350 546 εἴρηκεν,
409 473 437 525 ὃ
488 470 631 541 ἔστι,
689 472 984 547 τρίϐοντες.
1046 473 1286 526 Ἐπείνων
1329 473 1455 545 γὰρ,
1506 469 1592 521 οἶα
1637 468 1770 541 λιμῶ

1890 473 2248 539 esuriebant,
2270 478 2561 546 tanquam
2586 473 2743 530 fame
2761 473 3050 546 compulsi
3080 474 3197 530 hoc
3218 473 3500 531 facientes
3526 490 3538 529 :

161 566 429 634 μαχόμενοι
463 577 477 590 ’
517 560 752 636 βραχέα
780 566 875 635 μὲν
914 566 1016 635 γὰρ
1047 570 1136 615 τοῦ
1168 568 1404 633 σώματος
1434 559 1730 634 ἐφρόντιζον
1757 581 1768 591 -

160 656 210 703 τὸ
254 658 345 703 πᾶν
381 647 443 703 δί
480 658 548 722 τῇ
590 650 856 724 ἀκροάσει
887 657 978 704 καὶ
1008 647 1324 725 προσεδρείᾳ
1371 648 1481 719 (62)
1528 656 1618 699 τού
1667 656 1772 700 Σω-

164 749 301 814 τῆρος
328 742 522 811 ἔνεμον,
553 745 650 791 καὶ
685 737 786 793 διὰ
816 749 968 793 τοῦτο
996 738 1291 813 ἑλίμωττον.

1314 826 1373 879 Ὁ
1448 823 1505 879 δὲ

162 937 301 990 φησιν
358 920 437 970 ὅτι
493 926 607 979 τοῖς
665 920 934 990 μαθηταῖς
990 914 1130 970 οὗτοι
1170 915 1309 969 εἶπον
1343 933 1354 946 ⁸
1398 920 1460 967 Τί
1515 922 1707 967 ποιεῖτε
1746 916 1771 966 6

160 1010 242 1060 οὐκ
291 1008 458 1069 ἔξεστι
513 1014 682 1059 ποιεῖν
762 1007 809 1059 ἐν
868 1015 978 1069 τοῖς
1034 1005 1309 1071 Σάϐϐασι;
1374 1008 1472 1057 Καὶ
1524 1007 1621 1078 γὰρ
1680 1006 1769 1053 καὶ

225 833 283 881 Οἱ
346 826 403 880 δε
483 834 780 901 Φαρισαῖοι
842 861 907 870 —-
972 828 1235 899 Σαϐϐάτῳ.
1314 826 1373 879 Ὀ
1448 826 1505 879 δὲ
1570 832 1772 885 Λουκᾶς

159 1101 329 1165 τούτῳ,
391 1096 659 1158 κάκείνοις
717 1104 886 1148 ταῦτα
940 1093 1077 1148 εἷπον
1153 1097 1200 1147 οἱ
1270 1092 1608 1166 σμικρολόγοι
1681 1096 1770 1143 καὶ

156 1185 520 1258 μεμψίμοιροι.
576 1192 681 1239 Καὶ
736 1189 855 1257 περὶ
910 1184 1099 1237 ἐκείνου
1152 1187 1241 1255 μὲν
1297 1186 1495 1257 εἴρηκεν
1549 1182 1573 1231 6
1626 1187 1769 1234 Ματ-

157 1277 329 1337 θαίος·
395 1280 520 1349 περὶ
576 1278 775 1326 τούτων
837 1270 895 1326 δὲ
949 1276 973 1325 6
1033 1279 1258 1333 Λουκᾶς.
1333 1275 1432 1324 Καὶ
1500 1269 1767 1339 πολλαχοῦ

154 1370 367 1417 τοιαῦτα
418 1363 679 1425 πολλάκις
743 1366 997 1435 εὑρήσεις.
1050 1361 1383 1434 Ἐμέμψαντο
1451 1356 1510 1411 δε
1561 1362 1617 1410 τὸ
1666 1357 1769 1410 τί)-

153 1452 267 1523 λειν,
299 1456 366 1513 ὡς
398 1455 577 1524 ἔργον,
611 1451 673 1504 ού
703 1455 762 1504 τὸ
794 1449 1008 1506 ἐσθίειν.

218 1631 274 1683 ’0
334 1627 395 1683 3's
456 1630 674 1693 Ἰησοῦς
728 1661 799 1671 -
858 1633 1073 1702 μόνοις;
1128 1628 1210 1681 Ἐν
1262 1635 1325 1700 τῇ
1378 1632 1557 1701 πρώτη
1601 1623 1767 1698 βίϐλῳ

153 1730 249 1772 τῶν
302 1720 598 1773 Βασιλειῶν
669 1722 949 1794 ἱστόρηται
1009 1720 1087 1770 ὅτι
1144 1714 1331 1787 Δαυὶδ,
1390 1714 1767 1775 ἐπιϐουλευθεὶς

1883 562 2178 635 siquidem
2210 563 2525 619 minimam
2557 564 2824 635 corporis
2852 580 3060 620 curam
3087 564 3397 633 gerebant,
3428 563 3537 619 sed

1882 652 2046 708 omni
2069 657 2339 724 tempore
2361 653 2571 709 auditu
2595 656 2652 709 et
2667 653 3019 710 assiduitate
3044 652 3369 710 Salvatoris
3391 652 3542 710 deti-

1881 740 2193 808 nebantur,
2229 748 2284 798 et
2314 742 2451 798 ideo
2482 742 2642 798 fame
2671 742 3120 815 premebantur.

1952 831 2113 886 Vers.
2146 831 2198 885 2.
2241 831 2528 887 Pharisaei
2548 838 2745 889 autem
2776 862 2846 875 —
2870 832 3142 888 Sabbato.
3180 833 3368 888 Lucas
3399 848 3539 889 vero

1880 919 1982 985 ait,
2006 920 2171 991 quod
2204 920 2285 976 ita
2314 921 2592 987 dixerint,
2617 921 2926 994 discipulis
2952 937 2965 975 :
2988 922 3140 989 Quid
3162 922 3360 991 facitis
3380 922 3542 993 quod

1879 1025 1995 1064 non
2025 1010 2156 1066 licet
2171 1011 2379 1079 facere
2399 1010 2677 1067 Sabbatis
2706 1012 2753 1047 5‘
2784 1012 2811 1066 ?
2833 1010 3133 1083 siquidem
3159 1014 3216 1067 et
3233 1011 3459 1067 Christo
3484 1014 3542 1066 et

1879 1098 2187 1171 discipulis
2209 1099 2337 1154 haec
2354 1099 2654 1166 dixerunt,
2674 1101 2849 1156 anxie
2863 1100 3021 1157 circa
3049 1101 3175 1156 min
3185 1100 3352 1156 utula
3366 1115 3541 1157 occu-

1878 1188 2020 1260 pati,
2054 1204 2124 1244 ac
2172 1190 2455 1260 carpendi
2508 1194 2843 1261 quaerentes
2896 1190 3280 1246 occasionem
3315 1205 3328 1244 :
3368 1194 3426 1245 et
3462 1188 3539 1245 de

1876 1277 1991 1333 hoc
2014 1277 2259 1349 quidem
2299 1277 2448 1333 dixit
2482 1278 2808 1346 Mattheus,
2833 1277 2907 1334 de
2946 1278 3059 1333 illis
3090 1283 3293 1334 autem
3324 1280 3535 1343 Lucas,

1877 1366 2141 1437 taliaque
2163 1366 2501 1438 frequenter
2524 1366 2809 1423 invenies.
2835 1367 3309 1437 lndignabantur
3337 1372 3540 1423 autem

1877 1455 2045 1528 quod
2076 1455 2373 1522 vellerent,
2407 1471 2478 1512 ac
2498 1456 2546 1511 si
2576 1471 2730 1528 opus
2756 1462 2932 1523 esset,
2964 1470 3087 1513 non
3110 1456 3267 1529 quod
3286 1456 3540 1511 mandu-

1877 1546 2104 1601 carent.

1948 1634 2109 1689 Vers.
2133 1633 2187 1687 3.
2239 1632 2402 1689 Iesus
2442 1639 2636 1691 autem
2675 1664 2745 1674 —
2774 1648 2832 1692 v.
2872 1634 2925 1688 4.
2970 1633 3129 1691 solis.
3192 1632 3392 1690 Primo
3435 1636 3541 1689 Re-

1875 1738 2019 1794 gum
2050 1722 2355 1777 volumine
2374 1722 2659 1793 scriptum
2681 1730 2771 1778 est
2798 1724 2867 1787 θδ,
2898 1723 3063 1795 quod
3096 1722 3282 1778 David
3309 1722 3540 1779 insidiis

152 1813 248 1862 ύπὸ
300 1810 487 1876 Σαούλ,
547 1816 641 1861 τοῦ
687 1805 828 1861 ἰδίου
880 1808 1142 1879 πενθεροῦ,
1194 1810 1284 1858 καὶ
1340 1809 1537 1878 φεύγων
1588 1805 1764 1870 αὐτὸν,

1890 1811 2173 1883 appetitus
2206 1809 2344 1867 Saul
2378 1811 2566 1866 soceri
2594 1811 2704 1877 sui,
2738 1826 2808 1869 ac
2825 1810 3081 1880 fugiens,
3109 1810 3315 1866 esuriit
3342 1813 3433 1877 ;et
3454 1811 3541 1866 in-

152 1899 408 1960 ἑπείνασε,
465 1902 562 1951 καὶ
617 1897 852 1951 ἀπελθὼν
881 1897 953 1960 εἰς
992 1899 1202 1969 Νομμὰ,
1250 1895 1395 1948 πόλιν
1449 1903 1547 1947 τῶν
1600 1896 1766 1965 ἱερέων

153 1996 245 2040 τοῦ
283 1996 439 2054 Θεοῦ,
494 1992 928 2063 προσεποιήσατο
964 1989 1106 2060 παρὰ
1144 1985 1306 2037 Σαούλ
1354 1985 1464 2055 (63)
1514 1991 1605 2035 τοῦ
1660 1981 1765 2055 βα-

154 2082 335 2139 σιλέως
386 2076 759 2135 ἀποσταλῆναι
800 2079 925 2149 πρὸς
973 2079 1160 2150 χρείαν
1202 2075 1338 2145 τινὰ,
1379 2078 1468 2125 καὶ
1519 2072 1763 2133 ἐζήτησεν

152 2169 363 2239 ἄρτους,
442 2172 535 2219 καὶ
587 2170 663 2237 μὴ
725 2167 883 2241 εὑρὼν
964 2164 1146 2226 ὀῡιλους
1203 2166 1341 2215 κατὰ
1416 2165 1502 2213 τὸν
1586 2165 1764 2233 καιρὸν

157 2257 370 2321 ἐκεῖνον,
426 2255 575 2308 ἵλαϐε
628 2258 774 2331 παρὰ
832 2263 924 2307 τοῦ
983 2257 1168 2329 ἱερέως,

156 2354 251 2398 τοῦ
323 2346 494 2416 λιμοῦ,
556 2348 679 2406 τοὺς
742 2353 837 2407 τῆς
896 2336 1209 2417 προθέσεως.
1264 2342 1321 2395 Ἠ
1384 2339 1441 2394 δὲ
1499 2343 1763 2415 πρόθεσις,

1245 2250 1338 2305 διὰ
1390 2258 1484 2311 τὴν
1538 2251 1766 2323 ἀνάγκην

154 2438 391 2509 τράπεζα
435 2434 497 2494 ἦν
550 2440 701 2503 εντῷ
758 2441 885 2503 ναῷ,
943 2431 1015 2505 ἐφ’
1075 2432 1135 2494 ἧς
1193 2434 1242 2484 οἰ
1267 2433 1418 2505 ἄρτοι
1455 2440 1546 2491 τῆς
1586 2433 1768 2492 θυσίας

152 2528 451 2596 προέχειντο
478 2540 491 2552 ⁸
550 2527 641 2575 καὶ
704 2521 875 2575 λαϐὼν
940 2524 1116 2593 ἑφαγεν
1182 2521 1338 2583 αὐτὸς
1392 2526 1481 2573 καὶ
1542 2523 1607 2573 τὰ
1658 2520 1770 2593 μετ’

154 2614 311 2665 αὶτοῡ
342 2609 637 2684 παιδάρια.
670 2610 729 2663 Ἠ
765 2614 856 2683 μὲν
888 2607 975 2663 οὖν
1009 2612 1215 2685 ἱστορία
1242 2612 1480 2668 τοιαύτη.

220 2705 291 2755 Τὸ
340 2698 426 2767 δὲ,
490 2700 606 2753 Οὐκ
659 2699 767 2763 ἐξὸν
821 2696 903 2769 ἧν,
964 2698 1076 2753 ἀντὶ
1127 2708 1242 2769 τοῦ,
1301 2699 1377 2751 Ού
1428 2718 1771 2771 συγκεχωρη-

152 2796 299 2862 μένον
352 2788 419 2849 ἧν
464 2792 617 2863 παρὰ
666 2796 759 2841 τοῦ
796 2792 976 2861 νόμου.
1022 2792 1227 2847 Ταύτην
1288 2785 1346 2841 δὲ
1399 2793 1490 2846 τὴν
1539 2790 1769 2861 ἱστορίαν

151 2880 467 2956 προεϐάλετο
525 2886 632 2938 τοῖς
680 2883 984 2953 Φαρισαίοις
1031 2879 1057 2929 6
1110 2880 1353 2950 Χριστὸς,
1413 2878 1480 2938 εἰς
1549 2896 1770 2947 συνηγο-

150 2976 265 3043 ρίαν
314 2977 419 3021 τῶν
474 2970 726 3040 μαθητῶν
777 2968 955 3035 αὐτοῦ,
1005 2965 1273 3033 δεικνύων,
1326 2968 1405 3019 ὅτι
1456 2971 1771 3037 συγγνώμης

153 3060 281 3111 εἰσὶν
324 3060 489 3127 ἑξιοι,
524 3056 619 3109 διὰ
660 3061 745 3109 τὸν
793 3057 961 3128 λιμὸν,
1023 3054 1093 3108 δι’
1126 3057 1178 3108 ὃν
1217 3062 1307 3108 καὶ
1346 3055 1500 3117 αὐτὸς
1530 3057 1555 3107 6
1586 3060 1770 3129 περιώ-

1878 1914 2115 1970 gressus
2137 1900 2299 1956 Nobe
2320 1898 3024 1963 civitatemsacerdotum
3043 1899 3168 1965 Dei,
3190 1898 3361 1955 ﬁnxit
3376 1898 3540 1971 quod

1877 1989 2148 2060 quadam
2177 1988 2531 2045 necessitate
2573 1989 2802 2044 missus
2839 2003 2967 2044 esse
2994 2004 3031 2045 a
3067 2003 3207 2060 rege
3239 1987 3400 2057 Saul,
3433 2002 3539 2060 pa-

1878 2094 2105 2150 nesque
2130 2078 2353 2150 petivit,
2387 2093 2645 2149 cumque
2673 2094 2818 2133 casu
2849 2077 2995 2133 alios
3024 2092 3148 2133 non
3190 2077 3536 2133 invenisset.

1878 2167 2108 2238 accepit
2132 2182 2169 2223 a
2197 2166 2507 2222 sacerdote
2553 2165 2709 2222 fame
2738 2166 3088 2238 compulsus
3118 2165 3538 2239 propositionis

1877 2272 2088 2329 panes.
2131 2254 2460 2329 Propositio
2510 2259 2712 2312 autem
2745 2255 2868 2322 illa,
2900 2260 3025 2312 erat
3053 2270 3287 2320 mensa,
3360 2270 3541 2327 super

1877 2363 2065 2421 quam
2098 2362 2285 2419 panes
2328 2346 2652 2404 oblationis
2677 2346 2734 2402 in
2766 2346 2987 2418 templo
3027 2346 3207 2418 positi
3232 2349 3403 2402 erant
3434 2365 3448 2415 ;
3484 2348 3541 2402 et

1878 2443 2150 2507 acceptos
2181 2435 2445 2493 comedit
2485 2434 2637 2508 ipse,
2672 2441 2726 2492 et
2752 2435 2923 2507 pueri
2947 2435 3052 2508 qui
3084 2450 3222 2492 cum
3247 2450 3317 2492 eo
3348 2438 3535 2491 erant.

1879 2526 2014 2582 Hinc
2042 2524 2245 2598 itaque
2276 2528 2363 2581 est
2389 2524 2660 2582 historia.

1952 2703 2102 2761 lllud
2128 2708 2351 2770 autem,
2383 2703 2517 2759 Non
2553 2703 2784 2771 licebat,
2818 2703 2877 2760 id
2910 2708 3019 2769 est,
3043 2707 3171 2769 Non
3197 2707 3322 2761 erat
3351 2719 3387 2761 a
3412 2702 3542 2774 lege

1881 2810 2258 2851 concessum.
2276 2794 2439 2849 Hanc
2458 2808 2597 2848 vero
2613 2792 2927 2849 historiam
2955 2792 3217 2849 Christus
3239 2792 3543 2849 Pharisaeis

1881 2884 2100 2954 objecit
2126 2882 2187 2938 in
2208 2882 2617 2954 patrocinium
2649 2881 3084 2953 discipulorum
3115 2896 3357 2937 suorum
3390 2901 3403 2941 :
3448 2898 3542 2938 os-

1881 2973 2132 3029 tendens
2170 2971 2337 3044 quod
2366 2972 2540 3027 venia
2570 2970 2736 3040 digni
2768 2976 2964 3027 essent
3016 2974 3261 3043 propter
3292 2970 3539 3037 famem,

1880 3065 2125 3133 propter
2174 3074 2362 3131 quam
2392 3058 2523 3130 ipse
2580 3073 2825 3130 quoque
2870 3059 3061 3114 David
3104 3058 3543 3116 famatissimus

149 3168 307 3211 ννιιος
348 3143 528 3199 Δαυὶδ
582 3146 733 3198 ἔλυσε
785 3149 870 3197 τὸν
917 3149 1070 3217 νόμον
1100 3154 1199 3196 τῶν
1230 3146 1397 3218 ἄρτων
1455 3152 1549 3205 τῆς
1581 3144 1769 3215 προθέ-

1890 3148 2059 3206 solvit
2088 3148 2283 3219 legem
2311 3163 2537 3219 panum
2567 3146 3001 3219 propositionis
3036 3164 3049 3203 :
3098 3162 3290 3219 neque
3344 3147 3543 3204 solum

153 3255 296 3299 σεως,
359 3242 458 3287 καὶ
508 3234 570 3286 ού
626 3238 779 3305 μόνον
811 3234 904 3285 ούκ
963 3236 1246 3306 ἐπετιμήθη
1295 3235 1435 3308 παρὰ
1473 3240 1563 3284 τοῦ
1621 3252 1771 3290 τηνι-

150 3344 320 3376 ιαλτα
376 3323 787 3395 ἓφημερεύοντος
843 3324 1033 3398 ἱερέως,
1091 3320 1216 3374 ἀλλὰ
1261 3326 1351 3373 καὶ
1404 3320 1593 3394 μᾶλλον
1645 3320 1767 3397 παρ’

149 3414 312 3465 αὐτοῦ
331 3416 565 3473 τούτους
594 3411 791 3465 ﬁnger.

220 3503 287 3556 Ἦ
347 3502 450 3554 οὐκ
506 3533 576 3541 --
634 3501 803 3567 simu;
863 3508 1096 3572 Συνεχῶς
1149 3500 1326 3561 αὐτοῖς
1381 3500 1495 3573 (64)
1554 3501 1774 3570 ἐπιλέγει

145 3596 224 3657 τὸ,
303 3592 425 3644 Οὐκ
511 3590 797 3660 ἀνέγνωτε;
878 3587 1147 3653 ὀνειδίζων
1226 3592 1426 3650 τούτοις
1491 3608 1774 3662 ματαιοπο-

144 3686 281 3748 νίαν,
316 3685 392 3742 ὡς
420 3684 492 3751 μὴ
550 3678 1009 3750 ἐπιγινώσκουσιν,
1045 3676 1080 3730 ἃ
1118 3677 1558 3749 ἀναγινώσκουσι.
1603 3684 1773 3750 Νόμος

147 3766 204 3820 εἷς
237 3766 326 3835 ἦν,
356 3768 607 3833 κελεύων,
653 3765 821 3840 μηδὲν
861 3771 1008 3843 ἔργον
1058 3767 1107 3819 ἐν
1152 3767 1399 3838 Σαϐϐάτῷ
1453 3776 1615 3820 ποιεῖν
1643 3788 1654 3800 ⁸
1685 3772 1773 3818 καὶ

142 3877 303 3928 aqua;
376 3858 538 3910 πάλιν
610 3857 795 3930 ἕτερος,
879 3856 1162 3929 ἐπιτρέπων
1218 3864 1328 3918 τοῖς
1382 3860 1574 3929 ἱερεῦσι
1639 3858 1774 3908 θύειν

142 3948 187 3997 ἐν
221 3947 513 4016 Σαϐϐιεὶτῷ,
562 3952 651 3999 καὶ
700 3943 794 3998 διὰ
826 3951 923 4004 τὴν
956 3949 1143 3999 θυσίαν
1177 3946 1496 4012 ξυλοκοπεῐν,
1545 3951 1633 3997 καὶ
1671 3954 1773 4019 πῦρ

142 4036 428 4105 ἀνάπτειν,
491 4041 584 4088 καὶ
637 4044 955 4109 κρεανομεῇι,
1023 4040 1113 4088 καὶ
1173 4035 1302 4087 ἄλλα
1376 4038 1489 4086 τινὰ
1560 4042 1774 4086 τοιαῦτα

140 4133 341 4181 ποιεῖν,
427 4128 528 4177 Καὶ
581 4126 649 4185 ὡς
727 4128 817 4196 μιν
894 4123 1024 4185 ὅλως
1081 4123 1439 4197 ἐργαζόμενοι,
1503 4122 1774 4181 ἐϐεϐἠλουν

134 4219 196 4265 τὸ
261 4212 570 4281 Σαϐϐαῖον,
617 4216 804 4281 εἶτουν,
858 4212 1086 4285 ἐμίαινον
1117 4230 1128 4241 ⁸
1164 4216 1232 4274 ὡς
1285 4210 1344 4265 δὲ
1399 4215 1509 4286 ἱερὰ
1561 4211 1779 4284 ἐργαζό-

133 4322 313 4373 μενον,
370 4302 607 4354 ἀναίτιοι
647 4300 800 4360 ἦσαν,
852 4306 958 4360 Τὴν
1016 4304 1106 4373 μὲν
1164 4298 1249 4353 οὖν
1300 4305 1435 4354 κατὰ
1482 4304 1569 4353 τὸν
1610 4298 1776 4354 Δαυὶδ

137 4392 395 4465 ἱστορίαν
458 4392 678 4457 τέθεικε,
734 4395 1052 4463 συγγνώμης
1113 4394 1236 4452 τοὺς
1302 4393 1539 4462 μαθητὰς
1600 4388 1774 4458 ἀξιῶν,

132 4484 201 4539 ὡς
238 4486 593 4556 προειρημεν·
622 4484 680 4532 τὸ
727 4476 785 4532 δὲ
838 4484 1002 4553 παρὸν
1058 4480 1169 4552 (65)
1216 4481 1362 4534 ὓιαϐε
1413 4479 1775 4555 παράδειγμα,

1882 3245 2186 3310 correptus
2218 3253 2339 3293 non
2368 3243 2454 3292 est
2478 3254 2511 3292 a
2537 3238 2870 3305 sacerdote,
2924 3235 3028 3309 qui
3055 3239 3199 3291 tunc
3230 3239 3386 3293 sorte
3430 3251 3544 3294 sua

1884 3326 2281 3391 ministrabat,
2313 3326 2435 3382 imo
2468 3327 2665 3398 potius
2698 3326 2861 3397 ipsos
2895 3325 2972 3381 ab
3012 3324 3113 3382 illo
3146 3326 3393 3398 accepit.

1956 3507 2123 3562 Vers.
2164 3510 2213 3559 5.
2249 3505 2397 3561 Num
2428 3535 2496 3546 -—
2549 3510 2677 3559 sunt
2709 3504 2737 3560 Ἰ
2768 3503 2917 3576 Ipsis
2967 3504 3308 3577 frequenter
3346 3520 3547 3562 recen-

1886 3593 2054 3650 sebat
2077 3611 2090 3649 :
2117 3594 2279 3649 Num
2314 3593 2528 3664 legistis
2550 3595 2577 3649 ?
2608 3593 2971 3665 exprobrans
3004 3593 3116 3649 illis
3139 3610 3361 3650 vanum
3386 3592 3547 3650 labo-

1884 3700 2031 3751 rem,
2062 3683 2251 3757 utqui
2294 3698 2417 3739 non
2444 3682 2841 3754 intelligerent
2869 3700 3003 3753 quas
3047 3682 3348 3755 legebant.
3397 3684 3548 3739 Nam

1883 3772 1975 3828 lex
2006 3778 2150 3841 erat,
2193 3789 2329 3845 quae
2387 3772 2774 3845 praecipiebat
2826 3772 3059 3828 nullum
3105 3789 3260 3844 opus
3295 3771 3423 3828 ﬁeri
3486 3773 3548 3829 in

1888 3862 2149 3918 Sabbato
2183 3881 2196 3930 ;
2227 3866 2281 3918 et
2319 3878 2525 3917 rursus
2558 3860 2742 3917 altera
2773 3860 2868 3917 lex
2898 3861 3249 3933 permittens
3274 3861 3550 3918 sacerdo-

1886 3950 2038 4008 tibus
2050 3950 2531 4007 utsacriﬁcarent
2543 3949 2828 4015 Sabbato,
2845 3954 2904 4005 et
2928 3956 3173 4022 propter
3185 3949 3551 4006 sacriﬁcium

1884 4039 2051 4109 ligna
2107 4040 2459 4105 scinderent,
2521 4040 2719 4109 ignem
2785 4040 3201 4103 accenderent,
3261 4038 3551 4096 animalia

1886 4134 2200 4201 pascerent
2226 4128 2321 4199 (g),
2358 4132 2413 4185 et
2446 4127 2561 4184 alia
2590 4127 2872 4198 quaedam
2915 4126 3133 4182 similia
3177 4127 3456 4184 facerent.
3486 4129 3555 4182 Et

1888 4220 2038 4272 certe
2053 4217 2303 4273 omnino
2321 4215 2747 4287 operabantur,
2763 4219 2819 4269 et
2834 4214 2913 4270 ita
2932 4213 3256 4270 Sabbatum
3275 4213 3553 4285 profana-

1887 4304 2036 4361 bant
2080 4305 2201 4361 sive
2229 4303 2743 4375 contaminabant,
2778 4302 2879 4358 sed
2908 4309 3196 4374 tanquam
3221 4318 3315 4358 res
3351 4317 3553 4358 sacras

1889 4399 2228 4466 operantes,
2266 4394 2392 4449 sine
2453 4392 2703 4448 crimine
2754 4397 2942 4448 erant.
2984 4392 3302 4447 Historiam
3349 4390 3554 4462 itaque

1889 4482 2081 4539 David
2105 4482 2329 4556 posuit,
2355 4480 2680 4552 discipulos
2703 4481 2877 4537 venia
2912 4481 3125 4551 dignos
3156 4480 3457 4551 judicans,
3492 4484 3558 4535 ut

136 4566 413 4623 δεικνύων
474 4568 531 4622 ἐκ
587 4574 915 4642 περιουσίας,
975 4571 1056 4622 ὅτι
1107 4570 1362 4632 παντελῶς
1424 4572 1556 4624 εἰσιν
1633 4571 1770 4624 ἀναί-

1890 4572 2297 4645 praediximus.
2340 4572 2603 4627 Praesens
2635 4576 2836 4627 autem
2868 4570 3125 4641 sumpsit
3184 4568 3553 4641 exemplum,

134 4680 275 4718 τιοι,

214 4757 321 4804 Καὶ
388 4752 492 4823 ἄρα
552 4748 653 4801 ἀπὸ
718 4754 899 4801 πόσων
951 4756 1105 4802 τοῦτο
1165 4751 1565 4812 κατασκευάζει.
1630 4758 1779 4825 Πρῶ-

141 4859 225 4891 τον
278 4840 393 4893 ἀπὸ
452 4846 548 4892 τοῦ
602 4845 926 4913 προσώπου·
991 4841 1055 4892 Οἱ
1108 4838 1253 4915 ἱερεῖς
1294 4843 1394 4915 γὰρ
1438 4846 1592 4913 φησίν
1627 4860 1639 4872 ·
1672 4850 1784 4895 εἶτα

216 5022 267 5055 ⁸⁸
299 5022 451 5077 Luc.
488 5035 571 5090 v1,
600 5024 650 5075 1.
731 5021 779 5055 ⁸⁵
811 5019 832 5074 Ι
872 5020 1016 5090 Reg.
1054 5035 1175 5088 xxi,
1199 5020 1226 5075 1
1271 5035 1446 5093 seqq.

1891 4661 2136 4718 abunde
2158 4660 2481 4717 ostendens
2501 4660 2661 4732 quod
2684 4659 2931 4716 omnino
2950 4661 3078 4716 sine
3102 4659 3348 4715 crimine
3364 4663 3555 4714 erant.

1963 4753 2030 4807 Et
2059 4751 2195 4807 vide
2224 4767 2261 4807 a
2293 4754 2443 4822 quot
2472 4749 2749 4821 partibus
2780 4749 2895 4805 hoc
2941 4748 3404 4807 conﬁrmaverit.
3439 4747 3559 4802 Pri-

1892 4857 2062 4897 mum
2095 4857 2131 4898 a
2160 4855 2419 4913 persona
2445 4856 2455 4895 :
2479 4839 2834 4906 Sacerdotes,
2866 4839 3078 4913 inquit.
3114 4838 3336 4895 Deinde
3366 4852 3403 4894 a
3424 4836 3558 4895 loco

1395 5199 1623 5270 Variae
1662 5198 1990 5270 lectiones
2027 5208 2094 5267 et
2115 5207 2321 5268 notae.

226 5396 336 5543 (62)
376 5394 677 5474 προσεδρίᾳ
709 5397 785 5452 Α.

226 5471 314 5540 (63
374 5480 484 5541 τοῦ,
518 5474 725 5530 abest.
758 5470 785 5524 Α

226 5470 335 5541 (63)
374 5470 484 5541 τοῦ,
518 5470 725 5530 abeSt.
758 5470 834 5524 Α.

1990 5397 2079 5470 64)
2111 5397 2256 5470 λέγει,
2273 5400 2339 5470 Α,

1990 5398 2055 5455 64
2111 5397 2248 5470 λέγει
2273 5400 2339 5452 Α.

1965 5396 2082 5541 ξϐὕ)
2120 5466 2390 5545 προέλαϐε,
2419 5483 2524 5542 pro
2550 5467 2714 5541 παρὸν
2741 5464 2890 5519 ἔλαϐε
2918 5465 2984 5522 Α.

220 5651 299 5723 (9)
322 5653 640 5713 Animalia
668 5653 1015 5722 parcerent.
1058 5647 1221 5712 Exta.
1257 5661 1498 5718 carnes,
1530 5649 1801 5705 secarent
1823 5650 1881 5704 et
1912 5645 2277 5709 dividerent.
