4108 6376
535 378 641 436 367

541 593 667 649 Non
692 591 853 649 enim
882 590 1064 648 dixit:
1105 591 1338 648 Irritum
1388 591 1648 649 reddunt
1707 593 2055 663 Sahbatum,
2097 592 2201 649 sed

543 680 706 754 quod
739 681 975 753 gravius
998 685 1105 747 est,
1144 683 1508 750 Profanant.
1540 682 1752 738 Deinde
1780 683 2012 739 induxit
2045 682 2205 754 quod

542 770 629 827 rei
655 775 835 843 caput
863 775 1008 842 erat,
1036 771 1201 844 quod
1218 772 1397 829 etiam
1429 774 1553 829 sine
1578 773 1822 828 crimine
1846 781 2004 828 sunt.

620 950 1160 1024 Praeposuititaque
1186 951 1456 1008 leviorem
1475 952 1942 1024 responsionem,
1960 965 2028 1005 ac
2048 953 2206 1021 post—

549 1040 795 1098 modum
817 1040 1067 1097 adduxit
1097 1046 1152 1097 et
1177 1040 1509 1097 fortiorem.
1542 1041 1729 1097 David
1754 1040 2046 1112 siquidem
2077 1054 2206 1111 pro-

550 1136 683 1203 pter
698 1146 898 1187 casum
928 1129 1299 1203 inopinatum
1328 1129 1514 1186 semel
1536 1130 1722 1201 legem
1756 1129 1927 1184 solvit
1953 1129 2027 1184 de
2046 1128 2213 1201 pani-

554 1222 664 1277 bus
703 1219 1139 1291 propositionis,
1181 1224 1236 1274 et
1266 1235 1371 1291 per
1398 1219 1635 1275 veniam
1676 1218 1989 1273 dimissum
2034 1223 2125 1273 est
2159 1215 2210 1271 ei

553 1310 793 1367 crimen.
852 1308 1198 1365 Sacerdotes
1244 1324 1388 1365 vero
1426 1307 1694 1379 quotidie
1717 1309 1842 1363 sine
1865 1305 2215 1378 hujusmodi

555 1415 695 1457 casu
721 1397 917 1468 legem
956 1396 1030 1453 de
1069 1397 1328 1454 Sabbato
1368 1398 1682 1467 solventes,
1730 1413 1835 1469 per
1874 1397 2056 1468 legem
2088 1410 2211 1451 suae

557 1485 1050 1557 transgressionis
1073 1485 1334 1542 fructum
1364 1486 1647 1541 referunt.

631 1578 795 1633 Vers.
823 1576 876 1631 6.
905 1575 1120 1630 Dico—
1145 1576 1265 1632 hic.
1306 1577 1437 1647 Ipse
1469 1576 1622 1631 enim
1654 1576 1858 1648 templi
1907 1576 2214 1641 Dominus,

560 1666 659 1723 hic
686 1680 951 1739 praesens
977 1668 1085 1721 est.
1103 1663 1275 1731 Quod
1293 1664 1337 1719 si
1362 1666 1705 1722 sacerdotes
1740 1666 1966 1737 templi,
1994 1664 2221 1720 Sabba—

562 1760 690 1813 tum
722 1753 1014 1810 solventes
1041 1753 1167 1809 sine
1189 1754 1435 1809 crimine
1477 1762 1636 1822 sunt,
1672 1754 1859 1811 multo
1901 1754 2095 1825 magis
2131 1754 2221 1808 di-

1854 378 2201 435 EUTHYMII
2240 376 2569 435 ZIGABENI

538 501 684 575 quia
718 500 782 557 in
833 500 1061 572 templo.
1094 500 1284 558 Tertio
1331 517 1368 559 a
1396 518 1458 559 re
1488 501 1637 575 ipsa,
1669 503 1811 576 quia
1837 506 2194 575 profanant.
2234 532 2245 556 λ

2355 507 2415 555 πὸ
2462 511 2551 555 τοῦ
2584 503 2696 575 (66)
2726 511 2850 555 ναοῦ
2885 522 2894 532 ·

3794 378 3884 437 368

2932 504 3013 556 Ἐν
3072 512 3142 574 τῷ
3198 506 3315 577 ἱερῷ
3372 508 3512 579 γάρ·
3565 509 3753 574 ἔπειτα,
3800 506 3886 559 ἀπὸ

2315 600 2405 644 τοῦ
2467 597 2806 666 πράγματος·
2863 592 3148 652 Βεϐηλούσι
3194 597 3294 666 γάρ
3334 616 3344 627 ’
3399 592 3521 647 ούδε
3590 598 3688 670 γὰρ
3750 592 3887 662 εἶπεν,

2316 682 2395 732 ὅτι
2437 679 2679 732 ἁθετοῡσι
2735 686 2791 732 τὸ
2846 681 3128 751 Σάϐϐατον,
3186 682 3310 734 ἀλλά
3363 688 3419 735 τὸ
3479 682 3774 757 βαρύτερον,
3823 687 3891 737 ὅτι

2320 769 2629 825 Βεϐηλούσιν
2669 788 2680 798 ·
2763 767 2855 822 εἷθ’
2918 772 3083 832 οὕτως
3145 774 3377 841 ἐπήγαγε
3451 777 3509 823 τὸ
3587 780 3676 824 τοῦ
3755 774 3891 844 λόγου

2319 857 2610 929 κεφάλαιον,
2640 860 2716 909 ὃτι
2750 864 2839 910 καὶ
2873 857 3096 911 ἀναίτιοί
3130 860 3251 914 εἰσι.

2394 946 2647 1020 Προέταξε
2698 951 2787 1019 μὲν
2854 944 2941 999 οὖν
3010 953 3099 1007 τὴν
3159 948 3527 1024 εύχερεστέραν
3588 948 3893 1021 ἀπολογίαν·

2322 1031 2431 1086 εἶτα
2477 1034 2705 1107 ἐπήγαγε
2755 1041 2847 1094 τὴν
2901 1037 3269 1110 ἰσχυροτέραν.
3323 1038 3381 1090 ’0
3432 1042 3521 1111 μεν
3573 1041 3672 1111 γὰρ
3734 1037 3903 1106 Δαυίδ,

2322 1124 2462 1186 ἅπαξ
2493 1120 2585 1176 διὰ
2612 1131 2919 1197 περίστασιν
2947 1126 3111 1187 λύσας
3157 1131 3243 1178 τὸν
3291 1133 3408 1201 περὶ
3457 1124 3557 1179 τῶν
3615 1130 3775 1201 ἄρτων
3820 1137 3902 1190 τῆς

2321 1215 2633 1285 προθέσεως,
2673 1219 2845 1286 νόμον,
2893 1218 3028 1267 κατὰ
3078 1222 3392 1288 συγγνώμην
3446 1215 3627 1288 ἀφείθη
3673 1217 3780 1288 (67)
3827 1226 3904 1269 τοῦ

2324 1300 2686 1373 ἐγκλήματος’
2728 1305 2777 1355 οἱ
2841 1300 2891 1355 δ’
2952 1306 3121 1376 ἱερεῖς,
3180 1304 3297 1357 καθ’
3368 1305 3587 1357 ἕκαστον
3644 1303 3904 1367 Σάϐϐατον,

2328 1387 2466 1461 δίχα
2514 1394 2891 1462 περιστάσεως,
2923 1392 3121 1453 λύοντες
3162 1397 3249 1445 τὸν
3299 1401 3392 1446 τοῦ
3446 1392 3714 1446 Σαϐϐάτου
3753 1398 3907 1465 νόμον,

2327 1482 2460 1532 κατά
2488 1485 2640 1551 νόμον
2672 1479 3007 1534 ἀπολελυνται
3034 1490 3127 1544 τῆς
3155 1488 3502 1557 παρανομίας.

2402 1574 2551 1641 Λέγω
2604 1602 2672 1611 —
2729 1567 2854 1628 ὧδε.
2918 1572 3082 1634 Αὐτὸς
3150 1574 3251 1647 ’γὰρ
3314 1572 3539 1625 ἐνταῦθα
3607 1573 3913 1646 πάρεστινό

2329 1666 2420 1711 τοῦ
2468 1661 2604 1733 ἱεροῦ
2657 1665 2937 1721 Δεσπότης.
2999 1666 3098 1714 Καὶ
3154 1660 3239 1713 ἐὰν
3273 1664 3322 1715 οἱ
3365 1671 3453 1714 τού
3505 1665 3641 1735 ἱεροῦ
3701 1666 3757 1714 τὸ
3808 1660 3916 1714 Σάϐ-

2334 1748 2483 1800 ϐατον
2528 1748 2754 1815 λύοντες,
2808 1748 3027 1803 ἀναίτιοι
3076 1748 3195 1817 ὦσι,
3256 1751 3426 1821 πολλῷ
3480 1752 3691 1823 μᾶλλον,
3748 1754 3793 1803 οἱ
3839 1758 3917 1802 τού

569 1842 785 1915 scipuli
820 1842 1052 1898 Domini
1095 1843 1309 1915 templi.
1342 1846 1491 1901 Nam
1531 1845 1682 1900 sicut
1719 1844 1800 1899 illi
1830 1849 2067 1916 propter
2090 1859 2220 1899 cau-

2355 1844 2598 1890 tsmro'rou
2648 1846 2739 1889 τού
2796 1841 2959 1913 ἱερου.
3022 1838 3221 1915 Ὠσπερ
3269 1842 3371 1914 γὰρ
3422 1840 3600 1893 ἐκεῖνοι
3640 1837 3716 1892 δι’
3770 1840 3919 1892 αἰτίαν

565 1950 685 1990 sam
714 1931 1126 1989 rationabilem
1164 1932 1412 1989 crimine
1442 1938 1673 1998 vacant,
1708 1950 1776 1990 eo
1816 1933 1982 2006 quod
2006 1931 2227 1988 sacriﬁ-

568 2026 723 2090 cent,
737 2025 795 2078 et
826 2036 1002 2077 sacra
1027 2020 1252 2077 faciant
1272 2038 1476 2094 opera,
1497 2022 1578 2078 ita
1599 2023 1780 2078 etiam
1813 2023 1926 2077 isti.
1964 2021 2225 2076 Hebraeis

570 2110 865 2185 siquidem
894 2115 1133 2181 propter
1153 2126 1329 2167 suam
1354 2111 1816 2167 imbecillitatem
1858 2126 2048 2167 unum
2087 2110 2230 2167 heb-

571 2200 852 2258 domadas
876 2198 1038 2255 diem
1059 2199 1345 2269 attribuit,
1376 2217 1498 2273 quo
1515 2200 1592 2257 ab
1606 2201 1891 2273 operibus
1907 2204 2228 2266 cessarent,

572 2293 718 2363 puta
748 2287 1108 2354 Sabbatum,
1146 2292 1211 2345 ut
1244 2289 1305 2344 in
1337 2304 1407 2345 eo
1454 2294 1509 2345 et
1552 2290 1664 2361 ipsi
1695 2289 1767 2347 ab
1798 2289 1926 2347 aliis
1952 2292 2234 2346 vacarent

574 2377 879 2451 operibus,
913 2380 971 2433 et
999 2378 1154 2433 servi
1199 2378 1290 2433 sui
1348 2394 1418 2434 ac
1470 2378 1740 2449 jumenta
1769 2378 2231 2452 requiescerent,

573 2464 787 2521 darent
816 2466 1016 2518 autem
1042 2477 1292 2534 operam
1332 2462 1477 2533 legis
1517 2463 1757 2520 lectioni
1810 2468 1868 2520 et
1910 2462 2236 2520 sacriﬁciis.

579 2550 926 2609 Christianis
953 2566 1090 2606 vero
1128 2556 1415 2623 tanquam
1453 2552 1821 2620 fortioribus,
1869 2558 1990 2609 tota
2020 2552 2239 2608 hebdo-

580 2640 764 2698 mada
785 2638 966 2709 jussit
1003 2655 1249 2711 operam
1277 2641 1420 2697 dare
1458 2641 1699 2696 lectioni
1734 2658 1805 2698 ac
1836 2642 2242 2714 spiritualibus

584 2728 909 2793 sacriﬁciis,
939 2728 1126 2784 etillis
1144 2729 1391 2802 quidem
1422 2731 1540 2787 alia
1569 2731 1893 2803 prohibuit,
1925 2737 2243 2803 utoperam

584 2819 795 2875 darent
822 2817 1057 2873 lectioni
1090 2834 1156 2874 ac
1204 2819 1510 2875 sacriﬁciis
1546 2838 1558 2875 :
1602 2820 1713 2876 hos
1746 2825 1936 2877 autem
1978 2820 2249 2891 spiritua-

584 2908 742 2965 libus
772 2912 1071 2976 vacantes,
1103 2924 1177 2964 ne
1218 2908 1296 2963 ab
1336 2908 1466 2964 aliis
1503 2909 1745 2981 quidem
1778 2909 2090 2965 abstraxit.
2126 2913 2247 2965 NOn

589 2995 1007 3053 enimillorum
1036 3012 1254 3053 manus
1284 2997 1511 3067 alligari
1540 2999 1874 3071 oportebat,
1906 3000 2008 3072 qui
2040 3015 2139 3054 eas
2173 2998 2251 3053 ad

588 3086 736 3143 nihil
752 3101 997 3158 praVum
1029 3086 1467 3143 extendebant:
1500 3103 1694 3160 neque
1729 3088 1804 3143 de
1834 3090 2035 3160 parvis
2058 3089 2252 3158 legem

2336 1929 2542 1999 εὔλογον
2602 1926 2825 1980 ἀναίτιοί
2892 1929 2997 1981 εἰσι
3031 1947 3041 1957 ’
3099 1926 3195 1981 διά
3256 1933 3312 1981 τὸ
3365 1931 3502 1981 θύειν
3552 1933 3655 2003 γὰρ
3702 1935 3788 1982 καὶ
3830 1931 3923 2000 ἱερά

2336 2020 2463 2091 ἔργα
2519 2024 2680 2067 ποιεῖν
2716 2033 2727 2045 ·
2772 2017 2905 2068 ούτω
2962 2021 3051 2070 καὶ
3106 2017 3268 2075 οὗτοι.
3348 2022 3448 2071 Καὶ
3501 2022 3601 2090 γὰρ
3679 2026 3786 2078 τοῖς
3849 2020 3922 2088 μὶν

2336 2104 2613 2180 Ἑϐραίοις,
2669 2102 2761 2157 διὰ
2812 2111 2905 2165 τὴν
2969 2105 3235 2159 ἀσθένειαν
3304 2106 3494 2174 αὐτῶν,
3569 2112 3697 2180 μίαν
3749 2108 3924 2179 ἡμέραν

2340 2206 2437 2258 τῆς
2481 2191 2778 2267 ἑϐδομάδος
2830 2196 3096 2270 ἄπρακτον
3153 2195 3518 2270 ἀπεκλήρωσεν
3558 2198 3583 2248 ὁ
3614 2201 3736 2257 Θεός
3764 2214 3775 2225 ⁸
3814 2195 3928 2266 λέγω

2345 2283 2412 2344 δὴ
2470 2288 2527 2337 τὸ
2587 2282 2848 2337 Σάϐϐατον
2878 2303 2889 2314 ·
2934 2287 3069 2338 ὥστε
3119 2284 3168 2337 ίν
3207 2286 3348 2357 αύτῷ
3387 2288 3599 2346 τούτους
3649 2284 3822 2359 ἀργεῖν
3855 2288 3929 2355 μὲν

2347 2375 2447 2428 ἀπὸ
2506 2383 2601 2427 τῶν
2651 2374 2815 2426 ἄλλων
2873 2376 3055 2448 ἔργων,
3117 2380 3207 2428 καὶ
3281 2374 3622 2428 διαναπαύειν
3682 2379 3795 2435 τούς
3848 2376 3932 2425 ύπὸ

2347 2472 2523 2539 χεῖρα,
2558 2468 2647 2515 καὶ
2693 2467 2756 2515 τά
2810 2464 3076 2535 ὑποζύγια
3101 2482 3111 2493 ·
3150 2463 3434 2535 σχολάζειν
3466 2465 3584 2536 (68)
3623 2462 3683 2517 δὲ
3723 2472 3781 2535 τῇ
3830 2462 3934 2514 ἀνα-

2348 2560 2539 2627 γνώσει
2592 2561 2682 2604 τοῦ
2712 2558 2869 2625 νόμου
2910 2558 3000 2604 καὶ
3030 2560 3144 2616 ταῖς
3174 2556 3383 2615 θυσίαις
3409 2572 3420 2583 ·
3454 2560 3564 2613 τοῖς
3604 2549 3664 2605 δὲ
3707 2560 3939 2627 Χριστιαο

2351 2651 2473 2707 νοῐς,
2527 2645 2593 2703 ὡς
2629 2642 3014 2715 ἰσχυροτέροις,
3048 2643 3258 2695 ἅπασαν
3306 2648 3399 2701 τὴν
3457 2639 3736 2715 ἑϐδομάδα
3766 2641 3940 2713 σχολά-

2357 2735 2459 2794 ζειν
2514 2740 2575 2804 τῇ
2658 2730 2943 2802 ἀναγνώσει
3000 2737 3089 2784 καὶ
3146 2739 3257 2793 ταῖς
3314 2739 3686 2803 πνευματικαῖς
3755 2733 3942 2789 θυσίαις

2358 2821 2584 2883 ἐπέταξε.
2658 2820 2935 2883 Κάκείνονς
2991 2826 3081 2892 μὲν
3138 2820 3239 2873 ἀπὸ
3299 2830 3397 2872 τῶν
3457 2821 3619 2873 ἄλλων
3688 2821 3941 2881 ἐκώλυσεν,

2362 2913 2444 2962 ἶνα
2476 2911 2786 2981 σχολάζωσι
2817 2918 2877 2981 τῇ
2935 2909 3222 2980 ἀναγνώσει
3280 2918 3367 2962 και
3406 2917 3521 2973 ταῖς
3562 2913 3774 2971 θυσίαις
3798 2928 3808 2939 ’
3848 2912 3943 2961 τού-

2362 3020 2481 3061 τους
2534 2995 2613 3067 δε,
2675 2998 3034 3069 σχολάζοντας
3084 3007 3193 3061 τοῖς
3245 3007 3630 3071 πνευματικοῖς,
3692 2995 3804 3052 οὐδ’
3860 2997 3946 3049 ἀπο

2363 3098 2461 3143 τῶν
2520 3087 2682 3139 ἄλλων
2742 3087 3018 3144 ἐκώλυσεν,
3092 3088 3202 3141 Ούκ
3260 3084 3367 3140 ἔδει
3414 3091 3516 3162 γὰρ
3573 3084 3825 3141 δεδέσθαι
3875 3091 3949 3147 τὰς

589 3176 741 3233 ferre
760 3175 856 3231 his
886 3174 989 3247 qui
1021 3174 1089 3231 de
1108 3176 1346 3247 magnis
1360 3177 1967 3250 philosophabantur,
2008 3183 2110 3233 aut
2140 3178 2245 3232 im-

2364 3186 2546 3251 χεῖρας
2595 3181 2712 3229 τούς
2745 3178 2856 3247 (69)
2925 3180 3053 3248 πρὸς
3103 3174 3268 3248 μηδὲν
3325 3176 3513 3249 φαύλον
3567 3180 3766 3239 ταύτας
3812 3177 3948 3230 ἐκτεί-

592 3264 883 3337 perfectos
913 3264 1219 3337 aequaliter
1248 3282 1375 3323 sese
1431 3267 1493 3322 in
1524 3268 1709 3324 modo
1765 3266 2001 3323 vivendi
2032 3266 2254 3323 habere

595 3370 733 3410 cum
759 3353 1059 3425 perfectis.

670 3531 783 3586 Nos
795 3547 939 3588 vero
969 3532 1343 3590 Dominicum
1373 3533 1534 3590 diem
1558 3533 1859 3607 praecipue
1883 3534 2258 3590 honoramus

598 3624 892 3691 tanquam
915 3621 1153 3693 proprie
1180 3623 1471 3694 requiem,
1502 3624 1563 3679 in
1590 3639 1712 3696 quo
1738 3640 1775 3680 a
1806 3623 2149 3681 mortalitate
2174 3640 2261 3679 re-

604 3709 830 3782 quievit
858 3710 907 3764 is
941 3710 1047 3783 qui
1098 3716 1317 3767 nostraa
1356 3729 1573 3768 massae
1604 3714 1887 3785 primitias
1923 3715 2173 3786 accepit,
2209 3717 2264 3769 et

604 3798 917 3855 innovavit
937 3799 1113 3855 nobis
1144 3803 1663 3867 resurrectionem,
1683 3803 1983 3875 vitamque
2013 3805 2264 3859 immor-

606 3886 809 3943 talem.

678 3976 841 4032 Vers.
892 3978 944 4030 7.
979 3977 1147 4044 Quod
1208 3979 1259 4035 si
1287 4010 1354 4022 -
1417 3981 1771 4037 innocentes.
1813 3981 1963 4048 Quia
1997 3980 2266 4037 odiosius

608 4064 923 4122 videbatur
950 4067 1117 4139 quod
1139 4068 1388 4125 dixerat.
1432 4071 1668 4141 Templo
1682 4073 1877 4140 major
1904 4076 1986 4127 est
2005 4071 2120 4141 hic,
2150 4085 2268 4125 ser-

609 4169 852 4211 monem
884 4154 963 4211 ad
994 4157 1225 4213 veniam
1253 4160 1521 4222 mutavit,
1551 4160 1651 4214 sed
1669 4176 1806 4215 cum
1831 4159 2264 4231 increpatione;

613 4259 754 4300 nam
780 4258 1014 4301 rursum
1044 4245 1155 4301 illis
1179 4246 1577 4317 ignorantiam
1613 4249 1982 4320 improperat
2014 4249 2269 4320 Scriptu-

612 4347 839 4399 rarum,
873 4333 1108 4389 dicens:
1136 4336 1190 4392 Si
1224 4336 1452 4392 sciretis
1475 4337 1621 4408 quid
1654 4338 1946 4405 signiﬁcet
1970 4339 2271 4410 prophetae

614 4421 840 4479 dictum
870 4425 939 4493 ⁸⁸,
966 4439 1090 4496 quo
1116 4424 1587 4482 misericordiam
1616 4426 1909 4498 praeponit
1931 4427 2080 4482 Deus
2098 4428 2276 4483 sacri-

616 4510 773 4575 ﬁcio,
811 4512 1033 4567 miserti
1066 4513 1265 4583 utique
1291 4514 1555 4570 fuissetis
1588 4516 1740 4571 adeo
1771 4516 2183 4581 esurientium,
2219 4521 2276 4571 ut

619 4602 1009 4657 immaturum
1072 4602 1314 4657 ederent
1356 4603 1657 4659 triticum:
1702 4620 1809 4659 nec
1852 4606 1936 4660 eis
1989 4606 2278 4675 indignati

619 4688 896 4754 fuissetis,
929 4704 1066 4745 cum
1100 4690 1275 4763 culpa
1307 4698 1587 4749 vacarent
1621 4711 1634 4762 ;
1666 4698 1721 4749 et
1754 4695 1803 4748 si
1834 4709 1955 4749 non
1986 4695 2064 4749 ob
2097 4695 2273 4760 aliud,

622 4781 682 4833 at
707 4776 915 4833 saltem
950 4783 1194 4851 propter
1224 4780 1463 4837 famem.
1504 4782 1554 4838 Si
1593 4783 1751 4838 enim
1783 4788 2020 4854 propter
2060 4785 2281 4840 sacriﬁ-

623 4866 780 4923 cium
810 4867 1054 4923 solvitur
1079 4868 1433 4941 Sabbatum,
1466 4877 1527 4926 ut
1554 4872 1903 4942 praedictum
1944 4877 2051 4938 est,
2092 4874 2281 4930 multo

623 4955 819 5027 magis
847 4962 1087 5028 propter
1111 4958 1585 5016 misericordiam
1610 4977 1622 5015 :
1653 4961 1847 5032 major
1878 4966 1963 5017 est
2000 4963 2159 5019 enim
2186 4963 2281 5020 mi-

623 5044 941 5102 sericordia
967 5047 1278 5115 sacriﬁcio,
1313 5048 1481 5121 juxta
1506 5049 1727 5106 dictam
1769 5052 2141 5109 sententiam.

698 5226 746 5261 ⁶⁸
779 5225 927 5282 Osee
954 5242 1029 5292 v1,
1065 5230 1117 5283 6.

2365 3288 2563 3333 νοντας,
2621 3263 2743 3317 οὐδε
2792 3268 2856 3317 τά
2909 3269 3072 3339 μικρά
3108 3263 3456 3319 παιδεύεσθαι
3496 3270 3615 3328 τοὺς
3652 3270 3722 3319 τὰ
3771 3267 3953 3340 μεγάλα

2367 3356 2792 3427 φιλοσοφοῦντας,
2860 3351 2983 3407 οὐδὲ
3038 3363 3142 3415 τοῖς
3193 3354 3423 3409 ἀτελέσιν
3480 3354 3667 3417 ἐπίσης
3736 3357 3956 3410 πολιτεύ-

2368 3447 2519 3498 εσθαι
2553 3449 2667 3505 τούς
2694 3444 2930 3505 τελείους.

2439 3533 2581 3606 [Τὴν
2637 3534 2747 3605 (7())
2798 3539 2971 3603 μέντοι
3020 3538 3285 3607 Κυριακὴν
3344 3543 3572 3606 τιμῶμεν
3607 3538 3725 3587 κατ’
3777 3536 3961 3611 ἐξαιρε-

2370 3644 2476 3690 τον,
2534 3624 2601 3683 ὡς
2654 3627 2845 3695 κυρίως
2914 3626 3336 3695 καταπαύσιμον,
3392 3623 3440 3674 ἐν
3580 3623 3779 3686 τελείως
3834 3628 3964 3676 κατί-

2370 3731 2567 3766 παυσεν
2608 3709 2708 3763 ἀπὸ
2752 3719 2846 3771 τῆς
2903 3713 3211 3772 θνητότητος
3241 3713 3271 3769 ἡ
3306 3710 3526 3787 ἀπαρχὴ
3582 3720 3672 3765 τοῦ
3727 3716 3962 3786 ἡμετέρου

2374 3804 2693 3875 φυράματος,
2756 3804 2847 3852 καὶ
2906 3800 3213 3853 ἐνεκαίνισεν
3292 3804 3415 3873 ἡμῖν
3491 3807 3583 3859 τὴν
3664 3800 3963 3865 ἀνάστασιν,

2374 3896 2463 3944 καὶ
2489 3896 2582 3948 τὴν
2615 3888 2663 3941 ἐν
2696 3888 2960 3961 ἀθανασίᾳ
2997 3889 3199 3963 Canam]

2448 3981 2507 4033 Εἰ
2554 3977 2611 4033 δε
2654 4011 2722 4019 -
2776 3978 3058 4041 ἀναιτίους.
3097 3978 3241 4051 [Τοῦ
3293 3980 3409 4052 (71)
3463 3987 3731 4053 προφήτου
3787 3978 3970 4049 Ὠσηὲ]

2379 4066 2592 4126 Ἐπειδὴ
2641 4071 2885 4141 φορτικὸς
2934 4064 3127 4133 ἔδοξεν,
3170 4068 3344 4134 εἰπών,
3381 4071 3460 4123 ὅτι
3494 4076 3582 4122 τού
3639 4072 3776 4143 ἱεροῦ
3810 4070 3972 4142 μεῖζον

2380 4158 2519 4211 ἔστιν
2563 4155 2687 4221 ὦδε,
2738 4160 2959 4228 μεθιστᾴ
3007 4161 3089 4208 τὸν
3134 4156 3283 4228 λόγον
3340 4156 3423 4210 ἐπὶ
3475 4164 3811 4231 συγγνώμην,
3861 4156 3975 4207 ἀλλὰ

2382 4248 2487 4321 μετ’
2538 4246 2876 4308 ἐπιπλήξεως.
2926 4245 3085 4297 Πάλιν
3155 4249 3256 4321 γὰρ
3300 4247 3513 4317 ἄγνοιαν
3572 4247 3752 4310 αὐτοῖς
3805 4242 3976 4299 ὀνειδί-

2385 4339 2462 4398 ζει
2528 4345 2627 4387 τών
2680 4341 2893 4407 Γραφών
2925 4353 2934 4363 ·
2969 4334 3025 4387 Εἰ
3082 4334 3364 4407 ἐγνώκειτε,
3421 4335 3601 4407 λέγων,
3647 4341 3699 4389 τί
3752 4336 3977 4409 σημαίνει

2384 4430 2441 4479 τὸ
2488 4428 2807 4499 προφητικὸν
2856 4423 3035 4497 ῥητὸν,
3078 4421 3151 4475 δι’
3196 4420 3254 4476 ού
3300 4425 3324 4476 ὁ
3375 4428 3501 4487 Θεὸς
3550 4429 3637 4477 τὸν
3688 4426 3822 4479 θεον
3871 4443 3979 4495 προ-

2385 4520 2631 4587 τετίμηκε
2688 4522 2782 4574 τῆς
2838 4515 3045 4577 θυσίας,
3110 4513 3365 4571 ἠλεήσατε
3428 4513 3487 4567 ὄιν
3556 4519 3673 4577 τοὺς
3723 4523 3983 4568 πεινῶντας

2386 4612 2652 4668 τοσοῦτον,
2704 4605 2773 4663 ὡς
2837 4601 3025 4654 ἐσθίειν
3086 4602 3471 4677 ἀνωτέργαστον
3532 4612 3696 4674 σῖτον,
3766 4610 3854 4656 καὶ
3900 4603 3984 4655 oux

2388 4693 2447 4746 ἆν
2507 4692 2808 4765 ἐμέμψασθε
2860 4695 3086 4762 τούτοις,
3149 4691 3401 4756 ἀναιτίοις
3454 4690 3621 4758 οὖσιν,
3683 4694 3727 4746 εἶ
3778 4698 3867 4746 καὶ
3923 4695 3986 4763 μὴ

2391 4781 2465 4836 δι’
2491 4784 2678 4857 ἕτερον,
2709 4782 2838 4833 ἀλλά
2874 4801 2932 4853 γε
2973 4778 3066 4834 διὰ
3096 4784 3181 4833 τὸν
3221 4781 3394 4854 λιμόν,
3444 4783 3503 4837 Εἰ
3549 4786 3648 4855 γὰρ
3683 4780 3778 4835 διὰ
3810 4785 3986 4836 θυσίαν

2389 4874 2566 4925 λύεται
2618 4874 2675 4924 τὸ
2734 4870 3015 4936 Σάϐϐατον,
3066 4873 3134 4932 ὡς
3187 4876 3513 4947 προείρηται,
3580 4872 3751 4943 πολλῷ
3809 4871 3989 4945 μᾶλλον

2394 4959 2465 5016 δι’
2518 4961 2672 5015 ἔλεον.
2725 4964 2929 5023 Μείζων
2973 4962 3073 5034 γὰρ
3134 4962 3321 5021 θυσίας
3377 4963 3405 5019 ἡ
3459 4960 3803 5034 ἐλεημοσύνη,
3867 4961 3992 5013 κατά

2392 5058 2485 5111 τήν
2510 5048 2836 5111 δηλωθεῑσαν
2872 5052 3009 5103 θείαν
3040 5048 3323 5123 ἀπόφασιν.

1857 5329 2074 5399 Variae
2112 5331 2437 5401 lectiones
2469 5342 2769 5401 etnotae.

701 5516 814 5601 (ϐξ)
882 5518 1272 5601 ‘Cuilibet_in_
1315 5528 1577 5580 mentem
1632 5523 1789 5581 venit
1844 5529 2027 5601 τόπου,
2082 5528 2283 5601 Atque

630 5586 1094 5671 itamfjentenius.
1145 5592 1417 5671 Fortasse
1460 5611 1598 5651 mox
1643 5612 1750 5668 pro
1786 5605 1901 5671 ιερῷ
1933 5599 2118 5656 voluit
2155 5586 2284 5671 νὲιῷ.

707 5658 818 5733 (ﬁ?)
846 5667 916 5733 τ’.ςῦ
952 5660 1233 5733 ἐγκλήματι
1264 5667 1322 5719 Β.
1648 5658 1659 5668 ,
1828 5658 1835 5671 ⁸
1874 5658 1881 5668 Ι
1930 5684 1935 5685 ν

707 5716 819 5801 (οδ)
854 5716 931 5796 δέ,
962 5716 1135 5788 abest
1164 5738 1230 5788 A.

2470 5529 2583 5600 (69)
2611 5528 2781 5586 Forte
2810 5538 2909 5583 τῶν
2948 5529 3289 5587 ἓκτεινόντων.

2496 5602 2585 5674 70)
2620 5602 2853 5674 inclusa
2884 5603 2939 5658 in
2976 5618 3164 5674 marg.
3198 5602 3381 5661 habet
3410 5604 3476 5660 A.

2475 5673 2587 5745 (7i)
2616 5673 2680 5729 In
2713 5676 2981 5746 margine
3020 5678 3074 5731 Β.
