4108 6388
195 340 298 399 369

1169 339 1547 399 COMMENT.
1595 339 1666 396 IN
1706 334 2156 394 MATTH/EUM.
2201 366 2264 376 —
2308 335 2469 394 CAP.
2519 336 2668 396 XXI.

3496 338 3603 396 370

272 472 467 542 Κύριος
506 502 563 510 -
603 468 915 545 ἀνθρώπου.
950 471 1108 525 Πάλιν
1151 474 1493 544 παρεμφαίνει
1522 473 1615 527 τὴν
1647 466 1831 519 ἑαυτοῦ

2018 463 2177 519 Vers.
2232 468 2263 520 8
2305 465 2596 521 Dominus
2626 496 2694 505 —
2727 464 3003 521 hominis.
3046 466 3307 524 Rursum
3338 466 3603 527 divinita-

213 561 445 615 θεοτητα.
517 561 657 612 Πότε
717 563 811 632 μὶν
865 563 965 634 γὰρ
1021 560 1300 620 συσκιάζει
1342 560 1535 615 ταύτην
1591 554 1685 609 διὰ
1744 559 1832 612 τὴν

216 648 553 721 ἀμϐλυωπίαν
587 658 691 700 τῶν
728 649 1120 723 μεμψιμοίρων·
1167 652 1290 701 ποτέ
1318 645 1376 701 δὲ
1408 652 1710 723 παρανοίγει
1742 641 1835 697 διὰ

216 742 304 794 τήν
333 736 599 801 ὁξνωπίαν
644 746 749 790 τῶν
804 738 1209 814 ἐπιεικεστέρων.
1259 741 1443 813 Κύριος
1492 740 1615 811 γὰρ,
1652 739 1832 808 φησὶν,

219 828 327 879 ἐστὶ
357 835 449 879 τοῦ
506 826 779 880 Σαϐϐάτου
834 829 860 880 ὁ
892 827 1310 901 ἐνανθρωπήσας,
1355 829 1417 886 ὡς
1466 829 1689 886 ποιητὴς
1748 827 1836 874 καὶ

218 918 500 987 νομοθέτης
572 918 759 972 αὐτοῦ.
837 923 936 971 Καὶ
1000 917 1194 983 λοιπὸν,
1248 920 1496 991 παρόντος
1551 914 1675 988 ἐμοῦ
1745 918 1837 965 τοῦ

223 1010 441 1078 Κυρίου,
512 1011 603 1058 καὶ
662 1005 999 1079 ἀνεχομένου,
1070 1008 1240 1078 μάτην
1316 1006 1459 1077 ὑμεῖς
1515 1007 1632 1065 τοὺς
1684 1001 1838 1075 ἐμοὺς

220 1092 628 1159 καταδικάζετε.

296 1185 377 1237 Ἐν
438 1181 499 1238 δὲ
566 1193 640 1256 τῷ
698 1189 833 1239 κατὰ
884 1188 1095 1259 Μάρκον
1150 1186 1466 1257 Εὐαγγελίῳ,
1522 1186 1613 1236 καὶ
1667 1181 1838 1254 ἑτέραν

222 1272 513 1345 ἀπολογίαν
579 1275 798 1349 εὕρηται
838 1274 1054 1347 λέγωνὸ
1112 1278 1359 1351 Χριστὸς,
1406 1276 1485 1327 ὄτι
1531 1276 1600 1326 Τὸ
1645 1273 1839 1325 Σάϐϐα-

221 1382 309 1415 τον
370 1360 469 1415 διὰ
539 1367 624 1416 τὸν
697 1367 963 1437 ἄνθρωπον
1023 1364 1236 1436 ἐγένετο,
1315 1364 1419 1436 οὐχ
1470 1364 1497 1416 ό
1570 1364 1838 1437 ἄνθρωπος

224 1449 320 1505 διὰ
364 1456 426 1505 τὸ
480 1451 767 1521 Σάϐϐατόν,
818 1457 1104 1523 τουτέστιν,
1141 1456 1169 1511 ἡ
1225 1461 1316 1506 τοῦ
1367 1451 1633 1506 Σαϐϐάτου
1684 1450 1841 1523 ἀργία

226 1539 299 1593 δι’
356 1541 605 1613 ὠφέλειαν
686 1550 777 1594 τοῦ
833 1542 1103 1616 ἀνθρώπου
1162 1545 1572 1615 νενομοθέτηται,
1622 1546 1712 1594 καὶ
1781 1540 1839 1593 οὗ

225 1635 283 1683 τό
326 1630 607 1684 ἀνάπαλιν.
665 1631 728 1685 Ἥ
779 1638 869 1685 καὶ
919 1632 1046 1685 αύτό
1096 1636 1155 1685 τὸ
1208 1631 1487 1699 Σάϐϐατόν,
1538 1635 1625 1684 καὶ
1656 1632 1711 1683 αἱ
1739 1633 1839 1704 πρὸ

224 1724 413 1773 τούτου
464 1724 661 1795 ἡμέραι
719 1727 906 1792 πᾶσαι,
981 1719 1057 1775 δι’
1122 1721 1359 1796 ὠφέλειαν
1409 1729 1502 1774 τοῦ
1570 1719 1839 1795 ἀνθρώπου

218 1817 503 1884 γεγόνασιν
514 1857 527 1869 .

296 1902 372 1953 Οὐ
413 1907 525 1974 χρὴ
571 1898 631 1955 δε
686 1904 992 1976 θαυμάζειν,
1046 1903 1089 1957 εἰ
1139 1905 1204 1955 τὰ
1233 1905 1323 1976 μὲν
1375 1902 1524 1963 οὗτος
1554 1902 1579 1953 ὁ
1630 1900 1841 1974 εὐαγγε-

223 1990 413 2055 λιστὴς
466 1994 815 2067 προστίθησι,
867 1995 934 2046 τὰ
974 1988 1033 2046 δε
1070 1995 1260 2054 ἐκεῖνος
1302 1991 1708 2065 παραλιμπάνει.
1743 1993 1842 2044 Καὶ

218 2083 325 2155 γὰρ
383 2081 491 2153 οὐχ
533 2082 644 2151 ἅμα
704 2090 776 2153 τῷ
835 2081 996 2155 λέγειν
1052 2084 1139 2135 τὸν
1191 2088 1440 2156 Χριστὸν,
1502 2081 1722 2154 ἔγραφον
1775 2081 1841 2132 τὰ

220 2170 546 2242 Biar/51m,
573 2174 659 2222 ἵνα
679 2176 769 2223 καὶ
788 2174 991 2225 πάντων
1019 2173 1147 2244 ὁμοῦ
1174 2180 1271 2223 των
1304 2172 1465 2223 αὐτοῦ
1488 2170 1652 2243 λόγων
1674 2168 1841 2242 ἀπομ-

229 2279 291 2315 π
300 2263 524 2330 μονεύειν
548 2263 739 2332 ἔχοιεν·
775 2260 902 2313 ἀλλά
928 2264 1056 2333 μετά
1077 2261 1295 2323 πολλοὺς
1313 2261 1525 2334 ὕστερον
1552 2259 1836 2321 ἐνιαυτούς.

239 2353 336 2400 Καί
369 2348 517 2413 εἰκὸς,
552 2348 855 2425 ἀνθρώπους
888 2355 1035 2412 ὄντας
1067 2350 1275 2413 αὐτοὺς,
1306 2348 1642 2402 ἐπιλαθέσθαι
1666 2357 1837 2401 τινῶν.

233 2442 335 2490 Καὶ
370 2442 560 2496 ταύτην
593 2441 684 2510 ἔχε
714 2443 808 2497 τὴν
838 2439 986 2492 λύσιν
1017 2438 1099 2492 ἐπὶ
1128 2440 1229 2491 re?»
1254 2441 1501 2491 τοιούτων
1528 2440 1842 2511 προσθηκών

228 2545 283 2579 τε
334 2532 427 2579 καὶ
456 2526 839 2601 παραλειψεων.
886 2528 1139 2590 Πολλάκις
1197 2526 1257 2582 δε
1303 2534 1392 2580 καὶ
1432 2524 1524 2580 διὰ
1566 2531 1843 2600 συντομίαν

233 2618 353 2667 τινά
413 2635 550 2677 τινες
626 2616 1031 2692 παρελίμπανον·
1088 2620 1197 2671 ἔστι
1259 2613 1310 2670 δ’
1358 2618 1438 2669 ὅτε
1495 2622 1583 2671 καὶ
1642 2619 1704 2678 ὡν,
1753 2615 1846 2669 οὐκ

236 2704 522 2778 ἀναγκαῖα.

312 2800 416 2848 Καὶ
476 2828 533 2835 -
570 2804 757 2851 αῦτῶν.
806 2796 865 2850 Ὀ
916 2792 975 2851 δὲ
1032 2798 1238 2873 Μάρκος
1294 2793 1449 2863 εἶπεν,
1486 2798 1566 2849 ὅτι
1604 2800 1693 2849 καὶ
1740 2794 1846 2847 εἰσ-

240 2883 363 2942 ῆλθε
418 2884 575 2937 πάλιν
620 2885 687 2947 εἰς
737 2891 827 2944 τὴν
860 2891 1169 2958 συναγωγὴν
1222 2884 1409 2938 αὐτῶν.
1438 2884 1496 2937 Ὀ
1542 2881 1600 2937 δὲ
1643 2888 1848 2944 Λουκᾶς

240 2981 590 3048 φανερώτερον
642 2978 858 3049 εἴρηκεν,
918 2977 996 3029 ὅτι
1051 2976 1277 3048 Ἐγένετο
1332 2972 1391 3028 δὲ
1453 2979 1540 3027 καὶ
1587 2973 1635 3026 ἐν
1694 2973 1848 3045 ἑτέρῳ

237 3061 512 3134 Σαϐϐάτῳ,
571 3063 817 3116 εἰσελθεῖν
893 3065 1047 3117 αὐτὸν
1131 3064 1203 3128 εἰς
1257 3068 1351 3123 τὴν
1409 3066 1715 3137 συναγωγὴν
1759 3065 1849 3115 καὶ

238 3150 548 3206 διδάσκειν.

346 3286 503 3335 ΚΕΦ.
544 3278 672 3335 KA'.
710 3285 835 3353 Περὶ
864 3287 958 3333 τοῦ
983 3280 1143 3354 ξηρὰν
1174 3283 1389 3353 ἔχοντος
1416 3286 1508 3339 τὴν
1538 3287 1717 3354 χεῖρα.

307 3410 414 3457 Καὶ
469 3400 590 3457 ἰδοὺ
624 3436 687 3445 -
722 3403 904 3480 ξηράν.
936 3403 995 3460 Ὀ
1025 3401 1084 3459 δί
1130 3410 1335 3468 Λουκᾶς
1390 3404 1519 3473 εἶπε,
1561 3410 1648 3457 καὶ
1697 3408 1849 3455 ποίαν

234 3500 428 3568 χοῖροι,
475 3492 707 3567 γράψας,
758 3493 839 3546 ὅτι
889 3497 989 3547 Καὶ
1065 3496 1094 3552 ἡ
1140 3498 1262 3570 χεὶρ
1313 3494 1471 3546 αὐτοῦ
1527 3495 1556 3551 ἡ
1604 3489 1753 3556 δεξιὰ
1789 3488 1850 3550 ἧν

236 3582 396 3654 ξηρά.

314 3674 417 3725 Καὶ
450 3702 522 3710 -—-
554 3672 733 3727 αὐτοῦ.
779 3672 1191 3741 Ὑποπτεύοντες,
1225 3673 1305 3726 ὅτι
1342 3670 1495 3725 πάλιν
1526 3670 1573 3723 ἐν
1603 3668 1851 3743 Σαϐϐάτῳ

242 3763 557 3835 θεραπεύσει
626 3764 788 3832 τινὰς,
876 3759 1464 3836 προκαταλαμϐάνουσιν
1555 3760 1709 3812 αὐτὸν
1786 3766 1848 3833 τῇ

240 3850 525 3923 ἐρωτήσει,
561 3852 643 3901 ἶνα
666 3849 1046 3923 ἀποκριθέντος,
1066 3851 1142 3903 ὅτι
1161 3851 1343 3915 ἔξεστι,
1368 3849 1595 3903 λάϐωσιν
1614 3851 1851 3925 ἀφορμὴν

239 3945 330 3991 καὶ
384 3944 834 4014 κατηγορήσωσιν
909 3940 1069 3992 αὐτοῦ
1140 3939 1337 4007 λοιπὸν,
1391 3940 1455 4001 ὡς
1524 3943 1848 4012 παρανόμου,

237 4034 328 4081 καὶ
383 4029 691 4081 κωλύσωσιν
722 4029 857 4081 οὕτω
887 4033 980 4088 τὴν
1012 4031 1304 4102 θεραπείαν,
1337 4034 1426 4080 καὶ
1474 4032 1596 4093 τοὺς
1627 4027 1727 4080 ἀπὸ
1758 4034 1853 4090 τῆς

240 4121 525 4189 θεραπείας
550 4120 810 4171 πιστεύειν
838 4118 1133 4191 μελλοντας.
1164 4117 1410 4194 Ἡροῦντο
1438 4118 1552 4188 (72)
1582 4120 1683 4190 γὰρ
1712 4119 1853 4190 φθεί-

234 4209 434 4279 ρεσθαι
462 4214 576 4268 ταῖς
622 4212 791 4269 νόσοις
834 4212 951 4269 τούς
993 4207 1299 4281 ὁμοφύλους,
1348 4211 1379 4266 ἦ
1415 4204 1735 4270 δοξάζεσθαι
1768 4210 1853 4259 τὸν

239 4300 502 4371 Χριστὸν,

305 4386 371 4437 Ὀ
402 4382 463 4437 δε
496 4416 563 4424 -
590 4383 748 4459 ἔγερεί
774 4401 787 4451 ;
813 4392 967 4459 Ὅρα,
1003 4394 1108 4447 πῶς
1133 4384 1250 4457 (73)
1279 4384 1639 4457 συλλογίζεται
1671 4384 1857 4445 αὐτούς

236 4473 335 4527 διὰ
395 4482 489 4526 τοῦ
546 4471 967 4547 παραδείγματος
1029 4477 1215 4527 τούτου
1272 4479 1361 4526 καὶ
1423 4470 1661 4527 δείκνυσι
1720 4474 1855 4545 φιλο-

237 4566 569 4638 χρημάτους
612 4563 820 4635 μᾶλλον,
854 4564 885 4623 ἦ
939 4562 1351 4637 φιλανθρώπους,
1400 4568 1489 4614 καὶ
1540 4571 1737 4620 κτηνῶν
1768 4567 1856 4635 μὲν

240 4651 609 4725 φειδομένους,
643 4652 940 4726 ἀνθρώπους
996 4649 1053 4704 δε
1083 4652 1177 4704 οὐκ
1230 4651 1507 4711 ἐλεοῦντας.
1561 4657 1856 4727 Παρατήρει

242 4740 304 4795 δὲ
339 4747 455 4807 καὶ,
489 4750 599 4803 πῶς
643 4741 821 4794 ἄλλοτε
854 4745 943 4813 μὲν
976 4740 1127 4802 ἄλλας
1168 4739 1450 4812 ἀπολογίας
1494 4748 1714 4792 ποιεῖται
1745 4745 1861 4815 περὶ

238 4842 333 4893 τῆς
363 4840 462 4883 τοῦ
497 4829 763 4884 Σαϐϐάτου
818 4830 1033 4892 λύσεως·
1068 4832 1244 4892 πάσας
1275 4826 1334 4882 δὲ
1377 4828 1724 4891 καταλλὴλους
1755 4838 1863 4892 τοίς

242 4924 587 4993 πράγμασιν,
642 4922 723 4972 ἵνα
752 4924 841 4972 καὶ
869 4923 956 4972 τὸν
986 4927 1139 4992 νόμον
1172 4918 1391 4991 εὐλόγως
1420 4916 1719 4992 ἀναπαύσῃ,
1771 4924 1862 4973 καὶ

243 5018 317 5081 μὴ
359 5009 538 5081 πλήξῃ
566 5012 684 5069 τοὺς
712 5006 1021 5069 Ἰουδαίους.

318 5162 370 5199 ετ
398 5161 579 5218 Marc.
613 5175 673 5225 ιι,
705 5164 797 5217 27.
876 5160 924 5196 ⁸⁸
952 5158 1129 5217 Marc.
1164 5174 1243 5226 Ix,
1275 5162 1325 5215 6.
1405 5160 1451 5194 ⁶⁹
1484 5158 1598 5214 Luc
1629 5174 1704 5223 γι,
1729 5162 1782 5214 6.

1942 556 2062 609 tem
2082 568 2256 609 suam
2285 553 2871 611 ostenditlnterdum
2898 555 3195 627 siquidem
3216 556 3375 613 hanc
3393 557 3606 616 obum-

1941 644 2075 699 brat
2114 648 2358 715 propter
2399 644 2685 701 obtusum
2726 650 3041 717 aspectum
3077 646 3163 718 (h)
3205 649 3606 720 quaerentium

1944 732 2228 804 carpendi
2268 748 2482 789 ansam
2524 750 2535 788 :
2570 734 2934 808 quandoque
2980 751 3123 792 vero
3154 736 3496 797 manifestat
3525 737 3607 795 ob

1945 825 2181 878 acutum
2239 823 2438 879 visum
2495 824 2946 882 modestiorum.
3014 824 3307 883 Dominus
3362 834 3472 893 est,
3524 828 3609 884 in-

1944 911 2089 983 quit,
2137 911 2381 968 Sabbati
2421 912 2525 985 qui
2579 914 2924 970 incarnatus
2972 918 3059 971 est
3113 918 3313 987 utpote
3366 916 3608 973 effector

1946 1016 2016 1055 ac
2046 1000 2345 1070 legislator
2376 1004 2503 1073 ejus
2535 1019 2547 1059 :
2583 1002 2783 1075 itaque
2810 1019 2905 1059 me
2926 1003 3181 1060 Domino
3209 1010 3501 1077 praesente
3528 1022 3599 1064 ac

1946 1090 2250 1156 tolerante,
2284 1106 2391 1147 vos
2411 1090 2626 1147 frustra
2653 1108 2821 1148 meos
2851 1093 3322 1151 condemnastis.

2021 1184 2078 1234 ln
2123 1180 2441 1253 Evangelio
2462 1182 2853 1252 autemjuxta
2873 1186 3133 1241 Marcum
3159 1184 3341 1242 aliam
3363 1200 3609 1259 quoque

1948 1269 2211 1325 invenire
2264 1274 2350 1326 est
2415 1270 2890 1343 responsionem,
2953 1272 3057 1329 ubi
3118 1273 3199 1331 ait
3271 1274 3537 1337 Christus
3592 1292 3605 1331 :

1946 1357 2265 1415 Sabbatum
2285 1366 2531 1431 propter
2570 1359 2855 1417 hominem
2876 1361 3104 1431 factum
3143 1367 3246 1429 est,
3283 1380 3399 1419 non
3431 1364 3606 1421 homo

1946 1455 2189 1518 propter
2208 1448 2527 1505 Sabbatum
2552 1451 2618 1516 ⁸⁷,
2640 1449 2753 1505 hoc
2774 1454 2883 1518 est,
2912 1450 3157 1508 Sabbati
3182 1452 3371 1510 otium
3396 1454 3476 1511 ad
3501 1454 3609 1510 ho-

1950 1538 2128 1593 minis
2150 1538 2459 1595 utilitatem
2483 1542 2771 1595 statutum
2802 1544 2910 1606 est,
2942 1544 2997 1597 et
3015 1557 3134 1597 non
3157 1558 3185 1596 e
3212 1542 3467 1600 diverso.
3498 1545 3612 1598 Aut

1952 1629 2129 1683 etiam
2147 1627 2471 1684 Sabbatum
2500 1628 2722 1701 ipsum,
2748 1630 3065 1702 cunctique
3088 1630 3215 1687 dies
3234 1632 3379 1690 illud
3394 1647 3613 1707 prace-

1951 1718 2178 1783 dentes,
2212 1717 2284 1774 ad
2310 1718 2570 1775 hominis
2596 1717 2911 1776 utilitatem
2943 1719 3080 1777 facti
3105 1725 3261 1778 sunt.

2022 1898 2148 1951 Non
2179 1897 2379 1950 autem
2430 1892 2859 1953 admirandum
2908 1900 3019 1962 est,
3054 1897 3103 1953 si
3134 1899 3416 1970 quaedam
3457 1918 3615 1961 unus

1950 1983 2317 2055 evangelista
2350 1984 2649 2056 proponit,
2694 1985 2845 2041 alius
2881 2002 3017 2043 vero
3059 1992 3469 2058 praetermittit.
3505 1996 3615 2051 Ne-

1949 2090 2063 2147 que
2085 2074 2245 2129 enim
2277 2072 2474 2140 simul,
2505 2077 2567 2127 ut
2587 2072 2854 2130 Christus
2882 2075 3264 2149 loquebatur,
3289 2081 3615 2153 Evangelia

1951 2162 2332 2236 scripserunt,
2392 2165 2459 2219 ut
2517 2162 2784 2220 omnium
2847 2164 3029 2221 etiam
3080 2166 3407 2226 verborum
3456 2170 3615 2229 illius

1951 2257 2195 2325 possent
2224 2252 2589 2319 meminisse,
2638 2268 2735 2309 sec
2767 2253 2970 2310 multis
3004 2256 3383 2327 postmodum
3419 2262 3615 2327 annis,

1952 2346 2004 2399 et
2034 2342 2114 2397 ita
2135 2340 2455 2397 verisimile
2482 2344 2591 2407 est,
2626 2357 2765 2398 cum
2792 2343 3065 2400 homines
3087 2350 3306 2412 essent,
3331 2364 3619 2420 quorum-

1953 2433 2094 2487 dam
2116 2429 2527 2487 oblitosfuisse
2550 2446 2563 2485 :
2588 2430 2745 2487 hanc
2760 2446 2899 2504 ergo
2919 2449 2987 2487 ac
3007 2434 3225 2492 similia
3242 2435 3617 2496 additamen-

1954 2526 2009 2576 ta
2042 2519 2681 2593 autpreetermissiones
2706 2520 2929 2579 habeto
2969 2523 3349 2583 solutionem.
3390 2528 3622 2601 Saepius

1954 2626 2191 2683 quoque
2204 2608 2510 2665 brevitatis
2528 2624 2712 2666 causa
2729 2610 3007 2683 quaedam
3024 2612 3209 2686 aliqui
3226 2615 3618 2689 reliquerunt:

1954 2698 2255 2755 interdum
2285 2698 2463 2756 etiam
2495 2702 2776 2773 tanquam
2802 2717 2926 2757 non
2957 2704 3326 2762 necessaria.

2026 2790 2192 2846 Vers.
2244 2794 2294 2846 9.
2329 2791 2406 2845 Et
2441 2790 2789 2848 —illorum.
2840 2794 3066 2849 Marcus
3106 2798 3311 2851 autem
3366 2796 3516 2855 dixit
3545 2800 3618 2868 ⁸⁸,

1956 2880 2121 2952 quod
2141 2895 2382 2935 rursum
2407 2879 2707 2950 ingressus
2728 2884 2817 2937 est
2842 2898 3239 2954 synagogam.
3268 2885 3463 2944 Lucas
3480 2904 3623 2947 vero

1959 2967 2334 3025 manifestius
2360 2968 2594 3025 locutus
2624 2972 2731 3037 est,
2764 2969 2969 3027 dicens
2999 2973 3287 3030 :Factum
3319 2981 3403 3031 est
3429 2984 3623 3037 autem

1959 3065 2022 3114 ut
2040 3059 2222 3115 altero
2244 3074 2464 3131 quoque
2482 3058 2738 3116 Sabbato
2760 3059 3174 3132 ingrederetur
3194 3079 3552 3138 synagogam
3564 3073 3621 3125 et

1888 3165 1929 3222 α
1960 3147 2177 3204 doceret
2196 3148 2265 3202 69.

2032 3272 2182 3330 CAP.
2215 3272 2352 3329 XXI.
2388 3272 2473 3330 De
2503 3287 2567 3331 eo
2605 3272 2711 3345 qui
2735 3287 2981 3332 manum
3014 3274 3261 3335 habebat
3290 3278 3549 3337 aridam.

2029 3401 2188 3455 Vers.
2225 3400 2309 3454 10.
2352 3398 2426 3455 Et
2463 3414 2586 3457 ecce
2616 3430 2685 3440 —
2712 3400 2969 3457 aridam.
2998 3402 3188 3460 Lucas
3229 3407 3423 3461 autem
3474 3404 3626 3464 dixit

1962 3489 2141 3546 etiam
2154 3492 2285 3545 utra
2298 3504 2514 3545 manus
2531 3493 2591 3545 at
2608 3488 2801 3555 fuerit,
2820 3505 2958 3547 cum
2985 3491 3298 3551 scriberet:
3321 3494 3397 3551 Et
3412 3510 3627 3553 manus

1961 3580 2084 3649 ejus
2114 3577 2363 3635 dextera
2402 3585 2543 3635 erat
2567 3578 2746 3635 arida
2770 3580 2840 3637 7°.

2030 3668 2203 3723 Et—
2242 3682 2393 3724 eum.
2450 3667 2832 3740 Suspicantes
2871 3670 3038 3743 quod
3095 3686 3305 3729 rursus
3352 3673 3629 3733 Sabbati:

1960 3758 2261 3831 quosdam
2274 3760 2590 3813 curaturus
2603 3761 2778 3825 esset,
2792 3758 3257 3831 interrogatione
3270 3777 3409 3819 eum
3423 3764 3631 3821 antici-

1963 3851 2103 3920 pant
2136 3852 2199 3903 ut
2230 3862 2242 3901 :
2271 3862 2407 3903 cum
2438 3848 2851 3919 respondisset
2878 3849 3102 3908 licitum
3144 3867 3295 3921 esse,
3329 3858 3630 3913 sumerent

1962 3936 2337 3994 occasionem
2372 3935 2541 3992 illum
2575 3937 2703 4008 jam
2745 3939 3071 3995 accusandi
3117 3946 3409 4014 tanquam
3443 3948 3630 4001 trans-

1963 4041 2299 4096 gressorem
2334 4042 2346 4080 :
2377 4028 2434 4081 et
2463 4026 2543 4082 ita
2571 4026 2973 4099 prohiberent,
2993 4034 3051 4085 et
3074 4028 3241 4086 illum
3274 4048 3344 4088 ne
3374 4038 3631 4107 curaret,

1963 4120 2019 4173 et
2043 4115 2187 4172 alios
2207 4116 2310 4189 qui
2331 4120 2574 4188 propter
2605 4117 2888 4173 sanitates
2918 4116 3173 4174 fuissent
3189 4121 3488 4179 credituri.
3510 4124 3629 4182 Ma-

1962 4205 2161 4261 lebant
2187 4205 2347 4260 enim
2373 4221 2495 4260 suae
2523 4206 2713 4277 gentis
2730 4205 3007 4264 homines
3040 4208 3266 4266 morbis
3298 4213 3625 4286 corrumpi,

1963 4308 2147 4367 quam
2168 4293 2464 4350 Christum
2493 4294 2831 4365 gloriﬁcari.

2038 4383 2200 4438 Vers.
2246 4386 2328 4437 11.
2362 4382 2472 4438 Ille
2510 4389 2698 4439 autem
2743 4415 2811 4425 —
2851 4384 3028 4458 eriget
3060 4384 3089 4440 ?
3118 4386 3273 4454 Vide,
3318 4389 3630 4461 quomodo

1967 4470 2097 4527 illos
2134 4470 2250 4526 hoc
2299 4472 2570 4544 exemplo
2611 4473 2986 4541 concluserit,
3032 4476 3356 4535 ostendens
3394 4494 3633 4552 posses-

1969 4561 2208 4617 sionum
2238 4561 2436 4632 potius
2462 4567 2763 4619 amatores
2797 4579 2931 4621 esse
2962 4580 3149 4637 quam
3176 4565 3491 4626 hominum
3527 4586 3539 4627 :
3575 4574 3633 4629 et

1968 4649 2133 4723 quod
2155 4649 2437 4721 jumentis
2455 4656 2777 4723 parcentes,
2804 4654 3121 4712 hominum
3144 4672 3262 4714 non
3282 4658 3635 4718 misereren-

1969 4744 2085 4795 tur.
2116 4740 2378 4797 Osberva
2417 4741 2593 4797 etiam
2620 4758 2742 4814 quo
2764 4748 2939 4816 pacto
2965 4745 3234 4804 diversas
3262 4749 3440 4806 variis
3463 4750 3525 4806 in
3550 4750 3634 4809 lo-

1972 4828 2054 4884 cis
2102 4828 2333 4885 dederit
2369 4829 2445 4885 de
2492 4830 2738 4890 Sabbati
2784 4833 3080 4893 solutione
3123 4836 3401 4906 rationes,
3456 4843 3636 4912 prout

1971 4933 2067 4975 res
2100 4918 2434 4991 expetebat,
2466 4924 2529 4977 ut
2554 4922 2988 4983 rationabiliter
3006 4924 3203 4997 legem
3226 4928 3492 4995 solveret,
3521 4943 3633 4988 nec

1972 5011 2177 5065 tamen
2193 5009 2221 5062 J
2230 5008 2433 5067 udaeos
2460 5011 2845 5082 perturbaret.

1861 5158 1910 5195 7°
1937 5157 2087 5214 ibid.

1471 5279 1698 5347 Variae
1736 5279 2065 5349 lectiones
2098 5290 2161 5349 et
2192 5291 2396 5350 notae.

344 5431 431 5499 72)
460 5430 497 5485 i.
524 5444 581 5486 e.
617 5433 971 5504 προῃροῦντο,
1006 5422 1346 5510 intelligitur
1372 5424 1524 5512 enim
1553 5424 1764 5547 ςᾶλλον.

317 5433 427 5573 ὶῚΒ)
471 5502 847 5573 συλλογίζεται
869 5502 960 5549 καὶ
997 5492 1259 5549 δείκνυσιν
1284 5515 1476 5557 αυτους
1504 5516 1559 5568 φι
1594 5515 1764 5571 οχρηρ

374 5492 427 5574 3)
471 5492 847 5574 ωλλοᾷἰζεται
869 5502 960 5549 καὶ
997 5492 1259 5549 δείκνυσιν
1284 5496 1476 5557 αὐτοὺς
1504 5492 1845 5571 φιλοχρημάτ

1982 5496 2169 5554 intell.
2212 5496 2382 5559 ὂντας.
2416 5499 2501 5557 Ita
2539 5500 2813 5560 cohaeret.

318 5630 401 5702 (lt)
430 5629 719 5689 Obtwum
746 5629 1070 5695 aspectum.
1095 5621 1342 5681 Hebetes
1373 5622 1602 5693 oculos,
1631 5622 1816 5680 hebes
1845 5622 2183 5695 ingenium.
