4108 6408
553 380 656 445 δτι

558 606 911 663 assentirent
945 622 958 662 :
998 605 1060 661 id
1091 606 1250 662 enim
1280 604 1440 678 quod
1472 605 1597 677 ipse
1623 604 2090 675 interrogaverat
2132 605 2223 660 lex

553 695 952 768 permittebat,
1002 710 1112 751 nec
1157 695 1563 751 contradicere
1598 698 1876 766 poterant
1906 712 1917 749 :
1954 694 2222 751 enuntia-

554 784 673 841 tive
705 784 871 847 dixit,
898 785 1063 855 quod
1095 784 1280 841 homo
1310 784 1486 853 longe
1516 783 1747 852 dignior
1778 787 1866 838 est
1895 799 2021 838 ove.

626 876 786 929 Vers.
820 873 909 929 12.
949 874 1108 930 Licet
1142 875 1343 945 itaque
1368 904 1429 915 —
1462 874 1816 942 benefacere.
1847 874 1995 928 Cum
2027 888 2223 928 exem—

552 961 656 1035 plo
710 962 789 1019 ab
829 977 937 1018 ove
977 968 1209 1034 sumpto
1249 962 1473 1019 illorum
1513 978 1621 1017 ora
1660 961 2017 1028 obturasset,
2059 962 2225 1017 dein-

555 1068 699 1124 ceps
731 1051 808 1107 ad
833 1051 917 1119 id,
951 1052 1117 1123 quod
1154 1050 1228 1107 ab
1249 1053 1332 1106 eis
1365 1051 1851 1121 interrogaverat,
1878 1050 2220 1122 respondet.

559 1141 866 1213 Siquidem
892 1142 1124 1197 Marcus
1150 1141 1222 1176 ⁷⁰¹
1248 1145 1304 1197 et
1328 1142 1516 1196 Lucas
1540 1141 1581 1177 71
1601 1140 1822 1205 dicunt,
1848 1140 2012 1213 quod
2040 1139 2220 1195 etiam

555 1229 866 1285 hominem
918 1230 1183 1286 statuerit
1228 1229 1291 1285 in
1344 1230 1635 1293 medium,
1677 1233 1734 1284 et
1775 1228 2227 1297 interrogaverit

556 1334 658 1376 eos
704 1343 713 1375 :
783 1320 995 1377 Utrum
1037 1320 1165 1375 licet
1209 1320 1479 1377 Sabbatis
1527 1320 1885 1389 benefacere,
1925 1334 2002 1373 an
2047 1318 2225 1374 male-

550 1408 750 1477 facere
785 1408 812 1463 ?
857 1410 1178 1480 Postquam
1224 1409 1387 1464 enim
1426 1410 1511 1465 eis
1555 1408 1965 1479 responderat,
2021 1407 2225 1462 statuit

554 1496 725 1553 illum
749 1497 807 1552 in
834 1497 1123 1563 medium,
1150 1502 1215 1553 ut
1241 1513 1275 1553 a
1298 1496 1623 1553 miserabili
1657 1502 1903 1568 aspectu
1943 1494 2226 1551 dissolve-

554 1590 646 1643 ret
698 1586 895 1643 cordis
943 1587 1178 1642 illorum
1227 1586 1533 1650 duritiem,
1586 1586 1789 1658 eisque
1835 1585 2227 1657 persuaderet

556 1679 619 1731 ut
648 1674 940 1731 invidiam
964 1676 1310 1746 abjicerent,
1345 1676 1776 1746 conspicientes
1799 1674 1966 1746 quod
1988 1688 2227 1746 semper

554 1765 786 1821 bonum
827 1765 901 1820 sit
939 1780 1040 1820 eos
1090 1766 1193 1837 qui
1224 1765 1356 1820 dira
1386 1766 1696 1836 patiuntur
1725 1779 1956 1820 curare.
2003 1763 2226 1820 Deinde

561 1858 790 1922 contra,
824 1854 1003 1909 etiam
1033 1853 1165 1910 illos
1190 1854 1671 1925 inexplicabilem
1715 1853 2039 1923 interrogat
2066 1868 2229 1923 quae.

557 1943 827 1999 stionem.
852 1946 923 1998 At
938 1942 1017 1997 illi
1036 1943 1278 1998 veritate
1299 1942 1629 2013 redarguti,
1653 1942 1935 1998 tacebant
1955 1941 2222 2013 quidem,

556 2033 662 2087 sed
693 2033 773 2089 ob
796 2048 1047 2103 pravam
1077 2033 1449 2089 voluntatem
1472 2048 1587 2087 non
1607 2032 1778 2103 plene
1803 2031 1855 2086 ei
1886 2030 2228 2102 acquiesce-

554 2121 703 2178 bant
733 2141 746 2189 ;
780 2120 1036 2193 ideoque
1076 2137 1215 2177 cum
1246 2122 1334 2176 ira
1364 2119 1882 2191 circumspiciebat
1908 2135 2031 2184 eos,
2077 2120 2229 2175 sicut

556 2210 701 2265 dicit
724 2212 951 2267 Marcus
975 2209 1041 2273 ⁷³,
1073 2226 1197 2281 quo
1222 2210 1354 2265 illos
1390 2210 1803 2277 confunderet,
1837 2208 2224 2264 contristatus

559 2314 741 2371 super
771 2298 988 2354 duritia
1005 2298 1199 2354 cordis
1216 2299 1512 2370 ipsorum.
1532 2302 1681 2355 Nam
1700 2298 1778 2356 ab
1805 2298 2033 2354 invidia
2056 2297 2228 2354 indu-

557 2392 778 2453 ratum,
811 2403 922 2443 nec
950 2391 1195 2460 aspectu
1217 2387 1537 2445 miserabili
1559 2388 1936 2461 placabatur,
1967 2402 2076 2443 nec
2110 2401 2229 2442 ser-

560 2493 804 2534 monem
837 2477 932 2532 cui
970 2477 1376 2533 contradicere
1400 2492 1519 2533 non
1552 2481 1852 2550 poterant,
1878 2476 2225 2548 recipiebat.

631 2567 795 2621 Vers.
839 2568 927 2622 13.
979 2568 1139 2620 Tunc
1186 2567 1270 2622 ait
1312 2596 1380 2606 —
1421 2566 1636 2623 altera.
1678 2565 1800 2622 Suo
1857 2566 2020 2622 hunc
2064 2566 2229 2637 jussu

561 2655 791 2712 curavit
826 2671 843 2710 :
888 2658 944 2710 et
986 2654 1119 2710 illos
1166 2659 1486 2719 exterrens,
1515 2660 1569 2711 et
1610 2656 1797 2712 Deum
1848 2671 1913 2712 se
1956 2671 2081 2711 esse
2122 2670 2226 2711 os-

560 2746 829 2801 tendens.
880 2744 1082 2799 Gestat
1125 2749 1328 2800 autem
1370 2744 1639 2802 dextram
1688 2760 1939 2801 manum
1999 2744 2229 2799 aridam

560 2833 835 2907 quisquis
864 2833 1170 2891 dexteram
1198 2834 1603 2905 operationem
1634 2849 1755 2890 non
1782 2838 2015 2890 exercet
2049 2850 2059 2889 :
2089 2833 2228 2889 dico

563 2939 711 2980 sane
740 2923 1032 2979 virtutem.

631 3013 794 3069 Vers.
828 3013 919 3068 14.
955 3012 1246 3069 Ρὴαιθίεωί
1268 3027 1399 3069 vero
1430 3043 1494 3054 -—
1525 3016 1858 3082 perderent.
1894 3013 2229 3071 Consilium

560 3106 847 3174 ceperunt
883 3101 1034 3157 inter
1072 3117 1135 3157 se
1174 3101 1456 3158 invicem.
1500 3102 1733 3159 Marcus
1765 3107 1969 3159 autem
2009 3103 2151 3158 dicit
2180 3103 2229 3139 ’⁷³

559 3192 723 3264 quod
774 3207 912 3247 cum
962 3191 1309 3247 Herodianis
1361 3192 1792 3259 consultarunt,
1848 3192 1955 3264 qui
2008 3196 2061 3248 et
2119 3190 2227 3263 ipsi

561 3294 776 3349 genere
827 3280 1072 3352 quidem
1122 3284 1292 3336 erant
1337 3280 1550 3346 Judaei,
1601 3281 1979 3336 vehementer
2026 3284 2229 3337 autem

559 3369 853 3427 Herodem
898 3368 1195 3433 colebant,
1246 3373 1303 3424 et
1332 3369 1531 3440 ipsum
1571 3383 1700 3423 esse
1745 3369 2027 3424 dicebant
2063 3368 2231 3424 Chri-

563 3463 723 3514 stum
762 3474 798 3515 a
841 3457 1151 3531 prophetis
1182 3457 1565 3527 promissum.
1604 3455 1753 3513 Nam
1794 3458 1935 3529 quia
1974 3458 2228 3529 prophe-

558 3552 749 3603 tatum
784 3551 912 3602 erat
946 3550 1087 3601 tunc
1127 3550 1448 3601 venturum
1490 3561 1617 3601 esse
1658 3546 1951 3603 Christum
1982 3548 2230 3619 quando

559 3636 836 3692 deﬁceret
864 3635 968 3707 qui
998 3650 1069 3691 ex
1095 3634 1315 3690 Judmis
1341 3634 1680 3706 imperaret,
1704 3634 1999 3691 defecerat
2029 3641 2229 3693 autem

559 3724 770 3780 diebus
811 3723 1054 3779 Herodis
1084 3722 1188 3795 qui
1229 3722 1486 3779 infantes
1517 3728 1854 3789 necaverat,
1895 3726 2123 3797 primus
2158 3725 2231 3781 si-

560 3813 808 3885 quidem
830 3812 927 3868 hic
948 3811 1288 3881 alienigena
1300 3813 1329 3867 ,Ι
1338 3811 1525 3867 udaeis
1542 3812 1854 3885 imperavit
1876 3836 1885 3869 :
1912 3813 2044 3871 ideo
2068 3815 2229 3872 hunc

559 3917 690 3957 esse
729 3900 1197 3971 suspicabantur
1234 3901 1337 3974 qui
1388 3905 1677 3957 venturus
1719 3903 2178 3975 exspectabatur
2209 3920 2223 3972 ;

559 3996 616 4047 et
650 3990 950 4062 conjuncti
987 3989 1260 4055 invicem,
1308 3992 1613 4063 propriam
1661 3991 1929 4049 fecerunt
1978 3999 2223 4051 sectam.

536 4082 626 4137 ‘Et
668 4081 812 4152 quia
860 4080 1154 4135 Herodem
1205 4080 1527 4150 plurimum
1572 4081 1877 4147 amabant,
1911 4084 2227 4140 Herodiani

557 4168 966 4240 cognominati
999 4174 1151 4222 sunt.
1182 4169 1317 4223 Haec
1356 4170 1556 4241 itaque
1588 4170 1661 4225 de
1690 4171 2037 4227 Herodianis
2070 4172 2228 4227 dicta

557 4259 690 4314 sint.
723 4259 801 4313 De
825 4258 1044 4313 Iudaeis
1070 4262 1272 4313 autem
1302 4258 1450 4313 dixit
1472 4259 1661 4314 Lucas
1684 4260 1755 4325 7‘,
1790 4260 1951 4331 quod
1982 4260 2227 4316 demen-

556 4350 635 4404 tia
673 4348 877 4419 repleti
910 4351 1067 4411 sunt,
1103 4351 1160 4403 et
1189 4352 1399 4404 mutuo
1430 4347 1946 4419 colloquebautur,
1975 4350 2225 4422 quidam

556 4438 671 4510 ipsi
721 4439 861 4492 Jesu
914 4436 1192 4493 facerent.
1246 4438 1446 4507 Neque
1507 4436 1663 4492 enim
1710 4437 1904 4493 solum
1937 4440 2226 4511 perterriti

555 4540 679 4580 non
705 4527 893 4590 erant,
928 4524 1032 4580 sed
1058 4528 1114 4580 et
1141 4523 1368 4580 invidia
1412 4524 1807 4591 obtenebrati,
1841 4531 1897 4582 et
1927 4526 2227 4584 dementia

556 4612 763 4684 repleti
793 4618 961 4668 erant
993 4628 1007 4678 ;
1050 4616 1107 4668 et
1151 4613 1411 4684 primum
1446 4614 1695 4685 quidem
1728 4614 2227 4687 colloquebantur

557 4702 851 4775 quidnam
881 4700 996 4771 ipsi
1026 4701 1280 4758 facerent
1298 4702 1463 4767 mali,
1494 4702 1713 4759 deinde
1741 4704 2228 4764 consultaverunt

558 4789 624 4842 ut
648 4800 787 4841 eum
817 4783 1236 4842 interﬁcerent.
1334 4802 1337 4805 ·

628 4876 785 4930 Vers.
819 4879 902 4929 15.
948 4877 1115 4931 Jesus
1162 4881 1356 4933 autem
1386 4907 1454 4918 ——-
1482 4876 1636 4933 inde.
1682 4878 1923 4949 Oportet
1976 4878 2135 4934 enim
2190 4895 2228 4936 a

555 4964 759 5039 pravis
778 4963 1050 5021 recedere
1080 4983 1092 5024 :
1119 4980 1229 5021 nec
1253 4982 1310 5021 se
1332 4965 1610 5038 periculis
1632 4965 1994 5039 objiciendo,
2016 4983 2226 5025 eorum

629 5091 700 5128 ⁷ο·
727 5097 903 5150 Marc.
936 5106 1022 5163 in,
1051 5090 1107 5151 3.
1182 5092 1225 5127 ⁷¹
1263 5093 1401 5149 Luc.
1434 5092 1508 5157 vi,
1538 5090 1590 5146 9.
1672 5092 1718 5126 τ’
1749 5092 1928 5147 Marc.
1958 5107 2040 5157 ιιι,
2072 5097 2122 5147 5.

1880 388 2242 448 EUTHYMII
2279 386 2609 445 ZIGABENI

630 518 787 572 Vers.
828 515 914 571 12.
958 516 1179 582 Quanto
1208 545 1275 559 —-
1314 530 1426 572 ove.
1461 516 1606 571 Cum
1644 514 1725 571 illi
1757 530 1868 571 suo
1900 515 2131 572 silentio
2170 516 2224 573 ei

2406 518 2562 585 Πόσῳ
2620 544 2687 553 -
2766 514 3051 588 προϐάτου.

2198 5095 2246 5129 ’⁷³
2277 5093 2426 5151 ibid.
2457 5099 2512 5152 6.

3825 390 3919 449 372

3127 515 3450 588 Συνομολογη
3461 517 3658 568 σάντων
3744 518 3917 583 αὐτῶν,

2334 600 2429 656 διὰ
2484 610 2581 664 τῆς
2630 610 2851 663 σιωπῆς·
2906 609 2994 657 καὶ
3018 606 3118 679 ’γὰρ
3153 607 3178 656 ὁ
3230 610 3385 677 νόμος
3432 604 3717 678 ἐπέτρεπεν,
3748 608 3773 657 ὅ
3802 608 3923 681 ἠρώ-

2331 711 2480 761 τησε,
2513 697 2603 746 καὶ
2634 694 2887 745 ἀντειπεῖν
2910 694 3004 745 ούκ
3050 690 3328 752 ἠδύναντο·
3378 698 3535 768 φησὶν
3558 693 3921 767 ἀποφαντικῶς,

2334 783 2413 833 ὅτι
2455 781 2623 851 πολλῴ
2666 787 2970 856 τιμιώτερος
2995 782 3138 835 ἐστιν
3178 785 3202 835 ὁ
3235 784 3505 858 ἄνθρωπος
3530 792 3621 836 τοῦ
3650 784 3921 859 προϐάτου.

2402 869 2562 922 Ὠστε
2606 870 2773 932 ἔξεστι
2824 902 2894 911 -
2951 871 3114 933 καλῶς
3152 880 3342 928 ποιεῖν.
3395 874 3492 925 Διά
3542 880 3632 925 τοῦ
3693 878 3822 926 κατὰ
3873 879 3923 927 τὸ

2332 958 2590 1031 πρόϐατον
2618 956 3049 1033 παραδείγματος
3081 966 3321 1033 φιμώσας
3348 961 3559 1029 αύτούς,
3590 962 3766 1015 λοιπὸν
3785 964 3925 1035 ὃ(74)

2334 1048 2581 1122 ἠρωτήθη
2636 1049 2761 1121 παρ’
2808 1049 2993 1117 αὐτῶν,
3052 1048 3405 1124 ἀποκρίνεται.
3470 1053 3681 1127 Μάρκος
3750 1048 3806 1105 δὲ
3849 1060 3928 1105 καὶ

2335 1143 2541 1197 Λουκᾶς
2589 1157 2767 1209 φασιν,
2821 1140 2901 1189 ὅτι
2951 1144 3039 1191 καὶ
3088 1141 3280 1198 ἔστησε
3329 1143 3416 1192 τὸν
3474 1141 3741 1215 ἄνθρωπον
3777 1142 3843 1203 εἰς
3877 1145 3927 1194 τὸ

2334 1231 2511 1298 μέσον,
2543 1231 2634 1279 καὶ
2674 1228 2942 1301 ἠρώτησεν
2983 1229 3193 1294 αύτούς,
3246 1233 3298 1281 τί
3329 1229 3497 1291 ἔξεστι
3526 1239 3631 1290 τοῖς
3663 1229 3928 1293 Σάϐϐασιν,

2336 1316 2729 1386 ἀγαθοποιῆσαι
2779 1317 2808 1377 ἦ
2856 1324 3234 1377 κακοποιῆσαι.
3297 1321 3442 1373 Μετά
3478 1323 3579 1391 γὰρ
3631 1322 3690 1371 τὸ
3734 1319 3933 1393 ἀποκρι-

2342 1406 2495 1463 θῆναι
2549 1404 2745 1471 αὐτοῖς,
2797 1408 3017 1464 ἔστησεν
3067 1407 3221 1460 αὐτὸν
3281 1406 3347 1467 εἰς
3401 1411 3458 1459 τὸ
3497 1412 3677 1480 μέσον,
3714 1410 3794 1461 ἵνα
3844 1408 3932 1462 ἀπὸ

2342 1502 2431 1553 τῆς
2486 1493 2705 1557 ἐλεεινῆς
2764 1497 2876 1556 θέας
2956 1496 3296 1570 καταμαλάξῃ
3352 1501 3443 1555 τὴν
3526 1496 3934 1573 σκληροκαρδίαν

2338 1582 2526 1647 αὐτῶν,
2557 1587 2647 1635 καὶ
2676 1588 2833 1657 πείσῃ
2884 1588 3100 1648 τούτους
3153 1585 3443 1639 ἀποθέσθαι
3496 1589 3585 1658 μὲν
3617 1592 3712 1645 τὴν
3746 1586 3934 1660 βασκα-

2335 1675 2468 1737 νίαν,
2517 1668 2747 1724 συνιδεῖν
2804 1670 2883 1739 δε,
2938 1675 3018 1726 ὅτι
3065 1673 3221 1726 καλὸν
3276 1673 3353 1727 ἀεὶ
3415 1677 3789 1749 θεραπεύεσθαι
3832 1683 3937 1740 τοὺς

2336 1768 2509 1821 κακῶς
2557 1762 2797 1831 ἔχοντας·
2866 1759 2977 1813 εἶτα
3026 1761 3364 1835 ἀντηρώτησε
3412 1769 3503 1816 καὶ
3547 1765 3706 1827 αὐτὸς
3766 1766 3937 1827 αὐτούς

2261 1873 2305 1927 B
2338 1846 2582 1923 ἐρώτημα
2630 1851 2878 1921 ἄφυκτον·
2931 1854 2979 1903 οἱ
3056 1847 3115 1904 δὲ
3163 1851 3419 1919 ἐσιώπων,
3483 1851 3813 1925 ἐλεγχόμενοι
3860 1859 3936 1926 μὲν

2338 1938 2438 1989 ύπὸ
2498 1946 2587 1999 τῆς
2647 1937 2905 2005 ἀληθείας,
2964 1939 3385 2005 ἐθελοκακοῦντες
3435 1938 3511 1994 δέ·
3575 1939 3662 1994 διὸ
3724 1947 3812 1995 καὶ
3865 1962 3938 1994 πε-

2343 2026 2652 2101 ριεϐλέψατο
2706 2028 2893 2090 αύτούς
2924 2031 3031 2102 μετ’
3077 2030 3258 2103 ὀργῆς,
3290 2033 3427 2083 καθά
3476 2051 3634 2103 φησιν
3666 2032 3691 2083 ὁ
3724 2034 3935 2107 Μάρκος,

2349 2118 2483 2168 ὥστε
2539 2116 2799 2191 ἐντρεψαι,
2852 2117 3268 2190 συλλυπούριενος
3324 2119 3407 2172 ἐπὶ
3458 2127 3519 2193 τῇ
3589 2126 3832 2193 πωρώσει
3859 2130 3941 2181 τῆς

2347 2202 2578 2277 καρδίας
2628 2206 2816 2257 αὐτῶν.
2854 2209 3175 2280 Πωρωθείσα
3218 2208 3330 2279 (75)
3360 2212 3460 2283 γὰρ
3492 2210 3591 2262 ὑπὸ
3622 2217 3719 2263 τοῦ
3751 2212 3938 2282 φθόνου,

2342 2298 2457 2346 ούτε
2483 2294 2601 2363 ὄψιν
2630 2294 2845 2354 ἐλεεινὴν
2877 2293 3218 2365 ἐδυσωπεῖτο,
3247 2300 3363 2351 οὔτε
3392 2298 3543 2370 λόγον
3576 2297 3940 2374 ἆναντίῤῥητον

2339 2382 2692 2458 παρεδέχετο.

2410 2566 2532 2615 Τότε
2582 2562 2718 2634 λέγει
2760 2593 2828 2604 -
2859 2561 3015 2621 ἄλλη.
3080 2565 3461 2636 Προστοίγματι
3509 2567 3710 2623 ταύτην
3750 2566 3936 2629 ἰάσατο,

2340 2652 2711 2708 καταπλήττων
2764 2671 2817 2705 τε
2849 2652 3057 2717 αύτούς,
3111 2658 3199 2705 καὶ
3232 2649 3500 2719 δεικνύων,
3532 2655 3612 2706 ὅτι
3671 2659 3797 2715 Θεὸς
3820 2657 3937 2707 ἐστι.

2338 2744 2509 2815 Ξηράν
2545 2737 2603 2794 δὲ
2631 2746 2767 2815 φέρει
2805 2746 2891 2800 τὴν
2921 2738 3094 2804 δεξιὰν
3130 2750 3308 2815 χεῖρα⁹
3342 2747 3431 2794 καὶ
3460 2749 3560 2805 πᾶς
3594 2745 3618 2795 ὁ
3657 2750 3750 2802 τὴν
3782 2741 3939 2806 δεξιὰν

2340 2829 2526 2903 πρᾶξιν
2552 2834 2621 2903 μὴ
2657 2836 3055 2904 μετερχόμενος,
3080 2836 3212 2903 φημὶ
3240 2828 3332 2896 δὴ,
3366 2836 3459 2889 τὴν
3492 2831 3702 2905 ἀρετήν.

2414 3010 2479 3061 Οἱ
2527 3005 2585 3061 δὲ
2617 3016 2894 3083 Φαρισαῖοι
2925 3040 2993 3051 --
3040 3008 3356 3064 ἀπολέσωσι.
3409 3010 3727 3084 Συμϐούλιον
3775 3012 3937 3065 ἔλαϐον

2340 3101 2466 3173 παρ’
2495 3096 2749 3157 ἀλλήλωνο
2790 3100 2817 3151 ὁ
2845 3096 2902 3151 δὲ
2942 3101 3154 3173 Μάρκος
3187 3105 3345 3172 φησὶν
3386 3102 3464 3153 ὅτι
3495 3104 3627 3172 μετά
3655 3111 3757 3154 τῶν
3790 3102 3934 3175 Ἡρω-

2344 3184 2534 3240 διανῶν
2582 3196 2737 3241 τοῦτο
2796 3187 3161 3241 ἐϐουλεύσαντο
3209 3191 3275 3241 Οἱ
3321 3185 3380 3242 δι
3430 3186 3765 3263 Ἡρωδιανοὶ,
3813 3197 3937 3262 γένος

2342 3280 2431 3349 μὲν
2480 3275 2616 3348 ᾖσαν
2645 3273 2905 3330 Ἰουδαῖοι
2957 3283 3047 3331 καὶ
3080 3276 3250 3342 αὐτοὶ,
3294 3280 3381 3330 τὸν
3410 3275 3653 3353 Ἡρώδην
3682 3277 3740 3332 δὲ
3768 3277 3937 3352 διαφε-

2341 3370 2532 3440 ρόντως
2586 3364 2792 3438 ἐτίμων,
2823 3371 2911 3418 καὶ
2940 3366 3091 3419 αὐτὸν
3115 3366 3283 3437 ἔλεγον
3315 3364 3444 3420 εἶναι
3473 3370 3559 3420 τὸν
3580 3370 3683 3421 ὑπὸ
3706 3378 3803 3421 τῶν
3828 3389 3939 3442 προ·

2343 3464 2513 3528 φητῶν
2546 3455 3015 3527 καταγγελλὸμενον
3050 3460 3294 3526 Χριστόν.
3351 3456 3491 3509 Ἐπεὶ
3521 3459 3624 3531 γὰρ
3666 3464 3780 3511 τότε
3804 3477 3938 3533 προε-

2342 3546 2587 3616 φητεύετο
2646 3544 2804 3597 ἐλθεῖν
2861 3546 2885 3597 ὁ
2930 3547 3183 3618 Χριστὸς,
3254 3546 3334 3597 ὅτε
3391 3544 3614 3616 ἐκλείψει
3670 3548 3940 3620 ἡγούμενος

2343 3631 2627 3695 Ἰουδαῖος”
2682 3632 2875 3695 ἐξελιπε
2925 3631 2984 3687 δὲ
3043 3633 3126 3686 ἐπὶ
3174 3642 3273 3685 τῶν
3323 3636 3525 3707 ἡμερῶν
3575 3633 3817 3709 Ἡρώδου
3858 3643 3939 3689 τοῦ

2344 3721 2711 3797 βρεφοκτόνου·
2764 3731 2969 3794 πρῶτος
2996 3726 3099 3797 ’γὰρ
3156 3723 3305 3785 οὗτος
3348 3722 3650 3796 ἀλλόφυλος,
3688 3722 3938 3777 Ἰουδαῖων

2342 3810 2691 3865 ἐϐασΰευσεψ
2726 3810 3001 3881 ύπελαϐον,
3043 3812 3200 3865 αὐτὸν
3231 3810 3359 3864 εἶναι
3400 3817 3487 3865 τὸν
3517 3811 3939 3887 προσδοκώμενον

2341 3901 2502 3970 ἥξειν,
2560 3905 2650 3953 καὶ
2679 3903 2983 3971 συστάντες,
3044 3898 3183 3954 ἰδίαν
3240 3902 3437 3974 αἰρεσιν
3500 3901 3830 3961 ἐποιήσαντο.
3862 3905 3939 3955 Διὸ

2340 3994 2447 4054 καὶ,
2492 3988 2591 4042 ἀπὸ
2634 3997 2724 4041 τοῦ
2773 3986 2981 4063 σφόδρα
3006 3989 3166 4061 φιλεῖν
3216 3994 3300 4042 τὸν
3344 3988 3605 4063 Ἡρώδην,
3642 3988 3939 4065 Ἢρωδιανοὶ

2340 4078 2810 4150 ἐπωνομάσθησαν.
2838 4078 2994 4130 Ἀλλά
3020 4088 3187 4131 ταῦτα
3214 4083 3304 4151 μὲν
3328 4086 3443 4152 περὶ
3474 4088 3572 4132 τῶν
3596 4077 3937 4155 Ἠρωδιανῶν.

2268 3231 2306 3286 C

2341 4173 2465 4241 Περὶ
2500 4164 2558 4219 δε
2585 4176 2682 4219 τῶν
2714 4164 2989 4221 Ἰουδαίων
3021 4170 3044 4219 ὁ
3078 4174 3284 4231 Λουκᾶς
3311 4167 3464 4235 εἶπεν,
3503 4172 3582 4221 ὅτι
3614 4168 3941 4227 ἐπλήσθησαν

2339 4256 2518 4317 ἀνοίας
2571 4262 2660 4309 καὶ
2702 4254 2967 4309 διελάλουν
3014 4262 3140 4331 πρὸς
3196 4257 3463 4324 ἀλλήλους,
3496 4264 3545 4311 τὶ
3576 4256 3636 4309 ἂν
3682 4263 3940 4317 ποιήσειαν

2338 4353 2411 4416 τῷ
2439 4348 2649 4403 Ἰησοῦ.
2694 4352 2795 4398 Καὶ
2844 4349 2945 4420 γὰρ
2978 4347 3035 4399 ού
3092 4352 3243 4415 μόνον
3272 4347 3329 4398 ού
3370 4350 3793 4419 κατεπλάγησαν,
3827 4345 3943 4398 ἀλλά

2338 4441 2427 4486 καὶ
2497 4438 2855 4497 σκοτισθέντες
2923 4438 3021 4487 ὑπὸ
3087 4445 3175 4496 τῆς
3259 4434 3576 4508 βασκανίας,
3653 4436 3941 4495 ἐπὶ-ἠθησαν

2341 4523 2637 4585 ἀσυνεσίας.
2688 4530 2788 4577 Καὶ
2814 4533 2994 4599 πρῶτα
3052 4528 3141 4597 μὲν
3204 4525 3579 4590 συνελάλησοιν,
3611 4532 3662 4577 τὶ
3718 4526 3776 4577 ἂν
3804 4531 3943 4581 ποιή-

2261 4587 2306 4640 D

2340 4631 2481 4665 σειαν
2559 4613 2701 4683 αύτῷ
2770 4616 2949 4682 κακὸν,
3024 4612 3135 4667 εἶτα
3221 4614 3687 4668 συνεϐουλεύσαντο
3765 4614 3941 4668 ἀνελεῖν

2338 4701 2512 4757 αὐτόν.

2406 4881 2463 4933 Ὀ
2511 4878 2567 4934 δὲ
2634 4882 2843 4943 Ἰησοῦς
2900 4914 2967 4922 —
3036 4881 3241 4935 ἐκεῖθεν.
3302 4888 3418 4955 Χρὴ
3497 4887 3597 4953 γὰρ
3657 4881 3940 4956 ἀναχωρεῖν

2338 4969 2437 5021 ἀπὸ
2468 4979 2567 5022 τῶν
2619 4981 2871 5045 πονηρῶν,
2921 4976 3120 5044 καὶμὴ
3166 4969 3549 5046 ῥιψοκινδύνως
3612 4972 3798 5045 ἐφιέναι
3833 4975 3938 5043 (76)

2599 5096 2646 5130 ⁷⁴
2680 5096 2817 5152 Luc.
2855 5113 2932 5163 v1,
2980 5098 3061 5151 lt.

1820 5243 2043 5313 Variae
2060 5244 2388 5315 lectiones
2406 5255 2689 5314 etnotae.

606 5387 853 5467 .(74)7Ad
876 5389 959 5453 id,
980 5389 1138 5459 quod
1167 5389 1560 5461 interrogatus
1575 5390 1793 5461 fuerat,
1823 5407 1941 5449 non
1969 5392 2131 5464 quod
2150 5393 2225 5451 ab

562 5466 641 5513 eis
675 5466 1170 5529 interrogaverat.
1948 5508 1951 5509 ν

775 5532 805 5587 ἡ
840 5530 970 5603 καρὸ
985 5538 1056 5587 ία.

633 5600 747 5676 (76)
779 5600 997 5676 ἀφιέναι.
1032 5606 1097 5657 Λ.
1138 5606 1255 5676 Hoc
1296 5619 1538 5676 prorsus
1579 5604 1840 5662 alienum
1883 5608 1989 5661 est.
2034 5606 2099 5662 In
2125 5605 2219 5663 illo

563 5675 766 5729 autem
805 5673 1142 5742 intelligitur
1191 5673 1389 5734 ἑαυτόν.
1446 5676 1560 5734 Sed
1603 5677 1897 5734 vocabulo
1937 5681 2218 5754 ἀνακωρεῢν

2338 5393 2655 5464 respondet
2686 5392 2861 5448 etiam
2896 5394 3109 5447 ἐπιέναι.
3147 5396 3470 5452 Hentenius
3496 5404 3694 5453 tamen
3720 5397 3942 5452 videtur

2337 5465 2514 5540 etiam
2543 5464 2833 5540 reperisse
2857 5464 3066 5540 ἐφιέναι.
3102 5467 3276 5522 Aliud
3306 5474 3506 5526 autem
3538 5476 3625 5525 est
3653 5472 3844 5540 ἐφιέναι
3873 5476 3940 5536 τῷ

2340 5538 2505 5610 θυμῷ,
2537 5532 2655 5597 ταῖς
2685 5532 3054 5610 ἡδυπαθείαις,
3086 5543 3141 5593 et
3162 5540 3396 5608 similia,
3425 5541 3484 5596 id
3508 5548 3597 5596 est
3617 5532 3937 5610 indulgere,

2333 5608 2493 5663 aliud
2526 5611 2716 5679 ἐφιέναι
2739 5616 2849 5668 ταῖς
2876 5608 3038 5681 ἄλλων
3063 5614 3298 5681 μανίαις,
3324 5611 3385 5667 id
3413 5616 3500 5668 est
3520 5627 3586 5669 se
3608 5608 3938 5677 immittere,

2330 5690 2742 5754 προσχωρῆσαι,
2784 5680 3081 5754 προσρίψαι
3101 5681 3301 5737 ἑαυτόν.
