4108 6402
196 388 295 446 373
1206 401 1576 461 COMMENT.
1616 401 1688 459 IN
1725 397 2180 459 MATTH/EUM.
2230 426 2299 438 —
2338 395 2493 453 CAP.
2533 393 2684 450 XXI.
3524 387 3628 446 3⁵74

205 514 316 577 ταῖς
347 521 572 587 μανίαις
596 521 812 580 αὐτῶν.
846 524 994 599 Ἀμα
1016 523 1073 579 δέ
1100 531 1204 591 καὶ,
1245 530 1389 579 οὔπω
1414 525 1651 585 ἰλήλυθεν
1682 528 1707 585 ἡ
1747 527 1856 600 ὥρα

1966 522 2217 579 insanire
2242 521 2604 595 permittere.
2625 517 2814 577 Simul
2842 514 3192 589 etiam,quia
3217 510 3494 571 nondum
3524 512 3629 570 ad-

212 613 297 659 τοῦ
337 607 575 661 θανάτου
610 612 818 683 αὐτοῦ,
865 619 957 668 καὶ
986 612 1092 669 ἔδει
1112 616 1325 677 πολλοὺς
1351 618 1425 669 ἔτι
1454 619 1849 692 θεραπευθῆναι,

1966 617 2203 671 venerat
2227 617 2463 684 tempus
2523 611 2730 667 mortis
2779 608 2986 682 ipsius,
3035 606 3378 678 multosque
3427 604 3628 661 adhuc

222 700 307 749 καὶ
328 695 640 752 ἂπολαῦσαι
680 710 778 764 τῆς
805 699 844 756 δ
850 700 1166 768 ιδασκαλίας
1195 705 1375 759 αὐτοῦ.

1966 702 2279 776 oportebat
2304 701 2498 757 curari
2526 716 2591 756 ac
2624 698 2741 755 frui
2772 698 3045 755 doctrina
3072 696 3228 768 ejus.

297 792 398 841 Καὶ
433 818 491 828 -
536 793 881 848 ποιήσωσιν.
916 794 1170 847 Ἐνταῦθα
1214 797 1294 865 τὸ,
1347 794 1707 867 Ἐπετίμησεν,
1741 793 1855 845 ἀντι

2035 794 2201 848 Vers.
2241 792 2323 846 16.
2356 791 2432 846 Et
2459 821 2527 830 —-
2551 806 2605 843 ν.
2639 790 2734 846 15.
2771 789 3066 859 facerent.
3094 786 3219 841 Hoc
3245 784 3310 840 in
3335 783 3467 842 loco
3498 798 3628 841 ver-

234 884 342 944 τοῦ,
373 878 736 951 Παρήγγειλπ,
797 886 891 935 καὶ
947 882 1355 956 ἓξησφαλίσατο.
1410 888 1592 937 Σκόπει
1632 880 1709 947 δὲ,
1744 890 1855 945 πῶς

1966 882 2110 938 bum
2166 880 2445 953 ἐπετίμησε
2498 879 2855 935 intermutus
2918 882 3022 941 est,
3089 872 3471 932 tantumdem
3526 888 3628 930 va-

237 972 317 1019 καὶ
347 975 446 1018 τῶν
470 970 771 1021 νοσούντων
797 969 1135 1044 ἐπιμελεῖται,
1168 978 1257 1026 καὶ
1282 976 1367 1025 τὸν
1399 976 1579 1046 φθόνον
1596 981 1696 1025 τῶν
1718 974 1855 1023 Ἰου-

1966 970 2059 1038 let,
2093 985 2164 1027 ac
2204 970 2251 1025 si
2305 969 2494 1025 dicas.
2535 967 2808 1039 Praecepit
2837 970 2892 1021 et
2940 963 3121 1021 variis
3158 962 3362 1019 verbis
3416 960 3624 1019 suasit.

238 1051 401 1107 δαίων
459 1059 764 1133 θεραπεύει,
805 1061 1195 1134 παραγγέλλων,
1230 1063 1312 1114 ἵνα
1339 1067 1408 1135 μὴ
1449 1065 1662 1136 φανερόν
1697 1061 1852 1113 αὐτὸν

1966 1059 2101 1115 Vide
2163 1062 2364 1115 autem
2429 1056 2739 1129 quomodo
2814 1057 3169 1128 aegrotorum
3255 1066 3465 1108 curam
3522 1050 3628 1107 ha-

234 1150 557 1213 ποιήσωσιν,
609 1149 693 1199 ὅτι
750 1150 1038 1222 θεραπεύει.
1070 1157 1234 1204 Τοῦτο
1253 1155 1351 1225 γὰρ
1384 1151 1673 1217 ἀκούοντες,
1708 1149 1853 1223 ἔμελ-

1966 1148 2075 1214 bet,
2122 1151 2179 1205 et
2231 1147 2575 1205 Iudaeorum
2628 1145 2851 1202 devitat
2908 1142 3219 1210 invidiam,
3269 1139 3624 1214 praecipiens

234 1231 319 1284 λον
371 1235 460 1287 ἐπὶ
512 1233 693 1289 πλεῖον
723 1236 1123 1312 ἑξαγριοῦσθαι.
1187 1241 1329 1294 Ἐπεὶ
1361 1238 1419 1294 δι
1453 1242 1552 1293 ύπὸ
1582 1242 1852 1315 μακροθυ-

1966 1252 2037 1292 ne
2067 1254 2126 1291 se
2156 1235 2541 1291 manifestum
2569 1233 2832 1290 facerent
2861 1230 3027 1305 quod
3056 1234 3291 1287 curaret
3316 1245 3333 1297 ;
3366 1229 3627 1302 plerum-

230 1327 360 1395 μίας
389 1325 590 1388 πολλῆς
622 1324 847 1380 ἐποιεῖτο
876 1333 969 1388 τὴν
998 1332 1243 1388 τοιαύτην
1273 1330 1651 1404 παραγγελίαν,
1680 1333 1854 1403 αἱρού-

1966 1342 2079 1398 que
2109 1326 2269 1381 enim
2297 1325 2566 1381 futurum
2597 1326 2740 1389 erat,
2774 1326 2840 1378 ut
2874 1322 2989 1378 hoc
3038 1319 3341 1377 audientes
3372 1331 3624 1390 exaspe-

230 1431 384 1483 μενος
434 1415 677 1486 μάλιστα
735 1416 1195 1489 συγκαλύπτεσθαι
1252 1423 1346 1478 τήν
1426 1420 1611 1472 ἑαυτοῦ
1668 1417 1848 1492 δόξαν,

1966 1419 2256 1472 rarentur.
2295 1414 2444 1480 Quia
2465 1418 2669 1469 autem
2717 1410 3073 1481 hujusmodi
3109 1412 3476 1481 praeceptum
3503 1421 3624 1478 prae

231 1503 361 1575 ὅπερ
401 1512 496 1556 τοῦ
532 1510 608 1576 μὴ
643 1504 960 1568 ἐξάπτεσθαι
996 1512 1210 1569 τούτους
1262 1509 1330 1570 εἰς
1375 1508 1582 1562 πλείονα
1637 1516 1848 1582 μανίαν,

1966 1518 2184 1574 magna
2212 1502 2676 1560 mansuetudine
2707 1515 2778 1557 ac
2806 1500 3048 1558 lenitate
3076 1497 3353 1563 faciebat,
3390 1495 3625 1553 malens

229 1594 438 1665 εἰσάγει
465 1597 558 1646 τόν
597 1600 866 1669 προφήτην
892 1599 917 1649 6
967 1597 1355 1670 εύαγγελιστὴς,
1386 1610 1852 1674 προαναφωνοῦντα

1966 1609 2134 1649 suam
2199 1592 2454 1665 gloriam
2503 1590 2734 1663 penitus
2776 1588 3081 1655 occultari,
3142 1600 3333 1659 quam
3383 1584 3495 1674 hos
3544 1581 3626 1641 ad

230 1686 324 1739 τήν
347 1686 607 1742 τοιαύτην
634 1685 793 1737 αὑτοῦ
845 1688 1209 1760 μακροθυμίαν
1242 1694 1330 1741 καὶ
1362 1688 1711 1756 ἀνεξικακίαν,
1764 1695 1850 1744 καὶ

1966 1683 2257 1755 majorem
2304 1680 2602 1737 insaniam
2656 1678 2920 1748 accendi,
2981 1675 3204 1735 inducit
3263 1673 3625 1747 prophetam

233 1774 419 1841 "0‘?-
1960 1770 2347 1841 evangelista,
2374 1769 2479 1843 qui
2511 1769 2587 1825 de
2613 1772 2779 1826 tanta
2795 1768 2926 1839 ejus
2946 1765 3188 1823 lenitate
3217 1779 3289 1822 ac
3312 1760 3627 1823 tolerantia

1885 1875 1930 1930 Β
1960 1860 2106 1918 olim
2131 1860 2325 1917 fuerat
2344 1859 2601 1926 locutus,
2633 1861 2691 1914 et
2718 1856 2862 1913 dicit
2890 1872 2905 1913 :

309 1950 487 2012 Ὅπως
518 1983 587 1992 —
621 1955 863 2025 ᾑρέτισα.
890 1960 1161 2030 Προσὼπῳ
1179 1964 1269 2010 τού
1286 1962 1490 2030 Πατρός
1506 1962 1671 2012 ταῦτά
1692 1980 1850 2032 φησιν

2030 1949 2199 2007 Vers.
2236 1950 2317 2005 16.
2352 1949 2427 2005 Ut
2455 1964 2601 2003 —v.
2640 1948 2729 2003 18.
2760 1945 2951 2017 Elegi.
3017 1945 3152 2000 Haec
3205 1942 3323 1999 sub
3369 1956 3627 2013 persona

238 2037 382 2093 Ἰδού
425 2040 451 2093 ὁ
485 2047 621 2104 Παῖς
659 2062 782 2115 μου,
828 2045 856 2095 6
903 2050 1194 2117 μονογενής.
1246 2079 1315 2087 -—
1370 2047 1464 2100 ’⁸ον
1510 2044 1569 2101 δι
1608 2050 1845 2121 ἡρέτισα,

1966 2039 2145 2095 Patris
2192 2038 2333 2094 dicit
2366 2056 2380 2091 :
2410 2038 2558 2094 Ecce
2599 2036 2792 2092 Filius
2840 2049 3001 2091 meus
3052 2032 3410 2103 unigenitus,
3449 2046 3624 2102 quem

236 2127 356 2181 ἀντὶ
380 2137 497 2199 τοῦ,
536 2129 631 2183 ‘Ov
658 2136 940 2208 προέκρινα
962 2136 1185 2189 πάντων.
1213 2136 1355 2190 Ἐπεὶ
1377 2133 1437 2189 δὲ
1460 2134 1671 2190 διπλοῡ5
1707 2138 1849 2191 ἐστὶν

1966 2127 2130 2199 elegi,
2162 2127 2278 2185 hoc
2320 2131 2411 2183 est
2456 2126 2741 2182 omnibus
2786 2122 3034 2197 praetuli.
3085 2121 3235 2188 Quia
3264 2123 3467 2177 autem
3499 2120 3624 2176 duo

242 2220 271 2271 6
298 2223 551 2289 Χριστός·
592 2224 655 2273 τὸ
699 2224 811 2293 μεν,
858 2220 917 2276 Ὀ
962 2229 1090 2285 Παῖς
1118 2244 1241 2297 μου,
1287 2222 1577 2283 δηλωτικόν
1618 2226 1729 2279 ἔστι
1759 2235 1851 2289 τῆς

1966 2218 2221 2274 continet
2243 2217 2303 2273 in
2345 2231 2408 2273 se
2455 2215 2722 2271 Christus
2756 2228 2769 2267 ε
2802 2213 2863 2269 in
2912 2228 2983 2269 eo
3013 2210 3181 2284 quod
3236 2209 3399 2283 dicit,
3428 2208 3625 2265 Filius

249 2308 503 2368 θεότητος
534 2312 591 2360 τό
621 2306 702 2378 δι,
723 2316 816 2362 Ὂν
838 2312 1077 2387 ᾑρέτισα,
1107 2322 1202 2375 τῆς
1228 2312 1641 2388 ἆνθρωπότητος.
1665 2320 1765 2370 Καὶ
1786 2318 1852 2369 τὰ

1966 2306 2333 2363 divinitatem
2396 2302 2735 2375 signiﬁcat;
2770 2301 2835 2359 in
2889 2316 2958 2358 eo
3011 2315 3155 2357 vero
3194 2298 3362 2373 quod
3406 2297 3621 2355 addit:

241 2394 361 2457 ἕξῆς
382 2393 460 2463 δέ,
493 2404 732 2454 τοιαῦτα.

1966 2396 2140 2462 Quem
2159 2394 2324 2466 elegi,
2351 2394 2811 2451 humanitatem.
2845 2393 2913 2448 Et
2941 2389 3156 2447 similia
3186 2391 3329 2445 sunt
3369 2402 3509 2459 qum
3539 2400 3628 2443 se-

1960 2488 2258 2557 quuntur.

303 2573 368 2626 '0
402 2572 676 2645 ἀγαπητὸς
728 2608 797 2619 -
846 2597 968 2650 μου.
1024 2580 1245 2654 Ὁμοίως
1290 2585 1350 2635 τὸ
1378 2585 1488 2655 μὲν,
1543 2583 1602 2636 '0
1646 2582 1850 2656 ἀγαπη-

2030 2575 2196 2630 Vers.
2230 2576 2318 2631 18.
2353 2572 2615 2629 Dilectus
2644 2600 2714 2613 —
2741 2585 2893 2628 mea.
2944 2568 3075 2626 Pari
3104 2566 3311 2635 modo,
3358 2565 3625 2623 Dilectus

236 2667 326 2723 τός
387 2683 517 2735 μου,
568 2668 687 2737 περὶ
724 2674 815 2728 τῆς
864 2668 1104 2731 θεότητος
1153 2673 1375 2743 εἴρηται⁸
1419 2675 1476 2723 τὸ
1532 2669 1610 2740 δὲ,
1666 2673 1755 2736 Εἰς
1796 2673 1849 2727 ὃν

1966 2678 2137 2728 meus,
2176 2662 2251 2718 de
2273 2661 2582 2718 divinitate
2618 2659 2848 2717 dictum
2880 2662 3007 2726 est;
3045 2658 3115 2714 In
3145 2672 3261 2729 quo
3293 2656 3433 2713 bene
3468 2670 3628 2713 com-

238 2747 537 2811 εύδόκησεν
595 2755 625 2812 ἠ
684 2754 842 2827 ψυχή
905 2777 1027 2829 μου,
1094 2764 1213 2832 περὶ
1285 2767 1378 2820 τῆς
1430 2760 1846 2835 ἀνθρωπότητος.

1966 2752 2190 2824 placuit
2220 2751 2335 2807 sibi
2359 2751 2558 2808 anima
2599 2765 2747 2817 mea,
2788 2749 2864 2806 de
2892 2746 3287 2805 humanitate.
3317 2747 3415 2801 Est
3467 2744 3630 2801 enim

238 2840 396 2894 Ἐστι
424 2844 533 2917 γὰρ
589 2841 862 2914 ἀγαπητὸς
908 2848 1020 2918 μεν,
1078 2850 1143 2907 ὡς
1180 2855 1456 2920 μονογενής
1514 2834 1531 2884 ἒ
1575 2850 1642 2912 εἰς
1695 2851 1850 2904 αὐτόν

1966 2842 2206 2897 dilectus
2256 2839 2616 2911 unigenitus.
2668 2838 2734 2894 In
2762 2838 2896 2910 ipso
2926 2852 3064 2893 vero
3108 2835 3264 2893 bene
3313 2834 3430 2891 sibi
3468 2849 3628 2891 com-

240 2926 301 2983 δε
325 2928 641 3001 εὐδόκησεν,
695 2935 765 2995 ὡς
794 2933 882 2997 ἐἰς
910 2935 1065 2988 αὐτόν
1108 2935 1577 3011 ἐπαναπαυομενος’
1620 2941 1650 3000 ἡ
1683 2943 1750 3004 ὡς
1778 2938 1850 2994 δι’

1966 2929 2205 3003 placuit,
2228 2932 2432 3002 utpote
2461 2928 2522 2984 in
2546 2942 2670 3000 quo
2700 2926 3034 2984 oblectatus
3062 2928 3153 2982 est
3178 2942 3193 2986 :
3227 2922 3320 2979 vel
3335 2928 3630 2996 tanquam

239 3020 403 3072 αὐτοῦ
446 3022 517 3073 τὰ
546 3019 721 3092 ἁγαθὰ
772 3023 1011 3091 θελήσας,
1037 3023 1169 3098 λέγω
1201 3023 1294 3096 δὴ,
1321 3032 1415 3086 τὴν
1444 3034 1708 3102 σωτηρίαν
1751 3037 1852 3082 τῶν

1966 3019 2021 3075 in
2046 3034 2138 3090 eo,
2171 3033 2279 3091 per
2304 3032 2485 3090 quem
2526 3016 2691 3074 bona
2731 3014 2941 3082 voluit,
2975 3014 3113 3070 dico
3157 3027 3302 3070 sane
3326 3012 3630 3070 homimuu

239 3108 551 3184 ἀνθρώπων.

1966 3107 2241 3165 salutem.

311 3198 428 3251 Καὶ
450 3196 845 3274 βαπτιζομένου
863 3199 897 3255 δ
900 3206 922 3255 ἓ
942 3202 1103 3256 αὐτοῦ
1132 3208 1378 3265 τοιαύτην
1401 3207 1425 3258 6
1449 3211 1629 3279 Πατὴρ
1661 3208 1851 3261 ἄνωθεν

2034 3196 2171 3269 Ipso
2196 3209 2441 3270 quoque
2476 3192 2798 3266 baptizato,
2821 3191 3173 3263 hujusmodi
3198 3205 3410 3248 vocem
3450 3190 3628 3249 Pater

237 3290 357 3359 (T7)
420 3287 589 3361 ἀφῆκε
638 3295 807 3361 φωνὴν
844 3290 1021 3344 εἰπών’
1061 3293 1231 3355 Οὗτός
1264 3292 1403 3347 ἔστιν
1457 3298 1483 3348 6
1531 3298 1651 3358 Υἱός
1694 3315 1795 3369 μου
1826 3297 1851 3348 ὁ

1966 3286 2222 3359 desuper
2246 3284 2458 3350 emisit,
2474 3282 2712 3351 dicens;
2744 3281 2861 3338 Hic
2872 3286 2958 3338 est
2982 3280 3173 3338 Filius
3190 3297 3343 3338 meus
3371 3280 3624 3337 dilectus

238 3376 542 3448 ἀγαπητὸς,
565 3382 613 3431 ἓν
645 3377 685 3432 ὦ
713 3380 999 3440 εὐδόκησα.
1038 3387 1139 3436 Καὶ
1172 3387 1416 3442 τοιαύτην
1440 3384 1589 3439 κάκεῖ
1617 3390 1711 3444 τὴν
1741 3385 1852 3450 ἐξὴ-

1966 3377 2022 3432 ίη
2034 3392 2147 3449 quo
2165 3374 2318 3432 mihi
2340 3375 2480 3430 bene
2499 3371 2912 3442 complacitum
2928 3376 3011 3428 est
3028 3371 3076 3407 ⁷⁵
3096 3394 3109 3439 ;
3141 3370 3517 3442 similemque
3548 3368 3632 3426 ibi

234 3488 401 3539 γησιν
441 3469 827 3542 ἐποιησάμεθα,
864 3476 964 3525 Καὶ
1004 3475 1259 3544 ἀνάγνωθι
1284 3472 1547 3545 κάκείνην,
1596 3481 1685 3528 καὶ
1747 3474 1853 3528 ἐπι-

1966 3466 2238 3522 dedimus
2267 3462 2710 3521 enarrationem
2742 3478 2756 3516 :
2782 3461 2914 3531 lege
2939 3476 3077 3531 ergo
3109 3463 3164 3517 et
3192 3459 3381 3527 illam,
3412 3462 3479 3515 ut
3499 3458 3634 3531 pla-

233 3566 419 3630 γνώσῃ
452 3562 795 3632 σαφέστερον.
845 3564 915 3613 Τὸ
946 3558 1025 3627 δι,
1075 3564 1163 3623 Εἰς
1215 3564 1269 3615 ὄν
1312 3561 1597 3622 εὐδόκησεν
1628 3566 1657 3623 ἡ
1694 3563 1849 3637 ψυχή

1966 3556 2099 3611 nius
2128 3553 2444 3623 intelligas.
2496 3551 2669 3618 Quod
2725 3555 2927 3608 autem
2979 3549 3189 3607 dicitur
3219 3550 3290 3606 In
3329 3564 3445 3621 quo
3496 3548 3633 3604 bene

234 3668 361 3719 μου,
397 3647 517 3701 ἀντὶ
544 3656 658 3715 τοῦ,
691 3649 776 3710 Εἰς
801 3650 855 3702 ὃν
890 3646 1161 3709 εὐδόκησα
1332 3653 1501 3706 Πολλά
1534 3650 1593 3707 δὲ
1637 3662 1856 3706 τοιαῦτα

1966 3644 2322 3713 complacuit
2347 3641 2459 3698 sibi
2490 3642 2691 3697 anima
2720 3657 2856 3704 mea,
2895 3639 3056 3697 idem
3086 3642 3174 3696 est
3200 3638 3383 3711 quod,
3409 3638 3483 3694 In
3509 3651 3632 3717 quo

235 3738 661 3811 ἆνθρωποπρεπῆ
692 3758 850 3811 φησιν
878 3741 908 3797 ἡ
940 3739 1145 3793 Πάλαιὰ
1159 3747 1334 3815 Γραφὴ
1361 3742 1445 3796 ἐπὶ
1464 3751 1555 3795 τοῦ
1579 3749 1731 3807 Θεοῦ,
1763 3740 1856 3798 δια

1967 3732 2255 3792 benemihi
2269 3732 2685 3802 complacitum
2698 3736 2802 3787 est.
2835 3730 3012 3786 Multa
3027 3729 3167 3785 item
3184 3726 3384 3799 esthuj
3396 3725 3634 3783 usmodl

233 3833 329 3886 τὴν
358 3830 660 3899 παχύτητα
686 3836 779 3888 τῆς
801 3824 1033 3890 διανοίας
1063 3838 1163 3881 τῶν
1192 3829 1461 3905 Ἐϐραίων,
1494 3832 1530 3885 ἅ
1547 3838 1656 3905 χρὴ
1688 3835 1856 3887 πάντα

1966 3841 2096 3897 qua
2128 3824 2446 3879 hominum
2485 3825 2640 3889 sunt,
2697 3820 2917 3877 Veteris
2947 3818 3309 3876 Testamenti
3332 3817 3637 3891 Scriptura

236 3919 547 3991 θεοπρεπῶς
570 3924 721 3971 νοεῖν.

1966 3913 2109 3969 dicit
2128 3912 2204 3969 de
2224 3912 2362 3978 Deo,
2380 3915 2618 3983 propter
2640 3925 2908 3967 crassam
2922 3909 3307 3967 Hebraeorum
3326 3910 3590 3964 mentem
3618 3920 3633 3963 :

1966 4018 2104 4075 quae
2135 4000 2673 4073 omniaintelligere
2703 4001 2937 4071 oportet
2963 4001 3264 4070 quatenus
3279 3996 3402 4055 Deo
3420 4010 3639 4057 conve-

1967 4091 2165 4148 niunt.

306 4175 486 4227 Θήσω
530 4200 601 4211 -—
646 4169 821 4225 αὐτόν.
881 4177 1006 4245 Περὶ
1053 4180 1145 4227 τοῦ
1198 4174 1689 4250 ἔνανθρωπήσαντος
1740 4178 1856 4230 υἱοῦ

232 4267 395 4312 τοῦτο
450 4262 677 4333 εἴρηκεν,
736 4262 806 4323 ὡς
859 4267 978 4335 περὶ
1026 4261 1320 4338 ἀνθρώπου,
1369 4269 1752 4338 προκόπτοντος
1792 4274 1853 4341 τῇ

2037 4270 2201 4326 Vers.
2256 4270 2340 4324 18.
2407 4267 2633 4324 Ponam
2684 4295 2739 4309 -—
2779 4280 2931 4323 eum.
3001 4264 3083 4323 De
3140 4262 3286 4320 Filio
3359 4262 3637 4320 incarna-

229 4350 579 4421 ἐπιφοιτήσει
609 4357 701 4402 τοῦ
733 4356 989 4419 παναγίου
1025 4355 1343 4426 Πνεύματος,
1373 4359 1492 4429 περὶ
1520 4354 1581 4407 οὖ
1611 4360 1742 4427 φησὶ
1769 4360 1856 4407 καὶ

1966 4362 2027 4415 to
2056 4357 2172 4415 hoc
2211 4355 2379 4419 dixit,
2424 4358 2716 4426 tanquam
2766 4353 2842 4410 de
2870 4352 3115 4411 homine
3150 4350 3499 4425 proﬁciente
3530 4365 3641 4424 per

230 4439 257 4489 6
281 4443 529 4499 Λουκᾶς·
558 4443 631 4492 Τό
658 4437 717 4493 δὲ
750 4437 964 4494 παιδίον
996 4442 1183 4505 ηὔξανε
1217 4448 1307 4496 καὶ
1336 4442 1672 4518 ἐκραταιοῦτο
1712 4447 1856 4498 πνεύ-

1967 4460 2280 4504 accessum
2310 4443 2569 4516 Spiritus
2611 4442 2824 4500 sancti.
2865 4442 2948 4498 De
2986 4458 3108 4515 quo
3152 4441 3333 4498 etiam
3357 4440 3506 4497 dixit
3533 4442 3643 4497 Lu-

228 4548 393 4599 ματι,
454 4528 806 4602 πληρούμενον
857 4536 1062 4604 σοφίας,
1129 4537 1218 4585 καὶ
1259 4536 1421 4606 χάρις
1477 4541 1612 4588 Θεοῦ
1663 4531 1722 4592 ἦν
1780 4532 1856 4587 ἐπ’

1968 4553 2069 4594 cas
2113 4554 2128 4592 :
2161 4535 2319 4591 Puer
2348 4540 2546 4591 autem
2591 4532 2893 4590 crescebat
2921 4538 2977 4589 et
3008 4530 3505 4589 corroborabatur
3524 4529 3644 4600 spi-

230 4617 395 4671 αὐτὸ.
927 4591 937 4604 ⁸
1259 4591 1301 4605 η
1340 4591 1349 4606 ⁸
1680 4591 1686 4592 ⁷
1891 4591 1936 4645 D
1966 4591 2115 4691 ritu,
2133 4624 2343 4695 plenus
2360 4622 2679 4691 sapientia,
2696 4628 2749 4677 et
2760 4621 2961 4692 gratia
2978 4622 3091 4678 Dei
3100 4627 3228 4678 erat
3239 4636 3416 4689 super
3425 4591 3641 4675 illum"

313 4712 425 4761 Καὶ
461 4738 529 4748 —
554 4706 853 4780 ἀπαγγελεῖ.
889 4713 1074 4783 Κρίσιν
1102 4709 1258 4775 λέιοει,
1287 4714 1375 4763 τὸν
1406 4711 1731 4783 εύαγγελικὸν
1774 4719 1856 4765 νό-

2038 4717 2203 4777 Vers.
2228 4713 2310 4769 l8.
2342 4712 2423 4769 Et
2437 4744 2504 4752 -—
2521 4710 2925 4768 annuntiabit.
2940 4713 2966 4766 J
2975 4710 3239 4766 udicium
3259 4709 3642 4778 vocatlegem

230 4817 358 4869 μον,
403 4800 459 4848 ὃν
485 4796 713 4869 ἐχήρυξε
740 4804 842 4858 τοῖς
872 4800 1038 4851 ἔθνεσι
1070 4796 1165 4852 διὰ
1210 4808 1310 4851 τῶν
1343 4799 1661 4853 ἀποστόλων·
1696 4803 1724 4862 ἡ
1765 4808 1856 4863 τὴν

1968 4803 2400 4873 evangelicum,
2439 4816 2624 4873 quam
2648 4815 2755 4872 per
2778 4800 3087 4872 apostolos
3112 4798 3476 4872 praedicavit
3501 4814 3642 4868 gen-

233 4883 649 4959 δικαιοκρισίαν
698 4886 879 4952 αὐτοῦ,
931 4888 1012 4940 ὅτι
1054 4896 1155 4941 τῶν
1184 4885 1454 4942 Ἰουδαίων
1504 4889 1856 4964 ἀπωσαμένων

1966 4892 2145 4949 tibus.
2182 4890 2289 4947 Vel
2326 4891 2555 4961 justum
2580 4888 2876 4961 judicium
2908 4904 3111 4957 suum,
3152 4904 3275 4961 quo
3307 4886 3644 4959 repellenti-

234 4979 429 5041 αὑτὸν,
464 4976 812 5049 προσελάϐετο
855 4980 920 5031 τὰ
950 4980 1090 5037 ἔθνη.
1132 4985 1297 5033 Τοῦτο
1324 4982 1425 5053 γὰρ
1458 4978 1644 5035 δικαία
1685 4988 1856 5057 κρίσις

1966 4981 2081 5038 bus
2133 4997 2273 5037 eum
2326 4978 2567 5043 Judzeis,
2627 4979 2962 5051 assumpsit
3019 4983 3244 5049 gentes.
3317 4976 3442 5033 Hoc
3481 4975 3645 5032 enim

235 5072 410 5129 ὅντως
459 5072 627 5134 ἑστιν,
684 5068 767 5121 ἵνα
796 5072 867 5140 μὴ
902 5068 1068 5122 φίλεον
1097 5068 1355 5129 ἀπόληται
1402 5074 1460 5123 τό
1509 5071 1729 5145 πλάσμα
1756 5082 1856 5126 τῶν

1968 5086 2109 5128 vere
2135 5070 2366 5143 justum
2408 5067 2833 5140 estjudicium,
2864 5083 2942 5125 ne
2973 5067 3227 5126 omnino
3256 5071 3459 5139 pereat
3484 5064 3645 5138 opus

238 5168 447 5235 χειρῶν
474 5152 656 5212 αὐτοῦ.

1966 5174 2253 5217 manuum
2280 5157 2432 5231 ejus.

317 5249 435 5302 Οὔκ
485 5279 554 5289 -
614 5251 706 5307 τὴν
759 5251 931 5320 φωνὴν
989 5247 1169 5302 αὐτοῦ.
1216 5250 1313 5301 Διὰ
1358 5256 1526 5302 ταῦτα
1588 5253 1651 5303 τὰ
1699 5250 1855 5325 ῥητὰ,

2040 5249 2205 5307 Vers.
2273 5249 2369 5305 19.
2430 5246 2571 5307 Νοη
2619 5277 2690 5290 -
2718 5262 2913 5305 vocem
2994 5248 3143 5318 ejus.
3228 5246 3471 5318 Propter
3523 5243 3648 5302 bene

242 5346 343 5397 τήν
396 5339 522 5397 ὅλην
551 5338 800 5392 ἔντίθεικε
855 5342 1192 5411 προφητείαν.
1241 5340 1593 5413 Μακρὸθυμος
1638 5342 1740 5413 γὰρ
1791 5340 1856 5392 ὢν

1966 5339 2153 5396 verba
2185 5342 2370 5395 tatam
2399 5337 2606 5410 posuit
2664 5337 3068 5411 prophetiam.
3104 5338 3253 5395 Nam
3294 5350 3435 5393 cum
3473 5349 3648 5395 man-

321 5494 368 5529 ⁷⁸
394 5492 600 5550 Matth.
623 5508 707 5558 nr,
746 5495 834 5548 19.
923 5490 973 5526 ⁷⁸
1012 5490 1149 5548 Luc.
1178 5507 1239 5559 ιι,
1270 5493 1358 5548 40.

1479 5592 1695 5661 Variae
1744 5591 2076 5663 lectiones
2128 5599 2194 5658 et
2214 5598 2426 5660 notae.

310 5740 422 5818 (77)
441 5740 602 5801 αὐτοῦ
630 5751 753 5818 pro
794 5732 997 5789 ἄωθιιεν
1024 5739 1086 5789 Δ.
