4108 6380
568 368 675 426 375
1891 362 2231 426 EUTHYMII

2272 359 2576 418 ZIGABEN
2584 362 2604 420 Ι
3800 374 3887 431 3τὸ

568 498 773 551 suetus
810 498 964 553 esset
1000 511 1072 553 ac
1110 496 1420 565 mitis,non
1445 496 1747 553 contendit
1776 494 2066 551 adversus
2087 504 2224 547 con-

2339 492 2427 539 καὶ
2470 494 2783 562 πραότατος,
2842 491 2935 543 οῦκ
2993 494 3141 565 ἤριζε
3206 494 3332 567 πρὸς
3383 496 3495 554 τοὺς
3550 493 3885 569 ἀντιλέγοντας,

569 585 940 652 tradictores,
991 602 1186 659 neque
1215 586 1493 642 clamavit
1521 587 1668 643 dum
1709 587 1760 641 ei
1786 586 1951 642 ﬂeret
1980 582 2222 653 injuria:

567 689 764 746 neque
798 675 939 731 foris
982 675 1202 741 docuit,
1237 680 1299 732 ut
1349 677 1574 731 faciunt
1616 676 1676 731 hi
1710 675 1813 747 qui
1863 674 2118 743 gloriam
2149 670 2227 728 ab

567 762 910 819 hominibus
950 770 1241 821 venantur
1273 783 1285 820 :
1321 765 1425 820 sed
1456 765 1516 820 in
1563 764 1800 836 templo,
1855 768 1912 819 et
1936 762 1997 817 in
2048 776 2230 832 syna-

569 855 738 921 gogis
766 854 1135 917 Iudaeorum.
1164 870 1234 910 ac
1264 855 1323 910 in
1354 854 1602 910 desertis
1659 853 1961 909 montibus
1991 856 2048 907 et
2074 851 2225 906 litto-

565 940 750 997 ribus.
780 942 1002 999 Deinde
1032 944 1343 1015 prophetat
1367 945 1545 1001 etiam
1573 944 1645 999 de
1684 942 2086 1001 imbecillitate
2134 955 2229 998 eo-

567 1046 725 1101 rum,
751 1032 859 1104 qui
894 1032 1035 1089 huic
1057 1034 1446 1105 omnipotenti
1476 1033 1595 1090 Deo
1626 1032 2081 1090 insidiabantur.

642 1211 804 1266 Vers.
826 1213 912 1267 20.
945 1211 1321 1267 Arundinem
1352 1241 1420 1251 —
1449 1212 1803 1283 confringet.
1860 1209 2230 1267 Arundinem

569 1300 805 1356 vocavit
832 1299 1090 1366 Judaaos,
1114 1304 1410 1372 tanquam
1461 1300 1639 1357 valde
1686 1299 2013 1357 imbecilles
2039 1299 2116 1356 ad
2146 1298 2231 1354 di-

568 1390 769 1445 vinam
820 1393 878 1446 et
926 1389 1464 1462 inexpugnabilem
1518 1390 1647 1461 ejus
1709 1389 2037 1463 potentiam
2073 1404 2084 1443 :
2120 1402 2232 1445 nec

570 1481 777 1534 tamen
822 1478 1165 1551 simpliciter
1203 1479 1579 1549 arundinem,
1634 1480 1740 1535 sed
1770 1479 1951 1536 etiam
1983 1477 2230 1534 commi-

569 1571 804 1635 nutam,
849 1568 927 1624 ad
958 1571 1350 1638 augmentum
1378 1569 1779 1625 imbecilitatis
1800 1583 2030 1624 eorum.
2083 1567 2231 1623 Dicit

572 1671 716 1727 ergo
772 1658 937 1729 quod
1003 1662 1209 1728 potens
1255 1658 1331 1713 sit
1369 1674 1469 1714 eos
1522 1662 1816 1729 tanquam
1874 1657 2228 1714 arundinem

572 1746 1003 1802 comminutam
1025 1746 1301 1803 facillime
1318 1747 1724 1817 confringere:
1748 1762 1860 1803 nec
1892 1750 2091 1804 tamen
2113 1747 2229 1802 hoc

572 1835 748 1891 faciet
792 1840 1033 1907 propter
1060 1852 1229 1891 suam
1257 1836 1635 1893 tolerantiam
1664 1853 1735 1894 ac
1765 1837 2146 1893 modestiam.

645 1927 803 1981 Vers.
856 1924 943 1980 20.
974 1926 1146 1981 Et—
1175 1942 1287 1982 non
1330 1927 1688 1997 exstinguet.
1744 1926 1842 1983 Hic
1883 1925 2224 1981 Judaeorum

571 2030 894 2071 accensum
925 2014 1210 2071 adversus
1239 2016 1533 2071 Christum
1591 2016 1864 2073 animum
1900 2014 2223 2085 signiﬁcat:

571 2118 755 2175 quem
782 2104 958 2160 etiam
987 2104 1169 2160 linum
1200 2106 1501 2177 fumigans
1528 2105 1813 2177 appellat,
1844 2109 1909 2161 ut
1946 2104 2113 2177 quod
2138 2104 2231 2159 fa-

572 2192 683 2247 cile
739 2192 1041 2261 exstingui
1091 2194 1274 2264 possit
1313 2210 1349 2250 a
1388 2194 1600 2250 Christi
1641 2196 1853 2251 virtute
1888 2211 1902 2249 ;
1942 2194 2091 2250 sicut
2140 2193 2231 2251 fa-

571 2280 678 2337 cile
709 2282 847 2353 quis
879 2281 1202 2351 exstinguit
1252 2282 1441 2339 linum
1480 2283 1805 2353 fumigans,
1856 2284 1916 2340 id
1978 2288 2066 2340 est
2137 2298 2231 2339 ac-

572 2386 837 2427 censum.
894 2371 1107 2427 Linum
1153 2375 1350 2428 autem
1401 2373 1461 2429 in
1504 2373 1621 2429 hoc
1662 2372 1795 2430 loco
1847 2373 2231 2443 intelligimus

570 2474 845 2531 pannum
901 2460 1124 2516 lineum
1167 2461 1376 2517 :hunc
1445 2465 1650 2519 tamen
1712 2478 1835 2519 non
1900 2463 2233 2533 exstinguat

569 2552 632 2605 ut
690 2549 975 2620 patiatur,
1027 2554 1085 2605 et
1146 2550 1434 2621 patiendo
1494 2550 1858 2608 demonstret
1921 2552 2230 2617 eximium,

532 2672 535 2673 ν
571 2652 753 2709 quem
778 2653 921 2707 erga
949 2654 1061 2693 nos
1095 2638 1243 2708 gerit
1268 2654 1539 2695 amorem
1571 2657 1769 2697 suum.

643 2728 803 2781 Vers.
862 2726 949 2782 20.
1008 2729 1203 2785 Donec
1253 2757 1324 2770 —
1376 2744 1563 2785 suum.
1635 2731 1835 2787 Donec
1883 2731 1960 2788 ad
2049 2731 2234 2789 ﬁnem

572 2829 643 2870 ac
655 2814 1076 2885 perfectionem
1090 2815 1349 2873 deducat
1368 2817 1660 2887 justitiam
1688 2834 1883 2875 suam.
1928 2819 2236 2891 Siquidem

570 2902 883 2959 victoriam
906 2903 1241 2961 nominavit
1281 2904 1706 2977 perfectionem
1753 2923 1766 2973 ;
1798 2906 2095 2977 judicium
2136 2923 2240 2965 au.

572 2995 714 3055 tem,
753 2990 1068 3062 justitiam.
1104 2994 1429 3065 Quousque
1447 2994 1776 3067 adimpleat
1799 2996 2096 3066 justitiam
2140 3014 2235 3054 su-

572 3094 672 3136 am
711 3095 1028 3153 quousque
1062 3098 1203 3137 suas
1249 3083 1533 3141 ostendat
1581 3084 2061 3154 justiﬁcationes,
2108 3087 2235 3160 qui-

569 3168 685 3224 bus
740 3170 978 3227 Judaeos
1044 3172 1427 3239 condemnet,
1466 3176 1522 3229 et
1570 3189 1776 3230 eorum
1822 3174 2236 3247 impudentem

571 3262 839 3329 amputet
888 3260 1321 3316 causationem.
1380 3264 1516 3317 Post
1562 3262 1655 3318 hee
1694 3268 1893 3320 autem
1941 3267 2235 3337 tanquam

570 3361 721 3404 vasa
773 3348 961 3418 ﬁguli,
1009 3349 1348 3420 confringet
1397 3351 1531 3407 illos
1584 3351 1643 3407 in
1694 3353 1863 3422 virga
1906 3353 2097 3411 ferrea
2161 3356 2229 3421 ⁷⁷,

570 3437 909 3510 principatu
968 3440 1380 3496 Romanorum
1428 3440 1781 3511 Vespasiani
1823 3448 1880 3500 et
1934 3443 2059 3507 Titi,
2135 3444 2235 3517 qui

573 3541 677 3583 eos
718 3526 1079 3585 obsederunt
1116 3544 1185 3585 ac
1216 3528 1779 3587 exterminaverunt.

644 3616 806 3681 Vers,
858 3620 948 3675 21.
1008 3618 1091 3674 Et
1132 3649 1201 3659 —
1259 3620 1592 3690 sperabunt.
1674 3620 2012 3692 Sperabunt
2069 3623 2234 3695 quod

574 3704 741 3761 solus
772 3705 975 3777 ipsein
1007 3705 1435 3765 afﬂictionibus
1464 3708 1800 3781 invocatus,
1835 3717 2144 3782 sperantes
2172 3712 2236 3770 in

573 3808 636 3851 se
662 3793 961 3855 liberabit.

735 3975 889 4033 CAP.
918 3975 1081 4033 XXII.
1114 3977 1201 4034 De
1228 3977 1583 4036 dwmom'aco
1623 3992 1769 4035 σιεσο
1803 3984 1859 4035 et
1888 3986 2069 4037 muto.

646 4151 805 4206 Vers.
888 4151 974 4207 22.
1066 4153 1233 4210 Tunc
1269 4184 1339 4195 —
1392 4155 1631 4212 videret.
1686 4157 1873 4215 Dictio
1912 4162 2025 4211 τότε
2071 4162 2231 4217 tunc.

520 4280 527 4285 .
571 4240 873 4297 interdum
931 4244 1442 4317 consequentiam,
1486 4261 1806 4319 rerumque
1844 4248 2118 4305 ordinem
2158 4250 2235 4304 si-

574 4329 835 4399 gniﬁcat,
871 4332 1024 4388 sicut
1054 4334 1233 4390 etiam
1294 4334 1590 4407 particula
1647 4335 1694 4389 ἐν
1734 4336 1907 4407 ἐκείνῳ
1944 4346 2014 4409 τῷ
2044 4346 2233 4411 καιρῷ,

572 4422 635 4475 in
716 4422 828 4477 illo
912 4430 1172 4493 tempore
1231 4425 1667 4499 :quandoque
1756 4442 1897 4483 vero
1984 4432 2236 4501 utraque

571 4508 791 4564 harum
850 4514 1087 4582 tempus
1154 4512 1348 4569 solum
1410 4514 1673 4580 denotat,
1735 4532 1858 4588 quo
1902 4515 2062 4574 facta
2101 4521 2239 4574 sunt

574 4612 645 4652 ea
684 4611 818 4667 quae
848 4599 1106 4656 dicenda
1155 4607 1319 4657 sunt.
1370 4608 1551 4675 Κωφόν
1604 4610 1806 4661 autem
1856 4606 1971 4662 hoc
1996 4606 2056 4662 in
2104 4606 2237 4663 loco

572 4691 802 4742 mutum
860 4689 1201 4758 accipimus,
1244 4707 1364 4746 non
1402 4694 1679 4759 surdum,
1727 4700 1792 4749 ut
1831 4696 1989 4750 alibi.

645 4776 908 4831 Vers.23.
942 4777 1305 4834 Et—David
1334 4782 1363 4834 ?
1383 4782 1717 4838 Audierant
1737 4783 1892 4838 enim
1922 4784 2238 4855 prophetas

574 4863 1020 4936 annuntiantes,
1083 4868 1250 4939 quod
1320 4870 1394 4926 de
1436 4872 1661 4928 semine
1706 4872 1895 4929 David
1950 4878 2236 4932 venturus

573 4960 727 5011 esset
756 4954 1041 5011 Christus.

643 5044 810 5100 Vers.
868 5045 955 5100 24.
1005 5046 1289 5104 Pharisai
1338 5056 1531 5107 autem
1583 5081 1651 5093 —
1682 5052 2115 5109 daemoniorum.
2149 5055 2239 5111 In-

572 5133 736 5191 vidia
788 5150 1053 5208 namque
1110 5138 1186 5194 ad
1242 5138 1494 5209 gloriam
1544 5140 1696 5197 illius
1726 5142 2179 5200 .mordebantur
2221 5162 2232 5199 :

575 5223 712 5281 ideo
752 5225 932 5282 etiam
990 5243 1101 5285 sua
1171 5245 1356 5301 prava
1422 5232 1823 5299 aemulatione,
1896 5249 2018 5289 non
2074 5250 2237 5291 vere-

572 5313 792 5372 bantur
831 5317 1049 5373 divinae
1098 5325 1327 5377 naturas
1382 5336 1563 5393 opera
1620 5323 1920 5379 Beelzebul
1979 5325 2237 5380 ascribe-

572 5419 655 5467 re,
708 5404 969 5462 dicentes
1009 5424 1024 5462 :
1058 5408 1156 5465 Hic
1199 5426 1319 5466 non
1380 5412 1537 5482 ejicit
1620 5413 1919 5471 daemonia
1987 5414 2234 5486 propria

571 5493 804 5567 virtute,
823 5496 928 5552 sed
958 5513 1062 5570 per
1092 5500 1423 5568 Beelzebul,
1483 5503 1646 5559 illum
1710 5505 1821 5560 sibi
1873 5504 2231 5563 familiarem

643 5676 692 5712 ⁷⁷
718 5674 876 5735 Psal.
900 5693 959 5746 ιι,
990 5682 1042 5735 9.

2339 574 2453 629 οὐδ’
2501 577 2817 651 ἐκραύγαζεν
2864 578 3224 652 ἀδικούμενος,
3286 578 3399 634 οὐδ’
3458 583 3504 635 ἐν
3555 593 3656 646 τοῖς
3702 585 3891 658 ἀγοραῖς

2339 663 2640 734 ἐδίδασκεν,
2702 672 2770 729 ὡς
2845 672 2894 722 οἱ
2948 675 3041 728 τὴν
3098 673 3242 743 παρὰ
3277 679 3375 723 τῶν
3430 670 3697 745 ἀνθρώπων
3756 673 3891 740 δόξαν

2341 757 2635 827 θηρεύοντες
2679 778 2690 789 ·
2728 757 2836 809 ἀλλ’
2889 758 2937 810 ἐν
2984 766 3056 829 τῷ
3095 759 3231 831 ἱερῷ,
3278 764 3368 812 καὶ
3418 759 3465 811 ἓν
3520 770 3629 821 ταῖς
3682 782 3895 836 συναγω-

2338 852 2454 915 γαῖς
2483 854 2581 897 τῶν
2635 844 2929 913 Ἰουδαίων,
2982 853 3071 901 καὶ
3106 847 3155 899 ἐν
3194 852 3453 922 ἐρημίαις,
3502 856 3588 903 καὶ
3618 855 3769 924 ὄρεσι,
3820 861 3895 907 καὶ

2340 936 2621 1007 αἰγιαλοῖς,
2704 934 2833 991 Εἶτα
2898 940 3229 1009 προφητεύει,
3292 944 3380 991 καὶ
3447 945 3561 1012 περὶ
3626 948 3714 1002 τῆς
3782 944 3895 1013 οἶγαν

2341 1024 2602 1086 ἀσθενείας
2647 1033 2745 1079 τῶν
2794 1025 3220 1079 ἐπιϐουλευόντων
3250 1034 3321 1098 τῷ
3366 1025 3732 1101 παντοδυνάμῳ
3756 1034 3898 1102 τούτῳ

2342 1122 2476 1185 Θεῷ.

2413 1204 2653 1279 Κάλαμον
2682 1237 2753 1246 -
2776 1205 3037 1269 κατεάξει.
3086 1205 3323 1278 Κάλομον
3354 1207 3608 1279 ὠνόμασε,
3654 1211 3765 1269 τοὺς
3794 1209 3901 1262 Ἰου-

2342 1290 2545 1358 δαίους,
2595 1297 2662 1359 ὡς
2689 1294 3096 1357 ἀσθενεστάτους
3126 1298 3258 1371 πρὸς
3303 1300 3398 1354 τὴν
3441 1297 3578 1348 θείαν
3604 1301 3689 1349 καὶ
3716 1298 3902 1368 ἄμαχον

2340 1384 2500 1436 αὐτοῦ
2550 1380 2791 1457 δύναμιν,
2852 1388 2941 1436 καὶ
2970 1379 3093 1437 οὐδε
3119 1383 3293 1447 ἁπλῶς
3322 1385 3570 1456 κάλαμον,
3604 1383 3724 1437 ἀλλὰ
3756 1405 3905 1439 συντι-

2340 1476 2613 1547 τριμμένον
2644 1493 2769 1547 προς
2822 1473 3060 1525 ἐπίτασιν
3115 1481 3210 1536 τῆς
3264 1472 3528 1535 ἀσθενείας
3565 1474 3742 1527 αὐτῶν.
3778 1481 3906 1546 Λέγει

2341 1559 2420 1628 δὲ,
2448 1563 2527 1614 ὅτι
2577 1559 2877 1635 δυνάμενος,
2906 1565 2976 1624 ὡς
3008 1562 3236 1635 κάλαμον
3271 1567 3684 1635 συτετριμμένον,
3716 1563 3902 1614 εὐκολὼ-

2337 1671 2467 1703 τατα
2498 1649 2784 1704 διακλάσαι
2810 1651 3019 1717 αὐτοὺς,
3048 1654 3186 1723 ὅμως
3238 1652 3295 1704 οὗ
3327 1657 3537 1711 ποιησει
3567 1659 3731 1716 τοῦτο,
3760 1648 3827 1703 δι’
3845 1652 3905 1704 οἰ-

2338 1746 2479 1793 κείαν
2510 1744 2894 1815 μακροθυμίαν.

2269 1846 2310 1898 Β

2414 1925 2514 1974 Καὶ
2545 1952 2611 1960 —
2661 1920 2720 1972 οὗ
2754 1920 2948 1975 σϐέσει.
3002 1923 3255 1974 Ἐνταῦθα
3300 1918 3455 1980 δηλοί
3484 1926 3568 1974 τὸν
3595 1921 3907 1993 ἀναπτόμενον

2344 2013 2505 2082 θυμὸν
2531 2018 2629 2062 τῶν
2669 2006 2938 2064 Ἰουδαίων
2992 2012 3127 2063 κατὰ
3177 2019 3267 2063 τοῦ
3318 2018 3574 2082 Σωτῆρος,
3608 2011 3658 2063 ὃν
3690 2016 3773 2063 καὶ
3795 2011 3909 2061 λῑνον

2339 2104 2618 2171 τυφόμενον
2669 2104 3114 2172 προσηγόρευσεν,
3170 2102 3235 2160 ὡς
3289 2100 3479 2175 εὐχερῆ
3531 2104 3652 2175 πρὸς
3688 2104 3744 2150 τό
3788 2098 3911 2151 σϐέν-

2340 2191 2548 2253 νυσθαι,
2584 2185 2676 2241 διὰ
2706 2194 2799 2245 τὴν
2830 2193 2991 2260 ἰσχὺν
3019 2196 3109 2240 τοῦ
3144 2196 3399 2263 Χριστοῦ,
3435 2186 3714 2261 δυναμένου
3742 2207 3911 2240 κατασ-

2342 2276 2493 2329 ϐέσαι
2519 2285 2699 2329 τοῦτον
2743 2278 2876 2329 οὕτω
2905 2275 3127 2351 ῥᾳδίως,
3160 2280 3231 2340 ὡς
3256 2280 3317 2330 οἶν
3368 2278 3530 2351 σϐέσῃ
3585 2298 3661 2338 τις
3688 2277 3814 2329 λίνον
3841 2296 3914 2328 τυ·

2342 2371 2575 2438 φόμενον,
2612 2369 2850 2419 τούτεστι
2877 2365 3262 2438 ἀνακαιόμενον.
3299 2373 3453 2420 Λῖνον
3508 2364 3565 2419 δὲ
3593 2374 3677 2417 νῦν
3705 2373 3911 2437 νοοῦμεν,

2341 2459 2399 2507 τό
2424 2455 2590 2507 λινοῦν
2636 2456 2813 2529 ¹ῥάκος.
2848 2455 2983 2508 Ἀλλ’
3010 2456 3068 2507 οὐ
3102 2454 3276 2507 σϐέσει
3306 2464 3509 2522 τοῦτον,
3540 2456 3621 2507 ἱνα
3648 2457 3801 2526 πάθῃ,
3840 2458 3914 2504 καὶ

2346 2545 2427 2598 ἵνα
2456 2547 2633 2597 παθὼν
2666 2541 2809 2617 δείξῃ
2844 2548 2935 2602 τὴν
2966 2550 3082 2617 περὶ
3124 2546 3261 2616 ἡμᾶς
3287 2543 3703 2618 ὑπερϐάλλουσαν
3731 2541 3914 2614 ἀγάπην

2346 2634 2525 2686 αὐτοῦ.

2415 2723 2542 2784 Ἐως
2568 2754 2635 2763 ——
2661 2723 2839 2777 αὐτοῦ.
2862 2721 2994 2784 Ἐως
3015 2724 3075 2774 ἄν
3099 2722 3329 2795 ἐξενέγκῃ
3360 2722 3435 2784 εἰς
3456 2722 3595 2783 τελος
3621 2726 3708 2779 τὴν
3739 2717 3915 2773 δικαιο-

2350 2816 2507 2870 σύνην
2533 2812 2711 2866 αὐτοῦ.
2746 2819 2907 2873 Νἰκος
2956 2814 3045 2883 μὲν
3080 2813 3203 2883 γὰρ,
3250 2814 3307 2863 τό
3339 2812 3499 2872 τέλος.
3532 2816 3700 2883 κρίσιν
3725 2806 3818 2880 ξδὲ,
3842 2812 3916 2863 τὴν

2350 2900 2691 2959 δικαιοσύνην
2739 2902 3021 2973 ὠνόμασεν.
3066 2899 3193 2960 Ἐως
3224 2901 3283 2951 οἷν
3331 2900 3586 2973 πληρώσῃ
3618 2903 3707 2957 την
3738 2895 3915 2951 δικαιο-

2354 2996 2513 3049 σύνην
2538 2992 2713 3057 αὑτοῦ,
2735 2992 2827 3051 ἕως
2852 2992 2911 3041 ἄν
2930 2986 3257 3051 ἐπιδείξηται
3281 2991 3347 3041 τὰ
3375 2990 3502 3061 παρ’
3528 2989 3706 3055 ἑαυτοῦ
3729 2984 3917 3039 δικαιώ-

2280 3080 2317 3133 C
2350 3102 2505 3154 ματα,
2540 3085 2605 3132 τὰ
2632 3076 3057 3141 καταδικάζοντα
3095 3082 3217 3139 τοὺς
3246 3075 3563 3145 Ἰουδαίους,
3609 3083 3694 3129 καὶ
3738 3094 3917 3147 περιαι-

2345 3179 2538 3246 ροῦντα
2566 3176 2740 3222 πᾶσαν
2768 3168 2934 3219 αὐτῶν
2968 3166 3318 3239 ἀναίσχυντον
3348 3168 3771 3242 πρόφασιν.Μετά
3789 3170 3918 3215 τοῦτο

2348 3256 2427 3324 δὲ,
2480 3264 2744 3333 συντρίφει
2775 3259 2984 3324 αὐτοὺς,
3037 3260 3100 3317 ὡς
3152 3259 3309 3314 σκεύη
3370 3260 3632 3332 κεραμέως
3662 3255 3707 3306 ἐν
3759 3249 3919 3327 ῥάϐδῳ

2348 3346 2569 3423 σιδηρᾷ,
2622 3356 2683 3420 τῇ
2729 3345 3013 3417 δυναστείᾳ
3064 3346 3163 3397 τῶν
3202 3345 3491 3417 Ῥωμαίων,
3546 3345 3919 3397 Οὐεσπασιανοῦ

2345 3444 2434 3490 καὶ
2485 3442 2664 3506 Τίτου,
2705 3445 2802 3490 τῶν
2844 3436 3296 3509 πολιορκησάντων
3350 3440 3443 3487 καὶ
3484 3433 3919 3505 ἐξολοθρευσάντων

2344 3528 2501 3582 αὐτού
2512 3548 2552 3588 ς.

2417 3622 2517 3671 Καὶ
2544 3615 2952 3682 -ἐλπισοῦσιν,
2995 3614 3353 3680 Ἐλπίσουσιν,
3414 3616 3495 3667 ὃτι
3523 3616 3612 3665 καὶ
3650 3616 3793 3684 μόνον
3829 3612 3921 3661 ὀνο-

2343 3708 2629 3781 μαζόμενος
2659 3705 2707 3759 ἐν
2734 3710 3044 3781 πειρασμοῖς
3075 3702 3319 3767 ἓξελεῖται
3370 3707 3489 3765 τοὺς
3537 3702 3824 3763 ἕλπίζοντας
3855 3695 3920 3749 ἐπ’

2344 3797 2506 3869 αὐτῷ.

2348 4000 2493 4050 ΚΕΦ.
2558 3993 2671 4048 ΚΗ.
2743 4000 2866 4069 Περὶ
2930 4002 3022 4047 τοῦ
3089 3992 3526 4066 δαιμονιζομένου
3590 3990 3777 4062 τυφλοῦ
3845 3989 3922 4037 καὶ

3055 4091 3250 4155 κωφοῦ.

2414 4178 2538 4227 Τότε
2579 4204 2644 4213 -
2674 4173 2896 4247 βλέπειν.
2930 4177 3000 4226 Τό
3049 4178 3185 4238 τότε,
3219 4174 3339 4224 ποτε
3398 4176 3488 4244 μὲν
3522 4169 3822 4223 ἀκολουθίαν
3850 4167 3928 4214 καὶ

2346 4264 2490 4327 τάξιν
2522 4265 2840 4338 πραγμάτων
2865 4268 3127 4335 σημαίνει,
3158 4263 3388 4333 καθάπερ
3433 4267 3523 4313 καὶ
3554 4264 3633 4324 τό,
3665 4265 3745 4326 Τῷ
3782 4251 3928 4326 καιρῶ

2348 4353 2541 4425 ἐκείνῳ·
2572 4356 2695 4405 ποτε
2745 4350 2803 4404 δὲ
2833 4358 2922 4404 καὶ
2962 4354 3116 4423 ἄμφω
3145 4355 3230 4403 τόν
3274 4355 3465 4422 χρόνον
3514 4354 3664 4422 μόνον
3706 4343 3927 4402 δηλοῦσι,

2271 4440 2316 4494 D
2347 4446 2462 4495 καθ’
2496 4446 2549 4495 ὃν
2580 4443 2807 4514 ἐγένοντο
2833 4446 2897 4494 τὰ
2917 4441 3141 4516 ῥηθῆναι
3163 4440 3428 4513 μέλλοντα.
3460 4441 3639 4510 κωφόν
3663 4432 3720 4488 δε
3739 4432 3930 4497 νῦν,τὸν

2348 4532 2533 4585 ἀλαλον
2564 4534 2715 4605 λεγει.

2421 4792 2521 4838 Καὶ
2585 4815 2652 4824 -
2718 4780 2886 4837 Δαυίδ
2949 4801 2961 4849 ;
3029 4782 3251 4834 Ἤκουον
3324 4782 3425 4853 γὰρ
3511 4786 3609 4830 τῶν
3674 4776 3935 4849 προφητῶν

2347 4875 2762 4947 καταγγελόντων
2806 4872 2860 4924 ἐκ
2915 4876 3206 4944 σπέρματος
3262 4866 3427 4923 Δαυὲδ
3481 4868 3620 4930 ὀξειν
3658 4868 3744 4916 τόν
3790 4862 3933 4933 Χρισ·

2346 4971 2451 5021 τόν.

2421 5059 2485 5108 Oi
2533 5052 2592 5107 δε
2636 5060 2915 5126 Φαρισαιοι
2960 5082 3029 5092 -
3079 5046 3379 5122 δαιμονίων.
3455 5042 3768 5099 Ἐδάκνοντο
3823 5041 3939 5110 γὰρ,

2350 5146 2751 5207 ζηλοτυποῦντες
2802 5146 2895 5199 τὴν
2957 5137 3115 5202 δόξαν
3171 5139 3350 5192 αὐτοῦ.
3403 5139 3493 5189 Διὸ
3546 5140 3637 5186 καὶ
3702 5134 3799 5184 ὑπὸ
3854 5133 3940 5183 τῆς

2347 5236 2479 5305 ἄγαν
2536 5233 2827 5305 βασκανίας
2895 5230 2989 5282 οὐκ
3042 5224 3301 5301 ὶφείδοντο
3357 5233 3427 5295 τῷ
3475 5220 3773 5283 Βεελζεϐοὺλ
3846 5215 3942 5268 ἐπι-

2344 5329 2657 5398 γραφόμενοι
2708 5324 2773 5373 τα
2825 5324 2951 5391 ἔργα
2994 5328 3088 5380 τῆς
3147 5320 3288 5379 θείας
3335 5319 3555 5388 φύσεως,
3588 5319 3678 5364 καὶ
3703 5311 3936 5398 λέγοντες·

2346 5415 2511 5475 Οὗτος
2565 5412 2658 5465 ουκ
2706 5410 2937 5463 ἐκϐάλλει
2984 5411 3048 5460 τὰ
3112 5405 3361 5480 δαιμόνια
3413 5404 3461 5455 ἐν
3514 5404 3681 5472 οἰκείᾳ
3734 5396 3940 5467 δυνάμει

2346 5503 2452 5556 ἀλλ’
2506 5503 2553 5555 ἐν
2607 5511 2679 5572 τῷ
2736 5498 3051 5562 Βεελζεϐοὺλ,
3102 5500 3293 5550 ἔνοικον
3366 5500 3455 5547 καὶ
3507 5493 3650 5565 φίλον
3678 5493 3809 5561 ἔχων
3859 5482 3941 5534 au}-
