4108 6386
206 385 313 441 377

218 518 321 566 τόν.
412 516 516 564 Καὶ
592 510 847 584 ἀλλαχοῦ
937 515 1039 586 γὰρ
1120 511 1310 585 ἔλεγον,

223 609 353 675 ex“.

299 689 464 754 Εἰδὼς
520 722 593 731 -
644 691 849 752 αὐτοῖς.
911 694 1038 746 Καθ’
1106 692 1320 753 ἑαυτοὺς
1382 694 1482 766 ’γὰρ
1545 696 1698 742 τοῦτο
1748 686 1846 739 ἔλε-

228 803 339 852 γον,
400 782 713 855 φοϐούμενοι
765 786 856 834 τὸν
918 783 1109 855 ὄχλον·
1163 783 1318 844 αὐτὸς
1384 779 1443 834 δὲ
1501 777 1848 851 ἐδημοσίευσε

229 878 287 923 τό
382 881 476 933 τῆς
571 868 813 934 διανοίας
922 872 1087 924 αὐτῶν
1178 877 1489 945 μυστήριον,
1579 867 1848 921 κάντευθεν

230 958 504 1025 δεικνύων,
562 962 644 1013 ὅτι
699 965 830 1021 Θεὸς
863 960 1024 1015 ἐστιν.
1054 960 1190 1036 Ὅρα
1219 958 1300 1029 δὲ,
1355 963 1436 1013 ὅτι
1464 964 1553 1012 καὶ
1604 964 1849 1030 πρότερον

226 1056 318 1123 μὲν
357 1058 513 1103 τοῦτο
566 1052 953 1124 κατηγορηθεὶς
981 1050 1074 1103 οὐκ
1120 1051 1428 1121 ἐπετίμησεν
1476 1050 1673 1109 αὐτοῖς,
1706 1043 1849 1098 ἐνδι-

230 1137 355 1199 δούς
378 1149 581 1210 ⁶γνῶναι
621 1144 717 1198 τὴν
763 1140 927 1192 αὐτοῦ
958 1137 1197 1213 δύναμιν,
1239 1138 1340 1193 ἀπό
1387 1158 1441 1192 τε
1469 1146 1569 1191 τῶν
1612 1137 1852 1190 πλειόνων

228 1236 487 1301 στμείων,
544 1228 647 1281 ἀπὸ
697 1249 745 1282 τε
797 1237 893 1292 τῆς
946 1232 1074 1301 μετά
1120 1237 1271 1282 τοῦτο
1319 1226 1705 1288 διδασκαλίας·
1749 1224 1855 1277 ἐπεὶ

236 1317 299 1371 δὲ
360 1318 523 1371 πάλιν
574 1322 635 1370 τὸ
696 1319 824 1370 αὐτὸ
879 1318 1105 1389 λέγοντες
1153 1317 1405 1391 ἐπέμενον,
1464 1314 1614 1371 οὐδὲν
1668 1315 1856 1367 ἐκεῖθεν

226 1407 622 1479 βελτιωθέντες,
659 1406 885 1480 ἐπιτιμᾷ
924 1407 1124 1476 λοιπὸν,
1165 1413 1254 1460 καὶ
1296 1407 1553 1479 ἐξελέγχει
1591 1410 1685 1463 τὴν
1735 1405 1858 1455 τού-

221 1518 326 1549 των
360 1499 571 1552 ἄνοιαν.
602 1501 751 1551 Μιτὰ
790 1501 1090 1571 πραότητος
1120 1493 1181 1551 6“;
1210 1505 1363 1551 τοῦτο
1402 1506 1556 1567 ποιεῖ,
1594 1491 1856 1547 παιδεύων

227 1590 370 1658 ἡμᾶς
420 1589 605 1661 πράως
662 1586 896 1657 ἐλέγχειν
954 1590 1071 1647 τοὺς
1124 1587 1539 1659 ἁμαρτάνοντας.
1609 1586 1737 1639 Ἀπὸ
1799 1578 1858 1634 δὲ

222 1684 328 1727 τῶν
389 1685 545 1747 κοινῇ
603 1674 995 1747 συμϐαινόντων
1057 1684 1284 1729 ποιεῖται
1343 1680 1428 1727 τόν
1495 1674 1724 1745 ἔλεγχον,
1768 1672 1857 1725 καὶ

222 1762 657 1835 παραδείγματα
716 1762 965 1835 λαμϐάνει
1006 1766 1242 1836 γνώριμά
1297 1784 1351 1816 τε
1425 1769 1513 1815 καὶ
1580 1764 1854 1834 ιῖοιιιολοιγη-⁸

225 1874 380 1926 μινα,
441 1860 586 1923 (78},
642 1859 734 1906 καὶ
772 1858 895 1925 τρία
928 1871 939 1882 ·

462 1948 525 1994 τὸ
589 1940 671 2011 δὲ,
720 1948 922 2014 μέσης
966 1946 1026 1995 τὸ
1073 1938 1149 2008 δέ,
1214 1942 1546 2014 ἐλαχίστης·
1606 1941 1851 2014 βεϐαιῶν,

222 2036 327 2097 ὄτι,
398 2032 497 2083 κᾶν
549 2035 682 2102 μέγα
730 2051 783 2084 τι
839 2033 1103 2104 orae-tde
1160 2033 1277 2104 (79)
1334 2035 1464 2105 πρὸς
1533 2032 1703 2097 ἑαυτὸ,
1758 2030 1853 2083 κᾶν

224 2128 414 2192 μέσον,
458 2121 557 2172 κᾶν
589 2123 799 2194 μικρόν,
845 2120 1149 2175 ἀπόλλυται.

224 1963 362 2014 μεως
394 1962 407 1971 ’

314 2305 472 2350 Πᾶσα
524 2330 589 2337 —
640 2296 947 2370 ἐρημοῦται.
1003 2300 1392 2360 Στασιαξόντων
1453 2299 1704 2365 ἀλλήλοις,
1753 2308 1850 2352 τῶν

224 2390 593 2462 μερισθέντων
603 2431 615 2441 .

304 2483 411 2530 Καὶ
472 2483 628 2528 πᾶσα
681 2508 745 2517 -—
805 2479 1150 2536 σταθήσεται.
1222 2478 1296 2530 Οὐ
1357 2476 1701 2545 συστήσεται,
1760 2476 1853 2531 διὰ

220 2572 318 2621 τήν
348 2567 613 2639 ῥηθεῖσαν
640 2565 833 2617 αἰτίαν.

303 2662 410 2707 Καὶ
470 2655 515 2707 εἰ
581 2683 651 2695 -
700 2655 895 2719 αὐτούς
958 2655 1019 2707 Εἰ
1071 2657 1096 2706 ό
1136 2662 1384 2723 Σατανᾶς,
1436 2658 1463 2708 ό
1511 2658 1693 2731 ἄρχων
1750 2666 1850 2710 τῶν

226 2740 530 2815 δαιμόνων,
571 2746 660 2794 τὸν
705 2742 873 2803 ἁπλῶς
912 2750 1140 2797 Σατανᾶν
1184 2742 1362 2797 διώκει
1403 2744 1595 2817 βιαίως
1618 2765 1629 2775 ·
1665 2747 1722 2799 οὐ
1752 2749 1850 2817 ’γὰρ

224 2831 287 2881 ἂν
334 2832 467 2883 ἑκὼν
508 2850 637 2883 ποτε
679 2837 937 2904 καταλίπῃ
982 2837 1038 2883 τὸ
1083 2830 1223 2886 ἴδιον
1273 2834 1576 2909 οἰκητήριον
1611 2853 1621 2864 ·
1666 2836 1853 2909 ἐχθρὸς

222 2923 383 2972 ἔσται
442 2923 655 2982 πάντως
700 2922 726 2972 ό
776 2918 1089 2993 διωκόμενος
1149 2930 1221 2992 τῷ
1274 2918 1518 2975 διώκοντι
1547 2941 1559 2952 ·
1620 2930 1708 2976 καὶ
1747 2925 1852 2976 λοι-

224 3012 325 3059 πὸν
381 3010 503 3061 καθ’
555 3009 742 3061 ἑαυτοῦ
781 3012 1051 3082 ἐμερίσθη,
1134 3007 1493 3083 διαιρεθείσης
1563 3011 1647 3064 ἀπ’
1695 3014 1854 3065 αὐτοῦ

223 3107 326 3158 τῆς
376 3099 658 3168 ὑποταγῆς
708 3107 809 3149 τῶν
868 3095 1131 3170 δαιμόνων
1176 3118 1188 3130 ·
1236 3106 1326 3153 καὶ
1372 3110 1483 3162 πῶς
1535 3108 1854 3160 συστήσεται

222 3190 253 3244 ἡ
295 3186 558 3258 βασιλεία
606 3187 787 3248 αὐτοῦ,
824 3189 852 3237 τι
907 3192 1039 3260 πρὸς
1081 3187 1301 3250 αὐτούςς
1360 3188 1557 3261 [ὥστ-ε,
1597 3191 1707 3261 (80)
1752 3195 1856 3263 εἴγε

223 3281 433 3327 τούτων
466 3277 655 3348 ἅρχων
686 3274 849 3339 ἐστὶν,
892 3276 986 3328 οὐκ
1030 3275 1090 3327 ἂν
1140 3275 1404 3340 ἀπελάσας
1450 3281 1690 3340 τούτους,
1734 3299 1856 3331 στα-

225 3366 405 3436 σιάσῃ
462 3368 597 3436 πρὸς
652 3365 905 3436 αὖτοὺς,]
961 3361 1077 3418 οὐδ’
1125 3363 1185 3417 ἂν
1232 3364 1551 3441 ἐπικουρήσῃ
1600 3368 1858 3441 ἀνθρώπῳ

224 3456 371 3503 κατὰ
433 3448 710 3523 δαίμονος,
766 3450 881 3506 οὐδ’
927 3453 987 3505 ἂν
1039 3459 1237 3524 γένοιτό
1293 3474 1418 3508 ποτε
1474 3456 1857 3531 φιλάνθρωπος,

226 3540 676 3617 ἀνθρωποκτόνος
707 3543 775 3593 ὢν
809 3541 901 3594 ἀπ’
930 3541 1126 3616 ἀρχῆς.

306 3802 415 3852 Καὶ
464 3796 510 3849 εἰ
574 3828 637 3836 -
696 3795 1049 3863 ἐκϐάλλουσυ
1092 3800 1237 3851 Μετὰ
1292 3802 1387 3856 τὴν
1444 3803 1651 3872 πρώτην
1712 3796 1865 3853 λύσιν

228 3896 330 3949 τῆς
385 3890 732 3959 κατηγορίας,
780 3886 866 3938 ἐπὶ
921 3882 1167 3959 δευτέραν
1232 3890 1447 3960 ἔρχεται
1498 3891 1860 3961 σαφεστέραν·

228 3977 344 4029 ἐπεὶ
400 3980 504 4050 γὰρ
559 3981 649 4027 καὶ
698 3977 748 4027 οἱ
789 3977 1028 4047 μαθηταὶ
1076 3975 1237 4029 αὐτοῦ
1289 3973 1547 4049 δαίμονας
1602 3974 1865 4038 ἐξέϐαλλον

230 4064 369 4132 ἤδη,
414 4065 542 4139 παρ’
598 4064 762 4117 αὐτοῦ
808 4064 1051 4126 λαϐόντες
1079 4069 1173 4123 τὴν
1227 4064 1488 4131 ἐξουσίαν,
1537 4064 1637 4117 ἀπὸ
1671 4069 1864 4118 τούτων

232 4156 445 4228 ἐλέγχει
497 4154 688 4227 μᾶλλον
746 4159 867 4216 τοὺς
937 4159 1277 4228 Φαρισαίους,
1341 4151 1434 4208 διὰ
1490 4157 1672 4227 φθόνον
1712 4160 1864 4226 μόνον

230 4252 457 4296 τοιαῦτα
551 4252 985 4317 κατηγοροῦντας
1042 4243 1228 4301 αὐτοῦ,
1323 4249 1421 4297 Καὶ
1484 4246 1581 4317 γὰρ
1657 4242 1865 4305 ἐκείνοις

229 4331 391 4386 οὐδὲν
445 4353 500 4384 τι
552 4341 785 4385 τοιοῦτον
855 4331 1212 4403 ἐγκαλοῦντες,
1272 4333 1432 4386 αὐτοῦ
1488 4339 1645 4405 μόνου
1702 4353 1865 4392 κατη-

228 4431 430 4496 γόρουν
510 4424 701 4485 οὗτώς.
784 4425 937 4484 Υίοὺς
1006 4419 1065 4474 δε
1130 4422 1320 4488 αὐτῶν,
1367 4427 1488 4484 τοὺς
1547 4421 1863 4485 ἀποστόλους

231 4516 507 4583 ὠνόμασε,
570 4508 663 4563 διὰ
730 4514 788 4563 τό
838 4515 962 4573 τοὺς
1027 4516 1344 4584 φαρισαίους
1415 4516 1645 4585 πατέρων
1718 4513 1863 4575 τάξιν

232 4602 450 4673 ἐπέχειν
522 4599 571 4651 ἐν
652 4596 954 4667 Ἰουδαίοις,
1014 4598 1068 4663 ἐξ
1124 4603 1192 4651 ὡν
1245 4603 1293 4652 οἱ
1368 4599 1648 4652 ἀπόστολοι
1706 4608 1863 4659 κατή-
1898 4585 1939 4637 Ῑ)

230 4710 411 4761 7mm,
464 4696 557 4741 καὶ
603 4686 696 4741 δια
744 4693 802 4742 τό
846 4693 1125 4764 νεωτέρους
1181 4688 1381 4741 ἐκείνων
1440 4686 1570 4741 εἶναι
1623 4710 1859 4753 τουτους.

234 4782 442 4852 Ἑρωτᾲ
488 4780 600 4839 οὖν,
653 4781 733 4832 ὅτι
780 4780 862 4833 Ἐν
919 4784 1022 4830 τίνι
1070 4767 1429 4832 ἐκϐάλλουσιν.
1463 4778 1621 4854 Ἀρα
1677 4780 1723 4832 ἐν
1777 4788 1858 4833 Bs-

236 4868 483 4933 ελζεϐού).
507 4887 523 4938 ς
576 4873 666 4921 καὶ
723 4876 831 4929 πῶς
898 4868 956 4920 οὐ
1017 4875 1354 4942 κατηγορεῖτε
1407 4874 1497 4920 καὶ
1541 4868 1751 4935 adrui»;
1805 4870 1863 4923 Εἰ

238 4957 297 5011 δι
336 4958 389 5011 ἐν
428 4962 622 5033 χάριτι
654 4965 809 5023 Θεοῦ,
872 4961 1001 5019 Θεὸς
1054 4959 1159 5031 ἄρα
1210 4956 1308 5029 ἐγώ
1338 4977 1351 4989 ο
1397 4957 1448 5010 ἐν
1494 4964 1564 5027 τῷ
1606 4957 1708 5029 ἐμῳ
1762 4962 1859 5031 γὰρ

238 5048 459 5123 ὀνόματι
496 5051 563 5101 τὰ
598 5044 855 5122 δαιμόνια
889 5043 1173 5102 διώκουσι.

309 5140 405 5191 Διςί
462 5147 613 5193 τοῦτο
684 5168 754 5179 --
834 5141 1029 5211 κριταί.
1106 5140 1245 5188 Διότι
1314 5140 1485 5188 τοίνυν
1554 5136 1862 5190 ἐκϐάλλουσι

309 5321 350 5355 ³³
383 5321 596 5379 Matth.
643 5333 746 5387 vn,
790 5319 876 5371 18.

1222 383 1591 442 COMMENT.
1636 381 1710 438 IN
1751 376 2196 437 MATTHABUM.
2236 407 2304 419 —
2344 375 2503 433 CAP.
2536 373 2712 431 XXII.

3517 368 3622 429 378

1388 513 1465 565 ὅτι
1544 507 1845 570 Βεελζεϐοὺλ

1977 503 2185 560 labens
2215 506 2273 559 et
2317 503 2603 560 amicum.
2635 504 2784 559 Nam
2836 500 2972 558 alibi
3017 514 3261 573 quoque
3290 497 3571 555 dicebant
3605 512 3618 553 :

1953 592 2261 651 Beelzebul
2293 592 2466 650 habet
2499 594 2568 648 ⁷⁸.

2028 682 2196 738 Vers.
2263 686 2356 739 24.
2445 683 2645 739 Sciens
2710 713 2779 721 —
2831 682 2976 738 illis.
3032 681 3206 752 Apud
3261 695 3389 735 sese
3463 679 3620 733 enim

1955 772 2076 828 hinc
2104 771 2385 828 dicebant
2432 772 2706 827 timentes
2757 771 3013 836 turbam,
3100 771 3227 842 ipse
3257 786 3396 826 vero
3437 781 3631 825 secre'

1958 865 2087 918 tum
2116 861 2307 917 cordis
2337 876 2545 917 eorum
2567 860 2914 933 publicavit,
2946 862 3086 917 hinc
3111 861 3289 917 etiam
3334 861 3520 915 Deum
3562 876 3624 915 se

1960 967 2095 1007 esse
2125 950 2571 1006 demonstrans.
2618 949 2764 1006 Vide
2791 955 2990 1007 autem
3040 950 3200 1022 quod
3243 950 3503 1022 primum
3542 948 3623 1005 ob

1961 1041 2021 1096 id
2061 1047 2380 1095 accusatus
2412 1054 2533 1094 non
2579 1039 2924 1109 objurgavit
2964 1039 3117 1106 illos,
3148 1040 3623 1110 cOgnoscendam

1962 1130 2206 1185 tradens
2238 1144 2412 1184 suam
2459 1129 2808 1200 potentiam,
2864 1134 2987 1186 tum
3021 1144 3059 1185 a
3104 1129 3377 1201 pluribus
3413 1129 3620 1198 signis,

1969 1222 2091 1275 tum
2126 1235 2160 1272 a
2204 1217 2500 1281 doctrina,
2534 1233 2670 1290 quae
2704 1218 2843 1274 inde
2900 1223 3100 1275 secuta
3139 1224 3244 1275 est.
3304 1218 3454 1285 Quia
3480 1232 3624 1273 vero

1965 1322 2208 1363 rursum
2238 1306 2397 1362 idem
2431 1306 2718 1373 dicentes,
2743 1308 3207 1379 perseverabant
3229 1309 3289 1363 in
3309 1307 3477 1364 nullo
3502 1322 3623 1362 me-

1966 1395 2142 1452 liores
2181 1395 2397 1462 etfecti,
2447 1395 2729 1468 deinceps
2764 1412 2867 1453 eos
2894 1398 3170 1468 objurgat
3206 1411 3277 1453 ac
3320 1395 3627 1466 redarguit

1967 1484 2206 1541 illorum
2237 1485 2559 1542 insaniam.
2602 1485 2663 1540 Id
2716 1490 2921 1541 tamen
2976 1503 3110 1555 cum
3174 1484 3625 1542 mansuetudine

1968 1572 2127 1637 facit,
2159 1572 2458 1629 instruens
2488 1590 2617 1640 nos,
2651 1580 2716 1630 ut
2730 1580 3047 1647 peccantes
3070 1578 3384 1631 mansuete
3413 1590 3627 1645 argua-

1968 1678 2123 1718 mus.
2153 1663 2218 1717 Et
2240 1662 2317 1718 ab
2347 1663 2440 1717 bis
2471 1679 2606 1736 quae
2640 1664 3039 1720 communiter
3079 1664 3378 1729 accidunt,
3407 1664 3628 1719 format

1965 1751 2273 1813 rationem,
2308 1752 2611 1823 sumitque
2645 1753 2756 1810 tria
2812 1753 3082 1824 exempla
3110 1753 3424 1810 notissima
3463 1758 3520 1807 et
3543 1756 3627 1807 in-

1010 1857 1067 1904 τὸ
1134 1857 1246 1925 μὲν,
1318 1853 1672 1926 ἰσχυροτάτης
1700 1849 1856 1904 δυνά-

1977 1840 2257 1896 iubitata.
2289 1841 2551 1896 Primum
2601 1842 2847 1913 quidem
2879 1856 3170 1914 supremaa
3209 1842 3508 1913 potentiae,
3547 1842 3629 1898 al-

1967 1934 2156 1986 terum
2171 1929 2404 1996 mediae,
2425 1931 2661 1987 tertium
2678 1948 2821 1987 vero
2836 1932 3068 1997 inﬁmae,
3085 1931 3449 1987 conﬁrmans
3463 1930 3625 2002 quod

1966 2019 2091 2073 sive
2124 2033 2415 2088 magnum
2468 2019 2802 2091 quidpiam,
2854 2022 2977 2076 sive
3015 2022 3303 2091 medium,
3334 2021 3465 2076 sive
3496 2018 3626 2075 inﬁ-

1963 2124 2133 2163 mum
2156 2109 2245 2172 sit,
2275 2107 2442 2179 quod
2469 2108 2757 2165 adversus
2783 2110 3051 2182 seipsum
3106 2114 3374 2167 exerceat
3397 2109 3627 2166 seditio-

1962 2212 2127 2267 nem,
2160 2197 2399 2269 peribit.

2032 2289 2190 2343 Vers.
2224 2287 2312 2341 25.
2348 2288 2532 2344 Omne
2562 2318 2629 2329 —
2654 2288 2963 2345 desolatur.
3000 2289 3353 2347 Seditionem
3382 2289 3534 2345 inter
3562 2304 3625 2343 se

1957 2375 2208 2433 invicem
2235 2376 2552 2447 agentibus
2577 2377 2671 2434 his
2703 2379 2803 2449 qui
2834 2378 3009 2433 divisi
3042 2383 3229 2434 sunt.‘

2032 2467 2193 2521 Vers.
2226 2464 2318 2522 25.
2353 2467 2427 2521 Et
2452 2467 2638 2523 omnis
2667 2498 2735 2507 —
2760 2468 2962 2525 stabit.
3008 2471 3132 2524 Non
3163 2467 3339 2524 stabit
3382 2471 3625 2539 propter

1966 2554 2185 2610 dictam
2215 2570 2484 2611 causam.
2880 2590 2885 2593 ~

2031 2646 2194 2699 Vers.
2222 2648 2310 2700 26.
2343 2646 2421 2700 Et
2445 2646 2492 2700 si
2516 2677 2584 2687 —
2631 2649 2759 2717 ejus
2790 2648 2819 2702 φ
2848 2647 2904 2705 Si
2943 2649 3192 2705 Satanas
3220 2647 3324 2721 qui
3352 2648 3630 2719 princeps

1962 2737 2049 2788 est
2079 2733 2540 2801 daemoniorum,
2570 2740 2773 2807 aperte
2791 2752 2861 2793 ac
2882 2736 3167 2793 violenter
3190 2740 3469 2795 Satanam
3496 2752 3629 2808 per-

1964 2822 2234 2894 sequitur
2266 2840 2278 2878 :
2314 2838 2509 2896 neque
2541 2825 2702 2881 enim
2733 2842 2900 2880 suum
2924 2826 3295 2883 domicilium
3340 2826 3493 2882 ultro
3522 2841 3631 2881 un-

1964 2927 2150 2982 quam
2177 2910 2537 2984 relinqueret
2568 2931 2581 2969 :
2624 2914 2869 2970 omnino
2898 2916 3173 2972 inimicus
3204 2921 3292 2971 est
3324 2916 3372 2971 is
3405 2916 3501 2986 qui
3525 2931 3630 2987 pa-

1962 3001 2120 3065 titur,
2153 3001 2635 3071 persecutionem
2669 3003 2961 3059 inferenti.
3016 3006 3223 3077 Itaque
3273 3008 3480 3062 contra
3523 3005 3632 3060 sei-

1963 3105 2132 3162 psum
2186 3088 2414 3145 divisus
2500 3095 2602 3155 est,
2672 3094 2958 3163 separatis
3038 3094 3116 3149 ab
3191 3110 3261 3151 eo
3346 3093 3631 3149 daemoni-

1963 3179 2101 3248 bus,
2156 3178 2260 3250 qui
2312 3178 2563 3250 subjecti
2625 3186 2795 3237 erant
2845 3198 2858 3236 :
2920 3188 2973 3239 et
3063 3184 3371 3255 quomodo
3453 3182 3632 3239 stabit

1963 3284 2217 3339 regnum
2243 3268 2393 3339 ejus,
2446 3269 2610 3340 quod
2659 3270 2717 3324 in
2768 3269 2900 3327 illos
2932 3271 3109 3327 habet
3137 3270 3166 3327 ?
3203 3272 3258 3328 Si
3286 3287 3428 3341 ergo
3470 3270 3633 3343 prin-

1966 3373 2104 3428 ceps
2162 3357 2398 3413 illorum
2450 3362 2562 3423 est,
2594 3373 2977 3431 nequaquam
3012 3376 3112 3416 eos
3159 3360 3513 3432 expellendo
3545 3376 3629 3415 se-

1966 3446 2243 3503 ditionem
2276 3454 2410 3516 aget
2439 3447 2731 3504 adversus
2763 3448 2896 3504 illos
2932 3467 2943 3504 :
2976 3465 3367 3522 nequaquam
3400 3448 3631 3505 homini

1968 3540 2176 3592 contra
2231 3535 2573 3592 daemonem
2655 3537 3094 3594 auxiliabitur:
3158 3554 3264 3594 nec
3323 3538 3632 3594 hominem

1970 3640 2241 3697 unquam
2298 3641 2504 3685 amare
2547 3628 2781 3698 poterit,
2832 3628 2929 3699 qui
2968 3628 3046 3685 ab
3099 3627 3270 3685 initio
3326 3627 3635 3685 homicida

1971 3718 2080 3771 est.

2044 3806 2201 3860 Vers.
2234 3806 2329 3863 2‘7.
2367 3805 2442 3860 Et
2472 3804 2524 3860 si
2546 3836 2615 3845 —
2643 3805 2910 3876 ejiciunt.
2937 3807 2967 3863 ν
3016 3806 3151 3862 Post
3164 3807 3425 3879 primam
3463 3821 3639 3863 accu-

1973 3893 2218 3951 sationis
2246 3892 2619 3960 dilutionem,
2653 3894 2729 3951 ad
2775 3895 3107 3952 secundam
3157 3896 3430 3967 procedit
3457 3896 3638 3952 mani-

1974 3982 2295 4038 festiorem.
2348 3986 2498 4039 Nam
2548 3984 2692 4056 quia
2749 3983 3031 4056 discipuli
3080 4001 3323 4058 quoque
3366 3986 3494 4057 ejus
3511 3985 3638 4057 jam

1971 4071 2279 4128 daemones
2307 4072 2620 4143 ejiciebant
2650 4078 2891 4146 sumpta
2930 4073 3009 4129 ab
3038 4074 3170 4146 ipso
3202 4079 3511 4145 potestate,
3558 4074 3638 4130 ab

1971 4161 2064 4216 his
2087 4161 2282 4231 magis
2312 4162 2640 4218 Phariszeos
2668 4162 2880 4233 arguit,
2931 4163 3035 4234 qui
3063 4163 3187 4217 sola
3215 4164 3361 4219 moti
3412 4163 3640 4219 invidia

1971 4265 2110 4307 eum
2197 4250 2610 4307 accusabant:
2698 4251 2998 4325 siquidem
3066 4251 3213 4307 nihil
3290 4252 3640 4323 hujusmodi

1968 4337 2084 4393 illis
2139 4338 2500 4409 objicientes,
2590 4340 2789 4395 solum
2845 4340 3047 4411 ipsum
3106 4340 3189 4397 ita
3253 4341 3634 4398 accusabant.

1974 4427 2150 4483 Filios
2192 4431 2390 4482 autem
2446 4427 2885 4484 Pharisaeorum
2925 4429 3227 4500 apostolos
3282 4429 3638 4495 nominavit,

1977 4532 2048 4571 eo
2108 4516 2275 4588 quod
2336 4516 2612 4573 Pharisaei
2683 4524 2923 4589 patrum
2995 4519 3265 4575 ordinem
3320 4521 3643 4577 retinerent

1971 4605 2122 4661 inter
2150 4605 2416 4670 Iudaeos,
2442 4623 2478 4661 a
2508 4606 2732 4678 quibus
2762 4606 3211 4664 descendebant
3232 4609 3519 4680 apostoli:
3546 4610 3642 4665 vel

1970 4694 2118 4766 quia
2170 4694 2285 4749 illis
2342 4696 2612 4765 juniores
2659 4701 2851 4752 erant.
2914 4699 3246 4767 Interrogat
3288 4713 3463 4767 ergo:
3531 4699 3642 4755 Per

1972 4799 2152 4851 quem
2185 4783 2431 4854 ejiciunt
2454 4785 2481 4841 ?
2510 4786 2595 4840 An
2627 4785 2806 4842 etiam
2846 4802 2953 4857 per
2984 4787 3333 4844 Beelzebul?
3362 4791 3423 4843 Et
3451 4803 3636 4862 quare

1972 4871 2107 4928 illos
2155 4887 2400 4945 quoque
2440 4887 2562 4929 non
2595 4875 2893 4931 accusatis
2918 4876 2946 4932 ?
2997 4875 3056 4932 Si
3086 4880 3286 4933 autem
3324 4892 3431 4948 per
3480 4876 3633 4932 divi-

1972 4976 2115 5017 nam
2143 4961 2419 5030 gratiam,
2480 4962 2682 5035 utique
2732 4966 2886 5019 Deus
2946 4978 3058 5033 ego
3090 4982 3273 5032 sum;
3329 4980 3473 5022 nam
3528 4980 3637 5036 per

1973 5066 2218 5106 nomem
2248 5066 2454 5107 meum
2473 5051 2777 5109 daemonia
2803 5053 3069 5126 ejiciunt.

2045 5142 2217 5196 Vers.
2260 5140 2347 5195 27.
2401 5141 2541 5198 Ideo
2575 5172 2637 5181 —
2683 5143 2933 5213 judices.
2970 5142 3118 5208 Quia
3147 5157 3286 5213 ergo
3329 5141 3445 5214 ipsi
3492 5157 3642 5214 quo-

1484 5443 1707 5512 Varia)
1748 5444 2082 5512 lectiones
2116 5455 2181 5511 et
2202 5456 2412 5513 notae.

292 5658 380 5731 78)
413 5644 875 5731 ὡμολοῖεύμεια
905 5639 978 5695 Α·

292 5658 380 5731 78)
413 5658 868 5729 ὡμολογουμενα

260 5658 373 5807 ἐπὶ)
402 5718 763 5783 στασιάζειν
800 5713 868 5767 Β·

2056 5624 2170 5712 (80)
2198 5643 2334 5708 Qum
2363 5641 2459 5699 hic
2488 5644 2720 5701 inclusa
2774 5648 2931 5711 sunt,
2965 5660 3034 5701 ea
3066 5660 3137 5701 ex
3186 5644 3319 5703 cod.
3349 5648 3394 5702 Α
3414 5645 3643 5703 excide-

1944 5766 1955 5793 ι
1982 5717 2140 5770 runt.
2172 5714 2236 5770 In
2268 5728 2451 5771 causa
2480 5714 2590 5773 fuit
2619 5715 2841 5789 duplex
2861 5720 2992 5792 πρὸς
3019 5716 3223 5779 αὐτοῦς·
