4108 6378
587 386 694 445 379

1898 382 2249 441 EUTYHMII
2289 382 2623 443 ZIGABENI
3826 407 3912 464 330

590 529 707 587 que
725 514 1025 572 daemonia
1038 515 1281 586 ejiciunt
1299 529 1407 570 nec
1429 515 1785 569 accusantur
1822 527 1854 567 a
1883 510 2075 576 vobis,
2108 525 2243 582 pro-

2366 517 2443 564 ιαὶ
2488 513 2637 565 αύτοὶ
2677 511 2948 587 δαιμόνια,
3000 524 3089 571 καὶ
3135 519 3248 592 (81)
3302 520 3395 573 ούκ
3448 521 3767 595 ἕγκαλοῦνται
3811 534 3914 607 παρ’

591 610 797 675 pterea
842 605 953 671 ipsi
1009 605 1241 676 judices
1272 603 1448 659 vestri
1500 605 1716 659 erunt:
1771 606 1827 657 et
1884 600 2242 658 condemna-

590 692 743 748 bunt
774 710 881 751 vos
916 711 929 760 ;
978 710 1102 750 non
1155 694 1229 749 de
1264 692 1556 759 omnibus,
1602 708 1737 765 quae
1794 691 1854 746 in
1882 691 2003 747 vita
2033 697 2243 763 perpe-

593 782 787 838 trastis
848 800 861 849 ;
946 800 1081 840 nam
1134 784 1196 839 id
1244 783 1428 838 solius
1509 781 1611 837 Dei
1694 785 1802 848 est,
1852 780 1956 837 sed
2004 781 2079 836 de
2130 780 2246 837 hac

592 871 993 944 blasphemia,
1042 873 1345 945 quoniam,
1390 872 1502 927 illis
1531 871 1768 934 relictis,
1820 871 1963 926 moti
1997 869 2244 937 invidia,

594 976 690 1017 me
741 962 935 1018 solum
981 962 1296 1018 accusatis.
1332 961 1429 1015 Vel
1483 965 1725 1033 propter
1770 960 1902 1025 hoc,
1934 959 2079 1032 quia
2108 974 2245 1014 cum

594 1050 709 1105 sint
738 1051 843 1108 ﬁlii
871 1052 1063 1115 vestri,
1101 1056 1155 1106 et
1183 1050 1535 1119 agnoverint
1590 1051 1914 1115 veritatem,
1966 1048 2247 1104 condem-

593 1141 827 1197 nabunt
902 1157 1009 1197 vos
1070 1146 1269 1212 patres
1319 1156 1481 1210 suos,
1546 1140 1649 1212 qui
1700 1140 1856 1196 hanc
1918 1153 2247 1209 cognocere

2355 602 2516 672 ὑμῶν,
2578 599 2671 654 διὰ
2726 612 2879 657 τοῦτο
2928 606 3077 660 αύτοὶ
3139 610 3281 680 ὑμῶν
3336 613 3540 663 ἔσονται
3602 621 3784 687 κριταὶ,
3844 599 3915 673 καὶ

2354 699 2757 764 κατακρινοῦσιν
2838 696 2971 766 ὑμᾶς
3011 713 3023 725 ⁸
3076 696 3170 749 οῦκ
3241 696 3325 751 ἰπὶ
3396 708 3500 760 τοῖς
3562 699 3912 776 βεϐιωμένοιςσ

2355 786 2505 831 τοῦτο
2575 783 2676 856 γὰρ
2716 868 2726 869 7
2752 787 2910 854 μόνου
2971 793 3141 838 Θεοῦ’
3188 785 3295 839 ἀλλ’
3365 787 3449 841 ἐπὶ
3522 798 3579 861 τῇ
3642 790 3920 869 βλασφημίᾳ

2355 872 2541 941 ταύτῃ,
2576 872 2655 922 ὅτι
2701 868 2793 923 διὰ
2846 875 3027 944 φθόνον
3074 874 3334 947 ἐγκαλεῖτε
3376 882 3519 950 μόνῳ
3562 878 3690 951 ἐμοὶ,
3734 868 3921 946 ἐκείνους

2355 956 2559 1029 ἀφέντες
2590 976 2600 987 ·
2651 960 2679 1019 ἦ
2732 956 2826 1013 διὰ
2887 971 3059 1031 τοῦτο,
3104 962 3245 1018 διότι
3298 968 3403 1019 υἱοὶ
3460 969 3599 1040 ὑμῶν
3642 974 3785 1034 ὄντες,
3826 972 3923 1025 irri-

2356 1067 2559 1117 γνωσαν
2629 1053 2721 1107 τὴν
2804 1050 3069 1117 ἀλήθειαν,
3140 1064 3543 1129 κατακρινοῦσιν
3612 1059 3753 1129 ὑμᾶς,
3826 1065 3922 1121 τοὺς

2356 1142 2579 1210 πατέρας
2636 1140 2823 1208 αὐτῶν,
2894 1146 2965 1214 μὴ
3039 1143 3355 1206 θελήσαντάς
3422 1144 3693 1218 ἐπιγνῶναι
3736 1152 3921 1207 ταύτην.

592 1230 881 1285 noluistis.

660 1321 820 1375 Vers.
855 1322 947 1377 28.
988 1319 1052 1376 Si
1098 1349 1163 1361 —
1220 1334 1466 1389 regnum
1506 1318 1629 1374 Dei.
1662 1320 1704 1389 ἦν
1753 1317 1979 1388 Digitus
2028 1318 2127 1373 Dei
2153 1318 2249 1375 hic

591 1406 706 1463 dici
759 1412 951 1479 potest
1009 1408 1252 1480 Spiritus
1316 1412 1582 1463 sanctus.
1639 1408 1787 1464 Cum
1843 1406 2002 1462 enim
2061 1407 2250 1463 caeteri

593 1496 978 1567 evangelista:
1000 1496 1302 1555 dixerunt:
1329 1497 1394 1552 Si
1414 1512 1509 1567 ego
1520 1512 1630 1566 per
1646 1497 1943 1567 Spiritum
1968 1496 2071 1552 Dei
2085 1496 2250 1566 ejicio

590 1586 904 1656 daemonia,
926 1589 1114 1644 Lucas
1143 1587 1291 1643 dixit
1318 1588 1405 1643 :Si
1417 1603 1517 1658 ego
1545 1603 1654 1657 per
1677 1587 1925 1656 digitum
1956 1586 2061 1643 Dei
2085 1588 2249 1657 ejicio

592 1676 882 1733 daemonia
914 1678 984 1734 7’.

2366 1672 2589 1726 ἐκϐάλλω
2622 1678 2689 1727 τά
2729 1672 3039 1749 δαιμόνια.]

664 1768 986 1838 Postquam
1038 1766 1493 1830 demonstravit,
1545 1765 1706 1838 quod
1776 1782 1899 1822 non
1949 1781 2054 1838 per
2099 1766 2251 1823 Beel~

2434 1761 2761 1833 Ἀποδείξας,
2840 1767 2918 1818 ὅτι
2984 1766 3078 1819 ούκ
3135 1766 3183 1819 ἕν
3254 1768 3560 1831 Βεελζεϐούλ
3625 1770 3839 1825 ἕκϐάλλει
3880 1775 3934 1823 τὰ

593 1853 764 1909 zebul
814 1855 1049 1925 ejiceret
1106 1854 1423 1919 daemonia,
1472 1855 1648 1910 simul
1702 1856 1879 1911 etiam
1918 1872 1990 1911 ex
2044 1871 2251 1911 conse—

2366 1848 2633 1921 δαιμόνια,
2708 1853 3091 1926 συναπέδειξεν,

592 1943 800 2014 quenti
851 1944 1133 2013 ostendit,
1187 1944 1355 2017 quod
1400 1960 1471 2000 ea
1513 1960 1619 2016 per
1660 1944 1951 2015 Spiritum
2008 1944 2111 1999 Dei
2159 1945 2256 2015 eji-

593 2036 776 2087 ceret.
820 2033 1105 2103 Spiritum
1140 2040 1337 2088 autem
1362 2033 1463 2088 Dei
1504 2049 1663 2089 nunc
1697 2032 2028 2104 potentiam
2060 2038 2254 2089 vocat.

594 2122 743 2177 Nam
774 2126 830 2175 et
870 2122 1060 2177 Lucas
1088 2139 1099 2177 :
1130 2124 1245 2178 Per
1274 2123 1533 2192 digitum
1576 2122 1685 2179 Dei
1714 2122 1866 2178 dixit
1900 2123 1968 2188 ⁸ο,
2002 2122 2116 2177 hoc
2147 2126 2257 2178 est:

596 2226 703 2282 per
724 2227 975 2267 manum
1001 2231 1013 2279 ;
1036 2228 1282 2267 manum
1314 2228 1451 2267 vero
1482 2212 1601 2277 Dei,
1636 2212 1964 2283 potentiam
1997 2211 2097 2266 Dei
2124 2209 2262 2267 dici'

597 2317 759 2356 nius.
800 2301 855 2357 Si
896 2318 1037 2357 vero
1067 2317 1178 2371 ego
1218 2318 1325 2373 per
1356 2302 1702 2374 potentiam,
1744 2302 1954 2373 inquit,
1989 2301 2258 2357 divinam

596 2389 767 2461 ejicio
848 2392 1172 2456 dmmonia,
1228 2406 1351 2447 non
1405 2391 1585 2463 quasi
1637 2390 1841 2446 nudus
1892 2391 2097 2460 homo,
2154 2390 2258 2447 sed

601 2480 777 2551 quasi
812 2480 916 2536 Dei
965 2480 1171 2551 Filius,
1233 2481 1498 2553 profecto
1552 2480 1824 2553 pervenit
1878 2480 1957 2536 od
2008 2496 2113 2535 vos
2170 2495 2259 2536 re-

599 2583 788 2638 gnum
847 2570 972 2625 Dei.
1044 2570 1229 2625 Suum
1324 2575 1525 2626 autem
1584 2570 1728 2625 dicit
1766 2585 2037 2640 regnum,
2091 2568 2259 2641 quod

594 2658 866 2713 videlicet
892 2674 991 2729 per
1041 2659 1341 2715 Christum
1395 2676 1524 2715 esse
1563 2664 1905 2724 venturum,
1950 2659 2256 2731 prophetae

596 2749 1173 2819 praenuntiavcrunt.
1198 2751 1347 2806 Nam
1370 2749 1552 2805 solius
1570 2749 1671 2805 Dei
1688 2756 1896 2821 estper
1925 2749 2255 2822 potentiam

598 2836 859 2893 divinam
903 2838 1207 2894 daemones
1240 2839 1473 2910 ejicere.
1533 2840 1797 2912 Apostoli
1840 2854 2101 2911 namque
2134 2853 2255 2893 non

597 2925 842 2996 propria
870 2926 1152 2998 potentia,
1198 2928 1303 2983 sed
1356 2944 1462 3000 per
1518 2928 1788 2983 divinam
1828 2928 2082 2997 gratiam
2115 2926 2250 2982 illos

597 3014 933 3084 ejiciebant.
974 3019 1174 3087 Neque
1214 3017 1372 3072 enim
1401 3022 1723 3089 potuerunt
1744 3021 2036 3090 tanquam
2075 3016 2249 3081 Deus,

2366 3010 2508 3082 εἶχον
2557 3012 2613 3063 ἐκ
2671 3021 2760 3065 τοῦ
2821 3021 2973 3067 Θεοῦ.
3018 3012 3077 3066 Ὀ
3141 3017 3230 3086 μὲν
3277 3018 3379 3087 γὰρ
3444 3014 3760 3089 ἐπιτάγματι
3828 3020 3946 3087 μόνῳ

598 3103 703 3159 sed
730 3105 982 3174 gratiam
1011 3121 1039 3160 θ
1095 3107 1214 3162 Deo
1253 3105 1581 3164 habebant.
1643 3106 1905 3163 Christus
1952 3104 2248 3177 siquidem

2366 3106 2482 3163 τοὺς
2532 3098 2787 3174 δαίμονας
2827 3099 3142 3174 ἐφυγάδευεν
3171 3125 3181 3136 ·
3229 3106 3278 3155 οἰ
3310 3101 3368 3157 δὲ
3403 3103 3451 3156 ἒν
3489 3113 3563 3175 τῷ
3613 3104 3822 3178 ὀνόματι
3862 3104 3945 3156 αύ-

596 3193 722 3249 solo
747 3194 924 3265 jussu
963 3195 1270 3252 daemones
1301 3195 1593 3265 fugabat:
1664 3195 1746 3251 illi
1802 3211 1942 3251 vero
1994 3210 2100 3267 per
2153 3208 2253 3250 no-

2366 3198 2451 3242 τοῦ
2510 3193 2721 3251 τούτους
2780 3190 3046 3264 ἐξωριςον.
3125 3192 3184 3245 Εἰ
3241 3189 3300 3245 δί
3363 3195 3583 3264 ἔφθασεν
3633 3194 3707 3267 ἐφ’
3759 3193 3941 3266 ὑμᾶςή

597 3299 733 3338 men
782 3284 913 3354 ejus
953 3284 1117 3355 ipsos
1166 3284 1486 3356 expellant.
1549 3285 1606 3340 Si
1658 3300 1798 3341 vero
1859 3284 2128 3355 pervenit
2180 3284 2253 3339 ad

2367 3279 2612 3351 βασιλεία
2669 3288 2760 3332 τοῦ
2816 3288 2971 3344 Θεοῦ,
3029 3277 3175 3333 διατί
3219 3284 3412 3340 ταύτην
3462 3281 3775 3349 ἀπωθεῖσθε,
3825 3279 3952 3334 διατί

597 3387 706 3428 vos
758 3388 1013 3444 regnum
1065 3373 1186 3440 Dei,
1238 3387 1426 3445 quare
1486 3372 1635 3428 illud
1680 3371 2002 3443 repellitis?
2060 3374 2253 3438 Quare

2366 3376 2473 3431 τοῖς
2526 3371 2793 3442 ὑμετέροις
2855 3368 3069 3441 ἀγαθοῖς
3122 3370 3427 3444 πολεμεῖτε;
3481 3368 3653 3434 Οὗτος
3703 3375 3800 3446 γὰρ
3849 3370 3953 3422 ἐκεῖ·

2432 1316 2492 1368 Εἰ
2521 1349 2589 1358 --
2633 1326 2723 1371 τοῦ
2761 1326 2919 1375 Θεοῦ.
2964 1321 3261 1393 [Δάκτυλος
3304 1323 3415 1395 (82)
3461 1333 3614 1391 Θεοῦ,
3653 1329 3708 1379 τὸ
3752 1333 3929 1399 Πνεῦμα

2357 1408 2416 1457 τὸ
2475 1408 2645 1477 οἶγιον.
2694 1416 2804 1461 Τῶν
2848 1412 2949 1483 γὰρ
2999 1410 3162 1463 ἄλλων
3226 1413 3607 1484 εύαγγελιστῶν
3664 1416 3926 1468 εἰπόντων·

2359 1494 2419 1547 Εἰ
2485 1492 2543 1548 δὲ
2597 1496 2697 1567 ἐγὼ
2743 1496 2790 1549 iv
2849 1502 3110 1572 [Ινεύματι
3168 1508 3303 1556 Θεοῦ
3362 1501 3589 1555 ἐκϐάλλω
3650 1507 3713 1556 τὰ
3764 1501 3929 1576 δαιμό-

2358 1604 2462 1651 νια,
2514 1586 2539 1636 ό
2590 1592 2793 1647 Λουκᾶς
2848 1584 2981 1641 εἶπεν
3011 1606 3023 1619 ⁸
3078 1590 3137 1643 Εἰ
3194 1586 3253 1643 δε
3306 1590 3406 1662 ἑγὼ
3452 1590 3500 1643 iv
3543 1589 3774 1665 δακτύλῳ
3821 1601 3933 1646 Θεοῦ

3175 1858 3253 1910 ὅτι
3326 1857 3504 1912 λοιπὸν
3592 1859 3640 1911 ἰν
3709 1864 3937 1933 Πνεῦματι

2367 1948 2499 1993 Θεοῦ
2560 1950 2726 1994 ταῦτα
2778 1940 3072 2000 ἀπελαύνει.
3142 1952 3351 2019 Πνεῦμα
3412 1944 3471 2001 δὲ
3527 1956 3659 2001 Θεοῦ
3712 1957 3812 2019 νῦν,
3866 1954 3937 2007 τὴν

2368 2028 2589 2103 δύναμιν
2620 2040 2711 2083 τοῦ
2744 2040 2876 2085 Θεοῦ
2918 2054 3068 2106 φησι.
3115 2038 3203 2088 Διὸ
3233 2040 3323 2088 καὶ
3371 2038 3396 2089 ὁ
3428 2042 3657 2104 Λουκᾶς,
3712 2038 3789 2091 Ἐν
3834 2035 3939 2091 δαχ-

2364 2119 2498 2191 τύλῳ
2552 2128 2685 2174 Θεοῦ
2742 2120 2866 2193 εἶπε,
2955 2129 3243 2193 τουτέστιν,
3318 2124 3366 2177 ἐν
3443 2132 3609 2202 χειρί.
3687 2134 3838 2199 Χεῖρα
3892 2124 3939 2179 δὲ

2368 2217 2522 2275 Θεοῦ,
2555 2215 2648 2267 τὴν
2699 2206 2921 2283 δύναμιν
2953 2213 3113 2265 αὑτοῦ
3156 2214 3388 2287 λέγομεν.
3437 2217 3496 2269 Εἰ
3557 2213 3616 2269 δε
3646 2214 3694 2267 ἐν
3750 2213 3941 2286 δυνάμει

2370 2300 2500 2370 θείᾳ,
2537 2304 2716 2370 φησὶν,
2768 2298 2867 2372 ἐγὼ
2916 2299 3143 2353 ἐκϐάλλω
3185 2306 3248 2355 τά
3300 2300 3571 2376 δαιμόνια,
3615 2307 3684 2366 ὡς
3711 2309 3777 2377 μὴ
3815 2304 3945 2375 ψιλὸς

2367 2389 2639 2462 ἄνθρωπος
2693 2392 2823 2460 (83),
2885 2388 3011 2441 ἀλλὰ
3079 2395 3168 2444 καὶ
3215 2394 3331 2453 Υἱὸς
3384 2401 3540 2461 Θεοῦ,
3604 2396 3707 2469 ἄρα
3756 2395 3944 2466 ἔφθασε)

2367 2476 2439 2549 ἐφ’
2478 2479 2611 2549 ύμᾶς
2644 2480 2674 2537 ἡ
2708 2477 2954 2551 βασιλεία
2982 2488 3073 2532 τοῦ
3102 2487 3236 2533 Θεοῦ
3267 2496 3283 2511 '
3334 2482 3470 2553 λέγει
3521 2480 3582 2536 δὲ
3625 2488 3717 2541 τὴν
3769 2482 3943 2547 ἑαυτοῦ,

2365 2568 2547 2625 ἥντινα
2577 2563 2671 2618 διὰ
2700 2575 2792 2619 τοῦ
2842 2575 3078 2641 Χριστοῦ
3125 2572 3380 2642 ἔρχεσθαι
3421 2570 3497 2623 ἐπ’
3527 2572 3710 2633 αὐτούς
3751 2590 3942 2646 προκατ-

2365 2655 2611 2726 ἡγγειλαν
2680 2658 2728 2709 οἱ
2784 2666 3069 2730 προφῆται.
3136 2664 3308 2711 Μόνον
3378 2663 3480 2733 γὰρ
3563 2669 3715 2726 Θεοῦ,
3785 2664 3839 2712 τὸ
3909 2658 3947 2710 ἐν

2366 2742 2585 2816 δυνάμει
2632 2748 2745 2817 θείᾳ
2789 2742 3039 2818 δαίμονας
3088 2746 3364 2803 ἐκϐάλλειν.
3402 2752 3466 2802 Οἱ
3516 2752 3619 2823 γὰρ
3675 2748 3948 2812 ἀπόστολοι,

2364 2834 2457 2885 οὐκ
2521 2833 2567 2885 ἐν
2622 2832 2845 2907 δυνάμει
2889 2837 3018 2908 θείᾳ,
3077 2834 3184 2887 ἀλλ’
3230 2835 3278 2887 ἐν
3322 2840 3513 2912 χάριτι
3583 2842 3695 2910 θείᾳ
3755 2841 3946 2896 τούτους

2364 2921 2644 2985 ἐξέϐαλλον.
2680 2925 2755 2976 Oi}
2784 2926 2882 2998 γὰρ
2937 2922 3217 2990 ἠδύναντο,
3274 2929 3343 2988 ὡς
3377 2928 3402 2979 ὁ
3451 2931 3602 2995 Θεὸς,
3640 2926 3763 2979 ἀλλὰ
3805 2928 3947 3000 χάριν

600 3465 810 3518 contra
826 3461 1192 3517 vestrabona
1217 3460 1501 3533 pugnatis
1520 3460 1689 3519 7Hoc
1721 3476 1986 3533 namque
2016 3465 2253 3533 tempus

601 3557 685 3607 est
712 3556 918 3607 vestra:
933 3550 1160 3614 salutis,
1175 3550 1338 3622 quod
1352 3550 1493 3605 olim
1507 3550 1906 3623 praedixerunt
1926 3550 2251 3622 prophetm,

671 3640 833 3695 Vers.
881 3640 967 3694 29.
1002 3640 1241 3710 Alioqui
1279 3640 1567 3711 quomodo
1616 3670 1683 3679 --
1716 3638 1998 3710 diripiet?
2039 3640 2128 3695 Ab
2160 3655 2255 3695 ex-

602 3727 795 3800 emplo
850 3743 1189 3785 sermonem
1244 3728 1539 3800 producit.
1592 3728 1700 3784 Per
1758 3728 1967 3784 fortem
2032 3734 2253 3795 autem,

2364 3479 2449 3520 νος
2496 3461 2521 3511 ό
2568 3463 2750 3532 καιρὸς
2798 3468 2887 3519 τῆς
2959 3464 3223 3534 σωτηρίας
3280 3462 3442 3533 ὑμῶν,
3501 3460 3559 3514 ὃν
3615 3461 3775 3514 πάλαι
3804 3466 3959 3534 προεῖ-

2366 3569 2460 3601 πον
2493 3551 2541 3601 οἱ
2570 3558 2853 3621 προφῆται.

2437 3638 2507 3694 ’Ἡ
2553 3647 2663 3700 πῶς
2712 3668 2775 3679 -
2821 3636 3095 3711 διαρπάσῃ
3135 3638 3290 3709 (84);
3351 3638 3857 3712 Παραδειγματικῶς
3886 3639 3962 3708 μὲν

2368 3727 2539 3799 ἰξάγει
2578 3731 2663 3779 τόν
2706 3727 2875 3798 λόγον,
2911 3723 3169 3785 ὑποδηλοῖ
3209 3724 3268 3781 δὲ
3319 3728 3547 3803 ἰσχυρὸν
3593 3732 3704 3801 μιν,
3756 3728 3859 3798 τὸνς
3885 3728 3963 3797 ἀρ·

604 3818 935 3891 principem
991 3818 1433 3874 daemoniorum
1474 3817 1860 3875 subindicat:
1920 3834 2041 3875 non
2095 3818 2259 3891 quod

602 3912 819 3964 natura
846 3907 1010 3963 fortis
1040 3906 1137 3973 sit,
1184 3906 1288 3962 sed
1340 3906 1505 3980 quod
1540 3922 1725 3980 usque
1766 3910 1907 3963 tunc
1954 3908 2259 3978 tyrannice

600 3996 958 4069 regnaverit,
1016 4012 1237 4069 eosque
1296 3995 1393 4067 qui
1456 4011 1576 4068 prae
1634 3996 1879 4069 segnitie
1932 3996 2259 4054 imbecilles

603 4091 788 4151 erant,
838 4086 1171 4157 opresserit.
1232 4084 1389 4142 Vasa
1446 4102 1582 4143 vero
1642 4086 1771 4157 ejus
1830 4086 2098 4159 subjecta
2144 4085 2262 4142 dte-

602 4176 806 4233 monia
846 4184 1035 4243 erant,
1079 4192 1210 4247 qua:
1256 4182 1311 4232 et
1359 4190 1530 4231 arma
1587 4175 1718 4246 ejus
1778 4175 1893 4232 dici
1961 4178 2258 4248 possunt:

602 4282 746 4323 nam
776 4267 843 4319 τὰ
868 4269 1025 4323 σκεύη
1068 4266 1246 4321 etiam
1307 4280 1479 4321 arma
1503 4266 1619 4321 dici
1667 4265 1878 4321 solent.
1936 4265 2073 4321 Ideo
2113 4280 2260 4337 quo-

600 4373 718 4429 que
759 4360 947 4413 Lucas
996 4371 1168 4412 arma
1223 4356 1352 4426 ejus
1399 4355 1531 4427 ipsa
1587 4356 1824 4411 vocavit
1854 4358 1896 4392 εί
1925 4373 1945 4411 :
1992 4370 2099 4427 per
2130 4370 2263 4428 qua:

604 4445 856 4500 miseros
897 4444 1173 4500 homines
1228 4444 1289 4499 in
1339 4443 1699 4500 servitudem
1760 4444 2087 4514 redigebat.
2150 4446 2264 4499 Hoc

605 4549 747 4603 ergo
772 4534 1048 4604 exemplo
1068 4533 1611 4589 considerationem
1641 4533 1887 4599 inducit,
1904 4548 2038 4606 qum
2066 4538 2265 4588 osten-

606 4622 710 4679 dat
732 4638 851 4677 non
880 4622 1069 4677 solum
1090 4621 1256 4694 quod
1275 4622 1606 4693 principem
1629 4622 2069 4680 daemoniorum
2118 4622 2262 4679 ami-

608 4728 748 4768 cum
786 4726 906 4767 non
938 4711 1175 4776 habeat,
1213 4713 1313 4767 sed
1362 4711 1561 4783 potius
1620 4712 1785 4783 quod
1854 4711 2261 4768 fortitudinem

608 4802 737 4873 ejus
767 4806 1061 4872 tanquam
1088 4801 1479 4856 inimicissimi
1516 4801 1871 4871 alligaverit.
1923 4804 2020 4858 Est
2060 4808 2260 4857 autem

609 4889 1103 4947 considerationis
1158 4906 1402 4962 scopus,
1452 4890 1618 4962 quod
1683 4891 1834 4946 sicut
1890 4906 2011 4946 non
2069 4896 2262 4963 potest

608 4982 931 5054 quisquam
984 4978 1223 5035 domum
1280 4980 1446 5035 fortis
1495 4980 1745 5052 ingredi,
1813 4996 2080 5052 vasaque
2132 4980 2259 5053 ejus

646 5072 893 5143 dirpcrc
951 5069 1155 5124 abillo
1187 5075 1563 5135 conservata,
1598 5069 1707 5126 nisi
1753 5070 2014 5141 primum
2066 5069 2284 5131 fortem

700 5198 749 5231 79
786 5198 921 5252 Luc.
955 5211 1034 5261 x1,
1067 5195 1154 5249 20.
1272 5194 1319 5228 ⁸ο
1350 5193 1493 5250 ibid.
1611 5195 1651 5230 ⁸¹
1687 5193 1831 5249 ibid.
1866 5194 1952 5248 ‘21.

2369 3837 2536 3890 χοντα
2583 3825 2682 3868 τῶν
2738 3813 3041 3887 δαιμονίων,
3102 3816 3207 3888 οὐχ
3274 3818 3343 3878 ὡς
3402 3818 3631 3892 ἰσχυρὸν
3685 3825 3747 3888 τῇ
3803 3817 3960 3887 φύσει,

2371 3906 2476 3958 ἀλλ’
2537 3908 2601 3967 ὡς
2649 3913 2999 3978 τυραννοῦντα
3051 3910 3214 3978 μέχρι
3260 3910 3396 3975 τότε,
3447 3911 3538 3958 καὶ
3590 3906 3707 3978 (85)
3755 3899 3969 3957 καταδυ-

2370 3998 2685 4048 ναστεύοντα
2730 4003 2830 4047 τῶν
2908 3992 3260 4047 ἀσθενούντων
3335 3995 3393 4047 ἐκ
3462 3996 3759 4070 ῥᾳθυμίας,
3822 3992 3964 4046 Σκεύη

2374 4082 2433 4137 δὲ
2470 4085 2652 4147 αὑτοῦ,
2693 4086 2759 4136 τὰ
2801 4086 3190 4156 ὑποτεταγμένα
3235 4083 3377 4155 αύτῷ
3419 4080 3695 4156 δαιμόνια,
3742 4086 3809 4144 ὡς
3854 4078 3973 4133 ὅπλα

2373 4175 2530 4226 αὑτοῦ
2559 4190 2572 4203 ·
2622 4176 2780 4231 σκεύη
2836 4174 2935 4244 γὰρ
3001 4172 3369 4245 ὀνομάζονται,
3431 4178 3522 4225 καὶ
3580 4176 3650 4226 τά
3693 4172 3841 4225 ὅπλα.
3894 4171 3971 4221 Διὸ

2374 4264 2525 4316 καὶὸ
2578 4268 2806 4327 Λουκᾶς,
2855 4261 3142 4314 πανοπλίαν
3192 4262 3351 4315 αὐτοῦ
3392 4269 3561 4315 ταῦτα
3603 4262 3858 4334 ὠνόμασε,
3913 4254 3974 4309 δι’

2375 4354 2442 4403 ὧν
2494 4348 2873 4403 κατεδουλοῦτο
2930 4354 3053 4411 τοὺς
3104 4348 3316 4412 ἀθλίους
3387 4349 3717 4426 ἀνθρώπους.
3780 4348 3975 4417 Εἰσάγει

2378 4438 2436 4494 δὲ
2502 4441 2773 4513 λογισμὸν,
2844 4436 2938 4492 διὰ
2991 4446 3084 4491 τοῦ
3159 4442 3397 4492 τοιούτου
3470 4437 3907 4513 παραδείγματος
3956 4434 3978 4484 ὁ

2376 4534 2623 4603 Χριστὸς,
2695 4527 3017 4595 δεικνύοντα,
3070 4528 3149 4580 ὅτι
3210 4527 3268 4580 οῦ
3325 4532 3477 4600 μόνον
3540 4529 3638 4582 οῦκ
3698 4531 3813 4600 ἔχει
3852 4524 3980 4597 φῦ.ον

2426 4586 2433 4603 .
2592 4586 2623 4597 τι
3006 4586 3015 4595 ν
3325 4586 3334 4600 .
3722 4586 3765 4600 ,ν
3858 4586 3868 4597 .

2303 4586 2348 4641 D
2375 4623 2461 4672 τὸν
2506 4621 2745 4693 ἄρχοντα
2788 4626 2888 4671 τῶν
2936 4614 3240 4689 δαιμονίων,
3294 4615 3420 4669 ἀλλά
3470 4622 3557 4670 καὶ
3614 4618 3807 4690 μᾶλλον
3852 4610 3985 4666 ἐδέσ-

2374 4730 2538 4782 μησεν
2596 4709 2753 4761 αὑτοῦ
2809 4711 2901 4765 τὴν
2946 4706 3127 4777 ἰσχύν,
3182 4709 3252 4767 ὡς
3282 4705 3555 4778 ἐχθίστου.
3616 4706 3773 4760 Ἐστι
3820 4707 3914 4776 γὰρ
3964 4700 3985 4750 ὁ

2372 4808 2463 4852 τοῦ
2524 4798 2782 4870 λογισμοῦ
2858 4800 3068 4860 σκοπὸς,
3130 4797 3210 4848 ὅτι
3279 4798 3455 4870 ὥσπερ
3526 4796 3586 4848 οὐ
3645 4793 3869 4848 δύναταί
3916 4809 3989 4850 τις

2373 4889 2613 4960 εἰσελθεῖν
2656 4886 2723 4946 εἰς
2780 4889 2874 4943 τὴν
2924 4884 3092 4937 οἰκίαν
3125 4892 3218 4937 τοῦ
3274 4884 3526 4957 ἰσχυροῦ,
3587 4884 3683 4935 καί
3732 4886 3798 4936 τὰ
3839 4882 3988 4934 σκεύη

2372 4980 2531 5031 αὑτοῦ
2585 4974 2911 5048 διαρπάσαι,
2967 4974 3325 5047 φυλαττόμενα
3377 4974 3500 5049 παρ’
3555 4973 3744 5038 αὐτοῦ,
3795 4972 3877 5024 ἐὰν
3926 4971 3990 5040 μὴ

2370 5076 2580 5141 πρῶτον
2614 5062 2756 5137 δήσῃ
2792 5068 2879 5117 τὸν
2910 5064 3136 5139 ἰσχυρόν
3174 5080 3186 5093 ·
3222 5065 3386 5126 οὕτως
3412 5060 3526 5117 οὐδ’
3559 5063 3724 5125 αὐτὸς
3766 5058 3995 5135 διήρπα-

1842 5319 2067 5387 Variae
2101 5319 2430 5389 lectiones
2474 5325 2539 5383 et
2574 5322 2777 5381 notae.

2461 5460 2574 5532 (84)
2599 5457 2921 5532 Hentenius
2939 5456 3174 5532 videtur
3191 5456 3483 5532 reperisse
3502 5454 3819 5529 διαρπάσει.
3854 5456 4003 5509 Uter-

2389 5525 2507 5605 que
2538 5525 2677 5605 vero
2705 5545 2874 5605 meus
2902 5528 3092 5605 habet
3123 5525 3429 5604 διαρπάσῃ,

687 5462 797 5603 (81)
830 5467 940 5526 καί,
964 5462 1134 5519 abest
1165 5465 1236 5519 A.

710 5536 798 5603 8'2)
824 5535 1055 5589 Inclusa
1076 5535 1236 5589 code:

2464 5602 2578 5676 (85)
2616 5597 2650 5654 δ
2654 5602 3026 5656 υναστεύοντα.
3068 5603 3133 5655 Α.

710 5536 798 5603 8'2)
824 5535 1055 5589 Inclusa
1076 5535 1263 5589 codex
1284 5538 1533 5605 uterque
1558 5534 1617 5589 in
1647 5536 1918 5605 margine
1935 5535 2135 5593 habet.
2172 5535 2280 5592 Re-

628 5602 897 5659 feruntur
931 5611 1130 5660 autem
1154 5607 1281 5662 haec
1311 5606 1387 5661 ad
1426 5602 1565 5662 Luc.
1609 5622 1684 5672 ιι,
1714 5602 1806 5663 2οῖ

696 5676 813 5746 (82)
847 5676 914 5726 ὠν
941 5675 1105 5733 addit
1146 5684 1207 5734 A.
