4108 6398
183 368 285 425 381

1189 379 1565 439 COMMENT.
1617 382 1689 437 IN
1728 381 2185 439 MATTHEUM-
2227 413 2297 423 —
2337 379 2506 438 CAP.
2556 381 2738 440 XXII.

3539 381 3646 438 382

196 516 280 549 σεν
336 498 401 549 ἄν
453 500 526 551 τὰ
583 495 898 575 δαιμόνια,
937 510 1200 575 τουτέστι,
1264 503 1652 582 διεσκόρπισεν,
1716 510 1758 562 εἰ
1803 514 1874 583 μὴ

1993 508 2285 567 vinxerit:
2320 509 2401 566 ita
2425 524 2621 581 neque
2665 508 2762 565 hic
2820 508 3131 581 rupuisset
3191 507 3513 576 dmmonia,
3546 509 3655 568 hOc

200 595 408 661 πρῶτον
453 584 671 663 ἄδεσμη
685 611 751 645 σε
787 597 880 645 τόν
913 596 1155 670 ἄρχοντα
1191 599 1406 664 τούτων,
1440 602 1528 651 τόν
1560 597 1877 670 ἐνισχύοντα

216 696 367 730 αντα.

294 774 407 842 Χρὴ
444 764 504 821 δι
542 776 863 839 γινώσκειν,
901 775 966 834 ὡς
995 774 1056 825 οῦ
1094 776 1312 829 πάντοτε
1364 779 1427 829 τὰ
1466 773 1880 850 παραδείγματα

229 862 366 910 κατὰ
418 860 595 910 πάντα
652 859 817 932 λόγον
875 864 1315 936 προσαρμόζουσι
1377 873 1493 927 ταῖς
1536 867 1871 918 ὑποθέσεσιν,

238 948 309 1007 εἰς
365 948 429 1009 ἃς
488 947 936 1021 ἐπιλαμϐάνονται,
1008 952 1119 1004 ἀλλ’
1202 957 1264 1014 ὡς
1340 953 1420 1008 ἐπὶ
1506 960 1565 1007 τό
1630 954 1875 1007 πλεῖστον

240 1037 289 1087 ἐν
352 1042 527 1107 μόνοις
588 1046 702 1101 τοῖς
770 1046 1136 1115 καιριωτέρως
1197 1048 1287 1095 καὶ
1346 1041 1874 1119 κεφαλαιωδεστέροις

236 1134 446 1199 μέρεσι.

314 1219 455 1277 Τινὲς
512 1214 576 1270 δε
632 1222 798 1278 σκεύη
830 1229 930 1273 τῶν
974 1218 1233 1295 δαιμόνων
1288 1222 1526 1295 λέγουσιν
1579 1220 1729 1289 εἶναι,
1759 1228 1877 1277 τοὺς

234 1303 737 1379 δαιμονιζομένους,
781 1310 873 1372 οῦς
907 1312 931 1362 6
966 1317 1197 1385 Χριστός
1225 1310 1518 1387 διήρπασεν
1556 1312 1645 1365 ἀπ*
1682 1313 1873 1380 αὐτῶν,

233 1392 420 1458 δήσας
453 1398 545 1457 τὰς
576 1394 830 1471 δυνάμεις
862 1399 1050 1455 αὐτῶν.
1082 1402 1191 1455 Εἰεν
1215 1399 1265 1454 δ’
1289 1401 1347 1453 ἂν
1376 1406 1535 1461 σκεύη
1567 1410 1659 1455 τοῦ
1684 1399 1877 1455 διαϐό-

230 1485 351 1551 λου,
385 1492 480 1540 καὶ
532 1490 723 1549 πάντες
754 1492 805 1541 οἶ
857 1489 1193 1564 ἐργαζόμενοι
1230 1495 1297 1544 τὰ
1346 1501 1439 1544 τοῦ
1472 1489 1744 1565 διαϐόλου,
1788 1480 1877 1543 καἰ

232 1578 628 1649 ὑπηρετοῦντες
658 1585 767 1640 τοῖς
802 1588 964 1632 αῦτοῦ
994 1580 1301 1654 θελήμασιν·

308 1666 370 1719 Ὀ
412 1698 483 1708 -
518 1668 824 1741 σκορπίζει.
870 1675 971 1722 Καὶ
1019 1668 1092 1723 δι’
1133 1671 1306 1745 ἐτέρου
1345 1672 1601 1744 λογισμοῦ
1645 1671 1872 1745 βεϐαιοῖ,

232 1757 319 1806 ὅτι
360 1755 563 1825 μᾶλλον
607 1758 858 1827 ἔχθιστος
896 1758 1037 1829 αὐτῷ
1097 1758 1235 1812 ἐστιν
1297 1762 1322 1812 6
1372 1762 1553 1835 ἄρχων
1612 1771 1710 1813 τῶν
1758 1757 1875 1814 δαι-

246 1850 469 1915 μονίων.
513 1844 641 1897 Ὀτι
700 1849 790 1917 μεν
837 1850 939 1922 γὰρ
991 1849 1083 1900 οῦκ
1142 1852 1256 1901 ἔστι
1308 1854 1438 1923 μετα
1484 1859 1575 1902 τοῦ
1616 1858 1868 1922 Χριστοῦο

237 1932 374 1986 οὐδὲ
458 1938 683 2006 συνάγει
737 1937 843 2008 μετ’
900 1938 1081 2003 αὐτοῦ,
1148 1937 1327 2005 δῆλον,
1403 1940 1486 2013 ἀφ’
1564 1942 1631 1991 ὧν
1687 1943 1711 1992 6
1783 1944 1871 2013 μὲν

232 2029 481 2095 Χριστὸς
538 2031 717 2077 πᾶσαν
766 2045 819 2078 τε
868 2025 1055 2099 ἀρετὴν
1106 2025 1377 2095 διδάσκει,
1439 2035 1529 2082 καὶ
1584 2029 1874 2104 φιλάνθρω-

1357 2121 1382 2171 ό
1436 2117 1495 2173 δὲ
1553 2120 1872 2188 τοῦναντιον,

232 2206 422 2254 πᾶσάν
472 2222 525 2255 τε
591 2209 779 2257 κακίαν
842 2202 1115 2272 διδάσκει,
1178 2213 1268 2260 καὶ
1338 2212 1713 2282 μισάνθρωπος
1784 2212 1871 2262 ὠνι

226 2132 327 2173 πος
388 2113 483 2174 ὧν,
555 2113 700 2166 ἰᾶται
761 2121 884 2177 τοὺς
944 2125 1223 2180 νοσοῦντας
1279 2140 1290 2151 ·

236 2291 481 2345 λωϐᾶται
530 2301 636 2353 τοῖς
697 2295 1043 2365 ὑγιαίνουσιν.
1118 2298 1173 2351 Εἰ
1228 2295 1286 2350 δὲ
1349 2303 1463 2352 οὔτε
1527 2300 1638 2373 μετ’
1712 2302 1872 2353 αὑτοῦ

235 2382 407 2446 ἐστιν,
467 2386 651 2453 ἤγουν,
714 2385 818 2455 οὐχ
877 2387 1228 2458 ὁμογνωμονΞί
1270 2388 1432 2458 αὐτῷ,
1488 2391 1662 2451 καθὼς
1739 2388 1869 2442 ἀπο-

229 2467 543 2535 δέδεικται,
606 2477 723 2525 οὔτε
790 2477 1000 2546 συνάγει
1046 2478 1157 2547 μετ’
1233 2477 1394 2530 αὐτοῦ
1481 2482 1605 2550 πρὸς
1660 2484 1864 2544 πίστιν,

227 2562 446 2620 πάντως
504 2564 627 2613 κατ’
700 2563 861 2615 αὐτοῦ
948 2563 1078 2632 ἐστι,
1150 2571 1239 2618 καὶ
1323 2572 1616 2641 σκορπίζει,
1704 2568 1788 2629 οὓς
1842 2570 1867 2621 ό

232 2655 474 2720 Χριστός
519 2669 753 2722 συναγξι,
818 2656 937 2705 ὅσον
991 2658 1046 2706 τό
1108 2654 1183 2707 ἐπ’
1232 2657 1392 2727 αὐτῷ.
1446 2657 1617 2709 Εἰπὼν
1680 2655 1866 2723 δε,ὄτι

230 2740 293 2790 Ὀ
346 2746 422 2811 μὴ
482 2742 553 2790 ὧν
595 2742 703 2812 μετ’
762 2738 905 2813 ἐμοῦ,
974 2743 1085 2795 κατ’
1153 2744 1273 2816 ἐμοι
1344 2746 1478 2814 ἐστι,
1544 2753 1633 2798 καὶ
1703 2744 1865 2810 δόξας

236 2828 464 2901 ἀσαφῶς
532 2830 712 2895 εἰπεῖν,
794 2830 1144 2905 ἐφηρμήνευσε
1208 2838 1294 2887 τόν
1351 2835 1523 2907 λόγον,
1593 2839 1859 2911 προσθεὶς,

234 2921 319 2970 ὃτι
378 2926 483 2972 Καὶ
535 2921 562 2971 6
622 2926 694 2991 μὴ
764 2925 1002 2993 συνάγων
1072 2924 1182 2996 μετ’
1239 2923 1365 2996 ἐμοῦ
1421 2927 1715 2998 σκορπίζει.
1780 2934 1862 2999 Τῷ

235 3006 482 3078 διαϐόλῳ
524 3004 586 3060 δὲ
616 3010 856 3071 συνέταξε
881 3016 969 3062 καὶ
1021 3016 1140 3073 τοὺς
1182 3010 1496 3079 Ἰουδαίους,
1547 3017 1659 3067 κατ’
1705 3016 1861 3069 αὐτοῦ

228 3117 282 3149 τε
309 3102 486 3161 ὄντας,
558 3103 649 3149 καὶ
683 3100 1082 3173 σκορπίζοντας,
1113 3102 1147 3154 ἃ
1188 3110 1440 3173 συνῆγεν,
1503 3105 1623 3156 ὅσον
1663 3109 1721 3156 τὸ
1780 3106 1859 3158 ἐπ’

228 3190 415 3247 αὐτοις
430 3229 442 3241 .

296 3371 397 3421 Διὰ
432 3398 504 3408 —
528 3375 709 3425 τοῦτο.
774 3373 915 3421 Διότι
940 3378 1181 3440 τοιαῦτα,
1222 3370 1467 3443 κατ’ἒμοῦ
1493 3372 1675 3445 λέγετε.

296 3550 535 3617 Λέγω-
576 3544 774 3607 αὐτοῖς,
834 3548 955 3619 Οὐχ
1005 3548 1174 3609 ἁπλῶς
1234 3556 1408 3602 πᾶσαν
1460 3549 1722 3623 ἁμαρτίαν
1762 3558 1853 3606 καὶ

211 3633 585 3707 βλασφημίαν
626 3635 781 3706 λέγει’
838 3633 933 3689 διὰ
998 3645 1097 3689 τῶν
1154 3640 1329 3711 ἐφεξῆς
1389 3644 1489 3712 γὰρ
1544 3640 1851 3713 ἐσαφήνισε,

214 3730 385 3777 ποίαν
420 3732 608 3776 πᾶσαν
636 3724 793 3796 λέγει.
830 3731 965 3785 Φησὶ
995 3728 1116 3799 γάρ·

294 3978 404 4025 Καὶ
454 4003 526 4012 —
578 3971 626 4023 ἐν
665 3981 737 4043 τῷ
767 3974 1025 4046 μελλοντι.
1057 3975 1152 4038 ’ος
1200 3982 1289 4049 μιν
1356 3978 1417 4031 ἂν
1466 3981 1676 4055 ἁμάρτῃ
1717 3985 1854 4035 κατὰ

198 4070 311 4122 τῆς
375 4062 793 4134 ἀνθρωπότητός
850 4084 971 4137 μου,
1039 4072 1189 4139 φησὶ,
1249 4074 1537 4139 τουτέστιν,
1593 4073 1740 4134 ὅστις
1790 4075 1851 4126 ἄν

194 4155 333 4223 εἴπῃ
390 4150 723 4223 βλασφημον
773 4153 921 4226 λόγον
966 4155 1077 4207 κατ’
1119 4157 1297 4229 αὐτῆς,
1354 4157 1849 4233 σκανδαλιζόμενος,

189 4242 283 4311 ἐφ’
318 4242 434 4307 οἷς,
493 4245 564 4301 ὡς
617 4244 912 4317 ἄνθρωπος,
972 4245 1153 4313 ἐσθίω,
1207 4252 1295 4300 καὶ
1335 4254 1487 4317 πίνω,
1534 4256 1623 4303 καὶ
1686 4255 1847 4321 ὑπνῶ,

198 4336 299 4382 καὶ
364 4338 576 4393 κοπιῶ,
619 4337 707 4383 καὶ
747 4332 925 4398 τᾶλλα,
976 4336 1077 4386 ὅσα
1127 4343 1223 4396 τῆς
1271 4334 1596 4411 ἀνθρωπίνης
1651 4344 1851 4413 φύσεως

190 4416 359 4487 ἴδια,
424 4420 563 4493 οἷπερ
616 4420 1084 4497 ἂνθρωποι-τριττῶς,
1132 4426 1200 4477 τὰ
1246 4428 1336 4497 μὲν
1383 4427 1589 4502 ἔνεργῶ,
1656 4433 1722 4482 τὰ
1790 4429 1848 4484 δὲ

188 4517 448 4582 πάσχει),
486 4508 738 4582 βεϐαιῶν,
793 4514 871 4564 ὅτι
910 4516 1044 4566 κατὰ
1090 4513 1333 4573 ἀλήθεια]
1374 4515 1773 4589 ἕνηνθρώπησα,
1822 4522 1847 4572 ὁ

189 4609 464 4659 τοιοῦτος
507 4603 981 4671 συγγνωσθήσεται
1018 4607 1238 4669 πάντως,
1296 4608 1365 4667 ὡς
1410 4607 1504 4660 οῦκ
1534 4608 1845 4670 ἐθελοκακή-

195 4708 328 4759 σας,
380 4689 500 4742 ἀλλ’
546 4688 595 4740 ἐν
656 4688 834 4763 ἀγνοίᾳ
888 4700 982 4753 τῆς
1027 4692 1269 4756 ἀληθείας
1334 4694 1757 4769 βλασφημήσας’
1819 4704 1845 4754 ό

199 4776 259 4832 δε
304 4778 537 4853 βλέπων
587 4782 676 4839 τὰς
731 4782 1045 4853 θεοπρεπεῖς,
1104 4802 1205 4855 μου
1256 4782 1530 4857 ἐνεργείας,
1587 4787 1649 4851 ἃς
1683 4795 1838 4861 μόνος

204 4864 451 4921 δύναται
473 4875 641 4921 ποιεῖν
697 4869 721 4920 6
754 4873 900 4936 Θεὸς,
934 4877 1023 4924 καὶ
1061 4880 1133 4943 τῷ
1166 4871 1469 4933 Βεελζιϐοὐλ
1498 4874 1695 4939 ταύτας
1726 4882 1844 4932 ἐπι-

205 4962 569 5030 γραφόμενος,
610 4960 677 5019 ὡς
723 4964 813 5011 καὶ
860 4963 1009 5031 ὑμεῖς
1054 4968 1163 5027 νῦν,
1218 4968 1307 5016 καὶ
1338 4964 1472 5017 οὕτω
1513 4964 1843 5041 βλασφημῶν

208 5050 353 5100 κατὰ
373 5055 472 5099 τοῦ
509 5050 800 5121 Πνεῦματος
858 5056 952 5101 τοῦ
1001 5049 1172 5121 ἁγίου,
1227 5055 1366 5119 ἦτοι,
1417 5056 1553 5106 κατὰ
1600 5065 1695 5119 τῆς
1737 5060 1843 5110 θέο-

215 5154 378 5198 τητος
408 5155 421 5167 ”
454 5141 643 5198 ταύτην
670 5140 777 5211 γὰρ
812 5145 904 5189 νῦν
930 5137 1079 5191 καλεῖ
1124 5146 1332 5213 Πνεῦμα
1371 5141 1517 5214 ἅγιον
1544 5162 1554 5172 ·
1590 5164 1735 5206 ουτος
1772 5151 1840 5212 ὡς

220 5224 595 5293 ἰθελοκακήσας
624 5224 941 5305 προδήλως,
983 5232 1071 5280 καὶ
1093 5227 1141 5280 ἐν
1174 5250 1366 5301 γνωσει
1395 5232 1722 5307 καθυϐρίσας
1754 5240 1839 5289 τόν

225 5321 353 5393 θεόν,
385 5328 471 5378 καὶ
497 5321 892 5391 ἀναπολόγητα
934 5316 1334 5391 πλημμελήσας,
1376 5321 1434 5374 οὐ
1479 5327 1836 5399 συγχωρηθη-

222 5427 351 5472 σεται.

252 5610 301 5663 Τά
338 5603 413 5677 οἳ,
479 5600 628 5657 Οὔτε
688 5591 749 5645 ἓν
826 5592 905 5655 τῷ
962 5592 1048 5636 νῦν
1107 5590 1275 5657 αἰῶνι,
1328 5592 1442 5643 οὔτε
1495 5590 1543 5642 ἐν
1589 5600 1661 5662 τῷ
1718 5593 1833 5665 μέλ.

190 5701 310 5775 )om,
358 5671 703 5777 audam“,
792 5671 1105 5743 διδάσκων,
1154 5679 1236 5730 ὅτι
1314 5684 1540 5753 μεγίστη
1606 5686 1694 5735 καὶ
1744 5702 1829 5755 φο-

1991 603 2079 655 est
2112 598 2511 669 dispersisset,
2546 597 2661 654 nisi
2710 598 2965 671 primum
3016 598 3311 654 vinxisset
3339 597 3653 670 principem

1986 686 2247 754 illorum,
2276 688 2380 761 qui
2411 687 2493 743 eis
2545 686 2952 745 fortitudinem
2992 687 3337 760 prtestabat.

2062 775 2226 833 Scire
2273 781 2466 833 autem
2524 781 2777 849 oportet,
2836 776 2998 849 quod
3064 792 3189 833 non
3255 775 3651 849 undiquaque

1988 864 2265 937 exempla
2296 866 2373 922 ad
2404 881 2580 921 omne
2611 867 2983 938 propositum
3027 871 3311 939 aptantur
3361 866 3541 922 rebus
3574 864 3650 921 ad

1986 972 2136 1026 quas
2184 962 2614 1011 assumuntur:
2672 956 2776 1011 sed
2826 958 2891 1011 ut
2955 955 3282 1028 plurimum
3339 954 3395 1010 in
3452 954 3649 1025 magis

1991 1044 2250 1117 propriis
2290 1059 2356 1101 ac
2395 1044 2917 1117 principalioribus
2947 1044 3231 1118 partibus.

2061 1223 2319 1290 Quidam
2346 1238 2484 1280 vero
2519 1222 2724 1279 dicunt
2748 1239 2893 1280 vasa
2915 1224 3257 1281 daemonum
3273 1238 3405 1280 esse
3428 1222 3649 1282 dmmo-

1986 1311 2100 1367 niis
2157 1312 2437 1381 agitatas,
2470 1327 2621 1384 quos
2647 1309 2911 1369 Christus
2959 1314 3037 1369 ab
3094 1312 3210 1368 illis
3259 1311 3478 1384 rapuit,
3522 1312 3647 1367 vin-

1989 1400 2095 1456 ctis
2126 1416 2332 1457 eorum
2380 1399 2707 1456 virtutibus.
2758 1401 3014 1457 Possunt
3040 1416 3284 1474 quoque
3343 1400 3459 1457 dici
3504 1415 3648 1457 vasa

1987 1488 2210 1545 diaboli
2240 1505 2447 1545 omnes
2481 1490 2587 1561 qui
2607 1504 2795 1562 opera
2824 1489 3044 1547 diaboli
3075 1493 3365 1555 exrrccnt,
3400 1489 3647 1563 ejusque

1986 1577 2392 1635 voluntatibus
2427 1580 2830 1636 subserviunt.

2060 1668 2225 1723 Vers.
2252 1668 2341 1722 30.
2371 1666 2484 1735 Qui
2509 1699 2564 1710 —
2591 1672 2842 1739 spargit.
2876 1669 3072 1725 Altera
3100 1683 3346 1740 quoque
3376 1666 3647 1725 conside-

1986 1756 2212 1812 ratione
2241 1758 2577 1823 conﬁrmat,
2642 1758 2800 1830 quod
2840 1758 3039 1829 potius
3078 1758 3151 1813 sit
3202 1756 3257 1812 ei
3314 1757 3638 1813 inimicissi-

1915 1855 1956 1909 Β
1991 1861 2124 1900 mus
2151 1846 2432 1917 princeps
2485 1846 2943 1902 daemoniorum.
2997 1846 3165 1915 Quod
3208 1845 3363 1901 enim
3412 1860 3533 1900 non
3570 1845 3645 1901 sit

1989 1950 2119 1988 cum
2152 1934 2403 2000 Christo,
2437 1950 2547 1991 nec
2584 1951 2723 1991 cum
2771 1951 2842 1992 eo
2872 1940 3211 2006 congreget,
3255 1935 3642 1990 manifestum

1989 2028 2077 2079 est
2131 2024 2209 2080 ab
2265 2025 2563 2095 utriusque
2632 2024 2937 2096 operibus.
3013 2024 3273 2081 Christus
3345 2022 3644 2095 siquidem

1987 2128 2233 2168 omnem
2275 2114 2449 2170 docet
2497 2113 2817 2169 virtutem:
2875 2129 3135 2185 cumque
3194 2128 3406 2169 omnes
3459 2118 3641 2181 amet,

1932 2232 1933 2235 η
1986 2208 2236 2271 aegrotos
2272 2207 2446 2259 sanat
2478 2219 2492 2269 ;
2525 2202 2621 2258 ille
2664 2216 2804 2259 vero
2830 2218 2860 2258 e
2884 2202 3122 2257 diverso
3162 2217 3408 2258 omnem
3468 2200 3645 2258 docet

1984 2291 2361 2361 pravitatem,
2396 2296 2452 2346 et
2501 2307 2640 2348 cum
2693 2290 2968 2347 homines
3014 2290 3155 2348 odio
3184 2290 3424 2357 habeat,
3459 2305 3639 2346 sanos

1983 2382 2328 2451 corrumpit.
2361 2380 2531 2447 Quod
2559 2380 2608 2436 si
2664 2395 2859 2452 neque
2891 2395 3030 2436 cum
3086 2395 3157 2436 eo
3220 2385 3327 2445 est,
3362 2378 3529 2435 nulla
3561 2380 3642 2435 vi-

1981 2468 2191 2525 delicet
2219 2470 2279 2524 in
2326 2485 2389 2524 re
2441 2468 2494 2524 ei
2547 2468 2896 2535 conformis,
2958 2470 3106 2525 sicut
3158 2469 3637 2525 demonstratum

1979 2564 2085 2623 est,
2117 2574 2303 2630 neque
2338 2574 2476 2615 cum
2508 2574 2579 2616 eo
2626 2562 2951 2629 congregat
2998 2558 3075 2616 ad
3128 2558 3347 2615 ﬁdem:
3394 2558 3639 2615 omnino

1980 2646 2268 2703 adversus
2307 2663 2447 2703 eum
2502 2652 2607 2714 est,
2650 2654 2705 2703 et
2735 2648 2961 2721 spargit
3004 2664 3157 2719 quos
3198 2647 3465 2705 Christus
3500 2664 3639 2705 con-

1978 2742 2204 2806 gregat,
2230 2742 2523 2808 quantum
2554 2738 2616 2793 in
2642 2753 2703 2793 se
2757 2741 2867 2795 est.
2935 2738 3074 2794 Cum
3110 2742 3310 2793 autem
3344 2738 3587 2794 dixisset
3622 2755 3635 2793 :

1979 2827 2086 2892 Qui
2111 2841 2230 2881 non
2262 2833 2341 2881 est
2363 2841 2613 2896 mecum,
2646 2827 2957 2883 adversum
3005 2843 3088 2884 me
3115 2834 3220 2893 est,
3284 2843 3353 2883 ac
3380 2827 3639 2885 obscure

1972 2915 2137 2986 loqui
2185 2914 2344 2970 visus
2396 2920 2566 2981 esset,
2629 2931 2972 2972 sermonem
3032 2915 3448 2987 interpretatus
3526 2922 3636 2987 est,

1975 3002 2208 3059 addens
2243 3020 2255 3057 :
2286 3004 2365 3059 Et
2411 3006 2515 3075 qui
2545 3020 2663 3060 non
2693 3010 2778 3061 est
2805 3019 3046 3071 mecum,
3098 3006 3357 3077 spargit:
3394 3005 3637 3063 diabolo

1975 3107 2112 3149 vero
2151 3094 2458 3164 conjunxit
2492 3092 2731 3150 Iudaeos
2778 3094 2882 3166 qui
2912 3095 3233 3150 adversum
3264 3111 3326 3150 se
3352 3100 3545 3164 erant,
3580 3098 3638 3152 et

1894 3212 1934 3266 ρ
1971 3197 2103 3252 quas
2159 3182 2288 3255 ipse
2354 3182 2783 3254 congregabat,
2865 3187 3157 3256 quantum
3216 3184 3276 3240 in
3336 3186 3423 3241 eis
3482 3188 3629 3252 erat,

1976 3272 2359 3343 spargebant.

2042 3362 2201 3417 Vers.
2243 3361 2338 3417 31.
2382 3361 2641 3432 PrOpter
2664 3360 2794 3419 hoc.
2847 3360 2997 3429 Quia
3022 3360 3165 3421 talia
3192 3362 3515 3421 adversum
3546 3378 3634 3420 me

1969 3450 2181 3507 dicitis.

2044 3551 2197 3605 Vers.
2249 3549 2313 3605 3t
2363 3550 2506 3607 Dico
2548 3579 2619 3591 —
2669 3550 2771 3607 eis.
2834 3553 2958 3607 Non
3039 3550 3385 3623 simpliciter
3451 3567 3633 3609 omne

1969 3643 2281 3709 peccatum
2304 3643 2361 3695 et
2406 3654 2649 3695 omnem
2706 3639 3144 3712 blasphemiam
3202 3640 3387 3697 dicit:
3422 3656 3523 3713 per
3561 3657 3633 3699 ea

1967 3728 2129 3783 enim
2161 3744 2291 3800 quae
2318 3734 2665 3800 sequuntur,
2691 3728 3097 3786 manifestavit
3148 3744 3332 3803 quam
3388 3746 3631 3789 omnem

1965 3817 2125 3874 dicat
2150 3818 2590 3890 blasphemiam
2620 3823 2677 3874 et
2725 3819 2884 3890 quod
2918 3834 3099 3876 omne
3146 3825 3476 3891 peccatum.
3540 3821 3631 3877 Ait

1965 3908 2129 3964 enim
2167 3925 2179 3963 :

2037 3998 2195 4054 Vers.
2273 4000 2364 4054 32.
2426 3996 2504 4052 Et
2560 4027 2628 4038 —
2689 3998 2919 4069 futuro.
2981 3999 3358 4073 Quicunque,
3416 4000 3628 4073 inquit,

1965 4086 2297 4157 peccaverit
2324 4086 2609 4142 adversus
2649 4086 3084 4143 humanitatem
3126 4104 3345 4155 meam,
3368 4089 3484 4146 hoc
3515 4094 3627 4156 est.

1962 4175 2446 4246 quisquisdixerit
2465 4175 2883 4247 blasphemum
2895 4177 3146 4231 verbum
3166 4177 3456 4233 adversus
3469 4194 3626 4245 eam,

1962 4262 2231 4319 offensus
2265 4263 2425 4336 quod
2473 4269 2762 4336 tanquam
2806 4264 2991 4320 homo
3038 4264 3237 4330 edam,
3294 4265 3505 4321 bibam
3554 4282 3626 4323 ac

1962 4352 2276 4418 dormiam,
2302 4352 2532 4423 aliaque
2558 4368 2695 4423 quas
2725 4353 3010 4409 humanas
3068 4359 3205 4410 sunt
3252 4354 3489 4426 propria
3516 4370 3625 4409 na-

1962 4447 2127 4505 turae,
2163 4445 2225 4496 ut
2249 4441 2473 4496 homini
2502 4442 2885 4507 conveniunt,
2943 4447 2999 4497 et
3028 4441 3247 4498 faciam
3287 4448 3344 4499 et
3404 4444 3620 4516 patiar,

1960 4530 2323 4586 conﬁrmans
2362 4529 2525 4602 quod
2556 4545 2690 4585 vere
2738 4530 3069 4586 humanam
3127 4534 3491 4606 susceperim
3523 4550 3625 4590 na-

1962 4628 2170 4683 turam,
2226 4619 2363 4673 huic
2416 4618 2665 4673 omnino
2723 4623 3082 4689 ignoscetur,
3135 4624 3309 4693 quasi
3360 4638 3475 4678 non
3548 4639 3621 4679 ex

1956 4706 2248 4781 industria
2268 4705 2423 4761 male
2449 4706 2655 4776 egerit,
2683 4707 2783 4761 sed
2802 4723 2905 4777 per
2925 4708 3189 4765 veritatis
3212 4710 3624 4782 ignorantiam

1956 4795 2442 4868 blaphemaverit.
2480 4794 2592 4861 Qui
2625 4811 2761 4851 vero
2790 4797 2908 4852 Deo
2947 4798 3162 4868 dignas
3228 4800 3441 4855 videns
3474 4815 3621 4871 ope-

1956 4886 2239 4952 rationes,
2293 4900 2447 4957 quas
2502 4884 2666 4941 solus
2754 4884 2947 4943 facere
3016 4893 3212 4959 potest
3267 4892 3441 4958 Deus,
3499 4889 3614 4961 ipsi

1955 4989 2192 5047 quoque
2253 4973 2554 5030 Beelzebul
2614 4974 2747 5031 illas
2798 4976 3164 5048 ascripserit,
3197 4983 3257 5032 ut
3299 4993 3409 5033 vos
3444 4979 3624 5034 etiam

1956 5077 2115 5119 nunc
2166 5062 2376 5129 facitis,
2445 5066 2502 5119 et
2542 5064 2624 5120 ita
2686 5065 2973 5120 adversus
3018 5066 3298 5137 Spiritum
3349 5070 3620 5122 sanctum

1951 5152 2397 5225 blasphemiam
2450 5151 2676 5218 dixerit,
2726 5154 2850 5209 sive
2904 5153 3199 5210 adversus
3240 5155 3609 5212 divinitatem

1952 5242 2116 5314 (nam
2139 5242 2296 5298 hanc
2321 5246 2489 5298 vocat
2504 5257 2661 5297 nunc
2676 5242 2950 5314 Spiritum
2974 5244 3298 5315 sanctum,)
3327 5243 3421 5299 hic
3443 5245 3622 5317 quasi

1950 5348 2021 5388 ex
2068 5332 2361 5389 industria
2414 5332 2729 5388 manifeste
2779 5348 2850 5388 ac
2910 5332 3166 5389 scienter
3233 5350 3507 5405 peccans,
3566 5340 3621 5391 et

1950 5420 2137 5477 Deum
2184 5421 2403 5491 iniuria
2444 5419 2734 5487 afﬁciens,
2790 5437 2856 5476 ac
2909 5422 3402 5481 inexcusabiliter
3435 5422 3621 5481 delin-

1947 5527 2161 5583 quens,
2204 5511 2438 5566 veniam
2472 5526 2593 5567 non
2627 5514 3045 5582 consequetur.

2018 5601 2185 5665 Quod
2212 5605 2409 5655 autem
2444 5600 2730 5671 sequitur,
2763 5600 2967 5671 Neque
2981 5600 3044 5656 in
3063 5602 3344 5670 praesenti
3373 5604 3613 5667 saeculo,

1940 5703 2126 5760 neque
2172 5688 2235 5743 in
2284 5688 2520 5758 futuro,
2556 5687 2808 5754 addidit,
2863 5688 3087 5746 docens
3142 5691 3471 5749 maximam
3545 5707 3614 5748 ac
