4108 6380
586 351 692 413 383

1907 358 2259 418 EUTHYMII
2296 359 2454 417 ZIGA
2464 361 2633 421 BENI
3844 364 3946 422 384

586 482 960 539 tremendam
988 498 1115 539 esse
1146 484 1434 541 adversus
1466 487 1651 542 Deum
1681 486 2157 559 blasphemiam:
2185 490 2241 542 et

2363 486 2611 559 ξερωτάτη
2662 487 2799 541 ἔστὶν
2849 491 2878 547 η
2932 492 3064 542 κατὰ
3123 497 3206 541 τοῦ
3263 497 3397 542 Θεοῦ
3470 488 3805 563 βλασφημία,
3862 498 3949 544 καὶ

590 571 753 643 quod
781 572 1095 629 hominum
1150 574 1401 645 quidam
1430 575 1527 630 hic
1584 591 1654 632 ac
1686 576 1747 632 in
1788 577 1987 632 futuro
2019 576 2240 632 saeculo

591 661 885 732 supplicia
914 662 1223 727 sustinent,
1266 668 1330 719 ut
1354 665 1674 721 Sodomitas
1732 670 1788 721 et
1818 666 2024 721 Judaei.
2071 668 2139 721 Et
2168 665 2242 721 de

595 750 911 806 Sodomitis
926 752 1159 823 quidem
1175 754 1562 826 prasdiximus
1592 756 1827 812 decimo
1840 772 2002 812 nono
2016 754 2237 827 capite:

590 839 779 894 Judaei
829 857 968 897 vero
1011 848 1065 897 et
1101 843 1195 897 hic
1246 859 1456 915 poenas
1509 844 1814 909 dederunt,
1869 861 1905 900 a
1958 842 2240 899 Romanis

594 929 1009 987 miserabiliter
1068 932 1268 988 afﬂicti
1302 954 1314 991 :
1350 934 1505 990 etibi
1558 934 1958 991 miserabilius
2001 931 2244 989 cruciati

592 1016 844 1074 dabunt.
895 1021 1151 1085 Quidam
1199 1038 1340 1079 vero
1370 1022 1463 1079 hic
1526 1024 1717 1079 solum
1775 1023 2130 1095 puniuntur,
2184 1024 2247 1076 ut

592 1105 937 1163 fornicarius
973 1110 1064 1165 ille
1105 1111 1265 1181 apud
1315 1111 1644 1168 Corinthios
1696 1114 1928 1168 Satanae
1966 1110 2243 1167 traditus.

592 1194 785 1267 Aliqui
841 1203 1038 1253 autem
1083 1199 1164 1254 ibi
1196 1205 1450 1265 tantum,
1486 1206 1545 1256 ut
1591 1202 1750 1258 dives
1782 1201 1876 1256 ille
1907 1200 1967 1255 in
1998 1199 2249 1255 ﬂamma

594 1285 911 1341 cruciatus.
949 1287 1241 1345 Praeterea
1268 1290 1539 1346 nonnulli
1591 1306 1785 1363 neque
1815 1291 1911 1346 hic
1938 1304 2133 1362 neque
2150 1287 2246 1349 ibi.

594 1377 656 1427 ut
705 1376 959 1445 apostoli
1029 1379 1336 1450 propheta:
1393 1396 1463 1438 ac
1538 1379 1675 1437 Job.
1730 1384 1877 1436 Nam
1943 1394 2080 1451 quae
2137 1374 2247 1448 ipsi

592 1463 990 1532 patiebantur,
1033 1482 1151 1522 non
1196 1468 1434 1525 ultionis
1491 1474 1658 1525 erant
1687 1487 1719 1524 a
1759 1471 1877 1525 Deo
1935 1468 2246 1531 immissm,

595 1552 703 1607 sed
740 1554 1133 1611 certaminum
1193 1574 1263 1613 ac
1315 1558 1630 1614 luctarum.
1666 1559 1837 1625 Quod
1891 1572 2034 1628 ergo
2061 1557 2247 1613 mina-

594 1644 707 1707 tur,
736 1643 1026 1699 adversus
1052 1645 1181 1701 illos
1208 1651 1318 1711 est,
1368 1649 1474 1719 qui
1529 1647 1979 1703 immutabiliter
2030 1647 2091 1702 in
2121 1660 2240 1717 pec-

593 1736 725 1786 cato
779 1741 1107 1788 remanent.
1152 1735 1523 1792 Manifestum
1585 1742 1672 1793 est
1716 1742 1939 1803 autem,
1967 1735 2133 1808 quod
2165 1734 2249 1790 eis

592 1821 695 1891 qui
740 1822 1113 1895 resipiscunt,
1175 1831 1231 1879 et
1280 1826 1378 1881 hic
1455 1831 1511 1883 et
1561 1828 1637 1882 ibi
1686 1828 2033 1883 remittetur.
2089 1823 2245 1882 Multi
2281 1842 2321 1895 Β

593 1910 749 1966 enim
784 1912 887 1984 qui
918 1917 1053 1969 tunc
1099 1914 1179 1971 ita
1236 1915 1635 1988 deliquerant,
1688 1932 1817 1972 cum
1864 1917 2250 1990 postmodum

587 1999 998 2067 credidissent,
1018 2004 1255 2059 veniam
1279 2004 1529 2061 omnino
1561 2011 1697 2061 sunt
1722 2005 1943 2077 adepti.

661 2188 821 2241 Vers.
865 2186 951 2237 33.
1001 2183 1123 2237 Aut
1172 2214 1240 2223 —
1272 2184 1664 2254 cognoscitur.
1710 2184 1919 2250 Facile,
1973 2184 2088 2240 hoc
2135 2189 2245 2250 est,

591 2272 787 2329 dicite.
839 2276 1093 2329 Rursum
1150 2278 1348 2329 autem
1402 2272 1710 2329 confundit
1770 2274 1901 2329 illos
1956 2279 2247 2347 tanquam

591 2377 660 2418 ea
689 2362 1053 2418 deducentes
1100 2361 1161 2416 in
1209 2362 1668 2431 accusationem,
1702 2378 1833 2435 quae
1887 2363 1998 2418 sibi
2038 2368 2249 2419 mutuo

588 2466 712 2507 non
743 2451 1119 2516 constabant,
1154 2451 1255 2507 sed
1292 2455 1501 2524 praeter
1558 2457 1838 2508 naturam
1870 2455 2062 2509 erant.
2106 2455 2250 2509 Nam

590 2540 733 2611 quia
763 2556 916 2611 opus
956 2540 1239 2609 abigendi
1291 2541 1600 2597 daemones
1630 2557 1752 2597 non
1804 2541 2246 2614 improbabant,

590 2644 944 2701 quanquam
959 2630 1032 2684 ad
1043 2630 1177 2684 mod
1189 2630 1674 2702 umimpudentes
1696 2634 1916 2700 essent,
1939 2647 2077 2686 eum
2107 2646 2249 2687 vero

591 2718 1118 2775 calumniabantur
1149 2720 1245 2789 qui
1286 2718 1416 2776 illos
1465 2719 1748 2791 abigebat
1783 2742 1793 2773 :
1849 2720 1922 2776 ab
1971 2720 2248 2793 exemplo

594 2807 724 2864 illos
745 2808 1063 2880 redarguit,
1097 2810 1199 2882 qui
1227 2825 1381 2881 opus
1404 2810 1641 2881 quidem
1652 2811 1991 2881 judicarent
2015 2811 2247 2867 bonum

591 2913 730 2953 eum
784 2904 982 2954 autern
1038 2898 1140 2971 qui
1189 2906 1489 2970 operatur,
1544 2900 1772 2956 malum
1808 2917 1820 2955 :
1853 2901 2012 2972 quod
2063 2900 2249 2971 impu-

588 2986 801 3043 dentiae
834 2992 920 3042 est
944 3004 1012 3044 ac
1040 2989 1467 3059 repugnantiee.

662 3077 728 3131 Et
757 3077 1029 3133 arborem
1045 3094 1187 3133 sane
1216 3078 1472 3150 appellat
1485 3078 2055 3150 seipsum:fructum
2086 3094 2246 3145 vero,

2352 577 2431 628 ὅτι
2502 586 2599 629 τῶν
2650 577 2951 650 ἀνθρώπων,
3024 581 3073 630 οἰ
3130 585 3219 650 μεν
3276 584 3365 631 καὶ
3425 578 3536 650 (86)
3592 578 3813 633 ἐνταῦθα
3862 587 3950 633 καὶ

2352 664 2451 717 ἐκεῖ
2482 667 2809 737 κολάζονται,
2872 676 2933 727 ὡς
2966 670 3013 719 οἱ
3054 664 3335 739 Σοδομῖται
3383 673 3472 719 καὶ
3529 669 3596 731 ὡς
3646 666 3898 722 Ἰουδαῖοι
3935 688 3946 697 ·

2352 760 2439 806 xui
2491 760 2607 824 περὶ
2678 758 2765 827 μεν
2820 765 2918 807 τὼν
2982 753 3277 829 Σοδομιτῶν
3338 760 3717 830 προειρῆκαμεν
3789 755 3836 809 ἐν
3881 766 3952 827 τῷ

3250 842 3504 898 Ἰουδαῖοι
3576 841 3634 898 δι
3685 850 3775 898 καὶ
3840 846 3953 915 (87)

3180 934 3398 996 ἐλεεινῶς
3502 936 3604 986 ὑπὸ

2354 841 2787 916 ἐννεακαιδεκάτῳ
2855 846 3111 916 κεφαλαίῳ
3170 864 3181 874 ·

2354 931 2572 985 ἐνταῦθα
2649 930 2803 992 δίκην
2881 932 3093 1003 ἔδοσαν,
3180 934 3398 996 ἐλεεινῶς
3502 936 3604 986 ύπὸ
3690 933 3953 1005 Ῥωμαίων

2355 1021 2797 1095 πολιορκηθέντες,
2855 1028 2943 1075 xui
3006 1023 3106 1076 ἐκεῖ
3162 1026 3625 1097 τιμωρηθησονται
3704 1022 3955 1095 χαλεπώ-

2356 1130 2499 1183 τερον
2560 1130 2570 1141 ·
2628 1116 2758 1173 τινες
2804 1109 2862 1165 δι
2916 1112 3136 1165 ἐνταῦθα
3192 1118 3363 1185 μόνον,
3427 1112 3758 1178 κολάζονται,
3823 1112 3955 1172 ὡςὸ

2358 1206 2714 1273 πεπορνευκὼς
2782 1204 2925 1274 παρὰ
2998 1204 3290 1274 Κορινθίοις
3344 1207 3432 1254 xui
3503 1197 3821 1276 παραδοθεὶς
3887 1208 3958 1271 τῷ

2359 1295 2581 1360 Σατανᾷ.
2633 1294 2777 1351 Τινὲς
2825 1287 2884 1343 δὲ
2916 1290 3018 1343 ἐκεῖ
3067 1296 3239 1363 μόνον,
3296 1293 3363 1353 ὡς
3418 1292 3443 1342 ὁ
3504 1289 3958 1363 ἀποτηγανιζόμε-

2359 1398 2436 1438 νος
2490 1378 2535 1429 ἐν
2588 1388 2649 1452 τῇ
2707 1380 2855 1452 φλογὶ
2909 1380 3179 1441 πλούσιος.
3233 1383 3378 1442 Τινὲς
3441 1376 3498 1432 δὲ
3551 1383 3667 1431 οὔτε
3716 1378 3958 1443 ἐνταῦθα,

2360 1471 2476 1520 οὔτε
2518 1467 2637 1533 ἐκεῖ,
2690 1471 2751 1529 ὡς
2792 1472 2840 1521 oi
2901 1468 3183 1522 ἀπόστολοι
3229 1474 3316 1521 καὶ
3361 1470 3410 1520 οἰ
3448 1476 3732 1541 προφῆται,
3789 1473 3879 1519 καὶ
3937 1467 3961 1517 ό

2360 1556 2477 1609 Ἰὼϐ

2362 1644 2515 1711 ἦσαν,
2578 1646 2682 1698 ἀλλ’
2743 1646 2951 1719 ἀγώνων
3009 1652 3098 1699 καὶ
3161 1646 3537 1719 παλαισμάτων

2362 1734 2541 1793 ἀπειλή
2554 1780 2565 1801 ,

2543 1575 2553 1587 ·
2612 1558 2644 1609 ἃ
2690 1561 2790 1633 γὰρ
2841 1561 3097 1630 ἔπασχον,
3159 1558 3216 1610 ού
3271 1565 3363 1620 τῆς
3420 1557 3474 1609 ἐκ
3526 1553 3651 1611 Θεοῦ
3700 1556 3962 1617 κολάσεως

3594 1662 3606 1674 ⁸
3648 1648 3676 1704 ἠ
3744 1649 3835 1718 μὲν
3875 1642 3963 1696 οὖν

2643 1738 2776 1787 κατὰ
2841 1745 2941 1787 τῶν
3006 1740 3255 1808 μενόντων
3318 1734 3736 1807 ἁμεταμελήτων.
3804 1733 3964 1793 Δῆλον

2362 1821 2439 1895 δὲ,
2493 1828 2568 1876 ὅτι
2618 1831 2727 1885 τοῖς
2786 1833 3123 1897 μετανοοῦσιν
3202 1825 3514 1897 ἀφεθήσεται
3588 1828 3676 1875 καὶ
3742 1822 4009 1875 ἐνταῦθα,

2360 1918 2448 1965 καὶ
2509 1914 2629 1966 ἐκεῖ.
2686 1913 2870 1966 Πολλοὶ
2924 1915 3025 1987 γὰρ
3078 1922 3177 1965 τῶν
3232 1914 3364 1965 οὕτω
3424 1920 3714 1970 τηνικαῦτα
3784 1911 3964 1984 πλημ-

2359 2002 2715 2075 μελησάντων,
2780 2006 3147 2063 πιστεύσαντες
3208 2002 3443 2077 ὕστερον,
3501 2002 3671 2053 πάντα
3730 2019 3968 2072 συνεχω-

2361 2094 2619 2149 ρὴθησαν.

2432 2180 2497 2234 Ἦ
2557 2213 2622 2221 -
2670 2201 3002 2252 γινωσκεται.
3071 2185 3353 2249 Ποιήσατε,
3411 2178 3521 2231 ἀντὶ
3590 2186 3701 2250 τοῦ,
3766 2182 3965 2233 εἴπατε.

2365 2274 2721 2342 Καταισχύνει
2776 2268 2834 2322 δε
2883 2271 3034 2323 πάλιν
3113 2270 3294 2343 ἑτέρως
3370 2269 3572 2333 αύτούς,
3630 2272 3699 2329 ὡς
3771 2267 3969 2320 ἀνακό-

2359 2360 2519 2413 λουθα
2575 2366 2664 2413 καὶ
2723 2363 2865 2434 παρὰ
2944 2362 3098 2432 φύσιν
3171 2366 3608 2429 κατηγοροῦντας.
3669 2357 3815 2409 Ἐπεὶ
3862 2360 3968 2431 γὰρ

2361 2453 2417 2501 τό
2461 2453 2552 2521 μεν
2614 2449 2993 2502 ἀπελαύνεσθαι
3044 2451 3165 2510 τοὺς
3226 2444 3495 2521 δαίμονας,
3548 2446 3641 2498 ούκ
3699 2446 3968 2509 ἐκάκιζον,

2362 2539 2404 2591 εἰ
2447 2544 2535 2591 καὶ
2596 2535 2803 2611 σφόδρα
2856 2539 3245 2609 ἠναισχύντουν
3279 2554 3291 2566 ·
3357 2540 3443 2587 τόν
3503 2533 3561 2587 δε
3616 2534 3973 2587 ἀπελαύνοντα

2360 2630 2575 2689 τούτους
2628 2625 2916 2693 διέϐαλλον,
2967 2622 3461 2701 παραδειγματικῶς
3509 2624 3697 2684 αύτούς
3736 2623 3969 2695 ἐλέγχει,

2358 2722 2419 2769 τύ
2452 2721 2539 2789 μεν
2576 2720 2722 2790 ἔργον
2782 2717 2893 2788 (88)
2947 2715 3103 2767 καλόν
3151 2720 3439 2789 κρίνοντας,
3497 2716 3583 2764 τόν
3635 2708 3693 2764 δί
3743 2711 3970 2783 ἐργαζό-

2358 2825 2523 2878 μενον,
2566 2810 2740 2872 κακὸν,
2785 2808 2903 2881 ὅπερ
2951 2803 3087 2857 ἐστὶν
3140 2802 3487 2864 ἐναντιότητος
3539 2805 3628 2854 καὶ
3674 2798 3974 2872 ἀναισχυν-

2358 2902 2488 2957 τίας.

2435 3079 2533 3128 Καὶ
2566 3070 2779 3147 δένδρον
2811 3076 2919 3145 μὶν,
2963 3074 3138 3125 ἑαυτὸν
3170 3072 3285 3144 (89)
3327 3074 3614 3145 ὑποφαίνει·
3650 3073 3849 3144 καρπόν
3882 3066 3970 3131 δὲ,

590 3180 745 3237 opus
803 3181 998 3222 suum.
1054 3167 1143 3222 Ait
1201 3182 1388 3237 ergo:
1467 3172 1581 3224 Aut
1641 3167 1815 3224 dicite
1874 3172 2247 3240 operatorem

2363 3166 2418 3214 τὸ
2443 3165 2588 3238 ἔργον
2611 3163 2789 3216 αὑτοῦ.
2824 3167 2978 3233 Λέγει
3004 3167 3194 3227 τοίνυν,
3221 3163 3301 3213 ὃτι
3326 3160 3393 3214 ’Ἡ
3426 3164 3598 3213 εἴπατε
3624 3163 3709 3211 τόν
3742 3158 3976 3233 ἐργάτην

589 3253 840 3319 bonum,
896 3259 953 3311 et
1003 3272 1157 3328 opus
1202 3257 1330 3327 ejus
1402 3255 1672 3313 bonum:
1721 3263 1824 3314 aut
1872 3263 2249 3329 operatorem

588 3341 840 3412 malum,
871 3347 929 3399 et
970 3359 1123 3416 opus
1169 3349 1297 3416 ejus
1349 3345 1598 3402 malum.
1647 3346 1798 3401 Nam
1832 3345 1882 3400 si
1934 3361 2088 3417 opus
2140 3346 2249 3401 bo-

590 3446 737 3487 num
760 3436 867 3497 est,
924 3438 1203 3504 cperator
1268 3450 1500 3507 quoque
1554 3435 1686 3505 ejus
1738 3434 1929 3490 bonus
1977 3435 2104 3491 erit.
2165 3435 2247 3490 Ex

590 3535 770 3591 opere
826 3521 1121 3593 siquidem
1184 3524 1567 3593 cognoscitur
1619 3530 1898 3597 operator
1940 3539 1951 3577 :
2011 3524 2059 3579 si
2110 3523 2248 3579 boni

590 3611 802 3681 operis,
845 3610 1095 3680 bonus;
1150 3612 1197 3667 si
1252 3612 1441 3685 pravi,
1502 3629 1752 3684 pravus.
1814 3613 2030 3680 Quinto
2088 3613 2248 3669 enim

591 3700 783 3771 capite
807 3700 1009 3756 docuit
1036 3702 1103 3767 θ’,
1136 3702 1300 3774 quod
1329 3717 1449 3758 non
1497 3706 1694 3775 potest
1732 3702 1908 3758 arbor
1940 3703 2104 3759 bona
2132 3703 2249 3758 fru-

591 3794 722 3844 ctus
752 3788 942 3846 malos
973 3790 1184 3859 facere,
1234 3795 1299 3847 ut
1327 3807 1522 3865 neque
1570 3791 1745 3849 arbor
1786 3792 1997 3848 vitiosa
2024 3792 2247 3847 fructus

592 3876 786 3934 bonos
813 3878 1025 3935 facere.

664 3969 820 4023 Vers.
854 3970 943 4023 34.
970 3969 1277 4041 Progenies
1301 4002 1371 4011 —
1394 3971 1537 4026 mali
1566 3972 1593 4027 ?
1622 3971 1753 4027 Non
1808 3970 2032 4026 mirum
2059 3975 2147 4027 est
2176 3970 2251 4026 si-

591 4056 941 4128 hujusmodi
1014 4060 1270 4115 convitia
1342 4060 1605 4131 jactatis.
1698 4062 1845 4116 Nam
1901 4076 2040 4116 cum
2100 4059 2244 4116 mali

595 4146 743 4213 sitis,
821 4162 943 4203 non
1000 4149 1239 4220 potestis
1299 4150 1457 4205 bona
1515 4148 1700 4222 loqui.
1782 4149 2005 4204 Deinde
2077 4154 2249 4205 natu-

588 4235 697 4293 rali
744 4252 988 4311 quoque
1035 4239 1263 4295 ratione
1316 4238 1707 4302 demonstrat,
1758 4238 1920 4311 quod
1965 4237 2081 4293 hoc
2126 4252 2250 4295 non

593 4326 847 4396 possint.

663 4416 820 4471 Vers.
879 4416 965 4471 34.
1016 4417 1114 4473 Ea:
1164 4448 1231 4457 —-
1290 4417 1567 4488 loquitur.
1620 4415 1928 4490 Siquidem
1996 4431 2133 4473 cum
2188 4417 2251 4474 in

592 4504 770 4559 corde
818 4504 1028 4560 vitium
1083 4506 1407 4571 scaturiat,
1460 4508 1796 4564 necessario
1849 4507 1922 4563 ab
1970 4524 2042 4563 eo
2089 4506 2250 4580 quod

594 4591 883 4657 abundat,
918 4593 1241 4651 effunditur
1287 4597 1547 4667 pravitas
1595 4614 1723 4669 quae
1774 4602 1865 4652 est
1898 4613 2093 4653 sermo
2127 4612 2247 4652 ma-

592 4678 705 4735 lus.
740 4681 806 4735 Et
832 4683 1340 4753 quemadmodum
1392 4684 1607 4741 medici
1638 4686 1703 4755 (ί)
1752 4686 1911 4741 circa
1957 4685 2252 4757 principia

593 4769 855 4841 quidem,
905 4772 1236 4828 exsilientes
1278 4775 1554 4831 humores
1615 4775 1777 4831 intus
1815 4790 2123 4831 ramanere
2157 4791 2251 4830 co-

595 4864 745 4929 gunt
778 4876 790 4914 :
822 4876 961 4916 cum
999 4867 1197 4919 autem
1227 4863 1307 4919 illi
1352 4864 1827 4934 subscaturiunt,
1849 4865 1977 4935 jam
2004 4865 2247 4921 vincun-

668 4986 714 5020 δ’
742 4985 937 5041 Matth.
968 5003 1062 5053 Ἧι,
1098 4987 1178 5042 18.

2362 3251 2536 3319 καλὸν,
2582 3256 2671 3303 καὶ
2734 3255 2792 3304 τὸ
2846 3254 2992 3324 ἔργον
3058 3250 3218 3302 αὐτοῦ
3276 3250 3447 3302 καλόν·
3502 3250 3529 3308 ἡ
3590 3252 3675 3300 τὸν
3744 3246 3976 3322 ἐργάτην

2362 3340 2520 3393 αὐτοῦ
2559 3341 2671 3413 (90)
2704 3343 2882 3409 κακόν,
2932 3344 3021 3392 καὶ
3048 3343 3103 3391 τὸ
3136 3342 3282 3415 ἔργον
3314 3339 3470 3391 αὑτοῦ
3524 3339 3706 3391 κακόν.
3776 3336 3838 3388 Εἰ
3867 3339 3976 3409 γὰρ

2358 3435 2414 3484 τὸ
2463 3435 2607 3504 ἔργον
2649 3430 2823 3497 καλόν,
2889 3430 2990 3504 ἆρα
3034 3434 3123 3481 καὶ
3168 3430 3193 3480 ὁ
3251 3427 3476 3502 ἐργάτης
3523 3427 3683 3479 αὐτοῦ
3748 3425 3904 3485 καλός
3955 3441 3967 3451 ·

2360 3520 2414 3573 ἐκ
2468 3524 2568 3594 γὰρ
2635 3527 2723 3571 τοῦ
2784 3519 2934 3592 ἔργου
3018 3519 3042 3570 ὁ
3111 3516 3333 3593 ἐργάτης
3392 3517 3550 3569 αὐτοῦ
3615 3522 3967 3586 γινώσκεται,

2362 3610 2421 3661 Εἰ
2449 3612 2539 3682 μὲν
2578 3609 2757 3675 καλοῦ,
2781 3609 2932 3667 καλός
2962 3626 2973 3637 ’
3008 3607 3051 3660 εἰ
3083 3602 3141 3659 δι
3166 3614 3349 3672 κακοῦ,
3379 3610 3555 3665 κακός.
3585 3600 3835 3666 Ἐδίδαξε
3860 3607 3973 3676 γὰρ

2359 3698 2406 3750 ἐν
2428 3707 2499 3769 τῷ
2530 3703 2746 3771 πέμπτῳ
2773 3697 3029 3769 κεφαλαίῳ
3050 3698 3127 3749 ὅτι
3155 3696 3212 3748 ού
3255 3692 3477 3747 δύναται
3508 3690 3723 3768 δένδρον
3766 3690 3975 3763 ἀγαθὸν

2359 3791 2588 3861 καρπούς
2617 3790 2870 3861 πονηροὺς
2892 3793 3078 3855 ποιεῖν,
3106 3781 3228 3837 οὐδὲ
3252 3780 3465 3857 δένδρον
3510 3786 3707 3855 σαπρόν
3733 3785 3976 3854 καρποὺς

2358 3876 2541 3937 καλούς
2580 3884 2763 3932 ποιεῖν.

2432 3972 2731 4039 Γεννήματα
2757 3996 2823 4007 --
2852 3969 2989 4026 ὄντες
3022 3983 3037 4035 ;
3062 3963 3172 4015 Ούκ
3197 3965 3311 4015 ἔστι
3340 3964 3662 4035 θαυμαστὸν,
3690 3960 3979 4013 εἰτοιαῦτα

2364 4056 2739 4129 βλασφημεῖτε.
2769 4059 2993 4126 Πονηροὶ
3021 4056 3123 4125 γὰρ
3146 4057 3303 4117 ὄντες,
3333 4052 3391 4104 ού
3416 4048 3605 4103 δύναθε
3638 4049 3849 4120 ἀγασθά
3872 4048 3976 4100 λα-

2360 4146 2480 4199 λεῖν.
2522 4144 2648 4198 Εἶτα
2688 4148 2777 4196 καὶ
2809 4142 3186 4214 φυσιολογικῶς
3217 4138 3583 4211 ἀποδείκνυσι,
3630 4148 3740 4200 πῶς
3777 4138 3839 4190 οὐ
3875 4133 3981 4189 δύο

2359 4254 2558 4291 νανται.

2430 4412 2515 4466 Ἐκ
2608 4444 2673 4453 -
2763 4410 2919 4464 λαλεῖ.
2992 4407 3441 4481 ’Υπερϐλυζούσης
3508 4408 3606 4480 γὰρ
3674 4414 3769 4466 τῆς
3848 4407 3980 4477 (91)

2362 4499 2585 4575 καρδίας
2616 4503 2731 4571 (92)
2778 4500 2824 4551 ἐν
2852 4508 2911 4571 τῇ
2970 4495 3187 4570 καρδίᾳ,
3238 4497 3415 4549 λοιπὸν
3473 4495 3525 4558 ἐξ
3584 4496 3816 4564 ἀνάγκης
3869 4493 3985 4546 ἀπὸ

2361 4598 2449 4642 τοῦ
2489 4593 2872 4665 περιττεύοντος
2929 4588 3167 4658 ἐκχεῖται
3222 4590 3405 4651 κακία,
3475 4587 3592 4644 ἣτις
3648 4582 3758 4635 ἔστὶ
3819 4583 3986 4654 λόγος

2364 4686 2600 4755 πονηρός.
2662 4684 2761 4732 Καὶ
2813 4679 3045 4749 καθάπερ
3118 4678 3166 4728 οἱ
3223 4675 3480 4747 ἑμούντες,
3538 4676 3680 4746 παρα
3730 4676 3820 4743 μὲν
3875 4678 3984 4731 τὴν

2364 4770 2538 4844 ἀρχὴν
2597 4768 2872 4829 ϐιάζονται
2937 4762 3082 4817 ἔνδον
3137 4769 3377 4835 κατέχειν
3432 4758 3766 4822 ἐκπηδῶντας
3843 4766 3985 4824 τοὺς

2362 4863 2591 4933 χυμοὺς,
2651 4856 3070 4930 ύπερϐλυζόντων
3139 4850 3217 4921 δὲ,
3271 4860 3513 4905 νικῶνται
3562 4856 3650 4903 καὶ
3701 4855 3989 4923 προίενται

1804 5088 2021 5155 Variae
2062 5086 2393 5155 lectiones
2452 5090 2519 5151 et
2558 5090 2758 5148 notae.

667 5282 777 5354 (86)
806 5287 895 5335 καί
920 5282 1137 5339 omittit
1166 5286 1232 5338 A.

670 5356 782 5426 (87)
808 5360 916 5423 καί,
944 5354 1160 5409 omittit
1196 5360 1261 5409 A.

670 5426 786 5495 (88)
820 5426 988 5487 καλως
1021 5428 1080 5480 Β.

694 5498 782 5564 89)
812 5500 932 5551 Non
968 5497 1216 5553 sollicito
1252 5498 1367 5553 hoc
1417 5499 1796 5555 vocabulum.
1844 5498 1994 5553 Alibi
2029 5504 2252 5554 tamen.

670 5499 735 5637 (ι)
767 5567 983 5627 Medici
1013 5570 1350 5625 Vomentes.

695 5567 735 5636 ι)
767 5567 983 5627 Medici
1013 5570 1232 5625 Vomen
1244 5575 1350 5623 tes.

669 5689 733 5761 (ί)
772 5689 1001 5746 Medici.
1044 5690 1381 5750 Vomentes.

2368 5279 2584 5337 dicitur
2614 5276 2795 5332 etiam
2835 5274 3158 5347 ύπεμφαίνει.

2438 5351 2549 5421 (90)
2584 5348 2739 5400 αύτοῦ
2765 5346 2989 5421 omittit,
3000 5350 3047 5421 ΔΑ
3062 5386 3073 5398 .

2439 5414 2554 5493 (91)
2578 5424 2760 5479 κακίας
2791 5418 2936 5482 legis
2976 5414 3316 5493 Hentenius.
3348 5416 3539 5493 Recte.

2439 5482 2551 5566 (92)
2583 5497 2635 5545 ἐκ
2663 5499 2757 5553 τῆς
2780 5494 2969 5549 κακίας
3008 5504 3117 5561 pro
3152 5486 3200 5538 ἐν
3228 5494 3290 5558 τῇ
3323 5482 3542 5561 καρδίᾳ.
3578 5485 3645 5539 Α.
