4108 6458
213 372 307 439 385

1201 374 1565 445 COMMENT.
1607 388 1679 443 IN
1719 382 2147 443 MATTII/EUM.
2185 417 2253 425 —
2283 385 2437 440 CAP.
2482 385 2686 440 XXIII.

3504 372 3612 439 386

216 515 322 570 τοὺς
366 513 821 585 περιττεύοντας·
897 514 1035 567 οὕτω
1100 511 1166 573 δὴ
1227 519 1316 568 καὶ
1389 516 1437 567 οἱ
1507 516 1571 567 τὰ
1642 516 1880 587 πονηρὰ,

1998 528 2073 583 ur,
2118 514 2173 567 et
2212 511 2296 566 sic
2328 510 2413 569 illi
2444 510 2819 567 abundantes
2860 509 3207 582 prosiliunt:
3237 514 3318 567 Ita
3366 528 3507 569 sane
3558 514 3619 570 et

223 598 549 672 βουλεύματα
604 606 909 675 τρέφοντες,
979 609 1276 676 Γεννήματα
1332 600 1390 657 δὲ
1458 599 1684 675 ἐχιδνῶν
1754 603 1843 654 αὑ-

221 694 333 751 τοὺς
383 694 849 763 προσηγόρευσεν,
908 696 973 753 ὡς
1025 698 1113 745 καὶ
1162 694 1187 744 ὁ
1241 696 1542 755 Βαπτιστὴς
1608 691 1847 753 Ἰωάννης

224 777 267 829 ἓν
314 787 384 847 τῷ
442 784 611 852 τρίτῳ
664 780 959 852 κεφαλαίῳ.
1006 786 1105 835 Καὶ
1148 781 1380 843 ζήτησον
1440 785 1532 840 τὴν
1581 780 1628 833 ἕν
1677 780 1847 852 ἐκείνῳ

222 867 496 937 ἐξήγησιν.

288 958 348 1009 Ὀ
406 957 615 1029 ἀγαθὸς
672 990 743 1000 —
803 961 1027 1033 πονηρά.
1088 956 1338 1014 Διδάσκει
1390 967 1499 1026 νῦν,
1563 960 1643 1013 ὅτι
1691 962 1748 1013 τὸ
1797 962 1852 1012 ἐκ

222 1054 314 1097 τοῦ
376 1050 813 1119 περισσεύματος
871 1058 961 1108 τῆς
1030 1046 1253 1122 καρδίας
1304 1052 1363 1103 τὸ
1431 1052 1600 1122 στόμα
1664 1047 1848 1113 λαλεῖν,

221 1136 318 1187 οὐκ
376 1135 464 1188 ἐπὶ
534 1145 642 1188 τῶν
717 1146 959 1211 πονηρῶν
1034 1137 1315 1210 ἀνθρώπων
1398 1142 1595 1208 γίνεται
1680 1142 1852 1209 μόνον,

224 1224 355 1276 ἀλλὰ
393 1230 491 1276 καὶ
533 1223 624 1276 ἐπὶ
674 1234 775 1276 τῶν
822 1225 1048 1296 ἀγαθῶν.
1101 1231 1200 1279 Καὶ
1249 1229 1514 1302 θησαυρὸν
1552 1231 1641 1299 μὲν
1690 1226 1853 1295 καλεῖ,

224 1320 323 1371 τὴν
356 1313 563 1384 βλῦσιν
618 1320 711 1365 καὶ
760 1321 935 1386 πηγὴν
987 1322 1081 1377 τῆς
1134 1314 1455 1387 ἀγαθὸτητος
1496 1322 1585 1369 καὶ
1630 1325 1723 1379 τῆς
1766 1335 1856 1368 πο-

222 1408 437 1473 νηρίας.
487 1402 699 1473 Ἀγαθὰ
740 1400 801 1455 δὲ
850 1409 939 1455 καὶ
978 1407 1198 1477 πονηρὰ,
1248 1408 1366 1466 τοὺς
1414 1403 1638 1476 ἀγαθοὺς
1673 1405 1859 1477 λόγους

225 1496 319 1540 καὶ
348 1495 648 1565 πονηρούς.
1282 1482 1287 1490 ⁸

307 1585 466 1651 Λέγω
518 1577 583 1632 δὲ
626 1612 698 1620 —
736 1586 974 1655 κρίσεως.
1018 1582 1208 1655 Ἀργὸν
1246 1586 1337 1654 μὲν
1390 1582 1544 1656 λέγει,
1593 1587 1650 1636 τὸ
1705 1603 1859 1635 συκο-

231 1671 488 1739 θαντικὸν
540 1673 637 1721 καὶ
681 1672 922 1741 μάταιον,
975 1669 1005 1728 ἢ
1054 1675 1110 1723 τὸ
1158 1675 1397 1747 περιττὸν
1451 1676 1541 1724 καὶ
1586 1671 1856 1745 βλαϐερὸν.

233 1762 410 1829 Λόγον
470 1754 555 1823 δὲ,
621 1762 716 1816 τὴν
765 1757 979 1817 εὐθύνην
1031 1765 1120 1811 καὶ
1172 1759 1474 1832 ἀπολογίαν.
1546 1762 1622 1814 Οὐ
1676 1765 1862 1837 μικρὸν

1954 601 2050 672 qui
2090 616 2280 672 prava
2314 601 2577 656 nutriunt
2625 598 2891 655 consilia.
2917 599 3085 671 Ipsos
3112 616 3251 655 vero
3298 603 3615 674 progenies

1953 690 2283 760 viperarum
2316 689 2645 760 appellavit,
2680 689 2830 744 sicut
2868 689 3049 745 etiam
3078 689 3339 745 Joannes
3367 692 3619 762 Baptista

1955 777 2124 833 tertio
2155 778 2346 849 capite
2373 780 2439 832 ⁸³.
2491 778 2573 833 Ibi
2625 794 2767 849 ergo
2816 781 2872 833 et
2919 776 3099 849 hujus
3148 794 3342 851 quaere
3393 781 3619 852 exposi-

1956 866 2196 921 tionem.

2028 955 2190 1009 Vers.
2227 954 2315 1010 35.
2370 955 2570 1011 Bonus
2602 984 2667 994 —-
2698 955 2877 1011 mala.
2938 957 3118 1012 Docet
3156 972 3317 1014 nunc
3348 958 3407 1014 id
3461 961 3620 1031 quod

1958 1044 2184 1099 dictum
2212 1048 2319 1111 est,
2353 1049 2491 1116 puta
2531 1060 2599 1099 os
2644 1060 2715 1099 ex
2779 1044 3149 1102 abundantia
3204 1048 3398 1102 cordis
3437 1048 3619 1121 loqui,

1958 1147 2081 1187 non
2162 1133 2220 1187 in
2275 1132 2446 1187 malis
2525 1138 2758 1188 tantum
2806 1134 2932 1188 ﬁeri
2991 1134 3358 1202 hominibus,
3411 1154 3619 1193 verum

1962 1221 2139 1277 etiam
2166 1221 2227 1275 in
2255 1220 2457 1279 bonis.
2523 1223 2587 1276 Et
2632 1220 2978 1276 thesaurum
3022 1223 3268 1295 quidem
3326 1232 3497 1282 vocat
3524 1242 3626 1282 sca

1963 1310 2282 1379 turiginem
2314 1309 2658 1382 fontemque
2697 1310 2971 1366 bonitatis
3003 1327 3073 1367 ac
3100 1313 3409 1384 pravitatis
3434 1314 3627 1372 :bona

1965 1404 2161 1454 autem
2192 1404 2250 1455 et
2280 1398 2465 1464 mala,
2490 1399 2683 1455 bonos
2708 1398 3021 1471 malosque
3050 1416 3373 1457 sermones.

2039 1487 2204 1544 Vers.
2238 1487 2326 1544 36.
2354 1487 2461 1544 Sed
2492 1488 2620 1543 dico
2652 1518 2717 1529 -—
2745 1488 2988 1557 judicii.
3042 1490 3313 1547 Otiosum
3360 1492 3504 1548 dicit
3534 1509 3629 1550 ca-

1966 1576 2420 1633 lumniatorium
2452 1581 2509 1633 et
2546 1592 2796 1642 vanum,
2849 1578 2940 1633 vel
2975 1578 3352 1649 superﬂuum
3404 1596 3475 1637 ac
3524 1598 3629 1637 no-

1970 1667 2170 1721 civum
2197 1681 2213 1731 ;
2236 1664 2532 1721 rationem
2571 1681 2733 1732 vero,
2767 1681 3018 1722 examen
3049 1672 3105 1723 et
3148 1670 3628 1741 responsionem.

1971 1756 2100 1810 Non
2148 1757 2237 1809 est
2293 1758 2495 1808 autem
2539 1754 2779 1809 modica
2834 1756 3219 1811 correctionis
3277 1773 3442 1829 pars,
3508 1774 3631 1814 non

236 1843 301 1898 δὲ
360 1850 523 1917 gulae;
581 1843 936 1919 διορθώσεως,
1009 1851 1066 1900 τὸ
1118 1853 1190 1920 μὴ
1263 1853 1417 1920 μόνον
1493 1849 1864 1921 ἀπολογεῖσθαι

1998 1841 2167 1897 μοιιιω
2193 1841 2554 1913 respondere
2579 1841 3025 1913 etredarguere,
3050 1844 3157 1900 sed
3177 1851 3233 1901 et
3252 1846 3630 1913 comminari,

240 1941 337 1986 καὶ
410 1934 672 2005 ἐλέγχειν,
735 1933 862 1987 ἀλλὰ
932 1941 1023 1988 καὶ
1092 1936 1334 2005 ἀπειλεῖν,
1388 1938 1414 1990 ὃ
1474 1935 1541 1998 δὴ
1596 1940 1865 2013 πολλαχοῦ

242 2041 405 2077 ποιει.

312 2112 410 2164 Ἐκ
470 2143 540 2152 -
596 2108 1067 2187 καταδικασθήσῃ.
1145 2115 1232 2169 Ἐκ
1304 2118 1395 2189 μὲν
1466 2125 1565 2169 τῶν
1637 2116 1867 2190 ἀγαθῶν,

248 2196 599 2274 δικαιωθήσῃ
629 2224 641 2235 ο
668 2202 727 2253 ἐκ
759 2199 820 2255 δὲ
845 2211 944 2255 τῶν
973 2222 1229 2279 πονηρων,
1272 2202 1637 2265 καταδικασθή
1649 2226 1737 2280 σῃ.

462 2384 605 2433 ΚΕΦ.
651 2381 777 2437 KI".
818 2385 944 2453 Περὶ
973 2390 1072 2433 τῶν
1104 2381 1382 2435 αἰτούντων
1415 2392 1647 2457 σημεῖον.

326 2471 459 2524 Τότε
506 2499 573 2510 -
613 2466 763 2525 ἰδεῖν.
820 2470 944 2523 Ὀτε
978 2473 1246 2543 θαυμάσαι
1297 2477 1385 2525 καὶ
1420 2473 1686 2545 ὑποκύψαι
1747 2470 1873 2539 ἔδει,

251 2564 368 2609 τοτε
422 2557 583 2608 πάλιν
639 2556 1079 2631 ἀναισχυντοῦσι,
1126 2566 1215 2613 καὶ
1265 2562 1319 2613 ὃν
1372 2565 1471 2637 πρὸ
1516 2570 1705 2636 μικροῦ
1757 2564 1878 2634 θρα-

261 2653 392 2709 σέως
447 2645 667 2699 ἐκάλουν
724 2645 1072 2719 δαιμονῶντα,
1132 2657 1217 2701 νῦν
1278 2650 1658 2713 κολακευτικῶς
1724 2647 1879 2703 διδά-

262 2736 456 2789 σκαλον
526 2736 869 2809 ὀνομάζουσι,
947 2742 1036 2791 καὶ
1106 2741 1239 2811 μετὰ
1311 2748 1547 2793 τοσαῦτα
1617 2741 1878 2812 θαύματα,

264 2834 486 2896 σημεῖον
535 2822 667 2878 ἰδεῖν
724 2827 983 2895 αἰτοῦσιν,
1051 2827 1157 2899 οὐχ
1211 2829 1293 2880 ἵνα
1342 2831 1720 2898 πιστεύσωσιν,
1779 2827 1883 2880 ἀλλ’

262 2918 350 2965 ἶνα
383 2913 737 2967 ἐπιλάϐωνται
790 2916 971 2974 αὐτοῦ.
1019 2921 1106 2975 Μὴ
1158 2914 1433 2990 δυνάμενοι
1479 2920 1580 2992 γὰρ
1630 2916 1883 2970 ἀντειπεῖν

264 3004 436 3071 αὐτῷ,
467 3001 675 3077 ῥᾳδίως
714 3005 900 3065 αὐτοὺς
938 3003 1226 3078 ἐλέγχοντι,
1272 3010 1401 3079 πρὸς
1452 3010 1515 3059 τὰ
1562 3009 1687 3081 ἔργα
1733 3026 1886 3079 μετα-

265 3093 566 3145 ϐαίνουσιν.
629 3092 687 3144 Ὁ
748 3090 807 3146 δὲ
868 3099 1077 3155 Λουκᾶς
1126 3100 1303 3167 φησὶν,
1366 3096 1444 3149 ὅτι
1486 3097 1645 3170 ἕτεροι
1701 3098 1888 3169 πειρά-

1975 1930 2138 2002 quod
2168 1945 2313 1987 sane
2340 1930 2695 2003 plerumque
2725 1931 2881 1987 facit.

2051 2107 2210 2164 Vers.
2246 2113 2338 2164 37.
2394 2109 2485 2163 Ex
2515 2141 2576 2150 -—
2607 2110 3115 2167 condemnaberis.
3162 2115 3242 2168 Ex
3282 2111 3463 2169 bonis
3509 2114 3639 2187 qui-

1980 2197 2122 2253 dem
2167 2196 2617 2268 justiﬁcaberis,
2659 2214 2730 2253 ex
2783 2198 2959 2255 malis
3019 2215 3161 2257 vero
3190 2203 3635 2261 condemnabe-

1979 2285 2081 2343 ris.

2201 2375 2354 2432 CAP.
2388 2376 2555 2432 XXIII.
2587 2378 2672 2433 De
2703 2378 3134 2447 requirentibus
3180 2380 3419 2452 signum.

2056 2464 2225 2521 Vers.
2279 2466 2367 2530 38,
2436 2466 2600 2522 Tunc
2645 2497 2714 2505 —
2770 2466 2982 2523 videre.
3035 2470 3181 2525 Cum
3248 2469 3529 2527 admirari
3570 2489 3641 2529 ac

1987 2552 2374 2610 succumbere
2410 2558 2729 2626 oporteret,
2775 2560 2912 2611 tunc
2942 2573 3213 2615 rursum
3264 2558 3642 2632 impudenter

1988 2640 2332 2713 loquuntur,
2361 2650 2413 2697 et
2433 2660 2614 2715 quem
2636 2643 2819 2715 paulo
2845 2650 2980 2701 ante
3005 2647 3445 2705 daemoniacum
3469 2656 3645 2708 teme-

1988 2730 2146 2787 rario
2176 2747 2331 2787 ausu
2361 2732 2654 2789 vocabant
2696 2749 2860 2789 nunc
2903 2733 3233 2792 adulatorie
3286 2739 3646 2809 magistrum

1990 2824 2228 2888 vocant,
2256 2826 2312 2875 et
2343 2826 2480 2892 post
2515 2827 2598 2877 tot
2632 2822 2922 2879 miracula
2976 2824 3220 2894 signum
3262 2827 3460 2884 videre
3489 2846 3649 2901 quae-

1993 2912 2329 2965 runt:non
2378 2914 2440 2966 ut
2495 2911 2761 2976 credant,
2802 2911 2908 2967 sed
2963 2918 3021 2968 ut
3077 2930 3217 2970 eum
3286 2918 3648 2989 opprimant.

1996 3000 2147 3053 Cum
2186 2997 2347 3053 enim
2377 3014 2500 3053 non
2543 3005 2793 3070 possent
2840 3001 2892 3055 ei
2938 3004 3358 3075 contradicere,
3390 3006 3537 3063 dum
3569 3008 3653 3064 fa-

1998 3086 2106 3141 cile
2162 3086 2295 3141 illos
2359 3087 2694 3143 covinceret
2740 3106 2750 3142 :
2795 3089 2874 3144 ad
2933 3105 3113 3161 Opera
3166 3097 3493 3151 transeunt.
3554 3100 3655 3152 Lu-

266 3188 447 3246 ζοντες
528 3189 748 3253 σημεῖον
828 3185 950 3258 παρ’
1029 3184 1190 3237 αὐτοῦ
1262 3184 1474 3246 ἐζήτουν
1537 3185 1590 3249 ἐξ
1646 3185 1880 3260 οὐρανοῦ⁴

2001 3190 2101 3230 cas
2126 3180 2331 3231 autem
2368 3174 2509 3231 dicit
2532 3176 2694 3247 quod
2714 3176 2823 3233 alii
2851 3180 3140 3236 tentantes
3165 3180 3395 3251 signum
3418 3184 3492 3241 de
3520 3186 3655 3242 caelo

259 3268 661 3343 ἰ’πελεὲμϐανον
744 3275 863 3344 γὰρ,
926 3274 1006 3327 ὅτι
1069 3276 1136 3325 τὰ
1209 3278 1299 3347 μὶν
1375 3274 1459 3327 ἐπὶ
1532 3282 1634 3347 γῆς
1700 3282 1894 3346 σημεῖα

259 3364 541 3432 γοητεύων
594 3358 853 3413 ἐπιτελεῖ·
914 3360 967 3425 ἐξ
1026 3362 1245 3437 οὐρανοῦ
1304 3360 1363 3417 δὲ
1416 3364 1510 3417 οῦκ
1568 3364 1627 3416 ἆν
1677 3362 1891 3416 δύναιτο

262 3459 506 3510 ποιῆσαι
548 3458 785 3521 σημεῖον,
827 3455 899 3522 μὴ
938 3452 1005 3502 ὧν
1037 3450 1138 3505 ἀπὸ
1177 3460 1268 3505 τοῦ
1314 3457 1461 3509 Θεοῦ.
1512 3460 1611 3508 Καὶ
1658 3455 1757 3527 γὰρ
1805 3459 1894 3507 καὶ

262 3540 521 3611 ἀλλαχοῦ
592 3540 779 3611 ἔλεγον.
840 3540 1002 3602 Οὗτος
1053 3542 1079 3592 ὁ
1126 3544 1392 3615 ἄνθρωπος
1446 3543 1538 3594 οὐκ
1595 3545 1735 3597 ἔστιν
1792 3541 1892 3596 ἀπὸ

260 3640 361 3683 τοῦ
401 3637 572 3683 Θεοῦ.

337 3720 402 3772 Ὁ
439 3714 505 3771 δι
539 3748 611 3758 -
636 3715 891 3779 ἐπιζητεῖ.
924 3718 1088 3771 Ὅταν
1135 3723 1223 3791 μὲν
1257 3720 1469 3796 ὕϐριζον
1506 3722 1682 3787 αὑτὸν,
1736 3718 1896 3774 διελέ-

255 3828 392 3880 γετο
446 3809 569 3877 {93)
618 3809 1004 3881 μακροθύμως·
1054 3810 1173 3861 ὅταν
1215 3806 1274 3863 δὲ
1322 3809 1642 3878 ἔκολάκευον,
1688 3809 1895 3883 ἀπεκρί-

260 3916 387 3950 νετο
453 3900 720 3968 τραχέως,
764 3899 831 3959 ὡς
870 3902 1002 3970 μήτε
1061 3900 1209 3971 θυμῷ
1257 3904 1550 3972 νικώμενος,
1612 3904 1742 3959 μήτε
1782 3898 1894 3972 (94)

258 3987 537 4056 κολακείᾳ
596 3984 1020 4058 μαλακιζόμενος.
1082 3990 1327 4063 Διασύρει
1381 3985 1439 4041 δὲ
1500 3992 1735 4057 τούτους,
1795 3987 1894 4041 ἀπὸ

260 4084 369 4135 τῆς
433 4082 543 4125 τῶν
602 4079 864 4147 προγόνων
924 4074 1090 4127 αὐτῶν
1146 4081 1350 4143 κακίας,
1408 4080 1475 4140 ὡς
1524 4078 1648 4141 ἄξια
1698 4077 1896 4130 ἐκείνων

264 4168 615 4235 γεννήματα.
688 4166 789 4215 Καὶ
862 4167 1091 4237 πονηρὰν
1155 4170 1244 4237 μὲν
1314 4170 1408 4223 τὴν
1473 4169 1646 4237 γενεὰν
1704 4170 1897 4219 τούτων

264 4255 586 4325 ὠνόμασεν,
646 4254 716 4313 ὡς
775 4253 995 4305 ἔκπαλαι
1070 4255 1292 4307 ἄπιστον
1365 4260 1453 4307 καὶ
1522 4256 1894 4329 πειράξουσαν.

264 4348 423 4401 Φησὶ
485 4344 593 4413 γὰρ
642 4341 668 4392 ὁ
721 4338 888 4393 Δαυῖδ
934 4362 945 4375 ·
1014 4348 1114 4396 Καὶ
1172 4344 1265 4395 οῦκ
1323 4342 1634 4397 ἑπιστευσαν
1693 4344 1739 4396 ἐν
1797 4353 1901 4407 τοῖς

265 4435 615 4504 θαυμασίοις
672 4429 851 4484 αὐτοῦ.
907 4435 1006 4484 Καὶ
1065 4431 1218 4483 πάλιν
1250 4450 1260 4461 ⁸
1316 4437 1417 4485 Καὶ
1480 4432 1756 4507 ἐπείρασαν
1810 4440 1901 4487 καὶ

260 4525 691 4595 παρεπίκραναν
756 4523 840 4571 τὸν
921 4525 1047 4573 Θεὸν
1117 4525 1203 4573 τὸν
1278 4520 1521 4593 ὕψιστον.
1592 4521 1905 4595 Μοιχαλίδα

262 4608 352 4681 δὶ,
424 4606 531 4661 διὰ
576 4613 670 4666 τὴν
721 4616 819 4660 τῶν
868 4614 1130 4681 προγόνων
1174 4610 1343 4662 αὐτῶν
1388 4611 1445 4662 ἐκ
1485 4617 1618 4664 Θεοῦ
1672 4611 1903 4666 ἀποστα-

268 4707 431 4767 σίαν,
504 4698 695 4757 οἵτινες
752 4696 1097 4771 ἄποζυγέντες
1151 4698 1311 4753 πάλαι
1380 4707 1472 4761 τῆς
1524 4705 1747 4764 πίστεως
1812 4710 1903 4755 τοῦ

268 4795 451 4856 Θεοῦ,
486 4786 846 4845 ἐκολλήθησαν
877 4795 939 4860 τῇ
976 4792 1153 4841 πίστει
1192 4796 1291 4841 τῶν
1324 4784 1605 4862 δαιμόνων.
1647 4796 1906 4863 Μοιχείαν

268 4882 382 4950 γὰρ
472 4875 742 4948 ὀνομάζει,
814 4882 904 4929 καὶ
986 4881 1081 4935 τὴν
1144 4875 1543 4951 εἰδωλολατρίαν
1615 4882 1644 4938 ἡ
1702 4880 1908 4935 Παλαιὰ

594 4971 684 5018 καὶ
746 4973 897 5019 τοῦτο
946 4966 1215 5039 πολλαχοῦ
1271 4975 1369 5019 τῶν
1424 4978 1755 5044 προφητικῶν
1818 4968 1910 5043 βί-

274 4971 473 5041 Γραφή
521 4983 534 4995 ’

280 5058 427 5112 ϐλων
457 5059 711 5133 εὑρήσεις.

363 5152 473 5201 Καὶ
523 5155 738 5221 σημεῖον
796 5177 862 5189 -
920 5148 1212 5219 προφήτου.
1282 5146 1356 5199 Οὐ
1417 5143 1704 5207 δοθήσεται
1753 5148 1908 5221 αὐτῇ,

365 5328 412 5366 ⁸³
433 5329 640 5392 Matth.
671 5346 758 5402 In,
794 5328 853 5381 7.
939 5324 991 5360 ⁸⁸
1022 5323 1161 5384 Luc.
1191 5341 1267 5395 XI,
1304 5326 1393 5383 16.

1935 4581 1981 4634 Β

1480 5326 1527 5363 ⁸⁵
1557 5325 1731 5387 Joan.
1763 5344 1843 5395 Ix,
1876 5329 1965 5388 16.

2003 3264 2331 3335 quaerebant
2362 3267 2437 3322 ab
2481 3281 2545 3322 eo
2568 3267 2637 3320 δι.
2674 3268 3142 3339 Suspicabantur
3162 3271 3455 3344 siquidem
3493 3276 3659 3347 quod

2004 3354 2176 3424 signa
2198 3353 2258 3409 in
2285 3358 2460 3422 terra,
2494 3355 2800 3426 praestigiis
2830 3357 3091 3414 fallendo
3143 3360 3341 3417 ederet
3375 3379 3388 3428 ;
3418 3363 3659 3433 signum

2003 3459 2146 3500 vero
2192 3443 2265 3499 de
2288 3443 2434 3501 coelo
2474 3461 2866 3518 nequaquam
2923 3447 3118 3505 facere
3172 3457 3394 3521 posset,
3456 3469 3594 3509 cum
3626 3472 3663 3511 a

2004 3533 2125 3589 Deo
2159 3547 2282 3589 non
2331 3539 2502 3590 esset.
2564 3537 2792 3592 Etenim
2844 3536 2986 3592 alibi
3049 3553 3293 3611 quoque
3337 3541 3656 3599 dicebant:

2002 3621 2133 3677 Hic.
2164 3622 2337 3679 homo
2365 3639 2482 3678 non
2522 3628 2602 3681 est
2633 3640 2671 3681 a
2703 3628 2812 3681 Deo
2844 3627 2912 3680 ⁸⁵.

2076 3709 2242 3767 Vers.
2275 3712 2363 3769 39.
2397 3714 2476 3768 At
2500 3712 2603 3769 ille
2630 3744 2699 3754 —
2723 3716 2940 3785 quaerit.
2971 3717 3117 3772 Cum
3147 3717 3229 3773 illi
3256 3720 3669 3777 contumeliosi

2005 3806 2223 3867 essent,
2268 3803 2560 3873 patienter
2612 3819 2713 3858 eos
2748 3803 3012 3864 ferebat:
3057 3806 3203 3863 dum
3225 3812 3428 3865 autem
3457 3810 3671 3866 adula-

2006 3895 2226 3954 rentur,
2282 3905 2494 3962 aspere
2524 3892 2855 3963 respondit,
2891 3898 3092 3964 utpote
3122 3897 3226 3966 qui
3256 3912 3452 3969 neque
3481 3898 3668 3954 animi

2005 3978 2383 4035 vehementia
2435 3980 2783 4045 vinceretur,
2827 3998 3021 4054 neque
3074 3983 3414 4041 adulatione
3470 3987 3674 4043 molle-

2008 4073 2198 4124 sceret
2231 4068 2381 4125 :hoc
2412 4085 2549 4125 vero
2593 4087 2627 4125 a
2656 4071 3101 4141 progenitorum
3150 4074 3311 4145 capit
3361 4077 3671 4146 pravitate,

2008 4163 2295 4229 tanquam
2313 4158 2557 4229 dignam
2577 4158 2690 4215 illis
2704 4159 3244 4219 sobolem.Pravam
3271 4180 3514 4235 quoque
3528 4164 3678 4221 dixit

2008 4248 2165 4304 hanc
2183 4250 2549 4321 progeniem,
2569 4250 2743 4321 quasi
2757 4250 2876 4321 jam
2896 4250 3037 4307 olim
3063 4251 3435 4309 incredulam
3462 4269 3533 4309 ac
3550 4259 3678 4310 ten-

2009 4342 2255 4395 tantem.
2291 4339 2382 4393 Ait
2437 4339 2597 4394 enim
2652 4340 2835 4395 David
2862 4339 2990 4397 :Et
3033 4358 3147 4396 non
3197 4342 3579 4398 crediderunt
3615 4343 3679 4397 in

2010 4427 2377 4483 mirabilibus
2407 4428 2530 4497 ejus
2564 4427 2631 4480 ³⁸.
2674 4430 2756 4483 Ac
2787 4444 3027 4484 rursum
3061 4446 3074 4485 :
3107 4430 3183 4486 Et
3215 4436 3591 4488 tentaverunt
3621 4438 3678 4489 et

2013 4516 2718 4573 exacerbavemntDeum
2739 4519 3031 4575 excelsum
3061 4520 3134 4577 ⁸⁷.
3172 4521 3513 4579 Adulteram
3534 4539 3680 4579 vero

2014 4612 2256 4678 propter
2281 4606 2786 4679 progenitoruma
2808 4610 2926 4664 Deo
2953 4608 3346 4666 defectionem
3374 4613 3509 4685 ;qui
3537 4612 3684 4669 olim

2012 4694 2130 4751 ﬁde
2160 4712 2196 4752 a
2224 4695 2343 4752 Deo
2374 4696 2675 4767 disjuncti,
2704 4696 2841 4753 ﬁdei
2880 4697 3230 4755 daemonum
3274 4700 3681 4766 adhaeserunt.

2012 4785 2381 4842 Adulterium
2412 4785 2637 4858 quippe
2680 4787 2859 4843 etiam
2914 4787 3243 4845 nominavit
3284 4789 3685 4849 idololatriam

2016 4876 2241 4932 Veteris
2280 4877 2634 4932 Testamenti
2687 4877 3005 4949 Scriptura,
3034 4878 3219 4951 idque
3248 4879 3585 4952 frequenter
3623 4882 3688 4939 in

2018 4966 2381 5039 propheticis
2412 4966 2603 5023 Libris
2632 4968 2919 5025 invenies.

2020 5147 2179 5202 Vers.
2195 5146 2281 5203 39.
2298 5146 2374 5203 Et
2384 5147 2612 5217 signum
2628 5148 3025 5220 ~pr0pheta.
3042 5151 3170 5207 Non
3184 5147 3421 5207 dabitur
3442 5148 3514 5218 ei,
3541 5148 3687 5223 quia

2042 5330 2091 5367 ⁸⁸
2116 5328 2269 5401 Psal,
2302 5346 2510 5400 Lxxvu,
2542 5333 2629 5388 32.
2707 5330 2755 5365 ⁸⁷
2787 5328 2933 5386 ibid.
2968 5328 3058 5385 56.

1562 5504 1787 5578 Variae
1814 5504 2141 5577 lectiones
2156 5516 2223 5576 et
2250 5516 2431 5576 notas

314 5742 419 5818 (93)
450 5740 516 5795 In
528 5728 658 5791 te”.
712 5716 932 5773 αὐτοῖς
948 5750 963 5764 ,

2100 5708 2211 5780 (94)
2249 5665 2482 5781 μαλακίᾳ
2518 5703 2911 5780 κολακευόμενος
2943 5711 3006 5764 Α.
