4108 6382
557 326 660 392 387
1878 330 2238 389 EUTHYMII
2273 330 2608 392 ZIGABENI
3801 333 3888 400 333

554 480 675 520 non
708 480 781 519 ex
808 463 945 529 ﬁde,
978 462 1082 518 sed
1106 479 1175 517 ex
1204 462 1366 527 dolo,
1416 460 1712 516 tentando
1740 460 1979 530 signum
2018 460 2200 531 quaeri

2337 457 2478 513 διότι
2518 461 2610 512 ούκ
2660 460 2713 511 ἔκ
2757 465 3001 525 πίστεως,
3046 460 3152 513 ἀλλ’
3201 460 3256 512 ἐκ
3292 466 3554 535 πονηρίας,
3610 470 3691 517 καὶ
3741 475 3893 543 πειρά-

558 551 710 618 Quid
733 567 873 621 ergo
902 553 1063 608 ‘Inon
1093 550 1517 621 fecitdeinceps
1542 550 1780 618 signum
1813 547 2042 603 ullum?
2070 548 2179 603 Fec
2205 546 2219 597 i

555 641 759 713 utique
789 645 883 708 ;at
918 656 1039 696 non
1096 644 1341 711 propter
1371 638 1501 693 illos
1537 654 1547 692 :
1589 654 1735 693 nam
1779 637 1893 709 ipsi
1944 636 2221 693 obdurati

549 733 735 800 erant,
798 731 904 784 sed
969 729 1046 784 ad
1084 728 1340 783 aliorum
1395 727 1732 782 utilitatem.
1781 727 2032 798 Signum
2083 741 2221 781 vero

552 820 717 874 Jonas
750 818 1080 889 prophetae,
1113 822 1286 873 vocat
1316 817 1807 871 resurrectionem
1869 830 2042 870 suam
2076 831 2107 871 e
2134 831 2219 871 se-

553 907 759 978 pulcro
784 913 917 978 post
942 912 1060 961 tres
1090 906 1215 961 dies
1248 911 1305 961 et
1328 910 1442 961 tres
1466 911 1695 961 noctes.
1726 905 1856 960 Jam
1878 905 2035 959 enim
2067 904 2222 960 hanc

547 995 764 1051 Judaais
790 994 1053 1067 prazdicit
1082 1002 1141 1049 ut
1168 1010 1304 1049 cum
1328 994 1732 1060 resurrexerit,
1753 994 1829 1048 ad
1864 992 2218 1048 memoriam

546 1084 838 1139 reducant
862 1082 1024 1156 quod
1058 1084 1213 1138 hanc
1245 1082 1358 1136 illis
1398 1081 1752 1153 praedixerit,
1788 1080 2002 1136 diebus
2041 1081 2219 1136 etiam

549 1187 619 1226 ac
658 1172 929 1228 noctibus
960 1171 1216 1243 proprize
1258 1170 1579 1243 sepulturas
1625 1170 1703 1225 ad
1742 1171 2036 1225 minutum
2070 1168 2221 1225 desi—

549 1259 769 1329 gnatis.
802 1262 1045 1331 Propter
1073 1260 1187 1316 hoc
1205 1259 1504 1331 siquidem
1522 1258 1649 1330 ipso
1681 1258 1934 1330 sepulto,
1968 1273 2218 1327 congre-

549 1349 666 1418 gati
693 1352 831 1403 sunt
850 1348 1068 1403 summi
1097 1348 1435 1404 sacerdotes
1463 1352 1519 1403 et
1549 1346 1817 1402 Phariseei
1849 1346 1926 1402 ad
1960 1346 2216 1402 Pilatum

545 1436 834 1493 dicentes:
857 1437 1413 1500 Domine,recorda-ti
1427 1451 1628 1492 sumus
1644 1435 1791 1506 quod
1812 1436 2096 1505 impostor
2111 1435 2217 1492 ille

546 1524 695 1581 dixit
715 1525 898 1580 adhuc
935 1525 1120 1580 vivens
1155 1525 1321 1579 :Post
1342 1530 1459 1581 tres
1481 1526 1601 1581 dies
1632 1539 1934 1595 resurgam
1966 1524 2033 1579 ⁸⁸.
2058 1525 2216 1580 hanc

552 1628 709 1680 vero,
746 1614 989 1683 signum
1019 1615 1185 1669 Jonas
1232 1613 1531 1684 prophetae
1586 1614 1939 1679 nominavit,
1974 1618 2216 1686 propter

554 1702 1020 1767 similitudinem,
1054 1718 1235 1773 quam
1261 1701 1442 1759 etiam
1473 1700 1817 1758 manifestat
1852 1701 2059 1757 dicens
2087 1719 2103 1757 :

616 1956 773 2010 Vers.
823 1954 918 2009 40.
972 1953 1149 2009 Sicut
1200 1983 1267 1994 —
1296 1952 1581 2008 noctibus.
1625 1953 1745 2007 Hoc
1785 1966 1921 2008 vere
1973 1952 2213 2020 signum

543 2047 688 2107 erat,
715 2047 772 2097 et
802 2041 1115 2111 signorum
1146 2042 1423 2098 omnium
1462 2042 1723 2096 maxime
1754 2040 2214 2097 admirandum—

542 2132 765 2188 nullius
784 2131 944 2187 enim
966 2130 1123 2186 facta
1136 2135 1225 2186 est
1240 2145 1509 2202 unquam
1534 2129 1665 2184 talis
1689 2145 1724 2184 a
1744 2130 1995 2185 mortuis
2023 2144 2209 2186 resur:

539 2223 744 2283 rectio.
777 2222 995 2276 Datum
1024 2224 1111 2275 est
1142 2224 1342 2275 autem
1356 2218 1709 2288 hujusmodi
1736 2219 1976 2289 signum
1994 2218 2021 2272 J
2031 2220 2212 2275 udaei-

539 2308 898 2379 inﬁdelibus,
926 2309 1041 2364 hoc
1080 2313 1184 2374 est,
1220 2323 1401 2379 opere
1449 2307 1754 2378 impletum
1776 2312 1865 2363 est
1911 2308 2075 2380 apud
2102 2322 2205 2365 eos

538 2399 653 2453 hoc
687 2396 1067 2463 miraculum,
1091 2413 1214 2468 quo
1242 2396 1516 2451 certiores
1543 2396 1658 2450 sint
1685 2396 1846 2451 hunc
1876 2399 2062 2451 Deum
2077 2413 2199 2452 esss

541 2485 1393 2558 omnipotentem,etdeinceps
1419 2483 1591 2556 quasi
1622 2484 1741 2539 Deo
1773 2491 2213 2556 repugnantese

541 2574 968 2632 conscientiam
1006 2573 1269 2630 habeant
1315 2573 1529 2630 acerbe
1561 2573 1691 2630 illos
1718 2579 2122 2644 torquentem,
2159 2593 2208 2637 e,

540 2664 742 2719 futura
753 2678 889 2734 quae
909 2677 1011 2718 eos
1024 2662 1535 2733 comprehensura
1548 2662 1663 2717 sint
1677 2661 1839 2717 mala
1853 2665 2211 2733 prmsagient

540 2750 678 2807 tem.
714 2753 822 2807 Cor
851 2765 991 2806 vero
1020 2755 1187 2806 terrae
1242 2750 1489 2820 intelligi
1529 2750 1686 2806 illius
1718 2751 2206 2821 profunditatem.

537 2843 687 2897 Nam
712 2840 771 2895 in
803 2838 1207 2911 profunditate
1226 2839 1401 2903 illius,
1430 2838 1731 2909 lapidibus
1779 2840 2043 2896 incisum
2087 2850 2209 2897 erat

539 2928 911 3000 sepulcrum.
938 2927 1077 2983 Tres
1093 2932 1292 2984 autem
1320 2926 1447 2982 dies
1463 2943 1599 2983 cum
1618 2929 1895 2985 noctibus
1918 2929 2026 2985 sub
2055 2935 2209 2987 terra

546 3017 896 3088 permansit,
930 3022 995 3071 ut
1024 3015 1361 3072 crederetur
1390 3014 1575 3071 fuisse
1605 3025 1895 3073 mortuus.

605 3108 645 3175 -ι-
674 3108 784 3163 Cor
801 3110 990 3169 terrae,
1023 3105 1369 3177 sepulcrum
1411 3111 1604 3161 vocat.

606 3196 763 3249 Vers.
792 3195 881 3261 4t,
929 3195 1051 3250 Vtri
1080 3194 1348 3250 Νἰηίυίια
1377 3223 1445 3234 --
1496 3194 1607 3250 hoc
1638 3194 1786 3251 loco.
1846 3196 2031 3257 Simul
2081 3202 2205 3255 tan-
2239 3192 2276 3245 C

534 3299 720 3355 quam
742 3283 947 3339 omnia
960 3298 1462 3355 prmcognoscens
1493 3288 1550 3338 et
1579 3283 1795 3338 horum
1820 3286 2206 3354 praedicitim-

533 3372 968 3444 paenitentiam,
1025 3388 1163 3443 quae
1210 3372 1390 3427 etiam
1432 3376 1566 3443 post
1621 3387 1792 3428 suam
1846 3372 2046 3430 futura
2081 3382 2204 3433 erat

532 3461 1019 3516 resurrectionem
1054 3476 1067 3515 :
1100 3466 1157 3515 et
1201 3460 1380 3515 simul
1432 3462 1596 3530 ipsos
1649 3467 1922 3519 exterret.
2000 3465 2199 3521 Dicere

532 3549 797 3606 solemus
824 3550 987 3605 hunc
1018 3554 1117 3603 aut
1145 3548 1312 3603 illum
1343 3549 1405 3604 in
1436 3548 1881 3621 futurojudicio
1919 3568 2029 3608 nos
2059 3569 2199 3610 con-

531 3638 978 3702 demnaturum,
1024 3653 1146 3693 non
1177 3636 1349 3709 quasi
1385 3637 1479 3692 ille
1508 3636 1737 3693 futurus
1764 3640 1841 3695 sit
1879 3641 2089 3709 Judex,
2124 3645 2199 3699 si-

531 3726 776 3799 quidem
790 3728 1059 3781 omnium
1089 3726 1275 3796 Judex
1296 3742 1449 3781 unus
1468 3727 1870 3795 eritChristus,
1903 3731 2007 3787 sed
2037 3734 2195 3804 quod

531 3814 687 3870 illius
720 3814 986 3887 operatio
1018 3815 1234 3871 nostris
1268 3814 1485 3871 collata
1512 3816 1837 3873 confundet
1864 3835 1993 3876 nos.
2035 3823 2201 3878 Hanc

529 3920 769 3977 quoque
799 3904 1295 3960 consuetudinem
1329 3911 1568 3960 secutus
1601 3911 1692 3961 est
1719 3907 1985 3964 Christus
2019 3926 2030 3965 :
2060 3911 2201 3966 Plus

532 3998 747 4059 autem,
784 3991 882 4058 ait,
939 4008 1112 4064 quam
1143 3994 1328 4049 Jonas
1384 4000 1465 4049 est
1496 3994 1601 4049 hoc
1636 3996 1777 4051 loco.
1824 3999 2004 4054 Jonas
2037 4000 2197 4055 enim

530 4097 737 4136 servus
793 4085 936 4147 erat,
999 4082 1261 4137 Christus
1311 4096 1453 4137 vero
1496 4082 1823 4139 Dominus:
1857 4084 1952 4141 ille
2006 4104 2037 4143 e
2068 4092 2198 4145 ceto

528 4185 808 4240 egressus
856 4174 961 4236 est,
1000 4170 1107 4226 iste
1162 4170 1238 4225 ab
1266 4169 1498 4226 inferno
1542 4171 1680 4237 ;ille
1719 4173 1933 4230 invitus
1987 4177 2198 4247 praedi-

528 4261 702 4330 cavit,
732 4261 841 4317 iste
864 4266 1073 4333 sponte
1107 4276 1121 4327 ;
1149 4260 1246 4315 ille
1276 4261 1629 4332 peregrinus
1661 4270 1807 4331 erat,
1841 4264 1947 4320 iste
1978 4281 2197 4335 cogna-

527 4356 619 4405 tus
634 4350 968 4406 secundum
982 4365 1238 4415 carnem,
1254 4349 1348 4405 ille
1362 4350 1806 4405 subversionem
1824 4354 2193 4424 praedicavit,

526 4445 897 4509 isteregnum
925 4439 1213 4494 cmlorum
1242 4460 1253 4502 ;
1285 4438 1379 4494 ille
1395 4439 2053 4513 nullumfecitsignum,
2085 4447 2194 4503 iste

2335 550 2504 609 ζουσα
2568 558 2780 618 σημεῖον
2839 550 3001 609 ζητεῖ.
3055 554 3119 603 Τί
3176 546 3262 603 οὖν
3322 550 3559 608 ἐποίησεν
3613 556 3771 608 ἔκτοτε
3814 577 3896 615 ση-

2332 647 2510 709 μεῖονς
2554 639 2847 705 Ἐποίησεν,
2903 637 3011 689 ἀλλ’
3062 639 3118 691 ού
3175 636 3249 691 δι’
3305 639 3531 701 αύτούς·
3566 651 3895 716 πεπωρωμένοι

2330 729 2428 800 γὰρ
2476 724 2631 793 ἦσαν,
2696 725 2817 778 ἀλλὰ
2875 724 2968 779 διὰ
3019 732 3110 785 τὴν
3159 737 3258 779 τῶν
3318 728 3479 780 ἄλλων
3519 730 3763 802 (Lysiam.
3813 742 3894 790 Ση-

2330 823 2470 886 μεῖον
2553 813 2610 868 δὲ
2684 818 2831 868 Ἰωνᾶ
2904 823 2993 868 τοῦ
3067 821 3336 889 προφήτου
3416 817 3568 889 λέγει,
3629 826 3715 878 τὴν
3787 828 3897 893 μετὰ

2331 912 2466 973 τρεῖς
2542 906 2735 978 ἡμέρας
2811 910 2899 957 καὶ
2990 914 3129 980 τρεῖς
3186 909 3377 967 νύκτας
3460 906 3512 957 ἐκ
3600 918 3685 960 τοῦ
3757 914 3895 983 τάφου

2331 990 2620 1045 ἀνάστασιν
2698 994 2873 1048 αὐτοῦ.
2966 1001 3331 1068 Προαναφωνεῖ
3397 999 3494 1068 γὰρ
3556 994 3656 1054 ἤδη
3696 1002 3897 1057 ταύτην

2330 1089 2437 1143 τοῖς
2492 1078 2792 1149 Ἰουδαίοις,
2860 1084 2942 1135 ἵνα
3019 1082 3333 1145 ἀναστάντος
3391 1089 3779 1156 μνημονεύωσιν,
3834 1091 3899 1141 ὅτι

2328 1178 2539 1244 προεῖπε
2585 1174 2785 1233 τούτοις
2840 1177 2957 1245 περὶ
3017 1173 3199 1240 αὐτῆς,
3263 1171 3704 1246 ἐπισημηνάμενος
3748 1176 3899 1229 λεπτο-

2328 1270 2494 1333 μερώς
2540 1266 2627 1313 καὶ
2684 1263 2775 1323 τὰς
2843 1262 3042 1335 ἡμέρας
3106 1266 3195 1314 καὶ
3251 1264 3339 1323 τὰς
3391 1265 3574 1324 νύκτας
3639 1273 3727 1327 τῆς
3779 1262 3897 1326 ἰδίας

2327 1358 2504 1421 ταφῆς.
2561 1352 2653 1403 Διά
2700 1357 2852 1403 τοῦτο
2907 1353 3008 1423 γὰρ
3063 1357 3153 1405 καὶ
3214 1351 3430 1425 ὕστερον
3481 1356 3714 1424 ταφέντος
3762 1354 3898 1407 αὐτοῦ

2330 1440 2674 1509 συνήχθησαν
2732 1441 2781 1492 οἱ
2853 1437 3120 1515 ἀρχιερεῖς
3181 1446 3270 1492 καὶ
3349 1442 3397 1493 οἱ
3458 1447 3723 1514 Φαρισαῖοι
3782 1447 3892 1517 πρὸς

2326 1527 2547 1579 Πιλάτον
2646 1528 2878 1599 λέγοντες
2929 1545 2942 1558 ⁸
3045 1531 3220 1603 Κύριε,
3306 1528 3630 1603 ἐμνήσθημεν
3731 1534 3803 1585 ὅτι
3870 1535 3891 1584 6

2323 1616 2510 1677 πλάνος
2592 1616 2781 1678 ἐκεῖνος
2847 1613 2980 1670 εἶπεν
3042 1620 3119 1670 ἔτι
3182 1622 3279 1681 ζῶν
3312 1636 3324 1648 ’
3384 1621 3531 1672 Μετά
3592 1628 3721 1695 τρεῖς
3791 1624 3894 1693 ἡμέ-

2322 1724 2418 1779 ρας
2482 1707 2763 1779 ἐγείρομαι.
2849 1714 3063 1779 Σημεῖον
3138 1704 3195 1760 δε
3273 1709 3419 1761 Ἰωνᾶ
3493 1716 3583 1761 τοῦ
3654 1715 3893 1784 προφήτου

2322 1796 2515 1851 ταύτην
2566 1794 2819 1867 ὠνόμασε,
2873 1790 2968 1849 διὰ
3018 1799 3113 1855 τὴν
3170 1797 3479 1868 ὁμοιότητα,
3530 1799 3588 1857 ἦν
3633 1802 3716 1851 καὶ
3764 1798 3896 1873 ἑρμη-

2321 1885 2454 1935 νεύει
2485 1882 2666 1953 λέγων.

2393 1970 2591 2044 Ὠσπερ
2627 2004 2691 2013 -
2717 1976 2922 2033 νύκτας.
2953 1972 3150 2035 Ὀντως
3178 1982 3328 2027 τοῦτο
3362 1984 3575 2047 σημεῖον
3604 1974 3680 2041 ἦν,
3712 1982 3793 2029 καὶ
3819 1997 3895 2035 ση-

2322 2068 2464 2131 μεῖον
2507 2063 2709 2112 πάντων
2752 2058 3192 2137 παραδοξότερον.
3250 2059 3480 2128 Οὐδενὸς
3525 2067 3623 2140 γὰρ
3677 2062 3896 2118 οὐδέποτε

2323 2152 2537 2206 τοιαύτη
2570 2153 2772 2221 γέγονεν
2805 2150 2858 2201 ἐκ
2883 2160 3070 2224 νεκρῶν
3103 2150 3412 2215 ἀνάστασις.
3447 2150 3635 2212 Ἐδόθη
3662 2150 3717 2206 δὲ
3740 2158 3793 2207 τὸ
3818 2174 3898 2212 ση-

2323 2244 2463 2309 μεῖον
2495 2245 2644 2290 τουτο
2675 2246 2779 2299 τοῖς
2812 2239 3052 2301 ἀπίστοις
3084 2237 3386 2309 Ἰουδαίοις,
3419 2247 3704 2310 τουτέστιν,
3745 2243 3898 2315 ἐτερα-

2324 2329 2589 2401 τουργὴθη
2656 2328 2778 2402 παρ’
2846 2328 3043 2395 αύτοίς,
3111 2330 3193 2381 ἵνα
3271 2331 3756 2408 πληροφορηθῶσιν,
3830 2335 3897 2385 ὅτι

2324 2422 2451 2479 Θεὸς
2500 2415 2610 2468 ἐστι
2652 2414 3060 2489 παντοδύναμος.
3119 2422 3217 2472 Καὶ
3263 2419 3463 2487 λοιπόν,
3518 2425 3587 2484 ὡς
3647 2424 3895 2495 θεομάχοι,

2322 2509 2380 2556 τό
2432 2502 2669 2565 συνειδὸς
2700 2505 2903 2568 ἕξουσιν
2937 2510 3128 2559 τύπτον
3176 2513 3266 2560 καί
3308 2518 3510 2584 πικρῶς
3539 2510 3721 2574 αύτούς
3750 2509 3897 2582 βασα-

2320 2594 2461 2654 νίζον
2534 2598 2623 2646 καὶ
2689 2602 3084 2667 προανατυποῦν
3156 2599 3222 2649 τὰ
3298 2598 3546 2670 μέλλοντα
3619 2599 3898 2652 καταλαϐεῖν

2320 2685 2535 2744 τούτους
2578 2685 2733 2735 κακά.
2794 2680 3028 2757 Καρδίαν
3084 2682 3143 2738 δὲ
3189 2694 3288 2757 γῆς
3340 2692 3463 2757 νόει,
3515 2692 3573 2741 τό
3625 2688 3783 2761 βάθος
3818 2689 3898 2743 a13-

2318 2779 2432 2831 τῆς.
2524 2772 2605 2823 Ἐν
2669 2770 2822 2843 βάθει
2888 2776 2989 2846 γὰρ
3067 2775 3128 2831 ἧν
3203 2774 3613 2849 λελατομημένος
3668 2781 3691 2830 6
3738 2780 3897 2849 τάφος.

2318 2866 2450 2932 Τρία
2490 2857 2547 2913 δὲ
2588 2862 2937 2934 ἡμερονύκτια
2978 2859 3227 2935 διήγαγεν
3273 2866 3372 2918 ὑπὸ
3412 2875 3534 2938 γῆν,
3578 2869 3658 2919 ῖνα
3704 2887 3896 2919 πιστευ-

2320 2950 2404 3019 θῇ,
2440 2950 2518 2999 ὅτι
2550 2948 2815 3004 ἀπέθανεν.

2387 3128 2428 3195 ’ξ-
2462 3122 2695 3200 Καρδίαν
2728 3128 2841 3198 (95)
2868 3136 2987 3199 γῆς,
3020 3133 3107 3182 τόν
3152 3134 3305 3203 τάφον
3336 3133 3493 3205 λέγει.

2386 3212 2606 3288 ’Ἄνδρες
2660 3223 2927 3270 Νινευῖται
2981 3249 3051 3259 -—
3099 3217 3221 3275 ὧδε.
3281 3228 3423 3294 Ἀμα
3476 3227 3587 3295 μὲν,
3646 3226 3713 3283 ὡς
3752 3224 3902 3275 πάντα

2317 3300 2487 3369 εἰδὼς,
2538 3305 2774 3376 προλέγει
2819 3311 2898 3372 τό,
2948 3313 3030 3359 καὶ
3084 3312 3210 3380 μετά
3241 3315 3333 3368 τὴν
3392 3315 3642 3370 τοιαύτην
3689 3310 3901 3363 ἀνάστα-

2318 3411 2419 3457 σιν,
2482 3390 2827 3465 ἀμετανόητον
2896 3395 3059 3448 αύτών
3092 3415 3102 3426 '
3137 3398 3249 3469 ἅμα
3305 3395 3364 3452 δὲ
3415 3405 3507 3453 καὶ
3557 3400 3760 3472 ἐκφοϐεῖ
3800 3403 3901 3451 τού-

2314 3500 2454 3541 τους.
2502 3481 2649 3535 Ἐπεὶ
2704 3479 2762 3535 δὲ
2814 3483 3060 3555 εἰώθαμεν
3113 3484 3296 3557 λέγειν,
3347 3489 3428 3540 ὅτι
3472 3488 3531 3542 Ὀ
3582 3486 3724 3543 δεῖνα
3766 3488 3809 3541 ἐν
3846 3495 3899 3559 τῇ

2314 3568 2568 3641 μελλούσῃ
2638 3576 2809 3643 κρίσει
2870 3582 3169 3647 κατακρινεῖ
3236 3578 3397 3647 ἡμᾶς,
3455 3578 3563 3649 οὐχ
3613 3581 3675 3639 ὡς
3726 3577 3902 3630 ἐκείνου

2313 3662 2608 3731 κρίνοντος·
2651 3658 2721 3721 εἷς
2776 3663 2876 3733 γὰρ
2936 3671 3119 3736 κριτῆς
3178 3666 3380 3717 πάντων
3412 3666 3438 3717 6
3492 3672 3758 3741 Χριστός·
3808 3664 3901 3717 ἀλλ’

2314 3749 2383 3808 ὡς
2429 3754 2523 3807 τῆς
2578 3747 2766 3800 ἐκείνου
2826 3751 3056 3823 πράξεως
3106 3750 3153 3803 ἐν
3184 3762 3255 3824 τῷ
3312 3756 3760 3826 παρεξετάζεσθαι
3796 3762 3899 3815 ταῖς

2313 3837 2587 3909 ἡμετέραις
2687 3842 3151 3910 καταισχυνούσης
3234 3844 3369 3913 ἡμᾶς
3412 3860 3423 3872 ⁸
3509 3853 3569 3917 τῇ
3674 3846 3904 3914 συνηθείᾳ

2311 3926 2472 3981 ταύτῃ
2534 3930 2622 3977 καὶ
2682 3927 2707 3977 ό
2773 3932 3000 4001 Χριστός
3062 3929 3408 3988 ἠκολούθησε.
3474 3933 3654 3987 Πλεῖον
3716 3930 3772 3985 δὲ
3824 3938 3904 3984 τοῦ

2315 4012 2460 4064 Ἰωνᾶ
2516 4010 2639 4079 ὦδε,
2710 4020 2858 4087 φησὶ,
2927 4016 3066 4070 διότι
3114 4020 3139 4070 ό
3196 4023 3285 4091 μὲν
3336 4021 3514 4085 Ἰωνᾶς
3584 4018 3644 4081 ἦν
3717 4019 3902 4088 δοῦλος,

2687 3842 3151 3910 καταισχυνούσης
3234 3844 3369 3913 ἡμᾶς
3412 3860 3423 3872 ⁸

2312 4102 2336 4151 ό
2370 4098 2427 4153 δὲ
2468 4106 2697 4173 Χριστὸς
2752 4109 3010 4166 Δεσπότης
3045 4125 3055 4136 ·
3090 4113 3178 4160 καὶ
3218 4108 3363 4181 ὁμὲν
3422 4108 3479 4161 ἐκ
3538 4115 3731 4172 κήτους
3776 4110 3905 4172 ἐξῆλ-

2312 4192 2414 4253 θεν,
2464 4190 2612 4252 οὗτος
2669 4190 2728 4244 ὸὲ
2776 4192 2830 4256 ἐξ
2867 4191 3000 4264 ᾅδου
3036 4212 3048 4225 ’

2310 4278 2454 4338 οὗτος
2503 4276 2561 4332 δὲ
2614 4280 2737 4333 ἑκών
2773 4300 2783 4311 ·
2816 4285 2959 4335 καὶὸ
2999 4288 3087 4355 μὲν
3139 4285 3279 4348 ξένος
3330 4283 3411 4353 ἧν,
3464 4289 3619 4351 οὗτος
3670 4286 3728 4341 δὲ
3787 4308 3904 4359 συγ·

3093 4200 3181 4248 καὶ
3234 4198 3259 4248 6
3310 4201 3399 4270 μὲν
3454 4201 3596 4253 ἄκων
3656 4200 3903 4274 ἐκήρυξε),

2307 4372 2460 4436 γευὴς
2506 4372 2640 4420 κατὰ
2689 4374 2861 4445 σάρκα
2891 4392 2901 4404 ·
2948 4378 3035 4424 καὶ
3081 4375 3105 4424 ὁ
3157 4378 3246 4445 μὲν
3306 4383 3678 4451 καταστροφὴν
3732 4376 3905 4450 ἐκήρυ-

2310 4456 2407 4519 ξεν,
2464 4453 2610 4519 οὗτος
2667 4456 2724 4511 δὲ
2778 4459 3051 4532 βασιλείαν
3105 4463 3330 4535 οὐρανῶν
3368 4483 3378 4494 ·
3433 4472 3525 4519 καὶ
3557 4468 3582 4518 ὁ
3621 4469 3712 4539 μὲν
3767 4460 3905 4518 οὐδὲν

525 4527 846 4583 innumera
887 4527 1009 4583 :de
1058 4526 1157 4582 illo
1210 4528 1409 4582 nullus
1450 4529 1740 4599 praedixit,
1796 4531 1870 4586 de
1921 4534 2033 4590 isto
2064 4552 2192 4592 om-

2319 4554 2523 4616 σημεῖον
2575 4546 2833 4611 ἐποίησεν,
2891 4550 3039 4612 οὗτος
3095 4548 3151 4604 δὲ
3191 4559 3383 4627 μυρία·
3420 4560 3510 4608 καὶ
3550 4560 3670 4630 περὶ
3726 4554 3904 4607 ἐκείνου

525 4629 634 4669 nes
673 4615 1004 4686 prophetas.
1049 4614 1341 4671 Przeterea
1393 4616 1660 4673 Ninivitaa
1714 4618 1957 4676 barbari
2001 4630 2191 4691 erant,

524 4702 718 4759 Judaei
742 4703 962 4759 divinis
992 4704 1222 4760 enutriti
1263 4704 1600 4777 Scripturis.
1638 4707 1703 4763 Et
1726 4708 1805 4763 illi
1835 4712 2081 4781 quidem
2111 4717 2196 4771 ni-

523 4792 605 4847 hil
638 4809 675 4847 a
700 4793 846 4848 Jona
876 4783 1422 4865 audieruntprieter
1446 4796 1504 4850 id
1536 4799 1773 4851 tantum
1808 4815 1821 4866 ;
1854 4800 2194 4860 Adhuctres

524 4882 643 4938 dies
661 4887 715 4937 et
729 4882 946 4938 Ninive
957 4882 1252 4939 subvertet
1261 4899 1334 4937 ur
1346 4885 1415 4950 8°,
1431 4893 1485 4939 et
1498 4885 1694 4941 statim
1710 4886 1760 4941 ei
1775 4886 2157 4948 crediderunt
2179 4910 2191 4948 :

521 4972 616 5028 isti
647 4986 786 5027 vero
815 4972 1044 5027 variam
1075 4988 1111 5028 a
1149 4972 1378 5028 Christo
1417 4988 1486 5029 ac
1520 4973 2056 5045 profundissimam
2089 4997 2193 5038 au-

520 5062 750 5117 dierant
780 5060 1138 5128 doctrinam,
1173 5077 1283 5118 nec
1312 5061 1364 5119 ei
1395 5063 1795 5121 crediderunt.
1834 5067 2012 5127 Multa
2041 5086 2193 5142 quo-

594 5185 1064 5257 ”Matth,xxvu,
1102 5190 1185 5251 62,
1219 5187 1312 5244 63.
1398 5189 1444 5224 ⁸ο
1484 5191 1617 5246 Jon.
1655 5206 1733 5263 ιιι,
1762 5192 1814 5249 4.

2305 4637 2395 4705 μὲν
2435 4631 2605 4695 οὐδεὶς
2646 4645 2859 4711 προεῖπε
2883 4657 2894 4668 ·
2930 4646 3047 4715 περὶ
3078 4644 3261 4694 τούτου
3301 4638 3359 4695 δὲ
3404 4646 3589 4706 πάντες
3635 4647 3684 4697 οἰ
3721 4652 3909 4720 προφῆ-

2304 4741 2431 4773 ται·
2482 4729 2569 4776 καὶ
2622 4727 2669 4777 οἱ
2723 4730 2813 4799 μεν
2862 4735 3128 4781 Νινευῖται
3185 4730 3447 4807 βάρϐαροι
3501 4732 3808 4807 ἐτύγχανον,
3864 4733 3907 4783 οἱ

2306 4808 2365 4863 δὲ
2415 4810 2687 4880 Ἰουδαῖοι,
2748 4823 2857 4878 ταῖς
2917 4819 3079 4879 θείαις
3132 4815 3265 4877 ἦσαν
3330 4822 3732 4897 ἐντεθραμμένοι
3788 4827 3908 4895 Γρα-

2305 4907 2461 4971 φαῖς’
2519 4900 2747 4955 κάκεῖνοι
2806 4907 2896 4976 μὲν
2954 4904 3103 4959 οὐδὲν
3182 4910 3324 4982 παρὰ
3395 4918 3488 4961 τοῦ
3560 4912 3709 4964 Ἰωνᾶ
3769 4909 3906 4961 πλέον

2304 4991 2557 5058 ἤκουσαν,
2635 4990 2679 5043 εἰ
2760 4997 2830 5064 μὴ
2904 4998 3095 5066 μόνον’
3155 4994 3271 5049 Ἔτι
3340 5007 3473 5073 τρεῖς
3532 5000 3649 5072 (96)
3727 5002 3911 5074 ἡμέραι

2303 5082 2393 5130 καὶ
2476 5081 2505 5137 ἡ
2593 5080 2705 5151 (97)
2787 5087 2967 5137 Νινευῐ
3040 5093 3564 5161 καταπραφὴσιται,
3649 5094 3739 5141 καὶ
3835 5086 3910 5140 εύ-

1742 5346 1968 5418 Variae
2000 5348 2327 5423 lectiones
2368 5361 2435 5423 et
2472 5364 2677 5427 notae.

592 5507 711 5590 (95)_
738 5511 870 5566 Haec
902 5511 1170 5594 quinque
1203 5514 1499 5594 vocabula
1542 5517 1701 5574 solus
1752 5519 2076 5579 Hentenius
2118 5524 2177 5581 in

521 5583 792 5651 margine
824 5583 916 5637 sui
946 5583 1167 5639 codicis
1198 5586 1430 5659 repetit.

2364 5528 2478 5673 (96g
2508 5530 2591 5618 ita
2622 5529 2755 5588 LXX
2784 5548 2795 5589 :
2832 5532 2937 5591 sed
2961 5534 3022 5592 in
3047 5533 3337 5596 Hebraico
3363 5541 3452 5597 est
3488 5541 3907 5620 τεσσαράκοντα.

2368 5599 2457 5672 (97
2508 5620 2538 5659 η
2572 5601 2737 5660 abest
2764 5608 2834 5665 Α.

2368 5599 2478 5672 (97)
2508 5603 2538 5659 ἡ
2572 5601 2737 5660 abest
2764 5608 2834 5665 Α.
