4108 6380
159 292 247 352 389
1130 306 1501 369 COMMENT.
1539 298 1613 368 1N
1655 308 2091 372 MATTH/EUM.
2124 347 2191 355 -
2222 314 2383 372 CAP.
2423 300 2632 371 XXIII.

3429 302 3538 370 390

170 424 242 484 θὺς
264 422 575 477 ἐπέστωσαν
598 427 773 499 αὐτῷ,
800 436 892 483 καὶ
917 437 1235 504 μετενόησαν
1255 451 1267 464 °
1289 434 1432 489 οὗτοι
1449 433 1509 491 δὲ
1534 443 1778 493 παντοίαν

1911 456 2006 515 [ue
2044 445 2099 497 et
2138 441 2253 498 alia
2292 440 2555 497 invenire
2586 439 2937 513 poterimus,
2967 454 3105 512 qua
3136 439 3394 496 Christus
3427 456 3550 497 ma-

170 513 520 571 ἠνωτίσθησαν
553 520 705 591 παρὰ
736 527 833 572 τοῦ
861 527 1097 595 Χριστοῦ
1119 523 1545 596 φιλοσοφωτάτην
1586 524 1619 581 δ
1626 525 1779 581 ιδασ-

173 601 354 669 adiam,
396 609 491 656 καὶ
544 605 643 656 οὐκ
690 604 1013 662 ἐπίστευσαν
1064 611 1228 682 αὐτῷ.
1282 618 1382 666 Καὶ
1433 615 1597 669 πολλὰ
1634 618 1781 691 ἕτερα

170 698 369 743 τοιαῦτα
403 693 645 765 εὕροιμεν
679 697 762 755 ἀν,
799 700 993 768 ἔχοντα
1019 702 1075 751 τὸ
1113 701 1310 771 μεῖζον.

234 780 532 833 Batarnas-at
575 815 640 824 —
700 781 827 840 ὧδε.
884 792 1047 839 Νότον
1096 788 1253 860 λέγει,
1308 794 1397 849 τὴν
1445 798 1647 868 χώραν,
1695 794 1778 867 ἀφ’

169 869 446 930 ξςὸνότος
506 875 670 940 πνέει,
724 873 858 944 λέγω
917 872 983 933 δὴ
1036 881 1128 935 τὴν
1158 878 1459 946 Αἰθιοπίαν,
1528 882 1587 940 ἢν
1644 883 1782 935 Σαϐὰ

165 956 399 1014 κέκληκεν
442 961 472 1017 ἡ
537 965 690 1032 τρίτη
754 960 936 1034 βίϐλος
992 972 1090 1016 τῶν
1153 966 1452 1021 Βασιλειῶν.
1504 976 1682 1023 Κείται
1722 969 1781 1024 δὲ

167 1048 191 1103 2';
268 1050 491 1105 τοιαύτη
563 1055 722 1123 χώρα
792 1050 841 1102 ἐν
904 1062 975 1123 τῷ
1044 1058 1229 1129 πέρατι
1293 1066 1386 1119 τῆς
1455 1058 1775 1132 οἰκουμένης.

166 1134 337 1188 Πλείον
431 1134 494 1189 δε
572 1137 869 1211 Σολομῶνος
946 1138 1069 1208 ὧδε,
1146 1150 1325 1215 φησὶν,
1409 1148 1490 1199 ὅτι
1551 1148 1779 1221 Σολομὼν

158 1228 243 1295 μὲν
302 1223 569 1296 βασιλεὺς
620 1224 681 1285 ἧν
754 1226 1020 1292 Ἰουδαίας
1072 1236 1235 1304 μόνης
1283 1251 1296 1263 ’
1340 1235 1365 1286 ό
1421 1232 1480 1287 δὲ
1523 1242 1777 1310 Χριστὸς,

157 1312 414 1385 βασιλεὺς
470 1315 698 1389 οὐρανοῦ
750 1322 837 1369 καί
874 1327 994 1390 γῆς.
1046 1326 1146 1373 Καὶ
1195 1321 1220 1373 ὁ
1277 1326 1367 1395 μὲν
1409 1329 1528 1397 περὶ
1597 1331 1781 1398 σοφίας

157 1401 496 1475 ἀνθρωπίνης
555 1405 688 1478 αὐτῇ
743 1402 999 1479 διελέχθη
1058 1431 1069 1442 θ
1122 1410 1271 1473 οὗτος
1314 1409 1372 1465 δὲ
1423 1419 1542 1488 περὶ
1596 1420 1781 1487 σοφίας

159 1494 297 1552 θείας
360 1491 596 1545 ἐποιεῖτο
639 1497 731 1555 τάς
779 1495 1009 1568 ὁμιλίας,
1086 1498 1237 1550 Οὕτω
1284 1508 1630 1573 παραστήσας
1679 1503 1778 1556 ἀπὸ

158 1586 492 1654 συγκρίσεως
555 1587 649 1641 τὴν
708 1583 996 1659 ὑπερϐολην
1024 1594 1114 1648 τῆς
1144 1593 1332 1652 κακίας
1380 1590 1570 1656 αὐτῶν,
1604 1592 1781 1646 λοιπὸν

156 1670 398 1741 προλέγει
424 1669 522 1724 διὰ
564 1670 871 1747 παραϐολῆς
898 1676 965 1727 τοί
993 1675 1242 1748 μελλοντα
1266 1678 1569 1733 καταλαϐεῖν
1592 1681 1783 1745 αὐτοὺς

156 1779 314 1813 κακοί.

226 1847 393 1900 Ὀταν
421 1881 491 1890 -—
527 1850 781 1923 εὑρίσκει.
822 1850 1108 1928 Ἀνύδρους
1135 1859 1325 1919 τόπους
1353 1856 1508 1930 λέγει,
1542 1862 1635 1914 τὰς
1656 1859 1781 1936 ἐρη-

158 1941 310 2008 μίας.
357 1938 518 1994 Δηλοί
551 1936 610 1992 δέ
659 1944 753 2003 τὰς
784 1950 883 1994 τῶν
915 1941 1073 2014 ἁγίων
1101 1943 1303 2017 ψυχὰς,
1331 1947 1597 2020 μηδεμίαν
1620 1951 1783 2021 ὑγρό-

159 2046 299 2083 τητα
323 2030 528 2088 πάθους
575 2028 830 2100 ἐχούσας,
882 2030 1106 2104 ἐρήμους
1138 2030 1197 2086 δὲ
1222 2039 1311 2087 καὶ
1352 2037 1570 2107 ἀγόνους
1596 2043 1779 2100 κακίας

160 2118 538 2189 ὑπαρχούσας,
572 2118 647 2180 εἰς
671 2116 733 2180 ἃς
758 2119 850 2171 οὐκ
884 2120 1000 2192 ἔχει
1030 2122 1151 2194 ,(98)
1189 2121 1443 2197 πάροδον.

241 2294 374 2347 Τότε
404 2294 714 2356 -εξῆλθον.
757 2293 911 2348 Οἷκον
958 2297 1118 2349 αὐτοῦ
1162 2319 1309 2371 φησι,
1366 2303 1452 2353 τὸν
1492 2304 1780 2377 ἄνθρωπον,

164 2380 259 2450 ἀφ’
289 2382 353 2432 οὗ
379 2382 603 2449 ἐξῆλθεν,
637 2384 744 2455 οὐχ
785 2385 931 2453 ἑκὼν,
961 2384 1145 2439 ἁλλὰκε
1164 2387 1337 2441 λεύσει
1377 2398 1531 2445 Θεοῦ.

237 2474 340 2523 Καὶ
380 2500 439 2510 -—-
474 2478 885 2545 κεκοσμημένον.
918 2481 1083 2527 Τοῦτο
1108 2475 1244 2548 λέγει
1275 2484 1391 2553 περὶ
1419 2489 1516 2531 τῶν
1550 2478 1784 2533 ἀπαλλα-

159 2562 353 2627 γέντων
376 2563 471 2630 μὲν
515 2569 609 2612 τοῦ
636 2560 904 2635 δαίμονος,
942 2562 995 2626 ἐξ
1024 2562 1339 2640 ἀπροσεξίας
1359 2563 1417 2620 δὲ
1432 2574 1517 2620 καὶ
1549 2567 1785 2641 ἀμελείας

163 2646 583 2720 εὖεπιχειρήτων
615 2649 773 2702 πάλιν
812 2656 901 2704 καὶ
929 2652 1195 2706 εὖαλώτων
1220 2664 1290 2726 τῷ
1331 2652 1564 2728 δαίμονι.
1599 2658 1786 2730 Εὑρίσ-

162 2755 238 2787 κει
273 2740 389 2808 (99)
408 2733 490 2804 δὲ,
527 2744 681 2809 φησὶ,
702 2744 789 2791 τόν
816 2747 1065 2815 πρότερον
1094 2740 1231 2795 οἶκον
1265 2741 1424 2797 αὐτοῦ
1455 2747 1788 2818 σχολάζοντα

164 2829 255 2874 καὶ
284 2830 432 2876 κενὸν
463 2826 624 2897 ἁγίου
659 2832 950 2901 Πνεύματος
976 2834 1006 2889 ἥ
1033 2830 1319 2906 ἀρετῆς,ἔτι
1347 2830 1406 2886 δὲ
1425 2840 1785 2909 σεσαρωμένον

164 2918 255 2963 καὶ
286 2917 701 2989 κεκαθαρμένον,
742 2924 1031 2986 τουτέστιν,
1090 2920 1497 2995 ηὖτρεπισμένον
1544 2924 1615 2986 εἰς
1643 2927 1781 2977 ὑπο-

166 2998 345 3072 δοχὴν
369 3004 558 3057 αὐτοῦ·
578 3010 660 3058 ναὶ
687 3010 811 3079 μὴν,
827 3013 916 3061 καὶ
937 3016 1345 3082 κεκοσμημένον,
1369 3015 1552 3084 ἤγουν,
1573 3018 1786 3088 τερπνὸν

164 3111 329 3142 αυτω.

234 3186 367 3233 Τότε
401 3212 469 3223 -
505 3181 628 3237 ἐκεῖ.
664 3189 1010 3259 Πονηρότερα,
1037 3185 1150 3240 ἀντὶ
1168 3194 1279 3255 τοῦ,
1309 3188 1633 3266 ἰσχυρότερα
1657 3195 1790 3266 πρὸς

161 3270 241 3339 (Ι)
289 3274 351 3321 τὸ
384 3280 715 3327 κακοποιεῖν.
750 3271 959 3328 Δέδοικε
996 3279 1094 3351 γὰρ
1147 3277 1411 3345 εἰσελθεῖν,
1452 3284 1671 3352 μήποτε,
1724 3282 1789 3344 ὡς

160 3364 317 3429 μόνον
350 3365 447 3412 καὶ
480 3359 714 3427 ἀσθενὲς,
738 3365 890 3415 πάλιν
923 3363 1173 3439 ἁπελαθῇ.
1209 3367 1374 3420 Ἐπτὰ
1412 3365 1471 3421 δὲ
1493 3369 1687 3434 ἁπλῶς,
1722 3371 1790 3423 τὰ

162 3448 329 3500 πολλά
360 3469 529 3520 φασιν
562 3452 611 3501 οὶ
634 3449 889 3523 Ἑϐραῖοι.

236 3537 357 3607 [Ἦ
410 3539 494 3607 ('2)
526 3542 749 3613 πονηρὸν
796 3549 1020 3614 πνεῦμα,
1074 3548 1471 3619 παραληπτικὸν
1511 3554 1611 3598 τῶν
1661 3546 1789 3601 ἐπτὰ

164 3632 535 3700 πονηροτέρων
580 3628 740 3680 αὑτοῦ
770 3633 1092 3703 πνευμάτων,
1146 3635 1286 3685 ἔστιν
1336 3635 1360 3686 6
1402 3633 1655 3707 λογισμὸς
1693 3645 1788 3700 τῆς

164 3721 632 3789 γαστριμαργίας,
750 3719 926 3771 ἕπεται
983 3722 1007 3772 6
1062 3730 1151 3782 τῆς
1182 3727 1437 3796 πορνείας,
1488 3729 1577 3776 καὶ
1631 3726 1655 3776 6
1696 3734 1787 3787 τῆς

168 3804 552 3879 φιλαργυρίας,
580 3810 671 3858 καὶ
696 3808 721 3858 6
771 3816 862 3869 τῆς
906 3808 1085 3884 ὀργῆς,
1121 3815 1210 3863 καὶ
1255 3813 1279 3863 6
1306 3819 1395 3873 τῆς
1420 3812 1606 3877 λύπης,
1644 3819 1731 3866 καὶ
1763 3815 1789 3866 6

167 3900 257 3953 τῆς
291 3890 556 3959 ἐαηδίας,
591 3900 680 3948 καὶ
710 3897 735 3948 6
766 3905 856 3959 τῆς
885 3895 1204 3965 κενοδοξίας,
1228 3906 1317 3953 καὶ
1350 3903 1375 3953 6
1404 3910 1500 3963 τῆς
1526 3904 1790 3976 ὑπερηφα-

166 3984 347 4054 νίαφ]

239 4078 345 4124 Καὶ
378 4103 451 4112 —
482 4077 723 4147 πρώτων.
762 4078 1016 4148 Πρότερον
1041 4079 1131 4149 μὲν
1160 4080 1262 4153 γὰρ
1294 4079 1379 4152 ὑφ’
1404 4079 1510 4142 ἐνος
1542 4076 1791 4153 δαίμονος

168 4158 544 4221 ἔϐασανιζετο·
580 4162 794 4235 ὕστερον
819 4160 895 4233 δὲ,
918 4165 1018 4217 ὑπὸ
1040 4165 1261 4224 πολλῶν,

240 4251 434 4310 Οὕτως
500 4281 565 4289 —
624 4258 843 4325 πονηρᾷ.
916 4252 1114 4327 Ὠσπερ
1170 4258 1220 4308 οἱ
1270 4253 1638 4329 δαιμονῶντες,
1699 4279 1793 4332 φη-

170 4343 273 4407 σιν,
304 4339 438 4391 ὁταν
490 4337 839 4411 ἁπαλλαγῶσι
881 4349 973 4393 τοῦ
1015 4339 1282 4416 δαίμονος,
1331 4344 1413 4398 ἐὰν
1463 4345 1790 4418 ἀμελήσωσι,

164 4426 558 4500 χαλεπωτέραν
625 4430 940 4499 ὑφίστανται
998 4436 1091 4491 τὴν
1150 4431 1415 4506 ἐπήρειαν·
1482 4436 1647 4497 οὕτως
1708 4438 1795 4488 ἔσ-

168 4532 256 4564 ται
295 4521 392 4567 καὶ
430 4524 491 4589 τῇ
549 4524 698 4588 γενεᾲ
726 4522 886 4578 ταύτῃ
921 4528 983 4593 τῇ
1019 4518 1226 4593 ἀπίστῳ
1255 4527 1345 4575 καὶ
1394 4521 1595 4576 ἀπειθεί
1643 4542 1655 4553 ’
1708 4528 1798 4577 καὶ

183 4606 328 4666 ὄντως
393 4604 567 4665 οὕτως
632 4605 764 4679 αὐτῇ
827 4606 1036 4666 συνέϐη.
1106 4613 1360 4685 Πρότερον
1430 4614 1521 4684 μὲν
1583 4615 1682 4687 γὰρ
1751 4614 1801 4665 οἱ

185 4688 437 4745 Ἰουδαῖοι
468 4698 782 4765 κατείχοντο
836 4691 1111 4768 δαίμοσιν,
1168 4694 1659 4773 εἰδωλολάτροῡντες
1711 4695 1801 4754 καὶ

192 4781 378 4843 ενᾶοντες
431 4784 515 4855 (3)
571 4788 691 4845 τοὺς
762 4787 907 4847 υἱοὺς
958 4785 1125 4838 αὐτῶν
1192 4792 1281 4840 καὶ
1335 4791 1428 4851 τὰς
1489 4791 1798 4864 θυγατέρας.

192 4868 599 4943 ’Δηλλάγησαν
660 4870 718 4926 δι
765 4876 984 4944 τούτων,
1034 4870 1128 4928 διὰ
1169 4883 1270 4928 τῶν
1322 4886 1622 4953 προφητῶν.
1660 4879 1802 4933 Ἐπεὶ

194 4954 547 5033 δεὴμέλησαν
579 4970 676 5024 τῆς
726 4962 921 5026 οἰκείας
972 4968 1252 5041 σωτηρίας,
1310 4971 1399 5019 καὶ
1446 4970 1533 5020 τὸν
1588 4975 1804 5043 Σωτῆρα

251 5087 298 5123 ⁸ο
338 5088 410 5143 Ill
450 5089 601 5161 Reg.
637 5105 695 5156 ι,
746 5090 791 5144 ι.

1891 532 2020 603 jora
2058 530 2282 589 habuit.

1960 783 2118 837 Vers.
2138 784 2227 837 42.
2255 781 2485 851 Regina
2507 811 2571 820 —
2596 781 2703 837 hoc
2736 781 2878 836 loco.
2901 781 3177 836 Austrum
3205 779 3345 837 dicit
3366 780 3548 849 regio-

1889 886 2026 926 nem
2053 887 2087 927 a
2118 886 2238 941 qua
2264 870 2366 925 ﬂat
2389 878 2605 933 auster,
2635 870 2765 926 dico
2789 886 2927 925 sane
2955 869 3337 940 Ethiopiam,
3366 886 3549 941 quam

1891 958 2048 1016 Saba
2078 959 2309 1015 vocavit
2332 959 2530 1013 tertius
2560 962 2780 1029 Regum
2806 959 2973 1014 liber.
3004 960 3072 1013 9°.
3104 959 3222 1014 Sita
3241 964 3330 1014 est
3350 965 3550 1014 autem

1886 1050 2017 1105 hac
2046 1050 2209 1120 regio
2243 1049 2317 1104 ad
2350 1049 2530 1104 ﬁnem
2561 1050 2722 1104 orbis
2756 1049 3116 1105 habitabilis.
3146 1048 3306 1114 Plus,
3338 1049 3549 1119 inquit,

1889 1144 1971 1195 est
1986 1139 2095 1195 hoc
2118 1138 2240 1194 loco
2262 1153 2436 1210 quam
2458 1138 2755 1194 Solomon.
2773 1141 2919 1193 Nam
2943 1139 3225 1193 Solomon
3246 1137 3429 1193 solius
3455 1137 3551 1191 Ju-

1888 1227 2036 1284 daa
2062 1243 2164 1284 rex
2192 1232 2335 1294 erat,
2370 1226 2635 1283 Christus
2669 1243 2809 1282 vero
2834 1243 2937 1283 rex
2967 1227 3097 1282 cali
3132 1230 3185 1282 et
3215 1232 3410 1285 terra.
3453 1227 3551 1282 llle

1888 1315 1964 1372 de
1996 1316 2292 1389 sapientia
2316 1317 2588 1372 humana
2617 1316 2735 1388 ipsi
2761 1315 3056 1387 disseruit;
3085 1315 3182 1371 hic
3206 1316 3280 1371 de
3309 1315 3554 1387 sapien-

1888 1406 1969 1462 tia
2008 1406 2213 1463 divina
2255 1421 2564 1461 sermones
2595 1404 2825 1461 habuit.
2870 1405 3191 1477 Postquam
3234 1404 3318 1461 ita
3355 1405 3551 1475 parvi-

1890 1493 2023 1550 tatis
2065 1494 2302 1550 illorum
2342 1509 2657 1549 excessum
2698 1510 2732 1549 a
2772 1494 3226 1565 comparatione
3266 1492 3553 1549 demons-

1891 1584 2087 1651 travit,
2120 1584 2387 1656 praedicit
2418 1583 2699 1654 deinceps
2742 1598 2848 1654 per
2872 1582 3230 1655 parabolam
3276 1597 3411 1655 qua
3455 1597 3556 1638 eos

1893 1673 2405 1746 comprehensura
2427 1676 2626 1728 essent
2656 1672 2840 1729 mala.

1966 1853 2107 1907 Vers
2162 1854 2249 1906 43.
2302 1850 2442 1907 Cum
2487 1882 2554 1891 -—
2579 1850 2824 1907 invenit.
2858 1849 3095 1905 Arentia
3127 1849 3260 1907 loca
3290 1850 3427 1906 dicit
3457 1850 3555 1906 de-

1895 1944 2071 1997 serta.
2110 1940 2416 2010 Signiﬁcat
2448 1944 2649 1995 autem
2676 1941 3027 1995 sanctorum
3045 1938 3301 2004 animas,
3319 1938 3555 1996 nullum

1894 2029 2229 2086 affectionis
2261 2028 2575 2085 humorem
2609 2028 2915 2093 habentes,
2941 2042 3076 2099 qua
3103 2028 3282 2083 etiam
3313 2028 3556 2085 deserta

1896 2123 2048 2184 sunt,
2082 2134 2193 2173 nec
2226 2116 2399 2173 ullius
2447 2118 2571 2173 vitii
2620 2116 2911 2181 fecunda,
2962 2115 3025 2186 (1-
3055 2118 3096 2185 -ίο
3129 2116 3206 2172 ad
3246 2132 3399 2188 quas
3433 2133 3556 2172 non

1896 2206 2081 2265 habet
2110 2207 2384 2277 aditum.)

1965 2298 2124 2352 Vers.
2140 2296 2233 2354 44.
2263 2296 2420 2351 Tunc
2437 2325 2504 2335 —-
2526 2295 2697 2351 exivi.
2719 2294 2973 2351 Domum
2989 2309 3160 2349 suam
3178 2297 3350 2352 vocat
3368 2295 3561 2352 homi-

1893 2401 2033 2441 nem
2051 2401 2220 2458 aquo
2237 2400 2513 2456 egressus
2532 2390 2618 2440 est
2637 2400 2753 2439 non
2771 2387 3003 2448 volens,
3020 2388 3124 2442 sed
3143 2388 3314 2457 jussu
3329 2385 3556 2441 divino.

1966 2476 2129 2530 Vers.
2170 2478 2262 2530 44.
2306 2477 2442 2529 Et—
2474 2479 2765 2530 ornatam.
2801 2475 2881 2531 De
2924 2476 3191 2534 liberatis
3221 2492 3256 2531 a
3287 2477 3559 2531 daemone

1893 2562 2010 2619 hoc
2038 2563 2203 2628 dixit,
2237 2564 2337 2634 qui
2372 2563 2442 2617 ob
2483 2562 2796 2632 segnitiem
2828 2575 2897 2621 ac
2936 2565 3362 2637 negligentiam
3393 2564 3559 2621 facile

1895 2668 2101 2707 rursus
2131 2668 2167 2709 a
2195 2652 2471 2707 damone
2498 2650 2857 2710 invaduntur
2874 2660 2929 2711 et
2950 2657 3285 2729 capiuntur.
3310 2653 3559 2719 Invenit,

1897 2741 2110 2813 inquit,
2134 2740 2386 2811 priorem
2406 2739 2659 2796 domum
2687 2758 2860 2799 suam
2883 2751 3199 2801 vacantem
3223 2760 3288 2799 ac
3302 2759 3560 2799 vacuam

1898 2830 2115 2902 Spiritu
2151 2834 2359 2885 sancto
2390 2844 2495 2885 seu
2525 2830 2771 2901 virtute;
2800 2839 3091 2902 praeterea
3123 2834 3320 2904 scopis
3354 2847 3565 2904 purga—

1896 2925 2018 2975 tam
2057 2924 2113 2974 et
2152 2918 2525 2983 mundatam,
2558 2918 2675 2974 hoc
2706 2923 2794 2974 est
2848 2920 3206 2978 instructam
3246 2922 3324 2977 ad
3380 2920 3566 2990 ipsius

1897 3009 2337 3081 susceptionem
2359 3024 2371 3062 :
2392 3007 2636 3080 insuper
2653 3014 2707 3064 et
2718 3014 2993 3066 ornatam
3010 3011 3131 3066 sive
3148 3009 3561 3066 delectabilem

1819 3074 1858 3129 C
1899 3097 2033 3153 sibi.

1968 3185 2135 3241 Vers.
2159 3185 2249 3241 45.
2282 3185 2619 3241 Tunc—ibi.
2647 3185 3083 3254 Sceleratiores,
3103 3188 3219 3243 hoc
3236 3192 3343 3253 est,
3378 3186 3565 3243 fortio-

1899 3288 1990 3329 res
2009 3274 2085 3331 ad
2108 3273 2637 3331 malefaciendum.
2655 3274 3043 3331 Timuitenim
3059 3275 3310 3348 ingredi,
3332 3291 3404 3330 ne
3419 3275 3563 3330 forte

1896 3369 2182 3433 tanquam
2211 3361 2376 3417 solus
2404 3377 2475 3416 ac
2497 3361 2809 3418 imbecillis
2833 3378 3043 3418 rursus
3068 3365 3396 3434 ejiceretur.
3422 3362 3565 3433 Sep-

1898 3456 2039 3519 tem,
2070 3467 2211 3508 vero
2243 3451 2471 3506 Hebrai
2498 3451 2841 3521 simpliciter
2868 3468 2973 3524 pro
3006 3452 3207 3509 multis
3240 3452 3561 3525 accipiunt.

1968 3542 2012 3611 -ξ-
2045 3539 2295 3613 Spiritus
2327 3540 2522 3595 malus
2551 3541 2654 3612 qui
2686 3542 2939 3597 assumit
2977 3547 3205 3614 septem
3236 3542 3471 3612 Spiritus
3503 3556 3566 3597 se

1900 3628 2334 3694 sceleratiores,
2368 3633 2457 3685 est
2478 3630 2757 3700 cogitatio
2785 3629 3216 3701 gastrimargia
3236 3631 3359 3686 sive
3388 3628 3564 3700 gula,

1899 3734 2085 3790 quam
2119 3724 2450 3790 sequuntur
2489 3718 2768 3788 cogitatio
2810 3718 3241 3786 fornicationis,
3280 3719 3564 3785 avaritia,

1899 3806 2157 3873 invidia,
2186 3808 2307 3874 ira,
2340 3806 2587 3864 tristitia
2617 3807 2739 3863 sive
2768 3807 3039 3880 pigritia,
3084 3824 3252 3866 vana
3283 3808 3486 3881 gloria
3514 3812 3570 3866 et

1900 3895 2220 3969 superbia.

1973 4076 2133 4131 Vers.
2151 4075 2238 4129 45.
2260 4076 2643 4144 Et—primis.
2666 4075 2831 4131 Prius
2855 4075 3015 4132 enim
3040 4077 3117 4133 ab
3145 4093 3265 4133 uno
3292 4077 3569 4133 damone

1901 4164 2358 4236 torquebantur,
2389 4165 2781 4236 postmodum
2810 4180 2949 4221 vero
2975 4181 3011 4221 a
3039 4165 3262 4221 multis.

1974 4254 2135 4309 Vers.
2175 4253 2263 4311 45.
2304 4253 2403 4310 Sic
2433 4285 2503 4294 -—
2533 4269 2841 4324 perversa.
2887 4254 3050 4310 Sicut
3089 4254 3191 4321 qui
3225 4270 3260 4309 a
3289 4253 3569 4310 damone

1902 4341 2116 4415 inquit,
2146 4341 2546 4413 agitabantur,
2571 4343 2618 4397 si
2646 4348 2969 4414 postquam
2991 4343 3066 4397 ab
3092 4358 3163 4398 eo
3184 4342 3419 4398 liberati
3442 4341 3571 4398 fue-

1904 4432 2041 4497 rint,
2095 4429 2462 4501 negligentes
2522 4429 2658 4498 sint,
2711 4430 2885 4487 facile
2940 4447 3142 4487 rursus
3190 4432 3570 4489 vexationem

1909 4521 2238 4577 sustinent:
2284 4520 2365 4576 ita
2414 4521 2521 4576 erit
2556 4526 2612 4576 et
2648 4522 3015 4592 generationi
3078 4521 3221 4578 huic
3252 4520 3573 4579 incredula

1910 4615 1967 4667 et
2002 4608 2494 4681 impersuadibili.
2546 4612 2611 4665 Et
2657 4625 2795 4665 vere
2840 4610 2917 4666 ita
2956 4610 3038 4666 illi
3078 4611 3345 4681 contigit.
3400 4611 3573 4668 Prius

1911 4699 2213 4772 siquidem
2242 4698 2427 4754 Judai
2458 4699 2843 4756 damonibus
2874 4699 3282 4769 agitabantur,
3316 4699 3574 4757 colentes

1913 4787 2094 4853 idola,
2109 4788 2308 4859 eisque
2332 4786 2487 4843 ﬁlios
2511 4803 2654 4843 suos
2676 4804 2745 4844 ac
2767 4787 2919 4845 ﬁlias
2942 4789 3354 4846 immolantes:
3381 4790 3455 4844 ab
3482 4789 3575 4844 his

1913 4882 2114 4933 autem
2136 4891 2240 4948 per
2270 4875 2598 4948 prophetas
2626 4875 2859 4933 liberati
2873 4880 3031 4933 sunt.
3064 4877 3175 4934 Sed
3198 4876 3344 4949 quia
3366 4876 3576 4932 salutis

1912 4965 2163 5024 domum
2226 4965 2297 5038 (j)
2358 4964 2769 5036 neglexerunt,
2840 4982 3140 5040 suumque
3206 4965 3574 5025 Salvatorem

1412 5190 1640 5263 Varia
1680 5191 2005 5262 lectiones
2039 5198 2105 5258 et
2151 5198 2353 5260 nota.

256 5330 367 5409 {98)
405 5329 635 5409 πρόοδον
688 5335 761 5390 Α.
826 5331 914 5388 Ab
984 5330 1055 5396 είς
1105 5332 1185 5391 ad
1233 5331 1466 5409 πάροδον
1524 5334 1806 5393 omiserat

198 5400 521 5461 Hentenius.

256 5476 361 5551 (99)
394 5472 457 5533 δέ
478 5478 711 5537 omittit
744 5476 809 5531 Β.

2013 5334 2064 5406 1)
2104 5332 2177 5395 εἰς
2205 5348 2315 5406 pro
2343 5336 2467 5406 πρός
2497 5333 2571 5387 Α.

2013 5334 2035 5388 1
2104 5333 2177 5395 εἰς
2205 5348 2315 5459 pro
2343 5336 2467 5406 πρός
2497 5333 2571 5387 Α.

1984 5333 2064 5549 Ξεζ
2105 5408 2201 5493 Inc
2230 5420 2336 5460 usa
2365 5404 2439 5486 in.
2456 5417 2651 5474 marg.
2683 5401 2867 5460 habet
2896 5404 2963 5462 A.

2007 5480 2061 5547 3)
2095 5483 2271 5540 αυτοῖς
2302 5475 2469 5533 addit
2495 5477 2564 5532 Α.

2007 5475 2061 5547 3)
2095 5476 2271 5540 αὐτοῖς
2302 5475 2469 5533 addit
2495 5477 2564 5532 Α.

253 5603 321 5679 (1)
344 5605 828 5666 Salutisdomum
864 5599 1326 5664 Salutemsuam.
1357 5605 1495 5663 Sine
1522 5604 1751 5665 videtur
1774 5604 1984 5677 legisse
2016 5604 2206 5667 οἰκίας.
