4108 6404
600 332 697 405 sbi

1917 343 2268 406 EUTHYMII
2309 334 2644 410 ZIGABENI
3830 351 3915 416 392

596 480 963 545 occiderunt,
987 480 1152 536 facile
1191 495 1397 535 rursus
1423 495 1458 534 a
1480 478 1861 534 daemonibus
1883 475 2039 549 capti
2075 478 2210 528 sunt
2238 490 2250 526 :

2368 473 2556 526 ἑαυτῶν
2614 476 2826 541 ἀνεῖλον,
2884 479 3271 552 εύεττιχείρητοι
3347 485 3590 551 γεγόνασι
3663 490 3759 543 τοῖς
3819 481 3918 537 δαί-

599 569 856 640 ideoque
879 569 1263 635 insanientes,
1280 572 1595 624 moverunt
1612 569 1897 624 adversus
1920 582 1983 621 se
2000 564 2252 620 invicem

597 658 937 723 seditiones,
1007 659 1396 731 caedibusque
1475 675 1598 713 suae
1668 657 1862 729 gentis
1937 654 2253 710 hominum

597 746 1003 819 Hierosolyma
1027 748 1443 820 impleverunt,
1478 753 1654 818 prout
1681 745 1911 818 scripsit
1933 743 2253 815 Josephus.

597 835 660 890 Et
709 836 834 906 jam
874 836 1040 892 factae
1083 843 1220 892 sunt
1259 837 1602 892 novissimae
1638 851 1847 892 eorum
1887 833 2256 889 calamitates

597 926 900 994 graviores
939 926 1260 997 prioribus.
1292 929 1438 981 Nam
1472 941 1609 997 quae
1650 925 1765 979 sub
1797 922 2162 994 Vespasiano
2201 922 2259 974 et

595 1013 719 1070 Tito
757 1015 919 1086 passi
970 1021 1129 1078 sunt,
1181 1015 1358 1084 longe
1399 1013 1833 1070 miserabiliora
1862 1012 2099 1067 fuerunt
2141 1007 2257 1084 his,

595 1118 731 1173 quae
761 1103 839 1158 ab
871 1105 1165 1177 )Egyptiis
1197 1109 1252 1160 et
1280 1103 1617 1176 Babyloniis
1658 1118 1727 1158 ac
1757 1100 2044 1158 Antiocho
2089 1097 2258 1154 susti-

593 1199 868 1247 nuerant.

665 1281 804 1337 Ideo
825 1282 1005 1338 etiam
1041 1282 1307 1338 Christus
1338 1282 1602 1338 dicebat:
1627 1282 1762 1337 Erit
1785 1279 2023 1350 aﬂ'lictio
2058 1290 2260 1347 mag-na

592 1371 778 1441 qualis
804 1387 1110 1444 nunquam
1134 1373 1245 1442 fuit
1268 1387 1435 1443 neque
1458 1372 1569 1428 erit
1602 1373 1672 1427 π.
1693 1370 1856 1425 Dicta
1882 1369 2059 1440 igitur
2088 1380 2260 1438 para-

591 1459 734 1516 bola
763 1476 874 1516 nos
903 1476 1146 1533 quoque
1180 1462 1486 1527 docemur,
1537 1459 1702 1531 quod
1734 1459 1992 1532 quisque
2035 1474 2069 1512 a
2097 1454 2259 1511 malo

593 1547 880 1604 liberatus
903 1554 1010 1618 est,
1038 1565 1148 1604 nec
1178 1549 1388 1605 melior
1414 1548 1685 1614 efficitur,
1708 1548 1924 1604 duram
1947 1543 2261 1602 sustinebit

593 1636 881 1693 ultionem
921 1655 934 1692 :
969 1644 1025 1693 et
1053 1638 1104 1693 ei
1129 1639 1232 1710 qui
1262 1645 1590 1711 postquam
1617 1653 1651 1694 a
1680 1642 1921 1709 peccato
1952 1634 2262 1707 tyrannice

594 1726 856 1798 primum
888 1728 1228 1798 imperante
1249 1727 1534 1783 liberatus
1561 1732 1652 1782 est
1681 1742 1889 1782 rursus
1912 1725 1994 1781 illi
2020 1739 2150 1780 sese
2170 1737 2266 1779 ac-

594 1833 766 1873 cessu
796 1816 1031 1872 facilem
1077 1817 1315 1889 praebet,
1350 1817 1626 1873 miserior
1656 1816 1762 1872 erit
1800 1815 2091 1888 posterior
2128 1827 2264 1867 con.

593 1905 896 1962 demnatio
924 1907 1140 1977 priore.
1168 1907 1290 1962 Hac
1318 1907 1475 1962 enim
1498 1921 1683 1962 causa
1705 1905 1856 1960 dixit
1877 1903 2138 1959 Christus
2160 1916 2267 1974 pa-

592 1995 845 2067 ralytico
871 2013 883 2049 :
909 1995 1048 2051 Ecce
1072 2011 1250 2051 sanus
1287 1997 1488 2064 factus
1520 2010 1574 2052 es
1604 2010 1721 2050 non
1751 2008 1943 2065 pecces
1972 1993 2262 2058 deinceps,

591 2099 662 2140 ne
686 2085 832 2156 quid
856 2084 1113 2142 deterius
1148 2084 1256 2140 tibi
1287 2084 1590 2154 contingat
1619 2085 1688 2138 ".

667 2264 828 2318 Vers.
881 2263 966 2328 46,
1022 2265 1110 2318 47.
1169 2261 1378 2317 Adhuc
1433 2292 1495 2301 —
1552 2262 1730 2333 loqui.
1797 2259 1980 2325 Foris,
2038 2259 2100 2315 id
2150 2263 2257 2324 est,

593 2355 757 2408 extra
804 2350 1054 2407 domum
1083 2351 1142 2406 in
1175 2366 1298 2423 qua
1328 2349 1601 2421 docebat,
1670 2348 1946 2406 stabant:
1984 2364 2055 2405 eo
2099 2348 2259 2420 quod

594 2446 836 2513 propter
874 2440 1115 2496 turbam
1159 2440 1238 2496 ad
1286 2456 1425 2496 eum
1475 2439 1750 2495 accedere
1793 2453 1911 2494 non
1961 2443 2255 2510 poterant,

597 2529 748 2585 sicut
777 2528 925 2584 dixit
957 2529 1142 2585 Lucas
1176 2529 1242 2582 93.
1277 2528 1561 2583 Miserunt
1596 2531 1799 2584 autem
1832 2527 1902 2584 ad
1932 2526 2121 2591 illum,
2156 2527 2261 2598 qui

594 2621 908 2674 evocarent
939 2617 1127 2688 illum,
1161 2622 1226 2672 ut
1264 2617 1345 2672 ait
1375 2617 1604 2672 Marcus
1641 2618 1708 2686 οι,
1745 2616 1863 2672 sive
1896 2620 2064 2672 extra
2093 2632 2263 2672 voca-

593 2711 744 2764 rent.
769 2707 997 2762 Fratres
1019 2711 1218 2762 autem
1247 2706 1377 2776 ejus
1398 2706 1538 2761 dicit
1554 2705 1710 2761 ﬁlios
1730 2705 1970 2777 Joseph,
2002 2719 2072 2760 eo
2095 2704 2261 2776 quod

594 2796 811 2852 horum
843 2799 1014 2868 pater
1041 2801 1212 2861 esset,
1242 2801 1298 2852 et
1327 2803 1579 2852 matrem
1609 2795 1763 2852 illius
1791 2794 1907 2851 sibi
1936 2795 2263 2866 desponsa:

594 2888 780 2941 verat.

668 2976 826 3029 Vers.
871 2973 957 3028 48.
1009 2974 1090 3029 At
1121 2974 1228 3030 ille
1256 3005 1323 3014 -ο
1376 2974 1495 3030 mei
1529 2973 1558 3028 ?
1589 2973 1709 3029 Hoc
1741 2973 1887 3029 dixit
1915 2988 2036 3030 non
2070 2973 2260 3028 abne-

597 3079 748 3133 gans
789 3064 1028 3119 Matrem
1072 3080 1265 3120 suam.
1317 3063 1428 3130 Qui
1473 3063 1632 3119 enim
1679 3063 1793 3119 hoc
1824 3063 2014 3120 facere
2044 3062 2254 3134 potuit,

2363 583 2490 634 μοστ.
2530 566 2699 619 πάλιν.
2746 570 2832 618 Διὸ
2885 574 2974 620 καὶ
3019 574 3258 640 μανέντες
3321 569 3632 623 ἐστασίασαν
3686 574 3791 624 κατ’
3845 572 3918 626 ἀλ-

2364 652 2548 718 λήλων,
2639 661 2727 707 καὶ
2819 655 3072 728 ἐμφυλίων
3157 667 3366 730 σφαγῶν
3461 664 3552 716 τὴν
3625 661 3921 733 Ἰερουσαλὴμ

2366 741 2667 807 ἐνέπλησαν,
2722 747 2787 805 ὡς
2859 747 3111 807 Ἰώσηπος
3161 751 3429 820 ἱστόρησε.
3481 753 3576 801 Καὶ
3634 749 3797 800 λοιπὸν
3838 749 3922 821 ἐγέ-

2365 849 2510 882 νοντο
2563 835 2616 884 αἱ
2673 836 2898 904 ἔσχαται
2978 841 3242 909 συμφοραὶ
3295 837 3460 888 αὐτῶν
3524 835 3792 912 βαρύτεραι
3845 848 3926 890 τῶν

2368 921 2746 994 πρεσϐυτέρων.
2793 928 2870 976 Τὰ
2916 927 3016 998 γὰρ
3068 928 3166 978 ύπὸ
3221 927 3615 979 Οὐεσπασιανοῦ
3660 931 3742 978 καὶ
3796 932 3926 979 Τίτου

2370 1007 2708 1080 ἐπενεχθέντα
2765 1013 2956 1082 αὐτοῖς,
3030 1014 3197 1084 πολλῷ
3255 1015 3594 1089 χαλεπώτερα
3671 1023 3762 1066 τῶν
3833 1012 3929 1068 κατ’

2373 1102 2656 1170 Αἴγυπτον,
2721 1107 2810 1154 καί
2869 1105 3005 1154 κατὰ
3083 1103 3378 1170 Βαϐυλῶνα,
3453 1109 3541 1156 καὶ
3609 1107 3736 1156 κατὰ
3791 1103 3930 1157 ’Δντί-

2371 1208 2518 1260 οχον.

2443 1282 2529 1331 Διὸ
2582 1285 2671 1331 καὶ
2740 1283 2764 1332 ό
2825 1285 3053 1356 Χριστός
3127 1281 3308 1353 ἔλεγεν·
3384 1280 3576 1336 ’Ἑσται
3655 1281 3811 1352 θλίψις

2371 1369 2592 1440 μεγάλη,
2635 1371 2719 1421 όια
2788 1368 3036 1423 οὐδέποτε
3091 1376 3315 1442 γέγονεν,
3373 1367 3490 1423 οὐδ’
3541 1371 3597 1424 ού
3650 1375 3715 1443 μὴ
3788 1373 3930 1424 ἔσται.

2372 1461 2467 1510 Διὰ
2519 1467 2614 1520 τῆς
2659 1460 2909 1533 ῥηθείσης
2963 1456 3050 1512 οὖν
3104 1459 3405 1534 παραϐολῆς
3452 1464 3540 1512 καὶ
3586 1463 3726 1532 ἡμεῖς
3772 1461 3939 1531 μανθάο

2371 1568 2538 1619 νομεν,
2574 1550 2650 1600 ὁτι
2680 1555 2777 1608 πᾶς
2808 1549 2833 1600 ὁ
2889 1547 3203 1620 ἀπαλλαγεὶς
3257 1557 3443 1615 κακοῦ,
3503 1553 3590 1602 καὶ
3642 1553 3709 1620 μὴ
3757 1546 3938 1622 βελτιω-

2376 1638 2500 1702 θεὶς,
2567 1637 2794 1708 μεγάλην
2860 1639 3220 1696 ὑποστήσεται
3270 1643 3542 1713 τιμωρίαν,
3588 1643 3782 1709 καὶτῷ
3831 1640 3942 1710 μετὰ

2374 1730 2466 1784 τὴν
2524 1724 2808 1800 ἐλευθερίαν
2887 1735 2980 1787 τῆς
3053 1731 3408 1800 τυραννούοης
3477 1727 3729 1802 ἁμαρτίας
3798 1726 3943 1779 εύεπί-

2376 1813 2530 1866 ϐατον
2596 1816 2746 1867 πάλιν
2812 1815 2943 1888 αὐτῇ
3014 1816 3194 1868 ἑαυτὸν
3258 1823 3564 1882 ποιήσαντι,
3635 1818 3944 1888 χα)επωτέρα

2376 1913 2468 1966 τῆς
2501 1909 2749 1979 προτέρας
2799 1903 3096 1966 καταδίκης
3138 1907 3166 1963 ἡ
3198 1908 3327 1977 μετὰ
3352 1913 3524 1958 τοῦτο·
3561 1909 3652 1958 Διὰ
3681 1912 3838 1957 ταῦτα
3862 1907 3943 1978 γὰρ

2375 1999 2465 2045 καὶ
2490 1999 2620 2068 πρός
2647 1999 2732 2046 τὸν
2763 1994 3057 2066 παροίλυτον
3103 1992 3233 2047 εἶπεν
3289 1996 3314 2046 ό
3368 1999 3615 2070 Χριστός·
3664 1992 3789 2059 Ἴδε,
3820 1996 3950 2065 ὑγιὴς

2373 2083 2590 2154 γέγονας
2618 2101 2629 2113 ·
2664 2087 2851 2156 μηκέτι
2881 2083 3162 2159 ἁμάρτανε,
3199 2085 3280 2136 ἵνα
3308 2089 3376 2157 μὴ
3409 2089 3590 2160 χεῖρόν
3638 2089 3688 2136 τί
3722 2104 3802 2136 σοι
3824 2086 3948 2154 γένη-

2373 2192 2480 2226 ται.

2443 2261 2558 2314 Ἔτι
2599 2294 2648 2302 --
2684 2261 2929 2320 λαλῆσαι.
2963 2261 3098 2324 Ἐξω
3127 2269 3222 2324 τῆς
3272 2261 3482 2324 οἰκείας,
3536 2260 3585 2312 ἐν
3615 2269 3646 2333 ᾖ
3675 2257 3946 2323 ἐδίδασκεν,

2373 2352 2604 2416 ῖσταντο,
2660 2347 2799 2402 διότι
2829 2350 2923 2402 οὐκ
2953 2347 3211 2408 ἠδύναντο
3243 2358 3524 2422 συντυχεῖν
3569 2351 3708 2420 αύτῷ
3748 2345 3837 2401 διὰ
3879 2351 3949 2400 τὸν

2372 2440 2549 2512 ὄχλον,
2600 2444 2663 2500 ὡς
2702 2441 2727 2491 ό
2770 2446 2974 2501 Λουκᾶς
3016 2443 3232 2513 εἴρηκεν.
3269 2439 3609 2495 Ἀπέστειλαν
3641 2437 3700 2492 δὲ
3728 2442 3846 2514 πρὸς
3875 2437 3951 2488 ar}-

2369 2535 2474 2598 τὸν9
2508 2537 2788 2601 φωνοῦντες
2809 2528 2983 2594 αὑτὸν,
3009 2531 3077 2591 ὡς
3104 2530 3351 2601 όΜαρκος
3366 2525 3526 2593 εἶπεν,
3553 2533 3733 2600 ἤγουν,
3765 2526 3951 2578 καλούν-

2369 2639 2446 2679 τες
2474 2619 2587 2682 ἔξω.
2617 2615 2892 2690 Ἀδελφούς
2929 2613 2987 2669 δὲ
3028 2618 3211 2679 αύτούς
3242 2637 3392 2689 φησι,
3425 2623 3551 2680 τοὺς
3581 2621 3721 2678 υἱούς
3758 2615 3950 2685 Ἰωσὴφ,

2372 2706 2466 2762 διὰ
2513 2712 2569 2760 τὸ
2610 2711 2695 2760 τόν
2722 2712 2917 2780 πατέρα
2956 2710 3150 2758 τούτων
3178 2710 3621 2779 μνηστεύσασθαι
3659 2711 3752 2765 τὴν
3791 2708 3953 2757 τούτου

2369 2819 2440 2872 μη
2450 2802 2589 2872 τέρα.

2437 2975 2496 3028 Ὀ
2559 2973 2617 3028 δὲ
2682 3009 2741 3017 -
2812 2995 2910 3047 μου
2945 2995 2956 3039 ;
2989 2981 3149 3026 Τούτο
3210 2971 3364 3040 εἶπεν,
3403 2974 3499 3026 ούκ
3533 2974 3835 3050 ἀρνούμενος
3880 2974 3959 3027 τὴν

2369 3065 2552 3118 ἑαυτοῦ
2593 3068 2829 3136 Μητέρα.
2890 3070 3004 3126 Πῶς
3057 3066 3155 3137 γάρ
3228 3081 3240 3125 ;
3303 3065 3327 3114 ό
3395 3068 3483 3116 καὶ
3549 3067 3686 3115 κατὰ
3744 3065 3828 3114 τὸν
3883 3065 3959 3108 τοὺ

595 3152 698 3224 qui
713 3151 887 3207 morti
910 3168 1031 3208 suae
1052 3152 1290 3208 vicinus
1307 3167 1592 3222 magnam
1610 3151 1765 3207 illius
1778 3166 1986 3208 curam
2004 3151 2250 3206 habuit:

2369 3157 2590 3206 θανάτου
2647 3153 2806 3205 αὑτοῦ
2857 3155 3035 3224 καιρὸν
3090 3151 3277 3209 πολλὴν
3311 3152 3480 3214 αὐτῆς
3511 3147 3771 3226 φροντίδα
3805 3149 3963 3201 ποιού-

594 3256 789 3313 neque
811 3241 1167 3312 dedignatus
1199 3244 1289 3296 est
1317 3241 1514 3313 ipsam
1537 3241 1752 3296 habere
1784 3242 2026 3296 Matrem
2049 3241 2076 3295 7
2108 3241 2255 3305 Quo—

595 3329 798 3400 modo,
813 3329 1054 3402 inquam
1066 3371 1079 3396 ,
1099 3330 1208 3386 hoc
1222 3329 1472 3398 fecisset,
1487 3330 1588 3401 qui
1602 3333 1843 3401 propter
1855 3329 2254 3385 reverentiam

592 3435 781 3492 quam
808 3434 952 3488 erga
970 3418 1134 3475 illam
1157 3417 1420 3488 gerebat,
1449 3433 1670 3488 aquam
1697 3419 1757 3472 in
1781 3419 1942 3473 Cana
1968 3417 2254 3473 convertit

595 3508 657 3564 in
695 3508 921 3574 vinum,
955 3513 1011 3562 et
1041 3507 1316 3562 subditus
1346 3513 1470 3563 erat
1501 3522 1618 3562 non
1650 3506 1761 3578 ipsi
1791 3506 2003 3571 solum,
2043 3522 2251 3562 verum

593 3596 771 3654 etiam
803 3597 855 3651 ei
896 3597 1001 3666 qui
1031 3601 1200 3667 pater
1231 3612 1371 3650 suus
1397 3594 1746 3652 dicebatur:
1777 3597 1854 3651 Et
1885 3601 2032 3662 erat,
2060 3595 2254 3668 inquit

591 3684 862 3741 subditus
885 3683 1000 3740 illis
1022 3686 1090 3738 95.
1116 3685 1174 3738 Si
1198 3685 1357 3740 enim
1374 3689 1696 3756 negaturus
1717 3684 1881 3741 illam
1903 3685 2128 3753 fuisset,
2151 3689 2254 3742 aut

592 3773 672 3829 ob
689 3789 822 3830 eam
847 3773 967 3845 pud
977 3790 1076 3829 ore
1094 3772 1466 3843 afﬁciendus,
1487 3790 1873 3848 nequaquam
1892 3775 1969 3832 ab
1987 3792 2058 3832 ea
2075 3779 2251 3831 natus

588 3857 824 3918 fuisset.
869 3861 984 3919 Sed
1013 3863 1157 3936 quia
1188 3868 1327 3918 tunc
1363 3863 1802 3919 multitudinem
1831 3864 2107 3935 docebat,
2142 3879 2251 3920 nec

589 3969 832 4025 aequum
865 3957 1004 4017 erat,
1049 3957 1108 4008 ut
1143 3953 1255 4008 hos
1287 3952 1665 4025 relinqueret,
1698 3958 1754 4008 et
1783 3954 1862 4010 ad
1895 3961 2150 4011 matrem
2181 3971 2252 4012 ac

588 4042 794 4097 fratres
842 4047 1234 4113 procurreret,
1288 4043 1414 4099 ait:
1468 4045 1609 4108 Quae
1662 4044 2015 4115 hujusmodi
2064 4050 2253 4103 mater

589 4147 728 4187 mea
757 4135 862 4194 est,
909 4137 1011 4186 aut
1039 4131 1142 4202 qui
1179 4131 1532 4202 hujusmodi
1573 4132 1781 4190 fratres
1826 4135 1943 4189 mei
1988 4138 2145 4202 sunt,
2189 4140 2252 4189 ut

589 4227 831 4293 prapter
846 4219 1085 4276 illorum
1107 4220 1492 4293 obsequium,
1513 4225 1691 4278 tantae
1719 4223 2116 4279 multitudinis
2145 4224 2249 4279 uti-

585 4310 812 4366 litatem
851 4309 1483 4382 parvipendam‘i‘Non
1521 4326 1663 4382 ergo
1703 4311 2074 4384 vilipendens
2114 4311 2245 4367 illos

2364 3264 2511 3316 μενος
2567 3260 2578 3273 ⁸
2645 3239 2756 3294 οὐδ’
2808 3242 3184 3314 αἰσχυνόμενος
3230 3245 3286 3292 τὸ
3335 3245 3479 3313 ἔχειν
3533 3242 3700 3299 αὑτὸν
3757 3241 3958 3312 μητέρα⁶

2363 3341 2466 3394 πῶς
2497 3336 2597 3407 γάρ
2654 3371 2668 3397 ,
2716 3333 2741 3382 ὁ
2791 3327 2883 3382 διὰ
2935 3336 3028 3388 τὴν
3082 3334 3211 3403 πρὸς
3255 3330 3417 3388 αὐτὴν
3478 3328 3623 3383 αἰδῶ
3684 3326 3963 3402 μεταϐαλὼν

2365 3424 2436 3483 εἰς
2484 3419 2616 3474 οἶνον
2673 3424 2730 3472 τὸ
2779 3415 2924 3493 ὕδωρ
2964 3418 3010 3471 ἐν
3063 3426 3225 3488 Κανᾶ,
3285 3426 3374 3472 καὶ
3426 3422 3860 3491 ὑποτασσόμενος
3913 3412 3962 3465 οὗ

2363 3517 2524 3584 ταύτῃ
2587 3517 2759 3586 μόνον,
2818 3509 2944 3562 ἀλλὰ
2997 3513 3084 3560 καὶ
3137 3517 3206 3580 τῷ
3262 3510 3572 3580 νομισθέντι
3603 3511 3771 3584 πατρὶ
3797 3504 3961 3558 αὐτοῦ’

2364 3605 2452 3655 Ἢν
2519 3603 2641 3678 γὰρ,
2709 3606 2887 3675 φησὶν,
2967 3601 3390 3671 ὑποτασσόμενος
3467 3598 3675 3658 αὐτοῖς.
3756 3596 3815 3649 Εἰ
3875 3595 3964 3664 γὰρ

2363 3692 2559 3764 ἔμελλεν
2619 3689 2887 3764 αρνεῖσθαι
2945 3689 3128 3755 αὐτὴν,
3177 3688 3205 3744 ἦ
3251 3689 3619 3758 αἰσχύνεσθαι
3672 3683 3743 3738 δι’
3800 3683 3967 3748 αὐτὴν,

2363 3782 2456 3834 οὐκ
2512 3783 2572 3832 ἄν
2639 3781 2764 3842 ὅλως
2823 3779 2873 3839 ἐς
2939 3778 3098 3836 αὐτῆς
3157 3775 3399 3848 ἐγεννήθη
3475 3777 3625 3830 Ἀλλ’
3684 3775 3794 3828 ἐπεὶ
3844 3791 3970 3828 τηνι-

2362 3881 2530 3923 καῦτα
2572 3873 2628 3922 τό
2660 3869 2850 3928 πλῆθος
2882 3864 3150 3932 ἐδίδασκε,
3216 3870 3305 3916 καὶ
3335 3865 3429 3916 οὒκ
3483 3863 3548 3923 ἦν
3598 3865 3756 3930 εἰκὸς,
3806 3859 3972 3914 ἀπολι-

2967 3601 3390 3671 ύποτασσόμενος
3467 3598 3675 3658 αὐτοῖς.

2362 3957 2472 4013 πεῖν
2505 3959 2688 4019 αὐτούς
2717 3963 2806 4009 καὶ
2849 3955 3066 4028 δραμεῖν
3119 3957 3247 4030 πρός
3297 3959 3389 4012 τὴν
3446 3959 3678 4030 Μητέρα
3731 3959 3818 4005 καὶ
3863 3953 3973 4008 τούς

2363 4047 2639 4120 ἀδελφούς,
2684 4047 2820 4118 λέγει
2853 4064 2864 4075 ·
2899 4051 2990 4106 Τίς
3030 4045 3315 4102 τηλικαύτη
3346 4043 3494 4096 ἐστιν
3547 4046 3578 4102 ἡ
3633 4049 3810 4117 μήτηρ
3864 4057 3974 4112 μου,

2361 4144 2449 4191 καὶ
2497 4143 2626 4198 τίνες
2673 4135 2971 4194 τηλικόύτοί
3025 4134 3154 4186 εἰσιν
3203 4135 3250 4185 οἱ
3305 4129 3529 4205 ἀδελφοί
3579 4153 3711 4206 μου,
3764 4133 3845 4183 ἶνα
3895 4123 3980 4179 διὰ

2360 4233 2453 4286 τὴν
2505 4229 2774 4301 θεραπείαν
2833 4224 3000 4276 αὐτῶν
3032 4219 3242 4297 παρίὸω
3300 4226 3392 4279 τὴν
3595 4229 3692 4274 τοῦ
3732 4220 3974 4272 τοσούτου

2358 4316 2588 4376 πλήθους
2636 4315 2874 4387 ὠφελειαν
2920 4330 2933 4378 ;
2987 4312 3062 4364 Οὐ
3118 4311 3378 4383 φαυλίζων
3444 4308 3540 4363 οὖν
3605 4312 3827 4378 αὐτούς,
3882 4303 3980 4359 εἶπε

585 4399 748 4455 hunc
772 4399 1004 4455 locutus
1029 4405 1115 4454 est
1140 4415 1500 4471 sermonem,
1527 4400 1633 4458 sed
1658 4401 1878 4458 docens
1905 4403 2068 4474 quod
2096 4418 2247 4474 prae-

2368 4412 2439 4458 rer
2494 4405 2643 4477 λόγον
2701 4411 2903 4470 τοῦτον,
2947 4399 3074 4452 ἀλλά
3116 4397 3410 4464 διδασκων,
3469 4402 3558 4453 ὅτι
3599 4401 3976 4474 προτιμοτέραν

587 4489 932 4560 ponendam
971 4488 1196 4560 judicet
1223 4490 1593 4560 perditorum
1627 4491 1877 4548 salutem
1929 4498 2244 4564 parentum

587 4593 659 4634 ac
688 4577 1280 4648 consanguineorum
1311 4578 1622 4652 obsequio.
1678 4582 1796 4636 Nec
1845 4581 2067 4638 mirum
2108 4599 2246 4638 cum

585 4670 826 4741 propter
857 4668 962 4724 hos
989 4674 1261 4740 parentes
1293 4685 1362 4725 ac
1391 4671 1875 4741 consanguineos
1905 4672 2125 4730 habere
2155 4689 2250 4730 su-

589 4756 879 4815 stinuerit.
1287 4777 1292 4780 -

660 4851 821 4903 Vers.
873 4848 962 4902 46.
1005 4847 1081 4903 Et
1109 4876 1171 4890 --
1219 4849 1446 4918 fratres
1493 4851 1621 4906 mei.
1655 4854 1895 4908 Matrem
1929 4869 2030 4910 eos
2059 4854 2251 4911 nomi—

585 4939 770 5002 navit,
797 4937 964 5011 quasi
997 4937 1273 4993 doctrinae
1301 4938 1542 4994 verbum
1567 4940 1627 4995 in
1653 4941 2002 5013 intelligibili
2029 4944 2247 4999 anima:

587 5033 758 5086 utero
813 5025 1226 5101 suscipientes,
1288 5033 1344 5084 et
1400 5045 1670 5103 congruo
1728 5037 1994 5104 tempore
2055 5033 2258 5106 ipsum

2357 4502 2518 4570 κρίνει
2551 4503 2642 4555 τῆς
2695 4503 2794 4544 τῶν
2833 4496 3019 4564 γονέων
3068 4495 3156 4542 καὶ
3207 4500 3473 4561 συγγενῶν
3531 4493 3838 4565 θεραπείας,
3893 4489 3979 4542 τὴν

2358 4596 2457 4639 τῶν
2509 4584 2864 4656 ἀπολλυμένων
2935 4586 3218 4653 σωτηρίαν.
3276 4585 3376 4634 Καὶ
3426 4577 3592 4634 οὐδὲν
3657 4581 3975 4652 θαυμαστόν·

2362 4673 2454 4728 διὰ
2483 4677 2675 4732 ταύτην
2713 4676 2814 4746 γὰρ
2852 4675 2942 4724 καὶ
2979 4678 3147 4742 γονεῖς
3190 4675 3279 4721 καί
3336 4679 3615 4742 συγγενεῖς
3663 4672 3810 4744 ἔχειν
3837 4685 3982 4720 κατε·-

2362 4762 2568 4828 δέξατο.

2435 4859 2632 4906 Καὶ-
2671 4853 2718 4903 οἱ
2763 4847 2976 4923 ἀδελφοί
3030 4869 3150 4921 μου.
3204 4852 3421 4923 Μητέρα
3468 4852 3567 4921 μὲν
3615 4848 3820 4910 αὐτούς
3871 4845 3987 4897 ὠνό-

2358 4963 2542 5017 μασεν,
2605 4943 2674 5002 ὡς
2741 4935 3135 5012 ύπὸεχομένους
3197 4940 3282 4989 τόν
3343 4937 3500 5010 λογον
3558 4948 3662 4999 τῆς
3723 4934 3988 4991 διδασκα-

2366 5038 2474 5095 λίας
2523 5030 2570 5083 ἐν
2621 5038 2680 5102 τῇ
2738 5033 2891 5102 νοερᾴ
2945 5032 3140 5100 γαστρί
3193 5035 3288 5089 τῆς
3330 5027 3548 5098 ψυχῆς,
3586 5033 3687 5081 καὶ
3745 5029 3886 5080 κατὰ
3913 5025 3993 5076 τὸν

660 5210 705 5246 ⁹¹
734 5209 949 5266 Matth.
981 5225 1137 5274 XXIV,
1169 5210 1261 5266 21.
1317 5210 1364 5244 θ’
1390 5210 1564 5268 Joan.
1600 5226 1655 5276 v,
1687 5215 1777 5270 14.
1839 5215 1887 5248 ³³
1921 5215 2056 5270 Luc.
2090 5231 2186 5269 vui
2219 5214 2255 5268 1η

2370 5214 2390 5249 ⁸
2416 5213 2591 5270 Marc.
2614 5227 2692 5283 ιιι,
2718 5212 2807 5267 3t.
2840 5209 2887 5244 ⁸⁵
2918 5209 3063 5265 Luc.
3092 5207 3244 5277 11,51.

1796 5389 2020 5458 Variae
2048 5389 2377 5460 lectiones
2427 5397 2492 5458 et
2530 5399 2732 5458 notae.

665 5580 736 5654 (4)
759 5585 924 5644 Unde
941 5590 1140 5644 autem
1160 5584 1420 5644 varietas
1445 5587 1634 5642 textus
1654 5586 1766 5643 hoc
1787 5587 1917 5646 loco
1936 5590 1965 5645 ?
1993 5592 2158 5647 Forte
2173 5603 2244 5647 ex

591 5659 899 5716 codicibus
927 5663 990 5716 N.
1039 5661 1396 5716 ’l‘estameuti
1423 5659 1450 5715 ?
1482 5658 1634 5716 Non.
1680 5660 1788 5717 Sed
1843 5678 1912 5718 ex
1944 5661 2244 5736 Clirysost.

2352 5593 2394 5648 t.
2426 5589 2534 5659 vn,

2451 5589 2534 5676 {in
2567 5603 2633 5676 η·
2671 5586 2775 5676 ξφ
2804 5588 2871 5676 .D-

2427 5661 2503 5734 (ὃ)
2522 5658 2618 5713 τοῦ
2647 5658 2820 5716 abest
2857 5664 2921 5715 Α.
