4108 6428
148 376 234 436 393
1120 374 1492 436 COMMENT.
1538 375 1609 430 IN
1650 370 2099 431 MATTH/EUM.
2140 405 2207 416 —
2248 373 2403 429 CAP.
2446 372 2569 429 XII.
3420 373 3525 431 394

151 512 462 579 προσηκοντα
518 508 717 576 καιρὸν
774 505 1151 566 ἀποτίκτοντας
1172 504 1344 556 αὐτὸν·
1380 498 1631 573 ἀδελφοὺς
1678 496 1758 564 δὲ,

1906 501 2184 557 arientes.
2228 502 2456 561 Fratres
2508 514 2644 556 vero
2682 501 2972 571 tanquam
3014 514 3051 555 a
3101 498 3266 556 Patre
3305 498 3528 556 caelesti

152 616 205 655 ως
238 596 637 654 νὶοθετηθέντας
664 603 741 665 τῷ
769 595 997 667 οὐρανίῳ
1031 600 1215 667 Πατρὶ,
1259 592 1353 644 διὰ
1379 601 1468 652 τῆς
1495 592 1563 652 εὶς
1594 600 1757 661 Χρισ-

1902 590 2186 661 ,doptatos
2214 607 2313 661 per
2342 590 2540 654 ﬁdem,
2576 606 2762 663 quam
2784 589 2846 645 in
2877 590 3171 645 Christum
3200 589 3524 656 habebant,

153 690 224 736 τὸν
247 690 487 747 πίστεως,
533 689 631 735 καὶ
656 689 945 755 γεγονότας
990 684 1436 757 συγκληρονόμους
1476 690 1568 741 τῆς
1599 680 1759 752 βασι-

1902 685 2181 751 actosque
2200 680 2362 749 regni
2390 679 2541 736 illius
2561 679 2918 737 cohaeredes.
2944 679 3164 736 Deinde
3182 694 3524 735 sermonem

152 774 271 833 31M;
292 772 472 826 αὑτοῦ.
508 770 641 826 Εἶτα
670 772 1004 848 ἐφερμηνεῦει
1039 778 1124 824 τὸν
1146 772 1322 842 λόγον,

874 777 1004 825 νεύει
1039 778 1124 824 τὸν
1146 772 1322 842 λόγον.
1868 769 2029 824 hunc
2056 770 2490 841 interpretatur.

216 864 388 924 Ὀστις
416 895 490 902 —
534 862 708 914 ἐστίν.
753 864 927 924 Αὐτός
959 882 1057 933 μου
1084 866 1173 913 καὶ
1214 860 1449 932 ἀὸελφός,
1490 864 1581 911 καὶ
1612 854 1760 910 ἀδελ·

1942 859 2111 914 Vers.
2143 860 2227 913 50.
2274 859 2615 932 Quicunque
2658 890 2726 901 --
2782 864 2884 917 est.
2934 860 3058 930 Ipse
3104 874 3261 914 meus
3306 858 3524 928 frater,

154 960 233 1023 νὴ,
262 958 347 1003 καὶ
376 958 588 1025 μήτηρ,
647 950 769 1003 ἀντὶ
800 959 913 1015 τοῦ,
959 952 1107 1013 αὐτὸς
1145 971 1244 1022 μου
1288 954 1541 1021 συγγενὴς
1570 953 1657 1000 καὶ
1688 951 1759 1000 οἱ·

1909 963 2031 1003 wor
2057 955 2111 1004 et
2149 956 2343 1005 mater
2372 957 2451 1005 est
2482 967 2493 1003 :
2528 951 2641 1005 hoc
2674 954 2782 1013 est,
2810 949 3185 1021 propinquus
3216 963 3285 1003 ac
3328 947 3531 1003 dome-

154 1050 286 1101 κείος,
316 1046 379 1101 ὡς
420 1044 492 1093 τὰ
551 1042 694 1092 αὐτὰ
749 1040 863 1113 ἐμοὶ
919 1050 1096 1095 ποιῶν.
1136 1045 1234 1093 Καὶ
1280 1042 1381 1113 γάρ
1414 1038 1556 1109 κάγὼ
1596 1042 1651 1090 τὸ
1687 1040 1761 1090 θέ-

1905 1037 2052 1093 ticus
2092 1054 2285 1105 meus,
2319 1044 2518 1110 utpote
2549 1041 2760 1095 eadem
2793 1039 3013 1095 faciens
3054 1054 3187 1110 quae
3220 1052 3332 1107 ego
3377 1036 3527 1093 facio

150 1132 277 1203 21.1101
326 1141 466 1183 ποιῶ
496 1151 593 1181 του
629 1137 831 1205 Πατρός
858 1150 978 1202 μου.
1025 1126 1275 1201 Ἀδελφῆς
1303 1126 1361 1181 δὲ
1391 1127 1756 1201 ἐμνημόνευσε,

1908 1126 2236 1183 oluntatem
2270 1128 2453 1184 Patris
2487 1129 2624 1183 mei.
2669 1129 2894 1185 Sororis
2942 1132 3146 1185 autem
3166 1126 3530 1183 mentionem

153 1218 281 1272 διοτι
308 1226 400 1272 καὶ
435 1223 740 1293 θυγατέρας
780 1216 920 1291 εἶχεν
969 1221 993 1269 6
1050 1219 1259 1290 Ἰωσήφ’
1319 1220 1347 1277 ἡ
1408 1214 1500 1269 διὰ
1552 1220 1645 1279 τὰς
1670 1238 1763 1289 γυ-

1909 1215 2021 1281 :cit,
2046 1217 2190 1289 quia
2218 1216 2368 1273 ﬁlias
2390 1218 2569 1273 etiam
2595 1218 3089 1288 habebatJoseph
3119 1233 3132 1272 :
3168 1220 3272 1273 aut
3296 1218 3531 1288 propter

149 1318 340 1373 ναὶκας,
398 1312 496 1369 τὰς
544 1312 603 1361 τὸ
658 1309 859 1380 θέλημα
899 1316 990 1360 τοῦ
1041 1315 1172 1360 Θεοῦ
1228 1310 1504 1368 ποιούσας.
1548 1306 1763 1379 Θελημα

1914 1320 2081 1360 xores
2118 1305 2231 1361 hoc
2262 1307 2426 1362 dixit.
2460 1306 2559 1361 Dei
2589 1311 2791 1362 autem
2828 1306 3198 1362 voluntatem
3233 1304 3391 1371 facit,
3424 1303 3531 1376 qui

154 1396 207 1450 δε
249 1408 340 1450 τοῦ
373 1402 454 1464 (6)
485 1406 650 1466 Θεοῦ,
690 1401 749 1449 τὸ
782 1397 1051 1469 φυλάττειν
1102 1399 1196 1459 τὰς
1247 1396 1583 1468 εὖαγγελικάς
1626 1396 1762 1448 ἐντο-

1911 1394 2215 1465 vangelica
2241 1399 2539 1468 praecepta
2570 1399 2766 1453 servat
2794 1399 2852 1451 et
2880 1394 3137 1451 custodit
3174 1393 3284 1465 (lc).
3326 1394 3533 1464 Itaque

153 1488 257 1549 3.61;,
304 1492 397 1539 καὶ
439 1488 739 1547 σώζεσθαι.
788 1484 950 1538 Ὥστε
996 1482 1118 1538 οὐδὲ
1163 1488 1192 1543 ἡ
1240 1490 1410 1557 μήτηρ
1462 1486 1619 1538 αὐτοῦ
1672 1490 1763 1537 καὶ

1914 1497 2066 1555 eque
2105 1488 2296 1541 mater
2335 1485 2461 1557 ejus
2499 1488 2604 1541 aut
2641 1484 2853 1542 fratres
2889 1485 3019 1556 ejus
3050 1483 3305 1541 fuissent
3342 1484 3534 1538 mater

155 1582 199 1629 οῖ
229 1574 445 1647 ἀδελφοὶ
504 1576 670 1628 αὐτοῦ
701 1572 837 1636 ἦσαν
876 1577 936 1626 οἷν
988 1580 1161 1647 μήτηρ
1208 1575 1368 1627 αὐτοῦ
1418 1578 1504 1626 καὶ
1548 1572 1761 1647 ἀδελφοὶ

1912 1572 2017 1642 ius,
2054 1573 2168 1628 nisi
2211 1574 2307 1630 Dei
2352 1574 2709 1631 voluntatem
2743 1573 3050 1631 fecissent.
3094 1575 3226 1629 Non
3273 1574 3361 1628 est
3392 1584 3534 1641 ergo

158 1669 328 1727 αὑτοῦ,
360 1667 405 1718 εἰ
432 1669 507 1737 μή
546 1664 751 1717 ἐποίουν
796 1667 854 1715 τὸ
910 1663 1105 1736 θέλημα
1156 1672 1247 1715 τοῦ
1298 1671 1453 1718 Θεοῦ.
1481 1664 1593 1717 Θύκ
1620 1666 1759 1715 ἔστιν

1914 1661 1963 1717 ic
2020 1676 2218 1719 sermo
2249 1663 2600 1735 abnegantis
2658 1662 3247 1734 consanguinitatem
3299 1659 3536 1716 illorum

155 1754 237 1808 οὖν
275 1752 391 1808 οὐδ’
425 1758 452 1806 6
494 1755 649 1825 λόγος
704 1754 855 1815 οὗτος
905 1751 1215 1826 ἀρνουμένου
1263 1758 1357 1811 τὴν
1408 1755 1544 1824 κατὰ
1590 1756 1762 1828 σάρκα

1915 1756 2034 1805 ixta
2056 1766 2301 1808 carnem
2344 1767 2355 1808 :
2398 1768 2597 1824 neque
2636 1753 2796 1808 enim
2858 1753 3030 1809 dixit.
3072 1753 3200 1807 Non
3250 1753 3390 1805 sunt
3431 1747 3537 1804 sed

156 1848 452 1915 συγίένειαν
487 1844 716 1895 ἐκείνων·
748 1839 870 1894 οὐδὲ
912 1846 1013 1916 γὰρ
1044 1839 1195 1907 εἶπεν,
1225 1844 1305 1894 ὅτι
1335 1842 1447 1895 Οῦκ
1478 1842 1557 1913 (7)
1587 1842 1715 1894 εἰσίν
1744 1863 1757 1875 ·

1916 1840 2273 1911 ΓξΒΡΟΠΘΠῐίΒ
2312 1856 2449 1897 eam
2478 1857 2615 1914 quae
2647 1840 2985 1898 secundum
3015 1840 3297 1897 virtutem
3325 1840 3434 1908 est,
3467 1851 3538 1894 ac

158 1934 285 1986 ἀλλὰ
312 1940 669 2007 προτιμῶντος
697 1936 793 1989 τήν
845 1932 962 1983 κατ’
1003 1930 1207 2006 ἀρετὴν,
1244 1931 1320 2003 (8)
1353 1937 1440 1984 καὶ
1480 1927 1514 1983 δ
1521 1928 1761 1984 ιδάσκον-

1915 1930 2140 1986 ocentis
2168 1929 2396 1989 nullam
2434 1930 2591 1987 illius
2627 1946 2756 1988 esse
2795 1930 3131 1999 utilitatem,
3174 1927 3294 1986 nisi
3324 1931 3380 1986 et
3406 1926 3537 1984 huic

156 2043 260 2089 τος,
294 2025 373 2075 ὅτι
404 2018 560 2074 οὐδὲν
605 2017 790 2095 κέρδος
833 2020 1048 2091 ἐκείνης,
1100 2026 1170 2093 μὴ
1217 2024 1490 2096 παρούσης
1520 2026 1610 2074 καὶ
1638 2024 1764 2074 ταύ-
1872 2018 2046 2076 adsit.

158 2132 269 2173 της.

230 2196 413 2251 Eia-31
447 2204 543 2257 τὴν
574 2203 831 2253 Θεοτόκον
860 2198 955 2251 οὐκ
985 2199 1160 2269 ὠφέλει
1190 2202 1248 2252 τὸ
1283 2202 1523 2271 ’γενέσθαι
1553 2205 1769 2275 Μητέρα

1948 2197 2120 2264 Quod
2144 2197 2193 2253 si
2212 2213 2322 2254 nec
2344 2199 2445 2255 Dei
2460 2199 2625 2257 Matri
2666 2199 2941 2272 genuisse
2971 2197 3139 2254 illum
3185 2193 3530 2269 profuisset,

162 2293 316 2355 Θεοῦ,
374 2288 417 2340 εἰ
474 2294 545 2360 μὴ
603 2287 836 2362 ἐνάρετος
893 2285 975 2358 ἧν,
1025 2293 1141 2340 τίνα
1191 2288 1250 2340 ἂν
1308 2289 1475 2363 ἕτερον
1525 2289 1764 2362 ὠφελησῃ

1912 2286 1990 2343 isi
2019 2286 2305 2344 virtutem
2328 2293 2524 2345 secuta
2549 2287 2775 2359 fuisset,
2808 2289 2904 2345 cui
2930 2287 3093 2345 alteri
3118 2286 3395 2360 proderit,
3421 2285 3534 2342 viri

167 2382 443 2448 συγγένεια
484 2378 658 2449 ἁγίου,
693 2382 765 2449 μη
792 2380 987 2449 ἔχοντα
1018 2376 1199 2451 ἀρετήν
1231 2396 1244 2443 ;
1276 2380 1390 2430 ἔστι
1412 2381 1513 2450 ’γὰρ
1537 2384 1623 2431 καὶ
1653 2383 1770 2440 τοὺς

1910 2377 2067 2434 ancti
2113 2392 2242 2433 esse
2296 2382 2642 2448 cognatum,
2695 2378 2743 2434 si
2772 2378 3053 2435 virtutem
3109 2392 3231 2433 non
3292 2376 3532 2433 habeat.

164 2474 434 2537 συγγενεῖς
477 2471 550 2538 μὴ
592 2466 901 2537 λογίζεσθαι
954 2474 1236 2537 συγγενεῖς.
1270 2471 1509 2529 καὶτοὺς
1534 2472 1605 2540 μὴ
1648 2488 1770 2539 συγ-

1923 2466 2173 2537 ontingit
2204 2467 2364 2522 enim
2388 2474 2443 2523 et
2468 2472 2753 2537 cognatos
2788 2483 2910 2524 non
2937 2466 3148 2524 haberi
3176 2481 3286 2539 pro
3320 2479 3540 2535 cogna-

159 2563 314 2625 γενεῖς
344 2556 654 2625 λογίζεσθαι
696 2561 981 2626 συγγενεῖς.
1013 2554 1204 2607 Ἐκεῖνο
1243 2556 1321 2626 (9)
1376 2559 1486 2628 μὲν,
1539 2554 1610 2608 δι’
1653 2556 1765 2609 ἀνο-

1924 2572 1950 2609 s
1977 2560 2033 2611 et
2052 2571 2176 2611 non
2207 2561 2495 2626 cognatos
2520 2572 2630 2628 pro
2660 2557 2929 2628 cognatis
2956 2556 3165 2613 haberi
3192 2578 3204 2612 :
3236 2555 3379 2611 illud
3408 2553 3542 2626 qui-

163 2650 421 2715 μοιοτητα
477 2642 604 2716 βίου
677 2664 689 2676 ·
746 2651 897 2696 τοῦτο
974 2640 1053 2711 δὲ,
1124 2640 1198 2696 δι’
1282 2647 1565 2716 ὁμοιότητα
1619 2644 1770 2698 πολι-

1924 2660 2020 2701 em
2048 2650 2290 2717 propter
2314 2647 2484 2701 vitam
2516 2646 2893 2714 dissimilem,
2926 2646 3041 2702 hoc
3071 2649 3272 2702 autem
3292 2647 3540 2718 propter

163 2738 320 2794 τείας.
382 2736 474 2785 Διό
534 2738 624 2785 καὶ
678 2731 937 2804 ἀλλαχοῦ,
991 2738 1239 2803 ⁴γυναικός
1274 2754 1414 2796 τινος
1470 2735 1713 2795 εἰπούσης
1757 2753 1769 2765 ·

1915 2734 2346 2790 onversationis
2389 2734 2858 2791 similitudinem.
2908 2735 3058 2801 Quia
3099 2738 3158 2791 et
3210 2734 3352 2791 alibi
3395 2749 3536 2789 cum

164 2828 418 2895 Μακαρία
447 2824 478 2880 ἡ
542 2822 714 2874 κοιλία
760 2824 789 2879 ἡ
826 2821 1150 2894 βαστάσασά
1216 2841 1292 2891 σε,
1348 2828 1437 2875 καὶ
1467 2829 1662 2896 μαστοὶ
1684 2823 1772 2886 οὓς

1918 2822 2093 2878 mlier
2107 2823 2387 2895 quaedam
2406 2823 2636 2880 dixisset
2660 2841 2673 2879 :
2695 2825 2923 2880 Beatus
2936 2828 3139 2880 venter
3157 2824 3258 2895 qui
3280 2829 3333 2880 te
3346 2828 3540 2895 porta-

164 2912 425 2973 ἐθήλασας
458 2929 471 2941 ’
508 2912 605 2963 οὐκ
638 2912 918 2986 ἠρνήσατο,
976 2911 1082 2964 ἀλλ’
1111 2914 1301 2983 ὁμοίως
1333 2909 1429 2965 εἶτε
1463 2955 1475 2968 .
1508 2916 1772 2986 Μακάριοι

1922 2912 1985 2977 it,
2020 2919 2075 2968 et
2114 2912 2299 2969 ubera
2328 2928 2457 2983 quae
2492 2913 2710 2968 suxiin
2740 2916 2810 2980 9°,
2842 2928 2963 2969 non
2988 2916 3246 2983 negavit,
3280 2912 3379 2967 sed
3408 2910 3542 2983 pari

163 3001 525 3061 ﬁdam-3021's;
582 3004 669 3052 τὸν
717 3000 867 3071 λόγον
920 3008 1011 3052 τοῦ
1069 3008 1201 3053 Θεοῦ
1255 3006 1338 3053 καὶ
1406 3000 1771 3073 φνλάσσοντες,

1920 3001 2067 3056 modo
2093 3000 2239 3056 dixit
2263 3018 2273 3055 :
2296 3002 2477 3057 Beati
2501 3002 2873 3071 quiaudiunt
2894 3002 3133 3058 verbum
3152 3002 3260 3057 Dei
3270 3006 3325 3058 et
3347 3005 3542 3057 custo-

163 3092 342 3147 αὐτον,
389 3089 556 3142 Βαϐαῖ
590 3099 685 3151 τῆς
715 3089 922 3163 ἀρετῆς,
956 3090 1025 3151 εἰς
1075 3092 1202 3148 ὅσην
1242 3094 1396 3161 τιμὴν
1445 3090 1623 3162 ἀνάγει
1653 3094 1776 3153 τοὺς

1918 3091 2051 3145 fiunt
2075 3090 2230 3145 illud
2255 3092 2323 3144 97.
2354 3092 2396 3147 Ο
2424 3090 2847 3147 admirandam
2872 3091 3173 3160 virtutem,
3202 3106 3339 3162 quas
3367 3090 3447 3147 ad
3478 3104 3540 3145 se

162 3186 435 3251 μετιόντας
510 3179 694 3247 αὐτὴν,
785 3187 1048 3251 συγγενεῖς
1116 3179 1306 3243 αὐτούς
1370 3187 1462 3232 τοῦ
1537 3185 1774 3255 Χριστοῦ

1916 3180 2234 3235 .ccedentes
2284 3179 2362 3237 ad
2399 3183 2634 3235 tantum
2668 3179 2888 3236 extollit
2925 3179 3219 3237 honorem
3261 3183 3327 3235 ut
3369 3178 3538 3250 ipsos

162 3278 393 3322 ποιοῦσα
437 3269 450 3323 l

1820 3268 1849 3271 ’⁷
1884 3268 2091 3325 Christi
2120 3268 2296 3325 faciat
2321 3284 2449 3324 esse
2480 3274 2784 3341 cognatos.

228 3363 371 3417 Φησὶ
407 3355 466 3410 δὲ
504 3357 623 3429 (10)
673 3358 699 3408 6
745 3361 1134 3432 Χρυσὸστομος,
1196 3361 1265 3421 ὡς
1312 3360 1342 3417 ἠ
1389 3364 1577 3435 Μήτηρ
1614 3359 1773 3413 αὐτοῦ

1956 3359 2418 3430 Chrysostomus
2448 3362 2650 3414 autem
2693 3357 2842 3413 dixit
2877 3357 3043 3429 quod
3071 3360 3248 3415 Mater
3277 3357 3404 3428 ejus
3432 3363 3542 3414 hu-

158 3446 487 3522 ὡθρὼπινον
553 3466 601 3498 τι
668 3451 758 3498 καί
817 3447 948 3506 αὐτὴ
1016 3453 1129 3500 τότε
1188 3450 1454 3517 παθοῦσα,
1525 3449 1774 3507 ἠθέλησεν

1916 3463 2137 3503 nanum
2174 3446 2463 3518 quiddam
2505 3452 2559 3502 et
2588 3447 2720 3518 ipsa
2758 3452 2900 3502 tunc
2933 3447 3294 3519 patiebatur,
3335 3446 3538 3503 volens

157 3535 545 3599 ἐπιδείξασθαι
618 3542 729 3598 τοῖς
794 3535 989 3607 ὄχλοις,
1068 3537 1179 3589 οἷαν
1244 3546 1401 3609 τιμὴν
1462 3540 1576 3610 ἔχει
1644 3541 1775 3613 πρὸς

1918 3536 2076 3592 urbis
2098 3535 2485 3592 demonstare
2512 3552 2695 3608 quem
2724 3550 2865 3606 erga
2897 3552 2960 3592 se
3002 3536 3263 3593 Christus
3291 3536 3540 3592 haberet

348 3628 376 3678 6
414 3628 669 3700 Χριστός.
708 3628 793 3677 Διὸ
845 3630 935 3678 καὶ
993 3622 1343 3689 διδάσκοντος
1402 3628 1560 3680 αὐτοῦ
1610 3648 1775 3703 παρα-

1915 3641 2176 3705 ιοηοτθω
2210 3642 2222 3680 :
2255 3625 2389 3681 ideo
2416 3626 2594 3681 etiam
2626 3641 2765 3681 cum
2791 3625 2888 3681 ille
2914 3625 3163 3691 doceret,
3196 3626 3537 3697 importune

152 3721 355 3786 γέγονε,
442 3719 539 3767 καὶ
609 3713 877 3767 ἀπέστειλε
938 3715 1356 3788 μετακαλουμένη
1423 3724 1602 3769 τοῦτον
1662 3718 1772 3789 (11)

1915 3714 2129 3769 .ccessit
2172 3717 2227 3770 et
2277 3714 2516 3770 mittens
2559 3713 2870 3771 accersivit
2906 3731 3045 3771 eum
3089 3719 3255 3771 extra
3289 3715 3537 3781 domun,

155 3805 249 3867 ἐξω
300 3814 406 3865 τῆς
446 3804 642 3871 οἰκίας,
694 3805 762 3865 ὡς
822 3800 978 3863 δῆθεν
1044 3810 1163 3881 περὶ
1213 3806 1472 3859 οἰκειακοῦ
1536 3809 1775 3880 πράγμαο

1922 3818 2176 3875 inquam
2197 3802 2464 3859 videlicet
2480 3819 2588 3859 sua
2608 3805 2919 3861 autoritate
2945 3805 3019 3861 ad
3038 3803 3544 3877 interpellandum

152 3913 236 3955 τος
268 3896 521 3966 ἐντυχεῖν
552 3893 692 3964 αὐτῷ
742 3892 1020 3965 μέλλουσα,
1078 3899 1166 3947 καὶ
1214 3892 1515 3967 προσεδόκα
1570 3916 1774 3971 παραυ-

1923 3909 2025 3949 um
2051 3891 2359 3948 accederet
2388 3892 2456 3964 (ι)
2494 3909 2508 3946 :
2557 3908 2701 3950 nam
2735 3893 3012 3965 sperabat
3050 3893 3221 3949 illum
3260 3893 3544 3950 continuo

159 3988 277 4036 τίκα
314 3992 508 4036 τοῦτον
562 3981 776 4045 ἐξελθεῖν
828 3986 959 4056 πρὸς
1012 3984 1194 4050 αὐτὴν,
1247 3989 1315 4046 ὡς
1351 3990 1481 4061 προς
1539 3990 1776 4060 Μητέρα,

1905 3981 2103 4039 εοὶὶοιὶε
2128 3982 2407 4038 omnibus
2452 3982 2531 4038 ad
2573 3998 2633 4038 se
2677 3998 3056 4053 egressurum
3095 3983 3269 4055 quasi
3312 3982 3391 4040 ad
3412 3983 3527 4039 Ma-

167 4074 531 4125 ιαταλιπόντα
558 4074 783 4133 πάντας.
838 4072 896 4125 Ὀ
951 4070 1010 4126 δὲ
1074 4082 1227 4127 τοῦτο
1274 4079 1446 4147 γνοὺς,
1501 4074 1779 4148 ἀντέπραξε

1920 4087 2058 4128 rem.
2086 4074 2158 4126 At
2190 4071 2286 4127 ille
2311 4072 2425 4128 hoc
2462 4072 2700 4142 cognito
2730 4072 3091 4128 contrarium
3120 4070 3327 4143 potius
3360 4071 3499 4128 fecit
3531 4088 3542 4128 :

168 4163 379 4230 μᾶλλον,
425 4166 519 4213 καὶ
575 4161 633 4213 οὗ
681 4166 832 4233 μόνον
872 4162 964 4214 οὐκ
1021 4160 1200 4225 ἐξῆλθε
1244 4168 1373 4236 πρὸς
1422 4164 1604 4231 αὐτὴν,
1655 4163 1782 4216 ἀλλὰ

1926 4166 1945 4217 t
1972 4176 2093 4217 non
2126 4161 2324 4217 solam
2354 4160 2433 4217 ad
2457 4161 2614 4216 illam
2645 4176 2765 4217 non
2796 4165 2883 4216 est
2902 4175 3201 4230 egressus,
3226 4160 3331 4216 sed
3352 4162 3548 4231 magis

166 4258 244 4303 καὶ
277 4252 504 4323 μᾶλλον,
543 4246 615 4301 δι’
653 4250 720 4301 ὧν
760 4247 884 4316 εἶπε,
940 4257 1272 4324 κατῄσχυνεν
1312 4254 1482 4327 ἠρέμα
1516 4257 1602 4305 τὸν
1643 4255 1781 4326 φιλό-

1927 4252 2079 4306 erbis
2119 4250 2241 4306 suis
2280 4250 2668 4310 intentionem
2707 4249 2881 4320 illius,
2923 4266 3047 4321 qua
3085 4249 3401 4320 gloriolam
3444 4266 3546 4306 ve-

170 4336 315 4403 δοξον
346 4343 557 4393 σκοπὸν
588 4339 718 4399 αῦτῆ
731 4360 771 4406 ς,
794 4345 883 4393 καὶ
912 4344 969 4393 τὸ
998 4346 1302 4415 τυραννικὸν
1337 4346 1495 4404 πάθος
1524 4352 1621 4405 τῆς
1648 4363 1783 4398 κενο-

1928 4342 2169 4407 abatur,
2213 4340 2498 4405 confudit,
2533 4345 2590 4396 et
2614 4340 2991 4412 tyrannicum
3018 4355 3186 4396 vanae
3225 4338 3427 4410 gloriae
3457 4338 3550 4397 af-

171 4425 349 4492 δοξίας
394 4428 665 4487 ἀπήλασεν
678 4470 691 4484 .

1892 4430 2112 4487 fectum
2139 4429 2368 4498 abegit.

232 4526 367 4591 Κεφ.
442 4518 547 4572 II".
612 4518 696 4570 Ἐν
781 4515 841 4572 δὲ
1040 4521 1210 4594 ἡμέρᾳ
1268 4520 1433 4595 ἐκείνῃ
1493 4524 1854 4619 καθῆσθαι.Π

1966 4522 2112 4591 Cap.
2154 4520 2292 4573 XItl.
2331 4517 2491 4574 Vers.
2536 4518 2588 4573 1.
2621 4519 2694 4574 Ιη
2723 4518 2814 4575 die
2842 4524 3039 4575 autem
3066 4517 3169 4573 illo
3202 4548 3268 4560 --
3304 4533 3461 4573 vers.
3495 4520 3551 4574 2.

160 4604 213 4659 Ἠ
286 4608 467 4677 οἰκία,
530 4611 665 4668 τινὸς
727 4604 787 4667 ἦν
847 4618 946 4661 τῶν
1007 4610 1429 4665 πλιστευσάντων
1480 4614 1552 4675 εἰς
1606 4613 1781 4669 αὐτὸν.

1931 4610 2148 4667 lederet.
2172 4609 2395 4663 Domus
2423 4611 2549 4663 erat
2580 4606 2830 4679 alicujus
2856 4607 2955 4678 qui
2985 4607 3046 4663 in
3087 4607 3258 4663 illum
3297 4606 3553 4663 credide-

158 4696 449 4750 Ἐκάθισεν
481 4694 574 4749 οὖν
622 4700 762 4770 παρὰ
798 4702 893 4757 τὴν
935 4699 1225 4770 θάλασσαν,
1268 4698 1360 4753 διὰ
1402 4706 1496 4761 τήν
1545 4702 1780 4775 εὐρυχω-

1932 4704 2005 4755 at.
2040 4698 2293 4754 Sedebat
2319 4712 2459 4767 ergo
2488 4698 2657 4768 juxta
2686 4713 2849 4753 mare
2871 4702 3108 4769 propter
3132 4697 3249 4753 loci
3279 4696 3554 4769 amplitu-

178 4791 281 4857 μίαν
320 4795 425 4840 τοῦ
474 4790 661 4844 τόπου.
695 4787 891 4841 Πολλοῦ
939 4786 999 4843 δὲ
1040 4790 1268 4853 πλήθους
1325 4790 1786 4865 ἐπισυναχθέντος,

1934 4791 2102 4846 inem
2116 4803 2340 4861 magna
2356 4803 2497 4845 vero
2516 4786 2960 4845 multitudinem
2977 4788 3125 4845 inibi
3145 4786 3556 4859 aggregata,in

242 4966 289 5002 ’⁸
324 4965 481 5022 Luc-
511 4981 595 5035 ιι,
620 4968 708 5022 27.
787 4968 830 5003 ⁹⁷
858 4966 1006 5025 ibid.
1038 4968 1125 5026 “28.

1423 5150 1650 5223 Variae
1688 5149 2019 5221 lectiones
2051 5157 2117 5219 et
2156 5155 2360 5218 notae.

251 5344 271 5560 ἒ

363 5349 478 5419 τοῦ,
503 5342 697 5419 μίξει
734 5346 806 5400 Α.

686 5346 697 5401 1
734 5346 806 5400 Α.
1990 5348 2066 5419 (9)
2093 5350 2215 5401 εκεῖ.
2249 5347 2308 5402 Β.

269 5348 308 5415 ,ὅ
363 5349 478 5411 τοῦ,
510 5344 697 5401 Abest
734 5346 806 5400 Α.

269 5344 333 5561 τξ
372 5414 563 5473 lntell.
600 5421 891 5489 συγγενεῖς.

269 5488 309 5559 ,8
374 5487 566 5546 Intell.
591 5493 927 5562 συγγένειαν·

2010 5348 2066 5419 9)
2093 5350 2215 5401 εκεῖ.
2249 5347 2309 5402 Β.

2306 5415 2425 5549 11.1,
2448 5429 2591 5491 pag.
2616 5412 2741 5473 467.
2771 5416 2836 5473 C.

276 5487 332 5561 8)
374 5487 566 5546 Intell.
591 5487 903 5562 συγγένειαν
915 5508 927 5523 ·

766 5508 903 5543 νειαν
915 5508 927 5523 ·
1987 5487 2102 5562 (11)
2132 5491 2285 5545 αὐτόν
2313 5488 2388 5549 Α.

257 5662 338 5739 (Ii)
374 5663 533 5721 Diri!
563 5696 625 5707 -—
645 5661 916 5721 custodit.
945 5661 1278 5739 Dixiit,rqu1e
1306 5663 1677 5722 voluntatem
1698 5666 1811 5739 Dei
1998 5668 2296 5739 Tanquam
2322 5691 2383 5701 --
2404 5666 2713 5739 accederet.
2765 5668 3076 5738 Tanquam
3126 5665 3199 5722 de
3252 5680 3315 5722 re
3362 5662 3569 5723 dome-

196 5732 429 5793 faciunt.
462 5739 744 5795 Voluntas
788 5742 994 5791 autem
1034 5732 1433 5803 Deifservare
1459 5738 1809 5808 evangelica
1924 5739 2072 5796 stica
2102 5732 2239 5795 cum
2271 5755 2339 5795 eo
2368 5754 2544 5808 agere
2584 5736 2777 5794 vellet.

193 5816 474 5883 praecepta
504 5818 560 5868 et
587 5810 849 5867 salutem
890 5808 1201 5879 consequi.

644 5899 905 5956 PATROL.
948 5896 1053 5951 Gn.
1097 5896 1343 5957 CXXIX.
3099 5897 3167 5952 13
