4108 6398
603 359 712 414 395
1946 358 2292 414 EUTHYMII
2331 357 2630 414 ZIGABEN
2637 357 2656 411 Ι
3836 364 3920 422 396

606 498 846 554 gressus
866 486 1070 543 navim
1097 501 1227 558 quae
1254 485 1315 542 in
1337 488 1577 558 portum
1600 484 1860 541 addtuca
1901 500 2021 550 era,
2043 484 2224 540 seden

2300 485 2339 538 Α
2372 484 2611 535 εἰσελθὼν
2661 484 2728 545 εἰς
2768 482 2941 534 πλοῖον
2982 482 3338 555 ὀρμιζόμενον,
3372 483 3587 540 ἐκάθητο
3621 484 3810 541 α’λιεύων
3831 496 3922 553 τὸὺς

605 576 944 647 piscabatur
972 591 1071 631 eos
1102 576 1206 647 qui
1242 580 1405 632 erant
1446 575 1507 630 in
1539 581 1713 631 terra.

1005 591 1071 631 os
1102 576 1206 647 qui
1242 580 1405 632 erant
1446 575 1507 630 in
1539 581 1713 631 terra.
2373 572 2420 623 ἐν
2442 581 2500 644 τῇ
2534 580 2624 643 ’γῇ-

984 665 1146 719 CAP.
1188 667 1411 721 XXXIV.
1445 666 1527 721 De
1551 664 1872 734 parabolis.

2694 667 2837 713 ΚΕΦ.
2874 660 2988 713 ΚΔ’.
3031 666 3151 735 Περὶ
3194 670 3295 731 τῷν
3325 661 3643 736 παραϐολῶν.

677 755 849 811 Vers.
878 756 931 809 2.
968 754 1285 826 Omnisque
1322 786 1388 794 —
1425 753 1751 823 parabolis.
1786 754 1895 807 Per
1932 750 2257 824 parabolas

2445 753 2544 799 Καὶ
2600 755 2697 808 πᾶς
2745 781 2810 789 -
2851 749 3199 824 παραϐολαῖς.
3257 754 3352 803 Δια
3416 751 3706 823 παραϐολῶν
3758 756 3920 827 ὑφαίνει

605 856 851 899 omnem
886 844 1048 898 hunc
1076 845 1215 899 texit
1246 859 1583 899 sermonem
1620 859 1631 897 :
1666 860 1733 898 eo
1772 842 1938 913 quod
1978 842 2227 895 maxima

2369 840 2562 894 ταύτην
2593 844 2765 889 πᾶσαν
2824 844 2915 895 τὴν
2957 839 3179 910 ὁμιλίαν,
3226 837 3319 891 διὰ
3375 844 3433 891 τὸ
3491 840 3823 913 ἀναμεμίχθαι
3855 856 3924 897 νῦν

602 932 814 997 turbae,
856 932 1107 989 immisti
1140 938 1332 987 essent
1375 932 1575 1004 plures
1609 931 1827 988 Scribre
1868 934 1923 985 et
1954 929 2224 985 Pharisaei

2368 925 2588 996 μάλιοτα
2648 935 2757 988 τοῖς
2812 927 2988 998 ὄχλοις
3068 928 3285 989 πολλοὺς
3353 935 3673 1003 Γραμματεῐς
3725 939 3804 985 καὶ
3845 941 3924 987 Φα-

603 1021 821 1093 quibus
860 1022 1100 1078 nolebat
1129 1022 1410 1079 doctrinas
1440 1023 1605 1078 nuda
1634 1035 1969 1093 proponere
2003 1023 2225 1076 secreta

2367 1020 2624 1086 ρισαὶους,
2672 1013 2749 1076 οἷς
2788 1017 2881 1068 οὐκ
2935 1016 3168 1069 ἐϐούλετο
3206 1016 3382 1089 γυμνά
3447 1021 3705 1092 προθεῖναι
3754 1025 3813 1073 τὰ
3852 1032 3925 1085 τῆς

603 1115 847 1184 propter
874 1111 1211 1168 insanabile
1242 1111 1475 1169 illorum
1503 1111 1733 1167 vitium.

2370 1100 2723 1168 διδασκαλίας
2771 1112 3061 1182 μυστήρια,
3124 1104 3216 1159 διὰ
3263 1112 3356 1165 τὴν
3390 1106 3587 1160 ἀνίατον
3630 1115 3802 1161 κακίαν
3850 1113 3924 1163 αὐ-

2366 1213 2467 1245 των
2476 1236 2487 1248 .

674 1290 837 1345 Vers.
896 1293 945 1345 3-
998 1289 1210 1347 Dicens
1258 1307 1270 1345 :
1331 1321 1399 1331 —
1446 1289 1521 1347 ad
1571 1289 2004 1346 seminandum.
2071 1289 2257 1342 Lucas

2442 1287 2617 1353 Λέγων
2661 1316 2728 1325 —-
2792 1294 2884 1337 τοῦ
2936 1294 3165 1359 σπεῖραι.
3225 1286 3284 1338 Ὁ
3340 1284 3398 1338 δὲ
3457 1293 3657 1349 Λουκᾶς
3706 1292 3925 1361 προσέθη-

600 1382 802 1435 autem
854 1378 1100 1447 addidit,
1159 1394 1371 1437 semem
1417 1396 1583 1435 suum
1646 1380 1714 1433 9⁸.
1777 1378 1885 1443 Qui
1936 1375 2222 1432 seminaba

2368 1390 2470 1437 κεν,
2505 1374 2583 1425 ὅτι
2609 1377 2694 1425 τὸν
2724 1381 2915 1449 σπόρον
2960 1376 3143 1429 αὐτοῦ.
3211 1380 3310 1428 Καὶ
3372 1381 3592 1450 σπείρων
3646 1381 3729 1448 μέν
3788 1378 3925 1447 ἐστιν,

600 1471 727 1524 erat
769 1467 1033 1524 Christus
1071 1469 1291 1525 docens
1326 1487 1339 1537 ;
1388 1483 1594 1524 semen
1636 1482 1775 1523 vero
1827 1482 2024 1533 suum,
2062 1480 2217 1520 serm

2368 1463 2393 1513 6
2426 1467 2658 1536 Χριστός
2707 1460 2999 1516 διδάσκων·
3038 1470 3225 1537 σπόρος
3286 1461 3344 1517 δὲ
3375 1465 3553 1532 αὑτοῦ,
3604 1468 3629 1517 6
3679 1466 3816 1538 λόγος
3850 1476 3927 1529 τῆς

600 1555 885 1612 doctrina
929 1556 1108 1612 illius.
1162 1556 1353 1614 Exivit
1396 1572 1539 1627 ergo
1583 1556 1643 1612 in
1689 1556 1952 1612 civitates
1994 1560 2051 1610 et
2093 1555 2222 1609 vico

2370 1548 2724 1613 διδασκαλίας
2776 1554 2955 1608 αὑτοῦ.
3021 1558 3119 1606 Καὶ
3181 1553 3358 1617 ἐξῆλθε
3404 1558 3493 1626 μὲν
3552 1555 3619 1617 εἰς
3662 1559 3745 1616 τὰς
3784 1556 3929 1618 πόλεις

598 1644 814 1700 Judaaaa
853 1645 932 1701 ad
960 1648 1163 1718 ipsum
1190 1646 1612 1703 seminandum
1641 1646 1702 1701 in
1743 1648 1961 1701 terram
2000 1642 2220 1699 intellec

2368 1646 2456 1692 καὶ
2485 1646 2661 1713 κώμας
2690 1650 2777 1703 τῆς
2809 1640 3093 1707 Ἰουδαίας,
3142 1639 3235 1695 διὰ
3273 1646 3331 1694 τὸ
3365 1652 3576 1716 σπεῖραι
3608 1652 3777 1696 τοῦτον
3814 1644 3855 1696 ἐν
3878 1654 3927 1703 τῆ

597 1733 823 1791 tualem
868 1734 1207 1795 animaram
1245 1735 1675 1802 humanarum,
1718 1734 1842 1790 sive
1880 1733 1942 1789 in
1982 1737 2219 1789 menten

2367 1739 2524 1802 νοητῇ
2581 1751 2647 1803 γη
2682 1740 2780 1783 τῶν
2830 1730 3160 1804 ἀνθρωπίνων
3216 1731 3429 1804 ψυχῶν,
3472 1737 3654 1805 ἤγουν,
3696 1733 3741 1785 ἐν
3777 1742 3841 1805 τῷ
3868 1739 3930 1786 νοὶ

596 1822 855 1880 illorum.

2289 1842 2333 1897 Β
2365 1822 2557 1870 τούτων
2572 1864 2582 1874 .

667 1914 826 1968 Vers.
894 1916 947 1969 4.
1019 1916 1093 1970 Et
1153 1915 1291 1972 dum
1345 1946 1415 1958 —
1478 1915 1611 1972 illa.
1677 1914 2095 1985 Interpretatus
2164 1915 2255 1965 est

2440 1913 2541 1960 Καί
2590 1908 2637 1960 ἐν
2702 1940 2766 1949 -
2820 1910 2970 1963 αὐτά.
3030 1911 3349 1986 Ἠρμὴνευσι
3394 1914 3484 1983 μὲν
3536 1916 3726 1971 ταύτην
3762 1932 3812 1965 τε
3857 1918 3932 1971 τὴν

596 2000 860 2057 Christus
896 2003 1024 2075 ipse
1058 2003 1213 2059 hanc
1250 2004 1627 2076 parabolam,
1669 2007 1725 2058 et
1762 2018 1863 2057 eas
1893 2016 2029 2072 quae
2069 2000 2129 2056 in
2167 2014 2218 2055 se

2362 1997 2661 2070 παραϐολὴν
2691 2004 2780 2051 καὶ
2819 2002 2907 2059 τὰς
2938 1999 3118 2071 ἐφεξῆς
3148 2001 3173 2051 6
3219 2005 3446 2073 Χριστὸς
3500 2008 3692 2075 προιών
3757 2019 3768 2030 ’
3814 2002 3936 2076 ἐροῦ-

594 2090 922 2161 quentibus
946 2097 1253 2162 ponuntur
1295 2110 1308 2160 ;
1362 2093 1632 2147 dicemus
1671 2097 1873 2146 tamen
1923 2094 1979 2145 et
2037 2105 2144 2143 nos
2175 2088 2215 2143 d

2359 2105 2449 2157 μεν
2478 2083 2652 2139 δὲκαὶ
2704 2090 2873 2159 ἡμεῖς,
2926 2091 2991 2148 ὡς
3040 2086 3276 2142 δυνατόν.
3320 2086 3472 2151 Ὀδὸς
3526 2092 3819 2163 ὠνόμασται
3861 2099 3932 2141 νῦν

592 2178 735 2249 ipsis
759 2180 929 2249 juxta
966 2180 1138 2237 vires.
1183 2183 1287 2237 Via
1326 2182 1539 2237 dicitur
1568 2182 1671 2252 qui
1712 2180 1908 2251 segnis
1949 2184 2038 2233 est
2079 2196 2091 2233 :
2145 2194 2214 2249 qu

2360 2176 2665 2248 ὀρᾴθυμος,
2732 2179 2756 2227 6
2807 2176 3101 2239 ἐνωτισθέὶς
3149 2182 3237 2249 μὲν
3290 2183 3376 2230 τὸν
3433 2179 3585 2250 λόγον
3647 2188 3738 2241 τῆς
3804 2177 3936 2231 διδα-

593 2267 845 2323 verbum
886 2268 1169 2325 doctrina!
1210 2270 1418 2326 auditu
1447 2270 1694 2342 quidem
1729 2269 1996 2339 percipit,
2036 2282 2215 2322 verum

2360 2264 2597 2326 σκαλίας,
2650 2262 2741 2316 διὰ
2794 2266 3055 2338 ῥᾳθυμίαν
3106 2264 3163 2319 δὲ
3235 2273 3305 2338 μὴ
3341 2269 3685 2341 κατακρύψας
3733 2269 3872 2319 αὐτόν
3896 2267 3933 2318 ἐν

592 2356 739 2411 illud
796 2358 859 2412 in
902 2359 1081 2414 corde
1126 2375 1236 2415 suo
1273 2375 1395 2432 prae
1446 2360 1690 2432 segnitie
1738 2374 1853 2413 non
1905 2356 2214 2412 abscondit

2357 2363 2416 2425 τῇ
2478 2352 2673 2426 καρὸίᾳ
2726 2356 2905 2420 αὑτοῦ,
2968 2354 3094 2407 ἀλλὰ
3151 2360 3381 2430 καθάπερ
3427 2356 3548 2418 ὁδός
3597 2377 3935 2414 καταπεπατη-

593 2446 700 2501 sed
741 2447 915 2517 quasi
965 2449 1054 2504 via
1107 2449 1474 2514 conculcata,
1529 2448 1781 2519 ideoque
1830 2447 2001 2514 dura,
2050 2447 2215 2516 ipsum

2358 2447 2503 2513 μένὴ,
2564 2450 2653 2494 καὶ
2699 2442 2792 2495 διὰ
2838 2453 2989 2495 τοῦτο
3050 2445 3269 2517 σκληρὰ,
3328 2452 3487 2521 φέρων
3544 2448 3697 2498 αὑτὸν
3756 2446 3936 2519 ἀκροθι-

592 2532 706 2589 fert
744 2534 948 2591 leviter
982 2536 1350 2608 impositum.
1393 2537 1671 2592 Volucres
1712 2541 1907 2591 autem
1950 2536 2079 2590 coeli
2121 2534 2212 2589 dae

2356 2542 2457 2602 γως
2506 2531 2840 2603 ἐπικείμενον.
2890 2538 3099 2585 Πετεινα
3158 2532 3216 2586 δὲ
3253 2544 3344 2586 τοῦ
3403 2537 3625 2609 οὐρανόῦ
3679 2538 3742 2587 τὰ
3794 2538 3837 2586 ἐν
3879 2543 3936 2603 τῷ

592 2623 802 2679 monia
828 2629 968 2680 sunt
996 2624 1057 2679 in
1087 2641 1217 2681 aere
1256 2626 1586 2682 habitantia
1624 2626 1787 2697 (nam
1814 2629 1871 2681 et
1900 2641 2094 2681 aerem
2129 2639 2214 2678 cae

2360 2620 2471 2693 ἀέρι
2498 2617 2817 2692 ὃιαιτὼμενα
2855 2618 3106 2694 δαιμόνια
3140 2641 3151 2651 ’
3187 2626 3399 2699 οὐρανὸν
3429 2627 3555 2697 γὰρ,
3589 2630 3679 2677 καὶ
3708 2628 3791 2676 τὸν
3832 2626 3939 2694 ἀέρα

592 2710 720 2766 lum
751 2712 1071 2784 appellavit
1105 2714 1429 2786 Scriptura)
1460 2731 1595 2787 quae
1628 2730 1807 2786 super
1843 2715 2044 2785 ipsum
2074 2712 2214 2767 devo

2359 2709 2599 2767 κέκληκεν
2626 2711 2691 2780 γὴ
2730 2716 2902 2782 Γραφή
2921 2711 3097 2762 ’ἅτινα
3126 2710 3722 2782 ἐπίκαταπτάντααύτῷ,
3743 2716 3934 2786 αἰρουσι

590 2798 804 2868 lantes,
837 2801 1003 2873 quod
1029 2803 1087 2859 in
1119 2804 1297 2860 corde
1324 2804 1449 2875 ejus
1480 2804 1840 2861 seminatum
1865 2806 2011 2869 erat,
2039 2801 2212 2857 tollun

2357 2801 2412 2849 τό
2444 2796 2760 2869 ἐσπαρμένον
2801 2800 2848 2849 ἐν
2892 2806 2953 2869 τῇ
2986 2796 3185 2873 καρδίᾳ
3227 2800 3405 2866 αὐτοῦ,
3462 2804 3533 2864 ὡς
3588 2806 3660 2873 μὴ
3703 2819 3941 2872 κατακρυ-

591 2892 795 2960 utpote
825 2906 948 2947 non
977 2891 1341 2949 occultatum
1386 2908 1398 2947 :
1431 2894 1595 2963 quod
1633 2894 1792 2949 enim
1833 2892 2047 2947 dicitur
2089 2908 2101 2941 :
2140 2892 2213 2945 Cc

2359 2884 2461 2939 ϐὲν.
2516 2890 2781 2957 Κατέφαγε
2822 2888 2945 2958 γὰρ,
2995 2885 3108 2940 ἀντὶ
3138 2896 3249 2957 τοῦ,
3286 2889 3548 2961 Ἀφείλετο
3600 2894 3691 2943 καὶ
3741 2885 3942 2959 διέφθει-

590 2979 919 3048 mederunt,
963 2980 1123 3038 idem
1152 2987 1244 3040 est
1297 2999 1367 3041 ac
1398 2983 1449 3039 si
1477 2984 1729 3051 dicatur,
1766 2981 2140 3039 abstulerunt
2190 2982 2247 3035 et
2356 2994 2459 3049 ρευ-

591 3075 1005 3141 corruperunt.

660 3159 820 3215 Vers.
841 3159 896 3215 5.
925 3160 1063 3217 Alia
1085 3176 1215 3218 vero
1237 3177 1470 3219 —vers.
1502 3165 1553 3217 6.
1581 3165 1968 3218 exaruerunt.
2006 3162 2247 3217 Petrosa

2428 3153 2591 3207 ’Ἃλὶα
2640 3150 2698 3205 δὲ
2754 3184 2822 3193 —
2874 3153 3149 3227 ἐξηράνθη.
3214 3153 3461 3230 Πετρώδη
3519 3162 3655 3230 μέρη
3714 3156 3874 3221 ἐστὶν,
3927 3154 3946 3203 ὁ

589 3245 722 3303 loca
760 3249 1159 3319 pusillanimis
1197 3256 1286 3307 est
1330 3256 1432 3307 aut
1484 3251 1650 3323 parvi
1699 3252 1881 3307 homo
1918 3250 2097 3307 animi
2144 3267 2211 3322 qu

2357 3242 2713 3317 μικρόψυχος,
2748 3244 2772 3293 6
2808 3243 3146 3316 κατακρύψας
3205 3248 3294 3316 μὲν
3324 3248 3382 3297 τό
3438 3250 3640 3321 σπαρὲν
3668 3249 3718 3298 ἐν
3840 3263 3950 3315 καρ-

590 3352 795 3393 semen
850 3337 1102 3409 quidem
1144 3339 1205 3394 in
1262 3340 1436 3395 corde
1495 3356 1606 3395 suo
1653 3340 1984 3405 abscondit,
2043 3356 2212 3394 verum

2359 3328 2452 3404 δὶα
2482 3332 2659 3396 αὐτοῦ,
2686 3337 2755 3403 μὴ
2783 3335 2917 3403 ἔχων
2950 3329 3008 3384 δὲ
3028 3341 3124 3403 γῆν
3153 3333 3363 3403 πολλὴν,
3394 3338 3533 3407 ἤτοι,
3576 3338 3950 3408 σταθηρότητα,

589 3442 705 3481 non
734 3426 916 3481 habet
946 3431 1154 3483 terram
1185 3429 1435 3484 multam
1477 3428 1599 3484 sive
1637 3428 2103 3500 profunditatem
2138 3446 2149 3482 :
2185 3429 2211 3483 i.

2358 3421 2479 3492 παρ’
2548 3422 2691 3491 ᾧτινι
2742 3420 3015 3483 ἐξανέτειλε
3063 3426 3151 3493 μὲν
3222 3423 3412 3474 αὐτίκα
3462 3426 3492 3481 ἡ
3558 3430 3763 3488 πίστίς,
3813 3428 3954 3494 μήπω

590 3530 710 3587 quo
742 3514 1015 3585 protinus
1054 3522 1259 3572 exorta
1298 3523 1384 3571 est
1413 3518 1577 3580 ﬁdes,
1617 3533 1733 3572 non
1779 3524 1974 3572 tamen
1998 3516 2212 3572 ﬁrmite

2355 3512 2642 3584 ῥιζωθεῐσα
2693 3510 2937 3583 βεϐαίως,
2974 3509 3067 3563 διὰ
3105 3515 3161 3563 τὸ
3211 3517 3282 3584 μὴ
3325 3516 3466 3583 ἔχειν
3505 3515 3693 3583 αὐτὸν,
3743 3516 3807 3574 ὡς
3837 3516 3957 3585 εἴρη-

593 3603 866 3669 solidata,
900 3620 971 3659 eo
998 3606 1161 3676 quod
1189 3605 1590 3670 stabilitatem,
1629 3612 1688 3661 ut
1718 3607 1940 3660 dictum
1983 3612 2088 3671 est,
2125 3622 2215 3660 no:

2356 3620 2464 3665 ται,
2498 3602 2888 3671 σταθηροτητα,
2921 3596 3154 3652 Τοιαῦτα
3178 3604 3276 3673 γὰρ
3310 3605 3373 3653 τα
3404 3605 3451 3653 ἐν
3481 3603 3637 3675 ὀλίγῃ
3673 3619 3959 3674 κατακρυπ-

590 3691 830 3748 habeat.
875 3696 1021 3748 Nam
1070 3710 1205 3765 quas
1240 3695 1483 3751 modica
1534 3701 1685 3750 terra
1728 3694 2089 3761 ocultantur,
2149 3711 2212 3749 ve

2357 3694 2545 3761 τόμένα
2570 3698 2661 3761 γῇ,
2693 3694 2899 3760 ταχέως
2929 3690 3366 3751 ἐξανατέλλουσιν·
3398 3692 3550 3749 ἡλίου
3597 3690 3658 3745 δὲ
3687 3690 3961 3743 ἀνατείλαν·

591 3778 790 3835 lociter
818 3781 1181 3848 exoriuntur,
1237 3784 1359 3839 sole
1408 3788 1608 3839 autem
1658 3790 1879 3851 exorto,
1922 3783 2056 3839 dico
2103 3799 2211 3839 san

2356 3799 2461 3842 τος,
2518 3778 2645 3849 λέγω
2700 3775 2793 3845 δὴ,
2848 3784 3125 3851 πυρώσεως
3179 3788 3477 3851 πειρασμοῦ
3540 3781 3960 3854 προσ-ϐαλούσης,

590 3870 901 3941 proposita
952 3871 1298 3928 temtationis
1356 3872 1731 3943 probatione,
1791 3878 2119 3928 exuruntur
2178 3889 2211 3927 a

2358 3867 2716 3939 ἐκαυματίσθη
2766 3874 2853 3920 καὶ
2887 3868 3190 3940 ἐφλογίσθη,
3222 3874 3310 3920 καὶ
3343 3866 3437 3921 διὰ
3464 3873 3522 3921 τὸ
3546 3875 3621 3941 μὴ
3652 3874 3795 3942 ἐχειν
3825 3869 3963 3942 ῥίζαν

592 3957 1036 4015 inﬂammantur
1069 3978 1082 4015 :
1119 3966 1175 4017 et
1220 3961 1367 4034 quia
1404 3962 1665 4017 radicem
1696 3978 1815 4017 non
1851 3962 2089 4027 habent,
2126 3978 2214 4033 qui

2359 3956 2471 4027 (1'2)
2506 3955 2907 4028 ἀναῲύχουσαν,
2952 3961 3139 4024 εῖτουν,
3197 3956 3501 4031 ἑὸραίωσιν,
3552 3959 3838 4033 ἐξηράνθη,
3887 3960 3965 4007 καὶ

591 4047 1014 4117 refrigerentur
1082 4051 1205 4107 sive
1272 4051 1664 4118 stabiliantur,
1738 4054 2115 4116 exarescant,
2184 4049 2213 4104 ﬁ

1372 4052 1664 4118 biliantur,
1738 4054 2115 4116 exarescant,
2184 4049 2248 4104 ﬁ-
2358 4042 2661 4119 προδέδωκε
2688 4050 2774 4103 τὴν
2797 4051 2994 4098 πίστιν.

592 4138 852 4211 demque
887 4140 1164 4213 produnt.

662 4231 820 4285 Vers.
867 4230 920 4284 7.
960 4230 1107 4286 Alia
1166 4236 1453 4287 autem—
1483 4231 1612 4294 illa,
1669 4230 1866 4301 Spinae
1928 4232 2067 4284 sunt
2116 4229 2248 4283 vitae

2429 4223 2588 4276 ⁴Αλλα
2625 4221 2682 4276 δὲ
2714 4256 2780 4265 -
2810 4224 2961 4278 αὐτά.
3005 4224 3261 4278 Ἀκανθαί
3318 4224 3469 4290 εἰσιν,
3542 4228 3573 4284 ἡ
3638 4230 3865 4301 μέριμνα
3889 4228 3970 4275 τοῦ

592 4318 951 4388 sollicitudo,
966 4335 1238 4391 pungens
1256 4320 1526 4376 animam
1544 4335 1613 4376 ac
1626 4319 1909 4390 dejiciens
1931 4340 1941 4383 ;
1963 4322 2211 4391 praetera

2363 4311 2498 4384 βίου,
2542 4321 2792 4365 κεντοῦσα
2847 4318 2937 4365 καὶ
2994 4317 3251 4366 νύττουσα
3299 4319 3384 4365 καὶ
3433 4321 3835 4368 κατατέινουσα
3896 4316 3974 4369 τὴν

594 4414 651 4463 et
692 4408 964 4480 deceptio
1004 4409 1362 4474 divitiarum,
1415 4410 1567 4465 sicut
1606 4414 1661 4465 et
1704 4410 1929 4465 delicias
1980 4425 2050 4465 ac
2093 4424 2216 4465 van

2360 4402 2565 4473 ψυχήν.
2610 4402 2729 4457 Ἔτι
2778 4398 2837 4455 δὲ
2893 4407 2981 4455 καὶ
3020 4404 3049 4460 ἠ
3112 4401 3285 4460 ἀπάτη
3337 4411 3428 4455 τοῦ
3492 4403 3758 4469 πλούτου,
3822 4402 3972 4455 οἷονὸ

594 4496 803 4567 gloria,
848 4498 1170 4555 vinolentia
1227 4499 1331 4569 (ιη)
1385 4499 1621 4571 aliaque
1686 4497 2059 4569 hujusniodi,
2114 4514 2216 4570 qut

2361 4496 2551 4563 τρυφὴ,
2586 4493 2615 4548 ἡ
2660 4488 2949 4558 κενοδοξία,
3000 4494 3029 4550 ἡ
3065 4495 3260 4555 οἴησις,
3324 4497 3413 4544 καὶ
3458 4496 3525 4545 τὰ
3578 4500 3832 4558 τοιαῦτα,
3859 4492 3979 4562 οἷπερ

2368 4580 2385 4596 α
2689 4584 2698 4595 I
2879 4586 2886 4595 μ
3059 4580 3070 4592 ⁵
3123 4586 3132 4599 ι
3234 4586 3247 4599 ι
3365 4588 3382 4596 ιι
3522 4584 3531 4596 ﬁ
3683 4586 3691 4597 1
3806 4581 3816 4593 ⁷
3905 4580 3951 4599 Λ⁸

595 4587 802 4642 omnia
852 4592 989 4643 sunt
1027 4603 1190 4644 mera
1226 4588 1493 4660 deceptio
1547 4605 1558 4643 :
1615 4588 1779 4644 bona
1832 4588 2126 4658 siquidem
2168 4588 2217 4642 vi

2361 4580 2563 4634 ἃπαντα
2592 4584 2764 4639 απάτη
2825 4586 2978 4653 μόνον
3028 4580 3179 4633 εἰσίν.
3224 4586 3443 4633 Δοκοῦσι
3481 4584 3576 4644 μὲν
3629 4586 3738 4655 ’γὰρ
3795 4580 3979 4651 ἀγαθὰ,

595 4674 830 4740 dentur,
857 4691 1066 4731 verum
1103 4682 1379 4748 pungunt
1422 4683 1478 4733 et
1505 4678 1632 4733 haec
1663 4678 1723 4732 in
1754 4678 2007 4733 modum
2039 4675 2217 4748 spinae

2364 4671 2457 4723 οὐκ
2488 4671 2591 4723 εἰσὶ
2631 4671 2707 4723 ὸὲ.
2746 4677 2994 4723 Κεντοῡσι
3048 4667 3103 4722 δὲ
3142 4675 3232 4723 καὶ
3284 4678 3469 4736 ταῦτα,
3532 4667 3702 4727 δίκην
3737 4670 3983 4731 ἀκάνθης,

597 4780 667 4821 ac
692 4764 945 4821 molesta
968 4771 1125 4822 sunt.
1160 4768 1556 4823 Ascenderunt
1582 4770 1803 4832 autem,
1835 4766 1950 4823 hoc
1980 4770 2090 4833 est,
2131 4782 2219 4823 ore

2363 4760 2803 4833 καὶένοχ).οῦσιν.
2840 4759 3127 4819 Ἀνέϐησαν
3173 4756 3250 4827 δὲ,
3307 4758 3421 4812 ἀντὶ
3474 4766 3596 4826 τοῦ,
3653 4760 3985 4823 ηὐξήθησαν,

594 4858 827 4919 verunt,
860 4856 1223 4928 potentiores
1251 4856 1475 4915 effectae
1506 4862 1659 4914 sunt.

1134 4872 1223 4914 res
1251 4856 1475 4915 effecue
1506 4862 1659 4914 sunt.
2364 4854 2632 4928 ὑπερίσχυ
2641 4872 2756 4906 σαν.

669 5042 718 5078 ⁸⁸
758 5042 894 5098 Luc.
924 5055 1045 5108 Vili,
1077 5043 1127 5097 5.

1811 5160 2037 5229 Varia:
2063 5158 2396 5227 lectiones
2429 5166 2495 5227 et
2524 5165 2729 5227 notae.

610 5428 627 5444 ³
670 5356 1133 5444 ῳβλΈδρςιξωσις
1175 5356 1475 5444 eleganter
1517 5355 1724 5444 dicitur
1768 5356 1842 5412 de
1882 5354 2041 5444 ῥίζα,
2104 5355 2232 5412 item

2376 5359 2536 5444 ιιαιιρ
2573 5349 3127 5444 rasamenta!!!
3169 5340 3998 5444 eloris.essemus???

598 5416 871 5501 ἀντὶψιέξις.
902 5416 912 5431 ⁸
939 5416 1246 5500 Ἀναψῦχειν
1266 5416 1300 5428 ν
1319 5434 1519 5485 autem
1584 5425 1799 5483 dicitur
1868 5416 2039 5502 ﬁxa;
2105 5443 2220 5484 cun

598 5503 788 5559 eterra
800 5502 1078 5559 collectos
1095 5502 1379 5558 humores
1395 5515 1500 5573 per
1521 5500 1762 5556 canales
1784 5515 2025 5557 sursum
2045 5500 2220 5556 mittit

2377 5416 2537 5497 gerat.
2567 5424 2805 5481 Alibide
2830 5438 2893 5479 re
2908 5419 3081 5479 simili
3097 5416 3335 5495 ἀρδεύειν
3352 5432 3609 5492 quoque
3628 5422 3999 5493 usurpatur.

674 5677 774 5750 (m)
801 5679 1009 5735 Vinole
1078 5680 1154 5734 ia.
1199 5681 1371 5739 Forte
1410 5680 1633 5751 legerat
1670 5678 1885 5739 οἳνωσιῒ
1923 5682 2114 5743 υἳησις
2144 5684 2231 5737 est
2264 5694 2295 5735 υ

1221 5682 1371 5739 "orte
1410 5680 1633 5751 legerat
1670 5678 1848 5733 οἳνωσι
1875 5683 1885 5739 t
1923 5682 2114 5743 υἳησις
2144 5684 2231 5737 est
2264 5692 2415 5735 vana
2444 5678 2516 5735 de
2544 5691 2602 5735 se
2630 5674 2843 5747 opinio.
