4108 6398
115 346 209 404 397
1109 349 1463 407 COMMENT.
1509 352 1577 406 IN
1617 351 2069 408 MATTH/EUM.
2112 383 2179 391 —
2219 352 2373 407 CAP.
2407 351 2556 407 XIII.
3411 351 3516 406 398

178 472 336 527 ’Δλλα
375 503 443 514 -
496 474 697 532 καλήν.
748 480 821 534 Γῆ
865 475 994 533 καλὴ
1044 474 1174 544 ἐστι,
1219 476 1375 547 ψυχὴ
1429 475 1599 547 ἀγαθή
1655 478 1800 533 καιέ

1926 476 2094 536 Vers.
2142 480 2200 533 8.
2240 477 2383 532 Alia
2422 508 2489 516 —
2526 476 2759 532 bonam.
2806 476 2983 532 Terra
3006 473 3168 529 bona
3197 475 3283 530 est
3308 473 3517 531 anima

116 564 341 635 ἐλευθέρα
404 572 508 614 τῶν
588 568 1150 637 προαπηριθμημένων
1222 567 1398 616 παθῶν
1466 572 1555 617 καὶ
1637 566 1738 617 ἐπι-

1893 582 2029 632 ona,
2062 573 2117 620 et
2146 566 2443 637 preedictis
2473 564 2784 621 affectibus
2810 564 3015 629 libera,
3053 578 3123 619 ac
3152 563 3515 619 conveniens

120 651 297 710 τηδεία
366 658 501 726 πρὸς
581 659 955 725 καρποφορίαν
1028 654 1229 725 ἀρετῆς.
1301 654 1436 729 ’Ὁρα
1503 652 1581 721 δε,
1640 664 1742 715 πῶς

1890 654 1929 708 d
1969 655 2227 709 fructum
2268 654 2495 709 virtutis
2536 654 2869 709 ferendum.
2914 652 3054 709 Vide
3092 656 3292 707 autem
3325 667 3512 724 quam

129 746 310 796 σπάνια
337 746 403 795 τὰ
432 742 601 810 καλὰ,
663 750 757 795 καὶ
815 744 982 814 ὀλίγοι
1011 746 1059 794 οἱ
1114 746 1417 815 σωζόμενοι.
1459 740 1599 796 Ἰδοὺ
1639 748 1738 816 γὰρ

1885 758 1988 797 ara
2021 743 2135 797 sint
2160 744 2341 809 bona,
2370 759 2678 815 quamque
2708 742 2884 815 pauci
2917 742 3035 797 sint
3057 742 3159 813 qui
3184 740 3507 796 salventur.

131 854 268 904 μονον
329 837 385 885 τό
437 837 697 907 τέταρτον
774 838 930 905 μέρος
992 840 1081 884 τοῦ
1137 838 1333 905 σπόρου
1400 841 1737 905 καρποφορεῖ,

1885 832 1995 886 Ξοοε
2021 831 2179 887 enim
2210 832 2337 887 sola
2363 836 2575 903 quarta
2598 832 2842 887 seminis
2865 848 3005 903 pars
3029 830 3361 895 fructiﬁcat,
3392 835 3507 885 tres

133 928 191 976 τὰ
218 930 334 997 τρία
376 918 435 974 δὲ
489 924 819 996 φθείρονται.
878 927 976 975 Καὶ
1006 924 1031 973 ό
1076 926 1164 994 μὲν
1214 926 1435 997 σπείρων
1490 922 1572 974 ἐπὶ
1616 925 1740 974 πάν-

1890 924 2053 976 utem
2084 927 2351 993 pereunt.
2382 922 2447 975 Et
2470 920 2717 992 quidem
2743 921 2791 974 is
2816 921 2920 993 qui
2946 919 3303 984 seminabat,
3330 934 3511 992 super

132 1035 213 1074 τας
265 1020 489 1085 σπείρει,
553 1018 629 1084 μὴ
699 1009 980 1086 διακρίνων
1032 1020 1209 1063 τοῦτον
1276 1011 1362 1063 ἀπ’
1432 1010 1644 1065 ἐκείνου.
1681 1012 1739 1063 Ὀ

1880 1026 2062 1066 >mnes
2104 1010 2461 1075 seminabat,
2502 1011 2665 1065 hunc
2701 1010 2779 1066 ab
2820 1010 2919 1065 illo
2950 1025 3073 1066 non
3111 1009 3456 1065 discernens
3490 1023 3502 1062 :

132 1110 186 1155 σε
237 1110 429 1175 σπόρος
476 1100 527 1152 ἐν
590 1100 766 1161 ἄλλοις
824 1104 912 1172 μεν
967 1099 1214 1164 ἀπώλετο,
1270 1102 1394 1175 παρ’
1447 1102 1619 1163 ἀλλοις
1681 1098 1739 1153 δὲ

1889 1104 2115 1156 ttamen
2164 1116 2367 1156 semen
2395 1100 2454 1155 in
2499 1100 2870 1172 quibusdam
2915 1099 3106 1171 periit,
3151 1098 3317 1171 apud
3358 1098 3506 1154 alios

128 1192 571 1243 ἐπολνπλασίασι.
624 1197 792 1242 Τοῦτο
844 1186 902 1241 δὲ
949 1194 1168 1261 γέγονεν,
1230 1190 1288 1241 οὗ
1344 1187 1436 1242 δια
1483 1195 1575 1248 τὴν
1646 1198 1736 1242 τοῦ

1885 1205 1985 1245 ero
2003 1188 2327 1260 plurimum
2347 1188 2809 1260 multiplicatum
2832 1193 2937 1245 est.
2963 1191 3031 1243 Et
3045 1188 3160 1245 hoc
3177 1188 3401 1243 factum
3419 1190 3507 1243 est

122 1301 314 1353 σπόρου
378 1283 541 1351 φύσιν
577 1296 589 1308 ⁸
650 1280 675 1329 ό
734 1278 893 1340 αὐτὸς
934 1282 1033 1353 γὰρ
1086 1283 1177 1330 καὶ
1227 1278 1414 1341 ἐπίσης
1485 1284 1573 1331 καὶ
1650 1278 1733 1331 ἐπὶ

1883 1292 1968 1333 οη
1996 1278 2076 1334 ob
2121 1277 2364 1334 seminis
2406 1282 2685 1334 naturam
2721 1294 2734 1344 ;
2775 1293 2919 1334 nam
2964 1278 3165 1350 ipsum
3196 1276 3505 1349 aequaliter

116 1372 315 1430 πάντας
347 1387 359 1399 °
416 1368 550 1419 ἀλλά
616 1364 710 1419 διὰ
771 1370 862 1428 τὰς
922 1366 1191 1439 ἀνομοίους
1243 1374 1454 1441 γνώμας
1500 1378 1598 1420 τῶν
1640 1367 1732 1420 ἀν·-

1883 1382 1913 1421 ο
1953 1383 2130 1439 super
2168 1383 2379 1423 omnes
2413 1367 2707 1437 jactatum
2746 1370 2835 1423 est
2868 1384 2880 1422 :
2925 1367 3029 1422 sed
3068 1366 3149 1423 ob
3186 1365 3502 1421 dissimiles

117 1462 357 1533 θρωπων,
391 1458 461 1518 εἰς
491 1458 581 1519 οὓς
618 1459 644 1508 ό
676 1461 872 1529 σπόρος
890 1455 1204 1514 κατεϐλήθη.

1884 1456 2155 1513 ominum
2200 1460 2447 1521 mentes,
2498 1472 2679 1530 super
2720 1472 2874 1529 quos
2917 1470 3122 1513 semen
3164 1454 3501 1528 projectum

1841 1549 1947 1601 est.

188 1643 286 1692 Καὶ
337 1633 492 1689 διατί
549 1639 781 1708 ἔσπειρεν
811 1632 1132 1708 ἀδιακρίτως
1186 1636 1269 1688 ἐπὶ
1302 1641 1396 1695 τὴν
1450 1634 1593 1709 ὁδὸν,
1641 1643 1730 1691 xui

1912 1636 1977 1690 Et
2018 1650 2206 1707 quare
2256 1633 2661 1691 indili‘erenter
2707 1633 3045 1691 seminabat
3094 1647 3274 1705 super
3314 1632 3498 1702 viam,

112 1729 194 1780 ἐπὶ
254 1729 321 1778 τὰ
380 1722 655 1799 πετρώδη,
714 1728 805 1775 καὶ
860 1724 943 1776 ἐπὶ
998 1726 1089 1785 τὰς
1148 1724 1422 1797 ἀκάνθας;
1476 1730 1571 1779 Διά
1635 1734 1728 1787 τὴν

1881 1738 2020 1794 uper
2061 1726 2302 1795 petrosa
2341 1726 2397 1779 et
2438 1738 2620 1795 super
2662 1723 2915 1795 spinas?
2958 1723 3215 1779 Omnino
3258 1726 3503 1795 propter

112 1816 409 1889 ὑπερϐολήν
464 1818 673 1875 πάντως
724 1821 820 1876 τῆς
892 1813 1080 1874 οἰκείας
1139 1813 1463 1885 ἀγαθότητος
1504 1821 1591 1869 καὶ
1653 1814 1728 1869 δι-

1882 1812 2122 1869 onitatis
2154 1828 2224 1869 ac
2245 1812 2487 1883 justitiae
2519 1828 2643 1867 suae
2675 1811 3175 1883 magnitudinem,
3205 1825 3280 1867 ne
3305 1811 3500 1867 dicere

112 1909 430 1967 καιοσύνης,
497 1908 590 1954 καὶ
640 1904 722 1953 ἶνα
791 1922 863 1973 μη
932 1898 1182 1954 δύνωνται
1228 1902 1390 1974 λέγειν
1457 1904 1504 1956 ἐν
1563 1908 1730 1979 ἡμέρᾳ

1878 1907 2088 1957 ηοεεθηι
2133 1902 2194 1957 in
2242 1902 2337 1957 die
2382 1902 2610 1973 judicii,
2668 1901 2889 1974 quodsi
2941 1902 3121 1958 etiam
3170 1916 3352 1974 super
3395 1916 3500 1956 eos

114 2001 369 2066 κρίσεως,
425 1994 507 2044 ὅτι
557 1991 599 2043 εἰ
647 1993 852 2064 ἔσπειρε
903 1994 987 2041 καὶ
1052 1990 1130 2043 ἐπ’
1184 1991 1392 2057 αὐτοὺς,
1444 1992 1732 2066 ἐκαρποφό-

1880 1991 2216 2058 eminasset,
2276 1990 2536 2046 fructum
2592 1991 2799 2063 utique
2856 1990 3208 2047 attulissent.
3268 1989 3502 2046 Sciebat

114 2104 292 2157 ρησαν
352 2084 437 2135 ἄν.
501 2082 782 2151 Ἐγίνωσκε
851 2083 941 2151 μὲν
1016 2082 1115 2152 γὰρ
1184 2081 1373 2143 αὐτοὺς
1440 2082 1729 2157 ἀκάρπους,

1884 2094 2057 2151 empe
2082 2079 2214 2135 illos
2238 2079 2617 2148 infrugiferos
2640 2079 2764 2134 fore
2790 2096 2804 2134 :
2835 2082 3102 2135 attamen
3127 2078 3295 2151 quod
3324 2094 3501 2133 suum

116 2176 262 2243 ὅμως
314 2168 377 2223 ὃὶ
421 2174 479 2222 τό
520 2171 707 2221 ἑαυτοῦ
756 2174 1053 2239 πεποίηκεν,
1108 2172 1172 2229 ὡς
1228 2170 1600 2244 φιλάνθρωπος,
1650 2174 1732 2226 ἱνα

1880 2173 1966 2224 rat
1996 2168 2208 2234 etfecrt,
2252 2172 2541 2240 tanquam
2583 2168 2900 2225 hominum
2939 2172 3175 2225 amator
3212 2172 3275 2224 ut
3307 2166 3502 2226 dicere

115 2266 243 2333 ἔχοι
284 2261 455 2331 λέγειν
486 2279 499 2288 ο
532 2264 593 2317 Τί
623 2278 687 2331 με
708 2255 816 2310 ἔδει
840 2266 1081 2325 ποιῆσαι,
1110 2264 1199 2328 καὶ
1224 2260 1283 2311 οὐ
1323 2268 1584 2319 πεποίηκα
1609 2284 1622 2330 ;

1838 2263 2043 2329 posset
2066 2275 2079 2311 :
2106 2257 2257 2322 Quid
2279 2273 2376 2312 me
2403 2257 2595 2314 facere
2617 2257 2879 2329 oportuit
2900 2260 2955 2313 et
2973 2272 3096 2313 non
3117 2256 3233 2313 feci
3252 2259 3321 2311 99.

194 2352 415 2406 Ταύτην
480 2345 538 2400 δε
606 2352 669 2406 τη
745 2346 1044 2420 παραϐολὴν
1124 2346 1250 2415 εἶπε,
1316 2360 1577 2423 παραινῶν
1640 2350 1734 2406 διὰ

1916 2349 2077 2402 Hanc
2121 2351 2321 2403 autem
2364 2345 2718 2419 parabolam
2767 2346 3001 2403 locutus
3048 2350 3136 2402 est
3177 2344 3503 2418 discipulos

112 2442 318 2499 ταύτης
376 2445 485 2497 τοῖς
558 2438 837 2509 μαθηταῖς,
901 2441 971 2507 μὴ
1035 2435 1366 2509 ἀποκάμνειν,
1427 2440 1470 2491 εἰ
1528 2441 1734 2505 πλείους

1882 2436 2164 2493 xhortans
2194 2452 2267 2492 ne
2298 2436 2693 2506 defatigentur
2733 2436 2779 2491 si
2818 2435 3021 2507 plures
3060 2435 3371 2493 inveniant
3398 2434 3504 2507 qui

114 2531 438 2601 εὑρίσκουσι
480 2534 582 2576 τῶν
634 2526 939 2596 σωζομένων
984 2529 1103 2586 τοὺς
1152 2525 1545 2600 ἀπολλυμένους,
1603 2528 1732 2603 μηδ’

1888 2530 2110 2591 ereant,
2149 2541 2335 2597 quam
2376 2525 2482 2596 qui
2522 2525 2840 2591 salventur,
2877 2540 3069 2597 neque
3109 2525 3188 2581 ob
3226 2524 3288 2580 id
3331 2523 3505 2580 semi-

113 2618 458 2688 ἀφίστασθαι
523 2622 615 2667 τοῦ
688 2618 933 2687 σπείρειν,
1004 2616 1222 2685 ἔχοντας
1289 2614 1589 2691 ὑπόδειγμα
1649 2624 1733 2672 τὸν

1892 2631 1989 2670 are
2016 2615 2292 2671 desinant
2322 2631 2335 2669 :
2379 2620 2810 2686 praeceptorem
2850 2630 3028 2670 suum
3067 2614 3124 2670 in
3159 2612 3505 2686 exemplum

112 2703 455 2759 διδάσκαλον
503 2703 720 2771 ἑαυτῶν,
769 2702 842 2766 ὃς,
888 2707 1060 2755 καίτοι
1109 2700 1367 2776 προειδὼς
1410 2711 1528 2769 τοὺς
1579 2706 1734 2781 ἀκάρ-

1881 2704 2157 2769 ,abentes,
2208 2704 2313 2774 qui
2356 2704 2463 2759 etsi
2515 2703 2919 2759 infructuosos
2968 2707 3503 2775 praecognosceret,

112 2815 269 2856 τεο-νς,
314 2796 458 2861 ὁμως
490 2795 697 2864 ἔσπειρε
728 2796 816 2843 καὶ
844 2790 917 2843 ἐπ’
939 2792 1146 2854 αὐτούς.

1847 2792 2185 2848 seminadat
2212 2798 2413 2848 tamen
2445 2792 2621 2847 etiam
2654 2808 2833 2863 super
2861 2792 3050 2863 ipsos.

194 2890 297 2936 Καὶ
352 2914 423 2921 -
472 2884 589 2952 (l3)
649 2883 946 2953 τριάκοντα.
1002 2879 1200 2954 Ὠσπερ
1256 2879 1593 2959 διαφέρουσιν
1648 2885 1736 2939 ἀλ-

1920 2884 2079 2937 Vers.
2109 2884 2159 2935 8.
2188 2882 2263 2936 Et
2286 2912 2352 2921 —
2371 2882 2787 2951 trigecuplum.
2809 2881 3335 2945 Quemadmodum
3358 2881 3512 2937 inter

112 2973 287 3031 λιξλων
354 2975 408 3023 οἱ
456 2970 818 3042 ἀπολλύμενοι,
874 2971 1007 3022 οὕτω
1057 2971 1209 3023 πάλιν
1266 2969 1601 3046 διαφέρουσιν
1652 2976 1734 3029 ἀλ-

1890 2987 1910 3026 e
1955 2969 2238 3025 diﬂerunt
2280 2969 2342 3024 hi
2389 2969 2494 3041 qui
2540 2974 2816 3041 pereunt,
2860 2970 2940 3025 ita
2977 2986 3183 3025 rursus
3228 2969 3512 3025 differunt

114 3062 289 3118 ληλων
330 3065 427 3111 xui
473 3062 524 3111 οἱ
583 3063 888 3130 σωζόμενοι.
945 3066 1093 3133 Τρεῖς
1137 3064 1227 3132 μὲν
1280 3064 1381 3135 γὰρ
1439 3062 1736 3136 ἀπηριθμή-

1894 3060 1930 3115 li
1962 3060 2065 3132 qui
2097 3058 2424 3121 salvantur,
2478 3058 2617 3114 Tres
2665 3058 2963 3131 siquidem
3010 3074 3219 3115 eorum
3248 3059 3353 3131 qui
3381 3074 3512 3131 per—

116 3171 247 3203 τατο
289 3151 464 3212 τάξεις
515 3157 613 3200 τῶν
661 3146 1038 3221 ἀπολλυμένων,
1091 3148 1219 3221 λέγω
1261 3147 1353 3221 δὴ,
1404 3156 1519 3212 τοὺς
1570 3155 1737 3226 ρᾳθύ-

1890 3154 1991 3205 unt
2032 3148 2406 3204 enumeravit
2453 3147 2693 3203 ordines
2730 3164 2743 3214 ;
2791 3151 2936 3219 puta
2987 3163 3219 3218 segnes,
3266 3148 3512 3220 pusilla-

118 3261 268 3312 μνς,
332 3246 454 3299 τοὺς
511 3237 884 3310 μικροψύχους
936 3243 1024 3290 xui
1094 3243 1211 3299 τοὺς
1283 3248 1397 3301 ταῖς
1466 3248 1740 3315 μερίμναις

1892 3240 2039 3294 imes
2060 3242 2116 3293 et
2137 3237 2339 3293 saeculi
2358 3237 2514 3292 curis
2534 3242 2880 3309 occupatos,
2903 3237 3080 3293 simul
3098 3242 3154 3293 et
3169 3237 3512 3294 divitiarum

116 3338 205 3381 του
274 3328 406 3401 βίον
460 3332 613 3398 xuii”;
676 3324 848 3398 ἀπάτη
906 3335 996 3379 τοῦ
1062 3327 1285 3380 πλούτου
1342 3327 1677 3393 δουλεύοντας
1723 3356 1734 3367 ·

1889 3328 2094 3385 illaciae
2134 3327 2477 3383 servientes.
2525 3330 2591 3383 Et
2630 3343 2870 3383 rursum
2915 3332 3029 3384 tres
3067 3327 3370 3383 constituit
3417 3343 3511 3383 or-

116 3428 257 3491 τρεῖς
289 3415 352 3469 δὲ
400 3416 559 3468 πάλιν
610 3416 778 3477 τάξεις
834 3421 921 3467 καὶ
952 3425 1050 3468 τῶν
1103 3418 1427 3489 σωζομένων,
1462 3425 1592 3491 φημὶ
1645 3417 1735 3485 δη,

1892 3420 2016 3473 ines
2048 3434 2256 3474 eorum
2298 3418 2401 3489 qui
2442 3416 2750 3473 salvantur
2784 3434 2796 3471 :
2830 3417 2963 3473 dico
3004 3432 3147 3472 sane
3193 3416 3513 3473 ferentium

120 3512 237 3567 τοὺς
287 3513 763 3580 καρποφοροῦντας
832 3506 948 3575 (14)
1008 3504 1056 3557 ἕν
1113 3507 1312 3578 ἑκατὸν,
1378 3514 1467 3560 xui
1517 3512 1637 3570 τοὺς
1691 3508 1738 3560 ἐν

1882 3513 2105 3565 ructum
2124 3508 2494 3579 centuplum,
2518 3506 2985 3578 sexagecuplum
3008 3513 3063 3562 et
3082 3505 3504 3578 trigecuplum.

118 3597 401 3659 ἐξήκοντα,
452 3598 547 3645 καί
609 3598 732 3654 τοὺς
806 3592 855 3645 ἐν
914 3596 1208 3667 τριάκοντα.
1240 3598 1335 3648 Διά
1398 3606 1497 3649 τῶν
1536 3598 1737 3665 ἑκατόν,

1896 3614 1958 3653 er
1991 3597 2340 3668 centuplum
2379 3597 2538 3651 enim
2584 3596 2942 3666 significavit
2980 3595 3303 3668 perfectam
3335 3596 3515 3652 virtu-

118 3688 207 3755 μὲν
266 3686 399 3757 γὰρ,
472 3679 709 3740 ἐδήλωσε
787 3687 880 3740 τὴν
960 3683 1151 3735 τελείαν
1229 3691 1584 3761 καρποφορίαν
1651 3696 1740 3747 τῆς

1896 3704 1921 3741 s
1953 3686 2489 3752 fructiﬁcationem,
2522 3702 2628 3757 per
2653 3685 3115 3757 sexagecuplum
3143 3685 3428 3751 mediam,
3461 3690 3518 3742 et

126 3774 310 3845 αρετῆς
345 3792 358 3804 ·
402 3769 501 3823 διὰ
544 3780 644 3823 τῶν
685 3771 933 3833 ἑξήκοντα
986 3768 1065 3840 δὲ,
1112 3778 1204 3831 τὴν
1261 3779 1425 3845 μέσην
1457 3797 1469 3808 ο
1506 3772 1599 3827 διὰ
1639 3785 1739 3828 τῶν

1896 3791 1955 3831 er
2004 3775 2398 3846 trigecuplum
2448 3777 2763 3830 minorem.
2815 3778 2961 3829 Nam
3007 3775 3083 3831 ad
3130 3774 3369 3845 triginta
3410 3774 3518 3830 du-

135 3866 413 3933 τριάκοντα
467 3858 550 3925 δὲ,
602 3866 696 3918 τήν
764 3862 1057 3933 ὑφειμένην.
1115 3869 1224 3915 Τῶν
1279 3866 1381 3939 γὰρ
1440 3867 1737 3937 τριάκοντα,

1896 3863 2016 3920 lum
2049 3870 2188 3920 sunt
2227 3864 2543 3933 sexaginta
2576 3883 2590 3933 ;
2633 3867 2873 3919 centum
2914 3879 3056 3919 vero
3096 3864 3360 3935 triplum,
3394 3864 3515 3920 imo

139 3947 397 4003 διπλάσια
447 3952 541 4022 μὲν
585 3953 651 4001 τὰ
702 3949 970 4015 ἐξήκοντα,
1017 3951 1305 4025 τριπλάσια
1336 3950 1394 4005 δὲ
1448 3956 1513 4006 τὰ
1540 3956 1717 4008 ἑκατὸν

1892 3958 1907 4009 t
1929 3970 2112 4025 supra
2138 3953 2376 4025 triplum
2402 3956 2644 4024 propter
2664 3952 3043 4025 perfectionis
3066 3953 3473 4009 excellentiam
3500 3970 3514 4019 ;

140 4041 313 4108 μᾶλλον
370 4036 434 4091 ϐε
459 4042 553 4089 καὶ
580 4040 705 4112 ὑπὲρ
736 4041 801 4090 τὰ
830 4038 1136 4112 τριπλάσια,
1186 4037 1278 4096 διὰ
1329 4046 1423 4100 τὴν
1477 4045 1742 4119 ὑπεροχὴν

1897 4047 1916 4098 t
1942 4042 2090 4097 illud
2120 4042 2367 4114 quidem
2397 4042 2548 4098 ferat
2587 4045 2846 4107 centum,
2882 4040 2997 4097 hoc
3026 4046 3118 4097 est
3146 4041 3516 4114 quandoque

139 4138 215 4187 τῆς
250 4129 612 4186 τελειότητος.
685 4130 754 4179 Τό
814 4124 873 4179 δὲ
931 4126 997 4184 ΑΟ
1067 4130 1157 4200 μὲν
1206 4128 1405 4197 ἑκατόν,
1465 4130 1575 4183 ἀντὶ
1630 4140 1742 4201 τοῦ,

1897 4149 1915 4188 ι
1957 4133 2071 4188 hoc
2112 4132 2356 4187 homine
2400 4135 2642 4187 centum
2679 4147 2690 4185 :
2738 4130 3031 4186 interdum
3075 4146 3218 4186 vero
3254 4146 3391 4203 quae
3431 4147 3519 4187 se-

142 4221 253 4269 Ποοι
310 4222 409 4289 μὲν
466 4216 673 4285 ἑκατόν,
726 4214 773 4267 ἓν
840 4219 1007 4288 τούτῳ
1061 4225 1132 4269 τῶ
1196 4218 1469 4292 ἀνθρώπῳ,
1519 4224 1642 4273 ποτε
1686 4218 1745 4274 δὲ

1898 4226 2138 4288 uuntur,
2168 4221 2228 4276 in
2254 4221 2385 4276 aliis
2412 4227 2469 4276 et
2496 4220 2645 4277 aliis.
2681 4219 2943 4292 Suscipit
2972 4223 3174 4277 tamen
3202 4224 3259 4276 et
3287 4219 3516 4292 primos

140 4308 189 4355 τὰ
248 4308 394 4371 ἑξῆς,
459 4304 513 4357 ἐν
575 4304 713 4376 ἄλλῳ
776 4311 866 4357 καὶ
928 4305 1080 4378 ἄλλῳ.
1153 4304 1505 4380 Ἀποδέχεται
1549 4306 1608 4362 δὲ
1657 4315 1745 4363 καὶ

952 4305 1080 4378 ἱλλῳ.
1153 4304 1505 4380 Ἀποδέχεται
1549 4306 1608 4362 δὲ
1657 4315 1745 4363 καὶ
1855 4315 1912 4368 et
1941 4311 2239 4367 secundos
2270 4316 2326 4366 et
2354 4309 2574 4366 tertios.

125 4400 235 4457 τοὺς
286 4401 575 4470 πρῶτοως,
638 4398 727 4447 xui
800 4398 921 4457 τοὺς
996 4392 1284 4470 δευτέρους,
1341 4403 1431 4451 καὶ
1473 4402 1587 4460 τοὺς
1633 4404 1744 4473 τρί-

120 4504 261 4546 τους,
1780 4530 1827 4585 D

190 4582 277 4635 Mi;
334 4578 523 4627 τοίνυν
569 4573 625 4626 ἐκ
683 4574 945 4647 ῥᾳθυμίας
999 4574 1331 4649 ἀπολέσωμεν
1383 4580 1468 4630 τὸν
1528 4584 1745 4655 σπόρον,
1782 4573 1812 4585 ‘-

1927 4582 2007 4634 Ne
2038 4592 2179 4646 ergo
2206 4578 2285 4633 ob
2334 4576 2646 4647 segnitiem
2680 4592 2883 4633 semen
2921 4574 3273 4649 perdamus,
3309 4580 3412 4633 aut
3441 4574 3521 4634 ob

127 4662 261 4734 μηδὲ
323 4664 388 4716 ἑκ
446 4662 816 4737 μικροψυχίας
862 4665 1015 4717 αὐτόν
1064 4663 1437 4740 προδώσομεν,
1492 4665 1631 4739 μηδὲ
1692 4672 1749 4723 ἐκ

1902 4668 2407 4723 usillanimitatem
2431 4668 2626 4738 ipsum
2650 4666 2980 4738 prodamus
3005 4685 3017 4722 :
3041 4667 3131 4723 vel
3152 4672 3394 4739 propter
3418 4684 3523 4724 sa:-

134 4751 423 4825 οροντίδων
472 4751 739 4825 βιωτικῶν
786 4758 872 4805 xui
923 4753 1129 4815 ἀπάτης
1168 4763 1259 4807 τοῦ
1312 4756 1541 4809 πλούτου
1570 4767 1749 4813 τοῦτον

1896 4758 1971 4813 uli
1991 4774 2166 4813 curas
2183 4774 2289 4812 seu
2303 4756 2646 4812 divitiarum
2661 4756 3102 4823 fallacias,iilud
3124 4758 3514 4816 suffocemus.

139 4842 578 4914 ἑρποττνίξωμεν.
654 4849 741 4895 Δεῖ
824 4846 925 4918 γὰρ
988 4853 1190 4915 πρῶτον
1258 4848 1347 4917 μὲν
1416 4846 1752 4922 ἐγρηγορέναι

1910 4851 2103 4920 portet
2128 4848 2286 4901 enim
2313 4846 2575 4917 primum
2604 4845 2841 4916 vigilem
2870 4862 2999 4901 esse
3026 4845 3104 4901 ad
3132 4846 3261 4916 ejus
3285 4862 3527 4919 suscep-

140 4951 246 5003 περι
274 4939 372 4989 τὴν
420 4928 708 5003 ὑποδοχὴν
758 4929 917 4983 αὐτοῦ
948 4949 960 4962 ·
1002 4930 1111 4984 εἶτα
1150 4933 1545 5007 μεγαλοψύχως
1590 4942 1752 5012 φέρειν

1906 4953 2106 5001 onem,
2144 4936 2360 4991 deinde
2386 4937 2747 4992 tentationes
2788 4936 3208 5006 longanimiter
3234 4936 3405 5001 ferre,
3438 4940 3527 4991 at-

142 5026 254 5085 τονς
301 5024 656 5097 πειρασμούς⁸
750 5024 929 5076 ἔπειτα
985 5024 1155 5085 πάσης
1209 5023 1551 5097 ἀπηλλάχθαι
1610 5031 1750 5103 μερίο

1903 5042 1980 5099 ηιιο
2010 5026 2294 5098 deinceps
2339 5024 2416 5083 ab
2463 5024 2630 5082 omni
2669 5024 3065 5082 sollicitudine
3109 5023 3399 5091 saculari,
3432 5038 3525 5095 ac,

210 5204 254 5239 ³³
282 5204 397 5263 Isa.
431 5220 487 5270 γ,
516 5203 573 5259 4.

1360 5356 1593 5427 Varia
1622 5356 1951 5427 lectiones
1984 5366 2049 5426 et
2082 5365 2283 5426 notae.

213 5556 311 5627 (l3)
334 5557 678 5621 Hentenius
712 5554 804 5611 ita
860 5553 1303 5627 transposuerat
1340 5553 1710 5621 in'ﬁversione
1743 5570 1759 5613 ι
1869 5557 1929 5610 et
1958 5556 2315 5625 Euthymius
2347 5555 2406 5611 in
2436 5550 2706 5626 subjecto
2740 5549 2988 5627 scholio.

153 5620 557 5707 {umquam
579 5620 1209 5707 lrigecuglumialiud
1239 5620 1425 5707 autem
1455 5642 1761 5707 sexagecu-
1875 5698 1887 5707 _
1944 5630 2055 5707 (tt)
2083 5620 2209 5707 ΔΤος
2254 5620 2777 5707 deinceps'poAsuit
2822 5623 2891 5691 ἐν,
2940 5623 3250 5695 quomodo
3300 5624 3540 5683 codices

153 5696 429 5773 lum,al'iud
443 5722 584 5765 vero
604 5696 992 5766 centuplum.
1019 5699 1367 5769 Repugnant
1388 5700 1502 5753 mei
1525 5696 1764 5755 codices
1875 5698 2096 5755 habent
2122 5699 2303 5756 etiam
2331 5696 2503 5756 Marc.
2532 5696 2612 5763 1v,
2646 5700 2703 5753 8.
