4108 6442
538 364 647 420 399

1878 361 2197 420 EUTHYMI
2205 366 2226 420 Ι
2268 363 2589 425 ZIGABEN]

3807 378 3910 436 400

541 490 884 548 divitiarum
912 488 1173 545 vanitate
1203 488 1461 560 separari
1490 503 1501 542 :
1532 490 1588 544 et
1613 486 1695 543 ita
1723 489 1943 544 terram
1972 488 2182 546 bonan

2308 493 2708 565 μνηςβιωτικῆς
2740 502 2828 550 καὶ
2858 504 3211 569 ματαιότητος
3235 498 3475 566 πλούτου,
3517 509 3607 554 καὶ
3628 502 3743 574 (15)
3775 506 3908 557 οὕτω

539 580 693 645 ﬁeri,
726 578 1103 649 fructumque
1143 578 1315 647 juxta
1355 576 1629 632 virtutem
1680 576 1829 632 ferre
1862 578 1982 632 sive
2014 578 2201 649 perfe-

540 673 719 733 ctum,
755 668 877 723 sive
904 666 1189 732 medium,
1225 666 1343 721 sive
1374 666 1690 733 minorem,
1725 671 1783 720 et
1812 681 2197 739 nequaquam

537 758 748 831 perire.
792 759 941 812 Nam
982 755 1029 810 si
1071 755 1198 810 haec
1249 755 1494 825 quidem
1540 754 1920 824 negligimus,
1960 754 2199 812 illorum

538 851 742 904 autem
794 860 1001 901 curam
1040 844 1357 913 habemus,
1404 843 1652 899 omnino
1696 844 1982 915 perimus.
2036 845 2201 901 Unde

536 936 697 993 enim
727 935 979 992 oriretur
1018 933 1485 989 dissimilitudo?
1513 933 1676 988 Certe
1717 933 1767 987 si
1812 948 1935 989 non
1978 949 2083 1005 per
2114 950 2202 989 se-

535 1018 801 1096 gnitiem,
872 1027 1137 1080 attamen
1204 1038 1309 1094 per
1371 1021 1949 1094 pusillanimitatem,
2024 1027 2079 1078 et
2152 1023 2199 1078 si

532 1130 655 1172 non
672 1129 779 1187 per
795 1112 1369 1185 pusillanimitatem,
1390 1115 1591 1167 tamen
1604 1127 1710 1183 per
1728 1112 1971 1168 anxiam
1991 1126 2196 1169 curam

533 1209 589 1261 et
614 1202 939 1261 vanitatem
968 1201 1158 1273 perire
1185 1201 1537 1273 poterimus.

601 1292 764 1348 Vers.
795 1295 845 1347 9.
869 1290 983 1359 Qui
1002 1289 1301 1347 —audiat.
1326 1289 1446 1345 Hoc
1469 1304 1712 1361 quoque
1745 1287 2021 1346 vicesimo
2051 1288 2201 1347 dixit

530 1381 739 1454 capite,
771 1380 853 1436 ibi
883 1395 1026 1452 ergo
1050 1394 1254 1451 quaere
1280 1383 1335 1434 et
1358 1378 1541 1448 hujus
1571 1377 2027 1449 expositionem.

600 1473 766 1527 Vers.
798 1472 884 1525 10.
910 1470 990 1525 Ει
1013 1498 1082 1512 -—
1108 1467 1250 1526 illis.
1279 1468 1477 1523 Intuiti
1499 1466 1703 1523 turbas
1734 1482 1891 1538 aegre
1917 1468 2191 1540 ferentes,

530 1562 1216 1631 accesserunttanquam
1232 1556 1425 1628 magis
1442 1556 1854 1623 familiares,et
1871 1557 1944 1613 de
1956 1557 2068 1613 illis
2078 1557 2194 1615 hoc

529 1649 829 1706 dixerunt.

599 1740 766 1795 Vers.
800 1742 884 1794 ll.
918 1737 1000 1792 At
1028 1737 1134 1792 ille
1162 1766 1231 1777 -
1256 1736 1562 1793 caelorum.
1595 1734 1780 1791 Vobis
1808 1737 1960 1791 recte
1986 1734 2192 1792 viden-

2308 585 2543 651 γίνεσθαι
2570 589 2660 641 τήν
2691 585 2873 652 καλήν,
2918 592 3005 639 καὶ
3038 585 3249 639 διδόναι
3278 593 3475 660 καρπόν
3497 595 3631 642 κατά
3663 588 3906 665 δύναμιν,

2310 674 2407 722 εἴτε
2428 672 2633 741 τέλειον,
2656 678 2755 726 εἴτε
2776 679 2951 745 μέσον,
2980 681 3075 728 εἴτε
3097 677 3359 746 ἐλάττονα,
3392 684 3481 731 καὶ
3516 678 3704 751 μηδενὶ
3736 690 3907 757 τρόπῳ

2310 758 2652 815 ἀπόλλυσθαι.
2688 762 2802 815 Ἐὰν
2841 768 2938 837 γὰρ
2958 774 3079 817 κτῶν
3126 770 3214 837 μὲν
3246 765 3523 839 ἀμελῶμεν,
3575 779 3673 821 τῶν
3702 767 3761 823 δὲ
3797 772 3905 825 ἐπι-

2308 846 2592 919 μελώμεθα,
2648 854 2847 914 πάντως
2886 852 3233 925 ἀπολλύμεθα.
3294 861 3425 908 Ποία
3453 860 3552 929 γὰρ
3588 855 3834 934 διαφορὰ,
3868 862 3910 913 εἰ

2308 940 2378 1006 μή
2420 933 2511 987 διά
2535 939 2818 1011 ῥᾳθυμίας,
2844 942 2969 994 ἀλλὰ
2987 939 3081 994 διὰ
3105 944 3495 1016 μικροψυχίας,
3524 951 3612 997 καὶ
3644 949 3686 999 εἰ
3706 933 3777 1020 μή
3815 948 3908 1002 διὰ

2307 1025 2675 1098 μικροψυχίας
2706 1027 2831 1081 ἀ)λά
2860 1027 2952 1083 διὰ
2979 1038 3227 1105 μερίμνης
3258 1038 3345 1085 καὶ
3403 1041 3752 1106 ματαιότητος
3785 1036 3908 1091 ἀπο-

2308 1111 2555 1185 λούμεθα,

2377 1290 2387 1305 '
2418 1293 2461 1347 Ο
2494 1322 2558 1332 -
2591 1291 2837 1349 ἀκουέτω.
2870 1300 3032 1346 Τουτο
3064 1293 3173 1347 εἷπε
3201 1302 3291 1349 xui
3316 1296 3364 1349 ἐν
3395 1307 3467 1369 τῷ
3500 1299 3719 1372 εἰκοστῷ
3754 1322 3905 1375 κεφα-

2304 1380 2452 1452 λαίῳ,
2477 1387 2565 1435 καὶ
2599 1386 2826 1445 ζήτησον
2858 1382 2905 1435 ἐν
2938 1383 3108 1455 ἐκείνῳ
3141 1390 3233 1444 τήν
3266 1390 3452 1440 τούτου
3484 1388 3757 1461 ἐξήγησιν.

2378 1476 2572 1523 Καὶ-
2619 1472 2836 1539 αύτοῖς;
2880 1469 3101 1535 Ἰδόντες
3143 1480 3265 1537 τούς
3308 1477 3503 1548 ὄχλους
3556 1478 3901 1553 ἀχθομένους,

2305 1555 2339 1610 δ
2344 1561 2397 1610 ιά
2422 1564 2507 1617 τὴν
2541 1558 2788 1631 ἀσάφειαν
2814 1569 2912 1613 τῶν
2945 1562 3220 1634 εἰρημένων
3250 1564 3433 1636 λόγων,
3478 1569 3797 1642 προσῆλθον,
3840 1575 3906 1634 ὡς

2301 1647 2501 1713 οἰκεῖοι,
2530 1652 2619 1701 καὶ
2648 1650 2773 1722 ὑπὲρ
2803 1648 3001 1702 ἐκείνων
3032 1659 3185 1703 τοῦτο
3212 1653 3472 1725 λέγουσιν.

2369 1735 2427 1787 Ὀ
2479 1733 2537 1789 δὲ
2566 1769 2633 1777 —
2663 1737 2911 1810 ούρανῶν,
2970 1738 3132 1811 Ὑμῖν,
3187 1748 3295 1803 τοῖς
3340 1742 3471 1815 ὀρθὰ
3517 1750 3601 1798 xui
3646 1745 3906 1819 βλέπουσι

524 1830 689 1887 tibus
713 1833 769 1885 et
788 1827 1190 1895 audientibus,
1214 1827 1470 1899 ideoque
1492 1826 1893 1883 credentibus.
1918 1825 2182 1897 Mysteria

2299 1830 2389 1877 xui
2423 1824 2693 1893 ἀκούουσι,
2745 1833 2834 1879 καὶ
2888 1824 2982 1879 διά
3032 1836 3181 1881 τοῦτο
3232 1836 3545 1885 πιστεύουσι
3576 1852 3588 1864 °
3631 1844 3906 1911 μυστήρια

524 1936 685 1987 vero,
717 1919 833 1976 hoc
866 1923 952 1975 est
981 1932 1204 1974 arcana
1233 1921 1287 1972 et
1328 1914 1654 1972 ineffabilia
1684 1931 1821 1987 quas
1855 1919 1994 1970 sunt
2020 1915 2187 1983 regni

526 2010 838 2080 caelorum,
860 2008 983 2064 sive
1011 2007 1191 2077 Regis
1217 2005 1529 2063 caelorum.
1557 2008 1769 2061 Datum
1799 2008 1891 2061 est
1920 2007 2121 2062 autem
2152 2018 2188 2059 a

527 2100 758 2243 Degere.
813 2190 897 2242 ll.
942 2184 1071 2241 Illis
1116 2212 1181 2225 -—
1225 2185 1454 2241 datum.
1486 2182 1698 2239 Dolose
1742 2181 2080 2238 videntibus
2133 2188 2190 2239 et

526 2276 928 2342 audientibus,
963 2281 1020 2331 et
1046 2275 1125 2331 ita
1146 2289 1268 2329 non
1299 2272 1679 2329 credentibus
1710 2288 1720 2326 :
1752 2288 1853 2328 eos
1881 2277 2079 2327 autem
2105 2272 2189 2327 di-

526 2366 624 2432 cit,
658 2365 763 2437 qui
807 2368 976 2421 erant
1014 2362 1450 2419 immutabiles.
1492 2361 1645 2426 Quid
1688 2361 1850 2416 enim
1882 2361 2191 2432 prodesset

522 2470 701 2512 nosse
733 2458 789 2510 et
816 2467 940 2509 non
971 2453 1210 2509 credere
1234 2452 1262 2507 ?
1292 2454 1424 2507 Haec
1453 2450 1655 2521 itaque
1684 2449 2018 2506 conformia
2050 2454 2189 2505 sunt

522 2544 616 2601 his
645 2559 780 2616 quae
806 2542 971 2615 prius
998 2541 1149 2597 dixit
1177 2558 1187 2596 :
1227 2542 1519 2609 Conﬁteor
1548 2540 1671 2609 tibi,
1707 2540 1910 2603 Pater,
1939 2538 2190 2595 Domine

527 2634 663 2690 cceli
691 2637 748 2689 et
778 2638 972 2697 terrae,
1005 2629 1155 2702 quod
1184 2629 1561 2686 absconderis
1593 2629 1721 2685 haec
1746 2627 2112 2698 sapientibus
2134 2634 2187 2683 et

520 2721 940 2792 prudentibus,
973 2725 1027 2777 et
1066 2719 1349 2776 revelarz‘s
1381 2732 1449 2775 ea
1476 2718 1754 2786 parvulis
1786 2718 1828 2770 ί.

592 2900 757 2955 Vers.
790 2901 873 2953 l2.
909 2896 1021 2965 Qui
1053 2926 1119 2939 -—
1147 2896 1222 2953 ab
1253 2912 1335 2953 eo.
1367 2896 1477 2961 Qui
1506 2895 1689 2951 ﬁdem
1714 2894 1916 2959 habet,
1947 2892 2188 2950 dabitur

520 2988 573 3044 ei
617 2991 982 3044 secretorum
1021 2985 1283 3057 cognitio
1326 2986 1510 3057 idque
1552 2984 1795 3041 abunde
1847 3003 1859 3043 :
1896 2982 1999 3054 qui
2043 2998 2186 3040 vero

516 3077 703 3134 ﬁdem
733 3092 856 3133 non
888 3076 1089 3141 habet,
1135 3074 1436 3132 auferetur
1479 3073 1557 3131 ab
1608 3089 1678 3129 eo
1717 3074 1897 3129 etiam
1928 3072 1989 3128 id
2020 3072 2186 3145 quod

2302 1911 2379 1981 δὲ,
2416 1918 2482 1966 τά
2534 1914 2807 1989 ἀπόρρητα
2858 1934 2867 1944 ·
2911 1926 3005 1979 τῆς
3061 1916 3334 1989 βασιλείας
3389 1919 3446 1974 δὲ
3497 1932 3596 1975 τῶν
3650 1926 3901 2001 οὐρανῶν,

2300 2006 2547 2073 ἤτοι,τού
2589 2003 2847 2077 βασιλέως
2876 2014 2972 2057 τῶν
2999 2005 3245 2079 οὐρανῶν.
3276 2006 3491 2062 Δέδοται
3534 2008 3608 2078 δὲ,
3641 2018 3785 2088 παρά
3810 2026 3905 2071 τοῦ

2299 2096 2443 2144 Θεοῦ.

2369 2179 2605 2240 Ἐκείνοις
2652 2212 2720 2223 -—
2784 2177 3019 2234 δέδοται.
3089 2190 3208 2247 Τοῖς
3277 2186 3460 2240 σκολιὰ
3502 2194 3590 2242 καὶ
3643 2190 3905 2263 βλέπουσι

2298 2274 2386 2322 καὶ
2445 2269 2715 2335 ἀκούουσι,
2775 2274 2864 2322 καὶ
2917 2277 2988 2342 μὴ
3047 2277 3378 2329 πιστεύουσι.
3442 2282 3593 2349 Λέγει
3660 2277 3740 2349 δὲ,
3785 2287 3905 2345 τοὺς

2300 2356 2705 2431 ἀμεταϐλήτους.
2762 2364 2853 2420 Τίς
2922 2362 3023 2433 γαρ
3109 2362 3342 2433 ὠφέλεια,
3413 2375 3604 2436 γνῶναι
3659 2371 3769 2441 μεν,
3823 2377 3899 2443 μὴ

2296 2451 2558 2500 πιστεύειν
2599 2444 2657 2499 δὲ
2692 2465 2704 2511 ;
2741 2455 2920 2500 Ταῦτα
2968 2446 3035 2508 δὴ
3072 2449 3365 2522 συνᾴδουσι
3417 2460 3506 2507 καὶ
3536 2458 3607 2516 οἷς
3652 2464 3902 2533 πρότερον

2298 2536 2460 2607 ἔλεγεν
2512 2554 2523 2565 ’
2586 2536 3030 2609 Ἐξομολογοῦμαί
3108 2545 3212 2605 σοί,
3294 2544 3484 2617 Πάτερ,
3569 2548 3724 2618 Κύριε
3800 2559 3903 2602 τοῦ

2298 2625 2516 2697 ούρανοῦ
2601 2630 2690 2677 καὶ
2747 2635 2836 2686 τῆς
2891 2635 3011 2697 γῆς,
3086 2630 3166 2680 ὅτι
3219 2626 3520 2703 ἀπέκρυψας
3578 2642 3742 2686 ταῦτα
3795 2635 3901 2689 ἀπὸ

2301 2722 2469 2787 σοφῶν
2537 2719 2625 2767 καὶ
2684 2723 2919 2783 συνετῶν,
2994 2720 3083 2769 καὶ
3166 2717 3502 2791 ἀπεκάλυψας
3588 2722 3725 2775 αὐτὰ
3801 2744 3900 2783 νη-

3294 2544 3484 2617 Πάτερ,

2296 2808 2453 2865 πίοις.

2367 2892 2555 2953 Ὅστις
2596 2922 2665 2934 -—
2740 2892 2829 2946 ἀπ’
2882 2890 3062 2949 αύτοῦ.
3119 2893 3300 2957 Ὀστις
3362 2898 3452 2969 μεν
3514 2901 3625 2971 ἔχει
3691 2905 3894 2969 πίστιν,

2298 2979 2584 3040 δοθήσεται
2637 2982 2776 3051 αύτῷ
2826 2990 3013 3053 γνῶσις
3070 2992 3170 3036 τῶν
3226 2992 3553 3059 μυστηρίων,
3593 2993 3680 3041 xui
3734 2987 3900 3061 δαψι-

2294 3071 2388 3131 λῶς
2425 3087 2436 3097 ·
2473 3073 2617 3132 ὅστις
2659 3068 2716 3123 δὲ
2748 3071 2840 3122 ούκ
2885 3074 2999 3142 ἔχει
3046 3077 3248 3141 πίστιν,
3282 3073 3570 3149 ἀρθήσεται
3610 3077 3696 3130 ἀπ’
3730 3078 3894 3132 αὑτοῦ

515 3166 700 3223 habet
729 3182 767 3222 a
798 3169 914 3222 Deo
945 3165 1197 3221 donum.
1232 3163 1501 3220 Universi
1545 3163 1705 3218 enim
1736 3162 1966 3217 donum
1998 3178 2034 3217 a
2068 3164 2182 3217 Deo

2295 3166 2383 3212 xui
2435 3165 2465 3212 ὅ
2510 3163 2623 3231 ἔχει
2679 3162 2822 3232 παρά
2871 3168 3004 3213 Θεοῦ
3059 3158 3302 3234 δώρημα.
3346 3170 3456 3226 Πᾶς
3506 3167 3607 3238 γὰρ
3671 3163 3900 3242 δώρημα

515 3256 743 3313 habent
771 3272 783 3311 :
807 3255 903 3310 hic
929 3254 1175 3327 quidem
1202 3253 1337 3323 hoc,
1366 3253 1475 3308 iste
1498 3267 1635 3308 vero
1661 3251 1825 3307 illud.
1851 3251 1961 3316 Qui
1982 3255 2185 3307 autem

517 3361 649 3401 sese
675 3344 854 3413 digne
881 3348 1242 3415 praeparant,
1276 3356 1400 3397 non
1430 3341 1626 3396 solum
1655 3340 1955 3412 accipiunt
1979 3340 2185 3409 hujus-

513 3434 681 3490 modi
728 3433 1023 3496 notitiam,
1081 3446 1287 3486 verum
1336 3429 1516 3485 etiam
1567 3428 1811 3486 abunde
1860 3428 2179 3499 accipiunt.

515 3523 719 3580 Caeteri
748 3538 889 3579 vero
915 3521 1017 3593 qui
1041 3522 1123 3576 ita
1148 3536 1212 3575 se
1238 3536 1361 3575 non
1387 3519 1629 3588 habent,
1660 3535 1782 3575 non
1810 3518 2001 3573 solum
2022 3518 2182 3574 hanc

512 3628 637 3668 non
659 3611 981 3682 accipiunt,
1018 3608 1125 3665 sed
1154 3609 1233 3665 ab
1264 3609 1375 3664 illis
1403 3623 1643 3681 quoque
1668 3608 2019 3665 auferuntur
2046 3624 2181 3679 gra-

512 3700 618 3759 tiae
649 3716 804 3772 quas
840 3700 1004 3772 prius
1036 3702 1407 3770 acceperant.

590 3792 747 3845 Vers.
780 3793 863 3844 13.
890 3789 1215 3857 Propterea
1241 3817 1308 3827 ——
1335 3785 1700 3856 intelligunt.
1730 3786 1878 3851 Quia
1908 3786 2176 3843 videntes

511 3878 811 3950 corporeis
838 3875 1027 3932 oculis
1048 3892 1183 3947 quae
1206 3891 1243 3931 a
1266 3890 1362 3930 me
1383 3876 1535 3929 fiunt
1557 3875 1866 3944 miracula,
1889 3875 2177 3931 claudunt

509 3968 729 4023 animae
760 3965 965 4022 oculos
998 3982 1011 4020 :
1044 3968 1103 4019 et
1143 3964 1555 4035 corporalibus
1588 3964 1836 4020 auribus
1870 3980 2037 4019 meos
2067 3980 2173 4019 au-

508 4057 741 4113 dientes
777 4070 1105 4120 sermones,
1138 4053 1425 4109 claudunt
1456 4070 1555 4110 eas
1595 4070 1731 4126 quae
1762 4058 1900 4109 sunt
1928 4054 2172 4123 animae,

505 4145 767 4219 ideoque
815 4145 1065 4201 omnino
1117 4144 1407 4200 increduli
1458 4148 1790 4200 remanent.
1854 4146 1921 4199 Ut
1968 4148 2170 4200 autem

506 4236 660 4292 scias
693 4234 861 4308 quod
891 4236 1107 4291 animm
1154 4234 1478 4290 caecitatem
1530 4249 1600 4290 ac
1632 4233 1979 4289 surditatem
2011 4232 2171 4289 dicat

503 4327 768 4384 addidit:
793 4328 998 4398 Neque
1018 4325 1389 4396 intelligunt.
1410 4324 1737 4395 Intelligere
1759 4323 2061 4395 siquidem
2083 4328 2170 4380 est

503 4416 839 4472 secundum
871 4417 1140 4472 animam
1168 4414 1370 4470 videre
1414 4418 1471 4470 et
1502 4414 1728 4471 audire.
1758 4412 1995 4470 Talibus
2024 4428 2166 4482 ergo

502 4506 733 4576 merito,
768 4521 839 4561 ac
868 4505 1312 4577 dispensatione
1354 4504 1625 4575 quadam
1656 4505 1716 4559 in
1748 4502 2052 4575 parabolis
2084 4502 2169 4559 lo-

500 4593 820 4665 quebatur,
881 4594 964 4649 ita
1020 4598 1083 4648 ut
1136 4593 1245 4662 ipsi
1304 4592 1553 4664 quidem
1606 4592 1893 4657 audirent,
1954 4607 2166 4648 verum

501 4698 625 4739 non
674 4681 1099 4750 intelligerent;
1151 4683 1370 4754 merito,
1413 4682 1680 4752 quidem,
1732 4681 1876 4752 quia
1925 4686 2168 4753 propter

504 4770 906 4827 voluntariam
982 4769 1339 4840 pravitatem
1418 4784 1591 4823 suam
1667 4769 1897 4839 indigni
1973 4774 2163 4835 erant,

499 4861 602 4935 qui
630 4860 797 4916 nuda
825 4859 1100 4914 audirent
1125 4857 1434 4928 mysteria,
1464 4858 1728 4929 quadam
1761 4875 1902 4914 vero
1929 4859 2165 4931 dispen-

499 4951 751 5014 satione,
810 4964 885 5003 ne
944 4952 1309 5004 secretorum
1364 4948 1789 5017 cognitionem,
1850 4948 2166 5005 redderent

497 5038 985 5097 contradictionis
1036 5039 1346 5093 materiam
1383 5055 1393 5091 :
1450 5041 1506 5093 et
1548 5038 1630 5093 ita
1668 5038 2005 5108 graviorem
2051 5038 2163 5094 sibi

496 5129 849 5185 inducerent
888 5126 1479 5192 condamnationem,

573 5217 733 5273 Vers.
765 5219 849 5275 14.
875 5217 955 5272 Et
986 5247 1055 5257 —
1081 5216 1272 5272 Isaia.
1303 5215 1661 5286 Hujusmodi
1693 5215 2008 5288 prophetia
2030 5217 2159 5288 jam

495 5323 567 5365 ex
605 5313 773 5381 parte
820 5305 1119 5379 completa
1160 5309 1287 5365 erat
1330 5305 1393 5362 in
1430 5304 1732 5379 prioribus
1769 5305 2013 5377 Judaeis,
2052 5308 2158 5379 qui

565 5488 611 5523 99
644 5485 843 5543 Matth.
875 5501 953 5552 χι,
986 5489 1074 5541 25.

2294 3252 2407 3321 ἔχει
2464 3257 2619 3313 Θεου,
2658 3251 2682 3300 ό
2722 3252 2810 3320 μὲν
2850 3244 3069 3313 τοιόνδε,
3105 3252 3129 3301 ὁ
3164 3248 3222 3303 δὲ
3275 3249 3495 3308 τοιόνδε.
3553 3260 3651 3307 Καὶ
3708 3259 3755 3307 oi
3799 3261 3896 3329 μὲν

2291 3341 2781 3413 παρασκευάσαντες
2847 3338 3056 3399 ἑαυτούς
3111 3338 3305 3410 ἀξίους,
3368 3342 3425 3393 ού
3489 3347 3641 3415 μόνον
3694 3344 3899 3417 λαμϐά-

2290 3448 2439 3481 νουσι
2470 3433 2562 3486 τήν
2611 3430 2871 3485 τοσαύτην
2906 3436 3116 3498 γνῶσιν,
3160 3427 3286 3481 ἀλλά
3314 3435 3403 3483 xui
3444 3428 3677 3502 δαψιλῶς
3706 3448 3720 3463 ⁶
3755 3436 3801 3485 οἱ
3832 3432 3898 3488 δὲ

2290 3522 2358 3589 μή
2407 3516 2562 3576 οὕτως
2625 3518 2849 3587 ἔχοντες,
2900 3516 2957 3568 ού
3004 3522 3155 3589 μόνον
3204 3518 3263 3570 ού
3314 3518 3639 3577 λαμϐάνουσι
3697 3526 3896 3581 ταύτην

2291 3604 2418 3657 ἀλλὰ
2492 3614 2995 3680 προσαφαιροῡνται,
3086 3610 3176 3659 xui
3260 3607 3295 3658 ἃ
3372 3610 3652 3683 προέλαϐον
3726 3618 3895 3685 χαρί-

2292 3714 2489 3768 σματα.

2359 3787 2454 3837 Διά
2501 3791 2653 3836 τοῦτο
2718 3813 2788 3824 -
2852 3792 3147 3841 συνιοῦσιν.
3221 3791 3378 3853 Διότι,
3448 3787 3719 3861 βλέποντες
3780 3799 3895 3857 τοῖς

2288 3882 2604 3948 σωματικοῖς
2659 3873 2941 3945 ὀφθαλμοῖς
2992 3877 3058 3926 τά
3096 3876 3218 3948 παρ’
3288 3876 3410 3948 ἐμοῦ
3466 3884 3711 3951 γινόμενα
3765 3884 3893 3934 θαύ-

2283 3984 2443 4037 ματα,
2512 3966 2707 4036 μύουσι
2772 3966 2891 4024 τούς
2966 3973 3060 4025 τῆς
3124 3964 3313 4037 ψυχῆς
3382 3983 3393 3997 '
3456 3972 3545 4019 xui
3614 3967 3891 4035 ἀκούοντες

2282 4061 2387 4115 τοῖς
2476 4058 2791 4124 σωματικοῖς
2887 4052 2987 4105 ὠσὶ
3071 4057 3190 4115 τούς
3261 4055 3385 4127 παρ’

2280 4148 2475 4216 μύουσι
2532 4145 2650 4204 τούς
2711 4150 2805 4203 τῆς
2869 4140 3077 4212 ψυχῆς,
3145 4148 3233 4195 xui

2281 4232 2613 4286 ἀπιστοῦσιν.
2675 4230 2784 4284 Ἰνα
2838 4226 2895 4283 δὲ
2950 4239 3103 4302 γνῷς,
3138 4233 3217 4283 ὅτι
3270 4232 3527 4305 τύφλωσιν
3565 4240 3654 4288 καὶ
3691 4243 3890 4309 κώφευ-

2282 4342 2363 4374 σιν
2400 4327 2492 4379 τήν
2523 4330 2616 4382 τῆς
2645 4320 2827 4392 ψυχῆς
2873 4320 3027 4390 λέγει,
3076 4319 3331 4393 ἐπήγαγεν
3367 4339 3377 4351 ·
3412 4319 3553 4375 Οὐδὲ
3620 4333 3884 4379 συνιοῦσι.

2278 4414 2487 4472 Σύνεσις
2535 4413 2660 4482 γὰρ,
2700 4414 2758 4461 τὸ
2821 4408 3026 4482 βλέπειν
3076 4414 3165 4462 xui
3216 4409 3418 4463 ἀκούειν
3468 4416 3605 4466 κατὰ
3659 4413 3875 4486 ψυχήν,

2275 4502 2395 4562 Τοῖς
2422 4502 2676 4561 τοιούτοις
2729 4495 2815 4551 οὖν
2848 4495 3064 4559 δικαίως
3120 4504 3209 4552 καὶ
3240 4500 3581 4573 οἰκονομικῶς
3617 4501 3664 4553 ἐν
3716 4523 3888 4575 παρα-

2276 4589 2449 4651 κολαῖς
2490 4588 2671 4653 ἐλάλει,
2732 4590 2866 4641 ὥστε
2923 4587 3112 4650 αύτούς
3176 4586 3380 4641 ἀκούειν
3437 4593 3527 4661 μὲν
3577 4596 3649 4662 μή
3714 4597 3881 4644 συνιέ-

2274 4699 2357 4732 ναι
2397 4676 2474 4731 δέ.
2529 4682 2625 4730 Καὶ
2678 4673 2897 4739 δικαίως
2946 4679 3058 4749 μὲν,
3136 4679 3204 4739 ὡς
3277 4674 3370 4729 διὰ
3421 4682 3517 4737 τήν
3554 4677 3887 4733 ἐθελοκακίαν

2274 4769 2441 4821 αὐτῶν
2504 4766 2733 4829 ἀναξίοις
2780 4765 2942 4827 ἀκοῆς
2992 4774 3201 4838 γυμνῶν
3268 4772 3572 4841 μυστηρίων
3615 4784 3627 4797 ·

2272 4867 2437 4930 μικῶς
2478 4853 2557 4921 δὲ,
2614 4858 2695 4909 ἵνα
2748 4859 2818 4927 μή
2861 4861 2953 4914 τὴν
3008 4863 3200 4926 γνῶσιν
3239 4863 3339 4907 τῶν
3394 4860 3694 4928 μυστηρίων
3738 4855 3887 4910 ἀντι-

3474 4054 3597 4127 ἐμοῦ
3680 4057 3886 4129 λόγους,

3310 4140 3401 4195 διὰ
3463 4152 3614 4197 τοῦτο
3680 4150 3893 4213 πάντως

3685 4768 3885 4823 οἰκονο-

2270 4948 2447 5019 λογίας
2477 4946 2601 5005 ὕλην
2632 4950 2961 5011 ποιήσαντες,
2996 4943 3289 5020 βαρυτέραν
3308 4943 3701 4998 ἐπισπάσωνται
3716 4966 3885 5001 κατα-

2273 5034 2447 5096 δίκην.

2342 5222 2442 5271 Καὶ
2501 5214 2738 5272 Ἡσαΐου.
2801 5214 2860 5271 Ἣ
2929 5219 3146 5278 τοιαύτη
3232 5223 3524 5295 προφητεία
3596 5218 3876 5301 ἐπληρώθη

2266 5309 2356 5381 μὲν
2387 5307 2441 5360 ἐκ
2495 5310 2701 5381 μέρους,
2754 5306 2837 5361 ἐπὶ
2887 5315 2985 5363 τῶν
3052 5308 3214 5364 πάλαι
3272 5310 3705 5388 σκληροκαρδίων
3745 5316 3883 5369 Ἰου-

1698 5582 1920 5651 Variae
1959 5582 2289 5652 lectiones
2330 5592 2395 5649 et.
2435 5593 2637 5653 notae.

566 5703 677 5775 (15)
711 5705 809 5755 Καὶ
842 5700 888 5753 ἐν
922 5704 1113 5773 τούτῳ.
