4108 6390
195 400 298 456 ⁴401

1166 389 1537 452 COMMENT.
1578 386 1651 444 IN
1685 382 2129 444 MATTHAEUM.
2172 412 2239 422 —
2279 381 2438 437 CAP.
2468 378 2616 435 XIII.

3463 370 3571 427 402

192 522 381 579 δαίων*
418 522 703 597 πληροῦται
753 517 812 573 δὲ
862 520 1121 583 παντελῶς
1159 526 1268 583 νῦν,
1325 517 1410 571 ἐπὶ
1461 518 1674 569 τούτων.
1710 513 1786 566 Διέ

1912 510 2047 565 duri
2080 506 2280 565 cordis
2314 506 2553 563 fuerant
2584 521 2597 572 ;
2630 517 2793 560 nunc
2846 502 3045 560 autem
3108 498 3366 573 perfecte
3416 510 3573 553 com-

190 621 348 667 τοῖτο
386 615 488 685 γὰρ
511 615 598 664 καὶ
624 610 1040 686 Ἀναπληροῡται
1070 607 1346 674 εἶπεν,αντὶ
1395 614 1506 671 τοῦ,
1540 602 1803 664 Παντελῶς

192 702 513 776 πληροῦται,
543 702 571 761 ἡ
607 700 1025 774 Ἀναπληρούται
1054 697 1250 767 ἁπλῶς,
1282 696 1396 749 ἀντὶ
1437 703 1527 747 τοῦ
1566 693 1800 768 πληροῦ-

191 811 303 846 ται.

266 881 322 933 Ἠ
363 877 631 938 -ἶδητε.
687 879 841 951 Ἀκοῇ
907 884 1178 952 σωματικῇ
1235 874 1483 929 ἀκούσετε
1538 876 1656 933 τοὺς
1706 870 1797 923 λό-

188 989 337 1040 γους,
378 975 467 1021 καὶ
512 969 570 1021 ού
601 973 672 1041 μὴ
733 977 921 1028 συνῆτε
971 973 1065 1025 τὴν
1133 965 1393 1027 ἀλήθειαν,
1447 965 1513 1025 ὡς
1562 960 1799 1014 ἐθελοκω-

192 1068 403 1132 φοῦντες
469 1060 603 1109 κατὰ
664 1057 849 1129 ψυχήν
922 1072 932 1083 ⁸
997 1061 1085 1108 καὶ
1126 1054 1395 1128 βλέποντες
1464 1059 1794 1123 σωματικῶς,

193 1147 415 1221 βλέψετε
440 1148 557 1219 (16)
604 1150 670 1200 τὰ
702 1150 962 1220 θαύματα,
996 1151 1085 1198 καὶ
1142 1145 1201 1196 ού
1258 1148 1329 1216 μὴ
1364 1139 1515 1201 ἴδητε
1551 1146 1644 1199 τὴν
1678 1140 1798 1197 ἀλη-

197 1240 360 1302 θειαν,
426 1240 614 1310 ὁμοίως
675 1239 744 1297 ὡς
814 1234 1325 1308 ἐθελοτυφλώττοντες
1389 1235 1523 1284 κατὰ
1586 1230 1795 1301 ψυχήν.

194 1324 325 1381 Εἶτα
349 1326 485 1398 λέγει
534 1332 623 1379 καὶ
655 1331 749 1385 τὴν
783 1326 953 1378 αἰτίαν
977 1327 1001 1377 ό
1028 1329 1320 1397 προφήτης,
1350 1319 1422 1375 δι’
1452 1321 1510 1380 ἢν
1531 1328 1681 1373 τοῦτο
1712 1339 1797 1372 πε-

189 1419 468 1470 πόνθασιν.

268 1595 572 1667 Ἐπαχύνθη
632 1625 700 1633 -
747 1597 952 1647 τούτου.
1000 1623 1061 1634 -—-
1122 1592 1450 1663 Ἐπαχύνθη,
1508 1584 1641 1641 avri.
1679 1596 1791 1655 τοῦ,

194 1684 551 1756 Ἐσκληρύνθη
576 1683 824 1756 ἐπωρώθῆ
842 1691 910 1753 τῷ
930 1685 1094 1754 φθόνῳ
1108 1686 1196 1733 καὶ
1227 1688 1341 1743 ταῖς
1365 1679 1541 1740 ἄλλαις
1562 1682 1789 1739 κακίαις.

192 1779 297 1827 Καὶ
338 1770 430 1827 διὰ
444 1781 596 1827 τοῦτο
627 1771 988 1829 ἀσυνετοῦσιν,

269 1957 368 2006 Καὶ
398 1984 466 1992 -
492 1952 821 2024 ἐκάμμυσαν.
862 1951 1000 2003 Ὦτα
1050 1954 1139 2002 καὶ
1180 1948 1491 2021 ὀφθαλμοὺς,
1542 1966 1665 2007 τους
1698 1953 1793 2008 τῆς

188 2042 375 2113 ψυχῆς
403 2041 539 2113 λέγει
571 2058 583 2071 ⁸
616 2040 814 2117 βαρέως
852 2038 910 2093 δὲ
948 2044 1203 2103 ἤκουσαν,
1260 2037 1374 2090 ἀντὶ
1411 2044 1525 2107 τοῦ,
1575 2035 1791 2108 ἐκὼφευ-

193 2150 311 2185 σαν.

263 2226 471 2278 Μήποτε
522 2251 590 2261 -
646 2219 851 2280 αὐτούς.
890 2220 977 2289 [Τὸ
1028 2218 1138 2287 (17)
1179 2221 1415 2279 Μήποτε,
1464 2217 1672 2273 νοηθείη
1706 2213 1786 2279 ἂν,

187 2314 284 2361 καί
338 2307 450 2361 ἀντὶ
479 2316 587 2373 τοῦ,
624 2309 801 2373 Ὶσως,
835 2310 1012 2360 ὁποῖόν
1034 2310 1146 2359 ἐστι
1175 2310 1263 2357 καὶ
1312 2306 1454 2379 παρὰ
1482 2314 1552 2375 τῷ
1597 2303 1788 2357 Ἀποσ-

185 2399 345 2469 τόλῳ·
367 2400 452 2453 Ἐν
476 2404 755 2472 πραότητι,
780 2404 929 2471 φησὶ,
959 2394 1278 2449 παιδεύοντα
1298 2401 1414 2456 τούς
1446 2392 1788 2446 ἀντιδιατιθε-

188 2493 372 2560 μένους
409 2494 605 2560 μήποτε
644 2486 755 2559 δῴη
798 2488 973 2549 αύτοίς
1006 2489 1031 2538 6
1063 2490 1192 2547 Θεὸς
1222 2486 1498 2557 ἐπίγνωσιν
1526 2485 1592 2545 εἰς
1620 2503 1786 2541 σωτη-

186 2582 325 2651 ρίαν.
351 2584 455 2629 Τού
478 2581 576 2652 γὰρ
609 2581 895 2650 προφήτου,
923 2579 1094 2650 ὥσπερ
1136 2575 1492 2646 λογιζομένου,
1520 2575 1689 2645 μάτην
1720 2572 1787 2633 εἰς

182 2675 414 2719 τοιούτον
467 2666 588 2718 λαόν
639 2666 885 2739 κηρύξαι,
937 2663 1187 2736 ἐπήγαγεν
1214 2666 1238 2716 ό
1271 2667 1399 2726 Θεὸς
1427 2667 1571 2716 τουτὶ
1600 2666 1657 2713 τό
1682 2662 1785 2736 ῥη-

181 2761 289 2808 τόν.
320 2754 342 2828 ]

254 2846 329 2897 Δι’
374 2844 659 2918 ὑπερϐολὴν
688 2841 746 2896 δὲ
776 2845 983 2916 φθόνου,
1012 2847 1101 2895 καὶ
1127 2850 1223 2895 τῶν
1254 2841 1435 2905 ἄλλων,
1466 2843 1530 2900 ὡς
1560 2843 1780 2913 εἴρηται,

178 2943 397 3001 κακιῶν,
432 2935 782 3007 ἐπωρώθησαν
839 2933 911 2993 εἰς
957 2935 1183 2997 σύνεσιν,
1230 2935 1319 2982 καὶ
1359 2928 1653 3001 ἐκώφευσάν
1694 2932 1782 3000 μὲν

179 3027 309 3097 πρὶς
346 3027 464 3084 τοὺς
490 3025 762 3097 ὑπερφυεῖς
781 3021 980 3093 λόγους,
1006 3019 1312 3092 ἐκάμμυσαν
1346 3016 1404 3071 δὲ
1428 3022 1558 3091 πρὸς
1587 3021 1652 3070 τὰ
1686 3037 1784 3068 πα-

177 3111 385 3188 ράδοξα
432 3114 580 3186 ἔργα,
634 3114 806 3183 ὥσπερ
862 3106 1164 3179 δειλιῶντες,
1222 3113 1422 3180 μήποτε
1473 3107 1783 3167 ἀκούσαντες

1912 598 2190 672 plebatur
2218 597 2280 652 in
2304 596 2428 652 istis
2454 594 2556 667 (η).

1982 872 2137 925 Vers.
2176 868 2266 923 14.
2310 862 2820 933 Quae—cernetis,
2860 859 3083 916 Auditu
3140 855 3439 930 corporali
3468 871 3573 913 au-

1908 959 2076 1015 dietis
2134 971 2458 1024 sermones,
2539 956 2595 1007 et
2645 967 2767 1007 non
2834 948 3169 1019 intelligetis
3240 947 3566 1012 veritatem,

1906 1048 2081 1120 quasi
2126 1050 2335 1118 sponte
2366 1042 2886 1103 obsurdescentes,
2951 1038 3114 1111 quod
3170 1036 3246 1092 ad
3300 1037 3571 1092 animam

1908 1143 2171 1211 spectat:
2205 1140 2260 1192 et
2298 1131 2683 1205 corporaliter
2736 1128 3008 1184 videntes
3062 1125 3337 1182 videbitis
3391 1125 3567 1182 mira-

1907 1226 2061 1295 cula,
2120 1241 2230 1281 nec
2287 1230 2490 1280 tamen
2532 1219 2840 1276 veritatem
2892 1216 3167 1281 cernetis,
3218 1214 3347 1287 pari
3384 1213 3570 1271 modo

1905 1319 2196 1386 tanquam
2229 1309 2561 1368 voluntarie
2602 1305 2809 1380 quoad
2848 1306 3137 1369 animam,
3171 1302 3569 1359 caecutientes.

1908 1404 2128 1461 Deinde
2159 1402 2584 1473 additquoque
2607 1393 2903 1469 propheta
2933 1408 3207 1460 causam,
3245 1391 3325 1448 ab
3379 1406 3567 1462 quam

1905 1495 2035 1551 haec
2065 1492 2229 1564 passi
2262 1491 2396 1547 sint.

1979 1586 2137 1638 Vers.
2174 1583 2259 1637 15.
2306 1581 2702 1636 Incrassatum
2733 1584 2815 1636 est
2840 1607 2910 1619 —
2937 1574 3127 1646 hujus.
3173 1602 3241 1612 —
3270 1572 3571 1628 Incrassa-

1905 1678 2022 1729 tum
2051 1675 2157 1736 est,
2212 1670 2327 1725 hoc
2371 1672 2458 1724 est
2508 1666 2858 1723 Induratum
2900 1667 3007 1734 est,
3064 1662 3431 1718 excaecatum
3481 1660 3571 1715 est

1905 1760 2152 1824 invidia,
2193 1758 2443 1830 aliisque
2483 1755 2901 1828 iniquitatibus
2933 1768 2953 1809 :
2982 1754 3040 1808 et
3088 1749 3220 1808 ideo
3272 1746 3568 1805 intellectu

1826 1856 1866 1911 Β
1904 1854 2125 1907 carent.

1974 1940 2135 1996 Vers.
2188 1938 2275 1993 15.
2316 1937 2483 1992 Ει-
2514 1935 2949 1991 concluserunt.
2997 1929 3182 1985 Aures
3234 1940 3305 1985 ac
3358 1923 3567 1981 oculos

1902 2029 2043 2086 dicit
2094 2028 2330 2085 animae.
2387 2024 2656 2080 Graviter
2706 2026 2907 2081 autem
2942 2017 3277 2084 audierunt,
3330 2014 3447 2071 hoc
3477 2017 3567 2071 est

1901 2116 2363 2175 obsurduerunt.

1971 2209 2139 2263 Vers.
2220 2209 2302 2260 15.
2380 2201 2701 2275 Nequando
2749 2230 2821 2243 —
2876 2213 2990 2255 eos.
3038 2197 3080 2267 -ι-
3128 2192 3564 2271 Βίοῐίοημήποτε

1898 2296 2238 2369 nequando,
2275 2292 2519 2363 intelligi
2566 2292 2781 2363 potest,
2822 2291 2887 2344 ut
2930 2282 3308 2343 tantumdem
3360 2280 3565 2338 valeat

1898 2391 2222 2460 quantum:
2254 2387 2331 2440 Ne
2364 2398 2479 2454 quo
2500 2377 2905 2450 modo;quale
2924 2370 3517 2449 estetilludApostoli
3544 2385 3562 2428 :

1898 2479 1969 2533 1n
1982 2472 2430 2531 mansuetudine
2445 2469 2725 2526 inslruite
2748 2448 2839 2525 eos
2857 2466 2960 2539 qui
2977 2463 3286 2527 obsistunt,
3302 2448 3561 2531 nequan-

1897 2568 1970 2622 do
2001 2566 2095 2621 det
2124 2564 2243 2620 illis
2273 2566 2426 2618 Deus
2454 2561 2825 2617 intellectum
2851 2556 2935 2611 ad
2963 2554 3210 2611 salutem
3240 2552 3284 2606 ’.
3312 2549 3562 2607 adducit

1896 2660 2097 2713 autem
2137 2654 2290 2708 Deus
2310 2651 2426 2707 hoc
2456 2648 2752 2723 prophetae
2779 2645 3008 2702 dictum
3037 2646 3330 2714 tanquam
3367 2638 3562 2695 existi-

1894 2743 2114 2802 mantis
2152 2742 2371 2798 frustra
2400 2740 2479 2795 ad
2507 2734 2860 2809 hujusmodi
2912 2730 3199 2807 populum
3226 2726 3560 2802 praedicari.

1968 2832 2205 2889 Invidiae
2235 2827 2671 2899 magnitudine,
2730 2824 3001 2896 aliisque,
3044 2825 3111 2878 ut
3160 2819 3389 2875 dictum
3439 2820 3551 2883 est,

1893 2920 2310 2995 pravitatibus,
2343 2916 2618 2974 excaecati
2665 2916 2801 2970 sunt
2840 2912 2919 2967 ad
2945 2909 3334 2972 intellectum,
3366 2909 3423 2962 et
3451 2905 3558 2962 ob-

1894 2993 2257 3067 surduerunt
2306 3006 2386 3063 ad
2434 3002 2921 3077 supernaturales
2961 3011 3271 3054 sermones
3305 2993 3557 3051 :oculos

1892 3116 2034 3156 vero
2048 3098 2392 3155 clauserunt
2412 3094 2490 3151 ad
2515 3091 2814 3164 stupenda
2829 3103 3033 3161 opera,
3048 3085 3225 3157 quasi
3251 3099 3369 3155 prae
3395 3083 3558 3153 igna-

180 3208 271 3254 καὶ
306 3199 501 3262 ἰδόντες
533 3204 600 3253 τὰ
646 3201 769 3273 παρ’
819 3199 964 3271 ἐμοῦ,
1006 3203 1095 3250 καὶ
1141 3202 1340 3269 γνόντες
1389 3200 1447 3249 τὸ
1494 3193 1608 3249 δέον
1640 3194 1783 3248 ἐπισ-

1910 3189 1990 3246 via
2022 3188 2315 3251 timentes,
2351 3200 2424 3240 ne
2450 3198 2573 3255 quo
2610 3180 2794 3237 modo
2847 3176 3116 3241 audiant,
3171 3174 3429 3239 videant,
3501 3174 3557 3228 et

177 3292 417 3365 τρέψωσι
462 3294 592 3365 πρὸς
636 3309 718 3361 με,
751 3294 839 3341 καὶ
879 3289 1095 3359 ἰάσομαι
1135 3287 1323 3346 αύτούς
1356 3285 1454 3338 ἀπὸ
1488 3294 1584 3337 τῶν
1616 3284 1783 3357 πλημ-

178 3381 490 3452 μελημάτων
543 3379 730 3433 αὐτῶν.
778 3378 866 3430 Ἐκ
894 3382 1194 3451 ’προσώπου
1234 3378 1335 3449 γὰρ
1375 3382 1467 3427 τοῦ
1494 3382 1727 3446 Χριστοῦ
1759 3375 1783 3425 ό

180 3470 349 3540 λόγος.
370 3476 533 3522 Τοῦτο
562 3465 620 3521 δὲ
631 3469 941 3541 προσέθηκε,
968 3463 1234 3539 διασύρων
1252 3465 1436 3524 αὐτούς
1458 3464 1528 3525 εἰς
1550 3462 1783 3535 ἐσχάτην

179 3577 379 3612 ανοιαν.

252 3647 419 3719 ⁸Υμών
442 3678 510 3687 -
542 3644 739 3703 ἀκούει,
793 3646 1080 3718 Μακάριοι,
1107 3645 1187 3695 ὅτι
1223 3641 1481 3715 βλέπουσι
1509 3646 1599 3694 καὶ
1633 3640 1785 3693 ἁκού-

180 3754 331 3788 ουσιν
368 3735 552 3811 ὀρθῶς,

252 3823 420 3896 Ἀμὴν
470 3854 536 3864 -
585 3828 838 3883 ἤκουσαν.
891 3822 1098 3889 Πολλοὶ,
1154 3826 1242 3873 καὶ
1298 3820 1356 3873 ού
1404 3822 1586 3880 πάντες
1617 3822 1783 3880 ’τινες

175 3916 281 3985 γὰρ
315 3922 481 3965 ταῦτα
537 3918 625 3966 καὶ
679 3910 815 3966 εἶδον
846 3917 935 3964 καὶ
968 3912 1200 3971 ἡκουσαν
1243 3927 1255 3939 ·
1286 3913 1554 3983 ὑπερφυῶς
1608 3906 1686 3975 δὲ,
1720 3912 1784 3969 ὡς

178 4004 205 4053 6
256 4001 500 4076 Ἀϐραὰμ
547 4007 635 4054 καὶ
686 4005 733 4054 οἱ
785 4001 1153 4074 ἐπισημότεροι
1196 4017 1209 4028 ·
1270 3998 1336 4051 ’Ἡ
1406 3997 1611 4062 Πολλοὶ,
1670 3996 1784 4050 ἀντὶ

175 4100 291 4157 του,
354 4094 561 4151 Πάντες.
617 4090 703 4151 Ὠς
760 4095 818 4143 τό
888 4110 899 4122 ·
955 4094 1055 4142 Καὶ
1118 4087 1425 4161 ἐθεράπευσε
1490 4086 1709 4147 πολλούς
1769 4104 1781 4116 ·

177 4183 381 4240 πάντας
431 4182 533 4252 γὰρ
576 4186 689 4232 τότε
742 4180 1069 4252 ἐθεράπευσε.
1130 4182 1229 4230 Καὶ
1280 4176 1450 4237 πάλιν,
1514 4181 1603 4227 καὶ
1669 4172 1784 4227 δαι-

176 4276 339 4341 μόνια
387 4268 549 4321 πολλὰ
598 4267 817 4331 ἐξέϐαλε.
876 4270 1052 4320 Πάντα
1104 4268 1203 4340 γὰρ
1265 4272 1554 4323 τηνικαῦτα
1616 4263 1784 4326 ἐξέϐα-

176 4358 278 4411 λεν.
306 4357 672 4429 Ἐπεθύμησαν
715 4354 771 4409 δὲ
824 4353 954 4409 ἰδεῖν
1002 4359 1087 4407 τόν
1134 4358 1261 4407 Θεὸν
1320 4354 1786 4427 ἐνανθρωπήσαντα

174 4452 268 4498 καὶ
314 4450 379 4497 τὰ
428 4454 519 4498 τοῦ
567 4454 801 4516 Χριστοῦ
858 4447 1118 4517 θαύματα,
1178 4449 1268 4496 καὶ
1331 4445 1556 4495 ἀκοῦσαι
1623 4443 1783 4494 αὐτοῦ

1894 3278 2223 3348 intelligant
2250 3292 2285 3331 a
2313 3290 2407 3329 me
2428 3271 2592 3345 quod
2635 3286 2786 3341 opus
2837 3269 2947 3333 est,
3008 3263 3168 3319 unde
3212 3265 3557 3317 convertan-

1894 3374 1988 3425 tur
2012 3372 2065 3422 et
2094 3381 2303 3422 sanem
2322 3379 2448 3419 eos.
2486 3364 2635 3437 Nam
2653 3374 2723 3415 ex
2749 3355 2960 3413 Christi
2983 3367 3244 3427 persona
3274 3350 3554 3406 dicuntur

1892 3457 2076 3513 verba
2096 3456 2247 3511 haec.
2290 3449 2530 3507 Addidit
2558 3452 2755 3503 autem
2780 3446 2891 3501 ista
2923 3444 2999 3501 ad
3031 3439 3401 3513 carpendum
3426 3453 3552 3505 eos,

1895 3546 2058 3621 quod
2100 3544 2173 3601 ad
2199 3547 2529 3599 extremam
2567 3535 2916 3593 devenerint
2947 3530 3339 3588 dementiam.

1967 3635 2128 3691 Vers.
2161 3636 2244 3689 16.
2289 3632 2479 3687 Vestri
2504 3659 2573 3669 -—
2612 3626 2886 3683 audiunt.
2938 3620 3188 3687 Felices,
3232 3618 3369 3691 quia
3397 3620 3556 3676 recte

1894 3725 2100 3782 vident
2128 3726 2185 3779 et
2206 3720 2475 3777 audiunt.

1967 3814 2137 3869 Vers.
2163 3813 2252 3866 i7.
2287 3810 2471 3865 Amen
2497 3834 2565 3848 -—-
2590 3803 2938 3862 audierunt.
2968 3798 3142 3865 Multi,
3188 3800 3247 3855 et
3274 3811 3398 3854 non
3427 3811 3560 3853 om-

1894 3920 2004 3961 nes
2043 3921 2057 3971 ;
2087 3901 2338 3976 quidam
2376 3898 2536 3954 enim
2584 3897 2710 3950 haec
2744 3897 2801 3949 et
2830 3892 3108 3947 viderunt
3133 3891 3187 3946 et
3218 3886 3556 3953 audierunt,

1894 3974 2240 4067 quanquam
2280 3989 2341 4044 id
2373 3982 2920 4058 supernaturaliter,
2948 3983 3015 4035 ut
3043 3977 3347 4035 Abraham
3378 3978 3434 4032 et
3453 3974 3561 4048 qui

1894 4081 2247 4153 insigniores
2296 4078 2554 4135 fuerunt.
2605 4075 2721 4129 Aut
2774 4070 2966 4136 multi,
3022 4068 3138 4124 hoc
3190 4071 3278 4123 est
3325 4080 3555 4123 omnes.

1893 4172 2080 4228 Veluti
2126 4185 2263 4225 cum
2311 4166 2569 4237 dicitur:
2602 4165 2677 4219 Et
2734 4160 2968 4217 curavit
3014 4157 3269 4213 multosEI
3301 4170 3316 4221 ;
3349 4168 3561 4210 omnes

1894 4275 2154 4331 namque
2184 4263 2326 4315 tunc
2359 4254 2604 4319 curavit,
2644 4254 2709 4307 ut
2762 4248 2947 4305 habet
3000 4246 3151 4303 alius
3197 4242 3562 4315 evangelista

1894 4356 1958 4408 Et
1983 4365 2218 4406 rursum
2253 4346 2475 4403 ibidem
2506 4360 2516 4400 :
2550 4344 2627 4398 Et
2655 4337 3150 4397 daemoniamulta
3182 4334 3367 4405 ejecz’t.
3398 4334 3560 4388 Tunc

1894 4442 2052 4496 enim
2074 4438 2279 4495 omnia
2313 4435 2501 4506 ejecit.
2562 4430 3059 4487 Desideraverunt
3109 4427 3310 4481 autem
3370 4422 3561 4477 Deum

177 4536 552 4598 διδάσκοντος.
608 4541 734 4599 Τοὺς
792 4542 1061 4612 προφήτας
1112 4533 1171 4589 δὲ
1236 4538 1630 4610 προσηγόρευσε
1694 4538 1782 4585 καὶ

1910 4530 2093 4585 videre
2132 4527 2531 4582 incarnatum:
2587 4518 2920 4590 Christique
2950 4514 3260 4580 miracula,
3329 4515 3385 4569 et
3431 4510 3562 4581 ejus

177 4625 447 4687 δικαίους.
514 4627 585 4681 ’Ἡ
649 4624 890 4688 δικαίους
948 4631 1069 4691 νόει,
1149 4629 1271 4686 τοὺς
1330 4623 1516 4685 ἄλλους
1583 4622 1777 4694 ἁγίους,

176 4721 361 4776 οἵτινες
389 4715 702 4777 ἀκούσαντες
728 4716 841 4787 (18)
886 4718 951 4767 τὰ
994 4719 1222 4787 περὶτοῦ
1254 4719 1487 4785 Χριστοῦ
1512 4714 1652 4782 παρὰ
1682 4720 1779 4763 τῶν

175 4814 460 4881 προφητῶν
528 4804 858 4879 ἐπεθύμησαν
924 4800 1052 4857 ἰδεῖν
1114 4808 1204 4856 καὶ
1271 4801 1495 4854 ἀκοῦσαι
1556 4804 1621 4853 τὰ
1675 4797 1776 4857 δη-

174 4894 245 4946 λω
254 4898 425 4949 θέντα.

248 5140 271 5174 ²
304 5137 524 5195 IITim.
566 5154 621 5203 ll,
663 5140 753 5194 25.
833 5139 1046 5194 3Marc.
1076 5137 1116 5202 i,
1159 5137 1246 5193 34.

1892 4618 2096 4675 audire
2126 4614 2481 4671 doctrinam.
2510 4609 2834 4681 Prophetas
2865 4621 3007 4662 vero
3040 4601 3361 4677 appellavit
3380 4599 3563 4681 etiam

1886 4709 2101 4779 justos.
2132 4709 2244 4761 Aut
2284 4704 2477 4775 justos
2522 4677 2795 4768 intelligit
2846 4700 2900 4751 et
2927 4694 3075 4751 alios
3137 4696 3400 4758 sanctos,
3456 4677 3565 4762 qui

1890 4813 1962 4853 ea
1990 4812 2120 4869 quae
2177 4794 2251 4849 de
2315 4790 2545 4849 Christo
2602 4791 2771 4845 erant
2832 4803 2869 4844 a
2932 4782 3235 4858 prophetis
3308 4779 3564 4837 audien-

1890 4892 1998 4953 tes,
2059 4884 2551 4941 desideraverunt
2601 4878 2801 4936 videre
2862 4880 2920 4934 et
2970 4874 3178 4933 audire
3219 4887 3357 4946 quas
3396 4868 3561 4926 dicta

1893 4979 2054 5032 sunt.

1413 5255 1638 5327 Varias
1666 5252 1996 5324 lectiones
2028 5258 2093 5318 et
2122 5254 2322 5317 notae.

249 5408 368 5553 £16;
403 5410 480 5463 Τὰ
504 5408 793 5488 πράγματα
821 5408 886 5462 Α.

279 5486 341 5536 i7
386 5479 623 5537 Inclusa
652 5493 714 5534 1n
743 5494 886 5546 mari

279 5474 367 5548 i7)
386 5474 630 5537 Inclusa
651 5474 714 5534 in
743 5492 934 5548 marg.
966 5475 1149 5533 habet
1178 5474 1247 5529 A.

243 5660 334 5733 (η)
360 5660 503 5733 Post
519 5659 577 5713 in
602 5656 723 5733 istis
742 5653 1178 5733 haecaddenda
1199 5653 1503 5733 sunt,que_e
1532 5648 1783 5733 fortasse

170 5734 232 5789 in
251 5723 370 5789 suo
401 5732 605 5789 codice
644 5726 964 5784 Hentenius
990 5723 1421 5796 nonnreperit':
1466 5723 1783 5793 Propterea

1970 5393 2083 5467 (18)
2114 5392 2412 5453 Ἀκούοντες
2444 5387 2509 5445 Β.

1894 5646 2072 5702 etiam
2098 5641 2489 5717 ἀναπληροῦται
2510 5635 2773 5717 ἀίξῃ,ῇά
2804 5636 2912 5701 est,
2937 5628 3546 5717 prorsus‘completur,

1894 5722 1996 5775 aut
2034 5704 2420 5788 ἀναπληροῦται
2446 5704 2791 5783 είωριὶόὶῐθι-
2817 5722 2927 5781 pro
2958 5704 3364 5775 completur.»
