4108 6386
501 378 609 442 403
1826 379 2124 439 EUTHYM
2131 379 2152 434 Ι

2267 377 2556 436 IGABENI
3769 382 3874 439 404

573 511 742 567 Vers.
787 507 873 567 18.
910 505 1018 564 Vos
1062 538 1122 548 —
1165 506 1264 580 qui
1289 507 1635 564 seminabat.
1691 509 1828 573 Vos,
1885 505 1991 579 qui
2039 520 2157 561 cre-

2340 504 2508 577 Ὑμεῖς
2603 532 2673 546 -
2778 507 3091 575 σπείροντος.
3188 504 3376 578 Ὑμεῖς,
3461 509 3508 559 οἱ
3602 511 3874 560 πιστεύον-

548 599 663 655 itis.
2271 613 2371 655 τες.

500 599 736 745 ὼῗνῖτε.
769 689 854 743 19.
891 687 1039 744 Cum
1093 687 1278 759 quivis
1332 688 1500 743 audit
1555 718 1623 726 —
1679 687 1884 756 ipsius.
1940 686 2157 741 Verum

2271 613 2371 656 τες.

2346 687 2536 744 Παντὸς
2611 682 2885 744 ἀκούοντος
2949 714 3010 723 -
3073 684 3264 736 αὐτοῦ.
3329 690 3496 758 Λόγον
3550 694 3646 746 τῆς
3714 685 3870 760 βασι-

496 778 666 848 regni
697 777 838 834 dicit
866 777 1116 832 verbum
1151 777 1269 843 Dei,
1305 776 1398 833 vel
1420 777 1670 832 verbum
1705 777 1860 831 ﬁdei.
1889 779 2160 845 Regnum

501 867 659 924 enim
719 871 807 922 est
865 871 919 923 et
974 866 1141 921 ﬁdes.
1219 867 1367 923 Nam
1429 867 1532 938 qui
1590 867 1791 924 credit,
1849 864 2162 921 affectibus

499 956 771 1029 imperat,
835 955 1177 1026 Christoque
1247 960 1598 1025 conregnat.
1689 959 1815 1011 Non
1868 954 2157 1025 intelligit,

496 1045 613 1102 hoc
644 1051 730 1101 est
761 1045 820 1100 in
849 1045 1036 1100 cordis
1069 1045 1430 1116 profundum
1460 1061 1582 1100 non
1626 1045 1850 1116 recipit.
1872 1043 2157 1099 verbum:

500 1134 608 1191 sed
637 1135 782 1190 illud
811 1134 1098 1190 duntaxat
1137 1133 1380 1190 auribus
1412 1134 1684 1206 percipit.
1743 1133 1954 1190 Malum
2000 1149 2158 1200 vero,

500 1223 652 1280 dixit
707 1223 1040 1291 diabolum,
1111 1223 1629 1296 quemadmodum
1704 1223 1913 1295 quinto
1973 1223 2162 1294 capite

493 1313 898 1387 precationem
911 1314 1368 1386 interpretantes
1386 1313 1762 1370 tradidimus.
1780 1312 1947 1384 Rapit
1961 1318 2162 1369 autem

498 1402 667 1476 quod
679 1403 1035 1460 seminatum
1049 1407 1152 1470 est,
1183 1406 1469 1474 tanquam
1490 1403 1549 1459 in
1575 1401 1883 1474 superﬁcie
1907 1402 2162 1473 positum

497 1508 608 1550 nec
637 1492 1025 1552 occultatum.

571 1670 738 1728 Vers.
764 1671 851 1727 19.
881 1669 1070 1725 Hic—
1098 1670 1422 1727 seminatus
1436 1670 1576 1738 fuit.
1595 1669 1932 1725 Seminatur
1957 1684 2160 1726 semen

499 1758 615 1815 hoc
662 1763 754 1816 est
782 1760 837 1816 in
887 1756 1119 1816 terram‘
1151 1759 1495 1831 projicitur:
1533 1760 1862 1816 seminatur
1892 1763 1947 1814 et
1987 1763 2157 1824 terra,

2271 773 2406 834 λείας
2455 779 2605 846 φησὶ,
2667 778 2750 825 τὸν
2813 776 2960 846 λόγον
3009 782 3100 826 τοῦ
3151 783 3304 845 Θεοῦ,
3358 777 3386 835 ἦ
3443 780 3529 828 τὸν
3578 776 3727 849 λόγον
3777 786 3873 839 τῆς

2272 867 2514 924 πίστεως.
2589 862 2834 915 Βασιλεία
2920 865 3041 938 γὰρ,
3115 869 3204 916 καὶ
3284 866 3313 923 ἡ
3392 870 3587 926 πίστις.
3649 864 3706 917 Ὀ
3767 870 3870 940 γὰρ

2273 955 2529 1004 πιστεύων
2585 951 2850 1025 βασιλεύει
2897 957 2986 1025 μεν
3048 956 3183 1006 κατὰ
3245 962 3344 1006 τῶν
3401 958 3600 1023 παθῶν,
3672 955 3875 1029 συμϐα-

2276 1041 2464 1093 σιλεύει
2516 1039 2574 1094 δὲ
2625 1051 2696 1112 τῷ
2745 1051 2980 1116 Χριστῷ.
3043 1048 3128 1102 Μὴ
3163 1049 3417 1107 συνιέντος
3461 1042 3538 1112 δὲ,
3606 1051 3718 1098 αντὶ
3759 1053 3870 1113 τοῦ,

2273 1129 2365 1187 Μὴ
2400 1130 2738 1203 ἐμϐάλλοντος
2777 1137 2862 1185 τὸν
2893 1133 3043 1205 λόγον
3089 1134 3160 1196 εἰς
3187 1138 3244 1186 τὸ
3300 1133 3465 1208 βάθος
3495 1145 3585 1196 τῆς
3622 1133 3871 1211 καρδίας,

2275 1219 2382 1270 ἀλλ’
2449 1221 2620 1284 ἁπλῶς
2682 1222 2833 1274 αύτόν
2887 1221 3272 1296 ἐνωτιζομένου.
3331 1229 3558 1299 Πονηρὸν
3614 1223 3672 1278 δὲ
3715 1226 3870 1297 λέγει,

2273 1312 2358 1360 τὸν
2399 1306 2660 1381 διάϐολον,
2718 1314 2890 1374 καθὼς
2948 1312 2994 1364 ἐν
3053 1322 3124 1383 τῷ
3188 1318 3405 1387 πέμπτῳ
3465 1314 3723 1387 κεφαλαίῳ
3780 1321 3876 1374 την

3501 1405 3736 1478 Αρπάζει
3816 1401 3879 1458 δὲ

2272 1492 2330 1539 τὸ
2391 1487 2726 1562 ἐσπαρμένον,
2785 1494 2853 1553 ὡς
2917 1489 3225 1554 ἐπιπολαίως
3293 1491 3691 1566 ἀκατάκρυπτον
3765 1498 3879 1546 κεί-

2274 1399 2438 1471 εύχήν
2511 1400 2862 1475 ἑρμηνεύοντες
2939 1399 3406 1476 παραδεδώκαμεν.

2271 1596 2436 1648 μενον.

2345 1666 2507 1726 Οὗτος
2548 1698 2612 1706 —-
2665 1673 2898 1740 σπαρείς.
2933 1673 3200 1742 Σπείρεται
3229 1675 3317 1722 καὶ
3357 1671 3382 1722 ὁ
3425 1675 3636 1744 σπόρος,
3686 1675 3873 1743 ἤγουν,

2274 1754 2343 1816 εἰς
2368 1764 2465 1826 γῆν
2519 1756 2912 1809 καταϐάλλει-αι’
2958 1765 3220 1832 σπείρεται
3253 1766 3342 1811 καὶ
3391 1762 3419 1818 ἡ
3454 1769 3544 1832 γῆ,
3578 1766 3870 1828 τουτέστιν,

498 1848 559 1904 id
585 1852 672 1904 est
698 1863 901 1904 semen
953 1849 1214 1920 suscipit,
1251 1848 1388 1904 Ideo
1436 1849 1600 1920 quod
1631 1849 1725 1903 hic
1775 1847 2021 1903 dicitur:
2055 1848 2157 1915 Qui

2273 1841 2590 1916 ὑποδέχεται
2621 1850 2706 1897 τὸν
2760 1851 2968 1918 σπόρον.
3030 1852 3115 1900 Διὸ
3141 1857 3226 1899 νύν
3258 1852 3335 1916 τὸ,
3388 1855 3622 1923 Σπαρεὶς,
3653 1850 3746 1902 ούκ
3785 1848 3872 1902 ἐπὶ

495 1932 804 1995 εεηιίηατιιε
829 1939 970 2008 fuit,
1023 1953 1143 1994 non
1169 1937 1244 1994 de
1270 1937 1499 1994 semine
1531 1937 1928 2008 intelligimus,
1960 1937 2062 1992 sed
2086 1937 2159 1993 de

493 2030 652 2084 terra
685 2042 794 2083 :ac
833 2027 881 2081 si
928 2025 1126 2082 dicat:
1164 2025 1263 2081 Hic
1303 2031 1390 2082 est
1435 2025 1610 2097 juxta
1663 2026 1823 2082 viam
1865 2027 2160 2083 seminata

494 2117 672 2182 terra,
706 2120 763 2170 et
792 2114 954 2171 idem
985 2114 1045 2170 in
1075 2113 1317 2187 reliquis
1350 2113 1693 2170 dicendum.

567 2207 733 2260 Vers.
763 2207 853 2259 20.
879 2196 1003 2270 Qui
1049 2219 1186 2260 vero
1217 2234 1285 2242 —
1315 2210 1422 2260 est.
1481 2205 1623 2269 Quae
1675 2214 1814 2260 vero
1863 2205 2032 2276 juxta
2060 2220 2160 2275 pe-

494 2296 658 2352 trosa
698 2294 1034 2350 seminatur
1069 2297 1242 2358 terra,
1285 2292 1380 2348 hic
1410 2296 1497 2350 est
1552 2293 1621 2348 de
1675 2293 1840 2365 quod
1888 2293 2156 2350 dicturus

495 2386 602 2440 est.

564 2472 849 2530 Vers.20.
878 2471 991 2540 Qui
1028 2471 1267 2529 verbum
1298 2503 1366 2510 —
1399 2476 1482 2528 est
1534 2471 1720 2529 Antea
1765 2471 2030 2529 radicem
2076 2475 2155 2530 di-

491 2563 695 2620 ximus
738 2577 864 2618 esse
911 2561 1277 2619 ﬁrmitatem.
1320 2560 1761 2632 Temporarium
1794 2578 1936 2619 vero
1988 2563 2152 2620 dixit.

492 2652 664 2709 facile
718 2650 1089 2707 mutabilem.
1152 2651 1263 2717 Qui
1311 2650 1472 2706 enim
1519 2651 1665 2706 dum
1720 2652 1962 2708 docetur
2018 2653 2159 2709 faci-

490 2743 546 2798 l‘e
601 2740 846 2798 verbum
886 2740 1154 2813 suscipit,
1184 2740 1362 2797 etiam
1389 2755 1517 2796 cum
1559 2745 1814 2797 tentatur
1857 2741 2024 2798 facile
2072 2759 2158 2799 re-

487 2831 634 2903 jicit.

561 2919 724 2976 Vers.
779 2920 871 2978 21.
927 2920 1107 2977 Facta
1152 2951 1221 2959 —
1280 2920 1604 2989 offenditur.
1681 2921 1937 2976 Verbum
1995 2937 2156 2976 nunc

490 3007 632 3064 dicit
656 3007 816 3074 illud,
868 3007 1034 3080 quod
1065 3011 1156 3065 est
1201 3008 1275 3064 de
1302 3007 1440 3064 ﬁde.
1477 3009 1698 3065 Luccas
1730 3015 1943 3076 autem,
2004 3009 2152 3066 afﬂi-

490 3098 749 3155 ctionem
777 3113 846 3153 ac
879 3097 1376 3169 persecutionem,
1399 3113 1519 3154 uno
1551 3098 1734 3153 verbo
1765 3101 2153 3156 tentationem

489 3187 816 3260 appellavit
858 3187 880 3222 ⁴
928 3203 942 3244 :

487 3277 784 3335 Recedunt

559 3367 722 3422 Vers.
755 3368 842 3420 22.
891 3366 1005 3434 Qui
1026 3369 1214 3422 autem
1246 3395 1311 3405 —
1342 3371 1446 3422 est.
1473 3367 1647 3422 Terra
1677 3382 1812 3439 quae
1838 3366 1995 3424 circa
2042 3368 2156 3441 spi-

488 3469 600 3512 nas
627 3455 922 3510 seminata
961 3458 1067 3518 est,
1099 3453 1194 3508 hic
1226 3457 1518 3526 estquem
1557 3455 1825 3510 dicturus
1865 3459 1972 3511 est.

559 3544 725 3601 Vers.
759 3543 848 3598 22.
867 3543 980 3610 Qui
991 3543 1234 3599 verbum
1261 3573 1328 3582 —
1349 3543 1616 3613 efﬁcitur.
1649 3543 1882 3599 Marcus
1904 3561 2045 3602 vero
2058 3545 2156 3602 de-

491 3632 750 3704 ceptioni
781 3631 1009 3687 addidit
1039 3635 1095 3687 et
1151 3639 1498 3688 caeterarum
1547 3647 1746 3687 rerum
1777 3633 2154 3704 cupiditates,

490 3721 892 3792 complectens
908 3736 1075 3776 omne
1090 3721 1358 3776 nocivum
1373 3721 1736 3777 desiderium
1751 3725 1790 3777 ⁵.
1815 3725 2000 3779 Lucas
2013 3740 2156 3794 quo-

489 3826 606 3883 que
638 3809 904 3866 similiter
935 3810 1318 3868 sollicitudini
1369 3811 1742 3883 voluptatem
1774 3813 2080 3884 conjunxit
2113 3817 2152 3867 ⁸.

492 3899 702 3957 8ωοιηὶ
735 3904 933 3956 autem
965 3901 1170 3970 hujus,
1199 3900 1313 3956 hoc
1345 3905 1431 3956 est
1462 3901 1591 3956 vita:
1636 3901 1836 3972 hujus.
1870 3906 1963 3958 Est
2007 3903 2159 3959 enim

490 3997 546 4049 et
577 3990 693 4048 alia
714 3991 855 4056 vita,
891 3990 1089 4047 futura
1119 3992 1262 4058 vita,
1295 4007 1430 4064 quae
1485 3991 1723 4064 proprie
1754 3995 1875 4050 vita
1914 3993 2154 4051 dicitur,

489 4085 695 4154 utpote
720 4096 857 4153 quae
887 4096 1124 4153 semper
1162 4081 1359 4147 durat,
1388 4097 1498 4138 nec
1525 4081 1712 4138 ﬁnem
1737 4083 1934 4140 habet.

558 4259 726 4316 Vers.
751 4259 840 4314 23.
895 4257 1207 4324 Qui—hic
1269 4263 1372 4324 est,
1425 4258 1603 4315 Terra
1643 4274 1780 4316 vero
1820 4277 1952 4331 quas
1979 4262 2152 4333 juxta

485 4353 708 4406 terram
764 4348 983 4405 bonam
1054 4347 1343 4405 seminata
1400 4352 1505 4412 est,
1567 4347 1664 4404 hic
1709 4353 1803 4406 est
1838 4350 1944 4422 qui
1970 4351 2148 4421 signi-

485 4437 782 4505 ﬁcabitur,

558 4526 721 4620 γεγε,
783 4525 870 4620 22.
925 4525 1038 4620 Qui
1083 4525 1434 4620 verbum:-
1491 4526 1777 4620 intelligit.
1832 4527 1939 4620 Qui
1985 4530 2152 4587 intel-
2184 4566 2227 4620 Π

483 4613 631 4685 ligit,
662 4614 783 4668 sive
816 4614 874 4669 in
906 4614 1202 4686 profundo
1233 4613 1427 4670 cordis
1459 4615 1792 4683 abscondit,
1829 4618 1928 4673 ubi
1956 4620 2150 4676 nullas

484 4704 610 4776 pati
635 4703 1099 4774 possitinsidias.
1118 4705 1256 4759 Ideo
1282 4719 1524 4776 quoque
1551 4706 1780 4761 Marcus
1806 4707 1945 4762 dicit
1978 4727 1990 4763 :
2038 4711 2154 4777 Qui

483 4792 723 4848 verbum
752 4793 1010 4849 audiunt
1040 4801 1093 4849 et
1124 4793 1412 4862 recipiunt
1445 4796 1463 4828 ⁷
1496 4797 1746 4850 Rursum
1783 4798 1968 4852 Lucas
1996 4818 2006 4856 :
2041 4799 2151 4866 Qui

485 4882 547 4937 in
579 4881 757 4938 corde
786 4882 1022 4938 honesto
1079 4898 1149 4938 ac
1200 4883 1340 4939 bono
1392 4884 1652 4940 auditum
1704 4901 2027 4942 sermonem
2068 4904 2152 4941 re-

484 4971 672 5028 tinent
699 4972 741 5026 ⁸.
771 4972 884 5028 Cor
909 4986 1044 5028 vero
1071 4972 1338 5030 animam
1371 4980 1433 5030 ut
1472 4974 1799 5046 plurimum
1843 4991 2017 5032 sacra
2047 4992 2150 5048 ap-

481 5060 665 5135 pellat
691 5060 1009 5134 Scriptura.

1085 5241 1107 5278 δ
1129 5241 1310 5300 Marc.
1330 5239 1405 5311 iv,
1439 5241 1528 5300 19.

553 5239 576 5278 ⁴
602 5241 740 5298 Luc.
771 5256 889 5310 xm,
924 5240 1007 5299 t3.
1085 5241 1107 5278 ⁵
1129 5241 1310 5300 Marc.
1330 5239 1405 5311 iv,
1439 5241 1528 5300 19.
1605 5243 1627 5278 ⁸
1655 5244 1792 5300 Luc.
1833 5246 1954 5311 vui,
1983 5244 2069 5303 44.

988 3191 1044 3245 et
1112 3187 1245 3244 loco
1309 3186 1477 3244 verbi
1527 3187 1926 3244 Otfenduntur
1985 3189 2150 3256 dixit,
2187 3210 2227 3268 α
2268 3205 2377 3240 σεν.

2270 1941 2360 1985 τοῦ
2391 1940 2586 2006 σπόρου
2609 1943 2838 2007 νοοῦμεν,
2868 1936 2975 1987 αλλ’
3002 1936 3083 1989 ἐπὶ
3113 1946 3204 1998 τῆς
3233 1940 3675 2009 γῆς.Οῐον,οὖτό;
3706 1939 3869 2007 ἐστιν,

2270 2025 2299 2082 ἡ
2325 2025 2459 2075 κατὰ
2489 2029 2580 2082 τὴν
2607 2021 2730 2076 ὁδὸν
2773 2033 3034 2099 σπαρείσα
3064 2035 3155 2098 γῆ.
3219 2033 3382 2080 Τοῦτο
3448 2025 3506 2080 δὲ
3535 2033 3623 2080 καὶ
3653 2031 3735 2080 ἐπὶ
3766 2037 3871 2080 τῶν

2269 2112 2430 2164 ἄλλων
2446 2159 2456 2169 ,

2339 2202 2396 2254 Ὸ
2428 2199 2486 2255 δὲ
2508 2233 2576 2243 -
2607 2202 2762 2258 ἐστίν.
2795 2203 2852 2256 Ἠ
2883 2201 2942 2257 δὲ
2963 2207 3111 2267 ςκατά
3136 2208 3201 2259 τὰ
3229 2203 3469 2282 πετρώδη
3515 2215 3774 2283 σπαρείσα
3794 2215 3867 2280 γῆ

2267 2290 2440 2361 πάλιν,
2465 2292 2615 2354 οὗτος
2647 2292 2806 2360 ἐστιν,
2835 2299 2952 2368 περὶ
2975 2295 3034 2347 οὗ
3056 2294 3223 2365 μέλλει
3255 2295 3402 2371 ἐρεῖν.

2336 2469 2394 2520 '0
2461 2474 2547 2522 τὸν
2616 2471 2765 2544 λόγον
2842 2504 2907 2512 ——
2993 2472 3124 2528 ἐστί.
3197 2474 3540 2548 Προλαϐοντες
3592 2476 3873 2551 εἰρήκαμεν

2265 2559 2439 2634 ῥίζαν,
2494 2565 2587 2619 τὴν
2620 2562 2731 2632 (19)
2766 2558 3067 2635 ἐδραίωσιν,
3107 2568 3425 2638 πρόσκαιρον
3480 2562 3539 2617 δὲ
3579 2565 3735 2637 λέγει,
3778 2570 3873 2618 τὸν

2268 2649 2688 2722 εύμετάτρεπτον,
2751 2653 2889 2713 ὅστις
2927 2658 3016 2705 καὶ
3068 2652 3116 2704 ἐν
3171 2663 3242 2725 τῷ
3297 2651 3672 2718 διδάσκεσθαι,
3717 2655 3872 2718 εύθύς

2265 2737 2533 2810 λαμϐάνει,
2599 2746 2685 2792 καὶ
2751 2739 2798 2792 ἐν
2871 2751 2942 2813 τῷ
2990 2744 3350 2816 πειράζεσθαι,
3437 2744 3584 2806 εύθύς
3638 2743 3873 2797 αποϐάλ-

2264 2827 2357 2880 λει.

2338 2922 2614 2991 Γενομένης
2701 2950 2769 2960 --
2852 2917 3280 2992 σφανδαλίζεται.
3366 2927 3531 2995 Λόγον
3592 2931 3699 2989 νῦν,
3777 2929 3868 2976 τὸν

2266 3015 2359 3068 τῆς
2417 3013 2637 3068 πίστεως
2685 3008 2837 3081 λέγει.
2893 3009 2950 3061 Ὀ
3011 3007 3069 3063 δὲ
3136 3017 3342 3073 Λουκᾶς
3392 3017 3485 3070 τὴν
3558 3013 3728 3084 θλῖψιν
3774 3019 3868 3068 καὶ

2264 3099 2352 3148 τὸν
2401 3093 2654 3170 διωγμὸν,
2724 3099 3105 3172 περιληπτικῶς
3161 3105 3450 3174 πειρασμὸν
3504 3108 3863 3177 προσηγόρευ-

2471 3186 2609 3241 Ἀντὶ
2689 3185 2748 3241 δὲ
2817 3197 2908 3242 τοῦ
2985 3187 3445 3256 Σκανδαλίζονται,
3520 3192 3865 3264 Ἀφίστανται

2266 3273 2394 3331 εἷπε.

2335 3365 2392 3418 Ὀ
2420 3362 2480 3418 δὲ
2508 3397 2571 3406 -
2596 3365 2757 3425 ἐστίν.
2779 3367 2837 3420 Ἠ
2871 3365 2930 3422 δὲ
2950 3371 3083 3420 κατὰ
3105 3371 3194 3430 τὰς
3225 3367 3450 3432 ἀκάνθας
3481 3379 3742 3446 σπαρεῐσα
3769 3382 3865 3444 γῆ,

2267 3455 2417 3515 οὗτός
2447 3455 2608 3527 ἐστιν,
2651 3459 2703 3508 ὃν
2735 3456 2853 3531 ἐρεῖ.

2335 3545 2393 3596 Ὁ
2437 3549 2520 3598 τὸν
2568 3545 2718 3618 λόγον
2772 3579 2839 3586 -
2885 3551 3103 3617 γίνεται.
3161 3546 3218 3599 Ὀ
3271 3544 3328 3602 δὲ
3356 3550 3566 3622 Μάρκος
3599 3558 3660 3622 τῇ
3693 3552 3868 3624 ἀπάτη

2266 3637 2606 3706 προσέθηκεν,
2665 3638 2745 3687 ὅτι
2819 3641 2908 3687 καὶ
2962 3638 3172 3711 αἱπερὶ
3237 3641 3299 3690 τὰ
3355 3638 3510 3690 λοιπὰ
3571 3639 3873 3711 ἐπιθυμίαι,

2270 3725 2663 3796 συμπεριλαϐὼν
2729 3732 2902 3778 πᾶσαν
2987 3724 3242 3798 βλαϐερὰν
3306 3725 3602 3800 ἐπιθυμίαν.
3685 3734 3784 3781 Καὶ
3842 3732 3872 3782 ὀ

2268 3819 2472 3874 Λουκᾶς
2522 3812 2579 3866 δε
2611 3817 2800 3886 ὁμοίως
2961 3821 3180 3888 μερίμνη
3223 3822 3311 3868 καὶ
3343 3822 3435 3875 τὴν
3463 3815 3658 3875 ἡδονὴν
3719 3824 3873 3872 συνέ-

2268 3903 2413 3964 ζευξε
2438 3905 2572 3975 (20),
2614 3911 2716 3956 Τού
2754 3905 2929 3964 αἰῶνος
2962 3901 3020 3956 δὲ
3059 3908 3265 3970 τούτου,
3297 3904 3406 3958 ἀντὶ
3435 3913 3543 3970 τοῦ,
3576 3914 3682 3969 Τῆς
3727 3908 3870 3971 ζωῆς

2265 3996 2474 4052 ταύτης.
2508 3993 2658 4046 ’Ἐστι
2702 3996 2802 4068 γὰρ
2839 3999 2927 4045 καὶ
2959 3993 3104 4053 ἄλλος
3131 3994 3276 4062 αἰὼν,
3323 3997 3351 4053 ἡ
3385 3995 3642 4062 μέλλουσα
3675 3999 3805 4062 ζωὴ,
3838 3999 3866 4048 ὁ

2263 4087 2452 4154 κυρίως
2491 4083 2637 4148 αἰὼν,
2690 4087 2757 4143 ὡς
2806 4081 2882 4135 ἀεὶ
2945 4084 3010 4133 ὡν
3077 4088 3166 4136 καὶ
3229 4081 3494 4156 μηδέποτε
3551 4088 3868 4158 περατούμε-

2261 4191 2360 4232 νος.

2332 4260 2388 4313 Ὀ
2451 4293 2518 4301 -
2580 4261 2722 4321 οὗτός
2797 4260 2955 4314 ἐστιν·
3023 4261 3081 4314 Ἡ
3147 4258 3206 4315 δὲ
3266 4264 3401 4315 κατὰ
3464 4267 3556 4321 τὴν
3617 4272 3714 4335 γῆν
3771 4268 3867 4322 τὴν

2261 4349 2421 4409 καλὴν
2490 4359 2752 4424 σπαρεῖσά
2835 4359 2928 4423 γῆ,
2977 4347 3122 4412 οὗτος
3177 4352 3338 4418 ἐστιν,
3404 4354 3429 4404 ὁ
3495 4352 3862 4426 ὸηλωθησὸμε·

2261 4460 2366 4500 νος.

2331 4529 2389 4581 Ὀ
2414 4531 2500 4580 τὸν
2525 4528 2676 4600 λόγον
2701 4560 2768 4568 -
2804 4535 2991 4581 συνιών
3019 4529 3152 4600 (⁵21).
3192 4534 3400 4597 Συνιὼν,
3431 4534 3612 4602 ἤγουν,
3645 4530 3870 4605 ἐγκρύπ-

2261 4638 2359 4670 των
2385 4626 2457 4688 τῷ
2487 4617 2638 4690 βάθει
2686 4626 2777 4680 τῆς
2823 4615 3049 4692 καρδίας
3103 4618 3545 4674 ἀνεπιϐούλευτον.
3590 4624 3676 4672 Διὸ
3721 4626 3810 4672 καὶ
3842 4623 3869 4672 ὁ

2262 4709 2473 4780 Μάρκος
2502 4704 2655 4770 εἶπεν,
2691 4709 2886 4768 Οῖτινες
2927 4707 3177 4760 ἀκούουσι
3223 4712 3308 4760 τὸν
3351 4709 3500 4780 λόγον
3523 4707 3868 4783 καὶπαραδέ-

2260 4816 2449 4868 χονται
2525 4801 2622 4848 Καὶ
2677 4799 2700 4848 ο
2739 4802 2944 4856 Λουκᾶς
2995 4793 3053 4848 δὲ
3110 4797 3261 4849 πάλιν
3305 4819 3316 4830 ο
3355 4801 3554 4858 Οῖτινες
3597 4797 3644 4848 ἐν
3669 4795 3871 4870 καρδίᾳ

2260 4886 2387 4958 καλῇ
2415 4890 2502 4938 καὶ
2528 4885 2720 4958 ἀγαθῇ,
2756 4886 3064 4947 ἀκούσαντες
3086 4891 3170 4939 τὸν
3200 4887 3368 4958 λόγον,
3392 4893 3702 4959 κατέχουσι.
3730 4895 3868 4962 Καρς

2262 4973 2380 5028 δίαν
2414 4971 2492 5039 δὲ,
2526 4980 2618 5034 τὴν
2643 4975 2849 5047 ψυχὴν,
2875 4979 2941 5038 ὡς
2975 4975 3057 5028 ἐπὶ
3088 4981 3146 5028 τὸ
3185 4977 3425 5030 πλεῖστον
3464 4980 3489 5036 ἡ
3532 4979 3642 5030 θεία
3682 4983 3860 5050 Γραφὴ

2257 5068 2654 5139 προσαγορεύει.

2149 5245 2171 5282 ⁷
2198 5247 2374 5303 Marc.
2405 5261 2481 5311 1v,
2509 5248 2598 5301 20.
2627 5244 2648 5280 ⁸
2679 5245 2818 5301 Luc.
2862 5258 2976 5310 vm,
3011 5245 3099 5301 15.

1683 5425 1908 5495 Variae
1949 5424 2281 5495 lectiones
2330 5432 2396 5492 et
2437 5434 2640 5493 notae.

579 5613 646 5669 19
692 5612 840 5670 Vide
863 5613 1409 5690 interpretationem
1462 5635 1531 5677 ca
1589 5665 1600 5676 .
1640 5637 1754 5688 xm,
1786 5637 1940 5678 vers.
1981 5623 2017 5677 6

554 5612 668 5758 E28;
705 5685 998 5758 Συνέσμιξε.
1043 5688 1136 5747 Sic
1197 5693 1364 5754 Forte
1426 5635 1686 5752 εει-ὥρη
1759 5693 1952 5752 voluit

579 5685 667 5758 28)
705 5685 1136 5761 Συνέσμέιᾞὲο
1197 5693 1364 5754 Forte
1426 5685 1686 5752 scribere
1739 5685 1952 5752 voluit
2027 5713 2146 5748 συνο

2256 5621 2509 5695 ἐμιξε.Α.

2331 5694 2443 5767 (21)
2477 5701 2664 5749 Συνιῶν
2691 5697 2756 5750 Α.
