4108 6400
229 388 344 445 405
1201 385 1562 444 COMMENT.
1605 384 1678 441 IN
1719 382 2162 441 MATTHEUM.
2204 414 2275 426 —
2318 382 2477 442 CAP.
2520 380 2665 439 XIII.
3516 380 3625 440 406

310 513 406 576 ’ος
425 544 491 555 -
508 514 813 586 τριάκοντα.
841 519 1021 566 Ταῦτα
1036 512 1373 587 προλαϐόντες
1397 512 1602 575 ἐντελῶς
1620 509 1655 566 δ
1660 533 1709 571 ιη
1716 532 1845 586 ρμη-
1880 510 1927 566 Α

2031 512 2197 567 Vers.
2232 511 2321 565 25.
2352 509 2466 576 Qui
2493 540 2559 550 —
2593 508 3015 579 trigecuplum.
3047 508 3175 562 Haac
3200 503 3260 562 in
3288 505 3624 579 prmeeden-

233 606 490 674 νεύσαμεν
519 599 756 676 ἀνωτέρω
768 645 779 655 .

1954 601 2114 657 tibus
2138 599 2393 671 perfecte
2418 614 2629 654 sumus
2659 596 3049 669 interpretati.

310 692 499 749 ⁴Αλλην
567 724 634 733 -
697 691 743 744 ἐν
806 701 876 763 τῷ
934 692 1075 766 ἀγρῷ
1152 693 1332 749 αὐτοῦ.
1406 692 1677 745 Βασιλείαν
1747 701 1843 744 τῶν

2026 690 2189 745 Vers.
2230 689 2318 744 24.
2350 689 2548 744 Aliam
2580 718 2647 727 —
2676 702 2817 757 agro
2862 702 2987 741 suo.
3026 686 3297 756 Regnum
3326 686 3616 744 caelorum

234 782 486 853 ούρανών,
551 781 731 833 ἑαυτὸν
790 782 1028 854 ὀνομάζει
1084 791 1191 847 νῦν,
1253 783 1393 842 ὅστις
1446 784 1687 854 ὡμοιώθη
1750 781 1841 832 ἁν-

1998 795 2110 834 unc
2146 779 2413 850 seipsum
2442 777 2710 833 nominat
2748 776 2850 848 qui
2881 780 3199 847 assumpta
3224 791 3397 832 carne
3425 776 3613 832 homi-

236 872 449 943 θρώπῳ,
506 869 929 938 ἐνανθρωπὴσας.
993 872 1074 924 Ἐν
1127 874 1416 944 ὁμοιώματι
1481 875 1603 945 γὰρ,
1660 877 1837 943 φησιν,

1996 869 2011 923 i
2071 868 2433 923 assimilatus
2482 872 2596 922 est.
2656 866 2729 921 In
2789 865 3200 929 similitudine,
3252 865 3466 937 inquit,
3518 866 3613 922 ho-

233 958 509 1034 ἀνθρώπου
596 964 882 1031 γενόμενος.
965 961 1128 1014 Καλὸν
1207 958 1265 1013 δὲ
1347 965 1572 1035 σπέρμα,
1652 965 1839 1033 τρόπον

1986 959 2177 1013 tinum
2204 958 2404 1026 factus
2432 958 2473 1010 θ.
2510 958 2722 1011 Semen
2773 960 2972 1010 autem
3000 954 3231 1009 bonum
3277 954 3392 1010 alio
3424 956 3608 1012 modo

230 1048 400 1119 ἕτερον
480 1048 707 1117 ἐκάλεσε,
792 1055 911 1112 τοὺς
996 1052 1135 1111 υἱούς
1218 1059 1309 1111 τῆς
1390 1050 1683 1123 βασιλείας,
1771 1056 1840 1111 ώς

1993 1046 2100 1101 lios
2170 1046 2337 1116 regni
2397 1045 2645 1109 vocavit,
2703 1047 2871 1115 prout
2930 1044 3059 1115 ipse
3120 1043 3517 1115 interrogatus
3572 1061 3608 1103 a

227 1136 390 1199 αύτὸς
481 1140 817 1211 ἡρμήνευσεν,
910 1139 1185 1215 ἐρωτηθεὶς
1264 1144 1407 1214 παρὰ
1484 1148 1583 1191 τῶν
1664 1142 1833 1210 μαθηο

1992 1135 2253 1207 iscipulis
2286 1136 2707 1207 interpretatus
2738 1136 2846 1197 est,
2874 1132 3396 1205 quemadmodum
3453 1134 3607 1191 dice-

225 1233 348 1289 τῶν,
431 1231 550 1299 περί
640 1228 705 1277 ὧν
787 1226 995 1302 ἐροῦμεν
1086 1228 1188 1280 ἐκεῖ
1285 1234 1563 1300 γενόμενοι.
1654 1229 1835 1300 Ἀγρὸς

1980 1242 2102 1293 nus,
2158 1242 2297 1281 cum
2355 1240 2424 1280 eo
2493 1223 2963 1295 pervenerimus.
3019 1224 3172 1294 Ager
3235 1238 3377 1279 vero
3452 1224 3602 1295 ejus,

226 1310 289 1365 δὲ
346 1314 509 1366 αὐτοῦ
560 1315 704 1367 ἐστιν
761 1318 786 1368 ό
853 1323 1069 1389 κόσμος,
1136 1320 1204 1380 ὡς
1259 1324 1459 1390 κτὶσμα
1513 1322 1603 1369 καὶ
1658 1326 1836 1389 κτῆμα

1971 1316 2211 1371 nundus
2243 1318 2347 1379 est,
2396 1319 2683 1386 tanquam
2714 1316 2982 1369 creatura
3012 1326 3082 1367 ac
3112 1311 3412 1383 possessio
3439 1312 3593 1384 ejus.

222 1422 408 1458 αντου.

298 1493 386 1547 Ἐν
433 1488 491 1545 δι
529 1500 602 1563 τῷ
654 1491 925 1548 καθεύδειν
969 1526 1037 1537 -
1082 1495 1301 1555 ἀπῆλθε,
1346 1500 1691 1570 Προασγορεύει
1740 1493 1831 1549 διὰ

2013 1495 2170 1549 Vers.
2196 1494 2283 1547 25.
2319 1490 2758 1547 Dormientibus
2782 1497 2980 1548 autem
3022 1520 3093 1532 —
3122 1490 3291 1547 abiit.
3335 1493 3464 1547 Haec
3493 1507 3600 1563 pa-

222 1588 314 1640 τῆς
393 1582 686 1655 παραϐολῆς
760 1587 975 1650 ταύτης,
1055 1590 1146 1643 τὴν
1229 1581 1473 1660 δευτέραν
1554 1585 1830 1645 ἐπιϐουλὴν

1975 1581 2146 1639 abola
2166 1581 2378 1637 alteras
2400 1579 2619 1636 diaboli
2636 1579 2890 1635 insidias
2912 1580 3242 1637 denuntiat.
3269 1580 3415 1636 Cum
3436 1579 3597 1637 enim

218 1675 312 1721 τοῦ
363 1666 631 1725 διαϐόλου.
680 1671 840 1724 Ὀταν
882 1677 982 1746 γὰρ
1014 1670 1103 1746 ἴδῃ
1146 1680 1239 1733 τὴν
1288 1675 1448 1732 καλὴν
1489 1684 1588 1746 ’γῆν
1638 1696 1829 1749 καρπο-

1974 1688 2157 1727 erram
2186 1671 2415 1726 bonam
2449 1668 2660 1724 viderit
2684 1668 2941 1724 fructum
2972 1669 3303 1740 producere
3329 1674 3433 1726 aut
3464 1685 3596 1727 cen-

221 1766 485 1832 φοροῦσαν
536 1759 583 1811 ἐν
641 1761 840 1826 ἑκατὸν,
892 1768 981 1814 καὶ
1034 1763 1083 1814 ἐν
1134 1762 1398 1827 ἐξήκοντα,
1449 1770 1535 1816 καὶ
1588 1764 1635 1815 ἐν
1686 1768 1829 1838 τριά-

1974 1761 2172 1832 aptum
2228 1765 2329 1817 aut
2370 1758 2857 1829 sexagecuplum,
2900 1762 3002 1813 aut
3035 1758 3444 1830 trigecuplum,
3485 1774 3596 1816 nec

216 1867 399 1911 κοντα,
446 1853 517 1920 μὴ
572 1846 856 1922 δυνάμενος
901 1850 1077 1903 λοιπὸν
1122 1856 1150 1911 ἦ
1203 1852 1439 1925 ἁρπάσαι
1487 1857 1572 1905 τὸν
1612 1860 1822 1927 σπόρον,

1971 1866 2110 1905 nosse
2150 1864 2212 1905 se
2238 1852 2340 1905 aut
2372 1862 2575 1903 semen
2605 1861 2836 1919 rapere,
2861 1850 2960 1902 aut
2991 1847 3153 1918 quod
3189 1847 3593 1917 germinatum

218 1941 249 1995 ἦ
296 1937 536 2008 φλογίσαι
584 1944 639 1991 τό
671 1938 1004 2011 βλαστῆσαν,
1052 1943 1080 2000 ἦ
1136 1939 1414 2004 ἀποπνίξαι
1460 1943 1605 2007 αὐτὸ,
1641 1940 1822 1995 δευτέ-

1971 1945 2020 1995 st
2052 1954 2218 1995 urere
2245 1937 2338 1993 vel
2379 1936 2692 2001 suffocare,
2731 1935 3029 1991 secundas
3066 1935 3413 2006 aggreditur
3451 1936 3593 1992 insi-

210 2045 312 2098 ραν
360 2031 561 2097 μέτεισι
616 2034 885 2100 μηχανὴν,
940 2036 1029 2082 καὶ
1078 2034 1146 2091 ὡς
1193 2029 1385 2102 ἐχθρὸς
1432 2040 1522 2084 τοῦ
1565 2040 1816 2105 γεωργοῦ,

1970 2031 2083 2092 .ias,
2106 2033 2162 2083 et
2192 2032 2481 2099 tanquam
2508 2026 2634 2096 ejus
2664 2025 2767 2097 qui
2802 2024 3111 2081 seminavit
3148 2025 3443 2092 inimicus,
3500 2026 3592 2081 ni-

215 2113 514 2177 σπουδάζει
564 2114 865 2192 διαφθεῖραι
911 2122 999 2171 τὸν
1050 2124 1200 2172 πόνον
1254 2120 1433 2187 αὐτού,
1490 2126 1578 2173 καὶ
1629 2142 1819 2194 κοιμω-

1976 2124 2067 2174 tur
2094 2117 2230 2173 ilius
2268 2116 2538 2171 laborem
2570 2113 2858 2186 perdere:
2896 2113 3450 2187 dormientibusque
3488 2115 3591 2171 ho—

208 2208 377 2276 μένων
468 2213 568 2257 τῶν
657 2205 959 2279 ἀνθρώπων,
1056 2208 1239 2278 foe/0w,
1342 2209 1818 2284 ἀφροντιστούντων

1967 2206 2193 2269 niuibus,
2226 2205 2349 2260 sive
2378 2220 2586 2259 curam
2633 2203 2791 2259 circa
2818 2202 2948 2272 agri
3007 2203 3344 2259 custodiam
3391 2203 3589 2261 remit-

206 2297 329 2365 περὶ
378 2298 467 2351 τὴν
512 2296 624 2363 (22)
677 2295 907 2367 φυλακήν
951 2304 1042 2348 τοῦ
1092 2296 1274 2372 ἀγροῦ·
1319 2297 1548 2370 ἐμφαίνει
1598 2296 1656 2352 δὲ
1702 2304 1818 2362 τοὺς

1963 2296 2185 2352 antibus
2217 2295 2458 2366 (indicat
2489 2300 2685 2349 autem
2737 2297 3129 2364 praeceptores
3158 2296 3215 2348 et
3243 2292 3585 2364 magistros,

208 2378 596 2450 διδασκάλους,
628 2388 746 2445 τοὺς
796 2385 1021 2457 φύλακας
1063 2394 1159 2437 τῶν
1208 2384 1517 2458 ὀρθοδὸξων·
1566 2388 1817 2462 ἐνσπείρει

1973 2385 2031 2440 ui
2062 2384 2534 2441 orthodoxorum
2567 2385 2709 2437 sunt
2734 2381 3035 2453 custodes)
3074 2382 3482 2438 interseminat
3510 2383 3589 2439 zi-

190 2473 444 2537 .ζιζάνια,
506 2477 794 2541 τουτέστιν,
852 2477 1164 2547 αἰρετικούς,
1237 2477 1429 2547 μεταξύ
1496 2485 1590 2529 τῶν
1662 2478 1812 2553 ὀρθο-

1966 2475 2118 2540 ania,
2153 2474 2267 2530 hoc
2315 2477 2407 2530 est
2446 2471 2753 2527 haereticos
2802 2471 2954 2526 inter
2988 2468 3352 2527 orthodoxos
3386 2488 3401 2526 :
3447 2487 3588 2529 nam

210 2556 406 2622 δόξων,
448 2564 668 2623 Τούτους
695 2566 797 2636 γὰρ
829 2563 1065 2637 ὠνόμασε
1092 2571 1254 2632 σῖτον,
1288 2570 1354 2627 ὡς
1382 2566 1714 2641 εὐχρηστους
1744 2576 1816 2639 τῷ

1970 2580 2037 2620 os
2070 2563 2331 2620 triticum
2360 2561 2706 2626 nominavit,
2740 2563 3031 2633 tanquam
3056 2560 3110 2617 ei
3140 2559 3243 2631 qui
3271 2560 3588 2619 seminavit

215 2654 510 2723 σπείραντι.

490 2693 510 2705 η.
1925 2652 2112 2709 utiles.

284 2738 408 2791 Ὅτε
478 2770 548 2781 —
617 2741 847 2802 ζιζάνια.
902 2740 1101 2815 Ὠσπερ
1162 2743 1250 2795 οὖν
1315 2744 1427 2815 (23)
1494 2747 1558 2797 τά
1606 2746 1819 2807 ζιζάνια

1999 2742 2162 2796 Vers.
2191 2740 2279 2795 26.
2322 2740 2469 2796 Cum
2498 2769 2567 2779 —
2597 2738 2852 2795 zizania.
2886 2737 3414 2805 Quemadmodum
3443 2738 3585 2796 ziza-

214 2826 419 2880 ἐοίκασι
472 2832 562 2901 μεν
632 2837 701 2899 τῷ
756 2835 900 2902 σίτῳ,
970 2834 1104 2883 κατὰ
1155 2836 1247 2890 τὴν
1313 2833 1571 2905 καλάμην,
1650 2834 1819 2888 ἀπεοί-

1970 2830 2029 2885 ia
2095 2830 2283 2885 tritico
2340 2828 2557 2884 similia
2632 2830 2763 2883 sunt
2820 2827 2882 2882 in
2940 2827 3245 2896 arundine,
3272 2827 3589 2887 dissimilia

212 2936 343 2968 κασι
375 2913 454 2981 δὲ,
494 2922 631 2970 κατὰ
658 2922 741 2971 τὸν
772 2924 986 2993 καρπὸν·
1035 2921 1136 2973 εἰσί
1187 2919 1244 2973 δε
1275 2920 1507 2997 βλαϐερὰ
1547 2932 1618 2993 τῷ
1666 2928 1814 2993 σίτῳ·

1967 2934 2067 2974 ero
2092 2918 2152 2973 in
2174 2917 2389 2980 fructu,
2439 2916 2613 2987 eique
2643 2915 2851 2970 nociva
2881 2919 3058 2971 sunt:
3120 2916 3201 2971 ita
3230 2920 3287 2971 et
3326 2916 3585 2972 haaretici

211 3006 351 3058 οὕτω
380 3012 469 3059 καὶ
498 3009 548 3059 οἱ
577 3009 827 3082 αἱρετικοὶ
856 3008 1059 3061 ἐοίκασι
1097 3013 1186 3081 μὲν
1224 3018 1329 3071 τοῖς
1358 3008 1654 3084 ὀρθοδόξοις
1684 3014 1819 3065 κατά

1966 3006 2275 3063 rthodoxis
2307 3009 2446 3060 sunt
2494 3004 2717 3059 similes
2752 3004 2986 3070 habitu,
3022 3004 3127 3059 sed
3160 3004 3369 3059 virtute
3407 3003 3586 3060 dissi-

211 3099 272 3146 τὸ
334 3104 544 3168 σχῆμα·
611 3095 890 3150 ἀπεοίκασι
958 3095 1016 3151 δὲ
1069 3102 1203 3151 κατὰ
1259 3105 1351 3158 τὴν
1424 3099 1630 3166 ἀρετὴν,
1701 3104 1818 3163 ἣτις

1962 3096 2116 3163 ailes,
2139 3111 2274 3168 quas
2292 3097 2379 3150 est
2400 3094 2622 3149 fructus
2652 3091 2874 3161 ;virtus
2900 3096 3102 3148 autem
3125 3096 3183 3148 et
3201 3092 3431 3164 primus
3458 3107 3584 3149 om-

210 3187 324 3237 ἑστὶ
352 3190 569 3257 καρπός.
610 3185 791 3261 Ἀρετὴ
828 3183 886 3240 δὲ
911 3192 1000 3241 καὶ
1030 3192 1241 3262 καρπὸς,
1271 3192 1370 3264 πρὸ
1401 3192 1624 3259 πάντων,
1652 3192 1682 3249 ἡ
1716 3199 1815 3243 τῶν

1509 3210 1624 3259 των,
1652 3192 1682 3249 ἡ
1716 3199 1815 3243 τῶν
1853 3212 1899 3273 ο
1925 3186 2094 3242 nium
2122 3184 2345 3241 fructus
2376 3186 2482 3249 est,
2518 3181 2871 3251 dogmatum
2896 3180 3131 3238 veritas.

211 3269 498 3345 δογμάτων
526 3274 620 3333 ἐιλή
631 3278 766 3333 θεια.

284 3367 385 3415 Καὶ
429 3366 661 3440 καθάπερ
706 3368 772 3417 τά
816 3366 1029 3427 ζιζάνια
1075 3370 1237 3439 μέχρι
1285 3370 1374 3440 μὲν
1418 3376 1514 3430 τῆς
1552 3388 1814 3443 καρποφο-

1996 3366 2063 3420 Et
2100 3360 2611 3435 quemadmodum
2662 3358 2886 3417 zizania
2921 3375 3115 3432 usque
3156 3358 3234 3416 ad
3262 3358 3582 3417 fructiﬁca-

204 3455 327 3524 ρίας
426 3452 741 3506 λανθάνοντα
856 3456 1214 3519 συναύξονται,
1317 3461 1431 3509 τότε
1535 3458 1646 3531 (24)
1755 3457 1814 3511 δε

1968 3470 2147 3510 onem
2178 3452 2471 3508 occultata
2506 3454 2796 3513 crescunt,
2824 3453 2963 3505 tunc
2992 3453 3194 3505 autem
3228 3448 3585 3519 dignoscan-

208 3537 671 3613 διαγινώσκονται·
718 3543 878 3605 οὕτως
929 3546 1032 3617 ἄρα
1083 3550 1171 3597 καὶ
1226 3549 1275 3596 οἶ
1328 3548 1599 3618 αἱρετικοὶ,
1650 3552 1814 3621 μέχρι

1954 3559 2036 3612 ur,
2094 3544 2176 3597 ita
2238 3556 2376 3596 sane
2421 3544 2479 3594 et
2517 3538 2776 3594 haeretici
2828 3553 3141 3610 quousque
3190 3537 3445 3594 doceant
3480 3537 3576 3609 (ο),

204 3633 298 3701 μὲν
364 3638 455 3682 τοῦ
528 3628 823 3698 διδάσκειν,
883 3632 1217 3694 λανθάτοντες
1270 3632 1672 3706 συνδιάγουσιν,
1732 3639 1813 3689 ὅτε

1962 3637 2169 3690 ttentes
2192 3634 2546 3702 permanent
2576 3645 2591 3683 :
2621 3627 2722 3683 ubi
2753 3644 2886 3683 vero
2918 3642 3209 3697 magnam
3250 3642 3584 3699 assumpse-

209 3716 273 3771 δι
348 3722 463 3785 (25)
528 3721 717 3779 noni);
774 3720 974 3773 λάϐωσι
1026 3721 1346 3796 παρρησίαν,
1419 3744 1534 3777 τοτε
1589 3730 1673 3777 τόν
1739 3726 1812 3778 ἰὸν

1963 3723 2038 3778 int
2064 3720 2367 3787 ﬁduciam,
2399 3723 2540 3773 tunc
2573 3732 2870 3772 venenum
2898 3716 3215 3772 eﬁundunt
3239 3732 3310 3772 ac
3344 3716 3585 3785 dignos-

208 3806 463 3879 ἐκχέουσι
520 3815 607 3861 καὶ
674 3806 1132 3880 διαγινώσκονται.
1203 3816 1301 3864 Λιὸ
1376 3818 1465 3865 καὶ
1548 3812 1812 3887 προλαϐὼν

1962 3816 2156 3865 untur.
2218 3808 2358 3863 Ideo
2418 3822 2660 3878 quoque
2719 3805 2776 3860 in
2827 3805 3298 3876 praecedentibus
3323 3804 3577 3861 dixitzA

209 3895 369 3961 εἶπεν,
427 3898 505 3949 ὃτι
578 3899 705 3952 Ἀπὸ
791 3908 890 3951 τῶν
960 3910 1170 3971 καρπῶν
1242 3902 1408 3953 αὐτῶν
1464 3902 1813 3973 ἐπιγνώσεσθε

1958 3899 2205 3955 motibus
2222 3914 2417 3954 eorum
2435 3895 2784 3966 cognoscetis
2810 3910 2900 3951 eos
2928 3896 2997 3951 1°.
3018 3895 3306 3951 Praeterea
3323 3899 3379 3951 et
3394 3894 3580 3959 aliter,

208 3986 420 4046 αὐτούς.
460 3992 558 4039 Καὶ
606 3987 786 4061 ἑτέρως
830 3985 905 4041 δέ·
956 3990 1037 4041 ὅτε
1073 3993 1161 4061 μὲν
1213 3992 1443 4065 ἔσπειρεν
1492 3992 1516 4042 ὁ
1562 3996 1809 4063 Χριστὸς,

1970 3989 2171 4044 uando
2204 3987 2517 4043 seminavit
2547 3985 2830 4050 Christus,
2861 3990 3001 4040 tunc
3027 3998 3150 4039 non
3173 3987 3587 4055 apparuerunt

205 4076 303 4127 οὐκ
348 4075 606 4147 ἐφάνησαν
656 4079 927 4151 αἱρετικοί·
980 4079 1059 4130 ὅτε
1104 4075 1162 4131 δὲ
1211 4079 1518 4142 ηὐξήθησαν
1568 4082 1617 4132 οἱ
1662 4080 1816 4154 ὀρθὸ-

1967 4078 2224 4147 aeretici;
2277 4093 2414 4131 cum
2460 4078 2662 4130 autem
2708 4073 3027 4130 crevissent
3072 4072 3414 4143 orthodoxi,
3443 4077 3584 4130 tunc

206 4161 378 4234 δοξοι,
410 4170 525 4217 τότε
556 4164 901 4237 ἀνεφάνησαν.

893 4209 901 4220 -
1924 4165 2315 4224 demonstrati
2356 4168 2515 4220 sunt.

280 4254 655 4328 Προσελθόντες
762 4286 830 4295 -
917 4256 1177 4322 ζιζάνια;
1232 4254 1631 4319 Οἰκοδεσπότης
1723 4262 1811 4331 μέν

1996 4257 2166 4313 Vers.
2205 4260 2292 4310 27.
2326 4252 2671 4311 Accedentes
2699 4282 2767 4292 —-
2808 4250 3027 4307 zizania
3055 4250 3083 4306 ?
3128 4249 3583 4307 Paterfamillias

202 4344 350 4396 ἐστιν
398 4344 571 4407 αὐτὸς,
622 4346 691 4405 ὡς
741 4352 833 4397 τοῦ
888 4350 1090 4416 κόσμου
1145 4351 1430 4407 Δεσπότης.
1487 4343 1707 4409 δούλους
1755 4343 1813 4399 δὲ

1960 4363 2050 4417 pse
2069 4349 2159 4401 est
2191 4344 2459 4400 Christus
2485 4347 2777 4414 tanquam
2793 4340 3003 4396 mundi
3020 4339 3310 4395 Dominus
3338 4354 3351 4393 :
3378 4354 3582 4395 servos

202 4434 394 4493 αύτούς
423 4442 588 4485 ταῦτα
634 4433 876 4503 λέγοντας
922 4434 1153 4500 πλάττει,
1204 4440 1326 4495 τούς
1381 4438 1712 4510 θερμοτέρους
1743 4437 1813 4497 εἰς

1964 4452 2065 4491 ero
2106 4450 2242 4489 suos
2274 4432 2375 4504 qui
2405 4432 2529 4487 haec
2556 4431 2759 4487 dicant
2784 4429 3009 4500 efﬁngit
3064 4427 3454 4496 orthodoxos,
3478 4428 3583 4500 qui

199 4528 289 4575 τὸν
351 4524 475 4594 ὑπὲρ
547 4522 778 4582 εὐσεϐίας
856 4522 1007 4583 ζῆλον
1067 4522 1396 4597 ὀρθοδοξονς,
1464 4526 1513 4576 οῖ
1568 4525 1814 4587 πολλάκις

1961 4524 2336 4581 arventiorem
2361 4536 2503 4590 erga
2530 4520 2757 4575 cultum
2787 4535 2965 4574 suum
2996 4521 3211 4588 gerunt
3232 4517 3445 4583 zelum,
3477 4518 3583 4590 qui

199 4611 615 4684 ἀγανακτοῦντες
664 4612 1054 4685 ἐξαποροῡνται,
1105 4622 1215 4674 πῶς
1264 4615 1288 4665 ό
1334 4617 1456 4674 Θεὸς
1505 4624 1815 4689 παραχωρεῖ

1959 4617 2262 4686 requenter
2323 4612 2702 4667 admirantur
2744 4626 2883 4665 cum
2936 4608 3369 4679 indignatione,
3412 4608 3581 4680 quod

200 4709 425 4753 τοιαῦτα
456 4703 675 4772 φύεσθαι
699 4701 929 4764 ζιζάνια.

1926 4706 2079 4759 Deus
2110 4700 2332 4757 zizania
2362 4700 2528 4756 nasci
2559 4699 2880 4771 permittat.

272 4790 335 4842 Ὀ
414 4786 473 4841 δὲ
558 4822 615 4830 -
696 4789 955 4847 ἐποίησεν.
1033 4790 1332 4866 Ἄνθρωπον
1410 4791 1664 4863 ὠνόμασε,
1730 4793 1811 4844 τόν

1994 4795 2153 4847 Vers.
2209 4790 2297 4845 28.
2347 4790 2456 4847 Ille
2506 4796 2700 4846 autem
2759 4819 2827 4829 —
2863 4788 3008 4859 fecit
3067 4787 3381 4844 Hominem
3433 4786 3582 4845 dixit

202 4878 473 4945 διάϐολον,
532 4882 598 4941 ὡς
647 4877 798 4933 οὐδὲν
855 4878 1126 4954 ἀνθρώπου
1180 4877 1513 4955 διαφέροντα,
1566 4884 1701 4934 κατά
1752 4885 1810 4935 τὸ

1955 4879 2235 4937 liabolum
2260 4885 2551 4952 tanquam
2564 4878 2708 4936 nihil
2722 4878 2799 4936 ab
2818 4876 3169 4935 hominibus
3184 4876 3577 4947 dit'ferentem,

274 5003 528 5076 Philipp.
561 5004 628 5071 ΙΙ,
658 5010 711 5059 ‘7.
791 5003 839 5039 ¹⁰
866 5004 1063 5061 Matth.
1094 5004 1221 5070 VII,
1258 5009 1341 5061 t6.

1455 5130 1677 5199 Variae
1706 5130 2031 5199 lectiones
2064 5137 2129 5199 et
2167 5139 2366 5197 notae.

193 5400 207 5413 .
268 5326 409 5413 (29)-
456 5331 562 5413 τῆς
582 5411 593 5413 -
610 5323 875 5413 ιγὶιτκῆεί
899 5325 1440 5413 cimus“:
1460 5323 1813 5413 ριθνυιξιειυθ

1758 5339 1813 5380 1e
2133 5328 2259 5413 ’[ότε
2286 5320 2344 5376 δὲ
2385 5320 2825 5413 διμςγινώςκονται
2844 5322 3157 5413 absunt}
3317 5395 3332 5413 Ι
3370 5394 3380 5407 ⁸

184 5391 464 5471 jungitur
489 5391 767 5467 genitivo,
794 5397 921 5451 sine
948 5391 1385 5469 praepesitione.
1402 5391 1483 5452 Ita
1508 5396 1672 5469 apud
1705 5391 1806 5453 Xe-

191 5471 383 5557 none;
414 5471 713 5557 ἓγφρεξξι
732 5482 852 5557 ιιιιν
877 5471 966 5524 33-

1951 5391 2246 5526 déiigttai
2278 5412 2380 5468 pro
2428 5391 2579 5451 δέΑ.
2630 5396 2759 5454 Mox
2810 5394 2973 5453 idem
3018 5394 3259 5460 λάϐοντες
3313 5393 3443 5469 (sic)
3469 5408 3573 5468 pro

290 5540 380 5614 23)
409 5540 515 5594 Οὖν
545 5540 719 5598 abest
740 5540 807 5593 A.

266 5695 344 5770 (0)
374 5695 689 5765 Quousque
710 5689 986 5751 doceant.
1025 5688 1332 5748 Sententia
1356 5694 1463 5747 est.
1497 5694 1814 5763 antequam
1845 5690 2119 5749 doceant.
