4108 6408
479 359 588 418 407

485 576 849 648 subjectum,
882 581 938 634 et
978 580 1267 648 tanquam
1302 591 1473 649 aeque
1502 580 1567 632 ut
1595 577 1775 632 homo
1806 594 1901 634 res
1934 594 2134 634 aman-

483 670 604 723 tem
642 681 979 738 corporeas,
1019 667 1381 736 terrenisque
1404 666 1731 721 admistum
1772 683 1925 725 esse.

554 755 722 811 Vers.
748 755 835 809 28.
864 757 947 810 At
974 757 1129 811 servi
1161 786 1229 795 —
1274 768 1339 811 ea
1366 755 1393 811 ?
1439 754 1821 827 Colligamus,
1856 755 2139 813 violenter

485 844 821 911 evellentes,
849 860 917 900 ac
949 845 1164 913 gladiis
1194 843 1588 899 demittentes.

553 936 719 990 Vers.
753 936 843 989 29.
874 934 983 989 Ille
1016 939 1213 990 autem
1240 963 1306 973 ——
1340 933 1624 990 triticum.
1688 934 1997 991 Prohibuit
2035 950 2139 990 au-

482 1021 615 1077 ferri
658 1021 988 1087 haereticos,
1033 1037 1106 1077 ne
1163 1022 1343 1077 etiam
1392 1022 1614 1093 pariter
1663 1023 1980 1078 orthodoxi
2031 1040 2139 1079 au-

482 1110 796 1168 ferrentur.
827 1113 1112 1168 Futurum
1143 1111 1303 1168 enim
1342 1116 1466 1169 erat
1492 1116 1554 1168 ut
1581 1112 1740 1169 bella
1771 1114 2028 1169 invicem
2066 1129 2139 1171 ac

483 1200 673 1257 caedes
703 1200 1018 1256 orirentur.

553 1288 717 1343 Vers.
746 1288 835 1344 30.
886 1288 1078 1346 Sinite
1106 1320 1173 1333 —
1215 1305 1473 1347 messem.
1531 1291 1893 1363 Uutrumque
1928 1307 2133 1362 genus.

482 1378 735 1433 Messem
761 1380 961 1433 autem
986 1378 1133 1434 dicit
1167 1378 1380 1433 mundi
1411 1379 2014 1436 consummationem.
2042 1382 2139 1435 Ju-

480 1466 736 1536 betergo
762 1470 828 1521 ut
852 1466 1153 1537 utriusque
1172 1467 1401 1537 generis
1413 1466 1688 1523 homines
1717 1467 1916 1523 sinant
1944 1469 2137 1524 vivere

483 1559 833 1623 crescentes,
874 1560 1205 1627 auctosque
1261 1571 1511 1611 numero
1564 1556 1627 1611 in
1682 1557 1909 1613 mundo
1950 1574 2137 1628 usque

482 1644 562 1701 ad
614 1645 1221 1702 consummationem.
1289 1644 1617 1701 Verisimile
1681 1646 1977 1718 siquidem
2026 1653 2132 1713 est,

484 1736 621 1789 ante
650 1733 711 1789 id
754 1736 990 1805 tempus
1046 1734 1268 1790 multos
1315 1734 1745 1789 convertendos
1786 1734 2134 1792 haereticos:

1822 363 2157 420 EUTHYMII
2196 361 2500 419 ZIGABEN
2506 362 2528 417 Ι

481 487 544 544 in
571 501 642 544 eo
662 485 828 560 quod
858 488 944 544 est
978 486 1395 544 affectionibus
1421 501 1493 542 ac
1536 486 1945 560 voluptatibus
1998 504 2130 545 esse

2255 488 2470 561 ἐμπαθὲς
2524 488 2613 539 καί
2681 483 2975 559 φιλήδονον,

3744 363 3853 420 408

3057 491 3146 539 καὶ
3205 489 3267 546 ὡς
3328 486 3438 557 (26)
3507 486 3694 548 ἐπὶσης
3765 486 3852 539 ἆν-

2248 580 2435 650 θρωπῳ
2493 576 2972 649 φιλοσωματοῦντα,
3035 582 3123 628 καὶ
3185 583 3292 637 τοῖς
3331 579 3533 647 γηίνοις
3599 574 3854 649 ἀναφυρό-

2246 686 2413 739 μενον.

2321 758 2386 807 Οἱ
2441 752 2498 807 δὲ
2551 751 2730 807 δοῦλοι
2793 786 2860 794 -
2910 755 3039 806 αὐτά
3086 771 3099 821 ;
3145 754 3469 826 Συλλέξομεν,
3528 753 3855 819 ἀνασπῶντες

2250 843 2458 916 βιαίως,
2493 848 2581 895 καὶ
2615 843 2814 915 ξίφεσιν
2843 842 3185 917 ἐκθερίζοντες
3216 844 3351 914 (27).

2321 932 2375 984 0⁸
2433 929 2491 985 δὲ
2564 964 2633 972 ——
2722 940 2884 987 σῖτον.
2967 932 3248 986 Ἐκώλυσεν
3325 933 3653 1006 ἀναιρεῖσθαι
3736 938 3857 995 τοὺς

2250 1024 2562 1095 αἱρετικοὺς,
2632 1019 2723 1073 διὰ
2788 1025 2846 1073 τό
2924 1026 2994 1093 μὴ
3069 1025 3495 1097 συναναιρείσθαι
3573 1028 3662 1075 καὶ
3736 1028 3857 1084 τοὺς

2250 1107 2583 1183 ὀρθοὸόξους.
2660 1109 2907 1182 ’Ἐμελλον
2977 1114 3078 1185 γὰρ
3144 1111 3359 1184 πόλεμοι
3428 1114 3665 1182 γίνεσθαι
3733 1131 3852 1165 κατ’

2251 1199 2473 1257 ἀλλήλων
2499 1205 2589 1251 καὶ
2612 1205 2829 1271 σφαγαί.

2319 1287 2503 1360 ’Ἄφετε
2556 1319 2623 1329 —
2684 1291 2953 1362 θερισμοῦ,
3023 1288 3312 1364 Ἀμφότεροι
3369 1292 3434 1341 τὰ
3487 1294 3633 1360 γένη.
3693 1298 3853 1362 Θερι-

2252 1380 2381 1448 σμὸν
2434 1374 2492 1429 δὲ
2543 1378 2696 1448 λέγει,
2754 1384 2845 1435 τήν
2895 1386 2985 1430 τοῦ
3041 1383 3243 1451 κόσμου
3295 1378 3601 1431 συντέλειαν.
3651 1379 3857 1432 Κελεύει

2248 1463 2334 1517 οὖν
2387 1465 2469 1537 ἐᾲν
2529 1466 2791 1539 ἀμφότερα
2842 1470 2907 1519 τὰ
2956 1472 3076 1538 γένη
3142 1472 3254 1540 ζῇν,
3318 1467 3735 1540 συναυξανόμενος
3806 1467 3857 1519 ἐν

2246 1563 2318 1624 τῷ
2390 1560 2590 1627 κόσμῳ,
2653 1560 2815 1627 μέχρι
2882 1556 3190 1618 συντελείας·
3252 1556 3387 1618 εἰκὸς
3455 1559 3578 1630 γὰρ,
3637 1557 3860 1619 πολλοὺς

2247 1652 2344 1695 τῶν
2392 1647 2658 1719 αἰρετικῶν
2711 1646 2846 1719 ἄχρι
2892 1649 3005 1697 τότε
3049 1644 3437 1717 μεταϐληθῆναι
3464 1661 3475 1674 ·
3511 1645 3568 1696 οὐ
3619 1649 3721 1717 μὴν
3764 1642 3863 1697 duit

2247 1740 2399 1785 τοῦτο
2432 1736 2544 1802 (‘28)
2597 1737 3079 1806 συναναμίγνυσθαι
3128 1742 3233 1794 τοῖς
3277 1737 3571 1807 αἱρετικοῖς.
3608 1734 3860 1808 Εὐρύχω-

481 1837 594 1879 nec
619 1826 817 1878 tamen
847 1821 926 1879 ob
955 1822 1067 1878 hoc
1097 1822 1208 1878 illis
1257 1822 1633 1879 commisceri
1672 1827 1905 1895 oportet
1942 1840 1953 1878 :
1982 1825 2135 1894 spati

2255 1841 2331 1882 οος
2382 1826 2481 1896 γὰρ
2530 1824 2555 1874 ό
2606 1827 2821 1893 κόσμος,
2879 1828 2967 1874 καὶ
3030 1820 3112 1875 δεῖ
3169 1823 3280 1893 (29)
3331 1823 3516 1883 αὐτοὺς
3566 1824 3686 1875 καθ’
3733 1824 3857 1875 ἑαυ-

482 1928 626 1968 osus
664 1912 824 1968 enim
863 1916 949 1968 est
979 1912 1074 1968 hic
1106 1911 1371 1968 mundus
1406 1929 1418 1968 :
1453 1917 1510 1969 et
1546 1912 1677 1969 illos
1715 1928 1822 1984 per
1848 1929 1909 1969 se
1940 1914 2137 1971 vivere

482 2004 734 2074 oportet,
768 2017 892 2058 non
950 2000 1183 2058 ablatos
1207 2001 1289 2073 (p)
1336 2002 1607 2073 quidem,
1664 2002 1769 2058 sed
1808 2008 2133 2075 separatos,

480 2107 558 2149 ne
582 2090 858 2148 docendo
889 2093 1276 2162 corrumpant
1326 2090 1493 2163 quod
1522 2091 1884 2149 seminatum
1922 2097 2008 2149 est
2042 2094 2140 2150 tri-

481 2179 687 2237 ticum.

553 2271 712 2325 Vers.
766 2269 855 2324 30.
904 2268 986 2324 Et
1008 2297 1078 2309 —
1102 2266 1457 2324 messoribus
1486 2270 1813 2326 :Messorcs
1840 2285 2004 2327 nunc
2033 2286 2140 2328 an-

485 2357 649 2429 gelos
680 2356 969 2414 nominat.

555 2446 719 2505 Vers.
749 2446 835 2503 30.
863 2445 1129 2517 Colligite
1151 2474 1222 2485 —
1261 2445 1513 2503 zizania.
1573 2446 1767 2503 Metite
1798 2447 1947 2504 falce
1987 2465 2142 2505 mor-

482 2538 559 2595 tis
588 2537 832 2593 inventa
862 2540 1002 2591 tunc
1032 2535 1272 2591 zizania.
1318 2538 1511 2602 Quare
1568 2542 1768 2593 autem
1817 2538 2083 2609 primum
2113 2540 2140 2595 ‘l

481 2629 566 2683 Ne
632 2626 812 2682 etiam
864 2629 1005 2681 tunc
1052 2625 1312 2681 viventes
1385 2627 1704 2683 orthodoxi
1760 2628 1938 2682 simul
2004 2644 2141 2685 cum

481 2713 777 2771 haereticis
840 2714 1063 2772 mistim
1133 2714 1415 2781 demessi,
1488 2732 1743 2788 pravam
1797 2719 2144 2790 concipiunt

486 2819 678 2877 spem.

556 2893 716 2950 Vers.
745 2895 833 2949 30.
877 2893 955 2949 Et
995 2923 1063 2935 —
1109 2893 1451 2963 fascicutos.
1505 2896 1785 2965 Colligate
1839 2913 1940 2953 eos
1995 2897 2141 2952 invi-

484 2998 631 3040 cem.
667 2982 939 3039 Ostendit
965 2986 1164 3040 autem
1195 3000 1391 3040 sermo
1431 2985 1592 3056 quod
1638 2986 1700 3041 hi
1761 2986 1866 3058 qui
1918 2987 1979 3042 in
2040 3002 2140 3043 eo-

484 3073 624 3129 dem
668 3076 912 3145 peccato
976 3074 1442 3142 communicant,
1485 3074 1665 3131 etiam
1718 3076 1779 3131 in
1850 3077 2139 3148 supplicio

484 3162 971 3219 communicaturi
1017 3166 1157 3220 sunt
1201 3163 1437 3232 eodem,
1507 3164 1809 3237 simulque
1854 3166 2140 3222 ultionem
2175 3197 2219 3259 α

488 3251 891 3308 sustinebunt.

555 3342 710 3398 Vers.
760 3341 846 3397 30.
886 3340 988 3396 Ad
1027 3370 1099 3383 —
1152 3357 1369 3399 meum.
1428 3341 1651 3398 Similia
1712 3358 1957 3415 quoque
1996 3346 2143 3416 Bap-

484 3429 621 3487 tista
680 3429 1031 3486 Sadduczeis
1077 3445 1146 3486 ac
1228 3430 1540 3486 Pharisaeis
1588 3432 1991 3488 comminatus
2058 3437 2145 3489 est

485 3520 654 3576 tertio
684 3518 899 3591 capite,
932 3518 1136 3575 dicens
1178 3519 1252 3575 de
1307 3519 1557 3585 Christo,
1617 3520 1785 3592 quod
1814 3522 1991 3577 etiam
2045 3523 2145 3577 tri-

488 3610 670 3665 ticum
699 3624 868 3663 suum
890 3609 1263 3679 congregabit
1280 3609 1343 3664 in
1368 3610 1646 3665 horreum
1678 3626 1869 3676 suum,
1909 3613 2143 3680 paleam

487 3702 682 3753 autem
736 3696 1029 3753 comburet
1076 3698 1215 3768 igne
1279 3698 1759 3769 inexstinguibili
1815 3702 1881 3755 ιο.
1939 3703 2146 3766 Quaere

489 3800 632 3855 ergo
668 3785 772 3850 ibi,
807 3788 865 3840 et
892 3787 1160 3843 invenies
1184 3786 1324 3858 quid
1354 3787 1614 3859 appellet
1643 3788 2144 3853 combustionem,

490 3874 639 3947 quid
689 3873 995 3931 horreum.
1052 3876 1434 3947 Superﬂuum
1464 3877 1614 3932 enim
1665 3882 1771 3949 est,
1817 3880 1997 3935 semel
2043 3880 2145 3935 de-

491 3964 736 4028 clarata,
769 3979 1010 4021 rursum
1043 3965 1254 4023 eodem
1284 3966 1469 4023 modo
1500 3967 1885 4041 interpretari.

562 4146 725 4200 Vers.
758 4143 844 4199 31.
878 4143 1080 4201 Aliam
1127 4175 1198 4185 —
1226 4160 1351 4201 suo.
1404 4146 1446 4215 ἦ·
1478 4144 1675 4202 Grano
1720 4147 1948 4219 sinapis
1999 4164 2149 4221 prte-

491 4234 853 4292 dicationem
903 4235 1297 4307 comparavit,
1352 4238 1411 4290 et
1440 4236 1518 4291 ob
1572 4251 1821 4308 pravam
1854 4253 2148 4309 apparen-

492 4324 659 4389 tiam,
687 4328 744 4381 et
770 4322 848 4380 ob
880 4324 1161 4380 vilitatem
1215 4323 1498 4380 dictionis
1528 4340 1633 4380 seu
1693 4326 1928 4396 phrasis
1957 4343 1969 4381 :
2013 4343 2147 4399 quae

491 4414 554 4470 in
620 4416 850 4471 tantum
904 4414 1105 4478 crevit,
1163 4416 1229 4470 ut
1277 4413 1465 4470 Attica
1516 4430 1586 4469 ac
1626 4414 1917 4471 mirabilis
1948 4416 2023 4471 ad
2058 4432 2149 4472 ra-

491 4501 909 4558 tiocinandum
942 4505 1275 4558 Graecorum
1315 4502 1716 4574 philosophia,
1753 4504 2047 4561 occultata
2078 4506 2151 4561 sit

2246 1915 2367 1971 τοὺς
2440 1912 2556 1983 ζῇν,
2632 1916 2701 1983 μή
2782 1910 3184 1984 ἀναιρουμένους
3254 1914 3364 1983 μὲν,

2250 1996 2308 2052 δὲ
2338 2004 2396 2051 τὸ
2431 1997 2706 2053 διδάσκειν
2751 2006 2839 2054 καὶ
2891 2000 3234 2073 λυμαίνεσθαι
3277 2010 3348 2071 τῷ
3400 2005 3528 2073 σίτῳ
3575 2009 3666 2053 τοῦ
3711 2004 3857 2055 σπεί-

2247 2108 2447 2165 ραντος.

3448 1911 3858 1985 ἀφαιρουμένους

2325 2274 2424 2323 Καὶ
2481 2300 2549 2311 -
2600 2272 2879 2343 θερισταῖς.
2947 2272 3207 2344 Θεριστὰς
3266 2291 3353 2322 νυν
3413 2270 3654 2344 ὀνομάζει
3736 2274 3859 2332 τοὺς

2252 2357 2517 2430 ἀγγέλους.

2322 2449 2595 2511 Συλλέξατε
2640 2479 2705 2489 -
2752 2449 2983 2509 ζιζάνια.
3037 2453 3293 2521 Θερίσατε
3342 2457 3413 2519 τῷ
3463 2449 3577 2519 (30)
3620 2445 3857 2522 δρεπάνῳ

2249 2545 2341 2589 τοῦ
2390 2540 2609 2590 θανάτου
2658 2540 2722 2589 τὰ
2772 2540 3112 2612 εὑρισκόμενα
3155 2543 3267 2589 τότε
3317 2538 3546 2601 ζιζάνια.
3595 2541 3754 2590 Λιατί
3799 2534 3860 2589 δὲ

2249 2626 2631 2700 πρῶτον;”ῐνα
2700 2631 2770 2698 μή
2840 2631 2929 2678 καὶ
2991 2629 3039 2679 οὶ
3109 2626 3294 2687 ζῶντες
3351 2633 3639 2686 τηνικαῦτα
3706 2626 3858 2700 ὀρθό-

2253 2713 2416 2781 δοξοι,
2464 2718 2940 2790 συνεκθεριζόμενοι
2984 2722 3087 2776 τοῖς
3128 2717 3405 2790 αὶρετικοῖς
3453 2715 3659 2788 ἀναμὶξ,
3703 2735 3859 2774 πονη·

2249 2808 2347 2879 ρὰς
2372 2805 2574 2867 ἕξουσιν
2611 2803 2848 2866 ἐλπίδας.

2292 2901 2424 2948 -Καὶ
2496 2926 2564 2934 -
2642 2891 2863 2967 δεσμάς.
2945 2892 3247 2952 Συνδήσατε
3333 2894 3524 2956 αὐτοὺς
3589 2893 3847 2954 ἀλλήλοις.

2253 2982 2516 3055 Ἐμφαίνει
2576 2980 2634 3035 δὲ
2690 2986 2715 3035 ό
2778 2984 2947 3055 λόγος,
3002 2986 3082 3035 ὅτι
3132 2986 3180 3036 οὶ
3255 2988 3486 3036 κοινωνοὶ
3536 2991 3629 3044 τῆς
3695 2983 3860 3044 αὐτῆς

2250 3072 2528 3146 ἁμαρτίας,
2560 3078 2791 3125 κοινωνοὶ
2824 3080 3024 3134 καὶτῆς
3056 3073 3219 3135 αὐτῆς
3244 3073 3501 3136 κολάσεως
3531 3078 3855 3145 γενήσονται,

2250 3166 2339 3213 καὶ
2368 3163 2498 3234 ὁμοῦ
2530 3166 2623 3221 τήν
2647 3167 2900 3236 τιμωρίαν
2928 3163 3191 3235 ὑφέξουσι.

2325 3343 2464 3414 Πρὸς
2520 3371 2587 3379 -
2636 3360 2756 3411 μου.
2818 3343 2894 3393 Τὰ
2940 3340 3286 3415 παραπλήσια
3337 3345 3426 3392 καὶ
3479 3342 3503 3391 ὁ
3563 3344 3863 3402 Βαπτιστὴς

2256 3430 2505 3487 ἠπείλησε
2561 3437 2670 3490 τοῖς
2724 3426 3104 3490 Σαδδουκαίοις
3161 3434 3249 3482 καὶ
3306 3435 3634 3503 Φαρισαίοις,
3692 3430 3740 3481 ἐν
3791 3438 3864 3499 τῷ

2254 3523 2410 3593 τρίτῳ
2489 3519 2768 3590 κεφαλαίῳ,
2837 3518 2990 3571 εἰπὼν
3074 3523 3191 3591 περὶ
3268 3525 3357 3570 τοῦ
3424 3526 3683 3589 Χριστοῦ,
3766 3524 3867 3572 Καὶ

2260 3608 2466 3670 συνάξει
2536 3612 2621 3659 τὸν
2696 3615 2838 3659 σῖτον
2916 3608 3075 3659 αὐτοῦ
3145 3608 3217 3668 εἰς
3272 3611 3364 3665 τήν
3442 3610 3736 3673 ἀποθήκην,
3806 3610 3866 3659 τὸ

2260 3694 2317 3750 δὲ
2414 3699 2616 3771 ἄχυρον
2710 3699 3032 3749 κατακαύσει
3132 3701 3259 3769 πυρὶ
3401 3695 3660 3767 ἀσϐέστῳ,
3765 3700 3867 3748 Καὶ

2260 3786 2491 3846 ζήτησον
2571 3786 2619 3837 ἐν
2700 3785 2891 3857 ἐκείνῳ,
2966 3789 3054 3837 καὶ
3129 3788 3382 3858 εὑρήσεις,
3453 3790 3504 3837 τί
3570 3787 3658 3857 μὲν
3730 3784 3867 3855 λέγει

2259 3877 2607 3943 κατάκαυσιν,
2706 3880 2757 3926 τί
2869 3870 2926 3926 δὲ
3026 3873 3315 3932 ἀποθήκην.
3423 3877 3665 3946 Περιττὸν
3762 3875 3865 3945 γὰρ

2258 3966 2325 4016 τὰ
2410 3964 2549 4026 ἅπαξ
2656 3964 3028 4037 ἑρμηνευθέντα
3111 3962 3263 4015 πάλιν
3354 3965 3546 4035 ὁμοίως
3643 3960 3866 4036 ἐφερμη-

2258 4057 2437 4108 νεύειν.

2330 4143 2527 4214 ’Ἄλγην
2580 4174 2648 4181 -
2707 4142 2885 4197 αὐτοῦ.
2943 4141 3152 4214 [Κόκκῳ
3212 4141 3324 4212 (31)
3385 4160 3633 4201 σιναπεως
3688 4145 3864 4215 παρεί-

2260 4253 2389 4286 κασε
2444 4236 2501 4284 τό
2555 4237 2817 4304 κήρυγμα,
2868 4236 2957 4283 καὶ
3011 4228 3105 4283 διὰ
3164 4237 3218 4283 τὸ
3255 4235 3603 4304 μικροπρεπὲς
3647 4236 3736 4283 καὶ
3787 4230 3865 4283 εὐ-

2261 4321 2391 4381 τελὲς
2449 4330 2545 4371 τῶν
2610 4320 2805 4385 λέξεων,
2881 4322 2906 4371 ὅ
2977 4329 3223 4372 τοσοῦτον
3292 4320 3521 4385 ηὐξήθη,
3591 4320 3724 4371 ὣστε
3769 4323 3865 4376 τήν

2260 4410 2633 4470 ἀττικίζουσαν
2692 4414 2779 4461 καὶ
2838 4407 3011 4467 δεινὴν
3066 4409 3469 4479 συλλογίζεσθαι
3529 4414 3712 4480 σοφίαν
3767 4416 3868 4460 τῶν

2260 4498 2506 4556 Ἑλλήνων
2554 4497 2912 4571 ἀποκρυϐήναι
2950 4506 3023 4568 τῷ
3052 4499 3253 4569 μεγέθει
3297 4505 3386 4549 τοῦ
3439 4496 3871 4571 ἀγροικιζομένου

493 4590 904 4659 magnitudine
931 4591 1247 4663 Evangelii,
1292 4557 1465 4663 quod
1491 4557 2053 4666 rusticitatem—prae
2179 4557 2225 4615 Β
2263 4587 2625 4661 Εὐαγγελίου.]

495 4678 753 4735 ferebat.

566 4769 841 4837 Regnum
890 4766 1176 4824 caelorum
1204 4783 1367 4825 nunc
1414 4768 1554 4826 dicit
1602 4784 1940 4827 sermonem
1988 4771 2149 4842 ﬁdei,

573 4892 622 4930 ⁷⁸
652 4894 829 4952 Marc.
860 4897 941 4965 iu,
972 4895 1064 4951 21.

2335 4767 2607 4820 Βασιλείαν
2663 4763 2721 4819 δὲ
2778 4775 2876 4817 τῶν
2934 4765 3162 4840 οὐρανῶν
3218 4764 3351 4837 λέγει
3411 4772 3515 4831 νῦν,
3576 4766 3660 4815 τὸν
3719 4763 3873 4833 λόγον

1725 5022 1947 5093 Variae
1984 5022 2315 5091 lectiones
2356 5029 2421 5088 et
2459 5028 2662 5087 notae.

596 5167 683 5228 26)
726 5172 800 5228 Ως
824 5168 917 5218 καί
946 5167 1006 5221 Β.

714 5239 1099 5313 Καθαρίζοντες
1127 5236 1173 5291 Α
1187 5280 1199 5292 .

597 5307 689 5376 28)
729 5307 1053 5384 Xpﬁ'addit
1105 5314 1171 5365 A.
1218 5312 1303 5366 Ita
1357 5324 1601 5384 quoque
1660 5310 1998 5384 Hentenius,
2050 5310 2154 5382 qui

502 5386 727 5453 oportet
753 5381 955 5439 habet.
989 5382 1143 5438 Licet
1167 5386 1367 5438 autem
1398 5381 1723 5453 intelligere
1749 5382 1958 5438 κελεύει.

576 5451 688 5522 (29)
716 5456 882 5505 Δεῖται
915 5456 961 5507 Α
993 5453 1169 5510 male.

572 5167 592 5378 ἒ

2336 5166 2451 5237 (30)
2511 5168 2765 5235 (θερίσατε
2814 5170 3020 5237 πρῶτον
3080 5168 3170 5213 τοῦ
3241 5161 3462 5237 θανάτου
3518 5168 3588 5230 τῷ
3635 5155 3875 5237 δρεπάνῳ

2262 5233 2353 5289 τάζ
2374 5233 2440 5291 Α.
2472 5233 2681 5308 Πρῶτον
2702 5233 3081 5308 probandum
3108 5237 3164 5308 et
3186 5237 3427 5304 propter
3448 5236 3666 5288 textum
3688 5233 3878 5286 Evan-

2264 5309 2418 5380 gelii,
2445 5314 2499 5363 et
2520 5306 2774 5380 propter
2799 5306 3371 5380 interpretationem.
3462 5354 3467 5359 .

2299 5405 2302 5413 ν
2336 5381 2449 5452 (31)
2477 5376 2713 5435 Inclusa
2742 5380 2797 5433 in
2830 5376 3021 5447 marg.
3055 5376 3239 5433 habet
3268 5376 3332 5431 A.

577 5604 662 5675 (ῃ)
684 5605 822 5679 Nor},
846 5606 1093 5679 ablatos,
1126 5610 1237 5679 etc.
1271 5609 1354 5679 Ita
1382 5606 1649 5679 quidem,
1685 5610 1747 5665 ut
1797 5622 1919 5664 non
1962 5606 2410 5669 interﬁciuntur,
2445 5605 2551 5663 sed
2588 5608 2654 5661 ut
2689 5604 2998 5679 priventur
3042 5602 3317 5661 facultate
3374 5598 3629 5657 docendi
3658 5602 3713 5655 et
3743 5613 3878 5654 cor-

506 5676 826 5751 rumpendi
866 5677 1038 5737 tritici
1070 5678 1367 5738 seminati.
