4108 6384
240 384 347 441 409
1172 384 1545 441 COMMENT.
1596 383 1665 438 IN
1707 383 1846 440 ΜΑἸ

1969 383 2157 441 rEUM.
2198 416 2267 427 --
2306 385 2465 444 CAP.
2514 386 2669 443 XIII.

236 520 329 571 τῆς
384 514 627 577 πίστεως,
732 512 797 571 ὡς
881 510 1156 585 ἀρραϐῶνα
1235 520 1330 573 τῆς
1395 509 1664 583 βασιλείας

235 601 483 673 οὐρανῶν.
563 599 857 665 Ἀπεικάζει
940 598 999 654 δὲ
1079 601 1233 654 αὐτὸν
1316 605 1487 672 κόκκῳ
1566 601 1839 667 σινάπεως,

236 686 375 743 διότι
428 688 643 763 βραχὺς
697 694 787 763 μὲν
862 696 951 743 καὶ
1002 691 1376 765 εὐπερίγραφος
1435 694 1717 763 σπείρεται,
1767 695 1837 761 μὴ

236 776 533 852 δυναμένων
585 787 683 830 τῶν
738 782 983 852 μαθητῶν
1039 779 1325 853 βαστάζειν
1379 778 1426 831 ἐν
1470 777 1612 851 ἀρχῇ
1648 778 1839 831 πλεῖον.

237 874 339 922 Καὶ
393 871 495 942 γὰρ
546 873 635 920 καὶ
684 870 709 920 ὁ
762 874 1027 942 προφήτης
1078 868 1259 940 πάλαι,
1310 868 1457 940 λόγον
1491 870 1842 939 συντετμημέ-

231 978 317 1010 νον
371 958 527 1009 αὐτὸν
584 956 838 1011 ἐκάλεσεν.
908 958 1069 1011 Ὀταν
1143 956 1201 1011 δὲ
1258 960 1573 1032 γεωργηθεὶς
1636 956 1840 1027 αὐξήσῃ

234 1054 347 1106 ταῖς
438 1042 675 1119 ἀρδείαις
760 1055 851 1099 τοῦ
942 1049 1078 1099 θείου
1153 1050 1470 1119 Πνεύματος,
1543 1044 1846 1119 ὑπερϐάλλει

231 1138 404 1187 πάντα
458 1134 630 1206 λόγον,
703 1140 791 1187 καὶ
856 1135 1170 1209 ὑψηλότερος
1249 1136 1373 1189 ὅλων
1410 1136 1522 1207 (3‘2)
1592 1139 1843 1206 φαίνεται.

234 1228 329 1277 Διὰ
413 1220 471 1277 δὲ
522 1233 617 1287 τῆς
692 1224 990 1300 παραϐολῆς
1064 1228 1255 1286 ταύτης
1339 1231 1694 1298 προαναφωνεῖ
1756 1227 1849 1280 τὴν

1127 1320 1251 1388 Περὶ
1335 1312 1394 1367 δὲ
1460 1322 1550 1366 τοῦ
1615 1318 1854 1383 σπείρον-

233 1422 321 1463 τος
378 1401 671 1476 ἀνθρώπου,
731 1409 816 1457 καὶ
886 1412 979 1456 τοῦ
1039 1403 1224 1478 ἀγροῦ,
1295 1407 1344 1456 ἐν
1399 1412 1458 1475 τῇ
1507 1407 1608 1476 πρὸ
1665 1406 1853 1459 ταύτης

230 1490 499 1565 παραϐολῇ
556 1489 987 1566 προδιελάϐομεν.
1063 1492 1244 1569 Ἀγρὸς
1305 1489 1385 1561 δὲ,
1439 1494 1464 1544 ὁ
1524 1496 1718 1563 κόσμος
1767 1491 1851 1543 λέ-

230 1601 401 1652 γεται,
452 1586 542 1634 καὶ
594 1578 686 1634 διὰ
714 1584 772 1634 τὸ
802 1584 1149 1654 γεωργεῖσθαι
1203 1581 1251 1634 ἐν
1314 1581 1455 1653 αὐτῷ
1503 1585 1588 1633 τὸν
1644 1580 1852 1651 λογικὸν

233 1313 365 1376 αὔξη
375 1333 456 1366 σιν
521 1321 611 1366 τοῦ
688 1317 1039 1388 κηρύγματος.

236 1690 269 1723 σ
282 1679 384 1723 ἰτον
394 1714 405 1726 .

307 1760 385 1830 [Ἠ
442 1760 565 1832 (33)
632 1760 901 1833 παραϐολὴ
982 1765 1226 1833 σημαίνει
1297 1766 1384 1813 καὶ
1443 1764 1499 1812 τὸ
1584 1757 1851 1831 διήγημα,

3501 387 3607 445 410

1742 517 1839 562 τῶν
1872 511 1915 564 Α
1953 512 2236 583 tanquam
2279 512 2447 582 regni
2486 512 2773 569 caelorum
2827 512 3252 578 arrhabonem,
3297 514 3619 585 Comparat

1953 604 2151 656 autem
2189 600 2357 656 illum
2390 615 2578 670 grano
2619 601 2866 673 sinapis,
2899 602 3043 675 quia
3078 602 3275 657 brevis
3321 605 3375 657 et
3410 603 3619 673 paucis

1951 688 2217 744 inclusus
2272 690 2701 759 seminabatur,
2747 706 2818 747 eo
2860 692 3024 763 quod
3074 707 3196 746 non
3245 694 3487 762 possent
3534 691 3620 746 di-

1958 778 2175 850 scipuli
2202 779 2263 834 in
2291 779 2580 852 principio
2612 780 2845 850 majora
2870 780 3038 837 ferre.
3068 780 3214 836 Hinc
3246 786 3333 836 est
3373 780 3535 852 quod
3564 784 3621 837 et

1952 868 2240 939 propheta
2282 885 2625 925 sermonem
2668 869 3073 926 abbreviatum
3116 870 3258 925 olim
3309 870 3477 925 illum
3516 885 3620 941 ap-

1960 957 2205 1028 pellavit
2245 960 2310 1011 ¹¹.
2352 960 2565 1013 Verum
2614 964 2932 1031 postquam
2981 959 3058 1015 ab
3097 958 3360 1031 agricola
3399 959 3615 1014 cultus,

1956 1045 2144 1102 divini
2217 1047 2461 1117 Spiritus
2538 1048 2985 1119 irrigationibus
3052 1051 3314 1115 creverit,
3375 1064 3619 1104 omnem

1959 1136 2147 1193 alium
2185 1138 2415 1193 excedit
2465 1154 2827 1207 sermonem,
2883 1156 2953 1195 ac
3002 1138 3286 1194 omnibus
3336 1138 3621 1193 excelsior

1960 1232 2230 1299 apparet.
2270 1228 2377 1283 Per
2406 1227 2564 1284 hanc
2598 1243 2738 1284 vero
2778 1228 3134 1301 parabolam
3177 1228 3621 1300 praedicationis

1962 1322 2352 1387 augmentum
2402 1318 2783 1388 praenuntiat.
2844 1318 2926 1372 De
2974 1318 3218 1374 homine
3272 1322 3471 1374 autem
3517 1316 3622 1388 qui

1964 1406 2276 1462 seminavit
2303 1410 2359 1462 et
2396 1406 2470 1462 de
2502 1422 2665 1478 agro,
2702 1408 2763 1462 in
2802 1408 3157 1479 praecedenti
3188 1407 3473 1479 parabola
3504 1406 3625 1463 dis-

1964 1496 2280 1551 seruimus.
2331 1496 2551 1552 Dicitur
2593 1501 2792 1553 autem
2834 1498 3096 1553 mundus
3139 1512 3280 1567 ager
3332 1496 3412 1552 ob
3464 1497 3624 1553 hanc

1962 1592 2139 1641 etiam
2183 1601 2460 1652 aausam,
2512 1586 2649 1659 quia
2698 1586 3031 1643 seminatur
3083 1601 3154 1642 ac
3192 1584 3404 1641 colitur
3454 1585 3513 1641 in
3553 1600 3623 1640 eo

1960 1674 2246 1731 rationale
2276 1674 2667 1731 frumentum.

2032 1764 2074 1833 εἰ·
2125 1766 2259 1819 Haec
2313 1762 2488 1820 dictio
2542 1763 2833 1835 parabole.
2891 1763 3197 1834 signiﬁcat
3260 1762 3626 1835 quandoque

242 1850 315 1909 ὡς
367 1854 424 1901 τό
458 1849 657 1921 ’Ἡμᾶς
730 1850 795 1911 εἰς
854 1850 1155 1922 παραϐολὴν
1241 1850 1292 1903 ἐν
1376 1856 1480 1911 τοῖς
1539 1851 1707 1902 ἔθνεσι
1762 1853 1846 1900 καὶ

1969 1852 2385 1920 narrationem,
2417 1857 2481 1907 ut
2510 1868 2649 1908 cum
2676 1852 2891 1908 dicitur
2925 1869 2938 1908 :
2970 1852 3175 1909 Posuit
3215 1867 3321 1908 nos
3350 1852 3413 1907 in
3443 1866 3623 1920 para-

232 1940 320 1989 τὸν
370 1936 731 2011 αἰνιγματώδη
791 1939 962 2011 λόγον,
1024 1943 1092 2000 ὡς
1138 1944 1194 1991 τό
1226 1957 1237 1968 ’

230 2026 459 2099 ραϐολὴν
515 2032 603 2079 καὶ
661 2032 924 2080 σκοτεινὸν
991 2032 1136 2100 λόγον

1271 1943 1481 1997 Νοῆσαί
1514 1940 1629 2011 (34)
1669 1957 1723 1989 τε
1754 1958 1853 1990 πα-

1195 2048 1206 2060 ·
1261 2034 1350 2081 καὶ
1406 2034 1498 2087 τὴν
1573 2030 1846 2100 ὁμοίωσιν,

231 2117 301 2178 ὡς
334 2120 399 2167 τὰ
450 2120 761 2188 προκείμενα
817 2125 983 2169 ταῦτα
1041 2139 1053 2150 ’
1109 2122 1198 2169 καὶ
1249 2122 1342 2175 τὴν
1372 2117 1730 2191 τροπολογίαν,
1782 2120 1850 2178 ὡς

228 2210 290 2257 τό
350 2219 364 2234 '
426 2208 512 2257 Υιε
565 2204 858 2277 ἀνθρώπου,
939 2206 1047 2259 εἰπὲ
1142 2206 1319 2268 αὐτοῖς
1394 2211 1487 2264 τὴν
1550 2205 1847 2281 παραϐολὴν

227 2297 427 2352 ταύτην
483 2316 495 2328 ·
555 2294 613 2348 Ὀ
667 2294 811 2356 ἀετὸς
898 2297 923 2347 ό
981 2300 1163 2367 μέγας,
1243 2297 1268 2347 ό
1334 2296 1781 2371 μεγαλοπτέρυγος
1834 2313 1845 2324 ⁸

229 2382 373 2437 ἀετὸν
404 2382 585 2455 λέγων,
645 2388 731 2435 τὸν
786 2383 1010 2456 βασιλέα
1065 2392 1165 2436 τῶν
1225 2385 1522 2458 Ἀσσυρίων
1555 2404 1566 2416 ·
1606 2391 1850 2457 σημαίνει

228 2470 289 2526 δὲ
344 2477 436 2525 καὶ
484 2476 568 2526 τὸν
625 2476 808 2538 τύπον,
872 2476 943 2535 ὡς
998 2474 1118 2526 ὅταν
1172 2474 1289 2547 λέγῃ
1351 2473 1553 2535 Παῦλος
1612 2481 1850 2548 περὶτοῦ

227 2561 491 2636 ’Δϐραὰμ,
578 2564 658 2616 ὃτι
737 2567 823 2614 τὸν
910 2572 1157 2636 μονογενῆ

226 2651 531 2723 ἐπαγγελίας
610 2649 905 2724 δεξάμενος.
992 2652 1143 2705 ’Ὅθεν
1216 2653 1264 2704 ἐν
1340 2652 1610 2725 παραϐολῇ
1697 2654 1848 2707 αὐτὸν

237 2740 545 2814 ἐκομίσατο,
576 2746 864 2811 τουτέστιν,
897 2740 944 2794 ἐν
976 2744 1144 2814 τύπῳ,
1178 2740 1225 2793 ἐν
1252 2741 1457 2815 εἰκόνα]

1256 2568 1588 2637 προσέφερεν,
1665 2566 1690 2616 ό
1761 2568 1851 2616 τὰς

300 2920 369 2972 Ὀ
403 2949 471 2961 -
524 2919 685 2975 ἔστιν.
741 2919 925 2993 Ὅπερ,
988 2925 1196 2995 σπέρμα
1248 2918 1512 2986 ὁηλονότι,
1549 2924 1840 2994 σμικρότα-

228 3029 314 3061 τον
343 3014 433 3081 μέν
463 3010 579 3061 ἐστι
625 3018 687 3082 τῇ
748 3014 1028 3077 ποσότητι,
1083 3013 1330 3081 μέγιστον
1369 3007 1427 3063 δὲ
1472 3018 1532 3081 τῇ
1581 3018 1843 3079 ποιότητι,

234 3102 422 3163 εἶτουν,
476 3106 539 3170 τῇ
604 3095 843 3171 δυνάμει·
900 3102 985 3151 Διὸ
1034 3104 1123 3152 καὶ
1169 3098 1240 3160 εἰς
1293 3102 1507 3171 μέγεθος
1534 3096 1842 3155 ἐπιδίδωσι.

1963 1944 2157 1999 bolam
2198 1942 2264 1998 in
2302 1941 2557 2012 gentibus
2607 1944 2672 1997 η.
2730 1942 3035 1997 Interdum
3084 1947 3284 1998 autem
3338 1942 3623 2011 aenigma-

1963 2032 2143 2088 ticum
2177 2039 2535 2095 sermonem,
2589 2038 2656 2084 ut
2698 2034 2787 2085 est
2831 2029 3019 2085 illud:
3067 2030 3406 2100 Intelligere
3445 2044 3623 2098 para-

1962 2120 2148 2177 bolam
2178 2125 2231 2176 et
2256 2120 2571 2175 obscurum
2588 2133 2908 2175 sermonem
2928 2119 2994 2173 1³.
3018 2118 3320 2187 Signiﬁcat
3336 2122 3623 2189 praeterea

1959 2209 2434 2274 similitudinem,
2480 2207 2661 2263 veluti
2702 2211 2836 2263 sunt
2876 2208 3025 2278 haec,
3069 2223 3200 2279 quae
3250 2206 3347 2262 hic
3406 2222 3624 2277 propo-

1958 2304 2203 2363 nuntur,
2227 2297 2316 2351 Ad
2338 2296 2468 2352 haec
2484 2296 2762 2365 designat
2787 2295 3208 2367 tropologiam,
3230 2300 3295 2351 ut
3318 2298 3407 2350 est
3428 2294 3575 2350 illud
3605 2310 3617 2351 :

1958 2389 2083 2444 Fili
2138 2388 2413 2452 hominis,
2457 2386 2548 2442 dic
2586 2386 2710 2442 illis
2757 2386 3115 2455 parabolam
3175 2384 3330 2441 hanc
3383 2384 3623 2456 :Aquila

1958 2493 2168 2549 magna
2188 2486 2547 2547 magnarum
2569 2477 2809 2532 alarum
2850 2477 2917 2542 “,
2958 2491 3182 2531 vocans
3211 2474 3465 2546 aquilam
3492 2489 3624 2543 reg-

1958 2582 2105 2623 num
2150 2566 2549 2638 Assyriorum.
2600 2566 2850 2637 Insuper
2890 2564 3185 2633 signiﬂcat
3228 2564 3507 2633 ﬁguram,
3558 2567 3625 2618 ut

1957 2656 2207 2729 quando
2248 2655 2386 2711 dicit
2418 2654 2637 2712 Paulus
2670 2656 2717 2691 ³⁸
2756 2654 2831 2710 de
2860 2654 3167 2711 Abraham
3207 2653 3373 2725 quod
3413 2650 3625 2709 obtulit

1956 2744 2167 2815 ﬁlium,
2223 2745 2327 2817 qui
2378 2744 2551 2815 juxta
2598 2742 3029 2816 promissiones
3090 2747 3405 2814 susceptus
3473 2745 3619 2799 erat.

1962 2834 2125 2891 Unde
2155 2835 2220 2890 in
2249 2833 2620 2903 parabolam,
2655 2832 2867 2904 inquit,
2897 2832 3119 2901 recepit
3148 2848 3295 2887 eum.

2026 2926 2188 2979 Vers.
2249 2926 2337 2980 32.
2394 2923 2563 2991 Quod
2599 2958 2662 2968 —
2699 2928 2801 2978 est.
2862 2921 3178 2977 Minimum
3230 2920 3475 2994 quidem
3534 2925 3624 2978 est

1956 3012 2307 3085 quantitate,
2333 3012 2437 3067 sed
2451 3011 2783 3066 maximum
2796 3010 3083 3083 qualitate
3098 3012 3218 3065 sive
3238 3010 3446 3065 virtute
3463 3008 3623 3075 ;idec

1957 3117 2194 3174 quoque
2223 3101 2283 3156 in
2302 3099 2771 3169 magnitudinem
2794 3099 3093 3154 excressit.
3126 3098 3213 3153 Ad
3239 3098 3417 3169 hujus
3442 3099 3621 3154 semi-

235 3189 384 3239 Κατὰ
425 3192 519 3244 τὴν
553 3189 837 3259 ὁμοιότητα
880 3195 1005 3258 γοῦν
1054 3195 1145 3240 τοῦ
1191 3192 1483 3262 σπέρματος
1528 3192 1713 3240 τούτου
1758 3193 1846 3240 καὶ

1969 3192 2049 3246 nis
2098 3189 2542 3245 similitudinem
2593 3193 2650 3244 et
2694 3187 2971 3259 discipuli
3021 3202 3155 3242 cum
3203 3202 3421 3258 parvus
3477 3201 3623 3257 grex

233 3278 283 3327 οἱ
342 3278 596 3347 μαθηταὶ,

234 3364 566 3426 ηὐξήθησαν.

306 3458 408 3505 Καὶ
442 3457 641 3524 γίνεται
697 3484 766 3493 -
802 3453 981 3508 αὑτοῦ.
1042 3461 1221 3506 Ταῦτα
1284 3450 1439 3521 εἶπεν,
1499 3455 1570 3515 εἰς
1624 3458 1844 3527 ἔμφασιν

232 3549 325 3594 τοῦ
357 3544 627 3613 μεγέθους,
669 3548 758 3595 καὶ
813 3551 910 3604 τῆς
966 3548 1299 3615 στερεότητος
1366 3544 1544 3599 αὐτοῦ.
1599 3548 1741 3607 Τινὲς
1788 3542 1847 3597 δὲ

232 3627 457 3691 κλάδους
487 3639 577 3683 τοῦ
627 3630 780 3702 λόγου
819 3640 929 3691 τῆς
951 3636 1177 3692 πίστεως
1226 3630 1385 3698 εἶπον,
1432 3638 1550 3693 τοὺς
1579 3638 1847 3686 πιστεύον-

679 3281 918 3349 ποίμνιον
1003 3280 1142 3337 ὄντες
1221 3276 1414 3349 ὀλίγον,
1498 3277 1563 3337 εἰς
1638 3279 1846 3351 ἄπειρον

234 3740 324 3780 τας
356 3719 654 3793 ἀνθρώπους
708 3719 755 3772 ἐν
815 3717 892 3782 οἷς
939 3730 1340 3779 κατασκηνοῦσι
1387 3725 1452 3774 τὰ
1498 3726 1705 3776 πετεινὰ
1754 3732 1846 3777 τοῦ

236 3810 479 3881 οὐρανοῦ,
523 3810 700 3881 ἡγουν,
730 3811 778 3861 οἱ
804 3809 1017 3882 ἄγγελοι
1044 3811 1382 3882 φυλάττοντες
1403 3812 1611 3873 αὐτούς.

304 3898 508 3971 Ἐτεροι
589 3895 649 3951 δέ
722 3918 870 3970 φασι,
952 3897 1177 3961 κλάδους
1276 3903 1385 3973 μὲν,
1469 3902 1559 3962 τάς
1640 3900 1844 3976 ἀρετὰς,

236 3988 291 4048 ἀς
345 3986 653 4059 βλαστάνειν
711 3990 881 4041 εἴωθεν
925 3990 950 4039 ό
989 3988 1145 4059 λόγος
1200 3997 1290 4049 τῆς
1331 3994 1554 4053 πίστεως
1600 4010 1611 4022 ·
1646 3994 1850 4044 πετεινὰ

239 4072 318 4143 δὲ,
361 4080 481 4138 τοὺς
533 4075 928 4151 ὑπερϐαίνοντας
956 4080 1023 4129 τὰ
1075 4081 1243 4151 γεηρὰ
1288 4081 1592 4153 πράγματα,
1650 4085 1739 4132 καὶ
1779 4088 1849 4151 τῷ

236 4172 406 4238 πτερῷ
437 4172 528 4218 τοῦ
558 4174 647 4218 νοῦ
695 4167 1103 4239 κουφιζομένους
1152 4168 1221 4230 εἰς
1275 4168 1408 4240 ὕψος
1445 4175 1703 4241 γνώσεως,
1760 4176 1849 4224 καὶ

234 4254 348 4325 (35)
378 4258 505 4327 πρὸς
536 4259 620 4307 τὸν
652 4256 867 4330 οὐρανόν
900 4255 1283 4329 ἐπειγομένους.

309 4343 491 4401 Ἀλλην
523 4375 590 4384 -
623 4345 784 4416 ζύμῃ.
849 4347 946 4398 Διὰ
1001 4349 1091 4419 μὲν
1139 4354 1229 4407 τῆς
1293 4346 1596 4420 παραϐολῆς
1647 4356 1739 4401 τοῦ
1772 4368 1850 4400 σι-

235 4434 453 4499 νάπεως,
497 4438 591 4492 τὴν
642 4434 862 4496 αὔξησιν
914 4442 1011 4495 τῆς
1058 4440 1279 4496 πίστεως
1322 4442 1699 4511 προηγόρευσε,
1756 4444 1849 4497 τὴν

1958 3285 2176 3349 essent,
2205 3280 2265 3335 in
2292 3294 2583 3345 magnum
2609 3282 3012 3333 excreverunt.

2029 3370 2193 3425 Vers.
2240 3368 2334 3426 32.
2372 3368 2452 3423 Et
2506 3369 2575 3436 ﬁt
2631 3398 2699 3408 --
2754 3370 2902 3437 ejus.
2938 3367 3069 3421 Haec
3096 3365 3242 3421 dixit
3268 3364 3344 3421 ad
3375 3365 3624 3421 demon-

1959 3459 2302 3515 strationem
2343 3456 2775 3528 magnitudinis
2809 3472 2879 3511 ac
2923 3455 3219 3511 ﬁrmitatis
3282 3455 3435 3526 ejus,
3490 3454 3623 3520 Qui-

1960 3548 2102 3604 dam
2136 3563 2272 3603 vero
2299 3563 2503 3603 ramos
2530 3546 2824 3602 sermonis
2854 3545 3013 3611 ﬁdei,
3041 3545 3321 3601 dixerunt
3346 3542 3620 3600 homines

1959 3639 2288 3708 credentes,
2320 3638 2379 3693 in
2410 3635 2627 3708 quibus
2673 3651 2815 3693 aves
2861 3635 2993 3692 coali
3027 3635 3150 3691 sive
3189 3633 3386 3705 angeli
3427 3632 3626 3689 nidiﬁ-

1958 3730 2112 3791 cant,
2137 3731 2441 3783 servantes
2466 3741 2589 3783 eos.

2026 3903 2139 3963 Alii
2168 3907 2367 3960 autem
2404 3902 2611 3957 dicunt
2637 3916 2841 3957 ramos
2870 3915 3004 3957 esse
3042 3901 3285 3956 virtutes
3314 3914 3467 3973 quas
3498 3912 3626 3969 ger-

1959 3996 2189 4053 minare
2253 3992 2400 4049 solet
2452 3990 2590 4045 ﬁdei
2643 4006 2838 4047 sermo
2891 4006 2903 4045 :
2961 4005 3103 4047 aves
3166 4004 3309 4045 vero
3360 4004 3463 4045 eos
3518 3988 3622 4060 qui

1959 4090 2191 4143 terrena
2216 4080 2769 4154 supergrediuntur,
2803 4082 2982 4151 atque
3013 4078 3112 4135 ala
3137 4079 3355 4136 mentis
3385 4077 3623 4134 elevan-

1959 4181 2054 4232 tur
2097 4173 2177 4230 ad
2210 4170 2562 4243 cognitionis
2607 4168 2981 4225 altitudinem
3025 4169 3132 4241 (-H-
3180 4174 3235 4225 et
3278 4167 3357 4224 ad
3397 4167 3622 4224 caelum

1959 4262 2325 4337 properant).

2030 4354 2196 4409 Vers.
2260 4352 2346 4407 33.
2401 4350 2595 4406 Aliam
2624 4379 2692 4389 —
2718 4348 3036 4417 fermento.
3094 4348 3197 4401 Per
3244 4343 3470 4415 sinapis
3513 4359 3623 4415 pa—

1960 4442 2254 4507 rabolam,
2310 4440 2447 4495 ﬁdei
2507 4441 2876 4494 crementum
2946 4435 3110 4507 prius
3167 4433 3618 4499 demonstravit,

238 4518 334 4573 διὰ
380 4531 478 4582 πῆς
536 4525 845 4595 προσθήκης
902 4532 1001 4575 τῶν
1042 4524 1288 4577 ἑκάστοτε
1327 4531 1672 4580 πιστευόντων
1708 4544 1720 4556 ⁸
1760 4526 1846 4581 διὰ

249 4607 282 4624 ..
362 4618 381 4624 _
605 4610 631 4624 Δ
664 4611 724 4624 .-
844 4620 864 4624 _
949 4614 1001 4624 μ,
1230 4619 1237 4624 .
1329 4615 1340 4624 .
1439 4619 1446 4624 .
1582 4617 1593 4624 .

1969 4530 2125 4602 quod
2170 4529 2236 4585 ﬁt
2271 4528 2572 4585 additione
2612 4541 2819 4581 eorum
2861 4524 2963 4595 qui
3014 4522 3279 4595 quotidie
3318 4521 3571 4578 credunt
3608 4538 3620 4576 :

237 4607 295 4663 δὲ
320 4618 417 4673 τῆς
455 4610 760 4685 παραϐολῆς
805 4620 898 4673 τῆς
943 4614 1129 4685 ζύμης,
1186 4619 1273 4672 τὴν
1326 4615 1486 4686 ἰσχὺν
1533 4617 1696 4677 αὐτῆς
1725 4638 1850 4690 προ-

233 4702 501 4772 κηρύττει.
538 4700 805 4753 Βασιλείαν
831 4704 931 4777 γὰρ
988 4710 1086 4755 τῶν
1118 4703 1346 4779 οὐρανῶν
1371 4704 1544 4772 πάλιν,
1590 4710 1674 4758 τὸν
1702 4706 1851 4779 λόγον

236 4796 336 4851 τῆς
356 4794 582 4852 πίστεως
613 4790 959 4850 ὑποληπτέον,

306 4877 501 4930 Ἠν-
554 4884 695 4955 τρία.
757 4884 913 4934 Σάτον
954 4885 1043 4953 μέν
1096 4880 1238 4935 ἐστιν
1292 4880 1432 4945 εἶδος
1487 4891 1675 4957 μέτρου
1729 4904 1852 4960 τι-οιρ⁹

229 4966 513 5039 Ἑϐραίοις.
574 4974 707 5043 Τρία
775 4967 851 5036 δὲ,
902 4973 969 5023 τὰ
1020 4971 1184 5025 πολλὰ
1221 4980 1308 5026 νῦν
1362 4977 1583 5047 εἴρηκεν.
1614 4975 1852 5028 Εἰώθασι

233 5059 340 5130 γὰρ
378 5057 628 5122 πολλάκις
673 5056 768 5113 διὰ
807 5067 900 5113 τοῦ
954 5058 1179 5136 ἀριθμοῦ
1222 5070 1322 5115 τῶν
1372 5065 1547 5136 θριῶν,
1590 5067 1653 5117 τὰ
1690 5064 1852 5118 πολλά

309 5235 354 5270 ¹¹
388 5233 499 5292 Isa.
524 5253 583 5305 x,
616 5240 703 5294 23.

785 5240 831 5275 ¹²
857 5238 1012 5297 Psal.
1046 5255 1199 5309 mn,
1240 5240 1325 5296 15.
1404 5242 1449 5277 ¹³
1477 5242 1640 5297 Prov.
1680 5259 1715 5309 1,
1749 5246 1801 5300 6.

1878 5242 1926 5279 ¹⁴
1962 5241 2166 5299 Ezech.
2200 5257 2338 5307 xvu,
2372 5243 2425 5297 2.
2457 5240 2510 5295 3.

1964 4635 2061 4692 per
2099 4618 2451 4693 parabolam
2500 4632 2636 4672 vero
2688 4614 2980 4679 fermenti,
3022 4613 3147 4668 vim
3193 4614 3324 4685 ejus
3376 4611 3619 4683 prodiit.

1963 4712 2234 4780 Regnum
2261 4708 2420 4764 enim
2448 4705 2732 4763 caelorum
2764 4719 3005 4760 rursum
3045 4718 3153 4775 pro
3183 4701 3322 4759 ﬁdei
3355 4717 3623 4759 sermone

1964 4799 2322 4854 sumendum
2354 4802 2463 4854 est.

2034 4890 2194 4943 Vers.
2231 4886 2316 4942 33.
2373 4885 2541 4953 Quod
2569 4912 2631 4924 —-
2664 4883 2873 4939 tribus.
2932 4882 3141 4938 Satum
3196 4881 3382 4954 (quod
3442 4881 3620 4937 etiam

1963 4975 2148 5032 Graeci
2201 4977 2356 5028 σάτον
2409 4974 2636 5045 dicunt)
2688 4988 2876 5042 genus
2935 4976 3061 5027 erat
3108 4985 3404 5027 mensurae
3458 4968 3622 5040 apud

1966 5065 2267 5122 Hebraeos.
2288 5064 2420 5121 Tria
2453 5079 2588 5119 vero
2618 5078 2781 5119 nunc
2812 5060 2954 5117 dixit
2983 5060 3206 5126 multa;
3241 5075 3380 5116 nam
3402 5056 3621 5127 saepius

2590 5242 2637 5277 ιε
2660 5238 2840 5298 Hebr.
2871 5253 2953 5309 x1,
2995 5238 3086 5308 ιτ,
3116 5238 3205 5295 49.

1458 5419 1683 5490 Variae
1706 5420 2033 5488 lectiones
2076 5428 2141 5488 et
2173 5430 2378 5488 notae.

306 5611 421 5699 (31:)
449 5610 698 5697 Qﬁ‘endo
726 5611 783 5668 in
813 5613 965 5699 aut;
994 5616 1331 5699 Henteniu‘s,
1363 5617 1651 5699 omnibus.
1680 5620 1846 5675 Forte

230 5684 614 5755 ergoimévmv
646 5685 893 5741 invenit.
928 5688 1089 5744 Certe
1118 5696 1217 5739 τῶν
1250 5687 1375 5742 ὅλων
1407 5688 1584 5745 debet
1623 5705 1771 5745 esse.

306 5755 422 5828 (33)
454 5758 574 5816 Hoc
606 5755 902 5816 scholium
934 5758 1200 5827 inferius,
1230 5764 1367 5818 ante
1398 5776 1548 5819 vers.
1582 5761 1650 5818 36
1686 5760 1845 5818 exhi-

1957 5618 2055 5674 bet
2084 5616 2428 5673 Hentenius.
2462 5614 2650 5671 Habet
2681 5617 2879 5671 autem
2910 5628 3082 5668 meus
3117 5612 3188 5671 B.
3228 5613 3289 5669 in
3321 5608 3610 5679 margine.

2053 5689 2141 5746 34)
2162 5689 2317 5746 Loco
2345 5688 2591 5745 laudato
2623 5693 2709 5743 est
2728 5690 2906 5743 νοήσει
2931 5703 3002 5739 τε.

2053 5690 2119 5746 34
2162 5689 2317 5746 Loco
2345 5689 2591 5745 laudato
2623 5690 2906 5743 estvor’zau
2931 5703 3002 5739 τε.

2028 5689 2141 5834 E35;
2184 5761 2318 5818 Haec
2349 5758 2601 5818 aberant
2628 5757 2796 5830 apud
2826 5753 3209 5816 Hentenium.
