4108 6382
482 377 579 433 411

1802 389 2154 446 EUTHYMII
2197 388 2527 445 ZIGABENI

3753 390 3858 447 412

482 520 583 575 per
627 522 941 567 numerum
985 514 1186 586 trium,
1224 516 1410 571 mluta
1445 516 1779 584 signiﬁcare
1825 516 2033 571 solent.
2075 520 2113 571 E

2244 519 2533 586 σημαίνειν.
2597 517 2696 566 Καὶ
2758 519 2887 584 γυνη
2949 516 3038 585 μὶν
3067 520 3275 579 νοεῖται,
3318 516 3348 572 ἡ
3406 518 3583 587 σοφία,
3618 518 3798 587 ἤγουν,
3831 517 3857 568 ό

482 594 693 651 mulier
736 598 1075 669 intelligitur
1124 606 1436 676 sapientia.
1487 607 1606 659 sive
1666 606 1791 676 ipse
1850 605 2132 670 Christus,

481 700 551 739 eo
593 688 752 757 quod
804 689 1006 746 fertilis
1058 694 1224 749 sitac
1280 695 1518 750 nutriat.
1568 694 1796 749 Fideles
1837 695 2133 767 siquidem

482 788 587 843 per
642 775 1023 847 baptismum
1070 789 1312 853 generat
1344 800 1562 855 eosque
1620 784 1754 838 cibo
1776 784 2129 852 dogmatum

477 862 613 917 ﬁdei
642 868 874 923 enutrit.
923 871 1229 927 Fermento
1263 878 1459 928 autem
1508 879 1892 944 comparatur
1936 888 2129 927 sermo

478 949 639 1006 fidei.
674 955 834 1011 Sicut
892 960 1047 1016 enim
1096 962 1454 1017 fermentum
1492 979 1628 1017 cum
1666 964 1737 1017 sit
1803 962 2127 1031 modicum,

478 1037 536 1092 in
573 1042 756 1099 multa
788 1050 984 1102 tamen
1018 1049 1207 1106 farina
1240 1052 1683 1116 absconditum,
1718 1067 1823 1122 per
1852 1067 2129 1122 consper-

477 1127 707 1186 sionem
751 1134 828 1205 (q)
866 1142 1046 1192 totam
1082 1138 1337 1195 farinam
1374 1142 1429 1195 in
1475 1157 1663 1195 unum
1692 1140 1868 1195 simul
1907 1156 2127 1212 corpus

476 1217 620 1285 unit,
667 1227 722 1275 et
765 1224 824 1278 in
869 1226 1115 1283 alteram
1171 1231 1451 1303 speciem,
1499 1231 1575 1285 ab
1627 1245 1697 1284 ea
1735 1246 1919 1301 quam
1970 1231 2128 1299 prius

470 1305 735 1365 habebat
767 1316 1127 1373 transmutat
1168 1336 1180 1373 :
1215 1335 1471 1391 cumque
1512 1319 1707 1374 farina
1744 1335 1837 1373 res
1872 1319 1944 1373 sit
1974 1335 2123 1374 mor-

470 1397 592 1465 tua,
634 1413 769 1455 eam
818 1404 1275 1473 quodammodo
1315 1408 1601 1477 viviﬁcat,
1630 1424 1699 1463 ac
1739 1408 1857 1462 vim
1894 1407 2127 1463 habens

470 1483 749 1551 activam,
784 1506 1021 1548 sursum
1051 1496 1372 1551 ascendere
1404 1496 1560 1552 facit.
1594 1497 1678 1551 Ita
1709 1512 1949 1568 quoque
1991 1496 2126 1550 ﬁdei

470 1586 687 1641 sermo,
717 1592 855 1633 cum
888 1584 951 1633 ut
981 1582 1200 1638 dictum
1232 1589 1338 1649 est,
1373 1586 1705 1657 quantitate
1728 1584 1801 1639 sit
1831 1584 2122 1653 modicus,

466 1659 528 1715 in
570 1662 889 1722 multorum
936 1671 1245 1727 hominum
1291 1673 1611 1729 animabus
1651 1672 1981 1728 occultatus
2020 1688 2125 1743 per

468 1748 823 1818 doctrinam,
856 1772 1065 1814 omnes
1098 1760 1157 1815 in
1198 1777 1387 1817 unum
1420 1762 1548 1817 unit
1578 1761 1847 1817 Ecclesiae
1881 1777 2118 1833 corpus,

2244 608 2492 676 Χριστός,
2555 600 2647 655 διὰ
2706 606 2761 655 τὸ
2812 607 3022 674 γόνιμον
3086 608 3174 655 καὶ
3240 607 3509 676 τρόφιμον.
3570 610 3725 675 Γεννᾷ
3753 608 3855 680 γὰρ

2240 698 2359 753 τούς
2398 695 2619 752 πιστούς
2660 690 2752 743 διὰ
2780 700 2871 743 τοῦ
2920 692 3311 764 βαπτίσματος,
3346 699 3435 744 καὶ
3465 698 3633 765 τρέφει
3666 694 3855 757 αὐτοὺς

3572 783 3710 855 ζύμῃ
3772 780 3852 853 δι,

2238 872 2263 921 ό
2306 870 2457 940 λόγος
2488 877 2582 931 τῆς
2620 874 2840 929 πίστεως
2894 871 3288 943 παρεικάζεται,
3350 867 3490 922 διότι
3539 872 3771 943 καθάπερ
3820 873 3850 929 ἡ

2238 789 2299 853 τῇ
2363 780 2560 855 βρώσει
2619 790 2713 831 τῶν
2772 778 3049 852 δογμάτων
3089 790 3185 843 τῆς
3227 786 3451 843 πίστεως
3502 824 3513 835 .

2240 960 2399 1031 ζύμη,
2437 959 2583 1029 ὀλίγη
2625 979 2704 1021 τις
2760 955 2911 1023 οὖσα,
2976 964 3064 1010 καὶ
3120 960 3189 1021 εἰς
3242 960 3370 1011 πολὺ
3421 958 3633 1033 ἄλευρον
3665 959 3853 1033 ἐγκρυ-

2236 1048 2407 1113 ϐεῐσα,
2441 1044 2531 1099 διὰ
2581 1057 2672 1109 τῆς
2718 1047 3081 1119 ἀναφυράσεως
3136 1048 3247 1099 ὅλον
3297 1052 3354 1099 τὸ
3408 1048 3623 1118 ἄλευρον
3676 1050 3745 1110 εἰς
3805 1049 3853 1101 ἓν

2238 1146 2389 1209 σῶμα
2422 1144 2639 1205 συνενοῖ,
2677 1142 2767 1188 καὶ
2826 1137 2894 1197 εἰς
2954 1136 3121 1210 ἕτερον
3181 1133 3337 1205 εἶδος,
3398 1140 3533 1209 παρό
3599 1142 3851 1211 πρότερον

2238 1224 2369 1296 εἶχε,
2403 1228 2645 1297 μεθιστᾷ,
2694 1230 2781 1277 καὶ
2829 1228 3003 1298 νεκρόν
3036 1226 3107 1291 ὃν,
3157 1229 3344 1299 τρόπον
3389 1228 3527 1293 τινὰ,
3580 1226 3726 1291 ζωοῖ,
3759 1231 3851 1279 καὶ

2234 1316 2338 1365 ἄνω
2371 1313 2568 1386 βαίνειν
2622 1315 3036 1389 παρασκευάζει,
3094 1310 3315 1385 δύναμιν
3371 1318 3578 1385 ἔχουσα
3631 1312 3852 1387 δραστι-

2233 1409 2347 1461 κὴν.
2407 1405 2559 1455 Οὕτω
2589 1405 2742 1455 καὶὸ
2787 1404 2939 1474 λόγος
2969 1411 3060 1463 τῆς
3113 1408 3359 1470 πίστεως,
3416 1403 3587 1475 ὀλίγος
3646 1405 3735 1469 ὢν,
3786 1406 3853 1464 ὡς

2234 1497 2555 1566 προείρηται,
2597 1500 2658 1564 τῇ
2714 1496 2988 1558 ποσότητι,
3046 1496 3135 1543 καὶ
3184 1493 3595 1564 ἐγκρυπτόμενος
3640 1492 3849 1564 ψυχαῖς

2230 1581 2427 1633 πολλῶν
2479 1581 2757 1653 ἀνθρώπων
2797 1578 2891 1632 διὰ
2938 1589 3033 1653 τῇς
3092 1576 3471 1643 διδασκαλίας,
3533 1583 3730 1642 πάντας
3774 1582 3847 1642 εἰς

2712 1669 3023 1730 Ἐκκλησίας
3105 1677 3323 1737 συνηοί,
3381 1676 3469 1721 καὶ
3550 1674 3615 1730 εἱς
3678 1671 3845 1742 ἕτερον

3117 1763 3206 1811 καὶ
3288 1762 3498 1833 νεκρούς
3556 1762 3706 1819 ὄντας
3770 1759 3843 1820 εἰς

2232 1670 2279 1722 ἓν
2328 1679 2478 1741 σῶμα
2547 1679 2637 1729 τῆς

2231 1755 2370 1819 εἶδος
2448 1758 2711 1819 πολιτείας
2794 1761 3035 1829 μεθιστᾴ,

469 1854 539 1893 ac
594 1840 650 1895 in
704 1844 949 1901 alteram
1000 1852 1467 1906 conversationis
1525 1852 1786 1922 speciem
1832 1856 2115 1906 transmu-

2232 1847 2479 1921 ἐνέργειαν
2547 1846 2749 1919 αρετῆς,
2829 1850 2956 1909 ζωοί
3006 1850 3129 1921 πρὸς
3206 1846 3452 1919 ἐργασίαν
3510 1848 3673 1909 αὐτῆς
3746 1852 3837 1899 καὶ

468 1930 569 1992 tat,
605 1946 862 2002 cumque
911 1940 1127 1993 mortui
1181 1941 1294 1995 sint
1346 1940 1418 1997 ad
1479 1956 1663 2012 opera
1737 1940 1984 2005 virtutis,
2042 1940 2118 1994 vi-

465 2016 664 2073 viﬁcat
695 2021 768 2074 ad
799 2024 927 2093 ejus
958 2029 1366 2097 operationem
1404 2047 1415 2084 :
1445 2035 1498 2085 et
1534 2046 1774 2084 sursum
1802 2029 2121 2085 ascendere

467 2104 607 2159 facit
663 2108 741 2163 ad
798 2112 1017 2169 ccelum
1072 2118 1394 2189 omniaque
1451 2117 1627 2174 efficit
1681 2133 1788 2173 sua
1834 2116 2121 2173 ineffabili

464 2196 747 2265 potentia.

538 2285 694 2340 Vers.
742 2288 832 2354 33,
875 2290 1070 2348 Donec
1114 2326 1182 2334 —
1224 2300 1438 2353 totum.
1478 2299 1680 2368 Neque
1728 2296 1893 2353 enim
1924 2296 1983 2351 in
2016 2296 2118 2352 ho-

460 2371 697 2429 minum
730 2377 1051 2436 animabus
1076 2383 1439 2439 occultatum
1463 2385 1749 2456 quiescet,
1773 2386 1960 2440 donec
1989 2401 2121 2441 om-

458 2476 567 2517 nes
596 2462 657 2517 in
712 2481 898 2523 unum
938 2471 1165 2534 unierit,
1212 2489 1364 2545 quos
1425 2474 1717 2545 sapientia
1783 2474 1885 2530 illa
1928 2475 2114 2546 prasti-

461 2551 624 2619 nivit,
704 2569 840 2624 quae
899 2559 1171 2616 omnium
1229 2568 1457 2618 mentes
1501 2564 1919 2634 praecognovit.
1968 2567 2117 2620 Nam

462 2639 574 2694 tria
618 2648 749 2698 sata
792 2662 1147 2719 quanquam
1199 2651 1630 2720 signiﬁcatione
1671 2652 2116 2709 multitudinem

462 2727 889 2799 demonstrent,
976 2742 1231 2794 attamen
1273 2756 1525 2796 numero
1576 2741 1824 2797 tandem
1878 2742 2119 2798 deﬁnita

464 2823 619 2872 sunt.
654 2821 865 2890 Magna
903 2840 1045 2895 ergo
1064 2836 1149 2881 est
1181 2830 1621 2899 praedicationis
1650 2830 1835 2885 virtus
1872 2848 1884 2884 :
1927 2832 2117 2902 quod-

464 2920 583 2975 que
605 2909 783 2964 semel
823 2911 1244 2972 fermentatum
1278 2923 1383 2979 est,
1421 2934 1661 2972 rursum
1690 2919 1931 2990 reliquae
1962 2921 2115 2991 parti

462 2992 821 3054 fermentum
843 3000 959 3057 ﬁet.
988 3005 1243 3069 Quidam
1260 3011 1457 3061 autem
1499 3007 1753 3063 farinam
1781 3008 1983 3063 dicunt
2013 3010 2118 3063 ho-

464 3082 659 3137 mines
697 3102 708 3139 :
740 3092 870 3144 sata
902 3107 1037 3146 vero
1054 3092 1162 3149 tria
1193 3094 1313 3150 sive
1338 3100 1452 3151 tres
1478 3096 2112 3168 mensuras,.Judteos,

465 3172 868 3233 Samaritanos
910 3184 967 3235 et
998 3180 1255 3239 Graecos.

534 3262 695 3319 Vers.
738 3269 827 3335 34,
859 3269 948 3324 35.
979 3272 1117 3325 Ηωσ
1144 3303 1211 3312 -
1240 3274 1459 3329 seculi.
1503 3275 1637 3329 Sine
1673 3273 1966 3344 parabola
1992 3289 2114 3329 non

457 3349 811 3423 loquebatur
876 3358 982 3421 eis,
1036 3363 1302 3431 tempore
1367 3361 1467 3416 illo
1528 3361 1855 3417 videlicet:
1926 3362 2115 3418 multa

457 3440 614 3496 enim
679 3443 901 3514 saepius
953 3445 1067 3501 illis
1139 3449 1372 3505 locutus
1438 3454 1525 3505 est
1582 3450 1707 3505 sine
1762 3451 2109 3521 parabolis;

455 3530 597 3582 tunc
655 3536 855 3587 autem
910 3550 1013 3603 per
1074 3537 1396 3607 parabolas
1463 3539 1819 3610 loquebatur
1881 3540 1984 3609 eis,
2050 3544 2112 3595 ut

453 3617 850 3687 compleretur
886 3624 1043 3692 quod
1077 3624 1301 3682 dictum
1360 3627 1551 3683 fuerat
1582 3644 1685 3699 per
1717 3629 1901 3683 David
1936 3630 2003 3683 ¹⁶,
2040 3630 2111 3685 At

452 3704 751 3761 translatio
805 3709 1194 3781 Septuaginta
1252 3714 1638 3786 interpretum
1679 3717 1857 3771 habet
1895 3718 2110 3789 φθέγξο-

450 3814 547 3867 μαι
585 3796 931 3868 προϐλήματα
962 3801 1048 3851 ἀπ’
1095 3800 1266 3875 ἀρχῆς
1317 3805 1527 3875 loquar
1578 3806 1943 3874 problemata
1989 3810 2109 3864 sive

447 3885 864 3953 propositiones
900 3889 1173 3945 obscuras
1204 3893 1278 3947 ab
1308 3894 1495 3947 initio.
1532 3894 1639 3958 Qui
1682 3911 1821 3950 vero
1845 3912 2106 3967 praesens

453 3973 843 4041 Evangelium
882 3976 940 4031 in
970 3977 1229 4035 Graecam
1258 3982 1552 4037 transtulit
1590 3983 1881 4053 linguam,
1921 3984 2102 4041 dixit:

447 4062 761 4135 Ἐρεύξομαι
860 4072 1188 4140 κεκρυμμένα
1291 4070 1390 4122 ἀπὸ
1485 4071 1779 4133 καταϐολῆς

450 4152 754 4209 Eructabo
803 4156 1147 4215 abscondita
1178 4176 1215 4216 α
1250 4162 1663 4217 constitutione
1716 4165 1941 4219 mundi.
2001 4168 2104 4219 He-

452 4241 662 4297 braicis
711 4260 973 4315 prtesens
1031 4246 1413 4315 dictionibus,
1472 4268 1605 4322 quae
1656 4256 1712 4307 et
1742 4252 1871 4307 haec
1903 4257 1959 4308 et
2004 4254 2106 4310 illa

450 4331 808 4401 signiﬁcant.
856 4334 1014 4389 Sicut
1045 4342 1240 4392 eructo
1276 4338 1574 4408 signiﬁcat
1640 4340 1819 4396 etiam
1862 4344 2100 4413 loquor;

447 4426 504 4476 et
585 4420 668 4475 illi
726 4421 1072 4495 προϐλήματα
1144 4426 1415 4483 dixerunt
1473 4429 1775 4501 αἰνίγματα,
1834 4431 1984 4486 sicut
2049 4438 2104 4489 et

444 4508 655 4579 Aquila
712 4514 956 4566 testatus
996 4520 1103 4568 est.
1174 4516 1510 4585 Aﬁnigmata
1572 4535 1709 4574 vero
1750 4526 1885 4575 sunt
1927 4520 2101 4577 etiam

444 4597 803 4667 evangelicae
839 4601 1167 4670 parabolaa.
1206 4606 1732 4668 Quemadmodum
1777 4609 1934 4663 enim
1968 4611 2103 4665 aani-

443 4690 650 4755 gmata
680 4686 1087 4745 absconditam
1119 4691 1343 4748 habent
1375 4696 1703 4759 veritatem,
1748 4695 1831 4751 ita
1866 4714 2009 4754 sane
2047 4705 2102 4756 et

441 4773 573 4828 illae.
602 4775 769 4838 Quod
796 4781 994 4832 autem
1035 4778 1247 4835 dicitur
1281 4799 1292 4835 :
1346 4785 1387 4836 A
1434 4784 1839 4841 constitutione
1876 4789 2097 4852 saeculi,

440 4861 601 4917 idem
661 4863 955 4932 signiﬁcat
1009 4869 1191 4937 quod,
1252 4870 1340 4926 Ab
1392 4872 1561 4927 initio
1613 4873 1827 4928 mundi.
1875 4876 2101 4931 Marcus

439 4966 578 5007 vero
604 4951 753 5008 dixit
773 4974 785 5009 :
807 4954 885 5010 Et
910 4954 1254 5026 hujusmodi
1273 4962 1571 5029 parabolis
1598 4963 1801 5018 multis
1826 4964 2097 5035 loqueba-

443 5046 543 5097 tur
568 5045 648 5099 ez‘s
681 5058 1008 5102 sermonem
1048 5053 1225 5116 prout
1288 5056 1564 5119 poterant
1624 5052 1827 5108 audire
1876 5054 1943 5117 ¹⁷,
1985 5054 2100 5111 hoc

514 5220 561 5258 ιδ
590 5220 747 5280 Psal-
788 5232 1003 5292 Lxxvn‘,
1044 5226 1098 5281 2.
1177 5226 1220 5263 1⁷
1254 5226 1431 5285 Marc.
1464 5244 1539 5296 ιν,
1571 5232 1661 5286 33.

1879 4078 2101 4146 κόσμου,
2133 4126 2139 4133 ,

2231 1938 2333 1987 ἄνω
2366 1934 2561 2008 βαίνειν
2622 1940 2745 2011 πρὸς
2794 1936 3007 2008 ούρανόν
3066 1937 3478 2011 παρασκευάζει,
3520 1941 3610 1989 καὶ
3669 1939 3839 1989 πάντα

2230 2030 2384 2092 ποιεῖ,
2422 2021 2642 2097 δύναμιν
2670 2028 2805 2096 ἔχων
2836 2026 3054 2097 ἄφατον.

2298 2290 2423 2352 Ἐως
2468 2323 2537 2335 --
2598 2292 2729 2344 ὅλον.
2795 2291 2869 2343 Ού
2926 2296 3175 2349 στήσεται
3248 2292 3373 2364 γὰρ,
3433 2289 3843 2364 ἐγκρυπτόμενος

2228 2386 2340 2442 ταῖς
2370 2380 2578 2452 ψυχαῖς
2635 2388 2733 2432 τῶν
2790 2379 3088 2455 ἀνθρώπων,
3124 2380 3213 2439 ἕως
3265 2380 3325 2431 οὖ
3378 2379 3637 2432 ἐνωθῶσιν
3664 2380 3731 2440 εἰς
3788 2381 3841 2432 ἓν

2226 2472 2427 2539 πάντες,
2471 2470 2559 2531 οῦς
2606 2474 2888 2544 προώρισεν
2937 2471 2966 2527 ἡ
3019 2470 3223 2520 πάντων
3271 2470 3359 2529 τὰς
3406 2474 3609 2540 γνώμας
3656 2487 3835 2543 προγι-

2226 2564 2503 2610 νώσκουσα
2536 2563 2710 2630 σοφία.
2768 2560 2845 2610 Τὰ
2874 2560 2975 2629 γὰρ
3032 2562 3153 2632 τρία
3208 2560 3364 2624 σάτα,
3416 2558 3459 2610 εἰ
3507 2562 3595 2609 καὶ
3641 2565 3702 2629 τῇ
3738 2557 3837 2629 ἐμ-

2228 2651 2378 2719 φάσει
2430 2648 2624 2709 πλῆθος
2674 2644 2947 2713 δηλοῦσιν,
2983 2646 3109 2697 ἀλλὰ
3163 2655 3235 2717 τῷ
3286 2645 3491 2720 ἀριθμῷ
3533 2665 3837 2719 πεπερατω-

2226 2741 2353 2808 μένα
2377 2740 2496 2796 τέως
2538 2738 2658 2791 εἰσί.
2698 2735 2862 2794 Πολλὴ
2898 2732 2984 2787 οὖν
3016 2743 3107 2787 τοῦ
3136 2738 3476 2809 κηρύγματος
3514 2737 3543 2793 ἡ
3591 2732 3836 2808 δύναμις,

2225 2831 2311 2878 καὶ
2356 2829 2413 2877 τὸ
2473 2827 2706 2897 ζυμωθεν
2758 2825 2917 2891 ἅπαξ,
2962 2826 3103 2897 ζύμη
3148 2826 3302 2877 πάλιν
3350 2833 3422 2895 τῷ
3478 2825 3640 2895 λοιπῷ
3694 2829 3838 2899 μέρει

2224 2919 2434 2986 γίνεται.
2487 2919 2631 2975 Τινὲς
2684 2911 2743 2966 δὲ
2792 2913 3001 2986 ἄλευρον
3042 2916 3130 2986 μὲν
3180 2913 3411 2985 λέγουσι,
3464 2918 3581 2973 τοὺς
3633 2912 3837 2986 ἀνθρώ-

2228 3023 2356 3064 πους
2398 3021 2409 3032 ⁸
2464 3006 2598 3055 σάτα
2652 3000 2730 3066 δὲ,
2778 3004 2913 3066 ἦτοι,
2976 3007 3140 3076 μέτρα
3177 3007 3317 3075 τρία,
3351 3006 3467 3063 τοὺς
3520 2998 3831 3073 Ἰουδαίους,

2225 3096 2346 3155 τοὺς
2377 3098 2715 3167 Σαμαρείτας,
2744 3097 2832 3144 καὶ
2864 3096 2983 3153 τοὺς
3004 3091 3269 3152 Ἕλληνας.

2294 3278 2472 3323 Ταῦτα
2527 3304 2594 3311 -
2646 3275 2869 3342 κόσμου.
2929 3274 3106 3343 Χωρὶς
3168 3268 3474 3343 παραϐολῆς
3527 3269 3621 3322 οὐκ
3671 3268 3836 3323 ἐλάλει

2222 3359 2415 3428 αὐτοῖς,
2469 3363 2600 3411 κατὰ
2646 3363 2733 3411 τόν
2790 3361 2968 3431 καιρόν
3025 3357 3233 3422 ἐκεῖνον,
3269 3354 3500 3415 δηλαδή.
3536 3357 3706 3411 Πολλὰ
3734 3360 3835 3433 γὰρ

2221 3449 2465 3510 πολλάκις
2515 3448 2756 3505 ἐλάλησεν
2793 3448 2990 3511 αὐτοῖς,
3042 3446 3180 3518 δίχα
3212 3445 3512 3521 παραϐολῆς
3550 3463 3562 3477 ⁸
3622 3452 3736 3500 τότε
3776 3444 3839 3501 δὲ

2223 3534 2316 3589 δ’ιὰ
2374 3537 2676 3611 παραϐολῶν
2744 3535 2905 3588 ἐλάλει
2975 3536 3170 3601 αὐτοῖς,
3270 3538 3353 3587 ἵνα
3427 3536 3675 3609 πληρωθῇ
3744 3542 3837 3590 καὶ

2218 3632 2273 3679 τό
2303 3629 2456 3701 ῥηθὲν
2511 3623 2601 3678 διὰ
2635 3634 2726 3678 τοῦ
2777 3622 2962 3677 Δαυίδ·
3026 3624 3161 3677 Ἀλλ’
3218 3627 3247 3682 ἡ
3301 3627 3391 3695 μὲν
3452 3624 3694 3699 ἑρμηνεία
3733 3634 3833 3677 τῶν

2217 3714 2627 3787 Ἑϐδομήκοντα,
2712 3714 2999 3787 φθέγξομαι
3080 3712 3428 3786 προϐλήματα
3501 3712 3590 3764 ἀπ’
3653 3711 3833 3785 ἀρχῆς

2218 3805 2437 3879 ἔγραψεν
2473 3822 2488 3837 ο
2518 3805 2574 3856 Ὀ
2608 3801 2666 3856 δὲ
2708 3808 2766 3856 τὸ
2816 3807 2978 3878 παρὸν
3014 3802 3322 3873 Εύαγγέλιον
3363 3801 3433 3863 εἰς
3476 3806 3567 3860 τὴν
3605 3798 3833 3854 Ἐλλάδα

2215 3895 2459 3966 γλῶσσαν
2538 3892 2857 3965 μεταϐαλὼν,
2943 3891 3251 3965 Ἐρεύξομαι
3341 3894 3667 3963 κεκρυμμένα
3725 3889 3828 3942 ἀπό

2214 3983 2507 4044 καταϐολῆς
2559 3988 2779 4054 κόσμου,
2859 3985 3051 4054 εἴρηκε,
3128 3987 3244 4042 ταῖς
3313 3979 3603 4052 Ἐϐραικαῖς
3656 3977 3829 4041 λέξεσι

2213 4078 2489 4145 προσχὼν,
2542 4074 2731 4131 αἳτινες
2756 4076 2846 4122 καὶ
2903 4079 3065 4122 ταῦτα
3093 4068 3308 4121 κάκεῖνα
3352 4066 3595 4126 δηλοῦσι.
3631 4072 3731 4120 Καὶ
3766 4070 3827 4119 τό

2214 4165 2506 4233 Ερεύγομαι
2556 4163 2678 4235 γὰρ,
2739 4163 2796 4211 τὸ
2854 4161 3154 4230 Φθέγγομαι
3211 4162 3479 4231 σημαίνει.
3548 4159 3644 4209 Καὶ
3693 4175 3829 4229 προ-

2215 4250 2456 4323 ϐλήματα
2490 4249 2692 4316 ἐκεῖνοι,
2743 4252 2807 4300 τὰ
2855 4248 3140 4320 αἰνίγματα
3195 4244 3357 4313 εἷπον,
3391 4250 3459 4308 ὡς
3512 4250 3601 4298 καὶ
3650 4247 3675 4297 ό
3708 4244 3829 4317 (36)

2950 4338 3247 4409 Αἰνίγματα
3306 4332 3365 4388 δέ
3439 4335 3569 4387 εἰσιν
3628 4339 3716 4385 καὶ
3771 4335 3827 4385 αἱ

2859 3985 3051 4056 εἴρηκε,

2228 4343 2433 4401 Ακύλας
2489 4338 2865 4412 ἐμαρτύρησεν.

2214 4429 2545 4500 εύαγγελικαὶ
2598 4426 2909 4502 παραϐολαί.
2966 4428 3207 4497 Καθάπερ
3265 4428 3367 4498 γὰρ
3422 4427 3486 4475 τα
3541 4424 3830 4494 αἰνίγματα

2213 4521 2568 4591 κεκρυμμένην
2647 4520 2837 4588 ἔχουσι
2917 4518 3010 4573 τὴν
3083 4513 3347 4579 ἀλήθειαν,
3406 4511 3540 4563 οὕτω
3605 4507 3672 4568 δὴ
3736 4513 3829 4561 καὶ

2214 4608 2388 4659 αὗται.
2450 4611 2549 4659 Καὶ
2597 4610 2655 4657 τό
2733 4604 2857 4659 Ἀπὸ
2956 4602 3242 4663 καταϐολῆς
3318 4599 3377 4654 δὲ
3446 4604 3671 4671 κόσμου,
3744 4600 3827 4666 τό,

2213 4696 2297 4748 ἀπ’
2331 4696 2505 4769 ἀρχῆς
2562 4700 2785 4767 κόσμου,
2843 4691 3016 4751 δηλοῖ.
3070 4692 3127 4743 Ὀ
3172 4688 3231 4743 δε
3273 4693 3487 4765 Μάρκος
3535 4684 3689 4751 εἶπεν,
3747 4687 3829 4738 ὅτι

2215 4791 2313 4838 Καὶ
2375 4788 2644 4847 τοιαύταις
2721 4782 3043 4858 παραϐολαῖς
3100 4780 3317 4841 πολλαὶς
3397 4776 3563 4830 ἐλάλει
3644 4775 3827 4836 αὐτοῖς

2210 4879 2296 4926 τόν
2379 4874 2546 4946 λόγον,
2621 4876 2794 4933 καθὼς
2891 4868 3146 4930 ἠδύναντο
3248 4867 3474 4932 ἀκούειν,
3557 4867 3824 4931 τουτέστι,

2210 4966 2381 5026 καθὼς
2439 4961 2572 5022 ἦσαν
2630 4962 2767 5025 ἄξιοι
2815 4960 3017 5013 ἀκούειν
3067 4959 3115 5011 οἱ
3156 4964 3480 5033 Γραμματεῖς
3532 4958 3621 5007 καὶ
3669 4958 3826 5014 Φαςι-

2213 5062 2374 5108 σαίοι.
2439 5053 2587 5108 Ἐπεὶ
2628 5056 2727 5127 γὰρ
2794 5051 2851 5103 ού
2910 5047 3004 5103 διὰ
3054 5052 3112 5102 τό
3159 5047 3486 5121 ὠφεληθῆναι
3542 5044 3823 5117 ἠκροῶντο,

1662 5356 1890 5424 Variae
1923 5358 2348 5449 lectioneslet
2379 5367 2582 5426 notae.

509 5538 623 5613 (36)
666 5542 778 5608 Qui
835 5544 1060 5603 scilicet
1118 5551 1171 5605 et
1203 5549 1331 5621 ipse
1376 5550 1508 5607 loco
1574 5552 1753 5611 habet
1818 5559 2124 5629 αἰνίγματα.

519 5718 596 5793 (α)
623 5720 1139 5793 Conspersz'onem.
1167 5727 1687 5792 Commistionem.
