4108 6386
302 408 410 463 413

1303 410 1674 468 COMMENT.
1716 410 1787 466 IN
1825 410 2277 468 MATTH/EUM.
2310 443 2378 452 —
2404 412 2559 468 CAP.
2590 412 2738 469 XIII.

3568 409 3671 465 414

290 533 421 586 ἀλλά
452 530 545 587 διὰ
575 538 631 587 τό
676 533 967 607 ἐπηρεάσαι
1004 542 1105 597 τοῖς
1148 535 1307 588 αὑτοῦ
1337 536 1527 609 λόγοις,
1577 536 1625 589 ἐν
1671 535 1874 613 παραϐο

2010 542 2098 593 est
2122 542 2422 610 quatenus
2453 539 2619 609 digni
2657 544 2824 595 erant
2862 539 2938 595 ad
2986 536 3358 595 audiendum
3402 536 3584 591 Sribae
3616 539 3672 591 et

288 622 405 682 λαῖς
436 624 613 685 αὐτοῖς
658 623 920 691 ἐλάλησεν,
957 626 1037 677 ἵνα
1066 631 1155 677 καὶ
1203 626 1358 686 αὐτὸς
1409 631 1466 678 τό
1513 627 1697 679 οἰκεῖον
1750 630 1895 701 ἔργον

290 716 367 769 εἰη
401 713 630 786 πληρῶν,
663 718 751 766 καὶ
796 714 944 766 αὐτοὶ
992 720 1062 786 μὴ
1102 723 1353 785 νοοῦντες,
1398 715 1614 787 ἀλέγει,
1653 722 1893 788 μείνωσιν

291 803 575 876 ἄπρακτοι.

356 1074 484 1122 Τότε
543 1100 612 1110 -
670 1072 901 1133 Ἰησοῦς.
969 1072 1052 1133 Εἰς
1110 1077 1203 1131 τὴν
1268 1073 1455 1144 οἰκίαν,
1518 1074 1568 1127 ἐν
1734 1074 1888 1139 ἐξενο-

286 1156 524 1229 δοχεῖτο.

360 1253 459 1300 Καὶ
489 1249 787 1321 προσῆλθον
833 1283 895 1291 -
928 1250 1111 1323 ἀγροῦ.
1148 1252 1295 1305 Κατά
1325 1258 1481 1325 μόνας
1520 1258 1649 1325 μετὰ
1684 1254 1887 1329 παρρη-

285 1342 405 1397 σίας
451 1336 729 1411 ἐρωτῶσιν,
786 1342 855 1401 ὡς
904 1339 1216 1404 ἀκούσαντες
1264 1348 1531 1418 πρότερον,
1582 1345 1659 1396 ὅτι
1714 1344 1887 1405 αὑτοῖς

281 1423 498 1479 δέδοται
545 1436 738 1498 γνῶναι
788 1432 854 1481 τὰ
884 1436 1175 1506 μυστήρια.
1212 1438 1337 1505 Περὶ
1383 1438 1545 1505 μόνης
1584 1430 1642 1485 δε
1688 1437 1884 1497 ταύτης

276 1524 366 1575 τῆς
396 1516 695 1589 παραϐολῆς
747 1518 1026 1593 ἐρωτῶσιν,
1078 1523 1145 1582 ὡς
1176 1524 1265 1582 τὰς
1294 1521 1451 1584 ἄλλας
1487 1520 1583 1575 δύο
1632 1527 1881 1590 συνέντες,

278 1611 365 1664 τήν
392 1625 444 1658 τε
469 1614 560 1658 τοῦ
594 1608 866 1671 σινάπεως,
908 1614 997 1661 καὶ
1026 1614 1118 1668 τὴν
1158 1619 1253 1671 τῆς
1289 1613 1477 1683 ζύμης,
1512 1612 1599 1664 ἅτε
1634 1617 1883 1685 σαφεστέ-

280 1713 378 1767 ρας
420 1698 601 1754 οὔσας.
656 1697 795 1753 Αύτη
848 1693 907 1749 δε
952 1704 1042 1751 καὶ
1094 1698 1310 1772 φοϐερὰν
1359 1696 1498 1771 εἶχεν
1537 1700 1749 1759 ἀπειλὴν
1803 1702 1885 1753 ἐπὶ

282 1783 433 1847 τελει,
468 1783 790 1858 θορυϐοῡσαν
817 1786 1022 1847 αύτούς,

2008 628 2305 683 Phariszni.
2340 633 2486 686 Nam
2519 631 2661 702 quia
2701 646 2821 686 non
2862 630 2935 685 ad
2970 629 3333 685 sumendam
3364 626 3663 682 utilitatem

2006 716 2353 788 audiebant,
2410 721 2513 774 sed
2560 720 2637 774 ad
2702 720 3051 775 struendam
3116 717 3488 773 sermonibus
3532 716 3661 785 ejus

2005 806 2370 863 calumniam
2418 826 2431 862 :
2482 808 2543 863 in
2598 809 2900 880 parabolis
2951 808 3185 863 locutus
3229 810 3317 861 est
3353 806 3561 860 eiszut
3605 808 3661 861 et

2001 896 2128 966 ipse
2184 912 2357 952 suum
2417 913 2569 968 opus
2644 897 3016 968 adimpleret,
3073 902 3125 952 et
3181 896 3261 951 illi
3314 911 3436 949 non
3489 893 3655 948 intel-

2000 986 2248 1056 ligentes
2286 1004 2422 1059 quae
2470 989 2708 1055 diceret,
2767 1005 2870 1059 per
2927 988 3028 1043 illa
3081 987 3225 1042 nihil
3278 987 3652 1058 proﬁcerent.

2070 1077 2241 1133 Vers.
2281 1079 2368 1133 36.
2427 1079 2591 1133 Tunc
2642 1110 2709 1117 —
2757 1080 2942 1133 Jesus.
2993 1079 3057 1133 In
3092 1078 3342 1132 domum
3390 1075 3495 1130 ubi
3524 1075 3658 1130 hos-

2000 1166 2317 1237 pitabatur.

2000 1327 2011 1339 .
2070 1254 2235 1312 Vers.
2260 1260 2352 1311 36.
2384 1257 2465 1311 Et
2495 1263 2877 1312 accesserunt.
2906 1287 2963 1297 —
3005 1258 3156 1325 agri.
3189 1254 3446 1311 Seorsim
3478 1252 3659 1308 libere

1996 1344 2471 1412 lnterrogabant,
2529 1349 2593 1399 ut
2622 1344 2718 1416 qui
2746 1344 2911 1415 prius
2949 1344 3256 1399 audierant
3309 1344 3515 1397 datum
3547 1341 3660 1396 illis

1996 1446 2128 1487 esse
2144 1437 2462 1489 utnossent
2494 1434 2790 1504 mysteria.
2822 1434 2901 1488 De
2921 1433 3047 1488 sola
3064 1448 3204 1486 vero
3223 1431 3336 1485 hac
3368 1427 3659 1500 parobola

1996 1521 2386 1591 interrogant,
2407 1527 2607 1593 utpote
2627 1522 2888 1594 reliquas
2904 1521 3127 1576 duasin
3142 1520 3490 1589 telligentes,
3511 1520 3659 1588 puta

1995 1610 2069 1665 de
2102 1610 2299 1681 sinapi
2330 1615 2385 1666 et
2414 1610 2487 1666 de
2511 1610 2824 1677 fermento,
2860 1616 3148 1682 tanquam
3193 1606 3653 1665 manifestiores.

1996 1701 2127 1754 Haec
2204 1704 2403 1755 autem
2456 1698 2948 1755 formidabiliores
2998 1698 3157 1755 circa
3220 1698 3405 1753 ﬁnem
3456 1695 3652 1751 minas

1992 1788 2274 1852 habebat,
2308 1804 2443 1860 quas
2473 1788 2636 1859 ipsos
2667 1788 3057 1844 exterrebant.

356 1872 413 1923 Ὀ
473 1870 530 1925 δὲ
585 1872 885 1946 ἀποκριθεὶς
936 1906 1002 1915 -—
1061 1875 1346 1950 ἄνθρωπον.
1402 1880 1521 1929 Υὶόν
1589 1877 1874 1952 ἀνθρώπου,

2064 1877 2225 1932 Vers.
2254 1881 2340 1933 37.
2388 1877 2748 1946 Respondens
2780 1883 2974 1932 autem
3024 1907 3091 1915 —
3132 1874 3400 1931 hominis.
3441 1872 3647 1928 Filium

286 1961 467 2013 ἑαυτὸν
533 1961 797 2034 ὀνομάζει,
844 1961 937 2015 διὰ
998 1969 1091 2023 τὴν
1138 1970 1442 2037 φαινομένην
1495 1966 1882 2041 ἐνανθρώπησιν

282 2050 464 2104 αὐτοῦ.
515 2056 613 2103 Καὶ
661 2059 811 2104 τοῦτο
858 2063 1091 2125 συνεχῶς
1136 2054 1287 2126 λέγει,
1341 2054 1586 2127 βεϐαιῶν,
1630 2058 1708 2109 ότι
1748 2061 1882 2109 κατὰ

281 2138 527 2197 ἀληθειαν
560 2139 941 2216 ἐνηνθρώπησε,
975 2147 1063 2195 καὶ
1107 2146 1238 2196 ἔστω
1286 2163 1368 2196 σοι
1394 2152 1546 2197 τοῦτο
1573 2154 1664 2197 τοῦ
1699 2146 1881 2199 λοιποῦ

278 2234 560 2303 γνώριμον.

349 2316 406 2369 ⁸0
462 2314 521 2370 δὲ
574 2317 735 2392 ἀγρὸς
794 2350 862 2359 —
921 2324 1138 2394 κόσμος.
1196 2322 1457 2397 Ἀνωτερω
1516 2327 1629 2397 περὶ
1691 2328 1877 2377 τούτου

274 2412 602 2481 προείρηται.

343 2500 414 2548 Τό
448 2492 506 2549 δὲ
537 2496 690 2549 καλόν
726 2528 793 2537 -
820 2498 972 2553 εἰσίν.
1002 2504 1147 2561 Τίνες
1178 2500 1293 2571 (37)
1327 2502 1469 2554 οὗτοι
1497 2521 1508 2569 ;

345 2588 413 2637 Οἱ
466 2588 570 2638 υἱοὶ
623 2595 719 2648 τῆς
782 2586 1075 2658 βασιλείας.
1138 2592 1249 2641 Υἱοὶ
1301 2594 1390 2662 μὲν
1453 2600 1544 2651 τῆς
1603 2590 1875 2663 βασιλείας

270 2674 508 2745 λέγονται
549 2677 597 2727 οἱ
640 2672 934 2748 ὀρθόδοξοι,
968 2680 1035 2737 ὡς
1084 2679 1183 2729 ὑπό
1228 2687 1319 2731 τοῦ
1352 2678 1611 2751 βασιλέως
1642 2690 1875 2753 Χριστοῦ

278 2769 559 2836 σπαρέντες
604 2764 674 2826 εἰς
738 2770 996 2839 γεωργίαν
1059 2766 1265 2841 ἀρετῆς,
1322 2773 1412 2821 καὶ
1459 2770 1570 2841 (38)
1625 2772 1876 2845 κληρονο-

274 2860 388 2923 μεῖν
468 2862 562 2915 τῆς
645 2852 908 2926 βασιλείας
1002 2856 1159 2908 αὑτοῦ
1246 2857 1527 2926 μέλλοντες·
1612 2862 1717 2913 υἱοὶ
1793 2859 1869 2926 δε,

272 2950 368 2993 τοῦ
421 2950 668 3017 πονηροῦ,
743 2946 791 2995 οἱ
843 2947 1111 3019 αἰρετικοὶ,
1176 2950 1244 3009 ὡς
1317 2948 1417 2999 ὑπὸ
1474 2956 1564 3000 τοῦ
1625 2947 1874 3002 διαϐόλου

276 3035 558 3104 σπαρέντες
645 3033 715 3094 εἰς
774 3039 1030 3107 γεωργίαν
1099 3040 1306 3102 κακίας,
1388 3043 1476 3089 καὶ
1542 3037 1874 3113 κληρονομεῖν

273 3126 365 3170 τοῦ
433 3120 819 3192 ἡτοιμασμένου
882 3122 1023 3193 αύτῷ
1100 3129 1265 3195 πυρός
1337 3125 1598 3196 μελλοντες
1660 3130 1869 3199 ὁμοίως.

1002 2856 1159 2908 αὐτοῦ
1246 2857 1527 2929 μέλλοντες·

1992 1967 2253 2022 hominis
2285 1966 2550 2037 seipsum
2579 1966 2873 2035 nominat,
2921 1971 3161 2037 propter
3212 1963 3647 2018 humanitatem

1992 2073 2153 2111 suam
2207 2072 2337 2127 quae
2384 2054 2717 2126 apparebat
2771 2072 2783 2109 :
2831 2059 2886 2111 et
2927 2056 3041 2110 hoc
3090 2054 3425 2125 frequenter
3482 2051 3649 2118 dicit,

1991 2144 2358 2201 conﬁrmans
2389 2144 2550 2216 quod
2571 2160 2706 2199 vere
2763 2144 3198 2200 humanitatem
3250 2140 3646 2213 assumpserit.

1992 2236 2106 2290 Erit
2136 2250 2277 2306 ergo
2304 2234 2403 2290 tibi
2425 2234 2539 2289 hoc
2572 2233 2855 2305 deinceps
2883 2232 3293 2287 manifestum.

2061 2326 2219 2379 Vers.
2253 2322 2347 2380 38.
2395 2324 2559 2392 Ager
2587 2338 2811 2380 vero—
2830 2322 3104 2378 mundus.
3125 2320 3409 2393 Superius
3442 2319 3515 2375 de
3533 2318 3650 2375 hoc

1989 2412 2342 2485 praedictum
2366 2416 2471 2467 est.

2058 2502 2218 2558 Vers.
2270 2506 2357 2557 38.
2404 2502 2639 2557 Bonum
2674 2515 2809 2556 vero
2845 2530 2913 2539 —
2943 2504 3089 2554 sunt.
3128 2500 3214 2569 Η·
3246 2497 3502 2564 Quinam
3534 2496 3591 2551 hi
3621 2497 3650 2552 ?

2058 2591 2215 2646 Vers.
2246 2593 2331 2645 38.
2374 2589 2521 2645 Filii
2572 2589 2762 2658 regni.
2825 2588 2950 2643 Filii
2995 2587 3161 2655 regni
3204 2587 3499 2649 dicuntur,
3542 2585 3649 2656 qui

1984 2683 2209 2735 rectam
2236 2683 2474 2735 servant
2504 2678 2682 2733 ﬁdem
2717 2695 2730 2733 :
2757 2682 2959 2749 utpote
2987 2692 3021 2732 a
3046 2692 3183 2747 rege
3214 2676 3442 2731 Christo
3475 2673 3649 2728 semi-

1985 2770 2107 2824 nati
2159 2768 2237 2824 ad
2285 2767 2582 2823 colendam
2634 2767 2934 2829 virtutem,
2982 2770 3038 2821 et
3094 2765 3171 2821 ad
3208 2762 3644 2836 possidendum

1986 2858 2113 2928 ejus
2140 2872 2409 2927 regnum.
2440 2856 2559 2911 Filii
2593 2871 2732 2911 vero
2785 2855 2926 2911 mali
2958 2854 3134 2919 illius,
3183 2858 3319 2909 sunt
3358 2852 3643 2907 haeretici.

1985 2952 2267 3018 tanquam
2281 2963 2311 3000 a
2324 2946 2568 3001 diabolo
2584 2944 2845 3000 seminati
2861 2944 2931 3000 ad
2946 2943 3255 2999 colendam
3270 2943 3639 3014 pravitatem,

1984 3041 2040 3091 et
2070 3035 2335 3091 similiter
2366 3034 2443 3091 ad
2467 3033 2897 3107 possidendum
2946 3034 3144 3103 ignem
3191 3032 3301 3103 ipsi
3340 3045 3641 3102 praepara-

1986 3131 2134 3181 tum.

341 3210 419 3260 Τὰ
479 3204 539 3261 δὲ
598 3209 809 3272 ζιζάνια
869 3242 936 3250 —
996 3221 1247 3287 πονηροῦ.
1305 3217 1525 3287 Εἴρηται
1589 3214 1696 3275 ἤδη
1756 3224 1873 3291 περὶ

2054 3217 2210 3271 Vers.
2230 3216 2295 3271 38
2320 3213 2564 3270 Zizania
2591 3210 2977 3269 vero—mali.
3003 3214 3173 3267 Modo
3186 3209 3260 3265 de
3291 3208 3402 3264 illis
3415 3208 3641 3264 dictum

269 3300 492 3353 τούτων.
1980 3308 2068 3361 est
2081 3350 2093 3363 .

339 3386 397 3435 Ὀ
458 3382 516 3438 δὲ
568 3384 753 3460 ἔχθρὸς
783 3420 851 3428 —-
908 3389 1057 3446 εἰσίν.
1115 3396 1215 3444 Καὶ
1254 3398 1371 3468 περὶ
1418 3396 1612 3446 τούτων
1664 3392 1872 3468 προδιε-

2050 3394 2215 3449 Vers.
2250 3391 2335 3449 39.
2368 3392 2649 3447 Inimicus
2678 3396 2873 3446 autem
2908 3420 2972 3430 -
2997 3393 3154 3445 sunt.
3212 3388 3402 3444 Etiam
3447 3387 3521 3442 de
3549 3387 3642 3441 his

265 3472 509 3544 λάϐομεν.
562 3480 674 3550 Χρὴ
736 3473 795 3528 δέ
850 3496 906 3530 σε
952 3483 1304 3551 μνημονεύειν,
1367 3484 1447 3534 ότι
1500 3482 1548 3534 ἐν
1579 3492 1650 3553 τῷ
1701 3484 1869 3536 ὀκτω-

264 3559 563 3633 καιδεκάτῳ
634 3565 914 3637 κεφαλαίῳ,
979 3569 1222 3639 θερισμόν
1299 3574 1389 3642 μεν
1457 3570 1684 3639 ἐκάλεσε,
1750 3580 1870 3637 τοὺς

264 3660 547 3703 πιστεῦσαι
602 3653 896 3725 μέλλοντας,
953 3659 1016 3716 ὡς
1070 3657 1306 3729 ἑτοίμους
1370 3660 1437 3720 εἰς
1502 3666 1558 3713 τό
1607 3682 1867 3735 συγκομι-

268 3743 480 3798 σθῆναι-
544 3743 781 3813 θεριστὰς
864 3740 940 3809 δὲ,
1015 3750 1132 3808 τοὺς
1202 3750 1618 3820 συγκομίζοντας
1680 3753 1869 3815 αὐτούς

268 3829 611 3891 ἀποστόλους.
668 3831 748 3884 Ἐν
806 3829 864 3885 δε
912 3842 984 3904 τῷ
1032 3840 1269 3909 παρόντι,
1324 3840 1565 3911 θερισμόν
1612 3844 1722 3912 μὲν,
1777 3848 1869 3901 τὴν

269 3918 561 3971 συντελειαν
621 3928 712 3971 τοῦ
762 3925 983 3994 κόσμου,
1042 3921 1135 3976 διὰ
1182 3930 1276 3983 τὴν
1326 3926 1425 3979 ἀπὸ
1475 3936 1564 3988 τῆς
1613 3929 1865 4005 ἐπικήρου

268 4008 410 4068 ζωῆς
485 4007 703 4079 ἐκτομὴν
766 4019 863 4062 τῶν
927 4010 1226 4086 ἀνθρώπων·
1298 4017 1536 4089 θεριστὰς
1600 4016 1677 4081 δὲ,
1748 4022 1866 4080 τοὺς

265 4094 594 4167 ἐκτέμνοντας
664 4098 852 4161 αὐτούς
922 4099 1008 4152 ἀπ’
1075 4103 1239 4164 αὐτῆς
1304 4103 1571 4175 ἀγγέλους.
1646 4106 1867 4177 Ὁμοίως

267 4182 330 4237 δὲ
377 4189 461 4236 καὶ
522 4190 744 4260 σπέρμα,
801 4188 971 4241 ὀπίσω
1018 4192 1129 4262 μὲν,
1175 4196 1260 4244 τόν
1307 4192 1455 4265 λόγον
1505 4204 1594 4256 τῆς
1642 4201 1868 4259 πίστεως

266 4274 552 4345 ὠνόμασαν
606 4274 652 4327 ἐν
721 4273 779 4329 δὲ
837 4285 900 4350 τῇ
949 4284 1259 4353 προκειμένῃ
1323 4284 1615 4356 παραϐολῇ,
1686 4286 1868 4348 αὐτοὺς

261 4367 379 4423 τοὺς
430 4366 811 4426 πιστεύσαντας
857 4368 973 4419 κατ’
1021 4368 1179 4427 ἄλλην
1226 4374 1311 4423 καὶ
1354 4371 1510 4430 ἄλλην
1564 4376 1772 4429 ἔννοιαν.
1808 4376 1866 4429 "O

261 4452 361 4525 γὰρ
402 4455 692 4516 πιστεύσας
736 4454 938 4526 λέγεται
965 4459 1055 4528 μεν
1099 4463 1188 4511 καὶ
1221 4468 1384 4526 σῖτος,
1418 4464 1481 4522 ὡς
1528 4468 1727 4535 καρπός
1773 4472 1865 4517 τοῦ

258 4546 471 4614 πρώτου
528 4546 842 4617 σπέρματος,
910 4549 1047 4611 ἤτοι,
1120 4556 1211 4599 τοῦ
1256 4549 1410 4619 λόγου
1474 4559 1567 4614 τῆς
1615 4558 1859 4616 πίστεως.

264 4633 482 4699 Λέγοιτο
533 4627 584 4682 δ’
624 4633 684 4683 οἶν
750 4639 838 4685 καὶ
904 4640 1130 4707 σπέρμα,
1194 4639 1257 4698 ὡς
1315 4650 1654 4715 καρποφορῶν
1711 4644 1863 4695 πάλιν

258 4719 425 4790 ἕτερον
492 4720 564 4781 εἰς
641 4726 839 4776 πίστιν.
903 4724 1023 4795 Οὐχ
1082 4728 1377 4801 ἡρμήνευσε
1436 4726 1515 4798 δὲ,
1588 4736 1715 4793 τίνες
1773 4700 1942 4803 μένῃ

262 4808 396 4859 εἰσιν
459 4812 506 4860 οἱ
571 4809 911 4875 καθεύδοντες
959 4815 1242 4888 ἄνθρωποι,
1295 4822 1423 4879 τίνες
1472 4816 1531 4872 δὲ
1575 4824 1622 4872 οἱ
1687 4818 1864 4875 δοῦλοι

256 4904 351 4948 τοῦ
390 4898 784 4968 οἰκοδεσπότου,
835 4901 962 4955 ἀλλὰ
998 4913 1227 4977 παρῆκεν
1268 4908 1471 4974 αὐτούς,
1520 4914 1549 4968 ἤ
1599 4913 1663 4972 ὡς
1709 4910 1863 4963 ἐλνω-

261 4992 501 5057 σμένους,
552 4992 579 5045 ἦ
617 4994 707 5042 καὶ
751 4986 1044 5063 διδάσκων,
1079 4995 1158 5046 ὅτι
1184 4996 1242 5047 ού
1286 5002 1391 5071 χρὴ
1430 5001 1518 5059 τὰς
1571 4999 1865 5072 παραϐολὰς

257 5078 394 5127 κατὰ
426 5076 538 5148 (39)
592 5078 748 5153 ῥῆσιν
797 5081 1109 5154 ἑρμηνεύειν,
1168 5086 1237 5146 ὦς
1287 5106 1443 5158 φησιν
1492 5090 1517 5140 ό
1566 5094 1865 5163 Χρυσόστο-

256 5181 377 5237 μος,
412 5164 539 5219 ἀλλὰ
570 5170 707 5221 κατὰ
758 5173 891 5242 μόνα
926 5173 993 5225 τὰ
1036 5171 1415 5250 ἀναγκαιότερα
1444 5178 1553 5250 (40)
1590 5183 1743 5255 μέρη,
1792 5176 1865 5232 δι’

1980 3481 2385 3554 praediximus.
2420 3483 2494 3537 Te
2543 3484 2740 3536 autem
2792 3477 3129 3533 meminisse
3191 3480 3445 3549 oportet,
3481 3474 3642 3547 quod

1978 3572 2212 3627 decimo
2257 3575 2470 3626 octavo
2528 3569 2715 3641 capite
2772 3584 3031 3624 messem
3075 3567 3369 3623 vocaverit
3408 3582 3508 3620 eos
3538 3564 3643 3636 qui

1978 3661 2255 3717 credituri
2306 3664 2495 3727 erant,
2552 3659 2725 3714 veluti
2764 3662 3006 3730 paratos
3060 3663 3123 3712 ut
3166 3656 3582 3726 colligerentur
3625 3670 3639 3719 ;

1979 3766 2272 3806 messores
2308 3755 2507 3804 autem
2534 3748 2638 3819 qui
2680 3746 2812 3802 illos
2861 3746 3245 3813 colligebant,
3287 3744 3589 3816 apostolos
3621 3760 3635 3809 ;

1978 3840 2038 3894 in
2070 3839 2344 3910 praesenti
2374 3854 2507 3893 vero
2528 3838 2661 3892 loco
2685 3852 2942 3891 messem
2966 3834 3329 3890 dicitsmculi
3361 3849 3643 3889 consum-

1979 3929 2303 3983 mationem
2363 3932 2605 3999 propter
2670 3925 3030 3980 excisionem
3073 3940 3107 3979 a
3158 3925 3279 3978 vita
3347 3923 3578 3978 mortali
3625 3939 3637 3976 :

1977 4033 2275 4073 messores
2301 4020 2503 4072 autem
2546 4014 2811 4083 angelos,
2844 4013 2947 4085 qui
2982 4013 3059 4069 ab
3094 4029 3165 4069 ea
3196 4017 3333 4068 sunt
3363 4013 3499 4070 illos
3545 4028 3640 4067 ex-

1977 4106 2181 4163 cisuri.
2236 4105 2511 4161 Similiter
2540 4110 2596 4161 et
2628 4118 2833 4159 semen
2852 4102 3126 4173 superius
3145 4118 3482 4157 sermonem
3501 4100 3639 4157 ﬁdei

1976 4195 2346 4267 nuncupavit
2375 4212 2388 4249 :
2420 4195 2478 4250 in
2512 4195 2624 4249 hac
2663 4208 2804 4247 vero
2843 4190 3136 4263 parabola
3188 4206 3289 4245 eos
3324 4190 3427 4262 qui
3455 4190 3640 4245 credi-

1976 4284 2192 4341 derunt
2221 4300 2232 4338 :
2258 4284 2429 4355 juxta
2451 4282 2625 4339 alium
2650 4280 2922 4337 videlicet
2954 4284 3008 4335 et
3041 4278 3226 4334 alium
3254 4278 3633 4333 intellectum.

1977 4375 2087 4440 Qui
2119 4373 2281 4429 enim
2322 4372 2573 4428 credidit
2628 4374 2683 4427 et
2734 4369 2990 4425 triticum
3051 4368 3280 4425 dicitur.
3342 4371 3634 4438 tanquam

1978 4463 2202 4517 fructus
2233 4462 2401 4534 primi
2431 4460 2697 4526 seminis,
2734 4459 2897 4515 verbi
2943 4458 3164 4513 scilicet
3202 4456 3341 4512 ﬁdei
3378 4474 3389 4510 :
3425 4456 3638 4528 poterit

1977 4552 2370 4607 nihilominus
2413 4552 2527 4605 dici
2585 4565 2807 4613 semen,
2876 4553 3078 4620 utpote
3137 4564 3336 4603 rursus
3386 4546 3636 4602 alterum

1976 4642 2053 4698 ad
2084 4642 2263 4697 ﬁdem
2298 4640 2672 4696 fructiﬁcans.
2706 4642 2833 4695 Non
2870 4642 2956 4694 est
2983 4642 3182 4693 autem
3216 4637 3637 4708 interpretatus

1975 4732 2219 4805 quinam
2277 4730 2391 4785 sint
2444 4729 2808 4785 dormientes
2861 4728 3156 4791 homines,
3214 4733 3269 4782 et
3320 4727 3425 4798 qui
3479 4724 3637 4781 servi

1976 4820 2419 4894 patrisfamilias
2457 4820 2593 4886 ;sed
2625 4818 2754 4874 illos
2788 4816 3169 4889 praatermisit
3192 4822 3294 4871 aut
3347 4822 3637 4886 tanquam

1978 4910 2348 4975 manifestos,
2380 4909 2681 4964 autetiam
2736 4907 2961 4963 docens
2992 4906 3154 4977 quod
3206 4922 3325 4961 non
3373 4909 3639 4976 oporteat

1976 5000 2300 5072 parabolas
2327 4999 2405 5054 ab
2433 4997 2680 5053 verbum
2729 4995 3115 5067 interpretari,
3150 4999 3212 5049 ut
3238 4995 3319 5049 ait
3352 4994 3639 5063 Cbrysos-

1977 5096 2201 5155 tomus,
2256 5088 2360 5144 sed
2411 5091 2637 5143 tantum
2662 5086 2720 5141 in
2754 5086 2896 5141 locis
2947 5084 3206 5139 maxime
3265 5080 3634 5146 necessariis,

1978 5184 2221 5254 propter
2250 5194 2385 5253 quas
2433 5177 2613 5235 etiam
2659 5178 3065 5233 assumuntur.
3115 5175 3263 5229 Nam
3310 5170 3537 5241 reliqua
3563 5184 3634 5223 eo

1463 5357 1689 5428 Variae
1725 5359 2063 5431 lectiones
2106 5369 2171 5429 et
2213 5366 2415 5427 notae.

328 5569 440 5713 (37;
481 5570 604 5653 Hoc
630 5572 929 5632 exciderat
952 5575 1013 5632 in
1044 5576 1249 5635 codice
1276 5580 1562 5638 Hentenii.

328 5645 411 5711 [38
473 5644 568 5699 Bis
606 5644 722 5701 hoc
768 5645 902 5703 loco
932 5647 1287 5713 κληρονομεῖν,
1339 5668 1446 5713 pro
1489 5652 1562 5707 κλῖ

323 5644 433 5724 (3.8)
473 5644 568 5729 Bis
606 5644 722 5729 hoc
750 5645 1287 5729 _loc9.3tl_npovope_i'v,
1338 5668 1446 5724 pro
1489 5652 1855 5729 κληρονομίαν,

253 5714 623 5775 duriuscule.
656 5718 771 5776 Sed
800 5718 947 5776 nihil
980 5714 1355 5781 tentandum:

2044 5585 2164 5730 £39)
2186 5586 2352 5641 Tom.
2394 5582 2509 5647 VII,
2543 5597 2603 5653 p.
2644 5580 2771 5635 487.
2794 5582 2854 5637 Ε.

2065 5658 2156 5730 40)
2183 5657 2594 5730 Ἀνάγκαιότατα
2623 5657 2683 5707 Α.

2065 5658 2156 5730 40)
2183 5657 2594 5731 Ἀνάγκαιότατα
2623 5657 2661 5705 Α
2672 5694 2683 5707 .
