4108 6380
454 377 556 432 415

1780 376 2130 433 EUTHYMII
2168 374 2501 433 ZIGABENI

3720 370 3826 429 416

452 504 687 557 tantum
718 501 836 557 ﬁne
857 501 1077 573 pariter
1106 502 1423 571 adduntur,
1458 505 1522 558 ut
1565 506 1701 574 apte
1726 501 2103 571 efﬁngantur.

2220 503 2253 554 ἅ
2336 508 2423 555 καὶ
2486 500 2994 575 παραλαμϐάνονται,
3071 499 3246 553 Τοῖλλα
3308 502 3433 572 γάρ,
3505 494 3601 551 διά
3671 502 3825 570 μόνον

454 594 569 646 Nec
595 590 722 661 jam
768 599 931 647 vacat
971 592 1247 664 periculo,
1282 592 1463 649 etiam
1504 592 1631 647 haec
1691 593 1918 648 curiose
1951 609 2109 648 scru-

454 680 590 736 tari.

525 860 683 912 Vers.
715 862 803 914 40.
832 860 985 915 Sicut
1009 890 1077 901 —-
1109 860 1305 929 hujus.
1340 862 1425 930 Η-
1476 859 1695 916 Deinde
1745 859 1907 924 dicit,
1959 874 2113 932 quo-

452 948 636 1003 modo
675 948 805 1005 erit.

524 1038 683 1092 Vers.
716 1039 803 1092 41.
837 1039 1029 1093 Mitte!
1061 1069 1119 1078 —-
1156 1038 1549 1110 iniquitatem.
1614 1040 1881 1108 Regnum
1935 1054 2113 1093 suum

450 1134 625 1181 vocat
651 1128 967 1193 mundum,
1030 1128 1226 1199 utqui
1268 1133 1483 1183 natura
1538 1128 1617 1182 illi
1654 1128 1905 1200 imperet
1944 1128 2114 1198 juxta

449 1215 971 1271 divinitatem:aut
1022 1220 1314 1287 tanquam
1346 1216 1486 1272 data
1512 1217 1624 1271 sibi
1651 1217 2112 1289 omnipotestate

448 1306 508 1360 in
535 1305 683 1360 ccnlo
714 1310 768 1361 et
797 1307 857 1361 in
885 1310 1063 1363 terra.
1103 1306 1477 1363 Offendicula
1503 1323 1660 1377 vero,
1694 1306 1938 1362 eosdem
1970 1306 2113 1363 dicit

445 1409 598 1465 quos
613 1399 669 1450 et
697 1400 1009 1465 operantes
1038 1395 1431 1466 iniquitatem.
1459 1395 1747 1465 Colligent
1774 1401 1975 1451 autem
2009 1411 2111 1452 eos

445 1498 583 1538 cum
605 1483 684 1537 illi
715 1498 787 1538 ex
828 1485 1075 1539 mortuis
1114 1488 1447 1553 resurgent.
1477 1485 1634 1541 Scire
1666 1484 1826 1540 enim
1857 1488 2108 1556 oportet,

444 1570 607 1642 quod
631 1572 811 1627 simul
850 1589 988 1627 cum
1014 1572 1104 1627 his
1138 1576 1445 1642 resurgent
1484 1578 1541 1628 et
1565 1572 1728 1642 justi.
1764 1575 1974 1628 Verum
2005 1588 2109 1629 an-

444 1663 687 1732 tequam
717 1660 798 1716 illi
837 1661 1208 1731 colligantur,
1251 1661 1558 1733 rapientur
1587 1662 1646 1716 hi
1692 1663 1750 1716 in
1774 1662 2020 1717 nutibus
2047 1662 2108 1717 in

445 1763 764 1803 occursum
817 1749 1051 1804 Domini
1083 1749 1143 1804 in
1192 1765 1322 1815 aere,
1368 1750 1517 1805 sicut
1561 1749 1704 1805 dixit
1752 1749 1971 1805 Paulus
2014 1750 2105 1818 18;

2220 596 2278 644 τὸ
2322 592 2621 649 πλασθῆναι
2660 594 2853 650 ταύτας
2901 593 3146 658 πιθανῶς,
3201 587 3822 664 συμπαραλαμϐάνονται,

2221 685 2310 734 καὶ
2380 682 2554 733 λοιπόν
2636 681 2729 733 ούκ
2792 677 3088 747 ἀκίνδυνον,
3155 682 3213 732 τὸ
3271 685 3360 731 καὶ
3421 686 3588 731 ταῦτα
3660 677 3825 731 πολυ-

2222 777 2559 843 πραγμονεῖν,

2293 858 2492 934 Ὠσπερ
2525 890 2592 898 ——
2625 860 2829 913 τούτου.
2862 856 2988 911 Εἶτα
3021 858 3131 930 (41)
3159 857 3316 929 λέγει,
3354 865 3465 918 πῶς
3490 858 3659 911 ἔσται.

2297 1036 2597 1089 Ἀποστελεῖ
2665 1067 2733 1076 --
2797 1035 3029 1109 ἀνομίαν.
3104 1036 3371 1089 Βασιλεὶαν
3444 1035 3602 1087 αύτοῦ
3673 1052 3823 1106 φησι,

2224 1130 2308 1178 τόν
2354 1132 2568 1197 κόσμον,
2621 1128 2683 1186 ὡς
2734 1129 2885 1197 φύσει
2946 1124 3237 1197 βασιλεύων
3302 1126 3485 1192 αὐτοῦ,
3535 1126 3669 1176 κατά
3733 1127 3825 1181 τὴν

2226 1217 2445 1272 θεότητα
2478 1220 2507 1272 ἤ
2557 1220 2646 1267 καὶ
2685 1217 2749 1276 ὡς
2796 1211 3039 1275 δοθείσης
3090 1215 3229 1285 αύτῷ
3280 1217 3459 1277 πάσης
3506 1214 3745 1276 ἐξουσίας
3778 1211 3827 1264 ἐν

2223 1306 2422 1379 οὐρανῷ
2454 1310 2543 1357 καὶ
2582 1303 2665 1357 ἐπὶ
2702 1314 2822 1376 γῆς·
2878 1300 3149 1356 σκάνδαλα
3189 1301 3247 1357 δὲ
3289 1310 3378 1356 καὶ
3412 1311 3689 1363 ποιοῦντας
3732 1306 3826 1360 τήν

2224 1391 2459 1465 ἀνομίαν,
2493 1398 2613 1455 τοὺς
2661 1394 2850 1455 αύτούς
2878 1392 3138 1465 ὀνομάζει.
3183 1393 3489 1456 Συλλέξουσι
3529 1389 3589 1446 δὲ
3617 1392 3823 1458 αύτούς,

2223 1481 2549 1545 ἀναστάντας
2599 1482 2652 1535 ἐκ
2697 1492 2884 1557 νεκρῶν
2925 1480 3055 1541 ἤδη.
3103 1488 3217 1555 Χρὴ
3267 1486 3367 1558 γὰρ
3412 1488 3707 1556 γινώσκειν,
3749 1483 3828 1534 ὅτι

2222 1572 2333 1644 οἶμα
2380 1577 2468 1644 μὲν
2510 1576 2715 1635 τούτοις
2760 1571 3144 1631 ἀναστήσονται
3193 1577 3280 1625 καὶ
3345 1575 3393 1625 οὶ
3443 1569 3663 1625 δίκαιοι.
3719 1574 3826 1645 Πρὸ

2223 1658 2281 1713 δὲ
2338 1659 2432 1723 τής
2488 1661 2739 1733 συλλογῆς
2792 1665 2987 1714 τούτων
3050 1661 3229 1715 ἐκεῖνοι
3279 1665 3367 1734 μὲν
3425 1662 3829 1734 ἁρπαγήσονται

2222 1749 2268 1802 ἐν
2332 1750 2559 1823 νεφελαις
2627 1752 2697 1813 εἰς
2761 1750 3051 1809 ἀπάντησιν
3119 1758 3210 1803 τοῦ
3287 1756 3481 1825 Κυρίου
3545 1751 3611 1811 εἰς
3678 1753 3824 1825 ἀέρα,

442 1836 529 1891 illi
554 1853 692 1893 vero
723 1837 1006 1893 deorsum
1032 1838 1217 1894 relicti
1245 1839 1422 1910 quasi
1472 1838 1722 1909 indigni,
1758 1839 2103 1909 colligentur

2220 1842 2393 1901 καθὼς
2452 1839 2557 1892 εἷπε
2612 1839 2832 1903 Παῦλος·
2892 1841 3035 1893 οὗτοι
3089 1837 3168 1907 δὲ,
3219 1842 3360 1893 κάτω
3417 1839 3824 1912 ἀπολειφθέντες,

441 1932 769 1998 postquam
791 1927 917 1998 ipse
972 1927 1369 1985 descenderit.
1429 1926 1497 1983 Et
1544 1928 1809 1999 primum
1861 1928 2110 1999 quidem

442 2014 586 2070 boni
605 2032 672 2071 ac
680 2016 700 2086 j
712 2016 827 2071 usti
841 2015 1417 2087 comprobabuntur,
1434 2016 1653 2072 deinde
1672 2016 1813 2071 mali
1828 2016 2111 2073 condem-

442 2104 771 2160 nabuntur.
811 2108 948 2160 Post
976 2105 1089 2160 has
1133 2120 1274 2160 vero
1326 2104 1495 2160 datas
1525 2106 1847 2161 sententias
1910 2106 2108 2177 primo

445 2208 587 2249 sane
602 2198 943 2263 peccatores
966 2193 1297 2264 rejicientur
1317 2192 1377 2247 in
1394 2193 1753 2265 supplicium
1772 2199 2062 2249 aeternum
2090 2211 2103 2249 :

447 2279 667 2336 deinde
691 2282 835 2353 justi
866 2282 927 2337 in
964 2282 1145 2337 vitam
1168 2286 1478 2347 aeternam,
1517 2283 1665 2338 sicut
1692 2283 1839 2339 dixit
1863 2298 2109 2354 sexage-

452 2371 603 2425 simo
638 2371 832 2441 primo
855 2371 1066 2442 capite.

516 2460 677 2515 Vers.
715 2460 809 2515 42.
846 2459 921 2515 Et
954 2489 1022 2500 --
1060 2460 1237 2529 ignis.
1276 2460 1384 2515 Per
1432 2476 1494 2517 se
1519 2460 1768 2533 quidem
1835 2462 2101 2531 seminat,

441 2549 770 2604 ostendens
800 2549 965 2620 quod
995 2549 1105 2603 sibi
1131 2551 1442 2620 prOprium
1475 2555 1564 2605 est
1608 2550 1902 2607 beneﬁcia
1957 2568 2105 2623 pree-

448 2641 603 2692 stare
624 2654 635 2690 :
657 2653 762 2708 per
778 2638 927 2693 alios
942 2652 1079 2693 vero
1095 2637 1449 2709 supplicium
1468 2638 1662 2704 infert,
1679 2640 2101 2697 demonstrans

451 2726 616 2797 quod
649 2726 721 2780 sit
747 2742 782 2781 a
803 2742 861 2781 se
888 2726 1150 2782 alienum
1181 2727 1418 2798 punire.

518 2816 678 2869 Vers.
710 2815 919 2871 42.1bi
971 2847 1037 2855 —
1067 2816 1352 2872 dentium.
1411 2816 1496 2872 Ibi
1536 2817 1596 2873 in
1642 2818 1881 2873 camino
1946 2818 2102 2889 ignis

449 2904 826 2975 sempiterni:
860 2904 948 2959 vel
989 2904 1050 2959 in
1097 2904 1208 2959 illis
1232 2905 1348 2977 :qui
1385 2906 1721 2977 punientur.
1760 2907 1868 2962 Per
1887 2906 2098 2965 ﬂetum

446 2998 648 3049 autem
678 2992 1115 3065 stridoremque
1168 2994 1457 3063 dentium,
1492 2995 1909 3052 vehementem
1933 2997 2099 3053 dolo-

441 3097 565 3137 rem
592 3081 1044 3137 demonstravit.

510 3171 667 3226 Vers.
701 3170 787 3225 43.
830 3172 994 3227 Tunc
1040 3201 1100 3212 —
1128 3172 1312 3241 patris
1360 3172 1469 3228 sui.
1522 3175 1737 3229 Verum
1771 3190 1910 3230 cum
1949 3179 2089 3231 tunc

438 3258 704 3314 futurum
731 3260 804 3315 sit
832 3265 894 3315 ut
915 3259 1015 3314 Dei
1046 3260 1331 3332 splendor
1359 3261 1490 3317 illos
1517 3262 1863 3327 circumdet,
1896 3265 2099 3335 utique

432 3348 548 3420 ipsi
587 3348 920 3404 conformes
944 3354 1116 3404 erunt
1146 3366 1213 3405 ac
1244 3349 1425 3405 divini
1450 3351 1768 3406 reddentur
1801 3368 1814 3417 ;
1846 3352 1914 3421 iet
1961 3368 2101 3409 con-

438 3452 698 3509 sequens
722 3442 827 3503 est,
865 3444 925 3491 ut
948 3436 1069 3492 sole
1098 3438 1534 3508 splendidiores
1562 3439 1915 3495 efﬁciantur.
1947 3444 2101 3506 Quo-

434 3526 618 3582 modo
632 3541 774 3595 ergo
787 3526 1108 3593 dicit,sicut
1120 3528 1202 3581 sol
1218 3527 1244 3581 ?
1260 3526 1408 3592 Quia
1424 3532 1568 3582 noto
1582 3529 1744 3599 apud
1756 3528 1888 3583 illos
1904 3545 2102 3585 exem-

434 3612 535 3685 plo
566 3614 853 3670 utendum
877 3618 1001 3670 erat
1033 3631 1045 3669 :
1080 3630 1189 3670 nec
1215 3615 1551 3687 quidquam
1571 3616 1682 3671 illis
1706 3624 1915 3674 notum
1953 3624 2098 3690 erat,

437 3702 603 3772 quod
640 3706 795 3757 esset
820 3702 942 3757 sole
976 3702 1366 3774 splendidius.

502 3792 668 3849 Vers.
696 3792 789 3847 43.
859 3793 969 3859 Qui
994 3824 1062 3833 —
1123 3793 1352 3850 audiat.
1396 3793 1517 3850 Hoc
1550 3794 1880 3867 frequenter
1928 3797 2099 3853 dictis

436 3880 620 3947 addit,
685 3881 951 3937 excitans
989 3881 1122 3937 illos
1175 3898 1297 3954 quo
1347 3882 1676 3940 reddantur
1710 3887 2101 3959 prespicatio-

434 3983 550 4025 res.

511 4060 669 4113 Vers.
710 4059 1083 4116 44.1iursum
1142 4090 1213 4101 —
1270 4060 1461 4119 illum.
1505 4063 1696 4127 Quare
1763 4063 1946 4119 turbis
1976 4080 2100 4121 non

434 4148 846 4220 praesentibus,
867 4149 927 4204 in
963 4149 1264 4220 parabolis
1288 4151 1487 4207 adhuc
1516 4151 1871 4223 loquebatur
1928 4153 2099 4209 disci-

434 4236 585 4307 pulis
613 4236 640 4291 ?
658 4237 807 4303 Quia
833 4238 1057 4294 sciebat
1076 4241 1207 4311 jam
1233 4239 1364 4295 illos
1380 4256 1479 4310 per
1500 4256 1571 4296 ea
1597 4258 1733 4312 quin
1764 4241 1920 4297 dicta
1961 4247 2101 4300 sunt

433 4325 822 4395 sapientiores
845 4328 1101 4394 effectos,
1132 4329 1214 4385 ita
1235 4334 1295 4383 ut
1310 4334 1556 4400 possent
1580 4330 1926 4400 intelligere.
1960 4332 2099 4387 Ideo

430 4414 609 4469 etiam
642 4420 771 4486 post
800 4416 982 4472 ﬁnem
1006 4418 1423 4489 parabolarum
1452 4421 1534 4474 ait
1561 4418 1643 4473 eis
1679 4436 1689 4473 :
1719 4420 2099 4477 Intellexistis

433 4501 552 4558 hac
576 4506 779 4560 omnia
808 4504 835 4559 ?
863 4506 1070 4561 dicunt
1104 4508 1156 4562 ei
1186 4524 1198 4562 :
1231 4508 1450 4571 Etiam,
1482 4508 1718 4563 Domine
1750 4511 1815 4562 1°.

504 4592 661 4647 Sicut
684 4598 883 4649 autem
915 4594 975 4649 in
996 4594 1236 4650 duabus
1266 4612 1449 4667 supra
1470 4597 1676 4668 positis
1697 4597 1999 4668 parabolis
2025 4599 2099 4656 de

431 4681 632 4753 sinapi
664 4688 719 4738 et
773 4684 847 4739 de
902 4684 1211 4751 fermento,
1246 4701 1499 4755 regnum
1528 4686 1814 4742 coelorum
1869 4688 2102 4746 dicebat

429 4770 570 4825 ﬁdei
598 4788 957 4841 sermonem,
989 4775 1069 4831 ita
1116 4790 1359 4847 quoque
1384 4777 1439 4831 in
1496 4776 1625 4832 ista.
1658 4778 1969 4847 Comparat
2000 4796 2096 4833 au-

431 4866 549 4915 tem
579 4860 777 4932 ipsum
814 4862 1093 4919 thesauro
1150 4869 1387 4936 propter
1423 4864 1671 4935 Spiritus
1714 4866 1904 4921 sancti
1953 4867 2102 4923 divi-

434 4949 565 5017 tias,
599 4967 734 5022 quaa
759 4952 820 5007 in
854 4952 956 5009 illo
992 4957 1149 5009 sunt.
1195 4954 1353 5024 Ager
1383 4961 1577 5010 autem
1604 4958 1695 5011 est
1747 4955 2011 5011 mundus
2039 4961 2101 5013 ut

433 5040 789 5112 praedictum
819 5046 925 5098 est.
960 5044 1115 5099 Scito
1141 5058 1297 5114 ergo
1327 5044 1388 5098 in
1418 5044 1639 5100 mundo
1680 5043 2100 5103 absconditam

438 5142 568 5186 esse
606 5131 790 5189 ﬁdem
825 5132 922 5188 :in
956 5131 1069 5189 ﬁde
1095 5148 1237 5189 vero
1262 5131 1495 5189 divitias
1523 5132 1784 5205 spiritus.

507 5308 571 5362 Et
614 5314 826 5366 caetera
876 5311 1119 5383 quidem
1160 5310 1485 5384 parabolae,
1538 5316 1710 5384 prout
1747 5312 1906 5369 dicta
1964 5320 2100 5374 sunt

510 5458 555 5491 ¹⁸
592 5459 948 5529 lThess.1v,
984 5467 1071 5522 l7.
1197 5465 1239 5500 ¹⁹
1266 5464 1470 5521 Matth.
1506 5480 1628 5531 X111,
1657 5466 1747 5524 51.

2221 1932 2290 1991 ὡς
2334 1929 2553 1993 ἀνάξιοι,
2609 1932 2740 2002 μετά
2790 1933 2847 1981 τὸ
2879 1932 3138 1982 κατελθεῖν
3188 1930 3342 1982 αύτὸν
3395 1930 3823 2000 συλλεγήσονται.

2223 2024 2323 2071 Καὶ
2373 2028 2570 2091 πρῶτον
2620 2022 2709 2090 μὲν
2769 2018 2950 2071 ἐκεῖνοι
3011 2015 3479 2085 δικαιωθήσονται,
3530 2016 3641 2071 εἶτα
3683 2017 3827 2069 οὗτοι

2220 2105 2799 2166 καταδικασθήσονται.
2860 2113 2960 2161 Καὶ
3014 2108 3191 2160 λοιπὸν
3252 2110 3382 2181 μετὰ
3437 2111 3526 2168 τάς
3585 2109 3825 2167 τοιαύτας

2221 2195 2523 2269 ἀποφάσεις,
2589 2206 2790 2270 πρῶτον
2840 2200 2929 2269 μὲν
2990 2200 3038 2249 οὶ
3110 2197 3407 2270 ἁμαρτωλοὶ
3457 2194 3826 2250 ἀπελεύσονται

2219 2286 2290 2346 εἰς
2341 2286 2554 2338 κόλασιν
2588 2286 2810 2338 αἰώνιον
2876 2283 2987 2339 εἶτα
3035 2290 3083 2340 οἱ
3142 2284 3344 2339 δίκαιοι
3396 2288 3462 2348 εἰς
3518 2287 3657 2348 ζωὴν
3704 2286 3824 2339 αἰώ-

2217 2396 2344 2441 νιον,
2374 2379 2443 2438 ὡς
2468 2374 2515 2426 ἐν
2547 2384 2618 2445 τῷ
2654 2375 2917 2446 ἑξηκοστῷ
2949 2382 3135 2450 πρώτῳ
3167 2376 3422 2448 κεφαλαίῳ
3458 2380 3604 2440 φησί.

2291 2470 2493 2517 Καὶ-
2543 2470 2724 2537 πυρός.
2779 2465 2851 2517 Δι’
2902 2465 3086 2517 ἑαυτοῦ
3136 2468 3225 2537 μὲν
3275 2471 3494 2539 σπείρει.
3547 2462 3816 2529 δεικνύων,

2216 2556 2293 2607 ὅτι
2325 2555 2507 2607 οἰκεῖον
2540 2555 2698 2606 αὑτοῦ
2730 2558 2787 2606 τό
2820 2554 3112 2627 εύεργετείν·
3163 2551 3237 2607 δι’
3268 2554 3446 2627 ἑτέρων
3495 2551 3552 2607 δε
3585 2554 3813 2621 κολάζει,

2215 2652 2513 2718 παριστών,
2543 2646 2622 2695 ὅτι
2654 2642 2917 2716 ἀλλότριον
2945 2643 3104 2695 αύτοῦ
3134 2647 3193 2696 τό
3224 2644 3480 2704 κολάζειν.

2290 2821 2421 2873 Ἐκεῖ
2462 2852 2529 2860 —
2577 2817 2823 2889 ὀδόντων,
2885 2822 3037 2887 Ἐκεῖ,
3089 2820 3137 2873 ἐν
3192 2828 3252 2893 τῇ
3313 2824 3515 2892 καμίνῳ
3561 2827 3651 2871 τοῦ
3701 2818 3820 2872 αἰω-

2217 2914 2326 2961 νίου
2357 2914 2534 2982 πυρός’
2585 2911 2613 2969 ή
2662 2908 2708 2961 ἐν
2754 2911 2950 2971 αύτοῖς.
3002 2912 3096 2963 Διά
3141 2907 3199 2963 δε
3252 2918 3343 2962 τοῦ
3401 2909 3670 2981 κλαυθμοῦ
3731 2912 3820 2960 καὶ

2216 3007 2307 3051 τοῦ
2359 2998 2603 3074 βρυγμοῦ
2656 3008 2754 3051 τῶν
2805 2996 3050 3066 ὀδόντων,
3104 3004 3196 3058 τὴν
3248 3001 3437 3071 ἄφατον
3484 2995 3674 3057 ὀδύνην
3724 2996 3819 3050 ἐνέ-

2216 3108 2357 3160 φηνε.

2283 3182 2409 3230 Τότε
2438 3208 2501 3218 -
2535 3184 2626 3229 τοῦ
2656 3181 2856 3250 πατρὸς
2882 3178 3069 3231 αὐτῶν.
3102 3182 3203 3231 Καὶ
3230 3181 3352 3248 μὴν,
3392 3185 3485 3237 τῆς
3514 3176 3697 3247 αἴγλης
3727 3181 3817 3227 τοῦ

2215 3274 2346 3319 Θεοῦ
2389 3271 2502 3319 τότε
2544 3266 2949 3341 προσϐαλούσης
3002 3267 3194 3333 αὐτοῖς,
3227 3273 3643 3338 μετατυποῦνται
3688 3267 3818 3338 πρὸς

2212 3356 2394 3425 αὐτὴν,
2450 3362 2538 3408 καὶ
2602 3354 2846 3418 θεοειδεῖς
2898 3361 3148 3426 γίνονται,
3206 3360 3296 3407 καὶ
3358 3354 3636 3407 ἀκόλουθόν
3684 3352 3813 3419 ἐστι,

2210 3444 2557 3520 λαμπρότερον
2588 3444 2737 3503 ἡλίου
2769 3444 2987 3517 λάμπειν
3020 3446 3226 3507 αύτούς.
3264 3452 3381 3505 Πῶς
3412 3442 3501 3496 οὖν
3533 3463 3713 3516 φησιν,
3749 3446 3817 3503 ὡς

2212 3536 2236 3586 ὁ
2268 3535 2447 3600 ἣλιος;
2481 3539 2621 3586 Διότι
2663 3540 2908 3607 γνωρίμῳ
2948 3538 3073 3608 πρὸς
3121 3535 3307 3594 αύτούς
3350 3530 3459 3585 ἔδει
3501 3534 3818 3605 χρήσασθαι

2209 3620 2620 3698 παραδείγματι.
2658 3623 2769 3675 Ούκ
2801 3620 2860 3681 ἦν
2895 3620 2953 3676 δὲ
3000 3620 3150 3676 οὐδὲν
3189 3631 3288 3674 τῶν
3318 3626 3591 3695 γνωρίμων
3640 3621 3818 3681 αὐτοῖς

2210 3712 2358 3771 ἡλίου
2389 3712 2764 3786 λαμπρότερον.

2280 3802 2338 3853 Ὀ
2371 3832 2437 3841 -
2466 3800 2715 3855 ἀκουέτω.
2750 3807 2914 3853 Τοῦτο
2949 3799 3195 3862 πολλάκις
3236 3798 3476 3870 ἐπιλέγει,
3517 3798 3814 3871 παροξύνων

2212 3890 2400 3952 αύτούς
2426 3890 2492 3951 εἰς
2519 3893 2576 3942 τό
2605 3892 2845 3961 γίνεσθαι
2874 3885 3360 3963 διορατικωτερους.

2286 4065 2443 4118 Ηάλιν
2472 4098 2535 4107 -
2569 4065 2774 4121 ἐκεῖνον.
2811 4071 2979 4129 Διατί,
3011 4075 3109 4118 τῶν
3151 4066 3320 4137 ὄχλων
3348 4069 3419 4137 μή
3448 4067 3731 4134 παρόντων,
3765 4060 3813 4113 ἐν

2212 4155 2536 4228 παραϐολαῖς
2565 4159 2640 4208 ἔτι
2682 4156 2825 4209 λαλεῖ
2868 4164 2975 4217 τοῖς
3021 4157 3313 4228 μαθηταῖς;
3348 4158 3487 4205 Διότι
3540 4153 3667 4223 ἐγνω
3700 4154 3815 4203 τού-

2211 4264 2329 4304 τους
2375 4249 2697 4317 σοφωτέρους
2728 4242 2833 4303 ήδη
2876 4250 3179 4316 γενομένους
3222 4242 3322 4295 ἀπὸ
3369 4250 3468 4294 τῶν
3512 4242 3813 4316 εἰρημένων,

2211 4337 2274 4393 ὡς
2304 4339 2392 4385 καὶ
2436 4338 2662 4386 συνιέναι
2694 4330 2974 4387 δύνασθαι.
3019 4338 3105 4385 Διό
3148 4333 3399 4402 καὶμετά
3445 4333 3503 4383 τό
3541 4330 3679 4391 τέλος
3712 4337 3812 4380 τῶν

2211 4422 2513 4494 παραϐολῶν
2560 4422 2695 4494 λέγει
2735 4422 2929 4482 αὐτοῖς’
2981 4427 3238 4480 Συνήκατε
3274 4428 3437 4473 ταῦτα
3478 4422 3687 4485 πάντας
3720 4421 3816 4470 Λέ-

2210 4532 2394 4583 γουσιν
2418 4511 2577 4582 αύτῷ·
2612 4516 2735 4577 Ναὶ,
2768 4515 2943 4584 Κύριε.

2280 4601 2479 4674 Ὥσπερ
2537 4597 2595 4653 δὲ
2639 4600 2718 4652 ἐπὶ
2771 4608 2870 4651 τῶν
2916 4599 3149 4673 ἀνωτέρω
3196 4602 3435 4670 κειμένων
3497 4593 3592 4649 δύο
3642 4616 3816 4669 παρα-

2213 4690 2392 4755 ϐολῶν,
2457 4697 2549 4742 τοῦ
2592 4708 2645 4741 τε
2714 4690 2969 4750 σινάπεως
3017 4693 3107 4741 καὶ
3160 4696 3250 4747 τῆς
3301 4687 3485 4758 ζύμης,
3542 4684 3819 4758 βασιλείαν

2212 4781 2439 4854 ούρανὼν
2505 4778 2641 4849 ἔλεγε
2707 4782 2792 4830 τὸν
2857 4778 3007 4849 λόγον
3073 4785 3169 4837 τῆς
3226 4781 3469 4836 πίστεως·
3531 4775 3664 4826 ούτω
3728 4777 3818 4825 καὶ

2213 4869 2295 4921 ἐπὶ
2320 4871 2536 4929 ταύτης.
2574 4868 2871 4927 Ἀπεικάζει
2914 4864 2971 4919 δε
3023 4867 3176 4918 αὐτὸν
3224 4868 3496 4939 θησαυρῷ,
3533 4860 3624 4916 διὰ
3652 4865 3735 4914 τὸν
3768 4860 3817 4913 ἐν

2213 4959 2351 5029 αὐτῷ
2381 4958 2599 5010 πλοῦτον
2647 4964 2740 5008 τοῦ
2770 4956 2922 5027 ἁγίου
2971 4958 3291 5028 Πνεύματος.
3339 4954 3526 5027 Ἀγρὸς
3571 4948 3630 5005 δέ
3676 4950 3816 5003 ἐστιν

2212 5051 2236 5101 ὁ
2263 5052 2479 5119 κόσμος,
2513 5050 2581 5108 ὡς
2610 5041 3033 5119 προδεδήλωται.
3062 5047 3209 5099 Μάθε
3236 5041 3314 5117 δὲ,
3348 5044 3426 5096 ὅτι
3456 5042 3504 5095 ἐν
3531 5049 3601 5113 τῷ
3632 5044 3814 5112 κόσμῳ

2211 5143 2299 5212 μὲν
2329 5142 2612 5211 κέκρυπται
2641 5138 2670 5195 ἡ
2706 5140 2901 5197 πίστις’
2930 5134 2978 5187 ἐν
3008 5143 3069 5208 τῇ
3102 5138 3277 5188 πίστει
3309 5130 3386 5199 δὲ,
3418 5134 3443 5185 ὁ
3471 5130 3693 5192 πλοῦτος
3723 5135 3813 5181 τοῦ

2212 5228 2364 5299 ἁγίου
2398 5227 2512 5299 (42)
2543 5228 2862 5298 Πνεύματος.

2284 5317 2479 5371 Καὶτά
2528 5317 2618 5388 μὲν
2667 5314 2796 5369 ἄλλα
2850 5324 2945 5377 τῆς
2994 5312 3292 5388 παραϐολῆς
3345 5310 3420 5377 ἐα,
3473 5312 3645 5371 καθὼς
3678 5327 3813 5384 προ-

1668 5563 1889 5633 Variee
1915 5565 2245 5635 lectiones
2292 5574 2587 5634 etnotae.

513 5670 625 5744 (41)
653 5673 785 5729 Haec
808 5675 1150 5733 exciderant
1177 5678 1239 5735 in
1270 5679 1537 5737 versione
1572 5680 1855 5737 Hentenii.

2287 5684 2403 5756 (42)
2433 5683 2615 5757 Ἃγίου
2647 5680 2821 5740 abest
2847 5682 2914 5737 A.
