4108 6394
297 355 407 413 417

1250 348 1623 412 COMMENT.
1665 352 1737 409 IN
1775 350 2227 412 MATTHJEUM.
2267 386 2335 396 —
2368 355 2529 415 CAP.
2572 356 2718 415 XIII.

3554 369 3659 425 418

300 487 524 554 είρηται.
571 483 753 532 Σκόπει
798 475 876 546 δὲ,
918 485 1030 541 πῶς
1072 482 1097 531 6
1148 481 1305 553 εὑρὼν
1348 486 1524 532 τοῦτον
1564 483 1650 531 τόν
1685 480 1899 532 πλουτί-

2018 480 2296 552 relinque.
2346 483 2668 540 Considera
2701 490 2898 542 autem
2927 488 3236 558 quomodo
3285 490 3332 544 is
3366 493 3469 563 qui
3500 494 3661 551 hunc

297 572 458 631 ζοντα
497 572 781 641 θησαυρόν,
816 571 1005 631 εἳτουν,
1039 570 1062 619 6
1100 568 1336 639 ἐπιγνοὺς
1371 569 1547 633 αυτόν,
1586 565 1897 629 σπουδάζειο

294 667 449 711 τοῦτο
509 661 608 730 γὰρ
667 656 898 729 ἐμφαίνει
952 660 1034 723 τό,
1102 656 1332 727 Ὑπάγει,
1401 662 1490 708 καὶ
1547 659 1677 728 μετά
1734 663 1903 731 χαρᾶς

292 751 485 813 πάντα,
533 750 632 798 ὅσα
675 749 807 817 ἔχει,
852 745 1030 811 πωλεῖ,
1079 747 1161 796 ἵνα
1211 749 1362 817 μόνον
1409 741 1645 818 κερδήσῃ
1701 754 1901 797 τοῦτον·

293 841 386 889 καὶ
427 838 593 901 σύνες,
636 836 716 887 ὅτι
755 831 1006 886 διδάσκει
1043 833 1238 895 πάντας
1282 836 1311 891 ἡ
1355 836 1569 891 τοιαύτη
1610 833 1901 906 παραϐολὴ,

294 930 368 998 μη
410 930 566 997 μόνον
599 929 670 996 μη
712 923 990 976 λυπεῖσθαι
1027 926 1357 998 προῖεμένους
1395 925 1521 997 ὑπὲρ
1557 931 1653 984 τῆς
1686 927 1906 983 πίστεως

293 1017 489 1079 πάντα,
558 1012 660 1065 ὃσα
717 1015 957 1084 ἔχουσιν,
1012 1010 1138 1063 ἀλλὰ
1196 1016 1286 1063 καὶ
1340 1015 1472 1083 μετὰ
1529 1018 1699 1084 χαρᾶς
1754 1019 1905 1063 τοῦτο

294 1110 483 1168 ποιεῖν,
546 1107 637 1154 καὶ
700 1106 794 1159 τὴν
848 1100 1107 1159 ἀποϐολὴν
1175 1103 1367 1159 ταύτην
1425 1097 1606 1173 κέρδος
1662 1102 1907 1172 ἡγεῖσθαι

294 1196 567 1267 μέγιστον·
617 1196 708 1243 καὶ
756 1192 836 1243 ὅτι
880 1191 905 1242 6
959 1195 1029 1263 μή
1082 1188 1381 1242 ἀποϐάλλων
1424 1190 1578 1258 αὐτὰ,
1627 1194 1716 1242 καὶ
1758 1191 1782 1241 6
1835 1194 1903 1247 ειη

296 1284 431 1355 μετά
458 1285 637 1354 χαρᾶς
683 1278 1005 1343 ἀποϐάλλων,
1038 1278 1096 1330 ού
1143 1275 1361 1330 δύναται
1393 1274 1654 1351 κερδῆσαι
1687 1282 1774 1330 τόν
1813 1286 1907 1339 τῆς

296 1375 526 1430 πίστεως
574 1371 862 1443 θησαυρόν.
906 1370 1082 1420 Πάντα
1115 1363 1195 1436 δὲ,
1242 1371 1341 1420 ὅσα
1382 1386 1457 1427 τις
1487 1370 1620 1438 ἔχει,
1650 1374 1905 1435 νοοῦνται,

297 1464 390 1512 καὶ
445 1460 513 1510 τὰ
568 1459 617 1509 ἐν
670 1459 824 1531 ἔργῳ,
880 1460 969 1508 καὶ
1028 1454 1076 1507 ἐν
1129 1454 1287 1527 λόγῳ,
1349 1460 1437 1508 και)⁵
1492 1460 1627 1508 κατά
1672 1453 1907 1508 διάνοιαν

297 1548 676 1621 ἁμαρτήματα,
749 1546 877 1620 άπερ
952 1546 1135 1617 ὁμοίως
1212 1548 1318 1616 χρη
1378 1544 1581 1612 πωλεῖν,
1653 1545 1679 1597 ὅ
1745 1542 1902 1613 ἐστιν,

300 1636 663 1690 ἀποκτᾶσθαι.

2013 568 2297 624 ditantem
2332 570 2676 628 thesaurum
2720 575 2959 645 reperit,
3011 576 3131 630 sive
3161 580 3443 647 cognovit
3469 581 3659 650 illum,

2015 656 2273 713 studiose
2300 664 2551 715 conatur
2583 662 2748 731 (nam
2792 663 2904 718 hoc
2934 664 3161 721 indicat
3217 669 3379 738 quod
3433 669 3663 739 dicitur,

2013 744 2198 813 Abit),
2230 762 2368 800 cum
2422 749 2643 818 gaudio
2678 757 2893 807 cuncta
2949 768 3081 823 quae
3133 753 3315 811 habet
3374 758 3663 825 distrahit,

2014 836 2079 886 ut
2106 832 2267 889 hunc
2299 835 2493 891 solum
2523 837 2868 895 lucrifaciat.
2893 844 2955 897 Et
2983 843 3241 914 intellige
3272 847 3433 917 quod
3460 864 3668 905 omnes

2015 923 2230 977 doceat
2256 923 2600 995 hujusmodi
2628 929 3073 998 parabola,non
3100 934 3295 989 solum
3322 951 3394 990 ne
3456 938 3671 993 contri-

2017 1014 2245 1066 stentur
2256 1012 2503 1083 abjectis
2522 1015 2643 1071 sive
2658 1019 2914 1087 erogatis
2926 1021 3208 1077 omnibus
3220 1039 3352 1095 qna}
3366 1027 3672 1096 possident

2016 1114 2146 1170 pro,
2176 1099 2295 1156 ﬁde
2324 1101 2429 1156 sed
2460 1104 2637 1160 etiam
2663 1113 2722 1160 ut
2751 1123 2884 1163 cum
2924 1110 3145 1177 gaudio
3180 1111 3291 1167 hoc
3343 1113 3583 1180 faciant,
3616 1123 3671 1171 et

2015 1188 2171 1244 hanc
2195 1189 2587 1260 abjectionem
2617 1194 2739 1250 sive
2765 1196 3179 1268 amissionem,
3199 1200 3673 1262 lucrumducant

2015 1277 2383 1338 maximum:
2416 1282 2762 1353 quodqueis
2789 1286 2890 1356 qui
2914 1291 3016 1342 aut
3036 1287 3135 1343 illa
3148 1304 3269 1345 non
3296 1293 3538 1363 respuit,
3568 1299 3675 1351 aut

2015 1379 2139 1421 non
2152 1382 2291 1422 cum
2305 1369 2528 1437 gaudio
2542 1371 2792 1443 respuit:
2812 1388 2932 1429 non
2947 1380 3142 1446 potest
3163 1376 3300 1434 ﬁdei
3324 1379 3671 1438 lucrifacere

2015 1455 2386 1512 thesaurum.
2412 1458 2474 1512 In
2506 1459 2789 1517 omnibus
2820 1466 3021 1519 autem
3051 1480 3187 1536 qua)
3231 1466 3432 1534 habet,
3466 1470 3671 1527 intelli-

2016 1547 2234 1613 guntur
2272 1562 2402 1614 quae
2453 1546 2515 1601 in
2557 1563 2732 1619 opere
2784 1565 2855 1605 ac
2902 1566 3196 1617 sermone,
3251 1560 3311 1610 et
3357 1556 3419 1612 in
3468 1564 3672 1615 mente

2015 1636 2155 1687 sunt
2174 1642 2417 1703 peccata
2442 1650 2453 1689 :
2483 1637 2686 1693 omnia
2712 1637 2978 1696 similiter
2998 1642 3254 1699 vendere
3275 1650 3528 1717 oportet,
3557 1648 3671 1705 hoc

2016 1724 2128 1785 est,
2169 1720 2522 1794 relinquere.

375 1812 536 1865 Πάλιν
584 1842 653 1851 -
704 1810 877 1865 αὐτόν.
922 1809 1195 1862 Βασιλείαν
1232 1818 1330 1862 τῶν
1379 1809 1625 1885 οὐρανῶν,
1682 1809 1903 1886 ἰδιοτρό-

2087 1809 2249 1866 Vers.
2274 1814 2360 1867 45.
2378 1812 2679 1868 Iterum—
2696 1816 2707 1879 ζ
2713 1830 2865 1870 vers.
2882 1816 2970 1871 46.
2990 1818 3179 1875 illam.
3206 1821 3479 1891 Regnum
3494 1825 3671 1882 caelo-

297 1923 413 1964 πως
471 1900 689 1954 ἐνταῦθα
729 1906 962 1972 νοοῦμεν,
1020 1904 1112 1957 την
1163 1897 1439 1971 ἐπιθυμίαν
1489 1908 1583 1960 τῆς
1632 1899 1907 1972 βασιλείας

298 2000 402 2044 τῶν
458 1990 702 2065 οὐρανῶν·
762 1993 851 2041 καὶ
902 1989 1170 2063 ἄνθρωπον
1227 1992 1317 2060 μὲν
1374 1988 1536 2046 αὐτὴν
1586 1988 1698 2060 (ii-3)
1749 1988 1905 2057 εἶπεν,

298 2084 368 2140 ὡς
416 2078 464 2131 ἐν
518 2077 770 2153 ἀνθρώπῳ
825 2077 1150 2151 ἐνεργοῦσαν·
1207 2080 1429 2150 ἔμπορον
1485 2074 1563 2142 δὲ,
1620 2080 1688 2140 ὡς
1744 2098 1907 2151 πραγ.

300 2172 651 2241 ματευομένην
718 2171 809 2225 τὴν
879 2163 1020 2219 ἰδίαν
1084 2171 1365 2237 σωτηρίαν.
1430 2164 1567 2239 Ὀρα
1639 2169 1763 2240 γὰρ,
1827 2170 1905 2221 ὅτι

304 2259 532 2331 εὑροῦσα
574 2258 660 2309 ἕνα
690 2255 974 2327 πολύτιμον
1023 2260 1375 2329 μαργαρίτην,
1414 2257 1469 2316 ὃς
1507 2254 1647 2307 ἐστιν
1695 2258 1720 2308 6
1761 2256 1908 2327 λόγος

302 2354 404 2407 τῆς
447 2350 680 2405 πίστεως·
728 2346 753 2396 6
795 2345 867 2405 εἷς
906 2348 1016 2415 μὲν,
1050 2341 1143 2396 διά
1178 2348 1236 2395 τὸ
1269 2351 1397 2396 εἶναι
1435 2349 1559 2415 μίαν
1598 2348 1691 2403 τὴν
1738 2344 1902 2405 ἀληθῆ

300 2440 507 2503 πίστιν,
538 2438 626 2486 καὶ
672 2430 764 2486 διὰ
806 2436 864 2485 τὸ
909 2438 979 2504 μὴ
1027 2430 1157 2485 εἶναι
1202 2440 1433 2485 τοιοῦτον
1481 2432 1656 2485 ἄλλον·
1697 2434 1904 2487 πολύτι-

298 2545 401 2598 μος
449 2520 528 2589 δὲ,
569 2525 637 2584 ὡς
684 2524 819 2574 κατὰ
866 2522 996 2575 πολύ
1037 2526 1229 2594 τίμιος,
1285 2523 1394 2593 [καὶ
1426 2522 1536 2594 (44)
1588 2526 1657 2585 ὡς
1701 2524 1908 2588 πολλοῖς

298 2617 371 2664 ὧν
414 2610 635 2684 τίμιος,]
680 2608 889 2670 δηλαδή
934 2619 1043 2672 τοῖς
1083 2609 1281 2663 εἰδόσιν
1331 2611 1503 2664 αὐτόν’
1554 2612 1828 2684 Ἀπῆλθεν,
1882 2616 1907 2666 6

299 2698 461 2759 δηλοῖ
514 2705 608 2759 τὴν
664 2696 923 2765 σπουδὴν,
986 2706 1076 2753 καὶ
1133 2700 1464 2758 ἀπεκτὴσατο
1528 2701 1720 2772 πάντα,
1771 2704 1904 2755 ὅσων

299 2790 539 2849 ἀπήλαυε
568 2792 832 2863 πρότερον,
856 2794 946 2843 καὶ
976 2789 1230 2849 ἐκτήσατο
1258 2797 1440 2843 τοῦτον
1465 2794 1638 2863 μόνον.

376 2970 442 3020 Αἰ
498 2962 597 3020 δύο
646 2963 705 3019 δὲ
760 2966 916 3020 αὗται
971 2967 1265 3042 παραϐολαὶ
1322 2969 1390 3021 τὰ
1448 2966 1604 3020 πλείω
1662 2967 1906 3031 ἀλλήλαις

298 3062 547 3120 ἐοικυῖαι,
607 3054 819 3129 βραχέα
872 3053 1230 3131 διαφέρουσιν,
1281 3059 1360 3109 ὅτι
1404 3058 1434 3114 ἡ
1483 3060 1571 3129 μὲν
1618 3060 1903 3133 θησαυρὸν,

2014 1913 2172 1963 rum,
2202 1899 2440 1970 proprie
2474 1900 2861 1974 intelligimus
2890 1904 3254 1963 desiderium
3298 1912 3465 1980 regni
3497 1913 3671 1969 coelo-

2014 2002 2149 2043 rum
2181 1993 2237 2043 et
2265 1988 2574 2045 hominem
2604 1991 2839 2059 quidem
2880 1993 3027 2048 illud
3056 1996 3352 2066 apellavit,
3396 2016 3465 2055 eo
3505 2002 3672 2073 quod

2014 2076 2074 2131 in
2126 2076 2373 2132 homine
2411 2086 2715 2150 operatur.
2796 2082 3232 2153 Negotiatorem
3303 2103 3462 2153 vero,
3525 2091 3672 2161 quia

2016 2166 2323 2237 propriam
2354 2168 2690 2236 negotiatur
2714 2168 2983 2226 salutem.
3018 2172 3157 2228 Vide
3184 2174 3343 2230 enim
3375 2178 3541 2247 quod
3569 2178 3671 2233 ubi

2015 2252 2241 2310 invenit
2271 2271 2455 2310 unam
2506 2257 2830 2327 pretiosam
2884 2262 3294 2331 margaritam,
3329 2280 3672 2324 sermonem

2014 2342 2286 2399 videlicet
2334 2344 2513 2402 ﬁdei:
2601 2345 2704 2416 qui
2784 2362 2940 2402 unus
3007 2354 3094 2405 est
3173 2358 3417 2423 propter
3486 2371 3671 2411 unam

2014 2429 2153 2486 ﬁdei
2164 2432 2494 2498 veritatem,
2509 2433 2653 2505 quia
2674 2434 2869 2490 nullus
2885 2435 3035 2491 alius
3064 2442 3151 2493 est
3170 2439 3549 2511 hujusmodi;
3574 2463 3670 2496 πο-

2014 2518 2226 2592 λύτιμος
2249 2525 2469 2586 autem,
2500 2522 2561 2576 id
2592 2527 2697 2587 est,
2729 2525 3048 2594 pretiosus,
3077 2527 3219 2598 quia
3276 2529 3446 2585 multi
3478 2532 3665 2602 pretii,

2016 2612 2069 2664 et
2099 2609 2245 2681 quia
2274 2610 2473 2666 multis
2504 2610 2893 2677 honorabilis,
2926 2615 3030 2686 qui
3078 2616 3354 2675 videlicet
3382 2618 3538 2675 illum
3566 2638 3671 2677 co-

2014 2704 2348 2767 gnoverunt
2362 2714 2374 2752 :
2390 2699 2550 2765 Abit,
2566 2701 2729 2772 quod
2751 2701 3124 2773 diligentiam
3143 2721 3214 2761 ac
3226 2706 3669 2767 festinationem

2014 2785 2374 2855 manifestat,
2402 2791 2457 2844 et
2495 2788 2775 2860 relinquit
2805 2791 3013 2848 omnia
3058 2778 3279 2865 quibus
3305 2801 3483 2854 antea
3513 2799 3671 2855 frue-

2012 2875 2207 2941 batur,
2236 2892 2495 2948 eumque
2525 2876 2719 2933 solum
2751 2879 3114 2950 adipiscitur.

2088 2964 2216 3020 Haec
2233 2969 2435 3020 autem
2447 2966 2580 3021 dum
2599 2967 2900 3038 parabola:
2920 2970 2983 3024 in
3010 2971 3211 3027 multis
3242 2973 3498 3031 invicem
3531 2982 3671 3035 sunt

2016 3052 2284 3108 similes:
2336 3058 2392 3111 et
2432 3053 2694 3110 breviter
2720 3056 2780 3110 in
2820 3057 2932 3113 hoc
2982 3059 3112 3115 solo
3170 3060 3470 3128 differunt,
3499 3066 3669 3137 quod

299 3148 331 3203 ἡ
386 3142 447 3197 δὲ
494 3149 827 3220 μαργαρίτην
876 3144 1117 3218 ὀνομάζει
1163 3150 1249 3199 τόν
1305 3146 1456 3217 λόγον
1503 3155 1599 3207 τῆς
1649 3150 1895 3208 πίστεως.

2018 3141 2117 3198 illa
2128 3142 2269 3197 ﬁdei
2286 3158 2621 3200 sermonem
2639 3144 2985 3201 thesaurum
3002 3148 3279 3221 vocabat,
3301 3151 3430 3207 haec
3462 3158 3669 3211 autem

297 3235 502 3307 ’Ὠσπερ
555 3233 658 3307 ἆρα
706 3238 797 3286 καὶ
849 3236 903 3286 αἱ
958 3239 1058 3308 πρὸ
1110 3239 1304 3287 τούτων
1356 3231 1453 3287 δύο
1503 3235 1815 3310 παραϐολαὶ,
1871 3238 1901 3295 ἡ

298 3327 394 3398 μεν
423 3326 610 3376 κόκκον
653 3325 927 3389 σινάπεως,
969 3326 999 3382 ἠ
1049 3321 1108 3377 δὲ
1139 3325 1309 3397 ζύμην
1349 3324 1503 3377 αὐτὸν
1536 3324 1760 3381 ἐκάλεσε.
1804 3330 1906 3379 Καὶ

298 3414 537 3485 καθάπερ
596 3408 690 3464 διὰ
744 3419 843 3464 τῶν
888 3408 986 3464 δύο
1043 3412 1243 3465 ἐκείνων
1295 3410 1554 3472 ἐδήλωσεν
1602 3414 1627 3464 6
1675 3416 1907 3486 Χριστὸς

296 3509 397 3561 την
453 3500 674 3563 αὔξησιν
719 3505 805 3553 καὶ
857 3505 950 3560 τὴν
1002 3501 1161 3573 ἰσχὺν
1216 3510 1309 3564 τῆς
1348 3507 1587 3563 πίστεως·
1634 3504 1769 3556 οὕτω
1815 3508 1905 3555 καὶ

299 3587 397 3643 διὰ
426 3598 526 3642 τῶν
577 3586 675 3642 δύο
721 3592 916 3642 τούτων
954 3590 1126 3657 πάλιν,
1177 3594 1264 3643 τόν
1302 3591 1520 3645 πλοῦτον
1548 3598 1638 3645 καὶ
1670 3596 1727 3645 τό
1766 3592 1904 3655 ἐξαί-

297 3698 445 3753 ρετον
494 3679 681 3740 αὐτῆς.
746 3678 899 3741 Αὔξει
932 3682 1037 3751 ¹μὶιν
1090 3683 1213 3753 γὰρ,
1272 3684 1341 3743 ὡς
1398 3686 1588 3743 κόκκος
1632 3685 1900 3743 σινάπεωςο

303 3770 486 3840 ἰσχύει
541 3764 620 3833 δὲ,
679 3770 747 3829 ὡς
806 3771 965 3839 ζύμη*
1025 3768 1293 3829 πλουτίξει
1359 3766 1436 3837 δὲ,
1488 3772 1556 3832 ὡς
1616 3773 1899 3844 θησαυρός

299 3856 560 3929 ἐξαίρετος
624 3853 685 3909 δέ
746 3855 905 3922 ἐστιν,
980 3859 1045 3917 ὡς
1107 3854 1492 3932 διαφορώτατός
1556 3865 1899 3933 μαργαρίτης.

297 3945 476 3999 Τοῖλλα
540 3947 654 4014 (45)
721 3947 822 4019 γὰρ
890 3952 983 4006 τῆς
1040 3945 1337 4019 παραϐολῆς
1395 3947 1453 3999 ού
1505 3954 1902 4021 περιεργαστέον

298 4037 450 4105 ἡμῖν.
501 4033 613 4086 Ἵνα
666 4029 726 4085 δὲ
773 4037 844 4104 μὴ
899 4033 1164 4108 θαρῥώμεν
1209 4042 1270 4107 τῇ
1330 4041 1505 4089 πίστει
1561 4042 1714 4110 μόνη,
1764 4037 1903 4110 μηδὲ

300 4125 479 4195 ἀρκεῖν
537 4122 698 4179 αὐτήν
754 4122 825 4184 εἰς
884 4128 1146 4198 σωτηρίαν
1201 4125 1509 4197 νομίζωμεν,
1577 4130 1903 4198 προστίθησι

300 4216 393 4264 καὶ
452 4210 625 4280 ἑτέραν
678 4209 999 4285 παραϐολήν,
1058 4207 1130 4263 δι’
1194 4213 1258 4273 ἧς
1314 4214 1654 4286 μανθάνομεν,
1709 4218 1789 4268 ὅτι
1841 4217 1901 4268 ού

296 4302 490 4361 πάντες
534 4302 584 4352 οἱ
630 4302 958 4360 πιστεύοντες
1013 4300 1291 4373 σώζονται,
1336 4300 1464 4355 ἀλλά
1496 4303 1675 4357 πολλοὶ
1712 4310 1902 4358 τούτων

297 4388 616 4442 ἀπόλλυνται
644 4388 778 4461 (46).

370 4477 745 4553 [Μαργαρίτης
787 4473 846 4530 δὲ
893 4482 982 4531 καὶ
1025 4479 1050 4530 6
1096 4480 1285 4553 Κύριος
1334 4480 1599 4551 κέκληται,
1647 4479 1788 4536 διότι
1830 4491 1902 4557 τῷ

297 4567 451 4640 βυθῷ
500 4576 591 4627 τῆς
636 4569 874 4627 θεότητος
921 4570 1133 4637 ἥνωται,
1188 4572 1278 4620 καὶ
1325 4572 1502 4641 μόνοις
1541 4579 1648 4633 τοῖς
1701 4573 1904 4628 ἁλιεῦσι

294 4660 389 4709 καὶ
414 4662 527 4717 τοῖς
550 4655 718 4708 αὐτῶν
748 4657 1005 4727 μαθηταῖς
1032 4654 1383 4729 ἐγνώρισται.]

370 4744 534 4797 Πάλιν
596 4775 665 4784 --
724 4747 1123 4818 συναγαγούσῃ.
1179 4745 1447 4800 Βασιλείαν
1504 4756 1603 4801 τῶν
1670 4750 1900 4826 ούρανῶν

294 4829 451 4894 αὖθις
504 4832 635 4904 λέγει
692 4834 779 4884 τὸν
830 4832 981 4904 λόγον
1038 4842 1129 4894 τῆς
1185 4838 1429 4898 πίστεως·
1496 4837 1763 4893 θάλασσαν
1818 4838 1898 4912 δὲ,

293 4926 385 4975 τόν
434 4927 648 4994 κόσμον,
699 4918 795 4974 διὰ
849 4926 943 4980 τήν
1008 4927 1220 4997 πικρίαν
1275 4928 1364 4977 καὶ
1421 4928 1487 4978 τὰ
1541 4930 1752 5000 κύματα
1802 4940 1901 4984 τῶν

292 5019 619 5089 πειρασμῶνο
687 5018 909 5064 παντοῖα
975 5006 1035 5065 δε
1098 5016 1219 5084 γένη
1290 5012 1509 5087 ἰχθύων,
1568 5020 1636 5071 τὰ
1688 5019 1901 5075 ποικίλα

2016 3230 2425 3300 margaritam:
2464 3232 2613 3288 sicut
2635 3238 2688 3289 et
2717 3232 2974 3289 duarum
2999 3238 3467 3306 praecedentium
3494 3257 3669 3311 para-

2014 3318 2311 3383 bolarum,
2328 3335 2443 3375 una
2460 3320 2703 3391 quidem
2717 3335 2967 3390 granum
2983 3324 3210 3395 sinapis
3221 3324 3389 3381 illum
3404 3329 3666 3400 appella-

2014 3407 2131 3475 bat,
2163 3408 2347 3465 altera
2370 3424 2511 3464 vero
2539 3408 2917 3467 fermentum.
2939 3413 3003 3468 Et
3031 3413 3180 3469 sicut
3209 3430 3315 3485 per
3348 3416 3501 3473 duas
3534 3418 3667 3475 illas

2016 3496 2375 3565 signiﬁcavit
2398 3497 2832 3554 incrementum
2854 3500 3093 3572 vimque
3119 3501 3279 3566 ﬁdei,
3312 3503 3393 3559 ita
3423 3520 3665 3562 rursum

2013 3601 2120 3657 per
2147 3585 2258 3642 has
2283 3586 2453 3652 duas,
2482 3586 2636 3641 illius
2653 3587 3005 3658 signiﬁcavit
3030 3589 3265 3647 divitias
3298 3598 3352 3647 et
3380 3594 3666 3650 excellen-

2012 3675 2174 3731 tiam.
2206 3675 2424 3732 Crescit
2449 3675 2745 3748 siquidem
2770 3678 2945 3748 quasi
2980 3694 3237 3749 granum
3268 3681 3512 3752 sinapis,
3547 3684 3667 3740 vim

2011 3764 2193 3820 habet
2222 3768 2285 3821 ut
2320 3763 2688 3830 fermentum,
2723 3764 2872 3822 ditat
2898 3766 3077 3823 veluti
3131 3769 3447 3826 thesaurus
3476 3787 3499 3827 .·
3549 3772 3668 3828 exi-

2014 3852 2135 3909 mia
2154 3858 2242 3909 est
2272 3858 2562 3925 tanquam
2588 3854 2913 3924 margarita
2940 3855 3387 3926 pretiosissima.
3423 3860 3670 3933 Reliqua

2015 3958 2147 3999 vero
2185 3958 2321 4014 quae
2351 3943 2411 3998 in
2442 3944 2734 4015 parabola
2789 3944 3106 4012 habentur,
3140 3962 3261 4002 non
3312 3954 3452 4005 sunt
3498 3950 3668 4005 nobis

2011 4047 2380 4103 magnopere
2411 4034 2696 4089 curanda.
2727 4036 2806 4089 Ne
2824 4038 3024 4089 autem
3046 4033 3120 4089 de
3144 4035 3273 4091 sola
3306 4036 3424 4093 ﬁde
3447 4054 3670 4108 praesu-

2012 4137 2271 4187 mamus,
2305 4126 2409 4177 aut
2439 4122 2710 4177 sufﬁcere
2750 4138 2886 4178 eam
2926 4123 3003 4177 ad
3044 4123 3299 4180 salutem
3328 4126 3665 4195 credamus,

2011 4211 2249 4269 additet
2274 4211 2454 4268 aliam
2483 4211 2855 4283 parabolam,
2879 4227 3003 4283 qua
3032 4211 3319 4268 discimus
3349 4216 3514 4286 quod
3545 4231 3668 4273 non

2011 4316 2225 4357 omnes
2247 4300 2353 4372 qui
2375 4301 2625 4359 credunt
2648 4300 2795 4358 salvi
2816 4302 2989 4369 ﬁunt,
3016 4301 3121 4357 sed
3152 4302 3320 4358 multi
3344 4318 3553 4361 eorum
3570 4320 3670 4378 pe-

2010 4393 2185 4446 reunt
2209 4409 2223 4457 ;
2257 4389 2336 4446 ait
2358 4389 2519 4446 enim
2555 4408 2568 4445 :

2082 4481 2125 4549 -ξ-
2149 4478 2465 4550 Margarita
2494 4479 2671 4535 etiam
2704 4478 2990 4536 Dominus
3020 4479 3350 4551 appellatus
3380 4484 3485 4551 est,
3520 4483 3670 4555 quia

2012 4568 2335 4624 divinitatis
2357 4567 2744 4641 profunditati
2772 4568 2992 4636 unitus,
3016 4573 3072 4625 et
3100 4568 3243 4626 solis
3265 4570 3668 4642 piscatoribus

2013 4659 2256 4730 suisque
2285 4657 2591 4730 discipulis
2618 4658 2889 4728 cognitus
2930 4662 3035 4714 est.

2081 4750 2245 4805 Vers.
2266 4750 2356 4804 47.
2388 4750 2652 4805 Rursum
2672 4779 2740 4789 —-
2761 4749 3166 4819 congreganti.
3197 4750 3465 4821 Regnum
3493 4752 3670 4809 coelo-

2008 4853 2143 4894 rum
2207 4839 2416 4894 iterum
2481 4842 2657 4895 vocat
2699 4837 2834 4893 ﬁdei
2885 4854 3260 4904 sermonem;
3315 4856 3481 4897 mare
3525 4858 3667 4900 vero

2009 4929 2565 5000 mundum,propter
2578 4928 3046 4986 amaritudinem
3065 4928 3380 5001 undasque
3400 4932 3668 4988 tentatio—

2011 5036 2181 5079 num.
2208 5017 2572 5078 Omnimoda
2585 5022 2787 5077 autem
2803 5019 3057 5092 piscium
3071 5034 3287 5090 genera
3309 5023 3472 5086 sunt,
3496 5020 3664 5077 variae

1527 5199 1756 5269 Variae
1786 5200 2116 5271 lectiones
2158 5208 2224 5269 et
2262 5208 2466 5267 notae.

390 5398 483 5454 4-31
524 5394 688 5451 Αὐτόν
721 5395 781 5451 Β.

389 5465 481 5525 Ml
523 5468 762 5525 Inclusa
789 5465 1011 5524 absunt
1039 5465 1117 5525 A.

387 5538 480 5599 45)
521 5544 626 5595 Μέν
648 5538 818 5596 addit
839 5542 905 5595 Α.

367 5610 481 5689 (46)
518 5612 698 5669 Addit
713 5610 901 5669 codex
926 5614 991 5668 A.
1019 5614 1155 5670 Φησὶ
1172 5614 1294 5685 γάρ.
1316 5612 1458 5678 Quae
1481 5614 1679 5670 autem
1702 5610 1798 5669 hic
1819 5611 1903 5670 in-

2014 5395 2180 5475 clusa
2200 5398 2362 5475 sunt,
2387 5410 2480 5475 __ea
2506 5394 2697 5475 paulo
2748 5396 2886 5475 ante
2924 5391 3120 5475 habet
3169 5392 3232 5475 in
3260 5406 3455 5464 marg.
3516 5393 3655 5453 Φησὶ

2010 5470 2113 5544 γάρ
2143 5467 2311 5598 erigit
2346 5465 2529 5527 etiam
2546 5466 2897 5529 Hentenius.
2919 5465 3313 5539 Conjungitur
3340 5480 3484 5538 ergo
3514 5480 3658 5526 cum

2010 5554 2170 5599 vers.
2274 5577 2292 5598 .
