4108 6382
451 330 555 385 419

1772 324 2125 383 EUTHYMII
2166 326 2497 384 ZIGABENI

3710 332 3815 390 420

448 452 861 510 multitudines
886 451 1350 506 inhabitantium
1377 449 1438 505 in
1480 465 1551 506 eo
1572 451 1901 518 hominum,
1943 451 2069 507 viro

2209 452 2381 511 πλήθη
2427 462 2525 505 τῶν
2569 450 2974 525 ἐνδιαιτωμένων
3022 455 3163 525 αὐτῷ
3222 455 3525 529 ἀνθρὼπων,
3581 456 3811 532 ἀνδρῶν,

444 560 601 606 rum,
625 542 961 603 mulierum,
999 555 1332 611 puerorum,
1366 555 1599 607 senum,
1626 540 1927 605 ccelibum,
1960 557 2097 595 con-

439 633 811 703 jugatorum,
843 631 1217 699 aliorumque
1248 628 1553 694 similium,
1581 634 1683 684 aut
1713 630 1893 684 etiam
1925 629 2096 684 diﬁ'e-

442 721 645 777 rentiaa
676 719 855 774 variie
898 718 1185 787 gentium.

511 810 673 865 Vers.
694 808 782 863 48.
802 809 969 874 Quod
989 839 1057 845 —
1073 806 1431 875 adjecerunt.
1450 806 1583 860 Cum
1602 806 1915 877 impletum
1951 807 2093 861 fuis-

445 905 550 963 set,
569 898 681 953 hoc
694 904 797 962 est,
815 896 1051 968 quando
1064 911 1262 950 omnes
1284 894 1660 950 crediderant
1687 912 1699 949 :
1725 895 1974 966 quidam
1998 912 2091 951 vo-

442 987 701 1053 luntarii,
726 986 975 1057 quidam
1009 990 1207 1039 autem
1227 998 1348 1038 non
1372 983 1707 1039 voluntarii.
1744 984 1925 1038 Litlus
1958 1000 2092 1040 vero

441 1076 709 1145 intelligit
735 1076 931 1130 locum
964 1075 1022 1129 in
1053 1089 1175 1144 quo
1218 1073 1595 1142 judicaturus
1635 1078 1723 1127 est
1764 1074 2089 1128 Dominus:

442 1165 784 1237 colligentes
817 1169 1015 1219 autem
1043 1162 1310 1232 angelos.
1354 1161 1533 1216 Porro
1562 1161 1716 1217 bona
1752 1178 1887 1232 quae
1915 1168 2092 1233 capta

440 1256 786 1325 suntjustos
818 1252 1181 1323 signiﬁcant,
1216 1266 1403 1321 prava
1428 1256 1628 1305 autem
1662 1251 1855 1305 malos
1888 1268 1901 1316 ;
1944 1266 2091 1306 vasa

438 1360 579 1401 vero
610 1360 681 1400 ea
704 1360 840 1416 quae
882 1342 1022 1397 solis
1038 1341 1212 1412 justis
1238 1342 1297 1395 in
1329 1340 1729 1395 haereditatem
1764 1345 1897 1394 sunt
1919 1356 2088 1411 repo-

435 1435 567 1491 sita.
602 1433 853 1503 Reliqua
882 1436 1085 1487 autem
1132 1430 1311 1499 hujus
1338 1428 1643 1502 parabolae
1675 1428 1942 1484 similiter
1963 1444 2087 1485 non

434 1527 575 1579 sunt
600 1536 965 1593 magnopere
992 1521 1275 1575 curanda.

503 1612 677 1666 Vrsas.
710 1612 796 1664 49.
830 1610 929 1665 Sic
956 1641 1021 1648 —
1052 1608 1272 1664 saeculi.
1329 1607 1441 1671 Sic,
1480 1607 1631 1663 sicut
1678 1606 1945 1661 dicturus
1971 1610 2083 1661 est.

504 1703 782 1756 νεῆ8.49.
820 1698 1087 1754 Exibunt
1113 1728 1177 1736 —
1200 1697 1359 1751 Vers.
1392 1700 1477 1751 50.
1510 1696 1794 1751 dentium.
1821 1696 2006 1767 Atqui
2024 1696 2084 1750 in

2206 552 2485 612 γυναικῶν,
2550 548 2689 605 νέων,
2756 549 3031 617 γερόντων,
3100 544 3333 616 ἀγάμων,
3412 553 3809 620 γηαμηκὸτων,

2206 636 2295 682 καὶ
2328 636 2568 683 τοιούτων
2596 632 2779 696 ἄλλων,
2810 635 2838 691 ἡ
2874 638 2961 684 καὶ
2986 636 3050 685 τά
3085 630 3313 707 διάφορα
3343 638 3482 691 ἔθνη.

2275 809 2367 861 Ἢν
2404 841 2461 849 -
2501 809 2696 862 ἔϐαλον.
2738 810 2859 862 "Ore
2881 810 3180 885 ἐπληρώθη,
3214 817 3502 878 τουτέστιν,
3528 815 3647 866 ὅταν
3689 817 3803 888 (47)

2203 900 2389 959 πάντες
2436 898 2770 966 ἐπίστευσαν,
2831 902 2879 951 οἱ
2936 904 3024 971 μὲν
3083 901 3299 971 ἑκόντες,
3359 904 3407 953 οἱ
3459 898 3519 954 δὲ
3576 905 3799 965 ἄκοντες·

2203 986 2436 1057 αἰγιαλὸν
2505 984 2564 1039 δὲ
2632 992 2735 1039 νόει
2806 991 2889 1039 τὸν
2964 993 3139 1058 τόπον,
3222 992 3341 1043 ἔνθα
3404 990 3574 1061 μελλει
3630 1000 3804 1067 κρῖναι

2202 1076 2226 1125 ὁ
2297 1078 2504 1148 Κύριος·
2588 1075 2929 1147 συλλέγοντας
3014 1073 3093 1145 δὲ,
3180 1082 3297 1139 τοὺς
3364 1078 3637 1151 ἀγγέλους,
3713 1086 3803 1133 καὶ

2200 1164 2331 1215 καλὰ
2374 1167 2463 1236 μὲν
2509 1166 2807 1237 θηράματα,
2862 1170 2984 1227 τοὺς
3029 1162 3284 1227 δικαίους·
3335 1172 3512 1242 σαπρὰ
3558 1165 3636 1237 δὲ,
3681 1174 3803 1232 τοὺς

2198 1257 2471 1327 πονηρούς·
2545 1254 2731 1325 ἀγγεῖα
2808 1251 2886 1319 δὲ,
2961 1258 3053 1316 τὰς
3136 1255 3631 1331 ἀποκεκληρωμένας
3694 1266 3804 1320 τοῖς

2200 1338 2425 1404 δικαίοις
2467 1346 2648 1414 μονάς,
2700 1342 2874 1395 Τοῖλλα
2921 1340 2978 1396 δὲ
3027 1354 3116 1405 τῆς
3167 1345 3468 1420 παραϐολῆς
3510 1350 3701 1420 ὁμοίως
3742 1347 3801 1400 οὗ

2197 1431 2741 1505 πολυπραγμονητέον.

2268 1610 2449 1669 Οὕτως
2482 1641 2545 1649 —
2578 1609 2781 1672 αἰῶνος.
2816 1610 3017 1675 Οὕτως,
3050 1612 3119 1672 ὡς
3148 1610 3277 1685 ἐρεῖ.

2264 1698 2647 1760 Ἐξενεύσονται
2701 1731 2769 1740 -—-
2819 1696 3060 1753 ὀδόντων.
3130 1705 3230 1752 Καὶ
3284 1704 3407 1772 μὴν,
3467 1699 3515 1751 ἐν
3567 1710 3638 1773 τῷ
3689 1703 3793 1766 ἐξη-

432 1788 805 1859 sexagesimo
884 1787 1080 1859 primo
1160 1786 1352 1857 capite
1410 1784 1491 1840 ait
1570 1784 1700 1855 ipse
1783 1784 2075 1855 separabit

2195 1796 2368 1857 κοστῷ
2433 1793 2621 1857 πρώτῳ
2679 1788 2937 1859 κεφαλαίῳ
3016 1793 3192 1860 φησὶν,
3250 1793 3328 1841 ὅτι
3385 1789 3536 1851 αὐτὸς
3601 1791 3803 1865 ἀφοριεῖ

432 1894 533 1934 eos
566 1894 601 1933 a
632 1893 692 1931 se
734 1876 990 1931 invicem
1047 1877 1119 1929 ³ο.
1184 1874 1338 1939 Quid
1394 1889 1534 1945 ergo
1565 1873 1883 1929 dicendum
1950 1874 2084 1929 est?

432 1967 744 2038 Quodipse
770 1965 1015 2037 quidem
1044 1962 1344 2035 separabit
1371 1979 1472 2017 eos
1504 1978 1612 2017 suo
1639 1979 1813 2032 jussu
1846 1980 1858 2015 :
1888 1963 2085 2031 angeli

431 2072 573 2111 vero
589 2054 955 2126 separabunt
967 2069 1069 2108 eos
1082 2052 1446 2123 Operatione,
1464 2056 1821 2122 preeceptum
1853 2051 2083 2105 Domini

435 2151 722 2215 tauquam
744 2142 998 2197 ministri
1024 2144 1431 2212 exsequentes.
1447 2139 1757 2193 Estautem
1778 2155 2077 2210 separare,

432 2233 716 2288 dividere.
767 2232 915 2294 Quia
954 2246 1095 2284 vero
1129 2229 1189 2283 in
1233 2228 1351 2282 ﬁne
1394 2227 1698 2299 parabolae
1738 2226 1887 2281 dixit
1914 2228 2081 2299 quod

429 2338 615 2393 prava
646 2320 805 2375 foras
859 2318 1219 2389 abjecerunt,
1256 2332 1329 2370 ne
1380 2316 1514 2386 quis
1563 2315 1898 2386 suspicetur
1956 2317 2080 2371 sine

427 2410 690 2482 periculo
748 2426 874 2464 esse
923 2406 1219 2477 ejusmodi
1252 2406 1628 2475 ejectioncm,
1659 2404 2080 2475 interpretatur

426 2501 646 2563 dicens,
678 2498 832 2569 quod
868 2497 1047 2551 etiam
1069 2494 1297 2550 mittent
1351 2510 1452 2548 eos
1485 2494 1545 2547 in
1573 2494 1877 2548 caminum
1898 2493 2076 2563 ignis,

426 2592 483 2643 et
514 2594 742 2642 caetera.

495 2676 663 2730 Vers.
701 2676 788 2729 51.
814 2674 965 2729 Dicit
1009 2704 1063 2712 —
1087 2671 1285 2728 omnia
1308 2672 1335 2727 'i’
1363 2672 1503 2737 Quae
1526 2669 1878 2726 videlicetin
1908 2687 2078 2742 para-

423 2762 578 2819 bolis
636 2762 977 2819 necessaria
1030 2763 1221 2817 sunt?
1283 2762 1455 2831 Atqui
1502 2760 1727 2815 sciebat
1785 2764 2073 2830 tanquam

427 2855 582 2908 Deus
602 2852 767 2925 quod
794 2868 863 2907 ea
888 2851 1319 2906 intellexerant.
1368 2849 1677 2921 Reliquum
1708 2854 1795 2904 est
1826 2864 1986 2918 ergo,
2015 2852 2079 2904 ut

425 2941 541 2998 hoc
571 2958 735 2997 more
765 2942 1033 2996 humano
1064 2938 1538 3008 interrogaverit.

502 3034 665 3087 Vers.
697 3031 786 3087 51.
836 3030 1057 3085 Dicunt
1110 3058 1180 3069 —
1209 3030 1367 3083 Vers.
1402 3028 1490 3082 52.
1538 3034 1750 3083 vetera.
1789 3028 1933 3081 Cum
1992 3025 2075 3081 illi

2196 1876 2383 1937 αὐτοὺς
2414 1874 2501 1927 ἀπ’
2531 1875 2782 1934 ἀλλήλων,
2828 1881 2891 1929 Τί
2921 1874 3007 1927 οὖν
3053 1881 3192 1929 ἔστιν
3235 1878 3430 1943 εἰπεῖν;
3467 1878 3588 1931 Ὀτι
3632 1878 3797 1943 αυτδς

2192 1967 2281 2036 μὲν
2333 1963 2536 2038 ἀφοριεῐ
2578 1966 2767 2026 αὐτούς
2815 1975 2886 2036 τῷ
2936 1968 3323 2039 προστάγματιο
3378 1970 3426 2019 οἱ
3480 1965 3539 2020 δέ
3581 1970 3792 2041 ἄγγελοι

2193 2052 2498 2126 ἀφοριοῦσιν
2561 2054 2750 2115 αὐτοὺς
2800 2063 2860 2126 τῇ
2932 2058 3176 2129 ἐνεργείᾳ,
3237 2060 3292 2107 τὸ
3358 2062 3676 2129 πρόσταγμα
3731 2065 3789 2112 τό

2192 2148 2503 2195 Δεσποτικὸν
2560 2150 2623 2203 ὡς
2678 2147 2932 2215 ὑπηρέται
2996 2147 3325 2217 πράττοντες.
3386 2146 3677 2221 Ἀφορίξειν
3734 2146 3793 2201 δέ

2190 2231 2303 2283 ἐστι
2344 2235 2400 2283 τὸ
2448 2229 2811 2304 διαχωρίξειν.
2867 2233 3005 2285 Ἐπεὶ
3058 2230 3115 2285 δὲ
3163 2233 3211 2284 ἐν
3260 2242 3331 2304 τῷ
3378 2235 3508 2287 τέλει
3554 2233 3649 2297 τῆς
3696 2258 3793 2289 πα-

2186 2320 2411 2392 ραϐολῆς
2468 2318 2620 2386 εἶπεν,
2683 2324 2762 2373 ὅτι
2818 2324 2883 2373 τὰ
2938 2324 3115 2396 σαπρὰ
3172 2322 3266 2384 ἔξω
3324 2322 3518 2389 ἔϐαλον,
3582 2326 3663 2376 ἱνα
3718 2329 3790 2397 μὴ

2187 2410 2418 2482 ὑπολάϐῃ
2449 2430 2544 2474 τις,
2591 2407 2863 2463 ἀκίνδυνον
2912 2410 3040 2462 εἶναι
3080 2415 3173 2469 τὴν
3212 2414 3456 2470 τοιαύτην
3502 2411 3791 2485 ἐξαγωγὴν,

2187 2500 2481 2571 ἡρμήνευσε
2511 2502 2729 2567 ταύτην,
2764 2499 3000 2573 εἰρηκὼς,
3051 2502 3133 2552 ὅτι
3179 2505 3267 2553 καὶ
3315 2499 3565 2573 βαλοῦσιν
3606 2506 3795 2562 αὐτοὺς

2187 2587 2258 2649 εἰς
2284 2593 2375 2645 την
2413 2591 2627 2661 κάμινον
2658 2596 2749 2640 τοῦ
2777 2592 2960 2663 πυρὸς,
2994 2594 3082 2641 καὶ
3110 2592 3174 2641 τά
3204 2589 3343 2651 ἑξῆς.

2256 2681 2411 2746 Λέγει
2441 2710 2507 2717 —
2552 2680 2760 2744 πάντα;
2807 2680 2883 2729 Τά
2926 2677 3184 2749 ἀναγκαῖα
3228 2676 3438 2737 δηλαδὴ
3486 2688 3584 2731 τῶν
3628 2700 3794 2753 παρα-

2187 2765 2364 2818 ϐολῶν.
2430 2772 2531 2818 Καὶ
2597 2771 2721 2839 μὴν,
2786 2770 2851 2827 ὡς
2911 2771 3040 2827 Θεὸς
3087 2766 3382 2839 ἐγίνωσκεν,
3437 2770 3517 2820 ὅτι
3563 2779 3790 2829 συνῆκαν

2186 2854 2339 2924 αὐτὰ,
2370 2854 2548 2908 λοιπὸν
2579 2852 2686 2921 οὖν,
2720 2858 2787 2917 ὡς
2814 2857 3080 2929 ἄνθρωπος
3105 2864 3258 2909 τοῦτο
3286 2859 3547 2931 ἠρώτησε.

2259 3036 2515 3103 Λέγουσιν
2590 3064 2657 3073 ——
2729 3032 2953 3090 παλαιά,
3038 3033 3500 3106 Ὀμολογησὸιντων
3574 3043 3783 3105 γνῶναι,

429 3122 854 3179 fassiessentse
875 3117 1218 3186 intelligere,
1244 3116 1598 3188 parabolam
1618 3116 1912 3171 subinfert
1936 3132 2073 3186 quae

2186 3118 2319 3190 λέγει
2366 3120 2661 3193 παραϐολήν
2709 3118 3100 3191 διδάσκουσαν,
3134 3125 3213 3175 ὅτι
3250 3126 3436 3183 πάντες
3480 3126 3528 3175 οἱ
3557 3130 3785 3194 γνησίως

426 3213 656 3276 doceat,
686 3206 1169 3277 omneslegitime
1196 3206 1273 3261 ab
1290 3207 1421 3277 ipso
1453 3205 1719 3269 edoctos,
1749 3204 2076 3273 intelligen-

425 3301 507 3356 tia
536 3301 835 3356 ditescere.
889 3298 1119 3363 Omnis,
1159 3296 1367 3366 inquit,
1402 3294 1598 3349 scriba
1650 3294 1769 3348 sive
1834 3294 2075 3363 sapiens

423 3390 671 3449 edoctus,
696 3404 731 3441 a
760 3401 896 3454 rege
950 3383 1237 3439 caelorum
1277 3382 1373 3453 qui
1407 3386 1493 3436 est
1546 3381 1829 3449 Christus,
1862 3380 2071 3435 intelli-

421 3478 616 3548 gentia
656 3476 819 3531 dives
876 3477 966 3528 est
998 3490 1011 3537 ;
1040 3472 1305 3535 edoctus,
1341 3469 1610 3541 inquam,
1673 3470 1750 3525 ab
1778 3486 1849 3524 eo
1890 3470 2073 3540 prius-

420 3582 603 3637 quam
619 3564 843 3618 scilicet
870 3560 1110 3617 fallatur
1144 3576 1156 3623 ;
1186 3564 1242 3613 et
1272 3557 1482 3612 similis
1510 3558 1700 3613 factus
1726 3562 1813 3613 est
1842 3557 2071 3613 homini

418 3652 856 3727 patrifamilias,
897 3649 956 3703 id
987 3654 1093 3715 est,
1149 3647 1326 3712 diviti,
1357 3648 1462 3717 qui
1500 3648 1795 3719 depromit
1825 3647 2070 3718 quando

416 3742 537 3797 vult
566 3742 639 3796 de
673 3740 947 3794 thesauro
974 3753 1083 3792 suo
1110 3752 1312 3801 novas,
1335 3742 1679 3807 veteresque
1706 3753 1802 3792 res
1818 3752 2060 3793 aureas.

413 3828 762 3899 Intelligitur
791 3831 993 3882 autem
1024 3842 1128 3898 per
1158 3840 1335 3892 nova,
1365 3825 1692 3881 intellectus
1719 3828 1863 3882 Novi
1877 3829 2071 3882 Testa-

415 3919 646 3981 menti;
707 3933 808 3988 per
865 3922 1062 3971 vetera
1150 3918 1371 3981 autem,
1424 3914 1673 3971 Veteris.
1710 3915 1881 3980 Quod
1935 3932 2069 3971 vero

414 4007 575 4072 dicit,
604 4007 937 4074 Propterea,
978 4020 1097 4060 non
1148 4008 1237 4059 est
1267 4019 1428 4058 nunc
1481 4020 1678 4061 causaa
1709 4004 2068 4060 redditivum

415 4095 521 4152 sed
551 4094 1019 4159 conﬁmativum,
1054 4092 1114 4147 id
1141 4096 1249 4159 est,
1278 4108 1435 4147 vere.

488 4186 648 4240 Vers.
683 4183 768 4237 53.
799 4183 875 4237 Et
909 4214 973 4222 —
1003 4182 1161 4237 Vers.
1210 4181 1297 4235 54.
1334 4181 1601 4237 illorum.
1655 4182 1906 4238 Patriam
1937 4184 2065 4252 ejus

411 4279 583 4329 vocat
628 4272 911 4329 Nazareth
942 4277 1229 4341 tanquam
1268 4271 1526 4343 patriam
1570 4272 1766 4328 Matris
1798 4272 1953 4343 ejus,
2008 4274 2065 4326 et

408 4363 563 4419 illius
590 4364 691 4434 qui
715 4361 1038 4433 putabatur
1068 4365 1227 4431 pater
1250 4361 1377 4430 ejus
1412 4377 1423 4414 :
1455 4367 1509 4415 et
1540 4365 1832 4433 tanquam
1859 4361 2063 4417 locum

2188 3208 2326 3259 αὑτώ
2389 3212 2792 3281 μαθητευθέντες
2856 3211 3137 3263 πλουτοῦσι
3197 3220 3414 3283 γνῶσιν.
3492 3219 3598 3273 Πᾶς
3664 3215 3784 3286 γὰρ,

2188 3302 2336 3369 φησὶ,
2398 3303 2763 3371 Γραμματεύς,
2833 3304 2973 3363 ἤτοι,
3054 3304 3231 3372 σοφὸς,
3302 3303 3649 3372 μαθητευθεὶς
3716 3309 3786 3371 τῷ

2187 3386 2396 3439 Βασιλεῖ
2441 3396 2540 3438 τῶν
2590 3389 2837 3463 οὐρανῶν,
2890 3389 2944 3449 ὃς
2999 3388 3140 3441 ἐστιν
3194 3392 3218 3440 6
3269 3393 3521 3463 Χριστὸς,
3580 3390 3790 3442 πλουτεί

2183 3484 2396 3545 γνῶσιν,
2452 3479 2806 3537 Μαθητευθεὶς
2857 3474 2915 3530 δὲ
2964 3479 3126 3548 αὐτῷ,
3177 3483 3276 3553 πρὸ
3326 3479 3439 3551 (48)
3492 3486 3585 3530 τοῦ
3642 3498 3789 3552 σοφι-

2187 3566 2376 3622 σθῆναι
2428 3563 2691 3623 δηλονότι.
2752 3571 2851 3619 Καὶ
2909 3569 3066 3619 ἔοικεν
3114 3566 3365 3639 ἀνθρώπῳ
3416 3565 3786 3642 οἰκοδεσπότη,

2182 3658 2439 3723 τουτέστι,
2490 3654 2742 3725 πλουσίῳ,
2801 3656 2947 3716 ὅστις
2996 3654 3245 3722 ἐκϐάλλει,
3300 3657 3377 3707 ὃτε
3427 3655 3693 3728 βούλεται,
3734 3656 3788 3708 ἐκ

2182 3750 2272 3793 τοῦ
2336 3745 2603 3816 θησαυροῦ
2670 3743 2826 3795 αὐτοῦ
2897 3747 3052 3795 καινά
3123 3749 3212 3796 καὶ
3280 3743 3478 3796 παλαιὰ
3547 3748 3775 3817 χρυσία.

2180 3838 2433 3885 Νοοῡνται
2475 3828 2553 3897 δὲ,
2591 3834 2745 3884 καινά
2788 3835 2900 3903 μὲν,
2942 3835 3008 3884 τὰ
3055 3840 3148 3894 τῆς
3187 3836 3321 3895 Νέας
3359 3835 3623 3894 Διαθὴκης
3670 3838 3787 3891 νοη-

2180 3938 2340 3993 ματα·
2390 3920 2589 3973 παλαιὰ
2625 3917 2703 3988 δὲ,
2746 3924 2812 3973 τὰ
2855 3930 2948 3983 τῆς
2981 3921 3232 3982 Παλαιᾶς.
3265 3926 3335 3974 T6
3380 3918 3439 3974 δὲ
3477 3924 3571 3974 Διὰ
3608 3930 3782 3988 τοῦτο,

2180 4009 2274 4060 οὐκ
2331 4011 2444 4061 ἔστι
2500 4017 2585 4060 νῦν
2644 4010 3013 4082 αἰτιολογικὸν,
3068 4010 3197 4064 ἀλλὰ
3255 4010 3615 4083 βεϐαιωτικὸν,
3670 4013 3785 4063 ἀντὶ

2178 4105 2293 4165 τοῦ,
2329 4098 2584 4160 Ἀληθῶς,

2252 4191 2353 4239 Καὶ
2391 4217 2459 4228 —
2500 4190 2689 4241 αὐτῶν.
2724 4184 2969 4262 Πατρίδα
3006 4188 3165 4240 αὐτοῦ
3204 4187 3359 4259 λέγει,
3392 4192 3487 4245 τὴν
3521 4188 3785 4263 Ναζαρὲτ,

2177 4277 2241 4335 ὡς
2270 4272 2507 4348 πατρίδα
2550 4284 2642 4336 τῆς
2686 4280 2897 4351 Μητρὸς
2949 4276 3111 4329 αὐτοῦ
3159 4282 3249 4329 καὶ
3298 4284 3389 4329 τοῦ
3446 4278 3787 4349 νομιζομένου

2176 4368 2367 4438 πατρὸς
2419 4364 2601 4431 αὐτοῦ,
2651 4370 2739 4417 καὶ
2789 4369 2853 4426 ὡς
2895 4370 3105 4439 τραφεὶς
3137 4365 3184 4417 ἐν
3231 4366 3385 4437 αὐτῇ.
3433 4370 3570 4423 Φησὶ
3608 4368 3709 4438 γὰρ
3762 4366 3787 4416 6

407 4450 514 4506 ubi
541 4451 798 4505 nutritus
838 4455 976 4504 erat.
1019 4449 1165 4503 Dicit
1208 4449 1367 4504 enim
1398 4449 1585 4505 Lucas
1636 4450 1803 4521 quod
1833 4450 2065 4506 venerit

2185 4458 2407 4517 Λουκᾶς,
2441 4455 2520 4505 ὅτι
2548 4459 2637 4505 καὶ
2677 4451 2824 4511 ἦλθεν
2852 4454 2923 4516 εἰς
2952 4459 3045 4512 την
3076 4455 3337 4527 Ναζαρὲτ,
3376 4454 3436 4506 οὗ
3467 4450 3527 4512 ἧν
3568 4456 3788 4529 τεθραμ-

405 4538 696 4595 Nazareth
721 4538 819 4593 ubi
846 4537 1037 4593 fuerat
1060 4537 1309 4591 nutritus
1340 4539 1407 4572 ²¹·
1433 4538 1693 4594 Docebat
1720 4544 1920 4594 autem
1936 4556 2058 4595 eos.

405 4627 567 4695 Quos
590 4626 615 4680 ?
641 4627 753 4681 Eos
788 4626 1052 4681 videlicet
1074 4626 1219 4697 quie
1246 4627 1436 4697 patria
1453 4644 1562 4683 sua
1584 4632 1769 4683 erant.
1799 4630 2055 4686 Causam

402 4734 539 4772 vero
568 4722 812 4789 propter
840 4731 1025 4786 quam
1053 4716 1107 4769 in
1139 4731 1452 4787 synagoga
1476 4716 1747 4782 docebat,
1781 4719 2063 4788 praedixi-

402 4822 541 4865 mus
570 4805 631 4860 in
661 4805 953 4877 principio
983 4806 1418 4877 quarticapitis.

473 4933 524 4971 ³ο
561 4932 763 4989 Matth.
797 4945 965 5003 xqu,
996 4932 1089 4989 32.
1174 4933 1219 4969 ²¹
1252 4931 1391 4987 Luc.
1420 4947 1496 4997 1v,
1537 4936 1621 4988 16.

2173 4545 2338 4614 μένος.
2374 4538 2663 4593 Ἐδίδασκε
2704 4539 2760 4594 δὲ
2810 4542 3019 4609 αὐτοὺς,
3071 4547 3253 4609 τίναςς
3284 4539 3494 4601 Δηλαδη
3537 4546 3655 4603 τοὺς
3692 4551 3789 4604 τῆς

2172 4628 2431 4705 πατρίδος
2471 4631 2649 4687 αὐτοῦ,
2688 4636 2791 4689 Τὴν
2826 4632 2995 4683 αἰτίαν
3028 4629 3106 4697 δὲ,
3155 4629 3227 4684 δι’
3271 4634 3329 4690 ἣν
3377 4631 3427 4683 ἐν
3472 4639 3582 4691 ταῖς
3621 4651 3783 4683 συνα-

2171 4727 2365 4792 γωγαῖς
2418 4717 2685 4787 διδάσκει,
2736 4725 3115 4796 προειρήκαμεν
3156 4719 3202 4772 ἓν
3254 4720 3396 4795 ἀρχῇ
3458 4728 3549 4773 τοῦ
3605 4723 3784 4793 τετάρ-

2172 4816 2264 4863 του
2294 4809 2568 4882 κεφαλαίου
2579 4852 2589 4865 .

1621 5084 1835 5153 Variae
1856 5085 2198 5155 lectiones
2242 5097 2307 5155 et
2337 5095 2536 5155 notae.

400 5293 407 5339 ἶ
472 5285 585 5339 (47)
619 5291 718 5338 Ore
749 5285 814 5338 A.

398 5336 414 5356 ⁸
619 5291 719 5410 (ἷζτὲ
749 5285 1064 5410 Ailentenii
1129 5352 1629 5435 interpretatione,
1681 5369 1809 5480 quas
1851 5357 2055 5437 tamen

398 5441 639 5480 sensum
678 5440 801 5480 non
831 5430 919 5480 est
944 5424 1595 5480 assecutanntellmtur
1626 5441 1692 5480 sa
1719 5432 1853 5480 tem.
1884 5427 2055 5480 illum

393 5424 639 5482 sensum
678 5440 801 5481 non
831 5430 919 5481 est
944 5424 1595 5495 assecuta,intelligitur
1626 5424 1853 5495 saltem,
1884 5426 2057 5483 illum

391 5512 636 5570 quoque
666 5498 726 5577 in
757 5497 1097 5582 suo‘codice
1143 5497 1613 5582 reperisseunpé.
1653 5499 1723 5579 Si.
1765 5513 1909 5579 ergo
1958 5502 2058 5582 πρό

388 5566 726 5623 necessario
758 5566 1171 5640 explicandum
1211 5566 1325 5631 'cst,
1376 5566 1547 5640 aliter
1603 5569 1790 5640 accipi
1830 5566 2056 5640 nequit,

391 5654 581 5712 quam
636 5644 756 5711 πρὶν
835 5634 1167 5710 διδαχθῆναι
1217 5640 1338 5714 παρ’
1397 5638 1679 5714 ἀνθρώπων
1736 5634 1803 5691 τὰ
1860 5634 2059 5713 ἀνθρὼ-

2821 5281 2834 5299 .9

2163 5303 2283 5346 ποις
2311 5280 2587 5349 δοκοῦντα,
2634 5282 2744 5335 ἀλλ’
2778 5281 2837 5335 οὗ
2886 5289 3019 5353 Θεῷ.
3066 5284 3186 5338 Ηοο
3241 5284 3439 5339 autem
3466 5281 3629 5353 mihi
3666 5278 3788 5337 dis-

2164 5356 2361 5429 plicet.
2388 5356 2583 5412 Malim
2609 5370 2751 5424 ergo
2770 5352 3059 5429 sententia
3081 5352 3586 5429 commodissima
3609 5357 3665 5408 et
3687 5367 3787 5408 ex-

2167 5427 2561 5499 peditissima,
2603 5430 2731 5501 πρὸς
2768 5430 2827 5479 τὸ
2865 5428 3181 5501 σοφισθῆναι
3217 5428 3377 5501 παρὰΔ
3399 5433 3486 5477 νοῦ
3522 5431 3781 5501 Χριστοῦἶ

2169 5495 2528 5571 meamea;
2558 5495 2700 5571 ergo
2726 5514 2849 5554 non
2874 5495 2962 5555 est
2988 5499 3247 5570 edoctus,
3276 5495 3403 5568 scd,
3435 5497 3539 5571 qui
3571 5495 3784 5553 Christi

2172 5570 2380 5627 schola
2410 5577 2467 5628 et
2497 5570 2770 5627 doctrina
2802 5586 2946 5626 usus
2978 5573 3087 5628 est.
