4108 6450
231 348 322 405 421

294 473 553 526 Ὧστε-
599 468 862 543 δυνάμεις.
918 471 977 524 Ἡ
1034 476 1190 544 σοφία
1243 479 1341 523 τῶν
1389 470 1571 541 )όγων,
1627 472 1715 521 καὶ
1774 467 1905 520 αἱΑ

230 560 471 633 δυνάμεις
514 568 612 612 τῶν
641 559 826 630 λόγων.
877 559 944 613 ’Ἡ
992 557 1234 632 δυνάμεις
1266 560 1411 611 καλεί
1455 561 1521 610 τὰ
1566 559 1825 628 θαύματα.

228 652 489 711 Βλέποντες
556 652 658 721 γὰρ
719 648 874 701 αὐτὸν
943 649 1235 723 ὑψηλότερα
1298 655 1387 720 μὲν
1442 654 1531 699 και
1594 648 1828 698 πιθανω-

231 760 348 814 τερα
422 748 519 791 τῶν
590 738 752 789 πάλαι
823 737 1143 812 περιϐοήτων
1212 735 1413 811 ἀνδρῶν
1480 732 1827 799 διδάσκοντα,

228 833 436 901 μείζονα
495 824 553 880 δὲ
608 829 852 898 θαύματα
908 835 1174 891 ποιοῦντα,
1240 832 1328 878 καὶ
1382 826 1700 897 ἀγνοοῦντες,
1751 825 1831 875 ὅτι

229 918 382 979 αὐτὸς
436 913 497 975 ἧν
551 920 710 988 σοφία
761 923 894 969 Θεοῦ
956 922 1044 968 καὶ
1095 912 1336 987 δύναμις·
1401 914 1694 986 ἐθαύμαζον
1742 913 1831 984 μὲν

228 1011 312 1059 καὶ
359 1010 482 1067 τοὺς
525 1005 712 1077 λόγους
764 1004 925 1056 αὐτοῦ
979 1010 1069 1057 καὶ
1121 1007 1187 1057 τά
1239 1008 1500 1077 θαύματα⁶
1560 1003 1631 1063 εἰς
1679 1002 1833 1054 αύτόν

229 1093 303 1159 δὲ,
336 1099 424 1147 τὸν
452 1102 669 1147 τοιαῦτα
691 1091 1020 1147 διδάσκοντα
1043 1099 1132 1146 καὶ
1156 1102 1622 1167 τερατουργοῦντα,
1657 1090 1838 1143 ἐσκαν-

228 1181 525 1251 δαλίζοντο,
560 1180 631 1235 δι’
684 1179 835 1236 οὐδὲν
865 1184 1053 1259 ἕτερον,
1096 1188 1125 1241 ἥ
1181 1180 1321 1236 διότι
1364 1187 1546 1254 γονέων
1593 1178 1654 1240 ἦν
1704 1180 1837 1233 εύτε-

224 1273 339 1328 λῶν.
372 1272 509 1326 Ἀλλ’
540 1272 693 1332 ὅντως
742 1272 927 1343 τυφλὸν
977 1277 1066 1324 καὶ
1116 1271 1330 1331 ἀνόητον
1380 1274 1406 1324 ὁ
1463 1274 1664 1344 φθόνος.
1719 1269 1835 1341 Ἀφ’

226 1363 289 1414 ὧν
368 1364 472 1435 γὰρ
549 1357 657 1413 ἔδει
732 1360 921 1432 μᾶλλον
989 1362 1296 1431 θαυμάζειν,
1368 1366 1458 1412 καὶ
1532 1366 1842 1433 προσκυνεῖν

225 1453 399 1519 αύτὸν,
459 1452 539 1502 ὅτι
583 1452 831 1502 τοιούτων
876 1453 1064 1521 γονέων
1108 1458 1339 1512 τοιοῦτος
1394 1448 1648 1523 προῆλθεν
1700 1450 1836 1518 υίὸς,

224 1540 321 1593 ἀπὸ
347 1542 542 1593 τούτων
571 1539 638 1600 εἰς
665 1539 821 1592 αύτόν
854 1535 1322 1599 σκανδαλίζονται.

290 1717 412 1789 Ούχ
467 1716 616 1776 οὗτος
673 1746 742 1755 -
796 1715 938 1782 εἰσί;
983 1720 1149 1768 Ταυτὶ
1218 1717 1389 1767 πάντα
1442 1714 1557 1766 κατ’
1638 1716 1808 1788 ἐρώτη

1171 344 1540 403 COMMENT.
1586 343 1654 399 IN
1692 338 2127 397 MATTHEUM.
2171 371 2237 380 —
2278 340 2431 397 CAP.
2478 336 2620 395 XIII.

3494 346 3597 402 422

2007 467 2163 520 Vers.
2195 468 2282 520 54.
2316 466 2410 522 Ita
2438 474 2500 521 ut
2530 498 2595 506 ——
2626 465 2895 521 virtutes.
2919 464 3221 537 Sapientia
3250 484 3595 526 sermonum

1938 558 1994 609 et
2028 553 2267 608 virtutes
2300 554 2634 610 verborum.
2669 556 2783 609 Aut
2813 556 3055 611 virtutes
3085 562 3260 611 vocat
3291 558 3598 614 miracula.

1939 643 2217 698 Videntes
2239 644 2397 698 enim
2416 661 2551 699 eum
2573 647 2888 703 docentem
2907 663 3041 718 quae
3063 646 3389 702 excelsiora
3410 653 3600 713 erant,

1941 731 2251 801 magisque
2303 733 2581 803 apposita
2619 735 2697 790 ad
2737 735 3226 808 persuadendum
3256 751 3443 806 quam
3474 754 3604 809 quas

1940 820 2264 876 docuerant
2292 821 2400 875 viri
2426 824 2728 893 quondam
2757 826 3042 895 insignes,
3079 824 3390 880 facientem
3421 827 3601 882 etiam

1942 909 2175 979 majora
2215 909 2518 976 miracula,
2562 917 2617 967 et
2654 912 2993 983 ignorantes
3032 929 3169 968 eum
3214 914 3313 969 Dei
3344 930 3473 971 esse
3513 932 3604 971 sa-

1940 998 2228 1070 pientiam
2257 1014 2327 1054 ac
2356 1000 2647 1067 virtutem,
2676 1003 3049 1059 mirabantur
3069 1008 3125 1058 et
3145 1019 3452 1060 sermones
3473 1009 3602 1076 ejus

1944 1091 2000 1142 et
2045 1086 2354 1143 miracula.
2411 1088 2883 1147 Offendebantur
2930 1098 3127 1148 autem
3174 1108 3279 1162 per
3310 1110 3469 1159 eum,
3499 1096 3602 1165 qui

1944 1175 2085 1232 talia
2134 1175 2373 1231 doceret
2420 1193 2489 1232 ac
2522 1179 2811 1236 miracula
2856 1181 3209 1251 hujusmodi
3252 1181 3472 1248 ederet,
3523 1184 3602 1239 ob

1946 1264 2105 1319 aliud
2132 1264 2299 1333 nihil,
2322 1264 2436 1320 nisi
2458 1267 2622 1336 quod
2644 1268 2971 1324 humilibus
2986 1275 3152 1325 ortus
3180 1276 3331 1326 esset
3350 1272 3603 1342 parenti-

1947 1352 2087 1411 bus.
2110 1352 2225 1408 Sed
2238 1369 2372 1409 vere
2385 1370 2538 1410 caaca
2553 1361 2607 1410 et
2628 1357 2935 1413 insensata
2958 1374 3048 1414 res
3070 1362 3159 1413 est
3178 1359 3419 1416 invidia.
3443 1361 3609 1416 Unde

1951 1441 2108 1500 enim
2159 1443 2354 1511 magis
2402 1443 2687 1500 admirari
2724 1462 2986 1518 eumque
3034 1448 3282 1503 adorare
3333 1451 3606 1519 Oportuit,

1950 1530 2116 1603 quod
2138 1531 2215 1587 ab
2238 1532 2538 1602 ejusmodi
2560 1535 2905 1605 parentibus
2928 1535 3056 1592 talis
3083 1536 3431 1608 progenitus
3462 1544 3614 1595 esset

1951 1619 2130 1689 ﬁlius,
2162 1619 2301 1676 inde
2331 1636 2431 1692 per
2462 1637 2598 1677 eum
2632 1622 3112 1681 offendebantur.

2023 1710 2187 1766 Vers.
2222 1713 2308 1769 55.
2340 1710 2430 1767 56.
2461 1711 2618 1767 Num
2647 1712 2743 1768 hic
2773 1741 2840 1753 —
2876 1720 3016 1768 sunt
3045 1713 3074 1767 ‘i’
3106 1716 3238 1769 Haac
3269 1715 3477 1772 omnia
3505 1733 3613 1788 per

222 1827 303 1861 σιν
373 1806 747 1878 ἀναγνωστέον.
818 1810 1203 1878 Λιαποροῦντες
1264 1806 1367 1877 γάρ
1434 1804 1605 1875 ἔλεγον
1672 1810 1843 1854 ταῦτα

1959 1796 2479 1867 interrogationem
2510 1798 2762 1869 legenda
2793 1805 2931 1857 sunt
2958 1821 2970 1858 :
3002 1816 3146 1857 nam
3170 1802 3299 1858 haec
3330 1803 3611 1861 haesitan-

217 1900 349 1972 πρὸς
421 1894 691 1967 ἀλλήκίους.
764 1897 897 1966 Πρός
970 1896 1105 1965 ἡμᾶς
1177 1891 1255 1961 δὲ,
1336 1892 1450 1945 ἀντὶ
1523 1900 1636 1959 τοῦ,
1705 1899 1817 1965 Παρ

222 1991 369 2058 ἡμῖν.

304 2075 467 2126 Πόθεν
526 2104 579 2114 -
642 2073 850 2139 πάντα;
882 2071 1017 2145 Ὀρα
1078 2070 1294 2144 βαθεῖαν
1348 2072 1546 2128 οἶνοιαν,
1607 2073 1838 2141 Λέγουσι

225 2164 353 2235 γὰρ,
408 2164 508 2223 ὅτι,
560 2162 705 2214 Ἐπεὶ
775 2165 960 2232 γονέων
1016 2160 1227 2213 εὐτελῶν
1280 2160 1414 2227 ἐστι,
1474 2162 1626 2212 πόθεν
1682 2159 1836 2210 0270.0-

230 2252 312 2302 θεν
367 2253 533 2322 τούτῳ
588 2258 757 2302 ταῦτα
804 2253 976 2302 πάντα
1022 2253 1430 2323 προσεγένοντο;
1476 2253 1575 2301 Καὶ
1623 2253 1746 2320 μὴν,
1797 2246 1835 2297 ὦ

232 2342 465 2411 μάταιοι,
498 2339 587 2390 οὐκ
631 2338 731 2391 ἀπὸ
779 2343 964 2409 γονέων
1009 2338 1265 2409 εύκγείας,
1310 2336 1423 2390 οὐδ’
1474 2336 1575 2389 ἀπὸ
1625 2339 1838 2409 χρημά-

231 2448 331 2480 των
390 2425 684 2499 δαψιλείας,
746 2429 775 2486 ἡ
828 2431 1066 2479 τοιούτου
1118 2431 1276 2491 τινὸς,
1332 2425 1440 2478 ἀλλ’
1498 2424 1549 2488 ἐξ
1599 2430 1835 2498 ξναρέτου

230 2517 494 2579 πολιτείας
539 2519 567 2576 ἡ
619 2526 811 2589 γνῶσις
838 2522 927 2569 καὶ
958 2518 1024 2568 τὰ
1056 2519 1297 2589 θαύματα
1324 2518 1491 2569 θεόθεν
1536 2522 1645 2577 τοῖς
1677 2514 1837 2576 ἀξίοις

230 2604 572 2677 χαρίζονται.

305 2698 405 2745 Καὶ
428 2722 497 2734 -—
518 2691 676 2763 αύτῷ.
712 2691 850 2745 Ἀντὶ
876 2699 990 2759 τοῦ,
1026 2691 1140 2746 Ἐπ’
1173 2691 1335 2761 αύτῷ.

305 2788 370 2833 ·Ο
442 2778 501 2833 δε
553 2780 759 2842 Ἰησοῦς
804 2812 871 2821 —
917 2781 1099 2835 αύτοῦ.
1163 2779 1221 2833 Ὀ
1280 2776 1337 2831 δὲ
1400 2780 1610 2853 Μάρκος
1678 2780 1831 2843 εἶπεν,

231 2871 304 2924 ὁτι
360 2870 422 2925 Εἰ
473 2874 545 2943 μή
598 2869 646 2922 ἐν
694 2878 755 2942 τῇ
811 2866 1031 2944 πατρίδι
1085 2870 1264 2941 αὐτοῦ,
1318 2873 1407 2923 καὶ
1458 2868 1507 2920 ἐν
1560 2875 1671 2929 τοῖς
1716 2887 1838 2939 συγ-

229 2964 423 3033 γενέσι,
476 2964 567 3012 καὶ
624 2958 673 3011 ἐν
742 2968 803 3028 τῇ
866 2960 1006 3031 οίκίᾳ
1081 2959 1262 3014 αὐτοῦ.
1334 2954 1838 3031 Παραδειγματικῶς

230 3047 291 3104 δὲ
345 3050 531 3102 ἑαυτὸν
577 3046 836 3108 ἐδήλωσεν
882 3050 907 3100 ό
952 3054 1202 3121 Χριστός.
1258 3050 1364 3103 Καὶ
1410 3048 1458 3100 ἐν
1502 3051 1592 3120 μὲν
1647 3055 1708 3119 τῇ
1742 3067 1840 3099 πα-

228 3136 379 3213 τρίδι
438 3143 632 3213 εἴρηκε,
687 3135 781 3191 διὰ
836 3144 1010 3190 πᾶσαν
1066 3142 1159 3196 τὴν
1208 3140 1473 3209 Ναζαρέτ⁸
1526 3135 1574 3188 ἐν
1629 3133 1688 3188 δὲ
1733 3144 1841 3198 τοῖς
1874 3171 1914 3227 C

228 3232 529 3301 συγγενέσι,
588 3225 681 3279 ὁιά
748 3230 863 3287 τοὺς
929 3222 1272 3284 ὁπωσδήποτε
1335 3233 1599 3297 συγγενεῖς
1657 3226 1835 3279 αύτού·

227 3318 277 3369 ἐν
330 3314 390 3369 δε
442 3324 506 3389 τῇ
563 3316 724 3388 οἰκίᾳ,
782 3313 874 3367 διὰ
930 3320 1116 3387 μόνους
1173 3319 1297 3377 τοὺς
1348 3311 1604 3387 ἀδελφούς
1662 3316 1837 3368 αὐτοῦ·

227 3409 414 3466 πάντες
482 3408 583 3480 γὰρ
641 3404 801 3457 αύτοῦ
854 3410 1221 3477 κατεφρόνουν·
1289 3406 1337 3456 οἱ
1403 3407 1513 3477 μὲν,
1587 3407 1652 3464 ὡς
1713 3425 1844 3477 συμ-

230 3500 554 3569 πατριὼτου,
588 3495 637 3546 οἱ
683 3490 760 3564 δε,
810 3496 873 3553 ὡς
910 3501 1211 3565 συγγενοῦς,
1257 3495 1306 3544 οἰ
1356 3489 1432 3563 δὲ,
1481 3495 1551 3555 ὡς
1598 3490 1841 3565 ἀδελφοῦ.

234 3589 325 3639 Διό
406 3588 496 3635 καὶ
582 3584 851 3656 ὑπερφυῶς
932 3579 1328 3655 εὐδοκιμοῦντος
1408 3579 1844 3643 ἐσκανδαλίζοντο

235 3673 317 3726 ἐπ’
371 3672 537 3743 αύτῷ,
593 3675 883 3736 τουτέστιν,
933 3670 1026 3723 ούκ
1076 3668 1335 3729 ἠδύναντο
1393 3674 1653 3723 πιστεύειν
1706 3672 1846 3742 αὐτῷ

239 3762 339 3815 διὰ
365 3764 454 3813 τόν
505 3762 705 3833 φθόνον,
752 3761 795 3812 εἰ
838 3763 929 3811 καὶ
973 3761 1021 3810 οἱ
1070 3763 1159 3831 μὲν
1206 3759 1394 3824 πλεῖον,
1449 3762 1495 3812 οἰ
1539 3757 1597 3812 δὲ
1642 3760 1846 3813 ἔλαττον

1166 3868 1230 3920 φη
1242 3853 1315 3914 σὶ,
1397 3853 1663 3923 προφήτης
1727 3851 1847 3902 οἵτι-

228 3960 359 4017 μος,
394 3938 516 4011 παρ’
550 3938 662 4009 (49)
696 3938 772 3997 οἷς
816 3933 958 3990 δοκεῖ
1001 3943 1292 4009 προφήτηςι
1346 3937 1389 3988 εί
1431 3942 1501 4008 μὴ
1550 3937 1596 3989 ἐν
1643 3946 1701 4010 τῇ
1754 3960 1850 3991 ποτ’

239 4025 391 4102 τρίδι
466 4026 622 4079 αὑτοῦ
677 4031 767 4078 καὶ
842 4025 889 4076 ἐν
962 4034 1071 4086 τοῖς
1136 4029 1430 4096 συγγενέσι,
1510 4031 1598 4078 καὶ
1662 4026 1709 4078 ἐν
1786 4036 1847 4099 τῇ

240 3852 504 3923 ἐφθόνουν.
578 3849 689 3901 Ούκ
754 3850 894 3901 ἔστιν
969 3848 1075 3914 οὖν,

239 4119 386 4188 οἰκίᾳ
457 4114 637 4169 αύτοῦ.
705 4115 866 4167 Οὗτοι
934 4114 1051 4187 λάρ,
1110 4119 1282 4166 καίτοι
1353 4120 1624 4187 προφήτην
1696 4116 1851 4168 αὐτὸν

238 4201 462 4268 εἰδότες,
530 4204 668 4275 ὅμως
724 4210 1138 4277 καταφρονοῦσιν
1211 4202 1390 4267 αὐτοῦ,
1471 4199 1565 4255 διά
1639 4223 1693 4255 τε
1758 4209 1853 4263 τήν

237 4294 496 4369 ῥηθεῖσαν
547 4292 735 4357 αἰτίαν,
800 4296 888 4343 καὶ
946 4287 1087 4344 διότι
1133 4295 1199 4343 τὰ
1261 4294 1482 4357 συνήθη,
1538 4292 1854 4365 εὐκαταφρό-

240 4402 401 4440 νητα.
458 4381 517 4433 Ὀ
584 4378 643 4434 δε
694 4386 904 4442 Λουκᾶς
960 4377 1115 4445 εἶπεν,
1184 4382 1266 4433 ὃτι
1322 4377 1519 4441 Οὐδεὶς
1586 4385 1858 4454 προφήτης

246 4469 435 4533 δεκτός
485 4469 626 4523 ἐστιν
674 4468 721 4521 ἐν
775 4477 837 4542 τῇ
895 4466 1116 4543 πατρίδι
1168 4468 1350 4538 αύτοῦ,
1406 4466 1588 4523 δεκτόν
1627 4469 1858 4523 κάκεῖνον

244 4560 435 4631 λέγων,
467 4563 552 4611 τόν
574 4564 764 4630 τίμιον.

331 4648 438 4702 Καὶ
485 4678 551 4688 -
603 4646 789 4701 αὐτῶν.
855 4648 1124 4718 Δυνάμεις,
1173 4648 1237 4697 τὰ
1295 4647 1539 4719 θαύματα
1587 4647 1742 4719 λέγει,
1794 4648 1864 4708 ὡς

255 4734 531 4808 δυνάμεως
587 4737 721 4795 θείας
770 4738 914 4809 ἔργα.
964 4740 1065 4787 Καὶ
1098 4735 1194 4809 ὅρα
1234 4740 1436 4807 σοφίαν.
1486 4736 1728 4794 Ἐποίησε
1775 4740 1863 4809 μὲν

252 4830 384 4901 γὰρ,
440 4826 522 4877 ἱνα
569 4829 640 4897 μή
690 4821 965 4891 δύνωνται,
1014 4823 1197 4895 λέγειν,
1256 4824 1335 4875 ὅτι
1390 4831 1572 4877 Μισῶν
1621 4827 1761 4897 ἡμᾶς
1806 4825 1865 4877 οὐ

258 4917 537 4990 θεραπεύει
592 4917 714 4975 τοὺς
769 4913 817 4965 ἐν
875 4915 998 4986 ἡμῖν
1065 4918 1153 4967 καὶ
1209 4913 1310 4980 ὅτι,
1378 4914 1441 4967 Εἰ
1496 4913 1706 4972 ἐποίησε
1778 4919 1867 4968 καὶ

252 5006 387 5081 μαρ¹
446 5006 593 5077 ἡμῖν,
638 5002 1014 5076 ἐπιστεύσαμεν
1067 5004 1128 5056 ἄν
1184 5007 1274 5055 καὶ
1322 5005 1491 5076 ἡμεῖς.
1551 5004 1626 5057 Ού
1678 5004 1866 5067 πολλὰς

254 5090 344 5163 δὲ,
419 5088 513 5146 διὰ
580 5096 675 5153 τήν
742 5092 990 5146 ἀπιστίαν
1064 5092 1254 5165 αὐτῶν,
1314 5093 1395 5146 ὅτι
1444 5097 1534 5148 καὶ
1588 5097 1866 5168 γινομένων

330 5273 377 5311 υ
399 5274 572 5332 Marc.
601 5288 684 5339 τι,
714 5275 768 5329 4.
801 5274 847 5310 ²³
875 5273 1007 5330 Luc.
1036 5273 1226 5337 1v,24.

1950 1889 2038 1942 tes
2068 1885 2327 1942 invicem
2357 1886 2661 1945 dicebant.

2018 2065 2182 2121 Vers.
2216 2068 2302 2120 56.
2359 2065 2524 2122 Unde
2553 2095 2621 2107 -
2659 2066 2858 2122 omnia
2897 2068 2924 2123 ?
2955 2068 3096 2125 Vide
3130 2073 3463 2128 extremam
3502 2073 3606 2127 de-

1948 2154 2256 2209 mentiam.
2288 2152 2497 2209 Dicunt
2518 2156 2675 2209 enim
2702 2172 2715 2209 :
2740 2156 3092 2211 Parentibus
3114 2164 3279 2213 ortus
3304 2168 3396 2214 est
3425 2161 3609 2216 tenui-

1947 2240 2061 2297 bus
2085 2241 2243 2297 unde
2270 2258 2410 2311 ergo
2432 2244 2570 2298 huic
2591 2244 2795 2299 omnia
2817 2245 2929 2299 ista
2956 2255 3356 2316 provenerunt
3381 2248 3408 2302 ?
3430 2250 3609 2321 Atqui

1946 2346 1982 2385 ο
2015 2331 2165 2396 vani,
2204 2347 2313 2384 non
2342 2331 2421 2386 ob
2448 2337 2764 2402 parentum
2796 2336 3272 2402 generositatem,
3316 2355 3499 2409 neque
3532 2338 3610 2394 ob

1946 2418 2283 2475 divitiarum
2317 2419 2703 2485 afﬂuentiam,
2737 2427 2840 2477 aut
2870 2421 3030 2477 aliud
3065 2423 3375 2495 quippiam
3402 2425 3612 2497 hujus-

1947 2508 2132 2573 modi,
2195 2508 2297 2563 sed
2355 2508 2435 2563 ob
2488 2510 2795 2578 egregiam
2851 2510 3032 2566 vitam
3097 2512 3480 2582 intelligentia
3538 2531 3610 2570 ac

1946 2596 2236 2652 miracula
2265 2597 2550 2653 divinitus
2588 2598 2680 2653 his
2709 2598 2815 2669 qui
2846 2598 3012 2668 digni
3047 2608 3187 2655 sunt
3216 2602 3535 2658 donantur.

2016 2687 2181 2743 Vers.
2223 2690 2310 2740 57.
2343 2686 2421 2740 Et
2454 2716 2517 2726 —
2549 2702 2699 2743 eum.
2737 2686 2857 2742 Hoc
2884 2694 2973 2743 est
3002 2704 3180 2760 super
3204 2688 3329 2747 illo.

2014 2775 2174 2829 Vers.
2231 2774 2319 2828 57.
2376 2775 2540 2831 Jesus
2588 2784 2785 2831 autem
2816 2806 2885 2816 —
2937 2792 3068 2832 sua.
3130 2780 3357 2834 Marcus
3409 2786 3612 2838 autem

1944 2860 2091 2917 dixit
2123 2878 2135 2916 :
2175 2862 2307 2919 Nisi
2345 2863 2405 2917 in
2437 2864 2641 2933 patria
2680 2878 2807 2932 sua,
2848 2869 2900 2919 et
2938 2864 3091 2921 inter
3127 2875 3416 2938 cognatos,
3460 2876 3515 2926 et
3551 2872 3612 2925 in

1945 2950 2108 3005 domo
2136 2965 2265 3006 sua.
2300 2952 2348 2985 ²²
2368 2952 2458 3005 Ab
2485 2952 2760 3023 exemplo
2791 2957 2993 3008 autem
3026 2954 3284 3025 seipsum
3314 2957 3609 3025 signiﬁca-

1946 3040 2026 3096 vit
2045 3040 2327 3105 Christus,
2355 3041 2434 3096 Et
2455 3042 2517 3097 in
2538 3042 2765 3110 patria,
2789 3042 2937 3097 dixit
2962 3049 3205 3114 propter
3226 3050 3408 3103 totam
3431 3050 3610 3106 Naza-

1946 3131 2095 3187 reth.
2116 3132 2281 3187 Inter
2303 3138 2576 3201 cognatos
2599 3147 2738 3187 vero
2761 3137 3004 3204 propter
3030 3149 3132 3189 eos
3150 3136 3253 3206 qui
3271 3139 3609 3207 quomodo-

1948 3236 2184 3291 cunque
2203 3221 2440 3290 cognati
2471 3221 2601 3291 ejus
2617 3227 2783 3277 erant
2810 3238 2823 3287 ;
2850 3226 2907 3276 1n
2932 3221 3115 3278 domo
3132 3230 3352 3288 autem,
3370 3232 3614 3297 propter

1949 3310 2109 3366 solos
2135 3309 2343 3366 fratres
2370 3309 2510 3379 ejus.
2546 3310 2765 3365 Omnes
2792 3311 2951 3365 enim
2983 3310 3393 3379 despiciebant
3423 3331 3561 3371 eum
3596 3333 3610 3383 ;

1948 3398 2030 3454 illi
2059 3398 2301 3470 quidem
2333 3403 2624 3470 tanquam
2655 3398 2997 3470 patriotam,
3031 3400 3122 3455 isti
3154 3417 3296 3457 vero
3328 3403 3491 3458 velut
3519 3420 3613 3462 co-

1952 3494 2224 3557 gnatum,
2256 3487 2317 3542 hi
2348 3492 2546 3542 autem
2577 3486 2751 3558 quasi
2784 3486 3055 3544 fratrem.
3092 3489 3233 3544 Ideo
3264 3490 3443 3547 etiam
3475 3510 3615 3550 cum

1952 3574 2473 3648 supernaturaliter
2504 3575 3007 3644 magniﬁcaretur,
3042 3575 3502 3635 oﬂ‘endebantur
3526 3599 3617 3635 su-

1952 3681 2059 3737 per
2075 3680 2165 3730 eo,
2190 3664 2305 3720 hoc
2325 3670 2435 3733 est,
2460 3671 2705 3735 propter
2727 3663 3017 3720 invidiam
3038 3666 3089 3720 ei
3106 3667 3345 3723 credere
3362 3684 3485 3724 non
3509 3686 3617 3740 po-

1954 3758 2145 3809 terant
2178 3769 2193 3818 ;
2221 3753 2328 3809 etsi
2357 3753 2605 3825 quidam
2640 3754 2855 3823 magis,
2887 3754 3136 3826 quidam
3169 3760 3372 3811 autem
3420 3757 3621 3813 minus

1955 3843 2307 3898 inviderent.
2367 3842 2499 3898 Non
2557 3846 2641 3897 est
2683 3859 2846 3913 ergo,
2904 3843 3119 3915 inquit,
3171 3845 3446 3915 propheta
3502 3849 3623 3903 sine

1960 3932 2176 3989 honore
2206 3931 2371 4003 apud
2396 3947 2548 4003 quos
2579 3931 2810 3987 videtur
2842 3933 3157 4003 pr0pheta,
3188 3936 3305 3989 nisi
3332 3938 3395 3990 in
3419 3937 3620 4005 patria

1959 4037 2067 4077 sua
2097 4028 2148 4077 et
2177 4021 2333 4076 inter
2349 4027 2627 4089 cognatos
2649 4026 2704 4076 et
2730 4019 2791 4075 in
2817 4020 2987 4075 domo
3007 4037 3136 4078 sua.
3173 4022 3240 4077 Hi
3257 4024 3416 4078 enim
3438 4041 3625 4095 quan-

1959 4125 2146 4181 quam
2164 4109 2521 4181 prophetam
2542 4124 2681 4164 eum
2703 4124 2829 4163 esse
2848 4114 3163 4175 noverunt,
3192 4116 3393 4167 tamen
3419 4112 3629 4185 despi-

1962 4199 2126 4254 ciunt
2145 4214 2283 4253 eum
2306 4202 2547 4269 propter
2576 4212 2823 4254 causam
2852 4196 3073 4252 dictam
3099 4214 3113 4263 ;
3136 4204 3192 4254 et
3219 4198 3363 4269 quia
3387 4206 3628 4257 assueta

1963 4286 2135 4343 facile
2191 4286 2620 4357 despiciuntur.
2674 4285 2868 4341 Lucas
2920 4290 3122 4341 autem
3160 4286 3351 4343 dixit:
3405 4290 3625 4346 Nullus

1960 4377 2236 4447 propheta
2266 4378 2540 4444 acceptus
2564 4375 2728 4431 estin
2757 4375 2952 4444 patria
2968 4391 3077 4432 sua
3111 4377 3180 4446 ’3,
3202 4392 3426 4433 vocans
3446 4378 3626 4435 etiam

1966 4466 2098 4537 ipse
2128 4468 2460 4537 acceptum,
2492 4463 2555 4519 id
2580 4464 2747 4536 quod
2773 4463 2835 4519 in
2863 4464 3092 4521 honore
3122 4470 3231 4521 est.

2043 4646 2213 4700 Vers.
2251 4647 2339 4700 58.
2366 4645 2449 4700 Et
2468 4674 2537 4684 ——
2566 4642 2821 4700 illorum.
2854 4644 3106 4699 Virtutes
3136 4644 3275 4701 dicit
3300 4647 3589 4706 miracula
3615 4666 3629 4703 :

1972 4737 2267 4806 tanquam
2285 4733 2502 4790 divina:
2526 4733 2755 4789 virtutis
2778 4748 2987 4806 opera.
3015 4735 3229 4790 Etvide
3250 4737 3632 4808 sapientiam.

1975 4824 2131 4880 Fecit
2170 4823 2467 4895 siquidem
2507 4822 2760 4895 aliquas,
2803 4838 2877 4877 ne
2906 4821 3101 4879 dicere
3138 4831 3383 4896 possent
3425 4848 3439 4882 :
3485 4828 3638 4894 Quia

1976 4914 2115 4970 odio
2139 4928 2251 4969 nos
2279 4912 2479 4982 habet,
2512 4929 2635 4969 non
2665 4915 2830 4968 curat
2862 4928 2965 4968 eos
2995 4913 3099 4985 qui
3126 4919 3261 4971 sunt
3290 4916 3452 4987 apud
3482 4932 3593 4972 nos
3620 4935 3634 4975 :

1976 5003 2189 5077 quodsi
2213 5002 2392 5060 etiam
2424 5003 2578 5075 apud
2607 5018 2718 5058 nos
2748 5002 2878 5057 haec
2902 5003 3135 5074 egisset,
3170 5003 3635 5059 credidissemus

1976 5093 2178 5165 utique
2198 5098 2256 5149 et
2277 5108 2417 5169 nos.
2446 5093 2582 5152 Non
2603 5092 2825 5150 multas
2849 5096 3072 5160 autem,
3098 5099 3344 5164 propter
3366 5092 3640 5150 incredu-

1472 5378 1692 5468 Variaa
1729 5397 2060 5467 lectiones
2102 5407 2168 5467 et
2216 5404 2419 5467 notae.

334 5589 447 5669 (49)
501 5598 585 5653 lla
615 5595 793 5653 etiam
824 5592 1171 5669 Hentenius.
1225 5594 1339 5651 Sed
1368 5593 1490 5669 παρ’
1519 5596 1598 5658 οἷς
1636 5596 1846 5655 videtui

1962 5610 2035 5655 0x
2083 5595 2386 5669 postulare
2413 5606 2533 5651 non
2570 5593 2613 5647 εἰ
2653 5595 2747 5667 μὴ,
2783 5592 2880 5651 sed
2914 5591 3021 5645 ἀλλ’
3049 5591 3097 5645 ἓν
3129 5600 3217 5669 τῇ.
3257 5594 3450 5654 Malim
3500 5610 3643 5667 ergo

256 5664 388 5749 παρ’
416 5664 465 5741 ὅ,
500 5670 561 5727 id
592 5673 685 5726 est
713 5669 843 5721 καθὸ
876 5664 1022 5721 δοκεί
1048 5672 1335 5740 προφήτης.
