4108 6382
476 330 579 386 423

476 544 651 601 bant.
694 544 1010 614 Propterea
1040 544 1261 597 Marcus
1292 556 1530 612 quoque
1564 540 1707 595 dixit
1736 557 1747 594 :
1781 541 1859 594 Et
1889 541 2138 595 miraba-

480 641 581 689 tur
600 639 845 703 propter
867 633 1342 688 incredulitatem
1366 646 1562 685 eorum
1588 633 1642 692 ³⁸,
1672 635 1902 685 tantam
1936 630 2139 684 videli-

474 728 564 778 cet
617 722 1075 793 impudentiam.
1138 720 1250 775 Sed
1292 718 1603 773 Matthasus
1642 718 1889 789 quidem
1950 718 2133 773 dixit:

472 814 606 867 Non
643 812 785 881 fecit
818 812 900 865 ibi
942 811 1183 865 virtutes
1213 810 1430 862 multas
1466 826 1476 861 :
1513 808 1742 861 Marcus
1772 823 1913 861 vero
1947 824 1958 861 :
2013 808 2137 862 Nec

465 900 658 970 potuit
690 900 771 954 ibi
802 916 871 955 ne
900 914 1081 953 unam
1139 897 1363 969 quidem
1405 898 1682 950 virtutem
1735 898 1986 964 operari.
2025 897 2137 949 nisi

468 990 627 1061 quod
660 1003 874 1059 paucos
906 988 1176 1058 infirmos
1198 985 1491 1053 impositis
1524 984 1786 1038 manibus
1818 984 2045 1039 curavit
2076 986 2131 1035 δ.

469 1078 781 1143 Quomodo
813 1092 951 1145 ergo
974 1075 1137 1144 dixit,
1162 1074 1322 1147 quod
1338 1075 1469 1129 Non
1493 1074 1683 1141 potuit
1714 1074 1741 1126 ‘?
1773 1073 1919 1138 Quia
1946 1073 2138 1144 impo-

464 1168 711 1222 tentiam
729 1181 943 1221 vocare
972 1164 1230 1219 solemus
1254 1179 1374 1219 non
1404 1163 1595 1218 solum
1616 1162 1907 1217 defectum
1927 1166 2136 1233 poten-

465 1255 577 1325 tiae,
609 1270 819 1310 verum
860 1255 1039 1310 etiam
1071 1253 1567 1324 impedimentum
1609 1251 1792 1322 hujus
1833 1256 1937 1306 aut
1978 1251 2134 1306 illius

465 1359 685 1413 causae,
721 1344 874 1399 sicut
903 1344 1084 1400 etiam
1117 1358 1300 1399 nunc.
1336 1340 1705 1412 Impediebat
1737 1341 1897 1395 enim
1943 1340 2135 1397 incre-

464 1434 683 1489 dulitas
740 1432 979 1488 illorum
1023 1432 1244 1504 quibus
1288 1429 1650 1486 beneficium
1715 1429 2129 1500 praestabatur.

463 1525 591 1579 Non
641 1525 869 1592 poterat
906 1536 1068 1591 ergo.
1110 1520 1222 1575 hoc
1254 1525 1358 1583 est,
1391 1518 1828 1589 impediebatur
1866 1535 1879 1584 ;
1912 1522 1970 1574 et
2017 1534 2133 1575 non

464 1611 778 1684 oportebat
807 1626 910 1666 eos
938 1611 1154 1665 invitos
1187 1608 1478 1664 beneﬁcio
1505 1608 1759 1663 afﬁcere.

536 1699 694 1755 CAP.
751 1701 907 1755 XXV.
958 1700 1046 1755 De
1092 1700 1323 1754 Herode
1373 1697 1677 1753 tetrarcha
1708 1697 1834 1768 ,qui
1856 1697 2132 1753 Joannem

1132 1786 1460 1843 interemit.

535 1880 677 1948 Cap.
704 1879 832 1932 XIV.
864 1879 1031 1931 Vers.
1060 1877 1101 1931 Ι.
1128 1877 1191 1931 In
1218 1908 1285 1915 —
1317 1878 1378 1930 V.
1412 1877 1464 1929 2.
1492 1875 1621 1931 illo.
1658 1874 1884 1931 Similia
1913 1871 2052 1928 dicit
2081 1878 2134 1929 et

462 1968 688 2024 Marcus
706 1968 777 2023 ³⁵,
805 1968 991 2020 Lucas
1019 1981 1157 2020 vero
1190 1956 1314 2019 ait:
1350 1964 1602 2021 Audiuit
1632 1962 1890 2018 Herodes
1922 1966 2135 2017 tetrar-

465 2056 573 2111 cha
602 2055 875 2111 universa
897 2070 1029 2125 quae
1053 2054 1269 2120 ﬁebant
1300 2053 1375 2109 ab
1404 2068 1463 2107 eo
1492 2070 1506 2117 ;
1536 2060 1587 2108 et
1617 2052 1879 2107 hcerebat
1902 2066 1965 2107 eo
1989 2050 2135 2119 quod

462 2144 759 2200 diceretur
788 2161 821 2197 α
859 2143 1213 2213 quibusdam
1244 2142 1403 2212 quod
1432 2141 1684 2196 Joannes
1707 2140 2065 2195 surrexisset
2095 2155 2132 2195 a

461 2233 705 2288 mortuis
728 2250 742 2293 ;
772 2250 805 2286 a
825 2231 1173 2302 quibusdam
1192 2246 1327 2286 vero
1358 2231 1517 2300 quod
1544 2229 1710 2284 Etias
1734 2229 2127 2297 apparuisset;

464 2323 535 2377 ab
551 2323 687 2378 aliis
716 2327 926 2387 autem,
960 2321 1119 2391 quod
1137 2320 1427 2391 propheta
1459 2318 1742 2389 quispiam
1774 2333 1847 2374 ex
1874 2318 2130 2387 antiquis

463 2410 829 2467 surrerisset.
863 2411 940 2464 Et
972 2410 1127 2465 dixit
1160 2408 1439 2471 Herodes,
1471 2408 1763 2463 Joannem
1809 2422 1911 2477 ego
1942 2407 2131 2462 decol-

465 2500 607 2555 lavi:
644 2499 775 2569 quis
806 2504 887 2554 est
921 2505 1111 2553 autem
1143 2500 1253 2553 iste
1282 2498 1351 2552 de
1380 2512 1485 2567 quo
1510 2512 1611 2566 ego
1642 2496 1793 2552 talia
1822 2496 2004 2551 audio
2033 2495 2130 2551 ?et

463 2587 731 2656 cupiebat
757 2587 949 2643 videre
980 2602 1108 2642 eum
1138 2588 1202 2651 ’⁷,

534 2676 853 2740 Quomodo
886 2692 1026 2747 ergo
1060 2675 1373 2730 Matthaaus
1406 2678 1460 2729 et
1490 2676 1715 2729 Marcus
1767 2672 2130 2743 scripserunt

462 2764 630 2836 quod
670 2764 1013 2820 aﬂirmabat
1054 2762 1349 2830 Herodes,
1382 2762 1585 2835 ipsum
1627 2777 1753 2816 esse
1783 2763 2077 2817 Joannem
2112 2778 2124 2826 ;

461 2856 647 2909 Lucas
672 2869 828 2923 vero,
850 2853 1009 2925 quod
1032 2852 1368 2908 dicentibus
1396 2851 1511 2906 hoc
1535 2850 1922 2922 quibusdam,
1951 2850 2129 2905 Hero-

458 2941 565 2997 des
613 2942 809 3013 potius
867 2941 1181 2997 asserebat
1226 2956 1348 2996 non
1408 2955 1537 2995 esse
1575 2938 1765 2993 illum.
1816 2939 2119 3004 Joannem,

455 3030 668 3101 inquit,
703 3047 800 3101 ego
831 3031 1141 3098 deeoltavi,
1199 3030 1397 3101 itaque
1453 3044 1830 3099 consequens
1876 3032 1965 3083 est
1999 3042 2123 3083 non

456 3135 586 3175 esse
615 3121 820 3191 ipsum
851 3122 1141 3176 Joannem
1173 3120 1199 3175 ?
1231 3118 1382 3185 Quid
1420 3133 1561 3188 ergo
1596 3117 1865 3173 dicemus
1894 3118 1921 3172 ‘I
1955 3116 2123 3182 Quod

454 3209 789 3280 suspicatus
812 3209 969 3264 hunc
996 3226 1032 3265 a
1058 3207 1309 3264 mortuis
1334 3207 1679 3275 surrexisse,
1708 3222 1776 3262 ac
1804 3204 2123 3260 miraculo-

456 3314 591 3353 rum
622 3298 877 3367 gratiam
920 3297 999 3353 ob
1027 3297 1313 3367 injustam
1361 3296 1451 3350 sui
1492 3295 1720 3350 caedem
1746 3311 1782 3349 a
1813 3297 1930 3349 Deo
1961 3310 2123 3349 acce-

455 3386 618 3458 pisse
648 3405 660 3454 ;
694 3387 780 3441 eis
814 3391 1012 3443 tamen
1047 3384 1153 3457 qui
1184 3385 1298 3440 hoc
1330 3384 1630 3449 dicebant,
1663 3382 1970 3439 asserebat
1997 3396 2121 3437 non

458 3490 588 3530 esse
635 3474 952 3539 Joannem,
987 3489 1055 3528 ne
1085 3473 1164 3529 ad
1207 3488 1345 3527 eum
1373 3474 1795 3528 concurrerent
1823 3476 1878 3526 et
1919 3475 2123 3527 contra

460 3580 523 3618 se
570 3564 921 3619 seditionem
995 3561 1381 3625 concitarent,
1438 3560 1559 3615 suis
1620 3565 1823 3615 autem
1878 3560 2119 3615 famulis

459 3651 827 3707 conﬁdenter
847 3650 1176 3720 detegebat,
1203 3654 1517 3705 secretum.
1544 3648 1693 3704 Nam
1719 3645 1911 3709 παῖδας
1933 3649 2045 3704 hoc
2064 3649 2121 3703 in

457 3740 591 3796 loco
618 3755 725 3811 pro
756 3740 1043 3795 ministris
1069 3738 1272 3810 posuit
1297 3738 1692 3807 Evangelista.
1720 3738 1784 3793 Id
1810 3742 2010 3794 autem
2038 3738 2121 3793 eis

458 3828 724 3893 conﬁdit,
753 3828 920 3899 quod
949 3828 1111 3883 hunc
1140 3827 1399 3883 maxime
1429 3828 1660 3883 timeret
1685 3831 1975 3899 tanquam
2007 3827 2121 3883 for-

456 3918 666 3972 tiorem
710 3917 840 3988 jam
882 3916 1178 3982 effectum,
1213 3922 1267 3972 et
1315 3915 1490 3987 quasi
1522 3915 1789 3972 futurum
1830 3920 1997 3983 esset,
2058 3920 2121 3971 ut

453 4006 735 4077 deinceps
776 4006 1179 4062 vehementius
1210 4021 1348 4061 eum
1381 4010 1673 4075 argueret.
1714 4009 1780 4061 Et
1817 4006 1953 4061 vide
1991 4021 2119 4060 rem

453 4094 895 4151 admirandam.
912 4095 964 4149 Is
978 4095 1079 4167 qui
1095 4096 1475 4151 interemerat
1494 4096 1656 4151 timet
1669 4096 2116 4166 interemptum.

451 4184 605 4240 Talis
624 4188 710 4240 est
731 4184 890 4239 enim
919 4185 1013 4255 qui
1041 4184 1279 4256 iniquus
1306 4189 1410 4249 est,
1439 4188 1503 4240 ut
1524 4188 1581 4240 et
1606 4188 1873 4240 mortuos
1894 4184 2115 4249 timeat,

457 4278 513 4331 et
559 4274 687 4331 talis
731 4279 818 4329 est
857 4274 959 4345 qui
994 4274 1266 4329 virtutem
1302 4274 1459 4338 colit,
1494 4278 1559 4329 ut
1610 4288 1894 4345 pavorem
1936 4274 2118 4331 etiam

448 4368 582 4434 post
605 4367 857 4419 mortem
885 4362 1171 4419 immittat
1199 4362 1551 4419 viventibus.
1582 4362 1882 4419 Incidente
1917 4367 2117 4419 autem

449 4452 761 4507 occasione
806 4452 880 4507 de
918 4451 1169 4518 Joanne,
1216 4457 1421 4509 narrat
1466 4456 1898 4524 consequenter
1941 4468 2120 4509 evan-

451 4540 662 4612 gelista
692 4556 813 4611 quo
845 4540 1027 4596 modo
1057 4546 1327 4597 mortuus
1360 4542 1454 4599 sit.

522 4632 563 4699 ἡ·
593 4629 853 4685 Herodes
900 4629 1006 4684 iste
1054 4629 1165 4685 fuit
1212 4630 1370 4686 ﬁlius
1418 4632 1547 4702 ejus
1595 4630 1702 4703 qui
1752 4631 2010 4689 infantes
2056 4632 2117 4689 in

455 4718 755 4775 Bethleem
792 4718 1107 4774 interemit.
1423 4739 1426 4744 ·

520 4808 683 4863 Vers.
703 4813 750 4864 5.
768 4810 1025 4865 Herodes
1041 4808 1187 4865 enim
1204 4840 1271 4852 —
1284 4810 1450 4865 Vers.
1483 4814 1511 4865 5
1526 4852 1539 4865 .
1563 4809 1869 4865 habebant.
1888 4813 2115 4867 Marcus

452 4902 654 4955 autem
685 4897 835 4955 dixit
872 4900 1032 4971 quod
1086 4899 1373 4955 Herodias
1426 4898 1825 4955 insidiabatur
1879 4900 1949 4967 ei,
2001 4900 2117 4955 hoc

451 4992 556 5057 est,
611 4989 862 5046 molesta
916 4988 997 5045 illi
1050 4994 1219 5057 erat;
1274 4987 1634 5061 volebatque
1686 5004 1827 5045 eum
1886 4989 2120 5046 occide-

1793 322 1976 380 EUTH
1986 322 2138 381 YMII
2181 319 2513 381 ZIGABENI

478 456 704 511 litatem
730 469 948 519 eorum,
978 454 1119 525 quia
1149 468 1259 508 nec
1289 452 1379 507 his
1408 466 1545 522 quae
1577 451 1745 507 factas
1774 456 1908 506 sunt
1938 450 2126 506 crede-

2248 452 2503 509 ἠπίστουν
2555 454 2647 505 ἔτι.

3753 328 3857 391 424

2726 454 2812 503 Διό
2863 457 2951 504 καὶ
3023 454 3048 504 6
3102 454 3315 525 Μάρκος
3380 451 3535 520 εἶπεν,
3607 456 3688 507 ὄτι
3756 464 3857 511 Καὶ

2248 538 2507 611 ἐθαύμαζε
2540 537 2631 591 δια
2671 546 2763 598 τὴν
2811 539 3056 592 ἀπιστίαν
3095 541 3286 609 αὐτῶν,
3322 539 3560 599 δηλονότι
3609 554 3857 598 τοσοῦτον

2250 627 2727 699 ἀναισχυντοῡσαν,
2788 629 2925 681 Ἀλλ’
2985 632 3009 680 6
3060 634 3149 701 μὲν
3209 633 3480 693 Ματθαῐός
3538 653 3717 703 φησιν,
3777 638 3856 687 ὅτι

2248 718 2357 768 Οὐκ
2410 717 2647 775 ἐποίησεν
2698 718 2799 769 ἐκεῖ
2855 716 3102 791 δυνάμεις
3155 720 3361 780 πολλάς
3421 723 3446 772 ό
3506 719 3564 773 δὲ
3622 726 3855 797 Μάρκος,

2246 808 2325 858 ὅτι
2376 812 2473 858 Καὶ
2521 807 2613 858 οὐκ
2658 804 2890 864 ἠδύνατο
2921 807 3021 859 ἐκεῖ
3062 806 3309 879 οὐδεμίαν
3360 806 3581 881 δύναμιν
3612 820 3854 881 ποιῆσαι,

2247 897 2289 946 εἰ
2374 901 2444 966 μὴ
2526 896 2723 966 ὀλίγοις
2810 896 3098 970 ἀρρώστοις
3194 896 3383 958 ἐπιθεὶς
3461 902 3556 959 τὰς
3652 910 3853 975 χεῖρας,

2247 984 2579 1057 ἐθεράπευσε.
2614 992 2727 1045 Πῶς
2775 982 2860 1036 οὖν
2904 982 3061 1051 εἶπεν,
3119 989 3197 1038 ὅτι
3247 988 3339 1038 οὐκ
3380 984 3657 1045 Momm:
3713 995 3855 1042 Διότι

2246 1070 2538 1144 ἀδυναμίαν
2653 1074 2921 1145 ὀνομάζειν
3013 1075 3279 1146 εἰώθαμεν,
3378 1077 3437 1127 οὐ
3532 1082 3683 1149 μόνον
3762 1085 3857 1138 τὴν

2243 1162 2462 1231 Elisuva
2502 1174 2591 1221 της
2640 1160 2929 1235 δυνάμεως,
2978 1162 3103 1215 ἀλλὰ
3141 1170 3231 1217 καὶ
3274 1168 3359 1216 τόν
3392 1163 3720 1238 ἐμποδισμόν
3760 1177 3853 1230 τῆς

2243 1253 2354 1313 οἵας
2414 1248 2481 1309 δή
2547 1272 2681 1312 τινος
2740 1254 2931 1317 αἰτίας,
3007 1253 3181 1327 ὣσπερ
3240 1259 3329 1306 καὶ
3384 1262 3490 1309 νῦν.
3557 1254 3854 1317 Ἐνεπόδιζε

2240 1342 2340 1411 γὰρ
2428 1341 2566 1411 αὐτῷ
2638 1344 2666 1398 η
2750 1340 2971 1393 ἀπιστία
3038 1350 3136 1393 τῶν
3210 1343 3665 1416 εὐεργετουμένων,
3742 1346 3853 1397 Οὐκ

2243 1425 2472 1487 ἠδύνατο
2504 1430 2611 1498 οὖν,
2642 1429 2756 1482 ἀντὶ
2783 1438 2893 1499 τοῦ,
2929 1428 3306 1494 Ἐνεποδίζετο.
3342 1439 3442 1487 Καὶ
3476 1434 3568 1486 οὐκ
3600 1430 3705 1487 ἔδει
3732 1433 3851 1507 (50)

2244 1516 2434 1589 βιαίως
2465 1518 2740 1592 εὐεργετεῖν
2770 1520 2976 1582 αὐτούς.

2494 1703 2638 1751 ΚΕΦ.
2672 1696 2786 1753 ΚΕ’.
2822 1703 2945 1772 Περὶ
2973 1700 3208 1751 Ἰωάννου
3237 1703 3326 1753 καὶ
3346 1698 3603 1776 Ἡρώδου.

2316 1875 2394 1924 Ἐν
2470 1873 2643 1945 ἐκείνῳ
2715 1906 2782 1913 —
2848 1875 3007 1945 αὐτῷ.
3088 1878 3163 1928 Τὰ
3238 1877 3393 1949 ὅμοια
3457 1878 3593 1949 λέγει
3658 1884 3749 1931 καὶ
3825 1885 3851 1933 ό

2239 1964 2471 2034 Μάρκος.
2520 1962 2578 2014 Ὀ
2638 1960 2695 2015 δὲ
2752 1969 2959 2025 Λουκᾶς
3010 1984 3188 2036 φησιν,
3239 1968 3318 2017 ὅτι
3367 1966 3624 2019 Ἤκουσεν
3680 1968 3852 2043 Ἡρώ-

2240 2048 2340 2112 δης
2396 2054 2420 2103 6
2498 2054 2789 2123 τετράρχης
2861 2056 2926 2105 τὰ
2982 2059 3226 2125 γινόμενα
3292 2056 3378 2107 ὑπ’
3437 2056 3593 2109 αὐτοῦ
3652 2061 3842 2127 πάντα,

2237 2146 2326 2192 καὶ
2410 2137 2674 2212 διηπόρει,
2758 2139 2851 2193 διὰ
2914 2147 2971 2194 τό
3042 2143 3281 2215 λέγεσθαι
3350 2146 3449 2197 ὑπό
3520 2165 3691 2213 τινων,
3768 2148 3846 2198 ὅτι

2241 2230 2480 2290 Ἰωάννης
2538 2228 2813 2301 ἐγήγερται
2867 2229 2920 2282 ἐκ
2975 2241 3182 2306 νεκρῶν·
3257 2234 3355 2285 ὑπό
3422 2254 3574 2286 τινων
3630 2232 3708 2304 δὲ,
3767 2237 3848 2287 ὅτι

2238 2317 2398 2378 lilia;
2428 2317 2609 2389 ἐφάνηο
2643 2317 2803 2369 ἀλλων
2833 2315 2909 2383 δὲ,
2954 2322 3033 2371 ὅτι
3064 2326 3337 2393 προφήτης
3366 2324 3434 2381 εἷς
3474 2331 3571 2374 τῶν
3605 2322 3846 2395 ἀρχαίων

2236 2404 2447 2461 ἀνέστη.
2486 2411 2584 2459 Καὶ
2618 2403 2751 2458 εἶπεν
2781 2404 3040 2479 Ἡρώδης·
3075 2408 3310 2467 Ἰωάννην
3343 2410 3439 2481 ἐγὼ
3468 2410 3841 2483 ἀπεκεφάλισα·

2234 2500 2315 2556 τίς
2356 2492 2415 2547 δέ
2455 2495 2594 2547 ἐστιν
2642 2496 2787 2557 οὗτος
2821 2503 2939 2573 περὶ
2989 2498 3049 2550 οὗ
3098 2497 3197 2570 ἐγὼ
3246 2498 3419 2553 ἀκούω
3448 2508 3707 2566 τοιαῦτα;
3744 2506 3846 2554 Καὶ

2236 2583 2402 2643 ἐζήτει
2440 2580 2568 2636 ἰδεῖν
2598 2585 2775 2641 αὐτόν,

2308 2680 2419 2732 Πῶς
2466 2670 2551 2724 οὖν
2600 2676 2868 2737 Ματθαῖος
2924 2678 3013 2747 μὲν
3065 2681 3154 2728 καὶ
3208 2679 3417 2750 Μάρκος
3451 2678 3703 2752 ἔγραψαν,
3758 2680 3841 2732 ὃτι

2235 2758 2586 2814 διεϐεϐαιοῦτο
2659 2760 2922 2837 Ἡρώδης,
2999 2765 3153 2817 αὐτὸν
3234 2764 3362 2818 εἶναι
3435 2771 3522 2819 τόν
3575 2768 3835 2826 Ἰωάννην·

2233 2852 2257 2901 ό
2316 2847 2373 2902 δὲ
2424 2858 2646 2921 Λουκᾶς,
2698 2854 2778 2904 ὅτι
2826 2853 3073 2925 λεγόντων
3125 2860 3277 2907 τοῦτό
3329 2876 3499 2921 τινων,
3546 2854 3844 2930 όἨρὼδης

2232 2940 2420 3011 μᾶλλον
2468 2938 2595 3005 εἷπε,
2648 2946 2717 3013 μὴ
2767 2938 2895 2994 εἶναι
2942 2951 3143 2995 τοῦτον·
3188 2945 3427 3003 Ἰωάννην
3479 2950 3602 3021 γὰρ,
3660 2952 3839 3018 φησὶν,

2232 3027 2329 3099 ἐγὼ
2390 3028 2760 3101 ἀπεκεφάλισα,
2821 3037 2909 3083 καὶ
2971 3032 3147 3085 λοιπόν
3215 3034 3308 3085 οὐκ
3366 3037 3505 3087 ἔστιν
3566 3036 3830 3097 Ἰωάννης,

2230 3124 2291 3169 Τί
2367 3114 2453 3170 οὖν
2523 3119 2927 3193 ἐροῦμεν;”οτι
3002 3122 3271 3174 ὑπολαϐὼν
3343 3122 3397 3175 ἐκ
3461 3132 3648 3197 νεκρῶν
3720 3123 3841 3177 ἀνα-

2234 3214 2420 3265 στῆναι
2467 3215 2667 3274 τοῦτον,
2735 3214 3051 3282 χαρίσματα
3102 3212 3377 3283 θαυμάτων
3444 3211 3504 3264 ἐκ
3558 3220 3690 3267 Θεοῦ
3744 3212 3841 3266 λα-

2231 3295 2406 3366 ϐόντα,
2469 3293 2563 3349 διὰ
2624 3303 2716 3356 τὴν
2782 3295 2966 3351 ἄδικον
3020 3299 3204 3352 ἑαυτοῦ
3259 3305 3485 3373 σφαγὴν,
3556 3306 3681 3374 πρὸς
3748 3322 3839 3374 μεν

2229 3389 2352 3447 τοὺς
2404 3394 2556 3438 τοῦτο
2614 3386 2872 3457 λέγοντας,
2940 3385 3065 3455 εἶπε,
3120 3393 3190 3461 μὴ
3253 3386 3379 3441 εἶναι
3437 3394 3522 3441 τὸν
3573 3391 3835 3461 Ἰωάννην,

2229 3473 2316 3526 ἳνα
2366 3479 2436 3546 μὴ
2493 3472 2909 3549 προσδράμωσιν
2965 3477 3125 3549 αὐτῷ,
3182 3483 3271 3530 καὶ
3328 3481 3664 3531 στασιάσωσι
3720 3486 3836 3533 κατ’

2231 3562 2407 3614 αὐτοῦ·
2468 3567 2595 3635 πρὸς
2652 3560 2711 3615 δε
2763 3568 2885 3626 τοὺς
2934 3565 3135 3627 οἰκέτας
3187 3566 3345 3619 αὐτοῦ
3403 3567 3581 3642 θαρρεῖ
3630 3572 3688 3620 τό
3741 3591 3843 3642 μυ-

2234 3656 2467 3724 στήριον.
2527 3648 2732 3714 Παῖδας
2796 3656 2899 3726 γὰρ
2969 3662 3077 3721 νῦν,
3150 3659 3271 3717 τοὺς
3338 3655 3541 3718 οἰκέτας
3611 3654 3744 3709 εἶπεν
3811 3660 3839 3710 6

2703 3741 2898 3817 Θαῤῥεῖ
2982 3741 3041 3795 δε
3119 3745 3291 3806 αὐτοῖς
3371 3754 3544 3813 τοῦτο,
3633 3744 3841 3820 σφόδρα

2232 3827 2497 3889 δειλιάσας
2544 3838 2743 3897 τοῦτον,
2796 3835 2863 3892 ὡς
2920 3831 3263 3907 ἰσχυρότερον
3318 3829 3424 3892 ἤδη
3480 3840 3837 3909 γεγενημένον,

2231 3740 2620 3811 εὖαγγελιστὴς.

2228 3924 2319 3971 καὶ
2374 3916 2715 3994 σφοδρότερον
2770 3921 2924 3972 αὐτόν
2983 3922 3271 3993 ἐλέγξοντα.
3330 3928 3431 3976 Καὶ
3485 3925 3580 3995 ὅρα
3638 3925 3838 3996 θαυμα-

2233 4011 2375 4076 στὸν,
2430 4010 2455 4059 6
2515 4011 2766 4079 φονεύσας
2818 4009 3051 4081 φοϐεῖται
3128 4016 3213 4064 τὸν
3284 4015 3664 4084 πεφονευμένον.
3718 4020 3836 4065 Τοι-

2230 4104 2376 4149 οῦτον
2420 4100 2519 4169 γὰρ
2568 4100 2593 4149 6
2638 4102 2815 4160 κακός
2869 4098 3102 4171 φοϐεῖται
3149 4105 3238 4153 xui
3284 4090 3403 4163 τοὺς
3451 4103 3678 4174 νεκρούς.
3733 4106 3831 4154 Καὶ

2228 4194 2460 4238 τοιοῦτον
2519 4188 2544 4237 6
2597 4186 2848 4261 ἐνάρετος,
2906 4188 3057 4260 φόϐον
3112 4188 3338 4261 ἐμποιῶν
3391 4197 3499 4251 τοίς
3556 4190 3691 4251 ζῶσι
3743 4196 3834 4244 καὶ

2228 4278 2356 4347 μετά
2418 4276 2654 4331 θάνατόν.
2735 4282 3178 4353 Παρεμπεσούσης
3260 4276 3318 4331 δὲ
3383 4287 3474 4339 τῆς
3538 4282 3674 4332 κατὰ
3746 4283 3834 4331 τόν

2226 4362 2463 4422 Ἰωάννην
2538 4368 2851 4437 ὑποθέσεως,
2922 4367 3099 4421 λοιπόν
3166 4370 3191 4419 ό
3259 4368 3633 4441 εὐαγγελιστὴς
3701 4366 3828 4427 διη-

2226 4462 2418 4526 γεῖται,
2451 4463 2555 4515 πῶς
2583 4454 2851 4514 ἀπέθανεν,

2298 4634 2340 4703 -ι-
2373 4630 2538 4696 Οὗτος
2582 4634 2712 4705 (50')
2758 4636 2783 4686 6
2836 4633 3056 4708 Ηρώδης
3103 4639 3216 4698 υἱός
3261 4633 3322 4694 ἦν
3366 4643 3457 4689 τοῦ
3486 4638 3552 4691 τὰ
3584 4636 3751 4713 βρέφη
3785 4634 3837 4689 ἐν

2228 4723 2456 4796 Βηθλεὲμ
2489 4722 2901 4785 ἀποκτείναντος.

2297 4813 2355 4866 ςΟ
2412 4816 2511 4887 γὰρ
2562 4811 2800 4886 Ἡρώδης
2855 4845 2926 4856 —
2973 4814 3137 4885 εἶχον.
3188 4814 3247 4866 Ὀ
3306 4812 3364 4867 δὲ
3423 4818 3631 4890 Μάρκος
3671 4812 3827 4880 εἶπεν,

2229 4902 2309 4954 ὃτι
2355 4904 2384 4960 ἡ
2450 4900 2694 4977 Ἡρωδιὰς
2751 4904 2941 4975 ἐνεῖχεν
3014 4904 3175 4976 αὐτῷ,
3252 4910 3539 4975 τοῦτέστιν,
3612 4904 3831 4957 ἐνεκότει

2229 4993 2391 5065 αὐτῷ,
2447 4998 2535 5047 xui
2592 4992 2673 5045 ὃτι
2728 4993 2904 5053 ἤθελεν
2972 4994 3127 5047 αὐτὸν
3183 4993 3505 5066 ἀποκτεῖναι,
3572 4997 3662 5047 καὶ
3735 4993 3832 5048 οὐκ

523 5115 570 5151 ἰ
613 5117 787 5173 Marc.
822 5133 895 5183 Vl,
922 5116 977 5174 6.
1008 5117 1058 5153 ιδ
1089 5113 1241 5174 Ibid.
1268 5115 1324 5170 ες.
1356 5115 1403 5151 ιο
1430 5112 1580 5170 Ibid.
1609 5113 1696 5170 M.
1733 5114 1776 5149 ’τ
1811 5115 1953 5172 Luc.
1983 5133 2061 5186 ιχ,
2088 5117 2144 5185 7,
2184 5117 2240 5174 9.

1664 5292 1886 5362 Varias
1925 5292 2256 5364 lectiones
2298 5301 2362 5361 et
2410 5303 2618 5366 notae.

526 5484 639 5563 (50)
669 5492 841 5547 Recte
872 5485 1218 5556 Hentenius,
1250 5486 1495 5563 invitos.

526 5556 642 5632 (50)
690 5565 903 5618 Neuter
946 5577 1219 5618 meorum
1270 5560 1402 5616 hinc
1445 5556 1739 5632 agnoscit.
1796 5561 2121 5619 Hentenius

458 5634 661 5699 etiam,
693 5634 775 5689 uti
803 5649 876 5689 ex
901 5632 1071 5703 signo
1097 5632 1287 5690 crucis
1310 5632 1513 5689 abillo
1539 5634 1737 5691 addito
1763 5634 2031 5703 discitur,
2059 5636 2121 5690 in

2225 5490 2498 5566 margine
2528 5491 2627 5566 _sui_
2662 5490 2888 5549 codicis
2912 5492 3151 5566 reperit.
3191 5494 3501 5556 Translata
3533 5500 3673 5557 sunt
3699 5492 3835 5557 haec

2227 5579 2297 5619 ex
2325 5562 2653 5637 Theophyl.
2684 5578 2745 5637 p.
2778 5566 2867 5636 80,
2910 5564 2975 5621 B.
