4108 6392
208 351 313 407 425

1201 349 1572 408 COMMENT.
1611 347 1682 405 IN
1723 345 2160 405 MATTH/EUM‘.
2194 378 2262 387 —
2293 346 2455 404 CAP.
2495 347 2652 404 XIV.

3489 353 3594 408 426

208 473 459 535 ἠδύνατο.
506 475 635 530 Εἶτα
680 479 973 550 προσέθηκε
1037 481 1128 529 καὶ
1194 481 1288 535 τὴν
1357 476 1528 529 αἰτίαν
1591 483 1680 528 τοῦ
1741 479 1812 547 μὴ

1928 488 2008 536 re,
2059 489 2168 528 nec
2219 475 2470 544 poterat.
2514 471 2736 528 Deinde
2787 488 3037 529 causam
3082 487 3326 545 quoque
3364 474 3598 532 addidit

209 564 473 619 δύνασθαι
529 567 692 626 αὐτὴν
739 565 925 620 ἀνελεῖν
987 566 1161 621 αὐτόν.
1224 573 1410 639 Εἰρηκε
1464 568 1590 637 γὰρ,
1650 567 1727 616 ὅτι
1787 565 1812 616 6

205 653 447 730 Ἡρώδης
495 654 726 728 ἐφοϐεῖτο
768 660 854 708 τὸν
911 656 1169 724 Ἰωάννην,
1221 652 1374 716 εἰδὼς
1419 655 1593 720 αὐτὸν,
1641 651 1814 728 ἄνδρα

209 742 415 797 δίκαιον
477 750 567 798 καὶ
634 745 804 818 οἶγιον,
860 750 948 798 καὶ
1017 750 1284 818 συνετήρει
1349 744 1523 809 αὐτὸν,
1583 749 1672 796 καὶ
1734 746 1812 796 ὃτι

207 833 407 887 ἀκούων
491 835 651 887 αὐτοῦ
714 834 877 888 πολλά
969 832 1147 900 ἐποίει,
1238 839 1328 886 καὶ
1394 831 1564 894 ἡδέως
1651 833 1812 885 αὐτοῦ

207 928 382 983 ἤκουε.
433 927 612 980 Ταῦτα
671 927 760 997 μὲν
813 920 901 976 οὖν
963 926 1239 995 ἱστόρησεν
1271 925 1296 975 6
1345 926 1578 996 Μάρκος.
1623 922 1683 976 Εἰ
1731 919 1810 991 δὲ,

207 1010 362 1074 εἰδὼς
423 1013 579 1066 αὐτὸν
633 1015 659 1065 6
719 1009 961 1089 Ἡρώδης
1017 1009 1188 1086 ἄνδρα
1242 1009 1446 1066 δίκαιον
1498 1017 1588 1065 καὶ
1639 1012 1808 1083 ἅγιον,

211 1107 479 1175 συνετήρει
559 1102 736 1169 αὐτὸν,
820 1111 932 1165 πῶς
997 1105 1198 1176 εἴρηκεν
1264 1104 1290 1154 ὁ
1367 1103 1656 1166 Ματθαῖος,
1733 1102 1811 1152 ὅτι

207 1191 351 1252 ἤθελε
389 1195 480 1264 μὲν
530 1191 686 1244 αὐτὸν
731 1190 1052 1260 ἀποκτεῖναι,
1085 1191 1314 1263 ἐφοϐεῖτο
1360 1188 1418 1244 δὲ
1474 1194 1560 1244 τὸν
1611 1189 1768 1262 ὄχλον
1793 1205 1810 1258 ;

208 1287 309 1335 Καὶ
352 1282 397 1334 εί
443 1281 606 1334 πολλὰ
671 1280 850 1347 ἐποίει,
885 1282 952 1332 ὧν
1015 1283 1042 1333 6
1103 1281 1342 1342 Ἰωάννης
1414 1281 1653 1354 παρῂνει,
1722 1284 1812 1332 καὶ

211 1371 251 1423 εἰ
311 1367 477 1432 ἡδέως
535 1371 696 1423 αὐτοῦ
750 1371 907 1430 ἡκουε
962 1379 1356 1444 παραινοῦντος,
1424 1367 1570 1422 διατί
1625 1366 1811 1427 ἔδησεν

209 1461 362 1512 αὐτόν
409 1466 500 1513 καὶ
558 1460 869 1528 ἀπέχλεισε;
925 1464 1085 1523 Διότι,
1143 1460 1178 1513 οἷ
1228 1466 1317 1534 μέν
1373 1480 1530 1533 φησιν
1583 1462 1609 1512 6
1662 1461 1809 1533 Μάρ-

1927 578 2032 617 cur
2064 561 2163 616 illa
2193 577 2315 617 non
2352 566 2587 633 poterat
2615 577 2755 617 eum
2785 562 3076 620 occidere.
3115 562 3202 616 Ait
3235 563 3396 619 enim
3429 565 3598 636 quod

1927 651 2184 706 Herodes
2241 651 2544 707 metuebat
2591 653 2906 720 Joannem,
2962 651 3154 707 sciens
3203 668 3340 707 eum
3399 654 3596 710 virum

1919 739 2151 809 justum
2173 745 2228 794 et
2244 744 2537 805 sanctum,
2561 756 2630 796 ac
2649 740 3033 809 observabat,
3052 740 3242 806 illum,
3265 745 3322 797 et
3339 741 3594 798 audiens

1924 843 2063 883 eum
2118 828 2306 885 multa
2350 828 2627 899 faciebat,
2678 829 3049 902 libenterque
3098 845 3238 886 eum
3289 831 3592 888 audiebat.

1926 920 2057 972 Haec
2089 933 2236 973 sane
2265 918 2499 990 scripsit
2541 921 2771 974 Marcus
2821 921 2890 974 ³⁸.
2937 920 3107 985 Quod
3151 920 3198 976 si
3231 920 3425 976 sciens
3455 937 3596 977 eum

1923 1006 2113 1062 virum
2150 1007 2382 1078 justum
2415 1013 2472 1063 et
2503 1013 2777 1064 sanctum
2823 1008 3186 1065 obserbavat
3217 1008 3407 1075 illum,
3448 1026 3597 1083 quo-

1921 1096 2107 1152 modo
2137 1096 2284 1152 dixit
2311 1096 2634 1162 Matthaeus,
2664 1097 2830 1168 quod
2855 1097 3095 1154 volebat
3129 1114 3268 1154 cum
3299 1098 3592 1166 occidere,

1923 1184 2176 1241 timebat
2205 1188 2407 1241 autem
2452 1184 2947 1242 multitudinem?
2991 1187 3277 1244 Prmterea
3320 1188 3370 1244 si
3403 1189 3598 1246 multa

1924 1273 2180 1331 faciebat
2210 1289 2419 1330 eorum
2449 1290 2586 1347 quae
2616 1275 2878 1330 Joannes
2923 1276 3311 1343 admonebat,
3356 1281 3414 1332 et
3442 1277 3490 1333 si
3521 1277 3595 1334 li-

1921 1364 2132 1420 benter
2145 1380 2280 1419 eum
2295 1363 2721 1419 admonentem
2742 1365 3241 1438 audiebat,quare
3253 1365 3594 1422 vinxiteum

1924 1469 1994 1509 ac
2024 1452 2306 1509 reclusit?
2337 1452 2488 1518 Quia
2517 1468 2650 1526 quae
2682 1453 2823 1509 dicit
2853 1455 3098 1520 Marcus,
3135 1454 3402 1525 primum
3434 1454 3596 1513 facta

209 1571 314 1617 κος,
384 1559 584 1624 πρῶτον
661 1549 907 1622 ἐγένοντο·
978 1549 1013 1601 ἆ
1075 1547 1134 1602 δέ
1189 1570 1348 1622 φησιν
1415 1551 1440 1602 6
1519 1551 1809 1619 Ματθαῖος,

1924 1542 2156 1598 fuerant
2198 1560 2211 1598 :
2245 1557 2381 1614 quae
2413 1546 2615 1598 autem
2647 1542 2788 1598 dicit
2821 1543 3151 1608 Matthaaus,
3193 1544 3595 1615 postmodum

208 1641 417 1712 ὕστερον
469 1638 784 1710 ἐπεγένοντο.
871 1645 1081 1713 Πρῶτον
1132 1641 1235 1714 γὰρ
1322 1641 1352 1698 ἠ
1415 1643 1504 1712 μὲν
1555 1636 1814 1714 Ἡρωδιὰς

209 1728 513 1801 ἐχαλέπαινε
578 1736 651 1799 τῷ
726 1728 960 1802 Ἰωάννη,
1010 1733 1100 1782 καὶ
1157 1727 1332 1786 ἤθελεν
1401 1727 1586 1782 ἀνελεῖν
1632 1731 1807 1784 αὐτὸν.

208 1821 233 1871 6
283 1815 341 1871 δὲ
379 1814 621 1892 Ἡρώδης
671 1817 729 1870 οὗ
790 1823 1108 1894 παρεχώρει,
1182 1824 1452 1890 γινώσκων
1501 1818 1657 1871 αὐτὸν
1726 1815 1810 1871 δί-

205 1926 352 1959 καιον
399 1912 488 1959 καὶ
529 1906 698 1976 ἅγιον·
752 1904 846 1960 διὰ
891 1915 1044 1960 τοῦτο
1091 1909 1192 1982 γὰρ
1240 1912 1330 1960 καὶ
1384 1905 1582 1960 ἀκούων
1627 1907 1807 1974 αὐτοῦ,

207 1996 369 2048 πολλά
425 1995 605 2062 ἐποίει,
671 2001 760 2048 καὶ
829 1993 996 2057 ἡδέως
1052 1995 1214 2049 αάτοῦ
1275 1999 1479 2055 ἠκουεν.
1557 1996 1696 2050 Ἐπεὶ
1753 1994 1812 2049 δὲ

206 2086 443 2152 ἐνέκειτο,
521 2082 763 2158 σφοδρῶς
831 2084 1058 2157 ἐλέγχων
1128 2086 1282 2138 αὐτὸν
1356 2091 1446 2138 καὶ
1519 2082 1806 2158 διασύρων,

203 2173 402 2240 λοιπὸν,
459 2183 610 2227 τοῦτο
668 2179 758 2246 μὲν
816 2174 1106 2236 ἐκνικηθεὶς
1161 2176 1261 2228 ὑπὸ
1313 2183 1403 2236 τῆς
1431 2175 1595 2236 λύπης
1650 2175 1811 2249 ’Πρώ-

209 2261 332 2328 δης,
400 2272 548 2316 τοῦτο
616 2261 676 2317 δὲ
714 2268 805 2317 καὶ
877 2267 1019 2338 παρὰ
1083 2273 1174 2325 τῆς
1251 2261 1582 2339 ’Ἡρωδιάδος
1640 2265 1809 2317 ἐκϐια-

449 2352 687 2425 μετέϐαλε
757 2359 851 2412 την
918 2350 1056 2406 αἰδῶ
1129 2357 1256 2429 πρὸς
1323 2354 1504 2428 ὀργὴν,
1575 2360 1665 2407 καὶ
1739 2359 1807 2427 μὴ

794 2443 968 2500 ἤθελεν
1057 2443 1211 2495 αὐτὸν
1274 2441 1480 2496 ἀνελεῖν·
1570 2443 1810 2516 φοϐηθεὶς

205 2527 262 2583 δὲ
313 2535 398 2582 τόν
453 2530 631 2602 ὄχλον,
695 2527 858 2588 ἔδησε
929 2534 1018 2602 μὲν
1072 2531 1224 2584 αὐτὸν
1291 2531 1628 2605 ἀμυνόμενος,
1689 2532 1808 2585 ἀπέ-

209 2356 373 2420 σθεὶς,

204 2446 493 2512 παυόμενον
569 2442 666 2494 ὀλω
676 2463 716 2507 ς,

203 2619 372 2671 κλεισε
438 2618 516 2684 δὲ,
576 2621 658 2671 ῖνα
721 2625 794 2692 μὴ
859 2625 1255 2695 περιερχόμενος
1322 2618 1553 2694 κωμῳδῇ
1631 2622 1806 2679 αὐτόν.

206 2705 457 2780 Ἐπετίμα
525 2705 560 2760 δ
562 2711 583 2760 'e

204 2797 381 2866 ἔχοντι
427 2801 523 2854 τὴν
575 2803 798 2868 γυναῖκα
847 2804 940 2849 τοῦ
994 2794 1224 2870 ἀδελφοῦ
1276 2798 1460 2869 αὐτοῦ,
1509 2802 1646 2852 κατά
1711 2797 1808 2853 δύο

208 2885 398 2946 αἰτίας·
451 2893 656 2959 πρῶτον
704 2889 814 2959 μὲν,
861 2889 942 2939 ὅτι
997 2887 1186 2948 ζῶντος
1236 2895 1328 2940 τοῦ
1371 2885 1597 2961 ἀδελφοῦ
1648 2889 1807 2942 αὐτοῦ

205 2973 398 3046 βιαίως
467 2973 695 3047 ἀφείλετο
755 2980 846 3028 καὶ
906 2980 1000 3034 τὴν
1053 2984 1279 3048 γυναῖκα
1343 2977 1503 3029 αὐτοῦ
1562 2984 1648 3029 καὶ
1716 2984 1808 3037 τὴν

201 3066 539 3137 τετραρχίαν-
609 3063 804 3133 ἔπειτα,
855 3066 936 3117 ὅτι
987 3069 1073 3117 καὶ
1129 3067 1390 3140 θυγατέρα
1455 3065 1686 3138 ἔχουσαν
1753 3066 1808 3130 ἐζ

203 3151 420 3220 ἐκείνου,
489 3155 683 3211 ταύτην
768 3153 972 3226 ἔγημεν,
1053 3155 1087 3205 οἱ
1151 3159 1241 3206 καὶ
1299 3156 1451 3227 ἄμφω
1507 3158 1804 3229 παράνομα.

207 3247 306 3294 Καὶ
350 3243 450 3314 γὰρ
501 3243 526 3293 6
588 3247 744 3315 νόμος
807 3241 998 3296 ἐκελευε
1061 3246 1152 3316 μὲν
1211 3252 1380 3316 γῆμαι
1441 3249 1530 3303 τὴν
1581 3252 1809 3316 γυναῖκα

200 3339 294 3384 τοῦ
354 3328 596 3404 ἀδελφοῦ,
665 3330 771 3384 ἀλλ’
835 3333 929 3385 οὐκ
991 3336 1067 3386 ἔτι
1129 3334 1339 3400 ζῶντος,
1407 3329 1530 3386 οὐδὲ
1571 3331 1807 3386 κπαιδίον

200 3425 457 3492 ἔχουσαν.

275 3551 520 3598 Γενεσίων
610 3544 669 3600 δε
735 3545 995 3620 ἀγομένων
1085 3582 1156 3589 —
1240 3549 1546 3608 αἰτήσηται.
1614 3549 1673 3601 Ὀ
1748 3547 1806 3603 δὲ

199 3639 413 3710 Μάρκος
443 3641 593 3708 φησὶ,
628 3639 731 3692 Καὶ
779 3637 1108 3709 ὡμολόγησεν
1155 3640 1268 3711 (51)
1317 3640 1470 3711 αὐτῇ,
1509 3642 1587 3692 ὅτι
1614 3639 1681 3692 Ὀ
1720 3640 1806 3692 ἐάν

199 3746 263 3798 με
324 3725 566 3797 αἰτήσῃς,
618 3723 796 3795 δώσω,
851 3746 934 3779 σοι
981 3729 1073 3790 ἔως
1117 3731 1346 3801 ἡμίσους
1396 3738 1487 3790 τῆς
1532 3729 1808 3802 βασιλείας

1922 1631 2078 1688 facta
2143 1635 2299 1686 sunt.
2369 1632 2630 1687 Primum
2698 1632 2859 1686 enim
2929 1632 3212 1689 Herodias
3279 1633 3594 1704 negotium

1922 1719 2260 1777 facessebat
2311 1720 2548 1791 Joanni,
2604 1719 2964 1792 volebatque
3019 1721 3187 1777 illum
3247 1722 3518 1778 occidere
3577 1739 3590 1778 :

1922 1810 2182 1866 Herodes
2222 1824 2364 1865 vero
2393 1825 2516 1865 non
2548 1809 2949 1881 permittebat,
2985 1809 3181 1866 sciens
3211 1825 3351 1866 eum
3395 1812 3594 1868 virum

1916 1899 2147 1970 justum
2179 1903 2235 1955 et
2265 1903 2560 1964 sanctum,
2610 1898 2743 1954 ideo
2775 1914 3019 1972 quoque
3063 1899 3268 1956 audito
3298 1914 3370 1956 eo
3402 1900 3595 1958 multa

1921 1988 2178 2044 faciebat
2244 1992 2300 2044 et
2364 1987 2618 2044 libenter
2682 2003 2821 2043 eum
2897 1988 3203 2045 audiebat.
3275 1990 3421 2044 Cum
3488 2005 3594 2047 au-

1921 2083 2040 2134 tem
2081 2077 2466 2133 vehementer
2501 2077 2670 2133 illum
2694 2082 2946 2147 urgeret,
2990 2093 3251 2150 arguens
3291 2094 3361 2134 ac
3400 2079 3592 2135 incre-

1919 2182 2072 2239 pans
2103 2183 2261 2232 eum,
2297 2166 2540 2222 tandem
2574 2166 2832 2222 Herodes
2866 2166 3007 2222 hinc
3037 2166 3287 2239 quidem
3319 2167 3593 2224 devictus

1921 2255 2212 2321 molestia,
2246 2255 2386 2311 hinc
2414 2260 2612 2312 autem
2647 2255 2768 2310 vim
2815 2255 3274 2328 quodammodo
3314 2255 3392 2312 ab
3419 2259 3596 2313 Hero-

1919 2344 2096 2402 diade
2126 2362 2466 2418 perpessus,
2495 2347 2622 2417 jam
2656 2347 2949 2419 pudorem
2980 2348 3040 2402 in
3069 2348 3220 2403 iram
3251 2355 3594 2404 commuta-

1918 2436 2033 2492 vit:
2059 2453 2168 2492 nec
2181 2437 2426 2492 omnino
2439 2437 2755 2508 quiescens
2773 2437 2851 2508 (ν)
2870 2436 3110 2493 volebat
3128 2452 3268 2493 eum
3291 2437 3587 2504 occidere,

1918 2525 2134 2581 timens
2175 2543 2316 2581 vero
2356 2526 2798 2582 multitudinem
2852 2527 3038 2582 vinxit
3087 2542 3228 2582 eum
3268 2527 3443 2599 quasi
3480 2544 3597 2600 pu-

1917 2615 2087 2670 niens
2131 2639 2142 2669 :
2186 2617 2261 2672 Et
2303 2616 2508 2686 ligavit
2549 2632 2701 2679 eum,
2743 2631 2817 2670 ne
2855 2616 3023 2671 varia
3061 2616 3194 2672 loca
3233 2615 3592 2672 circumiens

680 2708 820 2779 αὗτῷ
910 2711 934 2760 ὁ
1005 2709 1265 2779 Ἰωάννης,
1343 2712 1412 2771 ὡς
1500 2716 1808 2785 παρανόμως

1922 2704 2266 2775 objurgaret
2293 2721 2452 2760 eum.
2478 2704 2782 2774 Arguebat
2804 2711 3006 2761 autem
3025 2703 3189 2761 illum
3215 2706 3495 2773 Joannes,
3525 2720 3593 2772 ut,

1919 2794 2022 2864 qui
2053 2798 2260 2849 contra
2289 2796 2484 2863 legem
2510 2794 2756 2848 haberet
2785 2808 3034 2849 uxorem
3067 2793 3260 2850 fratris
3292 2794 3408 2851 sui.
3440 2797 3590 2850 Dua-

1919 2881 2032 2937 bus
2063 2898 2200 2937 vero
2231 2883 2305 2937 de
2335 2883 2531 2937 causis
2559 2897 2695 2936 eum
2744 2881 3129 2954 increpabat;
3162 2882 3429 2954 primum
3459 2882 3591 2955 qui-

1918 2972 2056 3027 dem
2083 2971 2248 3044 quod
2275 2970 2505 3026 vivente
2532 2971 2707 3026 fratre
2736 2987 2845 3026 suo
2868 2971 3193 3028 abstulerat
3216 2971 3507 3028 violenter
3531 2977 3589 3030 et

1918 3060 2073 3116 illius
2115 3075 2360 3115 uxorem
2401 3065 2457 3114 et
2494 3059 2896 3115 tetrarchiam.
2935 3060 3154 3116 Deinde
3192 3061 3359 3132 quod
3380 3060 3584 3126 etiam,

1917 3167 2057 3206 cum
2092 3149 2226 3222 ipsa
2255 3149 2441 3204 ﬁliam
2496 3164 2569 3203 ex
2597 3148 2694 3203 illo
2721 3148 3068 3220 peperisset,
3113 3149 3368 3205 duxerat
3397 3165 3531 3206 eam
3566 3167 3581 3206 :

1916 3255 2175 3312 quorum
2199 3243 2522 3310 utrumque
2543 3243 2752 3293 contra
2769 3237 2962 3307 legem
2979 3241 3122 3293 erat.
3145 3237 3403 3295 Jubebat
3422 3238 3585 3294 enim

1915 3329 2012 3384 lex
2037 3328 2231 3384 fratris
2279 3343 2520 3382 uxorem
2580 3326 2819 3395 ducere,
2876 3342 3000 3382 non
3045 3331 3250 3383 tamen
3277 3326 3477 3383 adhuc
3505 3329 3588 3383 vi-

1915 3418 2127 3483 ventis,
2159 3431 2347 3489 noque
2376 3432 2507 3471 eam
2533 3431 2669 3488 quae
2701 3416 2778 3471 ab
2805 3415 2904 3471 illo
2928 3415 3160 3487 prolem
3193 3416 3576 3489 suscepisset.

1989 3537 2147 3589 Vers.
2181 3534 2234 3588 6.
2269 3534 2418 3588 Cum
2451 3535 2647 3588 autem
2677 3537 3002 3602 agerentur
3031 3530 3317 3587 natalitia
3345 3533 3496 3586 —V.
3529 3536 3582 3588 7.

1915 3629 2157 3692 peteret.
2187 3625 2414 3679 Marcus
2443 3627 2645 3677 autem
2672 3621 2814 3675 dicit
2838 3620 3001 3692 quod
3024 3620 3248 3691 juravit
3277 3621 3329 3676 ei
3359 3636 3370 3675 :
3407 3621 3588 3688 Quid-

1916 3713 2062 3784 quid
2071 3728 2108 3768 α
2124 3727 2214 3767 me
2225 3711 2485 3780 petieris,
2503 3710 2656 3766 dabo
2677 3709 2783 3763 tibi
2801 3725 2983 3780 usque
2998 3709 3078 3765 ad
3094 3708 3400 3764 dimidium
3419 3709 3588 3780 regni

200 3835 324 3886 μου.
379 3821 623 3867 Γενεσίων
682 3813 741 3868 δὲ
804 3815 1086 3888 ἀγομένων,
1156 3818 1269 3870 ἀντὶ
1299 3827 1412 3888 τοῦ,
1474 3819 1800 3892 τελουμένων.

1922 3803 2031 3858 mei
2067 3805 2135 3855 ³ο.
2179 3803 2326 3856 Cum
2377 3805 2574 3855 autem
2625 3803 2941 3867 agerentur
2988 3797 3276 3863 natalitia,
3319 3798 3434 3853 hoc
3473 3804 3583 3863 est,

199 3903 353 3964 Ἷίθος
419 3907 520 3979 γάρ
580 3901 639 3962 ἦν
707 3913 811 3966 τοῖς
874 3908 1138 3980 οῖρχουσιν
1205 3907 1466 3981 ἑορτάζειν
1527 3913 1592 3961 τὰ
1645 3909 1810 3961 οἰκεῖα

198 3994 456 4064 γενέθλια.
505 3993 852 4066 Ὀμολόγησιν
923 3992 982 4048 δὲ
1042 4004 1130 4048 νῦν
1177 4003 1272 4055 τὴν
1335 3999 1628 4071 ὑπόσχεσιν
1677 4000 1807 4051 ὠνό-

200 4102 386 4153 μασεν.
458 4082 527 4135 ’Ὠ
575 4083 764 4144 πολλῆς
807 4083 982 4146 ἀνοίας
1024 4085 1036 4139 Ι
1089 4090 1179 4137 καὶ
1236 4090 1410 4160 ὤμοσε
1461 4085 1665 4158 δοῦναι,
1719 4094 1810 4142 καὶ

197 4177 388 4246 κυρίαν
456 4181 553 4234 τῆς
600 4173 854 4235 αἰτήσεως
937 4178 1029 4233 τὴν
1083 4181 1240 4249 κόρην
1295 4175 1528 4245 ἐποίησε,
1608 4183 1697 4230 καὶ
1751 4182 1808 4230 τό

201 4264 374 4332 ἣμισυ
439 4270 534 4324 τῆς
611 4261 882 4335 βασελείας
957 4264 1118 4317 αὐτοῦ
1194 4264 1460 4340 βραχείας
1533 4267 1811 4341 ὀρχήσεως

201 4349 309 4407 ἀπη
318 4351 492 4422 μπόλη
502 4371 586 4404 cev
617 4352 628 4407 !

267 4639 332 4691 Ἦ
405 4635 464 4691 δὲ
523 4669 593 4679 -
647 4646 964 4695 Βαπτιστοῦ.
1023 4640 1472 4715 Προϐιϐασθεῖσα,
1523 4645 1638 4698 ἀντὶ
1694 4655 1806 4712 τοῦ,

199 4724 557 4800 διδαχθεῖσα.
609 4733 772 4787 Φησὶν
821 4726 930 4781 οὖν·
977 4735 1072 4793 Δός
1112 4751 1203 4804 μοι
1247 4729 1371 4802 ὧδε,
1430 4740 1693 4788 τουτέστιν
1737 4737 1810 4789 ἐν·

195 4820 389 4888 ταῦθα,
451 4816 498 4869 ἐν
531 4827 603 4890 τῷ
643 4823 948 4891 συμποσίῳ.
977 4825 1035 4871 ‘0
1083 4817 1142 4874 δὲ
1189 4823 1404 4897 Μάρκος
1441 4823 1598 4878 εἰπεῖν
1647 4826 1808 4886 αὐτὴν

193 4906 358 4979 λέγει,
391 4908 473 4960 ὅτι
523 4906 688 4977 Θέλω,
742 4908 823 4961 ἵνα
870 4927 961 4981 μοι
1005 4906 1110 4980 δῷς
1149 4910 1390 4978 ἐξαυτῆς,
1433 4915 1458 4966 ὃ
1508 4913 1672 4986 ἐστιν,
1718 4917 1808 4969 αὖ·

268 5042 318 5077 ³⁸
345 5042 520 5100 Marc.
554 5058 633 5108 v1,
665 5044 756 5098 20.
905 5045 952 5079 ²⁹
985 5044 1157 5100 Marc.
1188 5062 1263 5112 v1,
1295 5048 1386 5114 23,
1536 5054 1586 5093 ³ο
1607 5050 1756 5120 Ibid,
1786 5051 1876 5108 25.

1919 3892 2002 3948 cel
2014 3891 2374 3946 ebrarentur.
2386 3887 2556 3944 Moris
2571 3903 2830 3953 namque
2845 3887 3201 3959 principibus
3215 3892 3342 3944 erat
3354 3887 3589 3959 propria.

1919 3979 2122 4036 festive
2153 3977 2451 4034 celebrare
2482 3976 2763 4032 natalitia.
2809 3979 2970 4030 Hanc
3001 3980 3200 4031 autem
3233 3976 3588 4047 promissio-

1918 4085 2056 4125 nem
2098 4067 2358 4140 appellat
2408 4065 2505 4121 hic
2559 4063 2898 4137 ὁμολόγησιν,
2951 4065 3115 4136 quod
3166 4069 3370 4120 tamen
3411 4080 3586 4121 voca.

1919 4159 2130 4215 bulum
2150 4157 2370 4229 saepius
2385 4170 2720 4220 assensum,
2740 4159 3004 4226 pactum,
3026 4153 3585 4210 aulconfessionem

1921 4247 2234 4317 signiﬁcat.
2266 4248 2502 4310 Verum,
2526 4260 2563 4300 ο
2590 4259 2877 4312 magnam
2905 4241 3269 4296 dementiam
3299 4240 3310 4295 ι
3338 4245 3395 4296 et
3420 4242 3588 4297 datu-

1919 4354 2052 4394 rum
2104 4353 2167 4392 se
2219 4334 2464 4406 juravit,
2507 4337 2563 4388 et
2614 4332 2961 4404 petitionem
3018 4331 3079 4385 in
3136 4345 3324 4384 manu
3374 4328 3588 4400 puellm

1919 4425 2138 4499 posuit,
2181 4429 2239 4480 et
2277 4423 2596 4479 dimidium
2626 4420 2796 4492 regni
2831 4419 2925 4474 sui
2964 4418 3126 4475 brevi
3167 4417 3590 4475 saltatiuncula

1921 4512 2336 4574 commutavit.

1995 4641 2346 4698 Vers.8.Illa
2361 4637 2884 4706 vero—Baptistae.
2900 4635 3268 4703 Praemonita,
3285 4634 3342 4689 id
3356 4635 3594 4690 estedo—

1923 4740 2036 4791 cta.
2071 4733 2218 4788 Dicit
2247 4745 2390 4800 ergo
2423 4745 2435 4784 :
2463 4730 2555 4783 Da
2575 4726 2724 4782 mihi
2747 4725 2864 4789 hic,
2884 4725 2947 4780 id
2973 4730 3084 4788 est,
3116 4740 3278 4780 nunc
3301 4724 3363 4778 in
3394 4723 3596 4779 convi-

1919 4826 2039 4882 vio.
2063 4825 2290 4879 Marcus
2312 4823 2674 4874 autem-eam
2695 4815 2917 4870 dixisse
2940 4815 3050 4871 ait:
3086 4815 3225 4870 Volo
3248 4819 3310 4869 ut
3331 4813 3430 4870 de:
3454 4812 3597 4869 mihi

1921 4912 2232 4984 confestim
2263 4910 2331 4975 ⁸ο,
2363 4909 2479 4966 hoc
2506 4911 2620 4971 est,
2652 4907 2872 4970 statim,
2900 4909 3165 4978 repente.
3194 4907 3376 4961 Nacta
3405 4903 3595 4974 siqui-

1444 5203 1661 5272 Variaa
1693 5204 2022 5272 lectiones
2058 5211 2124 5268 et
2155 5206 2359 5266 notae.

268 5381 750 5462 (51)___Hen_tenius
774 5383 1037 5462 juravit.
1060 5387 1212 5462 Ergo
1235 5391 1407 5462 ᾤμοσε
1426 5388 1584 5462 legit.
1611 5393 1800 5447 Recte.

189 5458 312 5511 Nec
339 5454 508 5509 aliter
537 5453 698 5508 hunc
729 5453 927 5508 locum
960 5455 1168 5513 laudat
1195 5453 1670 5531 Cti'rysostftom.
1711 5463 1805 5518 Vll
1857 5509 1864 5513 .

1913 5406 1975 5462 p.
2010 5389 2111 5462 497
2147 5388 2213 5462 C_._
2236 5385 2513 5462 Iuro-nec
2548 5380 2701 5437 intra
2740 5380 2802 5436 in
2846 5380 3123 5435 contextu
3155 5376 3331 5433 Marci
3361 5374 3598 5433 codices

1918 5456 2217 5530 Euthymii
2259 5456 2518 5514 variant.

260 5581 343 5655 (ν)
375 5581 504 5638 Nec
533 5579 774 5635 omnino
805 5580 1126 5650 quiescens.
1163 5588 1425 5659 Cumque
1456 5604 1702 5661 prorsus
1731 5604 1854 5646 non
1885 5587 2244 5660 quiesceret,
2280 5585 2539 5639 Joannes
2570 5578 2876 5634 nimirum.

481 5707 723 5762 PATROL.
775 5704 879 5762 Ga.
922 5707 1162 5765 CXXIX.

3243 5701 3308 5756 M
