4108 6428
535 330 642 386 427

534 546 766 616 scripsit
808 550 1051 612 Marcus,
1092 546 1196 618 qui
1234 544 1381 601 dixit
1422 560 1435 598 :
1481 543 1627 599 Cum
1666 542 1787 597 dies
1824 548 2195 611 Opportunus

533 636 841 693 accidisset
863 638 905 671 ³¹
935 653 948 702 ;
977 653 1113 691 cum
1141 637 1219 690 ad
1245 652 1307 689 se
1332 636 1601 703 ingressa
1626 638 1779 687 esset
1800 631 1919 686 ﬁlia
1946 632 2197 686 interro-

534 741 685 794 gans
716 726 862 797 quid
896 728 1151 796 petitura
1182 730 1355 789 esset,
1389 723 1669 795 praecepit
1697 722 1777 776 illi
1809 727 1874 776 ut
1904 721 2101 775 statim
2133 720 2194 774 in

532 814 806 869 convivio
825 820 1049 886 peteret
1065 816 1191 869 dari
1212 814 1326 868 sibi
1346 816 1528 883 caput
1542 811 1805 875 Joannis,
1828 816 2101 865 metuens
2118 824 2194 863 ne

530 902 577 957 si
611 909 848 975 tempus
877 904 1021 959 illud
1055 902 1587 976 praeterlaberetur,
1622 902 1914 956 Herodem
1945 897 2194 954 omnino

526 993 858 1064 paeniteret,
875 994 973 1049 ubi
986 993 1233 1050 decocto
1250 992 1387 1050 vino
1401 990 1480 1048 ad
1495 990 1876 1047 sobrietatem
1887 987 2159 1045 rediisset
2176 1004 2188 1043 :

524 1081 618 1137 vel
640 1083 821 1138 etiam
841 1099 916 1139 ne
938 1082 1270 1140 amicorum
1290 1081 1535 1154 quidam
1555 1078 1875 1152 deprecati,
1895 1078 2193 1134 Joannem

525 1170 867 1229 liberarent.

595 1298 753 1354 Vers.
789 1298 843 1354 9.
874 1299 957 1355 Et
982 1328 1051 1339 -—
1077 1314 1205 1357 rex.
1234 1328 1305 1340 -
1336 1296 1740 1354 Contristatus
1766 1301 1867 1360 est,
1891 1297 2021 1351 tum
2046 1291 2192 1366 quia

527 1404 824 1459 magnum
850 1389 1043 1446 virum
1070 1389 1382 1446 occisurus
1411 1392 1567 1455 erat,
1590 1392 1718 1443 tum
1748 1386 1896 1460 quia
1923 1385 2187 1442 multitu-

520 1477 724 1534 dinem
756 1478 817 1534 in
849 1478 941 1535 sui
972 1479 1184 1536 odium
1214 1479 1641 1536 concitaturus.

592 1605 758 1660 Vers.
777 1610 827 1660 9.
850 1606 893 1659 A
910 1611 1131 1662 ﬂamen
1147 1608 1468 1675 propter—
1481 1604 1637 1661 dari.
1654 1605 1697 1661 Ο
1712 1602 2002 1659 muliebre
2019 1616 2189 1658 man-

518 1688 776 1766 cipium!
808 1695 1051 1766 perjurii
1075 1700 1248 1751 testes
1273 1693 1497 1750 habere
1523 1693 1787 1759 timuisti,
1818 1692 2057 1764 injustas
2085 1708 2187 1748 au-

516 1788 639 1839 tem
672 1784 856 1839 caedis
883 1791 1004 1840 tam
1030 1784 1251 1840 multos
1278 1784 1502 1840 habere
1532 1789 1893 1856 spectatores
1919 1798 2041 1838 non
2072 1781 2184 1838 for-
2214 1779 2257 1833 Β

515 1873 802 1929 midasti‘?
862 1875 939 1929 Te
987 1873 1147 1930 enim
1196 1879 1414 1930 temere
1447 1874 1683 1944 jurasse
1722 1889 1845 1929 non
1885 1872 2180 1945 oportuit;

514 1962 659 2034 quia
690 1969 885 2019 tamen
918 1963 1413 2035 incircumspecte
1429 1962 1663 2033 jurasti,
1692 1961 1907 2017 melius
1933 1966 2060 2017 erat
2088 1977 2184 2031 pe-

508 2053 699 2122 jerare
729 2071 742 2107 :
774 2069 804 2107 e
833 2052 1071 2109 duobus
1102 2068 1369 2125 namque
1400 2052 1593 2118 malis,
1626 2051 1816 2108 levius
1847 2056 1936 2107 est
1965 2050 2185 2121 eligen-

511 2142 681 2197 dum.

585 2287 742 2341 Vers.
777 2289 857 2340 10.
887 2286 1151 2356 Cumque
1169 2284 1419 2341 misisset
1438 2315 1507 2323 -
1525 2299 1781 2340 carcere.
1813 2285 1961 2339 Cum
1983 2282 2181 2337 misis-

510 2379 616 2439 set,
658 2373 931 2429 videlicet
981 2373 1415 2445 speculatorem
1462 2377 1567 2430 aut
1615 2372 1983 2436 carniﬁcem,
2025 2372 2179 2428 sicut

509 2463 657 2519 dixit
688 2466 917 2519 Marcus
947 2464 1016 2519 ⁸².
1053 2464 1216 2520 Clam
1262 2463 1429 2519 illum
1460 2463 1694 2525 occidit,
1728 2479 1803 2519 ne
1833 2462 2173 2518 interfectus

507 2569 753 2625 quoque
792 2551 1126 2626 publicaret
1164 2552 1496 2609 obscenum
1551 2553 1963 2609 concubitum.
2005 2556 2062 2607 et
2098 2568 2173 2608 ne

506 2641 938 2698 multitudinem
953 2642 1421 2699 haberetfactum
1434 2643 1550 2698 hoc
1562 2642 1999 2715 prohibentem.
2020 2644 2173 2698 Deus

506 2736 710 2788 autem
722 2730 783 2786 id
799 2730 1109 2787 sustinuit:
1131 2731 1306 2787 simul
1333 2732 1582 2804 quidem
1600 2737 1660 2787 ut
1667 2732 1897 2803 justum
1912 2730 2170 2803 amplius

504 2826 838 2887 coronaret,
870 2820 1050 2876 simul
1071 2820 1251 2877 etiam
1274 2826 1337 2876 ut
1365 2821 1458 2876 his
1488 2822 1591 2893 qui
1611 2820 1831 2892 injuste
1862 2820 2171 2893 patiuntur

502 2910 929 2967 consolationis
958 2910 1299 2983 exemplum
1329 2910 1708 2983 relinqueret.

573 3036 731 3091 Vers.
768 3039 853 3092 11.
889 3036 965 3091 Et
995 3065 1065 3075 —-
1098 3036 1285 3094 lance.
1322 3037 1366 3091 Ο
1396 3035 1625 3092 fmdum
1656 3051 1726 3092 ac
1756 3035 1937 3091 ferale
1967 3035 2168 3092 convi-

501 3124 696 3182 vium!
734 3125 1049 3189 Quomodo
1071 3140 1194 3181 non
1222 3124 1523 3182 vociferati
1556 3129 1696 3181 sunt
1724 3125 1828 3197 qui
1861 3124 2039 3180 simul
2072 3140 2163 3180 ac-
2199 3116 2239 3172 C
2278 3116 2449 3218 δολί
2504 3116 2619 3217 “(Bg

500 3213 888 3279 cumbebant,
943 3214 1380 3285 conspicientes
1432 3214 1693 3270 hominis
1745 3215 1945 3269 adhuc
1991 3212 2165 3270 calidi

500 3307 699 3373 caput,
729 3302 893 3374 quod
923 3303 1257 3358 etiamnum
1289 3302 1645 3372 sanguinem
1674 3301 1959 3369 stillabat,
1989 3318 2167 3375 super

498 3406 774 3447 mensam
800 3391 1127 3446 adductum
1151 3391 1325 3462 quasi
1344 3390 1637 3447 ferculum
1659 3396 1687 3447 ?
1710 3392 2020 3463 quomodo
2043 3408 2166 3448 non

499 3481 976 3537 exhorruerunt?

574 3609 732 3661 Vers.
762 3607 850 3660 11.
880 3608 1217 3676 Datumque
1240 3611 1325 3661 est
1347 3605 1579 3672 puellae.
1609 3606 1989 3663 Exsecranda
2016 3624 2166 3664 mer-

500 3712 597 3751 ces
620 3695 989 3766 impudentis
1002 3696 1226 3766 operis!
1247 3696 1393 3751 Vere
1418 3694 1549 3750 talis
1572 3696 1778 3751 matris
1796 3695 1983 3768 digna
2003 3698 2159 3766 ﬁlia;

499 3800 636 3857 quae
661 3784 757 3838 ubi
782 3784 968 3839 semel
990 3784 1207 3855 abjecit
1228 3784 1541 3856 pudorem,
1571 3790 1625 3841 et
1650 3786 1708 3841 in
1731 3794 2056 3859 conspectu
2078 3792 2165 3844 tot

497 3873 768 3930 virorum
795 3874 1055 3946 seipsam
1082 3874 1141 3928 in
1165 3875 1462 3930 theatrum
1482 3876 1776 3946 exposuit,
1802 3892 1873 3933 ac
1895 3879 2054 3934 varie
2076 3880 2162 3934 in-

499 3965 749 4020 decoros
781 3965 1038 4020 exercuit
1065 3970 1281 4030 motus,
1312 3965 1615 4021 crudelem
1642 3966 1753 4022 sibi
1780 3968 2009 4039 paravit
2039 3970 2162 4025 ani-

497 4070 688 4118 mum,
709 4053 1063 4126 lancemque
1080 4070 1228 4111 ausa
1241 4060 1329 4110 est
1345 4056 1688 4126 contingere
1701 4057 1863 4112 caede
1878 4058 2119 4129 plenam
2144 4076 2159 4117 :

495 4159 606 4200 nec
638 4143 833 4199 solum
864 4144 1220 4215 contingere,
1272 4161 1479 4201 verum
1509 4146 1690 4201 etiam
1721 4147 1901 4218 quasi
1929 4148 2158 4206 donum

490 4234 736 4305 aliquod
750 4233 1155 4306 gratissimum
1168 4233 2163 4307 perferens,lz£tissimeobtulitma—

496 4324 584 4380 tri.
616 4323 708 4380 Ait
736 4323 897 4380 enim
931 4340 944 4379 :

1852 323 2201 382 EUTYHMII
2241 320 2570 383 ZIGABENI

534 456 675 513 dem
720 457 1006 514 Herodias
1043 462 1281 530 tempus
1320 458 1752 528 opportunum,
1792 452 1943 508 sicut
1980 453 2172 507 iterun

2304 457 2445 517 τίκα,
2523 454 2689 514 εὐθύς.
2764 458 2954 527 Καιρὸν
3016 457 3118 529 ’γὰρ
3184 453 3479 514 ἐπιτήδειον
3546 460 3576 516 ἡ

3810 330 3908 390 4228

3655 457 3907 533 Ἡρωδιὰς

2304 544 2549 613 εὑροῦσα,
2601 547 2669 604 ὡς
2719 546 2968 617 ἱστόρησε
3016 544 3168 597 πάλιν
3219 547 3243 597 ὁ
3293 548 3527 619 Μάρκος,
3572 547 3746 600 εἰπών·
3791 548 3906 602 Ὅτι

2308 637 2406 685 Καὶ
2462 633 2735 706 γενομένης
2798 636 2993 706 ἡμέρας
3046 636 3309 708 εὐκαίρου.
3371 636 3512 689 Ἐπεὶ
3576 642 3701 711 πρὸς
3751 639 3904 697 αὐτὴν

2305 722 2536 779 εἰσῆλθεν
2569 725 2596 780 ἡ
2635 726 2867 796 θυγάτηρ
2902 724 3165 798 ἐρωτῶσα,
3200 730 3251 776 τί
3291 726 3586 791 αἰτήσεται,
3619 734 3904 799 παρήγγει-

2302 811 2380 863 λεν
2436 812 2624 864 αὐτίκα
2670 812 2718 863 ἐν
2766 822 2838 884 τῷ
2896 820 3176 886 συμποσίῳ
3226 815 3447 873 αἰτῆσαι
3498 813 3720 875 δοθῆναι
3779 818 3899 891 αὐτῇ

2302 905 2395 959 τήν
2462 902 2684 973 κεφαλήν
2754 904 3013 971 Ἰωάννου,
3084 903 3375 976 φοϐηθεῖσα
3441 910 3537 977 μή,
3611 914 3700 958 τοῦ
3766 927 3901 965 τηνι-

2301 997 2471 1042 καῦτα
2522 999 2707 1065 καιροῦ
2763 988 3218 1067 παραδραμόντος,
3261 994 3592 1067 μεταμεληθῇ
3636 997 3831 1058 πάντως
3873 998 3899 1049 ὁ

2300 1077 2559 1153 Ἡρώδης,
2617 1079 2885 1152 ἀνανήψας
2938 1089 3029 1143 τῆς
3075 1084 3258 1154 μέθης,
3306 1086 3361 1151 ἤ,
3418 1084 3535 1154 (52)
3580 1088 3652 1155 μὴ
3687 1090 3771 1137 καὶ
3802 1094 3897 1137 τῶν

2301 1169 2456 1236 φίλων
2517 1173 2645 1233 τινες
2706 1170 3156 1245 παρακαλέσαντες
3221 1172 3335 1244 (53)
3379 1171 3767 1249 ἐλευθερώσωσι
3815 1178 3898 1228 τὸν

2300 1259 2563 1318 Ἰωάννην,

2372 1426 2473 1475 Καὶ
2520 1452 2588 1462 -
2633 1418 2903 1494 βασιλεύς.
2961 1453 3029 1463 -
3078 1421 3366 1489 Ἐλυπὴθη,
3420 1419 3557 1476 διότι
3603 1423 3771 1497 ἔμελλε
3807 1428 3896 1498 μέ-

2295 1532 2390 1584 γαν
2450 1511 2636 1565 ἀνελεῖν
2681 1507 2873 1587 ἄνδρα,
2927 1516 3016 1565 καὶ
3062 1520 3277 1572 κινῆσαι
3324 1515 3456 1587 πρὸς
3504 1521 3661 1586 μῖσος
3716 1514 3893 1567 ἑαυτοῦ

2296 1604 2382 1654 τὸν
2414 1601 2590 1674 ὀχλον.

2367 1763 2462 1813 Διά
2506 1757 2563 1812 δὲ
2615 1791 2682 1803 -
2750 1758 2988 1819 δοθῆναι.
3046 1760 3117 1813 ’Ὠ
3163 1769 3455 1834 γυναικεῖον
3509 1758 3887 1835 ἀνδράποδονε

2295 1848 2558 1922 ἐπιορκίας
2597 1854 2686 1923 μὲν
2735 1853 3005 1926 μάρτυρας
3048 1854 3187 1923 ἔχειν
3239 1850 3556 1915 ἐδειλίασας·
3591 1857 3889 1927 παρανόμου

2296 1937 2354 1992 δὲ
2380 1948 2580 2012 σφαγῆς
2611 1942 2793 2001 θεατὰς
2821 1943 3099 2000 τοσούτους
3127 1941 3268 2013 ἔχειν
3297 1942 3392 1993 οὐκ
3424 1940 3689 2014 ἐφοϐήθης
3712 1959 3724 2009 ;
3751 1938 3893 1994 Ἔδει

2292 2031 2389 2104 γάρ
2435 2049 2491 2081 σε
2534 2034 2604 2101 μή
2658 2039 2926 2094 προπετῶς
2980 2029 3191 2102 ὀμόσαι’
3242 2029 3350 2083 ἐπεὶ
3401 2027 3461 2083 δὲ
3510 2029 3892 2105 ἀπερισκέπτως

2291 2122 2517 2190 ὤμοσας,
2565 2126 2791 2193 κρεῖττον
2824 2116 2885 2177 ἦν
2934 2121 3268 2193 ἐπιορκῆσαι·
3323 2116 3420 2172 δύο
3473 2124 3574 2195 γὰρ
3620 2129 3787 2173 κακῶν
3832 2123 3888 2173 τὸ

2288 2213 2595 2283 κουφότερον
2619 2210 2970 2282 αἱρετώτερον.

2360 2373 2460 2421 Καὶ
2525 2367 2730 2441 πέμψας
2785 2400 2854 2409 -
2919 2369 3142 2441 φυλακῇ.
3204 2368 3419 2441 Πέμψας
3466 2369 3882 2445 σπεκουλάτωρα,

2284 2461 2398 2516 ἦτοι
2433 2454 2643 2530 δήμιον,
2678 2460 2743 2518 ὡς
2769 2455 2902 2511 εἶπεν
2936 2460 2962 2510 ὁ
2997 2461 3226 2532 Μάρκος,
3260 2458 3429 2534 λάθρα
3458 2467 3639 2511 τοῦτον
3672 2458 3876 2526 ἀνεῖλεν,

2284 2547 2364 2598 ἵνα
2393 2552 2464 2618 μὴ
2511 2553 2601 2599 καὶ
2634 2546 2994 2620 ἀναιρούμενος
3043 2548 3157 2620 (54)
3210 2545 3505 2621 δημοσιεύη
3550 2552 3643 2606 τὴν
3693 2546 3877 2620 ἀσελγῆ

2279 2636 2420 2707 μὶξιν
2448 2637 2630 2706 αὐτοῦ,
2657 2642 2745 2689 καὶ
2777 2639 2859 2688 ἵνα
2882 2641 2953 2709 μή
2982 2640 3069 2689 τὸν
3097 2637 3255 2709 ὄχλον
3286 2638 3385 2701 ἔξει
3415 2637 3696 2691 κωλυοντα.
3732 2638 3789 2690 "O
3824 2635 3883 2691 δὲ

2280 2729 2405 2786 Θεὸς
2432 2726 2705 2798 ἠνέσχετο,
2754 2728 2883 2798 ὁμοῦ
2916 2730 3005 2797 μὲν
3035 2730 3122 2778 τὸν
3156 2723 3361 2779 δίκαιον
3410 2734 3669 2799 στεφανῶν
3700 2727 3877 2798 μειζό-

2276 2835 2389 2880 νως,
2448 2817 2576 2887 ὁμοῦ
2632 2813 2690 2868 δὲ
2742 2822 2852 2878 τοῖς
2899 2812 3097 2877 ἀδίκως
3150 2818 3430 2888 πάσχουσι
3483 2814 3881 2888 καταλιμπάνων

2278 2924 2381 2979 παρ
2391 2907 2635 2977 αμυθίαν.

2351 3071 2451 3119 Καὶ
2497 3096 2565 3108 —-
2612 3070 2815 3122 πίνακι.
2864 3066 2935 3119 Ὠ
2979 3073 3172 3140 μιαροῦ
3218 3070 3518 3139 συμποσίου
3563 3072 3653 3120 καὶ
3690 3069 3879 3142 θηριώ-

2675 3156 2768 3208 οὑκ
2829 3155 3128 3228 ἰλιγγίασαν
3182 3158 3231 3207 οἱ
3293 3162 3712 3229 συνανακείμενοι
3770 3159 3878 3209 θεοί-

2278 3248 2475 3298 σασθαι
2501 3245 2723 3317 κεφαλήν
2750 3244 3043 3319 ἀνθρώπου,
3081 3241 3269 3318 θερμοῦ
3308 3247 3608 3306 στάζουσαν
3640 3253 3872 3318 αἵματος,

2275 3334 2357 3388 ἐπὶ
2411 3340 2505 3393 τὴν
2558 3336 2818 3409 τράπεζαν
2877 3337 3044 3388 αὐτῶν
3098 3336 3461 3408 εἰσαγομένην,
3514 3340 3583 3397 ὡς
3642 3333 3839 3409 ἔδεσμα

2276 3433 2387 3486 Πῶς
2413 3425 2507 3477 οὐκ
2537 3424 2763 3499 ἓφριξαν·

2346 3580 2449 3633 Καὶ
2480 3575 2637 3635 ἐδόθη
2689 3585 2760 3647 τῷ
2807 3582 3064 3650 κορασίῳ.
3123 3579 3326 3639 Μισθὸς
3371 3576 3557 3649 ἐναγὴς
3591 3572 3876 3651 ἀναισχύν-

2272 3688 2363 3721 του
2413 3668 2643 3741 προίξεως
2691 3667 2702 3720 l
2754 3666 2949 3729 ’Ὁντως
2999 3669 3245 3729 τοιαύτης
3295 3671 3486 3741 μητρὸς
3539 3668 3662 3731 ἀξία
3711 3670 3877 3739 θυγά-

2270 3778 2390 3833 τηρο
2425 3756 2563 3819 οἷπαξ
2592 3758 2693 3830 γὰρ
2724 3760 2814 3814 τήν
2854 3758 3167 3829 παρθενικὴν
3210 3753 3344 3808 αἰδῶ
3379 3762 3755 3831 παρωσαμένη,
3788 3762 3877 3810 καὶ

2272 3847 2318 3899 ἐν
2355 3846 2639 3919 ὀφθαλμοῖς
2667 3864 2910 3897 τοιουτων
2961 3840 3161 3917 ἀνδρῶν
3194 3845 3426 3918 ἀσέμνως
3460 3847 3646 3906 ἑαυτήν
3684 3850 3878 3921 θεατρι-

2272 3956 2433 4003 σασα,
2466 3940 2557 3988 καὶ
2584 3935 2833 3997 ποικίλως
2866 3934 2980 4007 (55)
3008 3934 3464 4008 ἀσχημονήσασα,
3494 3936 3679 4007 ψυχήν
3710 3938 3874 3989 ἀποίν-

2273 4028 2474 4101 θρωπον
2518 4025 2795 4094 ἐκτήσατο,
2839 4030 2923 4077 καὶ
2962 4025 3345 4098 κατετόλμησεν
3388 4024 3628 4096 ἅψασθαι
3658 4030 3875 4089 πίνακος

2272 4119 2423 4188 φόνου
2454 4119 2714 4189 γέμοντος,
2748 4119 2838 4167 καὶ
2868 4114 2973 4187 οὐχ
3004 4113 3246 4186 ἅψασθαι
3276 4120 3448 4188 μόνον,
3482 4113 3610 4167 ἀλλά
3634 4118 3743 4183 καὶ,
3776 4135 3877 4167 κα-

2273 4207 2431 4279 θάπερ
2468 4225 2519 4258 τι
2559 4201 2726 4279 δῶρον
2761 4202 3004 4274 ἣδιστον,
3048 4201 3431 4270 διαϐαστάσαι,
3463 4209 3552 4257 καὶ
3583 4208 3877 4278 χαριέντως

2271 4295 2592 4369 ἀποκομίσαι
2622 4302 2684 4368 τῇ
2719 4298 2900 4371 μητρί.
2939 4294 3053 4367 (56)

565 4451 726 4505 Vers.
758 4449 847 4507 11.
876 4450 957 4504 Et
985 4479 1052 4488 —
1081 4464 1222 4505 suae.
1247 4452 1448 4521 Neque
1478 4450 1639 4506 enim
1671 4452 1812 4508 satis
1841 4457 1967 4510 erat
1997 4471 2158 4512 exse-

2339 4461 2440 4511 Καὶ
2488 4488 2557 4498 -—
2600 4456 2781 4519 αὐτῆς.
2833 4455 2945 4508 Οὔκ
2987 4456 3195 4530 ἠρκεῖτο
3223 4457 3325 4528 ’γὰρ
3356 4457 3385 4514 ἡ
3422 4452 3659 4529 βδελυρά
3695 4460 3872 4529 μήτηρ

494 4537 736 4593 crandee
768 4538 943 4593 matri
973 4539 1136 4609 quod
1169 4539 1508 4595 interfectus
1539 4545 1695 4597 esset
1727 4558 1739 4596 :
1774 4543 1878 4598 sed
1908 4545 2158 4616 optabat

492 4642 736 4699 quoque
761 4626 822 4681 in
840 4643 1057 4683 manus
1072 4643 1309 4683 sumere
1332 4633 1530 4701 caput,
1546 4631 1783 4702 quodin
1798 4649 1969 4690 suam
1995 4635 2157 4691 inve-

489 4715 747 4771 hebatur
766 4715 1074 4772 lasciviam
1098 4717 1514 4783 aclibidiuem,
1540 4726 1603 4776 ut
1623 4720 1771 4776 illud
1792 4726 2158 4783 contumelia

491 4804 768 4871 afﬁceret,
797 4822 867 4861 ac
892 4806 1281 4863 insectaretur
1311 4809 1603 4865 convitiis.
1634 4811 1991 4881 Hujusmodi
2018 4820 2157 4871 sunt

488 4895 768 4951 mulieres
782 4895 857 4951 ad
867 4895 1369 4962 ulterae,omnium
1383 4898 2155 4973 improbissiinaa,crudelis-

489 4987 656 5043 simae
680 5002 749 5043 ac
781 4985 1239 5043 scelestissimee.
1272 4990 1339 5043 Et
1363 4988 1500 5045 vide
1529 4990 1696 5062 quod
1726 4995 2155 5063 perpetraverit

486 5077 668 5135 mala.
714 5076 984 5150 Seipsam
1026 5076 1318 5135 dedecore
1359 5078 1570 5147 affecit,
1617 5098 1917 5155 suumque
1954 5085 2153 5144 virum

484 5167 824 5241 Philippum
844 5171 901 5225 et
925 5167 1267 5225 adulterum
1289 5169 1581 5227 Herodem
1603 5185 1673 5228 ac
1694 5171 1905 5231 ﬁliam.
1929 5174 2151 5235 Deinde

557 5294 602 5329 ³¹
633 5296 804 5351 Marc.
840 5309 919 5361 v1,
951 5294 1040 5349 21.
1192 5295 1239 5331 ³³
1268 5294 1421 5352 Ibid.
1455 5296 1541 5353 27.

2267 4546 2637 4622 ἀναιρεθέντος,
2698 4543 2973 4617 ἀλλ’ἐδίψα
3025 4550 3115 4597 καὶ
3180 4544 3351 4597 λαϐεῖν
3411 4545 3484 4607 εἰς
3538 4553 3727 4619 χεῖρας
3778 4550 3875 4604 τήν

2269 4636 2675 4696 στηλιτεύουσαν
2731 4641 2826 4695 τήν
2883 4634 3167 4688 ἀκολασίαν
3220 4635 3381 4698 αὐτῆς
3439 4635 3685 4707 κεφαλὴν,
3738 4637 3876 4688 ὥστε

2265 4727 2533 4801 ἐνυϐρίσαι
2590 4726 2719 4799 αὐτῇ
2776 4731 2865 4779 καὶ
2917 4724 3260 4781 ἐπιτωθάσαι.
3317 4730 3568 4779 Τοιαῦταί
3626 4725 3754 4778 εἰσιν
3820 4728 3878 4777 αἱ

2265 4822 2636 4891 μοιχευόμεναι
2728 4824 2985 4887 γυναῖκες,
3070 4814 3305 4869 ἁπάντων
3391 4815 3705 4887 ἰταμώτεραι
3782 4820 3878 4868 καὶ

2263 4909 2519 4983 ὠμότεραι
2574 4911 2664 4959 καὶ
2714 4904 3059 4979 ἀνοσιότεραι.
3118 4909 3302 4958 Σκόπει
3354 4901 3413 4958 δὲ
3458 4910 3548 4957 καὶ
3591 4903 3691 4956 ὃσα
3732 4906 3881 4957 κακοὶ

2265 4995 2599 5074 διεπράξατο·
2655 5001 2960 5069 κατῄσχυνε
3007 4999 3096 5048 καὶ
3162 4996 3361 5061 ἑαυτήν,
3424 4999 3514 5047 καὶ
3562 4996 3647 5046 τὸν
3701 4990 3882 5069 ἀνδρα

2262 5090 2426 5151 αὐτῆς
2479 5086 2749 5156 Φίλιππον,
2804 5090 2895 5138 καὶ
2948 5087 3034 5137 τὸν
3083 5088 3277 5159 μοιχὸν
3326 5081 3588 5157 Ἡρώδην,
3635 5088 3727 5137 καὶ
3778 5088 3879 5143 τήν

2263 5181 2544 5254 θυγατέρα,
2599 5181 2690 5231 καὶ
2744 5174 2904 5230 ἀνεῖλε
2954 5178 3045 5248 μὲν
3092 5178 3179 5228 τὸν
3236 5180 3525 5249 κατήγορον
3578 5183 3671 5237 τῆς
3754 5193 3879 5247 μοι-

1688 5430 1915 5504 Variae
1953 5434 2284 5510 lectiones
2321 5448 2390 5508 et
2434 5446 2637 5506 notae.

703 5575 835 5652 Ἀπο
863 5585 1035 5652 κοινοῦ
1065 5582 1122 5631 τὸ
1157 5578 1464 5652 φοϐηθεῖσα.

697 5652 795 5721 Τὸν
824 5646 1085 5721 Ἡρώδην.

553 5718 665 5789 (54)
692 5718 733 5778 i.
768 5734 821 5779 e.
863 5718 911 5773 ἐν
941 5729 1013 5793 τῷ
1053 5721 1379 5797 ἀναιρεῖσθαι
1406 5722 1665 5800 δημοσίᾳ.

2332 5590 2445 5661 (55)
2496 5595 2617 5650 Τοῖς
2670 5596 2765 5661 τῆς
2815 5586 3091 5661 ὀρχήσεως
3149 5594 3419 5660 τρυφεροῖς
3477 5590 3566 5639 καὶ
3618 5586 3887 5660 αἰσχροῖς

2260 5659 2515 5735 σχήμασι
2540 5666 2630 5713 καὶ
2662 5659 2883 5735 ἂλμασὶέ

2329 5730 2442 5805 (56)
2473 5730 2793 5790 Ηθηιθηὶιιε
2826 5730 2991 5791 addit
3023 5754 3034 5789 :
3069 5736 3199 5805 φησί
3228 5732 3358 5805 γάρ.
