4108 6398
204 358 310 415 429

1167 368 1534 427 COMMENT.
1578 369 1646 425 IN
1685 368 2139 425 MATTHAEUM.
2191 401 2258 409 —
2298 370 2453 425 CAP.
2495 371 2641 426 XIV.

3486 379 3591 433 430

200 490 375 556 χείας,
434 488 518 539 ἵνα
563 495 915 563 μοιχευομένη
970 492 1194 566 λανθάνῃ
1256 499 1378 556 τοὺς
1427 499 1542 548 τότε
1590 499 1744 568 μόνον
1797 516 1804 528 ·

1924 495 2137 550 occidit
2156 494 2399 566 quidem
2420 496 2691 554 adulterii
2707 496 3218 565 insectatorem,ut
3235 500 3590 560 adulterium

202 573 458 628 ὼελοῦσα
506 575 565 630 δὲ
622 578 798 649 αὑτὸν,
850 581 908 633 ού
966 586 1120 655 μόνον
1194 583 1289 635 οὑκ
1338 583 1511 637 ἔλαθεν
1564 584 1809 654 ἐκείνους,

202 663 332 717 ἀλλὰ
359 672 450 718 καὶ
480 674 589 727 τοῖς
630 674 1079 747 μεταγενεστέροις
1107 668 1481 745 ἐδημοσιεύθη,
1529 680 1619 727 καὶ
1645 679 1810 749 μέχρι

199 757 389 815 παντὸς
420 754 467 807 ἐν
498 755 595 828 ὅλῳ
621 764 693 828 τῷ
721 763 903 831 κόσμῳ
930 757 1322 832 δημοσιεύεταί·

272 953 375 1003 Καὶ
403 982 474 991 -
499 951 647 1004 αὐτό·
692 951 750 1005 Ὀ
800 950 859 1006 δε
887 956 1100 1029 Μάρκος
1128 958 1186 1009 τὸ
1217 966 1407 1031 πτῶμα
1452 958 1612 1013 αὑτοῦ
1652 982 1802 1034 φησι,

197 1047 388 1112 πτῶμα
418 1043 475 1092 τὸ
508 1049 661 1113 σῶμα
684 1042 926 1110 καλέσας,
963 1042 1057 1099 διὰ
1076 1049 1134 1099 τὸ
1164 1054 1339 1100 πεσεῖν
1365 1048 1435 1111 εἰς
1460 1047 1651 1122 ἔδαφος
1678 1056 1805 1124 μετὰ

196 1132 291 1186 τὴν
321 1128 543 1202 ἐκτομήν
572 1138 666 1193 τῆς
705 1132 947 1205 κεφαλῆς.

268 1314 370 1362 Καὶ
432 1338 502 1350 -
567 1309 762 1368 Ἰησοῦ.
828 1315 1022 1365 Λοιπὸν
1094 1311 1469 1389 ἐνδεικνύμενοι
1535 1323 1631 1377 τὴν
1672 1322 1805 1395 πρὸς

193 1395 351 1448 αὑτὸν
392 1402 589 1451 εὔνοιαν
632 1416 643 1429 ·
700 1400 899 1473 ἔκαμψε
948 1404 1048 1474 γὰο
1105 1404 1295 1468 αὐτοὺς
1340 1406 1529 1479 μᾶλλον
1582 1410 1613 1466 ἡ
1673 1428 1806 1482 συμ-

195 1488 347 1559 φορά·

267 1598 368 1646 Καὶ
418 1625 489 1636 -
536 1591 802 1652 κατιδίαν.
863 1599 1140 1666 Ἀκούσας,
1201 1603 1279 1655 ὅτι
1324 1601 1546 1679 ἀνῃρέθη
1602 1607 1628 1658 6
1688 1606 1801 1660 Ἰω-

190 1685 368 1745 άννης·
416 1689 505 1737 καὶ
550 1688 652 1761 γὰρ
714 1693 823 1753 καὶ,
881 1689 964 1741 ὅτε
1010 1693 1251 1759 ἤκουσεν,
1304 1694 1383 1745 ὅτι
1424 1691 1693 1768 παρεδόθη
1735 1697 1804 1758 εἰς

188 1776 248 1825 τὸ
278 1769 662 1848 δεσμωτήριον,
695 1773 1024 1852 ἀνεχώρησε.
1058 1776 1129 1832 δι’
1178 1784 1239 1838 ἤν
1271 1778 1331 1835 δὲ
1369 1783 1558 1850 αἰτίαν,
1590 1787 1802 1859 εἰρήκα-

186 1882 280 1935 μεν
312 1860 362 1915 ἐν
392 1870 463 1934 τῷ
494 1868 653 1937 τρίτῳ
698 1866 980 1939 κεφαλαίῳ.
1033 1873 1123 1921 καὶ
1152 1872 1238 1924 ἵνα
1268 1872 1464 1946 φυλάξῃ
1514 1874 1690 1928 ἑαυτὸν
1736 1876 1802 1937 εἰς
1832 1853 1873 1908 Β

184 1954 275 2002 τὸν
303 1954 567 2026 πρέποντα
603 1960 695 2006 τοῦ
733 1964 962 2031 σταυροῦ
992 1962 1190 2032 καιρόν.

258 2062 398 2119 Τινὲς
480 2056 541 2113 δε
592 2061 984 2135 ἑρμηνεύουσιν,
1063 2067 1141 2119 ὄτί
1203 2066 1448 2137 ἀκούσας,
1509 2071 1587 2125 ὃτι
1639 2090 1801 2148 προσ-

186 2145 442 2207 εδόκησεν
503 2147 745 2225 Ἡρώδης
789 2156 875 2206 τόν
908 2154 1148 2213 Ἰωάννην
1176 2156 1330 2210 αὑτὸν
1379 2156 1528 2215 εἶναι.
1569 2167 1670 2216 Καὶ
1697 2167 1798 2239 γὰρ

186 2242 287 2296 τὴν
344 2236 606 2311 ἀναίρεσιν
661 2241 817 2294 αὑτοῦ
872 2246 1007 2297 κατὰ
1050 2246 1165 2318 (57)
1218 2251 1545 2322 παρενθήκην
1602 2236 1801 2325 μνημό-

185 2328 439 2387 νευθῆναι
492 2336 595 2395 νῦν,
656 2336 743 2384 καὶ
818 2336 1181 2409 περατωθῆναι
1245 2341 1409 2412 μέχρι
1462 2348 1552 2392 τοῦ
1611 2347 1803 2416 παρόν-

184 2434 280 2478 τος
306 2417 471 2490 ρητού
509 2423 601 2476 τήν
637 2416 890 2492 διήγησιν
935 2423 1118 2487 αὐτῆς.
1181 2422 1292 2479 εἶτα
1334 2428 1486 2480 πάλιν
1527 2428 1797 2484 ἀποκατα-

186 2513 379 2564 στῆναι
449 2510 537 2558 τὸν
613 2507 763 2580 λόγον
840 2512 911 2573 εἰς
991 2517 1078 2572 τὴν
1162 2521 1415 2591 προτέραν
1492 2517 1799 2574 ἀκολουθίαν

184 2612 369 2648 αυτου.

260 2701 409 2762 Εἰκὸς
461 2698 521 2755 δὲ
570 2703 723 2757 αὑτὸν
784 2704 1009 2761 ἀκοῦσαι
1060 2714 1148 2763 καὶ
1221 2710 1487 2790 ἀμφότερα
1530 2719 1666 2770 κατὰ
1711 2721 1798 2770 τὸν

184 2798 476 2848 τηνικαῦτα
521 2797 724 2867 καιρὸν,
794 2801 883 2848 καὶ
954 2800 1310 2875 ὑποχωρῆσαι
1377 2801 1450 2855 δι’
1512 2804 1794 2881 ἀμφότερα.

190 2885 288 2932 Καὶ
339 2882 442 2953 γὰρ
497 2886 587 2934 καὶ
650 2888 831 2957 τρίτην
893 2888 1061 2939 αἰτίαν
1135 2899 1229 2953 τῆς
1285 2895 1529 2955 τοιαύτης
1592 2895 1799 2968 ἀναχωο

182 2972 385 3041 ρήσεως
416 2970 442 3021 6
490 2972 702 3045 Μάρκος
754 2975 1022 3049 ἱστόρησε,
1080 2982 1139 3031 τὸ
1191 2978 1477 3052 βούλεσθαι
1509 2980 1798 3038 διαναπαύ-

186 3077 279 3110 σαι
333 3062 450 3119 τούς
507 3062 768 3132 μαθητὰς,
843 3065 1274 3139 ὑποστρέψαντας
1353 3071 1455 3125 ἀπὸ
1542 3084 1633 3126 τοῦ
1707 3087 1873 3143 κη-(Ϊ⁴

181 3149 472 3219 ρύγματος·
533 3152 705 3223 εἴρηκε
761 3155 863 3225 γὰρ
941 3155 1077 3208 οὕτω

184 3236 471 3290 ἀπόστολοι
540 3243 671 3312 πρὸς
777 3245 864 3295 τὸν

1149 3178 1160 3192 '
1223 3165 1322 3212 Καὶ
1385 3164 1699 3235 συνάγονται
1749 3168 1797 3219 oi

964 3244 1036 3303 Ἰη
1047 3253 1190 3315 σοὺν,
1302 3255 1391 3303 καὶ
1480 3251 1797 3326 ἀπήγγειλαν

186 3325 331 3397 αὑτῷ
369 3329 558 3394 πάντα,
631 3334 720 3382 καὶ
799 3332 900 3385 ὅσα
974 3333 1245 3404 ἐποίησαν,
1304 3345 1393 3393 καὶ
1447 3342 1547 3394 ὅσα
1605 3340 1796 3397 ἐδιδα-

183 3416 297 3477 ξαν.
372 3421 473 3469 Καὶ
536 3414 671 3471 εἶπεν
744 3420 940 3484 αὐτοῖς·
1008 3431 1177 3496 Δεῦτε,
1241 3429 1386 3501 ὑμεῖς
1457 3431 1601 3484 αύτοὶ
1659 3435 1791 3504 (58),

180 3505 301 3556 κατ’
384 3501 525 3557 ἰδίαν
610 3507 680 3570 εἰς
754 3512 944 3584 ἔρημον
1040 3518 1215 3582 τόπον,
1299 3524 1388 3571 καὶ
1472 3520 1798 3578 ἀναπαύεσθε

180 3592 376 3666 ὀλίγον.
433 3594 602 3649 Ἦσαν
673 3600 775 3671 γὰρ
835 3600 886 3652 οἰ
942 3600 1217 3677 ἐρχόμενοι
1271 3613 1360 3661 καὶ
1412 3612 1462 3662 οἱ
1514 3611 1795 3683 ὑπάγοντες

180 3682 367 3736 πολλοί
422 3702 435 3715 ·
490 3690 579 3738 καὶ
669 3684 795 3741 οὑδὲ
900 3700 1078 3763 φαγεῖν
1155 3696 1446 3770 εὐκαίρουν.
1531 3705 1629 3753 Καὶ
1702 3700 1796 3754 ἀπ-

179 3771 337 3831 ῆλθεν
368 3773 440 3835 εἰς
486 3776 696 3848 ἔρημον,
746 3782 902 3832 τόπον
952 3789 1025 3852 τῷ
1068 3782 1233 3857 πλοίῳ
1279 3785 1545 3846 κατιδίαν.
1592 3797 1793 3844 Ταύτα-

180 3865 274 3933 μεν
306 3858 394 3914 οὖν
423 3864 449 3914 6
475 3867 707 3938 Μάρκος.

257 3987 615 4062 Παραπλήσια
662 3986 722 4044 δὲ
760 3991 919 4064 λέγων
970 4001 1060 4049 καὶ
1113 4000 1138 4049 6
1188 4005 1416 4072 Λουκᾶς,
1470 4008 1795 4077 προστίθησι

178 4080 271 4128 καὶ
309 4084 591 4152 γνώρισμα
636 4088 732 4143 τῆς
770 4080 986 4157 ἐρήμου.
1034 4092 1170 4145 Φησὶ
1217 4092 1457 4165 γὰρξὸτι
1494 4099 1595 4147 Καὶ
1624 4116 1792 4170 παρα-

176 4164 354 4217 λαϐὼν
449 4170 655 4239 αὑτοὺς,
736 4172 1053 4247 ὑπεχώρησε
1140 4164 1386 4233 κατιδίαν
1475 4184 1547 4247 εἰς
1605 4164 1793 4259 ἔρημον

178 4258 362 4321 τόπον,
440 4256 629 4319 πόλεως
721 4261 1040 4335 καλουμένης
1151 4268 1448 4327 Βηθσαῑδᾶ.
1550 4256 1663 4350 Χρὴ
1699 4256 1794 4329 Ἴδε

176 4352 480 4416 γινώσκειν,
578 4350 657 4402 ὅτι
743 4350 1191 4432 ἀνθρωποπρεπῶς
1290 4363 1316 4413 6
1395 4369 1628 4437 Χριστὸς
1702 4372 1793 4420 καὶ

178 4433 382 4504 ἀκούει,
408 4440 500 4489 καὶ
546 4437 831 4515 ἀναχωρεῖ,
877 4450 966 4497 καὶ
1014 4446 1271 4521 οἰκονομεῖ
1317 4453 1383 4504 τὰ
1427 4455 1545 4508 καθ’
1591 4455 1791 4514 ἑαυτόν.
1823 4446 1872 4502 D

174 4524 268 4586 Ὠς
314 4529 419 4600 γὰρ
470 4530 618 4592 Θεὸς,
663 4535 753 4584 καὶ
818 4530 1066 4605 ἐγίνωσκε
1113 4540 1298 4609 πάντα,
1355 4548 1444 4597 καὶ
1492 4545 1585 4598 οὑκ
1628 4544 1794 4602 ἐδεῖτο

179 4624 371 4688 φυγῆς-

256 4728 360 4776 Καὶ
411 4756 482 4767 —-
529 4725 740 4783 πόλεων.
796 4729 853 4781 Ὁ
935 4728 994 4785 δὲ
1050 4737 1263 4809 Μάρκος
1321 4746 1493 4812 φησιν,
1571 4746 1651 4797 ὅτι
1705 4751 1795 4800 καὶ

177 4809 321 4865 εἶδον
396 4814 583 4877 αὐτοὺς
666 4818 977 4891 ὑπάγοντας.
1064 4830 1206 4879 Τινὲν
1302 4833 1392 4902 μὲν
1471 4834 1572 4905 γὰρ
1654 4832 1795 4889 εἶδον

176 4902 394 4971 αὐτούς,
426 4909 558 4967 τινες
608 4902 667 4959 δὲ
721 4913 955 4968 ἤκουσαν
1012 4922 1164 4970 τοῦτο
1216 4923 1360 4993 παρὰ
1406 4932 1504 4975 τῶν
1557 4922 1789 5001 ἰδόντων,

173 4997 271 5045 καὶ
302 4990 655 5049 ἀκολουθοῦσι
678 5001 811 5072 πεζῇ
840 5003 1041 5066 πάντες.
1072 5011 1313 5062 Τοιοῦτον
1338 5013 1439 5088 γάρ
1472 5012 1585 5068 ἐστι
1613 5019 1789 5081 πόθος

172 5087 282 5135 πᾶν
304 5081 478 5155 ἐμπόδ
483 5103 557 5137 ιον
590 5082 626 5138 δ
632 5091 944 5163 ιακρούεται.

253 5237 303 5271 ³³
334 5239 511 5295 Marc.
542 5254 618 5305 γι,
642 5239 734 5299 29.
849 5244 898 5281 ³⁸
922 5245 1097 5305 Marc.
1129 5266 1208 5319 v1,
1242 5256 1331 5322 30,
1356 5255 1443 5313 32.

1561 5260 1609 5296 ³⁵
1632 5260 1772 5319 Luc.
1795 5250 1875 5333 ix,
1913 5266 1998 5320 to.

1922 583 2318 651 committens,
2360 600 2464 641 eos
2492 586 2595 659 qui
2635 591 2776 643 tunc
2814 588 2983 641 erant
3016 585 3261 656 lateret;
3299 591 3406 647 sed
3443 594 3591 665 quia

1920 670 2118 743 ipsum
2156 674 2391 741 occidit,
2436 691 2557 732 non
2587 676 2784 732 solum
2814 674 2949 731 illos
2982 692 3103 733 non
3141 678 3334 750 latuit,
3374 697 3587 739 verum

1918 760 2099 818 etiam
2129 764 2380 834 posteris
2408 764 2775 837 publicatum
2806 769 2897 823 est
2931 787 2944 825 :
2978 784 3335 843 semperque
3363 771 3426 828 in
3457 773 3586 829 uni-

1918 865 2088 908 verso
2120 852 2351 910 mundo
2381 854 2743 927 publicatur.

1987 961 2148 1017 Vers.
2193 961 2275 1014 12.
2318 962 2395 1017 Et
2450 992 2521 1007 —-
2574 965 2752 1023 illud.
2811 968 3043 1025 Marcus
3101 973 3307 1026 autem
3344 969 3486 1028 dicit
3522 982 3581 1038 ω,

1914 1048 2081 1119 quod
2119 1049 2380 1107 tulerunt
2407 1061 2596 1126 πτῶμα
2624 1055 2753 1126 ejus
2798 1074 2810 1112 :
2853 1059 3087 1116 vocavit
3116 1062 3321 1116 autem
3360 1075 3581 1132 corpus

1914 1139 2044 1208 ejus
2080 1147 2272 1212 πτῶμα
2309 1138 2409 1194 ἀπὸ
2449 1150 2542 1195 τοῦ
2601 1151 2797 1214 πεσεῖν,
2854 1147 2919 1204 id
2980 1152 3088 1215 est,
3128 1165 3166 1207 θ,
3203 1148 3476 1206 cadendo
3516 1150 3581 1207 in

1914 1227 2328 1299 pavimentum
2357 1238 2492 1303 post
2520 1234 2729 1306 capitis
2756 1238 3255 1309 amputationem.

1988 1337 2150 1392 Vers.
2192 1338 2281 1393 l2.
2320 1342 2410 1395 Ac
2447 1371 2517 1380 —
2553 1342 2714 1398 Jesu.
2758 1345 2894 1401 Jam
2932 1360 3075 1419 erga
3113 1346 3285 1403 illum
3321 1346 3581 1405 benevo-

1914 1423 2158 1483 lentiam
2175 1425 2658 1488 demonstrantes
2678 1450 2692 1487 :
2715 1434 2908 1505 magis
2934 1434 3095 1493 enim
3111 1451 3217 1493 eos
3241 1436 3405 1494 ﬂexit
3421 1436 3578 1495 cala-

1915 1513 2114 1570 mitas.

1988 1629 2151 1686 Vers.
2186 1632 2268 1687 13.
2303 1634 2564 1707 Cumque
2594 1639 2935 1696 —seorsim.
2966 1640 3116 1697 Cum
3137 1641 3398 1700 audisset
3425 1643 3576 1699 occi-

1915 1734 2049 1776 sum
2079 1735 2212 1776 esse
2261 1720 2558 1780 Joannem
2599 1724 2931 1797 :siquidem
2962 1728 3147 1784 etiam
3186 1745 3323 1785 cum
3350 1729 3580 1788 audivit

1914 1808 2194 1866 traditum
2226 1825 2355 1867 esse
2392 1811 2454 1867 in
2485 1828 2786 1870 carcerem
2831 1816 3093 1881 secessit,
3116 1817 3290 1888 cujus
3330 1834 3577 1875 causam

1915 1899 2079 1954 tertio
2108 1900 2303 1972 capite
2361 1899 2624 1957 diximus
2649 1918 2663 1958 :
2693 1904 2861 1976 quod
2908 1903 3090 1961 etiam
3128 1904 3353 1963 factum
3373 1910 3483 1974 est,
3511 1912 3576 1963 ut

1914 1988 2181 2059 seipsum
2212 1988 2273 2045 in
2299 1992 2533 2062 tempus
2552 1992 2821 2063 passioni
2844 1994 3204 2050 conveniens
3224 2000 3571 2053 reservaret.

1983 2095 2237 2161 Quidam
2285 2100 2476 2153 autem
2528 2097 2990 2171 interpretantur
3036 2117 3049 2157 :
3094 2103 3243 2158 Cum
3309 2102 3576 2161 audisset

1909 2184 2073 2258 quod
2126 2186 2385 2242 Herodes
2424 2186 2808 2246 arbitraretur
2835 2190 3008 2246 illum
3048 2207 3175 2247 esse
3223 2193 3522 2250 Joannem
3556 2210 3569 2249 :

1909 2274 2092 2345 hujus
2124 2290 2390 2348 namque
2416 2276 2889 2335 interfectionem
2936 2279 3144 2335 dicunt
3172 2296 3279 2353 per
3308 2281 3575 2354 interpo-

1910 2363 2185 2420 sitionem
2210 2380 2371 2421 nunc
2400 2366 2472 2421 ad
2502 2367 2859 2424 memoriam
2890 2384 3025 2425 esse
3049 2368 3385 2439 reductam,
3413 2371 3573 2427 illus-

1908 2469 2024 2525 que
2050 2454 2453 2510 narrationem
2484 2454 2563 2511 ad
2601 2471 2863 2527 praesens
2887 2474 3071 2530 usque
3091 2459 3345 2515 verbum
3373 2461 3571 2517 termi~

1909 2544 2064 2600 nari.
2100 2544 2321 2600 Deinde
2336 2545 2935 2618 rursumIsermonem
2951 2548 3027 2604 ad
3041 2548 3303 2621 priorem
3323 2549 3411 2605 sui
3431 2565 3570 2607 con-

1910 2634 2285 2705 sequentiam
2311 2634 2556 2691 restitui.

1982 2756 2305 2815 Verisimile
2335 2764 2423 2816 est
2462 2764 2665 2817 autem
2696 2765 3019 2835 utrumque
3050 2778 3122 2820 eo
3150 2768 3419 2837 tempore
3452 2780 3569 2821 au-

1909 2847 2087 2914 disse,
2148 2852 2203 2904 et
2248 2852 2491 2921 propter
2539 2854 2858 2922 utramque
2912 2867 3152 2908 causam
3223 2854 3569 2911 secessisse.

1910 2939 2188 2992 Praeterea
2253 2938 2486 2994 tertiam
2539 2954 2782 3011 quoque
2822 2939 3005 3011 hujus
3050 2942 3403 2998 secessionis
3430 2959 3570 2999 cau-

1910 3042 2043 3083 sam
2092 3026 2326 3095 scripsit
2379 3030 2625 3093 Marcus,
2659 3032 2803 3099 puta
2841 3029 3006 3101 quod
3038 3032 3410 3103 requiescere
3450 3032 3570 3088 vel-

1906 3114 1985 3171 let
2010 3115 2331 3186 discipulos
2381 3132 2418 3173 a
2474 3116 2891 3187 praedicatione
2930 3133 3226 3175 reversos.
3274 3122 3357 3177 Ita
3405 3120 3569 3177 enim

1908 3203 2055 3260 dixit
2082 3222 2094 3260 :
2120 3204 2192 3259 Et
2211 3210 2638 3276 congregantur
2654 3208 2895 3275 apostoli
2910 3208 2992 3263 ad
3006 3207 3226 3277 Iesum,
3257 3225 3328 3266 ac
3350 3226 3570 3266 renun-

1909 3294 2168 3350 tiantilli
2187 3294 2388 3350 omnia
2400 3310 2639 3366 qumque
2656 3295 2941 3363 fecissent,
2960 3312 3195 3369 qumque
3216 3298 3565 3355 docuissent.

1906 3385 1982 3439 Et
2006 3383 2149 3439 dixit
2170 3383 2248 3438 eis
2280 3399 2290 3438 ε
2335 3384 2532 3439 Venite
2556 3399 2650 3439 vos
2676 3385 2789 3440 soli
2817 3386 3049 3441 seorsim
3072 3387 3135 3441 in
3165 3386 3457 3444 desertum
3486 3389 3568 3444 lo-

1908 3488 2061 3537 cum,
2091 3479 2144 3529 et
2161 3474 2503 3545 requiescite
2518 3473 2845 3545 paulisper.
2870 3476 3057 3531 Erant
3082 3476 3235 3532 enim
3265 3478 3363 3549 qui
3388 3479 3570 3535 venie-

1911 3563 2050 3618 bant
2071 3568 2121 3618 et
2145 3563 2390 3621 abibant
2417 3562 2592 3618 multi
2618 3562 2719 3629 sic,
2753 3571 2818 3618 ut
2846 3580 2949 3621 nec
2975 3566 3265 3622 comedere
3290 3574 3561 3623 vacaret:

1907 3654 1958 3706 et
1989 3652 2198 3722 egressi
2228 3658 2364 3707 sunt
2391 3652 2459 3725 (s)
2490 3652 2736 3723 navigio
2780 3654 2843 3709 in
2872 3654 3165 3711 desertum
3195 3656 3381 3713 locum
3414 3672 3568 3713 seor-

1904 3742 2028 3797 sim.
2064 3745 2197 3798 Haec
2222 3758 2367 3798 sane
2397 3742 2646 3798 Marcus.

1976 3938 2257 3995 Proxima
2276 3938 2369 3993 his
2401 3940 2537 3995 sunt
2560 3954 2697 4011 quae
2740 3937 2880 3994 dicit
2910 3941 3099 3995 Lucas
3130 3940 3356 3997 addens
3387 3942 3568 3998 etiam

1905 4029 2146 4098 signum
2172 4044 2292 4100 quo
2323 4027 2622 4083 desertum
2672 4036 3033 4083 nosceretur.
3080 4028 3173 4083 Ait
3202 4030 3361 4085 enim
3401 4030 3569 4103 quod

1905 4118 2147 4174 secessit
2170 4117 2419 4172 seorsim
2459 4116 2519 4171 in
2549 4116 2851 4172 desertum
2896 4116 3093 4173 locum
3135 4117 3387 4174 civitatis
3428 4136 3566 4191 quae

1903 4211 2147 4263 vocatur
2177 4205 2493 4262 Bethsaida
2518 4206 2585 4259 ³⁵.
2618 4205 2775 4261 Scire
2802 4206 2981 4263 etiam
3001 4211 3235 4278 oportet
3264 4207 3569 4265 Christum

1902 4298 2166 4353 humano
2189 4311 2355 4353 more
2387 4294 2680 4365 etaudire,
2703 4298 2758 4351 et
2780 4296 3073 4363 secedere,
3092 4299 3147 4352 et
3167 4313 3237 4353 ea
3254 4313 3391 4369 qua:
3413 4298 3569 4354 circa

1905 4402 1965 4442 se
1996 4390 2164 4442 erant
2193 4385 2560 4457 dispensare.
2604 4383 2821 4441 Omnia
2872 4384 3033 4441 enim
3064 4390 3358 4458 tanquam
3412 4390 3564 4442 Deus

1906 4475 2149 4542 sciebat,
2189 4490 2301 4530 nec
2328 4473 2409 4530 illi
2430 4473 2573 4545 fuga
2598 4489 2747 4546 opus
2780 4478 2926 4531 erat.

1972 4657 2135 4712 Vers.
2174 4659 2234 4712 l3
2279 4655 2358 4710 Et
2413 4687 2481 4696 —
2512 4653 2772 4710 urbibus.
2808 4654 3044 4710 Marcus
3104 4671 3245 4711 vero
3278 4655 3362 4712 ait
3400 4656 3569 4728 quod

1903 4747 2084 4804 etiam
2122 4744 2391 4801 viderunt
2420 4760 2517 4799 eos
2548 4744 2839 4801 abeuntes
2875 4746 2941 4800 3°.
2978 4744 3236 4809 Quidam
3297 4745 3461 4802 enim
3491 4747 3573 4802 vi-

1904 4836 2121 4893 derunt
2144 4834 2291 4899 illos,
2333 4834 2577 4907 quidam
2609 4836 2812 4889 autem
2852 4833 3172 4891 audierunt
3215 4834 3330 4891 hoc
3363 4835 3441 4891 ab
3472 4835 3569 4891 his

1904 4927 2008 5000 qui
2036 4925 2305 4983 viderant
2335 4943 2347 4983 :
2382 4939 2716 4996 omnesque
2742 4923 3004 4995 pedestri
3030 4925 3213 4981 secuti
3241 4928 3383 4981 sunt
3427 4924 3570 4981 itine

1904 5034 1967 5075 re
2008 5034 2022 5074 :
2051 5014 2404 5089 hujusmodi
2430 5012 2591 5070 enim
2604 5012 2968 5071 desiderium
2991 5030 3171 5072 omne
3198 5014 3430 5087 repellit
3460 5013 3569 5068 im-

1907 5108 2334 5181 pedimentum.

2112 5260 2160 5297 ³⁶
2203 5259 2385 5315 Marc.
2410 5272 2489 5325 VI,
2517 5256 2610 5312 33.

1420 5410 1647 5480 Varia:
1675 5414 2008 5484 lectiones
2038 5423 2105 5482 et
2136 5420 2339 5480 notae.

251 5542 374 5616 (57)
405 5541 641 5604 Scilicet
665 5562 702 5605 a
730 5563 910 5608 versu
934 5556 965 5609 3
997 5554 1077 5611 ad
1101 5555 1286 5616 ﬁnem
1316 5565 1398 5618 l2.

1961 5568 2076 5640 (38)
2108 5566 2287 5635 Αύτοί,
2324 5563 2501 5620 Abest
2524 5563 2592 5617 A.

252 5678 612 5775 @ﬁé’gressi‘
626 5690 794 5775 sunt.
848 5685 1083 5746 Videtur
1124 5706 1267 5764 ergo
1325 5695 1540 5769 legisse
1592 5697 1844 5761 ἀπῆλθον.
1884 5705 2074 5775 Atque
2118 5701 2280 5759 dicta
2306 5697 2368 5756 in
2414 5697 2576 5753 textu
2627 5694 2813 5753 habet
2859 5694 3026 5767 apud
3076 5695 3335 5752 Marcum
3384 5694 3575 5751 codex

251 5764 444 5822 erque
477 5767 673 5813 meus.
