4108 6388
501 364 594 420 431

577 489 734 543 Vers.
767 488 836 542 14
878 485 954 539 Et
983 496 1249 553 egressus
1275 508 1342 518 —
1369 476 1637 533 illorum.
1671 470 1880 525 Vidisti
1919 469 2164 524 deside-
2199 468 2238 520 A

503 593 680 646 rium,
706 574 837 631 vide
864 578 918 628 et
939 574 1066 643 ejus
1098 567 1434 642 praemium.
1469 565 1586 618 Nec
1611 562 1683 617 ab
1715 560 1808 614 his
1850 558 2028 613 ﬁdem
2063 574 2164 611 ex-

506 667 790 738 petebat:
868 663 1032 717 illam
1089 659 1243 715 eniin
1297 655 1855 711 demonstraveram
1905 646 2161 719 pedestri

506 736 714 811 itinere
743 753 971 825 absque
997 748 1292 806 alimentis
1322 747 1640 816 sequentes
1674 739 1735 793 in
1757 739 2058 793 desertum
2083 736 2163 790 lo-

507 861 645 901 cum
679 862 692 898 :
724 845 948 899 Marcus
980 855 1116 894 vero
1149 843 1205 892 et
1255 836 1442 890 Lucas
1473 830 1751 886 dixerunt
1779 825 1945 898 quod
1985 825 2163 879 etiam

509 933 687 1006 coepit
717 933 931 987 docere
960 929 1093 984 illos
1119 925 1329 994 multa,
1357 922 1646 996 quodque
1671 917 2024 989 loquebatur
2049 913 2162 968 illis

509 1023 585 1078 de
613 1037 795 1091 regno
828 1020 929 1076 Dei
968 1020 1033 1074 ³⁷.

581 1128 749 1185 Unde
779 1131 979 1183 autem
1011 1137 1290 1195 egressus
1311 1117 1570 1176 sanabat
1591 1118 1647 1170 et
1671 1112 1928 1169 docebat
1949 1110 1976 1163 ?
2004 1111 2166 1164 Certe

509 1219 753 1274 dubium
775 1232 896 1272 non
917 1219 1004 1270 est
1029 1213 1170 1285 quin
1197 1227 1234 1268 a
1263 1213 1484 1266 monte.
1514 1205 1608 1261 Ait
1651 1203 1809 1260 enim
1863 1201 2162 1255 Joannes:

508 1308 668 1362 Abiit
683 1309 844 1362 Jesus
876 1311 1034 1360 trans
1058 1317 1218 1358 mare
1244 1298 1502 1356 Gatilcete
1523 1292 1670 1366 quod
1689 1298 1768 1346 est
1801 1286 2121 1345 Tiberiadis
2149 1304 2162 1341 :

510 1405 560 1452 et
590 1395 944 1467 sequebatur
972 1408 1100 1448 eum
1126 1389 1301 1445 turba
1328 1387 1530 1450 multa,
1563 1383 1701 1453 quia
1729 1378 1991 1437 videbant
2041 1378 2168 1445 ejus

509 1464 678 1556 signd
706 1499 840 1556 qua?
865 1482 1067 1538 edebat
1096 1481 1155 1534 in
1187 1477 1270 1533 his
1292 1472 1866 1548 quiinﬁrmabantur.
1891 1464 2167 1522 Ascendit

513 1555 697 1631 autem
717 1555 792 1628 fin
820 1578 1072 1628 montem
1103 1570 1286 1636 Jesus,
1324 1569 1379 1621 et
1408 1563 1492 1618 ibi
1515 1559 1734 1617 sedebat
1766 1574 1894 1612 cum
1921 1555 2166 1623 discipu-

516 1665 588 1720 lis
612 1664 746 1718 suis.
778 1664 826 1697 ³⁸
863 1659 1144 1716 Disseruit
1173 1655 1333 1711 enim
1362 1654 1425 1708 in
1455 1650 1591 1707 navi
1648 1664 1783 1703 cum
1815 1643 2121 1715 discipulis
2151 1659 2164 1708 ;

505 1767 764 1824 cumque
804 1748 1211 1806 ascendissent
1261 1745 1321 1798 in
1372 1746 1660 1805 montem,
1718 1735 2159 1808 requieverunt.

511 1842 733 1898 Deinde
753 1855 1025 1910 egressus
1047 1840 1136 1892 est
1152 1839 1209 1890 et
1234 1831 1484 1890 sanabat
1514 1834 1574 1886 et
1591 1825 1870 1884 docebat.

812 2031 964 2088 CAP.
997 2031 1179 2088 XXVI.
1220 2030 1294 2084 De
1314 2026 1567 2100 quinque
1600 2021 1868 2094 panibus.

584 2125 744 2179 Vers.
783 2127 866 2177 15.
895 2121 1142 2189 Vespera
1172 2149 1241 2158 —
1272 2113 1524 2171 cibaria.
1577 2111 1710 2166 Dies
1731 2108 2028 2165 declinare
2055 2119 2169 2160 coe-

513 2217 702 2285 perat,
735 2210 888 2265 sicut
939 2208 1293 2264 dixitLucas
1323 2205 1370 2238 '9
1406 2219 1420 2269 ;
1451 2201 1568 2273 ipsi
1599 2205 1800 2256 tamen
1821 2195 2012 2268 jejuni
2041 2208 2168 2266 per-

514 2283 862 2364 manebant,
893 2295 1175 2354 audiendi
1205 2307 1407 2350 amore
1424 2289 1600 2347 famis
1621 2286 2027 2344 necessitatem
2045 2283 2170 2338 vin-

513 2395 707 2446 cente.
752 2387 1014 2445 Christus
1042 2399 1184 2440 vero
1209 2397 1347 2438 cum
1375 2379 1592 2436 idcirco
1623 2393 1724 2434 eos
1745 2374 1943 2431 cibare
1973 2370 2166 2435 vellet,

514 2477 874 2550 exspectavit
905 2480 1102 2530 tamen
1129 2476 1194 2527 ut
1213 2471 1290 2528 ab
1322 2468 1452 2526 aliis
1474 2467 1850 2524 occasionem
1886 2465 2168 2529 sumeret,

515 2584 588 2622 ne
619 2566 916 2623 videretur
940 2563 1017 2618 ad
1043 2558 1315 2618 miraculi
1345 2555 1753 2630 operationem
1785 2551 2006 2608 assilire
2041 2565 2170 2604 :ne-

513 2670 627 2727 que
656 2654 752 2710 hic
775 2653 991 2717 solum,
1028 2664 1236 2706 verum
1262 2648 1442 2703 etiam
1463 2644 1605 2702 alibi
1635 2643 1793 2698 idem
1833 2640 2172 2711 frequenter

515 2745 815 2799 observat.
841 2741 1130 2796 Praeterea
1143 2741 1204 2793 ut
1227 2737 1406 2792 etiam
1431 2733 1578 2806 quid
1603 2732 1954 2794 esui-ierant,
1985 2727 2171 2798 majo-

509 2832 558 2888 ri
588 2830 860 2887 miraculi
889 2844 1064 2886 sensu
1093 2828 1492 2884 moverentur.

585 2940 744 2994 Vers.
788 2941 875 2996 16.
899 2938 1066 2993 Jesus
1096 2942 1292 2993 autem
1321 2965 1383 2975 —
1406 2932 1567 3004 quod
1593 2930 1789 2987 edant.
1822 2928 1948 2982 Non
1978 2924 2122 2980 dixit
2156 2941 2170 2976 :

513 3033 632 3100 Ego
648 3044 894 3100 pascam
919 3027 1050 3084 illos
1083 3043 1096 3093 ;
1119 3026 1230 3082 hoc
1252 3024 1412 3080 enim
1432 3019 1788 3092 arrogantiae
1819 3016 2129 3073 videbatur
2154 3031 2167 3080 ;

512 3120 616 3174 sed
682 3116 1002 3190 discipulos
1075 3114 1444 3176 adhortatur,
1502 3115 1566 3167 ut
1623 3110 1766 3165 dent
1833 3106 1945 3162 illis
2005 3104 2170 3176 quod

512 3208 711 3277 edant,
747 3211 810 3263 ut
833 3199 1878 3279 ipsiinopiamjobtendentibus,jam
1907 3201 2033 3251 tum
2059 3192 2171 3266 ipsi

514 3296 862 3353 necessitate
893 3298 1138 3352 coactus
1162 3291 1379 3349 faceret
1399 3288 1567 3362 quod
1588 3303 1766 3343 suum
1795 3289 1945 3342 erat.

584 3491 703 3548 Sed
732 3493 1035 3548 Matthaeus
1065 3485 1312 3560 quidem
1329 3489 1385 3542 et
1413 3485 1641 3542 Marcus
1670 3487 1727 3538 et
1751 3483 1941 3537 Lucas
1968 3480 2175 3535 dicunt

513 3579 838 3652 discipulos
878 3577 1245 3648 suggessisse
1271 3575 1501 3630 Christo
1529 3573 1602 3629 de
1632 3571 1946 3628 turbarum
1978 3569 2175 3623 dimis-

515 3670 700 3739 sione,
733 3683 855 3740 quo
901 3665 1127 3722 cibaria
1179 3668 1445 3720 emerent
1475 3661 1542 3715 4°.
1582 3665 1839 3717 Joannes
1867 3675 2011 3716 vero
2043 3659 2120 3713 ait
2158 3677 2168 3716 :

516 3759 660 3815 Cum
688 3757 1004 3814 sustulisset
1035 3754 1224 3811 oculos
1276 3753 1440 3810 Jesus
1461 3759 1512 3809 et
1559 3751 1788 3808 vidisset
1816 3749 1956 3821 quod
2002 3749 2177 3804 turba

515 3847 691 3902 multa
720 3846 934 3902 veniret
964 3845 1040 3900 ad
1062 3859 1140 3909 se,
1179 3844 1262 3900 ait
1302 3842 1382 3900 ad
1409 3841 1751 3911 Philippum
1783 3857 1795 3894 :
1836 3838 1996 3896 Unde
2034 3852 2175 3893 eme-

515 3953 636 3992 mus
661 3951 865 4005 panes,
899 3941 963 3990 ut
996 3931 1384 3991 comedanthi
1413 3932 1440 3986 ?
1469 3931 1588 3986 Hoc
1608 3937 1787 3986 autem
1809 3929 2034 3983 dicebat
2065 3933 2178 3982 ten-

517 4031 642 4081 tans
669 4041 793 4081 eum
815 4024 970 4093 :ipse
986 4023 1133 4079 enim
1146 4023 1359 4078 sciebat
1380 4021 1519 4092 quid
1538 4026 1680 4076 esset
1721 4019 2010 4087 facturus.
2042 4017 2176 4070 Res-

510 4115 708 4188 pondit
739 4116 789 4171 ei
818 4115 1161 4184 Philippus:
1183 4114 1580 4168 Ducentorum
1604 4109 1978 4165 denariorum
2001 4121 2178 4175 panes

514 4219 635 4260 non
675 4205 977 4274 sufﬁciunt
1001 4203 1100 4268 eis,
1130 4207 1195 4256 ut
1218 4199 1616 4272 unusquisque
1654 4213 1851 4254 eorum
1895 4194 2176 4265 pusillum

515 4294 811 4366 quippiam
838 4291 1095 4362 accipiat
1127 4291 1195 4342 ιι.
1227 4289 1361 4345 Haec
1391 4302 1533 4343 sane
1564 4286 2072 4358 scripsitJoannes.

585 4482 917 4540 Verisimite
953 4491 1038 4542 est
1067 4488 1270 4542 autem
1303 4485 1567 4555 primum
1593 4483 1914 4556 discipulos
1937 4498 2178 4555 sugges-

519 4574 664 4630 sisse
699 4589 712 4639 ;
755 4572 970 4629 deinde
1009 4589 1148 4629 eum
1188 4572 1407 4628 dixisse
1457 4573 1570 4628 illis
1604 4591 1616 4627 :
1653 4575 1775 4628 Non
1807 4588 2048 4629 necesse
2093 4575 2180 4628 est

517 4663 630 4720 illis
654 4663 858 4733 egredi
887 4679 898 4717 :
934 4663 1068 4720 date
1098 4681 1201 4720 vos
1233 4663 1344 4718 illis
1371 4663 1535 4736 quod
1559 4662 1753 4719 edant.
1786 4663 2177 4718 Postmodum

517 4753 824 4809 sustulisse
854 4753 1060 4810 oculos
1089 4768 1159 4808 ac
1188 4739 1410 4807 vidisse
1441 4751 1674 4807 turbam
1705 4751 1886 4807 aliam
1926 4751 2176 4808 multam

514 4843 853 4899 venientem
883 4861 895 4910 ;
930 4846 986 4898 et
1015 4850 1150 4898 tunc
1174 4841 1444 4898 humano
1473 4857 1640 4897 more
1667 4845 1924 4897 tentasse
1962 4841 2178 4914 Philip-

515 4949 683 5006 pum,
720 4932 845 4988 sive
875 4931 1167 5004 probasse
1187 4948 1264 4988 au
1288 4928 1747 5003 crederetipsum
1776 4946 1955 5002 posse
1969 4946 2180 4987 omnes

515 5037 786 5096 pascere.
827 5019 1330 5078 Tentabatautem
1360 5020 1529 5076 illum
1564 5024 1849 5092 tanquam
1872 5020 2178 5078 cmteriseo

587 5203 633 5237 ³⁷
677 5205 957 5269 Marc.v1,
1003 5202 1069 5259 3/9
1104 5218 1118 5269 ;
1149 5201 1288 5256 Luc.
1319 5216 1396 5265 1x,
1433 5204 1516 5259 11.

513 5275 680 5331 Joan.
705 5290 787 5340 v1,
813 5279 922 5332 5-7.

1635 5200 1682 5235 ³⁸
1711 5200 1884 5258 Joan.
1915 5215 1996 5268 v1,
2035 5204 2143 5257 t-3.

1829 341 2189 404 EUTHYMII
2227 335 2555 395 ZIGABENI

3781 324 3890 381 432

2348 468 2448 516 Καὶ
2512 460 2722 523 ἐξελθὼν
2782 490 2848 498 —
2904 456 3090 509 αὐτῶν.
3179 449 3331 515 Εἶδες
3412 456 3498 504 τόν
3558 453 3734 519 πόθον,
3793 453 3888 524 ὅρα

2272 558 2361 604 καὶ
2416 555 2501 603 τόν
2551 550 2740 622 μισθόν
2821 546 3000 598 αὐτοῦ.
3089 547 3190 597 Καὶ
3251 543 3344 594 οὐκ
3426 540 3638 592 ἀπαιτεῖ
3673 543 3888 600 τούτους

2272 646 2470 694 πίστιν·
2553 636 2751 700 ἔδειξαν
2831 639 2931 709 γὰρ
3019 637 3212 690 ταύτην
3277 631 3676 691 ἀκολουθοῦντες
3730 631 3885 702 πεζῇ,

2276 727 2414 800 δίχα
2469 735 2681 802 τροφῆς,
2763 725 2835 785 εἰς

2277 825 2479 878 Λουκᾶς
2552 817 2711 880 εἶπον,
2769 816 2848 865 ὃτι
2924 817 3008 864 καὶ
3089 811 3283 882 ἤρξατο
3362 805 3642 861 διδάσκειν
3703 807 3890 867 αὐτοὺς

2274 906 2456 973 πολλὰ,
2508 910 2597 957 καὶ
2653 905 2732 956 ὅτι
2791 901 2953 954 ἐλάλει
3016 899 3194 959 αύτοῐς
3268 903 3385 971 περὶ
3463 905 3553 957 τῆς
3613 895 3889 968 βασιλείας

2922 728 3109 798 ἔρημον
3169 725 3344 774 τόπον.
3405 722 3618 792 Μάρκος
3684 715 3742 770 δὲ
3799 722 3890 768 καὶ

2273 1005 2363 1050 τοῦ
2403 1003 2556 1050 Θεοῦ.

2349 1087 2508 1139 Πόθεν
2564 1080 2622 1136 δὲ
2677 1081 2886 1145 ἐξελθὼν
2945 1079 3130 1131 ἰάσατο
3206 1082 3296 1129 καὶ
3345 1072 3596 1141 ἐδίδαξε;

2278 1177 2378 1228 ἀπὸ
2429 1181 2522 1226 τοῦ
2570 1178 2740 1246 όρους.
2801 1175 2938 1227 Φησὶ
2990 1171 3090 1242 γὰρ
3142 1169 3166 1218 ὁ
3198 1168 3460 1231 Ἰωάννης,
3508 1166 3587 1216 ὅτι
3632 1163 3888 1222 Ἀπῆλθεν

2923 1265 3019 1318 τῆς
3098 1256 3369 1316 θαλάσσης
3446 1261 3540 1314 τῆς
3612 1251 3890 1311 Γαλιλαίας

3677 1075 3860 1126 Πάντω
3869 1095 3891 1135 ς

2277 1269 2302 1318 ὸ
2360 1265 2567 1324 Ἰησοῦς
2661 1264 2818 1334 πέραν

2277 1365 2372 1415 τῆς
2421 1347 2747 1424 Τιϐεριάδος,
2810 1351 2898 1400 καὶ
2957 1347 3226 1404 ἠκολούθει
3280 1344 3420 1414 αὐτῷ
3479 1342 3637 1414 ὄχλος
3707 1340 3887 1406 πολύς,

2278 1443 2358 1495 ὅτι
2406 1442 2570 1517 ἐώρων
2619 1439 2780 1491 αὑτοῦ
2859 1439 2924 1488 τὰ
3010 1441 3221 1507 σημεῖα,
3291 1435 3326 1485 οἱ
3383 1432 3540 1484 ἐποίει
3621 1429 3704 1482 ἐπὶ
3787 1439 3892 1482 τῶν

2717 1526 2931 1586 Ἀνῆλθε
3007 1521 3065 1576 δὲ
3118 1523 3184 1584 εἰς
3255 1525 3313 1574 τό
3395 1525 3512 1594 ὄρος
3563 1521 3588 1571 ὁ
3655 1521 3890 1586 Ἰησοῦς,

2459 1619 2564 1671 ἐκεῖ
2647 1617 2866 1673 ἐκάθητο
2959 1616 3088 1682 μετὰ
3171 1620 3270 1663 τῶν
3373 1612 3620 1682 μαθητῶν
3699 1609 3887 1661 αὐτοῦ.

2279 1531 2626 1584 ἀσθενούντων
2639 1572 2652 1586 ,

2277 1625 2367 1672 καὶ
2459 1619 2564 1671 ἐκεῖ
2647 1617 2866 1673 ἐκάθητο
2959 1616 3088 1686 μετὰ
3171 1620 3270 1663 τῶν

2279 1708 2535 1782 Προέλαϐε
2589 1709 2691 1781 γὰρ
2775 1704 2821 1756 ἐν
2900 1703 3062 1774 πλοίῷ
3124 1704 3255 1774 μετὰ
3311 1707 3410 1751 τῶν
3465 1701 3737 1771 μαθητῶν,
3795 1702 3890 1749 καὶ

2207 1798 2568 1872 Βὰνελθόντες
2623 1795 2689 1855 εἰς
2741 1797 2796 1846 τὸ
2850 1797 2982 1867 ὅρος,
3039 1788 3432 1843 διανεπαύοντο.
3495 1788 3622 1841 Εἶτα
3681 1786 3883 1853 ἐξῆλθε,

2202 3169 2242 3225 C

2278 1909 2367 1942 και
2400 1888 2606 1950 ἰάσατο,
2629 1889 2720 1936 καὶ
2746 1878 3005 1944 ἐδίδαξεν.

2583 1980 2729 2029 ΚΕΦ.
2767 1970 2878 2025 ΚΣ.
2911 1974 3037 2044 Περὶ
3071 1976 3169 2021 τῶν
3208 1971 3354 2020 πέντε
3389 1967 3579 2042 ἄρτων.

2349 2065 2541 2137 Ὀψίας
2569 2093 2639 2104 —-
2688 2059 2965 2134 βρώματα.
3007 2058 3064 2111 Ἠ
3102 2061 3190 2130 μὲν
3219 2059 3388 2129 ἡμέρα
3428 2055 3616 2106 κλίνειν
3665 2053 3887 2126 ἤρξατο,

2277 2157 2450 2216 καθὼς
2475 2155 2584 2205 εἶπε
2616 2156 2842 2211 Λουκᾶς·
2879 2148 3025 2200 αὐτοὶ
3054 2144 3113 2199 δὲ
3133 2149 3414 2218 παρέμενον
3441 2145 3641 2211 ἄσιτοι,
3668 2149 3758 2194 τοῦ
3788 2149 3888 2203 τῆς

2280 2243 2571 2318 ἀκροάσεως
2609 2243 2798 2314 ἔρωτος
2842 2245 3082 2296 νικῶντος
3129 2239 3220 2293 τὴν
3270 2232 3497 2306 ἀνάγκην
3549 2241 3638 2292 τῆς
3682 2235 3887 2291 πείνης.

2277 2317 2421 2385 ὀδε
2447 2333 2691 2403 Χριστὸς,
2718 2325 2812 2381 διὰ
2830 2334 2985 2379 τοῦτο
3010 2323 3320 2398 βουλόμενος
3349 2321 3534 2394 θρέψαι
3564 2317 3889 2394 παραδαξως

2280 2421 2492 2488 αὐτοὺς,
2536 2419 2669 2491 ὅμως
2701 2415 2923 2488 ἀνέμεινε
2952 2415 3073 2486 παρ’
3106 2413 3285 2486 ἑτέρων
3315 2410 3486 2462 λαϐεῖν
3515 2408 3771 2481 ἀφορμὴν,
3805 2408 3895 2459 ἵνα

2279 2515 2350 2583 μὴ
2378 2507 2505 2582 δόξῃ
2530 2516 2638 2567 ταῖς
2656 2508 3100 2578 θαυματουργίαις
3126 2497 3410 2570 ἐπιπηδᾴν·
3437 2504 3525 2550 καὶ
3549 2499 3642 2550 ούκ
3664 2496 3892 2548 ἐνταῦθα

2280 2604 2452 2672 μόνον,
2488 2595 2613 2649 ἀλλά
2643 2615 2732 2647 και
2762 2593 3032 2664 πολλαχοῦ
3061 2598 3214 2644 τοῦτο
3243 2586 3500 2663 διατηρεῖ.
3527 2591 3631 2640 Ναὶ
3663 2589 3765 2657 μὴν
3795 2589 3892 2637 καὶ

2283 2690 2365 2740 ἵνα
2437 2688 2767 2745 πεινάσαντες
2847 2681 3036 2739 πολλὴν
3114 2681 3367 2736 αἴσθησιν
3450 2684 3543 2729 τοῦ
3627 2676 3894 2746 θαύματος

2281 2776 2531 2830 λάϐωσιν.

2351 2867 2408 2918 Ὀ
2432 2863 2490 2918 δὲ
2510 2864 2709 2923 Ἰησοῦς
2735 2890 2796 2902 -
2825 2868 3022 2933 φαγεῖν.
3057 2858 3133 2911 Οὐ
3156 2859 3342 2932 χρείαν
3363 2859 3604 2927 ἔχουσιν,
3631 2852 3745 2905 ἀντὶ
3770 2860 3890 2920 τοῦ,

2283 2955 2393 3009 Οὐκ
2424 2953 2734 3026 ὀφείλουσιν.
2779 2950 2889 3002 Ούκ
2929 2946 3036 3000 εἷπε
3078 2944 3154 3006 δὲ,
3193 2947 3273 2998 ὁτι
3311 2945 3440 3016 Ἐγὼ
3479 2942 3652 3018 θρέψω
3683 2942 3892 3009 αὐτούς,

2280 3053 2432 3098 τοῦτο
2461 3046 2562 3115 ’γὰρ
2596 3038 2763 3093 ἐδόκει
2793 3041 3083 3112 κομπηρὸν,
3116 3034 3242 3087 ἀλλὰ
3267 3038 3384 3094 τοὺς
3414 3035 3651 3106 μαθητὰς
3675 3036 3893 3106 προτρέ-

2281 3153 2433 3188 πεται
2477 3129 2661 3184 δοῦναι
2693 3129 2869 3190 αὐτοῖς
2901 3133 3098 3199 φαγεῖν,
3135 3126 3237 3193 ἶνα,
3266 3126 3462 3176 τούτων
3494 3120 3893 3197 προϐαλομένων

2284 3225 2394 3293 (59)
2429 3222 2668 3294 ἀπορίαν,
2703 3222 2818 3270 τότε
2854 3217 3031 3269 λοιπὸν
3071 3213 3124 3276 ἐξ
3154 3212 3386 3284 ἀνάγκης
3413 3211 3565 3272 αὐτὸς
3596 3214 3793 3281 ποιήσῃ
3829 3211 3893 3260 τὸ

2283 3313 2488 3365 ἑαυτοῦ.

2355 3401 2509 3453 Ἀλλὰ
2579 3399 2846 3456 Ματθαῖος
2918 3397 3007 3467 μὲν
3073 3397 3162 3444 καὶ
3232 3392 3446 3463 Μάρκος
3518 3395 3608 3441 καὶ
3681 3393 3895 3450 Λουκᾶς

2282 3492 2516 3563 λέγουσι,
2588 3489 2732 3561 παρὰ
2809 3493 2908 3537 τῶν
3003 3484 3248 3555 μαθητῶν
3309 3479 3714 3552 ὑπομνησθῆναι
3802 3479 3895 3528 τὸν

2284 3585 2516 3656 Χριστὸν
2546 3581 2664 3650 περὶ
2688 3582 2775 3628 τοῦ
2805 3573 3066 3626 ἀπολῦσαι
3090 3575 3207 3631 τοὺς
3227 3569 3440 3641 ὄχλους,
3471 3575 3556 3619 ἳνα
3582 3566 3897 3640 ἁγοράσωσι

2284 3655 2495 3746 τροφάς,
2544 3667 2603 3719 Ὀ
2649 3663 2707 3717 δε
2747 3665 2986 3724 Ἰωάννης
3029 3665 3177 3733 φησὶ,
3228 3661 3307 3711 ὅτι
3357 3659 3580 3731 Ἐπάρας
3623 3658 3648 3708 ό
3687 3655 3904 3717 Ἰησοῦς

2285 3765 2403 3820 τοὺς
2460 3756 2772 3830 ὀφθαλμούς,
2833 3756 2924 3803 καὶ
2983 3751 3316 3820 θεασάμενος,
3386 3747 3466 3798 ὃτι
3522 3745 3683 3806 πολὺς
3735 3743 3905 3815 ὄχλος

2285 3853 2500 3924 ἔρχεται
2534 3849 2663 3918 πρὸς
2708 3842 2883 3910 αὐτὸν,
2925 3840 3059 3910 λέγει
3104 3841 3234 3910 πρὸς
3277 3840 3362 3888 τὸν
3407 3835 3685 3888 Φίλιππον·
3732 3834 3902 3886 Πόθεν

2288 3939 2612 4012 ἁγοράσομεν
2668 3933 2778 4003 (60)
2825 3933 3034 4002 ἄρτους,
3087 3926 3170 3979 ἳνα
3218 3929 3449 3999 φάγωσιν
3500 3923 3686 3986 autat;
3733 3925 3901 3976 Τοῦτο

2289 4025 2348 4080 δὲ
2395 4027 2530 4096 ἐλεγε
2561 4022 2818 4095 πειράζων
2868 4019 3042 4072 αὐτόν.
3097 4017 3249 4076 αὐτὸς
3292 4017 3392 4087 γὰρ
3450 4009 3591 4086 ᾔδει,
3634 4015 3685 4062 τί
3725 4008 3904 4082 ἔμελλε

2288 4124 2470 4170 ποιεῖν.
2503 4113 2784 4185 Ἀπεκρίθη
2822 4109 2960 4179 αὐτῷ
3001 4106 3268 4165 Φίλιππος·
3305 4106 3591 4156 Διακοσίων
3633 4095 3905 4173 δηναρίων

2287 4209 2436 4282 ἄρτοι
2493 4203 2587 4256 οὐκ
2654 4201 2903 4275 ἀρκοῦσιν
2987 4195 3186 4264 αὐτοῖς,
3267 4194 3351 4245 ἳνα
3434 4193 3647 4250 ἕκαστος
3726 4188 3903 4240 αὐτῶν

2289 4278 2473 4370 βραχύ
2556 4311 2608 4344 τι
2677 4287 2832 4360 λάϐῃ.
2914 4291 3092 4338 Ταῦτα
3176 4286 3264 4355 μὲν
3347 4281 3434 4334 οὖν
3503 4283 3777 4353 ἱστόρησεν
3872 4278 3902 4328 ὁ

2211 4380 2258 4435 D
2291 4386 2548 4444 Ἰωάννης.

2365 4483 2511 4542 Εἰκὸς
2562 4476 2620 4532 δὲ
2673 4476 2784 4549 (61)
2853 4481 3056 4550 πρῶτον
3116 4473 3205 4543 μὲν
3283 4467 3687 4541 ὑπομνησθῆναι
3755 4466 3909 4536 παρὰ

2289 4582 2386 4626 τῶν
2435 4572 2700 4644 μαθητῶν,
2757 4562 2868 4617 εἶτα
2915 4562 3070 4616 εἰπεῖν
3126 4559 3317 4619 αὐτοῖς’
3375 4557 3450 4610 Ού
3505 4561 3687 4631 χρείαν
3740 4556 3909 4626 ἔχου-

2785 4651 2905 4706 δότε
2974 4651 3150 4710 αὐτοῖς
3227 4649 3376 4721 ὑμεῖς
3452 4653 3651 4718 φαγεῖν·
3721 4646 3910 4695 ἔπειτα

3189 4742 3280 4790 καὶ
3363 4736 3656 4788 θεάσασθαι
3737 4730 3910 4783 πολὺν

2291 4683 2373 4715 σιν
2445 4659 2678 4714 ἀπελθεῖν
2689 4699 2701 4723 ,

2290 4753 2478 4827 ἐπᾶραι
2579 4750 2700 4806 τοὺς
2782 4741 3048 4816 ὀφθαλμοὺ
3058 4760 3097 4805 ς,

2290 4842 2448 4914 ὄχλον
2502 4840 2668 4910 ἕτερον
2731 4834 3034 4907 ἐρχόμενον,
3090 4833 3179 4881 καὶ
3233 4830 3348 4880 τότε
3393 4825 3569 4877 λοιπὸν
3627 4820 3910 4895 ἀνθρωπο-

2289 4937 2498 5008 πρεπῶς
2566 4926 2818 5000 πειράσαι
2881 4923 2968 4973 τὸν
3025 4918 3294 4982 Φίλιππον,
3373 4918 3537 4968 εἶτουν
3605 4908 3913 4982 δοκιμάσαι

2293 5027 2494 5086 τοῦτον,
2555 5016 2598 5068 εἰ
2643 5014 2879 5067 πιστεύει
2938 5006 3203 5062 δύνασθαι
3246 5006 3402 5060 αὐτὸν
3449 5000 3734 5075 διαθρέψαι
3775 4999 3914 5052 πάν-

2260 5200 2310 5236 ³⁹
2337 5199 2476 5254 Luc.
2524 5213 2599 5263 χι,
2651 5196 2741 5250 12.
2852 5192 2903 5228 ⁸ο
2933 5191 3115 5248 Marc.
3150 5201 3231 5254 v1,
3259 5184 3329 5240 35
3362 5201 3377 5250 ;
3408 5183 3549 5239 Luc.
3583 5195 3662 5244 1x,
3725 5177 3813 5233 12.
3849 5179 3906 5216 ιι

1735 5449 1965 5518 Variae
1997 5449 2325 5519 lectiones
2355 5458 2418 5517 et
2451 5457 2654 5515 notae.

583 5645 702 5787 $59)
736 5644 1160 5718 [Ιροϐαλλομένων
1187 5655 1241 5704 Β.

608 5717 696 5786 60)
727 5715 1094 5787 Ἀγοράοωμεν
1126 5726 1186 5773 Α.

608 5717 696 5786 60)
727 5715 1094 5791 Ἀλγοράοωμεν
1126 5726 1186 5773 Α,

2361 5645 2479 5718 (61)
2513 5647 2636 5708 Καί,
2661 5655 2772 5713 pro
2805 5635 2865 5691 δέ
2893 5643 2956 5693 Α.
