4108 6386
222 327 330 382 433

220 472 347 507 τα.

221 561 323 593 των
370 540 554 592 ἄλλων.
602 537 669 591 ’Ἠ
722 536 795 590 δι’
830 542 990 590 αὑτοῦ
1030 544 1119 591 καὶ
1165 542 1297 611 πρὸς
1324 542 1439 597 τοὺς
1470 537 1655 598 ἄλλους
1694 535 1829 589 άπο-

218 635 461 695 τείνεται,
516 630 778 703 πειράζων
833 632 923 679 καὶ
988 630 1223 688 τούτους.
1283 627 1442 686 Δῆλον
1503 631 1693 693 τοίνυν,
1750 627 1829 677 ὅτι

220 720 255 770 οἱ
314 722 405 791 με)
463 715 603 770 εἷπον
650 719 698 769 οἱ
756 716 902 768 ἄλλοι
960 716 1345 789 εύαγγελισταὶ,
1412 713 1743 791 παρέδραμεν
1803 718 1829 767 ὁ

216 810 484 868 Ἰωάννης·
546 807 581 858 ά
653 803 712 859 δὲ
772 802 1107 881 παρέδραμον
1170 804 1371 875 ἐκεῖνοι,
1443 813 1607 858 ταῦτα
1682 806 1832 867 οὗτος

406 449 678 523 Ἐπειραζε
724 446 781 500 δὲ
831 451 1005 519 αὑτὸν,
1059 452 1123 509 ὡς
1170 448 1496 520 άτελέστερον
1541 454 1830 504 τηνικαῦτα
1862 446 1905 499 Α

220 896 535 968 ἀπήγγειλεν
546 935 558 948 .

292 1005 360 1056 Οἱ
422 1000 482 1055 δε
544 1034 611 1042 -
680 1001 889 1073 ἰχθύας.
960 1001 1201 1063 Ἰωάννης
1264 1000 1323 1055 δέ
1384 1021 1517 1074 φησι
1574 1004 1657 1053 τὸν
1717 1001 1829 1052 Ἀν-

220 1090 377 1167 δρέαν
431 1091 611 1159 εἰπεῖν,
663 1092 744 1143 ὅτι
799 1090 951 1143 Ἔστι
1000 1088 1285 1164 παιδάριον
1343 1092 1391 1144 ἓν
1445 1088 1569 1156 ὧδε,
1630 1093 1656 1143 ὃ
1716 1092 1829 1161 ἔχει

215 1186 366 1234 πέντε
404 1182 593 1253 ἄρτους
630 1182 895 1254 κριθίνους
930 1184 1026 1233 παὶ
1076 1176 1173 1232 δύο
1220 1180 1437 1254 ὀψάρια·
1488 1179 1614 1231 ἀλλά
1662 1186 1828 1231 ταῦτα

216 1276 268 1323 τί
329 1269 470 1323 ἔστιν
528 1269 596 1329 εἰς
653 1274 971 1341 τοσούτους;
1032 1273 1239 1331 Πάντως
1304 1266 1363 1323 δὲ
1425 1273 1483 1322 τὸ
1544 1264 1827 1342 παιδάριον

217 1359 377 1412 ἐκεῖνο
454 1355 695 1411 διεπώλει
765 1366 932 1410 ταῦτα
1007 1366 1117 1419 τοῖς
1191 1362 1474 1431 μαθηταῖς.
1546 1362 1633 1411 Διὸ
1710 1362 1825 1427 καὶ,

217 1452 286 1511 ὡς
340 1445 447 1507 ἤδη
504 1448 710 1519 ἔχοντες
763 1448 919 1512 αύτά,
978 1446 1356 1523 άπεκρὶθησαν,
1413 1452 1484 1520 μὴ
1536 1450 1673 1519 ἔχειν
1719 1448 1825 1499 ἕτε-

216 1559 304 1612 ρον
350 1538 392 1590 εὶ
430 1543 502 1609 μὴ
546 1545 712 1589 ταῦτα
757 1542 929 1608 μονον,
979 1538 1131 1589 Ούτω
1177 1540 1413 1611 πάρεργα
1468 1536 1647 1598 αὐτοῖς
1691 1534 1825 1595 ἦσαν
1863 1507 1902 1559 Β

214 1630 279 1679 τά
322 1631 617 1699 σωματικά,
659 1635 758 1678 τῶν
809 1632 1168 1697 πνευματίκῶν
1212 1627 1401 1698 μᾶλλον
1442 1624 1821 1697 ἀντεχομένοις.

214 1719 282 1768 Οἱ
315 1713 523 1769 δώδεκα
555 1718 658 1787 γάρ
700 1719 845 1768 πέντε
875 1720 1050 1788 μόνοις
1090 1718 1265 1791 άρτοις
1304 1715 1506 1788 ἔμελλον
1538 1724 1821 1790 τραφῆναι,

211 1812 305 1858 καὶ
334 1809 539 1867 τούτοις
567 1806 835 1879 κριθίνοις.

283 1913 345 1964 Ὀ
394 1910 452 1965 δὲ
507 1944 575 1952 ——
631 1910 754 1968 ὧδε,
817 1913 979 1973 Αὐτὸς
1040 1916 1125 1964 μὲν
1180 1912 1497 1985 προσέταξεν
1548 1910 1823 1983 ἐνεχθῆναι

211 2006 346 2063 τσύς
397 2004 585 2075 ἄρτους
641 2006 731 2053 καὶ
785 2006 906 2063 τούς
957 2002 1170 2073 ἰχθύας,
1227 1998 1521 2065 διδάσκων,
1575 2002 1655 2053 ὅτι
1711 2006 1818 2075 χρὴ

210 2097 303 2143 καὶ
356 2091 490 2143 αύτά
546 2094 611 2143 τά
666 2090 817 2162 ὀλίγα
873 2098 1173 2164 παρασχεῖν
1230 2099 1334 2152 τοῖς
1392 2088 1673 2162 δεομένοις,
1732 2096 1822 2143 καὶ

210 2187 474 2253 προτιμᾲν
505 2180 711 2241 αύτούς·
756 2180 906 2232 αὐτοὶ
952 2177 1030 2252 δὲ,
1082 2184 1256 2232 καίτοι
1294 2188 1564 2242 πεινῶντες
1607 2182 1816 2251 ὁμοίῶς,

211 2274 311 2321 καί
350 2267 514 2341 μηδεν
544 2271 707 2345 ἕτερον
752 2272 981 2341 ἔχοντες,
1027 2270 1163 2341 ὅμως
1195 2268 1579 2343 ἀναντίρρητως
1617 2272 1821 2322 πείθον-

214 2378 327 2413 ται.

289 2487 391 2536 Καὶ
445 2482 692 2546 κελεύσας
744 2514 812 2523 --
862 2487 1109 2557 χὸρτους.
1168 2483 1225 2535 Ὀ
1286 2480 1345 2535 δὲ
1392 2486 1601 2557 Μάρκος
1660 2480 1814 2549 εἶπεν,

210 2576 292 2623 ὅτι
348 2576 447 2624 Καὶ
504 2572 738 2635 ἐπέταξεν
798 2574 974 2635 αὐτοῖς
1024 2572 1368 2632 ἀνακλιθῆναι
1425 2573 1537 2644 (6‘2)
1597 2575 1815 2640 πάντας,
1849 2589 1896 2649 C

211 2666 488 2732 συμπόσια
556 2666 847 2733 συμπόσια,
910 2661 990 2713 ἐπὶ
1062 2670 1133 2733 τῷ
1200 2661 1391 2735 χλωρῷ
1455 2666 1654 2733 χόρτῳ,
1718 2668 1817 2715 Καὶ

212 2749 457 2802 ἀνέπεσον
528 2757 753 2825 πρασιαὶ
822 2757 1067 2824 πρασιαὶ,
1134 2750 1230 2802 ἀνά
1308 2752 1486 2803 ἑκατὸν
1553 2756 1643 2803 καὶ
1722 2750 1818 2803 άνά

209 2844 548 2897 πεντήκοντα.
619 2871 687 2880 —
753 2845 1036 2912 Κυμποσια
1102 2844 1375 2912 συμπόσια
1438 2840 1617 2911 λέγων,
1703 2840 1816 2893 ἀντὶ

209 2936 320 2995 τοῦ,
376 2933 652 2995 συμπόσια
709 2925 1024 3002 διῃρημένα,
1081 2934 1337 2996 τουτέστι,
1400 2933 1709 3000 συναγωγὴν
1756 2926 1815 2981 δὲ

207 3016 330 3081 ἐκεῖ,
385 3023 692 3090 συναγωγὴν
742 3014 801 3071 δὲ
845 3018 1101 3090 ἀλλαχοῦ.
1145 3020 1215 3071 Τὸ
1265 3018 1391 3069 αύτό
1429 3015 1488 3069 δε
1536 3014 1690 3075 δηλοῖ
1726 3023 1815 3070 καὶ

203 3111 263 3158 τὸ
296 3113 521 3179 πρασιαὶ
550 3112 797 3179 πρασιαί.
842 3104 968 3160 Εἶεν’
998 3104 1048 3160 δ’
1080 3108 1141 3159 ἄν
1185 3113 1275 3159 καὶ
1307 3108 1504 3182 ἑτέρως’
1541 3111 1815 3179 συμπόσια

911 3201 1233 3269 συναγωγαί,
1318 3201 1542 3270 πρασιαὶ
1620 3193 1678 3249 δὲ
1761 3200 1815 3249 αἱ

203 3282 677 3359 τετραγῳνοειδεῖς.
726 3293 977 3338 Τοιαῦται
1006 3289 1107 3361 γάρ
1140 3288 1194 3337 αἱ
1223 3294 1319 3337 τῶν
1352 3291 1533 3343 κήπων
1562 3290 1810 3359 πρασιαί.

209 3374 431 3436 Κλισίας
476 3371 535 3426 δε
584 3376 608 3426 ὁ
654 3382 858 3435 Λουκᾶς
901 3374 1108 3428 ἐκάλεσε
1156 3378 1221 3427 τά
1266 3382 1484 3427 τοιαῦτα
1519 3376 1656 3446 (63),
1710 3375 1813 3429 ἀπὸ

202 3470 298 3515 τοῦ
329 3462 705 3522 κατακλιθῆναι
740 3460 1025 3535 στιχηδον.

206 3199 298 3267 μὲν
381 3198 435 3247 αἰ
513 3192 830 3257 κυκλοειδεῖς

1228 320 1583 379 COMMENT.
1626 319 1695 375 IN
1734 318 2171 377 MATTH/EUM.
2212 352 2281 361 —
2312 321 2468 379 CAP.
2500 321 2644 377 XIV.

3506 318 3609 374 434

1944 454 2202 520 tempore
2230 447 2767 518 imperfectiorem:
2802 450 2906 505 aut
2934 449 3115 505 etiam
3138 461 3247 519 per
3272 446 3451 511 hunc,
3482 462 3604 501 ser-

1941 552 2184 592 monem
2203 542 2259 593 et
2275 537 2353 592 ad
2367 536 2516 592 alios
2534 536 2850 609 dirigebat,
2872 541 3106 594 tentans
3121 551 3359 608 quoque
3376 540 3434 591 et
3451 534 3604 591 illos.

1940 625 2315 681 Manifestum
2372 630 2627 695 estergo
2672 626 2839 697 quod
2891 642 2963 681 ea
3006 642 3137 697 quae
3182 625 3284 683 alii
3333 624 3606 680 dixerunt

1939 715 2345 784 evangelistm,
2394 716 2765 787 praetermisit
2804 718 3066 772 Joannes
3102 732 3115 781 ;
3162 731 3298 788 quae
3343 728 3485 770 vero
3526 712 3603 768 illi

1941 805 2460 875 praetermiserunt,
2492 805 2621 860 haec
2649 806 2758 861 iste
2787 804 3075 862 narravit.

2012 1016 2177 1072 Vers.
2210 1019 2296 1072 17.
2329 1018 2408 1072 At
2436 1018 2531 1073 illi
2559 1047 2627 1058 —-
2655 1018 2863 1087 pisces.
2901 1017 3160 1073 Joannes
3188 1031 3331 1073 vero
3362 1016 3441 1073 ait
3488 1018 3601 1071 An-

1937 1105 2147 1162 dream
2176 1105 2420 1162 dixisse:
2462 1107 2565 1162 Est
2609 1106 2895 1175 puerulus
2946 1106 3036 1162 hic
3070 1121 3243 1172 unus,
3289 1107 3387 1176 qui
3426 1106 3600 1162 habet

1937 1195 2192 1266 quinque
2220 1211 2406 1264 panes
2443 1196 2792 1253 hordeaceos
2833 1201 2886 1252 et
2920 1195 3064 1250 duos
3085 1194 3291 1265 pisces,
3327 1195 3430 1251 sed
3474 1194 3599 1250 haec

1936 1285 2079 1355 quid
2107 1291 2240 1340 sunt
2266 1288 2425 1342 inter
2451 1291 2569 1341 tam
2594 1285 2808 1340 multos
2831 1289 2867 1321 α
2888 1282 2917 1337 ?
2940 1283 3154 1339 Procul
3184 1281 3372 1338 dubio
3395 1288 3596 1339 autem

1933 1374 2222 1445 puerulus
2242 1374 2335 1429 ille
2352 1373 2659 1445 discipulis
2680 1374 2808 1429 haec
2841 1371 3160 1440 vendebat,
3194 1371 3450 1445 ideoque
3473 1378 3598 1428 tan-

1934 1478 2122 1535 quam
2142 1463 2250 1519 illa
2271 1464 2397 1534 jam
2416 1463 2725 1530 habentes,
2744 1460 3187 1533 responderunt
3209 1478 3269 1515 se
3293 1461 3458 1516 aliud
3477 1477 3593 1517 non

1935 1551 2154 1608 habere
2212 1557 2422 1623 praeter
2491 1553 2617 1607 haec
2681 1555 2934 1608 tantum.
2999 1554 3081 1605 Ita
3139 1550 3428 1621 neglectui
3484 1550 3596 1605 illis

1933 1646 2102 1696 erant
2126 1642 2458 1713 corporalia
2482 1642 2629 1696 dum
2652 1639 2955 1696 mordicus
2981 1638 3390 1709 spiritualibus
3416 1639 3597 1695 inhae-

1933 1735 2129 1785 rerent
2162 1747 2174 1795 ;
2198 1730 2521 1786 duodecun
2544 1729 2725 1794 enim,
2756 1728 2896 1783 solis
2916 1727 3183 1799 quinque
3207 1728 3467 1799 panibus
3495 1730 3594 1785 iis-

1933 1834 2045 1891 que
2070 1819 2417 1875 hordeaceis
2444 1819 2687 1876 cibandi
2716 1824 2905 1875 erant.

2006 1927 2167 1981 Vers.
2228 1928 2314 1982 18.
2373 1928 2505 1996 Ipse
2560 1932 2749 1984 autem
2804 1963 2871 1969 —
2926 1930 3054 1987 huc.
3112 1931 3296 1986 Jussit
3345 1927 3593 2001 quidem

1933 2031 2120 2087 panes
2138 2032 2206 2071 ac
2223 2016 2412 2088 pisces
2426 2016 2641 2084 afferri,
2662 2017 2885 2073 docens
2902 2020 3068 2092 quod
3086 2021 3265 2075 etiam
3284 2018 3382 2074 illa
3402 2031 3595 2089 pauca

1930 2110 2198 2177 oporteat
2238 2105 2503 2178 praebere
2541 2107 2973 2177 indigentibus,
3025 2125 3246 2182 eosque
3278 2107 3395 2163 sibi
3445 2106 3594 2179 ipsis

1929 2210 2301 2268 praeponere.
2331 2194 2415 2251 Illi
2442 2210 2578 2252 vero
2598 2212 2952 2269 quanquam
2978 2198 3245 2254 similiter
3268 2197 3427 2252 fame
3465 2210 3594 2251 cru-

1930 2285 2085 2350 ciati,
2132 2285 2278 2340 nihil
2321 2284 2489 2341 aliud
2525 2284 2835 2351 haberent,
2869 2287 2995 2343 sine
3028 2287 3149 2345 ulla
3195 2292 3397 2343 tamen
3445 2300 3595 2341 con-

1931 2372 2282 2431 tradictione
2313 2373 2624 2430 obediunt.

2001 2482 2164 2537 Vers.
2208 2481 2285 2535 [9.
2341 2482 2600 2553 Cumque
2615 2484 2881 2552 jussisset
2915 2513 2983 2526 —
3021 2483 3319 2553 gramina.
3360 2482 3592 2537 Marcus

1929 2576 2128 2627 autem
2183 2569 2331 2626 dixit
2374 2570 2540 2642 quod
2581 2571 2760 2641 jussit
2804 2578 2867 2627 ut
2910 2572 3290 2629 discumbere
3336 2571 3595 2628 facerent

1927 2676 2133 2715 omnes
2177 2659 2508 2715 distributis
2546 2660 2826 2717 conviviis
2858 2661 2915 2716 in
2959 2660 3135 2716 viridi
3170 2661 3440 2729 gramine
3473 2676 3485 2725 ;
3537 2664 3593 2715 et

1926 2748 2356 2805 discubuerunt
2384 2748 2683 2805 distributi
2716 2750 2773 2803 iu
2806 2750 3041 2806 areolas
3071 2750 3302 2806 centeni
3333 2754 3388 2806 et
3418 2749 3589 2822 quin-

1924 2840 2185 2911 quageni
2222 2839 2287 2892 ‘3.
2345 2838 2516 2903 Quod
2563 2842 2760 2894 autem
2812 2838 3043 2909 dicitur,
3096 2838 3423 2895 distributis
3463 2853 3592 2895 cogn-

1926 2928 2118 2998 viniis,
2172 2927 2233 2982 in
2285 2926 2479 2982 littera
2530 2926 2785 2982 habetur
2814 2932 3089 3000 συμπόσια
3122 2932 3417 3000 συμπόσια,
3479 2928 3591 2982 hoc

1926 3022 2013 3073 est
2055 3032 2161 3088 per
2208 3015 2521 3071 distributa
2569 3016 2885 3081 convivia;
2938 3018 3062 3072 sive
3115 3022 3176 3071 ut
3221 3016 3318 3072 hic
3369 3017 3439 3071 sit
3471 3030 3591 3071 una

1925 3105 2325 3177 congregatio,
2349 3104 2428 3159 ibi
2449 3104 2565 3160 alia
2582 3106 2985 3174 congregatio,
3010 3111 3065 3161 et
3101 3105 3242 3161 alibi
3262 3105 3337 3160 ali
3375 3109 3431 3160 et
3451 3104 3586 3162 alia.

1924 3196 2089 3251 Idem
2115 3210 2353 3267 quoque
2380 3192 2672 3262 signiﬁcat
2699 3194 2863 3266 quod
2886 3193 3126 3249 additur
3151 3211 3163 3250 :
3198 3192 3498 3249 Distributi
3528 3194 3589 3249 in

1925 3284 2175 3349 areolas,
2205 3282 2370 3356 quod
2401 3283 2592 3338 littera
2616 3282 2798 3338 habet
2827 3288 3052 3355 πρασιαὶ
3078 3288 3323 3357 πρασιαί,
3355 3282 3469 3338 hoc
3500 3286 3591 3338 est

1924 3391 2025 3447 per
2048 3373 2398 3429 distributas
2420 3371 2671 3429 areolas.
2702 3373 2898 3427 Potest
2918 3388 3156 3445 quoque
3183 3376 3239 3428 et
3266 3372 3382 3428 alio
3407 3372 3589 3427 modo

1924 3466 2043 3522 dici
2064 3462 2231 3535 quod
2256 3466 2532 3515 συμπόσια
2554 3460 2767 3517 fuerint
2788 3461 3286 3531 congregationes
3307 3461 3366 3516 in
3387 3459 3588 3516 circuli

204 3553 467 3623 speciem
509 3553 820 3618 ordinatae,
862 3558 1088 3628 πρασιαὶ
1128 3569 1269 3609 vero
1309 3553 1368 3608 in
1408 3552 1812 3625 quadranguli
1852 3555 2140 3630 speciem.
2192 3550 2547 3621 Hujusmodi
2590 3552 2749 3605 enim
2794 3555 2934 3607 sunt
2971 3550 3279 3606 hortorum
3337 3549 3579 3607 areolae.

200 3642 397 3696 Lucas
430 3656 569 3696 vero
603 3641 739 3697 talia
768 3643 997 3697 vocavit
1045 3643 1091 3675 “
1136 3640 1462 3696 discubitus
1503 3658 1537 3697 a
1568 3642 2021 3712 discumbendo,
2055 3642 2264 3701 κλισίας
2295 3640 2563 3696 videlicet
2593 3656 2629 3696 a
2660 3639 2922 3705 κλιθῆναι,
2957 3640 3017 3695 id
3050 3644 3138 3695 est
3168 3638 3444 3695 PBCIiDaI‘i
3476 3654 3587 3693 Sl10

202 3746 453 3802 quoque
479 3736 638 3786 certo
669 3729 899 3786 ordine.

276 3818 465 3872 Λαϐὼν
532 3850 602 3861 —
653 3819 951 3891 εὐλόγησεν.
1019 3818 1311 3889 Ἀνέϐλεψεν
1371 3818 1440 3881 εἰς
1507 3824 1593 3871 τὸν
1662 3821 1815 3895 οὐρα⁴

201 3914 309 3975 νὸν,
362 3918 523 3980 τιμῶν
575 3928 627 3960 τε
693 3913 779 3960 τὸν
824 3913 1048 3983 Πατέρα,
1116 3912 1206 3959 καὶ
1268 3904 1515 3960 δεικνύων
1576 3911 1655 3961 ὅτι
1722 3911 1813 3962 ούκ

204 4002 348 4050 ἔστιν
405 3996 655 4063 ἀντίθεος,
704 4003 792 4050 καὶ
836 3994 1109 4049 διδάσκων
1147 4001 1219 4068 μὴ
1267 4001 1513 4071 πρότερον
1559 3998 1815 4051 άπτεσθαι

202 4088 487 4161 τραπέζης,
558 4089 650 4147 ἕως
719 4088 779 4138 άν
854 4087 1325 4161 εὐχαριστήσωμεν
1400 4094 1472 4156 τῷ
1548 4092 1675 4157 Θεῷ,
1743 4096 1813 4159 τῷ

202 4184 430 4251 χορηγῷ
484 4186 574 4237 τῆς
627 4184 835 4249 τροφῆς,
892 4184 981 4227 καὶ
1034 4180 1127 4233 τὴν
1186 4176 1419 4246 εὐλογίαν
1478 4179 1669 4237 ταύτης
1722 4178 1814 4229 ού-

201 4268 419 4341 ρανοθεν
518 4264 829 4338 ἑλκύσωμεν.
920 4271 1328 4338 Θαυματουργεῖ
1401 4269 1594 4332 τοίνυν,
1694 4271 1817 4319 ποτε

202 4361 297 4429 μὲν
337 4355 451 4407 κατ’
502 4354 761 4419 ἐξουσίαν,
809 4356 877 4416 ὡς
923 4360 1072 4420 Θεὸς,
1117 4356 1241 4406 ποτε
1281 4350 1339 4406 δε
1375 4353 1670 4426 εὐχόμενος,
1724 4352 1818 4407 διὰ

204 4451 302 4507 τάς
348 4444 726 4519 προρρηθείσας
782 4446 967 4513 αἰτίας,
1030 4444 1114 4496 ἱνα
1175 4448 1247 4515 μὴ
1311 4440 1641 4516 σκανδαλίσῃ
1700 4448 1817 4505 τοὺς

202 4537 484 4609 πονηρούς.

280 4628 384 4677 Καὶ
437 4654 503 4664 —
553 4622 753 4694 ὄχλοις.
814 4618 1012 4675 Ἔδωκε
1064 4629 1168 4682 τοῖς
1219 4624 1480 4694 μαθηταῖς
1524 4630 1677 4675 τούτο
1724 4627 1813 4694 μὲν

202 4721 369 4785 τιμῶν
424 4712 634 4776 αύτούς,
713 4714 781 4773 ὡς
848 4711 1207 4785 οἰκειοτέρους,
1264 4718 1413 4763 τούτο
1468 4707 1527 4763 δε
1589 4718 1678 4763 καὶ
1734 4714 1816 4763 ἱνα

202 4807 277 4874 μὴ
337 4801 679 4854 ἐπιλάθωνται
722 4808 811 4854 τοῦ
863 4802 1145 4873 θαύματος,
1195 4800 1266 4862 εἰς
1315 4801 1341 4852 ὃ
1390 4796 1716 4859 διηκόνησαν
1761 4804 1815 4853 αἱ

202 4898 380 4964 χεῖρες
410 4890 578 4943 αὐτῶν
592 4933 605 4945 .

278 4986 381 5032 Καὶ
436 5010 502 5020 -—
561 4979 983 5054 ἐχορτάσθησαν.
1052 4980 1329 5052 Χορτάσας
1387 4979 1578 5040 αὐτοὺς
1638 4983 1819 5053 πρότε-

198 5091 294 5144 ρον
340 5078 695 5142 πνευματικῆς
745 5070 859 5142 (64)
906 5077 1119 5142 τροφῆς,
1167 5068 1215 5119 ἐν
1270 5076 1343 5139 τῷ
1403 5064 1700 5133 διδάσκειν,
1755 5071 1819 5128 ὡς

201 5164 432 5234 εἰρηται,
498 5165 587 5211 καὶ
642 5158 811 5211 λαλεῖν
868 5164 986 5232 περὶ
1042 5166 1137 5219 τῆς
1192 5157 1464 5230 βασιλείας
1513 5167 1604 5211 τού
1660 5164 1815 5222 Θεοῦ,

282 5313 329 5346 ⁸³
358 5312 529 5369 Joan.
563 5329 635 5382 γι,
673 5316 723 5367 5-
754 5317 805 5365 '7.
841 5312 886 5345 ⁸³
918 5310 1096 5366 Marc.
1128 5325 1206 5378 Vl,
1238 5309 1327 5365 39.
1363 5310 1410 5344 “
1444 5310 1581 5364 Luc.
1613 5325 1692 5372 1x,
1730 5309 1814 5363 14.

1999 3825 2155 3877 Vers.
2222 3820 2301 3874 t9.
2360 3818 2625 3889 Acceptis
2678 3849 2747 3858 —
2806 3818 3124 3875 benedixit.
3185 3817 3463 3890 Suspein
3527 3818 3589 3873 in

1923 3912 2134 3967 caelum
2180 3910 2408 3963 Patrem
2453 3907 2780 3976 honorans,
2826 3924 2895 3963 ac
2938 3908 3258 3962 ostendens
3305 3910 3422 3963 Deo
3465 3922 3587 3963 non

1923 4016 2055 4055 esse
2127 3996 2508 4054 contrarium.
2579 3997 2861 4052 Praaterea
2927 3996 3152 4051 docens
3232 4012 3354 4052 non
3425 3996 3590 4067 prius

1926 4104 2199 4145 mensam
2249 4102 2379 4141 esse
2427 4085 2860 4155 attingendam,
2912 4085 3105 4141 donec
3174 4086 3294 4141 Deo
3360 4084 3590 4155 gratias

1926 4193 2204 4248 agamus,
2237 4175 2341 4246 qui
2372 4173 2545 4230 nobis
2576 4172 2928 4228 alimentum
2960 4172 3378 4244 suppeditavit,
3429 4173 3587 4243 ejus-

1925 4283 2039 4337 que
2092 4263 2565 4320 benedictionem
2605 4262 2835 4318 caalitus
2886 4261 3220 4317 trahemus.
3286 4260 3589 4316 Interdum

1926 4372 2066 4424 ergo
2081 4354 2251 4426 quasi
2276 4356 2428 4407 Deus
2450 4352 2691 4423 propria
2708 4351 3056 4407 auctoritate
3073 4349 3429 4405 miraculum
3453 4365 3591 4420 ope-

1926 4449 2133 4499 ratur:
2180 4441 2549 4514 qziandoque
2595 4456 2727 4496 vero
2772 4441 3125 4512 deprecatur
3155 4439 3233 4494 ob
3278 4438 3590 4510 praedictas

1926 4549 2160 4597 causas,
2191 4546 2263 4586 ne
2293 4529 2481 4585 malos
2511 4527 2796 4585 offendat.

2000 4623 2162 4677 Vers.
2235 4621 2315 4675 19.
2371 4621 2449 4674 Et
2497 4650 2564 4658 —
2618 4620 2823 4674 turbis.
2884 4618 3051 4674 Dedit
3104 4616 3404 4689 discipulis
3461 4620 3591 4673 tum

1925 4710 2091 4782 quasi
2125 4710 2315 4780 magis
2340 4707 2752 4773 familiaribus,
2790 4713 2913 4763 tum
2936 4708 3117 4763 etiam
3146 4723 3221 4762 ne
3248 4723 3353 4763 eos
3383 4706 3591 4763 lateret

1928 4799 2307 4863 miraculum,
2343 4797 2422 4853 ad
2450 4797 2616 4869 quod
2640 4796 2763 4852 suis
2790 4796 3073 4852 manibus
3102 4796 3593 4852 subministrave-

1926 4895 2078 4945 rant.

1998 4978 2158 5032 Vers.
2210 4979 2296 5031 20.
2351 4977 2424 5031 Et
2473 5006 2544 5017 -—
2590 4975 2847 5032 saturati
2894 4980 3053 5030 sunt.
3113 4974 3219 5042 Qui
3273 4974 3437 5046 prius
3486 4989 3592 5030 eos

1927 5066 2212 5138 spirituali
2238 5066 2519 5121 alimento
2543 5069 2931 5127 saturaverat,
2951 5064 3249 5127 docendo,
3281 5067 3341 5117 ut
3365 5063 3592 5117 dictum

1926 5162 2032 5221 est,
2091 5160 2149 5211 et
2206 5154 2508 5226 loquendo
2566 5154 2640 5210 de
2705 5169 2893 5224 regno
2952 5152 3075 5218 Dei,
3134 5166 3290 5206 nunc
3347 5165 3592 5222 quoque

1449 5433 1673 5501 Variae
1703 5432 2030 5501 lectiones
2056 5442 2341 5499 etnotae.

202 5680 213 5690 .
270 5608 401 5735 ἓϐἓ)⁸
444 5607 814 5665 ’Δνακλιθῆναι
843 5620 916 5660 ex
963 5604 1239 5661 Mattheeo
1272 5602 1617 5731 assumpsit.
1672 5605 1820 5659 Nam

202 5695 262 5735 in
294 5696 359 5735 ra
386 5695 448 5735 1n
478 5683 761 5735 contextu
793 5681 1040 5735 uteruue
1067 5675 1378 5735 vulgatum
1403 5675 1483 5732 ha
1530 5679 1605 5730 et.

197 5675 448 5736 intra'in
478 5683 761 5737 contextu
793 5681 1040 5748 uterque
1067 5675 1378 5745 vulgatum
1403 5675 1605 5732 habet.

2005 5602 2114 5671 (63)
2142 5608 2321 5654 Ταῦτα
2354 5617 2460 5672 pro
2491 5603 2555 5653 τά
2586 5608 2822 5653 τοιαύτά.
2858 5602 2922 5653 Α.

2004 5673 2117 5744 (64)
2149 5672 2245 5729 Sic
2279 5671 2450 5729 Marc.
2480 5687 2600 5739 thl,
2633 5676 2666 5727 4
2698 5688 2709 5726 :
2744 5674 3013 5744 χορτάσαι
3042 5671 3231 5742 άρτων.
