  <div class='ocr_page' id='page_1' title='image "/cluster/home/n/w/nwhite01/storage/ocr_20150623/129/coo.31924054870344/227.png"; bbox 0 0 4108 6390; ppageno 0'>
   <div class='ocr_carea' id='block_1_1' title="bbox 527 319 631 373">
    <p class='ocr_par' dir='ltr' id='par_1_1' title="bbox 527 319 631 373">
     <span class='ocr_line' id='line_1_1' title="bbox 527 319 631 373; baseline -0.01 0"><span class='ocrx_word' id='word_1_1' title='bbox 527 319 631 373; x_wconf 74' lang='grc'>435</span> 
     </span>
    </p>
   </div>
   <div class='ocr_carea' id='block_1_2' title="bbox 529 440 1373 513">
    <p class='ocr_par' dir='ltr' id='par_1_2' title="bbox 529 440 1373 513">
     <span class='ocr_line' id='line_1_2' title="bbox 529 440 1373 513; baseline -0.002 -15"><span class='ocrx_word' id='word_1_2' title='bbox 529 444 708 501; x_wconf 79' lang='lat' dir='ltr'>satiat</span> <span class='ocrx_word' id='word_1_3' title='bbox 753 442 883 497; x_wconf 89' lang='lat' dir='ltr'>illos</span> <span class='ocrx_word' id='word_1_4' title='bbox 911 444 966 497; x_wconf 89' lang='lat' dir='ltr'>et</span> <span class='ocrx_word' id='word_1_5' title='bbox 1018 440 1312 513; x_wconf 85' lang='lat' dir='ltr'>corporali</span> <span class='ocrx_word' id='word_1_6' title='bbox 1359 457 1373 496; x_wconf 87' lang='lat'><strong>:</strong></span> 
     </span>
    </p>
   </div>
   <div class='ocr_carea' id='block_1_3' title="bbox 527 526 2183 600">
    <p class='ocr_par' dir='ltr' id='par_1_3' title="bbox 527 526 2183 600">
     <span class='ocr_line' id='line_1_3' title="bbox 527 526 2183 600; baseline -0.006 -11"><span class='ocrx_word' id='word_1_7' title='bbox 527 535 705 589; x_wconf 90' lang='lat' dir='ltr'>etiam</span> <span class='ocrx_word' id='word_1_8' title='bbox 741 533 929 587; x_wconf 88' lang='lat' dir='ltr'>multa</span> <span class='ocrx_word' id='word_1_9' title='bbox 958 532 1131 586; x_wconf 84' lang='lat' dir='ltr'>docet</span> <span class='ocrx_word' id='word_1_10' title='bbox 1160 546 1279 586; x_wconf 91' lang='lat' dir='ltr'>eos.</span> <span class='ocrx_word' id='word_1_11' title='bbox 1312 529 1401 585; x_wconf 85' lang='lat' dir='ltr'>Ab</span> <span class='ocrx_word' id='word_1_12' title='bbox 1432 528 1705 586; x_wconf 87' lang='lat' dir='ltr'>accubitu</span> <span class='ocrx_word' id='word_1_13' title='bbox 1734 526 1981 600; x_wconf 88' lang='lat' dir='ltr'>quidem</span> <span class='ocrx_word' id='word_1_14' title='bbox 2009 539 2183 597; x_wconf 88' lang='lat' dir='ltr'>super</span> 
     </span>
    </p>
   </div>
   <div class='ocr_carea' id='block_1_4' title="bbox 528 615 2185 694">
    <p class='ocr_par' dir='ltr' id='par_1_4' title="bbox 528 615 2185 694">
     <span class='ocr_line' id='line_1_4' title="bbox 528 615 2185 694; baseline -0.006 -15"><span class='ocrx_word' id='word_1_15' title='bbox 528 638 797 694; x_wconf 89' lang='lat' dir='ltr'>gramen,</span> <span class='ocrx_word' id='word_1_16' title='bbox 826 622 1008 676; x_wconf 88' lang='lat' dir='ltr'>animi</span> <span class='ocrx_word' id='word_1_17' title='bbox 1032 620 1401 677; x_wconf 84' lang='lat' dir='ltr'>modestiam.</span> <span class='ocrx_word' id='word_1_18' title='bbox 1424 619 1508 675; x_wconf 83' lang='lat' dir='ltr'>Ab</span> <span class='ocrx_word' id='word_1_19' title='bbox 1534 634 1604 674; x_wconf 91' lang='lat' dir='ltr'>eo</span> <span class='ocrx_word' id='word_1_20' title='bbox 1622 616 1786 690; x_wconf 90' lang='lat' dir='ltr'>quod</span> <span class='ocrx_word' id='word_1_21' title='bbox 1808 615 1954 671; x_wconf 90' lang='lat' dir='ltr'>nihil</span> <span class='ocrx_word' id='word_1_22' title='bbox 1972 618 2185 687; x_wconf 73' lang='lat' dir='ltr'>praeter</span> 
     </span>
    </p>
   </div>
   <div class='ocr_carea' id='block_1_5' title="bbox 526 704 2185 785">
    <p class='ocr_par' dir='ltr' id='par_1_5' title="bbox 526 704 2185 785">
     <span class='ocr_line' id='line_1_5' title="bbox 526 704 2185 785; baseline -0.006 -16"><span class='ocrx_word' id='word_1_23' title='bbox 526 729 715 785; x_wconf 90' lang='lat' dir='ltr'>panes</span> <span class='ocrx_word' id='word_1_24' title='bbox 766 717 821 766; x_wconf 91' lang='lat' dir='ltr'>et</span> <span class='ocrx_word' id='word_1_25' title='bbox 851 712 1047 783; x_wconf 85' lang='lat' dir='ltr'>pisces</span> <span class='ocrx_word' id='word_1_26' title='bbox 1097 710 1401 781; x_wconf 74' lang='lat' dir='ltr'>praeberet,</span> <span class='ocrx_word' id='word_1_27' title='bbox 1453 707 1927 779; x_wconf 83' lang='lat' dir='ltr'>temperantiam.</span> <span class='ocrx_word' id='word_1_28' title='bbox 1981 704 2070 760; x_wconf 86' lang='lat' dir='ltr'>Ab</span> <span class='ocrx_word' id='word_1_29' title='bbox 2114 719 2185 760; x_wconf 90' lang='lat' dir='ltr'>eo</span> 
     </span>
    </p>
   </div>
   <div class='ocr_carea' id='block_1_6' title="bbox 526 793 2181 874">
    <p class='ocr_par' dir='ltr' id='par_1_6' title="bbox 526 793 2181 874">
     <span class='ocr_line' id='line_1_6' title="bbox 526 793 2181 874; baseline -0.005 -17"><span class='ocrx_word' id='word_1_30' title='bbox 526 817 668 858; x_wconf 88' lang='lat' dir='ltr'>vero</span> <span class='ocrx_word' id='word_1_31' title='bbox 743 801 907 874; x_wconf 91' lang='lat' dir='ltr'>quod</span> <span class='ocrx_word' id='word_1_32' title='bbox 987 800 1268 856; x_wconf 90' lang='lat' dir='ltr'>omnibus</span> <span class='ocrx_word' id='word_1_33' title='bbox 1343 798 1471 871; x_wconf 89' lang='lat' dir='ltr'>pari</span> <span class='ocrx_word' id='word_1_34' title='bbox 1526 797 1711 854; x_wconf 88' lang='lat' dir='ltr'>modo</span> <span class='ocrx_word' id='word_1_35' title='bbox 1782 793 2181 861; x_wconf 87' lang='lat' dir='ltr'>distribueret,</span> 
     </span>
    </p>
   </div>
   <div class='ocr_carea' id='block_1_7' title="bbox 526 891 877 965">
    <p class='ocr_par' dir='ltr' id='par_1_7' title="bbox 526 891 877 965">
     <span class='ocr_line' id='line_1_7' title="bbox 526 891 877 965; baseline -0.011 -16"><span class='ocrx_word' id='word_1_36' title='bbox 526 891 877 965; x_wconf 88' lang='lat' dir='ltr'>aquitatem.</span> 
     </span>
    </p>
   </div>
   <div class='ocr_carea' id='block_1_8' title="bbox 596 995 2185 1067">
    <p class='ocr_par' dir='ltr' id='par_1_8' title="bbox 596 995 2185 1067">
     <span class='ocr_line' id='line_1_8' title="bbox 596 995 2185 1067; baseline -0.003 -15"><span class='ocrx_word' id='word_1_37' title='bbox 596 1001 768 1057; x_wconf 85' lang='lat' dir='ltr'>Vers.</span> <span class='ocrx_word' id='word_1_38' title='bbox 806 1002 895 1054; x_wconf 87' lang='grc'>20.</span> <span class='ocrx_word' id='word_1_39' title='bbox 936 999 1019 1053; x_wconf 77' lang='lat' dir='ltr'>Et</span> <span class='ocrx_word' id='word_1_40' title='bbox 1055 1029 1119 1037; x_wconf 95' lang='lat'><strong><em>—</em></strong></span> <span class='ocrx_word' id='word_1_41' title='bbox 1152 996 1451 1067; x_wconf 83' lang='lat' dir='ltr'>cophinos.</span> <span class='ocrx_word' id='word_1_42' title='bbox 1493 995 1767 1067; x_wconf 89' lang='lat' dir='ltr'>Quinque</span> <span class='ocrx_word' id='word_1_43' title='bbox 1804 1008 1996 1067; x_wconf 91' lang='lat' dir='ltr'>panes</span> <span class='ocrx_word' id='word_1_44' title='bbox 2026 1006 2185 1065; x_wconf 87' lang='lat' dir='ltr'>quos</span> 
     </span>
    </p>
   </div>
   <div class='ocr_carea' id='block_1_9' title="bbox 527 1083 2184 1158">
    <p class='ocr_par' dir='ltr' id='par_1_9' title="bbox 527 1083 2184 1158">
     <span class='ocr_line' id='line_1_9' title="bbox 527 1083 2184 1158; baseline -0.004 -13"><span class='ocrx_word' id='word_1_45' title='bbox 527 1090 783 1158; x_wconf 80' lang='lat' dir='ltr'>fregerat</span> <span class='ocrx_word' id='word_1_46' title='bbox 821 1088 983 1143; x_wconf 93' lang='lat' dir='ltr'>dedit</span> <span class='ocrx_word' id='word_1_47' title='bbox 1036 1104 1048 1139; x_wconf 93' lang='lat'><strong>:</strong></span> <span class='ocrx_word' id='word_1_48' title='bbox 1093 1086 1311 1142; x_wconf 85' lang='lat' dir='ltr'>horum</span> <span class='ocrx_word' id='word_1_49' title='bbox 1350 1089 1549 1141; x_wconf 89' lang='lat' dir='ltr'>autem</span> <span class='ocrx_word' id='word_1_50' title='bbox 1587 1083 1925 1154; x_wconf 85' lang='lat' dir='ltr'>fragmenta</span> <span class='ocrx_word' id='word_1_51' title='bbox 1960 1083 2023 1139; x_wconf 91' lang='lat' dir='ltr'>in</span> <span class='ocrx_word' id='word_1_52' title='bbox 2058 1098 2184 1139; x_wconf 88' lang='lat' dir='ltr'>ma-</span> 
     </span>
    </p>
   </div>
   <div class='ocr_carea' id='block_1_10' title="bbox 525 1172 2174 1250">
    <p class='ocr_par' dir='ltr' id='par_1_10' title="bbox 525 1172 2174 1250">
     <span class='ocr_line' id='line_1_10' title="bbox 525 1172 2174 1250; baseline -0.004 -15"><span class='ocrx_word' id='word_1_53' title='bbox 525 1179 705 1235; x_wconf 91' lang='lat' dir='ltr'>nibus</span> <span class='ocrx_word' id='word_1_54' title='bbox 740 1177 1173 1250; x_wconf 90' lang='lat' dir='ltr'>discipulorum</span> <span class='ocrx_word' id='word_1_55' title='bbox 1205 1192 1365 1232; x_wconf 91' lang='lat' dir='ltr'>novo</span> <span class='ocrx_word' id='word_1_56' title='bbox 1396 1174 1687 1231; x_wconf 89' lang='lat' dir='ltr'>miraculo</span> <span class='ocrx_word' id='word_1_57' title='bbox 1717 1172 2174 1245; x_wconf 90' lang='lat' dir='ltr'>multiplicabat.</span> 
     </span>
    </p>
   </div>
   <div class='ocr_carea' id='block_1_11' title="bbox 526 1262 2184 1339">
    <p class='ocr_par' dir='ltr' id='par_1_11' title="bbox 526 1262 2184 1339">
     <span class='ocr_line' id='line_1_11' title="bbox 526 1262 2184 1339; baseline -0.004 -15"><span class='ocrx_word' id='word_1_58' title='bbox 526 1272 727 1339; x_wconf 87' lang='lat' dir='ltr'>Neque</span> <span class='ocrx_word' id='word_1_59' title='bbox 767 1266 925 1322; x_wconf 90' lang='lat' dir='ltr'>enim</span> <span class='ocrx_word' id='word_1_60' title='bbox 960 1266 1156 1322; x_wconf 90' lang='lat' dir='ltr'>solum</span> <span class='ocrx_word' id='word_1_61' title='bbox 1198 1266 1437 1320; x_wconf 83' lang='lat' dir='ltr'>fuerunt</span> <span class='ocrx_word' id='word_1_62' title='bbox 1475 1264 1617 1320; x_wconf 83' lang='lat' dir='ltr'>satis</span> <span class='ocrx_word' id='word_1_63' title='bbox 1651 1264 1842 1319; x_wconf 91' lang='lat' dir='ltr'>donec</span> <span class='ocrx_word' id='word_1_64' title='bbox 1873 1262 2184 1319; x_wconf 86' lang='lat' dir='ltr'>satiaretur</span> 
     </span>
    </p>
   </div>
   <div class='ocr_carea' id='block_1_12' title="bbox 525 1354 2180 1429">
    <p class='ocr_par' dir='ltr' id='par_1_12' title="bbox 525 1354 2180 1429">
     <span class='ocr_line' id='line_1_12' title="bbox 525 1354 2180 1429; baseline -0.003 -17"><span class='ocrx_word' id='word_1_65' title='bbox 525 1357 805 1429; x_wconf 88' lang='lat' dir='ltr'>populus,</span> <span class='ocrx_word' id='word_1_66' title='bbox 842 1356 943 1411; x_wconf 90' lang='lat' dir='ltr'>sed</span> <span class='ocrx_word' id='word_1_67' title='bbox 971 1360 1025 1411; x_wconf 89' lang='lat' dir='ltr'>et</span> <span class='ocrx_word' id='word_1_68' title='bbox 1049 1354 1543 1410; x_wconf 76' lang='lat' dir='ltr'>diffundebantur</span> <span class='ocrx_word' id='word_1_69' title='bbox 1572 1354 1763 1409; x_wconf 89' lang='lat' dir='ltr'>donec</span> <span class='ocrx_word' id='word_1_70' title='bbox 1803 1355 2139 1424; x_wconf 87' lang='lat' dir='ltr'>superesset</span> <span class='ocrx_word' id='word_1_71' title='bbox 2166 1367 2180 1419; x_wconf 89' lang='lat'><strong>;</strong></span> 
     </span>
    </p>
   </div>
   <div class='ocr_carea' id='block_1_13' title="bbox 526 1442 2180 1518">
    <p class='ocr_par' dir='ltr' id='par_1_13' title="bbox 526 1442 2180 1518">
     <span class='ocr_line' id='line_1_13' title="bbox 526 1442 2180 1518; baseline -0.002 -18"><span class='ocrx_word' id='word_1_72' title='bbox 526 1452 877 1518; x_wconf 83' lang='lat' dir='ltr'>superesset,</span> <span class='ocrx_word' id='word_1_73' title='bbox 907 1446 1182 1517; x_wconf 87' lang='lat' dir='ltr'>inquam,</span> <span class='ocrx_word' id='word_1_74' title='bbox 1202 1445 1277 1501; x_wconf 93' lang='lat' dir='ltr'>ad</span> <span class='ocrx_word' id='word_1_75' title='bbox 1303 1444 1621 1499; x_wconf 90' lang='lat' dir='ltr'>duodecim</span> <span class='ocrx_word' id='word_1_76' title='bbox 1639 1443 1850 1515; x_wconf 91' lang='lat' dir='ltr'>plenos</span> <span class='ocrx_word' id='word_1_77' title='bbox 1868 1442 2180 1513; x_wconf 90' lang='lat' dir='ltr'>cophinos,</span> 
     </span>
    </p>
   </div>
   <div class='ocr_carea' id='block_1_14' title="bbox 528 1531 2181 1605">
    <p class='ocr_par' dir='ltr' id='par_1_14' title="bbox 528 1531 2181 1605">
     <span class='ocr_line' id='line_1_14' title="bbox 528 1531 2181 1605; baseline -0.001 -16"><span class='ocrx_word' id='word_1_78' title='bbox 528 1540 591 1589; x_wconf 87' lang='lat' dir='ltr'>ut</span> <span class='ocrx_word' id='word_1_79' title='bbox 638 1535 815 1591; x_wconf 89' lang='lat' dir='ltr'>etiam</span> <span class='ocrx_word' id='word_1_80' title='bbox 860 1534 1179 1590; x_wconf 87' lang='lat' dir='ltr'>duodecim</span> <span class='ocrx_word' id='word_1_81' title='bbox 1227 1533 1481 1605; x_wconf 78' lang='lat' dir='ltr'>apostoli</span> <span class='ocrx_word' id='word_1_82' title='bbox 1528 1548 1668 1587; x_wconf 90' lang='lat' dir='ltr'>suos</span> <span class='ocrx_word' id='word_1_83' title='bbox 1714 1531 2043 1603; x_wconf 86' lang='lat' dir='ltr'>perferrent</span> <span class='ocrx_word' id='word_1_84' title='bbox 2088 1546 2181 1587; x_wconf 93' lang='lat' dir='ltr'>co-</span> 
     </span>
    </p>
   </div>
   <div class='ocr_carea' id='block_1_15' title="bbox 524 1620 2185 1695">
    <p class='ocr_par' dir='ltr' id='par_1_15' title="bbox 524 1620 2185 1695">
     <span class='ocr_line' id='line_1_15' title="bbox 524 1620 2185 1695; baseline -0.002 -16"><span class='ocrx_word' id='word_1_85' title='bbox 524 1624 766 1695; x_wconf 91' lang='lat' dir='ltr'>phinos,</span> <span class='ocrx_word' id='word_1_86' title='bbox 813 1628 868 1679; x_wconf 88' lang='lat' dir='ltr'>et</span> <span class='ocrx_word' id='word_1_87' title='bbox 903 1624 1055 1679; x_wconf 88' lang='lat' dir='ltr'>sicut</span> <span class='ocrx_word' id='word_1_88' title='bbox 1098 1638 1314 1678; x_wconf 89' lang='lat' dir='ltr'>manus</span> <span class='ocrx_word' id='word_1_89' title='bbox 1355 1622 1436 1678; x_wconf 91' lang='lat' dir='ltr'>ita</span> <span class='ocrx_word' id='word_1_90' title='bbox 1473 1626 1529 1677; x_wconf 88' lang='lat' dir='ltr'>et</span> <span class='ocrx_word' id='word_1_91' title='bbox 1568 1622 1852 1676; x_wconf 90' lang='lat' dir='ltr'>humeros</span> <span class='ocrx_word' id='word_1_92' title='bbox 1895 1620 2185 1676; x_wconf 89' lang='lat' dir='ltr'>haberent</span> 
     </span>
    </p>
   </div>
   <div class='ocr_carea' id='block_1_16' title="bbox 527 1709 2182 1781">
    <p class='ocr_par' dir='ltr' id='par_1_16' title="bbox 527 1709 2182 1781">
     <span class='ocr_line' id='line_1_16' title="bbox 527 1709 2182 1781; baseline -0.003 -13"><span class='ocrx_word' id='word_1_93' title='bbox 527 1713 831 1769; x_wconf 88' lang='lat' dir='ltr'>ministros</span> <span class='ocrx_word' id='word_1_94' title='bbox 881 1728 949 1768; x_wconf 88' lang='lat' dir='ltr'>ac</span> <span class='ocrx_word' id='word_1_95' title='bbox 994 1716 1169 1767; x_wconf 88' lang='lat' dir='ltr'>testes</span> <span class='ocrx_word' id='word_1_96' title='bbox 1227 1709 1571 1781; x_wconf 89' lang='lat' dir='ltr'>hujusmodi</span> <span class='ocrx_word' id='word_1_97' title='bbox 1613 1709 1903 1765; x_wconf 89' lang='lat' dir='ltr'>miraculi.</span> <span class='ocrx_word' id='word_1_98' title='bbox 1955 1711 2182 1765; x_wconf 86' lang='lat' dir='ltr'>Marcus</span> 
     </span>
    </p>
   </div>
   <div class='ocr_carea' id='block_1_17' title="bbox 524 1798 2184 1873">
    <p class='ocr_par' dir='ltr' id='par_1_17' title="bbox 524 1798 2184 1873">
     <span class='ocr_line' id='line_1_17' title="bbox 524 1798 2184 1873; baseline 0 -18"><span class='ocrx_word' id='word_1_99' title='bbox 524 1803 663 1857; x_wconf 84' lang='lat' dir='ltr'>véro</span> <span class='ocrx_word' id='word_1_100' title='bbox 715 1801 861 1857; x_wconf 80' lang='lat' dir='ltr'>dixit</span> <span class='ocrx_word' id='word_1_101' title='bbox 912 1803 982 1867; x_wconf 67' lang='lat'>‘5,</span> <span class='ocrx_word' id='word_1_102' title='bbox 1034 1800 1199 1873; x_wconf 93' lang='lat' dir='ltr'>quod</span> <span class='ocrx_word' id='word_1_103' title='bbox 1253 1800 1401 1855; x_wconf 89' lang='lat' dir='ltr'>duos</span> <span class='ocrx_word' id='word_1_104' title='bbox 1457 1815 1697 1872; x_wconf 84' lang='lat' dir='ltr'>quoque</span> <span class='ocrx_word' id='word_1_105' title='bbox 1744 1798 1938 1871; x_wconf 91' lang='lat' dir='ltr'>pisces</span> <span class='ocrx_word' id='word_1_106' title='bbox 1985 1799 2184 1855; x_wconf 86' lang='lat' dir='ltr'>divisit</span> 
     </span>
    </p>
   </div>
   <div class='ocr_carea' id='block_1_18' title="bbox 524 1888 2181 1962">
    <p class='ocr_par' dir='ltr' id='par_1_18' title="bbox 524 1888 2181 1962">
     <span class='ocr_line' id='line_1_18' title="bbox 524 1888 2181 1962; baseline -0.002 -16"><span class='ocrx_word' id='word_1_107' title='bbox 524 1891 629 1961; x_wconf 88' lang='lat' dir='ltr'>eis,</span> <span class='ocrx_word' id='word_1_108' title='bbox 697 1895 754 1947; x_wconf 90' lang='lat' dir='ltr'>et</span> <span class='ocrx_word' id='word_1_109' title='bbox 814 1890 974 1962; x_wconf 89' lang='lat' dir='ltr'>quod</span> <span class='ocrx_word' id='word_1_110' title='bbox 1045 1890 1223 1946; x_wconf 90' lang='lat' dir='ltr'>etiam</span> <span class='ocrx_word' id='word_1_111' title='bbox 1291 1889 1363 1945; x_wconf 93' lang='lat' dir='ltr'>ab</span> <span class='ocrx_word' id='word_1_112' title='bbox 1433 1888 1546 1944; x_wconf 90' lang='lat' dir='ltr'>illis</span> <span class='ocrx_word' id='word_1_113' title='bbox 1613 1889 1976 1945; x_wconf 88' lang='lat' dir='ltr'>sustulerunt</span> <span class='ocrx_word' id='word_1_114' title='bbox 2046 1904 2181 1961; x_wconf 70' lang='lat' dir='ltr'>quae</span> 
     </span>
    </p>
   </div>
   <div class='ocr_carea' id='block_1_19' title="bbox 524 1980 965 2053">
    <p class='ocr_par' dir='ltr' id='par_1_19' title="bbox 524 1980 965 2053">
     <span class='ocr_line' id='line_1_19' title="bbox 524 1980 965 2053; baseline 0 -17"><span class='ocrx_word' id='word_1_115' title='bbox 524 1980 965 2053; x_wconf 87' lang='lat' dir='ltr'>superfuerant.</span> 
     </span>
    </p>
   </div>
   <div class='ocr_carea' id='block_1_20' title="bbox 595 2088 2183 2157">
    <p class='ocr_par' dir='ltr' id='par_1_20' title="bbox 595 2088 2183 2157">
     <span class='ocr_line' id='line_1_20' title="bbox 595 2088 2183 2157; baseline 0.001 -16"><span class='ocrx_word' id='word_1_116' title='bbox 595 2090 756 2142; x_wconf 74' lang='grc' dir='ltr'>νει-ε.</span> <span class='ocrx_word' id='word_1_117' title='bbox 798 2089 885 2142; x_wconf 84' lang='lat'>2|.</span> <span class='ocrx_word' id='word_1_118' title='bbox 923 2088 1032 2155; x_wconf 79' lang='lat' dir='ltr'>Qui</span> <span class='ocrx_word' id='word_1_119' title='bbox 1066 2094 1256 2143; x_wconf 79' lang='lat' dir='ltr'>autem</span> <span class='ocrx_word' id='word_1_120' title='bbox 1291 2117 1357 2126; x_wconf 98' lang='lat'>—</span> <span class='ocrx_word' id='word_1_121' title='bbox 1392 2101 1623 2157; x_wconf 79' lang='lat' dir='ltr'>pueros.</span> <span class='ocrx_word' id='word_1_122' title='bbox 1656 2089 1775 2142; x_wconf 86' lang='lat' dir='ltr'>Hoc</span> <span class='ocrx_word' id='word_1_123' title='bbox 1806 2090 1859 2143; x_wconf 90' lang='lat' dir='ltr'>et</span> <span class='ocrx_word' id='word_1_124' title='bbox 1890 2102 2183 2157; x_wconf 85' lang='lat' dir='ltr'>augmen-</span> 
     </span>
    </p>
   </div>
   <div class='ocr_carea' id='block_1_21' title="bbox 525 2176 2181 2248">
    <p class='ocr_par' dir='ltr' id='par_1_21' title="bbox 525 2176 2181 2248">
     <span class='ocr_line' id='line_1_21' title="bbox 525 2176 2181 2248; baseline 0.001 -16"><span class='ocrx_word' id='word_1_125' title='bbox 525 2182 652 2233; x_wconf 89' lang='lat' dir='ltr'>tum</span> <span class='ocrx_word' id='word_1_126' title='bbox 694 2181 784 2233; x_wconf 91' lang='lat' dir='ltr'>est</span> <span class='ocrx_word' id='word_1_127' title='bbox 823 2176 1116 2239; x_wconf 91' lang='lat' dir='ltr'>miraculi,</span> <span class='ocrx_word' id='word_1_128' title='bbox 1162 2184 1216 2231; x_wconf 89' lang='lat' dir='ltr'>et</span> <span class='ocrx_word' id='word_1_129' title='bbox 1242 2179 1373 2231; x_wconf 89' lang='lat' dir='ltr'>laus</span> <span class='ocrx_word' id='word_1_130' title='bbox 1414 2176 1746 2242; x_wconf 89' lang='lat' dir='ltr'>turbarum,</span> <span class='ocrx_word' id='word_1_131' title='bbox 1793 2176 1958 2248; x_wconf 92' lang='lat' dir='ltr'>quod</span> <span class='ocrx_word' id='word_1_132' title='bbox 2002 2178 2181 2233; x_wconf 89' lang='lat' dir='ltr'>etiam</span> 
     </span>
    </p>
   </div>
   <div class='ocr_carea' id='block_1_22' title="bbox 526 2264 2179 2337">
    <p class='ocr_par' dir='ltr' id='par_1_22' title="bbox 526 2264 2179 2337">
     <span class='ocr_line' id='line_1_22' title="bbox 526 2264 2179 2337; baseline 0 -16"><span class='ocrx_word' id='word_1_133' title='bbox 526 2282 666 2321; x_wconf 92' lang='lat' dir='ltr'>cum</span> <span class='ocrx_word' id='word_1_134' title='bbox 709 2266 994 2321; x_wconf 84' lang='lat' dir='ltr'>uxoribus</span> <span class='ocrx_word' id='word_1_135' title='bbox 1037 2270 1093 2321; x_wconf 92' lang='lat' dir='ltr'>et</span> <span class='ocrx_word' id='word_1_136' title='bbox 1128 2266 1326 2337; x_wconf 87' lang='lat' dir='ltr'>pueris</span> <span class='ocrx_word' id='word_1_137' title='bbox 1370 2264 1729 2321; x_wconf 90' lang='lat' dir='ltr'>assidebant.</span> <span class='ocrx_word' id='word_1_138' title='bbox 1773 2266 1840 2321; x_wconf 88' lang='lat' dir='ltr'>Et</span> <span class='ocrx_word' id='word_1_139' title='bbox 1873 2266 2017 2337; x_wconf 90' lang='lat' dir='ltr'>quia</span> <span class='ocrx_word' id='word_1_140' title='bbox 2045 2282 2179 2321; x_wconf 91' lang='lat' dir='ltr'>cum</span> 
     </span>
    </p>
   </div>
   <div class='ocr_carea' id='block_1_23' title="bbox 524 2354 2183 2427">
    <p class='ocr_par' dir='ltr' id='par_1_23' title="bbox 524 2354 2183 2427">
     <span class='ocr_line' id='line_1_23' title="bbox 524 2354 2183 2427; baseline 0.002 -18"><span class='ocrx_word' id='word_1_141' title='bbox 524 2359 648 2411; x_wconf 89' lang='lat' dir='ltr'>tota</span> <span class='ocrx_word' id='word_1_142' title='bbox 676 2355 904 2411; x_wconf 86' lang='lat' dir='ltr'>familia</span> <span class='ocrx_word' id='word_1_143' title='bbox 934 2354 1351 2427; x_wconf 87' lang='lat' dir='ltr'>sequebantur,</span> <span class='ocrx_word' id='word_1_144' title='bbox 1385 2370 1525 2409; x_wconf 91' lang='lat' dir='ltr'>cum</span> <span class='ocrx_word' id='word_1_145' title='bbox 1556 2358 1681 2411; x_wconf 85' lang='lat' dir='ltr'>tota</span> <span class='ocrx_word' id='word_1_146' title='bbox 1710 2356 1889 2412; x_wconf 86' lang='lat' dir='ltr'>etiam</span> <span class='ocrx_word' id='word_1_147' title='bbox 1932 2355 2183 2413; x_wconf 86' lang='lat' dir='ltr'>famillia</span> 
     </span>
    </p>
   </div>
   <div class='ocr_carea' id='block_1_24' title="bbox 523 2444 1538 2516">
    <p class='ocr_par' dir='ltr' id='par_1_24' title="bbox 523 2444 1538 2516">
     <span class='ocr_line' id='line_1_24' title="bbox 523 2444 1538 2516; baseline 0 -16"><span class='ocrx_word' id='word_1_148' title='bbox 523 2444 801 2500; x_wconf 89' lang='lat' dir='ltr'>beneﬁcii</span> <span class='ocrx_word' id='word_1_149' title='bbox 835 2444 1092 2500; x_wconf 90' lang='lat' dir='ltr'>fructum</span> <span class='ocrx_word' id='word_1_150' title='bbox 1128 2449 1538 2516; x_wconf 90' lang='lat' dir='ltr'>perceperunt.</span> 
     </span>
    </p>
   </div>
   <div class='ocr_carea' id='block_1_25' title="bbox 597 2554 2185 2627">
    <p class='ocr_par' dir='ltr' id='par_1_25' title="bbox 597 2554 2185 2627">
     <span class='ocr_line' id='line_1_25' title="bbox 597 2554 2185 2627; baseline 0.003 -19"><span class='ocrx_word' id='word_1_151' title='bbox 597 2554 753 2610; x_wconf 83' lang='lat' dir='ltr'>CAP.</span> <span class='ocrx_word' id='word_1_152' title='bbox 828 2554 1029 2609; x_wconf 84' lang='lat' dir='ltr'>XXVII.</span> <span class='ocrx_word' id='word_1_153' title='bbox 1106 2554 1189 2608; x_wconf 88' lang='lat' dir='ltr'>De</span> <span class='ocrx_word' id='word_1_154' title='bbox 1254 2554 1653 2609; x_wconf 74' lang='lat' dir='ltr'>ambulatione</span> <span class='ocrx_word' id='word_1_155' title='bbox 1730 2555 1940 2611; x_wconf 76' lang='lat' dir='ltr'>Christi</span> <span class='ocrx_word' id='word_1_156' title='bbox 2012 2571 2185 2627; x_wconf 83' lang='lat' dir='ltr'>super</span> 
     </span>
    </p>
   </div>
   <div class='ocr_carea' id='block_1_26' title="bbox 1259 2659 1448 2699">
    <p class='ocr_par' dir='ltr' id='par_1_26' title="bbox 1259 2659 1448 2699">
     <span class='ocr_line' id='line_1_26' title="bbox 1259 2659 1448 2699; baseline 0.011 -2"><span class='ocrx_word' id='word_1_157' title='bbox 1259 2659 1448 2699; x_wconf 82' lang='lat' dir='ltr'>mare.</span> 
     </span>
    </p>
   </div>
   <div class='ocr_carea' id='block_1_27' title="bbox 597 2750 2183 2827">
    <p class='ocr_par' dir='ltr' id='par_1_27' title="bbox 597 2750 2183 2827">
     <span class='ocr_line' id='line_1_27' title="bbox 597 2750 2183 2827; baseline 0.005 -24"><span class='ocrx_word' id='word_1_158' title='bbox 597 2750 757 2805; x_wconf 84' lang='lat' dir='ltr'>Vers.</span> <span class='ocrx_word' id='word_1_159' title='bbox 818 2754 905 2805; x_wconf 83' lang='lat'>22.</span> <span class='ocrx_word' id='word_1_160' title='bbox 961 2750 1278 2822; x_wconf 80' lang='lat' dir='ltr'>Statimque</span> <span class='ocrx_word' id='word_1_161' title='bbox 1328 2783 1395 2791; x_wconf 96' lang='lat'>—</span> <span class='ocrx_word' id='word_1_162' title='bbox 1451 2753 1664 2807; x_wconf 81' lang='lat' dir='ltr'>turbas.</span> <span class='ocrx_word' id='word_1_163' title='bbox 1722 2754 1869 2809; x_wconf 91' lang='lat' dir='ltr'>Cum</span> <span class='ocrx_word' id='word_1_164' title='bbox 1923 2755 2001 2810; x_wconf 91' lang='lat' dir='ltr'>ab</span> <span class='ocrx_word' id='word_1_165' title='bbox 2056 2756 2183 2827; x_wconf 91' lang='lat' dir='ltr'>ipso</span> 
     </span>
    </p>
   </div>
   <div class='ocr_carea' id='block_1_28' title="bbox 525 2839 2184 2913">
    <p class='ocr_par' dir='ltr' id='par_1_28' title="bbox 525 2839 2184 2913">
     <span class='ocr_line' id='line_1_28' title="bbox 525 2839 2184 2913; baseline 0.004 -19"><span class='ocrx_word' id='word_1_166' title='bbox 525 2839 771 2895; x_wconf 90' lang='lat' dir='ltr'>distrahi</span> <span class='ocrx_word' id='word_1_167' title='bbox 809 2839 1033 2895; x_wconf 92' lang='lat' dir='ltr'>nollent</span> <span class='ocrx_word' id='word_1_168' title='bbox 1074 2840 1382 2911; x_wconf 86' lang='lat' dir='ltr'>,compulit</span> <span class='ocrx_word' id='word_1_169' title='bbox 1419 2841 1553 2897; x_wconf 89' lang='lat' dir='ltr'>illos</span> <span class='ocrx_word' id='word_1_170' title='bbox 1592 2842 1651 2897; x_wconf 90' lang='lat' dir='ltr'>in</span> <span class='ocrx_word' id='word_1_171' title='bbox 1690 2844 1998 2913; x_wconf 79' lang='lat' dir='ltr'>navigium</span> <span class='ocrx_word' id='word_1_172' title='bbox 2048 2861 2184 2901; x_wconf 89' lang='lat' dir='ltr'>con-</span> 
     </span>
    </p>
   </div>
   <div class='ocr_carea' id='block_1_29' title="bbox 524 2930 2179 3006">
    <p class='ocr_par' dir='ltr' id='par_1_29' title="bbox 524 2930 2179 3006">
     <span class='ocr_line' id='line_1_29' title="bbox 524 2930 2179 3006; baseline 0.005 -23"><span class='ocrx_word' id='word_1_173' title='bbox 524 2930 826 2994; x_wconf 90' lang='lat' dir='ltr'>scendere,</span> <span class='ocrx_word' id='word_1_174' title='bbox 870 2934 927 2985; x_wconf 93' lang='lat' dir='ltr'>et</span> <span class='ocrx_word' id='word_1_175' title='bbox 992 2930 1322 3001; x_wconf 66' lang='lat' dir='ltr'>praecedere</span> <span class='ocrx_word' id='word_1_176' title='bbox 1387 2930 1440 2984; x_wconf 88' lang='lat' dir='ltr'>in</span> <span class='ocrx_word' id='word_1_177' title='bbox 1504 2930 1844 2988; x_wconf 82' lang='lat' dir='ltr'>ulteriorem</span> <span class='ocrx_word' id='word_1_178' title='bbox 1907 2940 2179 3006; x_wconf 87' lang='lat' dir='ltr'>partem;</span> 
     </span>
    </p>
   </div>
   <div class='ocr_carea' id='block_1_30' title="bbox 522 3019 2185 3092">
    <p class='ocr_par' dir='ltr' id='par_1_30' title="bbox 522 3019 2185 3092">
     <span class='ocr_line' id='line_1_30' title="bbox 522 3019 2185 3092; baseline 0.004 -17"><span class='ocrx_word' id='word_1_179' title='bbox 522 3020 637 3075; x_wconf 93' lang='lat' dir='ltr'>hoc</span> <span class='ocrx_word' id='word_1_180' title='bbox 676 3019 921 3091; x_wconf 90' lang='lat' dir='ltr'>quidem</span> <span class='ocrx_word' id='word_1_181' title='bbox 964 3024 1273 3091; x_wconf 74' lang='lat' dir='ltr'>praetextu,</span> <span class='ocrx_word' id='word_1_182' title='bbox 1316 3025 1379 3075; x_wconf 93' lang='lat' dir='ltr'>ut</span> <span class='ocrx_word' id='word_1_183' title='bbox 1426 3021 1547 3092; x_wconf 89' lang='lat' dir='ltr'>ipse</span> <span class='ocrx_word' id='word_1_184' title='bbox 1586 3022 1826 3079; x_wconf 90' lang='lat' dir='ltr'>relictus</span> <span class='ocrx_word' id='word_1_185' title='bbox 1867 3025 2185 3082; x_wconf 87' lang='lat' dir='ltr'>dimitteret</span> 
     </span>
    </p>
   </div>
   <div class='ocr_carea' id='block_1_31' title="bbox 523 3108 2184 3181">
    <p class='ocr_par' dir='ltr' id='par_1_31' title="bbox 523 3108 2184 3181">
     <span class='ocr_line' id='line_1_31' title="bbox 523 3108 2184 3181; baseline 0.005 -17"><span class='ocrx_word' id='word_1_186' title='bbox 523 3108 725 3164; x_wconf 88' lang='lat' dir='ltr'>turbas</span> <span class='ocrx_word' id='word_1_187' title='bbox 782 3110 907 3181; x_wconf 15' lang='lat' dir='ltr'>;Ain</span> <span class='ocrx_word' id='word_1_188' title='bbox 947 3108 1205 3179; x_wconf 87' lang='lat' dir='ltr'>_veritate</span> <span class='ocrx_word' id='word_1_189' title='bbox 1258 3113 1479 3175; x_wconf 88' lang='lat' dir='ltr'>autem,</span> <span class='ocrx_word' id='word_1_190' title='bbox 1531 3115 1596 3167; x_wconf 87' lang='lat' dir='ltr'>ut</span> <span class='ocrx_word' id='word_1_191' title='bbox 1635 3128 1839 3168; x_wconf 90' lang='lat' dir='ltr'>secum</span> <span class='ocrx_word' id='word_1_192' title='bbox 1891 3114 2184 3172; x_wconf 89' lang='lat' dir='ltr'>habentes</span> 
     </span>
    </p>
   </div>
   <div class='ocr_carea' id='block_1_32' title="bbox 518 3199 2184 3273">
    <p class='ocr_par' dir='ltr' id='par_1_32' title="bbox 518 3199 2184 3273">
     <span class='ocr_line' id='line_1_32' title="bbox 518 3199 2184 3273; baseline 0.006 -19"><span class='ocrx_word' id='word_1_193' title='bbox 518 3199 994 3269; x_wconf 82' lang='lat' dir='ltr'>fragmenlorum</span> <span class='ocrx_word' id='word_1_194' title='bbox 1040 3199 1351 3272; x_wconf 91' lang='lat' dir='ltr'>cophinos,</span> <span class='ocrx_word' id='word_1_195' title='bbox 1394 3216 1500 3273; x_wconf 91' lang='lat' dir='ltr'>per</span> <span class='ocrx_word' id='word_1_196' title='bbox 1555 3203 1741 3259; x_wconf 91' lang='lat' dir='ltr'>otium</span> <span class='ocrx_word' id='word_1_197' title='bbox 1782 3205 2028 3263; x_wconf 89' lang='lat' dir='ltr'>absente</span> <span class='ocrx_word' id='word_1_198' title='bbox 2083 3208 2184 3264; x_wconf 90' lang='lat' dir='ltr'>illo</span> 
     </span>
    </p>
   </div>
   <div class='ocr_carea' id='block_1_33' title="bbox 520 3287 2182 3357">
    <p class='ocr_par' dir='ltr' id='par_1_33' title="bbox 520 3287 2182 3357">
     <span class='ocr_line' id='line_1_33' title="bbox 520 3287 2182 3357; baseline 0.005 -13"><span class='ocrx_word' id='word_1_199' title='bbox 520 3288 751 3344; x_wconf 87' lang='lat' dir='ltr'>curiose</span> <span class='ocrx_word' id='word_1_200' title='bbox 784 3287 1120 3357; x_wconf 86' lang='lat' dir='ltr'>fragmenta</span> <span class='ocrx_word' id='word_1_201' title='bbox 1150 3288 1611 3355; x_wconf 88' lang='lat' dir='ltr'>sciscitarentur,</span> <span class='ocrx_word' id='word_1_202' title='bbox 1646 3308 1713 3348; x_wconf 91' lang='lat' dir='ltr'>ac</span> <span class='ocrx_word' id='word_1_203' title='bbox 1752 3295 2182 3352; x_wconf 87' lang='lat' dir='ltr'>conﬁrmaren-</span> 
     </span>
    </p>
   </div>
   <div class='ocr_carea' id='block_1_34' title="bbox 521 3377 2177 3449">
    <p class='ocr_par' dir='ltr' id='par_1_34' title="bbox 521 3377 2177 3449">
     <span class='ocr_line' id='line_1_34' title="bbox 521 3377 2177 3449; baseline 0.007 -17"><span class='ocrx_word' id='word_1_204' title='bbox 521 3384 635 3443; x_wconf 87' lang='lat' dir='ltr'>tur,</span> <span class='ocrx_word' id='word_1_205' title='bbox 662 3377 819 3449; x_wconf 89' lang='lat' dir='ltr'>quod</span> <span class='ocrx_word' id='word_1_206' title='bbox 839 3392 959 3432; x_wconf 90' lang='lat' dir='ltr'>non</span> <span class='ocrx_word' id='word_1_207' title='bbox 980 3378 1350 3449; x_wconf 87' lang='lat' dir='ltr'>phantastice</span> <span class='ocrx_word' id='word_1_208' title='bbox 1371 3379 1593 3435; x_wconf 83' lang='lat' dir='ltr'>factum</span> <span class='ocrx_word' id='word_1_209' title='bbox 1609 3387 1764 3438; x_wconf 90' lang='lat' dir='ltr'>esset</span> <span class='ocrx_word' id='word_1_210' title='bbox 1800 3384 2177 3443; x_wconf 90' lang='lat' dir='ltr'>miraculum.</span> 
     </span>
    </p>
   </div>
   <div class='ocr_carea' id='block_1_35' title="bbox 520 3466 2182 3546">
    <p class='ocr_par' dir='ltr' id='par_1_35' title="bbox 520 3466 2182 3546">
     <span class='ocr_line' id='line_1_35' title="bbox 520 3466 2182 3546; baseline 0.007 -25"><span class='ocrx_word' id='word_1_211' title='bbox 520 3469 671 3522; x_wconf 88' lang='lat' dir='ltr'>Nam</span> <span class='ocrx_word' id='word_1_212' title='bbox 729 3472 783 3522; x_wconf 90' lang='lat' dir='ltr'>et</span> <span class='ocrx_word' id='word_1_213' title='bbox 832 3472 1075 3538; x_wconf 84' lang='lat' dir='ltr'>propter</span> <span class='ocrx_word' id='word_1_214' title='bbox 1121 3466 1233 3521; x_wconf 91' lang='lat' dir='ltr'>hoc</span> <span class='ocrx_word' id='word_1_215' title='bbox 1284 3468 1718 3538; x_wconf 84' lang='lat' dir='ltr'>superfuerant,</span> <span class='ocrx_word' id='word_1_216' title='bbox 1770 3477 1825 3527; x_wconf 90' lang='lat' dir='ltr'>et</span> <span class='ocrx_word' id='word_1_217' title='bbox 1873 3475 2182 3546; x_wconf 88' lang='lat' dir='ltr'>oportebat</span> 
     </span>
    </p>
   </div>
   <div class='ocr_carea' id='block_1_36' title="bbox 521 3555 2177 3633">
    <p class='ocr_par' dir='ltr' id='par_1_36' title="bbox 521 3555 2177 3633">
     <span class='ocr_line' id='line_1_36' title="bbox 521 3555 2177 3633; baseline 0.008 -24"><span class='ocrx_word' id='word_1_218' title='bbox 521 3555 849 3627; x_wconf 90' lang='lat' dir='ltr'>discipulos</span> <span class='ocrx_word' id='word_1_219' title='bbox 889 3555 963 3609; x_wconf 92' lang='lat' dir='ltr'>de</span> <span class='ocrx_word' id='word_1_220' title='bbox 1004 3570 1074 3609; x_wconf 91' lang='lat' dir='ltr'>ea</span> <span class='ocrx_word' id='word_1_221' title='bbox 1112 3571 1172 3609; x_wconf 92' lang='lat' dir='ltr'>re</span> <span class='ocrx_word' id='word_1_222' title='bbox 1214 3557 1485 3612; x_wconf 86' lang='lat' dir='ltr'>certiores</span> <span class='ocrx_word' id='word_1_223' title='bbox 1529 3558 1653 3614; x_wconf 88' lang='lat' dir='ltr'>ﬁeri</span> <span class='ocrx_word' id='word_1_224' title='bbox 1691 3576 1867 3633; x_wconf 88' lang='lat' dir='ltr'>supra</span> <span class='ocrx_word' id='word_1_225' title='bbox 1914 3569 2177 3633; x_wconf 67' lang='lat' dir='ltr'>caeteros,</span> 
     </span>
    </p>
   </div>
   <div class='ocr_carea' id='block_1_37' title="bbox 523 3644 2179 3726">
    <p class='ocr_par' dir='ltr' id='par_1_37' title="bbox 523 3644 2179 3726">
     <span class='ocr_line' id='line_1_37' title="bbox 523 3644 2179 3726; baseline 0.01 -29"><span class='ocrx_word' id='word_1_226' title='bbox 523 3648 727 3715; x_wconf 84' lang='lat' dir='ltr'>utpote</span> <span class='ocrx_word' id='word_1_227' title='bbox 766 3644 869 3714; x_wconf 91' lang='lat' dir='ltr'>qui</span> <span class='ocrx_word' id='word_1_228' title='bbox 910 3647 1190 3716; x_wconf 84' lang='lat' dir='ltr'>tanquam</span> <span class='ocrx_word' id='word_1_229' title='bbox 1226 3661 1567 3702; x_wconf 90' lang='lat' dir='ltr'>communes</span> <span class='ocrx_word' id='word_1_230' title='bbox 1602 3651 1874 3707; x_wconf 90' lang='lat' dir='ltr'>omnium</span> <span class='ocrx_word' id='word_1_231' title='bbox 1910 3656 2179 3726; x_wconf 80' lang='lat' dir='ltr'>magistri</span> 
     </span>
    </p>
   </div>
   <div class='ocr_carea' id='block_1_38' title="bbox 520 3731 2181 3812">
    <p class='ocr_par' dir='ltr' id='par_1_38' title="bbox 520 3731 2181 3812">
     <span class='ocr_line' id='line_1_38' title="bbox 520 3731 2181 3812; baseline 0.01 -25"><span class='ocrx_word' id='word_1_232' title='bbox 520 3733 582 3787; x_wconf 89' lang='lat' dir='ltr'>in</span> <span class='ocrx_word' id='word_1_233' title='bbox 623 3731 826 3787; x_wconf 90' lang='lat' dir='ltr'>orbem</span> <span class='ocrx_word' id='word_1_234' title='bbox 886 3740 1054 3787; x_wconf 89' lang='lat' dir='ltr'>erant</span> <span class='ocrx_word' id='word_1_235' title='bbox 1092 3733 1436 3804; x_wconf 87' lang='lat' dir='ltr'>ingressuri.</span> <span class='ocrx_word' id='word_1_236' title='bbox 1483 3739 1548 3792; x_wconf 90' lang='lat' dir='ltr'>Et</span> <span class='ocrx_word' id='word_1_237' title='bbox 1585 3739 1713 3795; x_wconf 81' lang='lat' dir='ltr'>haec</span> <span class='ocrx_word' id='word_1_238' title='bbox 1751 3742 1997 3812; x_wconf 90' lang='lat' dir='ltr'>quidem</span> <span class='ocrx_word' id='word_1_239' title='bbox 2057 3762 2181 3803; x_wconf 90' lang='lat' dir='ltr'>una</span> 
     </span>
    </p>
   </div>
   <div class='ocr_carea' id='block_1_39' title="bbox 523 3821 1711 3896">
    <p class='ocr_par' dir='ltr' id='par_1_39' title="bbox 523 3821 1711 3896">
     <span class='ocr_line' id='line_1_39' title="bbox 523 3821 1711 3896; baseline 0.008 -21"><span class='ocrx_word' id='word_1_240' title='bbox 523 3837 705 3878; x_wconf 89' lang='lat' dir='ltr'>causa</span> <span class='ocrx_word' id='word_1_241' title='bbox 734 3824 823 3877; x_wconf 91' lang='lat' dir='ltr'>est</span> <span class='ocrx_word' id='word_1_242' title='bbox 856 3838 959 3876; x_wconf 90' lang='lat' dir='ltr'>cur</span> <span class='ocrx_word' id='word_1_243' title='bbox 988 3821 1309 3894; x_wconf 91' lang='lat' dir='ltr'>discipulos</span> <span class='ocrx_word' id='word_1_244' title='bbox 1340 3826 1711 3896; x_wconf 67' lang='lat' dir='ltr'>praemiserit.</span> 
     </span>
    </p>
   </div>
   <div class='ocr_carea' id='block_1_40' title="bbox 593 3927 2177 4001">
    <p class='ocr_par' dir='ltr' id='par_1_40' title="bbox 593 3927 2177 4001">
     <span class='ocr_line' id='line_1_40' title="bbox 593 3927 2177 4001; baseline 0.011 -19"><span class='ocrx_word' id='word_1_245' title='bbox 593 3927 789 3984; x_wconf 85' lang='lat' dir='ltr'>Altera</span> <span class='ocrx_word' id='word_1_246' title='bbox 813 3944 974 3994; x_wconf 90' lang='lat' dir='ltr'>vero,</span> <span class='ocrx_word' id='word_1_247' title='bbox 1000 3929 1143 4001; x_wconf 90' lang='lat' dir='ltr'>quia</span> <span class='ocrx_word' id='word_1_248' title='bbox 1163 3930 1400 3988; x_wconf 85' lang='lat' dir='ltr'>volebat</span> <span class='ocrx_word' id='word_1_249' title='bbox 1421 3932 1576 3989; x_wconf 91' lang='lat' dir='ltr'>solus</span> <span class='ocrx_word' id='word_1_250' title='bbox 1604 3935 1663 3990; x_wconf 89' lang='lat' dir='ltr'>in</span> <span class='ocrx_word' id='word_1_251' title='bbox 1686 3943 1951 3995; x_wconf 89' lang='lat' dir='ltr'>montem</span> <span class='ocrx_word' id='word_1_252' title='bbox 1974 3957 2177 3998; x_wconf 89' lang='lat' dir='ltr'>ascen-</span> 
     </span>
    </p>
   </div>
   <div class='ocr_carea' id='block_1_41' title="bbox 522 4017 2173 4104">
    <p class='ocr_par' dir='ltr' id='par_1_41' title="bbox 522 4017 2173 4104">
     <span class='ocr_line' id='line_1_41' title="bbox 522 4017 2173 4104; baseline 0.01 -33"><span class='ocrx_word' id='word_1_253' title='bbox 522 4017 681 4083; x_wconf 89' lang='lat' dir='ltr'>dere,</span> <span class='ocrx_word' id='word_1_254' title='bbox 715 4022 887 4088; x_wconf 91' lang='lat' dir='ltr'>prout</span> <span class='ocrx_word' id='word_1_255' title='bbox 919 4020 1114 4073; x_wconf 89' lang='lat' dir='ltr'>statim</span> <span class='ocrx_word' id='word_1_256' title='bbox 1149 4020 1546 4092; x_wconf 87' lang='lat' dir='ltr'>subjungitur,</span> <span class='ocrx_word' id='word_1_257' title='bbox 1580 4024 1805 4084; x_wconf 87' lang='lat' dir='ltr'>docens</span> <span class='ocrx_word' id='word_1_258' title='bbox 1833 4028 1971 4085; x_wconf 90' lang='lat' dir='ltr'>hinc</span> <span class='ocrx_word' id='word_1_259' title='bbox 2010 4032 2173 4104; x_wconf 93' lang='lat' dir='ltr'>quod</span> 
     </span>
    </p>
   </div>
   <div class='ocr_carea' id='block_1_42' title="bbox 519 4109 2173 4191">
    <p class='ocr_par' dir='ltr' id='par_1_42' title="bbox 519 4109 2173 4191">
     <span class='ocr_line' id='line_1_42' title="bbox 519 4109 2173 4191; baseline 0.01 -31"><span class='ocrx_word' id='word_1_260' title='bbox 519 4121 717 4179; x_wconf 90' lang='lat' dir='ltr'>neque</span> <span class='ocrx_word' id='word_1_261' title='bbox 764 4111 1036 4178; x_wconf 86' lang='lat' dir='ltr'>oporteat</span> <span class='ocrx_word' id='word_1_262' title='bbox 1088 4109 1368 4165; x_wconf 88' lang='lat' dir='ltr'>continue</span> <span class='ocrx_word' id='word_1_263' title='bbox 1416 4113 1779 4171; x_wconf 86' lang='lat' dir='ltr'>multitudini</span> <span class='ocrx_word' id='word_1_264' title='bbox 1832 4118 2173 4191; x_wconf 90' lang='lat' dir='ltr'>immisceri,</span> 
     </span>
    </p>
   </div>
   <div class='ocr_carea' id='block_1_43' title="bbox 520 4196 2177 4282">
    <p class='ocr_par' dir='ltr' id='par_1_43' title="bbox 520 4196 2177 4282">
     <span class='ocr_line' id='line_1_43' title="bbox 520 4196 2177 4282; baseline 0.01 -32"><span class='ocrx_word' id='word_1_265' title='bbox 520 4210 714 4267; x_wconf 88' lang='lat' dir='ltr'>neque</span> <span class='ocrx_word' id='word_1_266' title='bbox 736 4212 964 4267; x_wconf 88' lang='lat' dir='ltr'>semper</span> <span class='ocrx_word' id='word_1_267' title='bbox 989 4196 1191 4268; x_wconf 83' lang='lat' dir='ltr'>fugere</span> <span class='ocrx_word' id='word_1_268' title='bbox 1218 4199 1655 4258; x_wconf 89' lang='lat' dir='ltr'>multitudinem</span> <span class='ocrx_word' id='word_1_269' title='bbox 1685 4222 1698 4258; x_wconf 86' lang='lat'><strong>:</strong></span> <span class='ocrx_word' id='word_1_270' title='bbox 1728 4206 1833 4261; x_wconf 90' lang='lat' dir='ltr'>sed</span> <span class='ocrx_word' id='word_1_271' title='bbox 1863 4212 2177 4282; x_wconf 87' lang='lat' dir='ltr'>utrumque</span> 
     </span>
    </p>
   </div>
   <div class='ocr_carea' id='block_1_44' title="bbox 520 4284 2177 4360">
    <p class='ocr_par' dir='ltr' id='par_1_44' title="bbox 520 4284 2177 4360">
     <span class='ocr_line' id='line_1_44' title="bbox 520 4284 2177 4360; baseline 0.01 -21"><span class='ocrx_word' id='word_1_272' title='bbox 520 4284 741 4341; x_wconf 89' lang='lat' dir='ltr'>utiliter</span> <span class='ocrx_word' id='word_1_273' title='bbox 770 4284 1021 4341; x_wconf 80' lang='lat' dir='ltr'>efﬁcere.</span> <span class='ocrx_word' id='word_1_274' title='bbox 1054 4288 1184 4342; x_wconf 87' lang='lat' dir='ltr'>Jam</span> <span class='ocrx_word' id='word_1_275' title='bbox 1215 4289 1415 4360; x_wconf 85' lang='lat' dir='ltr'>itaque</span> <span class='ocrx_word' id='word_1_276' title='bbox 1448 4297 1504 4345; x_wconf 92' lang='lat' dir='ltr'>et</span> <span class='ocrx_word' id='word_1_277' title='bbox 1533 4307 1645 4348; x_wconf 90' lang='lat' dir='ltr'>nos</span> <span class='ocrx_word' id='word_1_278' title='bbox 1677 4294 1894 4351; x_wconf 89' lang='lat' dir='ltr'>relictis</span> <span class='ocrx_word' id='word_1_279' title='bbox 1927 4298 2177 4355; x_wconf 89' lang='lat' dir='ltr'>urbibus</span> 
     </span>
    </p>
   </div>
   <div class='ocr_carea' id='block_1_45' title="bbox 518 4376 2178 4451">
    <p class='ocr_par' dir='ltr' id='par_1_45' title="bbox 518 4376 2178 4451">
     <span class='ocr_line' id='line_1_45' title="bbox 518 4376 2178 4451; baseline 0.01 -23"><span class='ocrx_word' id='word_1_280' title='bbox 518 4389 843 4447; x_wconf 86' lang='lat' dir='ltr'>earumque</span> <span class='ocrx_word' id='word_1_281' title='bbox 883 4376 1390 4444; x_wconf 86' lang='lat' dir='ltr'>distractionibus,</span> <span class='ocrx_word' id='word_1_282' title='bbox 1432 4381 1660 4451; x_wconf 89' lang='lat' dir='ltr'>pedites</span> <span class='ocrx_word' id='word_1_283' title='bbox 1698 4399 1769 4440; x_wconf 92' lang='lat' dir='ltr'>ac</span> <span class='ocrx_word' id='word_1_284' title='bbox 1804 4384 1965 4442; x_wconf 87' lang='lat' dir='ltr'>leves</span> <span class='ocrx_word' id='word_1_285' title='bbox 2015 4389 2178 4445; x_wconf 90' lang='lat' dir='ltr'>Chri-</span> 
     </span>
    </p>
   </div>
   <div class='ocr_carea' id='block_1_46' title="bbox 521 4466 2176 4548">
    <p class='ocr_par' dir='ltr' id='par_1_46' title="bbox 521 4466 2176 4548">
     <span class='ocr_line' id='line_1_46' title="bbox 521 4466 2176 4548; baseline 0.012 -32"><span class='ocrx_word' id='word_1_286' title='bbox 521 4466 679 4517; x_wconf 89' lang='lat' dir='ltr'>stum</span> <span class='ocrx_word' id='word_1_287' title='bbox 726 4479 1071 4534; x_wconf 87' lang='lat' dir='ltr'>sequamur,</span> <span class='ocrx_word' id='word_1_288' title='bbox 1113 4466 1186 4521; x_wconf 89' lang='lat' dir='ltr'>ad</span> <span class='ocrx_word' id='word_1_289' title='bbox 1231 4468 1613 4527; x_wconf 88' lang='lat' dir='ltr'>solitudinem</span> <span class='ocrx_word' id='word_1_290' title='bbox 1653 4474 1773 4529; x_wconf 87' lang='lat' dir='ltr'>sive</span> <span class='ocrx_word' id='word_1_291' title='bbox 1816 4477 2077 4548; x_wconf 87' lang='lat' dir='ltr'>quietem</span> <span class='ocrx_word' id='word_1_292' title='bbox 2123 4485 2176 4536; x_wconf 90' lang='lat' dir='ltr'>et</span> 
     </span>
    </p>
   </div>
   <div class='ocr_carea' id='block_1_47' title="bbox 519 4550 2176 4635">
    <p class='ocr_par' dir='ltr' id='par_1_47' title="bbox 519 4550 2176 4635">
     <span class='ocr_line' id='line_1_47' title="bbox 519 4550 2176 4635; baseline 0.013 -31"><span class='ocrx_word' id='word_1_293' title='bbox 519 4550 815 4606; x_wconf 85' lang='lat' dir='ltr'>silentium</span> <span class='ocrx_word' id='word_1_294' title='bbox 857 4568 927 4608; x_wconf 91' lang='lat' dir='ltr'>ac</span> <span class='ocrx_word' id='word_1_295' title='bbox 979 4554 1166 4609; x_wconf 88' lang='lat' dir='ltr'>otium</span> <span class='ocrx_word' id='word_1_296' title='bbox 1208 4556 1546 4629; x_wconf 89' lang='lat' dir='ltr'>abeuntem,</span> <span class='ocrx_word' id='word_1_297' title='bbox 1606 4562 1779 4635; x_wconf 91' lang='lat' dir='ltr'>eique</span> <span class='ocrx_word' id='word_1_298' title='bbox 1820 4568 2176 4625; x_wconf 88' lang='lat' dir='ltr'>assistamus</span> 
     </span>
    </p>
   </div>
   <div class='ocr_carea' id='block_1_48' title="bbox 520 4638 2179 4730">
    <p class='ocr_par' dir='ltr' id='par_1_48' title="bbox 520 4638 2179 4730">
     <span class='ocr_line' id='line_1_48' title="bbox 520 4638 2179 4730; baseline 0.013 -37"><span class='ocrx_word' id='word_1_299' title='bbox 520 4638 802 4696; x_wconf 89' lang='lat' dir='ltr'>salutaria</span> <span class='ocrx_word' id='word_1_300' title='bbox 840 4641 1092 4707; x_wconf 88' lang='lat' dir='ltr'>docenti,</span> <span class='ocrx_word' id='word_1_301' title='bbox 1130 4649 1194 4699; x_wconf 92' lang='lat' dir='ltr'>ut</span> <span class='ocrx_word' id='word_1_302' title='bbox 1223 4645 1607 4706; x_wconf 76' lang='lat' dir='ltr'>aifectionum</span> <span class='ocrx_word' id='word_1_303' title='bbox 1646 4652 2006 4714; x_wconf 90' lang='lat' dir='ltr'>abstinentia</span> <span class='ocrx_word' id='word_1_304' title='bbox 2030 4660 2179 4730; x_wconf 83' lang='lat' dir='ltr'>jeju-</span> 
     </span>
    </p>
   </div>
   <div class='ocr_carea' id='block_1_49' title="bbox 519 4730 1589 4807">
    <p class='ocr_par' dir='ltr' id='par_1_49' title="bbox 519 4730 1589 4807">
     <span class='ocr_line' id='line_1_49' title="bbox 519 4730 1589 4807; baseline 0.009 -24"><span class='ocrx_word' id='word_1_305' title='bbox 519 4735 751 4796; x_wconf 88' lang='lat' dir='ltr'>nantes,</span> <span class='ocrx_word' id='word_1_306' title='bbox 783 4730 988 4788; x_wconf 91' lang='lat' dir='ltr'>divina</span> <span class='ocrx_word' id='word_1_307' title='bbox 1014 4733 1206 4803; x_wconf 86' lang='lat' dir='ltr'>gratia</span> <span class='ocrx_word' id='word_1_308' title='bbox 1232 4736 1589 4807; x_wconf 88' lang='lat' dir='ltr'>repleamur.</span> 
     </span>
    </p>
   </div>
   <div class='ocr_carea' id='block_1_50' title="bbox 587 4891 2171 4967">
    <p class='ocr_par' dir='ltr' id='par_1_50' title="bbox 587 4891 2171 4967">
     <span class='ocr_line' id='line_1_50' title="bbox 587 4891 2171 4967; baseline 0.015 -23"><span class='ocrx_word' id='word_1_309' title='bbox 587 4891 747 4946; x_wconf 88' lang='lat' dir='ltr'>Vers.</span> <span class='ocrx_word' id='word_1_310' title='bbox 806 4896 894 4949; x_wconf 87' lang='lat'>23.</span> <span class='ocrx_word' id='word_1_311' title='bbox 956 4894 1210 4967; x_wconf 76' lang='lat' dir='ltr'>Cumque</span> <span class='ocrx_word' id='word_1_312' title='bbox 1268 4898 1579 4955; x_wconf 72' lang='lat' dir='ltr'>dimisisset</span> <span class='ocrx_word' id='word_1_313' title='bbox 1632 4932 1689 4943; x_wconf 91' lang='lat'>--</span> <span class='ocrx_word' id='word_1_314' title='bbox 1748 4904 1813 4959; x_wconf 90' lang='lat' dir='ltr'>V.</span> <span class='ocrx_word' id='word_1_315' title='bbox 1881 4908 1967 4962; x_wconf 88' lang='grc'>24.</span> <span class='ocrx_word' id='word_1_316' title='bbox 2026 4909 2171 4967; x_wconf 75' lang='lat' dir='ltr'>illic.</span> 
     </span>
    </p>
   </div>
   <div class='ocr_carea' id='block_1_51' title="bbox 512 4981 2175 5068">
    <p class='ocr_par' dir='ltr' id='par_1_51' title="bbox 512 4981 2175 5068">
     <span class='ocr_line' id='line_1_51' title="bbox 512 4981 2175 5068; baseline 0.014 -33"><span class='ocrx_word' id='word_1_317' title='bbox 512 4981 702 5052; x_wconf 85' lang='lat' dir='ltr'>Aptus</span> <span class='ocrx_word' id='word_1_318' title='bbox 729 4986 815 5037; x_wconf 89' lang='lat' dir='ltr'>est</span> <span class='ocrx_word' id='word_1_319' title='bbox 841 4982 1001 5039; x_wconf 92' lang='lat' dir='ltr'>enim</span> <span class='ocrx_word' id='word_1_320' title='bbox 1027 5000 1203 5040; x_wconf 89' lang='lat' dir='ltr'>mons</span> <span class='ocrx_word' id='word_1_321' title='bbox 1232 4986 1310 5041; x_wconf 90' lang='lat' dir='ltr'>ad</span> <span class='ocrx_word' id='word_1_322' title='bbox 1332 4989 1668 5046; x_wconf 89' lang='lat' dir='ltr'>orationem</span> <span class='ocrx_word' id='word_1_323' title='bbox 1697 5008 1710 5042; x_wconf 93' lang='lat'>:</span> <span class='ocrx_word' id='word_1_324' title='bbox 1740 5008 1861 5050; x_wconf 83' lang='lat' dir='ltr'>nox</span> <span class='ocrx_word' id='word_1_325' title='bbox 1888 5002 2175 5068; x_wconf 71' lang='lat' dir='ltr'>praeterea</span> 
     </span>
    </p>
   </div>
   <div class='ocr_carea' id='block_1_52' title="bbox 514 5070 2168 5158">
    <p class='ocr_par' dir='ltr' id='par_1_52' title="bbox 514 5070 2168 5158">
     <span class='ocr_line' id='line_1_52' title="bbox 514 5070 2168 5158; baseline 0.013 -33"><span class='ocrx_word' id='word_1_326' title='bbox 514 5074 570 5125; x_wconf 92' lang='lat' dir='ltr'>et</span> <span class='ocrx_word' id='word_1_327' title='bbox 596 5070 853 5127; x_wconf 88' lang='lat' dir='ltr'>solitudo</span> <span class='ocrx_word' id='word_1_328' title='bbox 886 5073 1181 5131; x_wconf 86' lang='lat' dir='ltr'>silentium</span> <span class='ocrx_word' id='word_1_329' title='bbox 1215 5093 1284 5131; x_wconf 88' lang='lat' dir='ltr'>ac</span> <span class='ocrx_word' id='word_1_330' title='bbox 1325 5078 1840 5140; x_wconf 86' lang='lat' dir='ltr'>indistractionem</span> <span class='ocrx_word' id='word_1_331' title='bbox 1879 5088 2168 5158; x_wconf 61' lang='lat' dir='ltr'>praebent,</span> 
     </span>
    </p>
   </div>
   <div class='ocr_carea' id='block_1_53' title="bbox 513 5159 1488 5224">
    <p class='ocr_par' dir='ltr' id='par_1_53' title="bbox 513 5159 1488 5224">
     <span class='ocr_line' id='line_1_53' title="bbox 513 5159 1488 5224; baseline 0.01 -10"><span class='ocrx_word' id='word_1_332' title='bbox 513 5162 569 5214; x_wconf 89' lang='lat' dir='ltr'>et</span> <span class='ocrx_word' id='word_1_333' title='bbox 596 5159 1079 5219; x_wconf 90' lang='lat' dir='ltr'>immobilitatem</span> <span class='ocrx_word' id='word_1_334' title='bbox 1109 5164 1170 5219; x_wconf 90' lang='lat' dir='ltr'>in</span> <span class='ocrx_word' id='word_1_335' title='bbox 1200 5168 1488 5224; x_wconf 88' lang='lat' dir='ltr'>oratione.</span> 
     </span>
    </p>
   </div>
   <div class='ocr_carea' id='block_1_54' title="bbox 584 5259 1189 5327">
    <p class='ocr_par' dir='ltr' id='par_1_54' title="bbox 584 5259 1189 5327">
     <span class='ocr_line' id='line_1_54' title="bbox 584 5259 1189 5327; baseline 0.005 -11"><span class='ocrx_word' id='word_1_336' title='bbox 584 5259 633 5293; x_wconf 74' lang='grc'>⁴⁵</span> <span class='ocrx_word' id='word_1_337' title='bbox 662 5262 836 5317; x_wconf 85' lang='lat' dir='ltr'>Marc.</span> <span class='ocrx_word' id='word_1_338' title='bbox 869 5278 944 5327; x_wconf 87' lang='lat' dir='ltr'>v1,</span> <span class='ocrx_word' id='word_1_339' title='bbox 980 5262 1067 5325; x_wconf 76' lang='grc'>41,</span> <span class='ocrx_word' id='word_1_340' title='bbox 1101 5268 1189 5319; x_wconf 87' lang='grc'>43.</span> 
     </span>
    </p>
   </div>
   <div class='ocr_carea' id='block_1_55' title="bbox 1849 304 2572 364">
    <p class='ocr_par' dir='ltr' id='par_1_55' title="bbox 1849 304 2572 364">
     <span class='ocr_line' id='line_1_55' title="bbox 1849 304 2572 364; baseline -0.001 0"><span class='ocrx_word' id='word_1_341' title='bbox 1849 305 2203 364; x_wconf 86' lang='lat' dir='ltr'>EUTHYMII</span> <span class='ocrx_word' id='word_1_342' title='bbox 2236 304 2541 362; x_wconf 82' lang='lat' dir='ltr'>ZIGABEN</span> <span class='ocrx_word' id='word_1_343' title='bbox 2548 307 2572 364; x_wconf 95' lang='grc' dir='ltr'>Ι</span> 
     </span>
    </p>
   </div>
   <div class='ocr_carea' id='block_1_56' title="bbox 1426 432 2179 507">
    <p class='ocr_par' dir='ltr' id='par_1_56' title="bbox 1426 436 2179 503">
     <span class='ocr_line' id='line_1_56' title="bbox 1426 436 2179 503; baseline -0.009 -7"><span class='ocrx_word' id='word_1_344' title='bbox 1426 454 1535 496; x_wconf 90' lang='lat' dir='ltr'>nec</span> <span class='ocrx_word' id='word_1_345' title='bbox 1589 438 1654 494; x_wconf 92' lang='lat' dir='ltr'>id</span> <span class='ocrx_word' id='word_1_346' title='bbox 1706 436 1920 503; x_wconf 89' lang='lat' dir='ltr'>solum,</span> <span class='ocrx_word' id='word_1_347' title='bbox 1973 449 2179 491; x_wconf 87' lang='lat' dir='ltr'>verum</span> 
     </span>
    </p>
   </div>
   <div class='ocr_carea' id='block_1_57' title="bbox 2292 432 3908 507">
    <p class='ocr_par' dir='ltr' id='par_1_57' title="bbox 2293 432 3908 507">
     <span class='ocr_line' id='line_1_57' title="bbox 2293 432 3908 507; baseline 0.005 -22"><span class='ocrx_word' id='word_1_348' title='bbox 2293 440 2380 485; x_wconf 82' lang='grc' dir='ltr'>νῦν</span> <span class='ocrx_word' id='word_1_349' title='bbox 2427 433 2681 507; x_wconf 79' lang='grc' dir='ltr'>χορτάζει</span> <span class='ocrx_word' id='word_1_350' title='bbox 2734 432 2950 493; x_wconf 80' lang='grc' dir='ltr'>τούτους</span> <span class='ocrx_word' id='word_1_351' title='bbox 2994 435 3083 485; x_wconf 83' lang='grc' dir='ltr'>καὶ</span> <span class='ocrx_word' id='word_1_352' title='bbox 3132 442 3460 505; x_wconf 78' lang='grc' dir='ltr'>σωματικῆς.</span> <span class='ocrx_word' id='word_1_353' title='bbox 3498 440 3601 490; x_wconf 82' lang='grc' dir='ltr'>Καὶ</span> <span class='ocrx_word' id='word_1_354' title='bbox 3643 437 3703 490; x_wconf 80' lang='grc' dir='ltr'>ού</span> <span class='ocrx_word' id='word_1_355' title='bbox 3740 447 3908 493; x_wconf 85' lang='grc' dir='ltr'>ταῦτα</span> 
     </span>
    </p>
   </div>
   <div class='ocr_carea' id='block_1_58' title="bbox 2211 4250 2256 4304">
    <p class='ocr_par' dir='ltr' id='par_1_58' title="bbox 2211 4250 2256 4304">
     <span class='ocr_line' id='line_1_58' title="bbox 2211 4250 2256 4304; baseline 0 0"><span class='ocrx_word' id='word_1_356' title='bbox 2211 4250 2256 4304; x_wconf 86' lang='grc' dir='ltr'>Ι)</span> 
     </span>
    </p>
   </div>
   <div class='ocr_carea' id='block_1_59' title="bbox 3799 314 3910 369">
    <p class='ocr_par' dir='ltr' id='par_1_59' title="bbox 3799 314 3910 369">
     <span class='ocr_line' id='line_1_59' title="bbox 3799 314 3910 369; baseline 0 0"><span class='ocrx_word' id='word_1_357' title='bbox 3799 314 3910 369; x_wconf 76' lang='grc'>436</span> 
     </span>
    </p>
   </div>
   <div class='ocr_carea' id='block_1_60' title="bbox 2294 518 3907 600">
    <p class='ocr_par' dir='ltr' id='par_1_60' title="bbox 2294 518 3907 600">
     <span class='ocr_line' id='line_1_60' title="bbox 2294 518 3907 600; baseline 0.005 -26"><span class='ocrx_word' id='word_1_358' title='bbox 2294 528 2469 596; x_wconf 85' lang='grc' dir='ltr'>μόνον,</span> <span class='ocrx_word' id='word_1_359' title='bbox 2534 521 2660 574; x_wconf 82' lang='grc' dir='ltr'>ἀλλὰ</span> <span class='ocrx_word' id='word_1_360' title='bbox 2714 518 2956 574; x_wconf 75' lang='grc' dir='ltr'>παιδεύει</span> <span class='ocrx_word' id='word_1_361' title='bbox 3015 521 3206 583; x_wconf 81' lang='grc' dir='ltr'>αύτούς</span> <span class='ocrx_word' id='word_1_362' title='bbox 3266 524 3448 577; x_wconf 81' lang='grc' dir='ltr'>πολλά’</span> <span class='ocrx_word' id='word_1_363' title='bbox 3511 525 3612 579; x_wconf 87' lang='grc' dir='ltr'>ἀπὸ</span> <span class='ocrx_word' id='word_1_364' title='bbox 3672 531 3761 600; x_wconf 73' lang='grc' dir='ltr'>μεν</span> <span class='ocrx_word' id='word_1_365' title='bbox 3815 538 3907 591; x_wconf 86' lang='grc' dir='ltr'>τῆς</span> 
     </span>
    </p>
   </div>
   <div class='ocr_carea' id='block_1_61' title="bbox 2295 611 3295 675">
    <p class='ocr_par' dir='ltr' id='par_1_61' title="bbox 2295 611 3295 675">
     <span class='ocr_line' id='line_1_61' title="bbox 2295 611 3295 675; baseline -0.002 -10"><span class='ocrx_word' id='word_1_366' title='bbox 2295 612 2378 665; x_wconf 77' lang='grc' dir='ltr'>ἐπὶ</span> <span class='ocrx_word' id='word_1_367' title='bbox 2487 621 2558 675; x_wconf 84' lang='grc' dir='ltr'>τῷ</span> <span class='ocrx_word' id='word_1_368' title='bbox 2667 616 2845 675; x_wconf 86' lang='grc' dir='ltr'>χόρτῳ</span> <span class='ocrx_word' id='word_1_369' title='bbox 2943 611 3295 675; x_wconf 75' lang='grc' dir='ltr'>κατακλίσεως</span> 
     </span>
    </p>
   </div>
   <div class='ocr_carea' id='block_1_62' title="bbox 2296 697 3903 781">
    <p class='ocr_par' dir='ltr' id='par_1_62' title="bbox 2296 697 3903 781">
     <span class='ocr_line' id='line_1_62' title="bbox 2296 697 3903 781; baseline 0.004 -26"><span class='ocrx_word' id='word_1_370' title='bbox 2296 701 2395 755; x_wconf 85' lang='grc' dir='ltr'>ἀπὸ</span> <span class='ocrx_word' id='word_1_371' title='bbox 2443 697 2502 754; x_wconf 66' lang='grc' dir='ltr'>δὲ</span> <span class='ocrx_word' id='word_1_372' title='bbox 2544 708 2637 753; x_wconf 76' lang='grc' dir='ltr'>τοῦ</span> <span class='ocrx_word' id='word_1_373' title='bbox 2681 698 2847 773; x_wconf 70' lang='grc' dir='ltr'>μηδὲν</span> <span class='ocrx_word' id='word_1_374' title='bbox 2877 700 3027 753; x_wconf 75' lang='grc' dir='ltr'>πλέον</span> <span class='ocrx_word' id='word_1_375' title='bbox 3069 703 3231 776; x_wconf 82' lang='grc' dir='ltr'>ἄρτου</span> <span class='ocrx_word' id='word_1_376' title='bbox 3261 707 3351 755; x_wconf 82' lang='grc' dir='ltr'>καὶ</span> <span class='ocrx_word' id='word_1_377' title='bbox 3385 704 3572 775; x_wconf 79' lang='grc' dir='ltr'>ἰχθύος</span> <span class='ocrx_word' id='word_1_378' title='bbox 3600 716 3903 781; x_wconf 80' lang='grc' dir='ltr'>παρασχεῖν</span> 
     </span>
    </p>
   </div>
   <div class='ocr_carea' id='block_1_63' title="bbox 2295 787 3904 871">
    <p class='ocr_par' dir='ltr' id='par_1_63' title="bbox 2295 787 3904 871">
     <span class='ocr_line' id='line_1_63' title="bbox 2295 787 3904 871; baseline 0.006 -29"><span class='ocrx_word' id='word_1_379' title='bbox 2295 790 2617 867; x_wconf 78' lang='grc' dir='ltr'>ἕγκράτειαν·</span> <span class='ocrx_word' id='word_1_380' title='bbox 2679 789 2781 843; x_wconf 88' lang='grc' dir='ltr'>ἀπὸ</span> <span class='ocrx_word' id='word_1_381' title='bbox 2841 787 2903 844; x_wconf 67' lang='grc' dir='ltr'>δὲ</span> <span class='ocrx_word' id='word_1_382' title='bbox 2972 799 3065 844; x_wconf 86' lang='grc' dir='ltr'>τοῦ</span> <span class='ocrx_word' id='word_1_383' title='bbox 3114 797 3251 845; x_wconf 86' lang='grc' dir='ltr'>πᾶσι</span> <span class='ocrx_word' id='word_1_384' title='bbox 3313 796 3379 846; x_wconf 82' lang='grc' dir='ltr'>τὰ</span> <span class='ocrx_word' id='word_1_385' title='bbox 3436 795 3572 848; x_wconf 74' lang='grc' dir='ltr'>αὐτὰ</span> <span class='ocrx_word' id='word_1_386' title='bbox 3637 793 3904 871; x_wconf 84' lang='grc' dir='ltr'>διανεῖμαι</span> 
     </span>
    </p>
   </div>
   <div class='ocr_carea' id='block_1_64' title="bbox 2298 878 2543 938">
    <p class='ocr_par' dir='ltr' id='par_1_64' title="bbox 2298 878 2543 938">
     <span class='ocr_line' id='line_1_64' title="bbox 2298 878 2543 938; baseline 0.004 -7"><span class='ocrx_word' id='word_1_387' title='bbox 2298 878 2543 938; x_wconf 82' lang='grc' dir='ltr'>ἰσότητα,</span> 
     </span>
    </p>
   </div>
   <div class='ocr_carea' id='block_1_65' title="bbox 2487 616 3905 689">
    <p class='ocr_par' dir='ltr' id='par_1_65' title="bbox 2487 616 3905 689">
     <span class='ocr_line' id='line_1_65' title="bbox 2487 616 3905 689; baseline 0.001 -23"><span class='ocrx_word' id='word_1_388' title='bbox 2487 621 2558 682; x_wconf 83' lang='grc' dir='ltr'>τῷ</span> <span class='ocrx_word' id='word_1_389' title='bbox 2665 616 2845 685; x_wconf 84' lang='grc' dir='ltr'>χόρτῳ</span> <span class='ocrx_word' id='word_1_390' title='bbox 2943 616 3295 675; x_wconf 75' lang='grc' dir='ltr'>κατακλίσεως</span> <span class='ocrx_word' id='word_1_391' title='bbox 3402 620 3905 689; x_wconf 72' lang='grc' dir='ltr'>ταπεινοφροσύνην,</span> 
     </span>
    </p>
   </div>
   <div class='ocr_carea' id='block_1_66' title="bbox 2366 988 3901 1067">
    <p class='ocr_par' dir='ltr' id='par_1_66' title="bbox 2366 988 3901 1067">
     <span class='ocr_line' id='line_1_66' title="bbox 2366 988 3901 1067; baseline 0.005 -27"><span class='ocrx_word' id='word_1_392' title='bbox 2366 992 2469 1040; x_wconf 81' lang='grc' dir='ltr'>Καὶ</span> <span class='ocrx_word' id='word_1_393' title='bbox 2515 1018 2585 1030; x_wconf 94' lang='grc'><strong><em>-</em></strong></span> <span class='ocrx_word' id='word_1_394' title='bbox 2636 988 2851 1063; x_wconf 75' lang='grc' dir='ltr'>πλήρεις</span> <span class='ocrx_word' id='word_1_395' title='bbox 2897 988 3033 1061; x_wconf 79' lang='grc'>(65).</span> <span class='ocrx_word' id='word_1_396' title='bbox 3078 991 3212 1051; x_wconf 77' lang='grc' dir='ltr'>Τοὺς</span> <span class='ocrx_word' id='word_1_397' title='bbox 3257 994 3406 1045; x_wconf 75' lang='grc' dir='ltr'>πέντε</span> <span class='ocrx_word' id='word_1_398' title='bbox 3448 993 3636 1067; x_wconf 79' lang='grc' dir='ltr'>ἄρτους</span> <span class='ocrx_word' id='word_1_399' title='bbox 3683 993 3901 1063; x_wconf 78' lang='grc' dir='ltr'>κλάσας,</span> 
     </span>
    </p>
   </div>
   <div class='ocr_carea' id='block_1_67' title="bbox 2294 1073 3903 1156">
    <p class='ocr_par' dir='ltr' id='par_1_67' title="bbox 2294 1073 3903 1156">
     <span class='ocr_line' id='line_1_67' title="bbox 2294 1073 3903 1156; baseline 0.006 -28"><span class='ocrx_word' id='word_1_400' title='bbox 2294 1073 2472 1143; x_wconf 82' lang='grc' dir='ltr'>ἔδωκε,</span> <span class='ocrx_word' id='word_1_401' title='bbox 2530 1079 2595 1130; x_wconf 84' lang='grc' dir='ltr'>τὰ</span> <span class='ocrx_word' id='word_1_402' title='bbox 2647 1077 2928 1150; x_wconf 77' lang='grc' dir='ltr'>κλάσματα</span> <span class='ocrx_word' id='word_1_403' title='bbox 2985 1075 3045 1131; x_wconf 68' lang='grc' dir='ltr'>δε</span> <span class='ocrx_word' id='word_1_404' title='bbox 3096 1082 3287 1132; x_wconf 90' lang='grc' dir='ltr'>τούτων</span> <span class='ocrx_word' id='word_1_405' title='bbox 3331 1080 3380 1132; x_wconf 84' lang='grc' dir='ltr'>ἐν</span> <span class='ocrx_word' id='word_1_406' title='bbox 3432 1088 3544 1143; x_wconf 87' lang='grc' dir='ltr'>ταῖς</span> <span class='ocrx_word' id='word_1_407' title='bbox 3594 1088 3756 1156; x_wconf 84' lang='grc' dir='ltr'>χερσὶ</span> <span class='ocrx_word' id='word_1_408' title='bbox 3801 1092 3903 1137; x_wconf 86' lang='grc' dir='ltr'>τῶν</span> 
     </span>
    </p>
   </div>
   <div class='ocr_carea' id='block_1_68' title="bbox 2292 1166 3903 1246">
    <p class='ocr_par' dir='ltr' id='par_1_68' title="bbox 2292 1166 3903 1246">
     <span class='ocr_line' id='line_1_68' title="bbox 2292 1166 3903 1246; baseline 0.005 -28"><span class='ocrx_word' id='word_1_409' title='bbox 2292 1169 2540 1239; x_wconf 88' lang='grc' dir='ltr'>μαθητων</span> <span class='ocrx_word' id='word_1_410' title='bbox 2618 1166 2979 1225; x_wconf 83' lang='grc' dir='ltr'>ἓπληθύνοντο·</span> <span class='ocrx_word' id='word_1_411' title='bbox 3040 1172 3131 1221; x_wconf 85' lang='grc' dir='ltr'>καὶ</span> <span class='ocrx_word' id='word_1_412' title='bbox 3190 1172 3248 1221; x_wconf 91' lang='grc' dir='ltr'>τὸ</span> <span class='ocrx_word' id='word_1_413' title='bbox 3318 1172 3494 1243; x_wconf 78' lang='grc' dir='ltr'>θαῦμα</span> <span class='ocrx_word' id='word_1_414' title='bbox 3560 1171 3720 1234; x_wconf 83' lang='grc' dir='ltr'>ξένον.</span> <span class='ocrx_word' id='word_1_415' title='bbox 3780 1173 3903 1246; x_wconf 81' lang='grc' dir='ltr'>Ούχ</span> 
     </span>
    </p>
   </div>
   <div class='ocr_carea' id='block_1_69' title="bbox 2294 1259 3905 1332">
    <p class='ocr_par' dir='ltr' id='par_1_69' title="bbox 2294 1259 3905 1332">
     <span class='ocr_line' id='line_1_69' title="bbox 2294 1259 3905 1332; baseline 0.004 -24"><span class='ocrx_word' id='word_1_416' title='bbox 2294 1262 2478 1309; x_wconf 83' lang='grc' dir='ltr'>ἵστατο</span> <span class='ocrx_word' id='word_1_417' title='bbox 2534 1259 2633 1330; x_wconf 83' lang='grc' dir='ltr'>γὰρ</span> <span class='ocrx_word' id='word_1_418' title='bbox 2692 1261 2857 1332; x_wconf 87' lang='grc' dir='ltr'>μέχρι</span> <span class='ocrx_word' id='word_1_419' title='bbox 2913 1264 3007 1309; x_wconf 84' lang='grc' dir='ltr'>τοῦ</span> <span class='ocrx_word' id='word_1_420' title='bbox 3057 1261 3370 1331; x_wconf 79' lang='grc' dir='ltr'>κορεσθῆναι</span> <span class='ocrx_word' id='word_1_421' title='bbox 3425 1263 3514 1313; x_wconf 90' lang='grc' dir='ltr'>τὸν</span> <span class='ocrx_word' id='word_1_422' title='bbox 3573 1261 3715 1328; x_wconf 85' lang='grc' dir='ltr'>λαὸν,</span> <span class='ocrx_word' id='word_1_423' title='bbox 3776 1262 3905 1316; x_wconf 86' lang='grc' dir='ltr'>ἀλλά</span> 
     </span>
    </p>
   </div>
   <div class='ocr_carea' id='block_1_70' title="bbox 2292 1346 3901 1426">
    <p class='ocr_par' dir='ltr' id='par_1_70' title="bbox 2292 1346 3901 1426">
     <span class='ocr_line' id='line_1_70' title="bbox 2292 1346 3901 1426; baseline 0.006 -29"><span class='ocrx_word' id='word_1_424' title='bbox 2292 1351 2382 1398; x_wconf 82' lang='grc' dir='ltr'>καὶ</span> <span class='ocrx_word' id='word_1_425' title='bbox 2436 1351 2503 1407; x_wconf 83' lang='grc' dir='ltr'>εὶς</span> <span class='ocrx_word' id='word_1_426' title='bbox 2551 1351 2609 1398; x_wconf 82' lang='grc' dir='ltr'>τὸ</span> <span class='ocrx_word' id='word_1_427' title='bbox 2654 1350 2983 1421; x_wconf 76' lang='grc' dir='ltr'>περισσεύειν</span> <span class='ocrx_word' id='word_1_428' title='bbox 3030 1346 3276 1420; x_wconf 82' lang='grc' dir='ltr'>ἐξεχεῖτο,</span> <span class='ocrx_word' id='word_1_429' title='bbox 3318 1354 3405 1401; x_wconf 86' lang='grc' dir='ltr'>καὶ</span> <span class='ocrx_word' id='word_1_430' title='bbox 3453 1354 3511 1402; x_wconf 81' lang='grc' dir='ltr'>τὸ</span> <span class='ocrx_word' id='word_1_431' title='bbox 3554 1351 3671 1423; x_wconf 88' lang='grc'>(66)</span> <span class='ocrx_word' id='word_1_432' title='bbox 3716 1372 3901 1426; x_wconf 88' lang='grc' dir='ltr'>περισ-</span> 
     </span>
    </p>
   </div>
   <div class='ocr_carea' id='block_1_71' title="bbox 2295 1433 3906 1509">
    <p class='ocr_par' dir='ltr' id='par_1_71' title="bbox 2295 1433 3906 1509">
     <span class='ocr_line' id='line_1_71' title="bbox 2295 1433 3906 1509; baseline 0.005 -22"><span class='ocrx_word' id='word_1_433' title='bbox 2295 1442 2441 1487; x_wconf 79' lang='grc' dir='ltr'>σεῦον</span> <span class='ocrx_word' id='word_1_434' title='bbox 2493 1433 2705 1489; x_wconf 78' lang='grc' dir='ltr'>δώδεκα</span> <span class='ocrx_word' id='word_1_435' title='bbox 2758 1440 2959 1509; x_wconf 77' lang='grc' dir='ltr'>κόφινοι</span> <span class='ocrx_word' id='word_1_436' title='bbox 3002 1441 3261 1509; x_wconf 76' lang='grc' dir='ltr'>γέμοντες,</span> <span class='ocrx_word' id='word_1_437' title='bbox 3313 1439 3395 1491; x_wconf 84' lang='grc' dir='ltr'>ἵνα</span> <span class='ocrx_word' id='word_1_438' title='bbox 3444 1445 3535 1492; x_wconf 86' lang='grc' dir='ltr'>καὶ</span> <span class='ocrx_word' id='word_1_439' title='bbox 3583 1443 3630 1493; x_wconf 81' lang='grc' dir='ltr'>οἱ</span> <span class='ocrx_word' id='word_1_440' title='bbox 3690 1438 3906 1495; x_wconf 84' lang='grc' dir='ltr'>δώδεκα</span> 
     </span>
    </p>
   </div>
   <div class='ocr_carea' id='block_1_72' title="bbox 2294 1523 3903 1602">
    <p class='ocr_par' dir='ltr' id='par_1_72' title="bbox 2294 1523 3903 1602">
     <span class='ocr_line' id='line_1_72' title="bbox 2294 1523 3903 1602; baseline 0.006 -26"><span class='ocrx_word' id='word_1_441' title='bbox 2294 1526 2576 1577; x_wconf 78' lang='grc' dir='ltr'>ἀπόστολοι</span> <span class='ocrx_word' id='word_1_442' title='bbox 2634 1523 3044 1579; x_wconf 79' lang='grc' dir='ltr'>διαϐαστάσωσι</span> <span class='ocrx_word' id='word_1_443' title='bbox 3113 1528 3226 1599; x_wconf 88' lang='grc'>(67)</span> <span class='ocrx_word' id='word_1_444' title='bbox 3302 1532 3421 1591; x_wconf 86' lang='grc' dir='ltr'>τούς</span> <span class='ocrx_word' id='word_1_445' title='bbox 3477 1535 3740 1602; x_wconf 78' lang='grc' dir='ltr'>κοφίνους,</span> <span class='ocrx_word' id='word_1_446' title='bbox 3810 1538 3903 1586; x_wconf 85' lang='grc' dir='ltr'>καὶ</span> 
     </span>
    </p>
   </div>
   <div class='ocr_carea' id='block_1_73' title="bbox 2293 1618 3903 1692">
    <p class='ocr_par' dir='ltr' id='par_1_73' title="bbox 2293 1618 3903 1692">
     <span class='ocr_line' id='line_1_73' title="bbox 2293 1618 3903 1692; baseline 0.005 -25"><span class='ocrx_word' id='word_1_447' title='bbox 2293 1622 2465 1689; x_wconf 80' lang='grc' dir='ltr'>ὥσπερ</span> <span class='ocrx_word' id='word_1_448' title='bbox 2538 1618 2635 1677; x_wconf 89' lang='grc' dir='ltr'>τὰς</span> <span class='ocrx_word' id='word_1_449' title='bbox 2703 1624 2905 1688; x_wconf 82' lang='grc' dir='ltr'>χεῖρας,</span> <span class='ocrx_word' id='word_1_450' title='bbox 2968 1621 3101 1669; x_wconf 68' lang='grc' dir='ltr'>οὕτω</span> <span class='ocrx_word' id='word_1_451' title='bbox 3166 1622 3255 1669; x_wconf 85' lang='grc' dir='ltr'>καὶ</span> <span class='ocrx_word' id='word_1_452' title='bbox 3324 1622 3441 1679; x_wconf 87' lang='grc' dir='ltr'>τούς</span> <span class='ocrx_word' id='word_1_453' title='bbox 3498 1624 3672 1692; x_wconf 85' lang='grc' dir='ltr'>ὤμους</span> <span class='ocrx_word' id='word_1_454' title='bbox 3724 1621 3903 1684; x_wconf 73' lang='grc' dir='ltr'>ἱξουσι</span> 
     </span>
    </p>
   </div>
   <div class='ocr_carea' id='block_1_74' title="bbox 2217 1700 3903 1783">
    <p class='ocr_par' dir='ltr' id='par_1_74' title="bbox 2217 1700 3903 1783">
     <span class='ocr_line' id='line_1_74' title="bbox 2217 1700 3903 1783; baseline 0.004 -25"><span class='ocrx_word' id='word_1_455' title='bbox 2217 1703 2261 1758; x_wconf 89' lang='grc' dir='ltr'>Β</span> <span class='ocrx_word' id='word_1_456' title='bbox 2294 1700 2567 1767; x_wconf 81' lang='grc' dir='ltr'>διακόνους</span> <span class='ocrx_word' id='word_1_457' title='bbox 2616 1706 2705 1756; x_wconf 83' lang='grc' dir='ltr'><strong>κᾶὶ</strong></span> <span class='ocrx_word' id='word_1_458' title='bbox 2756 1708 3029 1779; x_wconf 88' lang='grc' dir='ltr'>μάρτυρας</span> <span class='ocrx_word' id='word_1_459' title='bbox 3080 1714 3171 1758; x_wconf 80' lang='grc' dir='ltr'>τοῦ</span> <span class='ocrx_word' id='word_1_460' title='bbox 3215 1710 3454 1760; x_wconf 92' lang='grc' dir='ltr'>τοιούτου</span> <span class='ocrx_word' id='word_1_461' title='bbox 3508 1711 3788 1783; x_wconf 87' lang='grc' dir='ltr'>θαύματος,</span> <span class='ocrx_word' id='word_1_462' title='bbox 3843 1712 3903 1764; x_wconf 70' lang='grc' dir='ltr'>Ὀ</span> 
     </span>
    </p>
   </div>
   <div class='ocr_carea' id='block_1_75' title="bbox 2293 1788 3903 1876">
    <p class='ocr_par' dir='ltr' id='par_1_75' title="bbox 2293 1788 3903 1876">
     <span class='ocr_line' id='line_1_75' title="bbox 2293 1788 3903 1876; baseline 0.006 -33"><span class='ocrx_word' id='word_1_463' title='bbox 2293 1788 2352 1844; x_wconf 75' lang='grc' dir='ltr'>δὲ</span> <span class='ocrx_word' id='word_1_464' title='bbox 2404 1795 2616 1867; x_wconf 86' lang='grc' dir='ltr'>Μάρκος</span> <span class='ocrx_word' id='word_1_465' title='bbox 2676 1792 2830 1859; x_wconf 81' lang='grc' dir='ltr'>εἶπεν,</span> <span class='ocrx_word' id='word_1_466' title='bbox 2880 1795 2959 1846; x_wconf 84' lang='grc' dir='ltr'>ὃτι</span> <span class='ocrx_word' id='word_1_467' title='bbox 3010 1800 3097 1847; x_wconf 77' lang='grc' dir='ltr'>καὶ</span> <span class='ocrx_word' id='word_1_468' title='bbox 3152 1800 3275 1857; x_wconf 83' lang='grc' dir='ltr'>τοὺς</span> <span class='ocrx_word' id='word_1_469' title='bbox 3328 1793 3425 1849; x_wconf 87' lang='grc' dir='ltr'>δύο</span> <span class='ocrx_word' id='word_1_470' title='bbox 3489 1798 3685 1870; x_wconf 81' lang='grc' dir='ltr'>ἰχθύας</span> <span class='ocrx_word' id='word_1_471' title='bbox 3735 1801 3903 1876; x_wconf 82' lang='grc' dir='ltr'>ἐμέρι-</span> 
     </span>
    </p>
   </div>
   <div class='ocr_carea' id='block_1_76' title="bbox 2294 1881 3903 1963">
    <p class='ocr_par' dir='ltr' id='par_1_76' title="bbox 2294 1881 3903 1963">
     <span class='ocr_line' id='line_1_76' title="bbox 2294 1881 3903 1963; baseline 0.007 -30"><span class='ocrx_word' id='word_1_472' title='bbox 2294 1900 2377 1933; x_wconf 90' lang='grc' dir='ltr'>σεν</span> <span class='ocrx_word' id='word_1_473' title='bbox 2426 1881 2621 1947; x_wconf 74' lang='grc' dir='ltr'>αὐτοῖς,</span> <span class='ocrx_word' id='word_1_474' title='bbox 2678 1887 2767 1935; x_wconf 81' lang='grc' dir='ltr'>καὶ</span> <span class='ocrx_word' id='word_1_475' title='bbox 2828 1886 2908 1935; x_wconf 81' lang='grc' dir='ltr'>ὅτι</span> <span class='ocrx_word' id='word_1_476' title='bbox 2960 1890 3047 1936; x_wconf 83' lang='grc' dir='ltr'>καὶ</span> <span class='ocrx_word' id='word_1_477' title='bbox 3095 1882 3147 1936; x_wconf 82' lang='grc' dir='ltr'>ἐκ</span> <span class='ocrx_word' id='word_1_478' title='bbox 3201 1888 3393 1938; x_wconf 89' lang='grc' dir='ltr'>τούτων</span> <span class='ocrx_word' id='word_1_479' title='bbox 3448 1884 3579 1961; x_wconf 76' lang='grc' dir='ltr'>ἦραν</span> <span class='ocrx_word' id='word_1_480' title='bbox 3628 1895 3903 1963; x_wconf 87' lang='grc' dir='ltr'>περισσεύ-</span> 
     </span>
    </p>
   </div>
   <div class='ocr_carea' id='block_1_77' title="bbox 2291 1990 2453 2042">
    <p class='ocr_par' dir='ltr' id='par_1_77' title="bbox 2291 1990 2453 2042">
     <span class='ocr_line' id='line_1_77' title="bbox 2291 1990 2453 2042; baseline 0.025 -20"><span class='ocrx_word' id='word_1_481' title='bbox 2291 1990 2453 2042; x_wconf 88' lang='grc' dir='ltr'>ματα.</span> 
     </span>
    </p>
   </div>
   <div class='ocr_carea' id='block_1_78' title="bbox 2362 2076 3901 2148">
    <p class='ocr_par' dir='ltr' id='par_1_78' title="bbox 2362 2076 3901 2148">
     <span class='ocr_line' id='line_1_78' title="bbox 2362 2076 3901 2148; baseline 0.006 -17"><span class='ocrx_word' id='word_1_482' title='bbox 2362 2081 2429 2131; x_wconf 84' lang='grc' dir='ltr'>Οἱ</span> <span class='ocrx_word' id='word_1_483' title='bbox 2487 2076 2546 2132; x_wconf 63' lang='grc' dir='ltr'>δὲ</span> <span class='ocrx_word' id='word_1_484' title='bbox 2597 2110 2667 2121; x_wconf 92' lang='lat'><strong><em>—</em></strong></span> <span class='ocrx_word' id='word_1_485' title='bbox 2718 2076 2967 2135; x_wconf 83' lang='grc' dir='ltr'>παιδίων.</span> <span class='ocrx_word' id='word_1_486' title='bbox 3029 2087 3192 2133; x_wconf 85' lang='grc' dir='ltr'>Τούτο</span> <span class='ocrx_word' id='word_1_487' title='bbox 3238 2087 3324 2135; x_wconf 86' lang='grc' dir='ltr'>καὶ</span> <span class='ocrx_word' id='word_1_488' title='bbox 3376 2084 3602 2148; x_wconf 71' lang='grc' dir='ltr'>αὔξησίς</span> <span class='ocrx_word' id='word_1_489' title='bbox 3642 2086 3755 2139; x_wconf 87' lang='grc' dir='ltr'>ἐστι</span> <span class='ocrx_word' id='word_1_490' title='bbox 3806 2096 3901 2140; x_wconf 84' lang='grc' dir='ltr'>τοῦ</span> 
     </span>
    </p>
   </div>
   <div class='ocr_carea' id='block_1_79' title="bbox 2293 2169 3904 2250">
    <p class='ocr_par' dir='ltr' id='par_1_79' title="bbox 2293 2169 3904 2250">
     <span class='ocr_line' id='line_1_79' title="bbox 2293 2169 3904 2250; baseline 0.006 -29"><span class='ocrx_word' id='word_1_491' title='bbox 2293 2170 2579 2239; x_wconf 80' lang='grc' dir='ltr'>θαύματος,</span> <span class='ocrx_word' id='word_1_492' title='bbox 2682 2173 2773 2222; x_wconf 78' lang='grc' dir='ltr'>καὶ</span> <span class='ocrx_word' id='word_1_493' title='bbox 2859 2177 2959 2221; x_wconf 83' lang='grc' dir='ltr'>τῶν</span> <span class='ocrx_word' id='word_1_494' title='bbox 3051 2169 3222 2242; x_wconf 79' lang='grc' dir='ltr'>ὄχλων</span> <span class='ocrx_word' id='word_1_495' title='bbox 3304 2175 3530 2239; x_wconf 70' lang='grc' dir='ltr'>ἔπαινος,</span> <span class='ocrx_word' id='word_1_496' title='bbox 3614 2180 3693 2228; x_wconf 81' lang='grc' dir='ltr'>ὅτι</span> <span class='ocrx_word' id='word_1_497' title='bbox 3768 2181 3904 2250; x_wconf 86' lang='grc' dir='ltr'>μετά</span> 
     </span>
    </p>
   </div>
   <div class='ocr_carea' id='block_1_80' title="bbox 2288 2256 3897 2336">
    <p class='ocr_par' dir='ltr' id='par_1_80' title="bbox 2288 2256 3897 2336">
     <span class='ocr_line' id='line_1_80' title="bbox 2288 2256 3897 2336; baseline 0.007 -28"><span class='ocrx_word' id='word_1_498' title='bbox 2288 2266 2547 2330; x_wconf 86' lang='grc' dir='ltr'>γυναικῶν</span> <span class='ocrx_word' id='word_1_499' title='bbox 2622 2264 2710 2311; x_wconf 82' lang='grc' dir='ltr'>καὶ</span> <span class='ocrx_word' id='word_1_500' title='bbox 2788 2256 3017 2312; x_wconf 89' lang='grc' dir='ltr'>παιδίων</span> <span class='ocrx_word' id='word_1_501' title='bbox 3094 2258 3480 2336; x_wconf 78' lang='grc' dir='ltr'>προσήδρευον.</span> <span class='ocrx_word' id='word_1_502' title='bbox 3539 2270 3639 2318; x_wconf 83' lang='grc' dir='ltr'>Καὶ</span> <span class='ocrx_word' id='word_1_503' title='bbox 3713 2264 3897 2326; x_wconf 73' lang='grc' dir='ltr'>ἐπειδὴ</span> 
     </span>
    </p>
   </div>
   <div class='ocr_carea' id='block_1_81' title="bbox 2290 2352 3902 2429">
    <p class='ocr_par' dir='ltr' id='par_1_81' title="bbox 2290 2352 3902 2429">
     <span class='ocr_line' id='line_1_81' title="bbox 2290 2352 3902 2429; baseline 0.007 -30"><span class='ocrx_word' id='word_1_504' title='bbox 2290 2352 2498 2399; x_wconf 81' lang='grc' dir='ltr'>πανοικὶ</span> <span class='ocrx_word' id='word_1_505' title='bbox 2564 2352 2895 2421; x_wconf 73' lang='grc' dir='ltr'>παρέμειναν,</span> <span class='ocrx_word' id='word_1_506' title='bbox 2976 2355 3187 2403; x_wconf 82' lang='grc' dir='ltr'>πανοικὶ</span> <span class='ocrx_word' id='word_1_507' title='bbox 3262 2356 3352 2404; x_wconf 87' lang='grc' dir='ltr'>καὶ</span> <span class='ocrx_word' id='word_1_508' title='bbox 3429 2361 3525 2416; x_wconf 86' lang='grc' dir='ltr'>τῆς</span> <span class='ocrx_word' id='word_1_509' title='bbox 3600 2355 3902 2429; x_wconf 85' lang='grc' dir='ltr'>εύεργεσίας</span> 
     </span>
    </p>
   </div>
   <div class='ocr_carea' id='block_1_82' title="bbox 2292 2436 2625 2495">
    <p class='ocr_par' dir='ltr' id='par_1_82' title="bbox 2292 2436 2625 2495">
     <span class='ocr_line' id='line_1_82' title="bbox 2292 2436 2625 2495; baseline 0.012 -7"><span class='ocrx_word' id='word_1_510' title='bbox 2292 2436 2501 2495; x_wconf 82' lang='grc' dir='ltr'>ἀπὴλαυ</span> <span class='ocrx_word' id='word_1_511' title='bbox 2510 2458 2625 2492; x_wconf 85' lang='grc' dir='ltr'>σαν.</span> 
     </span>
    </p>
   </div>
   <div class='ocr_carea' id='block_1_83' title="bbox 2455 2545 3737 2624">
    <p class='ocr_par' dir='ltr' id='par_1_83' title="bbox 2455 2545 3737 2624">
     <span class='ocr_line' id='line_1_83' title="bbox 2455 2545 3737 2624; baseline 0.007 -26"><span class='ocrx_word' id='word_1_512' title='bbox 2455 2552 2600 2600; x_wconf 78' lang='grc' dir='ltr'>ΚΕΦ.</span> <span class='ocrx_word' id='word_1_513' title='bbox 2636 2545 2751 2599; x_wconf 72' lang='grc' dir='ltr'>ΚΖ.</span> <span class='ocrx_word' id='word_1_514' title='bbox 2787 2552 2911 2620; x_wconf 87' lang='grc' dir='ltr'>Περὶ</span> <span class='ocrx_word' id='word_1_515' title='bbox 2942 2548 3032 2600; x_wconf 81' lang='grc' dir='ltr'>τού</span> <span class='ocrx_word' id='word_1_516' title='bbox 3064 2552 3112 2600; x_wconf 88' lang='grc' dir='ltr'>ἐν</span> <span class='ocrx_word' id='word_1_517' title='bbox 3156 2548 3397 2623; x_wconf 76' lang='grc' dir='ltr'>θαλάσσῃ</span> <span class='ocrx_word' id='word_1_518' title='bbox 3428 2554 3737 2624; x_wconf 81' lang='grc' dir='ltr'>περιπάτου.</span> 
     </span>
    </p>
   </div>
   <div class='ocr_carea' id='block_1_84' title="bbox 2368 2706 3902 2786">
    <p class='ocr_par' dir='ltr' id='par_1_84' title="bbox 2368 2706 3902 2786">
     <span class='ocr_line' id='line_1_84' title="bbox 2368 2706 3902 2786; baseline 0.008 -27"><span class='ocrx_word' id='word_1_519' title='bbox 2368 2710 2467 2759; x_wconf 83' lang='grc' dir='ltr'>Καὶ</span> <span class='ocrx_word' id='word_1_520' title='bbox 2526 2706 2706 2770; x_wconf 74' lang='grc' dir='ltr'>εὐθέως</span> <span class='ocrx_word' id='word_1_521' title='bbox 2759 2738 2828 2749; x_wconf 90' lang='lat'>-—-</span> <span class='ocrx_word' id='word_1_522' title='bbox 2899 2708 3105 2780; x_wconf 82' lang='grc' dir='ltr'>ὄχλους.</span> <span class='ocrx_word' id='word_1_523' title='bbox 3184 2714 3269 2769; x_wconf 82' lang='grc' dir='ltr'>Μὴ</span> <span class='ocrx_word' id='word_1_524' title='bbox 3352 2710 3699 2786; x_wconf 80' lang='grc' dir='ltr'>βουλομένους</span> <span class='ocrx_word' id='word_1_525' title='bbox 3773 2737 3902 2771; x_wconf 88' lang='grc' dir='ltr'>απο-</span> 
     </span>
    </p>
   </div>
   <div class='ocr_carea' id='block_1_85' title="bbox 2297 2791 3907 2876">
    <p class='ocr_par' dir='ltr' id='par_1_85' title="bbox 2297 2791 3907 2876">
     <span class='ocr_line' id='line_1_85' title="bbox 2297 2791 3907 2876; baseline 0.008 -28"><span class='ocrx_word' id='word_1_526' title='bbox 2297 2798 2599 2855; x_wconf 84' lang='grc' dir='ltr'>σπασθῆναι</span> <span class='ocrx_word' id='word_1_527' title='bbox 2656 2796 2833 2870; x_wconf 72' lang='grc' dir='ltr'>αὐτοῦ,</span> <span class='ocrx_word' id='word_1_528' title='bbox 2903 2799 3197 2870; x_wconf 81' lang='grc' dir='ltr'>ἠνάγκασεν</span> <span class='ocrx_word' id='word_1_529' title='bbox 3274 2791 3473 2864; x_wconf 80' lang='grc' dir='ltr'>αύτούς</span> <span class='ocrx_word' id='word_1_530' title='bbox 3539 2801 3760 2876; x_wconf 71' lang='grc' dir='ltr'>ἐμϐῆναι</span> <span class='ocrx_word' id='word_1_531' title='bbox 3830 2808 3907 2872; x_wconf 86' lang='grc' dir='ltr'>εἰς</span> 
     </span>
    </p>
   </div>
   <div class='ocr_carea' id='block_1_86' title="bbox 2292 2886 3903 2965">
    <p class='ocr_par' dir='ltr' id='par_1_86' title="bbox 2292 2886 3903 2965">
     <span class='ocr_line' id='line_1_86' title="bbox 2292 2886 3903 2965; baseline 0.008 -28"><span class='ocrx_word' id='word_1_532' title='bbox 2292 2888 2348 2937; x_wconf 89' lang='grc' dir='ltr'>τὸ</span> <span class='ocrx_word' id='word_1_533' title='bbox 2414 2886 2590 2938; x_wconf 89' lang='grc' dir='ltr'>πλοῖον</span> <span class='ocrx_word' id='word_1_534' title='bbox 2647 2891 2737 2938; x_wconf 87' lang='grc' dir='ltr'>καὶ</span> <span class='ocrx_word' id='word_1_535' title='bbox 2793 2889 3057 2960; x_wconf 77' lang='grc' dir='ltr'>προάγειν,</span> <span class='ocrx_word' id='word_1_536' title='bbox 3118 2893 3233 2945; x_wconf 76' lang='grc' dir='ltr'>ἤτοι</span> <span class='ocrx_word' id='word_1_537' title='bbox 3306 2890 3687 2965; x_wconf 77' lang='grc' dir='ltr'>προλαμϐάνειν</span> <span class='ocrx_word' id='word_1_538' title='bbox 3744 2897 3903 2950; x_wconf 72' lang='grc' dir='ltr'>αὐτὸν</span> 
     </span>
    </p>
   </div>
   <div class='ocr_carea' id='block_1_87' title="bbox 2216 2974 3907 3050">
    <p class='ocr_par' dir='ltr' id='par_1_87' title="bbox 2216 2974 3907 3050">
     <span class='ocr_line' id='line_1_87' title="bbox 2216 2974 3907 3050; baseline 0.008 -24"><span class='ocrx_word' id='word_1_539' title='bbox 2216 2978 2256 3033; x_wconf 92' lang='lat' dir='ltr'>C</span> <span class='ocrx_word' id='word_1_540' title='bbox 2295 2974 2362 3034; x_wconf 85' lang='grc' dir='ltr'>εἰς</span> <span class='ocrx_word' id='word_1_541' title='bbox 2409 2978 2467 3026; x_wconf 88' lang='grc' dir='ltr'>τὸ</span> <span class='ocrx_word' id='word_1_542' title='bbox 2523 2978 2679 3047; x_wconf 76' lang='grc' dir='ltr'>πὲραν</span> <span class='ocrx_word' id='word_1_543' title='bbox 2729 2979 2896 3050; x_wconf 86' lang='grc' dir='ltr'>μέρος·</span> <span class='ocrx_word' id='word_1_544' title='bbox 2952 2979 3212 3049; x_wconf 71' lang='grc' dir='ltr'>προφάσει</span> <span class='ocrx_word' id='word_1_545' title='bbox 3271 2981 3381 3050; x_wconf 68' lang='grc' dir='ltr'>μὲν,</span> <span class='ocrx_word' id='word_1_546' title='bbox 3438 2987 3521 3033; x_wconf 90' lang='grc' dir='ltr'>ῖνα</span> <span class='ocrx_word' id='word_1_547' title='bbox 3574 2982 3730 3047; x_wconf 69' lang='grc' dir='ltr'>αὐτὸς</span> <span class='ocrx_word' id='word_1_548' title='bbox 3779 2988 3907 3041; x_wconf 81' lang='grc' dir='ltr'>ύπο·</span> 
     </span>
    </p>
   </div>
   <div class='ocr_carea' id='block_1_88' title="bbox 2293 3062 3904 3147">
    <p class='ocr_par' dir='ltr' id='par_1_88' title="bbox 2293 3062 3904 3147">
     <span class='ocr_line' id='line_1_88' title="bbox 2293 3062 3904 3147; baseline 0.008 -32"><span class='ocrx_word' id='word_1_549' title='bbox 2293 3062 2515 3135; x_wconf 80' lang='grc' dir='ltr'>λειφθεὶς</span> <span class='ocrx_word' id='word_1_550' title='bbox 2573 3063 2808 3137; x_wconf 79' lang='grc' dir='ltr'>ἀπολύσῃ</span> <span class='ocrx_word' id='word_1_551' title='bbox 2864 3070 2979 3128; x_wconf 70' lang='grc' dir='ltr'>νοῦς</span> <span class='ocrx_word' id='word_1_552' title='bbox 3033 3066 3242 3138; x_wconf 80' lang='grc' dir='ltr'>ὄχλους,</span> <span class='ocrx_word' id='word_1_553' title='bbox 3293 3077 3354 3141; x_wconf 74' lang='grc' dir='ltr'>τῇ</span> <span class='ocrx_word' id='word_1_554' title='bbox 3415 3065 3467 3121; x_wconf 85' lang='grc' dir='ltr'>δ’</span> <span class='ocrx_word' id='word_1_555' title='bbox 3515 3069 3751 3145; x_wconf 80' lang='grc' dir='ltr'>ἀληθείᾳ,</span> <span class='ocrx_word' id='word_1_556' title='bbox 3798 3076 3904 3147; x_wconf 84' lang='grc' dir='ltr'>ἵνα,</span> 
     </span>
    </p>
   </div>
   <div class='ocr_carea' id='block_1_89' title="bbox 2294 3152 3904 3236">
    <p class='ocr_par' dir='ltr' id='par_1_89' title="bbox 2294 3152 3904 3236">
     <span class='ocr_line' id='line_1_89' title="bbox 2294 3152 3904 3236; baseline 0.009 -32"><span class='ocrx_word' id='word_1_557' title='bbox 2294 3154 2407 3225; x_wconf 87' lang='grc' dir='ltr'>μεθ’</span> <span class='ocrx_word' id='word_1_558' title='bbox 2454 3152 2642 3205; x_wconf 83' lang='grc' dir='ltr'>ἑαυτῶν</span> <span class='ocrx_word' id='word_1_559' title='bbox 2693 3155 2900 3226; x_wconf 84' lang='grc' dir='ltr'>ἔχοντες</span> <span class='ocrx_word' id='word_1_560' title='bbox 2953 3158 3072 3218; x_wconf 83' lang='grc' dir='ltr'>τούς</span> <span class='ocrx_word' id='word_1_561' title='bbox 3122 3161 3363 3228; x_wconf 79' lang='grc' dir='ltr'>κοφίνους</span> <span class='ocrx_word' id='word_1_562' title='bbox 3416 3167 3515 3211; x_wconf 83' lang='grc' dir='ltr'>τῶν</span> <span class='ocrx_word' id='word_1_563' title='bbox 3568 3161 3904 3236; x_wconf 86' lang='grc' dir='ltr'>κλασμάτων,</span> 
     </span>
    </p>
   </div>
   <div class='ocr_carea' id='block_1_90' title="bbox 2294 3243 3907 3324">
    <p class='ocr_par' dir='ltr' id='par_1_90' title="bbox 2294 3243 3907 3324">
     <span class='ocr_line' id='line_1_90' title="bbox 2294 3243 3907 3324; baseline 0.009 -31"><span class='ocrx_word' id='word_1_564' title='bbox 2294 3245 2430 3294; x_wconf 88' lang='grc' dir='ltr'>κατά</span> <span class='ocrx_word' id='word_1_565' title='bbox 2499 3243 2721 3314; x_wconf 75' lang='grc' dir='ltr'>σχολὴν,</span> <span class='ocrx_word' id='word_1_566' title='bbox 2793 3243 3013 3306; x_wconf 80' lang='grc' dir='ltr'>ἀπόντος</span> <span class='ocrx_word' id='word_1_567' title='bbox 3079 3246 3259 3313; x_wconf 74' lang='grc' dir='ltr'>αὐτοῦ,</span> <span class='ocrx_word' id='word_1_568' title='bbox 3320 3252 3766 3324; x_wconf 88' lang='grc' dir='ltr'>περιεργάσωνται</span> <span class='ocrx_word' id='word_1_569' title='bbox 3835 3259 3907 3308; x_wconf 85' lang='grc' dir='ltr'>τά</span> 
     </span>
    </p>
   </div>
   <div class='ocr_carea' id='block_1_91' title="bbox 2293 3331 3910 3413">
    <p class='ocr_par' dir='ltr' id='par_1_91' title="bbox 2293 3331 3910 3413">
     <span class='ocr_line' id='line_1_91' title="bbox 2293 3331 3910 3413; baseline 0.009 -31"><span class='ocrx_word' id='word_1_570' title='bbox 2293 3331 2592 3405; x_wconf 87' lang='grc' dir='ltr'>κλάσματα,</span> <span class='ocrx_word' id='word_1_571' title='bbox 2644 3338 2727 3385; x_wconf 73' lang='grc' dir='ltr'>καὶ</span> <span class='ocrx_word' id='word_1_572' title='bbox 2783 3333 3166 3405; x_wconf 79' lang='grc' dir='ltr'>βεϐαιωθώσιν,</span> <span class='ocrx_word' id='word_1_573' title='bbox 3218 3337 3299 3388; x_wconf 85' lang='grc' dir='ltr'>ὃτι</span> <span class='ocrx_word' id='word_1_574' title='bbox 3346 3338 3405 3389; x_wconf 80' lang='grc' dir='ltr'>ού</span> <span class='ocrx_word' id='word_1_575' title='bbox 3453 3342 3585 3393; x_wconf 80' lang='grc' dir='ltr'>κατὰ</span> <span class='ocrx_word' id='word_1_576' title='bbox 3615 3348 3910 3413; x_wconf 79' lang='grc' dir='ltr'>φαντασίαν</span> 
     </span>
    </p>
   </div>
   <div class='ocr_carea' id='block_1_92' title="bbox 2292 3423 3907 3504">
    <p class='ocr_par' dir='ltr' id='par_1_92' title="bbox 2292 3423 3907 3504">
     <span class='ocr_line' id='line_1_92' title="bbox 2292 3423 3907 3504; baseline 0.009 -32"><span class='ocrx_word' id='word_1_577' title='bbox 2292 3424 2350 3472; x_wconf 87' lang='grc' dir='ltr'>τὸ</span> <span class='ocrx_word' id='word_1_578' title='bbox 2406 3423 2581 3493; x_wconf 82' lang='grc' dir='ltr'>θαῦμα</span> <span class='ocrx_word' id='word_1_579' title='bbox 2627 3426 2821 3493; x_wconf 86' lang='grc' dir='ltr'>γέγονε.</span> <span class='ocrx_word' id='word_1_580' title='bbox 2876 3426 2970 3476; x_wconf 90' lang='grc' dir='ltr'>Διά</span> <span class='ocrx_word' id='word_1_581' title='bbox 3017 3431 3169 3477; x_wconf 83' lang='grc' dir='ltr'>τοῦτο</span> <span class='ocrx_word' id='word_1_582' title='bbox 3218 3429 3317 3502; x_wconf 78' lang='grc' dir='ltr'>γὰρ</span> <span class='ocrx_word' id='word_1_583' title='bbox 3359 3431 3448 3479; x_wconf 91' lang='grc' dir='ltr'>καὶ</span> <span class='ocrx_word' id='word_1_584' title='bbox 3500 3428 3907 3504; x_wconf 82' lang='grc' dir='ltr'>ἐπερίσσευσαν,</span> 
     </span>
    </p>
   </div>
   <div class='ocr_carea' id='block_1_93' title="bbox 2292 3506 3908 3594">
    <p class='ocr_par' dir='ltr' id='par_1_93' title="bbox 2292 3506 3908 3594">
     <span class='ocr_line' id='line_1_93' title="bbox 2292 3506 3908 3594; baseline 0.008 -33"><span class='ocrx_word' id='word_1_585' title='bbox 2292 3514 2381 3561; x_wconf 88' lang='grc' dir='ltr'>καὶ</span> <span class='ocrx_word' id='word_1_586' title='bbox 2429 3506 2536 3562; x_wconf 83' lang='grc' dir='ltr'>ἔδει</span> <span class='ocrx_word' id='word_1_587' title='bbox 2583 3514 2700 3570; x_wconf 83' lang='grc' dir='ltr'>τοὺς</span> <span class='ocrx_word' id='word_1_588' title='bbox 2750 3514 2991 3583; x_wconf 83' lang='grc' dir='ltr'>μαθητὰς</span> <span class='ocrx_word' id='word_1_589' title='bbox 3043 3513 3203 3566; x_wconf 78' lang='grc' dir='ltr'>αὐτοῦ</span> <span class='ocrx_word' id='word_1_590' title='bbox 3252 3515 3717 3592; x_wconf 74' lang='grc' dir='ltr'>πληροφορηθῆναι</span> <span class='ocrx_word' id='word_1_591' title='bbox 3770 3523 3908 3594; x_wconf 84' lang='grc' dir='ltr'>μάλ-</span> 
     </span>
    </p>
   </div>
   <div class='ocr_carea' id='block_1_94' title="bbox 2291 3598 3909 3683">
    <p class='ocr_par' dir='ltr' id='par_1_94' title="bbox 2291 3598 3909 3683">
     <span class='ocr_line' id='line_1_94' title="bbox 2291 3598 3909 3683; baseline 0.009 -34"><span class='ocrx_word' id='word_1_592' title='bbox 2291 3598 2396 3665; x_wconf 88' lang='grc' dir='ltr'>λον,</span> <span class='ocrx_word' id='word_1_593' title='bbox 2470 3598 2559 3651; x_wconf 79' lang='grc' dir='ltr'>ἁτε</span> <span class='ocrx_word' id='word_1_594' title='bbox 2629 3603 2833 3661; x_wconf 79' lang='grc' dir='ltr'>κοινούς</span> <span class='ocrx_word' id='word_1_595' title='bbox 2892 3598 3255 3666; x_wconf 69' lang='grc' dir='ltr'>διδασκάλους</span> <span class='ocrx_word' id='word_1_596' title='bbox 3309 3605 3379 3665; x_wconf 81' lang='grc' dir='ltr'>εἰς</span> <span class='ocrx_word' id='word_1_597' title='bbox 3442 3612 3535 3665; x_wconf 83' lang='grc' dir='ltr'>τὴν</span> <span class='ocrx_word' id='word_1_598' title='bbox 3598 3608 3909 3683; x_wconf 79' lang='grc' dir='ltr'>οἰκουμένην</span> 
     </span>
    </p>
   </div>
   <div class='ocr_carea' id='block_1_95' title="bbox 2292 3687 3907 3766">
    <p class='ocr_par' dir='ltr' id='par_1_95' title="bbox 2292 3687 3907 3766">
     <span class='ocr_line' id='line_1_95' title="bbox 2292 3687 3907 3766; baseline 0.008 -26"><span class='ocrx_word' id='word_1_599' title='bbox 2292 3687 2506 3740; x_wconf 86' lang='grc' dir='ltr'>εἰσιέναι</span> <span class='ocrx_word' id='word_1_600' title='bbox 2568 3688 2682 3759; x_wconf 84' lang='grc'>(68)</span> <span class='ocrx_word' id='word_1_601' title='bbox 2749 3689 3038 3761; x_wconf 70' lang='grc' dir='ltr'>μέλλοντας.</span> <span class='ocrx_word' id='word_1_602' title='bbox 3101 3698 3211 3745; x_wconf 88' lang='grc' dir='ltr'>Μία</span> <span class='ocrx_word' id='word_1_603' title='bbox 3276 3697 3365 3766; x_wconf 72' lang='grc' dir='ltr'>μὲν</span> <span class='ocrx_word' id='word_1_604' title='bbox 3420 3695 3551 3755; x_wconf 75' lang='grc' dir='ltr'>αὓτη</span> <span class='ocrx_word' id='word_1_605' title='bbox 3608 3698 3753 3751; x_wconf 88' lang='grc' dir='ltr'>αἰτία</span> <span class='ocrx_word' id='word_1_606' title='bbox 3808 3709 3907 3754; x_wconf 80' lang='grc' dir='ltr'>τοῦ</span> 
     </span>
    </p>
   </div>
   <div class='ocr_carea' id='block_1_96' title="bbox 2290 3776 3030 3851">
    <p class='ocr_par' dir='ltr' id='par_1_96' title="bbox 2290 3776 3030 3851">
     <span class='ocr_line' id='line_1_96' title="bbox 2290 3776 3030 3851; baseline 0.008 -24"><span class='ocrx_word' id='word_1_607' title='bbox 2290 3776 2597 3851; x_wconf 73' lang='grc' dir='ltr'>προπέμψαι</span> <span class='ocrx_word' id='word_1_608' title='bbox 2626 3781 2742 3838; x_wconf 79' lang='grc' dir='ltr'>τοὺς</span> <span class='ocrx_word' id='word_1_609' title='bbox 2769 3782 3005 3851; x_wconf 86' lang='grc' dir='ltr'>μαθητάς</span> <span class='ocrx_word' id='word_1_610' title='bbox 3019 3826 3030 3839; x_wconf 94' lang='grc'>,</span> 
     </span>
    </p>
   </div>
   <div class='ocr_carea' id='block_1_97' title="bbox 2362 3899 3905 3984">
    <p class='ocr_par' dir='ltr' id='par_1_97' title="bbox 2362 3899 3905 3984">
     <span class='ocr_line' id='line_1_97' title="bbox 2362 3899 3905 3984; baseline 0.008 -31"><span class='ocrx_word' id='word_1_611' title='bbox 2362 3904 2582 3975; x_wconf 86' lang='grc' dir='ltr'>Δευτέρα</span> <span class='ocrx_word' id='word_1_612' title='bbox 2631 3899 2713 3967; x_wconf 61' lang='grc' dir='ltr'>δὴ,</span> <span class='ocrx_word' id='word_1_613' title='bbox 2769 3904 2848 3956; x_wconf 84' lang='grc' dir='ltr'>ὅτι</span> <span class='ocrx_word' id='word_1_614' title='bbox 2893 3904 3122 3958; x_wconf 76' lang='grc' dir='ltr'>ἐϐούλετο</span> <span class='ocrx_word' id='word_1_615' title='bbox 3170 3911 3319 3979; x_wconf 86' lang='grc' dir='ltr'>μόνος</span> <span class='ocrx_word' id='word_1_616' title='bbox 3369 3909 3441 3971; x_wconf 83' lang='grc' dir='ltr'>εἰς</span> <span class='ocrx_word' id='word_1_617' title='bbox 3487 3913 3545 3961; x_wconf 89' lang='grc' dir='ltr'>τὸ</span> <span class='ocrx_word' id='word_1_618' title='bbox 3599 3914 3717 3984; x_wconf 79' lang='grc' dir='ltr'>ὅρος</span> <span class='ocrx_word' id='word_1_619' title='bbox 3762 3913 3905 3965; x_wconf 81' lang='grc' dir='ltr'>ἀνελ-</span> 
     </span>
    </p>
   </div>
   <div class='ocr_carea' id='block_1_98' title="bbox 2292 3988 3900 4076">
    <p class='ocr_par' dir='ltr' id='par_1_98' title="bbox 2292 3988 3900 4076">
     <span class='ocr_line' id='line_1_98' title="bbox 2292 3988 3900 4076; baseline 0.007 -35"><span class='ocrx_word' id='word_1_620' title='bbox 2292 3993 2414 4057; x_wconf 88' lang='grc' dir='ltr'>θεῖν,</span> <span class='ocrx_word' id='word_1_621' title='bbox 2472 3994 2537 4052; x_wconf 86' lang='grc' dir='ltr'>ὡς</span> <span class='ocrx_word' id='word_1_622' title='bbox 2593 3988 2981 4062; x_wconf 84' lang='grc' dir='ltr'>δηλωθήσεται,</span> <span class='ocrx_word' id='word_1_623' title='bbox 3032 3992 3306 4049; x_wconf 83' lang='grc' dir='ltr'>διδάσκων</span> <span class='ocrx_word' id='word_1_624' title='bbox 3359 3998 3602 4066; x_wconf 70' lang='grc' dir='ltr'>ἐντεῦθεν,</span> <span class='ocrx_word' id='word_1_625' title='bbox 3655 4000 3737 4052; x_wconf 88' lang='grc' dir='ltr'>ὃτι</span> <span class='ocrx_word' id='word_1_626' title='bbox 3784 4008 3900 4076; x_wconf 83' lang='grc' dir='ltr'>χρὴ</span> 
     </span>
    </p>
   </div>
   <div class='ocr_carea' id='block_1_99' title="bbox 2287 4079 3906 4163">
    <p class='ocr_par' dir='ltr' id='par_1_99' title="bbox 2287 4079 3906 4163">
     <span class='ocr_line' id='line_1_99' title="bbox 2287 4079 3906 4163; baseline 0.008 -33"><span class='ocrx_word' id='word_1_627' title='bbox 2287 4084 2415 4151; x_wconf 79' lang='grc' dir='ltr'>μήτε</span> <span class='ocrx_word' id='word_1_628' title='bbox 2507 4079 2895 4153; x_wconf 80' lang='grc' dir='ltr'>ἀναμίγνυσθαι</span> <span class='ocrx_word' id='word_1_629' title='bbox 2987 4080 3236 4147; x_wconf 85' lang='grc' dir='ltr'>διηνεκῶς</span> <span class='ocrx_word' id='word_1_630' title='bbox 3320 4095 3392 4157; x_wconf 84' lang='grc' dir='ltr'>τῷ</span> <span class='ocrx_word' id='word_1_631' title='bbox 3480 4087 3683 4157; x_wconf 81' lang='grc' dir='ltr'>πλήθει,</span> <span class='ocrx_word' id='word_1_632' title='bbox 3767 4096 3906 4163; x_wconf 75' lang='grc' dir='ltr'>μήτε</span> 
     </span>
    </p>
   </div>
   <div class='ocr_carea' id='block_1_100' title="bbox 2289 4168 3907 4252">
    <p class='ocr_par' dir='ltr' id='par_1_100' title="bbox 2289 4168 3907 4252">
     <span class='ocr_line' id='line_1_100' title="bbox 2289 4168 3907 4252; baseline 0.008 -32"><span class='ocrx_word' id='word_1_633' title='bbox 2289 4171 2487 4240; x_wconf 75' lang='grc' dir='ltr'>φεύγειν</span> <span class='ocrx_word' id='word_1_634' title='bbox 2549 4168 2626 4221; x_wconf 83' lang='grc' dir='ltr'>ἀεὶ</span> <span class='ocrx_word' id='word_1_635' title='bbox 2703 4174 2762 4221; x_wconf 84' lang='grc' dir='ltr'>τὸ</span> <span class='ocrx_word' id='word_1_636' title='bbox 2836 4171 3048 4242; x_wconf 69' lang='grc' dir='ltr'>πλῆθος,</span> <span class='ocrx_word' id='word_1_637' title='bbox 3121 4173 3226 4225; x_wconf 79' lang='grc' dir='ltr'>ἀλλ’</span> <span class='ocrx_word' id='word_1_638' title='bbox 3304 4175 3541 4249; x_wconf 86' lang='grc' dir='ltr'>ἑκάτερον</span> <span class='ocrx_word' id='word_1_639' title='bbox 3612 4185 3907 4252; x_wconf 87' lang='grc' dir='ltr'>χρησίμως</span> 
     </span>
    </p>
   </div>
   <div class='ocr_carea' id='block_1_101' title="bbox 2287 4260 3903 4337">
    <p class='ocr_par' dir='ltr' id='par_1_101' title="bbox 2287 4260 3903 4337">
     <span class='ocr_line' id='line_1_101' title="bbox 2287 4260 3903 4337; baseline 0.009 -29"><span class='ocrx_word' id='word_1_640' title='bbox 2287 4265 2471 4309; x_wconf 86' lang='grc' dir='ltr'>ποιεῖν.</span> <span class='ocrx_word' id='word_1_641' title='bbox 2528 4262 2722 4310; x_wconf 84' lang='grc' dir='ltr'>Λοιπὸν</span> <span class='ocrx_word' id='word_1_642' title='bbox 2780 4260 2866 4311; x_wconf 79' lang='grc' dir='ltr'>οὖν</span> <span class='ocrx_word' id='word_1_643' title='bbox 2929 4266 3018 4313; x_wconf 86' lang='grc' dir='ltr'>καὶ</span> <span class='ocrx_word' id='word_1_644' title='bbox 3076 4265 3246 4335; x_wconf 81' lang='grc' dir='ltr'>ἡμεῖς,</span> <span class='ocrx_word' id='word_1_645' title='bbox 3305 4264 3513 4337; x_wconf 68' lang='grc' dir='ltr'>ἀφέντες</span> <span class='ocrx_word' id='word_1_646' title='bbox 3570 4270 3665 4328; x_wconf 86' lang='grc' dir='ltr'>τὰς</span> <span class='ocrx_word' id='word_1_647' title='bbox 3726 4269 3903 4332; x_wconf 86' lang='grc' dir='ltr'>πόλεις</span> 
     </span>
    </p>
   </div>
   <div class='ocr_carea' id='block_1_102' title="bbox 2288 4350 3904 4431">
    <p class='ocr_par' dir='ltr' id='par_1_102' title="bbox 2288 4350 3904 4431">
     <span class='ocr_line' id='line_1_102' title="bbox 2288 4350 3904 4431; baseline 0.009 -33"><span class='ocrx_word' id='word_1_648' title='bbox 2288 4352 2375 4399; x_wconf 89' lang='grc' dir='ltr'>καὶ</span> <span class='ocrx_word' id='word_1_649' title='bbox 2431 4350 2546 4409; x_wconf 83' lang='grc' dir='ltr'>τούς</span> <span class='ocrx_word' id='word_1_650' title='bbox 2608 4354 3010 4423; x_wconf 87' lang='grc' dir='ltr'>περισπασμοὺς</span> <span class='ocrx_word' id='word_1_651' title='bbox 3082 4352 3273 4419; x_wconf 71' lang='grc' dir='ltr'>αὐτῶν,</span> <span class='ocrx_word' id='word_1_652' title='bbox 3349 4359 3499 4418; x_wconf 86' lang='grc' dir='ltr'>πεζοὶ</span> <span class='ocrx_word' id='word_1_653' title='bbox 3556 4362 3647 4409; x_wconf 81' lang='grc' dir='ltr'>καὶ</span> <span class='ocrx_word' id='word_1_654' title='bbox 3712 4365 3904 4431; x_wconf 76' lang='grc' dir='ltr'>κοῦφοι</span> 
     </span>
    </p>
   </div>
   <div class='ocr_carea' id='block_1_103' title="bbox 2286 4440 3905 4518">
    <p class='ocr_par' dir='ltr' id='par_1_103' title="bbox 2286 4440 3905 4518">
     <span class='ocr_line' id='line_1_103' title="bbox 2286 4440 3905 4518; baseline 0.007 -29"><span class='ocrx_word' id='word_1_655' title='bbox 2286 4444 2357 4508; x_wconf 84' lang='grc' dir='ltr'>τῷ</span> <span class='ocrx_word' id='word_1_656' title='bbox 2417 4445 2629 4510; x_wconf 83' lang='grc' dir='ltr'>Χριστῷ</span> <span class='ocrx_word' id='word_1_657' title='bbox 2705 4440 3239 4515; x_wconf 80' lang='grc' dir='ltr'>κατακολουθήσωμεν</span> <span class='ocrx_word' id='word_1_658' title='bbox 3304 4444 3377 4505; x_wconf 81' lang='grc' dir='ltr'>εἰς</span> <span class='ocrx_word' id='word_1_659' title='bbox 3431 4444 3671 4518; x_wconf 83' lang='grc' dir='ltr'>ἐρημίαν,</span> <span class='ocrx_word' id='word_1_660' title='bbox 3733 4452 3905 4502; x_wconf 85' lang='grc' dir='ltr'>εῖτουν</span> 
     </span>
    </p>
   </div>
   <div class='ocr_carea' id='block_1_104' title="bbox 2287 4526 3907 4612">
    <p class='ocr_par' dir='ltr' id='par_1_104' title="bbox 2287 4526 3907 4612">
     <span class='ocr_line' id='line_1_104' title="bbox 2287 4526 3907 4612; baseline 0.01 -37"><span class='ocrx_word' id='word_1_661' title='bbox 2287 4526 2504 4597; x_wconf 77' lang='grc' dir='ltr'>ἠρεμίαν</span> <span class='ocrx_word' id='word_1_662' title='bbox 2574 4532 2663 4579; x_wconf 84' lang='grc' dir='ltr'>καὶ</span> <span class='ocrx_word' id='word_1_663' title='bbox 2742 4530 2977 4601; x_wconf 82' lang='grc' dir='ltr'>ἡσυχίαν</span> <span class='ocrx_word' id='word_1_664' title='bbox 3056 4532 3327 4604; x_wconf 79' lang='grc' dir='ltr'>ὑπάγοντι,</span> <span class='ocrx_word' id='word_1_665' title='bbox 3402 4540 3491 4586; x_wconf 85' lang='grc' dir='ltr'>καὶ</span> <span class='ocrx_word' id='word_1_666' title='bbox 3573 4543 3907 4612; x_wconf 85' lang='grc' dir='ltr'>παραμείνω-</span> 
     </span>
    </p>
   </div>
   <div class='ocr_carea' id='block_1_105' title="bbox 2287 4613 3905 4695">
    <p class='ocr_par' dir='ltr' id='par_1_105' title="bbox 2287 4613 3905 4695">
     <span class='ocr_line' id='line_1_105' title="bbox 2287 4613 3905 4695; baseline 0.009 -30"><span class='ocrx_word' id='word_1_667' title='bbox 2287 4634 2376 4686; x_wconf 89' lang='grc' dir='ltr'>μεν</span> <span class='ocrx_word' id='word_1_668' title='bbox 2428 4615 2590 4687; x_wconf 80' lang='grc' dir='ltr'>αύτῷ,</span> <span class='ocrx_word' id='word_1_669' title='bbox 2640 4613 2953 4671; x_wconf 87' lang='grc' dir='ltr'>διδάσκοντι</span> <span class='ocrx_word' id='word_1_670' title='bbox 2996 4621 3062 4671; x_wconf 86' lang='grc' dir='ltr'>τὰ</span> <span class='ocrx_word' id='word_1_671' title='bbox 3114 4626 3371 4695; x_wconf 81' lang='grc' dir='ltr'>σωτήρια,</span> <span class='ocrx_word' id='word_1_672' title='bbox 3422 4624 3521 4695; x_wconf 82' lang='grc' dir='ltr'>ἵνα,</span> <span class='ocrx_word' id='word_1_673' title='bbox 3578 4632 3905 4685; x_wconf 88' lang='grc' dir='ltr'>νηστεύσαν-</span> 
     </span>
    </p>
   </div>
   <div class='ocr_carea' id='block_1_106' title="bbox 2286 4704 3907 4785">
    <p class='ocr_par' dir='ltr' id='par_1_106' title="bbox 2286 4704 3907 4785">
     <span class='ocr_line' id='line_1_106' title="bbox 2286 4704 3907 4785; baseline 0.009 -30"><span class='ocrx_word' id='word_1_674' title='bbox 2286 4723 2367 4766; x_wconf 87' lang='grc' dir='ltr'>τες</span> <span class='ocrx_word' id='word_1_675' title='bbox 2423 4713 2485 4777; x_wconf 77' lang='grc' dir='ltr'>τῇ</span> <span class='ocrx_word' id='word_1_676' title='bbox 2544 4704 2723 4779; x_wconf 77' lang='grc' dir='ltr'>ἀποχῇ</span> <span class='ocrx_word' id='word_1_677' title='bbox 2776 4716 2874 4759; x_wconf 85' lang='grc' dir='ltr'>τῶν</span> <span class='ocrx_word' id='word_1_678' title='bbox 2922 4711 3121 4779; x_wconf 82' lang='grc' dir='ltr'>παθῶν,</span> <span class='ocrx_word' id='word_1_679' title='bbox 3176 4710 3551 4785; x_wconf 82' lang='grc' dir='ltr'>ἐμπλησθώμεν</span> <span class='ocrx_word' id='word_1_680' title='bbox 3610 4724 3706 4776; x_wconf 85' lang='grc' dir='ltr'>τῆς</span> <span class='ocrx_word' id='word_1_681' title='bbox 3762 4718 3907 4780; x_wconf 86' lang='grc' dir='ltr'>θείας</span> 
     </span>
    </p>
   </div>
   <div class='ocr_carea' id='block_1_107' title="bbox 2285 4796 2530 4867">
    <p class='ocr_par' dir='ltr' id='par_1_107' title="bbox 2285 4796 2530 4867">
     <span class='ocr_line' id='line_1_107' title="bbox 2285 4796 2530 4867; baseline 0.024 -23"><span class='ocrx_word' id='word_1_682' title='bbox 2285 4796 2530 4867; x_wconf 89' lang='grc' dir='ltr'>χάριτος.</span> 
     </span>
    </p>
   </div>
   <div class='ocr_carea' id='block_1_108' title="bbox 2360 4919 3908 5001">
    <p class='ocr_par' dir='ltr' id='par_1_108' title="bbox 2360 4919 3908 5001">
     <span class='ocr_line' id='line_1_108' title="bbox 2360 4919 3908 5001; baseline 0.008 -31"><span class='ocrx_word' id='word_1_683' title='bbox 2360 4923 2460 4971; x_wconf 77' lang='grc' dir='ltr'>Καὶ</span> <span class='ocrx_word' id='word_1_684' title='bbox 2551 4919 2819 4982; x_wconf 82' lang='grc' dir='ltr'>ἀπολύσας</span> <span class='ocrx_word' id='word_1_685' title='bbox 2896 4952 2965 4963; x_wconf 89' lang='grc'><strong>-</strong></span> <span class='ocrx_word' id='word_1_686' title='bbox 3056 4922 3176 4979; x_wconf 81' lang='grc' dir='ltr'>ἐκεῖ.</span> <span class='ocrx_word' id='word_1_687' title='bbox 3257 4931 3530 5000; x_wconf 76' lang='grc' dir='ltr'>Χρήσιμον</span> <span class='ocrx_word' id='word_1_688' title='bbox 3600 4929 3699 5001; x_wconf 81' lang='grc' dir='ltr'>γὰρ</span> <span class='ocrx_word' id='word_1_689' title='bbox 3784 4938 3908 4993; x_wconf 87' lang='grc' dir='ltr'>ταῖς</span> 
     </span>
    </p>
   </div>
   <div class='ocr_carea' id='block_1_109' title="bbox 2283 5013 3903 5092">
    <p class='ocr_par' dir='ltr' id='par_1_109' title="bbox 2283 5013 3903 5092">
     <span class='ocr_line' id='line_1_109' title="bbox 2283 5013 3903 5092; baseline 0.007 -33"><span class='ocrx_word' id='word_1_690' title='bbox 2283 5016 2613 5081; x_wconf 86' lang='grc' dir='ltr'>προσευχαῖς</span> <span class='ocrx_word' id='word_1_691' title='bbox 2656 5014 2746 5062; x_wconf 85' lang='grc' dir='ltr'>καὶ</span> <span class='ocrx_word' id='word_1_692' title='bbox 2784 5013 2841 5063; x_wconf 86' lang='grc' dir='ltr'>τὸ</span> <span class='ocrx_word' id='word_1_693' title='bbox 2887 5015 3047 5085; x_wconf 71' lang='grc' dir='ltr'>ό’ρος,ο</span> <span class='ocrx_word' id='word_1_694' title='bbox 3094 5019 3182 5066; x_wconf 84' lang='grc' dir='ltr'>καὶ</span> <span class='ocrx_word' id='word_1_695' title='bbox 3213 5016 3242 5071; x_wconf 74' lang='grc' dir='ltr'>ἡ</span> <span class='ocrx_word' id='word_1_696' title='bbox 3292 5016 3404 5087; x_wconf 80' lang='grc' dir='ltr'>νύξ,</span> <span class='ocrx_word' id='word_1_697' title='bbox 3445 5021 3535 5069; x_wconf 86' lang='grc' dir='ltr'>καὶ</span> <span class='ocrx_word' id='word_1_698' title='bbox 3571 5019 3596 5075; x_wconf 73' lang='grc' dir='ltr'><em>ἦ</em></span> <span class='ocrx_word' id='word_1_699' title='bbox 3644 5022 3903 5092; x_wconf 87' lang='grc' dir='ltr'>μόνωσις,</span> 
     </span>
    </p>
   </div>
   <div class='ocr_carea' id='block_1_110' title="bbox 2283 5098 3903 5183">
    <p class='ocr_par' dir='ltr' id='par_1_110' title="bbox 2283 5098 3903 5183">
     <span class='ocr_line' id='line_1_110' title="bbox 2283 5098 3903 5183; baseline 0.008 -34"><span class='ocrx_word' id='word_1_700' title='bbox 2283 5098 2521 5169; x_wconf 79' lang='grc' dir='ltr'>ἡσυχίαν</span> <span class='ocrx_word' id='word_1_701' title='bbox 2580 5104 2668 5151; x_wconf 86' lang='grc' dir='ltr'>καὶ</span> <span class='ocrx_word' id='word_1_702' title='bbox 2732 5103 2788 5152; x_wconf 90' lang='grc' dir='ltr'>τὸ</span> <span class='ocrx_word' id='word_1_703' title='bbox 2858 5099 3246 5175; x_wconf 86' lang='grc' dir='ltr'>ἀπερίσπαστον</span> <span class='ocrx_word' id='word_1_704' title='bbox 3301 5110 3390 5159; x_wconf 89' lang='grc' dir='ltr'>καὶ</span> <span class='ocrx_word' id='word_1_705' title='bbox 3448 5106 3676 5178; x_wconf 72' lang='grc' dir='ltr'>γαλὰνην</span> <span class='ocrx_word' id='word_1_706' title='bbox 3735 5115 3903 5183; x_wconf 86' lang='grc' dir='ltr'>παρέ-</span> 
     </span>
    </p>
   </div>
   <div class='ocr_carea' id='block_1_111' title="bbox 2282 5206 2469 5258">
    <p class='ocr_par' dir='ltr' id='par_1_111' title="bbox 2282 5206 2469 5258">
     <span class='ocr_line' id='line_1_111' title="bbox 2282 5206 2469 5258; baseline 0.021 -20"><span class='ocrx_word' id='word_1_707' title='bbox 2282 5206 2469 5258; x_wconf 87' lang='grc' dir='ltr'>χοντα.</span> 
     </span>
    </p>
   </div>
   <div class='ocr_carea' id='block_1_112' title="bbox 1746 5372 2641 5454">
    <p class='ocr_par' dir='ltr' id='par_1_112' title="bbox 1746 5372 2641 5454">
     <span class='ocr_line' id='line_1_112' title="bbox 1746 5372 2641 5454; baseline 0.016 -14"><span class='ocrx_word' id='word_1_708' title='bbox 1746 5372 1970 5445; x_wconf 65' lang='lat' dir='ltr'>Variae</span> <span class='ocrx_word' id='word_1_709' title='bbox 2000 5378 2330 5452; x_wconf 85' lang='lat' dir='ltr'>lectiones</span> <span class='ocrx_word' id='word_1_710' title='bbox 2350 5394 2641 5454; x_wconf 74' lang='lat' dir='ltr'>etnotae.</span> 
     </span>
    </p>
   </div>
   <div class='ocr_carea' id='block_1_113' title="bbox 583 5472 2173 5559">
    <p class='ocr_par' dir='ltr' id='par_1_113' title="bbox 583 5472 2173 5559">
     <span class='ocr_line' id='line_1_113' title="bbox 583 5472 2173 5559; baseline 0.019 -34"><span class='ocrx_word' id='word_1_711' title='bbox 583 5472 696 5559; x_wconf 46' lang='lat'>£65)</span> <span class='ocrx_word' id='word_1_712' title='bbox 724 5475 945 5556; x_wconf 69' lang='grc' dir='ltr'>ῌλὴρεις</span> <span class='ocrx_word' id='word_1_713' title='bbox 968 5494 1097 5559; x_wconf 67' lang='lat' dir='ltr'>non</span> <span class='ocrx_word' id='word_1_714' title='bbox 1128 5485 1411 5555; x_wconf 86' lang='lat' dir='ltr'>expressit</span> <span class='ocrx_word' id='word_1_715' title='bbox 1445 5484 1798 5544; x_wconf 89' lang='lat' dir='ltr'>Hentenius.</span> <span class='ocrx_word' id='word_1_716' title='bbox 1834 5494 2001 5550; x_wconf 85' lang='lat' dir='ltr'>Forte</span> <span class='ocrx_word' id='word_1_717' title='bbox 2035 5496 2173 5553; x_wconf 82' lang='lat' dir='ltr'>dee-</span> 
     </span>
    </p>
   </div>
   <div class='ocr_carea' id='block_1_114' title="bbox 511 5548 1101 5616">
    <p class='ocr_par' dir='ltr' id='par_1_114' title="bbox 511 5548 1101 5616">
     <span class='ocr_line' id='line_1_114' title="bbox 511 5548 1101 5616; baseline 0.019 -20"><span class='ocrx_word' id='word_1_718' title='bbox 511 5548 603 5616; x_wconf 85' lang='lat' dir='ltr'>rat</span> <span class='ocrx_word' id='word_1_719' title='bbox 621 5548 691 5616; x_wconf 73' lang='lat' dir='ltr'>in</span> <span class='ocrx_word' id='word_1_720' title='bbox 716 5548 845 5616; x_wconf 88' lang='lat' dir='ltr'>ejus</span> <span class='ocrx_word' id='word_1_721' title='bbox 875 5549 1101 5608; x_wconf 90' lang='lat' dir='ltr'>codice.</span> 
     </span>
    </p>
   </div>
   <div class='ocr_carea' id='block_1_115' title="bbox 511 5614 2171 5735">
    <p class='ocr_par' dir='ltr' id='par_1_115' title="bbox 511 5614 2171 5735">
     <span class='ocr_line' id='line_1_115' title="bbox 566 5614 2171 5709; baseline 0.014 -39"><span class='ocrx_word' id='word_1_722' title='bbox 566 5614 702 5697; x_wconf 41' lang='lat'>‘(66)</span> <span class='ocrx_word' id='word_1_723' title='bbox 748 5614 928 5674; x_wconf 54' lang='lat' dir='ltr'>&#39;Forte</span> <span class='ocrx_word' id='word_1_724' title='bbox 986 5624 1305 5681; x_wconf 85' lang='lat' dir='ltr'>Hentenius</span> <span class='ocrx_word' id='word_1_725' title='bbox 1362 5626 1523 5698; x_wconf 82' lang='lat' dir='ltr'>legit,</span> <span class='ocrx_word' id='word_1_726' title='bbox 1584 5635 1673 5683; x_wconf 85' lang='grc' dir='ltr'>καὶ</span> <span class='ocrx_word' id='word_1_727' title='bbox 1729 5636 1787 5685; x_wconf 88' lang='grc' dir='ltr'>τὸ</span> <span class='ocrx_word' id='word_1_728' title='bbox 1844 5643 2171 5709; x_wconf 84' lang='grc' dir='ltr'>περισσεύειν</span> 
     </span>
     <span class='ocr_line' id='line_1_116' title="bbox 511 5679 1273 5735; baseline 0 0"><span class='ocrx_word' id='word_1_729' title='bbox 511 5679 723 5735; x_wconf 72' lang='grc' dir='ltr'>δωδεκα</span> <span class='ocrx_word' id='word_1_730' title='bbox 757 5694 993 5735; x_wconf 71' lang='grc' dir='ltr'>κοφίνους</span> <span class='ocrx_word' id='word_1_731' title='bbox 1023 5698 1273 5735; x_wconf 57' lang='lat' dir='ltr'>minam-nr</span> 
     </span>
    </p>
   </div>
   <div class='ocr_carea' id='block_1_116' title="bbox 551 5682 1290 5764">
    <p class='ocr_par' dir='ltr' id='par_1_116' title="bbox 551 5682 1290 5764">
     <span class='ocr_line' id='line_1_117' title="bbox 551 5682 1290 5764; baseline 0.023 -29"><span class='ocrx_word' id='word_1_732' title='bbox 551 5682 723 5739; x_wconf 78' lang='grc' dir='ltr'>ὠδεκα</span> <span class='ocrx_word' id='word_1_733' title='bbox 757 5694 993 5759; x_wconf 74' lang='grc' dir='ltr'>κοφίνους</span> <span class='ocrx_word' id='word_1_734' title='bbox 1023 5698 1290 5764; x_wconf 84' lang='grc' dir='ltr'>γέμοντας.</span> 
     </span>
    </p>
   </div>
   <div class='ocr_carea' id='block_1_117' title="bbox 2357 5502 2957 5573">
    <p class='ocr_par' dir='ltr' id='par_1_117' title="bbox 2357 5502 2957 5573">
     <span class='ocr_line' id='line_1_118' title="bbox 2357 5502 2957 5573; baseline 0.012 -19"><span class='ocrx_word' id='word_1_735' title='bbox 2357 5502 2470 5571; x_wconf 87' lang='grc'>(67)</span> <span class='ocrx_word' id='word_1_736' title='bbox 2502 5506 2862 5573; x_wconf 89' lang='grc' dir='ltr'>Διαστάσωσι,</span> <span class='ocrx_word' id='word_1_737' title='bbox 2896 5512 2957 5561; x_wconf 84' lang='grc' dir='ltr'>Α.</span> 
     </span>
    </p>
   </div>
   <div class='ocr_carea' id='block_1_118' title="bbox 2356 5573 3901 5651">
    <p class='ocr_par' dir='ltr' id='par_1_118' title="bbox 2356 5573 3901 5651">
     <span class='ocr_line' id='line_1_119' title="bbox 2356 5573 3901 5651; baseline 0.01 -22"><span class='ocrx_word' id='word_1_738' title='bbox 2356 5573 2471 5643; x_wconf 88' lang='grc'>(68)</span> <span class='ocrx_word' id='word_1_739' title='bbox 2510 5575 2602 5651; x_wconf 81' lang='lat' dir='ltr'>Ita</span> <span class='ocrx_word' id='word_1_740' title='bbox 2637 5592 2881 5648; x_wconf 85' lang='lat' dir='ltr'>quoque</span> <span class='ocrx_word' id='word_1_741' title='bbox 2924 5578 3216 5651; x_wconf 87' lang='lat' dir='ltr'>interpres</span> <span class='ocrx_word' id='word_1_742' title='bbox 3246 5581 3480 5650; x_wconf 89' lang='lat' dir='ltr'>reperit.</span> <span class='ocrx_word' id='word_1_743' title='bbox 3520 5586 3584 5639; x_wconf 90' lang='lat' dir='ltr'>In</span> <span class='ocrx_word' id='word_1_744' title='bbox 3627 5589 3901 5644; x_wconf 88' lang='lat' dir='ltr'>mentem</span> 
     </span>
    </p>
   </div>
   <div class='ocr_carea' id='block_1_119' title="bbox 2282 5647 3482 5722">
    <p class='ocr_par' dir='ltr' id='par_1_119' title="bbox 2282 5647 3482 5722">
     <span class='ocr_line' id='line_1_120' title="bbox 2282 5647 3482 5722; baseline 0.005 -22"><span class='ocrx_word' id='word_1_745' title='bbox 2282 5647 2486 5701; x_wconf 88' lang='lat' dir='ltr'>tamen</span> <span class='ocrx_word' id='word_1_746' title='bbox 2511 5647 2800 5719; x_wconf 81' lang='lat' dir='ltr'>cuiquam</span> <span class='ocrx_word' id='word_1_747' title='bbox 2825 5649 3027 5706; x_wconf 88' lang='lat' dir='ltr'>venire</span> <span class='ocrx_word' id='word_1_748' title='bbox 3056 5647 3248 5722; x_wconf 80' lang='lat' dir='ltr'>possit</span> <span class='ocrx_word' id='word_1_749' title='bbox 3277 5647 3482 5715; x_wconf 77' lang='grc' dir='ltr'>ἐξιέναι.</span> 
     </span>
    </p>
   </div>
  </div>
