4108 6394
245 337 349 393 43⁸1

1190 320 1564 379 COMMENT.
1614 317 1686 372 IN
1726 315 2176 374 MATTH/EUM-
2217 349 2286 362 —
2325 319 2491 377 CAP.
2538 321 2692 381 XIV.

3518 330 3627 388 438

313 462 385 513 T6
426 456 487 511 δε
542 456 713 510 πλοῖον
759 485 830 496 -
874 453 1079 524 ἄνεμος.
1138 449 1299 503 Πάλιν
1340 450 1388 501 οἱ
1443 448 1678 520 μαθηταὶ
1731 443 1854 496 κλυ-

2039 446 2195 502 Vers.
2238 450 2308 503 24
2346 448 2534 506 Navis
2573 457 2773 508 autem
2811 483 2881 494 ——
2920 458 3129 512 ventus
3173 457 3340 512 Nunc
3382 471 3624 514 rursnm

247 547 583 616 δωνίζονται,
633 547 800 605 καθὼς
836 548 926 595 καὶ
975 545 1031 595 1'6
1078 544 1343 615 πρότερον.
1397 537 1553 591 Ἀλλὰ
1599 538 1713 587 τότε
1764 535 1853 606 μὲν

247 639 595 710 ἁτελεστέροις
643 632 763 688 οὖσι
816 642 975 692 συνῆν
1022 636 1112 683 καὶ
1157 630 1312 691 αὐτὸς
1372 628 1442 689 εἰς
1493 627 1850 698 παραμυθίαν,

246 730 291 782 εἰ
345 733 438 781 καὶ
495 722 761 779 ἐκάθευδε·
807 730 897 775 νῦν
948 718 1008 775 δὲ
1045 719 1416 795 προκοψάντων
1460 718 1696 782 ἄπεστιν,
1748 713 1849 782 ἱνα,

246 815 555 892 μηδαμόθεν
658 818 861 887 ἔχοντες
965 812 1329 885 παραμυθίαν,
1423 810 1852 881 καρτερικώτεροι

243 911 514 981 γένωνται.

318 1104 549 1176 Τετάρτῃ
623 1132 678 1143 -
742 1098 1037 1160 θαλάσσης.
1085 1096 1145 1149 Ὀ
1198 1092 1259 1149 δὲ
1334 1095 1548 1169 Μάρκος
1633 1093 1852 1167 εἴρηκεν,

246 1196 329 1248 ὅτι
367 1198 457 1246 καὶ
500 1189 632 1245 εἶδεν
682 1189 874 1251 αὐτοὺς
922 1186 1368 1261 βασανιζομένους
1407 1184 1457 1236 ἐν
1486 1190 1559 1254 τῷ
1609 1181 1853 1233 ἐλαύνειν*

248 1285 275 1337 6
331 1280 391 1336 δὲ
457 1282 722 1346 Ἰωάννης,
793 1278 874 1330 ὃτι
940 1276 1141 1336 ἤλασαν
1207 1279 1271 1336 ὡς
1343 1270 1597 1335 σταδίους
1666 1271 1857 1325 εἰκοσι-

248 1378 397 1427 πέντε
444 1376 474 1430 ἥ
526 1375 616 1423 καὶ
668 1371 966 1444 τριάκοντα.
1024 1362 1243 1420 Στάδιον
1303 1361 1362 1417 δὲ
1411 1364 1526 1416 ἐστι
1570 1364 1727 1422 τόπος
1768 1360 1858 1434 ὄρ-

248 1470 409 1536 γυιῶν
488 1460 689 1514 ἑκατόν.
761 1459 1021 1531 Τετάρτην
1094 1453 1154 1509 δὲ
1220 1454 1449 1529 φυλακὴν
1517 1459 1608 1513 τῆς
1671 1454 1857 1513 νυκτὸς

252 1553 525 1625 ὠνόμασαν
586 1554 630 1601 οἱ
693 1546 907 1601 παλαιοὶ
958 1545 1335 1617 νυκτοφύλακες
1404 1552 1504 1594 τῶν
1564 1544 1855 1614 στρατοπέ-

253 1639 356 1695 δων
436 1644 495 1693 τὸ
572 1641 813 1713 τέταρτον
904 1640 1060 1711 μέρος
1114 1643 1208 1696 τῆς
1284 1636 1487 1700 νυκτὸς,
1571 1634 1689 1691 ἤτοι
1768 1633 1856 1691 τὰς

250 1731 546 1792 τελευταίας
618 1736 756 1801 τρεῖς
834 1728 992 1801 ᾦρας.
1064 1725 1253 1796 Ἀφῆκε
1322 1719 1380 1775 δὲ
1430 1725 1553 1783 τούς
1617 1722 1855 1793 μαθητὰς

250 1824 277 1873 6
363 1822 597 1895 Χριστὸς
695 1817 781 1869 ἐπὶ
876 1821 1122 1868 τοσοῦτον
1205 1808 1643 1872 κλυδωνίζεσθαι·

252 1907 416 1963 δεύων
474 1908 797 1983 ἐγκαρτερεῖν
866 1911 969 1965 τοῖς
1040 1900 1246 1971 δεινοῖς,
1318 1900 1656 1973 οἰκονομικῶς
1736 1899 1856 1951 ἐπα-

247 2003 499 2072 γομένοις,
587 2001 677 2049 καὶ
770 1998 840 2068 μὴ
944 1994 1117 2055 ζητεῖν
1217 1996 1437 2063 ταχεῖαν
1529 1988 1853 2060 ἀπαλλαγήν

248 2092 326 2142 ἔτι
366 2084 426 2141 δὶ
472 2092 583 2153 καὶ,
632 2088 719 2138 ἴνα
760 2087 860 2159 πρὸ
910 2082 1183 2156 ὀφθαλμῶν
1227 2084 1314 2134 τὸν
1362 2081 1578 2133 θάνατον
1631 2080 1853 2151 ἔχοντες,

252 2176 367 2232 εἶτα
433 2173 742 2251 παραδόξως
824 2175 1114 2248 ῥυσθέντες,
1188 2169 1487 2242 ἓπιγνῶσιν,
1568 2169 1647 2220 ὅτι
1728 2171 1859 2229 Θεός

252 2267 398 2321 ἐστιν
473 2267 498 2318 ό
554 2268 766 2326 τούτους
823 2258 1241 2333 διασωσάμενος·
1301 2261 1443 2311 οὔπω
1497 2260 1598 2333 γὰρ
1666 2256 1857 2309 τελείαν

254 2355 403 2431 εἶχον
476 2356 846 2429 πληροφορίαν.
929 2354 1016 2405 Διὸ
1091 2355 1180 2402 καὶ
1251 2350 1379 2421 μετὰ
1446 2352 1540 2406 τὴν
1622 2345 1857 2399 ἀπαλλα-

246 2452 351 2521 γὴν
407 2449 800 2521 προσεκύνησαν
873 2442 1036 2513 αὐτῷ,
1092 2438 1349 2510 λέγοντες·
1430 2437 1664 2500 Ἀληθῶς
1718 2444 1851 2489 Θεοῦ

246 2540 366 2598 Υιὸς
398 2533 459 2591 εἶ.

323 2798 425 2848 Καὶ
485 2822 551 2833 -
606 2788 847 2863 ἔκραξαν.
916 2789 1014 2839 Τὸν
1071 2784 1172 2837 ἀπὸ
1237 2792 1329 2837 τοῦ
1384 2780 1643 2843 κλύδωνος
1704 2781 1858 2854 φόϐον

247 2888 413 2960 ἔτερος
494 2876 811 2950 διαδέχεται
885 2877 1021 2948 (69),
1101 2880 1189 2927 καὶ
1253 2874 1347 2926 οὐκ
1416 2872 1565 2925 ἔλυσε
1652 2879 1852 2936 τοῦτον,

244 2958 341 3033 ἕως
391 2972 504 3043 (70)
560 2968 802 3033 ἐϐόησαν,
857 2968 938 3019 ἵνα
987 2967 1330 3039 ’γυμνασθῶσι
1380 2967 1545 3037 φέρειν
1594 2963 1688 3022 τὰς
1741 2958 1858 3013 δια-

246 3060 427 3134 δοχὰς
454 3068 557 3113 τῶν
587 3065 907 3131 πειρασμῶν.

319 3151 525 3211 Εύθέως
572 3178 641 3190 —
706 3152 777 3220 μὴ
860 3145 1120 3218 φοϐεῖσθε.
1194 3142 1336 3195 Ἐπεὶ
1420 3141 1514 3194 ούκ
1598 3138 1854 3200 ἠδύναντο

400 3245 409 3252 .
603 3237 615 3252 3
663 3238 673 3252 ι
765 3235 777 3248 ’
839 3238 848 3249 ι
976 3242 996 3249 «ι
1215 3236 1225 3247 ο
1289 3251 1294 3252 ,
1401 3226 1423 3252 ﬁ
1460 3233 1470 3246 ι
1533 3234 1585 3252 7,!
1715 3234 1725 3247 ι
1755 3250 1833 3252 ,_4,

2038 3199 2198 3252 Vers.
2223 3197 2310 3251 27.

242 3245 506 3315 γνωρίσαι
555 3237 709 3290 αὐτὸν
756 3235 857 3287 ἀπὸ
906 3242 998 3286 τοῦ
1055 3236 1336 3307 προσώπου
1388 3226 1483 3283 διὰ
1527 3234 1621 3289 τὴν
1673 3234 1854 3297 νύκτα,

241 3331 427 3383 λοιπόν
457 3333 552 3387 τὴν
598 3331 857 3399 ’γνώριμον
888 3327 1057 3396 φωνὴν
1102 3321 1279 3383 αὐτοῖς
1321 3320 1599 3393 ἐπαφίησι,
1631 3319 1857 3372 λύουσαν

244 3419 573 3493 ἀμφοτέρους
601 3420 722 3477 τοὺς
754 3413 962 3488 φόϐους.

319 3526 644 3600 Ἀποκριθεὶς
707 3555 775 3563 -
847 3520 973 3573 ἐλθέ.
1058 3518 1416 3591 Ἀφικνεῖσθαι
1492 3519 1623 3590 πρὸς
1703 3515 1857 3567 αὐτὸν

243 3614 417 3667 ἐπάνω
463 3622 562 3665 τῶν
619 3610 827 3666 ὑδάτων
872 3610 1038 3675 ζητεῖ,
1106 3609 1328 3680 προάσει
1376 3609 1484 3679 μὲν,
1537 3610 1609 3667 εὶς
1656 3602 1859 3657 διάπει-

244 3724 341 3779 ραν
390 3710 483 3756 τοῦ
530 3710 722 3774 γνῶναι
770 3700 1016 3763 ἐντεῦθεν,
1065 3697 1107 3750 εἰ
1146 3697 1305 3757 αὐτός
1358 3694 1497 3747 ἐστιν
1546 3696 1571 3746 6
1602 3697 1854 3769 Χριστὸςο

242 3800 307 3865 τῇ
371 3789 423 3844 δ’
476 3790 707 3864 ἀληθείᾳ,
769 3788 1062 3850 ἐνωτισθεὶς
1122 3791 1215 3845 τὴν
1278 3790 1446 3858 φωνην
1508 3784 1689 3848 αὐτοῦ,
1743 3783 1855 3835 λίαν

244 3882 443 3954 ἐχάρη,
500 3885 589 3933 καὶ
645 3877 1038 3953 διαθερμανθεὶς
1090 3875 1336 3948 γλίχεται
1382 3876 1483 3948 πρὸ
1536 3881 1635 3925 τῶν
1692 3872 1855 3924 ἄλλων

242 3974 485 4042 ὶντυχεῖν
514 3970 675 4040 αὐτῷ.

320 4082 424 4130 Καὶ
495 4075 731 4138 καταϐὰς
802 4106 870 4114 -
947 4093 1030 4146 με.
1100 4076 1206 4130 Τὴν
1276 4073 1366 4144 μὲν
1435 4068 1701 4121 θάλασσαν
1760 4067 1854 4119 ούκ

244 4164 555 4235 ἐδειλίασε,
633 4170 806 4218 καίτοι
891 4165 1202 4236 μαινομένην
1238 4201 1251 4226 ,
1346 4157 1473 4210 ἆλλὰ
1567 4160 1854 4216 πιστεύσας

242 4259 311 4329 τῇ
395 4252 617 4328 δυνάμει
699 4261 794 4307 τοῦ
867 4252 1241 4315 κελεύσαντος,
1328 4247 1615 4323 θαρραλέως
1697 4244 1850 4304 ἐπέϐη

240 4354 348 4398 τῶν
418 4347 685 4418 κυμάτων,
738 4347 827 4396 καὶ
914 4342 1069 4415 ὀρθός
1139 4335 1353 4399 ἐϐάδιζε
1414 4358 1427 4371 ’

244 4432 310 4488 δὲ
398 4435 587 4507 μᾶλλον
658 4432 888 4506 ἐφοϐήθη
927 4476 943 4503 ,
1030 4434 1233 4503 μήποτε
1307 4425 1591 4502 περιτρέψη
1678 4425 1851 4481 αὐτόν.

242 4524 493 4578 Τοιοῦτον
566 4525 668 4598 γὰρ
736 4525 766 4581 ἠ
843 4520 1139 4594 ἀνθρωπίνη
1217 4520 1393 4589 φύσις.
1471 4514 1724 4575 ΠοῸάκις
1791 4516 1855 4566 τὰ

244 4614 451 4688 μεγάλα
500 4615 856 4687 κατορθοῦσα,
897 4610 1087 4683 μᾶλλον
1141 4606 1190 4660 ἓν
1243 4614 1351 4667 τοῖς
1395 4606 1662 4658 ἐλάττοσιν
1716 4602 1854 4675 ἐλέγ-

244 4724 428 4777 χεται.
488 4706 687 4758 Λοιπὸν
726 4698 813 4755 οὖν
866 4700 1243 4758 ἁσθενησάσης
1290 4703 1381 4756 τῆς
1440 4698 1687 4758 πίστεως,
1740 4691 1854 4765 μεθ’

242 4795 313 4855 ἧς
374 4794 730 4865 κατετόλμησε
808 4799 906 4842 τῶν
986 4788 1265 4860 κυμάτων,
1323 4783 1515 4856 ἀφῆκεν
1593 4781 1747 4835 αὐτὸν
1818 4783 1849 4839 ἡ

244 4886 410 4958 χάρις
489 4883 675 4949 αὐτῆς,
730 4882 761 4939 ἠ
823 4878 1154 4952 κουφίζουσα
1207 4871 1409 4941 τοῦτον,
1469 4877 1558 4925 καὶ
1608 4890 1853 4924 κατεπον-

1518 4340 1604 4389 τὸν
1670 4335 1853 4407 ἆνεμον

241 4974 433 5033 τίζετο.

318 5208 522 5267 Εύθέως
590 5233 661 5244 -
732 5197 1017 5259 ἐδίστασας
1068 5215 1081 5267 ;
1140 5202 1318 5250 Ταῦτα
1365 5192 1631 5255 ὀνειδίσας
1688 5193 1847 5264 αύτῷ,

238 5292 457 5361 ἐδειξεν,
503 5295 585 5346 ὅτι
623 5292 730 5364 ούχ
778 5293 808 5349 ἡ
843 5295 934 5342 τοῦ
978 5287 1166 5360 ἀνέμου
1209 5284 1306 5359 βία
1343 5291 1523 5338 τοῦτον
1553 5281 1847 5348 κατέϐαλεν,

317 5424 365 5457 ⁴⁶
405 5424 586 5479 Marc.
628 5433 708 5485 v1,
749 5416 838 5470 48.

1964 534 2240 607 discipuli
2276 536 2570 596 ﬂuctuant
2605 556 2675 595 ac
2710 542 3119 613 periclitantur
3152 545 3304 601 sicut
3338 550 3395 602 et
3439 547 3620 619 prius.

1963 626 2180 681 Verum
2240 631 2379 682 tunc
2418 629 2664 700 quidem
2704 646 2843 687 cum
2883 640 3081 690 essent
3133 636 3622 707 imperfectiores.

1963 715 2169 771 aderat
2204 723 2259 771 et
2294 717 2419 789 ipse
2456 718 2532 774 ad
2566 720 3061 790 consolationem,
3103 740 3460 797 quanquam
3491 725 3627 782 dor-

1960 804 2187 861 miebat
2221 822 2235 872 ;
2266 821 2428 863 nunc
2459 823 2596 865 vero
2627 825 2764 866 cum
2790 811 2918 882 jam
2950 813 3343 885 profecissent
3370 815 3619 885 [aberat

1964 898 2026 950 ut
2071 910 2376 969 nusquam
2423 897 2726 960 habentes.
2763 903 3237 960 consolationem
3293 903 3627 961 efﬁciantur

1963 984 2253 1041 fortiores.

2035 1094 2195 1149 Vers.
2226 1097 2315 1149 25.
2371 1094 2602 1159 Quarta
2631 1129 2699 1138 —
2742 1114 2925 1157 mare.
2971 1101 3202 1157 Marcus
3235 1106 3435 1158 autem
3485 1100 3629 1157 dixit

1965 1183 2133 1255 quod
2174 1183 2351 1240 etiam
2385 1185 2531 1240 vidit
2563 1202 2665 1243 eos
2706 1187 3048 1246 laborantes
3083 1191 3143 1246 in
3173 1190 3520 1261 remigando
3554 1192 3629 1229 “-

1964 1271 2229 1328 Joannes
2270 1288 2408 1329 vero
2437 1276 2599 1347 quod
2626 1277 3068 1348 remigaverant
3098 1279 3281 1338 ferme
3313 1279 3509 1336 stadia
3538 1278 3630 1334 vi-

1966 1361 2114 1433 ginti
2135 1363 2402 1435 quinque
2429 1368 2533 1421 aut
2552 1365 2808 1437 triginta.
2834 1368 3100 1424 Stadium
3122 1374 3322 1425 autem
3344 1369 3517 1424 locus
3542 1370 3630 1423 est

1966 1451 2089 1507 sive
2136 1469 2420 1510 mensura
2458 1460 2697 1511 centum
2730 1456 3033 1527 ulnarum,
3067 1475 3201 1531 quae
3233 1458 3378 1514 ulna
3426 1460 3625 1514 Graece

1966 1540 2155 1617 ὀργυιὰ
2201 1542 2499 1610 dicitur,et
2540 1548 2631 1602 est
2674 1562 2967 1602 manuum
3030 1564 3169 1603 cum
3200 1547 3452 1619 pectoris
3501 1546 3629 1602 lati-

1965 1630 2171 1687 tudine
2191 1633 2474 1700 extensio,
2493 1636 2802 1691 continens
2828 1653 2927 1691 sex
2950 1636 3154 1708 pedes.
3180 1636 3468 1704 Quartam
3491 1651 3625 1690 vero

1966 1721 2153 1776 noctis
2183 1722 2443 1792 vigiliam
2470 1724 2870 1780 nominabant
2900 1725 3155 1798 antiqui,
3189 1726 3285 1797 qui
3315 1726 3375 1780 in
3407 1724 3628 1780 exerci-

1731 1829 1856 1862 παι·
1891 1802 1935 1856 Β
1965 1810 2122 1866 tibus
2174 1818 2344 1867 nocte
2399 1812 2727 1882 vigilabant
2796 1818 3071 1885 quartam
3118 1814 3311 1870 noctis
3366 1818 3628 1886 partem-

1965 1905 2300 1972 postremas
2334 1901 2602 1957 videlicet
2626 1906 2743 1957 tres
2767 1903 2967 1958 horas.
2999 1903 3264 1958 Permisit
3294 1918 3436 1973 ergo
3468 1901 3631 1956 Chri-

1967 1994 2091 2044 stus
2121 1989 2447 2061 discipulos
2480 1990 2558 2046 ad
2588 1990 2650 2046 id
2681 2008 2871 2063 usque
2902 1996 3141 2064 tempus
3175 1992 3484 2057 ﬂuctuare,
3522 1991 3627 2046 do-

1967 2094 2108 2133 cens
2130 2083 2193 2134 ut
2216 2079 2395 2134 fortes
2421 2078 2751 2135 efﬁciamur
2771 2080 2848 2135 ad
2871 2081 3137 2153 pericula
3158 2097 3293 2153 quae
3316 2080 3630 2152 dispensa-

1966 2168 2115 2224 torie
2153 2168 2522 2223 inducuntur
2554 2185 2567 2224 :
2600 2184 2710 2223 nec
2742 2168 2976 2225 facilem
3009 2174 3110 2226 aut
3148 2171 3414 2225 velocem
3465 2185 3629 2242 quaa-

1964 2274 2171 2315 ramus
2192 2257 2626 2314 liberationem.
2652 2261 2937 2315 Praeterea
2967 2264 3032 2314 ut
3056 2264 3309 2315 mortem
3336 2275 3460 2331 prae
3487 2275 3629 2314 ocu-

1965 2346 2037 2401 lis
2060 2346 2377 2412 habentes,
2411 2351 2465 2402 et
2491 2346 2569 2402 ab
2591 2362 2661 2402 ea
2686 2347 3037 2403 mirabiliter
3061 2346 3314 2411 liberati,
3345 2363 3630 2418 agnosce-

1964 2440 2094 2492 rent
2110 2437 2296 2491 Deum
2311 2451 2442 2491 esse
2461 2451 2620 2501 eum,
2636 2437 2738 2507 qui
2754 2453 2815 2492 se
2830 2441 3147 2492 servasset.
3166 2436 3447 2492 Nondum
3464 2436 3628 2492 enim

1965 2525 2283 2599 perfectam
2331 2524 3099 2581 habebantcertitudinem
3147 2542 3159 2591 ;
3210 2526 3345 2581 ideo
3390 2541 3630 2598 quoque

1964 2620 2100 2686 post
2152 2613 2565 2669 liberationem
2628 2614 3028 2671 adoraverunt
3084 2630 3225 2671 eum
3305 2615 3627 2671 dicentes:

1977 2702 2120 2759 Vere
2149 2703 2255 2760 Dei
2280 2704 2469 2759 Filius
2494 2720 2571 2760 es.

2038 2811 2197 2865 Vers.
2256 2814 2345 2866 26.
2406 2811 2483 2865 Et
2521 2841 2591 2852 —
2629 2810 3050 2866 clamaverunt.
3101 2810 3401 2866 Timorem
3423 2809 3528 2881 qui
3553 2809 3631 2866 ab

1970 2908 2146 2963 undis
2199 2912 2323 2963 erat
2361 2908 2575 2980 excipit
2614 2908 2760 2963 alter
2798 2907 2976 2964 timor
3017 2930 3029 2963 :
3072 2923 3183 2962 nec
3238 2907 3400 2962 hunc
3460 2907 3634 2964 solvit

1967 2996 2159 3052 donec
2199 2996 2628 3066 clamaverunt,
2670 3001 2735 3052 ut
2773 3002 3184 3052 exercerentur
3223 2996 3302 3052 ab
3354 2994 3632 3052 ferendas

1968 3088 2359 3146 tentationum
2389 3084 2818 3141 successiones.

2340 3194 2420 3250 Ac
2444 3193 2703 3265 protinus
2724 3223 2792 3233 —
2813 3192 2992 3249 nolite
3018 3192 3251 3249 terreri.
3282 3192 3433 3258 Quia
3457 3194 3632 3249 nocte

1967 3286 2348 3359 impediente,
2365 3301 2400 3339 ο.
2413 3298 2667 3355 persona
2680 3298 2817 3337 eum
2833 3296 3193 3351 cognoscere
3206 3281 3630 3354 nequiverunt.

1971 3377 2063 3432 sui
2101 3392 2262 3431 nunc
2296 3373 2583 3429 indicium
2624 3378 2769 3444 puta
2806 3387 3017 3427 vocem
3058 3371 3142 3427 eis
3181 3371 3428 3437 inducit,
3492 3386 3629 3443 quae

1968 3468 2100 3524 illos
2130 3470 2383 3535 utroque
2415 3462 2623 3518 timore
2652 3461 2949 3516 liberaret.

2040 3558 2200 3610 Vers.
2239 3557 2327 3609 '28.
2360 3552 2738 3620 Respondens
2776 3582 2845 3591 —
2876 3552 3035 3605 Vers.
3081 3552 3170 3605 29.
3219 3549 3380 3605 Veni.
3423 3550 3635 3606 Perve-

1968 3647 2093 3702 nire
2125 3644 2203 3699 ad
2254 3642 2421 3697 illum
2452 3656 2629 3712 super
2658 3655 2849 3712 aquas
2879 3641 3110 3711 quaerit,
3144 3643 3211 3694 ut
3240 3638 3383 3693 hinc
3419 3639 3632 3694 certior

1967 3734 2316 3797 efﬁceretur,
2357 3745 2435 3785 an
2480 3729 2607 3800 ipse
2652 3734 2811 3783 esset
2856 3728 3138 3783 Christus.
3181 3726 3383 3782 Potius
3426 3731 3632 3783 tamen

1966 3822 2304 3885 dicendum,
2338 3817 2504 3890 quod
2536 3833 2672 3872 cum
2703 3832 2911 3871 vocem
2944 3815 3072 3887 ejus
3104 3816 3489 3887 percepisset,
3537 3831 3632 3870 su-

1966 3929 2077 3987 pra
2122 3909 2374 3966 modum
2406 3907 2652 3977 gavisus
2684 3910 2770 3962 est
2800 3909 2857 3961 et
2884 3905 3138 3978 optabat
3185 3908 3321 3961 ante
3351 3904 3499 3962 alios
3551 3904 3631 3961 ad

1964 4018 2103 4058 eum
2144 3997 2447 4056 accedere.

2036 4111 2194 4165 Vers.
2222 4109 2311 4161 29.
2338 4105 2597 4175 Cumque
2625 4100 3007 4158 descendisset
3036 4131 3106 4143 —
3131 4101 3297 4157 Vers.
3326 4105 3415 4159 30.
3444 4102 3631 4159 Serva

1963 4214 2065 4255 me.
2098 4198 2253 4253 Mare
2283 4193 2531 4267 quidem
2562 4207 2683 4248 non
2725 4190 2943 4259 timuit,
2976 4204 3334 4264 quanquam
3365 4190 3585 4245 fureret
3611 4208 3626 4257 ;

1885 4312 1929 4366 Ι)
1964 4287 2069 4344 sed
2099 4286 2174 4342 de
2200 4284 2460 4357 jubentis
2492 4281 2757 4355 potentia
2788 4278 3068 4345 conﬁsus,
3098 4279 3384 4366 audacter
3414 4278 3629 4334 ambu-

1962 4373 2127 4429 labat
2169 4384 2348 4441 super
2397 4384 2609 4440 aquas,
2658 4369 2714 4421 et
2755 4368 2911 4420 recte
2970 4362 3393 4434 gradiebatur:
3448 4368 3629 4419 vento

1964 4466 2164 4517 autem
2214 4458 2409 4528 magis
2459 4456 2694 4512 territus
2747 4457 2854 4519 est,
2886 4469 2962 4508 ne
2992 4452 3139 4508 forte
3170 4452 3629 4523 circumagendo

1965 4566 2103 4607 eum
2134 4552 2445 4606 everteret.
2490 4542 2847 4615 Huiusmodi
2890 4541 3052 4598 enim
3086 4545 3176 4597 est
3204 4542 3475 4597 humana
3526 4557 3629 4599 na-

1966 4651 2117 4706 tura,
2183 4642 2246 4695 ut
2306 4637 2661 4709 plerumque
2722 4634 2779 4687 in
2838 4632 3077 4702 magnis
3137 4636 3295 4687 recte
3336 4648 3397 4687 se
3439 4637 3627 4702 gerat,

1963 4730 2159 4801 magis
2181 4733 2381 4785 autem
2405 4724 2793 4782 convincatur
2808 4720 3271 4795 reprehensione
3292 4722 3478 4792 digna
3499 4738 3628 4779 esse

1962 4821 2023 4876 in
2056 4817 2403 4881 minoribus,
2431 4815 2814 4885 Consequens
2845 4812 3044 4885 itaque
3076 4814 3185 4881 est,
3220 4815 3279 4866 ut
3329 4811 3630 4868 debilitata

1961 4909 2102 4974 ﬁde,
2132 4923 2238 4981 per
2263 4921 2448 4979 quam
2482 4908 2688 4959 contra
2714 4900 2927 4957 ﬂuctus
2951 4900 3267 4957 audentior
3299 4905 3442 4967 erat,
3472 4900 3627 4955 illius

1964 4999 2374 5055 destitueretur
2404 4993 2614 5067 gratia,
2650 5008 2777 5064 quae
2825 4991 3018 5046 levem
3065 4990 3267 5062 ipsum
3317 4989 3623 5055 efﬁciebat,

1963 5088 2022 5139 et
2050 5083 2514 5150 demergeretur.

2034 5189 2198 5254 Vers,
2231 5188 2288 5241 31
2307 5228 2322 5243 .
2350 5186 2421 5239 Et
2451 5184 2729 5241 continuo
2759 5212 2829 5224 -
2860 5180 3149 5238 hmsz’tasti
3187 5178 3215 5232 ?
3247 5177 3379 5233 Haec
3409 5176 3627 5247 impro-

1961 5293 2179 5353 perans
2226 5274 2504 5343 ostendit,
2549 5269 2709 5340 quod
2742 5285 3111 5342 nequaquam
3142 5267 3302 5323 venti
3350 5264 3624 5321 violentia

1452 5536 1678 5606 Variae
1725 5533 2057 5604 lectiones
2106 5539 2172 5598 et
2212 5535 2414 5596 notae.

315 5739 431 5811 (69)
457 5737 643 5807 Φόϐος,
665 5732 835 5793 addit
852 5733 918 5787 A.

2040 5718 2154 5790 (70)
2179 5712 2307 5777 Ἐως
2330 5715 2482 5781 οὗ,Α.
