4108 6384
490 289 596 345 439

489 506 741 560 ﬁrmitas
784 504 958 558 dictae
996 502 1153 557 fidei.
1194 503 1433 573 Exiguae
1475 518 1615 571 ergo
1654 502 1793 557 ﬁdei
1834 502 2143 556 hominem

486 594 655 649 illum
687 592 1018 663 appellavit,
1076 598 1135 646 ut
1166 592 1260 662 qui
1295 596 1535 646 ventum
1569 592 1805 655 timens,
1859 606 2144 659 magnam

483 685 611 755 ejus
639 689 863 753 partem
896 681 1226 751 abjecisset.
1264 682 1406 735 Dicit
1432 682 1633 752 itaque
1664 681 1750 735 illi
1781 704 1791 735 :
1827 682 1947 735 Cur
1978 681 2143 735 harsi-

486 774 625 828 tasti
653 772 679 825 ἲ)
710 773 850 837 sive,
884 787 1069 842 quare
1096 771 1355 841 primum
1384 770 1666 825 ﬁduciam
1697 770 1949 835 habens,
1983 774 2142 840 post—

483 862 723 917 modum
747 860 1038 916 timuisti?
1062 860 1126 914 Id
1148 859 1307 914 enim
1333 860 1650 931 appellavit
1674 860 2138 915 haesitationem.

482 954 630 1006 Nam
662 951 765 1022 qui
794 956 999 1005 contra
1030 949 1245 1003 ﬂuctus
1279 954 1331 1003 te
1357 948 1571 1004 fortem
1600 949 1906 1014 reddebat,
1941 949 2139 1019 utique

482 1042 538 1095 et
563 1044 770 1096 contra
794 1042 1042 1095 ventum
1068 1041 1122 1093 te
1147 1037 1361 1094 fortem
1386 1037 1756 1095 reddidisset.

548 1290 711 1343 Vers.
743 1289 831 1344 32.
866 1286 1131 1358 Cumque
1160 1294 1347 1344 essent
1375 1287 1622 1358 ingressi
1647 1318 1714 1326 —
1747 1292 1973 1343 ventus.
2012 1288 2136 1343 Non

478 1377 683 1432 statim
720 1377 922 1433 navim
953 1377 1374 1442 ascenderunt,
1412 1377 1519 1432 sed
1549 1380 1723 1432 vento
1753 1376 2137 1431 vehementer

475 1470 744 1536 urgente,
776 1466 958 1537 longo
990 1467 1186 1522 adhuc
1213 1468 1405 1539 spatio
1435 1466 1901 1522 ambulaverunt
1947 1470 2009 1521 ut
2036 1468 2136 1520 Pe-

1795 286 2150 343 EUTHYMII
2190 285 2519 343 ZIGABENI

488 416 656 470 illum
697 413 1031 485 dejiciebat,
1072 413 1173 468 sed
1215 412 1433 482 exigua
1472 413 1715 478 ﬁducia,
1756 413 1871 468 hoc
1912 418 2000 467 est
2051 412 2146 467 in-
2179 414 2227 465 A
2260 411 2367 464 ἀλλ’

3766 290 3870 345 440

2451 415 2479 470 η
2564 412 2918 483 ὀλιγοπιστία,
2978 417 3282 485 τουτέστιν,
3346 433 3375 472 η
3474 412 3716 466 ἀσθένεια
3775 422 3869 475 τῆς

2255 504 2505 576 ῥηθείσης
2584 508 2825 562 πίστεως.
2903 502 3270 573 Ὀλιγόπιστον
3348 499 3435 555 οὖν
3507 502 3663 555 αὐτὸν
3755 503 3866 556 ἐκά-

2256 591 2417 658 λεσεν,
2478 598 2541 652 ὡς
2599 590 2924 643 ἀποϐαλόντα
2995 594 3123 644 πολύ
3178 613 3227 645 τι
3296 594 3407 663 (71)
3468 598 3622 665 μέρος
3702 593 3863 655 αὐτῆς

2255 680 2302 732 ἐν
2361 690 2431 751 τῷ
2493 681 2781 752 φοϐηθῆναι
2848 685 2933 733 τὸν
2987 682 3188 754 ἂνεμον.
3249 687 3403 751 Λέγει
3457 688 3626 735 τοίνυν
3697 683 3857 753 αύτῷ·

2254 777 2400 822 Διατί
2481 768 2768 833 ἐδίστασας
2816 788 2828 837 ;

2926 776 3085 843 ἤγουν
3138 814 3149 836 ,
3249 770 3395 825 διατί
3485 782 3685 847 πρῶτον
3770 777 3859 845 μὲν

2252 858 2595 933 ἐθάρρησας,
2677 861 2890 932 ὕστερον
2974 858 3033 913 δὲ
3119 858 3466 927 ἐδειλίασαςς
3536 869 3698 914 Τουτο
3752 865 3854 933 γὰρ

2251 954 2486 1021 ὠνόμασε
2546 946 2865 1021 δισταγμὸν.
2949 949 3008 1005 Ὀ
3080 953 3181 1024 γὰρ
3257 951 3516 1023 ἐνισχύων
3588 971 3644 1003 σε
3720 954 3857 1003 κατὰ

2250 1047 2348 1091 τῶν
2425 1041 2669 1111 κυμάτων
2750 1039 3027 1111 ἐνίσχυσεν
3097 1042 3157 1093 οἶν
3256 1060 3312 1094 σε
3383 1046 3474 1093 καὶ
3552 1042 3686 1093 κατὰ
3762 1047 3855 1092 τοῦ

2249 1125 2459 1199 ἀνέμου.

2323 1222 2423 1269 Καὶ
2506 1216 2766 1289 ἐμϐάντων
2820 1248 2891 1257 -
2955 1219 3154 1291 ἄνεμος.
3217 1218 3329 1271 Ούκ
3388 1218 3535 1281 εύθύς
3607 1216 3854 1277 ἐνέϐησαν

2248 1305 2322 1366 εἰς
2362 1308 2420 1357 τὸ
2468 1305 2665 1372 πλοῖον,
2694 1304 2823 1357 ἀλλὰ
2870 1311 2976 1378 καὶ,
3029 1314 3119 1359 τοῦ
3164 1305 3351 1378 ἀνέμου
3408 1305 3647 1381 σφοδρῶς
3687 1306 3853 1379 ἐγκει-

2246 1398 2421 1467 μένου,
2500 1395 2629 1447 πολύ
2719 1392 2996 1468 διάστημα
3082 1400 3470 1472 περιεπάτησαν
3556 1400 3652 1463 ἔτι,
3728 1401 3856 1471 πρὸς

2246 1484 2602 1557 πληροφορίαν
2661 1493 2752 1537 τοῦ
2805 1491 3022 1560 Πέτρου,
3064 1491 3153 1538 καί
3203 1486 3417 1559 ﬂes/xw
3476 1495 3570 1547 τῆς
3624 1486 3856 1558 ὀλιγοπι-

473 1558 600 1611 trus
644 1555 860 1611 certior
901 1556 1265 1623 redderetur,
1312 1560 1368 1611 et
1397 1556 1467 1611 de
1502 1572 1611 1611 sua
1654 1556 1868 1625 exigua
1912 1555 2135 1611 ﬁducia

2249 1578 2399 1635 στίας
2429 1574 2609 1629 αὐτοῦ.
2654 1580 2790 1633 Φησὶ
2822 1579 2922 1648 γὰρ
2956 1577 2980 1627 6
3030 1578 3289 1646 Ἰωάννης,
3338 1578 3419 1628 ὄτί
3457 1576 3634 1635 ἤθελον
3679 1575 3853 1629 λαϐεῖν

473 1644 943 1699 convinceretur.
978 1644 1303 1700 Dicitenim
1331 1645 1593 1700 Joannes
1617 1645 1782 1715 quod
1818 1644 2136 1699 voluerunt

472 1748 611 1788 eum
642 1747 875 1788 sumere
904 1734 965 1788 in
996 1734 1218 1797 navim,
1252 1737 1304 1788 et
1330 1732 1485 1787 illico
1510 1732 1684 1787 navis
1715 1732 1943 1804 appulit
1969 1737 2133 1788 terrae

471 1822 549 1877 ad
607 1837 792 1893 quam
851 1822 1039 1878 ibant.
1084 1820 1165 1877 'Et
1203 1823 1339 1877 inde
1395 1822 1784 1877 manifestum
1843 1827 1930 1877 est
1968 1822 2134 1894 quod

468 1925 608 1966 cum
646 1910 819 1965 navis
862 1914 1027 1966 terrae
1065 1911 1343 1982 proxima
1380 1915 1552 1977 esset,
1612 1915 1740 1965 tum
1792 1910 2033 1966 demum
2073 1912 2133 1967 in

468 2013 602 2077 eam
635 2000 1022 2055 intraverunt.

536 2105 703 2161 Vers.
747 2106 837 2160 33.
885 2106 1171 2161 Caeterum
1219 2105 1323 2176 qui
1364 2135 1435 2147 —-
1477 2121 1550 2161 es.
1598 2106 1856 2163 Miraculi
1904 2107 2133 2177 magni-

465 2194 606 2251 tudo
626 2194 1037 2265 perfectiorem
1055 2195 1140 2250 eis
1178 2194 1409 2249 induxit
1427 2194 1632 2250 ﬁdem.
1659 2198 1811 2252 Mare
1833 2196 2133 2268 siquidem

464 2282 775 2355 increpare
801 2282 1005 2338 minus
1029 2286 1138 2348 est,
1167 2298 1355 2355 quam
1387 2299 1568 2355 super
1597 2284 1743 2339 illud
1774 2285 2087 2342 ambulare
2115 2306 2128 2346 :

463 2387 575 2427 nec
621 2368 814 2427 solu‘m
864 2387 1003 2428 eum
1041 2388 1213 2445 super
1259 2372 1407 2428 illud
1438 2372 1767 2439 ambulare,
1803 2374 1901 2429 sed
1950 2375 2131 2431 etiam

462 2459 657 2517 facere
714 2461 859 2517 illud
922 2477 1061 2516 cum
1119 2462 1272 2517 venti
1333 2461 1612 2518 violentia
1651 2462 1987 2533 impetuose
2028 2464 2132 2520 ﬂa-

460 2554 570 2616 ret,
630 2566 701 2607 ac
767 2567 931 2606 mare
993 2566 1029 2605 a
1109 2566 1220 2606 suo
1284 2554 1438 2606 statu
1516 2551 1941 2620 submoveret;
2026 2556 2129 2610 sed

461 2654 719 2710 praesens
756 2640 1002 2712 quidem
1041 2639 1407 2709 evangelista
1462 2639 1600 2696 dicit
1637 2642 1801 2712 quod
1860 2659 2130 2700 commu-

460 2728 613 2784 niter
669 2743 882 2785 omnes
938 2728 1194 2785 confessi
1253 2734 1392 2785 sunt
1431 2745 1560 2785 esse
1614 2730 1821 2802 ipsum
1882 2733 1981 2789 Dei
2048 2734 2129 2790 Fi-

463 2817 632 2874 lium.

534 2927 764 2981 Marcus
796 2928 995 2980 autem
1022 2924 1191 2991 dixit,
1221 2924 1387 2996 quod
1417 2925 1697 2981 admirati
1725 2933 1884 2993 sunt,
1916 2945 2129 2987 verum

462 3028 588 3069 non
618 3013 1050 3070 intellexerunt.
1081 3014 1171 3069 Ait
1202 3013 1359 3075 enim
1394 3032 1407 3069 :
1441 3016 1518 3069 Et
1549 3017 1912 3075 vehementer
1942 3036 2130 3090 supra

465 3103 704 3159 modum
736 3104 898 3159 intra
929 3118 1048 3159 sese
1078 3103 1391 3173 stupebant
1420 3110 1474 3160 et
1506 3105 1951 3163 admirabantur
1983 3127 1996 3164 :
2030 3126 2129 3167 ne-

464 3207 578 3264 que
606 3194 761 3248 enim
788 3192 1211 3248 intellexerunt
1238 3193 1311 3248 de
1337 3194 1582 3261 panibus
1605 3212 1624 3257 ;
1650 3212 1780 3249 nam
1805 3212 1903 3251 cor
1928 3214 2131 3256 eorum

465 3281 815 3338 obcaecatum
835 3287 959 3337 erat
992 3283 1058 3335 ⁸⁷.
1094 3284 1191 3336 Est
1221 3287 1419 3337 autem
1454 3298 1663 3337 sensus
1696 3285 1995 3342 dictorum
2024 3288 2132 3343 hu-

463 3370 752 3441 jusmodi,
796 3371 957 3442 quod
988 3386 1172 3442 supra
1203 3370 1457 3425 modum
1487 3371 1943 3429 admirabantur
1990 3393 2130 3434 eum

467 3460 647 3516 veluti
688 3459 999 3516 hominem
1044 3460 1143 3531 qui
1190 3459 1330 3515 talia
1377 3465 1599 3533 posset,
1652 3478 1836 3534 quum
1869 3468 2131 3524 maxime

467 3548 638 3605 illum
670 3548 920 3604 adorare
976 3549 1351 3621 oportuisset,
1402 3554 1687 3621 tanquam
1721 3554 1906 3609 Deum
1934 3557 2132 3613 omnia

467 3643 795 3711 potentem.
848 3636 1063 3692 Volens
1108 3641 1308 3693 autem
1358 3640 1670 3695 ostendere
1724 3644 1885 3713 quod
1937 3662 2131 3718 neque

470 3726 534 3782 in
564 3726 852 3797 praedicto
880 3741 1112 3797 panum
1148 3726 1437 3782 miraculo
1486 3744 1550 3783 se
1604 3733 2028 3790 convertissent
2059 3738 2132 3793 ad

2246 1663 2400 1715 αύτόν
2457 1664 2527 1724 εἰς
2578 1668 2635 1716 τὸ
2685 1664 2879 1730 πλοῖον,
2938 1670 3027 1716 καὶ
3087 1666 3265 1727 εὐθέως
3322 1669 3377 1718 τὸ
3427 1665 3601 1717 πλοῖον
3657 1664 3852 1737 ἐγένετο

2245 1751 2329 1804 ἐπὶ
2373 1756 2466 1810 τὴν
2505 1762 2604 1823 γῆν
2648 1754 2784 1823 (72),
2820 1759 2886 1814 εὶς
2934 1755 2996 1813 ἦν
3045 1756 3265 1826 ὑπῆγον,
3302 1754 3582 1808 Κάντεύθεν
3615 1760 3850 1830 φανερὸν,

2245 1844 2343 1913 ὅτι,
2400 1841 2622 1899 πλησίον
2684 1851 2778 1905 τῆς
2839 1851 2935 1913 γῆς
2991 1849 3263 1917 γενομένου
3330 1852 3422 1897 τοῦ
3484 1845 3686 1915 πλοίου,
3737 1851 3853 1899 τότε

2242 1931 2417 1984 λοιπὸν
2442 1930 2689 1989 ἐνέϐησαν
2717 1932 2783 1992 εἰς
2811 1932 2956 1987 αύτό.

2316 2024 2381 2072 Οἱ
2435 2017 2493 2073 δὲ
2549 2053 2617 2061 -
2673 2018 2733 2075 εἶ.
2794 2026 2862 2075 Τὸ
2930 2025 3145 2094 μέγεθος
3203 2030 3293 2075 τοῦ
3353 2025 3614 2095 θαύματος
3667 2025 3851 2078 τελειο-

2241 2112 2392 2183 τέραν
2454 2114 2627 2170 αὐτοῖς
2688 2115 2773 2168 τὴν
2838 2116 3019 2164 πίστιν
3084 2110 3307 2171 ἐνέθηκε.
3381 2119 3483 2165 Τοῦ
3559 2117 3660 2186 γὰρ
3742 2114 3853 2167 ἐπι-

2241 2204 2396 2271 τιμᾷν
2453 2208 2515 2271 τῇ
2587 2199 2826 2273 θαλάσση
2886 2201 3063 2273 μεῖζον
3131 2205 3187 2254 τὸ
3240 2210 3541 2275 περιπατεῖν
3609 2202 3682 2255 an"
3750 2204 3851 2255 αύ-

2241 2296 2351 2353 τῆς,
2404 2293 2494 2340 καὶ
2564 2294 2636 2362 μὴ
2727 2294 2878 2361 μόνον
2936 2291 3089 2343 αύτὸν
3152 2298 3472 2364 περιπατεῖν,
3549 2291 3676 2345 ἀλλὰ
3763 2298 3853 2345 καὶ

2243 2376 2395 2450 ἑτέρῳ
2449 2386 2601 2430 τοῦτο
2652 2380 2999 2452 χαρίζεσθαι·
3056 2386 3147 2433 καὶ
3194 2386 3266 2454 μὴ
3300 2389 3463 2434 ταῦτα
3496 2386 3671 2453 μόνον,
3719 2382 3851 2435 άλλὰ

2241 2471 2329 2518 καὶ
2378 2464 2504 2539 βίας
2548 2468 2736 2539 ἀνέμου
2781 2470 3219 2540 καταιγιζούσης,
3252 2476 3341 2522 καὶ
3374 2469 3845 2544 ἀναμοχλευούσης

2240 2559 2334 2613 τὴν
2410 2556 2698 2611 θάλασσαν.
2763 2557 2895 2610 Ἀλλ’
2955 2560 2979 2610 6
3049 2564 3139 2631 μέν
3216 2565 3392 2635 παρὼν
3474 2561 3848 2632 εύαγγελιστής

2242 2665 2422 2717 φησιν,
2464 2648 2543 2698 ὅτι
2581 2655 2725 2719 κοινῇ
2775 2651 2957 2709 πάντες
2998 2648 3342 2722 ὡμολόγησαν
3384 2652 3517 2704 Θεοῦ
3563 2651 3681 2704 Υἰὸν
3713 2648 3845 2704 εἶναι

2240 2753 2415 2788 αυτον.

2310 2928 2366 2979 Ὁ
2425 2925 2483 2980 δὲ
2557 2932 2769 3002 Μάρκος
2824 2929 3002 3001 εἶπεν,
3066 2933 3146 2983 ὅτι
3199 2931 3500 3005 ἐθαύμασαν
3567 2937 3655 3007 μὲν
3690 2978 3703 3003 ,
3785 2936 3843 2987 ού

2244 3026 2472 3077 συνῆκαν
2544 3015 2635 3070 δέν
2676 3020 2809 3091 λέγει
2861 3024 2984 3095 γὰρ,
3028 3023 3107 3073 ὅτι
3156 3027 3258 3074 Καὶ
3310 3022 3422 3075 λίαν
3484 3022 3539 3075 ἐκ
3589 3033 3847 3098 περισσοῦ

2241 3105 2288 3157 ἐν
2355 3106 2559 3170 ἑαυτοῖς
2638 3106 2950 3177 ἐξίσταντο,
3040 3116 3129 3163 καὶ
3184 3111 3517 3185 ἐθαύμαζον·
3609 3114 3668 3166 ού
3742 3118 3845 3187 γὰρ

2242 3204 2471 3255 συνῆκαν
2526 3196 2608 3249 ἐπὶ
2660 3206 2766 3259 τοῖς
2834 3200 3026 3271 όίρτοις·
3080 3197 3141 3259 ἧν
3215 3204 3313 3274 γὰρ
3372 3202 3540 3255 αὐτῶν
3607 3203 3635 3261 ὴ
3722 3224 3847 3276 καρ-

2242 3282 2336 3338 δία
2405 3291 2775 3360 πεπωρωμένη.
2852 3286 3007 3342 ’Ἐστι
3084 3286 3142 3342 δὲ
3218 3292 3243 3341 6
3318 3299 3435 3353 νοῦς
3506 3300 3606 3345 τῶν
3675 3295 3849 3368 ῥητῶν

2240 3383 2493 3442 τοιοῦτος,
2545 3378 2624 3428 ὅτι
2672 3377 3168 3450 ὑπερεξεπλήττοντο
3225 3380 3399 3448 αὐτὸν,
3450 3385 3517 3445 ὡς
3578 3384 3850 3457 ἄνθρωπον

2240 3472 2459 3517 τοιαῦτα
2531 3461 2833 3537 δυνάμενον·
2895 3463 3009 3520 δέον
3074 3469 3190 3541 (73)
3259 3469 3494 3536 μάλιστα
3538 3481 3850 3546 προσκυνεῖν

2240 3553 2417 3621 αύτὸν,
2450 3556 2516 3616 ὡς
2544 3558 2671 3607 Θεὸν
2715 3557 2886 3608 πάντα
2930 3553 3234 3630 δυνάμενον.
3269 3559 3526 3632 Ἐμφῆναι
3567 3558 3626 3615 δὲ
3674 3562 3847 3634 θέλων,

2242 3645 2321 3695 ὅτι
2370 3639 2485 3695 οὐδ’
2530 3642 2616 3695 ἐπί
2668 3653 2729 3717 τῇ
2780 3645 3115 3720 προλαϐούση
3167 3650 3564 3724 θαυματουργία
3615 3661 3713 3704 τῶν
3760 3655 3854 3726 ἅρ-

2242 3740 2340 3782 τών
2392 3735 2678 3805 μετέμαθον
2728 3738 2785 3787 τὸ
2833 3732 2967 3803 δέον,
2996 3740 3336 3809 προσέθηκεν,
3374 3743 3453 3792 ὅτι
3510 3741 3569 3792 ού
3620 3750 3851 3801 συνῆκαν

471 3815 534 3871 id
563 3815 729 3886 quod
759 3815 1034 3887 oportuit,
1068 3815 1301 3872 addidit
1328 3818 1494 3889 quod
1545 3834 1668 3874 non
1721 3821 2134 3884 intellexerunt

2246 3817 2367 3873 ούδε
2397 3822 2508 3893 (74)
2541 3821 2623 3875 ἐπὶ
2652 3830 2763 3886 τοῖς
2812 3825 3013 3897 ἄρτοις·
3054 3826 3315 3899 Ἐπὴγαγε
3342 3826 3399 3881 δε
3429 3835 3516 3883 καὶ
3540 3836 3633 3888 τὴν
3678 3837 3851 3885 αἰτίαν

472 3920 670 3975 neque
696 3904 767 3959 de
792 3905 1076 3975 panibus.
1108 3904 1367 3961 Adduxit
1390 3912 1591 3964 autem
1619 3925 1862 3969 causam
1889 3933 1993 3970 cur
2013 3934 2133 3972 non

474 3992 911 4061 intellexerunt,
952 3993 1158 4050 dicens
1197 4011 1213 4049 :
1267 3997 1422 4052 Erat
1476 4012 1574 4053 cor
1620 4014 1817 4057 eorum
1879 4006 2132 4063 obcaeca-

477 4088 614 4137 tum.

546 4190 666 4244 Nos
717 4194 917 4246 tamen
959 4189 1214 4246 dicimus
1272 4192 1437 4263 quod
1504 4195 1682 4250 simul
1723 4203 1780 4253 ut
1836 4200 2139 4270 ingressus

478 4283 569 4335 est
594 4280 796 4335 navim
817 4279 1014 4345 Jesus,
1043 4280 1421 4349 contigerunt
1445 4298 1516 4337 ea
1541 4300 1675 4356 quae
1698 4286 1849 4343 dixit
1874 4293 2095 4349 Marcus
2123 4314 2136 4363 ;

477 4368 693 4424 deinde
746 4368 1041 4425 dissoluta
1071 4370 1350 4437 caecitate,
1384 4370 1537 4427 facta
1566 4381 1704 4432 sunt
1734 4393 1804 4433 ea
1833 4396 1967 4452 quae
2000 4386 2140 4440 scri-

476 4459 595 4529 psit
645 4458 974 4513 Matthteus.
1032 4459 1189 4515 Scire
1237 4460 1398 4515 enim
1444 4468 1691 4533 Oportet,
1745 4471 1910 4539 quod
1963 4473 2144 4529 inter-

480 4546 628 4601 dum
659 4546 905 4617 quidem
939 4548 1251 4604 tenebatur
1276 4567 1378 4607 cor
1406 4552 1862 4626 discipulorum,
1898 4578 2006 4617 nec
2039 4580 2139 4635 po-

480 4639 676 4690 terant
707 4635 1033 4704 intelligere
1068 4653 1078 4689 :
1114 4640 1479 4712 quandoque
1514 4660 1651 4701 vero
1686 4649 2030 4706 solvebatur
2087 4660 2143 4710 et

483 4723 887 4795 intelligebant
929 4742 941 4790 ;
987 4731 1303 4799 utrumque
1344 4733 1545 4787 autem
1585 4735 1789 4794 divina
1828 4740 2141 4812 dispensa-

481 4812 640 4868 tione
681 4814 1084 4883 contingebat.
1120 4817 1185 4871 Et
1213 4832 1324 4873 nos
1355 4836 1498 4890 ergo
1529 4839 1669 4879 cum
1714 4827 1981 4901 demergi
2035 4848 2143 4887 ca:-

479 4903 747 4975 perimus
779 4906 1125 4975 tempestate
1152 4908 1667 4978 perturbationum
1701 4917 1908 4983 animi,
1938 4919 2142 4981 Jesum

554 5057 597 5091 ‘7
634 5056 815 5112 Marc.
839 5072 916 5122 vn,
949 5057 1040 5114 51.

2246 3918 2337 3961 τοῦ
2392 3916 2463 3983 μη
2519 3917 2760 3980 συνιέναι,
2819 3914 3055 3987 εἰρηκὼς,
3098 3916 3178 3969 ὃτι
3223 3917 3318 3971 Ἢν
3363 3921 3392 3977 ἡ
3444 3916 3640 3993 καρδία
3683 3921 3855 3973 αὐτῶν

2248 4005 2619 4075 πεπωρωμένη.

2324 4218 2551 4286 Λέγομεν
2597 4212 2656 4268 δὲ
2708 4218 2878 4289 ἡμεῖς,
2924 4219 3001 4271 ὅτι
3070 4218 3180 4292 ἁμα
3245 4224 3336 4294 μὲν
3381 4230 3453 4293 τῷ
3512 4222 3732 4297 ἐμϐῆναι
3787 4230 3859 4288 εἰς

2252 4308 2309 4355 τό
2380 4302 2557 4355 πλοῖον
2636 4308 2721 4357 τὸν
2774 4305 3001 4378 Ἰησοῦν,
3062 4310 3376 4380 συνέϐησαν,
3433 4313 3564 4387 άπερ
3642 4312 3776 4368 εἶπεν
3832 4318 3859 4368 6

2250 4393 2498 4465 Μάρκος⁸
2579 4390 2692 4446 εἶτα
2767 4395 3015 4459 λυθείσης
3097 4406 3190 4460 τῆς
3264 4407 3602 4474 πωρώσεως,
3677 4403 3859 4457 λοιπὸν

2249 4481 2549 4553 γεγόνασιν,
2594 4484 2723 4556 οἷπερ
2782 4485 3056 4559 ἱστόρησεν
3130 4490 3155 4539 6
3232 4492 3519 4554 Ματθαῖος.
3580 4498 3696 4569 Χρὴ
3754 4498 3859 4570 γὰρ

2249 4591 2545 4642 γινωσκειν,
2609 4574 2689 4624 ὅτι
2730 4578 2853 4627 ποτε
2924 4578 3014 4647 μὲν
3074 4575 3336 4651 ἐκρατεῖτο
3399 4582 3425 4638 ὃ
3497 4579 3696 4653 καρδία
3760 4594 3862 4638 τῶν

2251 4663 2516 4733 μαθητῶν,
2551 4665 2640 4713 καὶ
2695 4663 2788 4715 ούκ
2837 4661 3096 4722 ἠδύναντο
3160 4673 3406 4741 συνιέναι,
3456 4674 3578 4723 ποτὲ
3618 4668 3676 4724 δὲ
3733 4676 3863 4727 απε-

2253 4753 2419 4817 Λύετο,
2474 4754 2563 4802 καὶ
2644 4757 2906 4805 συνίεσαν.
2957 4752 3224 4831 Ἑκάτερον
3286 4754 3345 4810 δὲ
3409 4759 3671 4812 συνέϐαινε
3723 4766 3861 4816 κατὰ

2255 4842 2513 4913 θειοτέραν
2597 4843 2897 4914 οἰκονομίαν
2932 4886 2945 4901 ,
3034 4847 3139 4899 Καὶ
3212 4848 3363 4919 ἡμεῖς
3432 4852 3646 4915 τοίνυν,
3733 4853 3860 4903 ὅταν

2254 4929 2541 5003 ἄρχωμεθα
2596 4933 3071 4994 καταποντίζεσθαι
3140 4943 3212 5006 τῷ
3280 4934 3506 4989 κλύδωνι
3583 4947 3681 4991 τῶν
3750 4960 3862 4995 πα-

1686 5221 1911 5290 Variae
1963 5226 2292 5300 lectiones
2347 5244 2651 5304 etnotae.

555 5351 668 5490 271;
696 5351 807 5406 Pro
835 5351 965 5403 πολύ
996 5372 1068 5419 τι,
1101 5355 1145 5407 Α
1171 5354 1354 5412 habet
1376 5358 1681 5432 πολύτιμον.

579 5424 646 5475 72
698 5422 871 5490 Apud
900 5426 1191 5481 Joannem
1245 5432 1353 5490 est,
1390 5428 1474 5482 ἐπὶ
1518 5440 1613 5490 τῆς
1665 5454 1681 5490 τ

579 5422 668 5509 7772)
698 5422 871 5501 Apud
900 5426 1193 5509 Joannem
1225 5432 1353 5509 ‘est,
1390 5428 1495 5509 ἐπὶ
1518 5422 1613 5509 τῆς
1665 5442 1780 5509 γῆς,
1838 5444 2143 5509 quomodo

485 5562 1184 5655 etiamvghrgsq'st‘om‘us‘
1208 5569 1288 5655 in,
1333 5570 1545 5655 intra;
1583 5562 1700 5655 γ’ῆς.
1747 5562 2139 5655 εβίωὲιέθῖεἶέὂ

2255 5374 2396 5461 data
2420 5392 2599 5461 opera
2633 5379 2905 5452 explicat,
2941 5385 3089 5438 tom.
3122 5384 3237 5456 VlI,
3264 5400 3323 5458 p.
3353 5387 3456 5443 255
3488 5385 3549 5443 C.
3583 5388 3740 5461 ἐγγύς
3766 5400 3875 5457 τῆς

2209 5500 2221 5511 ,
2240 5457 2317 5519 ,γῆ
2333 5470 2353 5509 ς
2374 5451 2587 5519 ἐγένετο.

2468 5588 2628 5659 Οὐδὲ,
2661 5592 2829 5649 abest
2865 5599 2930 5650 A.

484 5492 664 5571 etiam
711 5492 771 5546 in
804 5499 1084 5550 contextu
1114 5498 1194 5552 ibi
1212 5492 1408 5579 .habet
1456 5492 1827 5576 Eutayzhiiis.
1858 5492 2163 5572 ‘oﬂEn'citi
2209 5492 2760 5582 ’I*"'(’7'3"Xé"addit
2790 5523 2857 5577 A.

484 5564 1431 5662 etiam‘Tgthrgsqsltiom‘uss-nﬁ-fni
1454 5583 1545 5662 τῆς
1583 5585 1700 5662 γῆς.
1747 5581 1937 5662 δεωθι
1957 5654 1970 5662 _
1998 5601 2139 5662 ergo
2323 5521 2438 5662 (74;
2468 5563 2628 5659 Ούδὲ,
2661 5592 2829 5649 abest

484 5638 630 5687 tom.
674 5633 784 5699 VII,
832 5633 887 5705 ρ.
924 5642 1022 5692 515
1067 5638 1127 5708 C,
1170 5633 1352 5699 habet
1389 5644 1461 5706 εἱς
1489 5633 1739 5721 etiam.
1782 5633 2138 5720 sauia}

2323 5592 2412 5663 (74
