4108 6394
239 336 335 390 441
1209 334 1574 393 COMMENT.
1619 337 1690 393 IN
1729 338 2175 395 MATTHXEUM.
2216 371 2285 382 -
2325 341 2479 396 CAP.
2524 343 2643 396 XV.

241 462 386 529 ὑῶν,
472 457 896 530 ἑπικαλεσώμεϐα
980 462 1063 510 τὸν
1121 464 1321 518 Ἰησοῦν

240 544 402 601 δώσει
472 551 561 599 καὶ
623 548 748 619 ἡμῖν
832 554 992 621 χεῖρα
1072 547 1335 621 βοηθείας,
1401 555 1489 603 καὶ
1578 549 1846 605 ἀνελκύσει

237 640 396 710 ἡμᾶς.

312 786 411 833 Καὶ
449 812 518 820 ——
552 785 893 855 Γεννησαρέτ.
931 781 989 834 Ὀ
1021 779 1079 834 δὲ
1121 783 1329 854 Μάρκος
1374 782 1529 850 εἶπεν,
1572 787 1650 836 ὅτι
1691 785 1844 857 ἠνάγ-

235 890 367 923 κασε
410 876 527 929 τοὺς
579 872 817 941 μαθητὰς
856 871 1014 923 αὑτοῦ
1074 871 1292 943 ἐμϐῆναι
1319 873 1391 935 εἰς
1436 877 1495 925 τὸ
1526 874 1718 942 πλοῖον,
1753 879 1842 927 καὶ

234 961 477 1029 προάγειν
509 958 577 1018 εἰς
626 963 684 1012 τὸ
724 964 882 1032 πέραν
912 964 1035 1035 πρὸς
1093 960 1394 1020 Βηθσαϊδά,
1437 964 1461 1014 ὁ
1492 960 1551 1016 δὲ
1580 965 1838 1032 Ἰωάννης,

235 1049 314 1099 ὅτι
365 1051 595 1121 ἤρχοντο
651 1053 811 1123 πέραν
870 1057 961 1110 τῆς
1017 1051 1289 1112 θαλάσσης
1344 1051 1417 1114 εἰς
1474 1057 1837 1127 Καπερναούμ.

233 1136 359 1189 Εἰσὶ
400 1132 460 1189 δὲ
503 1142 593 1189 καὶ
645 1139 675 1196 ἡ
718 1135 1016 1205 Βηθσαϊδὰ,
1073 1145 1162 1193 καὶ
1209 1143 1239 1199 ἠ
1294 1146 1657 1217 Καπερναοὺμ,
1689 1141 1737 1195 ἐν
1772 1152 1835 1217 τῇ

232 1233 301 1298 γῇ
357 1230 692 1301 Γεννησαρέτ.
743 1231 915 1301 Λίμνη
969 1224 1028 1282 δε
1056 1232 1086 1288 η
1124 1234 1460 1307 Γεννησαρὲτ,
1497 1234 1730 1305 ἡνωμένη
1772 1240 1835 1304 τῇ

232 1311 530 1389 Τιϐεριάδι.

306 1444 409 1493 Καὶ
475 1438 764 1511 ἐπιγνόντες
792 1471 862 1483 —
911 1439 1266 1503 διεσώθησαν.
1330 1443 1502 1516 Εἶδες,
1546 1456 1657 1510 πῶς
1703 1450 1839 1501 κατὰ

3508 348 3614 403 442

1384 504 1397 527 ,
1486 466 1574 513 καὶ
1659 462 1840 523 εὐθέως

1955 464 2300 519 invocemus
2330 482 2342 519 :
2368 471 2422 521 et
2442 467 2723 521 continuo
2758 469 3012 539 porriget
3043 468 3220 524 etiam
3245 469 3415 525 nobis
3444 472 3610 526 auxi-

1951 552 2162 609 liarem
2200 570 2471 621 manum,
2506 560 2562 611 et
2591 557 2862 613 extrahet
2892 574 3002 614 nos

2024 823 2187 878 Vers.
2246 824 2329 878 34.
2373 825 2437 879 Et
2476 856 2543 865 —
2584 826 2943 883 Gennesaret.
3010 830 3237 885 Marcus
3280 834 3480 885 autem
3521 830 3613 885 di-

1948 909 2033 965 xit
2058 911 2104 945 ‘3
2155 912 2314 983 quod
2344 913 2631 985 compulit
2660 916 2987 987 discipulos
3022 933 3164 973 suos
3212 922 3612 975 conscendere

1948 999 2154 1056 navim
2185 1005 2242 1056 et
2270 1003 2596 1073 praecedere
2628 1004 2688 1059 in
2719 1004 3057 1061 ulteriorem
3088 1006 3284 1078 ripam
3316 1008 3393 1063 ad
3443 1009 3609 1064 Beth-

1949 1088 2201 1145 saidam.
2234 1090 2491 1147 Joannes
2514 1108 2655 1149 vero
2681 1095 2846 1166 quod
2872 1101 3159 1151 venerunt
3187 1096 3428 1166 trajecto
3460 1096 3613 1152 mari

1947 1176 2025 1235 ad
2058 1179 2425 1251 Capernaum
2455 1181 2524 1233 ‘9.
2568 1182 2715 1238 Sunt
2745 1188 2947 1239 autem
2978 1187 3033 1239 et
3061 1184 3377 1241 Bethsaida
3406 1189 3462 1240 et
3511 1186 3613 1241 Ca-
3644 1210 3645 1213 η

1945 1281 2240 1340 pernaum
2268 1269 2330 1325 in
2362 1274 2515 1327 terra
2544 1270 2908 1329 Gennesaret
2940 1289 2954 1339 ;
2988 1277 3264 1344 stagnum
3295 1290 3436 1330 vero
3468 1276 3613 1331 Gen-

1944 1362 2182 1413 nesarct
2212 1359 2445 1414 unitum
2478 1364 2604 1416 erat
2631 1361 2946 1417 Tiberiadi.

2017 1466 2173 1520 Vers.
2210 1467 2302 1522 35.
2348 1467 2613 1539 Cumque
2640 1468 3009 1539 agnovissent
3039 1499 3105 1511 --
3138 1472 3294 1525 Vers.
3330 1474 3414 1527 36.
3460 1472 3613 1528 salvi

232 1533 419 1603 μικρὸν
445 1531 493 1581 οἱ
520 1532 753 1601 μαθηταὶ
780 1532 1093 1607 προέκοψαν·
1127 1536 1223 1608 ὅρα
1260 1540 1349 1588 καὶ
1378 1541 1436 1589 τὸ
1470 1536 1683 1600 πλῆθος.
1726 1538 1837 1590 Οὐκ

1955 1554 2099 1609 facti
2126 1561 2280 1610 sunt.
2312 1531 2523 1612 Vidisti.
2543 1531 2849 1629 quomodo
2875 1558 3457 1631 discipulipaulatim
3478 1575 3614 1631 pro-

234 1622 307 1670 ἔτι
335 1621 438 1691 γὰρ
472 1619 627 1671 αὐτὸν
668 1620 734 1681 εἰς
763 1623 858 1683 τὰς
885 1622 1048 1683 οἰκίας
1078 1623 1333 1691 ἕλκουσιν,
1367 1623 1490 1679 οὐδὲ
1517 1635 1700 1703 χεῖρας
1730 1627 1836 1679 ἐπι-

235 1710 396 1761 θεῖναι
423 1712 692 1772 ζητοῦσιν.
724 1707 847 1764 οὐδὲ
867 1717 1187 1787 πρόσταγμα
1208 1712 1299 1767 διὰ
1317 1716 1547 1789 ῥήματος
1577 1717 1831 1784 αἰτοῦσιν,

234 1796 342 1849 ἀλλ’
371 1797 691 1873 ὑψηλότερον
720 1800 888 1872 πολλῷ
934 1808 1023 1854 καὶ
1057 1806 1483 1880 θεοπρεπέστερον
1514 1805 1837 1861 ἐπισπῶνται

229 1890 325 1944 τὴν
359 1889 650 1961 θεραπείαν.
682 1888 741 1943 Ἠ
768 1893 871 1964 γὰρ
893 1891 1177 1969 αἱμόρρους
1206 1894 1417 1950 πλείονα
1452 1901 1633 1949 πίστιν
1664 1897 1837 1958 αὐτοῖς

230 1974 451 2035 ἐνέθηκε.

380 2267 525 2315 ΚΕΦ.
557 2264 681 2322 KH'.
716 2269 842 2339 Περὶ
871 2274 965 2329 τῆς
994 2269 1336 2342 παραϐάσεως
1364 2279 1461 2336 τῆς
1490 2271 1695 2338 ἐντολῆς

888 2363 982 2409 τοῦ
1020 2362 1169 2417 Θεοῦ.

299 2478 427 2566 Τότε
477 2507 546 2517 -
599 2477 865 2532 ἐσθίωσινο
931 2482 1016 2534 Ἐν
1066 2487 1261 2546 πάσαις
1327 2490 1418 2559 μὲν
1464 2494 1580 2552 ταίς
1632 2496 1838 2566 χώραις

225 2571 327 2615 τῶν
360 2560 574 2619 δώδεκα
609 2567 776 2640 φυλῶν
832 2567 967 2629 ἦσαν
1021 2578 1345 2647 Γραμματεῐς
1396 2583 1485 2630 καὶ
1526 2586 1828 2654 Φαρισαῖοι.

227 2658 568 2728 πονηρότεροι
621 2653 681 2709 δὲ
741 2667 841 2710 τῶν
898 2660 1062 2713 ἄλλων
1121 2660 1254 2721 ἦσαν
1314 2668 1362 2717 οἱ
1406 2666 1505 2719 ἀπὸ
1558 2653 1837 2743 Ἰεροσολύ-

225 2764 356 2814 μων,
404 2746 473 2805 ῶς
527 2749 620 2803 τὴν
688 2749 1007 2823 μητρόπολιν
1058 2750 1336 2820 οἰκοῦντες,
1396 2762 1485 2809 καὶ
1539 2754 1633 2811 διὰ
1687 2768 1836 2813 τοῦτο

224 2838 596 2905 τετυφωμένοι.
650 2840 975 2910 Θεασάμενοι
1018 2843 1118 2913 γὰρ
1172 2848 1258 2901 τὴν
1307 2846 1532 2916 μεγάλην
1572 2855 1663 2900 τοῦ
1710 2848 1834 2902 λαοῦ

226 2925 426 2988 πίστιν,
466 2921 805 2978 ἐσπούδασαν
850 2926 1139 2982 ἐλαττῶσαι
1168 2932 1350 2991 αὐτὴν.
1398 2936 1496 2988 Καὶ
1525 2946 1595 3008 τῷ
1621 2946 1837 3012 Χριστῷ

224 3012 316 3079 μὲν
394 3008 543 3064 οὐδέν
600 3033 652 3065 τι
716 3016 1029 3088 μέμψασθαι
1087 3017 1354 3089 δύνανται,
1422 3034 1521 3077 τῶν
1587 3030 1835 3099 μαθητῶν

227 3093 288 3149 δὲ
340 3110 753 3172 κατηγοροῦσιν,
813 3106 873 3157 οὐ
929 3116 1276 3181 παρανομίαν,
1335 3111 1462 3166 ἀλλά
1526 3115 1835 3190 παράβασιν

225 3184 551 3281 ἀνθρωπίνου
603 3194 1047 3268 παραγγέλματος.
1096 3202 1164 3252 T6
1216 3204 1318 3275 γὰρ
1369 3208 1441 3276 μὴ
1503 3184 1692 3258 ἐσθίειν
1733 3210 1834 3281 πρὸ

224 3284 319 3328 τοῦ
395 3278 649 3349 νίψασθαι
704 3287 861 3356 νόμος
938 3286 997 3339 οὐ
1050 3290 1333 3362 προσὲταξε
1402 3295 1548 3359 θεῖος,
1622 3293 1731 3347 ἀλλ’
1787 3294 1836 3347 οἰ

223 3367 571 3442 πρεσϐύτεροι
640 3379 733 3424 τοῦ
802 3373 947 3430 λαοῦ.
1017 3383 1153 3436 Φησὶ
1217 3383 1317 3454 γὰρ
1395 3384 1421 3434 6
1472 3386 1702 3459 Μάρκος,
1756 3388 1836 3439 ὅτι

226 3458 295 3507 Οἱ
370 3463 648 3529 Φαρισαῖοι
716 3467 806 3515 καὶ
886 3467 1073 3528 πάντες
1151 3470 1199 3520 οί
1268 3468 1540 3540 Ἰουδαῖοι,
1608 3473 1691 3527 ἐὰν
1766 3480 1835 3548 μὴ

223 3554 411 3619 πυγμῇ
477 3548 730 3619 νίψωνται
774 3554 865 3614 τὰς
907 3562 1116 3627 χεῖρας,
1147 3557 1239 3609 οὐκ
1271 3558 1557 3629 ἐσθίουσιν,
1590 3572 1838 3638 κρατοῦν-

223 3653 313 3695 τες
388 3640 483 3694 τὴν
544 3637 847 3714 παράδοσιν
930 3652 1029 3695 τῶν
1108 3647 1489 3724 πρεσϐυτέρων.
1572 3637 1672 3707 Κάὶ
1736 3653 1835 3707 ἀπὸ

228 3722 439 3799 ἀγορᾶς,
510 3726 594 3778 ἐὰν
664 3734 735 3798 μὴ
789 3732 1158 3804 ῥαντίσωνται,
1238 3722 1374 3808 (75)-
1426 3740 1519 3792 οὐκ
1575 3744 1835 3801 ἐσθίουσι.

231 3817 335 3865 Καὶ
365 3814 493 3867 ἄλλα
530 3816 695 3869 πολλά
724 3818 884 3891 ἐστιν,
941 3820 975 3873 ἆ
1015 3825 1302 3896 παρέλαϐον
1333 3836 1556 3903 κρατεῖν,
1609 3830 1841 3904 βαπτισ-

228 3906 357 3974 μοὺς
460 3911 721 3980 ποτηρίων
811 3915 899 3962 καὶ
982 3911 1191 3982 ξεστῶν,
1265 3921 1355 3968 καὶ
1439 3918 1673 3990 χαλκίων
1753 3926 1842 3975 καὶ

227 3991 439 4049 κλινῶν.
524 4001 704 4049 Ταῦτα
779 4002 872 4070 μέν
942 4020 1099 4073 φησιν
1169 4006 1194 4055 ὁ
1269 4008 1507 4078 Μάρκος.
1572 4008 1726 4063 ’Ἐστι
1784 4008 1843 4065 δὲ

229 4090 415 4155 πυγμῇ
477 4087 751 4139 νίπτεσθαι
803 4092 861 4141 τὸ
914 4093 1190 4144 νίπτεσθαι
1236 4100 1401 4167 μέχρι
1448 4106 1540 4149 τοῦ
1588 4098 1838 4171 ἀγκῶνος.

231 4170 547 4233 Ἐϐάπτιζον
607 4171 665 4226 δὲ
721 4179 785 4229 τὰ
852 4183 1099 4253 ποτήρια,
1162 4188 1250 4234 καὶ
1314 4188 1437 4247 τοὺς
1489 4170 1689 4260 ξέστας,
1750 4196 1841 4242 καὶ

230 4263 299 4313 τὰ
362 4262 567 4333 χαλκία
624 4270 713 4317 καὶ
780 4268 875 4329 τὰς
945 4268 1143 4340 κλίνας,
1206 4271 1439 4345 ἁγιάζειν
1490 4278 1624 4329 οὕτω
1676 4286 1844 4333 ταῦτα

232 4346 532 4413 δοκοῦντες.
627 4359 728 4407 Καὶ
816 4355 949 4409 ἄλλα
1047 4359 1209 4413 πολλὰ
1287 4361 1670 4438 ἐκαινοτόμουν,
1755 4373 1841 4422 τὸν

654 4444 1074 4517 παραϐαίνοντες,
1179 4453 1246 4503 τὰ
1344 4455 1706 4526 καταγέλαστα
1784 4456 1843 4512 δὲ

228 4536 400 4581 ταῦτα
454 4533 958 4607 παραφυλάττοντες.
1040 4540 1105 4591 Οἱ
1174 4543 1406 4613 μαθηταὶ
1480 4541 1539 4598 δὲ
1602 4546 1845 4610 πολλάκις

232 4616 467 4680 ἀνίπτοις
496 4627 684 4694 χερσὶν
714 4626 921 4689 ἤσθιον,
953 4626 1047 4679 οὐκ
1096 4627 1485 4695 ἐπιτηδεύοντες
1514 4643 1688 4688 τοῦτο’
1734 4647 1843 4700 πῶς

230 4710 336 4781 γάρ
372 4727 385 4777 ;
432 4711 482 4761 οἱ
509 4708 623 4782 μηδ
627 4715 674 4765 εν
698 4711 965 4785 μηδέποτε
988 4726 1221 4771 τοιοῦτον
1250 4732 1688 4797 παρατηροῦντεενο
1718 4726 1847 4781 ἀλλὰ

231 4803 394 4872 μόνης
446 4809 536 4863 τῆς
585 4801 773 4875 ἀρετῆς
838 4808 1213 4880 φροντίζοντες,
1268 4813 1335 4863 τὰ
1388 4821 1484 4875 τῆς
1541 4826 1846 4888 σωματικῆς

230 4894 419 4961 χρείας
448 4896 827 4967 περιεφρόνουν,
885 4898 949 4956 ὡς
995 4894 1162 4969 μηδὲν
1218 4898 1286 4960 εἰς
1342 4899 1529 4974 ψυχὴν
1584 4900 1846 4979 δυνάμενα

234 4978 490 5052 βλάπτειν
502 5025 515 5037 ,

229 4443 322 4513 μὲν
403 4445 557 4514 νόμον

1947 1642 2190 1700 fecerint
2217 1644 2244 1698 ?
2275 1645 2404 1701 vide
2441 1651 2497 1701 et
2526 1647 2993 1704 multitudinem.
3035 1652 3160 1705 Non
3188 1649 3317 1720 jam
3346 1649 3511 1721 ipsos
3544 1650 3611 1721 (ι)

1946 1732 2006 1787 in
2034 1733 2283 1789 domum
2312 1736 2573 1804 trahunt,
2597 1752 2792 1809 neque
2821 1743 2882 1792 ut
2909 1754 3127 1793 manus
3155 1739 3426 1809 imponat
3450 1754 3614 1810 quae-

1944 1827 2103 1887 runt,
2126 1838 2321 1895 neque
2346 1826 2503 1879 verbi
2522 1824 2759 1895 jussum
2782 1832 3085 1899 expetunt,
3110 1826 3213 1881 sed
3235 1827 3524 1881 excelsius
3542 1843 3612 1883 ac

1944 1910 2122 1981 longe
2165 1912 2423 1967 divinius
2452 1913 2705 1969 salutem
2754 1921 3065 1971 accersunt
3094 1932 3106 1970 :
3140 1914 3240 1970 illa
3292 1915 3442 1971 enim
3474 1932 3611 1988 quas

1946 2000 2254 2072 sanguinis
2270 2002 2567 2073 proﬂuvio
2581 2002 2974 2071 laboraverat,
2990 2005 3282 2075 majorem
3301 2004 3415 2059 illis
3428 2004 3612 2061 ﬁdem

1945 2089 2278 2148 induxerat.

2020 2215 2181 2273 CAP.
2242 2216 2479 2273 XXVIII.
2539 2218 2621 2275 De
2669 2219 3132 2290 transgressione
3175 2219 3463 2289 pracepti
3488 2220 3609 2277 Dei.

2018 2502 2168 2558 CAP.
2200 2505 2309 2561 XV.
2345 2507 2505 2560 Vers.
2537 2507 2588 2571 I,
2620 2508 2674 2565 2.
2716 2508 2878 2563 Tunc
2906 2538 2973 2549 -
2996 2507 3187 2563 edunt.
3220 2509 3283 2563 In
3315 2507 3612 2564 universis

1947 2592 2195 2663 quidem
2226 2593 2539 2650 duodecim
2571 2595 2846 2651 tribubus
2880 2600 3048 2652 erant
3107 2597 3325 2652 Scribae
3384 2601 3441 2652 et
3468 2597 3614 2653 Pha-

1947 2681 2105 2736 risaei
2141 2702 2151 2737 :
2185 2683 2379 2739 caeteri
2420 2688 2623 2741 tamen
2653 2685 2981 2757 iniquiores
3018 2691 3186 2740 erant
3237 2685 3340 2757 qui
3370 2687 3448 2741 ab
3490 2686 3616 2742 Hie-

1945 2771 2263 2843 rosolymis
2315 2777 2503 2837 erant,
2539 2778 2740 2844 utpote
2770 2775 3150 2846 metropolim
3190 2775 3612 2842 inhabitantes,

1945 2858 2196 2932 ideoque
2228 2860 2445 2916 fastum
2501 2862 2795 2933 majorem
2840 2880 2957 2933 prae
3001 2880 3062 2918 se
3110 2864 3389 2920 ferentes.
3450 2865 3617 2921 Vide-

1946 2954 2080 3004 rant
2118 2964 2401 3020 magnam
2434 2951 2641 3022 populi
2673 2952 2872 3017 ﬁdem,
2907 2958 2963 3007 et
2992 2952 3156 3008 illam
3188 2954 3457 3009 minuere
3515 2970 3610 3009 co-

1945 3037 2262 3104 nabantur,
2288 3055 2495 3094 verum
2518 3040 2577 3095 in
2606 3038 2839 3096 Christo
2861 3041 3005 3096 nihil
3030 3048 3156 3097 erat
3175 3042 3340 3114 quod
3368 3058 3614 3114 carpere

1944 3131 2189 3199 possent
2230 3144 2243 3181 :
2286 3128 2393 3183 sed
2431 3127 2867 3200 discipulorum
2906 3130 3275 3187 accusabant
3338 3147 3461 3187 non
3502 3130 3617 3187 ini-

1945 3216 2257 3289 quitatem,
2292 3217 2397 3272 sed
2447 3217 2699 3273 humani
2730 3219 3009 3289 praecepti
3039 3220 3605 3289 transgressionem.

1945 3309 2146 3377 Neque
2198 3306 2357 3361 enim
2384 3305 2638 3376 jubebat
2666 3306 2761 3362 lex
2790 3307 2995 3364 divina
3045 3325 3119 3364 ne
3150 3309 3395 3365 ederent
3423 3309 3616 3381 prius-

1946 3411 2132 3467 quam
2199 3394 2487 3457 lavarent,
2531 3395 2640 3451 sed
2678 3396 2935 3452 seniores
2996 3397 3222 3470 populi.
3289 3398 3383 3454 Ait
3449 3398 3612 3454 enim

1947 3486 2203 3540 Marcus:
2234 3485 2532 3542 Pharisaei
2560 3501 2868 3557 omnesque
2895 3487 3095 3542 Judaei
3132 3488 3244 3542 nisi
3273 3488 3480 3543 crebro
3524 3489 3615 3544 ta-

1949 3574 2137 3629 verint
2167 3588 2404 3638 manus,
2430 3591 2540 3630 non
2568 3576 2805 3646 capiunt
2837 3575 3046 3644 cibum,
3076 3575 3432 3632 observantes
3460 3591 3617 3632 mor-

1948 3661 2110 3717 dicus
2140 3662 2511 3719 traditionem
2551 3665 2838 3718 seniorum
2871 3682 2885 3731 ;
2924 3664 2980 3722 et
3019 3680 3055 3719 a
3082 3666 3219 3733 foro
3248 3671 3615 3735 revertentes,

1949 3751 2067 3806 nisi
2084 3758 2501 3821 aspergantur,
2528 3768 2642 3807 non
2662 3753 2983 3817 comedunt,
3009 3755 3311 3824 multaque
3337 3760 3476 3809 sunt
3496 3754 3619 3809 alia

1870 3876 1916 3930 Β
1952 3841 2384 3910 quaeservanda
2397 3847 2767 3909 acceperunt,
2792 3856 2989 3912 nempe
3010 3843 3246 3897 lotiones
3268 3843 3615 3911 poculorum

1952 3934 2005 3983 et
2054 3943 2385 3993 urceorum,
2420 3933 2472 3985 et
2501 3934 2976 3994 ceramentorum,
3023 3937 3073 3985 et
3128 3932 3433 3987 lectorum.
3480 3931 3617 3986 Haec

1951 4016 2198 4088 quidem
2243 4018 2323 4073 ait
2351 4021 2577 4073 Marcus
2621 4019 2688 4080 ⁸ο,
2724 4026 2912 4091 Πυγμῇ
2948 4024 3148 4074 autem
3194 4019 3380 4075 lavari
3429 4019 3619 4092 (quod

1950 4105 2137 4161 habet
2182 4106 2436 4177 Marcus)
2467 4111 2555 4162 est
2597 4123 2789 4178 usque
2838 4107 2911 4163 ad
2945 4108 3211 4164 cubitum
3241 4108 3423 4164 lavari
3476 4108 3616 4179 (Ad-

1952 4200 2111 4251 verte
2168 4197 2336 4268 quod
2372 4196 2474 4251 ubi
2535 4196 2595 4250 in
2638 4196 2837 4252 Marco
2875 4213 3013 4252 cum
3053 4198 3278 4253 caeteris
3333 4197 3619 4253 omnibus

1951 4284 2373 4357 interpretibus
2404 4290 2697 4341 vertentes
2732 4286 2987 4341 dicimus
3027 4297 3043 4346 :
3082 4286 3283 4341 crebro
3334 4285 3611 4352 tavarint,

1951 4372 2084 4429 loco
2144 4373 2419 4429 dictionis
2459 4375 2681 4441 crebro,
2726 4374 2908 4431 habet
2948 4374 3150 4430 Graeca
3210 4382 3417 4447 πυγμῇ.
3479 4374 3616 4431 ideo

1952 4462 2095 4517 dicit
2142 4466 2350 4519 auctor
2378 4467 2579 4518 noster
2607 4463 2772 4535 quod
2803 4472 2981 4536 πυγμῇ
3036 4464 3247 4528 lavari,
3287 4469 3377 4519 est
3422 4480 3616 4535 usque

1955 4550 2034 4607 ab
2064 4549 2335 4606 cubitum
2378 4551 2565 4607 lavari
2601 4572 2613 4606 :
2646 4550 2827 4623 idque
2864 4551 2941 4607 ab
2974 4553 3361 4624 etymonogia
3404 4551 3619 4608 deduci

1954 4640 2205 4695 videtur.
2272 4642 2372 4695 Est
2435 4640 2597 4696 enim
2662 4645 2864 4713 πυγμὴ.
2928 4649 3010 4709 ῆς,
3078 4658 3325 4712 pugnus,
3413 4646 3614 4714 πυγῶν,

1956 4736 2082 4791 ῶνος
2112 4728 2376 4787 cubitus.
2419 4730 2725 4785 Lavabant
2769 4737 2964 4786 autem
2996 4730 3231 4803 pocula,
3282 4746 3516 4794 urceos,
3549 4748 3620 4786 aa-

1954 4824 2226 4876 ramenta
2255 4824 2310 4875 et
2338 4819 2541 4884 lectos,
2576 4819 2992 4875 existimantes
3022 4836 3092 4876 ea
3120 4820 3237 4876 hoc
3268 4821 3451 4877 modo
3484 4835 3619 4875 san-

1954 4907 2199 4964 ctiﬁcari
2230 4925 2242 4959 :
2276 4907 2514 4979 aliaque
2563 4908 2751 4964 multa
2779 4908 3130 4979 hujusmodi
3162 4909 3481 4966 tradebant
3515 4909 3620 4964 ob-

1956 4996 2273 5062 servanda,
2304 4996 2499 5067 legem
2528 4998 2769 5069 quidem
2799 4999 3324 5069 transgredientes,
3357 4999 3485 5053 haec
3515 5013 3620 5052 au-

228 5071 357 5123 tem
387 5068 635 5127 ridicula
664 5070 1079 5132 observantes.
1121 5076 1406 5151 Discipuli
1438 5096 1577 5139 vero
1612 5082 1949 5156 frequenter
1978 5086 2154 5143 illotis
2187 5086 2469 5142 manibus
2501 5068 2782 5154 edebant,
2813 5104 2937 5143 non
2970 5068 3263 5143 sectantes
3295 5088 3424 5142 ista.
3461 5087 3619 5149 Quo-

228 5156 423 5213 modo
445 5159 605 5215 enim
621 5159 815 5218 facere
836 5167 1131 5236 poterant,
1158 5182 1294 5223 cum
1316 5184 1632 5243 nunquam
1659 5175 1773 5231 tale
1794 5178 2109 5250 quippiam
2134 5174 2570 5240 observassent,
2602 5177 2707 5232 sed
2736 5177 2921 5233 solius
2948 5176 3178 5233 virtutis
3200 5191 3407 5231 curam
3430 5173 3617 5229 habe-

224 5250 384 5312 rent,
413 5250 759 5321 ccrporales
784 5254 1246 5312 consuetudines
1272 5257 1689 5331 despicientes,
1719 5278 1790 5320 eo
1816 5266 1983 5338 quod
2013 5280 2219 5322 earum
2250 5266 2652 5337 transgressio
2682 5266 2914 5322 nullum
2933 5266 3151 5323 animae
3179 5269 3381 5339 posset
3404 5262 3619 5319 afferre

229 5342 673 5395 Documentum
698 5341 728 5395 ?

312 5426 355 5461 ⁴³
384 5428 559 5484 Marc.
596 5444 667 5484 vr.
699 5431 788 5484 45.
811 5431 859 5466 ⁴⁹
887 5432 1056 5488 Joan.
1084 5447 1162 5499 τι,
1197 5434 1286 5490 17.
1329 5437 1380 5479 ⁵ο
1406 5440 1587 5496 Marc.
1630 5456 1728 5507 vn,
1764 5446 1818 5507 3,
1849 5442 1910 5500 4.

1486 5537 1708 5607 Variae
1755 5540 2079 5610 lectiones
2103 5552 2169 5609 et
2200 5553 2400 5611 notae.

312 5634 424 5706 (75)
445 5634 799 5689 Ῥαντίσονται
830 5644 891 5691 Α.
922 5637 1289 5695 Ῥαντίσωνται
1316 5642 1473 5700 infra
1498 5644 1678 5703 etiam
1707 5647 1769 5703 in
1798 5664 1840 5704 Ct

1955 5654 2080 5706 extu
2108 5650 2336 5708 habent
2365 5649 2541 5707 codd.
2576 5650 2897 5722 Euthymii.

315 5723 379 5797 (t)
402 5725 536 5782 Non
556 5728 689 5796 jam
712 5725 921 5797 ipsum.
955 5730 1037 5785 De
1062 5729 1293 5789 Christo
1322 5749 1522 5791 sermo
1553 5742 1658 5792 est.
1691 5736 2012 5795 Hentenius
2044 5739 2231 5803 αὐτούς
2259 5739 2495 5798 videtur
2521 5737 2759 5809 legisse.
