4108 6380
464 329 565 383 443

463 542 628 597 ciunt
653 542 1169 611 transgrediendo,
1199 558 1272 597 ne
1298 541 1518 595 Judzeis
1547 541 1933 596 contentionis
1963 556 2128 596 occa-

472 631 699 685 sionem
740 632 1051 702 praaberet.
1094 635 1207 687 Nec
1247 631 1410 695 dixit,
1454 630 1595 685 Male
1638 630 1879 695 faciunt,
1923 646 1997 685 ne
2023 630 2132 685 hu-

466 720 732 791 jusmodi
784 720 1161 776 traditionem
1212 720 1607 775 conﬁrmaret.
1658 721 1857 791 Neque
1886 736 1987 774 eos
2036 734 2127 774 ca-

470 809 798 864 lumniatur
858 811 962 882 qui
1019 809 1185 864 illam
1250 808 1636 875 tradiderant,
1699 824 1774 863 ne
1836 812 2129 880 tanquam

471 899 972 954 contumeliorum
1013 915 1151 955 eum
1191 903 1623 955 aversarentur.
1685 898 1797 955 Sed
1860 898 2057 953 statim
2099 914 2130 953 e

471 987 702 1043 diverso
728 989 802 1044 de
828 989 1041 1059 majori
1070 993 1314 1061 peccato
1340 992 1583 1044 accusat
1612 1006 1624 1045 :
1659 988 1980 1044 ostendens
2006 1002 2129 1043 non

470 1082 743 1149 oportere
774 1094 875 1135 eos
907 1078 1011 1150 qui
1059 1078 1158 1134 Dei
1195 1082 1558 1151 pri-teceptum
1591 1078 2126 1148 transgrediuntur,

468 1183 751 1223 accusare
781 1168 931 1237 illos,
986 1169 1089 1242 qui
1119 1168 1435 1224 hominum
1466 1168 1843 1224 traditionem
1890 1173 2132 1239 praeter-

467 1261 627 1313 eunt.
675 1258 894 1313 Deinde
943 1259 1121 1315 etiam
1162 1258 1327 1323 dicit,
1387 1258 1550 1330 quod
1608 1258 1708 1314 Dei
1760 1261 2130 1330 praeceptum

463 1348 999 1415 transgrediuntur,
1016 1352 1519 1419 etpropterquam
1535 1348 1912 1403 traditionem
1928 1364 2127 1403 suam:

465 1450 536 1491 ac
566 1435 730 1491 illam
757 1437 1052 1508 praecipue
1082 1438 1141 1491 in
1174 1438 1434 1492 medium
1464 1437 1707 1493 adducit
1735 1437 2128 1510 iniquitatem.

466 1541 602 1597 quae
628 1529 757 1581 tunc
790 1526 926 1582 inde
958 1526 1319 1595 emergebat.

540 1632 702 1689 Vers.
736 1636 789 1690 4.
816 1634 969 1689 Nam
1004 1666 1065 1675 -
1102 1634 1412 1690 moriatur.
1447 1635 1509 1689 In
1540 1634 1692 1690 libro
1734 1634 1917 1691 Exodi
1950 1634 2133 1690 ambo

468 1723 597 1777 haec
622 1730 907 1794 praecepta
930 1724 1245 1779 habentur.

540 1832 698 1885 Vers.
722 1831 775 1884 5.
811 1832 912 1885 Vos
939 1863 1003 1870 —
1028 1833 1089 1886 in
1112 1837 1273 1886 tuum
1297 1832 1547 1888 vertitur
1566 1832 1943 1887 commodum.
1973 1831 2132 1887 Difﬁ-

470 1918 594 1974 cilis
626 1924 711 1977 est
736 1920 952 1976 horum
980 1921 1128 1976 ordo
1176 1921 1516 1985 verborum,
1550 1921 1663 1977 nisi
1693 1922 1953 1993 primum
2001 1938 2129 1977 rem

466 2024 835 2065 enarremus.
859 2011 1129 2065 Seniores
1143 2011 1488 2066 Judaeorum
1506 2012 1834 2066 docuerant
1855 2012 2125 2082 juvenes,

465 2102 530 2153 ut
563 2103 849 2169 praetextu
894 2098 1073 2154 divini
1125 2100 1318 2155 cultus
1352 2106 1628 2172 parentes
1660 2106 2123 2155 contemnerent.

467 2187 524 2243 Si
563 2187 695 2258 quis
736 2187 896 2242 enim
940 2194 1253 2258 parentum
1294 2193 1517 2259 peteret
1555 2206 1590 2244 a
1633 2188 1757 2244 ﬁlio
1797 2205 1972 2244 ovem
2025 2194 2129 2245 aut

464 2275 739 2345 vitulum,
766 2282 867 2331 aut
894 2276 1056 2331 aliud
1082 2278 1417 2349 quippiam,
1448 2277 1862 2349 praecipiebant
1903 2278 2033 2344 illis,
2066 2284 2130 2333 ut

465 2363 726 2419 dicerent
767 2382 779 2419 :
824 2368 1026 2421 Munus
1087 2370 1177 2420 est
1214 2368 1350 2431 Deo,
1386 2367 1787 2438 quodcunque
1821 2384 1891 2422 ex
1944 2383 2029 2422 me
2068 2368 2127 2422 in

466 2456 637 2509 tuum
666 2454 914 2508 vertitur
945 2454 1357 2519 commodum,
1390 2455 1504 2509 hoc
1536 2459 1643 2522 est,
1672 2456 1788 2510 Deo
1820 2471 2129 2511 consecra-

467 2546 596 2598 tum
636 2546 721 2597 est
760 2543 1167 2615 quodcunque
1208 2560 1242 2598 a
1281 2560 1377 2599 me
1417 2544 1711 2599 lucrifacis
1754 2561 1765 2599 :
1809 2550 1863 2600 et
1902 2545 1983 2602 ita
2022 2546 2128 2601 do-

468 2630 684 2686 cebant
712 2646 814 2686 eos
839 2631 1139 2703 despicere
1167 2638 1432 2705 parentes
1461 2650 1529 2688 ac
1560 2634 1751 2705 legem
1778 2637 2123 2704 transgredi.

470 2720 813 2788 Ignominia
875 2720 1159 2792 siquidem
1227 2727 1331 2786 est,
1400 2722 1666 2795 legisque
1723 2725 2124 2793 transgressio,

467 2807 624 2863 ﬁlios
653 2809 924 2865 resistere
955 2810 1321 2881 parentibus.
1354 2815 1502 2867 Nam
1534 2818 1588 2867 et
1636 2812 1799 2883 ipsos
1852 2819 2128 2885 parentes

1790 323 2136 380 EUTHYMII
2191 324 2525 380 ZlGABENI

534 453 699 508 Vers.
735 452 822 510 l3.
850 452 938 509 Ai
964 452 1067 507 ille
1095 482 1164 493 —
1193 457 1448 509 vestram
1478 452 1506 506 ?
1545 454 1671 507 Non
1697 450 1843 506 dixit
1873 452 2023 506 Bene
2049 450 2133 505 fa-
2164 449 2206 503 A

3746 333 3847 389 444

2312 451 2369 503 Ὁ
2412 449 2471 504 δὲ
2518 482 2587 493 -
2614 453 2756 525 ὑμῶν
2792 471 2804 522 ;
2843 452 2953 506 Οὐκ
2984 452 3146 522 εἶπεν,
3197 455 3277 507 ὅτι
3308 455 3478 517 καλῶς
3506 464 3723 510 ποιοῦσι
3752 459 3850 511 πα-

2241 542 2587 614 ραϐαίνοντες,
2650 544 2731 594 ἵνα
2758 546 2829 614 μὴ
2886 540 2962 613 δῷ
3016 552 3127 605 τοῖς
3195 541 3477 607 Ἰουδαίοις
3506 546 3743 621 ἀφορμήν
3773 569 3851 620 φι-

2242 632 2511 698 λονεικίας,
2546 629 2661 684 οὐδ’
2707 634 2786 684 ὅτι
2830 641 3000 694 κακῶς
3028 642 3290 703 ποιοῦσιν,
3345 636 3426 687 ἵνα
3474 642 3544 708 μή
3578 635 3847 710 βεϐαιώσῃ

2240 724 2333 778 τὴν
2366 724 2607 779 τοιαύτην
2660 719 2980 795 παραδοσιν,
3029 720 3152 776 οὐδὲ
3211 720 3479 777 διαϐάλλει
3521 729 3633 787 τοὺς
3682 747 3851 802 παρα-

2243 806 2428 873 δόντας
2484 811 2667 881 αὐτὴν,
2725 813 2805 863 ἵνα
2834 817 2905 885 μή
2940 815 3004 874 ὡς
3059 812 3310 887 ὑϐριστήν
3368 823 3549 867 τοῦτον
3584 815 3848 892 ἀποστρα-

2240 908 2423 973 φῶσιν,
2456 900 2567 953 ἀλλ’
2599 901 2749 964 εὐθὺς
2781 901 3080 974 ἀντεγκαλεῖ
3105 908 3223 979 περὶ
3253 905 3492 977 μείζονος
3531 905 3845 979 ἁμαρτήμα-

2239 1009 2346 1058 τος,
2377 987 2600 1058 δεικνὺς,
2629 993 2709 1043 ὅτι
2733 995 2848 1053 τοὺς
2879 996 2969 1051 τήν
2997 992 3203 1052 ἐντολήν
3225 1002 3316 1046 τοῦ
3341 1001 3474 1048 Θεοῦ
3499 995 3846 1069 παραϐαινόν-

2240 1100 2333 1141 τας
2376 1080 2434 1132 οὗ
2473 1086 2581 1156 χρὴ
2611 1083 2905 1154 μέμφεσθαι
2958 1089 3063 1142 τοῖς
3111 1083 3522 1158 παραϐαίνουσιν
3564 1083 3846 1160 ἀνθρώπων

2239 1167 2562 1243 παράδοσιν.
2615 1168 2745 1225 Εἶτα
2785 1170 2940 1244 λέγει,
2990 1175 3079 1225 καὶ
3130 1178 3283 1225 ποίαν
3330 1172 3529 1233 ἐντολὴν
3578 1181 3669 1226 τοῦ
3719 1179 3846 1227 Θεοῦ

2240 1259 2643 1333 παραϐαίνουσι,
2685 1266 2773 1313 καὶ
2827 1258 2920 1313 διὰ
2973 1266 3125 1314 ποίαν
3185 1260 3480 1336 παράδοσιν
3529 1263 3717 1335 αὐτῶν,
3761 1267 3846 1315 καὶ

2244 1349 2314 1411 εἰς
2345 1355 2501 1423 μέσον
2550 1355 2686 1426 φέρει
2725 1350 2958 1424 μάλιστα
3006 1356 3099 1410 τήν
3158 1350 3576 1414 ἐπιπολάζουσαν
3610 1357 3727 1406 τότε
3752 1373 3849 1406 πα-

2244 1444 2513 1513 ρανομίαν.

2311 1717 2368 1770 Ὀ
2398 1720 2498 1790 γὰρ
2532 1749 2599 1758 -
2626 1717 2927 1770 τελευτάτω.
2948 1718 3029 1771 Ἐν
3047 1725 3108 1790 τῇ
3144 1716 3311 1791 βίϐλῳ
3342 1725 3438 1779 τῆς
3459 1722 3707 1779 Γενέσεως
3727 1717 3849 1790 (76)

2240 1812 2330 1859 καὶ
2351 1809 2504 1879 ἄμφω
2534 1808 2689 1859 αὗται
2716 1809 2768 1859 αἱ
2800 1806 2992 1859 ἐντολαὶ
3023 1814 3235 1860 κεῖνται.

2309 1896 2478 1969 ’Υμεῖς
2534 1930 2601 1937 -
2658 1897 2940 1970 ὠφεληθῇς.
3002 1901 3279 1969 Δυσχερής
3330 1896 3443 1967 (77)
3476 1898 3505 1955 ἡ
3553 1904 3652 1949 τῶν
3675 1897 3844 1972 ῥητῶν

2239 1990 2431 2039 τούτων
2492 1990 2637 2039 ἓσταί
2697 1986 2957 2052 σύνταξις,
3016 1986 3057 2039 εἰ
3118 1991 3189 2059 μή
3247 1983 3722 2059 προδιηγησόμεθα
3752 1990 3845 2044 τήν

2239 2079 2504 2130 ὑπόθεσιν.
2540 2079 2605 2128 Οἱ
2656 2075 2997 2149 πρεσϐύτεροι
3044 2085 3144 2127 τῶν
3199 2071 3471 2127 Ἰουδαίων
3530 2072 3845 2127 ἐπαίδευσαν

2239 2170 2354 2226 τοὺς
2404 2170 2565 2227 νέους.
2615 2164 2662 2216 ἐν
2723 2168 2978 2237 προφάσει
3028 2164 3309 2229 εὐσεϐείας,
3360 2171 3693 2237 καταφρονεῖν
3746 2172 3847 2215 τῶν

2238 2259 2445 2326 γονέων.
2494 2255 2554 2306 Εἰ
2604 2256 2705 2327 γάρ
2756 2274 2833 2316 τις
2875 2263 2975 2305 τῶν
3025 2257 3210 2325 γονέων
3254 2252 3479 2315 ἐζήτησε
3526 2252 3698 2306 λαϐεῖν
3748 2252 3848 2306 ἀπὸ

2239 2354 2337 2396 τῶν
2367 2345 2481 2414 (78)
2510 2352 2598 2395 τοῦ
2630 2347 2745 2396 υἱοῦ
2773 2343 3047 2416 πρόϐατον,
3077 2344 3107 2401 ἢ
3154 2347 3362 2415 μόσχον
3385 2343 3413 2401 ἢ
3450 2342 3617 2417 ἔτερόν
3639 2362 3711 2407 τι,
3746 2362 3851 2394 πα-

2238 2434 2517 2507 ρήγγελλον
2550 2434 2725 2494 αὐτοῖς
2774 2433 2957 2504 λέγειν,
3001 2434 3080 2483 ὅτι
3112 2436 3278 2504 Δῶρόν
3310 2429 3422 2484 ἐστι
3447 2438 3518 2502 τῷ
3550 2438 3686 2501 Θεῷ,
3728 2431 3753 2482 ὃ
3786 2430 3847 2482 ἂν

2239 2524 2293 2586 ἐξ
2324 2523 2445 2595 ἐμοῦ
2488 2523 2722 2595 ὡφεληθῇ
2738 2544 2775 2587 ς,
2828 2527 3117 2587 τουτέστιν,
3152 2520 3428 2595 ἀφιέρωται
3456 2528 3525 2591 τῷ
3558 2526 3692 2590 Θεῷ,
3728 2518 3753 2570 ὃ
3785 2518 3846 2570 ἂν

2238 2612 2290 2676 ἐξ
2316 2612 2439 2685 ἐμοῦ
2470 2609 2753 2685 κερδανεῖς.
2790 2617 2889 2665 Καί
2916 2612 3073 2671 οὕτως
3106 2607 3391 2663 ἐδίδασκον
3424 2609 3613 2669 αὐτοὺς
3654 2609 3850 2681 ἀτιμά-

2240 2704 2344 2764 ζειν
2374 2706 2490 2763 τοὺς
2513 2710 2681 2773 γονεῖς
2713 2706 2801 2754 καὶ
2845 2708 3185 2774 παρανομεῖν,
3228 2700 3439 2771 Ἀτιμία
3478 2702 3601 2773 γὰρ,
3638 2701 3698 2750 τὸ
3726 2701 3847 2761 τοῦς

2236 2789 2435 2853 παῖδας
2485 2791 2685 2862 ἀπατᾲν
2717 2795 2836 2853 τοὺς
2894 2798 3076 2861 γονεῖς,
3127 2793 3217 2842 καὶ
3264 2792 3583 2862 παρανομία.
3639 2790 3769 2848 Τοὺς
3794 2806 3848 2840 τε

466 2897 567 2953 Dei
628 2903 918 2970 prretextu
955 2872 1345 2956 -fraudabant
1384 2917 1444 2955 re
1512 2872 1726 2969 debita,
1761 2908 1817 2959 et
1846 2872 1953 2959 nec
2008 2907 2125 2960 Deo

2238 2885 2337 2956 γὰρ
2370 2890 2531 2953 γονεῖς
2564 2881 2875 2954 ἀπεστέρουν
2907 2882 3162 2952 προφάσει
3194 2886 3282 2931 τοῦ
3312 2885 3466 2947 Θεοῦ,
3496 2882 3585 2930 καὶ
3620 2872 3744 2929 οὐδὲ
3773 2884 3845 2947 τῷ

464 2986 630 3043 illam
661 2987 1011 3044 offerebant.
1045 2992 1176 3045 Haec
1207 2991 1399 3062 itaque
1429 2991 1513 3046 rei
1540 2993 1802 3048 narratio
1824 2999 1926 3048 est.
1962 2996 2129 3050 Nunc

462 3091 600 3131 vero
640 3082 873 3149 oportet
920 3083 974 3134 et
1004 3079 1163 3135 dicta
1191 3079 1587 3152 interpretari.
1634 3083 1737 3138 Vos
1786 3088 1979 3140 autem
2038 3084 2128 3139 di-

459 3166 603 3231 citis,
662 3166 777 3222 hoc
838 3172 943 3233 est,
1006 3184 1115 3223 vos
1174 3170 1663 3242 interpretamini,
1726 3187 1837 3226 vos
1904 3172 2128 3229 docetis

461 3255 875 3327 deceptionem
898 3256 1062 3312 illam
1087 3258 1417 3314 humanam
1447 3282 1457 3312 :
1488 3261 1770 3332 Quisquis
1797 3261 2006 3317 dixerit
2028 3278 2126 3333 pa-

459 3343 532 3399 tri
592 3344 683 3399 vel
723 3345 919 3407 matri,
962 3347 1182 3401 Munus
1222 3356 1303 3403 est
1341 3350 1461 3403 Deo
1502 3357 1902 3406 consecratum
1959 3353 2127 3423 quid-

459 3434 603 3505 quid
628 3449 696 3489 εχ
721 3450 811 3490 me
834 3435 897 3489 in
927 3442 1091 3489 tuum
1120 3436 1375 3491 vertit-ur
1405 3438 1783 3505 commodum,
1814 3440 1935 3495 sive
1962 3441 2126 3511 quid-

459 3522 607 3593 quid
638 3538 709 3577 ex
735 3538 831 3577 me
862 3522 1208 3579 lucrifacere
1238 3524 1427 3595 cupis.

530 3612 572 3680 «ι-
622 3611 879 3675 Quidam
927 3616 1126 3667 autem
1178 3629 1276 3684 per
1326 3614 1624 3670 defectum
1665 3616 2125 3689 interpretantur

460 3698 572 3754 hoc
624 3698 849 3754 dictum
903 3700 1167 3756 dicentes
1203 3718 1214 3755 :
1252 3705 1399 3757 Deus
1447 3704 1687 3775 quidem
1722 3706 1849 3761 haec
1880 3708 1971 3763 vel
2027 3708 2124 3765 illa

460 3788 746 3859 praecepit
777 3805 792 3855 ;
824 3805 935 3843 vos
968 3794 1167 3845 autem
1198 3791 1327 3847 haec
1357 3792 1679 3863 rejicientes
1709 3795 1923 3863 dicitis,
1959 3798 2121 3858 Quis-

460 3874 599 3947 quis
652 3875 863 3930 dixerit
891 3877 1044 3947 patri
1097 3878 1185 3933 vel
1233 3880 1426 3945 matri,
1478 3882 1708 3937 Corban
1762 3885 1884 3941 sive
1912 3902 2124 3941 munus

460 3968 549 4019 est
596 3965 712 4019 Deo
765 3966 1096 4035 quaesitum,
1136 3970 1540 4041 quodcunque
1594 3988 1663 4027 ex
1705 3989 1799 4028 me
1852 3974 1914 4029 in
1954 3979 2123 4031 tuum

458 4053 701 4108 vertitur
731 4055 1140 4112 commodum.
1196 4057 1475 4116 liberatus
1506 4066 1619 4117 est.
1662 4064 1781 4117 Hoc
1828 4064 1988 4119 enim
2042 4064 2125 4120 di-

2240 2979 2352 3041 Θεῷ
2397 2976 2730 3045 προσέφερον,
2779 2970 2835 3023 ἸΙ
2867 2972 2957 3042 μὲν
3010 2965 3095 3021 οὖν
3152 2964 3402 3039 διήγησις
3449 2968 3684 3024 τοιαύτη.
3728 2970 3841 3038 Χρὴ

2240 3057 2298 3115 δὲ
2330 3060 2506 3113 λοιπὸν
2554 3060 2871 3132 ἑρμηνεῦσαι
2915 3064 3004 3111 καὶ
3056 3060 3122 3110 τὰ
3154 3059 3309 3131 ῥητά.
3344 3055 3512 3129 Ὑμεῖς
3545 3052 3603 3109 δὲ
3654 3055 3845 3127 λέγετε,

2240 3149 2351 3203 ἀντὶ
2406 3158 2521 3215 τοῦ,
2576 3149 2741 3222 ’Υμεῖς
2816 3149 3133 3223 ἑρμηνεύετε,
3195 3148 3344 3218 ὑμεῖς
3412 3141 3695 3199 διδάσκετε
3751 3148 3846 3203 τὴν

2239 3239 2442 3299 ἀπάτην
2486 3243 2571 3291 τόν
2620 3241 2889 3312 ἄνθρωπον
2944 3237 3153 3304 ἐκεῖνον,
3192 3236 3242 3297 ὃς
3297 3234 3357 3286 ἂν
3411 3238 3527 3308 εἴπῃ
3582 3243 3655 3305 τῷ
3684 3238 3848 3308 πατρὶ

2238 3331 2267 3389 ἦ
2346 3339 2405 3403 τῇ
2469 3333 2652 3403 μητρὶ,
2714 3330 2793 3380 ὅτι
2852 3332 3019 3401 Δῶρόν
3104 3326 3217 3379 ἐστι
3270 3333 3342 3395 τῷ
3390 3329 3497 3395 Θεῷ
3547 3324 3572 3377 ὃ
3625 3322 3685 3374 ἆν
3735 3323 3848 3395 (79)

2237 3420 2289 3484 ἐξ
2344 3420 2465 3492 ἐμοῦ
2516 3419 2803 3492 ὠφεληθῇς,
2866 3422 3053 3482 εἶτουν,
3112 3416 3137 3468 ὃ
3194 3415 3253 3466 ἂν
3314 3414 3369 3477 ἐξ
3416 3412 3541 3487 ἐμοῦ
3597 3410 3849 3487 κερδᾶναι

2240 3511 2401 3585 θέλῃς.

2310 3617 2474 3689 [Τινὲς
2504 3616 2620 3687 (80)
2662 3612 2721 3668 δὲ
2769 3615 3097 3675 ἐλλειπτικῶς
3151 3615 3209 3664 τὸ
3259 3613 3417 3687 ῥητόν
3466 3611 3843 3685 ἑρμηνεύοντες,

2235 3712 2412 3779 φασὶν,
2446 3707 2525 3758 ὅτι
2557 3706 2581 3757 ό
2613 3707 2700 3776 μὲν
2756 3707 2879 3763 Θεὸς
2921 3701 3199 3755 ἐνετείλατο
3238 3697 3367 3753 τάδε
3396 3704 3488 3753 καὶ
3515 3696 3660 3752 τάδε·
3696 3703 3845 3771 ὑμεῖς

2235 3793 2312 3861 δὲ,
2352 3803 2517 3848 ταῦτα
2548 3792 2863 3855 ἀθετοῦντες,
2896 3791 3084 3862 λέγετε,
3132 3794 3211 3842 ὅτι
3240 3788 3296 3851 ὃς
3324 3788 3384 3841 ἃν
3435 3792 3551 3859 εἶπη
3579 3795 3652 3858 τῷ
3680 3792 3843 3862 πατρὶ

2233 3886 2355 3957 ἣτῇ
2408 3889 2569 3958 μητρὶ
2630 3882 2853 3955 Κορϐάν,
2904 3885 3041 3945 ἤτοι,
3102 3876 3267 3953 δῶρόν
3326 3877 3436 3932 ἐστι
3486 3885 3558 3947 τῷ
3618 3886 3733 3947 Θεῷ
3781 3880 3839 3930 τὸ

2234 3974 2569 4045 ζητούμενον,
2592 3972 2957 4046 ήλευθίρωται.
2980 3977 3144 4023 Τοῦτο
3173 3971 3275 4043 γὰρ
3301 3967 3541 4039 λέγουσιν
3572 3965 3833 4035 ἐλλείπειν,

2234 4066 2302 4125 ὡς
2358 4070 2464 4123 τοῖς
2524 4058 2768 4122 ὀυὸαίοις
2836 4065 3116 4135 γνώριμον,
3190 4062 3319 4133 πρὸς
3378 4055 3466 4117 οὓς
3521 4057 3694 4131 εῖρηκε
3749 4057 3836 4106 τὸν

458 4146 601 4197 cunt
626 4142 893 4208 deﬁcere,
929 4150 1131 4216 utpote
1152 4146 1370 4203 Judaeis
1399 4153 1609 4204 notum
1632 4151 1709 4206 ad
1733 4167 1886 4222 quos
1915 4152 2121 4223 dirige-
2156 4123 2199 4177 Β
2233 4123 2425 4223 λόφοι]

452 4229 558 4288 bat
588 4247 945 4289 sermonem.

524 4338 687 4393 Vers.
729 4341 782 4392 5.
825 4340 903 4394 Et
946 4372 1013 4380 —
1052 4356 1241 4397 suam.
1284 4343 1349 4397 Et
1388 4343 1515 4399 talis
1554 4344 1729 4401 homo
1762 4346 1889 4417 jam
1932 4348 2125 4421 impu-

455 4426 605 4481 dens
656 4426 919 4492 eﬂ‘ectus,
972 4430 1254 4502 deinceps
1300 4447 1423 4488 non
1475 4433 1799 4491 honorabit
1848 4442 2122 4507 parentes

457 4529 599 4569 SUOS
612 4555 625 4568 .

530 4619 693 4675 Vers.
728 4624 758 4676 6
789 4624 865 4678 Et
893 4655 962 4664 —
990 4632 1266 4685 vestram.
1324 4628 1477 4687 Cum
1509 4630 1818 4689 manifeste
1875 4635 2118 4690 demon-

462 4710 735 4767 straverit
763 4711 891 4767 illos
917 4713 1242 4785 iniquitatis
1268 4724 1665 4790 praeceptores
1696 4738 1849 4793 esse,
1880 4738 1951 4778 ex
1982 4741 2119 4779 con-

460 4800 731 4871 sequenti
765 4817 1005 4873 quoque
1036 4804 1361 4877 discipulos
1393 4825 1527 4863 suos
1558 4813 1938 4867 accusatione
1979 4813 2121 4868 libe-

456 4890 616 4945 ravit
644 4890 810 4961 quod
840 4891 1073 4948 illorum
1106 4909 1226 4949 non
1256 4904 1561 4953 servarent
1594 4900 1981 4968 traditionem,
2016 4904 2121 4975 qui

457 4979 560 5034 Dei
590 4985 954 5052 praeceptum
980 4998 1101 5037 non
1124 4985 1457 5043 servabant.

528 5089 689 5143 Vers.
742 5088 794 5144 7.
846 5090 1181 5159 Hypocmta:
1224 5122 1291 5133 —
1338 5093 1547 5149 Isaias.
1597 5096 1941 5169 Hypocritas
1986 5099 2117 5156 illos

455 5175 602 5235 dixit
625 5178 767 5250 quia
798 5178 988 5249 legem
1016 5196 1253 5237 servare
1282 5182 1653 5257 videbantur,
1687 5185 1881 5259 ipsam
1920 5193 2116 5245 tamen

2304 4478 2404 4527 Καὶ
2435 4505 2502 4513 —
2528 4473 2707 4526 αὑτοῦ.
2735 4472 2881 4524 Καὶό
2908 4475 3136 4529 τοιοῦτος
3164 4469 3457 4543 ἄνθρωπος,
3491 4466 3838 4538 ἀναίσχυντος

2227 4570 2320 4617 τοῦ
2372 4564 2554 4616 λοιποῦ
2612 4566 2895 4634 γενόμενος,
2956 4560 3047 4612 οῦκ
3100 4560 3174 4610 ἔτι
3229 4562 3439 4630 τιμήσει
3498 4560 3620 4619 τοὺς
3676 4564 3839 4629 γονεῖς

2228 4654 2409 4711 αὐτοῦ.

2302 4749 2401 4797 Καὶ
2432 4775 2499 4782 --
2544 4745 2706 4815 ἡμῶν.
2744 4736 3025 4813 Προὸήλως
3060 4733 3353 4808 ’ἀποδείξας
3382 4734 3572 4797 αὐτοὺς
3611 4754 3838 4809 παρανο-

2225 4839 2347 4908 μίας
2379 4830 2759 4898 ὃιὸασκάλους,
2808 4828 3062 4891 ἀπήλλαξε
3110 4827 3351 4901 μέμψεως
3379 4825 3554 4877 λοιπόν
3603 4828 3836 4885 καὶτοὺς

2226 4926 2467 4997 μαθητὰς
2493 4924 2673 4985 αὑτοῦ,
2734 4926 2803 4993 μή
2839 4927 3120 4991 τηροῦντας
3169 4922 3262 4975 τὴν
3294 4911 3587 4989 ηαράδοσιν
3619 4922 3716 4966 τῶν
3757 4919 3831 4987 μὴ

2224 5016 2515 5087 τηρούντων
2548 5017 2639 5069 τήν
2671 5010 2876 5067 ἐντολὴν
2908 5017 2999 5061 τοῦ
3033 5016 3187 5062 Θεοῦ.

2296 5107 2583 5177 Υποκριταὶ
2640 5132 2707 5141 --
2785 5100 3025 5161 Ἠσαίας.
3109 5097 3419 5171 ’Υ-τοκριτὰς
3504 5096 3689 5157 αὐτοῦς
3761 5103 3839 5148 εῖ-

2222 5213 2331 5261 πεν,
2392 5196 2456 5254 ὡς
2508 5189 2797 5252 δοκοῦντας
2838 5193 2927 5264 μὲν
2988 5188 3249 5261 ἐννόμους,
3304 5190 3451 5249 ὄντας
3509 5183 3567 5239 δὲ
3612 5190 3837 5261 παρανό-

1692 5340 1916 5407 Variae
1946 5341 2281 5416 lectiones
2319 5356 2384 5414 et
2411 5354 2591 5414 notae

530 5497 641 5585 (7o)
676 5500 828 5585 Imo,
856 5510 950 5585 τῆς
980 5498 1216 5585 ’ξξόᾷρω
1254 5504 1483 5585 scilicet
1511 5509 1701 5585 Exod.
1734 5527 1829 5578 xx,
1862 5517 1926 5568 12
1956 5531 1975 5585 ;
2007 5517 2130 5581 xxi,

463 5572 547 5623 l7.
576 5574 765 5641 Atque
792 5572 875 5625 ita
905 5573 1045 5641 legit
1074 5576 1250 5630 etiam
1286 5578 1634 5636 Hentenius.

534 5640 838 5727 (7:1):Haec‘
858 5640 1121 5727 limatius,
1156 5652 1451 5727 tanquam
1477 5667 1557 5727 ex_
1589 5652 1856 5725 Origcnis
1897 5661 2131 5727 catena,

462 5709 669 5769 laudat
694 5713 772 5769 ad
799 5714 955 5784 Orig.
985 5716 1076 5769 III.
1104 5733 1163 5789 p.
1196 5709 1319 5775 489.
1353 5725 1497 5780 nota
1526 5720 1586 5780 δ.

2340 5520 2429 5573 78)
2459 5524 2570 5571 Τῶν
2602 5515 2773 5573 abest
2799 5517 2864 5569 A.

2342 5589 2431 5654 79)
2462 5590 2606 5654 Ἐάν,
2638 5589 2707 5642 Α.

2340 5521 2406 5573 78
2459 5524 2570 5571 Τῶν
2602 5520 2773 5573 abest
2799 5520 2864 5569 A.

2342 5594 2410 5645 79
2462 5590 2606 5654 Ἐάν,
2638 5589 2707 5642 Α.

2315 5520 2431 5733 ἔδοξ
2464 5661 2698 5716 Inclusa
2725 5658 2783 5713 in
2814 5655 3084 5729 margine
3113 5652 3298 5711 habet
3326 5656 3393 5709 A.

2342 5661 2409 5717 80

2412 5520 2431 5719 ξ
