4108 6372
266 335 374 391 445

269 481 422 535 μους.
477 458 630 531 Ἀγει
678 455 736 511 δὲ
769 460 855 511 τόν
904 463 1175 535 προφήτην
1230 459 1302 520 εἷς
1353 462 1533 532 μέσον,
1564 457 1725 510 πάλαι
1753 474 1878 508 κατ·
1914 454 1959 508 Α

273 558 564 623 ηγοροῦντα
638 549 830 618 αὐτῶν,
906 548 939 600 ἃ
992 556 1105 611 ἦνῡν
1179 550 1331 611 οὗτος
1382 551 1730 621 κατηγόρησε,
1792 550 1880 597 καὶ

274 637 563 709 δείκνυσιν,
633 641 712 691 ὅτι
790 638 946 701 αὐτός
1030 637 1165 691 ἐστιν
1210 641 1236 691 6
1288 640 1499 691 κάκεῖνα
1571 634 1641 690 δι’
1689 635 1879 689 ἐκείνου

272 728 633 801 φθεγξάμενος.

348 962 524 1032 Λέγων
584 990 653 1000 -
704 957 1004 1034 ἀνθρώπων.
1044 956 1236 1027 Εἰπὼν,
1293 958 1371 1010 ὅτι
1418 957 1650 1030 Ἐγγίζει
1694 975 1782 1029 μοι
1812 964 1883 1008 τῶ

278 1054 525 1123 στόματι,
575 1047 933 1125 ἐφηρμήνευσε
982 1054 1157 1117 τοῦτο,
1204 1049 1470 1122 προσθεὶς,
1526 1048 1605 1099 ὅτι
1644 1047 1750 1101 Καὶ
1781 1052 1885 1106 τοῖς

274 1139 480 1213 χείλεσί
510 1157 573 1211 με
624 1144 770 1210 τιμᾶ·
826 1140 947 1190 Θεὸν
978 1137 1237 1209 ὁμολογῶν
1288 1156 1351 1211 με
1402 1140 1489 1189 καὶ
1519 1141 1761 1205 ποιητὴν,
1793 1138 1883 1187 καὶ

277 1232 468 1301 Κύριον
489 1235 581 1280 τοῦ
601 1230 809 1289 παντός’
844 1229 873 1285 ἡ
907 1223 966 1280 δὲ
991 1222 1190 1296 καρδία
1218 1226 1387 1279 αὐτῶν
1412 1225 1588 1301 πόρῥω
1610 1222 1885 1278 διίσταται

276 1317 368 1371 ἀπ’
428 1318 571 1390 ἐμοῦ,
652 1320 723 1390 μὴ
810 1315 1178 1379 πληςιάζουσα
1254 1322 1357 1377 τοῖς
1414 1314 1550 1389 ἐμοῖς
1605 1315 1881 1387 θελήμασιο

274 1410 446 1480 μάτην
480 1404 515 1460 δ
520 1410 541 1459 ε
570 1404 807 1459 σέϐονται
832 1425 913 1478 με,
946 1409 1032 1478 ξμὴ
1085 1407 1174 1466 τὰς
1217 1404 1341 1477 ἐμὰς
1373 1404 1718 1478 φυλάσσοντες
1750 1403 1882 1455 ἐντο-

273 1497 388 1561 λὰς,
421 1495 551 1548 ἀλλὰ
580 1492 925 1557 διδάσκοντες
975 1491 1351 1565 διδασκαλίας,
1404 1498 1567 1557 οὔσας
1597 1493 1885 1566 ἐντάλματα

276 1584 580 1659 ἀνθρώπων,
645 1588 734 1636 καὶ
795 1583 853 1636 οὐ
902 1592 993 1636 τοῦ
1075 1590 1227 1640 Θεοῦ.
1288 1583 1597 1657 Φοϐηθὼμεν
1647 1580 1734 1636 οὖν
1795 1588 1884 1636 καὶ

273 1678 448 1748 ἡμεῖς,
481 1676 507 1727 ὁ
538 1681 628 1727 τοῦ
657 1680 893 1749 Χριστοῦ
944 1672 1088 1740 λαός,
1136 1678 1207 1746 μὴ
1240 1677 1330 1726 καὶ
1376 1675 1493 1727 καθ’
1539 1675 1684 1746 ημῶν
1718 1680 1885 1725 ταῦτα

272 1764 485 1838 ῥηθείη.

350 1857 541 1906 Καὶ-
572 1852 772 1914 αὐτοῖς.
802 1852 1054 1913 Ἐκείνους
1095 1856 1183 1925 μὲν
1212 1851 1553 1925 ἐπιστομίσας
1582 1856 1671 1904 καὶ
1701 1852 1883 1904 κάταιο
1916 1819 1962 1874 Β

278 1944 481 2014 σχύνας
511 1941 725 2014 ἀφῆκεν,
757 1944 821 2003 ὡς
859 1941 1120 2004 ἀνιάτους·
1152 1946 1325 2016 τρέπει
1374 1938 1434 1995 δὲ
1463 1944 1548 1994 τόν
1579 1941 1728 2014 λόγον
1755 1944 1886 2016 πρὸς

274 2035 364 2085 τὸν
390 2032 570 2105 ὄχλον,
592 2034 659 2095 ὡς
687 2031 1110 2105 ἀξιολογώτερον,

356 2281 594 2334 ’Δκούετε
621 2310 688 2322 -
720 2284 935 2336 συνίετε.
962 2279 1260 2345 Ἀκούετε,ὃ
1287 2279 1404 2353 ἐρῶ,
1435 2285 1523 2332 καὶ
1548 2288 1710 2352 γνῶτε
1735 2280 1879 2334 αὐτό.

279 2373 439 2443 Λέγει
469 2367 529 2424 δὲ
555 2377 729 2440 τοῦτο,
758 2378 923 2443 τιμῶν
954 2369 1166 2439 αὐτοὺς,
1202 2370 1285 2422 ἵνα
1314 2365 1698 2442 εὐπαράδεκτον
1731 2374 1886 2442 γένη-

272 2480 364 2513 ται
393 2462 453 2513 τό
490 2460 850 2535 ῥηθησόμενον
863 2503 877 2518 .

346 2567 424 2621 Οὐ
464 2599 535 2609 —
590 2566 881 2641 ἄνθρωπον.
938 2573 1134 2635 Κοινοῖ,
1192 2566 1305 2620 ἀντὶ
1356 2574 1468 2635 τοῦ,
1520 2571 1731 2639 μιαίνει.
1790 2572 1884 2621 Λέ-

272 2678 355 2731 γει
401 2661 599 2729 τοίνυν,
644 2659 724 2709 ὃτι
755 2657 910 2729 οὐχὸ
943 2655 1043 2709 ἀπὸ
1068 2666 1165 2710 τῶν
1205 2655 1431 2709 ἆνίπτων
1468 2661 1662 2731 χείρῶν
1700 2658 1880 2732 ῥύπος,

270 2750 405 2823 μετὰ
455 2756 557 2800 τῶν
634 2745 927 2821 βρωμάτων
995 2746 1360 2819 εἰσερχόμενος
1430 2746 1503 2809 εἰς
1554 2748 1612 2798 τὸ
1692 2751 1882 2819 στόμα,

272 2842 470 2913 μιαίνει
512 2839 598 2890 τὸν
642 2837 931 2911 ἅνθρωπονθ
980 2833 1104 2890 οὐδὲ
1143 2839 1243 2911 ’γὰρ
1291 2836 1509 2889 ἅπτεται
1555 2843 1647 2909 τῇς
1674 2835 1880 2907 ψυχῆς·

273 2932 429 3002 μόνον
504 2926 604 3002 γὰρ
687 2929 875 3002 μιαρὸν
951 2928 980 2984 ἡ
1069 2926 1319 2999 ἁμαρτία,
1398 2925 1711 2999 βλάπτόυσα
1792 2929 1885 2983 τὴν

272 3016 484 3089 ψυχήν.
540 3016 599 3069 Ἠ
666 3018 756 3089 μὲν
818 3012 907 3068 οὖν
953 3020 1237 3091 πρόχειρος
1291 3016 1535 3090 ἑρμηνεία
1582 3020 1673 3068 τοῦ
1725 3015 1885 3089 ῥητοῦ

272 3110 489 3165 τοιαύτη
500 3148 513 3161 .

351 3219 487 3268 Φασὶ
543 3210 601 3266 δὲ
645 3216 735 3265 καὶ
782 3211 943 3270 ἄλλην
992 3212 1378 3287 ὑποκεκρύφθαι
1438 3211 1751 3285 βαθυτέραν,
1808 3213 1887 3263 ὅτι

278 3299 455 3374 οὐδὲν,
481 3303 627 3376 παρὰ
666 3307 798 3356 Θεοῦ
837 3305 1122 3373 γενόμενον,
1174 3304 1325 3374 φύσει
1372 3306 1558 3375 μιαρόν
1588 3300 1719 3354 ἐστι.
1750 3304 1886 3358 Φησὶ

273 3396 376 3467 γὰρ
421 3393 448 3443 6
509 3398 762 3451 Μωυσῆς.
824 3394 925 3443 Καὶ
979 3386 1113 3443 εἶδεν
1171 3392 1197 3442 6
1251 3394 1377 3451 Θεὸς
1432 3393 1497 3442 τὰ
1548 3391 1737 3457 πάντα,
1789 3391 1889 3441 ὅσα

276 3480 507 3547 ἐποίησε,
562 3484 651 3533 καὶ
701 3476 840 3543 ἰδοὺ,
917 3477 1051 3531 καλὰ
1127 3479 1261 3534 λίαν.
1343 3484 1443 3532 Καὶ
1521 3478 1730 3550 λέγουσι
1796 3474 1890 3531 διὰ

272 3573 472 3633 ταύτης
512 3577 609 3633 τῆς
640 3568 933 3643 βαθυτέρας
963 3572 1057 3626 τήν
1104 3576 1201 3621 τῶν
1230 3568 1523 3644 βρωμάτων
1552 3567 1889 3621 ἐκϐάλλεσθαι

275 3664 668 3735 παρατήρησιν,
703 3658 763 3716 ἢν
820 3653 1071 3711 Ἰουδαῖοι
1128 3658 1593 3731 παρεφυλάττοντο.
1642 3664 1745 3711 Τοῦ
1788 3660 1889 3731 ’γὰρ

272 3755 394 3825 περὶ
444 3748 738 3823 βρωμάτων
801 3750 959 3820 νόμου
1011 3746 1327 3819 συμϐολικὴν
1392 3749 1605 3821 θεωρίαν
1656 3750 1889 3818 ἔχοντος,

274 3840 327 3891 οἱ
410 3834 664 3892 Ἰουδαῖοι
752 3834 918 3909 μηδὲν
996 3835 1193 3907 ὑψηλὸν
1299 3835 1479 3889 ἐννοεῖν

278 3934 592 3999 σωματικῶς
642 3927 814 3978 πάντα
850 3930 939 3978 καὶ
978 3926 1110 3978 κατὰ
1160 3928 1220 3977 τὸ
1275 3929 1574 3998 φαινόμενον
1616 3924 1895 3997 ἐξελαμϐά-

1590 3834 1889 3902 δυνάμενοι,

274 4035 443 4073 νοντο.

352 4106 509 4160 Ἀλλὰ
540 4136 607 4148 -
652 4107 939 4180 ἄνθρωπον.
990 4105 1353 4177 Ἐκπορεύεται
1397 4104 1451 4157 ἐκ
1496 4111 1588 4158 τοῦ
1636 4109 1892 4177 στόματος

276 4202 377 4257 πᾶς
404 4196 579 4267 λόγος·
635 4194 764 4247 ἀλλὰ
808 4199 927 4270 περὶ
975 4202 1067 4246 τοῦ
1104 4202 1333 4269 πονηροῦ
1376 4195 1511 4266 λέγει
1538 4202 1647 4261 νῦν,
1695 4195 1745 4255 ὃς
1779 4197 1890 4267 ἔχει

274 4288 452 4357 πηγὴν
478 4289 573 4343 τὴν
603 4280 849 4360 καρδίαν.
906 4287 1109 4358 Προϊὼν
1159 4280 1218 4336 δε
1252 4283 1527 4356 σαφηνίζει
1579 4285 1646 4335 τὰ
1676 4282 1890 4354 ἀσαφῶς

276 4374 504 4427 ἐνταῦθα
531 4374 597 4449 ῥη
608 4376 779 4427 θέντα.

1258 331 1625 389 ΟΟΜΜΕΝΤ.
1668 330 1737 386 IN
1778 326 2221 385 MATTHEUM.
2268 357 2330 365 —
2372 326 2527 382 CAP.
2570 326 2693 382 XV.

3537 328 3645 384 446

1990 452 2601 522 transgrediebantur.
2646 452 3009 525 Prophetam
3046 455 3245 510 autem
3274 453 3336 509 in
3378 452 3647 508 medium

1991 542 2255 609 adducit,
2302 542 2405 613 qui
2442 543 2572 612 jam
2605 542 2743 597 olim
2775 541 2906 598 illos
2952 544 3278 599 accusabat
3318 542 3393 598 de
3425 542 3540 605 his,
3574 540 3649 595 de

1990 632 2211 704 quibus
2262 631 2388 703 ipse
2432 646 2593 687 nunc
2640 647 2743 688 eos
2793 638 3079 699 accusat;
3113 637 3168 687 et
3212 647 3275 687 se
3328 647 3466 687 eum
3522 646 3651 686 esse

1990 720 2266 785 ostendit,
2323 721 2425 793 qui
2481 721 2658 778 etiam
2716 721 2818 778 illa
2873 737 2979 794 per
3030 722 3391 795 prophetam
3444 720 3653 794 loque-

1990 810 2188 866 batur.

2062 919 2226 973 Vers.
2273 918 2328 972 7.
2372 918 2576 975 Dicens
2614 950 2683 959 —
2727 921 2785 974 V.
2829 921 2886 975 9.
2937 920 3259 976 hominum.
3311 918 3647 991 Postquam

1991 1006 2170 1063 dixit:
2190 1007 2639 1079 Appropinquat
2662 1008 2812 1065 mihi
2832 1024 2947 1078 ore,
2970 1010 3389 1080 interpretatus
3407 1008 3644 1073 esthoc,

1992 1096 2372 1152 addenszEt
2434 1097 2599 1153 labiis
2645 1113 2737 1155 me
2790 1097 3061 1165 honorat,
3116 1100 3304 1153 Deum
3362 1112 3459 1153 me
3513 1112 3645 1152 esse

1992 1185 2286 1242 conﬁtens
2311 1190 2367 1241 et
2392 1188 2731 1243 Creatorem
2770 1204 2840 1244 ac
2872 1187 3190 1243 Dominum
3220 1186 3501 1243 universi.
3533 1186 3645 1241 Cor

1993 1280 2197 1332 autem
2213 1291 2421 1332 eorum
2440 1276 2616 1346 longe
2634 1276 2807 1333 abest
2828 1293 2863 1333 a
2879 1293 2996 1343 me,
3011 1292 3133 1333 non
3148 1276 3647 1349 appropinquans

1993 1366 2142 1422 meis
2206 1365 2633 1423 voluntatibus.
2695 1370 2927 1423 Frustra
2985 1373 3182 1423 autem
3258 1367 3462 1422 colunt
3528 1380 3646 1432 me,

1993 1472 2129 1511 cum
2161 1471 2296 1511 mea
2325 1472 2449 1512 non
2479 1460 2711 1513 servent
2741 1461 3060 1528 praecepta,
3094 1456 3199 1511 sed
3226 1456 3484 1511 doceant
3511 1456 3651 1511 doc-

1992 1546 2175 1600 trinas
2220 1561 2354 1616 quae
2387 1550 2525 1601 sunt
2553 1549 2854 1617 praecepta
2905 1545 3223 1601 hominum
3255 1551 3312 1600 et
3353 1560 3475 1601 non
3516 1543 3641 1600 Dei.

1993 1634 2334 1690 Timeamus
2365 1650 2505 1703 ergo
2536 1640 2592 1691 et
2614 1651 2727 1691 nos
2760 1635 2865 1707 qui
2890 1651 3100 1691 sumus
3130 1634 3340 1691 Christi
3368 1632 3648 1706 populus,

1994 1740 2068 1780 ne
2094 1726 2268 1780 etiam
2302 1723 2628 1779 adversum
2658 1740 2770 1780 nos
2802 1724 2931 1780 haec
2960 1725 3254 1780 dicantur.

2066 1834 2232 1887 Vers.
2268 1833 2352 1886 10.
2400 1832 2479 1886 Ει
2527 1862 2595 1872 ——
2634 1832 2734 1887 eis.
2768 1831 2901 1887 Illos
2950 1834 3237 1901 tanquam
3290 1829 3653 1885 incurabiles

1993 1920 2248 1992 reliquit,
2307 1920 2409 1976 ubi
2470 1920 2771 1977 silentium
2829 1920 2912 1976 eis
2966 1919 3366 1992 imposuisset,
3427 1934 3652 1991 eosque

1994 2009 2385 2065 confudisset:
2414 2010 2912 2065 convertitautem
2938 2023 3277 2064 sermonem
3302 2007 3376 2063 ad
3407 2007 3650 2063 turbam

1994 2103 2273 2169 tanquam
2299 2099 2632 2168 digniorem
2659 2115 2791 2170 quas
2819 2098 3046 2155 audiat.

2065 2207 2233 2263 Vers.
2269 2208 2355 2260 11.
2384 2206 2605 2263 Audite
2631 2238 2699 2246 —
2729 2206 3051 2277 intelligite.
3082 2204 3295 2261 Audite
3325 2203 3491 2276 quod
3515 2202 3650 2259 dico

1995 2302 2050 2351 et
2092 2295 2397 2365 intelligite
2423 2295 2590 2351 illud.
2624 2296 2755 2353 Hoc
2800 2301 2999 2351 autem
3032 2296 3113 2351 ait
3139 2294 3448 2350 honorans
3495 2291 3650 2363 illos,

1994 2389 2059 2441 ut
2082 2384 2314 2441 facilius
2344 2384 2702 2456 suscipiatur
2725 2384 2891 2457 quod
2921 2384 3189 2440 dicturus
3218 2387 3329 2440 est.

2066 2496 2224 2550 Vers.
2254 2495 2340 2550 11.
2386 2495 2523 2550 Νοη
2563 2524 2632 2534 -
2680 2494 2995 2549 hominem.
3048 2493 3170 2547 Hoc
3200 2494 3291 2547 est
3323 2509 3335 2547 :
3368 2493 3496 2547 Non
3528 2505 3653 2546 sor-

1994 2584 2100 2639 des
2147 2599 2443 2638 manuum
2486 2582 2785 2639 illotarum
2834 2598 2969 2654 quae
3027 2597 3150 2638 una
3199 2597 3336 2636 cum
3386 2579 3540 2636 escis
3591 2579 3654 2635 in

1995 2689 2063 2729 os
2092 2672 2511 2743 ingrediuntur
2540 2672 2963 2729 contaminant
2985 2676 3087 2727 aut
3124 2673 3527 2742 conspurcant
3549 2667 3655 2724 ho-

1995 2764 2241 2828 minem,
2323 2762 2467 2835 quia
2539 2778 2651 2818 nec
2732 2764 2986 2831 tangunt
3064 2761 3401 2817 animam:
3456 2758 3654 2815 solum

1994 2867 2260 2924 namque
2282 2854 2597 2924 peccatum
2626 2850 2846 2906 foedum
2872 2854 2975 2915 est,
3010 2850 3177 2922 quod
3202 2850 3418 2906 animae
3443 2852 3643 2906 nocet.

1994 2943 2148 2999 Talis
2191 2946 2389 2997 autem
2423 2941 2561 2997 dicti
2609 2941 2789 3012 hujus
2818 2940 3225 3013 interpretatio
3271 2939 3332 2994 in
3364 2942 3651 3010 promptu

1996 3035 2101 3089 est.

2070 3140 2247 3195 Aiunt
2262 3144 2461 3195 autem
2474 3143 2530 3194 et
2548 3138 2789 3194 alteram
2808 3135 3166 3209 profundius
3180 3150 3310 3191 esse
3327 3134 3646 3198 reclusam,

1997 3234 2143 3303 puta
2181 3229 2345 3301 quod
2376 3228 2524 3283 nihil
2552 3228 2777 3283 factum
2822 3244 2857 3282 a
2909 3228 3047 3290 Deo,
3079 3228 3294 3281 natura
3337 3223 3648 3295 impurum

1996 3322 2106 3374 est.
2154 3318 2247 3371 Ait
2297 3316 2455 3371 enim
2492 3318 2716 3372 Moses:
2750 3316 2826 3369 Et
2868 3314 3019 3369 vidit
3057 3315 3212 3369 Deus
3261 3326 3649 3383 quaecumque

1994 3409 2237 3479 fecerat,
2271 3411 2323 3461 et
2348 3420 2475 3461 ecce
2507 3405 2654 3460 bona
2686 3405 2860 3461 valde
2884 3405 2952 3457 ⁵1.
2980 3403 3190 3457 Dicunt
3219 3416 3361 3470 ergo
3377 3402 3491 3456 hac
3516 3415 3650 3472 pro-

1997 3496 2261 3554 fundiori
2289 3495 2771 3566 interpretatione
2802 3493 3072 3549 ciborum
3104 3491 3263 3562 rejici
3289 3490 3653 3546 observatio-

1998 3600 2160 3649 nem,
2194 3600 2378 3657 quam
2408 3583 2596 3639 Judaei
2628 3583 2971 3638 servabant.
3006 3584 3155 3637 Nam
3188 3596 3325 3635 cum
3370 3580 3482 3645 lex,
3517 3594 3654 3650 quae

2001 3675 2076 3731 de
2088 3675 2235 3730 cibis
2248 3677 2391 3737 erat,
2408 3672 2792 3741 allegoricum
2809 3670 3057 3727 haberet
3073 3669 3453 3733 intellectum,
3467 3667 3656 3723 Judaei

2003 3764 2105 3837 qui
2138 3763 2282 3819 nihil
2307 3762 2612 3819 excelsum
2643 3762 2903 3831 cogitare
2933 3763 3227 3831 poterant,
3272 3756 3659 3829 corporaliter

2004 3859 2059 3909 et
2086 3857 2261 3925 prout
2288 3853 2347 3907 in
2375 3851 2701 3923 conspicuo
2731 3852 2919 3914 erant,
2948 3849 3155 3905 omnia
3184 3846 3581 3918 excipiebant.

2073 4032 2211 4085 Vers
2262 4030 2349 4085 11.
2396 4028 2515 4083 Sed
2569 4059 2635 4067 —
2695 4027 3003 4082 hominem.
3064 4025 3372 4095 Egreditur
3425 4023 3499 4079 de
3553 4038 3656 4078 ore

2001 4119 2197 4173 omnis
2231 4132 2462 4173 sermo:
2493 4116 2593 4171 sed
2628 4130 2789 4171 nunc
2817 4114 2890 4169 de
2922 4113 3078 4169 malo
3108 4112 3391 4184 loquitur,
3422 4111 3525 4183 qui
3556 4126 3657 4167 cor

1998 4223 2108 4280 pro
2126 4205 2283 4262 fonte
2304 4204 2504 4260 habet.
2523 4208 2586 4260 In
2611 4202 2999 4276 sequentibus
3020 4204 3221 4257 autem
3246 4198 3657 4255 manifestiora

1995 4296 2203 4363 reddit,
2233 4310 2357 4367 quae
2383 4294 2480 4349 hic
2509 4294 2760 4349 obscure
2788 4291 2947 4347 dicta
2978 4293 3137 4345 sunt.

2068 4386 2227 4440 Vers.
2258 4384 2345 4437 12.
2378 4384 2538 4438 Tunc
2566 4383 2815 4451 offensos
2839 4411 2907 4421 —
2941 4380 3144 4449 fuisse.
3175 4379 3300 4443 Quo
3330 4390 3606 4433 sermone
3626 4378 3655 4433 ?

346 4484 475 4535 Τότε
499 4511 572 4523 -
619 4476 1135 4537 ἐσκανδαλίσθησαν.
1170 4486 1324 4532 Ποῖον
1353 4479 1504 4552 λόγον
1552 4477 1763 4539 Δηλαδὴ
1804 4483 1888 4532 τόν

2011 4477 2076 4531 Eo
2106 4473 2381 4528 videlicet
2411 4487 2533 4544 quo
2582 4469 2819 4526 dicebat
2845 4486 2857 4525 :
2892 4472 3020 4525 Non
3051 4468 3218 4540 quod
3247 4468 3428 4523 intrat
3472 4465 3533 4521 in
3566 4482 3652 4533 os,

272 4572 507 4644 λέγοντα,
563 4571 644 4623 ὅτι
698 4570 756 4623 οὗ
787 4572 845 4622 1'6
890 4570 1254 4646 εἰσερχόμενον
1296 4570 1363 4629 εἰς
1419 4574 1477 4622 τὸ
1533 4574 1700 4643 στόμα
1727 4577 1891 4623 κοινοί

272 4665 365 4714 τὸν
392 4662 684 4735 ἄνθρωπον.
727 4659 993 4734 Ἀνέτρεπε
1025 4662 1127 4732 γὰρ
1157 4663 1251 4718 τὴν
1280 4655 1580 4732 παράδοσιν
1606 4668 1704 4711 τῶν
1734 4679 1891 4733 πρεσ-

275 4750 523 4826 ϐυτέρων.

346 4858 405 4912 Ὀ
457 4855 517 4911 δὲ
574 4887 643 4899 -
694 4855 1129 4931 ἔκριξωθήσεται.
1180 4861 1396 4910 Φυτείαν
1470 4856 1608 4929 λέγει
1658 4863 1745 4908 νῦν
1796 4862 1891 4915 τὴν

274 4944 578 5023 παράδοσιν
629 4952 728 4999 τῶν
774 4944 1135 5021 πρεσϐυτέρων
1187 4951 1278 4998 καὶ
1329 4949 1396 4998 τὰ
1447 4945 1741 5019 ἐντάλματα
1789 4954 1890 4998 τῶν

275 5036 587 5111 ἀνθρώπων.

348 5143 535 5216 ’Ἅφετε
562 5174 633 5183 --
663 5142 866 5203 αὐτούς.
912 5141 1000 5205 Ὧς
1030 5141 1295 5205 ἀνιάτους.
1321 5145 1417 5196 Διά
1446 5150 1599 5196 τοῦτο
1633 5146 1733 5218 γὰρ
1766 5141 1891 5197 ουδὲ

271 5232 590 5308 ἐθεράπευσε
643 5235 700 5285 1'6
753 5230 1044 5286 σκάνδαλον
1097 5232 1289 5303 αὐτῶν,
1345 5229 1496 5297 εἰδὼς
1529 5233 1714 5295 αὐτοὺς
1739 5232 1889 5287 οὐδὲν

270 5321 441 5395 ὦφελη
452 5324 769 5395 θησομένους
787 5364 802 5379 .

342 5428 568 5503 Ὀδηγοὶ
616 5429 839 5503 τυφλῶν.
897 5430 1131 5503 Τυφλοὺς
1182 5430 1370 5493 αὐτοὺς
1427 5436 1607 5505 φησιν,
1668 5434 1738 5494 ὡς
1790 5454 1890 5492 πη-

267 5523 527 5594 ρωθέντας
574 5522 662 5572 τὸν
693 5527 788 5582 τῆς
835 5519 1022 5593 ψυχῆς
1055 5519 1316 5593 ὀφθαλμόν
1347 5522 1447 5574 ὑπὸ
1493 5528 1584 5574 τοῦ
1634 5523 1890 5597 ῥεύματος

264 5620 371 5664 τῶν
420 5612 621 5677 παθῶν,
683 5614 773 5663 καὶ
837 5611 906 5673 ὡς
949 5614 1019 5682 μὴ
1074 5606 1387 5683 δυναμένους
1457 5611 1761 5671 ἐνατενίζειν
1820 5620 1890 5665 τῶ

343 5738 387 5772 ⁶¹
432 5736 582 5794 Gen.
623 5751 659 5801 ῐ,
694 5735 785 5792 31.

2000 4565 2303 4635 impurum
2334 4561 2529 4617 reddit
2555 4559 2861 4616 hominem
2891 4578 2904 4627 ;
2934 4557 3317 4614 subvertebat
3347 4556 3509 4612 enim
3538 4559 3659 4612 tra-

2000 4654 2287 4709 ditionem
2314 4652 2631 4707 seniorum.

2072 4762 2240 4817 Vers.
2273 4760 2359 4814 13.
2394 4760 2471 4814 At
2502 4758 2604 4815 ille
2646 4789 2713 4798 —
2744 4756 3169 4814 eradicabitur.
3222 4754 3660 4811 Plantationem

2000 4864 2162 4907 nunc
2205 4847 2345 4904 dicit
2375 4847 2751 4904 traditionem
2784 4845 3085 4902 seniorum
3116 4848 3174 4901 et
3216 4848 3513 4917 praecepta
3553 4843 3660 4899 ho-

2001 4955 2255 4996 mmum.

2071 5047 2241 5102 Vers.
2288 5046 2376 5102 14.
2425 5044 2607 5101 Sim'te
2633 5074 2703 5084 —
2730 5044 2883 5099 illos.
2916 5045 3227 5114 Tanquam
3271 5038 3653 5105 incurabiles,

2000 5136 2141 5192 Ideo
2166 5135 2325 5191 enim
2352 5149 2542 5205 neque
2574 5134 2702 5205 ipse
2723 5131 2947 5189 curavit
2971 5132 3209 5187 illorum
3232 5128 3651 5195 offensionem,

2000 5226 2195 5283 sciens
2266 5224 2410 5280 nihil
2495 5222 2608 5278 illis
2683 5222 3066 5295 profuturum
3160 5234 3287 5275 esse
3359 5217 3659 5290 quidquid

2000 5316 2242 5373 diceret.

2071 5435 2229 5488 Vers.
2280 5432 2364 5486 14.
2398 5431 2586 5487 Duces
2633 5459 2702 5470 —
2732 5442 3032 5484 amcorum.
3085 5428 3286 5482 Caecos
3333 5428 3511 5481 vocat
3557 5439 3661 5481 eos

2000 5526 2289 5597 tanquam
2319 5521 2537 5578 animae
2572 5517 2745 5576 oculo
2778 5534 2814 5574 a
2842 5518 3009 5573 ﬂuxu
3040 5515 3427 5572 affectionum
3476 5530 3659 5571 excre-

1999 5616 2184 5682 catos,
2216 5614 2273 5669 et
2294 5611 2473 5684 quasi
2508 5624 2633 5666 non
2676 5610 2951 5682 potentes
2990 5604 3196 5663 oculos
3244 5604 3548 5662 intendere
3598 5603 3660 5659 in
