4108 6386
450 314 553 368 447

1792 303 2141 363 EUTHYMII
2183 303 2510 358 ZIGABENI

3734 304 3837 357 448

452 439 645 493 lucem
699 437 980 492 veritatis.
1042 439 1156 493 Nec
1213 437 1408 492 solum
1468 437 1603 502 hoc,
1663 433 1767 489 sed
1822 437 1877 486 et
1932 432 2109 483 tlzzees

2226 434 2355 500 φωτὶ
2410 436 2503 488 τῆς
2535 426 2790 485 ἀληθείας.
2850 431 2949 478 Καὶ
3001 431 3072 497 μὴ
3136 433 3286 477 τοῦτο
3335 431 3507 497 μόνον,
3567 425 3695 477 ἀλλὰ,
3748 434 3838 480 καὶ

453 542 662 582 eorum
693 526 795 597 qui
845 526 921 580 ab
968 526 1305 595 ignorantia
1362 525 1803 597 Scripturarum
1834 518 2112 576 exceecati

455 623 611 670 sunt.
645 614 879 671 Grande
924 614 1225 686 siquidem
1269 614 1497 669 malum
1542 616 1627 668 est
1672 611 1932 682 aliquem
1979 624 2111 663 esse

453 720 681 760 caecum
712 721 722 759 :
758 720 893 759 eum
942 721 1079 759 vero
1110 706 1213 776 qui
1246 720 1439 759 caecus
1471 708 1577 767 est,
1612 702 1899 757 ducatum
1945 697 2112 754 alteri

455 810 607 849 caeco
638 799 927 864 praestare,
958 794 1173 866 duplex
1203 800 1354 849 certe
1386 792 1610 847 malum
1636 796 1745 847 est.

530 902 667 955 Vers
698 902 782 955 14.
827 902 1025 957 Caecus
1056 933 1123 939 —
1154 901 1399 956 cadunt.
1434 899 1552 954 Hoc
1585 896 1969 954 manifestum
2002 900 2107 951 est.

525 1006 682 1058 Vers.
726 1005 813 1059 15.
869 1005 1226 1074 Respondeas
1281 1034 1349 1043 —
1409 1003 1580 1058 hanc.
1635 1004 1861 1057 Marcus
1910 1002 2111 1054 autem

452 1092 645 1147 dixit:
679 1093 919 1147 Etcum
960 1095 1253 1162 ingressus
1298 1098 1445 1148 esset
1490 1092 1728 1147 domum
1777 1092 2025 1144 semotus
2074 1102 2111 1142 a

453 1182 647 1245 turba,
690 1181 1193 1249 interrogaverunt
1239 1195 1371 1237 eum
1414 1179 1682 1251 discipuli
1730 1180 1857 1248 ejus
1901 1178 1973 1232 de
2008 1192 2112 1244 pa-

450 1269 735 1326 rabota”.
780 1270 928 1325 Cum
972 1270 1133 1325 enim
1177 1273 1380 1326 Petrus
1428 1268 1787 1333 inchoasset,
1836 1266 1935 1322 alii
1966 1281 2113 1337 quo-

450 1375 567 1431 que
619 1359 839 1431 pariter
901 1360 1432 1429 interrogaverunt.
1487 1358 1839 1414 Parabolam
1911 1364 2108 1411 autem

450 1452 669 1503 vocant
697 1448 927 1503 Hebraei
975 1448 1231 1520 aenigma
1286 1453 1341 1503 et
1373 1462 1713 1502 sermonem
1759 1445 2105 1500 obscurum.

450 1537 1043 1609 Namquiasuporius
1062 1537 1291 1592 dixerat
1310 1538 1595 1602 Christus,
1622 1536 1787 1601 Quod
1814 1535 2110 1605 egreditur
2142 1573 2183 1626 Β
2219 1556 2445 1625 χριστὸς

451 1626 518 1681 de
566 1642 667 1682 ore
713 1628 822 1683 hoc
852 1628 1151 1696 impurum
1202 1628 1393 1682 reddit
1435 1627 1715 1682 hominem
1750 1627 1817 1687 ⁵³,
1869 1624 2105 1687 deinde,

453 1716 605 1771 sicut
655 1715 827 1770 refert
878 1717 1125 1782 Marcus,
1183 1716 1590 1785 subjunxerat,
1649 1716 1715 1770 Si
1758 1716 1889 1784 quis
1938 1714 2106 1768 habet

450 1819 621 1859 aures
651 1804 732 1859 ad
760 1804 1121 1859 audiendum
1152 1805 1366 1860 audiat
1392 1806 1460 1870 ⁵⁸,
1495 1804 1653 1859 visus
1685 1816 1769 1857 est
1800 1803 1882 1857 eis
1914 1818 2107 1856 sermo

449 1892 769 1957 obscurus,
793 1898 849 1948 et
877 1892 1011 1949 ideo
1028 1893 1365 1965 parabolam
1397 1893 1562 1948 illum
1579 1898 1863 1948 vocantes
1882 1891 1955 1946 de
1976 1890 2108 1961 ipso

449 1981 837 2052 interrogant.

518 2090 686 2146 Vers.
720 2090 807 2144 16.
830 2090 1000 2145 Jesus
1024 2096 1214 2146 autem
1239 2120 1308 2131 —
1335 2090 1402 2145 Υ.
1443 2094 1523 2145 17.
1556 2090 1864 2146 emittitur.
1895 2088 2109 2144 Omnia

447 2178 577 2235 haec
607 2194 713 2249 per
738 2177 1264 2247 interrogationem
1293 2178 1551 2247 legenda
1581 2182 1739 2233 sunt.

520 2276 754 2332 Marcus
784 2280 984 2331 autem
1015 2280 1341 2347 potsquam
1372 2276 1519 2332 dixit
1552 2292 1564 2330 :
1598 2277 1674 2331 Et
1700 2277 1763 2331 in
1790 2290 2108 2331 successum

447 2366 774 2436 egreditur,
837 2364 1045 2419 addit:
1091 2365 1259 2431 Quod
1311 2370 1536 2435 purgat
1584 2381 1775 2421 omnes
1834 2380 1991 2421 escas
2036 2365 2104 2428 ⁵⁵.

446 2455 564 2511 hoc
593 2459 679 2509 est
714 2469 893 2525 puras
930 2454 1225 2525 relinquit.
1260 2455 1435 2509 Dictae
1471 2455 1629 2509 enim
1677 2454 1882 2509 sordes
1920 2454 1981 2509 in
2023 2469 2109 2508 se-

448 2559 679 2599 cessum
752 2558 1023 2614 egressaa,
1096 2560 1247 2615 pura
1315 2544 1660 2615 relinquunt
1739 2560 1873 2615 quae
1950 2543 2108 2597 intus

448 2638 759 2688 remanent
829 2632 1126 2703 alimenta,
1202 2649 1337 2704 quae
1407 2632 1679 2688 videlicet
1738 2638 1957 2689 natura
2019 2648 2105 2688 re-

450 2721 646 2777 tinuit.

520 2919 563 2987 οξο
605 2915 773 2993 Ἐδρα
809 2918 1053 2989 quidem
1095 2918 1245 2974 inter
1279 2918 1397 2974 alia
1431 2918 1725 2990 significat
1762 2919 1941 2974 etiam
1981 2933 2104 2972 cor-

449 3007 615 3077 poris
640 3011 869 3078 partem
891 3023 1012 3079 qua
1034 3008 1285 3063 sedetur.
1314 3009 1453 3078 Ejus
1475 3014 1674 3064 autem
1702 3007 2107 3078 compositum

450 3090 738 3168 ἀφρεδρὼν,
821 3103 964 3159 ῶνος,
1021 3095 1263 3151 inﬁmus
1332 3102 1435 3159 est,
1505 3095 1593 3150 vel
1640 3099 1887 3162 stercus,
1942 3094 2109 3165 quod

452 3182 800 3238 secernitur.

519 3290 681 3345 Vers.
732 3291 819 3345 18.
873 3290 1107 3357 Οαειι-
1150 3291 1462 3346 hominem.
1526 3290 1677 3345 Dixit
1719 3290 1879 3345 enim
1931 3290 2110 3344 etiam

449 3379 728 3435 vicesimo
789 3381 1044 3435 secundo
1116 3380 1330 3450 capite,
1390 3380 1553 3451 quod
1619 3396 1687 3434 ex
1744 3379 2110 3435 abundantia

448 3467 647 3523 cordis
688 3484 753 3521 os
784 3468 1046 3539 loquitur
1073 3470 1140 3519 ⁸⁸.
1175 3467 1436 3522 Primum
1478 3468 1636 3523 enim
1676 3468 1737 3522 in
1763 3468 1942 3522 corde
1974 3483 2110 3522 con-

450 3556 811 3627 cupiscimus
854 3575 865 3607 :
906 3556 1122 3611 deinde
1174 3556 1339 3629 quod
1402 3557 1801 3612 desideratum
1853 3562 1962 3620 est,
2005 3573 2111 3628 per

451 3660 518 3700 os
547 3644 884 3709 educimus,
920 3650 975 3700 et
1005 3645 1089 3700 ita
1117 3648 1279 3716 quod
1313 3645 1453 3700 foris
1483 3647 1832 3715 ingreditur,
1864 3662 2109 3701 rursum

452 3732 610 3787 foras
697 3732 1008 3804 procedit;
1072 3734 1238 3804 quod
1306 3740 1505 3789 autem
1577 3735 1653 3789 ab
1732 3735 2111 3791 interioribus

450 3820 766 3890 egreditur,
801 3821 999 3877 adhuc
1020 3823 1178 3877 intus
1203 3827 1408 3878 manet
1430 3828 1487 3879 et
1515 3823 1885 3880 contaminat

522 4067 683 4124 Vers.
740 4073 821 4123 19.
868 4071 917 4124 Α
951 4101 1020 4111 —
1061 4070 1445 4141 blasphemia.
1483 4075 1710 4129 Marcus
1752 4089 1893 4129 vero
1936 4072 2113 4129 latius

450 4162 756 4213 enumerat
785 4163 841 4215 et
866 4159 983 4215 alia
1011 4176 1024 4213 :
1052 4162 1382 4225 avaritiam,
1418 4163 1729 4226 malitiam,
1756 4163 1982 4233 dot-um,
2004 4163 2117 4218 im-

446 4246 823 4316 pudicitiam,
867 4249 1096 4304 oculum
1142 4265 1412 4319 pravum,
1454 4251 1795 4318 superbiam
1834 4255 1887 4307 et
1924 4251 2117 4307 stulti-

452 4336 597 4391 tiam
639 4336 708 4387 ⁸⁷.
743 4338 809 4392 Ut
852 4342 1056 4392 autem
1086 4337 1344 4393 breviter
1379 4343 1434 4393 et
1463 4344 1664 4410 aperte
1694 4339 1911 4405 dicam,
1961 4340 2117 4410 cogi-

451 4424 704 4479 tationes
737 4425 913 4480 malae
953 4432 1092 4482 sunt
1138 4426 1367 4483 nocivas
1413 4428 1917 4500 concupiscentiae
1960 4445 1972 4481 :
2014 4445 2115 4485 cae-

452 4513 557 4567 des
595 4528 757 4578 vero,
799 4514 1041 4577 furtum,
1089 4516 1310 4571 falsum
1360 4517 1792 4584 testimonium,
1841 4518 2111 4585 avaritia,

453 4600 629 4657 dolus
675 4608 730 4657 et
773 4603 1052 4675 superbia
1100 4609 1239 4660 nota
1282 4610 1419 4661 sunt
1461 4623 1474 4671 ;
1519 4606 1877 4662 adulterium
1913 4613 2112 4663 autem

454 4695 561 4755 est,
632 4692 708 4746 ad
762 4692 1026 4747 alienam
1084 4709 1331 4749 uxorem
1392 4694 1675 4751 accedere
1733 4712 1747 4761 ;
1802 4696 2113 4753 fornicatio

452 4794 595 4834 vero
628 4780 706 4835 ad
737 4796 871 4835 eam
902 4797 1038 4853 qua:
1079 4782 1274 4837 virum
1313 4799 1436 4838 non
1477 4783 1660 4839 habet
1693 4804 1705 4852 ;
1737 4784 2113 4855 blasphemia

526 4877 574 4912 ⁵³
615 4880 787 4935 Marc.
848 4894 946 4944 v11,
991 4881 1079 4934 17.
1160 4881 1204 4914 ⁵³
1250 4880 1448 4937 Matth.
1487 4898 1586 4949 xu,
1631 4883 1719 4935 34.

458 4993 553 5043 vn,
589 4981 680 5035 22.

2144 2710 2307 2770 Οπος
2364 2709 2631 2782 ἐξέρχεται
2688 2710 2759 2770 εἰς
2836 2714 2920 2761 τὸν
2998 2706 3290 2781 ἀφεδρῶνα,

1798 4883 1844 4917 5‘
1890 4883 2076 4940 Marc.
2128 4902 2219 4952 vn,
2267 4884 2354 4937 2:2.

2222 515 2448 589 ὁδηγούς
2497 523 2645 575 ὄντας
2674 525 2771 568 τῶν
2800 521 3182 588 πεπηρωμένων
3228 518 3326 567 ὑπὸ
3374 525 3467 577 τῆς
3498 514 3706 586 ἀγνοίας
3738 526 3835 568 τῶν

2222 614 2453 679 Γραφῶν.
2506 611 2653 677 Μέγα
2702 609 2790 678 μὲν
2832 608 2933 679 γὰρ
2983 610 3140 656 κακόν
3186 610 3243 657 τό
3293 604 3480 677 τυφλόν
3520 603 3648 657 εἶναι
3698 625 3831 658 τινα·

2219 701 2277 748 τό
2338 693 2394 749 δε
2434 702 2521 748 καὶ
2571 696 2756 767 τυφλόν
2808 700 2929 747 ὅντα
2979 692 3189 766 ὁδηγεῖν
3247 697 3413 767 ἕτερον
3466 692 3683 748 διπλοῦν
3732 698 3835 771 εἶρα

2219 790 2397 839 κακόν.

2291 927 2486 998 Τυφλός
2515 956 2583 967 —
2610 925 2979 999 ἐμπεσοῦνται.
3015 934 3179 979 Τοῦτο
3214 931 3371 998 σαφές
3398 926 3557 979 ἐστιν.

2292 1015 2616 1087 Ἀποκριθεὶς
2671 1047 2739 1055 -
2768 1018 2983 1073 ταύτην.
3020 1016 3077 1067 Ὀ
3128 1013 3186 1068 δὲ
3237 1018 3445 1089 Μάρκος
3494 1020 3711 1089 εἴρηκεν,
3754 1020 3831 1070 ὅτι

2219 1106 2327 1159 Καὶ
2367 1107 2449 1157 ὅτε
2479 1105 2711 1163 εἰσῆλθεν
2733 1105 2803 1166 εἰς
2831 1103 2968 1156 οἷκον
3009 1104 3109 1157 ἀπό
3133 1112 3223 1157 τοῦ
3256 1105 3441 1176 ὄχλου,
3483 1105 3831 1178 ἐπηρώτησαν

2221 1195 2376 1247 αὐτόν
2451 1196 2499 1247 οἱ
2573 1196 2807 1266 μαθηταὶ
2877 1194 3037 1245 αὐτοῦ
3145 1198 3263 1269 περὶ
3329 1203 3424 1256 τῆς
3505 1194 3827 1269 παραϐολῆς.

2218 1291 2321 1337 Τοῦ
2397 1288 2591 1356 Πέτρου
2647 1286 2748 1355 γὰρ
2832 1283 3348 1357 προκαταρξαμένου,
3416 1288 3507 1335 καὶ
3579 1286 3627 1335 οἰ
3686 1283 3832 1336 ἄλλοι

2223 1378 2691 1448 συνεπηρώτησαν.
2767 1372 3076 1446 Παραϐολὴν
3132 1368 3190 1424 δε
3221 1371 3471 1424 καλοῦσιν
3510 1371 3744 1446 Ἑϐραῖοι
3774 1376 3831 1423 τό

2218 1464 2455 1533 αἴνιγμα,
2527 1466 2613 1514 τόν
2702 1465 2961 1515 σκοτεινόν
3052 1461 3224 1532 λόγον.
3292 1466 3393 1513 Καὶ
3458 1461 3565 1514 ἐπεὶ
3604 1459 3740 1514 εἶπεν
3804 1463 3829 1512 ό

2540 1550 2790 1625 ἀνωτέρω,
2875 1552 2954 1603 ὅτι
3037 1554 3105 1602 Τό
3160 1553 3553 1623 ἐκπορευόμενον
3610 1550 3666 1602 ἐκ
3737 1558 3830 1602 τοῦ

2219 1645 2497 1712 στόματος,
2572 1648 2724 1691 τοῦτο
2791 1647 2957 1692 κοινοῖ
3021 1642 3106 1690 τόν
3165 1641 3453 1714 ἄνθρωπον·
3512 1636 3641 1704 εἶτα,
3693 1640 3831 1689 καθά

2218 1750 2346 1801 φησι
2402 1732 2633 1802 Μάρκος,
2694 1728 2972 1800 ἐπήγαγεν,
3042 1730 3117 1780 ὅτι
3158 1728 3216 1780 Ὀ
3266 1732 3402 1800 ἔχων
3463 1725 3569 1780 ὦτα
3626 1726 3829 1779 ἀκούειν

2218 1818 2471 1871 ἀκουέτω·
2566 1824 2656 1869 καὶ
2736 1815 2905 1881 ἔδοξεν
2996 1818 3174 1879 αὐτοῖς
3274 1816 3484 1889 ἀσαφὴς
3551 1818 3576 1868 ὁ
3658 1816 3825 1887 λόγος·

2216 1907 2515 1981 παραϐολὴν
2621 1914 2801 1959 τοῦτον
2923 1907 3287 1979 ὀνομάσαντες,
3378 1906 3615 1980 ἐρωτῶσι
3711 1910 3829 1978 περὶ

2216 2015 2402 2049 τουτου
2420 2042 2430 2053 ,

2285 2127 2512 2183 ὈδεἸ
2634 2136 2650 2144 “
2817 2127 2828 2143 ’
2957 2130 3021 2157 ’⁸
3159 2132 3168 2144 “
3487 2131 3570 2161 ·“”
3781 2131 3823 2163 τ’

2520 2149 2682 2189 ησους
2716 2160 2779 2171 --
2808 2148 2924 2181 εστε
2957 2171 2969 2193 ,
3028 2136 3231 2200 Ακμην,
3264 2148 3379 2180 ἀντι
3423 2147 3515 2181 τόν
3547 2149 3642 2184 ετι.
3699 2136 3799 2183 Kac.

2217 2221 2470 2294 ἐρώτησιν
2504 2216 2563 2271 δὲ
2592 2223 2681 2271 καὶ
2706 2225 2858 2271 τοῦτο
2884 2223 2973 2271 καὶ
3000 2220 3066 2271 τὰ
3097 2218 3210 2289 (81)
3244 2217 3328 2280 ἐξῆ
3341 2238 3381 2279 ς.

2291 2357 2451 2405 Οὔπω
2489 2384 2558 2394 -—
2623 2353 2920 2406 ἐκϐάλλεται
2962 2370 2975 2419 ;
3016 2352 3075 2409 Ὀ
3145 2349 3204 2405 δὲ
3255 2355 3469 2426 Μάρκος
3513 2354 3687 2418 εἰπὼν,
3747 2356 3829 2406 ὅτι

2220 2448 2321 2495 Καὶ
2410 2442 2480 2503 εἰς
2552 2445 2635 2494 τόν
2711 2439 2983 2515 ἀφεδρῶνα
3062 2441 3414 2514 ἐκπορεύεται,
3481 2444 3824 2515 προσέθηκεν,

2215 2538 2334 2583 Ὀτι
2382 2534 2664 2605 καθαρίζον
2718 2532 2833 2603 (82)
2886 2534 3056 2583 πάντα
3102 2534 3169 2583 τὰ
3231 2529 3503 2603 βρώματα,
3559 2535 3821 2599 τουτέστι,

2217 2623 2422 2693 καθαρά
2480 2620 2831 2692 ἀπολιμπάνον
2891 2621 3024 2691 (83).
3081 2625 3181 2673 Καὶ
3228 2622 3329 2692 γὰρ
3377 2622 3401 2671 ό
3454 2616 3706 2681 δηλωθεὶς
3736 2622 3828 2695 ῥύ-

3379 2711 3585 2782 καθαρά
3660 2710 3826 2781 ἀφιεὶς

2218 2796 2363 2852 ἔνδον
2394 2802 2563 2851 πάντα
2600 2802 2667 2852 τά
2698 2798 2974 2874 βρώματα,
3021 2800 3120 2851 ὅσα
3166 2795 3376 2857 δηλαδὴ
3422 2804 3822 2872 παρακατέσχεν

2220 2892 2248 2947 ἡ
2287 2892 2463 2960 φύσις.

2290 3002 2486 3079 [Ἐδρα
2515 3006 2628 3077 (84)
2654 3009 2742 3078 μὲν
2782 3008 2839 3058 τὸ
2863 3008 3017 3079 μέρος
3046 3011 3137 3057 τοῦ
3162 3009 3430 3077 σώματος,
3457 3002 3692 3078 ἀφεδρὼν
3719 3002 3778 3058 δὲ
3800 3008 3826 3058 ό

2220 3100 2425 3168 κοπρών
2453 3095 2588 3166 (85).
2622 3093 2644 3167 ]

2290 3318 2369 3367 Tu
2409 3344 2472 3356 -—
2512 3316 2801 3388 ἄνθρωπον.
2862 3318 3049 3390 Εἰρηκε
3100 3317 3199 3388 γὰρ
3252 3319 3338 3367 καὶ
3390 3317 3515 3387 πρὸς
3566 3322 3637 3384 τῷ
3698 3314 3828 3367 τέλει

2221 3412 2315 3456 τοῦ
2376 3404 2616 3456 εἰκοστοῦ
2671 3402 2915 3479 δευτέρου
2953 3404 3254 3475 κεφαλαίου,
3323 3405 3403 3455 ὅτι
3470 3403 3524 3455 ἐκ
3576 3410 3667 3456 τοῦ
3732 3424 3827 3456 πε-

2221 3497 2569 3565 ρισσεύματος
2619 3502 2713 3554 τῆς
2762 3491 2984 3568 καρδίας
3058 3498 3116 3545 τό
3180 3498 3347 3566 στόμα
3422 3492 3580 3545 λαλεῖ.
3652 3493 3830 3546 Ἐνθυ-

2220 3585 2458 3655 μούμεθα
2534 3582 2647 3653 (86)
2718 3585 2818 3655 ’Ῑάρ
2888 3591 3087 3655 πρῶτον
3163 3585 3211 3634 ἐν
3278 3589 3339 3653 τῇ
3420 3578 3636 3655 καρδίᾳ,

2220 3675 2279 3723 τὸ
2329 3672 2610 3743 ἐνθυμηθὲν
2678 3670 2923 3743 ἐξάγομεν
2970 3668 3063 3723 διὰ
3132 3678 3223 3723 τοῦ
3277 3675 3555 3742 στόματος.
3618 3676 3717 3723 Καὶ
3768 3676 3825 3724 τό

3718 3580 3829 3635 εἶτα

2222 3764 2310 3832 μὲν
2420 3761 2598 3823 ἔξωθεν
2688 3760 3132 3835 εἰσπορευόμενον,
3221 3760 3316 3822 ἐξω
3402 3760 3555 3812 πάλιν
3636 3768 3821 3833 χωρεῖ·

2142 3845 2187 3899 D
2221 3853 2278 3901 τό
2349 3847 2407 3902 δὲ
2456 3852 2642 3902 ἔσωθεν
2697 3848 3113 3925 ἐκπορευόμενον,
3164 3852 3267 3901 ἔσω
3324 3848 3475 3901 πάλιν
3532 3854 3691 3921 μένει,
3738 3854 3829 3901 καὶ

2222 3942 2436 4010 μιαίνει.

2296 4072 2384 4125 Ἐκ
2460 4102 2525 4112 -
2590 4070 2945 4144 βλασφημίαι.
3014 4070 3071 4123 Ὀ
3125 4068 3183 4124 δὲ
3256 4074 3464 4146 Μάρκος
3519 4069 3830 4144 πλατύτερον

2228 4161 2601 4234 ἂπαριθμεῖται
2704 4164 2792 4212 καὶ
2891 4162 3055 4233 ἓτερασ
3156 4159 3471 4229 πλεονεξίαν,
3557 4166 3833 4234 πονηρίαν,

2229 4248 2400 4320 δόλον,
2506 4249 2803 4321 ἀσελγειαν,
2914 4249 3175 4322 ὀφθαλμόν
3286 4254 3529 4324 πονηρόν,
3646 4252 3836 4323 ὑπερη-

2228 4345 2408 4413 φανίαν
2468 4344 2557 4392 καὶ
2647 4339 2961 4411 ἀφροσύνην·
3040 4343 3306 4411 συντόμως
3389 4335 3447 4391 δὲ
3512 4344 3601 4391 καὶ
3664 4338 3835 4399 ἁπλῶς

2227 4430 2405 4497 εἰπεῖν,
2465 4425 2802 4500 διαλογισμοὶ
2880 4432 2970 4499 μέν
3033 4428 3137 4480 εἰσι
3204 4433 3423 4500 πονηροὶ
3481 4431 3545 4480 τὰ
3605 4426 3839 4501 βλαϐερά

2226 4518 2583 4590 ἐνθυμήματα’
2626 4519 2651 4568 ό
2680 4514 2738 4569 δὲ
2769 4521 2931 4589 φόνος,
2985 4522 3073 4569 καὶ
3104 4518 3132 4573 ἠ
3181 4516 3373 4586 κλοπὴ,
3418 4522 3509 4571 καὶ
3562 4519 3590 4575 ἡ
3632 4513 3838 4588 ψευδο-

2224 4613 2509 4681 μαρτυρία,
2558 4612 2647 4658 καὶ
2732 4609 2761 4664 ἡ
2818 4606 3083 4668 πλεονεξία
3162 4610 3251 4657 καὶ
3332 4608 3357 4658 ὁ
3412 4603 3579 4673 δόλος,
3645 4611 3735 4658 καὶ
3801 4608 3832 4664 ἡ

2225 4698 2569 4771 ὑπερηφανία,
2627 4702 2884 4769 γνώριμα.
2946 4699 3179 4767 Μοιχεία
3223 4691 3282 4747 δέ
3340 4694 3452 4747 ἐστι
3510 4698 3569 4746 τό
3616 4696 3683 4755 εἰς
3740 4699 3836 4753 τὴν

2225 4781 2489 4857 ὖπανδρον
2542 4784 2656 4858 (87)
2707 4784 2958 4837 ἀπελθεῖν·
2999 4788 3211 4859 πορνεία
3264 4781 3323 4837 δὲ
3375 4787 3432 4835 τὸ
3491 4783 3557 4843 εἰς
3604 4787 3697 4841 τὴν
3756 4788 3831 4852 μὴ

2435 4885 2481 4918 ⁵³
2522 4882 2668 4938 ibid.
2713 4884 2800 4939 19.
2881 4884 2934 4918 ⁵⁸
2978 4883 3180 4939 Matth.
3222 4898 3348 4949 xui,
3387 4881 3475 4938 34.
3554 4882 3597 4915 ⁵⁷
3652 4883 3831 4936 Mare.

1692 5078 1910 5147 Variae
1950 5078 2281 5149 lectiones
2315 5087 2383 5147 et
2422 5089 2624 5146 notae.

523 5192 640 5263 (81)
674 5193 992 5267 Hentenius
1033 5193 1247 5267 omittit
1283 5192 1453 5267 ἀκμὴν
1484 5223 1553 5234 -
1578 5195 1674 5260 ἔτι,
1704 5194 1978 5267 relinqua
2011 5211 2113 5252 au-

455 5268 576 5317 tem
604 5279 740 5336 cum
771 5265 1042 5332 proximo
1072 5264 1297 5321 scholio
1320 5264 1644 5336 conjungit.

528 5335 642 5408 (.8?)
672 5337 1000 5408 Καθερίξων,
1036 5338 1101 5388 Α·

528 5402 644 5543 (83)
674 5402 1088 5477 Ἀπολιμπάνων,
1126 5414 1186 5459 Α.

554 5473 646 5543 84)
678 5475 908 5531 Inclusa
939 5478 1119 5533 habet
1144 5478 1186 5531 ir

554 5473 646 5615 84)
678 5473 908 5531 Inclusa
939 5473 1119 5533 habet
1144 5478 1203 5532 in
1243 5492 1436 5546 marg.
1470 5482 1528 5533 Β.

558 5546 621 5597 85
689 5552 901 5615 Κοπρὼν
934 5565 1055 5603 non
1098 5556 1187 5603 est
1223 5555 1462 5615 stercus,
1513 5567 1528 5604 1

505 5546 901 5624 .(85)_K07rpa3v
934 5565 1055 5603 non
1098 5556 1187 5603 est
1223 5555 1462 5624 stercus,
1513 5553 1575 5606 ut
1615 5551 1875 5609 reddidit
1915 5556 2119 5609 liente-

458 5618 612 5697 nius.
661 5618 807 5697 Nam
842 5618 1023 5697 idest
1064 5625 1276 5693 κόπρος.
1328 5621 1679 5697 εοᾱ-κομπρών
1730 5628 1818 5680 est
1857 5631 2121 5697 recepta-

458 5685 661 5741 culum
694 5688 983 5755 stercoris,
1013 5706 1135 5762 quo
1166 5685 1392 5749 stercus
1417 5685 1667 5764 ejicit'ur.

2290 5198 2405 5265 (86)
2449 5196 2877 5268 Ἐνθυμούμενος,
2904 5199 2970 5268 ΑΔ.

2298 5268 2409 5337 (87)
2455 5268 2539 5322 Ita
2572 5266 2818 5339 uterque
2849 5266 3059 5323 codex.
3088 5266 3383 5339 Atque‘ita
3401 5266 3579 5321 etiam
3606 5266 3838 5339 videtur

2224 5336 2796 5419 legisseHenteniuS,
2826 5338 3081 5419 φοί-προς
3108 5336 3238 5394 loco
3255 5336 3322 5397 εἰς
3338 5338 3644 5419 invenerit,
3669 5338 3839 5419 quod

2226 5412 2353 5481 ipse
2378 5410 2557 5465 etiam
2585 5410 2811 5465 malim.
2846 5409 2964 5464 Sed
2991 5409 3150 5465 idem
3174 5424 3311 5464 mox
3330 5411 3653 5481 reperitur.
3672 5409 3838 5465 Forte

2231 5480 2465 5533 ἀπελθεῖν
2492 5486 2835 5553 corruptum
2864 5486 2976 5553 est,
3000 5481 3187 5553 quod
3212 5496 3332 5535 non
3364 5481 3611 5536 memini
3640 5480 3838 5553 legere

2230 5554 2340 5608 hoc
2372 5569 2570 5608 sensu.
2605 5550 2828 5607 Deinde
2855 5552 2923 5613 εἰς
2954 5550 3193 5608 videtur
3222 5557 3430 5607 notare
3456 5566 3578 5607 non
3609 5552 3689 5607 ad
3730 5552 3839 5607 sed

2232 5630 2467 5697 contra,
2500 5628 2564 5679 ut
2588 5631 2851 5697 παροινεῖν
2885 5623 2982 5697 εἰς..
3008 5624 3255 5697 Rarorja
3279 5638 3702 5697 saepenumero
3724 5625 3840 5697 Eu-

2232 5696 2501 5767 thymius
2527 5694 2777 5752 adhibet
2813 5694 3132 5752 vocabula.
3175 5695 3342 5751 Forte
3366 5694 3607 5767 scripsit
3638 5694 3836 5747 ἀϐελτε-
