4108 6386
257 346 367 416 449

1235 352 1609 411 COMMENT.
1656 331 1726 406 IN
1767 332 2215 406 MATTH/EUM.
2258 380 2326 392 —
2366 349 2526 405 CAP.
2568 348 2685 405 xv.

3539 348 3646 405 450

262 486 497 557 ἔχουσαν
553 478 740 555 ἄνδρα·
786 480 1108 554 βλασφημία
1152 475 1211 531 δέ
1241 482 1299 531 τό
1326 478 1556 539 ὑϐρίζειν
1599 482 1686 530 τὸν
1719 480 1867 541 Θεὸν,

1994 480 2188 532 autem
2219 491 2349 530 esse
2380 478 2500 531 Deo
2531 474 3031 530 contumeliosum
3062 473 3152 528 vel
3183 473 3503 543 ingratum,
3540 477 3645 530 aut

262 578 291 633 ἡ
349 573 661 645 ἀχαριστεῖν
706 570 846 641 αὐτῷ
901 570 929 629 ἡ
988 570 1282 642 μέμφεσθαι
1335 572 1495 639 αὐτῷ·
1539 573 1763 641 πονηρία
1813 562 1871 619 δὲ

261 667 319 715 τό
378 662 589 734 μελετᾲν
644 661 756 732 (88)
808 661 945 711 κατά
996 678 1152 723 τινος,
1198 659 1225 717 ἦ
1280 657 1678 729 ὑπολαμϐάνειν,
1710 657 1745 708 ἃ
1797 661 1867 728 μὴ

266 756 377 826 χρὴ
438 755 555 823 περὶ
610 750 789 801 αὐτοῦ·
845 748 1087 820 ἀσελγεια
1142 744 1200 800 δε
1243 750 1271 805 η
1330 746 1715 819 ἀρσενοκοιτία,
1784 751 1871 798 καὶ

266 846 310 894 εἴ
379 861 433 892 τι
516 847 746 893 τοιοῦτον
821 838 1122 890 ἀκόλαστον
1207 837 1465 910 ὀφθαλμὸν
1535 834 1593 889 δὲ
1649 839 1871 910 πονηρὸν

266 930 489 983 ἐνταῦθα
544 930 699 1000 λέγει,
756 933 850 987 τὴν
902 927 1195 1001 βασκανίαν
1253 927 1367 998 (89)
1402 948 1414 960 ·
1477 925 1739 1000 ἀφροσύνη
1814 921 1874 977 δὲ

266 1026 459 1095 κυρίως
510 1022 568 1071 τὸ
627 1023 697 1091 μὴ
751 1014 942 1071 εἰδέναι
988 1023 1074 1069 τόν
1124 1021 1271 1071 Θεὸν.
1328 1014 1451 1069 Εἶπε
1515 1019 1638 1089 γάρ,
1690 1020 1868 1087 φησὶν,

266 1111 443 1181 ἄφρων
519 1108 566 1160 ἐν
621 1105 822 1183 καρδία
881 1107 1059 1159 αὑτοῦ·
1114 1106 1224 1159 Ούκ
1281 1108 1393 1158 ἔστι
1456 1110 1599 1170 Θεὸς,
1656 1105 1759 1157 εἰσὶ
1814 1101 1874 1156 δέ

265 1204 359 1251 καὶ
431 1200 600 1271 ἕτεραι
676 1202 856 1249 κακίαι
930 1216 1138 1270 μυριαι.
1195 1195 1448 1266 Παρίλιπε
1501 1192 1559 1247 δέ
1610 1202 1698 1245 νῦν
1757 1195 1870 1263 (90)

263 1290 457 1348 ταύτας
505 1289 531 1338 ὁ
583 1290 840 1359 Χριστὸς,
894 1282 987 1338 διὰ
1034 1290 1091 1337 τὸ
1144 1283 1316 1357 ἀρκεῖν
1365 1288 1430 1336 τὰ
1476 1285 1700 1358 ῥηθέντα
1746 1286 1871 1355 πρὸς

262 1382 359 1436 τὴν
413 1374 662 1429 κάκείνων
718 1372 1026 1446 διάγνωσιν.
1069 1382 1248 1427 Ταῦτα
1308 1370 1366 1425 δέ
1417 1375 1586 1425 πάντα
1658 1370 1710 1423 ἐκ
1780 1380 1872 1430 τῆς

264 1463 489 1541 καρδίας
521 1463 657 1517 εἶπεν
703 1463 1030 1539 ἐξέρχεσθαι,
1066 1461 1205 1516 διότι
1248 1465 1343 1524 τὰς
1380 1461 1554 1536 ἀρχὰς
1611 1461 1664 1523 εξ
1707 1460 1871 1521 αὐτῆς

264 1560 506 1628 ἔχουσιν.
584 1554 778 1628 Ἀρχαὶ
858 1557 959 1627 γάρ
1041 1556 1233 1605 τούτων
1301 1555 1355 1603 αἰ
1422 1551 1748 1624 ἐνθυμήσεις,
1815 1550 1871 1610 ἃς

263 1648 292 1704 ἡ
348 1641 549 1720 καρδία
620 1643 876 1715 πηγάζειν
927 1644 1117 1697 εὶωθεν.
1174 1640 1318 1695 Ἐπεὶ
1378 1638 1435 1693 δὲ
1492 1643 1547 1693 ἐκ
1597 1650 1694 1701 τῆς
1741 1632 1945 1715 καροΒ

264 1731 383 1794 δίας
452 1732 796 1807 ἐξέρχονται,
875 1734 1080 1793 πάντως
1144 1736 1234 1783 καὶ
1301 1730 1355 1782 ἐκ
1422 1736 1515 1782 τοῦ
1593 1735 1869 1803 στόματος,

263 1824 387 1876 ὅταν
465 1822 897 1895 ὑπερϐλυσάντων
953 1821 1106 1892 (91)
1164 1819 1211 1872 ἐν
1286 1828 1347 1892 τῇ
1426 1816 1660 1893 καρδίᾳ,
1718 1815 1873 1876 δίκην

261 1920 491 1985 πονηροῦ
575 1918 801 1985 χυμοῦ,
851 1913 909 1963 τὸ
988 1916 1287 1983 περιττεῦον
1351 1908 1687 1981 ἐξεμεσθῆναι
1756 1906 1874 1980 βιά-

266 2021 445 2061 σηται.

332 2115 514 2162 Ταῦτα
583 2140 649 2149 -
726 2105 1014 2182 ἄνθρωπον,
1073 2110 1333 2167 Μαθὸντες
1404 2103 1511 2164 ἤδη
1578 2110 1667 2157 καὶ
1725 2107 1872 2176 ἡμεῖς

260 2199 330 2249 τὰ
403 2201 672 2267 μιαίνοντα
764 2200 850 2249 τὸν
926 2197 1194 2271 ἄνθρωπον
1224 2240 1240 2265 ,
1314 2198 1509 2252 ταύτην
1595 2196 1699 2268 οἷρα
1779 2198 1872 2252 την

264 2286 531 2359 ῥυπαρίαν
607 2284 1012 2360 ἀπορῥὶψωμεν,
1068 2290 1156 2344 τὴν
1221 2281 1546 2343 κηλιδοῦσαν
1612 2288 1706 2341 τὴν
1772 2282 1873 2353 ψυ-

263 2378 399 2444 χήν.
461 2373 573 2426 Ἐὰν
614 2375 715 2447 γὰρ
775 2373 909 2435 ὅλοις
980 2380 1235 2447 ποταμοῖς
1304 2376 1360 2424 τὸ
1438 2381 1591 2445 σῶμα
1658 2371 1868 2444 λούσης,

260 2459 418 2514 οὐδὲν
479 2462 697 2534 ὄφελος,
770 2461 1068 2536 ἀκαθάρτου
1151 2465 1410 2535 μενούσης
1490 2462 1684 2526 αὐτῆς,
1759 2466 1872 2523 ἣτις

259 2548 426 2603 ὕδατι
500 2547 742 2625 δακρύων
823 2556 914 2605 καὶ
980 2554 1292 2627 καθαρσίοις
1356 2554 1547 2626 ἀρετῶν
1633 2549 1874 2603 ἀπολούε-

260 2660 372 2694 ται.

1984 564 2153 620 illum
2171 580 2453 619 accusare
2487 582 2497 630 ;
2529 564 2751 619 malitia
2776 567 2864 619 est
2884 563 3143 631 cogitare
3168 562 3327 617 mala
3355 563 3643 618 adversus

1986 653 2266 724 aliquem.
2308 658 2409 708 aut
2449 652 2738 724 suspicari
2779 651 2847 706 de
2890 652 2987 706 illo
3032 667 3168 723 quae
3205 666 3326 706 non
3373 656 3638 722 oportet:

1986 740 2354 811 impudicitia
2398 747 2486 794 est
2533 740 2885 795 concubitus
2926 756 3063 794 cum
3127 739 3415 802 masculo,
3463 744 3566 794 aut
3596 740 3644 793 si

1986 846 2120 901 quae
2147 829 2599 899 esthujusmodi
2634 828 3158 898 lascivia;oculum
3192 833 3391 883 autem
3413 828 3643 883 malum

1986 925 2156 973 vocat
2190 919 2472 974 invidiam
2507 936 2520 985 ;
2554 918 2799 973 stultitia
2828 933 2970 973 vero
2998 917 3237 989 proprie
3256 922 3475 972 estnon
3507 932 3643 972 nos-

1988 1023 2049 1062 se
2083 1010 2266 1063 Deum
2299 1009 2501 1064 :Dixit
2521 1008 2757 1074 stultus,
2779 1007 2971 1079 inquit
2993 1006 3057 1061 in
3082 1006 3252 1062 corde
3267 1006 3532 1071 suo,Non
3560 1011 3643 1061 est

1986 1098 2144 1152 Deus
2174 1098 2241 1151 ⁵⁸.
2278 1098 2425 1153 Sunt
2460 1102 2658 1152 autem
2691 1101 2749 1151 et
2777 1095 2897 1150 alia
2940 1095 3101 1150 mala
3153 1095 3469 1150 innumera
3508 1108 3643 1166 quas

1985 1201 2147 1241 nunc
2190 1185 2573 1256 praetermisit
2604 1183 2892 1250 Christus,
2945 1200 3015 1239 eo
3040 1184 3205 1256 quod
3245 1182 3547 1238 sufﬁciant
3575 1198 3646 1239 ea

1986 1289 2122 1345 quae
2153 1274 2305 1329 dicta
2332 1280 2493 1336 sunt,
2526 1273 2605 1328 ad
2636 1274 2984 1328 habendam
3024 1273 3195 1327 etiam
3229 1272 3467 1327 illorum
3490 1272 3644 1327 noti-

1987 1362 2149 1418 tiam.
2180 1362 2308 1418 Haec
2350 1378 2493 1433 ergo
2524 1379 2560 1418 a
2590 1362 2768 1418 corde
2799 1362 2946 1417 dixit
2970 1362 3192 1429 egredi,
3247 1361 3539 1432 quoniam
3566 1360 3644 1417 ab

1985 1452 2085 1507 illo
2129 1452 2483 1524 principium
2526 1452 2771 1508 habent.
2817 1451 3038 1506 Horum
3100 1457 3298 1505 autem
3352 1450 3646 1521 principia

1986 1540 2483 1613 concupiscentiae
2513 1545 2670 1609 sunt,
2698 1557 2829 1613 quae
2861 1556 2896 1595 a
2919 1541 3094 1595 corde
3118 1540 3309 1595 solent
3338 1554 3643 1594 emanare.

1987 1632 2137 1697 Quia
2167 1646 2310 1686 vero
2345 1646 2379 1686 a
2400 1630 2599 1695 corde,
2619 1631 2869 1686 omnino
2900 1631 3075 1685 etiam
3103 1631 3180 1685 ab
3206 1645 3308 1685 ore
3334 1629 3647 1699 egrediun-

1986 1725 2136 1775 tur:
2207 1720 2451 1793 quando
2501 1720 2566 1775 in
2642 1719 2820 1775 corde
2887 1719 3219 1774 ebulliendo
3276 1719 3335 1773 in
3394 1718 3647 1774 modum

1987 1809 2130 1865 mali
2205 1808 2497 1873 humoris,
2590 1810 2755 1882 quod
2832 1808 3207 1881 superﬂuum
3276 1812 3361 1863 est
3447 1806 3647 1864 evomi

1988 1899 2237 1968 cogitur.

2063 2149 2221 2202 Vers.
2288 2149 2384 2203 20.
2448 2148 2586 2201 Haec
2633 2177 2701 2185 —
2765 2146 3056 2201 hominem.
3111 2145 3371 2201 Scientes
3434 2150 3488 2201 et
3534 2161 3647 2202 nos

1987 2236 2269 2308 deinceps
2305 2252 2441 2307 quae
2475 2236 2591 2291 sint
2617 2251 2687 2291 ea
2719 2252 2855 2307 quae
2885 2235 3193 2291 hominem
3218 2236 3645 2303 contaminant,

1986 2327 2145 2382 hanc
2163 2341 2304 2381 sane
2321 2326 2768 2381 immunditiam
2787 2325 3167 2395 abjiciamus,
3189 2342 3324 2398 quae
3340 2324 3647 2380 sordidam

1988 2415 2181 2471 reddit
2211 2415 2499 2471 animam.
2534 2415 2594 2469 Si
2644 2416 2802 2469 enim
2837 2416 2967 2485 ipsa
3010 2414 3082 2469 sit
3111 2414 3369 2486 impura,
3421 2414 3649 2470 etiamsi

1988 2504 2121 2559 totis
2151 2502 2505 2558 ﬂuminibus
2535 2519 2754 2574 corpus
2786 2502 3025 2567 laveris,
3049 2502 3191 2557 nihil
3216 2502 3320 2557 tibi
3347 2502 3645 2574 proderit;

1987 2592 2088 2648 illa
2117 2608 2276 2656 vero,
2336 2608 2497 2664 aqua
2539 2593 2940 2663 lacrymarum
2974 2596 3030 2647 et
3077 2591 3491 2663 puriﬁcatione
3537 2591 3644 2646 vir-

1988 2685 2183 2736 tutum
2207 2680 2484 2735 abluitur.

1907 2769 1948 2825 C
2056 2786 2218 2843 CAP.
2260 2788 2444 2841 XXIX.
2474 2787 2558 2841 De
2582 2786 2931 2843 Phaenicissa
2959 2789 3070 2840 sive
3104 2786 3459 2843 Chananwa.

593 2841 745 2894 ΚΕΦ.
787 2841 893 2903 ΚΘ,
927 2840 1052 2909 Περὶ
1100 2843 1194 2898 τῆς
1224 2840 1541 2895 Χαναναίας.

340 2929 442 2978 Καὶ
493 2956 562 2965 —
614 2922 857 2986 Σιδῶνος.
897 2926 1065 2977 Αὖται
1122 2926 1177 2977 αἱ
1224 2925 1394 2987 πόλεις
1424 2934 1523 2976 τῶν
1568 2926 1872 2978 Χαναναίων

268 3011 425 3072 ἦσαν.
507 3021 628 3075 Πῶς
694 3011 802 3081 οὖν,
870 3022 975 3075 τοῖς
1035 3016 1296 3087 μαθηταῖς
1382 3013 1744 3086 ἐντειλάμενος,
1806 3010 1874 3071 εἰς

262 3100 389 3155 ὁδὸν
416 3102 571 3156 ἐθνῶν
601 3107 673 3175 μὴ
728 3102 981 3169 ἀπελθεῖν,
1017 3103 1173 3165 αὐτὸς
1212 3104 1459 3174 ἄπεισιν;
1512 3102 1623 3155 Ούκ
1679 3101 1876 3160 ἀπῆλθε

262 3192 521 3265 κηρύξων⁹
606 3192 679 3253 εἰς
744 3199 898 3245 τοῦτο
971 3194 1073 3264 γὰρ
1127 3196 1218 3244 καὶ
1268 3196 1390 3253 τούς
1451 3193 1688 3263 μαθητὰς
1747 3191 1874 3243 ἐκω-

258 3281 435 3333 λυσεν·
503 3280 631 3333 ἀλλά
707 3281 860 3334 θέλων
935 3277 1186 3333 ἀδειάσαι
1239 3281 1356 3353 (92)
1396 3282 1601 3354 μικρόν.
1650 3284 1736 3334 Διὸ
1786 3287 1875 3333 καὶ

260 3373 392 3442 μετά
449 3373 506 3423 τὸ
557 3368 790 3423 ἀπελθεῖν
823 3412 835 3435 ,
886 3373 954 3432 ὡς
1013 3372 1038 3421 ὁ
1096 3372 1311 3445 Μάρκος
1386 3370 1519 3423 εἶπεν
1556 3412 1569 3435 ,
1635 3370 1877 3423 εἰσελθὼν

261 3464 337 3521 είς
384 3458 498 3531 (93)
542 3459 732 3528 οἰκίαν,
764 3458 952 3512 ούὸένα
976 3459 1122 3517 ἤθελε
1150 3468 1360 3531 γνῶναι,
1396 3464 1485 3512 καὶ
1514 3459 1607 3512 οὐκ
1635 3456 1875 3518 ἠδυνήθη

262 3548 459 3602 λαθεῖν.

341 3660 441 3707 Κὰὶ
471 3685 541 3694 -
594 3654 757 3709 αὐτῶ.
798 3653 856 3706 Ὁ
910 3651 969 3706 δὲ
1011 3656 1225 3729 Μάρκος
1255 3658 1433 3726 φησίν·
1472 3654 1568 3707 Ἦν
1601 3652 1711 3715 δ’εή
1745 3662 1875 3728 γυνὴ

260 3743 513 3807 Ἑλληνίς,
592 3747 747 3818 Σύρα,
836 3747 1144 3797 Φοινίκισσα
1213 3752 1285 3795 τῶ
1358 3749 1512 3815 γένει,
1590 3750 1874 3814 τουτέστιν,

262 3832 497 3894 Ἑλληνίς
550 3836 639 3904 μὲν
691 3836 786 3891 τὴν
844 3834 1122 3905 θρησκείαν
1180 3835 1317 3906 Σύρα
1375 3830 1434 3885 δὲ
1483 3841 1545 3905 τῇ
1600 3830 1876 3907 διαλέκτῳ,

2056 2894 2217 2949 Vers.
2245 2895 2336 2950 2t.
2364 2894 2440 2948 Et
2466 2924 2533 2934 —
2559 2892 2817 2948 Sidonis.
2864 2894 2962 2947 Hae
3007 2892 3278 2947 civitates
3306 2892 3646 2949 Chananaeo

1984 2998 2119 3038 rum
2146 2986 2335 3039 erant.
2369 2982 2684 3045 Quomodo
2715 2996 2856 3050 ergo
2888 2982 2990 3053 qui
3023 2980 3330 3052 discipulis
3363 2982 3649 3053 praecepit

1983 3088 2059 3127 ne
2098 3072 2157 3126 in
2193 3072 2352 3125 viam
2382 3070 2632 3139 gentiam
2662 3070 2892 3125 abirent
2917 3070 2984 3135 ⁵³,
3018 3069 3144 3139 ipse
3176 3069 3344 3123 abit?
3366 3074 3492 3125 Non
3523 3070 3648 3127 abit

1984 3160 2439 3232 praedicaturus,
2476 3158 2582 3214 sed
2618 3162 2680 3214 ut
2710 3157 3023 3230 paululum
3055 3159 3475 3229 requiesceret.
3506 3158 3646 3215 Ideo

1985 3250 2165 3305 etiam
2196 3253 2519 3320 postquam
2547 3246 2806 3309 abiisset,
2838 3248 3147 3316 ingressus
3168 3250 3441 3313 domum,
3471 3251 3653 3319 prout

1988 3341 2215 3395 Marcus
2257 3337 2335 3392 ait
2378 3338 2446 3403 ⁸ο,
2485 3337 2789 3392 neminem
2841 3336 2987 3391 scire
3039 3335 3249 3400 voluit,
3292 3351 3402 3391 nec
3453 3335 3650 3408 potuit

1987 3428 2188 3484 latere.

2063 3659 2219 3713 Vers.
2247 3659 2337 3712 22.
2372 3658 2437 3712 Et
2463 3687 2532 3695 -
2557 3672 2634 3713 an
2665 3671 2814 3713 eum.
2847 3660 3072 3713 Marcus
3112 3657 3194 3712 ait
3227 3674 3239 3711 :
3285 3657 3439 3711 Erta
3467 3664 3647 3711 autme

1987 3748 2206 3804 mulier
2238 3747 2443 3802 Grtaca.
2487 3750 2663 3816 Syra,
2723 3746 3110 3811 Phcenicissa,
3160 3746 3275 3801 hoc
3308 3750 3395 3801 est
3441 3745 3648 3803 Graeca

1988 3836 2231 3909 quidem
2276 3835 2579 3906 religione,
2639 3837 2786 3907 Syra
2822 3852 2965 3891 vero
3002 3835 3232 3904 lingua.
3294 3835 3648 3890 Phoenicissa

264 3926 577 3976 Φοινίκισσα
630 3918 689 3974 δὲ
738 3930 812 3992 τῷ
860 3925 1031 3993 γένει,
1090 3924 1257 3973 εἶτουν
1310 3930 1382 3992 τῷ
1440 3924 1589 3977 ἔθνει.
1652 3929 1875 3986 Φοίνικες

1994 3906 2129 3981 vero
2152 3940 2368 3995 genere
2399 3925 2521 3979 sive
2549 3906 2741 3994 gente.
2777 3924 3080 3980 Phcenices
3127 3924 3283 3979 enim
3343 3923 3646 3979 Chananaa

260 4013 367 4083 γὰρ
428 4013 478 4063 οἱ
532 4017 818 4063 Χαναναῖοι
888 4010 1120 4080 ἐλέγοντο
1152 4050 1165 4073 ,
1245 4006 1339 4062 διά
1415 4015 1471 4062 τὸ
1557 4014 1876 4086 μητρόπολιν

260 4102 406 4172 ἴχειν
480 4104 574 4158 την
630 4105 891 4158 Φοινίκην.
950 4099 1255 4154 Ἀκούσασα
1306 4098 1369 4154 δὲ
1419 4101 1582 4155 πάλαι
1635 4107 1726 4177 μὲν
1782 4110 1876 4163 τὴν

259 4195 439 4261 φήμην
494 4189 672 4257 αὐτοῦ,
721 4197 809 4242 νῦν
862 4186 941 4257 δὲ,
996 4191 1077 4242 ὅτι
1137 4190 1251 4262 (94)
1302 4187 1711 4265 ἐπιδεδήμηκεν,
1769 4192 1877 4245 ἀνι-

255 4298 391 4351 χνευ
399 4298 483 4331 σεν
516 4279 688 4334 αὐτόν.

332 4403 473 4477 [(95)
521 4404 956 4480 Συροφοινίκισσα
1004 4404 1126 4477 ’(96)
1176 4406 1316 4457 ἐστιν
1360 4408 1391 4464 ἡ
1441 4406 1662 4461 ἑκάστου
1691 4408 1871 4481 ψυχὴ,

254 4497 488 4565 ἔχουσα,
548 4496 781 4567 καθάπερ
840 4497 1120 4567 θυγατέρα,
1168 4499 1261 4553 τὴν
1323 4492 1557 4549 διάνοιαν
1618 4518 1873 4571 κεκρατη-

254 4586 416 4655 μένην
469 4590 532 4655 τῇ
587 4582 732 4656 φιλία
776 4592 868 4645 τῆς
899 4583 1048 4652 ὕλης,
1098 4589 1187 4637 καὶ
1219 4580 1312 4638 διὰ
1359 4594 1511 4639 τοῦτο
1543 4586 1874 4646 ἐπιληπτευο-

255 4676 414 4744 μίνην
438 4677 528 4725 καὶ
553 4668 1064 4747 διαρῥησσομένην,]

336 4770 384 4805 ⁵⁸
418 4769 577 4828 Psal.
607 4786 725 4838 xm,
765 4772 812 4826 1.
891 4772 939 4807 ⁵³
974 4772 1177 4829 Matth.
1204 4789 1263 4838 x,
1297 4778 1348 4829 5.
1427 4775 1476 4810 ⁸ο
1496 4776 1670 4831 Marc.
1700 4792 1797 4845 νη,
1822 4780 1911 4833 24.

1986 4015 2349 4076 dicebantur,
2388 4029 2454 4067 eo
2481 4012 2647 4085 quod
2682 4013 3060 4085 metropolim
3084 4013 3429 4068 Phoenicem
3460 4011 3643 4068 habe-

1985 4107 2135 4159 rent.
2178 4105 2306 4157 Haec
2334 4116 2475 4173 ergo
2503 4117 2641 4157 cum
2669 4101 2897 4157 famam
2927 4101 3172 4173 quidem
3197 4101 3473 4173 ejusjam
3499 4101 3645 4157 olim

1985 4191 2273 4257 audisset,
2320 4206 2483 4247 nunc
2512 4206 2654 4247 vero
2708 4189 2873 4263 quod
2919 4205 2988 4246 eo
3046 4191 3413 4254 accessisset,
3442 4196 3647 4248 secuta

1986 4284 2075 4339 est
2102 4281 2233 4353 ejus
2261 4280 2532 4350 vestigia.

2056 4408 2099 4477 ἦ·
2134 4405 2660 4478 SyraPhoenicissa
2686 4410 2770 4461 est
2802 4405 3099 4476 cujusque
3131 4403 3352 4470 anima,
3381 4409 3644 4460 mentem

1986 4495 2167 4569 quasi
2198 4495 2386 4551 ﬁliam
2417 4494 2673 4558 habens,
2702 4510 2837 4567 quas
2866 4494 3124 4550 materias
3148 4499 3377 4549 tenetur
3402 4508 3641 4562 amore;

1986 4591 2044 4643 et
2073 4586 2208 4641 ideo
2262 4582 2547 4641 comitiali
2598 4584 2814 4639 morbo
2879 4582 3123 4648 laborat,
3180 4600 3250 4639 ac
3298 4582 3647 4639 discruciari

1988 4676 2222 4733 dicitur.

1993 4779 2014 4813 δ
2045 4774 2189 4831 ibid.
2229 4773 2323 4830 26.

1520 4881 2084 4953 Variaelectiones
2107 4892 2169 4951 et
2188 4890 2391 4948 nota.

254 5000 391 5077 3e53,
421 4994 595 5066 cujus
621 5000 829 5077 tamen
848 4996 1138 5077 exempla
1166 4996 1401 5077 ignoro,
1422 4998 1540 5077 etsi
1569 5003 1711 5077 nota
1737 5006 1876 5077 sunt

259 5065 554 5139 ἀϐέλτερος,
612 5066 912 5139 ἀϐελτηρία.
963 5065 1056 5108 -“
1100 5065 1216 5123 Ad-
1264 5071 1562 5125 vocabula
1639 5070 1873 5126 ἀπελθεῖν

259 5086 554 5139 αοελτερος,
612 5086 912 5193 αοελτηρια.
963 5098 1034 5108 -
1100 5086 1189 5123 Λα
1264 5086 1562 5125 vocabula
1639 5086 1873 5126 ἀπελθεῖν

258 5137 335 5220 εἰς
364 5142 509 5220 noto
538 5143 803 5220 tantum‘
823 5155 1011 5220 ocum
1031 5140 1154 5220 fere
1184 5141 1449 5220 similem
1471 5157 1653 5213 supra
1693 5160 1747 5216 p.
1781 5146 1873 5220 25,

389 5209 475 5287 ibi
512 5214 620 5287 _e_st,
667 5210 874 5270 εἰσῆλθε
918 5216 1050 5286 πρὸς
1093 5212 1278 5278 αὐτὴν,
1312 5217 1380 5275 ὡς
1407 5213 1480 5275 εἰς
1527 5209 1740 5287 πόρνην,
1775 5218 1875 5274 Ex

257 5282 593 5338 Addendis.

332 5354 449 5424 (88)
494 5352 847 5427 ‘Hentenius,
902 5355 1085 5410 mala.
1141 5356 1383 5413 Videtur
1413 5372 1556 5427 ergo
1582 5358 1872 5416 excidisse

254 5428 417 5489 κακά,
452 5424 531 5480 ob
563 5425 900 5495 proximum
937 5428 1088 5481 κατὰ.

480 5497 706 5571 Omittit
737 5497 924 5552 codex
958 5499 996 5551 Β
1023 5502 1117 5557 τὴν
1151 5496 1466 5571 βασκανίαν.

357 5568 447 5633 90)
478 5575 607 5633 Νῦν,
642 5568 813 5623 abest
834 5570 897 5622 A.

357 5570 425 5623 90
478 5575 607 5633 Νῦν,
642 5570 873 5623 abestA

331 5570 447 5712 (91)
472 5639 661 5712 γΙΠζΘΙΙ.
698 5639 887 5712 αὐτων,

330 5708 443 5785 (92)
470 5709 744 5782 Ἀδιάσαι,
770 5717 833 5768 Α.
875 5708 1189 5780 Ἀδειάζειν,
1223 5716 1390 5787 quod
1420 5730 1558 5774 raro
1597 5715 1872 5788 occurrit,

1984 5006 2071 5056 est
2115 5015 2188 5055 ex
2218 4995 2411 5068 ἄδεια,
2443 4999 2732 5068 notatque
2781 4992 2965 5049 ἄδειαν
3024 5000 3186 5068 ἔχειν,
3219 4997 3266 5048 ἓν
3325 4994 3478 5068 adsto:
3526 4993 3643 5068 ζῇν.

1986 5017 2071 5056 est
2115 5017 2188 5055 ex
2218 5017 2394 5065 αοεια,
2443 5017 2732 5068 nouitque
2781 5017 2965 5049 ασειαν
3024 5018 3046 5049 ε
3095 5017 3186 5063 ειν,
3219 5017 3266 5048 εν
3325 5017 3478 5049 ασεια
3526 5017 3643 5068 θην.

1986 5073 2108 5127 Hoc
2156 5072 2289 5126 loco
2346 5065 2529 5122 ἄδειαν
2582 5070 2926 5140 πραγμάτων,
2990 5017 3173 5122 (igitur
3207 5076 3298 5121 τοῦ
3365 5065 3646 5121 διδάσκειν

1986 5147 2147 5217 ἔχειν·

2059 5214 2171 5341 (93)
2212 5211 2343 5294 Την,
2376 5210 2541 5283 quod
2572 5210 2845 5283 vulgares
2877 5210 3171 5268 aditiones
3200 5210 3435 5275 habent,
3472 5209 3644 5266 omit-

2078 5302 2136 5341 in
2170 5301 2233 5340 ra
2263 5301 2321 5339 in
2351 5287 2649 5339 contextu.

1985 5287 2051 5343 tit
2072 5285 2233 5341 infra
2263 5285 2321 5339 in
2351 5287 2649 5339 contextu.

2058 5358 2170 5429 (94)
2201 5356 2319 5408 ’Ὁτι
2348 5355 2526 5411 habet
2546 5360 2788 5429 uterque
2828 5353 3037 5409 codex.
3068 5357 3146 5410 Ne
3174 5369 3312 5429 ergo
3342 5354 3477 5426 quis
3501 5368 3644 5429 con-

1983 5424 2160 5500 jiciat
2209 5430 2307 5494 ὅτε,
2354 5444 2426 5482 ex
2471 5424 2876 5500 superioribus
2927 5424 3441 5496 repetendu'm,’rb
3491 5424 3643 5476 ἀκού-

1992 5495 2155 5569 σασα,
2192 5504 2256 5555 ut
2280 5500 2372 5569 sit,
2405 5506 2491 5549 νῦν
2520 5495 2579 5550 6‘}.-
2600 5496 2897 5561 ἀκούσασα,
2952 5495 3047 5550 ὅτι.

2061 5574 2173 5641 (95)
2202 5568 2363 5637 Quae
2384 5570 2757 5635 inclusimus,
2790 5584 2861 5624 ea
2894 5571 2932 5623 Β
2962 5568 3144 5625 habet
3181 5569 3238 5625 ἱη
3256 5569 3541 5641 margine.

2061 5576 2151 5640 (95
2202 5574 2345 5637 Qua:
2384 5574 2683 5625 inclusimt

2058 5574 2174 5716 (96)
2204 5648 2290 5700 lta
2328 5642 2427 5700 alii
2456 5642 2683 5713 legunt.
