  <div class='ocr_page' id='page_1' title='image "/cluster/home/n/w/nwhite01/storage/ocr_20150623/129/coo.31924054870344/235.png"; bbox 0 0 4108 6394; ppageno 0'>
   <div class='ocr_carea' id='block_1_1' title="bbox 434 300 3817 366">
    <p class='ocr_par' dir='ltr' id='par_1_1' title="bbox 434 300 3817 366">
     <span class='ocr_line' id='line_1_1' title="bbox 434 300 3817 366; baseline -0.001 -2"><span class='ocrx_word' id='word_1_1' title='bbox 434 306 533 366; x_wconf 67' lang='lat'>451</span> <span class='ocrx_word' id='word_1_2' title='bbox 1758 307 2101 363; x_wconf 81' lang='lat' dir='ltr'>EUTHYMlI</span> <span class='ocrx_word' id='word_1_3' title='bbox 2153 300 2485 361; x_wconf 78' lang='lat' dir='ltr'>ZIGABENI</span> <span class='ocrx_word' id='word_1_4' title='bbox 3714 302 3817 361; x_wconf 75' lang='lat'>452</span> 
     </span>
    </p>
   </div>
   <div class='ocr_carea' id='block_1_2' title="bbox 504 424 3823 505">
    <p class='ocr_par' dir='ltr' id='par_1_2' title="bbox 504 424 3823 505">
     <span class='ocr_line' id='line_1_2' title="bbox 504 424 3823 505; baseline -0.005 -17"><span class='ocrx_word' id='word_1_5' title='bbox 504 434 779 490; x_wconf 71' lang='lat' dir='ltr'>Vers.22.</span> <span class='ocrx_word' id='word_1_6' title='bbox 800 433 1797 505; x_wconf 69' lang='lat' dir='ltr'>Dz&#39;cens:—torquetur.l“iliaquae</span> <span class='ocrx_word' id='word_1_7' title='bbox 1818 434 2093 488; x_wconf 68' lang='grc'><strong>011001110-</strong></span> <span class='ocrx_word' id='word_1_8' title='bbox 2127 434 2172 487; x_wconf 90' lang='lat' dir='ltr'><strong>A</strong></span> <span class='ocrx_word' id='word_1_9' title='bbox 2275 434 2520 502; x_wconf 86' lang='grc' dir='ltr'>Λέγουσα</span> <span class='ocrx_word' id='word_1_10' title='bbox 2561 459 2629 469; x_wconf 91' lang='grc'><strong><em>-</em></strong></span> <span class='ocrx_word' id='word_1_11' title='bbox 2697 425 3076 500; x_wconf 83' lang='grc' dir='ltr'>δαιμονίζεται.</span> <span class='ocrx_word' id='word_1_12' title='bbox 3141 432 3246 485; x_wconf 79' lang='grc' dir='ltr'>Τὴν</span> <span class='ocrx_word' id='word_1_13' title='bbox 3307 428 3570 500; x_wconf 85' lang='grc' dir='ltr'>θυγατέρα</span> <span class='ocrx_word' id='word_1_14' title='bbox 3627 424 3823 502; x_wconf 77' lang='grc' dir='ltr'>δαιμο-</span> 
     </span>
    </p>
   </div>
   <div class='ocr_carea' id='block_1_3' title="bbox 427 514 2049 595">
    <p class='ocr_par' dir='ltr' id='par_1_3' title="bbox 427 521 2049 595">
     <span class='ocr_line' id='line_1_3' title="bbox 427 521 2049 595; baseline -0.001 -16"><span class='ocrx_word' id='word_1_15' title='bbox 427 524 528 579; x_wconf 87' lang='grc'><strong>1110</strong></span> <span class='ocrx_word' id='word_1_16' title='bbox 543 523 1161 595; x_wconf 87' lang='lat' dir='ltr'>torquebaturrelicta,</span> <span class='ocrx_word' id='word_1_17' title='bbox 1182 539 1252 578; x_wconf 93' lang='lat' dir='ltr'>eo</span> <span class='ocrx_word' id='word_1_18' title='bbox 1265 521 1427 593; x_wconf 91' lang='lat' dir='ltr'>quod</span> <span class='ocrx_word' id='word_1_19' title='bbox 1448 523 1704 577; x_wconf 85' lang='lat' dir='ltr'>omnino</span> <span class='ocrx_word' id='word_1_20' title='bbox 1731 538 1909 577; x_wconf 90' lang='lat' dir='ltr'>sensu</span> <span class='ocrx_word' id='word_1_21' title='bbox 1931 539 2049 577; x_wconf 65' lang='lat' dir='ltr'>care</span> 
     </span>
    </p>
   </div>
   <div class='ocr_carea' id='block_1_4' title="bbox 2191 514 3813 595">
    <p class='ocr_par' dir='ltr' id='par_1_4' title="bbox 2202 514 3813 592">
     <span class='ocr_line' id='line_1_4' title="bbox 2202 514 3813 592; baseline 0 -21"><span class='ocrx_word' id='word_1_22' title='bbox 2202 521 2471 592; x_wconf 78' lang='grc' dir='ltr'>νιζομενην</span> <span class='ocrx_word' id='word_1_23' title='bbox 2514 517 2862 583; x_wconf 71' lang='grc' dir='ltr'>ἀπολιποῦσα,</span> <span class='ocrx_word' id='word_1_24' title='bbox 2908 514 3002 570; x_wconf 83' lang='grc' dir='ltr'>διά</span> <span class='ocrx_word' id='word_1_25' title='bbox 3043 520 3099 569; x_wconf 86' lang='grc' dir='ltr'>τὸ</span> <span class='ocrx_word' id='word_1_26' title='bbox 3151 514 3407 577; x_wconf 75' lang='grc' dir='ltr'>παντελῶς</span> <span class='ocrx_word' id='word_1_27' title='bbox 3456 515 3813 589; x_wconf 86' lang='grc' dir='ltr'>ἀναισθητεῖν,</span> 
     </span>
    </p>
   </div>
   <div class='ocr_carea' id='block_1_5' title="bbox 424 602 2046 685">
    <p class='ocr_par' dir='ltr' id='par_1_5' title="bbox 424 612 2044 684">
     <span class='ocr_line' id='line_1_5' title="bbox 424 612 2044 684; baseline -0.002 -17"><span class='ocrx_word' id='word_1_28' title='bbox 424 617 531 676; x_wconf 84' lang='lat' dir='ltr'>ret,</span> <span class='ocrx_word' id='word_1_29' title='bbox 548 613 810 683; x_wconf 87' lang='lat' dir='ltr'>seipsam</span> <span class='ocrx_word' id='word_1_30' title='bbox 826 612 1226 684; x_wconf 83' lang='lat' dir='ltr'>profertquasi</span> <span class='ocrx_word' id='word_1_31' title='bbox 1245 612 1784 682; x_wconf 84' lang='lat' dir='ltr'>maximeindigeat</span> <span class='ocrx_word' id='word_1_32' title='bbox 1800 618 1862 667; x_wconf 88' lang='lat' dir='ltr'>ut</span> <span class='ocrx_word' id='word_1_33' title='bbox 1878 612 1970 667; x_wconf 91' lang='lat' dir='ltr'>sui</span> <span class='ocrx_word' id='word_1_34' title='bbox 1996 628 2044 664; x_wconf 77' lang='lat' dir='ltr'>ui</span> 
     </span>
    </p>
   </div>
   <div class='ocr_carea' id='block_1_6' title="bbox 2186 602 3808 685">
    <p class='ocr_par' dir='ltr' id='par_1_6' title="bbox 2200 602 3808 685">
     <span class='ocr_line' id='line_1_6' title="bbox 2200 602 3808 685; baseline -0.001 -23"><span class='ocrx_word' id='word_1_35' title='bbox 2200 616 2495 685; x_wconf 77' lang='grc' dir='ltr'>πρόσεισιν,</span> <span class='ocrx_word' id='word_1_36' title='bbox 2551 608 2739 666; x_wconf 74' lang='grc' dir='ltr'>ἑαυτὴν</span> <span class='ocrx_word' id='word_1_37' title='bbox 2800 607 3071 667; x_wconf 78' lang='grc' dir='ltr'>ἐλεηθῆναι</span> <span class='ocrx_word' id='word_1_38' title='bbox 3145 606 3379 676; x_wconf 86' lang='grc' dir='ltr'>μάλιστα</span> <span class='ocrx_word' id='word_1_39' title='bbox 3436 602 3678 679; x_wconf 87' lang='grc' dir='ltr'>δεομένη,</span> <span class='ocrx_word' id='word_1_40' title='bbox 3714 614 3808 668; x_wconf 82' lang='grc' dir='ltr'>τὴν</span> 
     </span>
    </p>
   </div>
   <div class='ocr_carea' id='block_1_7' title="bbox 428 693 2050 773">
    <p class='ocr_par' dir='ltr' id='par_1_7' title="bbox 428 700 2050 773">
     <span class='ocr_line' id='line_1_7' title="bbox 428 700 2050 773; baseline -0.001 -17"><span class='ocrx_word' id='word_1_41' title='bbox 428 706 712 767; x_wconf 89' lang='lat' dir='ltr'>sereatur,</span> <span class='ocrx_word' id='word_1_42' title='bbox 735 704 875 773; x_wconf 84' lang='lat' dir='ltr'>quia</span> <span class='ocrx_word' id='word_1_43' title='bbox 906 702 1180 757; x_wconf 81' lang='lat' dir='ltr'>morbum</span> <span class='ocrx_word' id='word_1_44' title='bbox 1209 700 1516 768; x_wconf 89' lang='lat' dir='ltr'>sentiebat,</span> <span class='ocrx_word' id='word_1_45' title='bbox 1546 705 1602 755; x_wconf 89' lang='lat' dir='ltr'>et</span> <span class='ocrx_word' id='word_1_46' title='bbox 1625 701 2050 757; x_wconf 90' lang='lat' dir='ltr'>ideoinnumer</span> 
     </span>
    </p>
   </div>
   <div class='ocr_carea' id='block_1_8' title="bbox 2189 693 3811 773">
    <p class='ocr_par' dir='ltr' id='par_1_8' title="bbox 2200 693 3811 770">
     <span class='ocr_line' id='line_1_8' title="bbox 2200 693 3811 770; baseline 0 -19"><span class='ocrx_word' id='word_1_47' title='bbox 2200 700 2575 770; x_wconf 73' lang='grc' dir='ltr'>αἰσθανομένην</span> <span class='ocrx_word' id='word_1_48' title='bbox 2624 707 2714 758; x_wconf 81' lang='grc' dir='ltr'>τῆς</span> <span class='ocrx_word' id='word_1_49' title='bbox 2763 702 2939 765; x_wconf 81' lang='grc' dir='ltr'>νόσου,</span> <span class='ocrx_word' id='word_1_50' title='bbox 2992 701 3081 749; x_wconf 80' lang='grc' dir='ltr'>καὶ</span> <span class='ocrx_word' id='word_1_51' title='bbox 3155 693 3248 748; x_wconf 86' lang='grc' dir='ltr'>διά</span> <span class='ocrx_word' id='word_1_52' title='bbox 3294 704 3446 749; x_wconf 81' lang='grc' dir='ltr'>τοῦτο</span> <span class='ocrx_word' id='word_1_53' title='bbox 3501 704 3668 770; x_wconf 88' lang='grc' dir='ltr'>μυρία</span> <span class='ocrx_word' id='word_1_54' title='bbox 3716 700 3811 751; x_wconf 87' lang='grc' dir='ltr'>πά-</span> 
     </span>
    </p>
   </div>
   <div class='ocr_carea' id='block_1_9' title="bbox 430 782 2052 862">
    <p class='ocr_par' dir='ltr' id='par_1_9' title="bbox 430 790 2052 847">
     <span class='ocr_line' id='line_1_9' title="bbox 430 790 2052 847; baseline 0.001 -2"><span class='ocrx_word' id='word_1_55' title='bbox 430 792 1168 847; x_wconf 86' lang='lat' dir='ltr'>sustinebatincommoda.</span> <span class='ocrx_word' id='word_1_56' title='bbox 1198 790 1403 847; x_wconf 90' lang='lat' dir='ltr'>Filium</span> <span class='ocrx_word' id='word_1_57' title='bbox 1420 795 1621 846; x_wconf 89' lang='lat' dir='ltr'>autem</span> <span class='ocrx_word' id='word_1_58' title='bbox 1636 791 1821 845; x_wconf 84' lang='lat' dir='ltr'>David</span> <span class='ocrx_word' id='word_1_59' title='bbox 1846 807 1973 846; x_wconf 89' lang='lat' dir='ltr'>eum</span> <span class='ocrx_word' id='word_1_60' title='bbox 1990 807 2052 847; x_wconf 86' lang='lat' dir='ltr'>vc</span> 
     </span>
    </p>
   </div>
   <div class='ocr_carea' id='block_1_10' title="bbox 2190 782 3812 862">
    <p class='ocr_par' dir='ltr' id='par_1_10' title="bbox 2202 782 3812 862">
     <span class='ocr_line' id='line_1_10' title="bbox 2202 782 3812 862; baseline 0 -21"><span class='ocrx_word' id='word_1_61' title='bbox 2202 809 2462 862; x_wconf 83' lang='grc' dir='ltr'>σχουσαν.</span> <span class='ocrx_word' id='word_1_62' title='bbox 2498 788 2615 841; x_wconf 80' lang='grc' dir='ltr'>Υὶὸν</span> <span class='ocrx_word' id='word_1_63' title='bbox 2647 785 2706 840; x_wconf 76' lang='grc' dir='ltr'>δὲ</span> <span class='ocrx_word' id='word_1_64' title='bbox 2728 784 2895 840; x_wconf 82' lang='grc' dir='ltr'>Δαυὶδ</span> <span class='ocrx_word' id='word_1_65' title='bbox 2923 786 3078 839; x_wconf 70' lang='grc' dir='ltr'>αὑτὸν</span> <span class='ocrx_word' id='word_1_66' title='bbox 3110 786 3257 839; x_wconf 87' lang='grc' dir='ltr'>καλεῖ</span> <span class='ocrx_word' id='word_1_67' title='bbox 3276 782 3371 838; x_wconf 85' lang='grc' dir='ltr'>διά</span> <span class='ocrx_word' id='word_1_68' title='bbox 3390 790 3449 838; x_wconf 89' lang='grc' dir='ltr'>τό</span> <span class='ocrx_word' id='word_1_69' title='bbox 3481 789 3685 859; x_wconf 78' lang='grc' dir='ltr'>μαθεῖν,</span> <span class='ocrx_word' id='word_1_70' title='bbox 3731 790 3812 841; x_wconf 86' lang='grc' dir='ltr'>ὅτι</span> 
     </span>
    </p>
   </div>
   <div class='ocr_carea' id='block_1_11' title="bbox 431 874 2053 952">
    <p class='ocr_par' dir='ltr' id='par_1_11' title="bbox 431 880 2053 952">
     <span class='ocr_line' id='line_1_11' title="bbox 431 880 2053 952; baseline -0.001 -16"><span class='ocrx_word' id='word_1_71' title='bbox 431 885 543 945; x_wconf 91' lang='lat' dir='ltr'>cat,</span> <span class='ocrx_word' id='word_1_72' title='bbox 563 882 725 952; x_wconf 90' lang='lat' dir='ltr'>quod</span> <span class='ocrx_word' id='word_1_73' title='bbox 746 881 1035 936; x_wconf 83' lang='lat' dir='ltr'>didicerat</span> <span class='ocrx_word' id='word_1_74' title='bbox 1060 897 1090 936; x_wconf 93' lang='lat' dir='ltr'>e</span> <span class='ocrx_word' id='word_1_75' title='bbox 1122 896 1337 952; x_wconf 82' lang='lat' dir='ltr'>genere</span> <span class='ocrx_word' id='word_1_76' title='bbox 1364 880 1537 934; x_wconf 85' lang='lat' dir='ltr'>David</span> <span class='ocrx_word' id='word_1_77' title='bbox 1567 881 1863 936; x_wconf 78' lang='lat' dir='ltr'>Christum</span> <span class='ocrx_word' id='word_1_78' title='bbox 1890 880 2053 935; x_wconf 86' lang='lat' dir='ltr'>oriun</span> 
     </span>
    </p>
   </div>
   <div class='ocr_carea' id='block_1_12' title="bbox 2185 874 3807 952">
    <p class='ocr_par' dir='ltr' id='par_1_12' title="bbox 2197 874 3807 952">
     <span class='ocr_line' id='line_1_12' title="bbox 2197 874 3807 952; baseline 0.001 -21"><span class='ocrx_word' id='word_1_79' title='bbox 2197 878 2254 931; x_wconf 87' lang='grc' dir='ltr'>ἐκ</span> <span class='ocrx_word' id='word_1_80' title='bbox 2281 876 2447 931; x_wconf 82' lang='grc' dir='ltr'>Δαυὶδ</span> <span class='ocrx_word' id='word_1_81' title='bbox 2476 881 2695 949; x_wconf 78' lang='grc' dir='ltr'>κατάγει</span> <span class='ocrx_word' id='word_1_82' title='bbox 2724 882 2782 930; x_wconf 89' lang='grc' dir='ltr'>τὸ</span> <span class='ocrx_word' id='word_1_83' title='bbox 2822 882 2985 949; x_wconf 84' lang='grc' dir='ltr'>γένος.</span> <span class='ocrx_word' id='word_1_84' title='bbox 3021 884 3162 931; x_wconf 82' lang='grc' dir='ltr'>Πᾶσι</span> <span class='ocrx_word' id='word_1_85' title='bbox 3196 879 3296 952; x_wconf 84' lang='grc' dir='ltr'>γὰρ</span> <span class='ocrx_word' id='word_1_86' title='bbox 3339 878 3365 928; x_wconf 86' lang='grc' dir='ltr'>ὁ</span> <span class='ocrx_word' id='word_1_87' title='bbox 3415 874 3583 929; x_wconf 80' lang='grc' dir='ltr'>Δαυὶδ</span> <span class='ocrx_word' id='word_1_88' title='bbox 3622 879 3807 951; x_wconf 86' lang='grc' dir='ltr'>ὀνομα-</span> 
     </span>
    </p>
   </div>
   <div class='ocr_carea' id='block_1_13' title="bbox 430 964 2052 1042">
    <p class='ocr_par' dir='ltr' id='par_1_13' title="bbox 430 968 2052 1042">
     <span class='ocr_line' id='line_1_13' title="bbox 430 968 2052 1042; baseline -0.002 -18"><span class='ocrx_word' id='word_1_89' title='bbox 430 971 595 1024; x_wconf 90' lang='lat' dir='ltr'>dum.</span> <span class='ocrx_word' id='word_1_90' title='bbox 611 971 901 1025; x_wconf 88' lang='lat' dir='ltr'>Omnibus</span> <span class='ocrx_word' id='word_1_91' title='bbox 913 969 1207 1042; x_wconf 88' lang='lat' dir='ltr'>siquidem</span> <span class='ocrx_word' id='word_1_92' title='bbox 1224 969 1742 1025; x_wconf 87' lang='lat' dir='ltr'>nominatissimus</span> <span class='ocrx_word' id='word_1_93' title='bbox 1756 974 1883 1025; x_wconf 87' lang='lat' dir='ltr'>erat</span> <span class='ocrx_word' id='word_1_94' title='bbox 1898 968 2052 1025; x_wconf 60' lang='lat' dir='ltr'>Davit</span> 
     </span>
    </p>
   </div>
   <div class='ocr_carea' id='block_1_14' title="bbox 2181 964 3803 1042">
    <p class='ocr_par' dir='ltr' id='par_1_14' title="bbox 2200 964 3803 1040">
     <span class='ocr_line' id='line_1_14' title="bbox 2200 964 3803 1040; baseline 0.001 -21"><span class='ocrx_word' id='word_1_95' title='bbox 2200 974 2446 1030; x_wconf 85' lang='grc' dir='ltr'>στότατος</span> <span class='ocrx_word' id='word_1_96' title='bbox 2475 966 2554 1026; x_wconf 74' lang='grc' dir='ltr'>ἦν.</span> <span class='ocrx_word' id='word_1_97' title='bbox 2591 975 2777 1029; x_wconf 84' lang='grc' dir='ltr'>Κακῶς</span> <span class='ocrx_word' id='word_1_98' title='bbox 2804 964 2883 1039; x_wconf 72' lang='grc' dir='ltr'>δε,</span> <span class='ocrx_word' id='word_1_99' title='bbox 2913 972 3063 1039; x_wconf 78' lang='grc' dir='ltr'>φησὶ,</span> <span class='ocrx_word' id='word_1_100' title='bbox 3098 964 3482 1040; x_wconf 78' lang='grc' dir='ltr'>δαιμονίζεται,</span> <span class='ocrx_word' id='word_1_101' title='bbox 3525 964 3640 1019; x_wconf 84' lang='grc' dir='ltr'>ἀντὶ</span> <span class='ocrx_word' id='word_1_102' title='bbox 3691 975 3803 1035; x_wconf 79' lang='grc' dir='ltr'>τοῦ,</span> 
     </span>
    </p>
   </div>
   <div class='ocr_carea' id='block_1_15' title="bbox 426 1058 2458 1130">
    <p class='ocr_par' dir='ltr' id='par_1_15' title="bbox 426 1058 2458 1130">
     <span class='ocr_line' id='line_1_15' title="bbox 426 1058 2458 1130; baseline -0.001 -14"><span class='ocrx_word' id='word_1_103' title='bbox 426 1058 574 1116; x_wconf 84' lang='lat' dir='ltr'>Male</span> <span class='ocrx_word' id='word_1_104' title='bbox 604 1058 812 1130; x_wconf 83' lang='lat' dir='ltr'>inquit,</span> <span class='ocrx_word' id='word_1_105' title='bbox 846 1075 883 1115; x_wconf 87' lang='lat' dir='ltr'>a</span> <span class='ocrx_word' id='word_1_106' title='bbox 913 1060 1196 1115; x_wconf 75' lang='lat' dir='ltr'>daemonio</span> <span class='ocrx_word' id='word_1_107' title='bbox 1227 1063 1564 1130; x_wconf 77' lang='lat' dir='ltr'>torquetur,</span> <span class='ocrx_word' id='word_1_108' title='bbox 1584 1058 1699 1113; x_wconf 88' lang='lat' dir='ltr'>hoc</span> <span class='ocrx_word' id='word_1_109' title='bbox 1730 1063 1821 1114; x_wconf 90' lang='lat' dir='ltr'>est</span> <span class='ocrx_word' id='word_1_110' title='bbox 1852 1058 2083 1113; x_wconf 87' lang='lat' dir='ltr'>misere.</span> <span class='ocrx_word' id='word_1_111' title='bbox 2198 1058 2458 1129; x_wconf 68' lang='grc' dir='ltr'>χαλεπῶς.</span> 
     </span>
    </p>
   </div>
   <div class='ocr_carea' id='block_1_16' title="bbox 500 1143 2122 1220">
    <p class='ocr_par' dir='ltr' id='par_1_16' title="bbox 500 1146 2086 1220">
     <span class='ocr_line' id='line_1_16' title="bbox 500 1146 2086 1220; baseline 0 -17"><span class='ocrx_word' id='word_1_112' title='bbox 500 1150 662 1204; x_wconf 87' lang='lat' dir='ltr'>Vers.</span> <span class='ocrx_word' id='word_1_113' title='bbox 694 1152 781 1203; x_wconf 83' lang='lat'>23.</span> <span class='ocrx_word' id='word_1_114' title='bbox 811 1150 960 1217; x_wconf 85' lang='lat' dir='ltr'>Ipse.</span> <span class='ocrx_word' id='word_1_115' title='bbox 990 1180 1058 1187; x_wconf 98' lang='lat'><strong>—</strong></span> <span class='ocrx_word' id='word_1_116' title='bbox 1090 1148 1348 1204; x_wconf 83' lang='lat' dir='ltr'>verbum.</span> <span class='ocrx_word' id='word_1_117' title='bbox 1413 1148 1515 1203; x_wconf 89' lang='lat' dir='ltr'>Illa</span> <span class='ocrx_word' id='word_1_118' title='bbox 1563 1148 1809 1220; x_wconf 87' lang='lat' dir='ltr'>quidem</span> <span class='ocrx_word' id='word_1_119' title='bbox 1842 1146 1955 1203; x_wconf 92' lang='lat' dir='ltr'>alte</span> <span class='ocrx_word' id='word_1_120' title='bbox 1985 1164 2086 1203; x_wconf 86' lang='lat' dir='ltr'>vo-</span> 
     </span>
    </p>
   </div>
   <div class='ocr_carea' id='block_1_17' title="bbox 2185 1143 3807 1220">
    <p class='ocr_par' dir='ltr' id='par_1_17' title="bbox 2262 1143 3807 1220">
     <span class='ocr_line' id='line_1_17' title="bbox 2262 1143 3807 1220; baseline 0 -21"><span class='ocrx_word' id='word_1_121' title='bbox 2262 1154 2326 1199; x_wconf 68' lang='lat'>‘0</span> <span class='ocrx_word' id='word_1_122' title='bbox 2380 1180 2449 1188; x_wconf 90' lang='lat'><strong><em>—</em></strong></span> <span class='ocrx_word' id='word_1_123' title='bbox 2525 1147 2694 1219; x_wconf 87' lang='grc' dir='ltr'>λόγον.</span> <span class='ocrx_word' id='word_1_124' title='bbox 2748 1147 2807 1200; x_wconf 79' lang='grc' dir='ltr'><strong>Ἦ</strong></span> <span class='ocrx_word' id='word_1_125' title='bbox 2865 1151 2955 1220; x_wconf 83' lang='grc' dir='ltr'>μεν</span> <span class='ocrx_word' id='word_1_126' title='bbox 3010 1144 3114 1219; x_wconf 80' lang='grc' dir='ltr'>βοᾷ</span> <span class='ocrx_word' id='word_1_127' title='bbox 3180 1147 3399 1219; x_wconf 86' lang='grc' dir='ltr'>μεγάλα,</span> <span class='ocrx_word' id='word_1_128' title='bbox 3441 1148 3526 1199; x_wconf 90' lang='grc' dir='ltr'>τὸν</span> <span class='ocrx_word' id='word_1_129' title='bbox 3587 1143 3807 1219; x_wconf 87' lang='grc' dir='ltr'>ἐνδομυ-</span> 
     </span>
    </p>
   </div>
   <div class='ocr_carea' id='block_1_18' title="bbox 425 1232 2047 1312">
    <p class='ocr_par' dir='ltr' id='par_1_18' title="bbox 425 1236 2047 1310">
     <span class='ocr_line' id='line_1_18' title="bbox 425 1236 2047 1310; baseline -0.001 -17"><span class='ocrx_word' id='word_1_130' title='bbox 425 1238 722 1303; x_wconf 85' lang='lat' dir='ltr'>ciferatur,</span> <span class='ocrx_word' id='word_1_131' title='bbox 740 1237 1011 1293; x_wconf 84' lang='lat' dir='ltr'>dolorem</span> <span class='ocrx_word' id='word_1_132' title='bbox 1038 1238 1138 1310; x_wconf 87' lang='lat' dir='ltr'>qui</span> <span class='ocrx_word' id='word_1_133' title='bbox 1166 1237 1389 1294; x_wconf 79' lang='lat' dir='ltr'>latebat</span> <span class='ocrx_word' id='word_1_134' title='bbox 1408 1238 1469 1292; x_wconf 90' lang='lat' dir='ltr'>in</span> <span class='ocrx_word' id='word_1_135' title='bbox 1505 1236 1683 1293; x_wconf 90' lang='lat' dir='ltr'>corde</span> <span class='ocrx_word' id='word_1_136' title='bbox 1704 1236 2047 1307; x_wconf 89' lang='lat' dir='ltr'>signiﬁcans</span> 
     </span>
    </p>
   </div>
   <div class='ocr_carea' id='block_1_19' title="bbox 2183 1232 3805 1312">
    <p class='ocr_par' dir='ltr' id='par_1_19' title="bbox 2192 1232 3805 1312">
     <span class='ocr_line' id='line_1_19' title="bbox 2192 1232 3805 1312; baseline -0.001 -22"><span class='ocrx_word' id='word_1_137' title='bbox 2192 1246 2396 1309; x_wconf 74' lang='grc' dir='ltr'>χοῦντα</span> <span class='ocrx_word' id='word_1_138' title='bbox 2432 1245 2529 1300; x_wconf 80' lang='grc' dir='ltr'>τῆς</span> <span class='ocrx_word' id='word_1_139' title='bbox 2570 1234 2793 1312; x_wconf 76' lang='grc' dir='ltr'>καρδίας</span> <span class='ocrx_word' id='word_1_140' title='bbox 2841 1237 2954 1309; x_wconf 84' lang='grc'>(97)</span> <span class='ocrx_word' id='word_1_141' title='bbox 3000 1241 3151 1289; x_wconf 84' lang='grc' dir='ltr'>πόνον</span> <span class='ocrx_word' id='word_1_142' title='bbox 3210 1232 3607 1309; x_wconf 84' lang='grc' dir='ltr'>ἐνδεικνυμένη’</span> <span class='ocrx_word' id='word_1_143' title='bbox 3648 1237 3805 1299; x_wconf 75' lang='grc' dir='ltr'>αὐτός</span> 
     </span>
    </p>
   </div>
   <div class='ocr_carea' id='block_1_20' title="bbox 423 1323 2045 1400">
    <p class='ocr_par' dir='ltr' id='par_1_20' title="bbox 423 1325 2045 1399">
     <span class='ocr_line' id='line_1_20' title="bbox 423 1325 2045 1399; baseline -0.001 -18"><span class='ocrx_word' id='word_1_144' title='bbox 423 1326 551 1399; x_wconf 89' lang='lat' dir='ltr'>ipse</span> <span class='ocrx_word' id='word_1_145' title='bbox 573 1341 711 1383; x_wconf 83' lang='lat' dir='ltr'>vero</span> <span class='ocrx_word' id='word_1_146' title='bbox 725 1326 968 1398; x_wconf 85' lang='lat' dir='ltr'>penitus</span> <span class='ocrx_word' id='word_1_147' title='bbox 991 1326 1145 1393; x_wconf 86' lang='lat' dir='ltr'>silet,</span> <span class='ocrx_word' id='word_1_148' title='bbox 1175 1326 1478 1382; x_wconf 83' lang='lat' dir='ltr'>sustinens</span> <span class='ocrx_word' id='word_1_149' title='bbox 1500 1327 1689 1383; x_wconf 92' lang='lat' dir='ltr'>doncc</span> <span class='ocrx_word' id='word_1_150' title='bbox 1715 1326 1913 1382; x_wconf 92' lang='lat' dir='ltr'>omnis</span> <span class='ocrx_word' id='word_1_151' title='bbox 1929 1325 2045 1380; x_wconf 88' lang='lat' dir='ltr'>illiu</span> 
     </span>
    </p>
   </div>
   <div class='ocr_carea' id='block_1_21' title="bbox 2184 1323 3806 1400">
    <p class='ocr_par' dir='ltr' id='par_1_21' title="bbox 2195 1323 3806 1400">
     <span class='ocr_line' id='line_1_21' title="bbox 2195 1323 3806 1400; baseline 0.001 -23"><span class='ocrx_word' id='word_1_152' title='bbox 2195 1323 2253 1379; x_wconf 79' lang='grc' dir='ltr'>δε</span> <span class='ocrx_word' id='word_1_153' title='bbox 2305 1333 2429 1397; x_wconf 84' lang='grc' dir='ltr'>σιγᾴ</span> <span class='ocrx_word' id='word_1_154' title='bbox 2504 1326 2783 1394; x_wconf 74' lang='grc' dir='ltr'>παντελῶς,</span> <span class='ocrx_word' id='word_1_155' title='bbox 2843 1324 3101 1398; x_wconf 85' lang='grc' dir='ltr'>ἀναμένων</span> <span class='ocrx_word' id='word_1_156' title='bbox 3170 1324 3378 1377; x_wconf 76' lang='grc' dir='ltr'>ἅπασαν</span> <span class='ocrx_word' id='word_1_157' title='bbox 3451 1327 3806 1400; x_wconf 79' lang='grc' dir='ltr'>φανερωθῆναι</span> 
     </span>
    </p>
   </div>
   <div class='ocr_carea' id='block_1_22' title="bbox 422 1415 2044 1489">
    <p class='ocr_par' dir='ltr' id='par_1_22' title="bbox 422 1416 2037 1487">
     <span class='ocr_line' id='line_1_22' title="bbox 422 1416 2037 1487; baseline 0 -17"><span class='ocrx_word' id='word_1_158' title='bbox 422 1416 592 1483; x_wconf 88' lang='lat' dir='ltr'>ﬁdes,</span> <span class='ocrx_word' id='word_1_159' title='bbox 626 1416 804 1472; x_wconf 86' lang='lat' dir='ltr'>animi</span> <span class='ocrx_word' id='word_1_160' title='bbox 858 1416 1155 1472; x_wconf 83' lang='lat' dir='ltr'>modestia</span> <span class='ocrx_word' id='word_1_161' title='bbox 1199 1417 1520 1487; x_wconf 84' lang='lat' dir='ltr'>prudentia</span> <span class='ocrx_word' id='word_1_162' title='bbox 1557 1416 2037 1471; x_wconf 71' lang='lat' dir='ltr'>manifestaretur</span> 
     </span>
    </p>
   </div>
   <div class='ocr_carea' id='block_1_23' title="bbox 2181 1415 3803 1489">
    <p class='ocr_par' dir='ltr' id='par_1_23' title="bbox 2192 1415 3803 1489">
     <span class='ocr_line' id='line_1_23' title="bbox 2192 1415 3803 1489; baseline 0.001 -21"><span class='ocrx_word' id='word_1_163' title='bbox 2192 1422 2284 1474; x_wconf 78' lang='grc' dir='ltr'>τὴν</span> <span class='ocrx_word' id='word_1_164' title='bbox 2324 1421 2521 1487; x_wconf 89' lang='grc' dir='ltr'>πίστιν,</span> <span class='ocrx_word' id='word_1_165' title='bbox 2566 1422 2655 1469; x_wconf 86' lang='grc' dir='ltr'>καὶ</span> <span class='ocrx_word' id='word_1_166' title='bbox 2697 1421 3027 1482; x_wconf 86' lang='grc' dir='ltr'>ταπείνωσιν,</span> <span class='ocrx_word' id='word_1_167' title='bbox 3068 1419 3158 1467; x_wconf 84' lang='grc' dir='ltr'>καὶ</span> <span class='ocrx_word' id='word_1_168' title='bbox 3212 1417 3416 1467; x_wconf 76' lang='grc' dir='ltr'>σύνεσιν</span> <span class='ocrx_word' id='word_1_169' title='bbox 3459 1415 3641 1482; x_wconf 76' lang='grc' dir='ltr'>αὐτῆς,</span> <span class='ocrx_word' id='word_1_170' title='bbox 3682 1420 3803 1489; x_wconf 82' lang='grc' dir='ltr'>ὅπερ</span> 
     </span>
    </p>
   </div>
   <div class='ocr_carea' id='block_1_24' title="bbox 423 1500 2045 1578">
    <p class='ocr_par' dir='ltr' id='par_1_24' title="bbox 423 1504 2045 1576">
     <span class='ocr_line' id='line_1_24' title="bbox 423 1504 2045 1576; baseline 0 -16"><span class='ocrx_word' id='word_1_171' title='bbox 423 1505 585 1576; x_wconf 90' lang='lat' dir='ltr'>quod</span> <span class='ocrx_word' id='word_1_172' title='bbox 632 1506 795 1561; x_wconf 86' lang='lat' dir='ltr'>vario</span> <span class='ocrx_word' id='word_1_173' title='bbox 838 1505 1018 1561; x_wconf 91' lang='lat' dir='ltr'>modo</span> <span class='ocrx_word' id='word_1_174' title='bbox 1070 1504 1263 1560; x_wconf 87' lang='lat' dir='ltr'>facere</span> <span class='ocrx_word' id='word_1_175' title='bbox 1319 1505 1466 1561; x_wconf 90' lang='lat' dir='ltr'>solet</span> <span class='ocrx_word' id='word_1_176' title='bbox 1510 1507 1569 1560; x_wconf 89' lang='lat' dir='ltr'>in</span> <span class='ocrx_word' id='word_1_177' title='bbox 1621 1505 1838 1561; x_wconf 87' lang='lat' dir='ltr'>multis.</span> <span class='ocrx_word' id='word_1_178' title='bbox 1896 1505 2045 1561; x_wconf 72' lang='lat' dir='ltr'>Simt</span> 
     </span>
    </p>
   </div>
   <div class='ocr_carea' id='block_1_25' title="bbox 2184 1500 3806 1578">
    <p class='ocr_par' dir='ltr' id='par_1_25' title="bbox 2193 1500 3806 1578">
     <span class='ocr_line' id='line_1_25' title="bbox 2193 1500 3806 1578; baseline -0.001 -20"><span class='ocrx_word' id='word_1_179' title='bbox 2193 1502 2451 1578; x_wconf 66' lang='grc' dir='ltr'>διαφόρως</span> <span class='ocrx_word' id='word_1_180' title='bbox 2500 1508 2644 1559; x_wconf 81' lang='grc' dir='ltr'>εἴωθε</span> <span class='ocrx_word' id='word_1_181' title='bbox 2694 1512 2857 1558; x_wconf 87' lang='grc' dir='ltr'>ποιεῖν</span> <span class='ocrx_word' id='word_1_182' title='bbox 2922 1504 2969 1558; x_wconf 84' lang='grc' dir='ltr'>ἐν</span> <span class='ocrx_word' id='word_1_183' title='bbox 3012 1504 3237 1565; x_wconf 75' lang='grc' dir='ltr'>πολλοῖς·</span> <span class='ocrx_word' id='word_1_184' title='bbox 3290 1504 3399 1578; x_wconf 85' lang='grc' dir='ltr'>ἅμα</span> <span class='ocrx_word' id='word_1_185' title='bbox 3426 1500 3485 1557; x_wconf 71' lang='grc' dir='ltr'>δὲ</span> <span class='ocrx_word' id='word_1_186' title='bbox 3533 1509 3623 1557; x_wconf 85' lang='grc' dir='ltr'>καὶ</span> <span class='ocrx_word' id='word_1_187' title='bbox 3661 1504 3806 1558; x_wconf 83' lang='grc' dir='ltr'>ἀντε-</span> 
     </span>
    </p>
   </div>
   <div class='ocr_carea' id='block_1_26' title="bbox 425 1580 2047 1668">
    <p class='ocr_par' dir='ltr' id='par_1_26' title="bbox 425 1593 2045 1666">
     <span class='ocr_line' id='line_1_26' title="bbox 425 1593 2045 1666; baseline -0.001 -16"><span class='ocrx_word' id='word_1_188' title='bbox 425 1594 606 1651; x_wconf 89' lang='lat' dir='ltr'>etiam</span> <span class='ocrx_word' id='word_1_189' title='bbox 633 1598 745 1650; x_wconf 87' lang='grc'><strong>1110</strong></span> <span class='ocrx_word' id='word_1_190' title='bbox 779 1595 1019 1651; x_wconf 88' lang='lat' dir='ltr'>diverso</span> <span class='ocrx_word' id='word_1_191' title='bbox 1049 1594 1263 1650; x_wconf 63' lang='lat' dir='ltr'>Iudaeis</span> <span class='ocrx_word' id='word_1_192' title='bbox 1288 1594 1647 1662; x_wconf 84' lang='lat' dir='ltr'>ostenderet,</span> <span class='ocrx_word' id='word_1_193' title='bbox 1676 1593 1913 1666; x_wconf 88' lang='lat' dir='ltr'>qualem</span> <span class='ocrx_word' id='word_1_194' title='bbox 1943 1608 2045 1663; x_wconf 85' lang='lat' dir='ltr'>erg</span> 
     </span>
    </p>
   </div>
   <div class='ocr_carea' id='block_1_27' title="bbox 2184 1580 3806 1668">
    <p class='ocr_par' dir='ltr' id='par_1_27' title="bbox 2190 1591 3806 1668">
     <span class='ocr_line' id='line_1_27' title="bbox 2190 1591 3806 1668; baseline 0 -21"><span class='ocrx_word' id='word_1_195' title='bbox 2190 1592 2583 1668; x_wconf 85' lang='grc' dir='ltr'>πιδεικνύμενος</span> <span class='ocrx_word' id='word_1_196' title='bbox 2653 1591 2969 1660; x_wconf 70' lang='grc' dir='ltr'>Ἰουδαίοις,</span> <span class='ocrx_word' id='word_1_197' title='bbox 3042 1595 3154 1646; x_wconf 80' lang='grc' dir='ltr'>οἷαν</span> <span class='ocrx_word' id='word_1_198' title='bbox 3239 1598 3357 1667; x_wconf 84' lang='grc' dir='ltr'>περὶ</span> <span class='ocrx_word' id='word_1_199' title='bbox 3428 1593 3618 1655; x_wconf 74' lang='grc' dir='ltr'>αὐτούς</span> <span class='ocrx_word' id='word_1_200' title='bbox 3690 1597 3806 1666; x_wconf 80' lang='grc' dir='ltr'>ἔχει</span> 
     </span>
    </p>
   </div>
   <div class='ocr_carea' id='block_1_28' title="bbox 424 1682 2046 1759">
    <p class='ocr_par' dir='ltr' id='par_1_28' title="bbox 424 1684 2046 1753">
     <span class='ocr_line' id='line_1_28' title="bbox 424 1684 2046 1753; baseline -0.001 -14"><span class='ocrx_word' id='word_1_201' title='bbox 424 1684 556 1739; x_wconf 87' lang='grc'><strong>11108</strong></span> <span class='ocrx_word' id='word_1_202' title='bbox 582 1689 808 1753; x_wconf 83' lang='lat' dir='ltr'>gereret</span> <span class='ocrx_word' id='word_1_203' title='bbox 840 1684 1128 1747; x_wconf 83' lang='lat' dir='ltr'>affectum,</span> <span class='ocrx_word' id='word_1_204' title='bbox 1162 1701 1301 1740; x_wconf 90' lang='lat' dir='ltr'>cum</span> <span class='ocrx_word' id='word_1_205' title='bbox 1337 1684 1609 1739; x_wconf 89' lang='lat' dir='ltr'>inﬁrmos</span> <span class='ocrx_word' id='word_1_206' title='bbox 1641 1699 1847 1740; x_wconf 90' lang='lat' dir='ltr'>eorum</span> <span class='ocrx_word' id='word_1_207' title='bbox 1900 1698 2046 1739; x_wconf 72' lang='lat' dir='ltr'>seme</span> 
     </span>
    </p>
   </div>
   <div class='ocr_carea' id='block_1_29' title="bbox 2186 1682 3808 1759">
    <p class='ocr_par' dir='ltr' id='par_1_29' title="bbox 2192 1682 3808 1759">
     <span class='ocr_line' id='line_1_29' title="bbox 2192 1682 3808 1759; baseline -0.001 -21"><span class='ocrx_word' id='word_1_208' title='bbox 2192 1682 2449 1751; x_wconf 80' lang='grc' dir='ltr'>διάθεσιν,</span> <span class='ocrx_word' id='word_1_209' title='bbox 2502 1687 2583 1736; x_wconf 83' lang='grc' dir='ltr'>ὅτι</span> <span class='ocrx_word' id='word_1_210' title='bbox 2612 1688 2730 1745; x_wconf 77' lang='grc' dir='ltr'>τοὺς</span> <span class='ocrx_word' id='word_1_211' title='bbox 2778 1687 2867 1756; x_wconf 76' lang='grc' dir='ltr'>μὲν</span> <span class='ocrx_word' id='word_1_212' title='bbox 2920 1683 3224 1759; x_wconf 75' lang='grc' dir='ltr'>ἀρρώστους</span> <span class='ocrx_word' id='word_1_213' title='bbox 3268 1682 3435 1735; x_wconf 68' lang='grc' dir='ltr'>αὐτῶν</span> <span class='ocrx_word' id='word_1_214' title='bbox 3477 1683 3617 1747; x_wconf 74' lang='grc' dir='ltr'>ἅπαξ</span> <span class='ocrx_word' id='word_1_215' title='bbox 3657 1687 3808 1743; x_wconf 78' lang='grc' dir='ltr'>αἰτη-</span> 
     </span>
    </p>
   </div>
   <div class='ocr_carea' id='block_1_30' title="bbox 426 1770 2048 1846">
    <p class='ocr_par' dir='ltr' id='par_1_30' title="bbox 426 1773 2048 1845">
     <span class='ocr_line' id='line_1_30' title="bbox 426 1773 2048 1845; baseline -0.001 -16"><span class='ocrx_word' id='word_1_216' title='bbox 426 1776 661 1829; x_wconf 86' lang='lat' dir='ltr'>tantum</span> <span class='ocrx_word' id='word_1_217' title='bbox 709 1777 966 1844; x_wconf 89' lang='lat' dir='ltr'>rogatus,</span> <span class='ocrx_word' id='word_1_218' title='bbox 1023 1773 1146 1829; x_wconf 91' lang='lat' dir='ltr'>imo</span> <span class='ocrx_word' id='word_1_219' title='bbox 1177 1790 1286 1829; x_wconf 90' lang='lat' dir='ltr'>nec</span> <span class='ocrx_word' id='word_1_220' title='bbox 1337 1773 1521 1829; x_wconf 88' lang='lat' dir='ltr'>semel</span> <span class='ocrx_word' id='word_1_221' title='bbox 1570 1773 1835 1845; x_wconf 82' lang='lat' dir='ltr'>quidem,</span> <span class='ocrx_word' id='word_1_222' title='bbox 1882 1776 2048 1828; x_wconf 87' lang='lat' dir='ltr'>statin</span> 
     </span>
    </p>
   </div>
   <div class='ocr_carea' id='block_1_31' title="bbox 2182 1770 3804 1846">
    <p class='ocr_par' dir='ltr' id='par_1_31' title="bbox 2194 1770 3804 1846">
     <span class='ocr_line' id='line_1_31' title="bbox 2194 1770 3804 1846; baseline -0.001 -19"><span class='ocrx_word' id='word_1_223' title='bbox 2194 1777 2317 1842; x_wconf 87' lang='grc' dir='ltr'>θεὶς,</span> <span class='ocrx_word' id='word_1_224' title='bbox 2374 1776 2402 1834; x_wconf 78' lang='grc' dir='ltr'>ἢ</span> <span class='ocrx_word' id='word_1_225' title='bbox 2474 1770 2587 1828; x_wconf 71' lang='grc' dir='ltr'>οὐδ’</span> <span class='ocrx_word' id='word_1_226' title='bbox 2635 1773 2813 1841; x_wconf 82' lang='grc' dir='ltr'>άπαξ,</span> <span class='ocrx_word' id='word_1_227' title='bbox 2874 1774 3024 1835; x_wconf 71' lang='grc' dir='ltr'>εὐθὺς</span> <span class='ocrx_word' id='word_1_228' title='bbox 3084 1775 3385 1846; x_wconf 86' lang='grc' dir='ltr'>θεραπεύει,</span> <span class='ocrx_word' id='word_1_229' title='bbox 3435 1776 3557 1836; x_wconf 77' lang='grc' dir='ltr'>τοὺς</span> <span class='ocrx_word' id='word_1_230' title='bbox 3599 1770 3658 1826; x_wconf 71' lang='grc' dir='ltr'>δὲ</span> <span class='ocrx_word' id='word_1_231' title='bbox 3705 1782 3804 1825; x_wconf 85' lang='grc' dir='ltr'>τῶν</span> 
     </span>
    </p>
   </div>
   <div class='ocr_carea' id='block_1_32' title="bbox 427 1861 2049 1935">
    <p class='ocr_par' dir='ltr' id='par_1_32' title="bbox 427 1861 1509 1933">
     <span class='ocr_line' id='line_1_32' title="bbox 427 1861 1509 1933; baseline -0.001 -16"><span class='ocrx_word' id='word_1_232' title='bbox 427 1861 678 1918; x_wconf 86' lang='lat' dir='ltr'>curabat</span> <span class='ocrx_word' id='word_1_233' title='bbox 712 1878 725 1916; x_wconf 90' lang='lat'><strong>:</strong></span> <span class='ocrx_word' id='word_1_234' title='bbox 760 1862 1072 1933; x_wconf 83' lang='lat' dir='ltr'>gentilium</span> <span class='ocrx_word' id='word_1_235' title='bbox 1096 1879 1232 1919; x_wconf 89' lang='lat' dir='ltr'>vero</span> <span class='ocrx_word' id='word_1_236' title='bbox 1264 1879 1384 1918; x_wconf 92' lang='lat' dir='ltr'>non</span> <span class='ocrx_word' id='word_1_237' title='bbox 1410 1866 1509 1919; x_wconf 89' lang='lat' dir='ltr'>ita.</span> 
     </span>
    </p>
   </div>
   <div class='ocr_carea' id='block_1_33' title="bbox 1080 1861 2702 1935">
    <p class='ocr_par' dir='ltr' id='par_1_33' title="bbox 1096 1862 2702 1935">
     <span class='ocr_line' id='line_1_33' title="bbox 1096 1862 2702 1935; baseline 0 -20"><span class='ocrx_word' id='word_1_238' title='bbox 1096 1879 1232 1919; x_wconf 90' lang='lat' dir='ltr'>vero</span> <span class='ocrx_word' id='word_1_239' title='bbox 1264 1879 1384 1918; x_wconf 91' lang='lat' dir='ltr'>non</span> <span class='ocrx_word' id='word_1_240' title='bbox 1410 1866 1509 1919; x_wconf 91' lang='lat' dir='ltr'>ita.</span> <span class='ocrx_word' id='word_1_241' title='bbox 2192 1863 2347 1916; x_wconf 81' lang='grc' dir='ltr'>ἐθνῶν</span> <span class='ocrx_word' id='word_1_242' title='bbox 2388 1863 2495 1935; x_wconf 70' lang='grc' dir='ltr'>οὐχ</span> <span class='ocrx_word' id='word_1_243' title='bbox 2522 1862 2702 1924; x_wconf 76' lang='grc' dir='ltr'>οὓτως.</span> 
     </span>
    </p>
   </div>
   <div class='ocr_carea' id='block_1_34' title="bbox 497 1949 2119 2027">
    <p class='ocr_par' dir='ltr' id='par_1_34' title="bbox 497 1950 2079 2023">
     <span class='ocr_line' id='line_1_34' title="bbox 497 1950 2079 2023; baseline 0.001 -19"><span class='ocrx_word' id='word_1_244' title='bbox 497 1951 663 2007; x_wconf 84' lang='lat' dir='ltr'>Vers.</span> <span class='ocrx_word' id='word_1_245' title='bbox 696 1955 783 2007; x_wconf 82' lang='lat'>23.</span> <span class='ocrx_word' id='word_1_246' title='bbox 831 1953 904 2007; x_wconf 84' lang='lat' dir='ltr'>Et</span> <span class='ocrx_word' id='word_1_247' title='bbox 925 1984 989 1991; x_wconf 92' lang='lat'><strong>—</strong></span> <span class='ocrx_word' id='word_1_248' title='bbox 1020 1969 1145 2007; x_wconf 83' lang='lat' dir='ltr'>nos.</span> <span class='ocrx_word' id='word_1_249' title='bbox 1175 1952 1345 2018; x_wconf 89' lang='lat' dir='ltr'>Quod</span> <span class='ocrx_word' id='word_1_250' title='bbox 1375 1953 1475 2007; x_wconf 86' lang='lat' dir='ltr'>Hic</span> <span class='ocrx_word' id='word_1_251' title='bbox 1507 1950 2079 2023; x_wconf 78' lang='lat' dir='ltr'>dicitur,Rogabant,</span> 
     </span>
    </p>
   </div>
   <div class='ocr_carea' id='block_1_35' title="bbox 2178 1949 3800 2027">
    <p class='ocr_par' dir='ltr' id='par_1_35' title="bbox 2262 1949 3800 2027">
     <span class='ocr_line' id='line_1_35' title="bbox 2262 1949 3800 2027; baseline 0.001 -23"><span class='ocrx_word' id='word_1_252' title='bbox 2262 1952 2370 2005; x_wconf 86' lang='lat' dir='ltr'>Kui</span> <span class='ocrx_word' id='word_1_253' title='bbox 2411 1984 2476 1992; x_wconf 92' lang='lat'>——</span> <span class='ocrx_word' id='word_1_254' title='bbox 2504 1954 2670 2024; x_wconf 79' lang='grc' dir='ltr'>ἡμῶν.</span> <span class='ocrx_word' id='word_1_255' title='bbox 2716 1982 2769 1991; x_wconf 90' lang='grc'><strong><em>-</em></strong></span> <span class='ocrx_word' id='word_1_256' title='bbox 2822 1951 3083 2026; x_wconf 88' lang='grc' dir='ltr'>Ἠρὼτων,</span> <span class='ocrx_word' id='word_1_257' title='bbox 3141 1949 3254 2005; x_wconf 83' lang='grc' dir='ltr'>ἀντὶ</span> <span class='ocrx_word' id='word_1_258' title='bbox 3292 1958 3407 2016; x_wconf 75' lang='grc' dir='ltr'>τοῦ,</span> <span class='ocrx_word' id='word_1_259' title='bbox 3457 1950 3800 2027; x_wconf 75' lang='grc' dir='ltr'>παρεκάλουν.</span> 
     </span>
    </p>
   </div>
   <div class='ocr_carea' id='block_1_36' title="bbox 424 2039 2046 2115">
    <p class='ocr_par' dir='ltr' id='par_1_36' title="bbox 424 2039 2046 2114">
     <span class='ocr_line' id='line_1_36' title="bbox 424 2039 2046 2114; baseline -0.002 -19"><span class='ocrx_word' id='word_1_260' title='bbox 424 2042 618 2097; x_wconf 86' lang='lat' dir='ltr'>littera</span> <span class='ocrx_word' id='word_1_261' title='bbox 670 2041 853 2095; x_wconf 87' lang='lat' dir='ltr'>habet</span> <span class='ocrx_word' id='word_1_262' title='bbox 907 2042 1136 2114; x_wconf 67' lang='grc' dir='ltr'>ἠρώτων,</span> <span class='ocrx_word' id='word_1_263' title='bbox 1174 2042 1338 2112; x_wconf 87' lang='lat' dir='ltr'>quod</span> <span class='ocrx_word' id='word_1_264' title='bbox 1392 2041 1636 2095; x_wconf 71' lang='lat' dir='ltr'>Verbum</span> <span class='ocrx_word' id='word_1_265' title='bbox 1686 2040 1820 2097; x_wconf 87' lang='lat' dir='ltr'>licet</span> <span class='ocrx_word' id='word_1_266' title='bbox 1849 2045 1913 2095; x_wconf 89' lang='lat' dir='ltr'>ut</span> <span class='ocrx_word' id='word_1_267' title='bbox 1953 2039 2046 2112; x_wconf 81' lang='lat' dir='ltr'>plu</span> 
     </span>
    </p>
   </div>
   <div class='ocr_carea' id='block_1_37' title="bbox 2179 2039 3801 2115">
    <p class='ocr_par' dir='ltr' id='par_1_37' title="bbox 2193 2042 3801 2115">
     <span class='ocr_line' id='line_1_37' title="bbox 2193 2042 3801 2115; baseline -0.001 -21"><span class='ocrx_word' id='word_1_268' title='bbox 2193 2046 2293 2094; x_wconf 82' lang='lat' dir='ltr'>Kui</span> <span class='ocrx_word' id='word_1_269' title='bbox 2342 2044 2443 2115; x_wconf 79' lang='grc' dir='ltr'>γὰρ</span> <span class='ocrx_word' id='word_1_270' title='bbox 2510 2046 2597 2093; x_wconf 84' lang='grc' dir='ltr'>καὶ</span> <span class='ocrx_word' id='word_1_271' title='bbox 2660 2042 2684 2092; x_wconf 92' lang='grc' dir='ltr'>ό</span> <span class='ocrx_word' id='word_1_272' title='bbox 2734 2042 2945 2113; x_wconf 85' lang='grc' dir='ltr'>Μάρκος</span> <span class='ocrx_word' id='word_1_273' title='bbox 3000 2043 3171 2114; x_wconf 85' lang='grc' dir='ltr'>εἴρηκε</span> <span class='ocrx_word' id='word_1_274' title='bbox 3222 2046 3340 2113; x_wconf 82' lang='grc' dir='ltr'>περὶ</span> <span class='ocrx_word' id='word_1_275' title='bbox 3392 2048 3489 2101; x_wconf 89' lang='grc' dir='ltr'>τῆς</span> <span class='ocrx_word' id='word_1_276' title='bbox 3539 2044 3801 2111; x_wconf 86' lang='grc' dir='ltr'>γυναικὸς,</span> 
     </span>
    </p>
   </div>
   <div class='ocr_carea' id='block_1_38' title="bbox 423 2125 2045 2203">
    <p class='ocr_par' dir='ltr' id='par_1_38' title="bbox 423 2130 2045 2199">
     <span class='ocr_line' id='line_1_38' title="bbox 423 2130 2045 2199; baseline -0.002 -13"><span class='ocrx_word' id='word_1_277' title='bbox 423 2130 649 2186; x_wconf 90' lang='lat' dir='ltr'>rimum</span> <span class='ocrx_word' id='word_1_278' title='bbox 680 2130 1046 2199; x_wconf 89' lang='lat' dir='ltr'>interrogare</span> <span class='ocrx_word' id='word_1_279' title='bbox 1074 2130 1387 2199; x_wconf 89' lang='lat' dir='ltr'>signiﬁcet,</span> <span class='ocrx_word' id='word_1_280' title='bbox 1444 2130 1740 2184; x_wconf 86' lang='lat' dir='ltr'>interdum</span> <span class='ocrx_word' id='word_1_281' title='bbox 1774 2134 1976 2184; x_wconf 90' lang='lat' dir='ltr'>tamen</span> <span class='ocrx_word' id='word_1_282' title='bbox 2010 2132 2045 2183; x_wconf 81' lang='lat' dir='ltr'>si</span> 
     </span>
    </p>
   </div>
   <div class='ocr_carea' id='block_1_39' title="bbox 2179 2125 3801 2203">
    <p class='ocr_par' dir='ltr' id='par_1_39' title="bbox 2191 2125 3801 2203">
     <span class='ocr_line' id='line_1_39' title="bbox 2191 2125 3801 2203; baseline -0.001 -21"><span class='ocrx_word' id='word_1_283' title='bbox 2191 2134 2270 2182; x_wconf 80' lang='grc' dir='ltr'>ὅτι</span> <span class='ocrx_word' id='word_1_284' title='bbox 2324 2135 2413 2182; x_wconf 84' lang='grc' dir='ltr'>καὶ</span> <span class='ocrx_word' id='word_1_285' title='bbox 2470 2130 2647 2203; x_wconf 82' lang='grc' dir='ltr'>ἠρώτα</span> <span class='ocrx_word' id='word_1_286' title='bbox 2690 2129 2866 2199; x_wconf 66' lang='grc' dir='ltr'>αὐτὸν,</span> <span class='ocrx_word' id='word_1_287' title='bbox 2918 2131 2998 2181; x_wconf 86' lang='grc' dir='ltr'>ἱνα</span> <span class='ocrx_word' id='word_1_288' title='bbox 3059 2132 3117 2182; x_wconf 86' lang='grc' dir='ltr'>τό</span> <span class='ocrx_word' id='word_1_289' title='bbox 3178 2125 3448 2203; x_wconf 87' lang='grc' dir='ltr'>δαιμόνιον</span> <span class='ocrx_word' id='word_1_290' title='bbox 3501 2127 3690 2202; x_wconf 75' lang='grc' dir='ltr'>ἐκϐάλῃ</span> <span class='ocrx_word' id='word_1_291' title='bbox 3747 2130 3801 2181; x_wconf 84' lang='grc' dir='ltr'>ἐκ</span> 
     </span>
    </p>
   </div>
   <div class='ocr_carea' id='block_1_40' title="bbox 425 2218 2047 2292">
    <p class='ocr_par' dir='ltr' id='par_1_40' title="bbox 425 2218 2041 2289">
     <span class='ocr_line' id='line_1_40' title="bbox 425 2218 2041 2289; baseline -0.001 -16"><span class='ocrx_word' id='word_1_292' title='bbox 425 2218 670 2288; x_wconf 88' lang='lat' dir='ltr'>gniﬁcat</span> <span class='ocrx_word' id='word_1_293' title='bbox 727 2218 1055 2289; x_wconf 88' lang='lat' dir='ltr'>deprecari.</span> <span class='ocrx_word' id='word_1_294' title='bbox 1123 2222 1270 2274; x_wconf 90' lang='lat' dir='ltr'>Nam</span> <span class='ocrx_word' id='word_1_295' title='bbox 1324 2224 1380 2274; x_wconf 91' lang='lat' dir='ltr'>et</span> <span class='ocrx_word' id='word_1_296' title='bbox 1424 2219 1530 2273; x_wconf 89' lang='lat' dir='ltr'>hoc</span> <span class='ocrx_word' id='word_1_297' title='bbox 1569 2218 1700 2273; x_wconf 90' lang='lat' dir='ltr'>loco</span> <span class='ocrx_word' id='word_1_298' title='bbox 1754 2219 1980 2273; x_wconf 87' lang='lat' dir='ltr'>Marcus</span> <span class='ocrx_word' id='word_1_299' title='bbox 2011 2233 2041 2272; x_wconf 91' lang='lat' dir='ltr'>e</span> 
     </span>
    </p>
   </div>
   <div class='ocr_carea' id='block_1_41' title="bbox 2176 2218 3798 2292">
    <p class='ocr_par' dir='ltr' id='par_1_41' title="bbox 2191 2218 3798 2292">
     <span class='ocr_line' id='line_1_41' title="bbox 2191 2218 3798 2292; baseline -0.001 -21"><span class='ocrx_word' id='word_1_300' title='bbox 2191 2228 2286 2282; x_wconf 83' lang='grc' dir='ltr'>τῆς</span> <span class='ocrx_word' id='word_1_301' title='bbox 2353 2221 2610 2292; x_wconf 84' lang='grc' dir='ltr'>θυγατρός</span> <span class='ocrx_word' id='word_1_302' title='bbox 2678 2218 2859 2283; x_wconf 65' lang='grc' dir='ltr'>αὐτῆς,</span> <span class='ocrx_word' id='word_1_303' title='bbox 2930 2219 3110 2290; x_wconf 76' lang='grc' dir='ltr'>ἣγουν,</span> <span class='ocrx_word' id='word_1_304' title='bbox 3186 2218 3481 2291; x_wconf 86' lang='grc' dir='ltr'>παρεκάλει.</span> <span class='ocrx_word' id='word_1_305' title='bbox 3558 2222 3627 2272; x_wconf 89' lang='grc' dir='ltr'>Τό</span> <span class='ocrx_word' id='word_1_306' title='bbox 3699 2222 3798 2291; x_wconf 87' lang='grc' dir='ltr'>γάρ</span> 
     </span>
    </p>
   </div>
   <div class='ocr_carea' id='block_1_42' title="bbox 424 2305 2046 2381">
    <p class='ocr_par' dir='ltr' id='par_1_42' title="bbox 424 2307 2046 2381">
     <span class='ocr_line' id='line_1_42' title="bbox 424 2307 2046 2381; baseline -0.001 -18"><span class='ocrx_word' id='word_1_307' title='bbox 424 2308 620 2371; x_wconf 86' lang='lat' dir='ltr'>utitur,</span> <span class='ocrx_word' id='word_1_308' title='bbox 657 2322 797 2362; x_wconf 91' lang='lat' dir='ltr'>cum</span> <span class='ocrx_word' id='word_1_309' title='bbox 836 2308 906 2362; x_wconf 93' lang='lat' dir='ltr'>de</span> <span class='ocrx_word' id='word_1_310' title='bbox 946 2307 1196 2362; x_wconf 90' lang='lat' dir='ltr'>muliere</span> <span class='ocrx_word' id='word_1_311' title='bbox 1234 2307 1494 2379; x_wconf 90' lang='lat' dir='ltr'>loquens</span> <span class='ocrx_word' id='word_1_312' title='bbox 1540 2308 1622 2363; x_wconf 91' lang='lat' dir='ltr'>ait</span> <span class='ocrx_word' id='word_1_313' title='bbox 1652 2326 1664 2364; x_wconf 89' lang='lat'>:</span> <span class='ocrx_word' id='word_1_314' title='bbox 1691 2307 1915 2381; x_wconf 83' lang='grc' dir='ltr'>Ἠρώτα,</span> <span class='ocrx_word' id='word_1_315' title='bbox 1968 2307 2046 2362; x_wconf 89' lang='grc'>110</span> 
     </span>
    </p>
   </div>
   <div class='ocr_carea' id='block_1_43' title="bbox 2181 2305 3803 2381">
    <p class='ocr_par' dir='ltr' id='par_1_43' title="bbox 2193 2305 3803 2381">
     <span class='ocr_line' id='line_1_43' title="bbox 2193 2305 3803 2381; baseline -0.001 -21"><span class='ocrx_word' id='word_1_316' title='bbox 2193 2308 2364 2381; x_wconf 81' lang='grc' dir='ltr'>ἐρωτῶ</span> <span class='ocrx_word' id='word_1_317' title='bbox 2423 2312 2663 2381; x_wconf 80' lang='grc' dir='ltr'>σημαίνει</span> <span class='ocrx_word' id='word_1_318' title='bbox 2729 2310 2817 2380; x_wconf 76' lang='grc' dir='ltr'>μὲν</span> <span class='ocrx_word' id='word_1_319' title='bbox 2874 2309 2942 2369; x_wconf 87' lang='grc' dir='ltr'>ὡς</span> <span class='ocrx_word' id='word_1_320' title='bbox 2998 2305 3082 2359; x_wconf 83' lang='grc' dir='ltr'>ἐπὶ</span> <span class='ocrx_word' id='word_1_321' title='bbox 3133 2310 3191 2359; x_wconf 88' lang='grc' dir='ltr'>τό</span> <span class='ocrx_word' id='word_1_322' title='bbox 3248 2306 3489 2360; x_wconf 85' lang='grc' dir='ltr'>πλεῖστον</span> <span class='ocrx_word' id='word_1_323' title='bbox 3564 2310 3621 2359; x_wconf 86' lang='grc' dir='ltr'>τό</span> <span class='ocrx_word' id='word_1_324' title='bbox 3677 2328 3803 2359; x_wconf 87' lang='grc' dir='ltr'>πυν-</span> 
     </span>
    </p>
   </div>
   <div class='ocr_carea' id='block_1_44' title="bbox 425 2392 2047 2470">
    <p class='ocr_par' dir='ltr' id='par_1_44' title="bbox 425 2397 2009 2468">
     <span class='ocr_line' id='line_1_44' title="bbox 425 2397 2009 2468; baseline -0.001 -16"><span class='ocrx_word' id='word_1_325' title='bbox 425 2401 531 2463; x_wconf 83' lang='grc'><strong>081,</strong></span> <span class='ocrx_word' id='word_1_326' title='bbox 586 2397 1024 2468; x_wconf 86' lang='lat' dir='ltr'>deprecabatur</span> <span class='ocrx_word' id='word_1_327' title='bbox 1063 2413 1192 2452; x_wconf 93' lang='lat' dir='ltr'>eum</span> <span class='ocrx_word' id='word_1_328' title='bbox 1235 2401 1298 2452; x_wconf 91' lang='lat' dir='ltr'>ut</span> <span class='ocrx_word' id='word_1_329' title='bbox 1327 2397 1737 2452; x_wconf 68' lang='lat' dir='ltr'>dtemoninum</span> <span class='ocrx_word' id='word_1_330' title='bbox 1772 2397 2009 2467; x_wconf 89' lang='lat' dir='ltr'>ejiceret</span> 
     </span>
    </p>
   </div>
   <div class='ocr_carea' id='block_1_45' title="bbox 2180 2392 3802 2470">
    <p class='ocr_par' dir='ltr' id='par_1_45' title="bbox 2196 2392 3802 2470">
     <span class='ocr_line' id='line_1_45' title="bbox 2196 2392 3802 2470; baseline -0.001 -20"><span class='ocrx_word' id='word_1_331' title='bbox 2196 2399 2462 2450; x_wconf 85' lang='grc' dir='ltr'>θάνεσθαι·</span> <span class='ocrx_word' id='word_1_332' title='bbox 2529 2400 2771 2468; x_wconf 83' lang='grc' dir='ltr'>σημαίνει</span> <span class='ocrx_word' id='word_1_333' title='bbox 2836 2392 2894 2448; x_wconf 75' lang='grc' dir='ltr'>δὲ</span> <span class='ocrx_word' id='word_1_334' title='bbox 2969 2400 3059 2448; x_wconf 83' lang='grc' dir='ltr'>καὶ</span> <span class='ocrx_word' id='word_1_335' title='bbox 3112 2398 3193 2466; x_wconf 92' lang='grc' dir='ltr'>τὸ,</span> <span class='ocrx_word' id='word_1_336' title='bbox 3260 2396 3563 2470; x_wconf 78' lang='grc' dir='ltr'>παρακαλῶ⁸</span> <span class='ocrx_word' id='word_1_337' title='bbox 3625 2398 3696 2457; x_wconf 85' lang='grc' dir='ltr'>ὡς</span> <span class='ocrx_word' id='word_1_338' title='bbox 3746 2399 3802 2448; x_wconf 86' lang='grc' dir='ltr'>τὸ</span> 
     </span>
    </p>
   </div>
   <div class='ocr_carea' id='block_1_46' title="bbox 424 2481 2046 2561">
    <p class='ocr_par' dir='ltr' id='par_1_46' title="bbox 424 2486 2046 2559">
     <span class='ocr_line' id='line_1_46' title="bbox 424 2486 2046 2559; baseline -0.003 -18"><span class='ocrx_word' id='word_1_339' title='bbox 424 2486 549 2542; x_wconf 89' lang='lat' dir='ltr'>ﬁlia</span> <span class='ocrx_word' id='word_1_340' title='bbox 578 2503 688 2542; x_wconf 89' lang='lat' dir='ltr'>sua</span> <span class='ocrx_word' id='word_1_341' title='bbox 719 2489 787 2541; x_wconf 66' lang='grc' dir='ltr'>δ’,</span> <span class='ocrx_word' id='word_1_342' title='bbox 822 2487 887 2542; x_wconf 86' lang='lat' dir='ltr'>Et</span> <span class='ocrx_word' id='word_1_343' title='bbox 910 2488 1095 2543; x_wconf 90' lang='lat' dir='ltr'>Lucas</span> <span class='ocrx_word' id='word_1_344' title='bbox 1140 2488 1371 2543; x_wconf 89' lang='lat' dir='ltr'>decimo</span> <span class='ocrx_word' id='word_1_345' title='bbox 1411 2492 1625 2559; x_wconf 86' lang='lat' dir='ltr'>quarto</span> <span class='ocrx_word' id='word_1_346' title='bbox 1652 2489 1843 2559; x_wconf 86' lang='lat' dir='ltr'>capite</span> <span class='ocrx_word' id='word_1_347' title='bbox 1892 2489 2046 2559; x_wconf 75' lang='grc' dir='ltr'>ἐρωτᾱ</span> 
     </span>
    </p>
   </div>
   <div class='ocr_carea' id='block_1_47' title="bbox 2181 2481 3803 2561">
    <p class='ocr_par' dir='ltr' id='par_1_47' title="bbox 2193 2481 3803 2561">
     <span class='ocr_line' id='line_1_47' title="bbox 2193 2481 3803 2561; baseline -0.001 -23"><span class='ocrx_word' id='word_1_348' title='bbox 2193 2487 2394 2561; x_wconf 84' lang='grc' dir='ltr'>Ἐρωτώ</span> <span class='ocrx_word' id='word_1_349' title='bbox 2462 2505 2541 2555; x_wconf 86' lang='grc' dir='ltr'>σε,</span> <span class='ocrx_word' id='word_1_350' title='bbox 2623 2488 2713 2558; x_wconf 81' lang='grc' dir='ltr'>ἔχε</span> <span class='ocrx_word' id='word_1_351' title='bbox 2801 2504 2864 2558; x_wconf 85' lang='grc' dir='ltr'>με</span> <span class='ocrx_word' id='word_1_352' title='bbox 2924 2488 3308 2560; x_wconf 74' lang='grc' dir='ltr'>παρῃτημένον.</span> <span class='ocrx_word' id='word_1_353' title='bbox 3375 2484 3523 2538; x_wconf 82' lang='grc' dir='ltr'>Ἐστι</span> <span class='ocrx_word' id='word_1_354' title='bbox 3592 2481 3665 2555; x_wconf 85' lang='grc' dir='ltr'>δ’,</span> <span class='ocrx_word' id='word_1_355' title='bbox 3721 2486 3803 2537; x_wconf 86' lang='grc' dir='ltr'>ὅτε</span> 
     </span>
    </p>
   </div>
   <div class='ocr_carea' id='block_1_48' title="bbox 426 2570 2048 2647">
    <p class='ocr_par' dir='ltr' id='par_1_48' title="bbox 426 2576 2048 2645">
     <span class='ocr_line' id='line_1_48' title="bbox 426 2576 2048 2645; baseline 0 -14"><span class='ocrx_word' id='word_1_356' title='bbox 426 2576 543 2631; x_wconf 87' lang='grc'><strong>1100</strong></span> <span class='ocrx_word' id='word_1_357' title='bbox 557 2580 661 2639; x_wconf 83' lang='lat' dir='ltr'>est,</span> <span class='ocrx_word' id='word_1_358' title='bbox 684 2576 972 2645; x_wconf 74' lang='lat' dir='ltr'>deprecor</span> <span class='ocrx_word' id='word_1_359' title='bbox 994 2583 1065 2641; x_wconf 88' lang='lat' dir='ltr'>le,</span> <span class='ocrx_word' id='word_1_360' title='bbox 1093 2576 1243 2632; x_wconf 78' lang='lat' dir='ltr'>habe</span> <span class='ocrx_word' id='word_1_361' title='bbox 1264 2592 1356 2632; x_wconf 89' lang='lat' dir='ltr'>me</span> <span class='ocrx_word' id='word_1_362' title='bbox 1370 2582 1706 2633; x_wconf 75' lang='lat' dir='ltr'>excusatum</span> <span class='ocrx_word' id='word_1_363' title='bbox 1723 2578 1790 2629; x_wconf 74' lang='grc'>⁸³.</span> <span class='ocrx_word' id='word_1_364' title='bbox 1808 2577 1971 2631; x_wconf 84' lang='grc' dir='ltr'><strong>Ε8101</strong></span> <span class='ocrx_word' id='word_1_365' title='bbox 1984 2576 2048 2631; x_wconf 82' lang='grc'>111</span> 
     </span>
    </p>
   </div>
   <div class='ocr_carea' id='block_1_49' title="bbox 2183 2570 3805 2647">
    <p class='ocr_par' dir='ltr' id='par_1_49' title="bbox 2197 2570 3805 2647">
     <span class='ocr_line' id='line_1_49' title="bbox 2197 2570 3805 2647; baseline 0 -19"><span class='ocrx_word' id='word_1_366' title='bbox 2197 2573 2353 2633; x_wconf 81' lang='grc' dir='ltr'>δηλοῖ</span> <span class='ocrx_word' id='word_1_367' title='bbox 2403 2580 2492 2627; x_wconf 87' lang='grc' dir='ltr'>καὶ</span> <span class='ocrx_word' id='word_1_368' title='bbox 2548 2577 2606 2626; x_wconf 85' lang='grc' dir='ltr'>τό</span> <span class='ocrx_word' id='word_1_369' title='bbox 2658 2576 3002 2647; x_wconf 78' lang='grc' dir='ltr'>προστάσσω,</span> <span class='ocrx_word' id='word_1_370' title='bbox 3056 2577 3123 2635; x_wconf 81' lang='grc' dir='ltr'>ὡς</span> <span class='ocrx_word' id='word_1_371' title='bbox 3177 2578 3253 2626; x_wconf 85' lang='grc' dir='ltr'><em>τό’</em></span> <span class='ocrx_word' id='word_1_372' title='bbox 3304 2573 3491 2646; x_wconf 77' lang='grc' dir='ltr'>Ἐμϐἀς</span> <span class='ocrx_word' id='word_1_373' title='bbox 3564 2570 3622 2627; x_wconf 75' lang='grc' dir='ltr'>δὲ</span> <span class='ocrx_word' id='word_1_374' title='bbox 3687 2574 3805 2645; x_wconf 87' lang='grc'>(98)</span> 
     </span>
    </p>
   </div>
   <div class='ocr_carea' id='block_1_50' title="bbox 423 2660 2045 2736">
    <p class='ocr_par' dir='ltr' id='par_1_50' title="bbox 423 2664 2045 2735">
     <span class='ocr_line' id='line_1_50' title="bbox 423 2664 2045 2735; baseline 0.001 -17"><span class='ocrx_word' id='word_1_375' title='bbox 423 2664 635 2735; x_wconf 90' lang='lat' dir='ltr'>jubere</span> <span class='ocrx_word' id='word_1_376' title='bbox 662 2664 973 2734; x_wconf 87' lang='lat' dir='ltr'>signiﬁcat,</span> <span class='ocrx_word' id='word_1_377' title='bbox 1018 2669 1081 2720; x_wconf 90' lang='lat' dir='ltr'>ut</span> <span class='ocrx_word' id='word_1_378' title='bbox 1117 2682 1254 2720; x_wconf 91' lang='lat' dir='ltr'>cum</span> <span class='ocrx_word' id='word_1_379' title='bbox 1299 2666 1457 2721; x_wconf 89' lang='lat' dir='ltr'>circa</span> <span class='ocrx_word' id='word_1_380' title='bbox 1506 2666 1689 2720; x_wconf 88' lang='lat' dir='ltr'>ﬁnem</span> <span class='ocrx_word' id='word_1_381' title='bbox 1732 2665 1951 2721; x_wconf 89' lang='lat' dir='ltr'>decimi</span> <span class='ocrx_word' id='word_1_382' title='bbox 1995 2681 2045 2720; x_wconf 72' lang='lat' dir='ltr'>cz</span> 
     </span>
    </p>
   </div>
   <div class='ocr_carea' id='block_1_51' title="bbox 2185 2660 3807 2736">
    <p class='ocr_par' dir='ltr' id='par_1_51' title="bbox 2198 2660 3807 2736">
     <span class='ocr_line' id='line_1_51' title="bbox 2198 2660 3807 2736; baseline -0.001 -20"><span class='ocrx_word' id='word_1_383' title='bbox 2198 2664 2264 2724; x_wconf 86' lang='grc' dir='ltr'>εἰς</span> <span class='ocrx_word' id='word_1_384' title='bbox 2331 2664 2377 2716; x_wconf 80' lang='grc' dir='ltr'>ἓν</span> <span class='ocrx_word' id='word_1_385' title='bbox 2435 2672 2532 2715; x_wconf 85' lang='grc' dir='ltr'>τῶν</span> <span class='ocrx_word' id='word_1_386' title='bbox 2590 2662 2800 2727; x_wconf 79' lang='grc' dir='ltr'>πλοίων,</span> <span class='ocrx_word' id='word_1_387' title='bbox 2859 2663 2886 2717; x_wconf 87' lang='grc' dir='ltr'>ὃ</span> <span class='ocrx_word' id='word_1_388' title='bbox 2943 2660 3003 2721; x_wconf 72' lang='grc' dir='ltr'>ἦν</span> <span class='ocrx_word' id='word_1_389' title='bbox 3066 2670 3157 2715; x_wconf 80' lang='grc' dir='ltr'>τοῦ</span> <span class='ocrx_word' id='word_1_390' title='bbox 3220 2667 3463 2735; x_wconf 87' lang='grc' dir='ltr'>Σίμωνος,</span> <span class='ocrx_word' id='word_1_391' title='bbox 3537 2663 3807 2736; x_wconf 77' lang='grc' dir='ltr'>ἠρώτησεν</span> 
     </span>
    </p>
   </div>
   <div class='ocr_carea' id='block_1_52' title="bbox 433 2722 2055 2824">
    <p class='ocr_par' dir='ltr' id='par_1_52' title="bbox 433 2752 2055 2824">
     <span class='ocr_line' id='line_1_52' title="bbox 433 2752 2055 2824; baseline 0.001 -18"><span class='ocrx_word' id='word_1_392' title='bbox 433 2752 574 2824; x_wconf 90' lang='lat' dir='ltr'>pitis</span> <span class='ocrx_word' id='word_1_393' title='bbox 616 2753 781 2824; x_wconf 90' lang='lat' dir='ltr'>apud</span> <span class='ocrx_word' id='word_1_394' title='bbox 828 2753 1049 2809; x_wconf 91' lang='lat' dir='ltr'>Lucam</span> <span class='ocrx_word' id='word_1_395' title='bbox 1108 2754 1323 2808; x_wconf 90' lang='lat' dir='ltr'>dicitur</span> <span class='ocrx_word' id='word_1_396' title='bbox 1362 2772 1373 2809; x_wconf 91' lang='lat'>:</span> <span class='ocrx_word' id='word_1_397' title='bbox 1428 2754 1722 2824; x_wconf 84' lang='lat' dir='ltr'>Ingressus</span> <span class='ocrx_word' id='word_1_398' title='bbox 1787 2761 1976 2810; x_wconf 80' lang='lat' dir='ltr'>autem</span> <span class='ocrx_word' id='word_1_399' title='bbox 2025 2754 2055 2809; x_wconf 62' lang='lat' dir='ltr'>i1</span> 
     </span>
    </p>
   </div>
   <div class='ocr_carea' id='block_1_53' title="bbox 2186 2722 3808 2824">
    <p class='ocr_par' dir='ltr' id='par_1_53' title="bbox 2199 2751 3808 2824">
     <span class='ocr_line' id='line_1_53' title="bbox 2199 2751 3808 2824; baseline -0.001 -19"><span class='ocrx_word' id='word_1_400' title='bbox 2199 2753 2352 2805; x_wconf 73' lang='grc' dir='ltr'>αὐτόν</span> <span class='ocrx_word' id='word_1_401' title='bbox 2428 2751 2528 2805; x_wconf 88' lang='grc' dir='ltr'>ἀπὸ</span> <span class='ocrx_word' id='word_1_402' title='bbox 2612 2761 2704 2813; x_wconf 79' lang='grc' dir='ltr'>τῆς</span> <span class='ocrx_word' id='word_1_403' title='bbox 2800 2760 2897 2824; x_wconf 85' lang='grc' dir='ltr'>γῆς</span> <span class='ocrx_word' id='word_1_404' title='bbox 2990 2751 3330 2824; x_wconf 71' lang='grc' dir='ltr'>ἐπαναγαγεῖν</span> <span class='ocrx_word' id='word_1_405' title='bbox 3404 2752 3574 2824; x_wconf 90' lang='grc' dir='ltr'>ὀλίγον</span> <span class='ocrx_word' id='word_1_406' title='bbox 3615 2795 3627 2809; x_wconf 93' lang='grc'><strong>.</strong></span> <span class='ocrx_word' id='word_1_407' title='bbox 3721 2752 3808 2814; x_wconf 78' lang='grc' dir='ltr'>Ὠς</span> 
     </span>
    </p>
   </div>
   <div class='ocr_carea' id='block_1_54' title="bbox 434 2839 2056 2917">
    <p class='ocr_par' dir='ltr' id='par_1_54' title="bbox 434 2842 2056 2917">
     <span class='ocr_line' id='line_1_54' title="bbox 434 2842 2056 2917; baseline 0.001 -22"><span class='ocrx_word' id='word_1_408' title='bbox 434 2856 613 2897; x_wconf 84' lang='lat' dir='ltr'>unam</span> <span class='ocrx_word' id='word_1_409' title='bbox 650 2844 852 2897; x_wconf 81' lang='lat' dir='ltr'>navim</span> <span class='ocrx_word' id='word_1_410' title='bbox 900 2858 1033 2913; x_wconf 69' lang='lat' dir='ltr'>qua:</span> <span class='ocrx_word' id='word_1_411' title='bbox 1084 2848 1209 2897; x_wconf 80' lang='lat' dir='ltr'>erat</span> <span class='ocrx_word' id='word_1_412' title='bbox 1264 2842 1522 2899; x_wconf 80' lang='lat' dir='ltr'>Simonis</span> <span class='ocrx_word' id='word_1_413' title='bbox 1575 2844 1865 2917; x_wconf 80' lang='grc' dir='ltr'>ἠρώτησεν,</span> <span class='ocrx_word' id='word_1_414' title='bbox 1914 2842 1973 2897; x_wconf 93' lang='lat' dir='ltr'>id</span> <span class='ocrx_word' id='word_1_415' title='bbox 2001 2858 2056 2897; x_wconf 87' lang='lat' dir='ltr'>es</span> 
     </span>
    </p>
   </div>
   <div class='ocr_carea' id='block_1_55' title="bbox 2183 2839 3805 2917">
    <p class='ocr_par' dir='ltr' id='par_1_55' title="bbox 2200 2839 3805 2916">
     <span class='ocr_line' id='line_1_55' title="bbox 2200 2839 3805 2916; baseline 0 -23"><span class='ocrx_word' id='word_1_416' title='bbox 2200 2839 2526 2903; x_wconf 84' lang='grc' dir='ltr'>διδάσκαλος</span> <span class='ocrx_word' id='word_1_417' title='bbox 2588 2844 2688 2915; x_wconf 88' lang='grc' dir='ltr'>γάρ</span> <span class='ocrx_word' id='word_1_418' title='bbox 2766 2841 3099 2916; x_wconf 76' lang='grc' dir='ltr'>προσέταξεν,</span> <span class='ocrx_word' id='word_1_419' title='bbox 3157 2840 3266 2893; x_wconf 82' lang='grc' dir='ltr'>ἐπεὶ</span> <span class='ocrx_word' id='word_1_420' title='bbox 3348 2846 3437 2894; x_wconf 84' lang='grc' dir='ltr'>καὶ</span> <span class='ocrx_word' id='word_1_421' title='bbox 3500 2844 3630 2914; x_wconf 89' lang='grc' dir='ltr'>μετά</span> <span class='ocrx_word' id='word_1_422' title='bbox 3678 2842 3805 2913; x_wconf 82' lang='grc' dir='ltr'>’μι-</span> 
     </span>
    </p>
   </div>
   <div class='ocr_carea' id='block_1_56' title="bbox 429 2929 2051 3006">
    <p class='ocr_par' dir='ltr' id='par_1_56' title="bbox 429 2931 2051 3002">
     <span class='ocr_line' id='line_1_56' title="bbox 429 2931 2051 3002; baseline 0.001 -17"><span class='ocrx_word' id='word_1_423' title='bbox 429 2931 603 3001; x_wconf 79' lang='lat' dir='ltr'>jussz&#39;l</span> <span class='ocrx_word' id='word_1_424' title='bbox 653 2947 774 2987; x_wconf 83' lang='lat' dir='ltr'>eum</span> <span class='ocrx_word' id='word_1_425' title='bbox 803 2936 861 2987; x_wconf 83' lang='lat' dir='ltr'>ul</span> <span class='ocrx_word' id='word_1_426' title='bbox 893 2947 930 2986; x_wconf 89' lang='lat' dir='ltr'>a</span> <span class='ocrx_word' id='word_1_427' title='bbox 966 2938 1124 2987; x_wconf 79' lang='lat' dir='ltr'>terra</span> <span class='ocrx_word' id='word_1_428' title='bbox 1164 2931 1483 2988; x_wconf 82' lang='lat' dir='ltr'>abduceret</span> <span class='ocrx_word' id='word_1_429' title='bbox 1529 2933 1803 3002; x_wconf 80' lang='lat' dir='ltr'>pusillum</span> <span class='ocrx_word' id='word_1_430' title='bbox 1835 2934 1901 2986; x_wconf 60' lang='grc' dir='ltr'>δι.</span> <span class='ocrx_word' id='word_1_431' title='bbox 1937 2932 2051 2988; x_wconf 75' lang='lat' dir='ltr'>Tan</span> 
     </span>
    </p>
   </div>
   <div class='ocr_carea' id='block_1_57' title="bbox 2181 2929 3803 3006">
    <p class='ocr_par' dir='ltr' id='par_1_57' title="bbox 2197 2929 3803 3006">
     <span class='ocr_line' id='line_1_57' title="bbox 2197 2929 3803 3006; baseline -0.001 -23"><span class='ocrx_word' id='word_1_432' title='bbox 2197 2934 2319 3006; x_wconf 85' lang='grc' dir='ltr'>κρόν</span> <span class='ocrx_word' id='word_1_433' title='bbox 2400 2930 2808 2994; x_wconf 81' lang='grc' dir='ltr'>ἐξουσιαστικῶς</span> <span class='ocrx_word' id='word_1_434' title='bbox 2885 2929 3019 2983; x_wconf 85' lang='grc' dir='ltr'>εἶπεν</span> <span class='ocrx_word' id='word_1_435' title='bbox 3068 2948 3079 2961; x_wconf 83' lang='lat'>&#39;</span> <span class='ocrx_word' id='word_1_436' title='bbox 3166 2931 3497 3003; x_wconf 80' lang='grc' dir='ltr'>Ἐπανάγαγε</span> <span class='ocrx_word' id='word_1_437' title='bbox 3581 2930 3648 2991; x_wconf 84' lang='grc' dir='ltr'>εἰς</span> <span class='ocrx_word' id='word_1_438' title='bbox 3746 2932 3803 2983; x_wconf 89' lang='lat'>1&#39;6</span> 
     </span>
    </p>
   </div>
   <div class='ocr_carea' id='block_1_58' title="bbox 430 3019 2383 3092">
    <p class='ocr_par' dir='ltr' id='par_1_58' title="bbox 430 3019 2383 3092">
     <span class='ocr_line' id='line_1_58' title="bbox 430 3019 2383 3092; baseline 0.001 -18"><span class='ocrx_word' id='word_1_439' title='bbox 430 3033 619 3090; x_wconf 89' lang='lat' dir='ltr'>quam</span> <span class='ocrx_word' id='word_1_440' title='bbox 649 3024 982 3090; x_wconf 65' lang='lat' dir='ltr'>praeceptor</span> <span class='ocrx_word' id='word_1_441' title='bbox 1032 3019 1193 3075; x_wconf 90' lang='lat' dir='ltr'>enim</span> <span class='ocrx_word' id='word_1_442' title='bbox 1220 3021 1417 3092; x_wconf 86' lang='lat' dir='ltr'>jussit.</span> <span class='ocrx_word' id='word_1_443' title='bbox 1452 3024 1601 3076; x_wconf 85' lang='lat' dir='ltr'>Nam</span> <span class='ocrx_word' id='word_1_444' title='bbox 1633 3025 1687 3077; x_wconf 90' lang='lat' dir='ltr'>et</span> <span class='ocrx_word' id='word_1_445' title='bbox 1731 3020 1912 3092; x_wconf 91' lang='lat' dir='ltr'>paulo</span> <span class='ocrx_word' id='word_1_446' title='bbox 1956 3024 2090 3092; x_wconf 88' lang='lat' dir='ltr'>post</span> <span class='ocrx_word' id='word_1_447' title='bbox 2200 3019 2383 3092; x_wconf 84' lang='grc' dir='ltr'>βάθος.</span> 
     </span>
    </p>
   </div>
   <div class='ocr_carea' id='block_1_59' title="bbox 426 3106 2086 3179">
    <p class='ocr_par' dir='ltr' id='par_1_59' title="bbox 426 3106 2086 3179">
     <span class='ocr_line' id='line_1_59' title="bbox 426 3106 2086 3179; baseline 0.003 -17"><span class='ocrx_word' id='word_1_448' title='bbox 426 3106 603 3179; x_wconf 89' lang='lat' dir='ltr'>quasi</span> <span class='ocrx_word' id='word_1_449' title='bbox 640 3108 1051 3164; x_wconf 87' lang='lat' dir='ltr'>auctoritatem</span> <span class='ocrx_word' id='word_1_450' title='bbox 1072 3108 1304 3164; x_wconf 89' lang='lat' dir='ltr'>habens</span> <span class='ocrx_word' id='word_1_451' title='bbox 1330 3109 1477 3164; x_wconf 82' lang='lat' dir='ltr'>dixit</span> <span class='ocrx_word' id='word_1_452' title='bbox 1505 3126 1517 3163; x_wconf 92' lang='lat'><strong>:</strong></span> <span class='ocrx_word' id='word_1_453' title='bbox 1553 3112 1676 3165; x_wconf 90' lang='lat' dir='ltr'>Duc</span> <span class='ocrx_word' id='word_1_454' title='bbox 1697 3111 1757 3165; x_wconf 80' lang='lat' dir='ltr'>in</span> <span class='ocrx_word' id='word_1_455' title='bbox 1797 3112 1987 3165; x_wconf 82' lang='lat' dir='ltr'>altum</span> <span class='ocrx_word' id='word_1_456' title='bbox 2015 3109 2086 3167; x_wconf 72' lang='grc'>⁸³.</span> 
     </span>
    </p>
   </div>
   <div class='ocr_carea' id='block_1_60' title="bbox 496 3196 2118 3274">
    <p class='ocr_par' dir='ltr' id='par_1_60' title="bbox 496 3196 2087 3271">
     <span class='ocr_line' id='line_1_60' title="bbox 496 3196 2087 3271; baseline 0.001 -19"><span class='ocrx_word' id='word_1_457' title='bbox 496 3196 656 3252; x_wconf 92' lang='lat' dir='ltr'>Vers.</span> <span class='ocrx_word' id='word_1_458' title='bbox 694 3200 780 3253; x_wconf 65' lang='lat' dir='ltr'>2i.</span> <span class='ocrx_word' id='word_1_459' title='bbox 826 3200 903 3253; x_wconf 86' lang='lat' dir='ltr'>Al</span> <span class='ocrx_word' id='word_1_460' title='bbox 936 3199 1043 3253; x_wconf 83' lang='lat' dir='ltr'>ille</span> <span class='ocrx_word' id='word_1_461' title='bbox 1088 3230 1157 3237; x_wconf 85' lang='lat'><strong>—-</strong></span> <span class='ocrx_word' id='word_1_462' title='bbox 1206 3200 1412 3254; x_wconf 82' lang='lat' dir='ltr'>Israel.</span> <span class='ocrx_word' id='word_1_463' title='bbox 1450 3198 1792 3254; x_wconf 79' lang='lat' dir='ltr'>SuiIlciebat</span> <span class='ocrx_word' id='word_1_464' title='bbox 1839 3198 2087 3271; x_wconf 88' lang='lat' dir='ltr'>quidem</span> 
     </span>
    </p>
   </div>
   <div class='ocr_carea' id='block_1_61' title="bbox 2179 3196 3801 3274">
    <p class='ocr_par' dir='ltr' id='par_1_61' title="bbox 2268 3197 3801 3274">
     <span class='ocr_line' id='line_1_61' title="bbox 2268 3197 3801 3274; baseline -0.001 -23"><span class='ocrx_word' id='word_1_465' title='bbox 2268 3206 2310 3251; x_wconf 98' lang='lat'>0</span> <span class='ocrx_word' id='word_1_466' title='bbox 2365 3230 2430 3238; x_wconf 96' lang='lat'><strong>—</strong></span> <span class='ocrx_word' id='word_1_467' title='bbox 2486 3198 2747 3274; x_wconf 84' lang='grc' dir='ltr'>Ἰσραήλ.</span> <span class='ocrx_word' id='word_1_468' title='bbox 2815 3198 2985 3257; x_wconf 76' lang='grc' dir='ltr'>Ἰκανὴ</span> <span class='ocrx_word' id='word_1_469' title='bbox 3054 3200 3143 3270; x_wconf 73' lang='grc' dir='ltr'>μὲν</span> <span class='ocrx_word' id='word_1_470' title='bbox 3220 3202 3310 3251; x_wconf 83' lang='grc' dir='ltr'>καὶ</span> <span class='ocrx_word' id='word_1_471' title='bbox 3387 3199 3417 3257; x_wconf 82' lang='grc' dir='ltr'>ἡ</span> <span class='ocrx_word' id='word_1_472' title='bbox 3500 3202 3668 3257; x_wconf 87' lang='grc' dir='ltr'>σιωπὴ</span> <span class='ocrx_word' id='word_1_473' title='bbox 3729 3197 3801 3261; x_wconf 88' lang='grc' dir='ltr'>εἰς</span> 
     </span>
    </p>
   </div>
   <div class='ocr_carea' id='block_1_62' title="bbox 423 3284 2045 3361">
    <p class='ocr_par' dir='ltr' id='par_1_62' title="bbox 423 3285 2045 3358">
     <span class='ocr_line' id='line_1_62' title="bbox 423 3285 2045 3358; baseline 0.001 -18"><span class='ocrx_word' id='word_1_474' title='bbox 423 3285 721 3343; x_wconf 90' lang='lat' dir='ltr'>silentium</span> <span class='ocrx_word' id='word_1_475' title='bbox 752 3291 815 3342; x_wconf 90' lang='lat' dir='ltr'>ut</span> <span class='ocrx_word' id='word_1_476' title='bbox 846 3303 980 3342; x_wconf 90' lang='lat' dir='ltr'>eam</span> <span class='ocrx_word' id='word_1_477' title='bbox 1012 3287 1071 3342; x_wconf 90' lang='lat' dir='ltr'>in</span> <span class='ocrx_word' id='word_1_478' title='bbox 1112 3288 1590 3358; x_wconf 88' lang='lat' dir='ltr'>desperationem</span> <span class='ocrx_word' id='word_1_479' title='bbox 1641 3288 1959 3357; x_wconf 86' lang='lat' dir='ltr'>conjiceret</span> <span class='ocrx_word' id='word_1_480' title='bbox 1992 3304 2004 3353; x_wconf 94' lang='lat'><strong>;</strong></span> <span class='ocrx_word' id='word_1_481' title='bbox 2032 3305 2045 3341; x_wconf 73' lang='grc' dir='ltr'>ξ</span> 
     </span>
    </p>
   </div>
   <div class='ocr_carea' id='block_1_63' title="bbox 2178 3284 3800 3361">
    <p class='ocr_par' dir='ltr' id='par_1_63' title="bbox 2197 3284 3800 3361">
     <span class='ocr_line' id='line_1_63' title="bbox 2197 3284 3800 3361; baseline 0 -23"><span class='ocrx_word' id='word_1_482' title='bbox 2197 3285 2493 3360; x_wconf 81' lang='grc' dir='ltr'>ἀπόγνωσιν</span> <span class='ocrx_word' id='word_1_483' title='bbox 2548 3287 2782 3361; x_wconf 80' lang='grc' dir='ltr'>ἐμϐαλεῖν</span> <span class='ocrx_word' id='word_1_484' title='bbox 2841 3286 3003 3345; x_wconf 74' lang='grc' dir='ltr'>αὐτήν</span> <span class='ocrx_word' id='word_1_485' title='bbox 3037 3303 3049 3317; x_wconf 87' lang='grc'><strong>·</strong></span> <span class='ocrx_word' id='word_1_486' title='bbox 3109 3289 3139 3345; x_wconf 77' lang='grc' dir='ltr'>ἡ</span> <span class='ocrx_word' id='word_1_487' title='bbox 3198 3284 3249 3340; x_wconf 90' lang='grc' dir='ltr'>δ’</span> <span class='ocrx_word' id='word_1_488' title='bbox 3305 3285 3585 3360; x_wconf 75' lang='grc' dir='ltr'>ἀπόκρισις</span> <span class='ocrx_word' id='word_1_489' title='bbox 3633 3286 3800 3358; x_wconf 81' lang='grc' dir='ltr'>πολλῷ</span> 
     </span>
    </p>
   </div>
   <div class='ocr_carea' id='block_1_64' title="bbox 421 3375 2043 3451">
    <p class='ocr_par' dir='ltr' id='par_1_64' title="bbox 421 3375 2043 3447">
     <span class='ocr_line' id='line_1_64' title="bbox 421 3375 2043 3447; baseline 0.001 -17"><span class='ocrx_word' id='word_1_490' title='bbox 421 3375 736 3447; x_wconf 88' lang='lat' dir='ltr'>responsio</span> <span class='ocrx_word' id='word_1_491' title='bbox 768 3376 950 3431; x_wconf 91' lang='lat' dir='ltr'>multo</span> <span class='ocrx_word' id='word_1_492' title='bbox 981 3376 1159 3431; x_wconf 87' lang='lat' dir='ltr'>etiam</span> <span class='ocrx_word' id='word_1_493' title='bbox 1191 3376 1446 3446; x_wconf 88' lang='lat' dir='ltr'>amplius</span> <span class='ocrx_word' id='word_1_494' title='bbox 1489 3376 1968 3447; x_wconf 84' lang='lat' dir='ltr'>desperationem</span> <span class='ocrx_word' id='word_1_495' title='bbox 2000 3378 2043 3431; x_wconf 91' lang='grc'>11</span> 
     </span>
    </p>
   </div>
   <div class='ocr_carea' id='block_1_65' title="bbox 2181 3375 3803 3451">
    <p class='ocr_par' dir='ltr' id='par_1_65' title="bbox 2194 3376 3803 3451">
     <span class='ocr_line' id='line_1_65' title="bbox 2194 3376 3803 3451; baseline 0 -22"><span class='ocrx_word' id='word_1_496' title='bbox 2194 3378 2341 3431; x_wconf 84' lang='grc' dir='ltr'>πλέον</span> <span class='ocrx_word' id='word_1_497' title='bbox 2404 3383 2498 3436; x_wconf 80' lang='grc' dir='ltr'>την</span> <span class='ocrx_word' id='word_1_498' title='bbox 2559 3376 2778 3451; x_wconf 87' lang='grc' dir='ltr'>ἀπορίαν</span> <span class='ocrx_word' id='word_1_499' title='bbox 2847 3379 3134 3432; x_wconf 85' lang='grc' dir='ltr'>ἐπέτεινεν.</span> <span class='ocrx_word' id='word_1_500' title='bbox 3186 3377 3467 3449; x_wconf 80' lang='grc' dir='ltr'>Ἀπεκρίθη</span> <span class='ocrx_word' id='word_1_501' title='bbox 3509 3380 3609 3451; x_wconf 80' lang='grc' dir='ltr'>γὰρ</span> <span class='ocrx_word' id='word_1_502' title='bbox 3641 3422 3656 3449; x_wconf 95' lang='grc'>,</span> <span class='ocrx_word' id='word_1_503' title='bbox 3723 3378 3803 3430; x_wconf 84' lang='grc' dir='ltr'>ὅτι</span> 
     </span>
    </p>
   </div>
   <div class='ocr_carea' id='block_1_66' title="bbox 420 3464 2042 3539">
    <p class='ocr_par' dir='ltr' id='par_1_66' title="bbox 420 3465 2041 3536">
     <span class='ocr_line' id='line_1_66' title="bbox 420 3465 2041 3536; baseline 0.001 -16"><span class='ocrx_word' id='word_1_504' title='bbox 420 3465 623 3521; x_wconf 85' lang='lat' dir='ltr'>tendit.</span> <span class='ocrx_word' id='word_1_505' title='bbox 672 3465 999 3536; x_wconf 85' lang='lat' dir='ltr'>Respondit</span> <span class='ocrx_word' id='word_1_506' title='bbox 1045 3466 1203 3519; x_wconf 90' lang='lat' dir='ltr'>enim</span> <span class='ocrx_word' id='word_1_507' title='bbox 1234 3482 1246 3519; x_wconf 91' lang='lat'><strong>:</strong></span> <span class='ocrx_word' id='word_1_508' title='bbox 1279 3465 1413 3521; x_wconf 88' lang='lat' dir='ltr'>Non</span> <span class='ocrx_word' id='word_1_509' title='bbox 1460 3482 1586 3521; x_wconf 89' lang='lat' dir='ltr'>sum</span> <span class='ocrx_word' id='word_1_510' title='bbox 1619 3467 1827 3521; x_wconf 78' lang='lat' dir='ltr'>missus</span> <span class='ocrx_word' id='word_1_511' title='bbox 1859 3466 1974 3521; x_wconf 89' lang='lat' dir='ltr'>nisi</span> <span class='ocrx_word' id='word_1_512' title='bbox 2007 3482 2041 3522; x_wconf 90' lang='lat' dir='ltr'>a</span> 
     </span>
    </p>
   </div>
   <div class='ocr_carea' id='block_1_67' title="bbox 2180 3464 3802 3539">
    <p class='ocr_par' dir='ltr' id='par_1_67' title="bbox 2195 3464 3802 3539">
     <span class='ocr_line' id='line_1_67' title="bbox 2195 3464 3802 3539; baseline -0.001 -20"><span class='ocrx_word' id='word_1_513' title='bbox 2195 3467 2304 3519; x_wconf 73' lang='grc' dir='ltr'>Οὐκ</span> <span class='ocrx_word' id='word_1_514' title='bbox 2383 3466 2679 3524; x_wconf 78' lang='grc' dir='ltr'>ἀπεστάλην</span> <span class='ocrx_word' id='word_1_515' title='bbox 2751 3466 2822 3527; x_wconf 78' lang='grc' dir='ltr'>εἰς</span> <span class='ocrx_word' id='word_1_516' title='bbox 2898 3464 3079 3526; x_wconf 77' lang='grc' dir='ltr'>ἄλλους</span> <span class='ocrx_word' id='word_1_517' title='bbox 3127 3466 3170 3518; x_wconf 80' lang='grc' dir='ltr'>εἰ</span> <span class='ocrx_word' id='word_1_518' title='bbox 3232 3471 3303 3539; x_wconf 80' lang='grc' dir='ltr'>μὴ</span> <span class='ocrx_word' id='word_1_519' title='bbox 3373 3471 3445 3528; x_wconf 87' lang='grc' dir='ltr'>εὶς</span> <span class='ocrx_word' id='word_1_520' title='bbox 3499 3468 3621 3526; x_wconf 79' lang='grc' dir='ltr'>τούς</span> <span class='ocrx_word' id='word_1_521' title='bbox 3678 3466 3802 3520; x_wconf 92' lang='grc' dir='ltr'>Ἰου-</span> 
     </span>
    </p>
   </div>
   <div class='ocr_carea' id='block_1_68' title="bbox 418 3552 2040 3630">
    <p class='ocr_par' dir='ltr' id='par_1_68' title="bbox 418 3554 2040 3625">
     <span class='ocr_line' id='line_1_68' title="bbox 418 3554 2040 3625; baseline 0.001 -18"><span class='ocrx_word' id='word_1_522' title='bbox 418 3554 671 3619; x_wconf 70' lang='lat' dir='ltr'>Judaaos,</span> <span class='ocrx_word' id='word_1_523' title='bbox 699 3555 811 3609; x_wconf 88' lang='lat' dir='ltr'>hos</span> <span class='ocrx_word' id='word_1_524' title='bbox 841 3554 990 3608; x_wconf 86' lang='lat' dir='ltr'>enim</span> <span class='ocrx_word' id='word_1_525' title='bbox 1023 3554 1341 3625; x_wconf 82' lang='lat' dir='ltr'>appellavit</span> <span class='ocrx_word' id='word_1_526' title='bbox 1408 3570 1526 3610; x_wconf 86' lang='lat' dir='ltr'>oves</span> <span class='ocrx_word' id='word_1_527' title='bbox 1573 3555 1834 3624; x_wconf 79' lang='lat' dir='ltr'>perditas</span> <span class='ocrx_word' id='word_1_528' title='bbox 1880 3556 2040 3611; x_wconf 69' lang='lat' dir='ltr'>doma</span> 
     </span>
    </p>
   </div>
   <div class='ocr_carea' id='block_1_69' title="bbox 2183 3552 3805 3630">
    <p class='ocr_par' dir='ltr' id='par_1_69' title="bbox 2195 3552 3805 3630">
     <span class='ocr_line' id='line_1_69' title="bbox 2195 3552 3805 3630; baseline 0.001 -23"><span class='ocrx_word' id='word_1_529' title='bbox 2195 3552 2413 3618; x_wconf 87' lang='grc' dir='ltr'>δαίους·</span> <span class='ocrx_word' id='word_1_530' title='bbox 2465 3558 2675 3616; x_wconf 76' lang='grc' dir='ltr'>τούτους</span> <span class='ocrx_word' id='word_1_531' title='bbox 2732 3558 2833 3630; x_wconf 83' lang='grc' dir='ltr'>γὰρ</span> <span class='ocrx_word' id='word_1_532' title='bbox 2902 3560 3138 3627; x_wconf 78' lang='grc' dir='ltr'>ὠνόμασε</span> <span class='ocrx_word' id='word_1_533' title='bbox 3192 3554 3431 3628; x_wconf 77' lang='grc' dir='ltr'>πρόϐατα</span> <span class='ocrx_word' id='word_1_534' title='bbox 3502 3554 3805 3608; x_wconf 82' lang='grc' dir='ltr'>ἀπολωλότα</span> 
     </span>
    </p>
   </div>
   <div class='ocr_carea' id='block_1_70' title="bbox 423 3640 2045 3718">
    <p class='ocr_par' dir='ltr' id='par_1_70' title="bbox 423 3640 2045 3715">
     <span class='ocr_line' id='line_1_70' title="bbox 423 3640 2045 3715; baseline 0.002 -19"><span class='ocrx_word' id='word_1_535' title='bbox 423 3640 630 3696; x_wconf 81' lang='lat' dir='ltr'>Israel.</span> <span class='ocrx_word' id='word_1_536' title='bbox 666 3644 811 3696; x_wconf 91' lang='lat' dir='ltr'>Nam</span> <span class='ocrx_word' id='word_1_537' title='bbox 865 3641 1099 3696; x_wconf 91' lang='lat' dir='ltr'>decimo</span> <span class='ocrx_word' id='word_1_538' title='bbox 1126 3656 1291 3696; x_wconf 91' lang='lat' dir='ltr'>nono</span> <span class='ocrx_word' id='word_1_539' title='bbox 1343 3658 1588 3714; x_wconf 88' lang='lat' dir='ltr'>quoque</span> <span class='ocrx_word' id='word_1_540' title='bbox 1620 3644 1812 3715; x_wconf 89' lang='lat' dir='ltr'>capite</span> <span class='ocrx_word' id='word_1_541' title='bbox 1842 3659 2045 3699; x_wconf 80' lang='lat' dir='ltr'>rursur</span> 
     </span>
    </p>
   </div>
   <div class='ocr_carea' id='block_1_71' title="bbox 2180 3640 3802 3718">
    <p class='ocr_par' dir='ltr' id='par_1_71' title="bbox 2193 3641 3802 3718">
     <span class='ocr_line' id='line_1_71' title="bbox 2193 3641 3802 3718; baseline -0.001 -20"><span class='ocrx_word' id='word_1_542' title='bbox 2193 3648 2335 3698; x_wconf 81' lang='grc' dir='ltr'>οῖκου</span> <span class='ocrx_word' id='word_1_543' title='bbox 2403 3644 2619 3718; x_wconf 82' lang='grc' dir='ltr'>Ἰσραήλ</span> <span class='ocrx_word' id='word_1_544' title='bbox 2649 3687 2660 3700; x_wconf 94' lang='grc'><strong>.</strong></span> <span class='ocrx_word' id='word_1_545' title='bbox 2718 3644 2859 3697; x_wconf 87' lang='grc' dir='ltr'>Ἐπεί</span> <span class='ocrx_word' id='word_1_546' title='bbox 2933 3649 3023 3696; x_wconf 79' lang='grc' dir='ltr'>καὶ</span> <span class='ocrx_word' id='word_1_547' title='bbox 3094 3643 3142 3695; x_wconf 84' lang='grc' dir='ltr'>ἐν</span> <span class='ocrx_word' id='word_1_548' title='bbox 3214 3652 3285 3715; x_wconf 85' lang='grc' dir='ltr'>τῷ</span> <span class='ocrx_word' id='word_1_549' title='bbox 3364 3641 3802 3717; x_wconf 76' lang='grc' dir='ltr'>ἐννεακαιδεκάτῳ</span> 
     </span>
    </p>
   </div>
   <div class='ocr_carea' id='block_1_72' title="bbox 426 3729 2048 3806">
    <p class='ocr_par' dir='ltr' id='par_1_72' title="bbox 426 3729 2048 3803">
     <span class='ocr_line' id='line_1_72' title="bbox 426 3729 2048 3803; baseline 0.002 -19"><span class='ocrx_word' id='word_1_550' title='bbox 426 3731 509 3785; x_wconf 87' lang='grc'>110</span> <span class='ocrx_word' id='word_1_551' title='bbox 530 3730 677 3784; x_wconf 85' lang='lat' dir='ltr'>dixit</span> <span class='ocrx_word' id='word_1_552' title='bbox 724 3729 1051 3802; x_wconf 86' lang='lat' dir='ltr'>apostolis:</span> <span class='ocrx_word' id='word_1_553' title='bbox 1093 3732 1169 3785; x_wconf 78' lang='lat' dir='ltr'>Ite</span> <span class='ocrx_word' id='word_1_554' title='bbox 1198 3734 1389 3787; x_wconf 82' lang='lat' dir='ltr'>autem</span> <span class='ocrx_word' id='word_1_555' title='bbox 1429 3734 1629 3801; x_wconf 79' lang='lat' dir='ltr'>potius</span> <span class='ocrx_word' id='word_1_556' title='bbox 1660 3732 1731 3786; x_wconf 89' lang='lat' dir='ltr'>ad</span> <span class='ocrx_word' id='word_1_557' title='bbox 1770 3749 1899 3789; x_wconf 86' lang='lat' dir='ltr'>oves</span> <span class='ocrx_word' id='word_1_558' title='bbox 1946 3749 2048 3803; x_wconf 81' lang='lat' dir='ltr'>per</span> 
     </span>
    </p>
   </div>
   <div class='ocr_carea' id='block_1_73' title="bbox 2176 3729 3798 3806">
    <p class='ocr_par' dir='ltr' id='par_1_73' title="bbox 2191 3732 3798 3806">
     <span class='ocr_line' id='line_1_73' title="bbox 2191 3732 3798 3806; baseline 0 -21"><span class='ocrx_word' id='word_1_559' title='bbox 2191 3734 2449 3806; x_wconf 79' lang='grc' dir='ltr'>κεφαλαίῳ</span> <span class='ocrx_word' id='word_1_560' title='bbox 2504 3740 2613 3794; x_wconf 84' lang='grc' dir='ltr'>τοῖς</span> <span class='ocrx_word' id='word_1_561' title='bbox 2677 3732 2987 3794; x_wconf 81' lang='grc' dir='ltr'>ἀποστόλοις</span> <span class='ocrx_word' id='word_1_562' title='bbox 3032 3733 3167 3785; x_wconf 75' lang='grc' dir='ltr'>οὕτω</span> <span class='ocrx_word' id='word_1_563' title='bbox 3221 3734 3373 3805; x_wconf 83' lang='lat'>(99)</span> <span class='ocrx_word' id='word_1_564' title='bbox 3428 3734 3582 3787; x_wconf 90' lang='grc' dir='ltr'>πάλιν</span> <span class='ocrx_word' id='word_1_565' title='bbox 3651 3736 3798 3786; x_wconf 78' lang='grc' dir='ltr'>εἰπε·</span> 
     </span>
    </p>
   </div>
   <div class='ocr_carea' id='block_1_74' title="bbox 426 3819 2048 3914">
    <p class='ocr_par' dir='ltr' id='par_1_74' title="bbox 426 3819 2044 3893">
     <span class='ocr_line' id='line_1_74' title="bbox 426 3819 2044 3893; baseline 0.002 -19"><span class='ocrx_word' id='word_1_566' title='bbox 426 3819 579 3875; x_wconf 79' lang='lat' dir='ltr'>ditas</span> <span class='ocrx_word' id='word_1_567' title='bbox 604 3820 810 3875; x_wconf 89' lang='lat' dir='ltr'>domus</span> <span class='ocrx_word' id='word_1_568' title='bbox 835 3820 1027 3875; x_wconf 86' lang='lat' dir='ltr'>Israel</span> <span class='ocrx_word' id='word_1_569' title='bbox 1054 3822 1119 3875; x_wconf 80' lang='grc'>⁸⁸.</span> <span class='ocrx_word' id='word_1_570' title='bbox 1150 3820 1303 3884; x_wconf 86' lang='lat' dir='ltr'>Quid</span> <span class='ocrx_word' id='word_1_571' title='bbox 1339 3836 1479 3893; x_wconf 89' lang='lat' dir='ltr'>ergo</span> <span class='ocrx_word' id='word_1_572' title='bbox 1503 3821 1712 3878; x_wconf 91' lang='lat' dir='ltr'>mulier</span> <span class='ocrx_word' id='word_1_573' title='bbox 1741 3823 1768 3878; x_wconf 78' lang='lat' dir='ltr'>‘I</span> <span class='ocrx_word' id='word_1_574' title='bbox 1787 3823 1933 3878; x_wconf 89' lang='lat' dir='ltr'>Cum</span> <span class='ocrx_word' id='word_1_575' title='bbox 1952 3839 2044 3878; x_wconf 87' lang='lat' dir='ltr'>ses</span> 
     </span>
    </p>
   </div>
   <div class='ocr_carea' id='block_1_75' title="bbox 2177 3819 3799 3914">
    <p class='ocr_par' dir='ltr' id='par_1_75' title="bbox 2193 3820 3799 3897">
     <span class='ocr_line' id='line_1_75' title="bbox 2193 3820 3799 3897; baseline -0.001 -20"><span class='ocrx_word' id='word_1_576' title='bbox 2193 3826 2479 3897; x_wconf 81' lang='grc' dir='ltr'>Πορεύεσθε</span> <span class='ocrx_word' id='word_1_577' title='bbox 2547 3820 2605 3876; x_wconf 72' lang='grc' dir='ltr'>δὲ</span> <span class='ocrx_word' id='word_1_578' title='bbox 2665 3822 2855 3895; x_wconf 73' lang='grc' dir='ltr'>μᾶλλον</span> <span class='ocrx_word' id='word_1_579' title='bbox 2906 3827 3037 3897; x_wconf 88' lang='grc' dir='ltr'>πρὸς</span> <span class='ocrx_word' id='word_1_580' title='bbox 3102 3825 3169 3876; x_wconf 85' lang='grc' dir='ltr'>τὰ</span> <span class='ocrx_word' id='word_1_581' title='bbox 3237 3822 3477 3896; x_wconf 85' lang='grc' dir='ltr'>πρόϐατα</span> <span class='ocrx_word' id='word_1_582' title='bbox 3536 3827 3603 3877; x_wconf 78' lang='grc' dir='ltr'>τὰ</span> <span class='ocrx_word' id='word_1_583' title='bbox 3664 3822 3799 3876; x_wconf 81' lang='grc' dir='ltr'>ἀπο-</span> 
     </span>
    </p>
   </div>
   <div class='ocr_carea' id='block_1_76' title="bbox 427 3907 2049 3987">
    <p class='ocr_par' dir='ltr' id='par_1_76' title="bbox 427 3907 2049 3984">
     <span class='ocr_line' id='line_1_76' title="bbox 427 3907 2049 3984; baseline 0.003 -22"><span class='ocrx_word' id='word_1_584' title='bbox 427 3907 649 3964; x_wconf 84' lang='lat' dir='ltr'>videret</span> <span class='ocrx_word' id='word_1_585' title='bbox 678 3924 809 3964; x_wconf 88' lang='lat' dir='ltr'>esse</span> <span class='ocrx_word' id='word_1_586' title='bbox 841 3908 1212 3981; x_wconf 86' lang='lat' dir='ltr'>despectam,</span> <span class='ocrx_word' id='word_1_587' title='bbox 1245 3909 1592 3981; x_wconf 89' lang='lat' dir='ltr'>repudiatos</span> <span class='ocrx_word' id='word_1_588' title='bbox 1621 3911 1788 3967; x_wconf 89' lang='lat' dir='ltr'>etiam</span> <span class='ocrx_word' id='word_1_589' title='bbox 1819 3911 1950 3968; x_wconf 90' lang='lat' dir='ltr'>illos</span> <span class='ocrx_word' id='word_1_590' title='bbox 1976 3928 2049 3984; x_wconf 90' lang='lat' dir='ltr'>qu</span> 
     </span>
    </p>
   </div>
   <div class='ocr_carea' id='block_1_77' title="bbox 2173 3907 3795 3987">
    <p class='ocr_par' dir='ltr' id='par_1_77' title="bbox 2190 3909 3795 3987">
     <span class='ocr_line' id='line_1_77' title="bbox 2190 3909 3795 3987; baseline -0.001 -22"><span class='ocrx_word' id='word_1_591' title='bbox 2190 3913 2389 3965; x_wconf 83' lang='grc' dir='ltr'>λωλότα</span> <span class='ocrx_word' id='word_1_592' title='bbox 2437 3916 2582 3965; x_wconf 78' lang='grc' dir='ltr'>οἴκου</span> <span class='ocrx_word' id='word_1_593' title='bbox 2640 3912 2868 3987; x_wconf 80' lang='grc' dir='ltr'>Ἰσραήλ.</span> <span class='ocrx_word' id='word_1_594' title='bbox 2927 3916 2991 3966; x_wconf 88' lang='grc' dir='ltr'>Τί</span> <span class='ocrx_word' id='word_1_595' title='bbox 3045 3909 3133 3965; x_wconf 80' lang='grc' dir='ltr'>οὖν</span> <span class='ocrx_word' id='word_1_596' title='bbox 3172 3915 3201 3973; x_wconf 84' lang='grc' dir='ltr'>ἡ</span> <span class='ocrx_word' id='word_1_597' title='bbox 3250 3918 3430 3984; x_wconf 82' lang='grc' dir='ltr'>γυνή;</span> <span class='ocrx_word' id='word_1_598' title='bbox 3484 3917 3795 3985; x_wconf 77' lang='grc' dir='ltr'>Θεασαμίνη</span> 
     </span>
    </p>
   </div>
   <div class='ocr_carea' id='block_1_78' title="bbox 428 3997 2050 4077">
    <p class='ocr_par' dir='ltr' id='par_1_78' title="bbox 428 3997 2050 4071">
     <span class='ocr_line' id='line_1_78' title="bbox 428 3997 2050 4071; baseline 0.004 -20"><span class='ocrx_word' id='word_1_599' title='bbox 428 4011 534 4068; x_wconf 88' lang='lat' dir='ltr'>pro</span> <span class='ocrx_word' id='word_1_600' title='bbox 560 4013 633 4053; x_wconf 88' lang='lat' dir='ltr'>ea</span> <span class='ocrx_word' id='word_1_601' title='bbox 670 3997 1151 4069; x_wconf 86' lang='lat' dir='ltr'>deprecarentur,</span> <span class='ocrx_word' id='word_1_602' title='bbox 1202 4014 1323 4054; x_wconf 90' lang='lat' dir='ltr'>non</span> <span class='ocrx_word' id='word_1_603' title='bbox 1371 3998 1708 4071; x_wconf 84' lang='lat' dir='ltr'>desperavit</span> <span class='ocrx_word' id='word_1_604' title='bbox 1737 4015 1748 4055; x_wconf 91' lang='lat'>:</span> <span class='ocrx_word' id='word_1_605' title='bbox 1784 4017 1927 4058; x_wconf 88' lang='lat' dir='ltr'>nam</span> <span class='ocrx_word' id='word_1_606' title='bbox 1960 4017 2050 4057; x_wconf 85' lang='lat' dir='ltr'>ma</span> 
     </span>
    </p>
   </div>
   <div class='ocr_carea' id='block_1_79' title="bbox 2172 3997 3794 4077">
    <p class='ocr_par' dir='ltr' id='par_1_79' title="bbox 2190 4000 3794 4077">
     <span class='ocr_line' id='line_1_79' title="bbox 2190 4000 3794 4077; baseline -0.001 -21"><span class='ocrx_word' id='word_1_607' title='bbox 2190 4005 2543 4077; x_wconf 79' lang='grc' dir='ltr'>παροφθεῖσαν</span> <span class='ocrx_word' id='word_1_608' title='bbox 2619 4005 2709 4074; x_wconf 73' lang='grc' dir='ltr'>μὲν</span> <span class='ocrx_word' id='word_1_609' title='bbox 2785 4000 2996 4072; x_wconf 75' lang='grc' dir='ltr'>ἑαυτὴν,</span> <span class='ocrx_word' id='word_1_610' title='bbox 3068 4000 3493 4075; x_wconf 60' lang='grc' dir='ltr'>ἀποπεμφθῄιτας</span> <span class='ocrx_word' id='word_1_611' title='bbox 3574 4004 3636 4054; x_wconf 71' lang='grc' dir='ltr'>δὲ</span> <span class='ocrx_word' id='word_1_612' title='bbox 3705 4006 3794 4054; x_wconf 83' lang='grc' dir='ltr'>καὶ</span> 
     </span>
    </p>
   </div>
   <div class='ocr_carea' id='block_1_80' title="bbox 422 4086 2044 4165">
    <p class='ocr_par' dir='ltr' id='par_1_80' title="bbox 422 4086 2044 4164">
     <span class='ocr_line' id='line_1_80' title="bbox 422 4086 2044 4164; baseline 0.003 -23"><span class='ocrx_word' id='word_1_613' title='bbox 422 4099 609 4156; x_wconf 83' lang='lat' dir='ltr'>gnam</span> <span class='ocrx_word' id='word_1_614' title='bbox 652 4086 908 4144; x_wconf 87' lang='lat' dir='ltr'>habebat</span> <span class='ocrx_word' id='word_1_615' title='bbox 952 4086 1131 4143; x_wconf 85' lang='lat' dir='ltr'>ﬁdem</span> <span class='ocrx_word' id='word_1_616' title='bbox 1162 4103 1231 4144; x_wconf 90' lang='lat' dir='ltr'>ac</span> <span class='ocrx_word' id='word_1_617' title='bbox 1274 4088 1657 4160; x_wconf 89' lang='lat' dir='ltr'>prudentiam</span> <span class='ocrx_word' id='word_1_618' title='bbox 1692 4106 1705 4157; x_wconf 90' lang='lat'><strong>;</strong></span> <span class='ocrx_word' id='word_1_619' title='bbox 1740 4090 1846 4146; x_wconf 90' lang='lat' dir='ltr'>sed</span> <span class='ocrx_word' id='word_1_620' title='bbox 1884 4091 2044 4164; x_wconf 91' lang='lat' dir='ltr'>impu</span> 
     </span>
    </p>
   </div>
   <div class='ocr_carea' id='block_1_81' title="bbox 2172 4086 3794 4165">
    <p class='ocr_par' dir='ltr' id='par_1_81' title="bbox 2189 4090 3794 4165">
     <span class='ocr_line' id='line_1_81' title="bbox 2189 4090 3794 4165; baseline -0.001 -21"><span class='ocrx_word' id='word_1_621' title='bbox 2189 4097 2311 4155; x_wconf 79' lang='grc' dir='ltr'>τοὺς</span> <span class='ocrx_word' id='word_1_622' title='bbox 2392 4092 2519 4165; x_wconf 74' lang='grc' dir='ltr'>ὑπὲρ</span> <span class='ocrx_word' id='word_1_623' title='bbox 2606 4091 2770 4152; x_wconf 72' lang='grc' dir='ltr'>αὐτῆς</span> <span class='ocrx_word' id='word_1_624' title='bbox 2834 4090 3343 4165; x_wconf 80' lang='grc' dir='ltr'>παρακαλέσαντας,</span> <span class='ocrx_word' id='word_1_625' title='bbox 3399 4091 3491 4144; x_wconf 79' lang='grc' dir='ltr'>οὐκ</span> <span class='ocrx_word' id='word_1_626' title='bbox 3542 4090 3747 4163; x_wconf 85' lang='grc' dir='ltr'>ἀπέγνω</span> <span class='ocrx_word' id='word_1_627' title='bbox 3781 4107 3794 4121; x_wconf 77' lang='grc'><strong><em>⁸</em></strong></span> 
     </span>
    </p>
   </div>
   <div class='ocr_carea' id='block_1_82' title="bbox 422 4175 2044 4256">
    <p class='ocr_par' dir='ltr' id='par_1_82' title="bbox 422 4175 2044 4251">
     <span class='ocr_line' id='line_1_82' title="bbox 422 4175 2044 4251; baseline 0.003 -20"><span class='ocrx_word' id='word_1_628' title='bbox 422 4175 928 4235; x_wconf 86' lang='lat' dir='ltr'>densesthonesta</span> <span class='ocrx_word' id='word_1_629' title='bbox 950 4177 1348 4251; x_wconf 85' lang='lat' dir='ltr'>impudentia,</span> <span class='ocrx_word' id='word_1_630' title='bbox 1371 4183 1427 4233; x_wconf 90' lang='lat' dir='ltr'>et.</span> <span class='ocrx_word' id='word_1_631' title='bbox 1434 4179 1565 4249; x_wconf 89' lang='lat' dir='ltr'>jam</span> <span class='ocrx_word' id='word_1_632' title='bbox 1585 4179 1789 4236; x_wconf 90' lang='lat' dir='ltr'>relicto</span> <span class='ocrx_word' id='word_1_633' title='bbox 1819 4180 2044 4236; x_wconf 86' lang='lat' dir='ltr'>clamor</span> 
     </span>
    </p>
   </div>
   <div class='ocr_carea' id='block_1_83' title="bbox 2179 4175 3801 4256">
    <p class='ocr_par' dir='ltr' id='par_1_83' title="bbox 2192 4178 3801 4256">
     <span class='ocr_line' id='line_1_83' title="bbox 2192 4178 3801 4256; baseline -0.001 -22"><span class='ocrx_word' id='word_1_634' title='bbox 2192 4180 2378 4240; x_wconf 83' lang='grc' dir='ltr'>πολλὴν</span> <span class='ocrx_word' id='word_1_635' title='bbox 2430 4182 2532 4256; x_wconf 85' lang='grc' dir='ltr'>γὰρ</span> <span class='ocrx_word' id='word_1_636' title='bbox 2596 4178 2711 4253; x_wconf 85' lang='grc' dir='ltr'>εἶχε</span> <span class='ocrx_word' id='word_1_637' title='bbox 2765 4184 2945 4233; x_wconf 87' lang='grc' dir='ltr'>πὶστιν</span> <span class='ocrx_word' id='word_1_638' title='bbox 3002 4185 3093 4233; x_wconf 82' lang='grc' dir='ltr'>καὶ</span> <span class='ocrx_word' id='word_1_639' title='bbox 3169 4184 3374 4234; x_wconf 86' lang='grc' dir='ltr'>σύνεσιν</span> <span class='ocrx_word' id='word_1_640' title='bbox 3405 4203 3417 4215; x_wconf 92' lang='grc'><strong>·</strong></span> <span class='ocrx_word' id='word_1_641' title='bbox 3468 4181 3595 4234; x_wconf 84' lang='grc' dir='ltr'>ἀλλά</span> <span class='ocrx_word' id='word_1_642' title='bbox 3652 4180 3801 4233; x_wconf 86' lang='grc' dir='ltr'>ἀναι-</span> 
     </span>
    </p>
   </div>
   <div class='ocr_carea' id='block_1_84' title="bbox 420 4266 2042 4345">
    <p class='ocr_par' dir='ltr' id='par_1_84' title="bbox 420 4266 2042 4339">
     <span class='ocr_line' id='line_1_84' title="bbox 420 4266 2042 4339; baseline 0.002 -18"><span class='ocrx_word' id='word_1_643' title='bbox 420 4266 522 4337; x_wconf 88' lang='lat' dir='ltr'>qui</span> <span class='ocrx_word' id='word_1_644' title='bbox 560 4268 795 4322; x_wconf 89' lang='lat' dir='ltr'>eminus</span> <span class='ocrx_word' id='word_1_645' title='bbox 850 4267 1053 4333; x_wconf 85' lang='lat' dir='ltr'>ﬁebat,</span> <span class='ocrx_word' id='word_1_646' title='bbox 1104 4268 1355 4339; x_wconf 89' lang='lat' dir='ltr'>propius</span> <span class='ocrx_word' id='word_1_647' title='bbox 1395 4269 1664 4324; x_wconf 90' lang='lat' dir='ltr'>accessit.</span> <span class='ocrx_word' id='word_1_648' title='bbox 1726 4272 1843 4325; x_wconf 90' lang='lat' dir='ltr'>Nos</span> <span class='ocrx_word' id='word_1_649' title='bbox 1876 4274 2042 4326; x_wconf 82' lang='lat' dir='ltr'>auter</span> 
     </span>
    </p>
   </div>
   <div class='ocr_carea' id='block_1_85' title="bbox 2177 4266 3799 4345">
    <p class='ocr_par' dir='ltr' id='par_1_85' title="bbox 2190 4268 3799 4345">
     <span class='ocr_line' id='line_1_85' title="bbox 2190 4268 3799 4345; baseline -0.001 -22"><span class='ocrx_word' id='word_1_650' title='bbox 2190 4278 2411 4343; x_wconf 85' lang='grc' dir='ltr'>σχυντεῖ</span> <span class='ocrx_word' id='word_1_651' title='bbox 2460 4270 2621 4329; x_wconf 80' lang='grc' dir='ltr'>καλὴν</span> <span class='ocrx_word' id='word_1_652' title='bbox 2668 4268 3068 4342; x_wconf 86' lang='grc' dir='ltr'>ἀναισχυντίαν,</span> <span class='ocrx_word' id='word_1_653' title='bbox 3130 4275 3219 4322; x_wconf 83' lang='grc' dir='ltr'>καὶ</span> <span class='ocrx_word' id='word_1_654' title='bbox 3260 4270 3449 4343; x_wconf 77' lang='grc' dir='ltr'>ἀφεῖσα</span> <span class='ocrx_word' id='word_1_655' title='bbox 3488 4276 3546 4324; x_wconf 86' lang='grc' dir='ltr'>τὸ</span> <span class='ocrx_word' id='word_1_656' title='bbox 3589 4272 3799 4345; x_wconf 76' lang='grc' dir='ltr'>κράζειν</span> 
     </span>
    </p>
   </div>
   <div class='ocr_carea' id='block_1_86' title="bbox 417 4356 2039 4435">
    <p class='ocr_par' dir='ltr' id='par_1_86' title="bbox 417 4356 2026 4430">
     <span class='ocr_line' id='line_1_86' title="bbox 417 4356 2026 4430; baseline 0.002 -18"><span class='ocrx_word' id='word_1_657' title='bbox 417 4372 539 4412; x_wconf 87' lang='grc'><strong>11011</strong></span> <span class='ocrx_word' id='word_1_658' title='bbox 553 4356 654 4426; x_wconf 84' lang='grc'><strong>110,</strong></span> <span class='ocrx_word' id='word_1_659' title='bbox 670 4356 896 4427; x_wconf 58' lang='grc'><strong>80111101</strong></span> <span class='ocrx_word' id='word_1_660' title='bbox 914 4358 1114 4414; x_wconf 89' lang='lat' dir='ltr'>statim</span> <span class='ocrx_word' id='word_1_661' title='bbox 1130 4372 1252 4413; x_wconf 92' lang='lat' dir='ltr'>non</span> <span class='ocrx_word' id='word_1_662' title='bbox 1266 4358 1664 4430; x_wconf 89' lang='lat' dir='ltr'>assequimur,</span> <span class='ocrx_word' id='word_1_663' title='bbox 1680 4358 2026 4416; x_wconf 90' lang='lat' dir='ltr'>desistimus</span> 
     </span>
    </p>
   </div>
   <div class='ocr_carea' id='block_1_87' title="bbox 2176 4356 3798 4435">
    <p class='ocr_par' dir='ltr' id='par_1_87' title="bbox 2188 4356 3798 4435">
     <span class='ocr_line' id='line_1_87' title="bbox 2188 4356 3798 4435; baseline -0.001 -22"><span class='ocrx_word' id='word_1_664' title='bbox 2188 4360 2469 4435; x_wconf 79' lang='grc' dir='ltr'>πόρρωθεν,</span> <span class='ocrx_word' id='word_1_665' title='bbox 2525 4359 2675 4433; x_wconf 80' lang='grc' dir='ltr'>ἐγγὺς</span> <span class='ocrx_word' id='word_1_666' title='bbox 2724 4362 2958 4433; x_wconf 83' lang='grc' dir='ltr'>ἔρχεται.</span> <span class='ocrx_word' id='word_1_667' title='bbox 3002 4358 3179 4433; x_wconf 84' lang='grc' dir='ltr'>Ἡμεῖς</span> <span class='ocrx_word' id='word_1_668' title='bbox 3229 4356 3288 4412; x_wconf 67' lang='grc' dir='ltr'>δὲ</span> <span class='ocrx_word' id='word_1_669' title='bbox 3327 4363 3434 4434; x_wconf 79' lang='grc' dir='ltr'>ούχ</span> <span class='ocrx_word' id='word_1_670' title='bbox 3470 4362 3647 4432; x_wconf 77' lang='grc' dir='ltr'>οὕτως,</span> <span class='ocrx_word' id='word_1_671' title='bbox 3692 4359 3798 4412; x_wconf 85' lang='grc' dir='ltr'>ἀλλ’</span> 
     </span>
    </p>
   </div>
   <div class='ocr_carea' id='block_1_88' title="bbox 419 4446 2041 4527">
    <p class='ocr_par' dir='ltr' id='par_1_88' title="bbox 419 4446 2041 4517">
     <span class='ocr_line' id='line_1_88' title="bbox 419 4446 2041 4517; baseline 0.004 -17"><span class='ocrx_word' id='word_1_672' title='bbox 419 4460 549 4500; x_wconf 89' lang='lat' dir='ltr'>cum</span> <span class='ocrx_word' id='word_1_673' title='bbox 581 4446 827 4516; x_wconf 86' lang='lat' dir='ltr'>propius</span> <span class='ocrx_word' id='word_1_674' title='bbox 855 4450 1153 4517; x_wconf 88' lang='lat' dir='ltr'>oporteret</span> <span class='ocrx_word' id='word_1_675' title='bbox 1183 4446 1486 4511; x_wconf 90' lang='lat' dir='ltr'>accedere,</span> <span class='ocrx_word' id='word_1_676' title='bbox 1513 4454 1568 4503; x_wconf 89' lang='lat' dir='ltr'>et</span> <span class='ocrx_word' id='word_1_677' title='bbox 1598 4447 1919 4505; x_wconf 86' lang='lat' dir='ltr'>ferventius</span> <span class='ocrx_word' id='word_1_678' title='bbox 1949 4465 2041 4507; x_wconf 84' lang='lat' dir='ltr'>ora</span> 
     </span>
    </p>
   </div>
   <div class='ocr_carea' id='block_1_89' title="bbox 2180 4446 3802 4527">
    <p class='ocr_par' dir='ltr' id='par_1_89' title="bbox 2188 4447 3802 4527">
     <span class='ocr_line' id='line_1_89' title="bbox 2188 4447 3802 4527; baseline 0 -24"><span class='ocrx_word' id='word_1_679' title='bbox 2188 4452 2309 4503; x_wconf 86' lang='grc' dir='ltr'>ὅταν</span> <span class='ocrx_word' id='word_1_680' title='bbox 2358 4454 2429 4523; x_wconf 81' lang='grc' dir='ltr'>μὴ</span> <span class='ocrx_word' id='word_1_681' title='bbox 2480 4452 2746 4522; x_wconf 77' lang='grc' dir='ltr'>τύχωμεν,</span> <span class='ocrx_word' id='word_1_682' title='bbox 2780 4448 3130 4523; x_wconf 76' lang='grc' dir='ltr'>ἀφιστάμεθα,</span> <span class='ocrx_word' id='word_1_683' title='bbox 3180 4447 3293 4503; x_wconf 87' lang='grc' dir='ltr'>δέον</span> <span class='ocrx_word' id='word_1_684' title='bbox 3326 4449 3596 4527; x_wconf 82' lang='grc' dir='ltr'>ἐγγύτερον</span> <span class='ocrx_word' id='word_1_685' title='bbox 3640 4470 3802 4524; x_wconf 86' lang='grc' dir='ltr'>προσ-</span> 
     </span>
    </p>
   </div>
   <div class='ocr_carea' id='block_1_90' title="bbox 418 4533 2040 4614">
    <p class='ocr_par' dir='ltr' id='par_1_90' title="bbox 418 4533 972 4590">
     <span class='ocr_line' id='line_1_90' title="bbox 418 4533 972 4590; baseline -0.002 -1"><span class='ocrx_word' id='word_1_686' title='bbox 418 4533 566 4590; x_wconf 84' lang='grc'><strong>110111</strong></span> <span class='ocrx_word' id='word_1_687' title='bbox 604 4534 972 4590; x_wconf 89' lang='lat' dir='ltr'>incumbere.</span> 
     </span>
    </p>
   </div>
   <div class='ocr_carea' id='block_1_91' title="bbox 1572 4533 3194 4614">
    <p class='ocr_par' dir='ltr' id='par_1_91' title="bbox 2190 4538 3194 4614">
     <span class='ocr_line' id='line_1_91' title="bbox 2190 4538 3194 4614; baseline 0 -21"><span class='ocrx_word' id='word_1_688' title='bbox 2190 4540 2370 4608; x_wconf 88' lang='grc' dir='ltr'>ελθεῖν,</span> <span class='ocrx_word' id='word_1_689' title='bbox 2406 4543 2495 4592; x_wconf 87' lang='grc' dir='ltr'>καὶ</span> <span class='ocrx_word' id='word_1_690' title='bbox 2537 4542 2840 4614; x_wconf 84' lang='grc' dir='ltr'>θερμότερον</span> <span class='ocrx_word' id='word_1_691' title='bbox 2880 4538 3194 4594; x_wconf 79' lang='grc' dir='ltr'>ἐπικεῖσθαι.</span> 
     </span>
    </p>
   </div>
   <div class='ocr_carea' id='block_1_92' title="bbox 493 4624 2115 4705">
    <p class='ocr_par' dir='ltr' id='par_1_92' title="bbox 493 4624 2080 4701">
     <span class='ocr_line' id='line_1_92' title="bbox 493 4624 2080 4701; baseline 0.006 -24"><span class='ocrx_word' id='word_1_692' title='bbox 493 4624 657 4679; x_wconf 88' lang='lat' dir='ltr'>Vers.</span> <span class='ocrx_word' id='word_1_693' title='bbox 805 4626 921 4680; x_wconf 89' lang='lat' dir='ltr'>Illa</span> <span class='ocrx_word' id='word_1_694' title='bbox 943 4656 1009 4667; x_wconf 82' lang='lat'>——</span> <span class='ocrx_word' id='word_1_695' title='bbox 1032 4641 1138 4681; x_wconf 87' lang='lat' dir='ltr'>me.</span> <span class='ocrx_word' id='word_1_696' title='bbox 1170 4628 1361 4697; x_wconf 86' lang='lat' dir='ltr'>Usque</span> <span class='ocrx_word' id='word_1_697' title='bbox 1382 4630 1515 4683; x_wconf 88' lang='lat' dir='ltr'>tanc</span> <span class='ocrx_word' id='word_1_698' title='bbox 1531 4628 1680 4683; x_wconf 91' lang='lat' dir='ltr'>enim</span> <span class='ocrx_word' id='word_1_699' title='bbox 1703 4644 1900 4701; x_wconf 91' lang='lat' dir='ltr'>neque</span> <span class='ocrx_word' id='word_1_700' title='bbox 1925 4630 1986 4686; x_wconf 90' lang='lat' dir='ltr'>in</span> <span class='ocrx_word' id='word_1_701' title='bbox 2016 4630 2080 4686; x_wconf 90' lang='lat' dir='ltr'>il-</span> 
     </span>
    </p>
   </div>
   <div class='ocr_carea' id='block_1_93' title="bbox 2180 4624 3802 4705">
    <p class='ocr_par' dir='ltr' id='par_1_93' title="bbox 2258 4626 3802 4705">
     <span class='ocr_line' id='line_1_93' title="bbox 2258 4626 3802 4705; baseline 0 -23"><span class='ocrx_word' id='word_1_702' title='bbox 2258 4629 2317 4682; x_wconf 79' lang='grc' dir='ltr'><strong>Ἠ</strong></span> <span class='ocrx_word' id='word_1_703' title='bbox 2370 4661 2437 4670; x_wconf 93' lang='lat'>—</span> <span class='ocrx_word' id='word_1_704' title='bbox 2483 4650 2593 4702; x_wconf 86' lang='grc' dir='ltr'>μοι.</span> <span class='ocrx_word' id='word_1_705' title='bbox 2652 4628 2827 4705; x_wconf 73' lang='grc' dir='ltr'>’Ἄχρι</span> <span class='ocrx_word' id='word_1_706' title='bbox 2886 4632 2986 4705; x_wconf 90' lang='grc' dir='ltr'>γάρ</span> <span class='ocrx_word' id='word_1_707' title='bbox 3047 4633 3160 4682; x_wconf 84' lang='grc' dir='ltr'>τότε</span> <span class='ocrx_word' id='word_1_708' title='bbox 3213 4626 3329 4682; x_wconf 67' lang='grc' dir='ltr'>οὐδ’</span> <span class='ocrx_word' id='word_1_709' title='bbox 3381 4634 3453 4694; x_wconf 89' lang='grc' dir='ltr'>είς</span> <span class='ocrx_word' id='word_1_710' title='bbox 3495 4630 3614 4703; x_wconf 75' lang='grc' dir='ltr'>ὄψιν</span> <span class='ocrx_word' id='word_1_711' title='bbox 3641 4630 3802 4684; x_wconf 72' lang='grc' dir='ltr'>αὑτοῦ</span> 
     </span>
    </p>
   </div>
   <div class='ocr_carea' id='block_1_94' title="bbox 422 4713 2044 4794">
    <p class='ocr_par' dir='ltr' id='par_1_94' title="bbox 422 4713 2044 4791">
     <span class='ocr_line' id='line_1_94' title="bbox 422 4713 2044 4791; baseline 0.006 -23"><span class='ocrx_word' id='word_1_712' title='bbox 422 4713 536 4769; x_wconf 83' lang='grc'><strong>11118</strong></span> <span class='ocrx_word' id='word_1_713' title='bbox 567 4719 958 4787; x_wconf 89' lang='lat' dir='ltr'>conspectum</span> <span class='ocrx_word' id='word_1_714' title='bbox 1004 4732 1154 4772; x_wconf 87' lang='lat' dir='ltr'>ausa</span> <span class='ocrx_word' id='word_1_715' title='bbox 1198 4716 1388 4773; x_wconf 89' lang='lat' dir='ltr'>fuerat</span> <span class='ocrx_word' id='word_1_716' title='bbox 1419 4718 1720 4783; x_wconf 86' lang='lat' dir='ltr'>accedere,</span> <span class='ocrx_word' id='word_1_717' title='bbox 1764 4719 2044 4791; x_wconf 74' lang='lat' dir='ltr'>indignae</span> 
     </span>
    </p>
   </div>
   <div class='ocr_carea' id='block_1_95' title="bbox 1851 4713 3473 4794">
    <p class='ocr_par' dir='ltr' id='par_1_95' title="bbox 1851 4718 3473 4794">
     <span class='ocr_line' id='line_1_95' title="bbox 1851 4718 3473 4794; baseline 0 -21"><span class='ocrx_word' id='word_1_718' title='bbox 1851 4719 2079 4791; x_wconf 87' lang='lat' dir='ltr'>lignam</span> <span class='ocrx_word' id='word_1_719' title='bbox 2188 4719 2495 4794; x_wconf 83' lang='grc' dir='ltr'>τετόλμηκεν</span> <span class='ocrx_word' id='word_1_720' title='bbox 2521 4719 2699 4792; x_wconf 77' lang='grc' dir='ltr'>ἐλθεῖν,</span> <span class='ocrx_word' id='word_1_721' title='bbox 2736 4718 2950 4782; x_wconf 79' lang='grc' dir='ltr'>ἀναξίαν</span> <span class='ocrx_word' id='word_1_722' title='bbox 2979 4719 3169 4779; x_wconf 83' lang='grc' dir='ltr'>ἑαυτὴν</span> <span class='ocrx_word' id='word_1_723' title='bbox 3198 4724 3473 4792; x_wconf 84' lang='grc' dir='ltr'>κρίνουσα·</span> 
     </span>
    </p>
   </div>
   <div class='ocr_carea' id='block_1_96' title="bbox 427 4809 896 4876">
    <p class='ocr_par' dir='ltr' id='par_1_96' title="bbox 427 4809 896 4876">
     <span class='ocr_line' id='line_1_96' title="bbox 427 4809 896 4876; baseline 0.009 -18"><span class='ocrx_word' id='word_1_724' title='bbox 427 4819 555 4859; x_wconf 89' lang='grc'><strong>8080</strong></span> <span class='ocrx_word' id='word_1_725' title='bbox 586 4809 870 4876; x_wconf 89' lang='lat' dir='ltr'>reputans</span> <span class='ocrx_word' id='word_1_726' title='bbox 883 4850 896 4863; x_wconf 94' lang='lat'>.</span> 
     </span>
    </p>
   </div>
   <div class='ocr_carea' id='block_1_97' title="bbox 495 4894 2117 4975">
    <p class='ocr_par' dir='ltr' id='par_1_97' title="bbox 495 4894 2081 4969">
     <span class='ocr_line' id='line_1_97' title="bbox 495 4894 2081 4969; baseline 0.004 -20"><span class='ocrx_word' id='word_1_727' title='bbox 495 4896 651 4951; x_wconf 89' lang='lat' dir='ltr'>Vers.</span> <span class='ocrx_word' id='word_1_728' title='bbox 675 4894 763 4950; x_wconf 84' lang='lat'>26.</span> <span class='ocrx_word' id='word_1_729' title='bbox 796 4894 903 4951; x_wconf 83' lang='lat' dir='ltr'>Ille</span> <span class='ocrx_word' id='word_1_730' title='bbox 940 4926 1008 4937; x_wconf 96' lang='lat'>—</span> <span class='ocrx_word' id='word_1_731' title='bbox 1061 4897 1309 4953; x_wconf 76' lang='lat' dir='ltr'>catellis.</span> <span class='ocrx_word' id='word_1_732' title='bbox 1343 4897 1642 4960; x_wconf 87' lang='lat' dir='ltr'>Quantum</span> <span class='ocrx_word' id='word_1_733' title='bbox 1680 4896 1781 4955; x_wconf 89' lang='lat' dir='ltr'>illa</span> <span class='ocrx_word' id='word_1_734' title='bbox 1818 4899 2081 4969; x_wconf 84' lang='lat' dir='ltr'>augebat</span> 
     </span>
    </p>
   </div>
   <div class='ocr_carea' id='block_1_98' title="bbox 2176 4894 3798 4975">
    <p class='ocr_par' dir='ltr' id='par_1_98' title="bbox 2258 4898 3798 4975">
     <span class='ocr_line' id='line_1_98' title="bbox 2258 4898 3798 4975; baseline 0 -22"><span class='ocrx_word' id='word_1_735' title='bbox 2258 4902 2316 4953; x_wconf 75' lang='lat'>&#39;0</span> <span class='ocrx_word' id='word_1_736' title='bbox 2370 4932 2440 4943; x_wconf 92' lang='lat'><strong>—</strong></span> <span class='ocrx_word' id='word_1_737' title='bbox 2486 4904 2775 4975; x_wconf 88' lang='grc' dir='ltr'>κυναρίοις.</span> <span class='ocrx_word' id='word_1_738' title='bbox 2834 4898 3000 4953; x_wconf 69' lang='grc' dir='ltr'>’Ὀσον</span> <span class='ocrx_word' id='word_1_739' title='bbox 3054 4898 3299 4953; x_wconf 80' lang='grc' dir='ltr'>ἐπέτεινεν</span> <span class='ocrx_word' id='word_1_740' title='bbox 3362 4905 3523 4959; x_wconf 89' lang='grc' dir='ltr'>εκείνη</span> <span class='ocrx_word' id='word_1_741' title='bbox 3572 4904 3667 4959; x_wconf 77' lang='grc' dir='ltr'>τὴν</span> <span class='ocrx_word' id='word_1_742' title='bbox 3714 4902 3798 4953; x_wconf 81' lang='grc' dir='ltr'>αῖ-</span> 
     </span>
    </p>
   </div>
   <div class='ocr_carea' id='block_1_99' title="bbox 420 4984 2042 5067">
    <p class='ocr_par' dir='ltr' id='par_1_99' title="bbox 420 4984 2042 5059">
     <span class='ocr_line' id='line_1_99' title="bbox 420 4984 2042 5059; baseline 0.002 -19"><span class='ocrx_word' id='word_1_743' title='bbox 420 4984 790 5057; x_wconf 89' lang='lat' dir='ltr'>petitionem,</span> <span class='ocrx_word' id='word_1_744' title='bbox 818 4987 1051 5042; x_wconf 86' lang='lat' dir='ltr'>tantum</span> <span class='ocrx_word' id='word_1_745' title='bbox 1103 4985 1233 5058; x_wconf 91' lang='lat' dir='ltr'>ipse</span> <span class='ocrx_word' id='word_1_746' title='bbox 1262 4984 1687 5059; x_wconf 89' lang='lat' dir='ltr'>repulsionem.</span> <span class='ocrx_word' id='word_1_747' title='bbox 1742 4990 1970 5044; x_wconf 88' lang='lat' dir='ltr'>Marcus</span> <span class='ocrx_word' id='word_1_748' title='bbox 1999 4992 2042 5045; x_wconf 65' lang='lat' dir='ltr'>a.‘</span> 
     </span>
    </p>
   </div>
   <div class='ocr_carea' id='block_1_100' title="bbox 2179 4984 3801 5067">
    <p class='ocr_par' dir='ltr' id='par_1_100' title="bbox 2187 4989 3801 5067">
     <span class='ocr_line' id='line_1_100' title="bbox 2187 4989 3801 5067; baseline 0 -22"><span class='ocrx_word' id='word_1_749' title='bbox 2187 5012 2361 5057; x_wconf 85' lang='grc' dir='ltr'>τησιν,</span> <span class='ocrx_word' id='word_1_750' title='bbox 2412 4998 2663 5045; x_wconf 83' lang='grc' dir='ltr'>τοσοῦτον</span> <span class='ocrx_word' id='word_1_751' title='bbox 2715 4995 2806 5044; x_wconf 81' lang='grc' dir='ltr'>καὶ</span> <span class='ocrx_word' id='word_1_752' title='bbox 2861 4991 3020 5054; x_wconf 72' lang='grc' dir='ltr'>αὐτὸς</span> <span class='ocrx_word' id='word_1_753' title='bbox 3082 4995 3177 5051; x_wconf 75' lang='grc' dir='ltr'>τὴν</span> <span class='ocrx_word' id='word_1_754' title='bbox 3226 4995 3573 5067; x_wconf 88' lang='grc' dir='ltr'>παραίτησιν.</span> <span class='ocrx_word' id='word_1_755' title='bbox 3621 4990 3681 5043; x_wconf 72' lang='lat'>&#39;0</span> <span class='ocrx_word' id='word_1_756' title='bbox 3740 4989 3801 5046; x_wconf 75' lang='grc' dir='ltr'>δὲ</span> 
     </span>
    </p>
   </div>
   <div class='ocr_carea' id='block_1_101' title="bbox 490 5140 2112 5216">
    <p class='ocr_par' dir='ltr' id='par_1_101' title="bbox 490 5140 2112 5209">
     <span class='ocr_line' id='line_1_101' title="bbox 490 5140 2112 5209; baseline -0.002 -11"><span class='ocrx_word' id='word_1_757' title='bbox 490 5142 535 5176; x_wconf 79' lang='grc'>⁸³</span> <span class='ocrx_word' id='word_1_758' title='bbox 568 5140 747 5198; x_wconf 91' lang='lat' dir='ltr'>Marc.</span> <span class='ocrx_word' id='word_1_759' title='bbox 776 5157 874 5205; x_wconf 84' lang='lat' dir='ltr'>vn,</span> <span class='ocrx_word' id='word_1_760' title='bbox 896 5142 983 5197; x_wconf 86' lang='lat'>26.</span> <span class='ocrx_word' id='word_1_761' title='bbox 1063 5140 1110 5175; x_wconf 71' lang='grc'>⁸⁸</span> <span class='ocrx_word' id='word_1_762' title='bbox 1139 5141 1273 5198; x_wconf 91' lang='lat' dir='ltr'>Luc.</span> <span class='ocrx_word' id='word_1_763' title='bbox 1308 5154 1423 5205; x_wconf 79' lang='lat' dir='ltr'>xw,</span> <span class='ocrx_word' id='word_1_764' title='bbox 1448 5140 1534 5194; x_wconf 91' lang='grc'>18.</span> <span class='ocrx_word' id='word_1_765' title='bbox 1615 5142 1661 5176; x_wconf 72' lang='grc' dir='ltr'>⁶¹ο</span> <span class='ocrx_word' id='word_1_766' title='bbox 1692 5142 1832 5197; x_wconf 89' lang='lat' dir='ltr'>Luc.</span> <span class='ocrx_word' id='word_1_767' title='bbox 1863 5159 1917 5209; x_wconf 85' lang='lat' dir='ltr'>v,</span> <span class='ocrx_word' id='word_1_768' title='bbox 1946 5144 1999 5198; x_wconf 91' lang='lat'>3.</span> <span class='ocrx_word' id='word_1_769' title='bbox 2078 5146 2112 5182; x_wconf 73' lang='grc' dir='ltr'>δε</span> 
     </span>
    </p>
   </div>
   <div class='ocr_carea' id='block_1_102' title="bbox 1314 5140 2936 5216">
    <p class='ocr_par' dir='ltr' id='par_1_102' title="bbox 1314 5140 2936 5216">
     <span class='ocr_line' id='line_1_102' title="bbox 1314 5140 2936 5216; baseline 0.005 -21"><span class='ocrx_word' id='word_1_770' title='bbox 1314 5154 1423 5205; x_wconf 80' lang='lat' dir='ltr'>xw,</span> <span class='ocrx_word' id='word_1_771' title='bbox 1448 5140 1534 5194; x_wconf 82' lang='lat'>18.</span> <span class='ocrx_word' id='word_1_772' title='bbox 1615 5142 1661 5176; x_wconf 81' lang='grc'>⁶⁴</span> <span class='ocrx_word' id='word_1_773' title='bbox 1692 5142 1832 5197; x_wconf 89' lang='lat' dir='ltr'>Luc.</span> <span class='ocrx_word' id='word_1_774' title='bbox 1863 5159 1917 5209; x_wconf 72' lang='grc' dir='ltr'>ν,</span> <span class='ocrx_word' id='word_1_775' title='bbox 1946 5144 1999 5198; x_wconf 90' lang='grc'>3.</span> <span class='ocrx_word' id='word_1_776' title='bbox 2078 5146 2126 5183; x_wconf 72' lang='grc'>6⁵</span> <span class='ocrx_word' id='word_1_777' title='bbox 2155 5146 2303 5203; x_wconf 88' lang='lat' dir='ltr'>ibid.</span> <span class='ocrx_word' id='word_1_778' title='bbox 2334 5148 2389 5203; x_wconf 84' lang='grc'>4.</span> <span class='ocrx_word' id='word_1_779' title='bbox 2467 5146 2516 5182; x_wconf 72' lang='grc'>⁸⁸</span> <span class='ocrx_word' id='word_1_780' title='bbox 2560 5145 2757 5204; x_wconf 83' lang='lat' dir='ltr'>Matth.</span> <span class='ocrx_word' id='word_1_781' title='bbox 2790 5162 2853 5216; x_wconf 85' lang='lat' dir='ltr'>x,</span> <span class='ocrx_word' id='word_1_782' title='bbox 2885 5148 2936 5203; x_wconf 91' lang='lat'>6.</span> 
     </span>
    </p>
   </div>
   <div class='ocr_carea' id='block_1_103' title="bbox 1668 5318 2543 5392">
    <p class='ocr_par' dir='ltr' id='par_1_103' title="bbox 1668 5318 2543 5392">
     <span class='ocr_line' id='line_1_103' title="bbox 1668 5318 2543 5392; baseline 0.005 -6"><span class='ocrx_word' id='word_1_783' title='bbox 1668 5318 2236 5392; x_wconf 84' lang='lat' dir='ltr'>Variaelectiones</span> <span class='ocrx_word' id='word_1_784' title='bbox 2251 5332 2317 5392; x_wconf 88' lang='lat' dir='ltr'>et</span> <span class='ocrx_word' id='word_1_785' title='bbox 2341 5331 2543 5391; x_wconf 72' lang='lat' dir='ltr'>notae.</span> 
     </span>
    </p>
   </div>
   <div class='ocr_carea' id='block_1_104' title="bbox 490 5512 2112 5593">
    <p class='ocr_par' dir='ltr' id='par_1_104' title="bbox 490 5512 2075 5593">
     <span class='ocr_line' id='line_1_104' title="bbox 490 5512 2075 5593; baseline 0.006 -28"><span class='ocrx_word' id='word_1_786' title='bbox 490 5512 607 5593; x_wconf 76' lang='grc'>(97)</span> <span class='ocrx_word' id='word_1_787' title='bbox 668 5514 834 5593; x_wconf 72' lang='lat' dir='ltr'>Forte</span> <span class='ocrx_word' id='word_1_788' title='bbox 886 5514 1205 5593; x_wconf 72' lang='lat' dir='ltr'>Hentenius</span> <span class='ocrx_word' id='word_1_789' title='bbox 1252 5514 1492 5593; x_wconf 74' lang='lat' dir='ltr'>reperit,</span> <span class='ocrx_word' id='word_1_790' title='bbox 1551 5523 1615 5593; x_wconf 61' lang='grc' dir='ltr'>τῇ</span> <span class='ocrx_word' id='word_1_791' title='bbox 1663 5514 1875 5593; x_wconf 20' lang='grc' dir='ltr'>’καρδίᾳ</span> <span class='ocrx_word' id='word_1_792' title='bbox 1918 5518 2075 5575; x_wconf 89' lang='lat' dir='ltr'>Eerri</span> 
     </span>
    </p>
   </div>
   <div class='ocr_carea' id='block_1_105' title="bbox 1166 5512 2788 5593">
    <p class='ocr_par' dir='ltr' id='par_1_105' title="bbox 1166 5514 2788 5593">
     <span class='ocr_line' id='line_1_105' title="bbox 1166 5514 2788 5593; baseline 0.002 -25"><span class='ocrx_word' id='word_1_793' title='bbox 1166 5530 1205 5568; x_wconf 74' lang='lat' dir='ltr'>is</span> <span class='ocrx_word' id='word_1_794' title='bbox 1252 5514 1492 5593; x_wconf 74' lang='lat' dir='ltr'>reperit,</span> <span class='ocrx_word' id='word_1_795' title='bbox 1551 5523 1615 5593; x_wconf 59' lang='grc' dir='ltr'>τῇ</span> <span class='ocrx_word' id='word_1_796' title='bbox 1663 5514 1875 5593; x_wconf 20' lang='grc' dir='ltr'>’καρδίᾳ</span> <span class='ocrx_word' id='word_1_797' title='bbox 1918 5518 2075 5575; x_wconf 90' lang='lat' dir='ltr'>Eerri</span> <span class='ocrx_word' id='word_1_798' title='bbox 2258 5522 2372 5593; x_wconf 87' lang='lat'>(98)</span> <span class='ocrx_word' id='word_1_799' title='bbox 2404 5524 2482 5592; x_wconf 86' lang='grc' dir='ltr'>Δέ,</span> <span class='ocrx_word' id='word_1_800' title='bbox 2518 5520 2685 5577; x_wconf 90' lang='lat' dir='ltr'>abest</span> <span class='ocrx_word' id='word_1_801' title='bbox 2722 5519 2788 5573; x_wconf 90' lang='lat' dir='ltr'>A.</span> 
     </span>
    </p>
   </div>
   <div class='ocr_carea' id='block_1_106' title="bbox 420 5583 2042 5703">
    <p class='ocr_par' dir='ltr' id='par_1_106' title="bbox 420 5583 2042 5703">
     <span class='ocr_line' id='line_1_106' title="bbox 420 5583 2042 5661; baseline 0.004 -24"><span class='ocrx_word' id='word_1_802' title='bbox 420 5583 608 5652; x_wconf 84' lang='lat' dir='ltr'>potest</span> <span class='ocrx_word' id='word_1_803' title='bbox 636 5589 979 5657; x_wconf 89' lang='lat' dir='ltr'>utrumque.</span> <span class='ocrx_word' id='word_1_804' title='bbox 1031 5588 1137 5648; x_wconf 82' lang='grc' dir='ltr'>Τῆς</span> <span class='ocrx_word' id='word_1_805' title='bbox 1166 5583 1412 5660; x_wconf 70' lang='grc' dir='ltr'>καρδίας,</span> <span class='ocrx_word' id='word_1_806' title='bbox 1462 5583 1676 5661; x_wconf 76' lang='lat' dir='ltr'>pendet</span> <span class='ocrx_word' id='word_1_807' title='bbox 1700 5583 1792 5661; x_wconf 70' lang='lat' dir='ltr'>ei,</span> <span class='ocrx_word' id='word_1_808' title='bbox 1850 5583 1942 5643; x_wconf 64' lang='grc' dir='ltr'>τὸν</span> <span class='ocrx_word' id='word_1_809' title='bbox 1984 5595 2042 5644; x_wconf 76' lang='grc' dir='ltr'>πί</span> 
     </span>
     <span class='ocr_line' id='line_1_107' title="bbox 420 5673 531 5703; baseline 0 0"><span class='ocrx_word' id='word_1_810' title='bbox 420 5673 531 5703; x_wconf 80' lang='grc' dir='ltr'>νον.</span> 
     </span>
    </p>
   </div>
   <div class='ocr_carea' id='block_1_107' title="bbox 1245 5583 2867 5703">
    <p class='ocr_par' dir='ltr' id='par_1_107' title="bbox 1245 5583 2867 5682">
     <span class='ocr_line' id='line_1_108' title="bbox 1245 5583 2867 5682; baseline 0.018 -45"><span class='ocrx_word' id='word_1_811' title='bbox 1245 5583 1412 5655; x_wconf 73' lang='grc' dir='ltr'>οδίας,</span> <span class='ocrx_word' id='word_1_812' title='bbox 1462 5583 1676 5661; x_wconf 78' lang='lat' dir='ltr'>pendet</span> <span class='ocrx_word' id='word_1_813' title='bbox 1700 5583 1792 5661; x_wconf 70' lang='lat' dir='ltr'>ei,</span> <span class='ocrx_word' id='word_1_814' title='bbox 1850 5583 1942 5643; x_wconf 66' lang='grc' dir='ltr'>τὸν</span> <span class='ocrx_word' id='word_1_815' title='bbox 1984 5595 2075 5644; x_wconf 81' lang='grc' dir='ltr'>πό·</span> <span class='ocrx_word' id='word_1_816' title='bbox 2255 5583 2371 5682; x_wconf 45' lang='grc'>(993</span> <span class='ocrx_word' id='word_1_817' title='bbox 2399 5583 2573 5676; x_wconf 63' lang='grc' dir='ltr'>Ούτω,</span> <span class='ocrx_word' id='word_1_818' title='bbox 2605 5609 2772 5667; x_wconf 87' lang='lat' dir='ltr'>abest</span> <span class='ocrx_word' id='word_1_819' title='bbox 2801 5611 2867 5665; x_wconf 78' lang='grc' dir='ltr'>Α·</span> 
     </span>
    </p>
   </div>
  </div>
