4108 6402
239 325 347 385 453

1241 325 1610 383 COMMENT.
1664 326 1731 381 ΙΝ
1774 314 2218 380 ΜΑΤΤΗΑἳυΜ.
2261 358 2327 366 -
2367 327 2525 386 CAP.
2578 318 2699 384 XV.

3513 330 3615 389 454

236 458 458 529 Μάρκος
510 460 690 527 φησὶν,
738 456 819 508 ὅτι
872 456 1007 508 εἶπεν
1064 454 1217 527 αὐτῇ·
1268 453 1427 526 "Atye;
1465 461 1667 526 πρῶτον
1706 470 1845 524 χορ-

1973 450 2119 520 [uod
2144 450 2351 506 dixerit
2371 452 2422 507 ei
2456 470 2469 507 :
2497 453 2639 510 Sine
2665 455 2912 525 primum
2938 457 3214 511 saturari
3239 458 3393 525 ﬁlios
3426 460 3493 512 ⁸⁷.
3521 459 3614 513 Un

235 547 501 604 τασθῆναι
554 548 620 597 τὰ
661 549 829 597 τέκνω
880 546 1209 615 πανταχόθεν
1239 546 1337 617 γὰρ
1378 540 1566 601 ἐδήλου
1607 547 1699 599 την
1748 549 1845 592 τῶν

235 633 513 689 Ἰουδαίων
562 641 844 699 οῖκείωσιν,
880 640 966 686 καὶ
1008 640 1100 692 τὴν
1138 634 1210 696 εἰς
1268 634 1458 695 αὐτοὺς
1503 632 1710 703 ἀγάπην
1758 636 1848 683 καὶ

236 730 400 798 τιμὴν
454 730 543 778 καὶ
591 722 924 797 κηδεμονίαν.
985 730 1085 777 Καὶ
1142 728 1292 775 τέκνα
1348 727 1437 795 μεν
1487 722 1671 781 αὐτοὺς
1726 722 1847 772 ωνό·

238 835 429 889 μασεν,
514 818 582 877 ὡς
669 818 919 887 γνησίους
988 818 1078 865 καὶ
1140 817 1206 875 ως
1263 814 1623 885 ὴγαπημένους
1681 829 1692 840 ·
1760 830 1848 862 κυ-

239 908 401 980 νάρια
451 901 509 957 δὲ
560 908 625 957 τόι
686 907 825 971 ἔθνη,
887 906 955 965 ὡς
1023 902 1316 975 ἀκάθαρτα,
1388 907 1477 954 καὶ
1536 904 1603 963 ὡς
1665 902 1847 973 μιαρά.

240 995 440 1069 ⁴Αρτον
491 991 551 1046 δὲ
603 993 738 1064 λέγει
794 998 888 1052 τὴν
941 994 1231 1067 θεραπείαν,
1281 992 1338 1044 οὗ
1397 996 1490 1050 τὴν
1549 993 1850 1062 σωματικὴν

242 1089 423 1157 μόνον,
478 1082 606 1135 ἀλλὰ
650 1087 740 1135 καὶ
780 1087 875 1142 τὴν
917 1082 1173 1155 ψυχικήν.
1220 1086 1321 1135 Καὶ
1369 1080 1466 1156 ὃροι
1529 1083 1733 1133 σύνεσιν
1759 1098 1852 1149 γυ-

241 1178 444 1235 ναικός·
485 1171 780 1249 δραξαμένη
808 1174 907 1247 γὰρ
939 1181 1038 1225 τῶν
1078 1179 1170 1225 τοῦ
1196 1179 1432 1244 Χριστοῦ
1459 1170 1728 1244 ῥημάτων,
1762 1166 1849 1221 ἀπ’

243 1265 417 1317 αὐτῶν
449 1264 621 1317 πλέκει
650 1267 965 1339 συνηγορία)
993 1260 1199 1323 ἑαυτῆς.

315 1354 375 1407 Ἠ
441 1350 501 1407 δε
550 1384 618 1393 -—
660 1352 825 1406 αὐτῶν
866 1397 878 1410 .
956 1355 1055 1405 Ναὶ
1108 1353 1304 1425 Κύριε,
1384 1354 1579 1423 φησὶν,
1648 1346 1853 1410 ἀληθῶς

242 1441 411 1504 εἶπας.
456 1446 620 1496 Τέκνα
675 1446 764 1515 μεν
818 1442 1019 1507 ἐκεῖνοι,
1070 1441 1311 1516 κυνάριον
1358 1436 1416 1493 δὲ
1462 1440 1585 1511 ἐγώο
1629 1443 1717 1491 καὶ
1759 1435 1854 1490 διὰ

238 1537 397 1587 τοῦτό
450 1550 514 1609 με
570 1536 680 1604 χρὴ
742 1530 930 1605 μᾶλλον
962 1530 1251 1589 ἐλεηθῆναι·
1282 1534 1382 1583 Καὶ
1431 1531 1533 1602 γὰρ
1583 1531 1648 1581 τὰ
1692 1530 1851 1580 κυνοί-

239 1643 337 1699 ρια
408 1620 511 1675 ἀπὸ
576 1630 675 1672 τῶν
749 1620 952 1693 ψιχίων
1025 1618 1186 1672 ἐσθίει
1246 1628 1344 1671 τῶν
1400 1622 1689 1671 πιπτόντων
1752 1616 1851 1669 ἀπὸ

241 1721 340 1773 τῆς
416 1710 673 1785 τραπέζης
757 1717 856 1761 τῶν
936 1714 1126 1784 κυρίων
1199 1708 1365 1760 αὐτῶν
1400 1746 1412 1760 .
1485 1706 1622 1760 Ἐπεὶ
1684 1710 1853 1759 τοίνυν

240 1803 489 1874 κυνάριόν
555 1800 681 1873 εἰμι,
734 1798 827 1851 οὐκ
886 1804 991 1872 εὶμί
1064 1797 1326 1871 ἀλλοτρία,
1382 1794 1505 1850 οὐδὲ
1588 1796 1854 1868 κωλύομαι
1891 1813 1931 1867 Β

241 1900 346 1943 τῶν
422 1890 625 1962 ψιχίων
701 1896 1008 1962 μετασχεῖν,
1064 1890 1236 1963 ὥσπερ
1305 1884 1428 1939 οὐδὲ
1489 1888 1555 1939 τὰ
1611 1888 1850 1959 κυνάριω

239 1980 451 2051 ψιχίων
506 1983 789 2051 νοουμένων
854 1987 951 2030 τῶν
1020 1976 1074 2029 ἐκ
1135 1983 1227 2028 τοῦ
1300 1980 1698 2051 παρατυχόντος
1774 1974 1854 2027 ἰοί-

246 2089 398 2124 σεων.
459 2072 529 2122 T6
561 2071 650 2142 μεν
719 2064 807 2119 οὖν
859 2072 931 2141 μὴ
994 2065 1308 2135 ἀποστῆναι,
1354 2074 1600 2117 τοσοῦτον
1655 2061 1856 2129 ἐξουδε-

241 2161 524 2226 νωθεῖσαν,
574 2161 800 2218 πίστεως
860 2154 939 2214 ἧν·
998 2158 1055 2208 τὸ
1111 2153 1169 2208 δὲ
1223 2156 1646 2228 συνομολογῆσαι
1702 2155 1855 2205 κυνά-

242 2267 361 2321 ριον
418 2247 606 2304 ἑαυτὴν
656 2252 1028 2305 ταπεινώσεως·
1074 2247 1132 2297 τὸ
1193 2240 1241 2296 δ’
1277 2243 1377 2296 ἀπὸ
1418 2253 1516 2296 τῶν
1568 2243 1733 2315 λόγων
1763 2251 1854 2295 τοῦ

1762 2335 1857 2385 Διὰ

244 2433 417 2478 ταῦτα
468 2430 634 2477 τοίνυν
677 2424 945 2478 ἀνεϐάλετο
988 2424 1063 2495 (1)
1118 2428 1211 2482 τὴν
1259 2427 1402 2475 ἴασιν
1435 2425 1459 2475 6
1490 2425 1734 2495 Χριστός,
1773 2424 1856 2474 ἵνα

240 2524 415 2568 ταῦτα
466 2517 849 2589 φανερωθῶσιν,
899 2517 985 2566 ’ίνα
1038 2510 1183 2585 δείξῃ
1238 2517 1331 2571 τὴν
1372 2511 1419 2564 ἓν
1458 2515 1660 2574 τούτοις
1714 2512 1853 2583 φιλο-

244 2610 437 2678 σοφίαν
488 2604 673 2673 αὐτῆς,
728 2608 813 2657 ἵνα
844 2604 1313 2675 καταισχυνθῶσιν
1360 2599 1634 2661 Ἰουδαῖοι,
1665 2608 1854 2653 τοσοῦ-

246 2344 492 2409 Χριστοῦ
547 2337 938 2388 κατασκευάσαι
1012 2338 1323 2406 συνηγορίαν
1385 2337 1674 2394 συνέσεως.

239 2715 329 2748 τον
381 2694 449 2755 εἰς
494 2699 676 2747 πίστιν
724 2698 813 2746 καὶ
849 2698 1158 2747 ταπείνωσιν
1202 2696 1287 2744 καὶ
1341 2694 1545 2745 σύνεσιν
1620 2693 1851 2762 ἡττώμε-

238 2804 320 2838 νοι
358 2788 608 2857 γυναικὸς
655 2783 876 2848 ὶθνικῆς,
930 2784 1031 2847 ἱνα,
1081 2790 1248 2834 ταῦτα
1309 2780 1573 2853 βλέποντες
1624 2782 1672 2832 οἱ
1728 2779 1853 2833 ἀπό-

248 2874 443 2943 στολοι,
526 2872 863 2948 θαρρήσωσιν
937 2872 1173 2945 ὕστερον,
1239 2868 1667 2943 ἀποστελλόμενοι
1724 2873 1850 2942 πρὸς

244 2966 310 3016 τοί
341 2965 487 3022 ἔθνη.
532 2966 730 3016 Λοιπὸν
761 2957 849 3014 οὖν
883 2960 1189 3035 ἀνεκήρυξεν
1219 2959 1382 3018 αὐτὴν
1409 2962 1434 3011 6
1467 2964 1715 3032 Χριστός.

316 3162 445 3213 Τότε
500 3186 570 3198 --
624 3159 761 3230 ὥρας
812 3153 1023 3216 ἐκείνης.
1077 3153 1135 3207 Ὀ
1183 3151 1241 3208 δὲ
1285 3157 1500 3229 Μάρκος
1550 3154 1706 3207 εἰπεῖν
1763 3156 1848 3205 τόν
1887 3165 1929 3223 C

240 3250 478 3321 Χριστόν
536 3249 665 3319 πρὸς
738 3244 901 3303 αὐτήν
960 3264 1135 3317 φησιν,
1195 3246 1275 3296 ὅτι
1350 3247 1446 3297 Διά
1516 3252 1694 3297 τοῦτον
1765 3246 1850 3295 τὸν

238 3338 416 3408 λόγον,
476 3336 659 3408 ὕπαγε,
710 3334 979 3397 ἐξελήλυθε
1036 3337 1096 3385 τὸ
1156 3330 1428 3405 δαιμόνιον
1483 3332 1538 3385 ἐκ
1606 3342 1701 3395 τῆς
1768 3335 1855 3385 θυ-

238 3429 443 3501 γατρός
501 3445 617 3495 σου,
688 3428 952 3491 τουτέστι,
1008 3420 1102 3476 διὰ
1152 3426 1239 3476 τόν
1287 3423 1456 3496 λόγον,
1526 3421 1670 3495 ᾧτινι
1725 3426 1855 3496 πρὸς

243 3520 570 3590 συνηγορίαν
613 3513 832 3589 ἐχρήσω
883 3521 1100 3573 συνετῶς
1156 3514 1309 3585 ἄγαν.
1373 3517 1474 3565 Καὶ
1526 3516 1626 3587 γὰρ
1671 3514 1695 3563 6
1744 3519 1853 3566 Σω-

242 3610 348 3680 τήρ
398 3608 484 3656 καὶ
534 3608 628 3661 τὴν
678 3609 857 3655 πίστιν
898 3601 1061 3663 αὐτῆς
1104 3600 1336 3674 ἐπῄνεσε,
1384 3606 1473 3654 καὶ
1504 3606 1596 3659 τὴν
1625 3604 1853 3657 σύνεσιν.

250 3699 350 3747 Καὶ
383 3690 417 3746 δ
424 3696 477 3745 ιὰ
520 3700 672 3745 τοῦτο
702 3693 969 3751 Ματθαῖος
998 3695 1086 3763 μεν
1131 3695 1218 3743 τόν
1270 3693 1473 3743 ἔπαινον
1513 3700 1604 3753 τῆς
1637 3696 1857 3752 πίστεως

249 3784 421 3843 αὐτῆς
451 3782 667 3854 ἔγραψε,
701 3783 909 3855 Μάρκος
941 3776 999 3833 δέ
1028 3784 1110 3833 τὸν
1136 3789 1231 3841 τῆς
1264 3786 1535 3843 συνέσεως.

326 3876 394 3925 Συ
447 3869 506 3924 δε
557 3875 777 3936 σκόπει,
828 3878 958 3939 πῶς,
1026 3879 1125 3921 τῶν
1196 3870 1493 3923 ἀποστόλων
1577 3868 1860 3930 δεηθέντων

249 3966 383 4037 ὑπὲρ
448 3961 632 4029 αὐτῆς,
688 3965 777 4013 καὶ
843 3956 1009 4033 μηδὲν
1080 3959 1397 4029 όινυσοέντων⁷
1472 3961 1598 4019 αὐτὴ
1672 3961 1862 4034 μᾶλλον

252 4055 437 4112 ἤνυσε.
498 4048 871 4124 Διδασκόμεθα
918 4053 1015 4123 γὰρ
1065 4048 1310 4115 ἐντεῦθεν,
1371 4052 1451 4103 ὅτι
1500 4051 1524 4102 ό
1570 4054 1700 4112 Θεὸς
1731 4050 1863 4123 βού-

246 4144 397 4197 λεται
450 4140 641 4215 μᾶλλον
709 4142 848 4213 ἡμᾶς
903 4139 1093 4202 αὐτοὺς
1149 4140 1275 4215 ὑπὲρ
1331 4140 1523 4192 ἑαυτῶν
1592 4143 1855 4199 ἱκετεύειν,

250 4236 322 4287 Οἱ
374 4235 466 4306 μεν
494 4233 596 4307 γὰρ
648 4232 878 4303 μαθηταὶ
932 4230 1147 4303 μείζονα
1194 4228 1492 4304 παρρησίαν
1534 4226 1699 4303 εἶχον,
1757 4229 1863 4284 ἀλλ’

1956 536 2135 609 dique
2164 539 2323 595 enim
2350 541 2706 598 ostendebat
2760 542 3219 599 familiaritatem
3263 561 3332 601 ac
3364 546 3623 601 dilectio-

1957 643 2095 682 nem
2127 630 2539 700 ergaludzeos,
2564 648 2892 704 eorumun
2922 636 3273 705 procurabat
3303 636 3617 690 honorem.

1963 717 2129 771 Filios
2156 717 2395 789 quidem
2427 736 2529 775 eos
2574 722 2807 776 vocavit
2847 728 3130 793 tanquam
3163 740 3302 779 suos
3337 742 3401 779 ac
3435 724 3617 780 dilec-

1960 812 2091 871 tos;
2122 808 2393 863 ethnicos
2449 826 2587 865 vero
2639 811 2872 866 catellos
2918 818 3199 885 tanquam
3247 814 3512 885 impuros
3547 831 3619 870 ac

1961 894 2263 951 scelestOs.
2300 897 2523 953 Panem
2556 904 2753 955 autem
2802 901 2946 957 dicit
2976 902 3287 958 sanitatem
3318 919 3439 958 non
3489 919 3616 959 cor-

1962 1000 2176 1055 porum
2206 993 2455 1053 tantum,
2512 1005 2715 1044 verum
2778 991 2956 1046 etiam
2987 992 3340 1048 animarum.
3390 995 3456 1049 Et
3482 994 3617 1051 vide

1962 1073 2225 1129 mulieris
2245 1077 2621 1147 prudentiam
2646 1095 2657 1131 :
2681 1078 2887 1135 Christi
2910 1082 3072 1137 enim
3092 1081 3288 1138 verbis
3318 1084 3615 1156 perculsa,

1963 1179 2141 1218 suum
2165 1162 2238 1219 ab
2277 1164 2388 1220 illis
2420 1167 2558 1221 texit
2585 1167 3006 1238 patrocinium.

2032 1397 2198 1455 Vers.
2234 1399 2321 1453 ‘27.
2343 1399 2541 1456 Atilla
2576 1431 2639 1440 —
2668 1416 2931 1459 suorum.
2966 1403 3148 1471 Certe,
3184 1405 3441 1476 Domine,
3478 1422 3618 1462 vere

1962 1487 2156 1543 dixisti
2188 1505 2199 1542 :
2229 1488 2309 1543 illi
2350 1488 2598 1561 quidem
2645 1497 2778 1548 sunt
2808 1492 2928 1557 ﬁlii,
2972 1509 3082 1564 ego
3131 1510 3270 1549 vero
3318 1512 3437 1552 una
3462 1513 3493 1551 e
3525 1513 3623 1554 ca-

1960 1577 2112 1632 tellis
2146 1594 2157 1631 :
2204 1577 2451 1650 ideoque
2495 1581 2607 1634 mei
2633 1580 2831 1651 potius
2865 1582 3130 1638 misereri
3163 1589 3419 1655 oportet.
3458 1586 3614 1643 Nam

1963 1673 2013 1721 et
2045 1667 2247 1723 catelli
2275 1666 2534 1724 eduntde
2580 1670 2742 1725 micis
2783 1687 2911 1741 quae
2948 1673 3171 1728 cadunt
3208 1690 3241 1727 ιι
3272 1690 3474 1731 mensa
3521 1676 3619 1731 doc

1964 1756 2253 1811 minorum
2310 1772 2566 1823 suorum,
2629 1760 2775 1823 Quia
2829 1777 2968 1830 ergo
3020 1762 3232 1818 catella
3283 1780 3443 1827 sum,
3498 1780 3622 1820 non

1966 1846 2166 1902 aliena
2198 1862 2353 1912 sum,
2388 1863 2578 1918 neque
2599 1848 2672 1903 de
2698 1849 2866 1904 micis
2886 1850 3244 1922 participare
3270 1853 3613 1923 prohibeor,

1967 1934 2119 1990 sicut
2148 1951 2341 2006 neque
2373 1936 2560 1991 catelli
2594 1954 2609 1991 :
2656 1938 2729 1992 de
2760 1939 2927 1993 micis
2977 1941 3061 2009 (ιι)
3119 1939 3368 2011 inquam
3400 1941 3621 1997 intelle-

1965 2024 2280 2089 ctualibus,
2308 2025 2371 2079 id
2396 2027 2853 2081 estsanitatibus
2877 2028 3105 2083 collatis
3132 2029 3209 2084 ab
3226 2045 3297 2085 eo
3323 2031 3427 2101 qui
3462 2046 3623 2087 nunc

1966 2130 2110 2168 casu
2142 2130 2269 2168 sese
2299 2113 2529 2169 obtulit.
2563 2116 2733 2181 Quod
2756 2132 2896 2187 ergo
2918 2118 3068 2173 adeo
3096 2119 3336 2189 repulsa
3358 2135 3479 2174 non
3508 2120 3625 2175 dis-

1966 2203 2160 2269 cessit,
2193 2202 2463 2259 ﬁdeierat
2494 2220 2506 2258 ε
2536 2206 2699 2275 quod
2724 2222 2858 2261 vero
2888 2223 2950 2261 se
2977 2207 3251 2263 catellam
3279 2212 3371 2263 est
3397 2209 3623 2265 confes-

1968 2307 2054 2359 sa,
2082 2292 2435 2348 humilitatis
2473 2310 2489 2347 :
2521 2294 2685 2366 quod
2712 2300 2911 2350 autem
2943 2313 2979 2351 a
3001 2297 3211 2351 Christi
3243 2298 3623 2353 sermonibus

1966 2382 2362 2450 patrocinium
2386 2382 2498 2437 sibi
2554 2384 2858 2454 aptaverit,
2924 2384 3248 2455 prudentize
3318 2390 3626 2457 PrOpterea

1967 2469 2117 2525 enim
2149 2470 2408 2527 Christus
2435 2473 2748 2528 sanitatem
2780 2473 3031 2537 distulit,
3067 2480 3129 2530 ut
3154 2475 3281 2530 haec
3308 2476 3625 2532 manifesta

1965 2560 2213 2615 tierent:
2275 2567 2452 2633 atque
2485 2578 2590 2633 per
2628 2562 2726 2618 illa
2782 2563 2965 2633 hujus
3016 2563 3465 2636 philosophiam
3525 2566 3625 2622 de-

1968 2655 2343 2716 monstraret,
2416 2656 2597 2722 utque
2643 2651 3155 2709 confunderentur
3208 2654 3417 2719 Judmi,
3473 2655 3622 2711 adeo

1964 2737 2101 2804 ﬁde,
2134 2739 2463 2795 humilitate
2489 2756 2559 2796 ac
2613 2741 2927 2813 prudentia
2958 2760 2991 2798 a
3017 2743 3220 2815 gentili
3257 2744 3501 2800 muliere
3532 2761 3623 2801 su-

1965 2827 2151 2898 perati
2199 2846 2211 2883 :
2268 2836 2553 2899 praeterea
2599 2834 2662 2885 ut
2708 2829 2835 2885 htEC
2894 2831 3157 2887 videntes
3206 2833 3476 2904 apostoli,
3526 2850 3622 2890 su-

1966 2918 2541 2981 merentaudaciam,
2566 2936 2699 2973 cum
2731 2920 3109 2989 postmodum
3129 2921 3203 2975 ad
3235 2928 3438 2991 gentes
3458 2922 3623 2979 emit-

1965 3011 2239 3061 terentur.
2273 3008 2405 3062 Jam
2439 3008 2641 3080 itaque
2666 3008 2933 3064 Christus
2960 3009 3113 3064 illius
3134 3009 3317 3066 ﬁdem
3358 3012 3624 3083 promul-

1964 3101 2085 3165 gat.

2036 3203 2204 3261 Vers.
2244 3202 2331 3257 28.
2372 3205 2532 3260 Tunc
2562 3236 2629 3245 —
2662 3205 2768 3262 illa
2836 3206 3004 3261 hora.
3044 3209 3269 3262 Marcus
3312 3212 3516 3263 autum
3545 3208 3627 3265 ait

1962 3294 2257 3349 Christum
2286 3294 2363 3349 ad
2390 3294 2549 3349 illam
2570 3294 2792 3350 dixisse
2814 3314 2825 3352 :
2844 3295 3261 3364 Propter/tunc
3278 3314 3619 3365 sermonem,

1964 3382 2067 3438 abi
2094 3384 2141 3418 ⁵⁸
2170 3400 2182 3449 ;
2225 3382 2403 3438 exivit
2430 3382 2799 3439 daemonium
2830 3400 2865 3438 a
2904 3383 3027 3439 ﬁlia
3055 3393 3169 3450 tua,
3194 3386 3307 3440 hoc
3340 3391 3424 3441 est
3451 3403 3625 3459 prop-

1964 3477 2052 3528 ter
2083 3472 2240 3527 hunc
2288 3488 2617 3527 sermonem
2644 3489 2765 3544 quo
2823 3472 3123 3543 sapienter
3156 3475 3481 3530 admodum
3520 3492 3628 3532 usa

1966 3577 2027 3616 es
2060 3561 2136 3615 ad
2178 3562 2597 3633 patrocinium.
2648 3562 2847 3617 Etenin
2884 3563 3154 3619 Salvator
3183 3569 3239 3619 et
3294 3564 3473 3619 ﬁdem
3499 3565 3628 3635 ejus

1966 3650 2230 3707 laudavit
2259 3656 2314 3707 et
2354 3650 2753 3723 prudentiam.
2798 3653 2860 3707 Et
2892 3652 3024 3707 ideo
3056 3653 3360 3708 Matthceus
3391 3653 3629 3725 quidem

1968 3739 2211 3795 laudem
2240 3740 2373 3796 ﬁdei
2405 3741 2534 3812 ejus
2588 3740 2825 3811 scripsit
2854 3758 2866 3796 :
2898 3743 3127 3797 Marcus
3176 3759 3316 3799 vero
3374 3744 3631 3815 pruden-

1971 3830 2086 3884 tias.

2042 3938 2127 3993 Tu
2154 3942 2354 3993 autem
2386 3938 2693 3994 considera
2715 3939 3025 4011 quomodo
3072 3956 3204 3995 cum
3247 3940 3500 4012 apostoli
3522 3956 3631 4013 pro

1972 4027 2073 4083 illa
2097 4027 2403 4099 deprecati
2420 4027 2686 4094 fuissent,
2716 4028 2981 4101 nihilque
2995 4028 3345 4096 effecissent,
3372 4031 3498 4102 ipsa
3530 4046 3635 4102 po-

1976 4119 2099 4174 tius'
2120 4117 2379 4189 perfecit.
2416 4118 2558 4173 Hinc
2606 4117 2766 4174 enim
2803 4117 3089 4173 docemur
3118 4120 3280 4191 quod
3313 4122 3465 4175 Deus
3512 4136 3636 4177 ma-

1975 4207 2100 4262 vult
2130 4223 2239 4263 nos
2268 4222 2376 4278 pro
2426 4206 2745 4279 nobisipsis
2777 4206 3087 4263 obsecrare
3123 4225 3135 4263 :
3166 4208 3441 4279 discipuli
3470 4208 3632 4264 enim

248 4326 280 4383 ἠ
313 4327 445 4395 γυνὴ
476 4296 669 4379 πολλὴν
693 4324 967 4394 καρτερίαν
996 4316 1314 4381 ἐπεδείξατο.
1343 4325 1443 4373 Καὶ
1474 4324 1629 4383 ὅντως
1661 4322 1858 4395 μεγάλα

1975 4296 2190 4369 majori
2214 4296 2481 4355 libertate
2502 4298 2842 4363 utebantur,
2866 4296 2970 4353 sed
3000 4297 3508 4367 muliermagnam
3539 4297 3635 4352 de-

251 4412 483 4468 δύναται
508 4407 804 4486 προσεδρία
830 4407 1067 4483 παρακλή
1079 4428 1221 4469 σεως.

329 4503 634 4576 Προετύπου
741 4496 800 4552 δὲ
871 4501 1007 4551 κατὰ
1104 4498 1415 4573 ἀλληγορίαν
1496 4501 1525 4558 ἡ
1596 4507 1867 4556 Χαναναία

253 4592 389 4650 αὕτη
440 4594 569 4663 γυνὴ
620 4593 712 4648 τὴν
773 4587 825 4651 ἐξ
873 4586 1026 4641 ἐθνῶν
1074 4588 1409 4655 Ἐκκλησίαν,
1472 4591 1584 4651 ἦτις
1640 4592 1733 4653 ἓως
1776 4596 1864 4665 μὲν

252 4687 427 4757 ἔμενεν
510 4681 559 4732 ἐν
624 4687 729 4741 τοῖς
786 4680 951 4751 ὁρίοις
1026 4688 1119 4741 τῆς
1184 4682 1466 4752 θρησκείας
1510 4682 1692 4748 αὐτῆς,
1754 4681 1865 4755 εἶχε

250 4778 344 4832 τὴν
398 4773 660 4846 θυγατέρα
719 4766 1194 4842 δαιμονιζομένην,
1244 4773 1406 4841 ἤγουν
1442 4813 1455 4837 ⁷
1523 4775 1611 4829 τὴν
1679 4773 1863 4846 πρᾶξιν

1266 4858 1544 4923 ἐξελθοῦσα
1619 4858 1678 4914 δὲ
1764 4872 1863 4916 τῶν

253 4956 414 5025 ὁρίων
470 4950 650 5012 αὐτῆς·
709 4948 789 5022 (2)
841 4946 1117 5001 Ἐπιλοίθου
1173 4949 1311 5024 γὰρ,
1363 4954 1525 5022 φησὶ,
1600 4958 1692 5003 τοῦ
1738 4951 1863 5005 λαοῦ

255 5062 392 5110 σου,
443 5044 533 5093 καὶ
591 5046 683 5092 τοῦ
739 5040 884 5090 οἴκου
952 5043 1043 5090 τοῦ
1098 5042 1290 5114 πατρός
1352 5057 1483 5092 σουο
1550 5039 1706 5113 λόγον
1756 5043 1865 5107 ἠξι-

252 5134 370 5190 ώθη
420 5132 567 5206 παρὰ
622 5135 879 5205 Χριστοῦ,
931 5132 1021 5181 καὶ
1073 5126 1348 5200 ἀπηλλάγη
1402 5138 1497 5193 τῆς
1551 5127 1867 5196 δυναστείας

247 5229 359 5295 τῷν
393 5216 677 5293 δαιμόνων.

332 5350 377 5385 ⁸⁷
405 5350 575 5407 Marc.
604 5362 706 5412 vn,
736 5344 826 5399 27.

252 4866 629 4936 κυριευομένην
713 4860 814 4912 ὑπό
902 4855 1181 4931 δαιμόνων’

947 5342 994 5380 ⁸⁸
1021 5346 1192 5402 Marc.
1225 5360 1328 5412 vn,
1372 5346 1460 5403 29.

1975 4387 2330 4445 monstravit
2359 4387 2757 4443 constantiam
2775 4405 2845 4443 ac
2867 4388 3391 4460 perseverantiam.
3414 4390 3477 4444 Et
3500 4405 3635 4444 vere

1975 4493 2200 4548 magna
2238 4482 2433 4550 potest
2461 4476 2822 4549 precationis
2854 4477 3195 4534 assiduitas.

2048 4585 2475 4657 Przeﬁgurabat
2500 4586 2883 4655 autemjuxta
2915 4584 3256 4656 allegoriam
3289 4585 3633 4643 Chananasa

1974 4678 2104 4734 haec
2148 4676 2357 4733 mulier
2388 4675 2714 4732 Ecclesiam
2755 4692 2785 4731 e
2816 4676 3093 4746 gentibus
3121 4676 3632 4747 congregandam,

1975 4786 2109 4842 quae
2138 4768 2285 4824 dum
2316 4768 2375 4822 in
2404 4767 2615 4822 ﬁnibus
2648 4783 2894 4823 suarum
2947 4767 3473 4825 observantiarum
3511 4784 3638 4841 per-

1975 4860 2219 4923 mansit,
2251 4857 2424 4913 ﬁliam
2454 4855 2716 4913 habebat
2746 4874 2782 4913 a
2803 4856 3109 4913 daemonio
3139 4858 3447 4928 agitatam,
3483 4858 3639 4914 vidc-

1974 4948 2108 5006 licet
2130 4948 2535 5021 operationem
2573 4947 2954 5003 daemonibus
2985 4948 3345 5019 subjectam.
3395 4947 3504 5004 Ubi
3533 4964 3640 5003 au-

1976 5045 2097 5098 tem
2144 5055 2383 5111 egressa
2408 5044 2498 5095 est
2555 5054 2589 5095 a
2616 5038 2839 5093 ﬁnibus
2890 5038 3035 5102 suis,
3072 5037 3257 5095 oblita
3283 5037 3506 5093 scilicet
3534 5052 3639 5109 po-

1976 5130 2102 5205 puli
2123 5130 2215 5186 sui
2243 5146 2312 5187 ac
2343 5129 2553 5185 domus
2584 5128 2767 5201 patris
2800 5128 2891 5184 sui
2920 5130 2989 5193 5°,
3017 5127 3228 5183 Christi
3250 5141 3523 5182 sermone
3554 5126 3639 5181 di-

1979 5237 2097 5293 gna
2124 5219 2337 5278 effecta
2365 5224 2473 5287 est,
2507 5224 2563 5277 et
2586 5235 2623 5278 a
2665 5219 3008 5277 daamonum
3043 5217 3324 5275 violentia
3351 5216 3629 5275 liberata.

1580 5348 1627 5383 ⁸⁸
1660 5348 1811 5405 Psal.
1841 5365 1987 5407 xuv.
2016 5348 2105 5403 11.

1388 5473 1616 5542 Variae
1645 5475 1974 5545 lectiones
2006 5482 2073 5542 et
2098 5482 2301 5542 notae.

332 5594 416 5661 (1)
440 5588 799 5661 Ἀνεϐάλλετο,
826 5594 887 5646 Β.

354 5659 410 5724 2i
445 5664 595 5724 Haec
621 5659 877 5719 fortasse
906 5663 1112 5721 contra
1134 5661 1397 5720 codicem
1424 5678 1604 5721 suum
1634 5664 1891 5723 mutavit
1915 5663 2258 5721 Hentenius.

354 5666 410 5737 2)
445 5666 595 5724 Haac
621 5666 877 5719 fortasse
906 5666 1112 5721 contra
1134 5666 1397 5720 codicem
1424 5678 1604 5721 suum
1634 5666 1891 5723 mutavit
1915 5666 2258 5721 Hentenius.

328 5666 419 5811 Eu)
444 5738 536 5794 De
567 5732 738 5793 micis
766 5762 837 5776 —
866 5748 985 5789 sese
1013 5732 1249 5791 obtulit.
1285 5735 1444 5793 Mica;
1474 5741 1678 5794 autem
1706 5735 2115 5809 intelliguntur
2139 5734 2475 5796 curationes
2512 5748 2663 5791 casu
2687 5732 2924 5792 oblatas.
