4108 6382
475 308 581 378 455

1795 303 2132 370 EUTHYMII
2173 292 2507 364 ZIGABENI

3745 302 3853 364 456

554 447 718 502 Vers.
750 443 839 498 29.
870 443 951 499 Et
978 472 1047 482 -—~
1081 441 1224 504 illic,
1259 438 1557 494 Interdum
1591 437 1828 510 quidem
1861 436 1988 508 ipse
2029 434 2136 490 cir-

2319 437 2420 485 Καὶ
2467 463 2537 472 -
2582 432 2712 488 ἐκεῖ.
2773 434 2904 485 flori;
2955 435 3045 504 μὲν
3089 431 3246 496 αὐτὸς
3301 437 3638 508 περιέρχεται
3697 435 3852 507 θερα-

479 534 687 598 cumit,
748 548 970 588 sanans
998 547 1100 586 eos
1129 530 1231 601 qui
1265 527 1420 583 male
1465 527 1690 582 habent
1719 544 1730 581 :
1764 525 2130 599 quandoque

479 629 676 679 autem
706 622 872 676 sedet
899 623 1256 691 exspectans
1279 633 1380 672 eos
1405 617 1622 688 quibus
1652 632 1796 670 cura
1819 632 1972 686 opus
1991 619 2079 668 est
2115 631 2127 681 ;

480 711 625 766 illud
677 710 924 782 quidem
957 724 1065 763 sua
1104 707 1391 771 bonitate,
1424 706 1534 759 hoc
1573 720 1734 768 vero,
1770 709 1834 758 ut
1876 705 1950 758 de
1976 701 2132 757 inﬁr-

482 816 716 856 morum
740 799 859 854 ﬁde
884 802 1083 853 sumat
1112 795 1610 867 experimentum.
1638 797 1998 865 Frequenter
2031 807 2133 846 au-

481 893 604 946 tem
636 889 697 943 in
724 892 988 944 montem
1022 885 1297 951 ascendit,
1333 888 1574 956 propter
1607 900 1731 938 suae
1757 881 2132 938 altitudinem

481 978 838 1034 divinitatis:
882 993 952 1032 ac
994 977 1216 1032 docens
1263 991 1300 1029 a
1339 973 1466 1029 solo
1498 972 1716 1029 elevari
1742 988 1844 1028 eos
1878 971 1983 1044 qui
2016 971 2132 1026 Deo

483 1067 967 1140 appropinquare
995 1064 1256 1136 cupiunt.

842 1174 994 1230 CAP.
1027 1173 1175 1229 XXX
1196 1173 1283 1228 De
1313 1171 1499 1227 turbis
1527 1171 1775 1227 sanatis.

555 1281 720 1337 Vers.
751 1282 844 1339 30.
884 1281 961 1336 Et
996 1309 1060 1320 -—
1084 1281 1328 1336 multos.
1369 1278 1552 1332 Κυλλοὶ
1585 1278 1715 1350 (pro
1744 1292 1867 1350 quo
1902 1275 2135 1332 mutilos

479 1370 796 1443 vertimus)
867 1370 1105 1443 pr0prie
1177 1370 1477 1434 dicuntur,
1564 1368 1667 1440 qui
1724 1366 2003 1422 manibus
2035 1381 2134 1421 ca-

481 1465 635 1523 rent,
669 1461 816 1516 sicut
834 1459 1134 1516 tricesimo
1155 1460 1408 1531 septimo
1423 1457 1614 1529 capite
1629 1456 2001 1512 manifestius
2033 1471 2136 1527 pa-

486 1548 653 1606 tebit.

553 1639 712 1694 Vers.
742 1638 830 1693 30.
861 1637 938 1692 Et
970 1669 1039 1677 —
1065 1637 1222 1692 illos.
1259 1635 1403 1692 Vide
1459 1635 1864 1706 proﬁcientem
1895 1633 2134 1690 illorum

479 1726 684 1782 ﬁdem.
715 1729 917 1797 Neque
947 1727 1104 1781 enim
1135 1725 1394 1797 amplius
1417 1729 1668 1794 tangunt
1692 1723 1994 1780 fimbriam
2038 1739 2132 1778 ve-

482 1816 740 1871 stimenti
763 1816 912 1886 ejus,
926 1817 1028 1870 sed
1047 1814 1371 1886 projiciunt
1390 1831 1450 1870 se
1469 1814 1665 1870 solum
1679 1813 1753 1869 ad
1781 1813 1959 1886 pedes
1979 1813 2130 1885 ejus,

483 1910 537 1961 et
561 1908 800 1977 repente
849 1908 1013 1960 curat
1042 1903 1175 1959 illos
1211 1921 1222 1958 :
1255 1919 1377 1959 non
1397 1903 1565 1974 quod
1595 1903 1840 1973 majoris
1863 1903 1982 1958 sint
2013 1901 2134 1958 ﬁde

481 2009 666 2065 quam
701 1993 1061 2060 Chananaea,
1107 1992 1212 2047 sed
1251 1992 1411 2062 quod
1440 1991 1609 2047 Iudae
1667 1992 1806 2060 sint,
1840 1996 1902 2046 ut
1936 1991 2133 2060 ingra-

481 2087 680 2138 torum
727 2081 964 2137 obturet
1011 2097 1118 2136 ora
1160 2081 1520 2146 Judeeorum,
1551 2080 1974 2136 demonstrans
2005 2080 2136 2136 illos

486 2171 702 2241 majori
755 2170 970 2242 dignos
1011 2170 1323 2242 supplicio.
1385 2171 1660 2239 Ingratus
1711 2169 1868 2224 enim
1908 2175 2137 2241 quanto

484 2260 818 2330 majoribus
870 2258 1266 2331 pluribusque
1327 2258 1584 2314 afﬁcitur
1625 2258 1949 2323 bcneficiis,
1971 2263 2139 2314 tanto

487 2351 561 2405 ad
596 2348 887 2418 majorem
917 2347 1464 2419 pmnamluendam
1494 2351 1580 2404 est
1608 2347 1921 2403 obnoxius.

558 2456 728 2510 Vers.
779 2459 871 2511 3i.
915 2456 1001 2510 Ita
1049 2457 1112 2508 ut
1139 2485 1208 2495 —
1238 2454 1450 2510 videre.
1492 2454 1851 2510 Mirabantur
1902 2461 2142 2526 propter

488 2560 696 2601 eorum
750 2543 1197 2598 multitudinem
1229 2544 1332 2616 qui
1394 2542 1773 2608 curabantur,
1808 2548 1864 2598 et
1899 2548 2143 2615 propter

489 2633 814 2690 curationis
844 2632 1236 2688 velocitatem.

558 2741 731 2794 Vers.
758 2740 844 2794 31.
891 2740 959 2793 Et
989 2770 1056 2778 -—
1081 2740 1284 2795 Israel.
1320 2739 1507 2793 Deum
1539 2738 1726 2810 ipsius
1775 2737 1978 2808 Israel,
2026 2739 2141 2794 hoc
2170 2712 2210 2768 Ο

487 2833 597 2894 est,
629 2828 732 2901 qui
764 2828 842 2884 ab
875 2828 1152 2883 Israelitis
1185 2828 1510 2886 colebatur.

812 2953 966 3010 CAP.
997 2953 1163 3009 XXXI
1194 2954 1282 3008 De
1305 2960 1522 3022 septem
1551 2954 1824 3022 panibus.

560 3064 716 3116 Vers.
762 3064 848 3116 32.
903 3061 1072 3116 Jesus
1127 3066 1320 3116 autem
1353 3092 1422 3099 ——
1464 3060 1662 3116 edant.
1695 3061 1824 3115 Dies
1865 3066 1999 3127 tres,
2033 3077 2142 3134 pro

485 3151 698 3206 diebus
728 3149 940 3206 tribus.
964 3149 1336 3206 Admiranda
1360 3153 1488 3205 erat
1517 3155 1678 3206 tanta
1733 3151 1916 3206 turbae
1945 3166 2146 3223 perse-

484 3239 770 3296 verantia.
794 3241 984 3304 Quare
1011 3242 1212 3294 autem
1252 3244 1446 3294 tacent
1470 3239 1767 3310 discipuli.
1800 3255 1910 3295 nec
1940 3240 2147 3296 dicunt

484 3333 549 3385 ut
578 3328 768 3400 prius.
797 3328 1034 3383 Dimitte
1087 3326 1306 3396 turbas,
1349 3327 1530 3398 idque
1555 3327 1740 3382 tribus
1771 3329 1898 3400 jam
1929 3329 2146 3401 elapsis

484 3417 696 3472 diebus
726 3416 754 3472 ?
787 3417 938 3481 Quia
954 3414 1238 3470 videbant
1259 3415 1392 3470 illos
1426 3422 1875 3486 perseverantes
1905 3434 1972 3475 ac
2004 3434 2147 3488 gau-

486 3505 694 3562 dentes
717 3521 896 3577 super
922 3503 1277 3560 sanitatibus
1316 3504 1718 3570 inﬁrmorum,
1774 3522 1882 3563 nec
1923 3507 2146 3563 famem

482 3594 716 3666 penitus
748 3593 1083 3649 sentientes.

558 3681 842 3736 Fortassis
863 3686 1060 3737 autem
1094 3685 1150 3738 et
1175 3682 1253 3737 ad
1284 3684 1522 3739 tertium
1562 3701 1750 3756 usque
1781 3687 1939 3741 diem
1981 3704 2148 3743 escas

484 3771 816 3826 detulerant
853 3789 865 3826 :
892 3771 1029 3826 ideo
1059 3763 1198 3827 tunc
1221 3772 1462 3828 demum
1492 3775 1567 3829 ad
1599 3774 1951 3831 miraculum
1986 3794 2148 3833 acce~

2243 520 2409 573 πεύων
2449 525 2570 584 τοὺς
2592 530 2764 583 κακῶς
2797 524 3035 593 ἔχοντας,
3062 525 3184 574 ποτε
3213 519 3272 575 δὲ
3310 525 3541 580 κάθηται
3570 528 3854 598 περιμένων

2244 614 2368 672 τοὺς
2431 612 2730 684 χρῄζοντας
2790 615 3106 686 θεραπείας·
3172 611 3330 665 ἐκεῖνο
3377 616 3467 685 μὲν
3528 609 3604 665 δι’
3661 613 3855 666 οἰκείαν

2246 699 2569 772 ἀγαθότητα,
2595 710 2747 754 τοῦτο
2782 699 2841 754 δὲ
2871 698 3160 775 δοκιμάζον
3179 707 3271 760 τὴν
3302 707 3481 756 πίστιν
3512 711 3611 754 τῶν
3634 709 3855 776 καμνόν-

2242 810 2362 845 των.
2427 798 2665 863 Συνεχῶς
2719 788 2778 844 δὲ
2831 791 2902 854 εἰς
2935 796 3053 866 ὅρος
3101 791 3290 858 ἄνεισι,
3354 789 3447 844 διὰ
3494 794 3554 844 τὸ
3586 791 3718 863 ὕψος
3762 801 3856 853 τῆς

2244 879 2428 932 ἑαυτοῦ
2450 882 2706 946 θεότητος,
2727 886 2816 933 καὶ
2845 879 3109 934 παιδεύων
3135 880 3443 958 ἐπαίρεσθαι
3472 883 3706 955 χαμόθεν
3735 887 3856 943 τοὺς

2241 968 2552 1030 πλησιάζειν
2591 977 2664 1040 τῷ
2697 977 2810 1041 Θεῷ
2841 969 3096 1033 θέλοντας.

2317 1181 2462 1228 ΚΕΦ.
2498 1174 2580 1230 Λ’.
2615 1180 2860 1239 Περὶτῶν
2891 1178 3298 1251 θεραπευθέντων
3335 1176 3524 1248 ὄχλων.

2319 1269 2510 1317 Καὶ-
2546 1265 2786 1327 πολλούς.
2824 1265 3007 1319 Κυλλοὶ
3038 1271 3227 1339 κυρίως
3249 1269 3297 1319 οἱ
3327 1268 3559 1340 ἄχειρες,
3594 1267 3663 1328 ὡς
3688 1264 3736 1318 ἐν
3779 1273 3854 1337 τῷ

2245 1352 2325 1413 λζ’
2356 1353 2614 1426 κεφαλαίῳ
2647 1351 2953 1427 διαγνωσθὴ
2966 1375 3132 1409 σεται.

2321 1626 2445 1675 ’Καὶ
2491 1654 2560 1662 -
2608 1623 2818 1684 αύτούς.
2883 1623 3023 1698 ’Ὁρα
3064 1627 3466 1698 προκόπτουσαν
3521 1629 3616 1683 τὴν
3676 1629 3856 1678 πίστιν

2247 1711 2433 1765 αὐτῶν.
2504 1711 2615 1764 Ούκ
2668 1715 2740 1765 ἔτι
2797 1714 2898 1788 γάρ
2953 1713 3206 1766 ἅπτονται
3258 1721 3348 1766 τοῦ
3407 1712 3710 1788 κρασπέδου
3765 1723 3858 1768 τοῦ

2249 1803 2458 1873 ἱματίου
2507 1801 2686 1872 αὐτοῦ,
2725 1801 2851 1854 ἀλλὰ
2887 1803 3161 1877 ῥίπτονταί
3205 1807 3356 1875 μόνον
3398 1807 3500 1877 πρὸ
3543 1813 3639 1856 τῶν
3678 1800 3858 1856 ποδῶν

2245 1890 2430 1954 αὐτοῦ,
2481 1896 2571 1943 καὶ
2643 1899 2981 1966 παραχρῆμα
3049 1895 3292 1965 θραπεύει
3354 1893 3563 1957 αὐτοὺς,
3621 1893 3727 1966 οὐχ
3788 1895 3860 1954 ὡς

2245 1984 2586 2056 πιστοτέρους
2615 1981 2710 2042 τῆς
2732 1987 3047 2046 Χαναναίας,
3076 1981 3187 2035 ἀλλ’
3209 1985 3278 2044 ὡς
3297 1979 3609 2050 Ἰουδαίους,
3629 1981 3856 2056 ἐμφράτ-

2244 2089 2344 2121 των
2374 2077 2473 2120 τῶν
2503 2068 2806 2144 ἀχαρίστων
2829 2068 3100 2123 Ἰουδαίων
3130 2074 3195 2124 τὰ
3227 2076 3486 2144 στόματα,
3519 2076 3608 2124 καὶ
3641 2070 3862 2143 ἀποφαί-

2248 2168 2343 2211 νῶν
2375 2159 2561 2220 αύτούς
2582 2161 2819 2232 μείζονος
2834 2166 3085 2234 τιμωρίας
3112 2159 3306 2224 ἀξίους.
3335 2161 3393 2214 Ὀ
3413 2164 3514 2234 γὰρ
3540 2159 3857 2236 ἀχάριστος,

2251 2251 2370 2302 ὅσον
2441 2249 2782 2323 εύεργετεῑται
2851 2251 3050 2323 μεῖζον,
3106 2259 3350 2304 τοσοῦτον
3408 2256 3604 2324 γίνεται
3660 2251 3863 2324 μείζονι

2251 2337 2461 2391 κολάσει
2500 2340 2800 2402 ὑπεύθυνος.

2321 2443 2482 2498 Ὥστε
2571 2479 2639 2486 -
2721 2445 3051 2518 βλέποντας.
3114 2447 3443 2520 Ἐθαύμαζον
3521 2444 3614 2500 διά
3679 2466 3732 2498 τε
3801 2449 3858 2498 τὸ

2252 2534 2444 2596 πλῆθος
2490 2544 2587 2587 τῶν
2647 2538 3079 2608 θεραπευομένων,
3138 2541 3229 2588 καὶ
3282 2533 3376 2588 διὰ
3425 2539 3483 2589 τὸ
3546 2535 3713 2607 ταχος
3769 2543 3864 2596 τῆς

2256 2625 2548 2696 θεραπείας.

2326 2735 2426 2783 Καὶ
2456 2762 2522 2770 —
2554 2729 2786 2804 Ἰσραήλ.
2814 2733 2911 2783 Τόν
2936 2734 3063 2784 Θεὸν
3095 2733 3175 2803 (3)
3217 2730 3451 2808 Ἰσραὴλ,
3481 2735 3741 2796 τουτέστι,
3773 2733 3862 2784 τὸν

2251 2824 2536 2892 τιμώμενον
2566 2821 2666 2871 ὑπὸ
2697 2827 2797 2871 τῶν
2828 2821 2866 2873 Ἰ
2875 2820 3184 2895 σραηλιτῶν.

2576 2941 2720 2989 ΚΕΦ.
2756 2936 2883 2990 ΛΑ’·
2915 2942 3038 3011 Περὶ
3063 2945 3162 2988 τῶν
3193 2937 3322 2990 ἑπτὰ
3345 2939 3534 3012 ἄρτων.

2322 3051 2380 3103 '0
2415 3084 2483 3092 —
2511 3055 2769 3124 φάγωσιν.
2802 3053 3020 3126 Ἡμέραι
3048 3054 3123 3125 (4)
3155 3061 3314 3126 τρεῖς,
3348 3056 3464 3106 ἀντὶ
3499 3061 3614 3124 τοῦ,
3645 3055 3864 3129 ἡμέραις

2255 3161 2416 3214 τρισι.
2469 3146 2763 3214 Θαυμαστὴ
2795 3138 2852 3194 δὲ
2891 3144 2921 3200 ἡ
2955 3145 3188 3200 τοσαύτη
3231 3151 3323 3195 τοῦ
3369 3143 3533 3215 ὄχλου
3578 3148 3852 3216 καρτερία,

2256 3235 2403 3284 Διατί
2435 3227 2494 3284 δὲ
2542 3240 2761 3302 σιγῶσιν
2800 3232 2849 3283 οἱ
2887 3234 3143 3304 μαθηταὶ,
3177 3236 3268 3284 καὶ
3323 3233 3448 3305 οὐχ,
3491 3236 3555 3293 ὡς
3593 3237 3860 3308 πρότερον,

2253 3319 2514 3392 λέγουσιν’
2550 3319 2838 3373 Ἀπόλυσον
2885 3325 2971 3373 τόν
3002 3321 3181 3394 ὄχλον,
3219 3327 3308 3374 καὶ
3338 3330 3508 3374 ταῦτα
3536 3330 3691 3396 τριῶν
3721 3342 3863 3397 παρ-

2257 3409 2512 3462 ελθουσῶν
2530 3411 2731 3484 ἡμερῶν
2757 3427 2770 3478 ;
2801 3415 2941 3464 Διότι
2962 3409 3168 3463 ἔϐλεπον
3200 3415 3319 3474 τοὺς
3347 3420 3866 3486 προσκαρτεροῦντας

2255 3503 2540 3572 χαίροντας
2579 3498 2662 3552 ἐπὶ
2710 3508 2826 3562 ταῖς
2858 3499 3185 3575 ἀναῤῥώσεσι
3214 3510 3313 3553 τῶν
3367 3499 3737 3570 ἀσθενούντων,
3778 3523 3869 3556 και

2257 3585 2372 3640 οὐδ’
2410 3587 2540 3650 ὅλως
2570 3588 2971 3661 αἰσθανομένους
2997 3589 3172 3664 λιμοῦ.

2328 3693 2486 3756 Ἴσως
2535 3691 2594 3748 δὲ
2632 3700 2721 3747 καὶ
2776 3699 2939 3770 μέχρι
2991 3705 3084 3758 τῆς
3115 3701 3290 3769 τρίτης
3332 3696 3530 3769 ἡμέρας
3560 3703 3704 3768 εἰχον
3750 3696 3864 3769 ἐφό-

2259 3781 2376 3841 δια,
2438 3787 2524 3836 Διὸ
2578 3789 2666 3837 καὶ
2714 3789 2826 3837 τότε
2864 3785 3043 3837 λοιπόν
3098 3785 3177 3838 ἐπὶ
3211 3789 3266 3838 τό
3314 3787 3489 3858 θαῦμα
3517 3787 3754 3858 ἔρχεται,
3786 3787 3866 3839 ὅτε

486 3860 591 3926 dit,
623 3861 872 3932 quando
905 3861 963 3915 in
996 3862 1262 3916 ciborum
1299 3862 1623 3931 indigentia
1651 3867 1954 3922 constituti
1987 3873 2143 3922 sunt.

2258 3893 2589 3932 κατέστησαν
2640 3875 2690 3926 ἐν
2742 3878 2900 3948 χρείᾳ
2950 3884 3159 3949 τροφῆς.
3203 3879 3350 3936 Τίνος
3395 3871 3454 3927 δὲ
3507 3875 3666 3927 ἕνεκεν
3712 3875 3865 3927 πάλιν

486 3950 679 4014 Quare
703 3955 902 4005 autem
944 3966 1182 4005 rursum
1215 3950 1342 4006 illos
1381 3951 1445 4006 in
1478 3953 1707 4009 deserto
1741 3956 1930 4026 pascit
1959 3957 1986 4011 ?
2029 3957 2150 4017 Uti-

486 4052 599 4109 que
631 4052 705 4090 ne
738 4037 798 4092 in
830 4037 926 4093 via
979 4037 1319 4103 deﬁcerent,
1373 4041 1524 4094 sicut
1549 4041 1675 4112 ipse
1713 4048 2150 4115 consequenter

484 4125 646 4191 dicit,
664 4131 799 4182 etut
824 4127 1208 4183 conﬁrmaret
1226 4129 1465 4196 signum
1489 4133 1951 4201 praecedentium
1984 4133 2152 4205 quin-

483 4231 600 4288 que
658 4231 929 4288 panum;
973 4217 1239 4288 undique
1288 4218 1448 4273 enim
1489 4219 1858 4290 divulgatum
1891 4229 2034 4290 erat,
2088 4229 2153 4279 ut

483 4305 646 4378 quod
679 4306 916 4378 publice
945 4305 1170 4362 factum
1196 4306 1412 4366 fuerat.

557 4424 716 4478 Vers.
775 4427 862 4478 32.
919 4424 999 4478 Et
1053 4454 1121 4463 —
1180 4423 1280 4481 via
1329 4425 1561 4482 Marcus
1611 4433 1806 4485 autem
1855 4430 2090 4488 addidit
2135 4448 2147 4487 :

487 4509 732 4574 Quidam
760 4511 913 4566 enim
965 4527 1164 4568 eorum
1195 4530 1220 4567 e
1282 4513 1589 4587 longinquo
1642 4528 1949 4577 venerunt.
2007 4524 2152 4580 Vide

485 4613 628 4668 ergo
677 4599 913 4654 Domini
942 4600 1405 4659 humanitatem.
1459 4607 1605 4661 Nam
1637 4608 1829 4665 sciens
1874 4617 2150 4670 naturam

484 4687 818 4744 humanam
867 4689 1003 4745 cibo
1042 4689 1330 4760 indigere,
1373 4695 1648 4765 providet
1701 4699 1753 4754 ei
1802 4698 1979 4758 etiam
2032 4719 2151 4759 non

482 4777 822 4849 requisitas,
851 4777 1172 4852 cibumque
1213 4783 1461 4853 praebet.
1501 4785 1918 4846 Communicat
1950 4797 2151 4850 autem

485 4866 814 4938 discipulis,
842 4872 907 4924 ut
953 4869 1248 4927 recordati
1291 4873 1561 4930 miraculi
1599 4877 1865 4950 quinque
1897 4896 2148 4952 panum,

487 4955 743 5014 offerant
781 4957 830 5014 ei
890 4973 1079 5030 panes
1123 4976 1278 5033 quos
1309 4961 1548 5028 habent,
1600 4969 1655 5020 et
1699 4967 1933 5025 dicant:
1968 4971 2148 5030 Multi-

556 5056 604 5090 ⁷⁰
645 5057 818 5114 Marc.
849 5072 952 5124 vn,
985 5061 1039 5115 3.

2261 3963 2451 4024 αὐτοὺς
2497 3963 2544 4015 ἐν
2604 3962 2778 4038 ἐρὴμῳ
2828 3968 2998 4037 τρέφει
3037 3981 3050 4030 ;
3095 3967 3319 4030 Πάντως,
3381 3966 3461 4015 ἕνα
3518 3969 3588 4036 μὴ
3641 3963 3866 4017 ἐκλυθῶ-

2263 4073 2344 4105 σιν
2389 4052 2436 4104 ἐν
2505 4061 2566 4126 τῇ
2628 4049 2759 4124 ὁδῷ,
2817 4056 2989 4115 καθὼς
3043 4054 3198 4114 αὐτὸς
3241 4051 3348 4106 εἶπε
3402 4058 3614 4128 προϊὼν,
3648 4058 3738 4106 καὶ
3786 4055 3869 4104 ἵνα

2263 4141 2532 4216 βεϐαιώσῃ
2567 4146 2625 4195 τό
2659 4151 2872 4215 σημεῖον
2913 4151 3012 4195 τῶν
3065 4143 3425 4218 προλαϐόντων
3478 4147 3625 4195 πέντε
3663 4144 3859 4216 ἄρτων·

2263 4229 2671 4306 διατεθρύλλητο
2742 4235 2841 4305 γὰρ
2921 4234 3064 4306 παρά
3115 4238 3300 4301 πᾶσιν,
3357 4235 3420 4293 ὡς
3497 4232 3572 4304 (5)
3628 4253 3872 4305 καινοφα-

2259 4327 2360 4384 νές.
2388 4321 2464 4394 (6)

2335 4444 2436 4493 Καὶ
2471 4470 2539 4480 -
2595 4435 2724 4509 ὁδῷ.
2766 4438 2823 4490 Ὀ
2873 4435 2932 4492 δὲ
2980 4441 3192 4509 Μάρκος
3234 4442 3546 4512 προσέθηκε·
3586 4443 3724 4501 Τινὲς
3770 4442 3873 4515 γὰρ

2261 4530 2316 4592 ἐξ
2377 4529 2451 4602 (7)
2512 4528 2679 4581 αὐτῶν
2723 4531 2979 4603 μακρόθεν
3034 4531 3279 4587 ἣκουσιν.
3337 4536 3473 4604 Ὅρα
3547 4527 3605 4582 δὲ
3683 4535 3877 4582 Δεσπό-

2258 4638 2347 4671 του
2426 4616 2811 4692 φιλανθρωπίαν
2851 4659 2864 4674 .
2954 4613 3125 4678 Εἰδὼς
3200 4620 3302 4692 ’γὰρ
3373 4622 3465 4675 τὴν
3548 4617 3876 4691 ἀνθρωπίνην

2261 4709 2416 4780 φύσιν
2471 4702 2716 4778 δεομένην
2770 4713 2986 4779 τροφῆς,
3018 4713 3315 4781 προνοεῖται
3366 4709 3600 4774 ταύτης,
3656 4712 3745 4760 καὶ
3797 4714 3871 4778 μὴ

2261 4796 2512 4860 αἰτηθεὶς,
2587 4798 2812 4868 παρέχεί
2884 4800 3101 4870 τροφὴν.
3176 4794 3558 4864 Κοινολογεῐται
3626 4791 3684 4847 δὲ
3739 4801 3874 4870 πρὸς

2260 4889 2383 4947 τοὺς
2437 4886 2697 4958 μαθητὰς,
2734 4885 2816 4936 ἵνα
2869 4883 3282 4957 ἀναμνησθέντες
3332 4891 3425 4936 τοῦ
3476 4886 3736 4957 θαύματος
3769 4893 3873 4937 τῶν

2259 4979 2407 5028 πέντε
2486 4975 2694 5048 ἄρτων,
2763 4978 3180 5047 προσενέγκωσιν
3259 4973 3399 5045 αύτῷ
3457 4976 3579 5035 τοὺς
3660 4973 3872 5046 ἄρτους,

1709 5221 1926 5290 Varia),
1961 5223 2293 5295 lectiones
2325 5235 2391 5294 et
2432 5234 2641 5293 notae.

558 5405 634 5476 (3)
663 5413 766 5457 Τοῦ
797 5405 982 5461 addit.
1016 5408 1080 5461 A.

558 5479 633 5550 (ιθ)
665 5477 752 5550 A_p
779 5477 970 5550 ἡμέραι
1000 5477 1078 5533 ad
1113 5483 1286 5550 τρισίν
1309 5479 1595 5539 omiserat
1631 5485 1968 5546 Hentenius.

561 5545 1031 5637 (Sl‘ifetil‘eiulilis‘
1063 5545 1346 5637 reddidit,
1381 5569 1451 5608 ac
1491 5555 1539 5610 si
1584 5561 1867 5637 repererit
1907 5545 2149 5637 κοινοφα-

488 5619 733 5702 νέςίη
763 5619 1156 5702 retinendum
1177 5623 1426 5702 videtur,
1452 5619 1774 5702 καινοειὰνές.

555 5689 634 5761 (6)
652 5689 754 5745 Hic
773 5689 1093 5748 addiderat
1114 5689 1434 5754 Hentenius
1455 5689 1750 5759 schoiium
1765 5703 2151 5779 allegoricum

2265 5424 2427 5495 quod
2446 5424 2507 5480 in
2530 5426 2681 5479 meis
2713 5423 2897 5495 paulo
2919 5422 3166 5478 inferius
3192 5422 3403 5493 legitur
3419 5425 3496 5480 ad
3519 5440 3754 5480 versum
3784 5428 3884 5482 tri-

2264 5496 2559 5551 cesimum
2602 5499 2864 5550 tertium.

2336 5567 2413 5639 (7)
2445 5567 2536 5630 Ἐξ
2587 5566 2949 5639 ἱοίτοίθρυά
2997 5568 3261 5639 Marcum
3319 5568 3379 5624 in
3425 5573 3701 5625 contextu
3757 5581 3887 5626 non

2265 5637 2604 5711 agnOScunt
2630 5637 2862 5696 codices
2894 5637 3214 5710 Euthymii.
