4108 6376
198 375 300 432 457

1163 363 1518 425 COMMENT.
1564 363 1634 420 IN
1675 359 2137 421 ΜΑΤΤΗᾸΞΗΜ.
2180 395 2247 404 ——
2288 362 2442 421 CAP.
2476 365 2596 423 XV.

3473 339 3580 424 438

198 500 285 562 οὓς
326 501 534 572 ἔχουσι,
583 500 672 549 καὶ
722 498 954 568 εἴπωσιν,
1003 495 1082 548 ὅτι
1131 494 1397 552 Πλὴθυνον
1435 495 1535 545 Δκαὶ
1567 493 1800 552 τούτους.

1924 490 2073 563 ιΙίοα
2111 490 2289 548 etiam
2320 491 2448 560 hos,
2485 491 2588 547 sed
2619 506 2742 548 non
2772 490 3186 548 intellexerunt
3209 488 3290 547 illi
3329 505 3579 552 causam

199 589 305 642 ἀλλ’
356 589 414 641 ού
467 596 697 646 συνῆκαν
735 584 914 639 ἐκεῖνοι
964 593 1056 644 τῆν
1106 583 1276 636 αἰτίαν
1329 592 1425 644 τῆς
1482 581 1800 656 ἐρωτήσεως

199 677 284 734 διὸ
323 683 412 731 καὶ
442 678 595 730 πάλιν
621 679 688 729 τὰ
717 683 812 738 τῆς
843 674 1064 750 ἀπορίας
1093 673 1489 747 προϐάλλονται.
1586 695 1593 700 ·
1795 671 1812 678 ”

271 773 371 822 Καὶ
431 798 502 808 -
579 773 828 819 τοσοῦτον
873 781 886 832 ;
942 765 1187 838 [Ἐρημία
1264 764 1340 836 (8)
1389 764 1596 821 νοηθείη
1659 762 1717 813 ἂν
1769 763 1799 820 ἡ

198 861 355 932 φύσις
403 866 504 910 τῶν
554 855 855 931 ἀνθρώπων,
889 855 917 914 ἣ
953 857 978 906 6
1025 858 1225 927 κόσμος
1267 852 1433 918 οὗτος,
1473 851 1522 904 ἐν
1556 850 1594 903 ὦ
1634 870 1802 928 προσ-

196 951 412 1021 μένουσι
463 955 534 1016 τῷ
586 945 721 1016 λόγῳ
775 953 865 1005 τῆς
924 942 1111 1018 ἀρετῆς
1165 946 1256 995 καὶ
1316 947 1552 1013 γνώσεως
1597 943 1646 994 οἱ
1713 937 1806 993 διὰ

197 1041 288 1097 τὴν
334 1042 513 1089 πίστιν
560 1040 649 1088 καὶ
705 1039 797 1093 τὴν
846 1030 1035 1086 ἐλπίδα
1095 1041 1192 1086 τῶν
1259 1032 1539 1106 μελλόντων
1597 1030 1803 1103 ἀγαθῶν

194 1128 630 1187 κακοπαθοῦντες.
701 1123 921 1199 Ἡμέραι
1000 1119 1059 1176 δι
1128 1130 1263 1195 τρεῖς
1328 1123 1382 1174 αἱ
1461 1129 1552 1182 τῆς
1617 1119 1803 1193 ψυχῆς

195 1223 328 1293 τρεῖς
360 1212 628 1288 δυνάμεις,
678 1213 794 1267 καθ’
844 1211 905 1275 ἂς
947 1216 1346 1289 προσμένουσιν·
1397 1219 1469 1283 τῷ
1509 1212 1598 1284 μὶν
1645 1210 1799 1283 λόγῳ,

196 1308 492 1371 ζητοῦντες,
555 1312 616 1377 τῇ
680 1302 930 1377 ἐπιθυμίᾳ
985 1299 1062 1372 δε,
1117 1304 1391 1363 ποθοῦντες
1439 1305 1498 1354 τό
1547 1302 1803 1374 ζητούμε-

194 1415 296 1461 νον,
331 1404 402 1466 τῷ
449 1397 594 1466 θυμῷ
651 1390 727 1460 δε,
775 1393 1279 1469 ὑπεραγωνιζόμενοι
1326 1399 1416 1444 τοῦ
1446 1393 1790 1465 ποθουμένου,

195 1493 257 1539 Ἥ
289 1487 338 1538 οἱ
390 1490 522 1560 τρεῖς
575 1488 898 1558 γενικώτεροι
955 1487 1125 1555 νόμοι,
1179 1484 1203 1535 6
1244 1483 1484 1554 φυσικὸς,
1518 1482 1544 1533 6
1575 1488 1799 1535 Μωσαῑ-

196 1579 301 1641 κὸς,
364 1575 388 1626 ό
450 1572 797 1645 εύαγγελικός,
854 1576 1156 1645 φωτίζοντες
1218 1568 1372 1630 δίκην
1428 1573 1644 1644 ἡμέρας,
1709 1574 1800 1623 καὶ

196 1669 326 1737 πρὸς
403 1662 652 1739 ἕργασίαν
715 1670 807 1715 τοῦ
886 1666 1231 1737 συμφέροντος
1302 1659 1662 1737 διεγείροντες.
1736 1662 1802 1713 Οἱ

195 1759 367 1806 τοίνυν
397 1757 485 1806 καὶ
543 1754 679 1805 κατὰ
731 1755 943 1812 τούτους
994 1755 1114 1814 τοὺς
1171 1759 1309 1826 τρεῖς
1358 1751 1434 1823 (9)
1490 1751 1677 1823 λόγους
1727 1758 1799 1822 τῷ

195 1850 308 1914 Θεῷ
366 1846 519 1915 Λόγῳ
574 1847 992 1918 προσμείναντες,
1055 1847 1143 1894 καὶ
1213 1844 1330 1904 τοὺς
1388 1843 1513 1916 ὑπὲρ
1578 1841 1799 1894 ἑκάστου
1833 1849 1876 1905 Β

193 1937 380 1993 πόνους
479 1935 757 1993 προθύμως
842 1934 1221 1993 ὑπομείναντες,
1319 1932 1412 1984 ούκ
1492 1930 1800 1984 ἀπολύονται

189 2028 415 2089 νήστεις,
471 2021 596 2075 ἀλλὰ
661 2018 907 2094 δέχονται
984 2027 1174 2098 τροφὴν
1235 2019 1432 2094 δαψιλῆ
1501 2027 1591 2075 καὶ
1638 2024 1795 2075 θείαν·

191 2114 319 2187 ὑπερ
352 2115 440 2181 μεν
484 2120 573 2164 τοῦ
607 2118 831 2184 φυσικοῦ
879 2112 986 2182 (10)
1027 2116 1184 2184 νόμου
1236 2116 1329 2170 τὴν
1378 2113 1668 2164 ἄπταιστον
1700 2120 1800 2164 τῶν

479 1935 757 2005 προθύμως
842 1934 1221 2004 ὑπομείναντες,

193 2203 334 2253 κατὰ
395 2203 548 2272 φύσιν
620 2201 894 2275 ἐνέργειαν,
949 2201 1075 2276 ὑπὲρ
1138 2197 1196 2254 δε
1252 2209 1344 2254 τοῦ
1401 2209 1638 2276 γραπτοῦ
1704 2209 1800 2261 τῆν

193 2288 565 2361 ἀνενεργησίαν
624 2298 721 2342 τῶν
778 2291 923 2366 παρὰ
975 2292 1130 2362 φύσιν
1178 2293 1377 2359 παθῶν,
1436 2293 1560 2367 ὑπὲρ
1596 2288 1655 2344 δὲ
1710 2299 1798 2344 τοῦ

193 2377 532 2451 εύαγγελικοῦ
601 2384 689 2438 τὴν
741 2382 867 2456 πρὸς
929 2379 1080 2432 αὐτὸν
1128 2384 1213 2433 τὸν
1284 2383 1412 2435 Θεὸν
1468 2382 1650 2434 ἕνωσιν
1711 2387 1800 2435 καὶ

194 2468 432 2540 Ofe-imm]

271 2753 372 2804 Καὶ
401 2754 672 2827 πρότερον,
705 2755 794 2804 καὶ
834 2749 1069 2826 ύστεροΰ,
1104 2750 1150 2805 ἐν
1181 2751 1389 2826 ἐρημίᾳ,
1414 2753 1591 2829 πόρρω
1614 2754 1804 2807 πόλεων

198 2845 286 2892 καὶ
314 2849 524 2914 κωμῶν,
586 2845 641 2894 τὸ
690 2844 866 2914 θαῦμα
920 2851 1071 2895 τοῦτο
1102 2851 1258 2912 ποιεῖ,
1301 2845 1382 2895 ἶνα
1424 2848 1495 2916 μὴ
1537 2841 1664 2919 δόξῃ
1699 2853 1806 2907 τοῖς

201 2930 380 3002 ὄχλοις
424 2932 480 2983 ἐκ
509 2930 915 2995 πλησιαζούσης
941 2933 1129 2994 πόλεως
1160 2933 1188 2993 ἢ
1241 2939 1420 3007 κώμης
1451 2936 1517 2987 τὰ
1548 2933 1808 3010 βρώματα

193 3025 582 3094 μετακομίζειν.

271 3127 372 3180 Κὰὶ
422 3159 490 3169 —-
548 3125 794 3200 ἰχθύδια.
841 3134 940 3183 Καὶ
981 3130 1066 3182 ἐπὶ
1126 3139 1223 3182 τῶν
1255 3133 1401 3184 πέντε
1454 3133 1620 3208 ἄρτων
1655 3141 1806 3188 τοῦτο

1915 580 2432 654 interrogationis;
2456 580 2592 639 ideo
2613 598 2821 639 rursus
2844 581 3238 654 indigentiam
3264 581 3578 656 objiciunt.

1985 794 2147 852 Vers.
2192 795 2280 852 33.
2329 796 2406 854 Et
2455 827 2528 839 —
2575 800 2856 858 tantam?
2901 797 2937 867 Τ
2983 797 3296 855 Desertum
3333 797 3581 872 intelligi

1915 888 2112 957 potest
2148 884 2418 942 humana
2457 891 2695 954 natura,
2735 893 2839 945 aut
2877 888 3145 945 mundus
3185 888 3312 955 iste,
3355 888 3418 946 in
3456 905 3582 962 quo

1915 974 2140 1030 assidui
2183 979 2325 1031 sunt
2362 977 2440 1033 ad
2467 993 2803 1034 sermonem
2829 979 3064 1035 virtutis
3104 982 3161 1036 et
3195 978 3580 1050 cognitionis,

1914 1061 2018 1136 qui
2056 1069 2298 1136 propter
2337 1065 2520 1122 tidem
2562 1082 2632 1123 ac
2687 1083 2858 1140 spem
2899 1066 3241 1125 futurorum
3276 1067 3581 1126 bonorum

1913 1154 2079 1210 mala
2137 1155 2464 1227 patiuntur.
2523 1159 2660 1214 Tres
2717 1163 2920 1215 autem
2977 1158 3124 1227 dies,
3183 1164 3303 1216 tres
3361 1159 3581 1216 animae

1911 1245 2189 1316 potentiae
2229 1261 2336 1318 per
2373 1262 2527 1319 quas
2570 1248 2798 1304 assidui
2837 1254 2977 1305 sunt
3017 1265 3036 1306 :
3075 1264 3187 1322 per
3222 1249 3581 1308 rationalem

1912 1335 2159 1414 quidem
2215 1335 2602 1409 inquirentes,
2662 1354 2770 1410 per
2825 1339 3359 1412 concupiscibilem
3412 1355 3578 1406 vero,

1910 1426 2077 1499 quod
2114 1429 2436 1500 quaesitum
2475 1435 2564 1487 est
2602 1428 3029 1498 desiderantes,
3074 1446 3180 1503 per
3218 1431 3582 1490 irascibilem

1912 1515 1992 1590 (v)
2049 1521 2252 1574 autem
2303 1534 2414 1591 pro
2461 1534 2533 1576 eo
2587 1517 2756 1592 quod
2805 1519 3190 1592 concupitum
3236 1525 3326 1578 est
3380 1521 3585 1580 decer-

1911 1609 2126 1663 tantes.
2167 1609 2280 1664 Aut
2309 1613 2425 1664 tres
2452 1607 2580 1664 dies
2618 1615 2757 1666 sunt
2785 1613 2903 1666 tres
2930 1609 3092 1680 leges
3123 1609 3522 1682 generaliores
3564 1626 3579 1668 :

1911 1696 2220 1763 naturalis,
2263 1697 2485 1770 scripta
2523 1702 2580 1754 et
2635 1698 2996 1770 evangelica,
3056 1699 3136 1756 ad
3172 1702 3425 1758 modum
3462 1700 3583 1758 diei

1912 1786 2338 1854 illuminantes,
2368 1792 2425 1843 et
2448 1787 2525 1844 ad
2547 1789 2678 1860 ejus
2705 1789 2872 1860 quod
2899 1789 3143 1862 expedit
3167 1790 3582 1863 operationem

1911 1877 2258 1932 excitantes.
2295 1876 2407 1942 Qui
2427 1892 2571 1949 ergo
2598 1876 2928 1934 secundum
2950 1878 3063 1935 hos
3087 1878 3268 1936 etiam
3289 1884 3408 1936 tres
3429 1879 3579 1946 dies,

1911 1965 1987 2021 ad
2026 1966 2128 2022 Dei
2157 1981 2500 2023 sermonem
2532 1972 2944 2040 perseverant,
2977 1974 3036 2026 et
3062 1984 3172 2042 pro
3209 1985 3581 2043 unoquoque

1909 2054 2146 2111 labores
2177 2060 2460 2130 prompto
2495 2058 2793 2113 sustinent
2818 2058 3048 2124 animo,
3079 2074 3470 2132 nequaquam
3495 2059 3584 2131 je-

1905 2145 2038 2216 juni
2075 2144 2511 2217 relinquuntur,
2555 2147 2662 2202 sed
2712 2147 3047 2220 suscipiunt
3085 2147 3472 2220 splendidum
3509 2165 3582 2206 ac

1909 2234 2186 2291 divinum
2225 2235 2429 2292 cibum
2455 2254 2468 2290 :
2492 2252 2601 2309 pro
2635 2237 2890 2294 naturali
2914 2237 3159 2312 quidem
3187 2239 3337 2310 lege,
3359 2255 3582 2312 prom-

1909 2324 2253 2398 ptissimam
2277 2325 2608 2384 eﬂicaciam
2629 2342 2838 2385 eorum
2858 2343 2997 2400 quae
3018 2329 3273 2386 naturali
3292 2329 3582 2388 instinctu

1911 2414 2064 2471 emci
2103 2420 2356 2488 possunt
2404 2432 2415 2469 :
2471 2432 2581 2491 pro
2641 2418 2860 2491 scripta
2907 2435 3071 2490 vero,
3121 2435 3198 2476 ne
3235 2419 3582 2478 affectiones

1911 2520 2046 2578 quae
2086 2511 2299 2578 praeter
2336 2510 2623 2566 naturam.
2672 2508 2994 2580 insurgunt
3049 2513 3378 2582 sequantur
3419 2526 3434 2565 :
3470 2525 3583 2582 pro

1913 2595 2261 2665 evangelica
2313 2601 2534 2665 autem,
2589 2597 2878 2655 unionem
2928 2598 3010 2657 ad
3057 2598 3248 2658 Deum
3299 2615 3372 2658 ac
3417 2599 3588 2658 deiﬁ-

1915 2685 2233 2742 sationem.

1987 2777 2054 2831 Et
2080 2776 2244 2847 prius
2270 2780 2326 2832 et
2353 2779 2566 2849 postea
2591 2776 2652 2833 in
2683 2777 2918 2836 deserto
2946 2779 3080 2836 loco
3112 2779 3290 2852 longe
3320 2797 3356 2838 a
3381 2779 3587 2840 civita-

1915 2864 2076 2921 tibus
2098 2881 2166 2920 ac
2187 2865 2332 2920 vicis
2355 2866 2470 2922 hoc
2493 2866 2632 2922 facit
2658 2867 3036 2941 miraculum,
3059 2885 3134 2927 ne
3161 2871 3353 2927 turbis
3375 2872 3584 2931 videa-

1919 2958 2010 3011 tur
2035 2971 2071 3011 a
2101 2954 2444 3028 propinqua
2469 2956 2704 3014 civitate
2729 2973 2801 3015 ac
2830 2959 2963 3015 vico
2992 2959 3158 3017 cibos
3187 2961 3437 3025 deferre.

1986 3152 2152 3208 Vers.
2195 3154 2284 3209 3t.
2433 3185 2502 3194 —
2539 3155 2870 3224 pisciculos.
2910 3159 2975 3213 In
3014 3159 3280 3232 quinque
3316 3160 3583 3232 panibus

197 3216 491 3292 ἠρώτησεν,
552 3219 621 3279 ὡς
673 3215 807 3270 εἶπεν
854 3219 879 3271 ὁ
927 3224 1156 3282 Λουκᾶς.
1198 3221 1312 3293 (ii)
1365 3227 1464 3275 Καὶ
1503 3220 1619 3275 οὐδ’
1673 3223 1807 3277 ούτω

1924 3241 2032 3298 hoc
2061 3244 2241 3299 etiam
2271 3243 2672 3314 interrogavit,
2707 3245 2856 3304 sicut
2885 3246 3032 3304 dixit
3057 3250 3289 3304 Marcus
3321 3251 3390 3314 τί,
3423 3253 3480 3306 et
3505 3265 3582 3306 ne

195 3307 448 3365 auvﬁxav’
480 3308 544 3359 σύ
579 3303 656 3380 δὲ,
691 3307 734 3360 εἰ
777 3311 866 3362 καὶ
915 3310 1148 3372 κακίζεις
1178 3314 1272 3369 τὴν
1323 3314 1584 3372 τοσαύτην
1628 3319 1806 3388 πώρω-

194 3415 284 3448 σιν
335 3396 517 3462 αύτῶν,
573 3398 673 3465 ὅτι,
715 3405 897 3473 νεαροῦ
949 3403 1090 3460 ὄντος
1147 3401 1222 3452 ἔτι
1268 3409 1360 3454 τοῦ
1415 3405 1807 3478 προφθάσαντος

194 3488 481 3557 θαύματος,
526 3486 658 3539 οὕτω
712 3487 826 3560 (12)
882 3494 1089 3562 ταχέως
1145 3489 1468 3545 ἐπελάθοντο·
1519 3493 1642 3546 ἀλλὰ
1676 3497 1806 3547 θαύ-

193 3595 366 3648 μασον
410 3579 468 3628 τὸ
527 3575 803 3648 φιλάληθες
855 3578 1044 3645 αὐτῶν,
1087 3589 1196 3642 πῶς
1242 3583 1525 3656 γράφοντες
1577 3583 1635 3635 ού
1686 3587 1807 3658 χρύ-

193 3683 393 3718 πτουσι
445 3668 503 3718 τὸ
558 3667 743 3720 οἰκεῖον
801 3668 1056 3742 ἔγκλημα.
1120 3671 1391 3730 Ἐννόησον
1453 3669 1511 3726 δὲ
1559 3679 1648 3727 καὶ
1699 3684 1810 3737 πῶς

197 3753 462 3830 ἐκυρίευον
509 3765 603 3818 τῆς
657 3761 901 3832 γαστρός,
977 3759 1059 3812 Ἐν
1111 3758 1304 3835 ἐρημία
1353 3763 1453 3838 γὰρ
1524 3767 1678 3832 ὄντες,
1719 3771 1809 3818 καὶ

197 3851 333 3918 τρεῖς
405 3845 596 3920 ἡμέρας
687 3843 1058 3920 διατρίϐοντες,

198 3933 522 4007 ἐπεφέροντο.

1139 3849 1270 3904 ἐπτὰ
1364 3857 1553 3926 μόνους
1627 3856 1810 3929 ἄρτους

276 4045 376 4094 Καὶ
422 4072 492 4081 --
541 4039 972 4116 ἐχορτάσθησαν.
1011 4043 1206 4120 Ὀμοια
1249 4055 1354 4111 τοῖς
1406 4055 1678 4126 προτέροις
1721 4059 1810 4108 καὶ

194 4130 333 4202 λέγει
379 4135 469 4185 καὶ
517 4139 673 4201 ποιεῖ,
707 4135 791 4187 ἶνα
832 4139 1163 4208 πανταχόθεν
1193 4139 1376 4202 αύτούς
1413 4139 1686 4216 ἀναμνήσας)
1719 4151 1812 4197 τοῦ

194 4224 456 4295 προτέρου
488 4224 772 4295 θαύματος.

276 4333 377 4381 Καὶ
447 4359 517 4371 --
567 4327 818 4387 παιδίων.
879 4338 996 4395 Πῶς
1051 4331 1155 4386 ἐκεῖ
1199 4338 1290 4408 μὶν
1353 4333 1564 4393 δώδεκα
1611 4345 1811 4414 κόφινοι

193 4416 599 4493 ἐπερίσσευσαν,
631 4419 854 4475 ενταῦθα
893 4418 953 4476 δε
993 4421 1249 4500 σπυρίδες
1275 4427 1404 4482 ἑπτὰ
1449 4427 1565 4484 δίον
1591 4431 1812 4486 ἐνταῦθα

191 4507 434 4580 μάλιστα
487 4509 660 4563 πλεῖον
715 4520 1083 4587 περισσεῦσαι,
1144 4517 1266 4569 ἔνθᾶ
1302 4523 1391 4571 καὶ
1442 4520 1663 4584 πλείονες
1695 4521 1811 4593 (13)

193 4600 246 4650 οἱ
292 4599 445 4672 ἄρτοι
492 4605 581 4653 καὶ
649 4599 905 4664 ἐλάττονες
958 4605 1006 4656 οἱ
1063 4603 1323 4670 ἐσθίοντες
1371 4626 1384 4678 ;
1442 4617 1606 4670 Φησὶν
1644 4614 1756 4686 (14)
1787 4615 1813 4666 ὁ

195 4692 602 4764 Χρυσόστομος,
645 4693 726 4745 ὅτι
755 4695 810 4746 αἱ
845 4691 1100 4768 σπυρίδες
1132 4698 1261 4760 ἴσως
1284 4701 1498 4771 μείζους
1529 4713 1628 4755 τῶν
1671 4710 1815 4777 xopt-

193 4797 299 4829 νων
339 4774 498 4851 ἦσαν,
528 4781 556 4839 ὃ
608 4787 698 4834 καὶ
741 4782 924 4857 ἑτέρως
974 4784 1284 4860 ᾠκονομήθη
1324 4791 1383 4843 τὸ
1435 4801 1692 4860 τοιοῦτον,
1735 4797 1818 4849 ἶνα

275 4877 322 4912 ⁷¹
355 4879 529 4935 Marc.
561 4897 634 4948 vx,
667 4881 756 4938 38.

1918 3333 2002 3388 sic
2030 3333 2276 3405 quidem
2305 3333 2739 3391 intellexerunt.
2773 3337 2997 3401 Quodsi
3027 3342 3205 3394 tantae
3231 3354 3440 3396 eorum
3474 3355 3586 3396 caa-

1917 3421 2075 3478 citati
2113 3421 2468 3492 indignaris,
2513 3423 2680 3495 quod
2723 3441 2863 3480 cum
2901 3425 3055 3483 adeo
3092 3443 3299 3484 recens
3337 3434 3612 3500 praeteri

1916 3511 2074 3568 iisset
2103 3512 2252 3568 illud
2282 3513 2665 3584 miraculum,
2698 3514 2852 3572 adeo
2889 3517 3168 3574 velociter
3197 3517 3363 3574 obliti
3394 3524 3535 3576 sunt
3566 3537 3580 3577 :

1917 3602 2216 3659 admirare
2272 3607 2479 3659 tamen
2530 3604 2698 3675 quod
2755 3606 3060 3662 veritatem
3111 3607 3194 3664 ita
3245 3609 3461 3676 colant,
3520 3612 3586 3666 ut

1918 3691 2264 3759 scribentes,
2304 3709 2444 3748 suos
2483 3693 2664 3750 etiam
2716 3694 2982 3752 defectus
3020 3713 3142 3754 non
3183 3697 3616 3755 abscondant;

1917 3780 2171 3838 Adverte
2232 3782 2411 3838 etiam
2478 3789 2777 3854 quantum
2844 3787 3034 3842 ventri
3095 3787 3582 3845 dominabantur.

1919 3872 2068 3927 Cum
2109 3870 2270 3926 enim
2308 3876 2513 3928 essent
2551 3873 2610 3928 in
2659 3873 2917 3941 deserto,
2959 3880 3016 3932 et
3052 3881 3171 3932 tres
3209 3877 3337 3933 dies
3377 3878 3589 3935 demo-

1918 3964 2212 4028 rarentur,
2248 3966 2478 4032 septem
2509 3966 2744 4019 tantum
2773 3980 2965 4036 panes
2995 3966 3334 4024 attulerant.

1991 4070 2152 4124 Vers.
2184 4073 2271 4124 35.
2299 4069 2376 4124 Et
2397 4100 2468 4110 —
2489 4071 2552 4125 V.
2577 4071 2665 4127 37.
2694 4071 2972 4129 Saturati
2989 4080 3148 4129 sunt.
3177 4075 3404 4132 Similia
3423 4076 3586 4148 prio-

1921 4159 2089 4214 ribus
2139 4163 2197 4214 et
2243 4158 2405 4228 dicit,
2461 4163 2515 4216 et
2568 4159 2727 4228 facit,
2789 4166 2857 4216 ut
2906 4163 3072 4235 prius
3121 4164 3478 4222 miraculum
3518 4182 3587 4223 ex

1921 4248 2089 4306 omni
2128 4252 2297 4321 parte
2334 4249 2417 4304 eis
2452 4248 2531 4305 ad
2571 4251 2929 4308 memoriam
2959 4252 3226 4310 reducat.

1996 4356 2153 4412 Vers.
2197 4357 2285 4410 37.
2340 4356 2420 4412 Et
2471 4387 2541 4398 -—
2593 4359 2660 4413 V.
2708 4359 2794 4415 38.
2850 4363 3093 4417 Pueros.
3146 4363 3462 4428 Quomodo
3502 4363 3612 4420 ibi

1923 4445 2244 4503 duodecim
2276 4446 2517 4518 cophini
2548 4447 2984 4520 superfuerant,
3016 4450 3113 4506 hic
3143 4455 3343 4508 autem
3377 4456 3592 4526 sportas

1927 4541 2175 4608 septem,
2219 4551 2357 4591 cum
2390 4542 2684 4608 Oporteret
2711 4538 2811 4595 hic
2842 4540 3035 4610 magis
3067 4541 3422 4611 superesse?
3461 4544 3595 4600 Plu-

1925 4642 2018 4682 res
2046 4625 2204 4681 enim
2239 4632 2406 4681 erant
2425 4626 2520 4682 hic
2542 4643 2755 4699 panes,
2783 4634 2839 4685 et
2865 4631 3179 4702 pauciores
3202 4632 3306 4705 qui
3337 4634 3595 4690 mandu-

1929 4719 2233 4772 caverant.
2298 4715 2445 4772 Dicit
2507 4717 2964 4790 Chrysostomus
3026 4727 3262 4795 sportas
3320 4725 3615 4796 cophinis‘

1929 4805 2112 4862 fuisse
2150 4804 2405 4863 fortasse
2449 4807 2731 4879 majores.
2786 4809 2886 4866 Vel
2938 4811 3055 4868 alio
3103 4828 3347 4886 quoque
3386 4815 3618 4876 modo..

1441 4991 1670 5066 Variae
1700 4999 2029 5073 lectiones
2073 5011 2138 5077 et
2169 5014 2372 5074 notae.

273 5125 352 5200 (8)
395 5126 624 5184 Inclusa
647 5128 708 5184 in
736 5129 1007 5199 margine
1036 5128 1217 5187 habet
1243 5133 1383 5192 cod.
1423 5136 1482 5192 B.

268 5203 363 5282 (9).
390 5200 712 5282 Hentenius
743 5200 975 5258 videtur
1020 5201 1237 5274 legisse
1275 5206 1492 5282 ἡμέρας.
1528 5210 1701 5272 Forte
1736 5218 1817 5268 νό.

183 5271 698 5346 μιους-ΙθεεξῑιάιιιιιΖ

426 5344 539 5427 ῌοο
567 5342 853 5427 conﬁrmat
874 5345 1421 5427 connjecturammodo
1444 5356 1818 5427 propositam.

290 5416 380 5489 Η)
417 5417 592 5489 Apud
620 5419 752 5473 Luc.
777 5431 858 5485 ιι,
886 5416 986 5482 13,’
1007 5419 1154 5476 nihil
1183 5421 1297 5478 tale
1319 5416 1637 5497 reperitur.
1670 5416 1820 5489 Scris

270 5594 350 5670 (v)
382 5593 738 5670 Irascibilem_.
766 5597 902 5652 Tres
933 5596 1461 5661 auimi'facultates
1489 5611 1656 5664 notat
1680 5607 1742 5665 h.
1770 5608 1813 5665 Ι.

189 5667 545 5748 τὸλογωιὸν2
600 5671 660 5722 τὸ
709 5667 1106 5748 ἕπιθυμητικόν,
1161 5676 1220 5724 τό
1268 5675 1504 5748 θυμικόν.
1574 5681 1691 5736 Sed
1757 5686 1815 5734 τὸ

196 5741 421 5815 θυμικὸν
443 5741 625 5798 latius
651 5743 834 5814 patet,
857 5758 1042 5814 quam
1073 5746 1277 5802 ut'uno
1299 5741 1588 5808 vocabulo
1611 5753 1820 5811 irasci-

676 5829 916 5886 PATROL.
958 5831 1064 5888 GR.
1109 5832 1356 5898 CXXIX.

1924 5145 2197 5227 bendum
2235 5163 2378 5219 ergo
2409 5164 2548 5227 cum
2581 5150 2864 5227 lientenio
2897 5155 3130 5227 Μάρκος.
3165 5209 3167 5216 ,

2026 5221 2114 5290 12)
2156 5227 2334 5286 Οῡπω,
2379 5222 2558 5278 male.
2599 5225 2666 5278 Α.

2027 5291 2116 5365 i3)
2157 5294 2253 5365 Oi,_
2282 5293 2472 5365 abest.
2515 5295 2574 5349 Β.

2031 5363 2116 5434 14)
2153 5363 2317 5421 Tom.
2361 5364 2476 5432 νη,
2518 5379 2657 5438 pag.
2703 5369 2826 5423 539.
2868 5369 2936 5425 D.

1930 5609 2258 5760 lbsilegg‘eddi
2313 5615 2521 5689 possit.
2577 5616 2723 5674 Vide
2775 5587 3005 5676 scholia
3059 5617 3138 5678 ad
3185 5573 3396 5696 Synes.
3456 5625 3497 5680 t.
3555 5621 3601 5681 Ι.

3127 5855 3195 5911 15
