4108 6394
201 348 293 413 461

1153 346 1529 409 COMMENT.
1571 344 1642 404 IN
1682 341 2138 404 MATTHEUM.
2177 377 2245 387 —-
2277 345 2442 404 CAP.
2481 344 2629 402 XVI.

3469 349 3580 406 462

200 502 304 550 τας,
362 479 492 532 ἀλλὰ
539 483 629 532 καὶ
693 480 761 541 ὠς
822 475 1104 540 δοκοῦντας
1153 482 1242 551 μὶν
1289 480 1498 550 σοφούς,
1549 479 1696 538 ὄντας
1746 470 1787 527 δῖ

1916 477 1972 530 et
1998 473 2118 531 alia
2139 472 2477 538 sentientes,
2504 486 2710 528 verum
2739 469 2922 529 etiam
2960 472 3256 543 tanquam
3282 471 3588 532 habentes.

200 572 441 644 ἀσόφους.
498 573 650 640 Λέγει
708 574 899 636 τοίνυν,
959 571 1040 621 ὅτι
1087 575 1178 627 τήν
1222 571 1312 641 μὲν
1366 567 1660 639 ἐπιφάνειαν
1714 571 1805 616 τοῦ

200 663 413 734 ούρανοῦ
469 665 752 731 γινώσκετε
811 655 1117 732 διακρίνειν,
1171 664 1291 712 ποτε
1343 660 1432 730 μὲν
1481 653 1662 708 εύδίαν
1710 652 1808 712 δη-

197 753 290 818 λοῖ,
342 755 466 803 ποτε
521 745 580 801 δὲ
642 756 899 821 χειμῶνα*
960 752 1027 800 τὰ
1075 745 1133 800 δὲ
1193 755 1386 819 σημεῖα
1446 755 1546 798 τῶν
1611 753 1804 820 καιρῶν

198 842 250 894 ού
309 839 538 893 δύνασθε
597 836 909 910 διακρίνειν.
978 839 1037 890 Εἰ
1089 841 1188 913 γὰρ
1245 839 1334 896 ἦτε
1389 841 1577 908 σοφοὶ,
1631 834 1806 907 έγινώ-

201 949 340 984 σκετε
401 931 490 997 ἄν,
521 930 600 980 ὅτι
654 933 805 980 ταυτὶ
866 931 954 1000 μὲν
1023 930 1088 979 τὰ
1120 926 1167 978 έν
1225 935 1286 999 τῇ
1341 933 1408 999 γῇ
1473 933 1666 998 σημεῖα
1712 932 1804 977 τοῦ

199 1025 444 1094 παρόντος
524 1017 626 1070 εἰσὶ
695 1025 920 1091 καιροῦ,
979 1019 1046 1068 τὰ
1115 1012 1172 1069 δι
1226 1015 1278 1078 έξ
1337 1015 1557 1089 ούρανοῦ
1612 1022 1805 1083 σημεῖα

199 1117 280 1162 τοῦ
335 1115 521 1183 καιροῦ
571 1115 666 1170 τῆς
726 1107 1017 1167 συντελείας
1071 1105 1191 1162 εἰσί.
1248 1109 1377 1158 Τότε
1429 1108 1529 1179 γὰρ
1587 1106 1612 1156 ό
1663 1104 1804 1168 ἣλιος

199 1200 626 1262 σκοτισθήσεται,
685 1201 774 1249 καὶ
831 1198 861 1254 ἡ
930 1196 1110 1255 σελήνη
1167 1195 1224 1248 ού
1279 1192 1442 1248 δώσει
1503 1199 1562 1247 τὸ
1620 1199 1804 1267 φέγγος

197 1288 389 1354 αὐτῆς,
446 1291 536 1339 καὶ
635 1289 684 1339 οἱ
755 1285 964 1361 ἀστέρες
1040 1293 1322 1338 πεσοῦνται
1384 1284 1484 1338 ἀπὸ
1549 1292 1639 1337 τοῦ
1716 1285 1803 1337 ού-

193 1384 363 1450 ρανοῦ.

264 1471 361 1521 Καὶ
418 1497 484 1508 -
545 1470 813 1541 προφήτου
856 1510 868 1522 ,

197 1562 277 1609 καὶ
333 1555 380 1608 έν
435 1563 507 1628 τῷ
574 1557 788 1627 εἰκοστῷ
840 1560 998 1632 τρίτῳ
1068 1555 1350 1629 κεφαλαίῳ,
1403 1561 1493 1609 καὶ
1547 1557 1797 1630 ἡρμηνεύ-

197 1648 353 1704 θησαν
415 1644 464 1697 ἐν
495 1644 689 1717 ἐκείνῳ.
723 1648 788 1698 Σύ
821 1642 880 1698 δε
931 1645 1097 1697 αὐτῶν
1147 1647 1243 1718 ὅρα
1284 1651 1378 1704 τήν
1420 1651 1684 1720 πώρωσιν,
1717 1646 1798 1697 ὅτι

197 1739 280 1787 καὶ
306 1740 392 1788 τὸν
436 1735 611 1788 Ἰωνᾶν
651 1731 868 1804 εἰδότες,
899 1739 989 1787 καὶ
1014 1737 1080 1788 τὰ
1110 1739 1342 1809 παρόντα
1377 1735 1514 1810 ῥητὰ
1545 1739 1637 1788 καὶ
1665 1739 1797 1808 πρό-

927 1472 1105 1518 Ταῡτα
1176 1463 1310 1517 εἶπεν
1390 1463 1801 1540 ἀπαραλλάκτως

1918 579 1980 618 se
2009 579 2121 635 pro
2168 561 2560 634 sapientibus,
2615 563 2755 618 éum
2794 565 2990 618 essent
3033 561 3402 634 insipientes.
3427 562 3582 622 Dicit

1914 668 2054 725 ergo
2091 672 2103 710 :
2132 651 2560 724 Apparentiam
2591 667 2629 708 a
2685 651 2835 707 caelo
2869 651 2954 724 (y)
2987 651 3175 707 nostis
3219 651 3576 724 dijudicare,

1914 742 2162 815 quando
2190 741 2574 798 serenitatem
2605 739 2852 808 indicat,
2884 745 2942 798 et
2971 740 3222 814 quando
3261 745 3576 814 tempesta-

1914 836 2034 889 tem
2051 849 2063 888 :
2081 832 2256 902 signa
2268 847 2409 887 vero
2426 835 2542 887 tem
2550 847 2763 904 porum
2785 846 2910 888 non
2922 832 3168 904 potestis
3192 831 3278 905 dij
3290 832 3532 890 udicare
3546 832 3575 889 Ἰ

1915 921 2088 987 Quod
2112 921 2160 976 si
2174 921 2472 993 sapientes
2490 921 2720 989 essetis,
2742 921 3175 991 cognesceretis
3196 922 3396 994 utique
3412 921 3578 994 quod

1914 1011 2044 1067 hinc
2069 1011 2244 1082 signa
2271 1026 2408 1082 quae
2437 1010 2500 1066 in
2527 1013 2684 1068 terra
2707 1011 2879 1076 ﬁunt,
2936 1010 3243 1083 praesentis
3272 1016 3406 1067 sunt
3430 1016 3578 1068 tem-

1914 1100 2075 1172 poris
2119 1121 2132 1166 ;
2179 1100 2353 1171 signa
2391 1115 2529 1156 vero
2577 1117 2714 1173 qum
2748 1100 2821 1156 de
2858 1099 3009 1157 caelo
3064 1100 3236 1166 ﬁunt.
3287 1102 3575 1174 temporis

1914 1195 2053 1247 sunt
2077 1190 2616 1248 consummationis
2633 1190 2859 1249 saeculi.
2899 1193 3065 1248 Tunc
3079 1191 3241 1250 enim
3262 1193 3353 1248 sol
3373 1193 3575 1252 obscu-

1913 1281 2168 1348 rabitur,
2200 1286 2254 1336 et
2280 1282 2418 1336 luna
2447 1297 2566 1338 non
2588 1280 2744 1339 dabit
2759 1282 3123 1353 splendorem
3141 1297 3336 1349 suum,
3359 1283 3570 1342 stella-

1911 1387 2019 1443 que
2051 1371 2260 1428 cadent
2283 1373 2357 1428 de
2376 1371 2518 1428 caelo
2549 1371 2620 1426 7‘.
2823 1380 2827 1384 '

1981 1461 2147 1518 Ver.
2178 1462 2233 1518 4.
2259 1462 2336 1518 Et
2361 1493 2432 1514 -.—
2457 1461 2782 1534 praphelte.
2807 1462 2942 1518 Hec
2970 1461 3186 1519 eodem
3211 1461 3395 1522 modo
3423 1462 3572 1520 dixit

1909 1550 2198 1608 vicesimo
2224 1551 2393 1608 tertio
2419 1551 2634 1624 capite,
2663 1555 2721 1608 et
2748 1551 2809 1607 in
2857 1566 2929 1608 eo
2959 1549 3266 1609 declarata
3295 1554 3456 1608 sunt.
3484 1551 3594 1609 Tu.

1906 1655 2042 1697 vero
2077 1656 2288 1698 eorum
2325 1641 2789 1699 exceecationem
2833 1639 3171 1697 considera.
3228 1641 3400 1707 Quod
3439 1657 3570 1698 cum

1903 1730 2119 1786 Ionam
2166 1733 2436 1794 nossent,
2481 1744 2553 1786 ac
2618 1729 2941 1802 praesentia
2997 1728 3180 1787 verba
3217 1734 3275 1786 et
3316 1729 3482 1802 prius
3513 1734 3571 1788 et

194 1845 329 1898 τερον
359 1830 448 1877 καὶ
477 1832 566 1877 νῦν
594 1822 930 1894 ἀκούσαντες,
971 1824 1064 1877 ούκ
1093 1824 1353 1883 ἠθέλησαν
1385 1824 1667 1899 ἐρωτῆσαι,
1707 1829 1787 1879 καῖ

1906 1834 2062 1876 nunc
2092 1835 2337 1894 quoque
2375 1821 2707 1885 audissent,
2735 1819 3052 1876 noluerunt
3077 1819 3464 1890 interrogare,
3496 1835 3570 1879 ac

200 1917 394 1986 μαθεῖν,
440 1919 491 1967 τί
556 1913 670 1966 ἔστι
720 1921 873 1966 τοῦτο
921 1917 978 1966 τὸ
1022 1922 1234 1986 σημεῖον
1288 1916 1312 1965 ὃ
1361 1913 1516 1986 λέγει.
1570 1921 1794 1987 Πειρασ-

193 2009 275 2056 ταὶ
299 2006 396 2077 γὰρ
428 2000 582 2070 ἦσαν,
616 2005 684 2066 ὡς
715 2005 938 2077 εἴρηται.
969 2006 1056 2055 Διό
1075 2008 1164 2055 καὶ
1195 2003 1350 2064 αύτὸς
1389 2001 1554 2076 ἀφεὶς,
1584 2005 1794 2074 αύτούς,

199 2091 516 2167 ἀνεχώρησε.

267 2213 365 2262 Καὶ
421 2210 532 2281 (17)
573 2241 639 2250 -
689 2209 938 2269 ἀπῆλθεν.
987 2209 1045 2262 Ὀ
1105 2206 1163 2262 δε
1217 2213 1426 2283 Μάρκος
1476 2217 1653 2283 φησὶν,
1688 2213 1788 2281 ὅτι,

197 2295 350 2370 έμϐἁς
375 2297 524 2350 πάλιν
556 2297 626 2360 εἰς
663 2297 859 2364 πλοῖον,
893 2296 1116 2358 ἀπῆλθεν
1139 2299 1208 2361 εἰς
1240 2302 1298 2350 τὸ
1324 2303 1500 2372 πέραν.

198 2386 342 2441 (Et
395 2387 520 2443 AB'.
589 2391 709 2461 Περὶ
739 2396 830 2448 τῆς
877 2388 1044 2460 ζύμης
1073 2397 1172 2440 τῶν
1203 2394 1495 2464 Φαρισαίων
1532 2397 1622 2443 καὶ
1653 2388 1788 2444 Σαδ-

849 2473 884 2530 δ
887 2482 1129 2534 ουκαίων.

254 2597 352 2647 Καὶ
407 2624 475 2636 -
539 2591 712 2647 λαϐεῖν
747 2633 759 2646 .

189 2681 324 2756 im.)

251 2770 306 2824 Ὀ
361 2767 424 2826 δ”ε
480 2773 697 2847 Μάρκος
744 2769 900 2842 εἶπεν,
934 2777 1012 2828 ὅτι
1058 2780 1148 2829 καὶ
1191 2775 1234 2829 εἰ
1276 2781 1345 2850 μή
1384 2777 1470 2830 ἕνα
1498 2779 1654 2852 ἄρτον
1693 2781 1788 2834 ούκ

191 2856 322 2931 εἶχον
347 2862 465 2934 μεθ’
494 2862 690 2916 ἑαυτῶν
715 2865 762 2915 ἓν
791 2871 864 2934 τῷ
893 2864 1079 2936 πλοίῳ.

825 2594 1164 2668 [Ἀρκοῦντας
1218 2595 1334 2670 (18)
1379 2596 1554 2659 αὐτοῖς
1607 2595 1788 2657 δηλον-

249 2976 304 3021 '0
355 2966 418 3023 δε
455 2971 672 3034 Ἰησοῦς
749 3003 816 3012 —
860 2970 1234 3028 Σαδδουκαίων
1266 3019 1279 3030 .
1332 2975 1392 3030 ⁸0
1458 2974 1518 3031 δε
1573 2980 1785 3051 Μάρκος

185 3059 402 3131 εἴρηκεν,
462 3061 544 3113 ὅτι
602 3064 692 3114 καὶ
747 3057 1068 3116 διεστέλλετο
1122 3065 1316 3136 αὐτοῖς,
1357 3066 1534 3140 λέγων·
1576 3066 1780 3142 Ὁρᾶτε,

182 3146 390 3218 βλέπετε
463 3149 566 3202 ἀπὸ
616 3159 714 3213 τῆς
767 3151 936 3224 ζύμης
1001 3161 1100 3204 τῶν
1149 3160 1486 3229 Φαρισαίων,
1540 3162 1630 3212 καὶ
1693 3165 1782 3218 τῆς
1818 3196 1860 3254 C

181 3239 340 3308 ζύμης
399 3234 664 3312 Ἡρώδου.
745 3240 1066 3295 Διεστέλλετο
1148 3247 1238 3316 μεν
1320 3241 1426 3312 οὖν,
1501 3245 1615 3299 ἀντὶ
1665 3255 1780 3313 τοῦ,

176 3327 529 3400 ιιαρήγγελλε’
583 3331 642 3380 τὸ
696 3325 794 3394 δε,
842 3329 1060 3405 Ὀρᾶτε,
1121 3331 1366 3406 βλέπετε,
1423 3333 1782 3400 ἁναδίπλωσίς

172 3413 334 3482 ἐστιν,
421 3416 746 3491 ἐμφαίνουσα
802 3417 1042 3474 έπίτασιν
1109 3431 1202 3485 τῆς
1257 3425 1626 3500 παραγγελίας⁸
1689 3428 1778 3488 ζύ-

169 3525 271 3577 μην
349 3503 411 3560 δε
460 3505 598 3578 λεγει
663 3513 984 3582 Φαρισαίων,
1051 3516 1140 3566 καὶ
1220 3510 1615 3585 Σαδδουκαίων,
1686 3527 1776 3575 καὶ

166 3593 427 3670 Ἡρώδου,
462 3601 554 3655 τήν
599 3593 842 3670 διδαχὴν
885 3608 984 3652 τῶν
1028 3606 1348 3676 Φαρισαίων,
1392 3611 1479 3659 καὶ
1534 3605 1776 3664 Σαδδουο

167 3690 344 3752 καίων,
401 3691 496 3739 καὶ
551 3684 915 3761 Ἦρωδιανῶν.
972 3697 1360 3768 Προειρήκαμεν
1409 3695 1470 3750 δὲ
1515 3704 1633 3774 περὶ
1683 3701 1774 3775 μέν

165 3781 262 3825 τῶν
333 3781 639 3849 Φαρισαίων
683 3782 773 3831 καὶ
823 3775 1195 3835 Σαδδουκαίων
1251 3784 1301 3837 έν
1345 3795 1420 3858 τῷ
1471 3794 1631 3865 τρίτῳ
1694 3811 1776 3844 κε-

164 3863 382 3935 φαλαίῳ,
417 3870 540 3938 περὶ
567 3861 626 3918 δὲ
652 3875 750 3918 τῶν
778 3865 1111 3942 Ἡρῳδιανῶν
1138 3871 1186 3924 έν
1216 3883 1287 3946 τῷ
1336 3861 1556 3952 εἰκοστῷ
1585 3861 1774 3955 πρώτῳ

159 3952 445 4041 κεφαλαίῳ.
480 3957 662 4026 Ζύμην
694 3952 754 4009 δε
799 3939 892 4016 τήν
937 3955 1179 4032 διδαχὴν
1227 3939 1389 4024 αύτήν
1419 3939 1673 4041 ἐκάλεσεν,
1708 3939 1773 4032 ὡς

159 4037 331 4102 ὀξώδη
349 4053 446 4096 καί
480 4047 709 4120 σαπράν.

220 4297 286 4386 ρὶ
343 4292 409 4350 δὲ
466 4327 536 4338 -
587 4294 848 4355 ἕλοίϐοιιεν.
903 4299 962 4354 Ὀ
1018 4306 1109 4376 μὶν
1161 4311 1392 4382 Χριστὸς
1450 4310 1622 4386 ζύμην
1677 4319 1772 4374 τὴν

150 4378 401 4456 διδαχὴν
450 4393 554 4440 τῶν
626 4390 903 4462 εἰρημένων
950 4378 1219 4466 ὠνόμασε,
1277 4403 1367 4451 καὶ
1422 4378 1620 4467 ταύτης
1676 4403 1772 4457 ἀπο

145 4474 374 4565 έχεσθαι
434 4477 807 4565 παρήγγειλεν⁹
872 4482 921 4533 oi
988 4484 1224 4556 μαθηταὶ
1298 4485 1358 4542 δὲ
1414 4493 1583 4565 ζύμην
1653 4498 1770 4556 τοὺς

147 4561 490 4628 Ἰουδαίκοὺς
549 4564 736 4640 ἄρτους
789 4576 1104 4644 νοήσαντες,
1167 4581 1258 4630 καὶ
1321 4585 1438 4654 περὶ
1496 4591 1592 4646 τῆς
1643 4583 1768 4638 ἀπο-

142 4662 243 4745 ξεῆς
302 4657 525 4731 τούτων,
564 4658 988 4730 παραγγελθῆναι
1043 4669 1368 4736 νομίσαντες,
1414 4667 1767 4745 διελογίζοντο

143 4739 186 4792 ἕν
235 4742 490 4811 ἑαυτοῖς,
550 4751 848 4815 τουτέστιν,
909 4749 1275 4825 έθορυεοῡντο,
1327 4759 1630 4825 κωλυθέντες
1677 4769 1767 4838 μὲν

142 4827 238 4886 ἀπὸ
297 4843 410 4888 τῶν
459 4831 772 4890 Ἰουδαϊκῶν
819 4839 1007 4915 ἄρτων,
1059 4844 1130 4906 ὡς
1176 4847 1599 4922 προσεδόκησαν·
1662 4827 1766 4910 ἑτέ,

138 4939 256 4994 ρους
339 4921 407 4979 δί
466 4929 544 4998 μὴ
601 4923 957 5002 ἐπιφερόμενοι
984 4972 997 4985 .
1044 4932 1274 5007 λέγοντες
1327 4937 1376 4991 έν
1419 4943 1764 5018 μεταμελείᾳ,

1904 1909 2133 1966 discere
2163 1909 2329 1983 quod
2382 1913 2540 1966 esset
2590 1909 2708 1966 hoc
2763 1907 3005 1979 signum
3062 1908 3229 1981 quod
3283 1908 3565 1979 diceret;

1905 2003 2226 2055 tentatores
2251 2000 2412 2056 enim
2438 2004 2626 2067 erant,
2655 1999 2802 2056 sicut
2826 1998 3056 2056 dictum
3085 2003 3196 2057 est.
3221 1997 3361 2056 Ideo
3383 1999 3566 2058 etiam

1902 2087 2120 2144 relictis
2150 2087 2263 2144 illis
2289 2089 2597 2146 abscessit.

1974 2196 2134 2251 Vers.
2160 2197 2215 2252 4.
2247 2195 2327 2252 Et
2376 2227 2444 2236 —
2473 2194 2632 2253 abiit.
2679 2199 2909 2254 Marcus
2954 2198 3155 2253 autem
3187 2195 3270 2253 ait
3294 2196 3366 2264 ⁷⁵,
3398 2194 3568 2268 quod

1899 2299 2228 2341 conscensa
2255 2287 2396 2342 navi
2422 2302 2667 2343 rursum
2696 2286 2845 2343 abiit
2871 2287 2931 2342 in
2969 2284 3311 2342 ulteriorem
3341 2284 3567 2358 ripam.

1899 2376 2052 2431 CAP.
2086 2375 2317 2432 XXXII.
2351 2378 2436 2434 De
2466 2378 2766 2447 fermento
2793 2376 3227 2434 Pharisaeorum
3255 2379 3310 2434 et
3339 2374 3567 2435 Saddu-

2587 2499 2842 2543 eteorum
2850 2525 2865 2542 .

1969 2589 2136 2647 Vers.
2168 2590 2223 2648 5.
2262 2591 2344 2648 Et
2370 2623 2440 2634 —
2463 2607 2714 2652 sumere.
2745 2595 2788 2668 -χ-
2819 2591 2931 2660 Qui
2959 2591 3227 2651 videlicet
3263 2592 3351 2651 eis
3400 2591 3566 2650 sumo

1897 2684 2117 2737 cerent.
3579 2685 3582 2689 ·

1968 2769 2193 2826 Marcus
2249 2774 2453 2827 autem
2482 2771 2624 2829 dicit
2657 2773 2722 2844 ⁷⁸,
2751 2771 2920 2845 quod
2963 2786 3156 2830 unum
3183 2773 3587 2846 tantum-pa-‘

1895 2871 2036 2913 nem
2065 2857 2375 2916 habebant
2410 2877 2617 2919 secum
2650 2863 2711 2918 in
2749 2863 2911 2920 navi.

1965 2950 2124 3004 Vers.
2170 2949 2224 3003 6.
2291 2950 2457 3006 Jesus
2518 2982 2586 2994 -—
2635 2951 3077 3012 Sadduccerum.
3128 2954 3355 3034 Marcus
3412 2967 3558 3010 vero

1892 3037 2042 3094 dixit
2070 3040 2139 3105 ⁷⁷,
2175 3037 2341 3111 quod
2377 3040 2556 3096 etiam
2597 3043 2878 3114 praecepit
2909 3042 2996 3097 eis
3054 3041 3262 3097 dicens
3297 3057 3312 3098 :
3357 3041 3580 3098 Videte,

1891 3135 1944 3184 et
1957 3134 2194 3184 cavetea
2209 3130 2494 3198 fermento
2509 3131 2965 3197 Pharisceorum,
2989 3137 3043 3188 el
3058 3132 3357 3208 fermenlp
3370 3131 3558 3188 Hero-
3586 3128 3591 3136 ’

1889 3218 1998 3274 dis.
2053 3217 2320 3272 Verbum
2369 3223 2570 3274 autem
2614 3221 2789 3277 Marci
2862 3216 3179 3273 διεστέλλετο
3216 3207 3360 3292 (ρτό
3431 3235 3555 3292 quo

1887 3309 2193 3377 vertimus,
2238 3311 2536 3384 pracepil)
2590 3311 2920 3383 improprie
2973 3309 3224 3382 capitur,
3259 3308 3412 3365 sicut
3439 3308 3556 3366 alia

1887 3397 2148 3469 plurima
2182 3403 2344 3474 apud
2376 3405 2649 3458 Marcum.
2699 3397 3002 3468 Signiﬁcat
3050 3397 3210 3474 enim
3263 3400 3326 3452 ut
3372 3397 3554 3468 pluri-

1885 3503 2057 3545 mum
2087 3489 2472 3562 distinguere,
2501 3490 2810 3560 disputare
2837 3488 2931 3544 vel
2961 3486 3280 3559 explicare.
3315 3485 3418 3542 Illa
3448 3501 3552 3542 au-

1884 3581 2004 3634 tem
2061 3581 2448 3653 reduplicatio
2499 3598 2512 3636 :
2577 3578 3023 3645 Videte,Cavele,
3079 3577 3357 3649 praecepti
3427 3577 3550 3631 sive

1883 3668 2312 3728 admonitionis
2327 3670 2852 3744 exaggerationem
2871 3669 3258 3724 demonstrat.
3278 3667 3552 3721 Fermen-

1884 3765 2011 3814 tum
2034 3775 2176 3816 vero
2199 3760 2658 3826 Pharisaeorum,
2682 3757 3154 3814 Sadducaaorum
3174 3772 3242 3811 ac
3274 3753 3546 3820 Herodis,

1882 3852 2056 3904 vocat
2103 3848 2441 3908 doctrinam
2483 3849 2915 3905 Pharisaeorum
2958 3846 3431 3926 Sadducaeorum
3474 3859 3588 3928 ac.

1882 3935 2380 3996 Herodianorum.
2411 3943 2489 3996 De
2516 3938 2824 3995 Pharisais
2849 3936 3096 4010 quidem
3117 3941 3174 3992 et
3197 3935 3354 3992 Sadd
3367 3933 3546 3991 ucaeis

1881 4029 2051 4086 tertio
2090 4030 2280 4104 capite
2325 4030 2713 4104 praediximus
2748 4044 2762 4096 ;
2809 4027 2883 4083 de
2925 4024 3278 4083 Herodianis
3342 4030 3543 4081 autem

1878 4118 2164 4176 vicesimo
2190 4119 2388 4192 primo
2413 4119 2628 4192 capite.
2663 4121 2821 4174 Hanc
2840 4131 2983 4173 vero
3006 4107 3544 4172 doctrin'am'voca-

1879 4209 1962 4266 vit
1979 4210 2352 4281 fermentum,
2387 4213 2594 4282 utpote
2626 4211 2933 4266 acetosam
2961 4222 3031 4262 ac
3064 4205 3430 4264 marcidam.

1951 4317 2114 4374 Vers.
2137 4317 2190 4373 7.
2217 4317 2295 4373 At
2322 4318 2422 4374 illi
2449 4348 2519 4360 -—
2563 4317 2936 4387 sumpsimus.
2989 4311 3256 4369 Ghristus
3288 4310 3538 4383 quidem

1881 4405 2240 4464 fermentum
2271 4406 2612 4479 appellabat
2636 4404 3060 4477 prmdictorum
3091 4400 3449 4466 doctrinam,
3483 4405 3540 4457 et

1881 4496 1960 4552 ab
1987 4496 2102 4553 hac
2127 4497 2424 4554 abstinere
2447 4495 2822 4568 praecipiebat
2855 4514 2868 4547 :
2904 4491 3180 4565 discipuli
3234 4507 3391 4554 vero,
3433 4491 3538 4548 fer-
3577 4515 3582 4519 ι

1880 4591 2151 4644 mentum
2196 4587 2476 4645 Judaicos
2528 4603 2717 4660 panes
2769 4583 3183 4655 intelligentes,
3212 4587 3268 4638 et
3296 4582 3370 4637 de
3417 4582 3540 4637 illo-

1876 4693 2013 4733 rum
2053 4679 2408 4735 abstinentia
2459 4675 2819 4750 praecepisse
2859 4679 3154 4748 putantes,
3197 4671 3540 4742 cogitabant

1878 4768 2045 4841 apud
2075 4785 2226 4836 sese,
2254 4769 2369 4830 hoc
2389 4773 2494 4834 est,
2524 4768 2940 4837 turbabantur,
2973 4763 3259 4838 prohibiti
3291 4762 3537 4835 quidem
3577 4806 3580 4810 .

1876 4858 2152 4916 Iudaicos
2181 4859 2355 4916 edere
2394 4874 2604 4931 panes,
2628 4861 2691 4914 ut
2717 4855 3143 4930 opinabantur,
3165 4869 3304 4909 cum
3335 4857 3536 4909 tamen

1879 4948 2031 5006 alios
2068 4965 2192 5008 non
2221 4948 2521 5020 afferrent,
2571 4948 2838 5006 dicentes
2867 4951 3160 5021 tanquam
3188 4941 3537 5019 poenitentia

200 5104 250 5138 ⁷⁸
281 5103 507 5164 Matth.
541 5121 699 5174 ινιτ,
731 5107 820 5165 29.
896 5109 945 5147 ⁷⁵
972 5115 1145 5172 Marc.
1177 5132 1297 5185 vui,
1336 5118 1418 5176 12.
1496 5123 1544 5159 ⁷⁸
1569 5123 1721 5196 Ibid,
1753 5129 1778 5183 1

1917 5129 1970 5169 ⁷⁷
1993 5130 2133 5186 ibid.
2163 5130 2244 5185 l5.

1393 5298 1622 5373 Variae
1649 5305 1976 5380 lectiones
2015 5317 2308 5379 etnotae.

171 5482 826 5578 =_(:1:7)_I_J_t~e_t_'t_;ue'meus
858 5495 1292 5578 cum_Hentenii_
1316 5498 1482 5558 addit
1513 5501 1574 5560 in
1604 5504 1764 5578 prin-

139 5565 280 5630 cipio
307 5574 538 5616 versus
565 5577 578 5616 :
608 5565 708 5615 Καὶ
739 5565 1044 5638 ἀποκριθεὶς
1067 5570 1202 5621 είπεν
1231 5569 1422 5634 αὐτοῖς.

206 5737 288 5812 (y)
315 5741 367 5797 Α
375 5739 768 5812 pparentiam
803 5759 837 5800 a
866 5717 1034 5804 c‘celo.
1070 5745 1459 5824 Superﬁciem
1481 5744 1645 5814 coeli.

1872 5523 2337 5655 haggz’altnclusa
2366 5524 2606 5585 omittit.
2634 5523 2702 5580 A.
2731 5520 3054 5581 Hentenius
3078 5521 3140 5578 in
3166 5519 3286 5578 ﬁne
3323 5517 3528 5579 schoiii

1919 5613 2154 5655 auebat.
