4108 6376
513 326 621 385 463

1667 374 1676 383 .
1746 374 1749 375 ν
1840 324 2193 383 EUTHYMII
2235 322 2585 391 ZIGABENI,

3794 324 3899 382 464

512 451 677 509 ducti
708 467 723 509 :
754 451 949 509 Panes
970 466 1093 511 non
1143 452 1513 526 sumpsimus
1539 468 1577 510 a
1604 452 1880 511 ﬁdelibus
1926 452 2032 525 qui
2058 468 2155 509 no:

2283 454 2363 504 ὅτι
2411 458 2632 525 ’Δρτους
2685 449 2778 501 οὐκ
2857 448 3099 522 ἐλάϐομεν
3174 450 3231 504 ἐκ
3278 458 3411 503 τῶν
3480 448 3897 523 ξενοδοχούντων

511 542 813 616 excipiunt
825 543 1105 616 hospitio,
1128 550 1197 601 ut
1214 544 1298 601 eis
1310 559 1633 618 pascamur
1655 544 1705 600 si
1725 560 1960 601 moram
1979 543 2174 600 facere

514 631 844 703 contingat.

532 748 539 753 -
586 722 731 788 Quid
756 736 901 793 ergo
929 722 1214 789 Christus,
1246 722 1348 797 qui
1375 722 1771 793 cogitationes
1800 722 2038 779 illorum
2068 738 2172 779 no-

508 816 675 868 verat
702 809 730 866 7
754 808 962 869 Merito
990 818 1233 885 propter
1261 818 1580 885 utrumque
1606 812 1987 884 reprehendit
2015 811 2168 879 illos,

510 906 567 958 et
592 901 739 974 quia
767 902 1191 960 existimabant
1214 918 1355 959 eum
1406 905 1763 976 praecepisse
1794 903 1867 959 de
1896 902 2168 959 ciborum

509 991 945 1059 observatione,
974 1008 1161 1066 quam
1187 998 1382 1064 utpote
1398 993 1714 1050 .ludaicam
1741 993 1866 1065 ipse
1891 998 2067 1049 autea
2084 1008 2173 1049 re-

503 1080 747 1155 jecerat,
801 1083 1053 1156 quando
1099 1084 1275 1140 docui
1307 1085 1377 1154 ⁷⁸,
1430 1084 1600 1157 quod
1632 1100 1757 1141 non
1787 1083 1869 1152 id,
1910 1082 2079 1156 quod
2108 1082 2171 1137 in

506 1185 576 1229 os
603 1172 956 1242 ingreditur,
984 1172 1289 1246 impurum
1317 1173 1508 1231 reddit
1544 1174 1894 1231 hominem:
1929 1177 1988 1230 et
2025 1172 2173 1245 quia

504 1260 577 1319 de
599 1260 737 1320 cibo
752 1261 986 1321 solliciti
999 1269 1191 1335 erant,
1210 1279 1353 1322 cum
1370 1280 1573 1322 secum
1594 1265 1886 1322 haberent
1901 1279 2043 1321 eum
2060 1262 2163 1337 qui

503 1349 705 1408 cibum
730 1366 977 1410 omnem
1016 1353 1521 1412 subministraret.
2100 1398 2101 1401 η

573 1438 740 1499 Vors.
771 1440 833 1499 8.
854 1443 977 1511 Quo
1004 1445 1233 1515 cognito
1257 1472 1329 1491 -υ
1352 1444 1685 1516 εαγηριίεείε
1705 1444 1733 1500 ?
1750 1444 2020 1501 Primum
2050 1442 2169 1500 cibi

502 1528 965 1590 sollicitudinem
1007 1531 1124 1589 illis
1168 1533 1540 1608 improperat
1568 1534 1777 1591 dicens
1811 1554 1824 1587 :
1855 1531 2010 1599 Quid
2048 1536 2169 1588 tur—

496 1619 733 1677 bamini
783 1621 951 1694 quod
993 1636 1184 1695 panes
1235 1623 1518 1681 alicunde
1578 1639 1698 1681 non
1748 1621 2089 1695 sumpsistis
2139 1620 2165 1675 ι

499 1710 731 1767 Rursus
783 1716 984 1769 autem
1041 1717 1219 1771 vocat
1258 1729 1360 1771 eos
1403 1714 1633 1785 exiguae
1686 1712 1821 1768 ﬁdei
1866 1712 2162 1776 homines,

2282 543 2415 615 ἡμᾶς
2468 548 2690 606 πιστῶν,
2743 541 2825 591 ἱνα
2874 543 3077 603 τούτοις
3132 550 3425 616 τραφώμεν,
3469 542 3512 594 εἰ
3555 540 3730 614 συμϐῇ
3764 562 3895 617 χρο-

2280 637 2448 685 νίσαι.

2351 726 2414 775 Τί
2469 717 2556 774 οὖν
2607 721 2632 772 6
2685 722 2934 794 Χριστός,
2979 720 3003 773 ό
3050 722 3144 782 τὰς
3201 716 3433 781 διανοίας
3480 720 3647 774 αὐτῶν
3700 717 3893 791 εἰδως;

2280 816 2548 883 Μέμφεται
2579 810 2756 871 αὐτοῖς
2787 806 3096 870 εἰκότωςδι⁹
3140 809 3424 883 ἀμφότερα,
3461 808 3599 863 διότι
3626 831 3678 865 τε
3706 831 3895 884 προσε-

2282 897 2518 959 δόκησαν
2568 899 2991 975 παραγγελθῆναι
3021 906 3137 971 περὶ
3195 908 3285 961 τῆς
3341 910 3438 952 τῶν
3474 899 3766 974 βρωμάτων
3798 922 3895 954 πα-

2278 996 2631 1065 ρατηρήσεως,
2702 990 2785 1057 ἦν,
2841 986 3140 1048 Ἰουδαῑκὴν
3188 986 3376 1061 οὖσαν,
3434 991 3589 1052 αὐτὸς
3666 990 3894 1055 ἐξέϐαλεν

2281 1080 2533 1155 ἀνωτέρω,
2568 1082 2650 1134 ὅτε
2692 1075 2956 1147 ἐδίδαξεν,
2999 1082 3075 1132 ὅτι
3117 1080 3175 1133 ού
3220 1083 3277 1133 τό
3335 1080 3698 1155 εἰσερχόμενον
3740 1081 3805 1142 εἰς
3836 1084 3894 1133 τὸ

2282 1178 2455 1244 στόμα
2483 1176 2649 1224 κοινοῖ
2684 1174 2770 1222 τόν
2802 1171 3092 1244 ἄνθρωπον·
3128 1175 3217 1222 καὶ
3250 1167 3388 1237 διότι
3416 1175 3535 1246 περὶ
3566 1179 3755 1246 τροφῆς
3783 1170 3895 1243 ἐμε-

2278 1266 2561 1337 ρίμνησαν,
2604 1264 2812 1333 ἔχοντες
2856 1259 2967 1333 μεθ’
3023 1260 3217 1314 ἰαυτῶν
3270 1264 3356 1313 τόν
3403 1264 3641 1334 χορηγόν
3682 1260 3897 1323 ἁπάσης

2280 1359 2503 1425 τροφῆς.

2350 1444 2511 1502 Γνοὺς
2542 1472 2611 1483 -
2637 1438 2839 1494 ﬁdem
2868 1455 2884 1507 ;
2917 1446 3128 1515 Πρῶτον
3172 1443 3261 1498 τὴν
3291 1444 3542 1515 μέριμναν
3573 1448 3669 1503 τῆς
3698 1448 3896 1515 τροφῆς

2280 1530 2451 1591 αὐτοῖς
2484 1526 2752 1601 ὀνειδίζει,
2794 1530 2972 1601 λέγων·
3021 1534 3083 1582 Τί
3131 1529 3453 1603 θορυϐεῖσθε,
3512 1526 3653 1583 διότι
3703 1531 3896 1604 ἄρτους

2278 1620 2516 1694 ἑτέρωθεν
2602 1620 2695 1673 ούκ
2761 1618 2962 1673 ἐλάϐετε
3031 1637 3055 1685 ;
3114 1618 3513 1691 Ὀλιγοπίστους
3600 1616 3658 1672 δὲ
3737 1620 3893 1673 πάλιν

2276 1708 2459 1770 αύτούς
2514 1709 2775 1782 ὀνομάζει,
2843 1707 2985 1763 διότι
3060 1709 3155 1761 οὐκ
3230 1708 3560 1779 ἐπίστευσαν,
3631 1711 3713 1763 ὅτι
3766 1710 3893 1785 παρ’

499 1799 642 1873 quia
668 1815 792 1857 non
820 1800 1146 1859 credebant
1174 1803 1342 1876 quod
1380 1802 1460 1861 ab
1485 1804 1617 1876 ipso
1654 1806 1911 1876 possent
1939 1801 2036 1873 ali,
2063 1800 2155 1857 sed

2277 1798 2437 1851 αὐτοῦ
2492 1806 2851 1875 τραφήσονται
2916 1802 3135 1868 πάντως,
3186 1798 3292 1851 ἀλλ’
3340 1799 3494 1853 αύτοι
3546 1804 3665 1875 περὶ
3698 1800 3890 1854 ἑαυτῶν

496 1890 611 1963 ipsi
644 1891 739 1948 sui
758 1907 969 1949 curam
992 1892 1327 1951 habebant.

569 1997 736 2056 Vers.
764 2004 817 2056 6.
848 2000 1125 2059 Nondum
1163 2032 1234 2046 -—
1266 2000 1331 2058 V.
1358 2003 1444 2058 10.
1470 2002 1845 2073 ’διιπιρερνίιίε
1876 2001 1906 2057 ν
1932 2000 2165 2056 Marcus

495 2099 639 2145 vero
668 2089 912 2161 gravius
943 2106 1047 2147 eos
1092 2090 1439 2163 increpasse
1495 2091 1599 2160 ait,
1639 2091 1870 2147 addens
1905 2089 2164 2146 :Adhuc

497 2172 858 2235 excaecatum
891 2178 1119 2236 habetis
1178 2196 1275 2237 cor
1303 2188 1556 2238 vestrum
1590 2182 1619 2236 ἵ
1643 2182 1833 2237 oculos
1878 2180 2164 2237 habentes

498 2284 614 2326 non
637 2269 861 2339 videtis,
876 2275 1117 2327 etaures
1130 2269 1396 2328 habentes
1416 2286 1528 2327 non
1545 2271 1767 2328 auditis
1780 2272 1826 2306 ⁷⁸
1854 2269 1881 2325 ‘t
1899 2272 1961 2326 Et
1974 2283 2164 2342 quare

498 2372 624 2416 non
646 2363 787 2415 tunc
804 2354 1447 2433 improperavitpotius
1470 2360 1557 2417 eis
1576 2360 1825 2433 quando
1853 2360 2159 2415 dixerunt:

506 2447 670 2507 Unde
711 2448 971 2505 nobisin
1025 2449 1249 2516 deserto
1289 2466 1472 2521 panes
1515 2458 1634 2507 tam
1678 2450 1855 2506 multi
1883 2452 1930 2485 ⁸ο
1962 2450 1991 2504 Ῡ
2016 2448 2163 2514 Quia

497 2552 624 2613 non
647 2541 771 2595 erat
784 2553 1029 2615 aequum
1060 2542 1128 2595 ut
1153 2539 1267 2597 hos
1280 2555 1486 2598 coram
1502 2539 1704 2596 multis
1735 2538 2157 2605 confunderet;

500 2626 681 2683 simul
706 2626 888 2684 etiam
914 2628 1268 2701 exspectans
1293 2615 1483 2685 donec
1521 2628 1681 2686 edito
1710 2628 1934 2701 duplici
1984 2627 2162 2684 mira-

500 2716 660 2785 culo,
701 2716 939 2790 gravior
989 2732 1062 2775 ac
1113 2718 1423 2783 efficacior
1444 2718 1794 2776 redderetur
1833 2708 2156 2776 accusatio.

570 2944 733 3007 Vers.
778 2949 883 3039 di.
952 2951 1247 3021 Quomodo
1314 2982 1384 2994 -—
1443 2951 1891 3009 Sadducaeorum
1923 2951 1950 3006 ?
2013 2953 2158 3007 Ecce

492 3036 623 3114 jam
634 3036 1103 3097 observationem
1116 3056 1359 3115 quoque
1373 3041 1636 3099 ciborum
1651 3040 1763 3098 illis
1776 3042 2154 3115 improperat.

2277 1887 2595 1964 ἐφρόντιζον.

2348 1980 2507 2030 Οὔπω
2540 2009 2606 2021 -
2638 1977 2835 2032 ἐλάϐετε
2866 1996 2880 2046 ;
2919 1982 3129 2054 Μάρκος
3162 1975 3220 2032 δε
3253 1976 3536 2054 βαρύτερον
3577 1976 3893 2052 ἐπιτιμῆσαι

2277 2066 2451 2129 αύτοῖς
2504 2067 2657 2140 λέγει,
2710 2071 2973 2142 προσθείς·
3024 2068 3141 2121 Ἔτι
3185 2073 3564 2141 πεπωρωμένην
3608 2071 3754 2141 ἔχετε
3792 2075 3891 2130 τὴν

2274 2154 2499 2230 καρδίαν
2556 2160 2697 2231 ὑμῶν
2754 2174 2766 2225 ;
2813 2158 3106 2233 ὀφθαλμοὺς
3163 2161 3368 2230 ἔχοντες
3414 2162 3473 2210 οὺ
3524 2157 3753 2232 βλέπετε,
3797 2165 3890 2213 καὶ

2274 2246 2381 2299 ὦτα
2423 2246 2625 2319 ἔχοντες
2659 2246 2753 2300 οὐκ
2794 2246 3001 2301 ἀκούετε
3026 2265 3040 2315 ;
3069 2249 3143 2302 Οὐ
3178 2246 3411 2321 βλέπετε,
3459 2252 3609 2321 φησὶ,
3644 2258 3749 2310 πῶς
3799 2254 3891 2302 καὶ

2272 2341 2469 2397 πόσους
2519 2336 2566 2389 ἐν
2600 2336 2791 2411 ἐρημίᾳ
2842 2343 3006 2414 τρέφω
3040 2357 3049 2405 ;
3086 2341 3173 2391 καὶ
3226 2336 3316 2389 οὐκ
3364 2335 3592 2401 ἀκούετε,
3650 2343 3765 2411 περὶ
3818 2339 3889 2391 ὧν

2275 2422 2523 2479 διδάσκω
2558 2444 2571 2494 ;
2608 2432 2708 2480 Καὶ
2740 2424 2880 2480 διατί
2906 2432 2973 2498 μὴ
3007 2430 3122 2480 τότε
3161 2426 3350 2500 μᾶλλον
3384 2424 3647 2479 ὠνείδισεν
3682 2432 3885 2496 αὐτοῖς,

2272 2516 2354 2568 ὅτε
2383 2512 2542 2569 εἷπον·
2579 2518 2740 2569 Πόθεν
2773 2525 2896 2590 ημῖν
2928 2517 2975 2569 ἐν
3016 2514 3207 2590 ἐρημίᾳ
3238 2518 3387 2591 ἄρτοι
3418 2524 3659 2569 τοσοῦτοι
3688 2534 3700 2585 ;
3742 2523 3884 2571 Διότι

2272 2604 2365 2658 οὐκ
2420 2601 2481 2663 ἧν
2538 2605 2673 2667 εἰκός
2720 2610 3081 2679 καταισχύναι
3130 2609 3341 2668 τούτους
3397 2603 3607 2658 ἐνώπιον
3662 2605 3880 2659 πολλῶν·

2270 2694 2381 2767 ἅμα
2408 2690 2465 2747 δὲ
2508 2700 2598 2747 καὶ
2630 2694 2881 2768 ἀνέμενεν,
2939 2697 3040 2766 ἵνα,
3087 2692 3277 2749 διπλοῦ
3326 2703 3417 2748 τοῦ
3451 2698 3710 2768 θαύματος
3734 2715 3886 2769 γενο-

2270 2789 2443 2859 μένου,
2530 2785 2796 2861 βαρυτέρα
2869 2790 2960 2839 καὶ
3038 2782 3435 2861 δραστικωτέρα
3506 2788 3537 2844 ἡ
3592 2788 3889 2863 κατηγορία

2270 2893 2504 2945 γενηται.

2341 2971 2460 3027 Πῶς
2512 2990 2583 3006 ——
2633 2962 3006 3019 Σαδδουκαίων
3038 2985 3051 3034 ;
3088 2963 3227 3021 Ἰδοὺ
3256 2965 3436 3019 λοιπόν
3465 2970 3553 3019 καὶ
3583 2970 3677 3026 τὴν
3714 2985 3884 3041 παρα-

2268 3058 2495 3129 τήρησιν
2526 3065 2627 3109 τῶν
2658 3055 2953 3130 βρωμάτων
2983 3057 3155 3119 αὐτοῖς
3182 3054 3449 3118 ὀνειδίζει.

530 3126 736 3186 ‘Vers.
780 3131 871 3188 i2.
923 3131 1089 3187 Tunc
1144 3163 1214 3173 —
1252 3131 1727 3189 Sadducazorum.
1771 3130 1985 3186 Vidisti
2012 3147 2155 3204 pree-

2339 3150 2468 3198 Τότε
2528 3176 2584 3187 σ-
2644 3143 3017 3199 Σαδδουκαίων
3070 3166 3084 3217 ;
3139 3143 3284 3208 Εἶδες
3357 3146 3711 3219 ἀγανάκτησιν
3768 3144 3879 3198 ἔπι-

495 3218 750 3277 missam
779 3220 1287 3293 increpationem;
1317 3222 1455 3279 vide
1483 3221 1661 3279 etlam
1684 3221 1941 3277 fructum
1975 3220 2104 3289 ejus
2135 3237 2152 3275 :

496 3308 776 3367 excitavit
804 3309 966 3365 enim
984 3314 1245 3366 mentem
1277 3310 1514 3367 illorum
1545 3326 1677 3383 quas
1716 3308 2075 3375 dormiebat,
2101 3313 2157 3365 et

495 3395 931 3455 intellexerunt.
960 3398 1268 3472 Siquidem
1289 3404 1525 3471 oportet
1550 3416 1671 3456 non
1700 3399 1923 3472 ubique
1947 3402 2153 3455 mitem

495 3503 625 3544 esse
651 3493 1097 3561 praeceptorem,
1128 3488 1235 3546 sed
1282 3489 1653 3562 quandoque
1684 3506 1967 3562 asperum
2004 3488 2151 3554 ﬁeri,

494 3580 552 3634 et
591 3574 893 3634 interdum
914 3578 1161 3651 quidem
1190 3578 1373 3636 libere
1399 3595 1460 3635 se
1488 3580 1712 3636 tradere
1735 3580 2043 3653 discipulis
2076 3580 2153 3635 ad

490 3664 1003 3736 refocillationem,
1042 3668 1341 3725 interdum
1395 3685 1537 3726 vero
1577 3670 1885 3742 increpare
1916 3670 1994 3726 ad
2031 3685 2155 3725 cor-

487 3755 846 3828 reptionem,
879 3761 936 3814 et
962 3756 1077 3816 hac
1103 3757 1390 3816 varietate
1416 3758 1658 3816 illorum
1708 3773 2031 3831 procurare
2064 3772 2154 3816 sa-

489 3842 697 3901 lutem.

562 3943 699 4016 Cap.
745 3941 973 4003 XXXIII.
1008 3945 1089 4002 De
1114 3944 1576 4019 interrogatione
1601 3947 1749 4019 apud
1795 3948 2148 4006 Cwsaream.

559 4032 724 4091 Vers.
764 4039 844 4091 l3.
879 4037 1028 4093 Cum
1064 4044 1257 4094 autem
1288 4024 1529 4095 venisset
1570 4068 1637 4079 -—
1668 4037 1918 4095 hominis
1947 4039 1978 4093 i’

537 4115 895 4181 ’Caasarcam
925 4125 1084 4183 hanc
1114 4126 1423 4201 Philippus
1448 4128 1509 4183 in
1553 4128 1837 4184 honorem
1897 4129 2149 4186 Cmsaris

488 4214 847 4275 construxit.
898 4218 1032 4273 Erat
1061 4220 1262 4274 autem
1292 4222 1349 4273 et
1375 4216 1496 4275 alia
1543 4218 1808 4274 Caesarea
1837 4218 2142 4274 Stratonis.

486 4304 553 4362 Et
573 4304 783 4377 procul
812 4321 847 4363 a
870 4305 1086 4363 Iudaeis
1112 4307 1406 4365 abductos
1452 4306 1780 4380 discipulos
1816 4306 2148 4379 interroga-

483 4394 587 4461 vit,
620 4399 685 4451 ut
713 4395 842 4452 sine
869 4398 1081 4453 timore
1109 4396 1295 4454 libere
1318 4396 1751 4470 responderent
1788 4397 1866 4454 ad
1892 4398 1952 4454 id
1979 4399 2143 4471 quod

484 4481 1028 4557 interrogabantur.
1057 4489 1173 4543 Nec
1194 4487 1268 4543 de
1292 4487 1510 4544 Scribis
1541 4492 1597 4544 et
1634 4486 1947 4544 Pharisaeis
1970 4504 2145 4561 roga-

485 4571 604 4639 bat,
638 4573 721 4629 illi
746 4575 904 4631 enim
930 4575 1133 4648 ipsum
1178 4578 1492 4634 manifeste
1523 4580 1885 4634 contumelia
1927 4578 2142 4634 afﬁcie-

484 4660 629 4719 bant
658 4678 672 4730 ;
706 4663 812 4721 sed
840 4665 914 4721 de
963 4666 1242 4738 populari
1290 4658 1486 4739 turba,
1533 4676 1668 4739 quae
1698 4668 1778 4724 ab
1819 4668 2045 4723 invidia
2092 4674 2148 4725 et

484 4752 713 4811 malitia
740 4754 931 4813 libera
958 4761 1103 4813 erat.
1136 4757 1277 4814 Nam
1301 4764 1359 4815 et
1392 4761 1578 4815 Lucas
1609 4759 1782 4815 dicit:
1807 4758 1884 4813 Et
1914 4760 2145 4828 factum

482 4847 570 4902 est
596 4859 729 4902 cum
755 4851 891 4901 esset
922 4848 1039 4917 ipse
1060 4848 1220 4904 solus
1233 4864 1430 4917 orans,
1458 4855 1627 4904 erant
1657 4864 1790 4906 cum
1812 4864 1871 4904 eo
1906 4856 1957 4903 et
1999 4848 2144 4905 dici-

480 4934 609 5009 quli
650 4950 661 4991 :
692 4943 743 4994 et
772 4936 1168 5009 interragnvit
1199 4939 1321 4995 illos
1335 4937 1523 4995 dicens
1565 4956 1579 4995 :
1616 4939 1796 5006 Quem
1823 4954 1914 4995 me
1938 4939 2145 4995 dicunt

481 5042 603 5086 esse
632 5028 827 5085 turba:
851 5029 892 5065 ⁸³
935 5028 963 5085 ?
991 5031 1212 5087 Marcus
1234 5045 1376 5087 vero
1397 5031 1466 5095 ⁸³,
1495 5030 1656 5102 quod
1684 5029 1746 5086 in
1768 5030 1863 5087 via
1892 5032 2140 5087 interro-

2265 3240 2566 3307 τεταμένην,
2630 3238 2746 3303 (19)
2813 3238 2910 3311 ὅρα
2969 3242 3060 3289 καὶ
3114 3240 3202 3290 τόν
3263 3240 3463 3309 καρπὸν
3548 3236 3726 3297 αὐτῆς.
3790 3244 3878 3288 Δι-

2268 3329 2443 3399 ἠγειρε
2478 3327 2580 3401 γὰρ
2621 3326 2941 3395 αὐτίκαπην
2992 3322 3226 3379 διάνοιαν
3280 3327 3450 3379 αὐτῶν
3491 3323 3875 3399 καθεύδουσαν,

2265 3420 2354 3467 καὶ
2387 3424 2638 3474 συνῆκαν.
2702 3421 2818 3490 Χρὴ
2849 3419 2947 3491 ’γὰρ
3003 3422 3074 3489 μη
3132 3426 3405 3489 πανταχοῦ
3446 3424 3608 3490 πρᾶον
3635 3413 3763 3469 εἶναι
3791 3420 3879 3469 τὸν

2267 3500 2610 3573 διδάσκαλον,
2684 3504 2791 3557 ἀλλ’
2845 3508 2986 3558 ἔστιν
3044 3509 3124 3560 ὅτε
3196 3511 3284 3559 καὶ
3352 3509 3733 3581 τραχύνεσθαι,
3790 3511 3878 3559 καὶ

2264 3596 2387 3647 ποτε
2472 3598 2560 3667 μὶν
2652 3592 3000 3667 μεταδιδόναι
3080 3596 3377 3671 παρρησίας
3438 3604 3547 3657 τοῖς
3613 3598 3879 3667 μαθηταῖς

2263 3686 2394 3758 πρὸς
2443 3682 2748 3752 ἀνάκτησιν,
2804 3687 2929 3737 ποτε
2983 3681 3043 3738 δε
3099 3684 3337 3757 ἐπιτιμᾷν
3393 3688 3519 3756 πρὸς
3588 3684 3868 3755 συστολὴν,

2263 3777 2352 3826 καὶ
2436 3782 2499 3847 τῇ
2582 3774 2819 3847 τοιαύτη
2879 3774 3113 3847 ποικιλίᾳ
3180 3778 3274 3833 τὴν
3358 3778 3619 3848 σωτηρίαν
3703 3773 3872 3827 αὐτῶν

2265 3862 2570 3935 οἰκονομεῖν.

2372 3960 2516 4008 ΚΕΦ.
2547 3955 2672 4010 ΛΓ’.
2702 3959 2826 4029 Περὶ
2854 3964 2949 4018 τῆς
2980 3953 3028 4008 ἒν
3062 3959 3353 4029 Καισαρείᾳ
3381 3951 3761 4029 ἐπερωτήσεως.

2333 4041 2521 4095 Ἐλθὼν
2575 4075 2643 4084 —
2712 4041 2983 4117 ἀνθρώπου
3043 4062 3055 4111 ;
3111 4048 3215 4102 Τὴν
3299 4045 3613 4117 Καισάρειαν
3676 4046 3870 4100 ταύτην

2260 4135 2285 4185 ό
2329 4130 2578 4194 Φίλιππος
2635 4132 2712 4185 ἐπὶ
2759 4140 2884 4206 τιμῇ
2947 4141 3040 4186 τοῦ
3095 4138 3361 4207 Καίσαρος
3411 4135 3634 4188 ἔκτισεν.
3685 4132 3780 4186 Ἦν
3814 4130 3872 4185 δὲ

2258 4227 2347 4275 καὶ
2404 4222 2530 4281 οῖλλη
2596 4224 2904 4295 Καισάρεια,
2964 4224 2994 4281 ἡ
3053 4231 3142 4275 τοῦ
3202 4222 3517 4295 Στράτωνος.
3573 4222 3754 4298 Πόρρω
3812 4219 3870 4274 δε

2258 4321 2357 4364 τῶν
2418 4308 2691 4366 Ἰουδαίων
2744 4311 3031 4383 ἀπαγαγὼν
3089 4316 3204 4372 τοὺς
3258 4314 3514 4384 μαθητὰς,
3577 4312 3864 4386 ἠρώτησεν,

2259 4403 2340 4455 ἵνα
2387 4406 2559 4475 χωρὶς
2604 4400 2944 4473 φόϐουιμετὰ
3023 4400 3323 4476 παρρησίας
3375 4405 3609 4467 εἴπωσιν,
3660 4401 3685 4453 ὃ
3734 4402 3871 4475 ἠρω-

2256 4493 2513 4551 τήθησαν.
2560 4494 2671 4544 Ούκ
2740 4489 2905 4564 ἐρωτᾷ
2949 4488 3007 4543 δι
3056 4496 3173 4564 περὶ
3237 4499 3335 4542 τῶν
3381 4494 3726 4566 Γραμματέων
3784 4494 3873 4542 καὶ

2263 4587 2581 4655 Φαρισαίων.
2648 4576 2925 4655 προδήλως
2980 4583 3078 4654 γὰρ
3130 4579 3311 4633 ἐκεῖνοι
3386 4578 3567 4633 τοῦτον
3632 4580 3869 4654 ὕϐριζονο

2256 4670 2382 4724 ἀλλὰ
2416 4677 2533 4744 περὶ
2576 4678 2665 4724 τοῦ
2696 4667 2985 4743 δημώδους
3014 4670 3200 4742 ὄχλου,
3233 4678 3321 4723 τοῦ
3355 4674 3521 4743 χωρὶς
3554 4672 3742 4741 φθόνου
3782 4675 3872 4723 καὶ

2254 4766 2526 4836 πονηρίας.
2586 4760 2702 4833 (20)
2744 4765 2898 4831 Λέγει
2951 4760 3051 4831 γὰρ
3099 4762 3126 4811 ό
3158 4761 3272 4833 (21)
3325 4761 3587 4825 Ἰωάννης,
3638 4762 3717 4811 ὅτι
3766 4764 3883 4812 Καϊ

2254 4849 2449 4923 ἐγένετο
2658 4856 2729 4920 τῷ
2812 4847 2949 4902 εἶναι
2999 4850 3154 4902 αὐτόν
3247 4854 3668 4925 προσευχόμενον
3732 4849 3872 4899 κατὰ

2254 4946 2429 5014 μόνας,
2518 4948 2749 4999 συνῆσαν
2802 4939 2961 5011 αύτῷ
3037 4942 3084 4992 οἱ
3124 4948 3125 4951 “
3172 4942 3427 5013 μαθηταὶ,
3520 4943 3609 4991 καὶ
3667 4936 3873 5013 ἐπηρώ-

2252 5050 2409 5091 τησεν
2490 5030 2675 5094 αὐτοὺς
2728 5029 2907 5103 λέγων’
2987 5032 3115 5087 Τίνα
3171 5049 3235 5103 με
3307 5030 3547 5103 λέγουσιν
3616 5031 3665 5084 οἱ
3715 5027 3872 5106 ὄχλοι

552 5207 601 5245 ’⁸
624 5208 808 5268 Matth
828 5224 923 5281 xv,
956 5213 1040 5267 Η.
1121 5208 1167 5245 ⁷⁸
1190 5214 1366 5267 Marc.
1398 5225 1517 5277 vui,
1548 5209 1635 5277 17,
1664 5208 1751 5266 18.
1830 5210 1878 5247 ⁸ο
1904 5210 2110 5267 Matth.
2137 5227 2155 5267 1

2277 5215 2353 5269 l3.
2406 5212 2476 5301 (εί
2510 5213 2647 5295 Luc.
2684 5227 2764 5284 ιχ,
2800 5211 2886 5270 18.
2966 5209 3204 5271 "Marc.
3245 5228 3363 5283 vni,
3396 5210 3488 5269 27.

543 5488 556 5542 ἰ

1694 5389 1917 5459 Variae
1960 5389 2287 5461 lectiones
2326 5401 2393 5461 et
2420 5400 2623 5462 notae.

556 5574 668 5664 (19)
714 5574 1210 5664 Emesa-puppem».
1254 5588 1320 5643 A.
1374 5586 1543 5644 male.
1607 5584 1881 5645 Hentenii
1916 5590 2131 5647 etiam

2279 5611 2350 5653 ος.
2383 5592 2653 5647 Hentenii
2676 5590 2868 5648 versio
2900 5582 3046 5648 nihil
3081 5590 3348 5664 adjuvat.

480 5646 889 5730 interpretatio
914 5646 1203 5730 displicet.

553 5726 666 5800 (20)
714 5726 1147 5787 Desidero'hoc
1202 5730 1332 5788 loco
1385 5731 1654 5799 verbum,
1709 5733 1891 5791 veluti
1940 5738 2141 5810 κρίνον-

2323 5664 2435 5736 (21)
2484 5669 2690 5724 Λουκᾶς
2710 5664 3170 5747 corrigendum,
3201 5670 3264 5721 ut
3314 5664 3493 5739 habet
3526 5664 3866 5741 llentenius.
