4178 6388
529 328 638 397 ⁸67
1858 334 2197 394 ΕυΤΗΥΜΙῘ

2298 333 2587 392 IGABENI
3803 338 3908 394 468

529 459 650 540 que
691 478 871 539 super
916 461 1077 524 hanc
1113 465 1458 522 ﬁrmitatem
1509 462 1824 522 aediﬁcabo
1867 463 2191 521 Eclcesiam

2302 465 2391 515 καὶ
2443 461 2622 534 λοιμὸν
2703 461 2788 515 ἐπὶ
2845 465 3010 535 ταύτῃ
3077 469 3138 535 τῇ
3208 460 3512 537 στερρότητι
3574 458 3914 536 οἰκοδομήσω

529 571 754 622 meam,
793 556 915 612 sive
940 560 997 612 te
1028 570 1253 625 ponam
1291 555 1753 611 fundamentum
1786 554 2190 619 credentium;

2302 571 2402 624 μου
2489 556 2576 610 τὴν
2658 551 2990 624 Ἐκκλησίαν,
3065 557 3248 623 ἤγουν,
3333 556 3390 605 σε
3459 555 3606 610 θήσω
3687 554 3912 626 θεμελιον

531 645 794 702 Ecclesia
821 646 981 702 enim
1020 645 1226 701 ﬁdeles
1279 648 1437 700 sunt.
1471 644 1590 699 Hoc
1617 649 1815 699 autem
1839 643 2005 707 dixit,
2041 643 2194 698 exci-

2301 650 2401 692 τῶν
2459 647 2826 696 πιστευόντων.
2910 643 3194 701 Ἐκκλησία
3239 645 3339 715 γὰρ
3418 644 3466 695 οἱ
3530 648 3734 696 πιστοί.
3788 643 3913 698 Εῖπε

530 739 668 791 tans
726 738 856 805 ejus
913 733 1291 808 prudentiam
1369 733 1446 791 ad
1495 738 1684 790 artem
1742 733 2192 805 pascendarum

2303 727 2362 784 δὲ
2391 740 2544 784 τοῦτο
2599 729 2880 784 διανιστῶν
2930 733 3090 786 αὑτοῦ
3147 735 3206 785 τὸ
3247 737 3485 807 φρόνημα
3513 736 3646 807 πρὸς
3693 753 3912 807 ποιμαν·

530 825 756 881 ovium.

2299 826 2470 880 τικήν.

542 950 550 958 ι
601 915 768 970 Vers.
800 915 884 969 l8.
916 915 996 970 Et
1026 943 1092 956 —-
1125 915 1407 971 adversus
1450 929 1601 970 eam.
1631 914 1759 969 Non
1786 913 2192 968 dominabun-

2375 935 2476 983 Καὶ
2531 961 2600 971 --
2650 931 2835 994 αὐτῆς,
2894 933 2970 984 Οὐ
3037 936 3513 1004 κατακυριεύσουσι
3560 942 3655 1004 τῇς
3698 934 3912 992 Ἐκκλη-

529 1005 625 1058 tur
641 1003 923 1059 Ecclesiae.
944 1007 1145 1060 Portas
1170 1007 1372 1059 autem
1389 1001 1718 1058 inferorum
1747 1001 1889 1058 dicit
1912 1001 2188 1073 blasphe-

2304 1024 2440 1081 σίας.
2495 1020 2663 1082 Πύλας
2712 1019 2771 1075 δε
2824 1019 2958 1093 ᾅδου
3011 1022 3147 1094 λέγει
3185 1027 3274 1083 τὰς
3317 1025 3462 1097 παρὰ
3515 993 3614 1075 τῶν
3663 1023 3910 1082 Ἑλλήνων

529 1093 702 1156 mias,
736 1096 884 1166 'quae
927 1109 960 1150 a
1001 1092 1275 1163 gentibus
1330 1108 1401 1148 ac
1457 1092 1748 1148 haereticis
1788 1091 2188 1164 proferuntur,

2300 1113 2390 1161 καὶ
2447 1117 2545 1162 τῶν
2605 1091 2874 1185 αἱρετικῶν
2930 1091 3290 1185 βλασφημίας,
3355 1091 3418 1173 ὡΙς
3471 1114 3786 1185 εἰσαγούσας
3840 1114 3910 1176 εἰς

525 1185 732 1254 utpote
757 1183 836 1238 ad
881 1187 1169 1239 aeternum
1209 1182 1655 1239 introducentes
1687 1182 2019 1237 cruciatum
2051 1199 2064 1248 ;
2097 1182 2190 1238 vel

2301 1199 2515 1251 κόλασιν
2560 1200 2785 1267 αἰώνιον,
2813 1201 2843 1259 ἡ
2894 1205 2982 1262 τὰς
3012 1203 3133 1276 παρ’
3167 1202 3334 1254 αὐτῶν
3365 1206 3640 1277 τιμωρίας,
3677 1205 3740 1263 ὡς
3772 1203 3912 1255 εἰσα-

525 1271 826 1343 supplicia
861 1272 940 1329 ab
983 1272 1098 1328 illis
1127 1270 1371 1337 inﬂicta,
1405 1272 1578 1345 quasi
1613 1271 1692 1328 ad
1722 1277 1974 1328 mortem
1998 1272 2191 1327 carnis

2299 1291 2495 1360 γούσας
2534 1290 2606 1351 εἰς
2654 1292 2870 1343 θάνατον
2908 1298 2998 1352 τῆς
3030 1270 3243 1366 σαρκός.
3288 1270 3428 1346 Εἶτα-
3454 1270 3544 1345 καὶ
3575 1291 3746 1368 ἑτέραν
3773 1292 3911 1365 λέγει

524 1359 890 1418 inducentia.
935 1362 1155 1418 Deinde
1190 1361 1371 1418 alium
1406 1377 1650 1434 quoque
1677 1362 1838 1433 ponit
1873 1361 2186 1417 honorem.
2298 1359 2477 1436 τιμήν,

535 1495 548 1504 .
599 1452 767 1510 Vers.
802 1454 896 1509 19.
927 1451 1003 1507 Et
1051 1482 1122 1492 -—
1156 1453 1466 1508 calorum.
1502 1453 1648 1506 Cum
1690 1451 2001 1507 confessus
2033 1456 2191 1507 esset
2352 1435 2360 1450 ⁸

524 1538 728 1612 ipsum
757 1539 861 1597 Dei
892 1540 1104 1598 Filium
1131 1557 1261 1598 esse
1290 1541 1646 1612 legitimum,
1694 1541 1824 1612 jam
1859 1540 1906 1596 ei
1940 1541 2185 1597 demon-

525 1632 670 1686 strat
689 1645 812 1686 suae
831 1628 1154 1687 divinitatis
1181 1631 1553 1702 dignitatem,
1577 1630 1814 1685 dicens:
1838 1631 2188 1699 Ediﬁcabo

523 1726 777 1788 superis
794 1719 1112 1776 Ecclesium
1143 1735 1328 1776 meam
1363 1727 1452 1789 ;et
1471 1720 1625 1777 dabo
1657 1719 1764 1775 tibi
1794 1719 1985 1776 claves
2027 1721 2191 1791 regni

523 1810 831 1876 caelorum,
858 1808 1295 1867 videlicetutad
1317 1809 1464 1866 illud
1485 1809 1833 1867 introducas
1862 1809 2185 1884 ;siquidem
2224 1823 2282 1884 Βς

521 1898 802 1971 clavigeri
827 1903 916 1957 est
941 1899 1342 1960 introducere.

2373 1489 2474 1539 Καὶ
2533 1517 2602 1529 -
2682 1488 2930 1562 οὐρανῶν.
3005 1488 3459 1562 Ὀμολογήσαντος
3537 1497 3629 1543 τοῦ
3709 1495 3908 1564 Πέτρου

2298 1577 2416 1628 Υίὸν
2467 1583 2559 1628 τοῦ
2612 1581 2738 1631 Θεοῦ
2770 1583 2985 1646 γνήσιον
3034 1575 3161 1632 εἶναι
3211 1580 3384 1651 αὐτὸν,
3439 1577 3704 1633 δείκνυσιν
3767 1581 3908 1652 αὐτῷ

2297 1664 2473 1718 λοιπὸν
2526 1675 2616 1727 τῆς
2695 1665 2879 1720 εαυτοῦ
2963 1671 3199 1730 θεότητος
3263 1673 3322 1722 τὸ
3417 1669 3642 1743 ἀξίωμα,
3724 1669 3904 1743 λέγων.

2299 1752 2653 1828 Οἰκοδομήσω
2731 1756 2813 1810 ἐπὶ
2903 1763 2985 1811 σοὶ
3059 1763 3152 1818 τὴν
3232 1759 3543 1818 Ἐκκλησίαν
3618 1780 3739 1833 μου,
3819 1766 3908 1813 καὶ

2299 1842 2458 1898 δώσω
2517 1865 2602 1898 σοι
2668 1849 2761 1908 τὰς
2839 1847 2975 1908 κλεῖς
3020 1857 3115 1910 τῆς
3187 1848 3458 1922 βασιλείας
3503 1858 3599 1903 τῶν
3656 1850 3902 1924 οὐρανῶν,

2297 1937 2478 2008 ἤγουν,
2510 1937 2567 1987 τό
2609 1935 2835 2008 εἰσάγειν
2866 1937 2938 2000 εἰς
2984 1937 3167 1997 αὑτήν
3203 1935 3520 2012 κλειδούχου
3545 1943 3646 2016 γὰρ
3674 1942 3821 2015 ἔργον
3848 1944 3905 1993 τὸ

2298 2025 2543 2097 εἰσάγειν.

546 2115 550 2122 ’
594 2113 774 2187 Atqui
799 2114 1029 2171 donum
1056 2114 1193 2181 hoc,
1230 2117 1580 2172 ceterorum
1610 2116 1792 2173 etiam
1818 2117 1928 2174 fuit
1949 2124 2183 2189 aposto-

2369 2138 2472 2187 Καὶ
2500 2137 2603 2206 μὴν
2635 2137 2690 2187 τὸ
2738 2131 2904 2210 δῶρον
2949 2143 3100 2189 τοῦτο
3144 2141 3234 2189 καὶ
3265 2145 3361 2188 τῶν
3411 2136 3573 2189 ἄλλων
3607 2135 3902 2190 ἀποστόλων

519 2201 720 2260 lorum'
752 2221 767 2271 ;
800 2203 905 2259 sed
941 2203 1202 2276 primum
1236 2204 1371 2261 huic
1400 2205 1608 2262 datum
1641 2210 1747 2274 est,
1779 2207 1921 2280 quia
1959 2209 2186 2280 primus

2298 2226 2518 2295 γέγονεν·
2573 2222 2699 2276 ἀλλὰ
2756 2231 2944 2299 πρώτῳ
3000 2228 3166 2298 τούτῳ
3225 2223 3462 2294 δέδοται,
3523 2225 3664 2280 διότι
3703 2237 3904 2300 πρῶτος

519 2291 616 2349 hic
637 2293 848 2350 Filium
878 2294 978 2348 Dei
1001 2293 1332 2364 legitimum
1355 2310 1484 2350 esse
1513 2295 1811 2351 Christum
1842 2295 2038 2352 fassus
2073 2302 2185 2358 est.

2298 2313 2444 2376 οὗτος
2473 2316 2592 2366 Υίόν
2626 2321 2718 2366 τοῦ
2759 2323 2892 2368 Θεοῦ
2916 2320 3132 2387 γνήσιον
3169 2319 3256 2368 τὸν
3285 2319 3513 2390 Χριστὸν
3544 2315 3671 2369 εἶναι
3703 2317 3906 2388 ἀνωμο-

519 2383 661 2441 ldeo
686 2399 930 2459 quoque
959 2389 1108 2461 post.
1137 2384 1464 2441 Salvatoris
1490 2384 1550 2440 in
1577 2385 1794 2441 caelum
1828 2402 2030 2443 assum
2042 2389 2185 2460 ptio-

2298 2401 2508 2475 λόγησε.
2542 2407 2629 2456 Διὸ
2659 2408 2768 2471 καὶ,
2801 2406 2930 2477 μετὰ
2980 2410 3074 2464 τὴν
3105 2405 3176 2467 εἰς
3220 2405 3469 2480 οὐρανοὺς
3526 2405 3780 2478 ἀνάληψιν
3812 2415 3903 2460 τοῦ

515 2473 824 2546 nem,pra3
855 2473 1351 2544 omnibusflongo
1387 2474 1590 2531 docuit
1614 2479 1904 2548 tempore,
1941 2477 2188 2535 multos-

2298 2473 2552 2567 Σῷτῇρος,
2589 2493 2734 2556 οὗτος
2777 2473 2994 2558 ἐδίδαξε
3019 2498 3120 2568 πρὸ
3150 2473 3354 2548 πάντ-ων
3385 2500 3547 2572 μέχρι
3572 2473 3782 2566 πολλοῦ,
3811 2501 3903 2549 καὶ

517 2577 637 2635 que
659 2561 986 2620 introduxit
1023 2564 1103 2620 ad
1125 2563 1323 2620 ﬁdem.
1461 2653 1468 2655 _
1739 2654 1748 2655 ί

2298 2561 2514 2645 πολλοὺς
2537 2582 2802 2655 εἰσήγαγε.

553 2651 758 2731 ~Vers.
818 2652 882 2708 19
939 2653 1019 2709 Et
1075 2685 1143 2694 —
1195 2653 1580 2711 calt-Etiam
1627 2657 1684 2710 et
1738 2654 1850 2711 hoc
1905 2656 2186 2730 clavigeri

2369 2675 2470 2725 Kal.
2540 2703 2610 2713 —
2662 2651 2930 2746 οὐρανοῖς.
3027 2677 3128 2727 Καὶ
3198 2682 3350 2728 τοῦτο
3413 2682 3508 2736 τῆς
3562 2672 3906 2748 κλειδουχίας

518 2742 828 2815 proprium
868 2747 976 2800 est.
1009 2742 1216 2814 Ligare
1265 2747 1486 2811 autem,
1525 2745 1666 2801 dicit
1696 2761 1818 2802 non
1849 2747 2181 2817 ignoscere.

2298 2761 2492 2821 ταύτης
2536 2757 2695 2814 ἴδιον.
2730 2742 2860 2816 ’Καὶ
2951 2759 3096 2816 δίσιν
3158 2766 3248 2837 μὶν
3299 2764 3434 2835 λέγει
3505 2769 3598 2823 τὴν
3652 2742 3907 2837 ὰσυγξω-

519 2831 761 2889 Solvere
788 2848 950 2903 vero,
974 2833 1304 2905 ignoscere.
1335 2835 1622 2892 Promittit
1655 2850 1798 2906 ergo
1829 2853 1839 2890 :
1865 2839 2186 2903 Quodcun-

2298 2854 2484 2922 ρησίαν
2557 2849 2704 2904 λὺσιν
2785 2849 2844 2904 δὲ
2916 2855 3010 2910 τὴν
3095 2831 3464 2927 συγχώρησιν.
3538 2831 3903 2927 ’Υπισχνείτοιι

517 2937 635 2998 que
675 2925 987 3002 peccatum
1034 2938 1157 2980 non
1221 2924 1660 2980 condonaveris
1713 2941 1888 2998 super
1941 2932 2180 2997 terram,

2298 2937 2377 3008 δὲ,
2406 2946 2471 2991 '0
2527 2939 2642 3013 (22)
2683 2939 2742 2992 ἂν
2795 2940 3085 3017 ἁμάρτημα
3133 2924 3612 3018 οὗμσνγχωρήσῃς
3782 2954 3901 3015 γῆς,

517 3013 809 3088 nequepin
835 3012 982 3070 coelo
1015 3013 1458 3071 condonabitur
1497 3030 1533 3071 a
1555 3017 1710 3072 Deo:
1759 3023 1815 3071 et
1864 3019 2186 3090 quodcun-

2298 3031 2446 3081 ἔσται
2499 3027 2888 3106 ἀσυγχώρητον
2936 3036 3025 3084 καὶ
3077 3030 3125 3083 ἐν
3174 3032 3375 3108 οὐρανῷ
3420 3037 3564 3108 παρὰ
3607 3041 3698 3087 τοῦ
3743 3043 3897 3087 Θεοῡ’

517 3117 637 3178 que
665 3103 1098 3162 condonaveris
1127 3104 1241 3171 hic,
1277 3105 1385 3162 erit
1411 3110 1469 3162 et
1492 3104 1574 3162 ibi
1605 3107 2038 3165 condonatum.

2298 3121 2385 3169 καὶ
2423 3119 2448 3170 ὅ
2506 3117 2566 3170 ἂν
2623 3103 2988 3195 συγχωρήσῃς
3029 3103 3268 3189 ἐνταῦθα,
3318 3103 3468 3176 ἔσται
3496 3103 3669 3176 ’κάκεῖ
3717 3143 3901 3196 συγκε-

1914 3203 1920 3207 ’
2223 3181 2278 3252 0.-
2297 3212 2624 3281 χωρημένον.

547 3295 708 3394 :Sed
761 3319 994 3376 Marcus
1047 3323 1105 3376 et
1162 3321 1349 3376 Lucas
1400 3319 1710 3378 brevitatis
1757 3322 1944 3380 causa
2030 3325 2183 3384 Petri

2325 3297 2529 3394 ι’Λλλόι
2600 3302 2810 3374 Μάρκος
2864 3303 2952 3373 μὶν
3012 3304 3097 3354 καὶ
3152 3307 3361 3363 Λουκᾶς
3411 3308 3692 3377 συντομίας
3742 3304 3900 3357 ἕνεκεν

516 3384 972 3484 responsionem
1020 3424 1129 3481 per
1155 3408 1586 3481 compendium
1617 3410 1890 3468 dixerunt
1926 3413 1972 3448 ⁸⁶
2005 3434 2016 3484 ;
2050 3415 2186 3474 ideo

2298 3374 2390 3444 θὴν
2451 3387 2732 3462 ἀπόκρισιν
2811 3398 2902 3442 τοῦ
2980 3394 3176 3463 Πέτρου
3254 3394 3366 3444 κατ’
3435 3392 3686 3466 ἐπιτομὴν
3763 3394 3903 3466 εἰρή-

2518 3475 2541 3493 .
2577 3479 2588 3493 .
2731 3485 2740 3493 .
2859 3483 2868 3493 .
3285 3485 3293 3493 .
3459 3483 3470 3493 .
3551 3491 3568 3493 _
3736 3488 3744 3493 .
3857 3488 3865 3493 .

519 3475 575 3556 et
593 3475 1042 3556 beatitudinem.
1061 3499 1192 3570 ejus
1225 3504 1281 3555 et
1297 3475 1492 3555 alium
1515 3503 1809 3557 honorem
1837 3475 2182 3564 tacuerunt:

2298 3495 2442 3529 κασι·
2506 3475 2592 3530 διό
2658 3485 2747 3532 καὶ
2816 3483 2904 3532 τὸν
2993 3485 3328 3555 μακαρισμὸν
3409 3483 3590 3550 αὐτοῦ,
3663 3488 3753 3536 καὶ
3811 3488 3904 3542 τὴν

2311 3566 2379 3582 ..κς
2642 3573 2651 3582 .
2819 3567 2832 3582 .
2990 3576 2999 3582 .
3331 3572 3350 3582 -
3580 3578 3587 3582 _
3687 3572 3698 3582 .
3769 3573 3819 3582 ..

520 3587 701 3645 simul
726 3588 906 3646 etiam
933 3588 1180 3644 scientes
1200 3604 1336 3644 eum
1373 3588 1616 3646 abunde
1647 3590 2009 3651 honoratum
2042 3596 2181 3669 (aa).

2298 3566 2453 3625 ἄλλην
2533 3573 2690 3640 τιμὴν
2811 3567 3214 3636 ἀπεσιώπησαν,
3315 3572 3425 3643 ἅμα
3507 3578 3597 3625 καὶ
3677 3572 3906 3644 ἀφιλότι-

2485 3655 2559 3674 ...
2765 3658 2834 3674 ..
2958 3657 3353 3674 ...__--
3479 3661 3490 3672 .
3599 3661 3670 3674 ρ.
3869 3665 3879 3674 .

516 3678 823 3750 καῑιῐιωιιε
853 3693 995 3734 vero
1025 3677 1345 3750 diligentiae
1399 3679 1592 3749 gratia
1621 3680 1741 3736 haec
1793 3685 1990 3740 omnia
2046 3655 2186 3744 con-

2298 3676 2389 3728 μον
2455 3655 2650 3720 εἰδότες
2714 3658 2890 3710 αὐτόν⁹
2949 3662 2973 3710 ὁ
3042 3657 3100 3713 δε
3148 3663 3413 3722 Μπθαίος
3468 3661 3732 3734 ἀκριϐείας
3800 3665 3904 3733 χά-

517 3766 773 3839 scripsit,
804 3766 1024 3840 pariter
1048 3766 1230 3825 etiam
1257 3768 1669 3840 apostolorum
1699 3771 2031 3845 principem
2071 3777 2181 3834 ho-

2298 3766 2374 3818 ριν
2403 3755 2571 3799 ταῦτα
2623 3750 2793 3799 πάντα
2845 3750 3143 3822 ἱστόρησεν,
3200 3750 3310 3822 ἅμα
3364 3755 3453 3802 καὶ
3484 3758 3648 3823 τιμῶν
3696 3754 3782 3803 τὸν
3812 3771 3901 3804 κο-

514 3871 762 3927 norans,

2298 3855 2532 3908 ρνφαιον.

587 3946 752 4004 Vers.
774 3950 864 4005 20.
905 3948 1066 4005 Tunc
1087 3978 1153 3988 —
1187 3948 1470 4007 Christus.
1508 3951 1738 4009 Marcus
1765 3959 1967 4013 autem
1998 3957 2176 4019 dixit:

2361 3945 2485 3994 Τότε
2514 3973 2576 3983 -
2621 3947 2868 4017 Χριστός.
2893 3943 2951 3995 Ὀ
2983 3941 3041 3997 δε
3066 3945 3280 4019 Μάρκος
3309 3943 3461 4016 εἶπεν,
3497 3948 3575 3998 ὅτι
3604 3951 3702 3999 Καὶ
3735 3946 3898 3999 ἐπετί-

510 4037 593 4094 Ει
618 4037 1031 4096 interminatus
1060 4044 1138 4094 est
1168 4039 1288 4095 illis
1319 4055 1391 4097 ne
1419 4040 1514 4097 cui
1544 4043 1617 4099 de
1640 4059 1695 4100 se
1734 4043 1979 4101 dicerent
2002 4047 2046 4082 ⁸⁷
2071 4048 2182 4104 Lu-

2298 4051 2454 4101 ιιησεν
2505 4032 2696 4103 αὐτοῖς,
2761 4034 2842 4084 ἱνα
2891 4031 3080 4106 μηδενὶ
3110 4035 3301 4107 λέγωσι
3339 4041 3456 4110 περὶ
3511 4036 3690 4088 αὐτοῦ·
3729 4036 3788 4089 Ὀ
3840 4034 3899 4090 δι

515 4141 617 4186 cas
633 4143 773 4184 vero
795 4147 807 4187 :
834 4128 1260 4186 Interminatus
1277 4131 1559 4201 praecepit
1585 4134 1666 4189 eis
1687 4149 1762 4191 ne
1779 4137 1877 4191 cui
1903 4135 2000 4192 hoc
2020 4137 2174 4195 dice-

2298 4126 2518 4186 Λουκᾱς,
2570 4123 2650 4174 ὅτι
2705 4124 3049 4194 Ἐπιτιμήσας
3090 4124 3286 4188 αὐτοῖς,
3338 4130 3654 4197 παρήγγειλε
3711 4124 3898 4199 μηδενὶ

512 4224 645 4276 rent
678 4219 745 4274 ⁸⁸.
783 4218 947 4274 Unde
974 4218 1159 4291 liquet
1203 4220 1364 4291 quod
1404 4219 1502 4276 hic
1533 4221 1587 4276 in
1621 4223 1891 4280 Matthan
1924 4227 2179 4283 sumitur

2298 4211 2444 4263 εἰπεῖν
2504 4219 2656 4264 τοῦτο
2709 4213 2846 4282 (23).
2918 4213 3237 4266 Διεστείλατο
3305 4217 3395 4287 μὲν
3445 4211 3553 4280 οὖν,
3616 4215 3726 4267 ὰντὶ
3782 4225 3892 4281 τοῦ,

509 4307 766 4364 verbum
798 4307 1122 4364 ὸιεστείλατο
1152 4324 1262 4380 pro
1286 4313 1593 4381 praecepit,
1637 4317 1692 4367 et
1723 4313 1886 4384 apud
1916 4317 2174 4373 Marcum

2298 4301 2659 4372 Παρὴγγειλεν·
2696 4301 3010 4374 Ἐπετίμησε
3050 4303 3163 4375 ('24)
3203 4300 3281 4371 δὲ,
3310 4303 3422 4356 ἀντὶ
3447 4312 3559 4371 τοῦ,
3613 4311 3892 4377 Κατησςοα-

511 4395 812 4470 imi-tunae,
843 4385 960 4455 hoc
1008 4403 1097 4455 est
1129 4399 1544 4458 interminatus
1583 4408 1687 4469 est,
1756 4419 1886 4476 pro,
1957 4407 2179 4462 Conﬁr-

2298 4394 2489 4459 kia'aro,
2526 4392 2606 4442 ἵνα
2633 4386 2821 4463 μηδενὶ
2855 4395 3089 4458 εἴπωσιν,
3118 4395 3196 4445 ὅτι
3227 4394 3383 4456 αὑτός
3409 4393 3551 4446 ἐστιν
3581 4396 3606 4446 ό
3643 4398 3890 4465 Χριστὸς,

508 4488 736 4544 mando
783 4489 1112 4560 praecepit;
1172 4493 1228 4546 et
1281 4489 1543 4548 similiter
1599 4494 1731 4565 ejus
1790 4495 2172 4568 participium

2298 4479 2310 4530 5
2370 4482 2519 4551 φύσει
2573 4482 2689 4540 Υἱὸς
2765 4477 2975 4539 δηλαδὴ
3045 4490 3136 4533 τοῦ
3195 4487 3343 4554 Θεοῦ,
3401 4485 3565 4546 meo;
3616 4485 3640 4535 ό
3700 4489 3892 4558 Πέτρος

509 4539 729 4544 ______
786 4539 1110 4560 r---_-r_-,
1176 4539 1228 4546 --
1281 4539 1534 4548 ___---.--
1602 4539 1630 4549 ν
1664 4539 1731 4550 ν.-
1834 4539 1998 4552 ...ην
2047 4539 2172 4554 ,ηιμ

505 4578 830 4650 ἐπιτιμήσας
859 4579 1020 4650 apud
1050 4580 1290 4636 Lucam.
1339 4582 1408 4637 Ut
1451 4539 1682 4639 nemini
1712 4539 1981 4642 dicerent
2005 4539 2171 4659 Quod

2298 4570 2522 4641 ὗμολόγη
2534 4589 2638 4627 σεν.

505 4665 636 4738 ipse
667 4670 820 4722 esset
847 4666 1137 4734 Christus,
1179 4669 1468 4726 naturalis
1500 4672 1770 4729 videlicet
1813 4675 1912 4730 Dei
1965 4675 2164 4742 Filius,

504 4755 662 4839 sicut
689 4755 892 4813 Petrus
930 4757 1239 4815 confessus
1270 4763 1378 4816 est.

557 4847 987 4929 Necessarium
1018 4848 1316 4920 siquidem
1347 4854 1491 4916 erat,
1517 4855 1580 4908 ut
1605 4852 1719 4908 hoc
1747 4853 1818 4909 ab
1841 4853 1974 4926 ipso
1999 4855 2163 4912 Patre

2349 4857 2660 4927 Ἀναγκαῖον
2744 4859 2832 4927 μὲν
2917 4859 3017 4931 γὰρ
3101 4855 3161 4916 ἧν
3228 4857 3656 4931 ἀποκαλυφθῆναι
3731 4869 3884 4914 τοῦτο

497 4935 886 5006 revelaretur,
942 4937 1019 4995 ab
1065 4939 1192 5010 ipso
1249 4943 1451 4996 autem
1514 4940 1655 4997 Filio
1709 4947 1845 4999 ante
1905 4949 2159 5001 mortem

2298 4945 2394 5019 ταρ⁹
2449 4944 2608 4996 αὐτοῦ
2661 4953 2752 4996 τοῦ
2804 4951 3019 5020 Πατρός·
3074 4946 3427 5019 βεϐαιωθῆναι
3479 4945 3538 5002 δὲ
3567 4950 3690 5024 παρ’
3723 4951 3885 5003 αὐτοῦ

498 5042 677 5086 suam
703 5027 1180 5099 cOnﬁrmaretur,
1201 5032 1302 5086 eta
1333 5028 1476 5086 sols
1500 5029 1807 5105 discipulis
1830 5049 2157 5107 cognosce-

2302 5042 2360 5086 οῦ
2393 5035 2537 5099 Tim),
2589 5037 2687 5107 πρὸ
2731 5042 2820 5087 τοῦ
2877 5037 3098 5088 θανάτου
3148 5037 3329 5109 αὐτοῦ,
3387 5043 3477 5091 καὶ
3527 5043 3884 5114 γνωρίσθῆναι

557 5153 620 5212 ,⁸⁸
649 5155 822 5214 Marc.
856 5169 984 5227 vm,
1005 5159 1072 5213 29
1107 5171 1122 5223 ;
1152 5155 1287 5213 Luc.
1326 5171 1408 5224 ix,
1442 5158 1531 5214 20.
1612 5160 1654 5196 ⁸⁷
1690 5163 1863 5218 Marc.
1905 5177 2026 5230 vin,
2055 5165 2142 5220 30.

2301 5160 2442 5217 Luc.
2477 5175 2557 5230 ιι,
2589 5164 2677 5216 21.

1730 5315 1953 5386 Variae
1983 5316 2317 5388 lectiones
2359 5323 2424 5383 et
2456 5324 2661 5384 notae.

593 5449 686 5595 22)
713 5447 834 5505 Ὀτι
863 5453 915 5511 ὅ.
954 5454 1022 5509 Α.
2097 5523 2106 5535 ⁹
2207 5523 2217 5534 μ
2273 5499 2278 5502 .
2339 5457 2455 5535 (24)
2495 5457 2862 5531 Ἐπιτιμὴσας.
2895 5465 2956 5516 Δ.

593 5521 658 5576 23
714 5522 873 5589 Αὐτὸ,
906 5539 1016 5595 pro
1049 5531 1222 5581 τοῦτο.
1249 5527 1316 5581 Α.
2209 5537 2218 5544 ‘

590 5521 681 5595 23)
714 5522 873 5589 Αὐτὸ,
906 5539 1016 5597 pro
1049 5531 1222 5581 τοῦτο.
1249 5527 1316 5581 Α.
2097 5523 2106 5535 ’
2207 5523 2218 5544 ί

561 5717 683 5792 (αα)
714 5718 964 5778 Abunde
993 5721 1372 5784 honoratum.
1408 5745 1454 5800 Λ
1486 5727 1690 5802 gloriae
1721 5731 1918 5790 studio
1949 5732 2238 5798 alienum.
