4178 6378
262 353 361 410 469
1225 334 1598 397 COMMENT.
1638 332 1711 390 IN
1745 330 2189 391 MATTH/EUM.
2229 362 2300 374 ——
2338 330 2498 389 CAP.
2527 332 2676 389 XVI.
3514 332 3623 393 170

253 499 423 555 μονοις
482 472 588 538 τοῖς
653 474 935 549 μαθηταῖς,
999 474 1064 532 ὡς
1117 468 1449 542 τελειοτέροις
1503 473 1600 517 τῶν
1659 462 1903 536 ὄχλων,Α

1976 462 2145 525 retur.
2185 462 2391 532 utpote
2415 460 2522 532 qui
2540 458 2937 533 popularibus
2966 458 3342 532 perfectiores
3370 464 3626 528 erant,et

252 578 334 625 xui
388 573 455 632 ὡς
518 574 713 628 κοινοῖς
762 560 1113 623 διδασκάλοις
1182 567 1271 619 τῆς
1325 557 1651 628 οἰκουμένης,
1721 556 1853 615 Τοὺς

1971 548 2140 622 quasi
2179 565 2533 605 communes
2564 549 2728 605 orbis
2784 549 3057 620 magistri
3091 564 3105 615 ;
3135 547 3450 621 populares
3478 564 3621 607 vero

255 660 442 733 ὄχλους
503 655 579 711 δε
618 664 773 709 τοῦτο
833 655 1017 726 μαθεῖν
1085 649 1178 703 οὐκ
1251 647 1484 701 ἐϐούλετο
1544 653 1653 709 νῦν,
1716 645 1851 718 ἄχρι

1972 640 2021 694 id
2045 646 2203 695 nunc
2228 638 2379 694 scire
2392 638 2579 695 noluit
2595 655 2779 712 usque
2791 638 2869 695 ad
2881 639 3375 695 resurrectionem
3390 654 3563 696 suam
3585 655 3622 697 a

251 760 339 813 τῆς
393 750 447 802 ἐκ
495 754 685 823 νεκρῶν
741 744 1076 804 ἀναστάσεως
1126 740 1310 804 αύτοῦ,
1342 740 1425 790 ἵνα
1476 740 1572 809 μὴ,
1612 742 1700 787 νῦν
1753 754 1849 805 μα-

1970 729 2234 795 mortuis,
2276 744 2351 785 ne
2397 728 2447 784 si
2489 744 2652 785 nunc
2701 729 2994 786 discerent
3041 728 3210 785 illum
3240 733 3457 786 natura
3489 744 3620 785 esse

253 845 438 906 θόντες,
487 838 570 891 ὃτι
625 840 778 910 φύσει
849 834 966 894 Υἱός
1014 830 1124 885 ἐστι
1178 837 1271 883 τοῦ
1320 833 1473 893 Θεοῦ,
1541 830 1631 877 καὶ
1697 826 1848 896 φύσει

1968 818 2057 873 Dei
2086 818 2311 885 Filium,
2346 821 2401 874 et
2430 822 2640 875 natura
2668 820 2874 883 Deum,
2919 822 3127 891 postea
3149 817 3421 875 videntes
3477 833 3618 876 eum

251 936 375 992 Θεὸς
416 971 430 995 ,
507 927 618 982 εἶτα
700 926 1013 997 θεασάμενοι
1112 928 1292 972 τοῦτον
1395 916 1593 989 ἀτιμως
1703 912 1849 988 ὑϐρι-

1969 906 2358 977 ignominiose
2401 906 2779 963 contumeliis
2819 906 3121 975 affectum,
3165 911 3223 963 et
3244 906 3491 978 indigna
3516 922 3619 980 pa-

254 1025 462 1092 ζόμενον
542 1022 632 1070 καὶ
719 1013 868 1068 δεινὰ
935 1014 1223 1084 πάσχοντα
1286 1012 1376 1060 καὶ
1445 1014 1641 1081 πικρῶς
1701 1002 1849 1056 ἀναι-

1967 998 2221 1063 tientem,
2250 1013 2319 1053 ac
2351 997 2565 1053 acerbe
2588 998 3038 1070 interemptum,
3062 996 3531 1065 oﬂ‘enderentur,
3560 1000 3617 1054 et

246 1112 525 1186 ρούμενοι,
606 1102 1083 1169 σκανδαλισθῶσὶ,
1148 1105 1239 1152 καὶ
1291 1098 1362 1161 εἰς
1425 1102 1519 1155 τὴν
1593 1099 1847 1168 προτέραν

1961 1104 2200 1144 rtu‘sum
2264 1086 2343 1144 ad
2410 1086 2671 1159 priorem
2710 1085 3190 1145 incredulitatem
3218 1090 3611 1155 recurrerent,

247 1176 489 1251 iimcrriuv
569 1192 1081 1268 παλινδρομησωσι,
1141 1194 1231 1242 xui
1308 1185 1695 1244 δυσανάκλητοι
1758 1188 1847 1255 γέ-

1308 1185 1695 1244 δυσανάκλητοι
1758 1188 1847 1255 γε·
1956 1193 2234 1250 aegreque
2269 1176 2348 1234 ab
2373 1192 2445 1234 ea
2473 1180 2912 1234 revocarentur.

242 1307 425 1340 νωνται
436 1330 449 1343 ο

313 1386 373 1440 Εἰ
447 1388 550 1461 γὰρ
617 1388 707 1436 καὶ
772 1386 891 1443 τούς
955 1380 1194 1453 μαθητὰς
1259 1373 1608 1430 ἑσκανδάλισε
1654 1381 1841 1441 ταῦτα,

2025 1396 2173 1450 Nam
2201 1393 2248 1449 si
2282 1390 2608 1465 discipulos
2634 1391 2829 1460 etiam,
2853 1391 2961 1466 qui
3000 1391 3395 1465 popularibus
3422 1378 3611 1466 perfe-

245 1481 358 1539 τοὺς
414 1475 759 1549 τελειοτέρους
826 1480 926 1524 τῶν
975 1469 1164 1542 ὄχλων,
1223 1472 1312 1520 καὶ
1361 1466 1419 1519 οὐ
1467 1472 1635 1518 ταῦτα
1688 1468 1841 1536 μόνον

1959 1483 2158 1540 ctiores
2175 1487 2364 1549 erant,
2379 1482 2754 1539 offenderunt
2772 1497 2896 1538 non
2910 1481 3107 1539 solum
3121 1482 3250 1538 haec
3267 1486 3609 1554 conspecta.

246 1569 486 1641 ὁρώμενα,
540 1563 668 1616 ἀλλὰ
710 1567 801 1615 καὶ
851 1564 900 1614 οἱ
950 1565 1067 1633 περὶ
1123 1562 1315 1611 τούτων
1354 1556 1500 1629 λόγοι
1547 1558 1841 1629 προμηνυό-

1962 1589 2158 1630 verum
2191 1574 2367 1630 etiam
2407 1572 2481 1628 de
2510 1572 2605 1628 his
2656 1572 2832 1629 rebus
2876 1570 3065 1629 habiti
3098 1580 3425 1638 sermones,
3460 1570 3612 1643 quid

245 1674 398 1725 μενοι·
453 1659 508 1707 τί
566 1654 659 1706 οὐκ
708 1652 768 1704 ἂν
828 1652 1014 1704 ἔπαθον
1066 1652 1114 1702 οἱ
1170 1647 1356 1708 ἀτελεῖς
1415 1645 1567 1718 ὄχλοι
1624 1650 1841 1696 τοιαῦτα

1961 1677 2065 1718 non
2100 1678 2292 1735 passm
2330 1661 2584 1718 fuissent
2630 1660 2996 1733 imperfectas
3046 1660 3235 1717 turbae
3293 1661 3441 1718 dum
3480 1660 3611 1716 haec

245 1744 526 1818 βλέποντες,
572 1748 661 1795 καὶ
717 1741 1011 1814 ἀγνοοῦντες
1041 1743 1098 1791 τὸ
1140 1746 1231 1791 τοῦ
1284 1740 1479 1796 πάθους
1523 1740 1835 1809 μυστήριον,

1959 1752 2396 1825 :onspexissent
2453 1750 2715 1807 maxime
2760 1751 3107 1821 ignorantes
3150 1749 3450 1823 passionis
3477 1766 3609 1823 my-

243 1837 361 1909 ὅπερ
416 1840 504 1886 καὶ
562 1834 737 1895 αὐτοῖς
782 1839 885 1891 τοῖς
944 1831 1206 1903 μαθηταῖς
1262 1831 1336 1879 ἔτι
1394 1826 1504 1897 (25)
1556 1814 1893 1899 δυσπαράοξ

1957 1814 2211 1906 sterium,
2242 1841 2405 1914 quod
2432 1840 2572 1913 ipsis
2604 1814 2848 1913 quoque
2875 1814 3184 1913 discipulis
3214 1843 3340 1896 erat
3360 1814 3607 1912 receptu

246 1920 421 1976 δεκτόν
474 1920 573 1990 ἧνς
636 1928 736 1975 Καὶ
792 1922 937 1973 οὗτοι
1001 1922 1123 1992 γὰρ,
1162 1919 1245 1970 ὅτε
1294 1919 1425 1991 μετα
1472 1920 1565 1973 τὴν
1615 1915 1833 1973 Ἀνάλη-

1956 1932 2184 1988 iitﬁcile
2221 1932 2249 1986 ?
2278 1931 2430 1986 Nam
2483 1929 2647 2000 ethi,
2711 1929 2960 2001 quando
3014 1933 3151 2001 post
3182 1928 3504 1985 Salvatoris
3544 1928 3606 1985 in

241 2013 330 2083 φιν
412 2021 503 2065 τοῦ
588 2020 818 2083 Σωτῆρος
909 2008 1240 2081 ἐπεφοίτησεν
1318 2005 1494 2067 αὐτοῖς
1576 2004 1695 2077 (26)
1776 2007 1833 2056 τὸ

1955 2021 2156 2077 malum
2184 2019 2614 2075 Ascensionem
2644 2018 2804 2074 venit
2830 2033 3011 2090 super
3052 2033 3153 2073 eos
3179 2017 3435 2090 Spiritus
3466 2031 3605 2075 san-

241 2106 445 2172 Πνεῦμα
532 2104 587 2153 τὸ
658 2101 801 2172 άγιον
847 2142 861 2166 ,
945 2104 1057 2151 τότε
1127 2097 1303 2149 λοιπὸν
1392 2098 1529 2155 θείας
1610 2097 1833 2166 χάριτος

1956 2115 2093 2175 :tus,
2122 2117 2262 2166 tunc
2292 2109 2542 2164 demum
2575 2107 2777 2163 divina
2807 2107 2999 2177 gratia
3049 2106 3275 2179 repleti,
3320 2105 3606 2163 humanis

234 2189 610 2255 πλησθέντες,
712 2195 801 2241 καὶ
871 2192 990 2248 τοὺς
1088 2185 1437 2261 ἀνθρωπίνους
1551 2183 1834 2255 λογισμούς

1955 2197 2686 2270 :ogitationibusabjectis,
2716 2196 2923 2253 omnia
2945 2200 3355 2266 cognoverunt
3383 2199 3605 2268 myste-

237 2278 564 2351 ἀποθέμενοι,
602 2287 826 2337 συνῆκαν
865 2281 928 2331 τὰ
957 2281 1225 2350 μυστήρια
1252 2277 1440 2346 πάντα,
1484 2278 1574 2326 καὶ
1625 2272 1834 2348 στερρό-

1952 2274 2049 2345 Eia.
2080 2288 2300 2345 Verum
2340 2302 2578 2360 semper
2597 2285 2677 2343 ad
2704 2286 2762 2341 id
2801 2301 2985 2359 usque
3021 2290 3259 2358 tempus
3290 2284 3497 2343 omnia
3520 2283 3602 2343 ad

234 2386 375 2442 τεροι
418 2372 688 2439 γεγόνασιν
740 2362 1053 2440 ἀδάμαντος.
1106 2365 1275 2438 ’Ἄχρι
1321 2361 1381 2418 δε
1422 2368 1538 2416 τότε
1597 2371 1833 2434 συνεχῶς

1736 2371 1833 2433 ζὼς
1942 2377 2379 2436 humanitatem
2409 2374 2771 2450 pertinentia
2820 2373 3204 2433 oﬁ'endebant
3231 2374 3386 2432 illos.

232 2452 607 2521 ἕσιανδάλιζον
651 2457 838 2520 αὐτούς
900 2459 1071 2510 πάντα
1141 2458 1206 2508 τὰ
1276 2454 1686 2527 ἁνθρωποπρεπῆ
1744 2459 1833 2504 τοῦ

232 2553 484 2619 Χριστοῦ.
2790 2566 2798 2572 ’
3444 2610 3447 2611 ,
3538 2608 3541 2613 .

300 2648 395 2698 Διὰ
428 2653 577 2699 τοῦτο
614 2651 805 2713 τοίνυν,
849 2650 916 2709 ὡς
965 2648 1188 2720 εἴρηται,
1244 2649 1358 2696 τότε
1390 2646 1479 2715 μὲν
1539 2642 1632 2694 ούκ
1685 2642 1833 2701 ἤθελε

2013 2646 2262 2719 Propter
2290 2645 2402 2703 hoc
2427 2659 2588 2716 ergo,
2633 2646 2699 2701 ut
2738 2642 2966 2701 dictum
2992 2646 3101 2713 est,
3132 2641 3323 2703 noluit
3347 2658 3384 2701 a
3416 2657 3607 2717 popu-

225 2737 524 2805 γνωσθῆναι
544 2744 655 2797 τοῖς
692 2736 893 2808 ὄχλοις,
929 2738 1009 2788 ὅτι
1045 2738 1197 2807 φύσει
1250 2736 1366 2793 Υἱὸς
1395 2740 1487 2784 τοῦ
1520 2740 1652 2785 Θεοῦ
1694 2730 1826 2799 ἐστι,

1956 2735 2167 2793 aribus
2193 2735 2348 2802 sciri,
2380 2734 2543 2807 quod
2596 2738 2814 2790 natura
2854 2732 2956 2790 Dei
3014 2732 3192 2789 Filius
3221 2735 3395 2800 esset,
3424 2737 3481 2790 et
3502 2748 3606 2792 na-

225 2830 313 2876 xui
373 2829 527 2897 φύσει
598 2831 767 2892 Θεὸς,
834 2832 924 2879 καὶ
979 2822 1243 2898 διαφόρως
1293 2831 1445 2875 τοῦτο
1506 2821 1829 2897 μαρήγγελλε

1953 2830 2073 2881 iura
2110 2825 2263 2879 Deus
2292 2843 2309 2895 ;
2336 2823 2517 2895 idque
2564 2821 2768 2878 multis
2799 2821 2996 2878 modis
3030 2821 3315 2894 prmcepit
3337 2820 3603 2895 discipu-

225 2922 326 2974 τοῖς
384 2918 665 2987 μαθηταῖς·
709 2916 792 2969 ὅτε
831 2911 909 2982 δε,
965 2924 1064 2968 τῶν
1127 2910 1580 2985 σκανδαλιζόντων
1623 2930 1827 2964 παντων

1968 2914 2029 2968 is.
2063 2914 2317 2979 Quando
2341 2927 2485 2968 vero
2504 2910 2810 2982 completis
2840 2926 2909 2967 ac
2940 2910 3121 2966 ﬁnitis
3150 2910 3440 2970 omnibus
3465 2926 3618 2989 quae.

219 3003 555 3058 τελεσθέντων
585 3051 601 3077 ,
678 3005 879 3078 ἔμελλον
954 3005 1202 3079 λαμπρῶς
1279 3002 1651 3077 ἀνακηρύττειν
1738 3001 1829 3054 αύ-

1954 3002 2241 3059 )ifendere
2262 3005 2556 3074 poterant,
2588 3000 3015 3072 praedicaturus
3042 2999 3210 3055 illum
3241 3002 3367 3056 erat
3386 3004 3604 3059 natura

220 3097 306 3144 τὸν
340 3098 491 3166 φύσει
523 3098 650 3149 Θεὸν
680 3098 704 3148 ό
739 3095 879 3156 ἣλιος
904 3095 1289 3167 σκοτιζόμενος,
1319 3096 1377 3145 τὸ
1417 3112 1551 3146 κατα
1582 3096 1829 3163 πέτασμα

1949 3091 2131 3147 Deum
2159 3106 2287 3147 esse
2309 3090 2397 3145 sol
2411 3090 2789 3159 obscuratus,
2802 3086 3005 3144 velum
3022 3086 3227 3159 templi
3253 3087 3599 3153 discissum.

216 3190 307 3234 τοῦ
359 3193 486 3237 ναοῦ
544 3184 906 3261 ῥηγνύμενον,
966 3187 996 3244 ἡ
1041 3192 1109 3257 γῆ
1171 3187 1452 3255 σειομένη,
1516 3183 1570 3234 αἱ
1640 3186 1827 3254 πέτραι

1950 3188 2091 3238 terra
2116 3195 2425 3246 concussa,
2459 3183 2631 3250 petras
2679 3178 2956 3250 diruptus,
2989 3182 3043 3233 et
3074 3192 3333 3250 corpora
3372 3181 3600 3234 sancto-

214 3273 581 3347 σχιζόμεναι,
663 3280 753 3328 καὶ
847 3276 911 3326 τὰ
996 3279 1217 3347 σώματα
1284 3280 1382 3325 τῶν
1441 3276 1824 3345 κεκοιμημένων

1950 3288 2067 3328 rum
2111 3270 2215 3344 qui
2241 3268 2607 3327 dormierunt
2662 3266 2931 3332 excitata,
2981 3266 3232 3340 ipseque
3272 3265 3525 3338 gloriose
3563 3284 3600 3327 δ.

209 3362 376 3435 ἁγίων
432 3363 779 3438 ἐγειρόμενα,
850 3369 937 3417 καὶ
1002 3364 1159 3426 αὐτὸς
1235 3359 1450 3426 ἐνδόξως
1502 3362 1556 3413 ἐκ
1636 3370 1824 3436 νεκρῶν

1951 3362 2185 3419 nortuis
2214 3374 2545 3429 resurgens,
2580 3361 2721 3414 tunc
2748 3371 2891 3413 sane
2918 3355 3136 3413 etfulsit
3168 3358 3353 3413 virtus
3383 3356 3601 3413 divini-

207 3451 594 3526 ἀνιστάμενος⁸
665 3463 955 3514 τηνικαῦτα
1017 3457 1118 3528 γὰρ
1203 3462 1380 3525 σαφῶς
1452 3451 1727 3525 ἐξέλαμψεν
1794 3453 1819 3509 ἦ

1947 3452 2069 3509 tatis
2095 3451 2246 3522 ejus,
2282 3454 2339 3505 et
2361 3447 2694 3504 indubitata
2746 3449 2873 3503 erat
2901 3445 3354 3503 demonstratio.
3411 3445 3597 3503 Simul

205 3538 440 3616 δύναμις
494 3552 592 3607 τῆς
638 3544 795 3597 αὐτοῦ
856 3547 1136 3612 θεότητος,
1195 3549 1285 3596 καὶ
1336 3541 1702 3617 ἀναντίῤῥητος
1762 3540 1823 3601 ἦν

1946 3556 2171 3614 quoque
2227 3538 2608 3595 immissurus
2659 3540 2786 3593 erat
2839 3535 3089 3609 Spiritus
3142 3540 3384 3591 sanctus
3435 3534 3596 3592 intel-

202 3636 231 3688 ἡ
312 3630 614 3696 ἀπόδειξις*
681 3633 849 3706 ἔμελλε
922 3630 979 3686 δε
1036 3636 1228 3685 καὶτὸ
1296 3633 1546 3703 πανάγιον
1615 3639 1824 3705 Πνεῦμα

1947 3636 2169 3697 εοῐυω,
2199 3644 2321 3686 non
2375 3626 2518 3683 solis
2558 3624 2893 3698 discipulis,
2946 3624 3051 3682 sed
3095 3624 3375 3682 omnibus
3418 3624 3597 3683 etiam

202 3724 416 3774 σύνισεν
476 3721 715 3796 ἐμϐαλεῖν
785 3724 843 3775 ού
900 3730 1008 3785 τοῖς
1072 3724 1335 3795 μαθηταῖς
1412 3728 1565 3794 μόνον
1603 3763 1617 3786 ,
1696 3720 1823 3773 ἀλλὰ

1947 3720 2338 3777 :redentibus:
2368 3724 2575 3774 ettunc
2593 3716 2722 3789 jam
2740 3717 2989 3773 demum
3007 3715 3285 3772 omnibus
3302 3714 3597 3788 publicari

196 3817 287 3864 xui
335 3820 479 3867 πᾶσι
533 3821 636 3874 τοῖς
667 3816 998 3866 πιστεύουσι·
1032 3817 1147 3865 τότε
1198 3809 1290 3876 δη,
1323 3817 1438 3864 τότε
1476 3811 1653 3864 λοιπὸν
1680 3810 1822 3863 ἐϐού-

1942 3812 2173 3870 volebat
2204 3815 2260 3867 et
2287 3806 2614 3865 divinitatis
2640 3812 2696 3863 et
2720 3806 3019 3879 passionis
3050 3817 3174 3863 sate
3215 3806 3592 3879 mysterium,

195 3900 309 3954 λετο
364 3898 801 3975 δημοσιευθῆναι
832 3910 964 3956 πᾶσι
994 3908 1083 3955 xui
1122 3905 1179 3955 τὸ
1220 3909 1316 3962 τῆς
1350 3904 1615 3968 θεότητος,
1645 3906 1734 3953 xui
1762 3904 1820 3954 τὸ

1940 3907 1997 3960 ut
2021 3901 2249 3973 absque
2296 3897 2416 3955 ullo
2443 3896 2801 3953 offendicula
2832 3894 3179 3969 praedicatio
3208 3894 3590 3968 praecederet.

193 3998 285 4042 τοῦ
312 3994 533 4053 πάθους
554 3991 714 4044 αὐτοῦ
736 3996 1051 4065 μυστήριον,
1086 3993 1167 4043 ἱνα
1194 3987 1612 4043 ἀσκανδάλιστον
1645 3987 1823 4053 ὀδεύοι

191 4084 248 4133 τὸ
281 4087 573 4155 κήρυγμα.

262 4171 401 4225 Ἀπὸ
464 4176 586 4223 τότε
643 4200 709 4211 -
773 4170 1064 4245 ἐγερθῆναι.
1105 4172 1237 4222 Ἀπὸ
1304 4174 1440 4236 τότε,
1500 4168 1588 4243 ἀφ’
1634 4169 1694 4222 οὗ
1735 4169 1821 4243 βε-

2000 4171 2160 4227 Vers.
2188 4169 2277 4224 21.
2306 4168 2407 4227 Ex
2435 4182 2496 4225 eo
2526 4174 2849 4238 tempore—
2873 4178 3194 4237 resurgere.
3228 4165 3313 4221 Ex
3340 4179 3406 4220 eo
3447 4166 3595 4221 tem-

190 4258 358 4323 ϐαίως
410 4262 613 4334 ἔμαθον
672 4263 721 4312 οἱ
764 4262 1023 4333 μαθηταὶ,
1070 4261 1146 4312 ὅτι
1187 4265 1402 4331 γνήσιος
1436 4263 1552 4323 Υἱός
1594 4258 1705 4313 ἔστι
1729 4269 1818 4313 τοῦ

1942 4275 2089 4333 pore,
2120 4275 2191 4317 ex
2216 4275 2338 4333 quo
2363 4256 2611 4314 ﬁrmiter
2636 4258 3047 4326 cognoverunt
3094 4251 3387 4326 discipuli,
3432 4253 3592 4327 quod

186 4356 345 4405 Θεοῦ.
404 4354 483 4403 Τὸ
532 4349 710 4402 λοιπὸν
754 4353 855 4425 γὰρ
890 4349 1079 4425 ἡρξατο
1121 4349 1233 4422 (27)
1276 4346 1652 4422 προδεικνύειν,
1693 4370 1818 4404 του-

1941 4349 2217 4406 uaturalis
2242 4354 2397 4404 esset
2425 4347 2527 4403 Dei
2571 4345 2750 4401 Filius
2779 4360 2791 4400 :
2822 4347 2966 4399 tunc
3000 4342 3162 4399 enim
3192 4342 3441 4399 demum
3475 4358 3591 4399 coe-

184 4442 352 4504 τέστι,
461 4440 736 4515 προλέγειν
810 4441 1035 4503 τούτοις,
1095 4439 1131 4491 οἱ
1211 4438 1377 4493 αελλει
1447 4441 1652 4509 παθεῖν,
1714 4442 1816 4507 ἱνα,

1940 4441 2014 4513 pit
2046 4440 2461 4495 demonstrare
2488 4435 2607 4491 sive
2646 4433 2963 4506 praedicere
2993 4432 3105 4488 illis
3131 4446 3268 4505 qum
3296 4446 3590 4505 passurus

181 4537 356 4581 ταῦτα
414 4535 886 4604 προγινώσκοντες,
918 4532 1054 4581 κατὰ
1099 4532 1183 4581 τὸν
1234 4532 1413 4603 καιρὸν
1467 4537 1557 4582 τοῦ
1619 4533 1820 4593 πάθους

1939 4536 2066 4595 erat,
2103 4533 2162 4584 ut
2190 4529 2319 4584 haec
2372 4524 2770 4599 praescientes,
2828 4527 3098 4595 tempore
3126 4521 3425 4595 passionis
3469 4535 3589 4577 non

178 4623 245 4689 μὴ
308 4616 941 4691 σκανὸολισθῶσι,μηὸ”
996 4618 1349 4684 ὑπολάϐωσιν,
1406 4620 1485 4671 ὅτι
1542 4616 1613 4672 δι’
1665 4619 1817 4672 ἀσθέ-

1940 4619 2381 4683 thenderentur,
2434 4630 2650 4688 neque,
2683 4612 3131 4685 suspicarentur
3149 4610 3318 4684 quod
3345 4614 3590 4683 propter

179 4728 314 4761 νειαν
392 4713 609 4783 φύσεως
675 4712 878 4781 πάσχει
913 4751 924 4763 .
1018 4716 1137 4770 Πῶς
1187 4711 1308 4783 γὰρ,
1374 4710 1423 4768 ὃς
1475 4713 1565 4762 xui
1634 4728 1815 4783 προγι-

1938 4714 2150 4766 αιιιωνω
2168 4705 2638 4763 imbecillitatem
2655 4706 2975 4777 pateretur.
2993 4702 3123 4768 Quo
3151 4700 3313 4757 enim
3337 4704 3515 4773 pacto
3526 4700 3588 4757 id

181 4805 379 4853 νῶσκει
444 4806 638 4866 τυῦτο,
698 4804 787 4850 καὶ
844 4799 1104 4873 προλέγει,
1167 4805 1256 4850 xui
1335 4794 1551 4851 σπεύδει
1624 4797 1815 4870 μᾶλλον

1939 4799 2092 4855 ﬁeret
2122 4796 2196 4853 de
2222 4812 2315 4860 eo,
2373 4794 2478 4867 qui
2516 4792 2802 4866 prmnovit
2840 4796 2897 4848 et
2928 4789 3201 4864 praedicit
3247 4805 3319 4847 ac
3346 4789 3589 4847 festinat

181 4893 367 4943 παθεῖν
402 4908 418 4959 ;

1926 4888 2125 4961 potius
2155 4892 2217 4942 ut
2236 4885 2520 4959 patiatur.

251 4986 356 5033 Καὶ
424 5011 504 5020 -
550 4977 711 5047 αὐτῷ.
774 4976 1220 5052 Προσλαϐόμενος,
1274 4975 1387 5030 ἀντὶ
1435 4984 1525 5029 τοῦ
1584 4976 1817 5050 παραλα-

1996 4976 2161 5035 Vers.
2190 4979 2277 5031 22.
2301 4974 2376 5032 Et
2405 5003 2472 5015 —
2499 4971 2691 5029 illum.
2748 4971 3109 5037 Assumens,
3158 4968 3274 5026 hoc
3298 4971 3390 5025 est
3427 4982 3589 5025 seorh

181 5067 277 5121 ϐῶν
329 5065 629 5122 κατιὸίαν.
691 5067 950 5130 Ἀκούσας
1004 5069 1127 5141 γὰρ,
1170 5068 1251 5119 ὃτι
1298 5066 1466 5139 μελλει
1521 5066 1814 5137 ἀποθανεῖν,

1934 5066 2041 5123 sim
2071 5065 2391 5137 accipiens.
2420 5062 2637 5120 Audito
2672 5061 2834 5120 enim
2859 5058 3027 5133 quod
3061 5058 3389 5117 moriturus
3405 5058 3584 5126 esset,

183 5156 627 5236 ἐϐαρυθυμησεν,
688 5156 892 5219 ἀνάξιον
975 5164 1068 5219 τῆς
1149 5156 1309 5209 αὐτοῦ
1374 5158 1614 5219 θεότητος
1667 5165 1816 5209 τοῦτο

1934 5155 2184 5231 graviter
2237 5152 2366 5210 tulit
2398 5171 2412 5222 ;
2443 5167 2582 5210 nam
2628 5150 2692 5207 id
2748 5165 2858 5207 sua
2898 5147 3199 5207 divinitate
3263 5145 3584 5236 indignum

180 5231 431 5321 νομίσας,
503 5249 599 5301 Διό
641 5250 747 5317 καὶ,
780 5248 848 5309 ὡς
900 5241 1008 5306 ἤδη
1043 5245 1338 5321 παῤῥησιαν
1389 5246 1489 5299 ἀπὸ
1519 5254 1611 5300 τοῦ
1643 5252 1817 5315 μακα-

1986 5245 2179 5303 itavit.
2239 5242 2497 5315 Ideoque
2567 5240 2747 5315 quasi
2808 5239 2939 5312 jam
2986 5236 3231 5312 sumpta
3286 5231 3636 5315 libertate,

2649 4088 2664 4113 ς

1432 5440 1653 5522 Variae
1684 5452 2013 5549 lectiones
2045 5460 2111 5519 et
2144 5460 2351 5523 notae.

245 5682 367 5800 (25)
402 5678 563 5740 Ἐτι,
597 5675 787 5732 abest.
819 5677 883 5731 A.
1997 5675 2108 5747 (27)
2133 5673 2246 5731 Sed
2285 5674 2345 5731 in
2372 5676 2533 5755 textu
2564 5674 2760 5729 servat
2784 5669 3094 5741 vulgatum
3122 5664 3393 5737 δεικνύειν,

248 5754 344 5800 (26
407 5749 634 5800 Αὐτοίς.
664 5747 854 5800 abest.
890 5751 954 5800 Α.
1929 5747 2602 5800 Οὴιννεοειοωιιςθιιᾶω
2630 5742 2828 5800 habet.
2863 5746 2902 5800 t.
2930 5741 3048 5800 νη.
3077 5756 3142 5800 ι).
3174 5740 3275 5800 549
3302 5742 3366 5800 Ε.
3387 5744 3419 5799 5
3460 5770 3466 5776 -
3564 5776 3583 5796 ο

248 5682 339 5745 (25
402 5682 563 5740 Ἔτι,
597 5682 787 5732 abest.
819 5682 883 5731 A.

248 5682 367 5825 (26)
406 5749 634 5812 Aaron,
664 5747 854 5806 abest.
890 5751 954 5805 Α.

1997 5682 2108 5747 (27)
2133 5682 2246 5731 Sed
2285 5682 2345 5731 in
2372 5682 2533 5730 textu
2564 5682 2760 5729 servat
2784 5682 3094 5741 vulgatum
3122 5682 3393 5737 δεικνύειν,
3468 5685 3502 5724 u

1932 5747 2403 5821 Chrysostomus
2421 5745 2602 5804 etiam
2630 5742 2828 5813 habet,
2863 5746 2902 5802 t.
2930 5741 3048 5813 νη,
3077 5756 3142 5816 p.
3174 5740 3275 5802 549
3302 5742 3366 5814 E,
