4178 6410
494 350 603 409 4⁸11

1824 342 2172 402 EUTHYMII
2194 339 2545 402 'ZIGABENI

3781 337 3888 396 472

496 492 576 539 eo
604 475 766 550 quod
788 473 1162 531 heatiﬁcatus
1184 476 1341 531 esset
1370 470 1619 530 seorsim
1650 471 1976 545 increpavit
2000 470 2167 528 illum

2282 469 2529 547 ρισθῆναί
2595 468 2961 542 κτησάμενος,
3020 462 3264 521 κατιδίαν
3321 464 3633 540 ίπετίμησεν
3722 463 3882 536 αὐτῷ,

498 567 628 625 sive
659 563 1053 638 reprehendit.

506 688 529 711 μ
574 655 731 713 Scire
760 658 991 728 oportet
1025 653 1194 727 quod
1233 653 1349 711 hoc
1378 651 1634 709 verbum
1692 650 1975 725 ἐπετίμησε
2032 650 2167 724 (pro

501 762 627 820 quo
639 750 703 802 ut
724 744 1049 817 plurimum
1074 744 1355 799 vertimus
1379 762 1391 801 :
1418 742 1757 811 Increpavit
1784 746 1884 798 aut
1906 742 2170 798 Intermi-

500 843 673 894 natus
698 834 805 908 est)
835 834 1003 906 apud
1047 834 1445 903 evangelistas
1474 832 1778 888 interdum
1806 831 2054 904 quidem
2099 831 2171 887 si-

504 925 747 998 gniﬁcat
796 923 1097 979 silentium
1128 923 1441 995 imponere
1488 922 1612 977 sive
1652 938 1721 977 os
1746 922 2076 985 obstruere,
2105 924 2170 977 ut

502 1016 578 1073 de
607 1015 885 1072 daamone
907 1014 1013 1087 qui
1031 1012 1268 1070 dicebat
1306 1029 1368 1069 se
1408 1027 1583 1068 nosse
1631 1012 1948 1079 Christum,
2003 1011 2169 1083 quod

501 1113 742 1170 sanctus
788 1103 885 1160 ille
938 1104 1041 1159 Dei
1079 1106 1251 1159 esset.
1300 1103 1394 1160 Ait
1439 1102 1597 1159 enim
1619 1100 1900 1175 ἐπετίμησε
1953 1102 2022 1166 ⁸ο,
2053 1101 2169 1158 hoc

503 1204 589 1254 est
614 1195 930 1266 increpavit
948 1193 1140 1258 illum,
1170 1193 1296 1249 sive
1323 1192 1612 1248 silentium
1634 1192 1945 1265 imposuit.
1987 1192 2168 1248 Inter-

502 1286 652 1342 dum
690 1288 892 1341 autem
977 1282 1279 1351 signiﬁcat
1335 1281 1680 1351 Refrenavit
1736 1281 1858 1337 sive
1909 1281 2171 1350 Impera-

501 1375 587 1434 vit
620 1377 726 1445 ;ut
785 1376 874 1430 est
923 1372 1072 1429 illud
1128 1371 1404 1445 ἕπετίμησε
1462 1373 1530 1437 οο,
1576 1370 1637 1426 id
1692 1374 1800 1441 est,
1854 1370 2170 1442 Imperavit

502 1463 689 1524 ventis
718 1468 771 1521 et
823 1461 999 1529 mari,
1038 1461 1163 1517 sive
1207 1462 1571 1531 Refrenavit.
1606 1459 1981 1533 Quandoque
2028 1474 2170 1517 vero

503 1553 764 1620 denotat,
837 1551 1246 1621 Conﬁrmavz't,
1297 1554 1363 1607 ut
1420 1566 1557 1606 cum
1623 1550 1840 1607 dicitur
1888 1548 2171 1622 ἐπετίμησε

2278 564 2467 633 ε’ίτουν,
2501 560 2792 635 ἐμέμψατο.

2348 655 2465 727 Χρὴ
2532 653 2635 724 γὰρ
2679 654 2979 722 γινώσκειν,
3024 649 3107 702 ὅτι
3147 651 3207 701 τό
3262 646 3545 722 ίπετίμησε
3591 646 3741 721 παρὰ
3776 651 3888 706 τοῖς

2279 740 2676 814 εὐαγγελισταίς
2750 741 2876 792 ποτε
3087 743 3332 812 σημαίνει
3398 741 3456 791 τὸ
3524 735 3884 809 ἄπεστόμισεν,

2278 833 2347 892 ὡς
2398 830 2481 884 ἐπὶ
2519 838 2612 883 τοῦ
2661 827 2928 903 δαίμονος,
2959 836 3051 882 τοῦ
3091 829 3324 891 εἰπόντος
3370 823 3566 881 εἰδέναι
3613 828 3701 879 τὸν
3760 832 3889 897 Χρε-

2281 923 2426 987 στόν,
2479 922 2562 973 ὅτι
2614 920 2752 974 ἐστὶν
2807 921 2833 972 6
2876 920 3022 991 ἅγιος
3068 926 3160 972 τοῦ
3207 924 3356 972 Θεοῦ·
3390 918 3704 989 Ἐπετίμησε
3758 916 3886 989 γὰρ,

2279 1014 2459 1083 φησιν,
2536 1010 2692 1082 αὐτῷ,
2762 1012 3048 1079 τουτέστιν,
3104 1008 3439 1082 ἐπεστόμισεν
3517 1006 3697 1059 αὐτόν·
3762 1006 3887 1058 ποτε

2279 1096 2339 1153 δὲ
2398 1096 2552 1160 δηλοί
2597 1103 2655 1154 τό
2712 1098 3050 1172 ἔχαλίνωσεν,
3080 1100 3111 1160 ἦ
3158 1098 3415 1164 ἐπέταξεν,
3449 1100 3519 1159 ὡς
3567 1100 3649 1166 τὸ,
3688 1095 3886 1150 Ἐπετί-

2279 1208 2418 1262 μησε
2472 1196 2578 1251 τοῖς
2634 1187 2840 1262 ἀνέμοις
2900 1194 2991 1242 καὶ
3054 1196 3115 1261 τῇ
3188 1187 3453 1260 θαλάσσῃ·
3500 1188 3627 1240 ποτε
3686 1181 3745 1239 δι
3802 1184 3888 1254 τὸ,

2279 1279 2757 1349 κατησφαλίσατο,
2822 1281 2891 1342 ὡς
2954 1281 3013 1332 τὸ
3048 1322 3063 1348 ,
3125 1279 3463 1351 Ἐπετίμησεν
3530 1275 3743 1345 αὐτοῖς,
3806 1274 3890 1326 ἶνα

2279 1365 2471 1440 μηδενὶ
2514 1368 2707 1441 λέγωσι
2762 1373 2880 1441 περὶ
2935 1368 3117 1421 αὐτοῦ’
3181 1371 3304 1422 ποτε
3360 1363 3419 1421 δι
3475 1368 3556 1433 τὸ,
3596 1363 3887 1437 ἕμίμψατο,

2283 1460 2350 1519 ὡς
2410 1464 2563 1511 τοῦτο
2612 1455 2699 1525 δὴ,
2760 1462 2879 1534 περὶ
2937 1455 2998 1511 όῦ
3053 1464 3141 1511 νῦν
3190 1458 3217 1511 6
3269 1457 3437 1529 λόγος·
3501 1458 3625 1510 ποτε
3679 1451 3739 1507 δε
3802 1456 3884 1521 τὸ,

2281 1544 2580 1617 ἐπέπληξεν,
2642 1547 2707 1609 ὠς
2781 1550 2862 1617 τὸ,
2931 1548 3241 1621 Ἐπετίμησε
3303 1555 3374 1619 τῷ
3448 1549 3643 1619 Πέτρῳ,
3717 1544 3887 1604 καθὼς

504 1636 589 1695 eis
611 1638 680 1703 9‘,
705 1636 817 1693 hoc
830 1638 919 1693 est
934 1635 1329 1705 Conﬁrmavit
1349 1634 1484 1692 illos
1508 1651 1580 1691 ne
1593 1634 1685 1691 cui
1704 1635 1779 1691 de
1795 1651 1859 1691 se
1885 1634 2166 1691 dicerent.

2282 1635 2400 1700 ἑξῆς
2453 1635 2841 1697 δηλωθήσεται·
2895 1640 3008 1691 ἔστι
3060 1634 3120 1691 δε
3185 1639 3267 1691 ὅτε
3321 1641 3412 1691 καὶ
3478 1639 3537 1690 τό
3610 1633 3883 1700 ἐκώλυσεν,

502 1725 875 1807 Quandoque
927 1728 1129 1783 autem
1169 1724 1577 1797 Reprehendit,
1634 1727 1700 1780 ut
1725 1729 1812 1782 est
1842 1724 1897 1780 id
1939 1724 2013 1779 de
2045 1739 2167 1796 quo

502 1820 630 1876 erat
650 1832 871 1874 sermo.
902 1812 1207 1872 Interdum
1221 1830 1465 1889 quoque
1498 1814 1841 1885 Increpavit
1868 1812 1959 1869 vel
1978 1813 2170 1870 Corri-

2281 1727 2351 1789 ὡς
2404 1728 2689 1803 εὑρήσομεν
2754 1730 2882 1800 πρὸς
2950 1736 3022 1800 τῷ
3086 1727 3218 1782 τίλει
3287 1734 3380 1781 τοῦ
3454 1727 3886 1799 τεσσαρακοστόῠ

2279 1815 2578 1887 κεφαλαίου.

503 1909 657 1978 puit,
691 1910 757 1964 ut
788 1907 875 1962 est
908 1903 1058 1962 illud
1099 1902 1378 1977 ἐπετίμησε
1418 1906 1466 1941 θ’
1498 1904 1558 1962 id
1582 1908 1674 1961 est
1722 1904 2061 1974 Increpavit
2109 1904 2380 1974 Petrum,
2415 1910 2477 1962 ut
2508 1906 2704 1964 statim
2728 1912 3162 1977 consequenter
3186 1907 3479 1963 dicemus.
3532 1908 3630 1963 Est
3680 1910 3737 1962 et
3784 1895 3891 1961 ubi

506 1995 819 2067 signiﬁcat,
852 1993 1167 2051 Prohibuit
1200 1996 1269 2065 θ’,
1298 2002 1361 2051 ut
1390 1994 1451 2051 in
1476 1994 1596 2051 ﬁne
1621 1993 2077 2067 quadragesimi
2108 1992 2319 2065 capitis
2362 1995 2755 2053 inveniemus.

576 2078 737 2143 Vers.
794 2085 885 2141 2'2.
938 2084 1154 2142 Dicens
1194 2115 1264 2127 —
1322 2084 1428 2141 hoc
1475 2086 1783 2156 Tanquam
1843 2082 2167 2140 consulens

504 2174 621 2232 hoc
646 2173 746 2244 ait,
762 2178 825 2229 ut
847 2172 1147 2244 ingenuus
1178 2172 1408 2229 amicus
1433 2173 1562 2245 (bb).
1597 2172 1769 2239 Quod
1797 2176 2001 2229 autem
2030 2171 2170 2228 dici-

508 2268 603 2322 tur
632 2261 926 2335 PrOpitz'us
959 2263 1072 2319 tibi
1096 2261 1191 2328 sit,
1226 2267 1513 2320 consueto
1555 2278 1722 2319 more
1750 2261 2008 2318 lomutus
2035 2266 2124 2318 est
2155 2276 2171 2320 :

508 2352 693 2410 moris
724 2351 886 2409 enim
912 2357 1036 2409 erat
1058 2351 1174 2409 hoc
1205 2350 1401 2408 dicere
1433 2368 1593 2420 eum,
1628 2352 1731 2424 qui
1758 2351 2173 2423 indignaretur

507 2438 840 2501 absurdum
890 2440 1204 2515 quidpiam
1254 2440 1491 2507 dicenti,
1518 2441 1951 2514 utzPropitius
1973 2440 2076 2497 tibi
2100 2440 2173 2495 sit

507 2533 664 2589 Deus
690 2531 770 2588 ob
788 2530 965 2587 talem
982 2546 1344 2587 sermonem.
1370 2530 1434 2586 Id
1467 2546 1610 2587 vero
1632 2531 1796 2604 quod
1814 2530 1978 2587 addit
2010 2530 2174 2587 :Non

507 2622 625 2705 erit
650 2621 755 2679 tibi
778 2622 906 2690 hoc,
937 2620 1313 2679 tantumdem
1339 2624 1429 2679 est
1456 2636 1525 2679 ac
1547 2621 1598 2703 si
1627 2620 1851 2678 diceret
1886 2638 1898 2678 :
1929 2623 2008 2677 Ne
2034 2634 2175 2678 con-

509 2698 698 2794 tingat
735 2708 840 2768 tibi
870 2709 982 2767 hoc
1003 2710 1170 2784 quod
1190 2709 1363 2768 dicis.
1552 2698 1557 2703 ’

585 2798 844 2857 Vers.23.
876 2800 949 2855 Αι
979 2799 1682 2860 ille—Satana.Marcus
1712 2803 1913 2857 autem
1943 2799 2171 2871 dixit",

508 2888 676 2965 quod
696 2906 1019 2948 conversus
1049 2892 1106 2948 et
1135 2889 1384 2947 intuitus
1430 2890 1754 2963 discipulos
1794 2906 1957 2955 suos,
1990 2890 2177 2948 incre-

506 2979 678 3053 pavit
716 2978 838 3036 sive
891 2979 1172 3053 corripuit
1218 2981 1471 3037 Petrum.
1520 2980 1749 3037 Etenim
1799 2980 1983 3037 voluit
2043 2980 2175 3038 illos

508 3088 753 3147 quoque
798 3071 1272 3144 increpationem
1322 3072 1529 3130 audire
1586 3088 1656 3130 ac
1718 3073 2017 3143 castigari,
2071 3072 2174 3146 qui

508 3152 671 3229 idem
709 3161 875 3237 quod
932 3161 1134 3219 Petrus
1188 3161 1587 3234 patiebantur.
1658 3162 1947 3220 Satanam
1973 3168 2174 3220 autem
2207 3158 2253 3219 C

508 3267 647 3315 eum
673 3255 867 3319 vocat,
901 3252 1077 3326 quasi
1099 3251 1159 3309 in
1184 3251 1299 3308 hoc
1326 3251 1613 3309 Satanam
1638 3252 2175 3325 imitantem,quod

509 3332 806 3425 Christum
835 3340 1027 3400 occidi
1053 3339 1319 3398 nolebat.
1354 3341 1660 3414 Siquidem
1686 3358 1882 3415 neque
1923 3344 2176 3399 Satanas

509 3430 803 3487 Christum
835 3428 1021 3487 occidi
1046 3428 1303 3495 volebat,
1335 3434 1400 3487 ut
1456 3430 1775 3487 mendaces
1830 3431 2176 3488 viderentur

506 3519 838 3594 prophetica
870 3534 1005 3592 quas
1037 3517 1113 3574 de
1145 3522 1333 3574 morte
1390 3518 1517 3590 ejus
1569 3519 1986 3592 loquebantur,
2016 3525 2071 3576 et
2100 3535 2174 3577 ne

509 3625 673 3667 mors
735 3608 932 3665 carnis
984 3606 1165 3678 hujus
1226 3606 1393 3664 ﬁeret
1442 3623 1605 3664 mors
1646 3625 1771 3665 suae
1823 3610 2171 3681 potestatis:

509 3712 854 3781 quanquam
866 3696 996 3770 ipse
1008 3695 1251 3769 propria
1262 3694 1456 3754 victus
1470 3697 1730 3755 malitiaJ
1740 3698 1938 3756 udaeos
1952 3698 2029 3757 ad
2043 3700 2091 3772 ej
2102 3716 2173 3756 us

509 3785 740 3867 caedem
769 3784 1054 3845 incitavit.

582 4052 782 4111 Potest
813 4055 1013 4111 autem
1054 4057 1111 4112 et
1147 4053 1316 4112 aliter
1358 4054 1497 4124 dici,
1536 4056 1703 4130 quod
1742 4056 1889 4131 quia
1918 4057 2174 4117 Satanas

509 4142 894 4222 adversarius
924 4142 1157 4227 dicitur,
1191 4147 1393 4203 Petrus
1424 4149 1627 4203 autem
1658 4148 1983 4219 prohibens
2012 4148 2173 4205 Chri-

510 4237 669 4291 stum
690 4233 861 4298 mori,
886 4250 1007 4291 non
1022 4233 1445 4308 sequebaturej
1459 4251 1526 4291 us
1538 4235 1907 4294 voluntatem
1936 4238 2040 4294 sed
2067 4238 2173 4295 ad-

508 4321 871 4390 versabatur,
890 4322 1041 4381 ‘aitei
1056 4304 1330 4381 Salvator
1344 4304 1490 4407 :‘A'bi
1510 4330 1635 4393 post
1654 4340 1765 4393 me,
1790 4327 2037 4399 Satana,
2053 4326 2169 4385 hoc
2202 4304 2249 4362 D

517 4416 608 4472 est
640 4435 652 4471 :
687 4406 946 4488 Sequere
973 4430 1088 4482 me,
1126 4406 1491 4472 adversarie.

586 4627 745 4685 νοτε.
777 4627 867 4684 23.
897 4626 1213 4685 Obstaculo
1238 4628 1391 4686 mihi
1428 4645 1511 4689 es.
1574 4631 2012 4705 Impedimenta
2069 4634 2177 4691 mi-

517 4716 667 4783 hics,
704 4717 1083 4776 adversarius
1100 4733 1249 4775 meae
1261 4719 1571 4778 voluntati.
1589 4722 1810 4779 Deinde
1826 4723 1969 4780 dicit
1993 4724 2175 4782 etiam

518 4822 766 4865 causam
796 4812 1035 4879 propter
1059 4824 1245 4881 quam
1292 4810 1744 4871 adversabatur.

588 4898 752 4953 Vers.
783 4897 873 4953 23.
909 4898 1060 4966 Quia
1086 4928 1151 4941 -—
1180 4898 1489 4957 hominum.
1521 4903 1658 4972 Hoc,
1689 4901 1900 4974 inquit,
1932 4903 2173 4975 pateris,

514 4987 660 5064 quia
683 4984 1020 5045 nondivin'o
1034 4987 1138 5045 sed
1160 4987 1433 5045 humano
1456 4989 1640 5046 modo
1669 4990 1852 5063 sapis.
1871 4991 2097 5046 Etenim
2125 4991 2175 5046 si

516 5077 1041 5149 diVinat-gustares,
1074 5077 1275 5151 utique
1304 5078 1555 5151 dignum
1593 5096 1689 5136 me
1740 5079 2045 5152 iudicares
2074 5081 2175 5153 qui

2351 2089 2529 2157 Λέγων
2609 2117 2680 2127 —
2756 2094 2911 2140 τοῦτο
2950 2126 2967 2145 .
3055 2085 3419 2160 Συμϐουλεύων
3500 2081 3656 2144 δῆθεν
3733 2088 3887 2137 τοῦτό

2281 2194 2433 2246 φησι,
2473 2178 2543 2238 ὡς
2593 2181 2825 2247 γνήσιος.
2876 2179 2945 2229 T6
2992 2178 3081 2248 μιν
3132 2172 3220 2228 οὖν
3266 2175 3407 2236 ἵλεώς
3458 2194 3562 2238 σοι⁹
3595 2176 3733 2228 κατὰ
3773 2193 3893 2226 συν.

2280 2265 2459 2322 ἠθειαν
2528 2268 2726 2341 εἴρηκεν
2803 2267 2913 2327 ἔθος
2992 2268 3090 2339 γὰρ
3179 2261 3280 2329 ἦν,
3346 2265 3499 2318 τοῦτό
3573 2264 3736 2336 λέγειν
3802 2265 3889 2315 τὸν

2280 2360 2600 2428 μεμφόμενον
2635 2376 2738 2409 τινι
2790 2356 2983 2410 εἰπόντι
3034 2356 3154 2427 (28)
3200 2354 3515 2433 παράλογον,
3542 2353 3671 2421 οἷον,
3723 2353 3891 2414 Ἵλεώς

2285 2462 2370 2497 σοι
2427 2448 2556 2507 Θεὸς
2610 2448 2711 2512 εἴη,
2767 2447 2927 2499 ἕνεκεν
2983 2453 3077 2499 τοῦ
3106 2448 3347 2499 τοιούτου
3390 2444 3563 2516 λόγου·
3606 2447 3664 2497 τό
3702 2440 3779 2508 δὲ,
3811 2442 3888 2496 Οὐ

2281 2538 2352 2606 μὴ
2384 2535 2661 2609 ἔσται(29)
2683 2555 2766 2588 σοι
2787 2542 2958 2603 τοῦτο,
2989 2532 3102 2588 ἀντι
3131 2542 3242 2602 τοῦ,
3266 2539 3350 2593 Μὴ
3379 2537 3577 2608 γένοιτό
3605 2553 3689 2588 σοι
3707 2540 3883 2607 τοῦτο,

2283 2624 2309 2676 6
2334 2622 2518 2696 λέγεις.

2353 2928 2411 2983 Ὀ
2467 2927 2526 2985 δέ
2573 2961 2643 2975 -—
2695 2936 2915 2987 Σατανᾶ.
2984 2934 3199 3008 Μάρκος
3265 2928 3325 2985 δέ
3382 2951 3561 3006 φησιν,
3618 2934 3718 3001 ὅτι,
3782 2932 3891 2987 ἐπι·

2286 3025 2553 3096 στραφεὶς,
2600 3026 2690 3075 καὶ
2740 3018 2866 3074 ἰδὼν
2909 3025 3028 3083 τσὺς
3069 3024 3312 3095 μαθητὰς
3369 3022 3549 3090 αὐτοῦ,
3609 3022 3893 3097 ἐπετίμησε

2284 3118 2356 3181 τῷ
2416 3114 2613 3186 Πέτρῳ,
2666 3112 2848 3183 ἤγουν,
2881 3110 3153 3174 ἐπέπληξε.
3212 3115 3312 3165 Καὶ
3362 3115 3461 3187 γὰρ
3512 3112 3733 3172 ἠθέλησε
3784 3112 3888 3166 κά-

2284 3203 2485 3261 κείνους
2529 3198 2753 3253 ἀκοῦσαι
2798 3208 2896 3261 τῆς
2961 3200 3300 3270 ἐπιπλήξεως,
3354 3207 3444 3255 καὶ
3523 3205 3891 3278 σωφρονισθῆ-

2283 3308 2399 3359 ναι,
2454 3292 2759 3362 παθόντας,
2812 3291 2934 3363 ὅπερ
2981 3291 3007 3343 ό
3066 3294 3276 3363 Πέτρος,
3333 3297 3562 3345 Σατανᾶν
3618 3289 3678 3345 δε
3734 3292 3892 3345 αὐτόν

2284 3379 2570 3451 ὠνόμασεν,
2628 3383 2697 3443 ὡς
2752 3382 3065 3453 μιμούμενον
3130 3385 3219 3433 τόν
3283 3388 3540 3451 Σατανᾶν,
3592 3381 3642 3435 ἐν
3698 3390 3769 3454 τῷ
3819 3402 3890 3455 μη

2287 3468 2445 3522 θέλειν
2498 3468 2834 3546 ἀναιρεθῆναι
2885 3473 2972 3523 τόν
3045 3475 3301 3546 Χριστόν.
3373 3476 3473 3525 Καὶ
3530 3474 3631 3547 ’γὰρ
3684 3468 3799 3525 οὐδ’
3867 3474 3892 3525 ὀ

2285 3564 2513 3623 Σατανᾶς
2557 3559 2730 3619 ἤθελεν
2779 3560 3115 3634 ἀναιρεθῆναι
3166 3560 3339 3631 αὐτόν,
3376 3561 3458 3612 ἵνα
3516 3570 3717 3633 φανῶσι
3768 3560 3895 3633 ψευ-

2286 3644 2394 3710 δεῖς
2450 3647 2504 3701 αί
2561 3654 2680 3724 περὶ
2724 3656 2818 3701 τοῦ
2868 3650 3090 3703 θανάτου
3120 3649 3279 3703 αὐτοῦ
3326 3657 3657 3723 προφητεῖαι,
3688 3656 3779 3703 καὶ
3811 3654 3895 3705 ἶνα

2282 3741 2353 3810 μὴ
2384 3738 2408 3790 6
2443 3738 2661 3800 θάνατος
2681 3746 2775 3802 τῆς
2819 3740 3003 3792 τούτου
3038 3742 3230 3811 σαρκός
3275 3740 3492 3801 θάνατος
3529 3742 3743 3811 γένηται
3795 3749 3893 3804 τῆς

2283 3824 2444 3879 αὐτοῦ
2486 3823 2771 3900 δυνάμεως,
2811 3827 2855 3880 εἰ
2883 3833 2975 3882 καὶ
3022 3828 3178 3890 αὐτὸς
3214 3831 3332 3890 τοὺς
3370 3825 3665 3893 Ἰουδαίους
3704 3830 3776 3893 εἰς
3803 3834 3890 3885 τὸν

2282 3919 2417 3970 κατὰ
2457 3923 2549 3970 τοῦ
2602 3924 2838 3993 Σωτῆρος
2887 3922 3035 3990 φόνον
3084 3919 3397 3993 παρέθηγεν,
3432 3920 3533 3972 ὑπὸ
3579 3926 3673 3983 τῆς
3705 3922 3891 3974 ἔαυτοῡ

2280 4009 2469 4069 κακίας
2490 4010 2787 4080 νικώμενος.

2352 4095 2504 4150 Ἐστι
2565 4093 2623 4149 δε
2669 4102 2760 4149 καί
2798 4095 2981 4171 ἑτέρως
3039 4096 3217 4165 εἰπεῖν,
3259 4098 3336 4151 ὅτι
3376 4096 3483 4153 imi.
3527 4104 3752 4163 Σατανᾶς
3799 4102 3889 4173 μὲν

2284 4186 2309 4238 ό
2362 4184 2711 4259 ἀντικείμενος
2772 4186 3126 4260 ἑρμηνεύεται,
3168 4191 3362 4263 Πέτρος
3410 4184 3487 4254 δε,
3538 4188 3746 4241 κωλύων
3804 4193 3890 4242 τὸν

2282 4279 2515 4349 Χριστόν
2588 4274 2882 4343 ἀποθανεῖν,
2945 4276 3039 4329 οὐκ
3113 4277 3417 4336 ὴκουλούθει
3489 4284 3561 4329 τῶ
3640 4277 3888 4349 θελήματι

2284 4365 2467 4434 αὐτοῦ,
2525 4364 2635 4417 ἀλλ’
2699 4364 2976 4435 ἀντέκειτο,
3028 4370 3158 4439 φησὶ
3210 4369 3338 4443 πρός
3398 4364 3552 4418 αὐτόν
3606 4368 3630 4418 ό
3686 4371 3883 4440 Σωτήρ·

2281 4454 2479 4527 Ὕπαγε
2531 4453 2699 4508 ὀπίσω
2762 4475 2881 4528 μου,
2936 4463 3152 4524 Σατανᾶ,
3215 4459 3502 4527 τουτέστιν,
3556 4454 3892 4512 Ἀκουλούθει

2283 4564 2394 4619 μοι,
2428 4542 2759 4618 ἀντικείμενε.

2357 4631 2651 4688 Σκάνδαλόν
2700 4654 2801 4708 μου
2860 4634 2921 4688 εἶ.
2984 4632 3269 4709 Ἐμπόδιόν
3312 4656 3414 4709 μου
3458 4644 3547 4688 νῦν
3613 4637 3887 4711 ὑπάρχεις,

2286 4724 2627 4798 ἀντικείμενος
2654 4734 2725 4796 τῷ
2748 4724 2854 4798 ἐμῷ
2881 4724 3149 4799 θελήματι.
3175 4722 3303 4779 Εἶτα
3319 4726 3452 4799 λέγει
3474 4730 3563 4779 καὶ
3582 4730 3674 4785 τὴν
3696 4726 3887 4792 αἰτίαν,

2287 4812 2359 4868 δι’
2383 4818 2443 4874 ἣν
2471 4815 2751 4871 ἀντέκειτο.

2355 4902 2472 4955 Ὀτι
2530 4934 2593 4944 --
2655 4902 2955 4977 ἀνθρώπων.
3016 4912 3199 4969 Τοῦτο,
3252 4910 3401 4977 φησὶ,
3454 4907 3705 4976 πάσχεις,
3750 4901 3892 4957 διότι

2285 4992 2344 5044 οὐ
2402 4998 2597 5065 φρονεῖς
2670 4995 2867 5059 θεῐκῶς,
2929 4992 3036 5045 ἀλλ’
3109 4993 3456 5067 ἀνθρωπίνως.
3515 4993 3575 5046 Εἰ
3638 4996 3727 5067 μὲν
3791 4996 3891 5068 γὰρ

2286 5081 2509 5155 ἐφρόνεις
2563 5078 2691 5150 θεῖα,
2763 5080 2969 5146 ἀνάξιόν
3025 5103 3127 5157 μου
3182 5085 3425 5157 ἐνόμισας
3466 5082 3526 5137 ἄν
3571 5086 3630 5137 τό
3659 5087 3728 5158 μὴ
3760 5083 3893 5137 ἀπο-

590 5184 925 5279 εδιΜὰτεςίι,
969 5170 1056 5262 23.
1138 5203 1187 5241 ⁹⁰
1227 5202 1425 5277 Matth,
1484 5202 1609 5271 vin,
1658 5204 1748 5261 26.
1828 5206 1872 5243 ⁹¹
1930 5207 2105 5263 Marc.
2165 5224 2172 5236 τ

2329 5205 2417 5264 30.
2497 5210 2545 5244 ⁰²
2593 5206 2741 5265 ibid.
2807 5212 2895 5269 33.
2975 5211 3021 5246 θ’
3062 5209 3271 5269 Matth.
3314 5210 3564 5277 x1x,13.
3642 5211 3691 5247 ἰ
3717 5210 3893 5268 Marc.

515 5278 636 5346 mi,
664 5274 754 5335 '38.
812 5276 815 5289 '
852 5276 863 5307 Α

1775 5375 1996 5446 Variae
2041 5376 2368 5473 lectiones
2419 5387 2484 5447 et
2524 5390 2727 5448 notae.

593 5516 709 5596 (28)
754 5516 922 5596 Forte
972 5517 1068 5577 hic
1125 5517 1357 5593 excidit,
1387 5538 1462 5579 τι.
1508 5517 1745 5578 Videtur
1796 5507 1860 5578 id
1891 5522 2179 5596 reperisse

517 5588 866 5649 Hentenius.

579 5704 723 5807 ζωῷ,
745 5706 988 5808 Videtur
1022 5717 1353 5808 legisse,_;1:;
1379 5724 1593 5797 γνήσιος
1624 5719 1787 5798 φίλος.

2252 5480 2307 5524 ί⁰
2360 5525 2474 5599 (29)
2506 5529 2613 5600 Σὸι,
2646 5524 2877 5585 omittit.
2904 5526 2967 5586 Β.
