4178 6378
280 360 387 421 4Ἱ3

283 491 453 543 θανεῖν
505 504 570 560 με
653 484 783 558 ὕπερ
865 489 958 537 τοῦ
1030 485 1232 557 κόσμον

282 577 602 653 ἀνθρώπινα,
676 572 882 639 ἀνάξιόν
939 592 1039 647 μου
1117 577 1303 649 κρίνεις
1358 572 1548 646 μᾶλλον
1594 574 1654 625 τὸ
1694 570 1886 624 ἀποθα-

281 675 383 723 νεῖν
412 686 494 741 με.

357 761 424 811 Σὺ
454 752 516 810 δέ
560 773 652 829 μοι
700 752 858 829 βλέπε
903 755 991 807 τὸν
1038 756 1139 828 πρὸ
1192 760 1384 829 μικροῦ
1433 752 1634 827 μεγάλα
1669 770 1889 827 μακαρι-

291 848 526 921 ζόμενον,
593 852 681 898 νῦν
747 843 949 918 μεγάλα
1001 843 1456 917 ἔπιπληττόμενον,
1519 843 1591 906 εἰς
1636 861 1893 895 καταστο-

283 937 379 996 λήν
428 956 484 990 τε
543 944 641 997 τῆς
719 933 1023 1011 παρρησίας
1098 934 1279 1001 αὐτοῦ,
1332 938 1422 986 καὶ
1484 934 1566 986 ἶνα
1618 935 1788 1006 μάθῃς
1831 934 1891 983 τὸ

288 1025 768 1099 ἀπροσωποληπτον
816 1031 907 1077 τοῦ
962 1031 1213 1100 Σωτῆρος.
1264 1022 1388 1077 Ὀτε
1430 1026 1521 1097 μὲν
1570 1026 1672 1096 γὰρ
1731 1022 1893 1097 ὀρθῶς

286 1120 509 1190 εἴρηκεν,
555 1114 894 1191 ἑμακάρεισεν
933 1112 1089 1166 αὐτόν
1136 1130 1149 1144 ·
1184 1116 1266 1167 ὅτε
1310 1108 1369 1167 δὲ
1400 1113 1495 1166 οὐκ
1538 1113 1704 1189 ὀρθῶς
1734 1110 1889 1179 εἶπεν,

287 1204 557 1269 ἐπέπληξε.
619 1209 720 1259 Καὶ
783 1204 950 1280 ὀρθῶς
995 1205 1086 1277 μὶν
1162 1208 1386 1280 εἴρηκεν,
1442 1206 1491 1257 ἓν
1558 1205 1630 1264 οἷς
1688 1201 1892 1256 ἀποκά-

286 1294 446 1366 λυψιν
490 1297 660 1352 θεόθεν
716 1290 932 1359 ἐδέξατο
966 1313 979 1329 ·
1040 1294 1133 1348 οὐκ
1185 1294 1351 1371 ὀρθῶς
1404 1290 1463 1349 δὲ
1518 1290 1672 1361 εἶπεν,
1729 1292 1777 1345 ὢν
1821 1291 1894 1354 οἷς

291 1388 489 1440 οἴκοθεν
516 1383 817 1460 ἐφθέγξατο.

361 1586 491 1637 Τότε
550 1612 621 1623 --
679 1600 789 1654 μοι.
845 1583 1055 1659 Μάρκος
1109 1577 1169 1636 δὲ
1214 1585 1305 1635 καὶ
1365 1587 1567 1643 Λουκᾶς
1621 1602 1750 1656 φασι
1805 1585 1895 1634 καὶ

295 1676 423 1747 πρὸς
473 1674 563 1724 τὸν
639 1672 815 1744 ὄχλον,
887 1676 978 1725 καὶ
1032 1668 1205 1734 ἁπλῶς
1281 1675 1408 1747 πρὸς
1474 1674 1674 1735 πάντας
1730 1679 1898 1724 ταῦτα

297 1761 452 1815 εἰπεῖν
502 1760 677 1817 αὐτὸν.
724 1758 849 1815 Eine
900 1758 961 1815 δε
1006 1768 1175 1815 ταῦτα
1227 1760 1471 1836 βεϐαιῶν,
1522 1763 1602 1815 ὅτι
1655 1762 1712 1815 οὐ
1744 1766 1896 1836 μόνον

294 1849 383 1903 οὐκ
426 1852 566 1903 ἔστιν
616 1849 842 1924 ἀπρεπὲς
920 1854 977 1904 τὸ
1036 1850 1307 1905 ἀποθανεῖν
1373 1852 1549 1920 αὐτὸν,
1616 1851 1723 1904 ἀλλ’
1774 1848 1898 1905 οὐδὲ

299 1935 515 1993 δύναταί
544 1960 622 2001 τις
654 1938 784 1993 εἶναι
840 1940 1000 1994 αὐτοῦ
1050 1944 1312 2015 μαθηηὴς,
1370 1941 1453 1995 ἐὰν
1505 1946 1577 2015 μὴ
1626 1946 1714 1995 καὶ
1745 1942 1900 2004 αὐτὸς

298 2025 525 2104 ἀποθάνῃ
586 2032 713 2106 ὑπὲρ
752 2038 845 2083 τοῦ
900 2030 1080 2086 καλοῦ.
1143 2034 1202 2085 Εἴ
1254 2052 1328 2093 νις
1379 2034 1501 2106 γὰρ,
1564 2036 1718 2103 φησὶ,
1769 2031 1899 2085 θέλει

298 2117 464 2172 ὀπίσω
534 2138 633 2192 μου
714 2119 892 2190 ἐλθεῖν,
970 2124 1152 2193 ἤγουν,
1237 2119 1594 2181 ἀκολουθῆσαί
1647 2141 1755 2194 μοι,
1835 2122 1900 2182 ὡς

298 2210 538 2278 μαθητὴς
598 2214 688 2261 καὶ
764 2215 1021 2283 μιμητὴς,
1078 2209 1475 2285 ἀπαρνησάσθω
1529 2212 1707 2264 ἑαυτὸν
1763 2211 1897 2283 (30),

300 2295 430 2368 λέγω
457 2293 549 2364 δὴ,
602 2301 660 2350 τὸ
702 2297 888 2352 ἑαυτοῦ
944 2298 1158 2372 θέλημα,
1215 2304 1274 2353 τὸ
1324 2298 1619 2374 φιλήδονον,
1670 2304 1727 2353 τὸ
1760 2298 1899 2374 φιλό-

298 2386 447 2458 ζωον,
483 2390 513 2447 ἦ
545 2390 604 2439 τὸ
649 2386 833 2440 ἑαυτοῦ
892 2397 1064 2462 σῶμα,
1113 2394 1185 2463 μὴ
1239 2388 1540 2463 φειδόμενος
1591 2390 1748 2444 αὐτοῦ
1797 2410 1896 2443 κα-

293 2480 653 2549 κουχουμένου
694 2482 785 2531 καὶ
830 2476 1269 2552 βασανιζομένου,
1317 2480 1425 2533 ἀλλ’
1475 2478 1723 2544 ἐκδιδοὺς
1770 2480 1896 2534 αὐτὸ

291 2563 550 2628 κινδύνοις
609 2584 623 2598 ·
684 2572 775 2621 καὶ
825 2566 1001 2643 ἀράτω
1069 2572 1155 2622 τὸν
1207 2575 1431 2644 σταυρὸν
1500 2570 1680 2639 αὐτοῦ,
1736 2575 1895 2643 ἤγουν

295 2654 610 2730 βασταζέτω
670 2654 754 2709 in}.
803 2663 1013 2731 μνήμης
1078 2663 1174 2719 τὴν
1229 2658 1492 2735 ἀναίρεσιν
1545 2661 1750 2715 ἑαυτοῦ.
1803 2664 1898 2714 Διὰ

292 2753 384 2799 τοῦ
415 2752 647 2821 σταυροῦ
692 2749 796 2822 γὰρ
852 2751 946 2808 τὴν
1001 2748 1262 2825 ἀναίρεσιν
1317 2746 1568 2817 ἐδήλωσε,
1607 2748 1747 2804 διότι
1782 2756 1897 2805 τότε

293 2834 605 2911 ἀναιρέσεως
651 2832 713 2895 ἧν
761 2840 976 2912 ὄργανον
1015 2839 1041 2891 ὀ
1090 2844 1315 2915 σταυρὸς
1373 2858 1385 2871 ·
1421 2839 1499 2893 ἀεὶ
1544 2839 1896 2915 προσδοκάτω

291 2929 390 2984 τὴν
447 2929 643 2998 σφαγὴν
725 2925 929 2993 ἑαυτοῦ,
995 2929 1215 2982 πάντοτε
1275 2929 1478 3004 ἕτοιμος
1558 2934 1692 2985 ἔστω
1769 2934 1896 3007 πρὸς

295 3016 533 3082 θάνατον,
614 3020 704 3069 καὶ
760 3018 1089 3078 καθεκάστην
1150 3017 1523 3079 ἀποθνησκέτω
1575 3030 1637 3096 τῇ
1703 3041 1895 3098 προαι-

285 3122 455 3181 ρεσεε.

1215 354 1591 414 COMMENT.
1639 351 1711 409 IN
1752 338 2208 408 MATTHAEUM.
2250 381 2321 393 -—
2356 350 2517 410 CAP.
2564 350 2716 408 XVI.

1309 499 1322 513 '
1384 481 1491 536 ἔπεὶ
1573 478 1634 535 6“:
1687 485 1888 554 φρονεῖς

2014 480 2220 536 noriar
2238 494 2348 553 pro
2364 478 2586 536 mundo
2608 477 2780 551 :quia
2793 488 2936 533 vero
2957 474 3228 530 humana
3246 465 3441 542 sapis,
3456 463 3656 539 potius

1995 570 2315 642 indignum
2346 585 2444 627 me
2463 567 2705 641 judicas
2735 567 2840 641 qui
2868 564 3109 621 moriar.

3548 336 3656 393 474

2069 772 2151 826 Tu
2170 785 2311 826 vero
2343 766 2490 825 mibi
2512 765 2823 825 considera
2854 778 2991 819 eum
3018 759 3122 833 qui
3147 756 3331 830 paulo
3361 759 3499 811 ante
3530 768 3655 810 ma-

1999 860 2159 916 xime
2190 859 2400 915 beatus
2428 858 2784 930 praedicatus
2803 858 2906 920 est,
2940 867 3095 907 nunc
3113 847 3373 904 maxime
3392 846 3659 915 increpa-

2002 954 2148 1013 tum,
2176 954 2232 1005 et
2259 948 2334 1005 ad
2356 947 2791 1019 correptionem
2815 959 2933 998 suae
2956 940 3247 1003 audaciae,
3275 940 3335 993 et
3361 940 3424 991 ut
3448 932 3659 990 intelli-

2002 1054 2110 1111 gas
2124 1038 2286 1113 quod
2301 1039 2569 1095 Salvator
2582 1052 2700 1091 non
2716 1034 2789 1090 sit
2802 1046 3194 1106 personarum
3210 1030 3485 1099 acceptor
3501 1041 3515 1090 ;
3531 1039 3661 1079 cum

2003 1128 2163 1185 enim
2190 1132 2345 1185 recte
2375 1126 2608 1183 locutus
2645 1128 2756 1191 est,
2790 1125 3028 1179 beatum
3066 1117 3411 1193 praedicavit
3442 1114 3610 1170 illum
3643 1131 3658 1178 ;

2004 1217 2245 1291 quando
2272 1222 2466 1274 autem
2496 1232 2614 1271 non
2637 1218 2813 1278 recte,
2836 1211 3189 1284 increpavit.
3218 1212 3388 1264 Recte
3414 1203 3661 1278 quidem

2004 1308 2238 1365 locutus
2256 1307 2413 1363 estin
2432 1305 2522 1361 his
2539 1321 2675 1378 quae
2693 1318 2798 1377 per
2815 1300 3234 1358 revelationem
3259 1295 3543 1353 divinitus
3565 1308 3660 1350 ac-

2005 1399 2160 1472 cepit
2192 1414 2206 1467 ;
2243 1413 2367 1454 non
2415 1402 2572 1453 recte
2606 1410 2745 1451 vero
2777 1393 3013 1450 locutus
3044 1394 3153 1457 est,
3200 1389 3261 1445 in
3288 1378 3398 1443 his
3450 1400 3582 1457 quae
3626 1397 3665 1439 a

2004 1490 2199 1563 seipso
2230 1488 2394 1545 dixit.

2076 1580 2241 1636 Vers.
2264 1582 2352 1634 24.
2382 1578 2546 1633 Tunc
2561 1606 2630 1617 --
2646 1590 2754 1631 me.
2775 1574 3003 1629 Marcus
3021 1572 3078 1626 et
3100 1572 3286 1625 Lucas
3299 1565 3465 1623 aiunt
3484 1563 3664 1620 etiam

2007 1668 2086 1728 ad
2126 1669 2332 1725 turbas
2362 1674 2419 1723 et
2458 1664 2803 1738 simpliciter
2836 1662 2915 1719 ad
2958 1675 3169 1716 omnes
3204 1659 3331 1713 haec
3373 1654 3543 1711 illum
3582 1651 3667 1708 di-

2006 1761 2166 1816 xisse
2196 1760 2265 1813 9'.
2311 1756 2461 1814 Dixit
2492 1760 2691 1811 autem
2721 1753 2870 1816 haec,
2916 1749 3279 1807 conﬁrmans
3308 1760 3429 1802 non
3470 1743 3667 1799 solum

2009 1866 2131 1907 non
2174 1864 2307 1905 esse
2365 1846 2652 1902 indecens
2697 1848 2761 1900 ut
2802 1843 2930 1915 ipse
2974 1839 3281 1905 moriatur,
3327 1834 3433 1891 sed
3470 1848 3668 1907 neque

2010 1956 2187 2014 posse
2213 1939 2562 2012 quempiam
2587 1951 2765 1991 suum
2791 1949 2923 1989 esse
2952 1928 3332 2002 discipulum,
3356 1925 3469 1981 nisi
3495 1930 3551 1981 et
3570 1922 3667 1980 ille

2011 2032 2301 2088 moriatur
2328 2044 2436 2101 pro
2458 2028 2713 2083 honesto
2743 2042 2756 2080 :
2782 2025 2849 2081 Si
2869 2023 3018 2095 quis,
3044 2020 3258 2091 inquit,
3283 2018 3410 2074 vult
3436 2020 3670 2085 postme

2010 2120 2361 2188 venire,sive
2375 2117 2542 2190 sequi
2557 2131 2650 2171 me
2664 2119 2956 2185 tanquam
2972 2108 3298 2180 discipulus
3312 2106 3661 2169 etimitator,

2010 2212 2252 2281 abneget
2269 2204 2787 2279 semetipsum,dico
2803 2218 2947 2259 sane
2961 2199 3052 2256 sui
3066 2198 3258 2271 ipsius
3273 2196 3662 2259 voluntatem;

2007 2301 2454 2373 volumptatum
2477 2314 2543 2352 ac
2563 2296 2698 2351 vitae
2717 2307 3007 2356 amorem,
3029 2293 3130 2346 aut
3156 2302 3329 2342 suum
3353 2284 3665 2357 proprium

2006 2407 2245 2464 corpus,
2266 2404 2387 2445 non
2404 2402 2653 2461 parcens
2666 2384 2745 2440 illi
2759 2378 3055 2439 laboranti
3067 2382 3122 2434 et
3134 2377 3353 2439 afﬁcto,
3370 2375 3508 2430 sede
3521 2388 3668 2445 xpo-

2006 2462 2128 2539 nat
2147 2480 2292 2536 illud
2320 2476 2598 2551 periculis
2631 2493 2645 2543 ;
2679 2481 2734 2530 et
2765 2473 2934 2530 tollat
2961 2484 3191 2525 crucem
3219 2482 3407 2531 suam,
3442 2465 3565 2519 sive
3586 2462 3667 2519 fe-

2004 2572 2170 2629 ratin
2184 2568 2477 2627 memoria
2487 2581 2661 2622 suam
2676 2567 2950 2620 mortem.
2965 2561 3074 2616 Per
3086 2572 3324 2615 crucem
3339 2555 3497 2611 enim
3516 2568 3666 2609 mor-

2007 2666 2126 2719 tem
2139 2658 2512 2732 signiﬁcavit,
2528 2656 2672 2730 quia
2683 2658 2824 2711 tunc
2839 2651 3048 2709 mortis
3065 2648 3526 2706 instrumentum
3541 2646 3666 2700 erat

2008 2767 2155 2809 crux
2186 2767 2203 2818 ;
2234 2762 2471 2822 semper
2500 2746 2594 2802 sui
2621 2745 2811 2818 ipsius
2838 2742 3059 2799 caedem
3106 2741 3389 2812 expectet,
3426 2749 3669 2807 semper

2007 2840 2086 2899 ad
2126 2844 2381 2897 mortem
2409 2840 2657 2912 paratus
2692 2835 2763 2892 sit
2811 2838 2870 2890 et
2901 2830 3171 2905 quotidie
3198 2828 3503 2885 voluntate
3535 2840 3669 2881 mo-

2001 2930 2206 2988 riatur.

2077 3108 2204 3165 Alio
2229 3107 2407 3164 etiam
2440 3103 2623 3161 modo
2649 3116 2908 3177 praesens
2926 3100 3152 3156 dictum
3183 3096 3552 3169 interpretati
3574 3111 3670 3152 su-

364 3200 467 3249 Καὶ
526 3194 706 3271 ἰτὲρως
761 3192 821 3250 δε
876 3200 935 3249 τὸ
990 3201 1153 3273 παρὸν
1206 3204 1606 3275 ηρμηνεύσαμεν
1649 3204 1807 3279 ῥητὸν
1849 3202 1895 3255 ἐν

2014 3216 2147 3256 mus
2173 3198 2407 3254 decimo
2428 3210 2590 3251 nono
2616 3194 2828 3266 capite.
2854 3190 2999 3248 Vide
3017 3195 3220 3247 autem
3236 3185 3547 3260 quomodo
3578 3184 3671 3241 di-

281 3292 361 3356 τῷ
422 3282 861 3359 ἄννεακαιδεκάτῳ
934 3288 1217 3362 κεφαλαίῳ.
1283 3295 1465 3344 Σκόπει
1526 3289 1605 3359 δὲ,
1660 3302 1771 3357 πῶς
1832 3292 1899 3347 εἶ-

279 3393 400 3429 πεν.
439 3373 499 3427 Εἰ
540 3393 615 3435 τις
665 3374 812 3446 θέλει,
876 3377 972 3429 κάν
1026 3377 1175 3453 ἀνὴρ,
1233 3382 1328 3434 κοῖν
1374 3385 1529 3453 γυνὴ,
1566 3383 1662 3435 κᾶν
1692 3384 1896 3459 ἄρχων,

278 3464 384 3515 κᾶν
418 3463 712 3538 ἀρχόμενος
745 3484 757 3497 ·
809 3470 915 3531 καὶ,
975 3465 1058 3519 ἐὰν
1093 3468 1208 3542 θέλῃ

275 3554 678 3626 καταναγκάζει
737 3570 750 3583 ⁸

1273 3488 1285 3499 ·
1338 3467 1525 3524 οὐδένα
1553 3475 1654 3547 γὰρ
1708 3472 1900 3527 ἆκοντα

810 3556 893 3607 ἵνα
937 3553 996 3609 δὲ
1048 3563 1121 3630 μὴ
1176 3564 1420 3634 νομίσῃς,
1482 3563 1559 3614 ὅτι
1616 3565 1673 3614 τὸ
1727 3570 1900 3625 κακῶς

275 3644 527 3717 πάσχειν
567 3648 719 3716 μόνον
768 3642 933 3720 ἀρκεῖ·
986 3652 1074 3702 καὶ
1125 3650 1224 3722 γὰρ
1277 3655 1367 3703 καὶ
1416 3650 1610 3725 λῃσταὶ
1657 3657 1746 3705 καὶ
1774 3672 1900 3726 τυμ-

276 3733 535 3810 ϐωρύχοι
590 3738 680 3786 καὶ
734 3738 917 3805 γόητες
972 3741 1063 3790 καὶ
1120 3737 1266 3792 ἄλλοι
1318 3746 1537 3815 πονηροὶ
1591 3743 1900 3815 πάσχουσι-

274 3827 462 3897 μυρία
519 3839 531 3853 ·
573 3825 917 3899 προσέθηκεν,
981 3826 1061 3879 ὅτι
1114 3832 1215 3881 Καὶ
1280 3827 1623 3884 ἀκολουθειτω
1677 3851 1789 3904 μοι,
1820 3828 1902 3885 διο

273 3910 529 3979 δάσκων,
564 3912 645 3965 ὃτι
700 3918 811 3990 χρὴ
858 3918 929 3987 μὴ
985 3920 1139 3989 μόνον
1196 3924 1415 3973 τοιαῦτα
1465 3923 1717 3994 πάσχειν.
1776 3920 1904 3976 ἀλλὰ

267 4006 368 4056 καὶ
404 3999 710 4055 ἀκολουθεῖν
760 4001 920 4073 αὐτῷ,
972 4009 1228 4080 τουτέστι,
1258 4010 1371 4061 κατ’
1399 4012 1551 4083 ἴχνος
1581 4009 1779 4083 βαίνειν
1808 4020 1904 4076 τῆς

264 4092 557 4153 πολιτείας
586 4090 767 4151 αὐτοῦ,

345 4181 455 4243 Ὀς
496 4212 569 4221 —
623 4180 806 4240 αὐτὴν.
863 4185 1053 4258 Εἵρηκε
1109 4194 1277 4241 ταῦτα
1344 4195 1434 4243 καὶ
1491 4190 1542 4243 ἐν
1616 4200 1689 4258 τῷ
1738 4192 1898 4247 ὶννεαο

262 4266 591 4342 καιδεκάτῳ
649 4270 929 4345 κεφαλαίῳ,
1014 4278 1104 4328 καὶ
1179 4277 1410 4339 ζήτησον
1481 4279 1530 4334 ἐν
1589 4280 1761 4345 ἐκείνῳ
1808 4288 1902 4342 τὴν

260 4365 481 4416 τούτων
523 4357 797 4432 ἐξήγησιν,
832 4365 1046 4438 Μάρκος
1085 4362 1145 4419 δέ
1190 4387 1370 4440 φησιν,
1418 4367 1614 4425 Ἐνεκεν
1658 4339 1783 4446 ἐμοῦ
1811 4379 1902 4428 καὶ

258 4459 363 4506 τοῦ
400 4449 756 4522 Etim/701w,
806 4457 1067 4522 τουτέστι,
1116 4451 1189 4508 δι’
1239 4455 1325 4531 ἇμε
1363 4465 1454 4515 καὶ
1497 4457 1591 4515 διὰ
1649 4466 1743 4523 τὴν
1775 4462 1900 4523 ἐμὴν

258 4520 672 4597 διδασκαλίαν,
1055 4520 1061 4522 ﬂ
1261 4520 1271 4531 ’
1699 4520 1708 4523 ’
1797 4520 1807 4537 ⁸

334 4635 408 4690 Τί
461 4632 574 4704 γὰρ
632 4659 703 4672 -
757 4633 996 4706 ζημιωθῇ
1042 4650 1055 4701 ;
1146 4632 1427 4693 Ἀδύνατον
1500 4645 1590 4715 μὲν
1644 4644 1730 4698 ἕνα
1787 4650 1903 4702 τινὰ

252 4726 349 4777 τὸν
411 4724 631 4791 κόσμον
677 4717 790 4773 ὅλον
841 4718 1143 4797 κερδῆσαι·
1199 4726 1243 4778 εἰ
1291 4724 1351 4781 δὲ
1403 4734 1491 4783 καὶ
1549 4729 1768 4790 δυνατὸν
1816 4733 1878 4796 ἧν

255 4809 429 4867 οὐδὲν
461 4807 669 4882 ὄφελος,
714 4812 793 4862 Τὰ
847 4814 937 4883 μεν
985 4815 1088 4888 γὰρ
1145 4823 1236 4869 τοῦ
1292 4821 1493 4893 κόσμου
1538 4826 1709 4878 πάντα
1738 4783 1902 4887 em};

254 4904 428 4971 εἰσιν,
468 4900 505 4958 ἡ
572 4894 631 4951 δὲ
669 4897 824 4971 ψυχὴ
877 4900 1149 4967 ἀθάνανος.
1216 4911 1316 4959 Καὶ
1369 4912 1567 4964 τούτων
1598 4916 1687 4986 μὲν
1728 4918 1756 4975 ἡ
1792 4921 1901 4993 τέρ-

251 4994 358 5068 ψις
405 4992 749 5067 πρόσκαιρος
784 5006 796 5019 ·
831 4992 1023 5054 ταύτης
1068 4991 1127 5049 δὲ
1175 4995 1204 5054 ἠ
1244 4996 1473 5061 κόλασις.
1515 5002 1742 5068 αἰώνιος.
1776 4991 1903 5061 Εἶτα

250 5084 419 5147 αὔξει
452 5082 556 5132 τὸν
588 5076 761 5150 φόϐον.
812 5082 974 5135 Εῖωθε
1017 5085 1119 5159 γὰρ
1164 5083 1388 5142 ἐντεῦθεν
1440 5090 1631 5164 μᾶλλον
1663 5093 1900 5168 βελτιοῦν

247 5177 385 5237 τοὺς
420 5168 721 5245 ἀκροατάς,

332 5364 388 5400 9⁵
424 5359 622 5417 Marc.
654 5372 772 5423 vm,
813 5358 884 5417 31
916 5375 929 5429 ;
972 5360 1112 5434 Luc,
1142 5380 1226 5424 Ix.
1260 5371 1346 5425 23.
1426 5373 1475 5408 9°
1502 5374 1676 5431 Marc.
1702 5368 1840 5449 hvm,
1872 5384 1964 5440 35.

2007 3289 2153 3347 xerit
2176 3305 2189 3344 :
2219 3287 2434 3361 Siquis
2461 3286 2605 3351 vult,
2629 3284 2753 3339 sive
2773 3283 2883 3349 vir,
2913 3282 3036 3337 sive
3058 3278 3289 3344 mulier,
3315 3278 3437 3332 sive
3457 3275 3666 3349 praesi-

2008 3380 2177 3447 dens,
2196 3379 2315 3435 sive
2331 3377 2434 3451 qui
2460 3376 2611 3433 alius
2633 3373 2929 3447 prmsidet,
2951 3372 2999 3428 si
3020 3370 3181 3427 velit:
3198 3370 3491 3427 neminem
3507 3366 3669 3422 enim

2009 3470 2257 3526 invitum
2285 3469 2460 3539 cogit.
2494 3468 2575 3523 Ne
2606 3470 2779 3539 putes
2808 3467 3010 3521 autem
3041 3460 3208 3534 quod
3240 3458 3398 3515 mala
3426 3455 3552 3529 pati
3573 3470 3673 3513 so-

2007 3560 2135 3617 lum
2163 3558 2439 3626 sufﬁciat,
2478 3573 2622 3614 nam
2654 3562 2709 3611 et
2734 3555 2995 3611 latrones
3029 3557 3087 3608 et
3120 3549 3566 3623 deprmdatores
3598 3560 3669 3603 ac

2010 3649 2193 3722 magi,
2217 3649 2435 3722 aliique
2454 3647 2617 3720 pravi
2638 3646 2912 3702 homines
2932 3644 3251 3700 innumera
3263 3638 3425 3696 mala
3436 3637 3671 3711 patiun-

2011 3745 2124 3807 tur,
2162 3738 2400 3796 addidit
2434 3755 2447 3794 :
2478 3739 2559 3794 Et
2588 3743 2861 3809 sequatur
2900 3750 3009 3800 me,
3047 3732 3269 3789 docens
3312 3745 3431 3786 non
3472 3727 3670 3785 solum

2009 3833 2286 3903 oportere
2314 3828 2458 3886 talia
2488 3829 2628 3901 pati,
2672 3826 2778 3883 sed
2803 3825 2982 3882 etiam
3017 3839 3078 3880 ee
3104 3821 3293 3895 sequi,
3325 3821 3439 3877 hoc
3464 3823 3550 3876 est
3571 3830 3671 3889 per

2012 3920 2261 3992 vestigia
2290 3918 2761 3980 conversationis
2783 3916 2973 3990 ipsius
2992 3913 3285 3971 incedere.

2084 4107 2242 4162 Vers.
2276 4108 2366 4161 25.
2411 4099 2655 4172 Quiquis
2684 4128 2754 4139 —
2782 4112 2929 4154 eam.
2961 4092 3110 4151 Dixit
3139 4091 3321 4149 etiam
3352 4090 3478 4146 hac
3517 4087 3673 4145 deci-

2014 4213 2114 4256 mo
2143 4211 2307 4253 nono
2330 4194 2523 4267 capite
2556 4208 2568 4247 :
2598 4204 2795 4264 quaere
2815 4201 2958 4257 ergo
2978 4183 3061 4240 ibi
3081 4183 3296 4239 horum
3322 4180 3672 4251 interpreta-

2013 4288 2254 4346 tionem.
2278 4288 2504 4343 Marcus
2521 4286 2716 4339 autem
2738 4277 2883 4335 dixit
2903 4293 2916 4333 :
2950 4278 3200 4346 Propter
3217 4288 3298 4327 me
3317 4276 3371 4326 et
3392 4270 3673 4339 Evange-

2012 4380 2153 4435 lium
2211 4378 2281 4445 “,
2342 4375 2456 4431 hoc
2508 4376 2598 4429 est
2651 4372 2895 4443 propter
2942 4381 3039 4423 me
3091 4368 3150 4421 et
3201 4377 3399 4419 meam
3456 4357 3670 4415 doctri-

2012 4484 2177 4526 nam.

1930 4567 1975 4625 D
2082 4559 2246 4615 Vers.
2295 4555 2381 4612 26.
2428 4552 2584 4623 Quid
2621 4551 2777 4610 enim
2809 4581 2875 4592 —
2907 4549 3198 4622 iacturam
3239 4543 3451 4616 fecerit
3489 4543 3519 4600 ?
3559 4547 3675 4597 Im-

2011 4648 2294 4725 possibile
2324 4645 2571 4719 quidem
2619 4645 2711 4700 est
2755 4639 3108 4714 quempiam
3146 4641 3339 4694 totum
3376 4632 3673 4690 mundum

2012 4739 2355 4797 lucrifacere
2396 4753 2409 4804 ;
2443 4736 2491 4791 si
2530 4740 2733 4790 tamen
2771 4729 3041 4805 possibile
3087 4727 3256 4794 foret,
3302 4725 3471 4781 nulla
3519 4726 3675 4780 esset

2014 4831 2250 4887 utilitas.
2277 4825 2582 4901 Siquidem
2608 4823 2811 4881 omnia
2828 4836 2967 4894 qum
2984 4818 3196 4876 mundi
3222 4821 3381 4885 sunt,
3401 4812 3676 4872 mortalia

2011 4924 2169 4987 sunt,
2201 4918 2407 4977 anima
2437 4931 2579 4973 vero
2617 4911 2974 4971 immortalis
3004 4926 3017 4965 :
3051 4914 3107 4965 et
3142 4909 3360 4964 horum
3393 4920 3540 4962 sane
3573 4903 3676 4959 de-

2010 5011 2242 5068 lectatio
2266 5005 2628 5080 temporalis,
2651 5004 2806 5061 illius
2824 5017 2967 5059 vero
2989 4998 3352 5073 supplicium
3370 4996 3676 5068 sempiter-

2010 5116 2177 5158 num.
2230 5097 2451 5156 Deinde
2494 5098 2668 5169 auget
2708 5098 2769 5152 et
2813 5098 3120 5150 terrorem.
3166 5087 3515 5175 Indetenim
3552 5084 3675 5159 ple-

2010 5206 2267 5266 rumqne
2296 5189 2570 5249 meliores
2598 5185 2849 5245 reddere
2875 5182 3023 5242 solet
3049 5180 3366 5240 auditores.

1513 5551 1738 5628 Variae
1770 5558 2104 5643 lectiones
2138 5570 2434 5632 etnotae.

332 5737 465 5816 (30)
502 5733 641 5805 Καί,
669 5737 823 5805 ante,
848 5734 999 5811 λέγω,
1042 5740 1233 5803 addit.
1269 5748 1337 5806 Α.
