  <div class='ocr_page' id='page_1' title='image "/cluster/home/n/w/nwhite01/storage/ocr_20150623/129/coo.31924054870344/247.png"; bbox 0 0 4178 6402; ppageno 0'>
   <div class='ocr_carea' id='block_1_1' title="bbox 462 359 565 417">
    <p class='ocr_par' dir='ltr' id='par_1_1' title="bbox 462 359 565 417">
     <span class='ocr_line' id='line_1_1' title="bbox 462 359 565 417; baseline 0.01 -1"><span class='ocrx_word' id='word_1_1' title='bbox 462 359 565 417; x_wconf 77' lang='grc'><strong>475</strong></span> 
     </span>
    </p>
   </div>
   <div class='ocr_carea' id='block_1_2' title="bbox 532 473 2212 553">
    <p class='ocr_par' dir='ltr' id='par_1_2' title="bbox 532 473 2212 553">
     <span class='ocr_line' id='line_1_2' title="bbox 532 473 2212 553; baseline -0.008 -10"><span class='ocrx_word' id='word_1_2' title='bbox 532 486 696 543; x_wconf 83' lang='lat' dir='ltr'><strong>Vers.</strong></span> <span class='ocrx_word' id='word_1_3' title='bbox 735 489 825 541; x_wconf 80' lang='lat'><strong>26.</strong></span> <span class='ocrx_word' id='word_1_4' title='bbox 867 485 988 541; x_wconf 82' lang='lat' dir='ltr'><strong>Aut</strong></span> <span class='ocrx_word' id='word_1_5' title='bbox 1017 513 1088 526; x_wconf 95' lang='lat'>—</span> <span class='ocrx_word' id='word_1_6' title='bbox 1112 500 1223 541; x_wconf 84' lang='lat' dir='ltr'><strong>sua</strong></span> <span class='ocrx_word' id='word_1_7' title='bbox 1247 484 1275 540; x_wconf 82' lang='lat'><strong>?</strong></span> <span class='ocrx_word' id='word_1_8' title='bbox 1324 482 1382 539; x_wconf 88' lang='lat' dir='ltr'><strong>Si</strong></span> <span class='ocrx_word' id='word_1_9' title='bbox 1418 482 1581 538; x_wconf 91' lang='lat' dir='ltr'><strong>enim</strong></span> <span class='ocrx_word' id='word_1_10' title='bbox 1624 496 1823 553; x_wconf 90' lang='lat' dir='ltr'><strong>neque</strong></span> <span class='ocrx_word' id='word_1_11' title='bbox 1865 476 2132 535; x_wconf 90' lang='lat' dir='ltr'><strong>mundus</strong></span> <span class='ocrx_word' id='word_1_12' title='bbox 2164 473 2212 539; x_wconf 73' lang='grc' dir='ltr'><strong>Α</strong></span> 
     </span>
    </p>
   </div>
   <div class='ocr_carea' id='block_1_3' title="bbox 462 566 2135 646">
    <p class='ocr_par' dir='ltr' id='par_1_3' title="bbox 462 566 2135 646">
     <span class='ocr_line' id='line_1_3' title="bbox 462 566 2135 646; baseline -0.005 -16"><span class='ocrx_word' id='word_1_13' title='bbox 462 578 622 630; x_wconf 91' lang='lat' dir='ltr'><strong>totus</strong></span> <span class='ocrx_word' id='word_1_14' title='bbox 640 573 1114 646; x_wconf 86' lang='lat' dir='ltr'><strong>correspondens</strong></span> <span class='ocrx_word' id='word_1_15' title='bbox 1135 578 1222 628; x_wconf 90' lang='lat' dir='ltr'><strong>est</strong></span> <span class='ocrx_word' id='word_1_16' title='bbox 1241 572 1459 627; x_wconf 81' lang='lat' dir='ltr'><strong>animae</strong></span> <span class='ocrx_word' id='word_1_17' title='bbox 1478 568 1777 637; x_wconf 81' lang='lat' dir='ltr'><strong>rationali,</strong></span> <span class='ocrx_word' id='word_1_18' title='bbox 1801 567 1949 641; x_wconf 91' lang='lat' dir='ltr'><strong>quid</strong></span> <span class='ocrx_word' id='word_1_19' title='bbox 1969 566 2135 622; x_wconf 81' lang='lat' dir='ltr'>dabit</span> 
     </span>
    </p>
   </div>
   <div class='ocr_carea' id='block_1_4' title="bbox 460 655 2134 735">
    <p class='ocr_par' dir='ltr' id='par_1_4' title="bbox 460 655 2134 735">
     <span class='ocr_line' id='line_1_4' title="bbox 460 655 2134 735; baseline -0.005 -17"><span class='ocrx_word' id='word_1_20' title='bbox 460 663 763 735; x_wconf 86' lang='lat' dir='ltr'><strong>quispiam</strong></span> <span class='ocrx_word' id='word_1_21' title='bbox 778 661 1265 718; x_wconf 89' lang='lat' dir='ltr'><strong>commutationis</strong></span> <span class='ocrx_word' id='word_1_22' title='bbox 1294 668 1353 715; x_wconf 87' lang='lat' dir='ltr'><strong>ut</strong></span> <span class='ocrx_word' id='word_1_23' title='bbox 1372 661 1525 716; x_wconf 87' lang='lat' dir='ltr'><strong>hanc</strong></span> <span class='ocrx_word' id='word_1_24' title='bbox 1553 660 1629 715; x_wconf 90' lang='lat' dir='ltr'><strong>ab</strong></span> <span class='ocrx_word' id='word_1_25' title='bbox 1656 664 1877 714; x_wconf 66' lang='lat' dir='ltr'><strong>aeterno</strong></span> <span class='ocrx_word' id='word_1_26' title='bbox 1902 655 2134 728; x_wconf 91' lang='lat' dir='ltr'><strong>suppli-</strong></span> 
     </span>
    </p>
   </div>
   <div class='ocr_carea' id='block_1_5' title="bbox 464 746 2133 825">
    <p class='ocr_par' dir='ltr' id='par_1_5' title="bbox 464 746 2133 825">
     <span class='ocr_line' id='line_1_5' title="bbox 464 746 2133 825; baseline -0.004 -18"><span class='ocrx_word' id='word_1_27' title='bbox 464 752 554 808; x_wconf 90' lang='lat' dir='ltr'><strong>cio</strong></span> <span class='ocrx_word' id='word_1_28' title='bbox 568 752 814 825; x_wconf 82' lang='lat' dir='ltr'><strong>eripiat?</strong></span> <span class='ocrx_word' id='word_1_29' title='bbox 828 754 987 807; x_wconf 86' lang='lat' dir='ltr'><strong>Certe</strong></span> <span class='ocrx_word' id='word_1_30' title='bbox 1000 751 1167 807; x_wconf 88' lang='lat' dir='ltr'><strong>nihil.</strong></span> <span class='ocrx_word' id='word_1_31' title='bbox 1185 751 1475 808; x_wconf 87' lang='lat' dir='ltr'><strong>Omnibus</strong></span> <span class='ocrx_word' id='word_1_32' title='bbox 1489 750 1685 820; x_wconf 86' lang='lat' dir='ltr'><strong>itaque</strong></span> <span class='ocrx_word' id='word_1_33' title='bbox 1699 746 2133 817; x_wconf 89' lang='lat' dir='ltr'><strong>relictis,hujus</strong></span> 
     </span>
    </p>
   </div>
   <div class='ocr_carea' id='block_1_6' title="bbox 463 838 2134 913">
    <p class='ocr_par' dir='ltr' id='par_1_6' title="bbox 463 838 2134 913">
     <span class='ocr_line' id='line_1_6' title="bbox 463 838 2134 913; baseline -0.002 -16"><span class='ocrx_word' id='word_1_34' title='bbox 463 858 673 897; x_wconf 92' lang='lat' dir='ltr'><strong>curam</strong></span> <span class='ocrx_word' id='word_1_35' title='bbox 724 842 941 913; x_wconf 80' lang='lat' dir='ltr'><strong>habere</strong></span> <span class='ocrx_word' id='word_1_36' title='bbox 987 841 1175 897; x_wconf 92' lang='lat' dir='ltr'><strong>solius</strong></span> <span class='ocrx_word' id='word_1_37' title='bbox 1226 845 1479 912; x_wconf 84' lang='lat' dir='ltr'><strong>oportet,</strong></span> <span class='ocrx_word' id='word_1_38' title='bbox 1536 840 1709 911; x_wconf 90' lang='lat' dir='ltr'><strong>cujus</strong></span> <span class='ocrx_word' id='word_1_39' title='bbox 1755 838 1992 909; x_wconf 83' lang='lat' dir='ltr'><strong>jactura</strong></span> <span class='ocrx_word' id='word_1_40' title='bbox 2047 842 2134 894; x_wconf 88' lang='lat' dir='ltr'><strong>est</strong></span> 
     </span>
    </p>
   </div>
   <div class='ocr_carea' id='block_1_7' title="bbox 462 927 2133 1001">
    <p class='ocr_par' dir='ltr' id='par_1_7' title="bbox 462 927 2133 1001">
     <span class='ocr_line' id='line_1_7' title="bbox 462 927 2133 1001; baseline -0.001 -15"><span class='ocrx_word' id='word_1_41' title='bbox 462 932 719 987; x_wconf 86' lang='lat' dir='ltr'><strong>maxime</strong></span> <span class='ocrx_word' id='word_1_42' title='bbox 742 930 1027 996; x_wconf 80' lang='lat' dir='ltr'><strong>mortalis,</strong></span> <span class='ocrx_word' id='word_1_43' title='bbox 1049 935 1106 985; x_wconf 90' lang='lat' dir='ltr'><strong>et</strong></span> <span class='ocrx_word' id='word_1_44' title='bbox 1127 930 1205 985; x_wconf 92' lang='lat' dir='ltr'><strong>ob</strong></span> <span class='ocrx_word' id='word_1_45' title='bbox 1236 946 1422 1001; x_wconf 88' lang='lat' dir='ltr'><strong>quam</strong></span> <span class='ocrx_word' id='word_1_46' title='bbox 1441 930 1736 1001; x_wconf 85' lang='lat' dir='ltr'><strong>perditam</strong></span> <span class='ocrx_word' id='word_1_47' title='bbox 1759 927 1921 984; x_wconf 90' lang='lat' dir='ltr'><strong>nulla</strong></span> <span class='ocrx_word' id='word_1_48' title='bbox 1934 933 2133 1000; x_wconf 89' lang='lat' dir='ltr'><strong>potest</strong></span> 
     </span>
    </p>
   </div>
   <div class='ocr_carea' id='block_1_8' title="bbox 462 1019 2132 1092">
    <p class='ocr_par' dir='ltr' id='par_1_8' title="bbox 462 1019 2132 1092">
     <span class='ocr_line' id='line_1_8' title="bbox 462 1019 2132 1092; baseline -0.002 -14"><span class='ocrx_word' id='word_1_49' title='bbox 462 1021 593 1078; x_wconf 90' lang='lat' dir='ltr'><strong>dari</strong></span> <span class='ocrx_word' id='word_1_50' title='bbox 623 1022 1031 1077; x_wconf 88' lang='lat' dir='ltr'><strong>commutatio.</strong></span> <span class='ocrx_word' id='word_1_51' title='bbox 1066 1022 1134 1077; x_wconf 92' lang='lat' dir='ltr'><strong>Ut</strong></span> <span class='ocrx_word' id='word_1_52' title='bbox 1161 1025 1362 1076; x_wconf 87' lang='lat' dir='ltr'><strong>autem</strong></span> <span class='ocrx_word' id='word_1_53' title='bbox 1397 1020 1627 1076; x_wconf 89' lang='lat' dir='ltr'><strong>discant</strong></span> <span class='ocrx_word' id='word_1_54' title='bbox 1657 1020 1816 1092; x_wconf 82' lang='lat' dir='ltr'><strong>quod</strong></span> <span class='ocrx_word' id='word_1_55' title='bbox 1848 1019 2132 1090; x_wconf 84' lang='lat' dir='ltr'><strong>segnibus</strong></span> 
     </span>
    </p>
   </div>
   <div class='ocr_carea' id='block_1_9' title="bbox 460 1109 2131 1180">
    <p class='ocr_par' dir='ltr' id='par_1_9' title="bbox 460 1109 2131 1180">
     <span class='ocr_line' id='line_1_9' title="bbox 460 1109 2131 1180; baseline -0.002 -13"><span class='ocrx_word' id='word_1_56' title='bbox 460 1127 584 1167; x_wconf 92' lang='lat' dir='ltr'><strong>non</strong></span> <span class='ocrx_word' id='word_1_57' title='bbox 626 1127 752 1167; x_wconf 88' lang='lat' dir='ltr'><strong>sme</strong></span> <span class='ocrx_word' id='word_1_58' title='bbox 786 1111 1008 1166; x_wconf 86' lang='lat' dir='ltr'><strong>ultione</strong></span> <span class='ocrx_word' id='word_1_59' title='bbox 1038 1111 1147 1166; x_wconf 91' lang='lat' dir='ltr'><strong>erit</strong></span> <span class='ocrx_word' id='word_1_60' title='bbox 1191 1126 1301 1166; x_wconf 88' lang='lat' dir='ltr'><strong>sua</strong></span> <span class='ocrx_word' id='word_1_61' title='bbox 1333 1110 1631 1179; x_wconf 85' lang='lat' dir='ltr'><strong>segnities,</strong></span> <span class='ocrx_word' id='word_1_62' title='bbox 1677 1125 1871 1180; x_wconf 89' lang='lat' dir='ltr'><strong>neque</strong></span> <span class='ocrx_word' id='word_1_63' title='bbox 1906 1109 2131 1164; x_wconf 90' lang='lat' dir='ltr'><strong>sedulis</strong></span> 
     </span>
    </p>
   </div>
   <div class='ocr_carea' id='block_1_10' title="bbox 469 1199 2131 1273">
    <p class='ocr_par' dir='ltr' id='par_1_10' title="bbox 469 1199 2131 1273">
     <span class='ocr_line' id='line_1_10' title="bbox 469 1199 2131 1273; baseline -0.001 -17"><span class='ocrx_word' id='word_1_64' title='bbox 469 1202 720 1273; x_wconf 70' lang='lat' dir='ltr'><strong>praemio</strong></span> <span class='ocrx_word' id='word_1_65' title='bbox 760 1200 985 1256; x_wconf 84' lang='lat' dir='ltr'><strong>carebit</strong></span> <span class='ocrx_word' id='word_1_66' title='bbox 1026 1215 1134 1256; x_wconf 90' lang='lat' dir='ltr'><strong>sua</strong></span> <span class='ocrx_word' id='word_1_67' title='bbox 1177 1200 1486 1267; x_wconf 89' lang='lat' dir='ltr'><strong>sedulitas,</strong></span> <span class='ocrx_word' id='word_1_68' title='bbox 1530 1208 1713 1273; x_wconf 87' lang='lat' dir='ltr'><strong>utque</strong></span> <span class='ocrx_word' id='word_1_69' title='bbox 1748 1199 1835 1255; x_wconf 91' lang='lat' dir='ltr'><strong>illi</strong></span> <span class='ocrx_word' id='word_1_70' title='bbox 1870 1200 2131 1271; x_wconf 90' lang='lat' dir='ltr'><strong>amplius</strong></span> 
     </span>
    </p>
   </div>
   <div class='ocr_carea' id='block_1_11' title="bbox 458 1289 2131 1362">
    <p class='ocr_par' dir='ltr' id='par_1_11' title="bbox 458 1289 2131 1362">
     <span class='ocr_line' id='line_1_11' title="bbox 458 1289 2131 1362; baseline 0 -17"><span class='ocrx_word' id='word_1_71' title='bbox 458 1294 808 1355; x_wconf 88' lang='lat' dir='ltr'><strong>terreantur,</strong></span> <span class='ocrx_word' id='word_1_72' title='bbox 842 1290 905 1345; x_wconf 90' lang='lat' dir='ltr'><strong>hi</strong></span> <span class='ocrx_word' id='word_1_73' title='bbox 945 1305 1084 1346; x_wconf 84' lang='lat' dir='ltr'><strong>vere</strong></span> <span class='ocrx_word' id='word_1_74' title='bbox 1115 1290 1414 1362; x_wconf 87' lang='lat' dir='ltr'><strong>majorem</strong></span> <span class='ocrx_word' id='word_1_75' title='bbox 1456 1290 1756 1362; x_wconf 86' lang='lat' dir='ltr'><strong>accipiant</strong></span> <span class='ocrx_word' id='word_1_76' title='bbox 1782 1289 2131 1346; x_wconf 88' lang='lat' dir='ltr'><strong>consolatio-</strong></span> 
     </span>
    </p>
   </div>
   <div class='ocr_carea' id='block_1_12' title="bbox 457 1379 1939 1449">
    <p class='ocr_par' dir='ltr' id='par_1_12' title="bbox 457 1379 1939 1449">
     <span class='ocr_line' id='line_1_12' title="bbox 457 1379 1939 1449; baseline 0.001 -14"><span class='ocrx_word' id='word_1_77' title='bbox 457 1394 621 1449; x_wconf 88' lang='lat' dir='ltr'><strong>nem,</strong></span> <span class='ocrx_word' id='word_1_78' title='bbox 662 1379 805 1436; x_wconf 91' lang='lat' dir='ltr'><strong>dicit</strong></span> <span class='ocrx_word' id='word_1_79' title='bbox 840 1395 854 1435; x_wconf 92' lang='lat'><strong>:</strong></span> <span class='ocrx_word' id='word_1_80' title='bbox 1934 1430 1939 1436; x_wconf 92' lang='lat'><strong>.</strong></span> 
     </span>
    </p>
   </div>
   <div class='ocr_carea' id='block_1_13' title="bbox 529 1466 2132 1539">
    <p class='ocr_par' dir='ltr' id='par_1_13' title="bbox 529 1466 2132 1539">
     <span class='ocr_line' id='line_1_13' title="bbox 529 1466 2132 1539; baseline 0.001 -16"><span class='ocrx_word' id='word_1_81' title='bbox 529 1469 703 1524; x_wconf 90' lang='lat' dir='ltr'><strong>Vers.</strong></span> <span class='ocrx_word' id='word_1_82' title='bbox 761 1469 849 1523; x_wconf 85' lang='lat'><strong>27.</strong></span> <span class='ocrx_word' id='word_1_83' title='bbox 883 1466 1071 1524; x_wconf 84' lang='lat' dir='ltr'><strong>Filius</strong></span> <span class='ocrx_word' id='word_1_84' title='bbox 1103 1499 1171 1508; x_wconf 98' lang='lat'>—</span> <span class='ocrx_word' id='word_1_85' title='bbox 1219 1474 1496 1539; x_wconf 82' lang='lat' dir='ltr'><strong>operatus</strong></span> <span class='ocrx_word' id='word_1_86' title='bbox 1528 1476 1631 1526; x_wconf 87' lang='lat' dir='ltr'><strong>est.</strong></span> <span class='ocrx_word' id='word_1_87' title='bbox 1667 1468 1854 1526; x_wconf 90' lang='lat' dir='ltr'><strong>Simul</strong></span> <span class='ocrx_word' id='word_1_88' title='bbox 1884 1468 2132 1525; x_wconf 89' lang='lat' dir='ltr'><strong>demon-</strong></span> 
     </span>
    </p>
   </div>
   <div class='ocr_carea' id='block_1_14' title="bbox 461 1557 2127 1630">
    <p class='ocr_par' dir='ltr' id='par_1_14' title="bbox 461 1557 2127 1630">
     <span class='ocr_line' id='line_1_14' title="bbox 461 1557 2127 1630; baseline 0.001 -17"><span class='ocrx_word' id='word_1_89' title='bbox 461 1558 666 1615; x_wconf 85' lang='lat' dir='ltr'><strong>stravit</strong></span> <span class='ocrx_word' id='word_1_90' title='bbox 689 1557 853 1630; x_wconf 92' lang='lat' dir='ltr'><strong>quod</strong></span> <span class='ocrx_word' id='word_1_91' title='bbox 884 1557 1162 1614; x_wconf 88' lang='lat' dir='ltr'><strong>eamdem</strong></span> <span class='ocrx_word' id='word_1_92' title='bbox 1214 1559 1435 1616; x_wconf 89' lang='lat' dir='ltr'><strong>habeat</strong></span> <span class='ocrx_word' id='word_1_93' title='bbox 1466 1577 1605 1617; x_wconf 91' lang='lat' dir='ltr'><strong>cum</strong></span> <span class='ocrx_word' id='word_1_94' title='bbox 1638 1560 1806 1617; x_wconf 88' lang='lat' dir='ltr'><strong>Patre</strong></span> <span class='ocrx_word' id='word_1_95' title='bbox 1852 1558 2127 1629; x_wconf 83' lang='lat' dir='ltr'><strong>gloriam.</strong></span> 
     </span>
    </p>
   </div>
   <div class='ocr_carea' id='block_1_15' title="bbox 463 1647 2131 1723">
    <p class='ocr_par' dir='ltr' id='par_1_15' title="bbox 463 1647 2131 1723">
     <span class='ocr_line' id='line_1_15' title="bbox 463 1647 2131 1723; baseline 0.001 -20"><span class='ocrx_word' id='word_1_96' title='bbox 463 1648 533 1703; x_wconf 86' lang='lat' dir='ltr'><strong>In</strong></span> <span class='ocrx_word' id='word_1_97' title='bbox 558 1648 771 1718; x_wconf 76' lang='lat' dir='ltr'><strong>gloria,</strong></span> <span class='ocrx_word' id='word_1_98' title='bbox 796 1647 1008 1719; x_wconf 91' lang='lat' dir='ltr'><strong>inquit,</strong></span> <span class='ocrx_word' id='word_1_99' title='bbox 1032 1648 1215 1723; x_wconf 79' lang='lat' dir='ltr'><strong>patris</strong></span> <span class='ocrx_word' id='word_1_100' title='bbox 1240 1650 1350 1705; x_wconf 86' lang='lat' dir='ltr'><strong>sui.</strong></span> <span class='ocrx_word' id='word_1_101' title='bbox 1384 1650 1556 1716; x_wconf 88' lang='lat' dir='ltr'><strong>Quod</strong></span> <span class='ocrx_word' id='word_1_102' title='bbox 1586 1650 1629 1705; x_wconf 94' lang='lat' dir='ltr'><strong>si</strong></span> <span class='ocrx_word' id='word_1_103' title='bbox 1650 1649 1927 1706; x_wconf 89' lang='lat' dir='ltr'><strong>eamdem</strong></span> <span class='ocrx_word' id='word_1_104' title='bbox 1952 1648 2131 1705; x_wconf 90' lang='lat' dir='ltr'><strong>habet</strong></span> 
     </span>
    </p>
   </div>
   <div class='ocr_carea' id='block_1_16' title="bbox 462 1737 2129 1813">
    <p class='ocr_par' dir='ltr' id='par_1_16' title="bbox 462 1737 2129 1813">
     <span class='ocr_line' id='line_1_16' title="bbox 462 1737 2129 1813; baseline 0.001 -20"><span class='ocrx_word' id='word_1_105' title='bbox 462 1737 738 1809; x_wconf 86' lang='lat' dir='ltr'><strong>gloriam,</strong></span> <span class='ocrx_word' id='word_1_106' title='bbox 761 1740 1037 1809; x_wconf 87' lang='lat' dir='ltr'><strong>ejusdem</strong></span> <span class='ocrx_word' id='word_1_107' title='bbox 1070 1741 1273 1813; x_wconf 88' lang='lat' dir='ltr'><strong>utique</strong></span> <span class='ocrx_word' id='word_1_108' title='bbox 1299 1740 1645 1797; x_wconf 67' lang='lat' dir='ltr'><strong>substantiae</strong></span> <span class='ocrx_word' id='word_1_109' title='bbox 1671 1743 1830 1795; x_wconf 88' lang='lat' dir='ltr'><strong>estet</strong></span> <span class='ocrx_word' id='word_1_110' title='bbox 1850 1738 2129 1810; x_wconf 65' lang='lat' dir='ltr'><strong>potentias</strong></span> 
     </span>
    </p>
   </div>
   <div class='ocr_carea' id='block_1_17' title="bbox 1792 343 2539 415">
    <p class='ocr_par' dir='ltr' id='par_1_17' title="bbox 1792 343 2539 415">
     <span class='ocr_line' id='line_1_17' title="bbox 1792 343 2539 415; baseline -0.007 -6"><span class='ocrx_word' id='word_1_111' title='bbox 1792 346 2144 409; x_wconf 84' lang='lat' dir='ltr'><strong>EUTHYMII</strong></span> <span class='ocrx_word' id='word_1_112' title='bbox 2182 343 2517 404; x_wconf 83' lang='lat' dir='ltr'><strong>ZIGABENI</strong></span> <span class='ocrx_word' id='word_1_113' title='bbox 2538 410 2539 415; x_wconf 27' lang='grc' dir='ltr'><strong>η</strong></span> 
     </span>
    </p>
   </div>
   <div class='ocr_carea' id='block_1_18' title="bbox 2317 472 3837 551">
    <p class='ocr_par' dir='ltr' id='par_1_18' title="bbox 2317 472 3837 551">
     <span class='ocr_line' id='line_1_18' title="bbox 2317 472 3837 551; baseline 0.004 -25"><span class='ocrx_word' id='word_1_114' title='bbox 2317 472 2386 526; x_wconf 74' lang='grc' dir='ltr'><strong><em>Ἠ</em></strong></span> <span class='ocrx_word' id='word_1_115' title='bbox 2430 474 2645 541; x_wconf 78' lang='grc' dir='ltr'>αύτοῦς</span> <span class='ocrx_word' id='word_1_116' title='bbox 2705 475 2765 530; x_wconf 82' lang='grc' dir='ltr'><strong>Εἰ</strong></span> <span class='ocrx_word' id='word_1_117' title='bbox 2819 479 2918 551; x_wconf 83' lang='grc' dir='ltr'><strong>γὰρ</strong></span> <span class='ocrx_word' id='word_1_118' title='bbox 2963 473 3079 531; x_wconf 72' lang='grc' dir='ltr'><strong>οὐδ’</strong></span> <span class='ocrx_word' id='word_1_119' title='bbox 3133 478 3158 529; x_wconf 89' lang='grc' dir='ltr'><strong>ό</strong></span> <span class='ocrx_word' id='word_1_120' title='bbox 3221 475 3431 548; x_wconf 78' lang='grc' dir='ltr'><strong>σύμπας</strong></span> <span class='ocrx_word' id='word_1_121' title='bbox 3491 480 3689 548; x_wconf 83' lang='grc' dir='ltr'>κόσμος</span> <span class='ocrx_word' id='word_1_122' title='bbox 3746 477 3837 533; x_wconf 79' lang='grc' dir='ltr'><strong>ἀντ</strong></span> 
     </span>
    </p>
   </div>
   <div class='ocr_carea' id='block_1_19' title="bbox 2245 563 3860 639">
    <p class='ocr_par' dir='ltr' id='par_1_19' title="bbox 2245 563 3860 639">
     <span class='ocr_line' id='line_1_19' title="bbox 2245 563 3860 639; baseline 0.004 -24"><span class='ocrx_word' id='word_1_123' title='bbox 2245 563 2388 625; x_wconf 86' lang='grc' dir='ltr'>άξιός</span> <span class='ocrx_word' id='word_1_124' title='bbox 2432 563 2544 617; x_wconf 84' lang='grc' dir='ltr'>ἐστι</span> <span class='ocrx_word' id='word_1_125' title='bbox 2588 565 2778 637; x_wconf 75' lang='grc' dir='ltr'>ψυχῆς</span> <span class='ocrx_word' id='word_1_126' title='bbox 2818 566 3049 639; x_wconf 85' lang='grc' dir='ltr'>λογικῆς,</span> <span class='ocrx_word' id='word_1_127' title='bbox 3098 572 3149 620; x_wconf 86' lang='grc' dir='ltr'><strong>τί</strong></span> <span class='ocrx_word' id='word_1_128' title='bbox 3196 563 3359 619; x_wconf 77' lang='grc' dir='ltr'>δώσει</span> <span class='ocrx_word' id='word_1_129' title='bbox 3390 570 3471 627; x_wconf 88' lang='grc' dir='ltr'><strong>τίς</strong></span> <span class='ocrx_word' id='word_1_130' title='bbox 3508 564 3860 639; x_wconf 80' lang='grc' dir='ltr'>ἀντάλλαγμα,</span> 
     </span>
    </p>
   </div>
   <div class='ocr_carea' id='block_1_20' title="bbox 2244 655 3864 723">
    <p class='ocr_par' dir='ltr' id='par_1_20' title="bbox 2244 655 3864 723">
     <span class='ocr_line' id='line_1_20' title="bbox 2244 655 3864 723; baseline 0.004 -19"><span class='ocrx_word' id='word_1_131' title='bbox 2244 655 2378 706; x_wconf 82' lang='grc' dir='ltr'>ὥστε</span> <span class='ocrx_word' id='word_1_132' title='bbox 2423 658 2617 712; x_wconf 81' lang='grc' dir='ltr'>ταύτην</span> <span class='ocrx_word' id='word_1_133' title='bbox 2664 655 2927 717; x_wconf 73' lang='grc' dir='ltr'><strong>ἐξελέσθαι</strong></span> <span class='ocrx_word' id='word_1_134' title='bbox 2971 666 3067 718; x_wconf 85' lang='grc' dir='ltr'>τῆς</span> <span class='ocrx_word' id='word_1_135' title='bbox 3120 657 3331 708; x_wconf 82' lang='grc' dir='ltr'><strong>αἰωνίου</strong></span> <span class='ocrx_word' id='word_1_136' title='bbox 3387 657 3685 723; x_wconf 89' lang='grc' dir='ltr'>κολάσεως;</span> <span class='ocrx_word' id='word_1_137' title='bbox 3745 655 3864 708; x_wconf 83' lang='grc' dir='ltr'><strong>’Ὁν-</strong></span> 
     </span>
    </p>
   </div>
   <div class='ocr_carea' id='block_1_21' title="bbox 2242 740 3859 821">
    <p class='ocr_par' dir='ltr' id='par_1_21' title="bbox 2242 740 3859 821">
     <span class='ocr_line' id='line_1_21' title="bbox 2242 740 3859 821; baseline 0.002 -27"><span class='ocrx_word' id='word_1_138' title='bbox 2242 763 2344 804; x_wconf 89' lang='grc' dir='ltr'><strong>τως</strong></span> <span class='ocrx_word' id='word_1_139' title='bbox 2390 740 2560 798; x_wconf 74' lang='grc' dir='ltr'>ούὸἐν.</span> <span class='ocrx_word' id='word_1_140' title='bbox 2612 749 2810 797; x_wconf 82' lang='grc' dir='ltr'><strong>Λοιπὸν</strong></span> <span class='ocrx_word' id='word_1_141' title='bbox 2861 743 2948 798; x_wconf 82' lang='grc' dir='ltr'>οὖν</span> <span class='ocrx_word' id='word_1_142' title='bbox 3001 751 3135 821; x_wconf 82' lang='grc' dir='ltr'>χρὴ,</span> <span class='ocrx_word' id='word_1_143' title='bbox 3189 748 3392 799; x_wconf 88' lang='grc' dir='ltr'>πάντων</span> <span class='ocrx_word' id='word_1_144' title='bbox 3430 745 3709 818; x_wconf 78' lang='grc' dir='ltr'><strong>ἀφεμένους</strong></span> <span class='ocrx_word' id='word_1_145' title='bbox 3756 754 3859 797; x_wconf 82' lang='grc' dir='ltr'>τῶν</span> 
     </span>
    </p>
   </div>
   <div class='ocr_carea' id='block_1_22' title="bbox 2509 834 3860 908">
    <p class='ocr_par' dir='ltr' id='par_1_22' title="bbox 2509 834 3860 908">
     <span class='ocr_line' id='line_1_22' title="bbox 2509 834 3860 908; baseline 0.002 -23"><span class='ocrx_word' id='word_1_146' title='bbox 2509 836 2705 896; x_wconf 82' lang='grc' dir='ltr'><strong>ταύτης</strong></span> <span class='ocrx_word' id='word_1_147' title='bbox 2785 834 3138 908; x_wconf 81' lang='grc' dir='ltr'>ἐπιμελεῖσθαι</span> <span class='ocrx_word' id='word_1_148' title='bbox 3217 841 3397 908; x_wconf 86' lang='grc' dir='ltr'>μόνης,</span> <span class='ocrx_word' id='word_1_149' title='bbox 3463 836 3527 897; x_wconf 80' lang='grc' dir='ltr'>ἧς</span> <span class='ocrx_word' id='word_1_150' title='bbox 3596 837 3626 893; x_wconf 77' lang='grc' dir='ltr'><em>ἡ</em></span> <span class='ocrx_word' id='word_1_151' title='bbox 3688 836 3860 907; x_wconf 79' lang='grc' dir='ltr'>ζημία</span> 
     </span>
    </p>
   </div>
   <div class='ocr_carea' id='block_1_23' title="bbox 2241 922 3856 998">
    <p class='ocr_par' dir='ltr' id='par_1_23' title="bbox 2241 922 3856 998">
     <span class='ocr_line' id='line_1_23' title="bbox 2241 922 3856 998; baseline 0.002 -25"><span class='ocrx_word' id='word_1_152' title='bbox 2241 925 2582 995; x_wconf 85' lang='grc' dir='ltr'>καιριωτάτη,</span> <span class='ocrx_word' id='word_1_153' title='bbox 2658 929 2747 977; x_wconf 86' lang='grc' dir='ltr'>καὶ</span> <span class='ocrx_word' id='word_1_154' title='bbox 2806 925 2871 987; x_wconf 79' lang='grc' dir='ltr'>ἧς</span> <span class='ocrx_word' id='word_1_155' title='bbox 2919 925 3260 998; x_wconf 77' lang='grc' dir='ltr'><strong>ἀπολομένης,</strong></span> <span class='ocrx_word' id='word_1_156' title='bbox 3328 925 3421 977; x_wconf 82' lang='grc' dir='ltr'><strong>ούκ</strong></span> <span class='ocrx_word' id='word_1_157' title='bbox 3473 928 3589 977; x_wconf 81' lang='grc' dir='ltr'>ἔστι</span> <span class='ocrx_word' id='word_1_158' title='bbox 3647 922 3856 977; x_wconf 78' lang='grc' dir='ltr'>δοῦναι-</span> 
     </span>
    </p>
   </div>
   <div class='ocr_carea' id='block_1_24' title="bbox 2243 831 2425 903">
    <p class='ocr_par' dir='ltr' id='par_1_24' title="bbox 2243 831 2425 903">
     <span class='ocr_line' id='line_1_24' title="bbox 2243 831 2425 903; baseline 0 -20"><span class='ocrx_word' id='word_1_159' title='bbox 2243 831 2404 884; x_wconf 84' lang='grc' dir='ltr'>ἆλλων</span> <span class='ocrx_word' id='word_1_160' title='bbox 2410 878 2425 903; x_wconf 82' lang='grc'><strong>,</strong></span> 
     </span>
    </p>
   </div>
   <div class='ocr_carea' id='block_1_25' title="bbox 2243 1010 3852 1089">
    <p class='ocr_par' dir='ltr' id='par_1_25' title="bbox 2243 1010 3852 1089">
     <span class='ocr_line' id='line_1_25' title="bbox 2243 1010 3852 1089; baseline 0.002 -27"><span class='ocrx_word' id='word_1_161' title='bbox 2243 1010 2593 1085; x_wconf 77' lang='grc' dir='ltr'>ἀντάλλαγμα.</span> <span class='ocrx_word' id='word_1_162' title='bbox 2650 1013 2763 1067; x_wconf 81' lang='grc' dir='ltr'>Ἵνα</span> <span class='ocrx_word' id='word_1_163' title='bbox 2816 1012 2875 1068; x_wconf 71' lang='grc' dir='ltr'><strong>δὲ</strong></span> <span class='ocrx_word' id='word_1_164' title='bbox 2938 1017 3169 1087; x_wconf 79' lang='grc' dir='ltr'><strong>μάθοιεν,</strong></span> <span class='ocrx_word' id='word_1_165' title='bbox 3224 1017 3307 1068; x_wconf 77' lang='grc' dir='ltr'>ὅτι</span> <span class='ocrx_word' id='word_1_166' title='bbox 3356 1018 3472 1068; x_wconf 75' lang='grc' dir='ltr'>οὔτε</span> <span class='ocrx_word' id='word_1_167' title='bbox 3534 1022 3639 1075; x_wconf 90' lang='grc' dir='ltr'>τοῖς</span> <span class='ocrx_word' id='word_1_168' title='bbox 3695 1015 3852 1089; x_wconf 80' lang='grc' dir='ltr'>ῥᾳθύ-</span> 
     </span>
    </p>
   </div>
   <div class='ocr_carea' id='block_1_26' title="bbox 2238 1101 3854 1181">
    <p class='ocr_par' dir='ltr' id='par_1_26' title="bbox 2238 1101 3854 1181">
     <span class='ocr_line' id='line_1_26' title="bbox 2238 1101 3854 1181; baseline 0.002 -28"><span class='ocrx_word' id='word_1_169' title='bbox 2238 1121 2359 1173; x_wconf 89' lang='grc' dir='ltr'>μοις</span> <span class='ocrx_word' id='word_1_170' title='bbox 2412 1101 2738 1178; x_wconf 79' lang='grc' dir='ltr'>ἀτιμώρητον</span> <span class='ocrx_word' id='word_1_171' title='bbox 2793 1107 2942 1158; x_wconf 81' lang='grc' dir='ltr'>ἔσται</span> <span class='ocrx_word' id='word_1_172' title='bbox 2971 1109 3028 1157; x_wconf 90' lang='grc' dir='ltr'><strong>τό</strong></span> <span class='ocrx_word' id='word_1_173' title='bbox 3053 1107 3307 1181; x_wconf 76' lang='grc' dir='ltr'><strong>ῥᾴθυμον,</strong></span> <span class='ocrx_word' id='word_1_174' title='bbox 3357 1108 3473 1157; x_wconf 72' lang='grc' dir='ltr'>οὔτε</span> <span class='ocrx_word' id='word_1_175' title='bbox 3527 1112 3637 1167; x_wconf 84' lang='grc' dir='ltr'>τοῖς</span> <span class='ocrx_word' id='word_1_176' title='bbox 3680 1123 3854 1157; x_wconf 88' lang='grc' dir='ltr'>σπου-</span> 
     </span>
    </p>
   </div>
   <div class='ocr_carea' id='block_1_27' title="bbox 2244 1188 3852 1268">
    <p class='ocr_par' dir='ltr' id='par_1_27' title="bbox 2244 1188 3852 1268">
     <span class='ocr_line' id='line_1_27' title="bbox 2244 1188 3852 1268; baseline 0.001 -24"><span class='ocrx_word' id='word_1_177' title='bbox 2244 1188 2418 1254; x_wconf 79' lang='grc' dir='ltr'>δαίοις</span> <span class='ocrx_word' id='word_1_178' title='bbox 2470 1192 2756 1268; x_wconf 74' lang='grc' dir='ltr'>ἀγέραστον</span> <span class='ocrx_word' id='word_1_179' title='bbox 2810 1196 2868 1246; x_wconf 88' lang='grc' dir='ltr'>τὸ</span> <span class='ocrx_word' id='word_1_180' title='bbox 2935 1192 3246 1261; x_wconf 86' lang='grc' dir='ltr'>σπουδαῖον,</span> <span class='ocrx_word' id='word_1_181' title='bbox 3306 1198 3395 1247; x_wconf 89' lang='grc' dir='ltr'>καὶ</span> <span class='ocrx_word' id='word_1_182' title='bbox 3440 1194 3524 1246; x_wconf 83' lang='grc' dir='ltr'>ἶνα</span> <span class='ocrx_word' id='word_1_183' title='bbox 3571 1193 3653 1248; x_wconf 82' lang='grc' dir='ltr'><strong>ἐπὶ</strong></span> <span class='ocrx_word' id='word_1_184' title='bbox 3704 1192 3852 1246; x_wconf 78' lang='grc' dir='ltr'>πλέον</span> 
     </span>
    </p>
   </div>
   <div class='ocr_carea' id='block_1_28' title="bbox 2242 1279 3850 1357">
    <p class='ocr_par' dir='ltr' id='par_1_28' title="bbox 2242 1279 3850 1357">
     <span class='ocr_line' id='line_1_28' title="bbox 2242 1279 3850 1357; baseline 0.002 -24"><span class='ocrx_word' id='word_1_185' title='bbox 2242 1279 2419 1334; x_wconf 75' lang='grc' dir='ltr'>ἐκεῖνοι</span> <span class='ocrx_word' id='word_1_186' title='bbox 2506 1286 2594 1355; x_wconf 68' lang='grc' dir='ltr'><strong>μεν</strong></span> <span class='ocrx_word' id='word_1_187' title='bbox 2675 1283 2996 1356; x_wconf 75' lang='grc' dir='ltr'>φοϐηθῶσιν,</span> <span class='ocrx_word' id='word_1_188' title='bbox 3071 1285 3214 1337; x_wconf 82' lang='grc' dir='ltr'>οὗτοι</span> <span class='ocrx_word' id='word_1_189' title='bbox 3272 1281 3331 1337; x_wconf 65' lang='grc' dir='ltr'><strong>δὲ</strong></span> <span class='ocrx_word' id='word_1_190' title='bbox 3408 1286 3850 1357; x_wconf 81' lang='grc' dir='ltr'>παρηγορηθὼσι,</span> 
     </span>
    </p>
   </div>
   <div class='ocr_carea' id='block_1_29' title="bbox 2244 1378 2417 1443">
    <p class='ocr_par' dir='ltr' id='par_1_29' title="bbox 2244 1378 2417 1443">
     <span class='ocr_line' id='line_1_29' title="bbox 2244 1378 2417 1443; baseline 0.006 -20"><span class='ocrx_word' id='word_1_191' title='bbox 2244 1378 2417 1443; x_wconf 73' lang='grc' dir='ltr'>φησί’</span> 
     </span>
    </p>
   </div>
   <div class='ocr_carea' id='block_1_30' title="bbox 2314 1461 3849 1539">
    <p class='ocr_par' dir='ltr' id='par_1_30' title="bbox 2314 1461 3849 1539">
     <span class='ocr_line' id='line_1_30' title="bbox 2314 1461 3849 1539; baseline 0.002 -25"><span class='ocrx_word' id='word_1_192' title='bbox 2314 1461 2498 1514; x_wconf 85' lang='grc' dir='ltr'>Μέλλει</span> <span class='ocrx_word' id='word_1_193' title='bbox 2528 1493 2597 1503; x_wconf 90' lang='grc'><strong>-</strong></span> <span class='ocrx_word' id='word_1_194' title='bbox 2639 1466 2775 1516; x_wconf 88' lang='grc' dir='ltr'><strong>κατά</strong></span> <span class='ocrx_word' id='word_1_195' title='bbox 2820 1468 2915 1522; x_wconf 78' lang='grc' dir='ltr'>τὴν</span> <span class='ocrx_word' id='word_1_196' title='bbox 2959 1464 3147 1539; x_wconf 83' lang='grc' dir='ltr'>πρᾶξιν</span> <span class='ocrx_word' id='word_1_197' title='bbox 3217 1464 3397 1518; x_wconf 76' lang='grc' dir='ltr'>αὐτοῦ.</span> <span class='ocrx_word' id='word_1_198' title='bbox 3447 1463 3590 1535; x_wconf 79' lang='grc' dir='ltr'>Ἀμα</span> <span class='ocrx_word' id='word_1_199' title='bbox 3625 1464 3849 1533; x_wconf 77' lang='grc' dir='ltr'><strong>ἐνέφηνε,</strong></span> 
     </span>
    </p>
   </div>
   <div class='ocr_carea' id='block_1_31' title="bbox 2241 1550 3846 1628">
    <p class='ocr_par' dir='ltr' id='par_1_31' title="bbox 2241 1550 3846 1628">
     <span class='ocr_line' id='line_1_31' title="bbox 2241 1550 3846 1628; baseline 0.002 -26"><span class='ocrx_word' id='word_1_200' title='bbox 2241 1556 2331 1603; x_wconf 89' lang='grc' dir='ltr'><strong>καὶ</strong></span> <span class='ocrx_word' id='word_1_201' title='bbox 2362 1553 2441 1603; x_wconf 84' lang='grc' dir='ltr'>ὅτι</span> <span class='ocrx_word' id='word_1_202' title='bbox 2472 1560 2565 1614; x_wconf 85' lang='grc' dir='ltr'>τῆς</span> <span class='ocrx_word' id='word_1_203' title='bbox 2596 1552 2760 1615; x_wconf 68' lang='grc' dir='ltr'>αὐτῆς</span> <span class='ocrx_word' id='word_1_204' title='bbox 2784 1561 2857 1623; x_wconf 86' lang='grc' dir='ltr'>τῷ</span> <span class='ocrx_word' id='word_1_205' title='bbox 2896 1559 3065 1628; x_wconf 86' lang='grc' dir='ltr'>Πατρὶ</span> <span class='ocrx_word' id='word_1_206' title='bbox 3110 1551 3268 1617; x_wconf 75' lang='grc' dir='ltr'>δόξης</span> <span class='ocrx_word' id='word_1_207' title='bbox 3302 1553 3463 1609; x_wconf 81' lang='grc' dir='ltr'>ἐστίν.</span> <span class='ocrx_word' id='word_1_208' title='bbox 3497 1555 3577 1607; x_wconf 87' lang='grc' dir='ltr'>Ἐν</span> <span class='ocrx_word' id='word_1_209' title='bbox 3620 1562 3682 1627; x_wconf 78' lang='grc' dir='ltr'>τῇ</span> <span class='ocrx_word' id='word_1_210' title='bbox 3719 1550 3846 1627; x_wconf 77' lang='grc' dir='ltr'>δόξῃ</span> 
     </span>
    </p>
   </div>
   <div class='ocr_carea' id='block_1_32' title="bbox 2239 1639 3849 1718">
    <p class='ocr_par' dir='ltr' id='par_1_32' title="bbox 2239 1639 3849 1718">
     <span class='ocr_line' id='line_1_32' title="bbox 2239 1639 3849 1718; baseline -0.005 -17"><span class='ocrx_word' id='word_1_211' title='bbox 2239 1643 2362 1713; x_wconf 75' lang='grc' dir='ltr'>γὰρ,</span> <span class='ocrx_word' id='word_1_212' title='bbox 2397 1647 2548 1713; x_wconf 80' lang='grc' dir='ltr'>φησὶ,</span> <span class='ocrx_word' id='word_1_213' title='bbox 2600 1649 2689 1694; x_wconf 84' lang='grc' dir='ltr'>τοῦ</span> <span class='ocrx_word' id='word_1_214' title='bbox 2732 1648 2933 1718; x_wconf 85' lang='grc' dir='ltr'>Πατρός</span> <span class='ocrx_word' id='word_1_215' title='bbox 2974 1643 3153 1697; x_wconf 79' lang='grc' dir='ltr'>αὐτοῦ.</span> <span class='ocrx_word' id='word_1_216' title='bbox 3188 1643 3250 1696; x_wconf 81' lang='grc' dir='ltr'><strong>Εἰ</strong></span> <span class='ocrx_word' id='word_1_217' title='bbox 3281 1640 3339 1696; x_wconf 71' lang='grc' dir='ltr'><strong>δὲ</strong></span> <span class='ocrx_word' id='word_1_218' title='bbox 3368 1651 3465 1705; x_wconf 79' lang='grc' dir='ltr'>τῆς</span> <span class='ocrx_word' id='word_1_219' title='bbox 3494 1642 3657 1704; x_wconf 68' lang='grc' dir='ltr'>αὐτῆς</span> <span class='ocrx_word' id='word_1_220' title='bbox 3689 1639 3849 1704; x_wconf 75' lang='grc' dir='ltr'>δόξης</span> 
     </span>
    </p>
   </div>
   <div class='ocr_carea' id='block_1_33' title="bbox 2240 1729 3847 1806">
    <p class='ocr_par' dir='ltr' id='par_1_33' title="bbox 2240 1729 3847 1806">
     <span class='ocr_line' id='line_1_33' title="bbox 2240 1729 3847 1806; baseline 0.001 -25"><span class='ocrx_word' id='word_1_221' title='bbox 2240 1732 2372 1796; x_wconf 80' lang='grc' dir='ltr'>ἐστὶ,</span> <span class='ocrx_word' id='word_1_222' title='bbox 2397 1739 2490 1793; x_wconf 85' lang='grc' dir='ltr'>τῆς</span> <span class='ocrx_word' id='word_1_223' title='bbox 2539 1731 2699 1794; x_wconf 70' lang='grc' dir='ltr'>αὐτῆς</span> <span class='ocrx_word' id='word_1_224' title='bbox 2728 1734 2832 1806; x_wconf 77' lang='grc' dir='ltr'>ἄρα</span> <span class='ocrx_word' id='word_1_225' title='bbox 2882 1738 2970 1785; x_wconf 86' lang='grc' dir='ltr'>καὶ</span> <span class='ocrx_word' id='word_1_226' title='bbox 3020 1733 3200 1794; x_wconf 81' lang='grc' dir='ltr'>ούσίας</span> <span class='ocrx_word' id='word_1_227' title='bbox 3231 1732 3363 1801; x_wconf 72' lang='grc' dir='ltr'>ἐστὶ,</span> <span class='ocrx_word' id='word_1_228' title='bbox 3414 1733 3505 1784; x_wconf 84' lang='grc' dir='ltr'><strong>καί</strong></span> <span class='ocrx_word' id='word_1_229' title='bbox 3556 1729 3847 1804; x_wconf 74' lang='grc' dir='ltr'>δυνάμεως,</span> 
     </span>
    </p>
   </div>
   <div class='ocr_carea' id='block_1_34' title="bbox 460 1819 2127 1905">
    <p class='ocr_par' dir='ltr' id='par_1_34' title="bbox 460 1826 2127 1905">
     <span class='ocr_line' id='line_1_34' title="bbox 460 1826 2127 1905; baseline 0.001 -21"><span class='ocrx_word' id='word_1_230' title='bbox 460 1843 529 1884; x_wconf 91' lang='lat' dir='ltr'><strong>ac</strong></span> <span class='ocrx_word' id='word_1_231' title='bbox 556 1826 879 1886; x_wconf 85' lang='lat' dir='ltr'><strong>divinitatis</strong></span> <span class='ocrx_word' id='word_1_232' title='bbox 915 1846 927 1885; x_wconf 90' lang='lat'><strong>:</strong></span> <span class='ocrx_word' id='word_1_233' title='bbox 958 1847 1215 1905; x_wconf 91' lang='lat' dir='ltr'><strong>quorum</strong></span> <span class='ocrx_word' id='word_1_234' title='bbox 1252 1830 1409 1886; x_wconf 90' lang='lat' dir='ltr'><strong>enim</strong></span> <span class='ocrx_word' id='word_1_235' title='bbox 1436 1829 1625 1900; x_wconf 85' lang='lat' dir='ltr'><strong>gloria</strong></span> <span class='ocrx_word' id='word_1_236' title='bbox 1651 1834 1740 1885; x_wconf 90' lang='lat' dir='ltr'><strong>est</strong></span> <span class='ocrx_word' id='word_1_237' title='bbox 1760 1829 1994 1897; x_wconf 90' lang='lat' dir='ltr'><strong>eadem,</strong></span> <span class='ocrx_word' id='word_1_238' title='bbox 2024 1829 2127 1887; x_wconf 87' lang='lat' dir='ltr'><strong>ho-</strong></span> 
     </span>
    </p>
   </div>
   <div class='ocr_carea' id='block_1_35' title="bbox 2233 1819 3848 1905">
    <p class='ocr_par' dir='ltr' id='par_1_35' title="bbox 2238 1819 3848 1898">
     <span class='ocr_line' id='line_1_35' title="bbox 2238 1819 3848 1898; baseline 0.001 -27"><span class='ocrx_word' id='word_1_239' title='bbox 2238 1826 2327 1871; x_wconf 87' lang='grc' dir='ltr'>καὶ</span> <span class='ocrx_word' id='word_1_240' title='bbox 2362 1822 2615 1882; x_wconf 89' lang='grc' dir='ltr'>θεότητος.</span> <span class='ocrx_word' id='word_1_241' title='bbox 2650 1820 2745 1875; x_wconf 81' lang='grc' dir='ltr'>Ὧν</span> <span class='ocrx_word' id='word_1_242' title='bbox 2774 1825 2875 1898; x_wconf 82' lang='grc' dir='ltr'>γὰρ</span> <span class='ocrx_word' id='word_1_243' title='bbox 2906 1819 3037 1886; x_wconf 80' lang='grc' dir='ltr'>δόξα</span> <span class='ocrx_word' id='word_1_244' title='bbox 3084 1824 3113 1881; x_wconf 75' lang='grc' dir='ltr'>ἡ</span> <span class='ocrx_word' id='word_1_245' title='bbox 3164 1822 3319 1893; x_wconf 76' lang='grc' dir='ltr'>αὐτὴ,</span> <span class='ocrx_word' id='word_1_246' title='bbox 3371 1824 3566 1875; x_wconf 89' lang='grc' dir='ltr'>τούτων</span> <span class='ocrx_word' id='word_1_247' title='bbox 3609 1821 3713 1895; x_wconf 85' lang='grc' dir='ltr'>ἆρα</span> <span class='ocrx_word' id='word_1_248' title='bbox 3759 1826 3848 1874; x_wconf 83' lang='grc' dir='ltr'>καὶ</span> 
     </span>
    </p>
   </div>
   <div class='ocr_carea' id='block_1_36' title="bbox 456 1921 1659 1994">
    <p class='ocr_par' dir='ltr' id='par_1_36' title="bbox 456 1921 1659 1994">
     <span class='ocr_line' id='line_1_36' title="bbox 456 1921 1659 1994; baseline 0.002 -23"><span class='ocrx_word' id='word_1_249' title='bbox 456 1932 613 1983; x_wconf 88' lang='lat' dir='ltr'><strong>rum,</strong></span> <span class='ocrx_word' id='word_1_250' title='bbox 657 1921 714 1974; x_wconf 90' lang='lat' dir='ltr'><strong>et</strong></span> <span class='ocrx_word' id='word_1_251' title='bbox 743 1924 949 1975; x_wconf 66' lang='lat' dir='ltr'><strong>caetera</strong></span> <span class='ocrx_word' id='word_1_252' title='bbox 973 1936 1219 1994; x_wconf 91' lang='lat' dir='ltr'><strong>quoque</strong></span> <span class='ocrx_word' id='word_1_253' title='bbox 1252 1923 1392 1975; x_wconf 89' lang='lat' dir='ltr'><strong>sunt</strong></span> <span class='ocrx_word' id='word_1_254' title='bbox 1424 1925 1659 1974; x_wconf 85' lang='lat' dir='ltr'><strong>eadem.</strong></span> 
     </span>
    </p>
   </div>
   <div class='ocr_carea' id='block_1_37' title="bbox 530 2023 2131 2099">
    <p class='ocr_par' dir='ltr' id='par_1_37' title="bbox 530 2023 2131 2099">
     <span class='ocr_line' id='line_1_37' title="bbox 530 2023 2131 2099; baseline 0.002 -20"><span class='ocrx_word' id='word_1_255' title='bbox 530 2023 701 2083; x_wconf 87' lang='lat' dir='ltr'><strong>Vers.</strong></span> <span class='ocrx_word' id='word_1_256' title='bbox 727 2026 816 2083; x_wconf 80' lang='lat'><strong>28.</strong></span> <span class='ocrx_word' id='word_1_257' title='bbox 834 2028 1024 2085; x_wconf 79' lang='lat' dir='ltr'><strong>Amen</strong></span> <span class='ocrx_word' id='word_1_258' title='bbox 1040 2028 1180 2084; x_wconf 86' lang='lat' dir='ltr'><strong>—in</strong></span> <span class='ocrx_word' id='word_1_259' title='bbox 1199 2044 1363 2098; x_wconf 81' lang='lat' dir='ltr'><strong>regno</strong></span> <span class='ocrx_word' id='word_1_260' title='bbox 1389 2043 1510 2082; x_wconf 80' lang='lat' dir='ltr'><strong>suo.</strong></span> <span class='ocrx_word' id='word_1_261' title='bbox 1532 2027 1859 2098; x_wconf 89' lang='lat' dir='ltr'><strong>Potsquam</strong></span> <span class='ocrx_word' id='word_1_262' title='bbox 1881 2028 1955 2083; x_wconf 89' lang='lat' dir='ltr'><strong>de</strong></span> <span class='ocrx_word' id='word_1_263' title='bbox 1979 2028 2131 2099; x_wconf 90' lang='lat' dir='ltr'><strong>seip-</strong></span> 
     </span>
    </p>
   </div>
   <div class='ocr_carea' id='block_1_38' title="bbox 459 2113 2128 2187">
    <p class='ocr_par' dir='ltr' id='par_1_38' title="bbox 459 2113 2128 2187">
     <span class='ocr_line' id='line_1_38' title="bbox 459 2113 2128 2187; baseline 0.004 -20"><span class='ocrx_word' id='word_1_264' title='bbox 459 2128 526 2169; x_wconf 89' lang='lat' dir='ltr'><strong>so</strong></span> <span class='ocrx_word' id='word_1_265' title='bbox 554 2113 721 2179; x_wconf 84' lang='lat' dir='ltr'><strong>dixit,</strong></span> <span class='ocrx_word' id='word_1_266' title='bbox 750 2117 918 2187; x_wconf 89' lang='lat' dir='ltr'><strong>quod</strong></span> <span class='ocrx_word' id='word_1_267' title='bbox 943 2118 1208 2173; x_wconf 83' lang='lat' dir='ltr'><strong>futurum</strong></span> <span class='ocrx_word' id='word_1_268' title='bbox 1247 2120 1335 2172; x_wconf 89' lang='lat' dir='ltr'><strong>est</strong></span> <span class='ocrx_word' id='word_1_269' title='bbox 1364 2124 1425 2171; x_wconf 90' lang='lat' dir='ltr'><strong>ut</strong></span> <span class='ocrx_word' id='word_1_270' title='bbox 1457 2116 1656 2171; x_wconf 80' lang='lat' dir='ltr'><strong>veniat</strong></span> <span class='ocrx_word' id='word_1_271' title='bbox 1686 2116 1744 2169; x_wconf 89' lang='lat' dir='ltr'><strong>in</strong></span> <span class='ocrx_word' id='word_1_272' title='bbox 1771 2115 1959 2185; x_wconf 85' lang='lat' dir='ltr'><strong>gloria</strong></span> <span class='ocrx_word' id='word_1_273' title='bbox 1990 2132 2128 2173; x_wconf 90' lang='lat' dir='ltr'><strong>cum</strong></span> 
     </span>
    </p>
   </div>
   <div class='ocr_carea' id='block_1_39' title="bbox 459 2203 2131 2278">
    <p class='ocr_par' dir='ltr' id='par_1_39' title="bbox 459 2203 2131 2278">
     <span class='ocr_line' id='line_1_39' title="bbox 459 2203 2131 2278; baseline 0.002 -20"><span class='ocrx_word' id='word_1_274' title='bbox 459 2203 730 2258; x_wconf 85' lang='lat' dir='ltr'><strong>satellitio</strong></span> <span class='ocrx_word' id='word_1_275' title='bbox 757 2220 825 2259; x_wconf 89' lang='lat' dir='ltr'><strong>ac</strong></span> <span class='ocrx_word' id='word_1_276' title='bbox 847 2207 1133 2263; x_wconf 89' lang='lat' dir='ltr'><strong>comitatu</strong></span> <span class='ocrx_word' id='word_1_277' title='bbox 1148 2205 1621 2278; x_wconf 73' lang='lat' dir='ltr'><strong>etpreemissione</strong></span> <span class='ocrx_word' id='word_1_278' title='bbox 1640 2204 2015 2272; x_wconf 75' lang='lat' dir='ltr'><strong>angelorum,</strong></span> <span class='ocrx_word' id='word_1_279' title='bbox 2035 2222 2131 2262; x_wconf 94' lang='lat' dir='ltr'><strong>co-</strong></span> 
     </span>
    </p>
   </div>
   <div class='ocr_carea' id='block_1_40' title="bbox 461 2293 2131 2367">
    <p class='ocr_par' dir='ltr' id='par_1_40' title="bbox 461 2293 2131 2367">
     <span class='ocr_line' id='line_1_40' title="bbox 461 2293 2131 2367; baseline 0.003 -20"><span class='ocrx_word' id='word_1_280' title='bbox 461 2293 803 2365; x_wconf 90' lang='lat' dir='ltr'><strong>gnitoquod</strong></span> <span class='ocrx_word' id='word_1_281' title='bbox 822 2295 1098 2367; x_wconf 90' lang='lat' dir='ltr'><strong>discipuli</strong></span> <span class='ocrx_word' id='word_1_282' title='bbox 1111 2296 1186 2352; x_wconf 92' lang='lat' dir='ltr'><strong>de</strong></span> <span class='ocrx_word' id='word_1_283' title='bbox 1202 2296 1317 2351; x_wconf 91' lang='lat' dir='ltr'><strong>hoc</strong></span> <span class='ocrx_word' id='word_1_284' title='bbox 1336 2310 1615 2351; x_wconf 90' lang='lat' dir='ltr'><strong>sermone</strong></span> <span class='ocrx_word' id='word_1_285' title='bbox 1633 2294 1975 2351; x_wconf 76' lang='lat' dir='ltr'><strong>difﬁderent</strong></span> <span class='ocrx_word' id='word_1_286' title='bbox 1991 2312 2131 2352; x_wconf 91' lang='lat' dir='ltr'><strong>con-</strong></span> 
     </span>
    </p>
   </div>
   <div class='ocr_carea' id='block_1_41' title="bbox 457 2382 2129 2458">
    <p class='ocr_par' dir='ltr' id='par_1_41' title="bbox 457 2382 2129 2458">
     <span class='ocr_line' id='line_1_41' title="bbox 457 2382 2129 2458; baseline 0.003 -20"><span class='ocrx_word' id='word_1_287' title='bbox 457 2382 660 2438; x_wconf 85' lang='lat' dir='ltr'><strong>ﬁrmat</strong></span> <span class='ocrx_word' id='word_1_288' title='bbox 680 2382 847 2439; x_wconf 92' lang='lat' dir='ltr'><strong>illum</strong></span> <span class='ocrx_word' id='word_1_289' title='bbox 875 2385 1245 2457; x_wconf 66' lang='lat' dir='ltr'><strong>prmmittens</strong></span> <span class='ocrx_word' id='word_1_290' title='bbox 1268 2385 1404 2457; x_wconf 84' lang='lat' dir='ltr'><strong>(cc),</strong></span> <span class='ocrx_word' id='word_1_291' title='bbox 1438 2385 1601 2456; x_wconf 90' lang='lat' dir='ltr'><strong>quod</strong></span> <span class='ocrx_word' id='word_1_292' title='bbox 1634 2400 1754 2440; x_wconf 94' lang='lat' dir='ltr'><strong>non</strong></span> <span class='ocrx_word' id='word_1_293' title='bbox 1790 2385 1976 2441; x_wconf 89' lang='lat' dir='ltr'><strong>multo</strong></span> <span class='ocrx_word' id='word_1_294' title='bbox 1998 2392 2129 2458; x_wconf 86' lang='lat' dir='ltr'><strong>post</strong></span> 
     </span>
    </p>
   </div>
   <div class='ocr_carea' id='block_1_42' title="bbox 456 2471 2129 2545">
    <p class='ocr_par' dir='ltr' id='par_1_42' title="bbox 456 2471 2129 2545">
     <span class='ocr_line' id='line_1_42' title="bbox 456 2471 2129 2545; baseline 0.004 -19"><span class='ocrx_word' id='word_1_295' title='bbox 456 2471 709 2545; x_wconf 90' lang='lat' dir='ltr'><strong>quidam</strong></span> <span class='ocrx_word' id='word_1_296' title='bbox 757 2489 820 2529; x_wconf 91' lang='lat' dir='ltr'><strong>se</strong></span> <span class='ocrx_word' id='word_1_297' title='bbox 850 2474 1029 2530; x_wconf 83' lang='lat' dir='ltr'><strong>visuri</strong></span> <span class='ocrx_word' id='word_1_298' title='bbox 1060 2480 1254 2531; x_wconf 86' lang='lat' dir='ltr'><strong>essent</strong></span> <span class='ocrx_word' id='word_1_299' title='bbox 1283 2475 1345 2530; x_wconf 91' lang='lat' dir='ltr'><strong>in</strong></span> <span class='ocrx_word' id='word_1_300' title='bbox 1384 2475 1573 2544; x_wconf 87' lang='lat' dir='ltr'><strong>gloria</strong></span> <span class='ocrx_word' id='word_1_301' title='bbox 1608 2496 1617 2538; x_wconf 87' lang='lat'><strong>;</strong></span> <span class='ocrx_word' id='word_1_302' title='bbox 1652 2475 1808 2531; x_wconf 90' lang='lat' dir='ltr'><strong>hanc</strong></span> <span class='ocrx_word' id='word_1_303' title='bbox 1846 2475 2008 2533; x_wconf 92' lang='lat' dir='ltr'><strong>enim</strong></span> <span class='ocrx_word' id='word_1_304' title='bbox 2043 2493 2129 2532; x_wconf 93' lang='lat' dir='ltr'><strong>re-</strong></span> 
     </span>
    </p>
   </div>
   <div class='ocr_carea' id='block_1_43' title="bbox 458 2563 2127 2633">
    <p class='ocr_par' dir='ltr' id='par_1_43' title="bbox 458 2563 2127 2633">
     <span class='ocr_line' id='line_1_43' title="bbox 458 2563 2127 2633; baseline 0.004 -19"><span class='ocrx_word' id='word_1_305' title='bbox 458 2574 649 2630; x_wconf 87' lang='lat' dir='ltr'><strong>gnum</strong></span> <span class='ocrx_word' id='word_1_306' title='bbox 668 2577 826 2617; x_wconf 91' lang='lat' dir='ltr'><strong>nunc</strong></span> <span class='ocrx_word' id='word_1_307' title='bbox 852 2564 1098 2619; x_wconf 87' lang='lat' dir='ltr'><strong>vocavit.</strong></span> <span class='ocrx_word' id='word_1_308' title='bbox 1131 2563 1523 2633; x_wconf 88' lang='lat' dir='ltr'><strong>Signiﬁcabat</strong></span> <span class='ocrx_word' id='word_1_309' title='bbox 1551 2568 1753 2619; x_wconf 90' lang='lat' dir='ltr'><strong>autem</strong></span> <span class='ocrx_word' id='word_1_310' title='bbox 1785 2580 1908 2620; x_wconf 57' lang='lat' dir='ltr'><strong>suae</strong></span> <span class='ocrx_word' id='word_1_311' title='bbox 1940 2568 2127 2621; x_wconf 88' lang='lat' dir='ltr'><strong>trans-</strong></span> 
     </span>
    </p>
   </div>
   <div class='ocr_carea' id='block_1_44' title="bbox 456 2649 2126 2726">
    <p class='ocr_par' dir='ltr' id='par_1_44' title="bbox 456 2649 2126 2726">
     <span class='ocr_line' id='line_1_44' title="bbox 456 2649 2126 2726; baseline 0.004 -22"><span class='ocrx_word' id='word_1_312' title='bbox 456 2649 831 2706; x_wconf 87' lang='lat' dir='ltr'><strong>formationis</strong></span> <span class='ocrx_word' id='word_1_313' title='bbox 873 2651 1279 2723; x_wconf 87' lang='lat' dir='ltr'><strong>splendorem,</strong></span> <span class='ocrx_word' id='word_1_314' title='bbox 1308 2668 1491 2725; x_wconf 91' lang='lat' dir='ltr'><strong>quem</strong></span> <span class='ocrx_word' id='word_1_315' title='bbox 1525 2658 1662 2725; x_wconf 88' lang='lat' dir='ltr'><strong>post</strong></span> <span class='ocrx_word' id='word_1_316' title='bbox 1687 2654 1864 2709; x_wconf 87' lang='lat' dir='ltr'><strong>breve</strong></span> <span class='ocrx_word' id='word_1_317' title='bbox 1889 2658 2126 2726; x_wconf 87' lang='lat' dir='ltr'><strong>tempus</strong></span> 
     </span>
    </p>
   </div>
   <div class='ocr_carea' id='block_1_45' title="bbox 457 2738 2124 2809">
    <p class='ocr_par' dir='ltr' id='par_1_45' title="bbox 457 2738 2124 2809">
     <span class='ocr_line' id='line_1_45' title="bbox 457 2738 2124 2809; baseline 0.004 -15"><span class='ocrx_word' id='word_1_318' title='bbox 457 2738 972 2797; x_wconf 88' lang='lat' dir='ltr'><strong>demonstraturus</strong></span> <span class='ocrx_word' id='word_1_319' title='bbox 989 2748 1114 2798; x_wconf 91' lang='lat' dir='ltr'><strong>erat</strong></span> <span class='ocrx_word' id='word_1_320' title='bbox 1147 2745 1331 2809; x_wconf 88' lang='lat' dir='ltr'><strong>Petro,</strong></span> <span class='ocrx_word' id='word_1_321' title='bbox 1357 2743 1584 2799; x_wconf 88' lang='lat' dir='ltr'><strong>Jacobo</strong></span> <span class='ocrx_word' id='word_1_322' title='bbox 1603 2748 1657 2798; x_wconf 84' lang='lat' dir='ltr'><strong>et</strong></span> <span class='ocrx_word' id='word_1_323' title='bbox 1682 2745 1898 2800; x_wconf 84' lang='lat' dir='ltr'><strong>Joanni</strong></span> <span class='ocrx_word' id='word_1_324' title='bbox 1933 2760 1943 2799; x_wconf 95' lang='lat'>:</span> <span class='ocrx_word' id='word_1_325' title='bbox 1980 2760 2124 2801; x_wconf 93' lang='lat' dir='ltr'><strong>nam</strong></span> 
     </span>
    </p>
   </div>
   <div class='ocr_carea' id='block_1_46' title="bbox 456 2826 2124 2905">
    <p class='ocr_par' dir='ltr' id='par_1_46' title="bbox 456 2826 2124 2905">
     <span class='ocr_line' id='line_1_46' title="bbox 456 2826 2124 2905; baseline 0.002 -19"><span class='ocrx_word' id='word_1_326' title='bbox 456 2826 532 2886; x_wconf 90' lang='lat' dir='ltr'><strong>de</strong></span> <span class='ocrx_word' id='word_1_327' title='bbox 560 2827 653 2883; x_wconf 91' lang='lat' dir='ltr'><strong>his</strong></span> <span class='ocrx_word' id='word_1_328' title='bbox 673 2828 819 2885; x_wconf 80' lang='lat' dir='ltr'><strong>dixit</strong></span> <span class='ocrx_word' id='word_1_329' title='bbox 850 2850 864 2890; x_wconf 85' lang='lat'><strong><em>:</em></strong></span> <span class='ocrx_word' id='word_1_330' title='bbox 894 2831 1308 2903; x_wconf 82' lang='lat' dir='ltr'><strong>Suntquidam</strong></span> <span class='ocrx_word' id='word_1_331' title='bbox 1340 2832 1437 2889; x_wconf 83' lang='lat' dir='ltr'><strong>hic</strong></span> <span class='ocrx_word' id='word_1_332' title='bbox 1454 2838 1693 2888; x_wconf 75' lang='lat' dir='ltr'><strong>stantes.</strong></span> <span class='ocrx_word' id='word_1_333' title='bbox 1723 2834 1996 2905; x_wconf 88' lang='lat' dir='ltr'><strong>Regnum</strong></span> <span class='ocrx_word' id='word_1_334' title='bbox 2021 2851 2124 2890; x_wconf 90' lang='lat' dir='ltr'><strong>au-</strong></span> 
     </span>
    </p>
   </div>
   <div class='ocr_carea' id='block_1_47' title="bbox 455 2919 2120 2997">
    <p class='ocr_par' dir='ltr' id='par_1_47' title="bbox 455 2919 2120 2997">
     <span class='ocr_line' id='line_1_47' title="bbox 455 2919 2120 2997; baseline 0.005 -24"><span class='ocrx_word' id='word_1_335' title='bbox 455 2921 576 2973; x_wconf 89' lang='lat' dir='ltr'><strong>tem</strong></span> <span class='ocrx_word' id='word_1_336' title='bbox 589 2934 765 2973; x_wconf 90' lang='lat' dir='ltr'><strong>suum</strong></span> <span class='ocrx_word' id='word_1_337' title='bbox 786 2919 911 2975; x_wconf 89' lang='lat' dir='ltr'><strong>sive</strong></span> <span class='ocrx_word' id='word_1_338' title='bbox 934 2919 1187 2990; x_wconf 87' lang='lat' dir='ltr'><strong>gloriam</strong></span> <span class='ocrx_word' id='word_1_339' title='bbox 1204 2937 1395 2987; x_wconf 89' lang='lat' dir='ltr'><strong>suam,</strong></span> <span class='ocrx_word' id='word_1_340' title='bbox 1420 2921 1801 2993; x_wconf 88' lang='lat' dir='ltr'><strong>splendorem</strong></span> <span class='ocrx_word' id='word_1_341' title='bbox 1824 2923 1992 2997; x_wconf 85' lang='lat' dir='ltr'><strong>illum</strong></span> <span class='ocrx_word' id='word_1_342' title='bbox 2016 2940 2120 2981; x_wconf 90' lang='lat' dir='ltr'><strong>no-</strong></span> 
     </span>
    </p>
   </div>
   <div class='ocr_carea' id='block_1_48' title="bbox 454 3007 2118 3083">
    <p class='ocr_par' dir='ltr' id='par_1_48' title="bbox 454 3007 2118 3083">
     <span class='ocr_line' id='line_1_48' title="bbox 454 3007 2118 3083; baseline 0.004 -21"><span class='ocrx_word' id='word_1_343' title='bbox 454 3007 727 3073; x_wconf 90' lang='lat' dir='ltr'><strong>minavit,</strong></span> <span class='ocrx_word' id='word_1_344' title='bbox 770 3026 905 3065; x_wconf 93' lang='lat' dir='ltr'><strong>cum</strong></span> <span class='ocrx_word' id='word_1_345' title='bbox 956 3027 1078 3083; x_wconf 89' lang='lat' dir='ltr'><strong>quo</strong></span> <span class='ocrx_word' id='word_1_346' title='bbox 1123 3012 1517 3083; x_wconf 88' lang='lat' dir='ltr'><strong>postmodum</strong></span> <span class='ocrx_word' id='word_1_347' title='bbox 1567 3012 1967 3069; x_wconf 89' lang='lat' dir='ltr'><strong>descensurus</strong></span> <span class='ocrx_word' id='word_1_348' title='bbox 2011 3020 2118 3081; x_wconf 92' lang='lat' dir='ltr'><strong>est,</strong></span> 
     </span>
    </p>
   </div>
   <div class='ocr_carea' id='block_1_49' title="bbox 453 3098 2117 3175">
    <p class='ocr_par' dir='ltr' id='par_1_49' title="bbox 453 3098 2117 3175">
     <span class='ocr_line' id='line_1_49' title="bbox 453 3098 2117 3175; baseline 0.006 -23"><span class='ocrx_word' id='word_1_349' title='bbox 453 3098 690 3169; x_wconf 86' lang='lat' dir='ltr'><strong>quando</strong></span> <span class='ocrx_word' id='word_1_350' title='bbox 716 3099 919 3156; x_wconf 91' lang='lat' dir='ltr'><strong>reddet</strong></span> <span class='ocrx_word' id='word_1_351' title='bbox 940 3101 1261 3173; x_wconf 90' lang='lat' dir='ltr'><strong>unicuique</strong></span> <span class='ocrx_word' id='word_1_352' title='bbox 1270 3102 1288 3172; x_wconf 91' lang='lat' dir='ltr'><strong>j</strong></span> <span class='ocrx_word' id='word_1_353' title='bbox 1301 3108 1442 3157; x_wconf 88' lang='lat' dir='ltr'><strong>uxta</strong></span> <span class='ocrx_word' id='word_1_354' title='bbox 1458 3101 1519 3157; x_wconf 92' lang='lat' dir='ltr'><strong>id</strong></span> <span class='ocrx_word' id='word_1_355' title='bbox 1535 3102 1699 3175; x_wconf 94' lang='lat' dir='ltr'><strong>quod</strong></span> <span class='ocrx_word' id='word_1_356' title='bbox 1714 3108 1995 3175; x_wconf 89' lang='lat' dir='ltr'><strong>operatus</strong></span> <span class='ocrx_word' id='word_1_357' title='bbox 2010 3109 2117 3162; x_wconf 89' lang='lat' dir='ltr'><strong>est.</strong></span> 
     </span>
    </p>
   </div>
   <div class='ocr_carea' id='block_1_50' title="bbox 455 3187 1855 3264">
    <p class='ocr_par' dir='ltr' id='par_1_50' title="bbox 455 3187 1855 3264">
     <span class='ocr_line' id='line_1_50' title="bbox 455 3187 1855 3264; baseline 0.005 -21"><span class='ocrx_word' id='word_1_358' title='bbox 455 3187 797 3253; x_wconf 75' lang='lat' dir='ltr'><strong>Yenientem</strong></span> <span class='ocrx_word' id='word_1_359' title='bbox 820 3204 959 3246; x_wconf 89' lang='lat' dir='ltr'><strong>vero</strong></span> <span class='ocrx_word' id='word_1_360' title='bbox 990 3190 1159 3263; x_wconf 85' lang='lat' dir='ltr'><strong>dixit,</strong></span> <span class='ocrx_word' id='word_1_361' title='bbox 1188 3190 1304 3247; x_wconf 91' lang='lat' dir='ltr'><strong>hoc</strong></span> <span class='ocrx_word' id='word_1_362' title='bbox 1326 3195 1415 3248; x_wconf 91' lang='lat' dir='ltr'><strong>est</strong></span> <span class='ocrx_word' id='word_1_363' title='bbox 1444 3197 1855 3264; x_wconf 89' lang='lat' dir='ltr'><strong>apparentem.</strong></span> 
     </span>
    </p>
   </div>
   <div class='ocr_carea' id='block_1_51' title="bbox 611 3403 1949 3475">
    <p class='ocr_par' dir='ltr' id='par_1_51' title="bbox 611 3403 1949 3475">
     <span class='ocr_line' id='line_1_51' title="bbox 611 3403 1949 3475; baseline 0.005 -17"><span class='ocrx_word' id='word_1_364' title='bbox 611 3403 766 3458; x_wconf 85' lang='lat' dir='ltr'><strong>CAP.</strong></span> <span class='ocrx_word' id='word_1_365' title='bbox 796 3405 1016 3459; x_wconf 80' lang='lat' dir='ltr'><strong>XXXIV-</strong></span> <span class='ocrx_word' id='word_1_366' title='bbox 1042 3405 1128 3461; x_wconf 89' lang='lat' dir='ltr'><strong>De</strong></span> <span class='ocrx_word' id='word_1_367' title='bbox 1150 3405 1669 3475; x_wconf 79' lang='lat' dir='ltr'><strong>transformatione</strong></span> <span class='ocrx_word' id='word_1_368' title='bbox 1701 3408 1949 3467; x_wconf 76' lang='lat' dir='ltr'><strong>Christi.</strong></span> 
     </span>
    </p>
   </div>
   <div class='ocr_carea' id='block_1_52' title="bbox 523 3491 2121 3565">
    <p class='ocr_par' dir='ltr' id='par_1_52' title="bbox 523 3491 2121 3565">
     <span class='ocr_line' id='line_1_52' title="bbox 523 3491 2121 3565; baseline 0.006 -19"><span class='ocrx_word' id='word_1_369' title='bbox 523 3491 677 3546; x_wconf 87' lang='lat' dir='ltr'><strong>CAP.</strong></span> <span class='ocrx_word' id='word_1_370' title='bbox 712 3494 847 3548; x_wconf 85' lang='lat' dir='ltr'><strong>XVII</strong></span> <span class='ocrx_word' id='word_1_371' title='bbox 878 3493 1041 3547; x_wconf 88' lang='lat' dir='ltr'><strong>Vers.</strong></span> <span class='ocrx_word' id='word_1_372' title='bbox 1081 3498 1127 3548; x_wconf 84' lang='grc'><strong>1.</strong></span> <span class='ocrx_word' id='word_1_373' title='bbox 1161 3494 1237 3548; x_wconf 83' lang='grc' dir='ltr'>Ει</span> <span class='ocrx_word' id='word_1_374' title='bbox 1258 3501 1387 3563; x_wconf 81' lang='lat' dir='ltr'><strong>post</strong></span> <span class='ocrx_word' id='word_1_375' title='bbox 1416 3525 1470 3536; x_wconf 93' lang='lat'><strong>-—</strong></span> <span class='ocrx_word' id='word_1_376' title='bbox 1498 3496 1652 3565; x_wconf 85' lang='lat' dir='ltr'><strong>ejus.</strong></span> <span class='ocrx_word' id='word_1_377' title='bbox 1703 3497 1894 3553; x_wconf 86' lang='lat' dir='ltr'><strong>Lucas</strong></span> <span class='ocrx_word' id='word_1_378' title='bbox 1920 3503 2121 3557; x_wconf 88' lang='lat' dir='ltr'><strong>autem</strong></span> 
     </span>
    </p>
   </div>
   <div class='ocr_carea' id='block_1_53' title="bbox 453 3582 2123 3650">
    <p class='ocr_par' dir='ltr' id='par_1_53' title="bbox 453 3582 2123 3650">
     <span class='ocr_line' id='line_1_53' title="bbox 453 3582 2123 3650; baseline 0.005 -13"><span class='ocrx_word' id='word_1_379' title='bbox 453 3582 601 3637; x_wconf 91' lang='lat' dir='ltr'><strong>dixit</strong></span> <span class='ocrx_word' id='word_1_380' title='bbox 630 3598 643 3636; x_wconf 89' lang='lat'><strong>:</strong></span> <span class='ocrx_word' id='word_1_381' title='bbox 677 3584 818 3637; x_wconf 81' lang='lat' dir='ltr'><strong>Post</strong></span> <span class='ocrx_word' id='word_1_382' title='bbox 842 3589 970 3638; x_wconf 67' lang='lat' dir='ltr'><strong>orto</strong></span> <span class='ocrx_word' id='word_1_383' title='bbox 996 3584 1066 3650; x_wconf 77' lang='lat'><strong>97,</strong></span> <span class='ocrx_word' id='word_1_384' title='bbox 1099 3595 1210 3638; x_wconf 88' lang='lat' dir='ltr'><strong>nec</strong></span> <span class='ocrx_word' id='word_1_385' title='bbox 1258 3588 1458 3640; x_wconf 90' lang='lat' dir='ltr'><strong>tamen</strong></span> <span class='ocrx_word' id='word_1_386' title='bbox 1504 3587 1835 3642; x_wconf 88' lang='lat' dir='ltr'><strong>contrarius</strong></span> <span class='ocrx_word' id='word_1_387' title='bbox 1880 3592 1985 3645; x_wconf 89' lang='lat' dir='ltr'><strong>est.</strong></span> <span class='ocrx_word' id='word_1_388' title='bbox 2038 3589 2123 3645; x_wconf 93' lang='lat' dir='ltr'><strong>Si-</strong></span> 
     </span>
    </p>
   </div>
   <div class='ocr_carea' id='block_1_54' title="bbox 450 3670 2121 3743">
    <p class='ocr_par' dir='ltr' id='par_1_54' title="bbox 450 3670 2121 3743">
     <span class='ocr_line' id='line_1_54' title="bbox 450 3670 2121 3743; baseline 0.007 -20"><span class='ocrx_word' id='word_1_389' title='bbox 450 3670 700 3742; x_wconf 85' lang='lat' dir='ltr'><strong>quidem</strong></span> <span class='ocrx_word' id='word_1_390' title='bbox 740 3671 1163 3727; x_wconf 90' lang='lat' dir='ltr'><strong>annumeravit</strong></span> <span class='ocrx_word' id='word_1_391' title='bbox 1189 3672 1287 3727; x_wconf 91' lang='lat' dir='ltr'><strong>ille</strong></span> <span class='ocrx_word' id='word_1_392' title='bbox 1319 3678 1376 3728; x_wconf 88' lang='lat' dir='ltr'><strong>et</strong></span> <span class='ocrx_word' id='word_1_393' title='bbox 1405 3673 1559 3729; x_wconf 92' lang='lat' dir='ltr'><strong>duos</strong></span> <span class='ocrx_word' id='word_1_394' title='bbox 1587 3675 1714 3730; x_wconf 89' lang='lat' dir='ltr'><strong>dies</strong></span> <span class='ocrx_word' id='word_1_395' title='bbox 1746 3676 1913 3743; x_wconf 89' lang='lat' dir='ltr'><strong>alios,</strong></span> <span class='ocrx_word' id='word_1_396' title='bbox 1960 3679 2121 3735; x_wconf 89' lang='lat' dir='ltr'><strong>hunc</strong></span> 
     </span>
    </p>
   </div>
   <div class='ocr_carea' id='block_1_55' title="bbox 451 3757 2118 3838">
    <p class='ocr_par' dir='ltr' id='par_1_55' title="bbox 451 3757 2118 3838">
     <span class='ocr_line' id='line_1_55' title="bbox 451 3757 2118 3838; baseline 0.004 -24"><span class='ocrx_word' id='word_1_397' title='bbox 451 3757 721 3814; x_wconf 86' lang='lat' dir='ltr'><strong>videlicet</strong></span> <span class='ocrx_word' id='word_1_398' title='bbox 744 3758 911 3830; x_wconf 87' lang='lat' dir='ltr'><strong>quod</strong></span> <span class='ocrx_word' id='word_1_399' title='bbox 934 3758 1220 3830; x_wconf 68' lang='lat' dir='ltr'><strong>praedicta</strong></span> <span class='ocrx_word' id='word_1_400' title='bbox 1236 3760 1472 3816; x_wconf 91' lang='lat' dir='ltr'><strong>locutus</strong></span> <span class='ocrx_word' id='word_1_401' title='bbox 1493 3767 1580 3818; x_wconf 91' lang='lat' dir='ltr'><strong>est</strong></span> <span class='ocrx_word' id='word_1_402' title='bbox 1600 3764 1767 3819; x_wconf 84' lang='lat' dir='ltr'><strong>Jesus</strong></span> <span class='ocrx_word' id='word_1_403' title='bbox 1786 3765 2118 3838; x_wconf 89' lang='lat' dir='ltr'><strong>discipulis,</strong></span> 
     </span>
    </p>
   </div>
   <div class='ocr_carea' id='block_1_56' title="bbox 453 3846 2121 3922">
    <p class='ocr_par' dir='ltr' id='par_1_56' title="bbox 453 3846 2121 3922">
     <span class='ocr_line' id='line_1_56' title="bbox 453 3846 2121 3922; baseline 0.005 -19"><span class='ocrx_word' id='word_1_404' title='bbox 453 3851 509 3903; x_wconf 89' lang='lat' dir='ltr'><strong>et</strong></span> <span class='ocrx_word' id='word_1_405' title='bbox 537 3863 672 3903; x_wconf 89' lang='lat' dir='ltr'><strong>eum</strong></span> <span class='ocrx_word' id='word_1_406' title='bbox 705 3862 828 3919; x_wconf 88' lang='lat' dir='ltr'><strong>quo</strong></span> <span class='ocrx_word' id='word_1_407' title='bbox 868 3846 1000 3903; x_wconf 91' lang='lat' dir='ltr'><strong>illos</strong></span> <span class='ocrx_word' id='word_1_408' title='bbox 1031 3850 1359 3922; x_wconf 89' lang='lat' dir='ltr'><strong>assumpsit</strong></span> <span class='ocrx_word' id='word_1_409' title='bbox 1392 3867 1405 3915; x_wconf 88' lang='lat'><strong>;</strong></span> <span class='ocrx_word' id='word_1_410' title='bbox 1432 3851 1743 3909; x_wconf 77' lang='lat' dir='ltr'><strong>Mattheeus</strong></span> <span class='ocrx_word' id='word_1_411' title='bbox 1782 3871 1920 3910; x_wconf 90' lang='lat' dir='ltr'><strong>vero</strong></span> <span class='ocrx_word' id='word_1_412' title='bbox 1952 3861 2121 3912; x_wconf 89' lang='lat' dir='ltr'><strong>utro-</strong></span> 
     </span>
    </p>
   </div>
   <div class='ocr_carea' id='block_1_57' title="bbox 453 3938 2121 4012">
    <p class='ocr_par' dir='ltr' id='par_1_57' title="bbox 453 3938 2121 4012">
     <span class='ocr_line' id='line_1_57' title="bbox 453 3938 2121 4012; baseline 0.008 -21"><span class='ocrx_word' id='word_1_413' title='bbox 453 3952 570 4010; x_wconf 90' lang='lat' dir='ltr'><strong>que</strong></span> <span class='ocrx_word' id='word_1_414' title='bbox 585 3938 1001 4009; x_wconf 70' lang='lat' dir='ltr'><strong>praatermisso,</strong></span> <span class='ocrx_word' id='word_1_415' title='bbox 1024 3939 1252 3995; x_wconf 91' lang='lat' dir='ltr'><strong>medios</strong></span> <span class='ocrx_word' id='word_1_416' title='bbox 1268 3945 1499 3997; x_wconf 91' lang='lat' dir='ltr'><strong>tantum</strong></span> <span class='ocrx_word' id='word_1_417' title='bbox 1514 3944 1905 4001; x_wconf 89' lang='lat' dir='ltr'><strong>enumeravit.</strong></span> <span class='ocrx_word' id='word_1_418' title='bbox 1928 3948 2121 4012; x_wconf 87' lang='lat' dir='ltr'><strong>Quare</strong></span> 
     </span>
    </p>
   </div>
   <div class='ocr_carea' id='block_1_58' title="bbox 453 4026 2117 4103">
    <p class='ocr_par' dir='ltr' id='par_1_58' title="bbox 453 4026 2117 4103">
     <span class='ocr_line' id='line_1_58' title="bbox 453 4026 2117 4103; baseline 0.005 -18"><span class='ocrx_word' id='word_1_419' title='bbox 453 4032 656 4085; x_wconf 85' lang='lat' dir='ltr'><strong>autem</strong></span> <span class='ocrx_word' id='word_1_420' title='bbox 681 4026 840 4082; x_wconf 89' lang='lat' dir='ltr'><strong>solos</strong></span> <span class='ocrx_word' id='word_1_421' title='bbox 865 4026 976 4083; x_wconf 90' lang='lat' dir='ltr'><strong>hos</strong></span> <span class='ocrx_word' id='word_1_422' title='bbox 1001 4032 1117 4083; x_wconf 88' lang='lat' dir='ltr'><strong>tres</strong></span> <span class='ocrx_word' id='word_1_423' title='bbox 1146 4031 1489 4102; x_wconf 88' lang='lat' dir='ltr'><strong>assumpsit,</strong></span> <span class='ocrx_word' id='word_1_424' title='bbox 1515 4047 1637 4088; x_wconf 94' lang='lat' dir='ltr'><strong>non</strong></span> <span class='ocrx_word' id='word_1_425' title='bbox 1661 4034 1844 4090; x_wconf 93' lang='lat' dir='ltr'><strong>modo</strong></span> <span class='ocrx_word' id='word_1_426' title='bbox 1863 4040 2117 4103; x_wconf 89' lang='lat' dir='ltr'><strong>tantum,</strong></span> 
     </span>
    </p>
   </div>
   <div class='ocr_carea' id='block_1_59' title="bbox 454 4116 2123 4195">
    <p class='ocr_par' dir='ltr' id='par_1_59' title="bbox 454 4116 2123 4195">
     <span class='ocr_line' id='line_1_59' title="bbox 454 4116 2123 4195; baseline 0.005 -22"><span class='ocrx_word' id='word_1_427' title='bbox 454 4116 562 4173; x_wconf 88' lang='lat' dir='ltr'><strong>sed</strong></span> <span class='ocrx_word' id='word_1_428' title='bbox 598 4120 655 4173; x_wconf 90' lang='lat' dir='ltr'><strong>et</strong></span> <span class='ocrx_word' id='word_1_429' title='bbox 683 4116 830 4173; x_wconf 90' lang='lat' dir='ltr'><strong>alias</strong></span> <span class='ocrx_word' id='word_1_430' title='bbox 860 4116 1253 4190; x_wconf 84' lang='lat' dir='ltr'><strong>frequentius,</strong></span> <span class='ocrx_word' id='word_1_431' title='bbox 1298 4120 1448 4177; x_wconf 90' lang='lat' dir='ltr'><strong>sicut</strong></span> <span class='ocrx_word' id='word_1_432' title='bbox 1488 4122 1550 4177; x_wconf 92' lang='lat' dir='ltr'><strong>in</strong></span> <span class='ocrx_word' id='word_1_433' title='bbox 1588 4118 1916 4195; x_wconf 82' lang='lat' dir='ltr'><strong>progressu</strong></span> <span class='ocrx_word' id='word_1_434' title='bbox 1960 4127 2123 4183; x_wconf 88' lang='lat' dir='ltr'><strong>inve-</strong></span> 
     </span>
    </p>
   </div>
   <div class='ocr_carea' id='block_1_60' title="bbox 452 4206 2121 4284">
    <p class='ocr_par' dir='ltr' id='par_1_60' title="bbox 452 4206 2121 4284">
     <span class='ocr_line' id='line_1_60' title="bbox 452 4206 2121 4284; baseline 0.006 -20"><span class='ocrx_word' id='word_1_435' title='bbox 452 4207 690 4264; x_wconf 88' lang='lat' dir='ltr'><strong>niemus</strong></span> <span class='ocrx_word' id='word_1_436' title='bbox 747 4206 774 4261; x_wconf 85' lang='lat'><strong>?</strong></span> <span class='ocrx_word' id='word_1_437' title='bbox 823 4206 973 4275; x_wconf 90' lang='lat' dir='ltr'><strong>Quia</strong></span> <span class='ocrx_word' id='word_1_438' title='bbox 1026 4211 1253 4265; x_wconf 68' lang='lat' dir='ltr'><strong>caeteris</strong></span> <span class='ocrx_word' id='word_1_439' title='bbox 1310 4210 1626 4283; x_wconf 89' lang='lat' dir='ltr'><strong>discipulis</strong></span> <span class='ocrx_word' id='word_1_440' title='bbox 1676 4218 2121 4284; x_wconf 70' lang='lat' dir='ltr'><strong>praestantiores</strong></span> 
     </span>
    </p>
   </div>
   <div class='ocr_carea' id='block_1_61' title="bbox 454 4296 2118 4377">
    <p class='ocr_par' dir='ltr' id='par_1_61' title="bbox 454 4296 2118 4377">
     <span class='ocr_line' id='line_1_61' title="bbox 454 4296 2118 4377; baseline 0.005 -26"><span class='ocrx_word' id='word_1_441' title='bbox 454 4299 621 4351; x_wconf 85' lang='lat' dir='ltr'><strong>erant</strong></span> <span class='ocrx_word' id='word_1_442' title='bbox 656 4317 668 4350; x_wconf 88' lang='lat'><strong>:</strong></span> <span class='ocrx_word' id='word_1_443' title='bbox 694 4297 896 4352; x_wconf 90' lang='lat' dir='ltr'><strong>Petrus</strong></span> <span class='ocrx_word' id='word_1_444' title='bbox 916 4296 1163 4368; x_wconf 89' lang='lat' dir='ltr'><strong>quidem</strong></span> <span class='ocrx_word' id='word_1_445' title='bbox 1190 4313 1260 4354; x_wconf 91' lang='lat' dir='ltr'><strong>eo</strong></span> <span class='ocrx_word' id='word_1_446' title='bbox 1277 4299 1444 4371; x_wconf 90' lang='lat' dir='ltr'><strong>quod</strong></span> <span class='ocrx_word' id='word_1_447' title='bbox 1471 4299 1647 4355; x_wconf 91' lang='lat' dir='ltr'><strong>valde</strong></span> <span class='ocrx_word' id='word_1_448' title='bbox 1665 4300 1933 4371; x_wconf 86' lang='lat' dir='ltr'><strong>diligeret</strong></span> <span class='ocrx_word' id='word_1_449' title='bbox 1959 4320 2118 4377; x_wconf 86' lang='lat' dir='ltr'><strong>eum,</strong></span> 
     </span>
    </p>
   </div>
   <div class='ocr_carea' id='block_1_62' title="bbox 452 4385 2119 4463">
    <p class='ocr_par' dir='ltr' id='par_1_62' title="bbox 452 4385 2119 4463">
     <span class='ocr_line' id='line_1_62' title="bbox 452 4385 2119 4463; baseline 0.007 -24"><span class='ocrx_word' id='word_1_450' title='bbox 452 4389 697 4457; x_wconf 88' lang='lat' dir='ltr'><strong>propter</strong></span> <span class='ocrx_word' id='word_1_451' title='bbox 707 4385 847 4441; x_wconf 89' lang='lat' dir='ltr'><strong>ﬁdei</strong></span> <span class='ocrx_word' id='word_1_452' title='bbox 859 4385 1154 4443; x_wconf 89' lang='lat' dir='ltr'><strong>fervorem</strong></span> <span class='ocrx_word' id='word_1_453' title='bbox 1170 4404 1183 4455; x_wconf 91' lang='lat'><strong>;</strong></span> <span class='ocrx_word' id='word_1_454' title='bbox 1198 4388 1459 4445; x_wconf 88' lang='lat' dir='ltr'><strong>Joannes</strong></span> <span class='ocrx_word' id='word_1_455' title='bbox 1477 4406 1619 4446; x_wconf 91' lang='lat' dir='ltr'><strong>vero</strong></span> <span class='ocrx_word' id='word_1_456' title='bbox 1631 4392 1771 4462; x_wconf 91' lang='lat' dir='ltr'><strong>quia</strong></span> <span class='ocrx_word' id='word_1_457' title='bbox 1788 4393 2119 4463; x_wconf 89' lang='lat' dir='ltr'><strong>plurimum</strong></span> 
     </span>
    </p>
   </div>
   <div class='ocr_carea' id='block_1_63' title="bbox 2238 1909 2674 1963">
    <p class='ocr_par' dir='ltr' id='par_1_63' title="bbox 2238 1909 2674 1963">
     <span class='ocr_line' id='line_1_63' title="bbox 2238 1909 2674 1963; baseline 0.005 -3"><span class='ocrx_word' id='word_1_458' title='bbox 2238 1909 2355 1961; x_wconf 81' lang='grc' dir='ltr'>τοῖλ)</span> <span class='ocrx_word' id='word_1_459' title='bbox 2366 1930 2398 1961; x_wconf 92' lang='grc' dir='ltr'><strong>α</strong></span> <span class='ocrx_word' id='word_1_460' title='bbox 2426 1912 2491 1962; x_wconf 86' lang='grc' dir='ltr'>τὰ</span> <span class='ocrx_word' id='word_1_461' title='bbox 2522 1911 2674 1963; x_wconf 80' lang='grc' dir='ltr'>αύτά.</span> 
     </span>
    </p>
   </div>
   <div class='ocr_carea' id='block_1_64' title="bbox 2311 2010 3848 2083">
    <p class='ocr_par' dir='ltr' id='par_1_64' title="bbox 2311 2010 3848 2083">
     <span class='ocr_line' id='line_1_64' title="bbox 2311 2010 3848 2083; baseline 0.002 -21"><span class='ocrx_word' id='word_1_462' title='bbox 2311 2010 2477 2082; x_wconf 78' lang='grc' dir='ltr'>Ἀμην</span> <span class='ocrx_word' id='word_1_463' title='bbox 2526 2041 2595 2051; x_wconf 97' lang='lat'><strong>—</strong></span> <span class='ocrx_word' id='word_1_464' title='bbox 2625 2010 2673 2062; x_wconf 82' lang='grc' dir='ltr'>ἐν</span> <span class='ocrx_word' id='word_1_465' title='bbox 2721 2019 2782 2083; x_wconf 76' lang='grc' dir='ltr'>τῇ</span> <span class='ocrx_word' id='word_1_466' title='bbox 2837 2010 3085 2083; x_wconf 82' lang='grc' dir='ltr'>βασιλείᾳ</span> <span class='ocrx_word' id='word_1_467' title='bbox 3136 2010 3317 2065; x_wconf 78' lang='grc' dir='ltr'>αὐτοῦ.</span> <span class='ocrx_word' id='word_1_468' title='bbox 3370 2011 3537 2063; x_wconf 79' lang='grc' dir='ltr'>Εἰπὼν</span> <span class='ocrx_word' id='word_1_469' title='bbox 3587 2014 3705 2082; x_wconf 80' lang='grc' dir='ltr'>περὶ</span> <span class='ocrx_word' id='word_1_470' title='bbox 3737 2010 3848 2081; x_wconf 82' lang='grc'><strong>(31)</strong></span> 
     </span>
    </p>
   </div>
   <div class='ocr_carea' id='block_1_65' title="bbox 2241 2097 3848 2175">
    <p class='ocr_par' dir='ltr' id='par_1_65' title="bbox 2241 2097 3848 2175">
     <span class='ocr_line' id='line_1_65' title="bbox 2241 2097 3848 2175; baseline 0 -24"><span class='ocrx_word' id='word_1_471' title='bbox 2241 2099 2443 2164; x_wconf 78' lang='grc' dir='ltr'>ἑαυτοῦ,</span> <span class='ocrx_word' id='word_1_472' title='bbox 2496 2102 2571 2151; x_wconf 89' lang='grc' dir='ltr'><strong>ότι</strong></span> <span class='ocrx_word' id='word_1_473' title='bbox 2600 2100 2769 2170; x_wconf 85' lang='grc' dir='ltr'>μέλλει</span> <span class='ocrx_word' id='word_1_474' title='bbox 2813 2102 3067 2175; x_wconf 82' lang='grc' dir='ltr'>ἔρχεσθαι</span> <span class='ocrx_word' id='word_1_475' title='bbox 3098 2100 3145 2153; x_wconf 83' lang='grc' dir='ltr'>ἐν</span> <span class='ocrx_word' id='word_1_476' title='bbox 3196 2097 3323 2173; x_wconf 69' lang='grc' dir='ltr'><strong>δόξῃ</strong></span> <span class='ocrx_word' id='word_1_477' title='bbox 3367 2102 3497 2173; x_wconf 84' lang='grc' dir='ltr'><strong>μετά</strong></span> <span class='ocrx_word' id='word_1_478' title='bbox 3528 2097 3848 2172; x_wconf 75' lang='grc' dir='ltr'>δορυφοριας</span> 
     </span>
    </p>
   </div>
   <div class='ocr_carea' id='block_1_66' title="bbox 2239 2189 3850 2262">
    <p class='ocr_par' dir='ltr' id='par_1_66' title="bbox 2239 2189 3850 2262">
     <span class='ocr_line' id='line_1_66' title="bbox 2239 2189 3850 2262; baseline 0 -22"><span class='ocrx_word' id='word_1_479' title='bbox 2239 2194 2328 2240; x_wconf 81' lang='grc' dir='ltr'>καὶ</span> <span class='ocrx_word' id='word_1_480' title='bbox 2382 2198 2697 2262; x_wconf 76' lang='grc' dir='ltr'>προπομπῆς</span> <span class='ocrx_word' id='word_1_481' title='bbox 2748 2198 2844 2242; x_wconf 79' lang='grc' dir='ltr'>τῶν</span> <span class='ocrx_word' id='word_1_482' title='bbox 2884 2189 3130 2261; x_wconf 84' lang='grc' dir='ltr'>ἀγγέλων,</span> <span class='ocrx_word' id='word_1_483' title='bbox 3172 2195 3262 2242; x_wconf 85' lang='grc' dir='ltr'>καὶ</span> <span class='ocrx_word' id='word_1_484' title='bbox 3311 2193 3466 2261; x_wconf 86' lang='grc' dir='ltr'>γνούς</span> <span class='ocrx_word' id='word_1_485' title='bbox 3515 2193 3631 2249; x_wconf 87' lang='grc' dir='ltr'>τοὺς</span> <span class='ocrx_word' id='word_1_486' title='bbox 3680 2191 3850 2260; x_wconf 88' lang='grc' dir='ltr'>μαθη-</span> 
     </span>
    </p>
   </div>
   <div class='ocr_carea' id='block_1_67' title="bbox 2238 2275 3845 2351">
    <p class='ocr_par' dir='ltr' id='par_1_67' title="bbox 2238 2275 3845 2351">
     <span class='ocr_line' id='line_1_67' title="bbox 2238 2275 3845 2351; baseline 0.001 -23"><span class='ocrx_word' id='word_1_487' title='bbox 2238 2282 2327 2338; x_wconf 82' lang='grc' dir='ltr'>τὰς</span> <span class='ocrx_word' id='word_1_488' title='bbox 2378 2275 2797 2341; x_wconf 82' lang='grc' dir='ltr'>δυσπιστοῦντας</span> <span class='ocrx_word' id='word_1_489' title='bbox 2836 2288 2908 2350; x_wconf 83' lang='grc' dir='ltr'>τῷ</span> <span class='ocrx_word' id='word_1_490' title='bbox 2953 2282 3172 2351; x_wconf 79' lang='grc' dir='ltr'>τοιούτῳ</span> <span class='ocrx_word' id='word_1_491' title='bbox 3199 2279 3356 2351; x_wconf 85' lang='grc' dir='ltr'>λόγῳ,</span> <span class='ocrx_word' id='word_1_492' title='bbox 3403 2277 3612 2351; x_wconf 73' lang='grc' dir='ltr'>βεϐαιοῖ</span> <span class='ocrx_word' id='word_1_493' title='bbox 3644 2286 3845 2344; x_wconf 80' lang='grc' dir='ltr'>τοῦτον,</span> 
     </span>
    </p>
   </div>
   <div class='ocr_carea' id='block_1_68' title="bbox 2238 2368 3849 2443">
    <p class='ocr_par' dir='ltr' id='par_1_68' title="bbox 2238 2368 3849 2443">
     <span class='ocr_line' id='line_1_68' title="bbox 2238 2368 3849 2443; baseline -0.001 -24"><span class='ocrx_word' id='word_1_494' title='bbox 2238 2370 2529 2443; x_wconf 84' lang='grc' dir='ltr'>πρστιθεὶς,</span> <span class='ocrx_word' id='word_1_495' title='bbox 2582 2371 2662 2421; x_wconf 85' lang='grc' dir='ltr'>ὅτι</span> <span class='ocrx_word' id='word_1_496' title='bbox 2720 2369 2813 2421; x_wconf 87' lang='grc' dir='ltr'><strong>ούκ</strong></span> <span class='ocrx_word' id='word_1_497' title='bbox 2864 2369 2935 2429; x_wconf 83' lang='grc' dir='ltr'>εὶς</span> <span class='ocrx_word' id='word_1_498' title='bbox 2983 2372 3187 2443; x_wconf 87' lang='grc' dir='ltr'>μακράν</span> <span class='ocrx_word' id='word_1_499' title='bbox 3236 2388 3365 2431; x_wconf 84' lang='grc' dir='ltr'>τινες</span> <span class='ocrx_word' id='word_1_500' title='bbox 3410 2368 3579 2420; x_wconf 81' lang='grc' dir='ltr'>αὐτῶν</span> <span class='ocrx_word' id='word_1_501' title='bbox 3632 2368 3849 2438; x_wconf 68' lang='grc' dir='ltr'>ἅψονται</span> 
     </span>
    </p>
   </div>
   <div class='ocr_carea' id='block_1_69' title="bbox 2237 2455 3841 2533">
    <p class='ocr_par' dir='ltr' id='par_1_69' title="bbox 2237 2455 3841 2533">
     <span class='ocr_line' id='line_1_69' title="bbox 2237 2455 3841 2533; baseline -0.001 -25"><span class='ocrx_word' id='word_1_502' title='bbox 2237 2462 2330 2515; x_wconf 80' lang='grc' dir='ltr'>τὴν</span> <span class='ocrx_word' id='word_1_503' title='bbox 2363 2455 2521 2520; x_wconf 76' lang='grc' dir='ltr'>δόξαν</span> <span class='ocrx_word' id='word_1_504' title='bbox 2549 2458 2730 2511; x_wconf 85' lang='grc' dir='ltr'>αύτοῡ.</span> <span class='ocrx_word' id='word_1_505' title='bbox 2780 2461 2983 2517; x_wconf 83' lang='grc' dir='ltr'>Ταύτην</span> <span class='ocrx_word' id='word_1_506' title='bbox 3014 2461 3112 2533; x_wconf 82' lang='grc' dir='ltr'><strong>γὰρ</strong></span> <span class='ocrx_word' id='word_1_507' title='bbox 3156 2466 3244 2511; x_wconf 81' lang='grc' dir='ltr'>νῦν</span> <span class='ocrx_word' id='word_1_508' title='bbox 3270 2458 3505 2531; x_wconf 85' lang='grc' dir='ltr'>ὠνόμασε</span> <span class='ocrx_word' id='word_1_509' title='bbox 3548 2456 3841 2529; x_wconf 83' lang='grc' dir='ltr'>βασιλείαν.</span> 
     </span>
    </p>
   </div>
   <div class='ocr_carea' id='block_1_70' title="bbox 2236 2545 3843 2622">
    <p class='ocr_par' dir='ltr' id='par_1_70' title="bbox 2236 2545 3843 2622">
     <span class='ocr_line' id='line_1_70' title="bbox 2236 2545 3843 2622; baseline -0.002 -22"><span class='ocrx_word' id='word_1_510' title='bbox 2236 2545 2459 2606; x_wconf 75' lang='grc' dir='ltr'>Ἐδήλου</span> <span class='ocrx_word' id='word_1_511' title='bbox 2536 2545 2594 2601; x_wconf 73' lang='grc' dir='ltr'><strong>δὲ</strong></span> <span class='ocrx_word' id='word_1_512' title='bbox 2652 2552 2743 2607; x_wconf 85' lang='grc' dir='ltr'>τὴν</span> <span class='ocrx_word' id='word_1_513' title='bbox 2812 2548 3159 2622; x_wconf 86' lang='grc' dir='ltr'>λαμπρότητα</span> <span class='ocrx_word' id='word_1_514' title='bbox 3230 2556 3326 2610; x_wconf 84' lang='grc' dir='ltr'>τῆς</span> <span class='ocrx_word' id='word_1_515' title='bbox 3396 2552 3843 2619; x_wconf 78' lang='grc' dir='ltr'>μεταμορφώσεως</span> 
     </span>
    </p>
   </div>
   <div class='ocr_carea' id='block_1_71' title="bbox 2236 2632 3845 2713">
    <p class='ocr_par' dir='ltr' id='par_1_71' title="bbox 2236 2632 3845 2713">
     <span class='ocr_line' id='line_1_71' title="bbox 2236 2632 3845 2713; baseline 0 -25"><span class='ocrx_word' id='word_1_516' title='bbox 2236 2636 2414 2703; x_wconf 77' lang='grc' dir='ltr'>αὐτοῦ,</span> <span class='ocrx_word' id='word_1_517' title='bbox 2491 2641 2550 2698; x_wconf 79' lang='grc' dir='ltr'>ἣν</span> <span class='ocrx_word' id='word_1_518' title='bbox 2608 2641 2740 2710; x_wconf 81' lang='grc' dir='ltr'>μετὰ</span> <span class='ocrx_word' id='word_1_519' title='bbox 2795 2642 2974 2713; x_wconf 83' lang='grc' dir='ltr'>καιρόν</span> <span class='ocrx_word' id='word_1_520' title='bbox 3057 2637 3227 2709; x_wconf 85' lang='grc' dir='ltr'>ὀλίγον</span> <span class='ocrx_word' id='word_1_521' title='bbox 3295 2636 3490 2710; x_wconf 83' lang='grc' dir='ltr'>ἔμελλεν</span> <span class='ocrx_word' id='word_1_522' title='bbox 3567 2632 3845 2699; x_wconf 74' lang='grc' dir='ltr'>ὑποδεῖξαι</span> 
     </span>
    </p>
   </div>
   <div class='ocr_carea' id='block_1_72' title="bbox 2236 2727 3840 2802">
    <p class='ocr_par' dir='ltr' id='par_1_72' title="bbox 2236 2727 3840 2802">
     <span class='ocr_line' id='line_1_72' title="bbox 2236 2727 3840 2802; baseline -0.001 -23"><span class='ocrx_word' id='word_1_523' title='bbox 2236 2731 2433 2802; x_wconf 81' lang='grc' dir='ltr'>Πέτρῳ,</span> <span class='ocrx_word' id='word_1_524' title='bbox 2481 2732 2569 2780; x_wconf 81' lang='grc' dir='ltr'>καὶ</span> <span class='ocrx_word' id='word_1_525' title='bbox 2627 2727 2876 2800; x_wconf 79' lang='grc' dir='ltr'>Ἰακώϐῳ,</span> <span class='ocrx_word' id='word_1_526' title='bbox 2926 2732 3011 2779; x_wconf 81' lang='grc' dir='ltr'>καὶ</span> <span class='ocrx_word' id='word_1_527' title='bbox 3050 2729 3282 2801; x_wconf 76' lang='grc' dir='ltr'>Ἰωάννη.</span> <span class='ocrx_word' id='word_1_528' title='bbox 3340 2731 3467 2799; x_wconf 85' lang='grc' dir='ltr'>Περὶ</span> <span class='ocrx_word' id='word_1_529' title='bbox 3499 2728 3690 2779; x_wconf 89' lang='grc' dir='ltr'>τούτων</span> <span class='ocrx_word' id='word_1_530' title='bbox 3738 2728 3840 2799; x_wconf 82' lang='grc' dir='ltr'><strong>γὰρ</strong></span> 
     </span>
    </p>
   </div>
   <div class='ocr_carea' id='block_1_73' title="bbox 2234 2811 3841 2882">
    <p class='ocr_par' dir='ltr' id='par_1_73' title="bbox 2234 2811 3841 2882">
     <span class='ocr_line' id='line_1_73' title="bbox 2234 2811 3841 2882; baseline -0.001 -15"><span class='ocrx_word' id='word_1_531' title='bbox 2234 2811 2388 2882; x_wconf 83' lang='grc' dir='ltr'>εἶπεν,</span> <span class='ocrx_word' id='word_1_532' title='bbox 2445 2822 2523 2869; x_wconf 82' lang='grc' dir='ltr'>ὅτι</span> <span class='ocrx_word' id='word_1_533' title='bbox 2598 2818 2716 2870; x_wconf 81' lang='grc' dir='ltr'>Εἰσί</span> <span class='ocrx_word' id='word_1_534' title='bbox 2769 2836 2903 2879; x_wconf 87' lang='grc' dir='ltr'>τινες</span> <span class='ocrx_word' id='word_1_535' title='bbox 2958 2826 3057 2870; x_wconf 82' lang='grc' dir='ltr'>τῶν</span> <span class='ocrx_word' id='word_1_536' title='bbox 3110 2814 3213 2869; x_wconf 76' lang='grc' dir='ltr'><strong>ὧδε</strong></span> <span class='ocrx_word' id='word_1_537' title='bbox 3267 2815 3523 2868; x_wconf 80' lang='grc' dir='ltr'>ἑστώτων.</span> <span class='ocrx_word' id='word_1_538' title='bbox 3572 2814 3841 2868; x_wconf 82' lang='grc' dir='ltr'>Βασιλείαν</span> 
     </span>
    </p>
   </div>
   <div class='ocr_carea' id='block_1_74' title="bbox 2233 2903 3841 2979">
    <p class='ocr_par' dir='ltr' id='par_1_74' title="bbox 2233 2903 3841 2979">
     <span class='ocr_line' id='line_1_74' title="bbox 2233 2903 3841 2979; baseline -0.002 -21"><span class='ocrx_word' id='word_1_539' title='bbox 2233 2903 2291 2958; x_wconf 79' lang='grc' dir='ltr'><strong>δὲ</strong></span> <span class='ocrx_word' id='word_1_540' title='bbox 2342 2907 2525 2976; x_wconf 75' lang='grc' dir='ltr'>αὐτοῦ,</span> <span class='ocrx_word' id='word_1_541' title='bbox 2590 2911 2770 2978; x_wconf 80' lang='grc' dir='ltr'>ἤγουν,</span> <span class='ocrx_word' id='word_1_542' title='bbox 2855 2905 3035 2975; x_wconf 77' lang='grc' dir='ltr'>δόξαν,</span> <span class='ocrx_word' id='word_1_543' title='bbox 3094 2912 3187 2965; x_wconf 79' lang='grc' dir='ltr'>τὴν</span> <span class='ocrx_word' id='word_1_544' title='bbox 3251 2907 3596 2979; x_wconf 85' lang='grc' dir='ltr'>λαμπρότητα</span> <span class='ocrx_word' id='word_1_545' title='bbox 3645 2908 3841 2963; x_wconf 84' lang='grc' dir='ltr'>ταύτην</span> 
     </span>
    </p>
   </div>
   <div class='ocr_carea' id='block_1_75' title="bbox 2232 2990 3846 3071">
    <p class='ocr_par' dir='ltr' id='par_1_75' title="bbox 2232 2990 3846 3071">
     <span class='ocr_line' id='line_1_75' title="bbox 2232 2990 3846 3071; baseline -0.001 -25"><span class='ocrx_word' id='word_1_546' title='bbox 2232 2996 2517 3069; x_wconf 84' lang='grc' dir='ltr'>ὠνόμασεν,</span> <span class='ocrx_word' id='word_1_547' title='bbox 2578 3000 2647 3059; x_wconf 81' lang='grc' dir='ltr'>ὡς</span> <span class='ocrx_word' id='word_1_548' title='bbox 2715 2993 2877 3049; x_wconf 80' lang='grc' dir='ltr'>οὖσαν</span> <span class='ocrx_word' id='word_1_549' title='bbox 2955 3002 3275 3071; x_wconf 75' lang='grc' dir='ltr'>προμηνυμα</span> <span class='ocrx_word' id='word_1_550' title='bbox 3358 3001 3449 3048; x_wconf 83' lang='grc' dir='ltr'>καὶ</span> <span class='ocrx_word' id='word_1_551' title='bbox 3500 2990 3846 3068; x_wconf 69' lang='grc' dir='ltr'>παράδειγμα</span> 
     </span>
    </p>
   </div>
   <div class='ocr_carea' id='block_1_76' title="bbox 2231 3085 3843 3159">
    <p class='ocr_par' dir='ltr' id='par_1_76' title="bbox 2231 3085 3843 3159">
     <span class='ocr_line' id='line_1_76' title="bbox 2231 3085 3843 3159; baseline -0.004 -20"><span class='ocrx_word' id='word_1_552' title='bbox 2231 3096 2324 3149; x_wconf 86' lang='grc' dir='ltr'>τῆς</span> <span class='ocrx_word' id='word_1_553' title='bbox 2365 3086 2723 3159; x_wconf 83' lang='grc' dir='ltr'>λαμπρότητος</span> <span class='ocrx_word' id='word_1_554' title='bbox 2780 3086 2994 3151; x_wconf 79' lang='grc' dir='ltr'>ἐκεινης,</span> <span class='ocrx_word' id='word_1_555' title='bbox 3060 3086 3174 3159; x_wconf 80' lang='grc' dir='ltr'>μεθ’</span> <span class='ocrx_word' id='word_1_556' title='bbox 3245 3086 3308 3146; x_wconf 82' lang='grc' dir='ltr'>ἧς</span> <span class='ocrx_word' id='word_1_557' title='bbox 3362 3085 3532 3157; x_wconf 82' lang='grc' dir='ltr'>μέλλει</span> <span class='ocrx_word' id='word_1_558' title='bbox 3585 3085 3843 3137; x_wconf 82' lang='grc' dir='ltr'>κατελθεῖν</span> 
     </span>
    </p>
   </div>
   <div class='ocr_carea' id='block_1_77' title="bbox 2161 3164 3841 3269">
    <p class='ocr_par' dir='ltr' id='par_1_77' title="bbox 2161 3164 3841 3269">
     <span class='ocr_line' id='line_1_77' title="bbox 2161 3164 3841 3269; baseline -0.002 -40"><span class='ocrx_word' id='word_1_559' title='bbox 2161 3164 2466 3269; x_wconf 49' lang='grc' dir='ltr'>Ωὒύστερον,</span> <span class='ocrx_word' id='word_1_560' title='bbox 2536 3178 2617 3229; x_wconf 85' lang='grc' dir='ltr'>ὅτε</span> <span class='ocrx_word' id='word_1_561' title='bbox 2687 3172 2954 3229; x_wconf 74' lang='grc' dir='ltr'>ἀποδώσει</span> <span class='ocrx_word' id='word_1_562' title='bbox 3025 3176 3228 3246; x_wconf 78' lang='grc' dir='ltr'>ἑκάστῳ</span> <span class='ocrx_word' id='word_1_563' title='bbox 3294 3178 3429 3227; x_wconf 87' lang='grc' dir='ltr'><strong>κατά</strong></span> <span class='ocrx_word' id='word_1_564' title='bbox 3508 3179 3600 3234; x_wconf 78' lang='grc' dir='ltr'>τὴν</span> <span class='ocrx_word' id='word_1_565' title='bbox 3656 3174 3841 3249; x_wconf 79' lang='grc' dir='ltr'>πρᾶξιν</span> 
     </span>
    </p>
   </div>
   <div class='ocr_carea' id='block_1_78' title="bbox 2234 3261 3841 3340">
    <p class='ocr_par' dir='ltr' id='par_1_78' title="bbox 2234 3261 3841 3340">
     <span class='ocr_line' id='line_1_78' title="bbox 2234 3261 3841 3340; baseline 0 -22"><span class='ocrx_word' id='word_1_566' title='bbox 2234 3266 2414 3320; x_wconf 76' lang='grc' dir='ltr'>αὐτοῦ.</span> <span class='ocrx_word' id='word_1_567' title='bbox 2474 3264 2785 3340; x_wconf 86' lang='grc' dir='ltr'>Ἐρχόμενον</span> <span class='ocrx_word' id='word_1_568' title='bbox 2837 3261 2894 3317; x_wconf 73' lang='grc' dir='ltr'><strong>δὲ</strong></span> <span class='ocrx_word' id='word_1_569' title='bbox 2951 3262 3108 3333; x_wconf 85' lang='grc' dir='ltr'>εἶπεν,</span> <span class='ocrx_word' id='word_1_570' title='bbox 3177 3263 3291 3316; x_wconf 81' lang='grc' dir='ltr'>ἀντὶ</span> <span class='ocrx_word' id='word_1_571' title='bbox 3338 3272 3452 3335; x_wconf 76' lang='grc' dir='ltr'>τοῦ,</span> <span class='ocrx_word' id='word_1_572' title='bbox 3515 3268 3841 3335; x_wconf 80' lang='grc' dir='ltr'>Φαινόμενον.</span> 
     </span>
    </p>
   </div>
   <div class='ocr_carea' id='block_1_79' title="bbox 2235 3410 3843 3483">
    <p class='ocr_par' dir='ltr' id='par_1_79' title="bbox 2235 3410 3843 3483">
     <span class='ocr_line' id='line_1_79' title="bbox 2235 3410 3843 3483; baseline -0.003 -19"><span class='ocrx_word' id='word_1_573' title='bbox 2235 3416 2381 3464; x_wconf 73' lang='grc' dir='ltr'><strong>ΚΕΦ.</strong></span> <span class='ocrx_word' id='word_1_574' title='bbox 2429 3410 2549 3463; x_wconf 82' lang='grc' dir='ltr'><strong>ΛΔ’.</strong></span> <span class='ocrx_word' id='word_1_575' title='bbox 2614 3413 2740 3482; x_wconf 84' lang='grc' dir='ltr'>Περὶ</span> <span class='ocrx_word' id='word_1_576' title='bbox 2793 3417 2887 3471; x_wconf 81' lang='grc' dir='ltr'>τῆς</span> <span class='ocrx_word' id='word_1_577' title='bbox 2946 3413 3389 3481; x_wconf 72' lang='grc' dir='ltr'>μεταμορφώσεως</span> <span class='ocrx_word' id='word_1_578' title='bbox 3436 3416 3528 3459; x_wconf 85' lang='grc' dir='ltr'>τοῦ</span> <span class='ocrx_word' id='word_1_579' title='bbox 3586 3414 3843 3483; x_wconf 80' lang='grc' dir='ltr'>Χριστοῦ,</span> 
     </span>
    </p>
   </div>
   <div class='ocr_carea' id='block_1_80' title="bbox 2304 3495 3840 3571">
    <p class='ocr_par' dir='ltr' id='par_1_80' title="bbox 2304 3495 3840 3571">
     <span class='ocr_line' id='line_1_80' title="bbox 2304 3495 3840 3571; baseline -0.003 -19"><span class='ocrx_word' id='word_1_580' title='bbox 2304 3504 2405 3553; x_wconf 84' lang='grc' dir='ltr'>Καὶ</span> <span class='ocrx_word' id='word_1_581' title='bbox 2444 3499 2555 3571; x_wconf 84' lang='grc' dir='ltr'>μεθ’</span> <span class='ocrx_word' id='word_1_582' title='bbox 2614 3530 2682 3538; x_wconf 91' lang='grc'><strong>-</strong></span> <span class='ocrx_word' id='word_1_583' title='bbox 2714 3498 2896 3553; x_wconf 77' lang='grc' dir='ltr'>αὐτοῦ.</span> <span class='ocrx_word' id='word_1_584' title='bbox 2941 3503 3143 3558; x_wconf 82' lang='grc' dir='ltr'>Λουκᾶς</span> <span class='ocrx_word' id='word_1_585' title='bbox 3177 3495 3234 3550; x_wconf 74' lang='grc' dir='ltr'><strong>δὲ</strong></span> <span class='ocrx_word' id='word_1_586' title='bbox 3278 3500 3423 3550; x_wconf 84' lang='grc' dir='ltr'>Μετὰ</span> <span class='ocrx_word' id='word_1_587' title='bbox 3476 3497 3609 3548; x_wconf 78' lang='grc' dir='ltr'>ὀκτώ</span> <span class='ocrx_word' id='word_1_588' title='bbox 3662 3516 3840 3569; x_wconf 72' lang='grc' dir='ltr'>φησιν,</span> 
     </span>
    </p>
   </div>
   <div class='ocr_carea' id='block_1_81' title="bbox 2231 3587 3844 3661">
    <p class='ocr_par' dir='ltr' id='par_1_81' title="bbox 2231 3587 3844 3661">
     <span class='ocr_line' id='line_1_81' title="bbox 2231 3587 3844 3661; baseline -0.002 -19"><span class='ocrx_word' id='word_1_589' title='bbox 2231 3589 2323 3642; x_wconf 89' lang='grc' dir='ltr'><strong>ούκ</strong></span> <span class='ocrx_word' id='word_1_590' title='bbox 2380 3587 2758 3659; x_wconf 81' lang='grc' dir='ltr'>ἐναντιολογών.</span> <span class='ocrx_word' id='word_1_591' title='bbox 2820 3587 2987 3649; x_wconf 81' lang='grc' dir='ltr'>Οὗτος</span> <span class='ocrx_word' id='word_1_592' title='bbox 3041 3592 3131 3659; x_wconf 76' lang='grc' dir='ltr'><strong>μεν</strong></span> <span class='ocrx_word' id='word_1_593' title='bbox 3185 3590 3285 3661; x_wconf 74' lang='grc' dir='ltr'><strong>γὰρ</strong></span> <span class='ocrx_word' id='word_1_594' title='bbox 3341 3588 3701 3660; x_wconf 87' lang='grc' dir='ltr'>συνηρίθμησε</span> <span class='ocrx_word' id='word_1_595' title='bbox 3755 3592 3844 3639; x_wconf 86' lang='grc' dir='ltr'>καὶ</span> 
     </span>
    </p>
   </div>
   <div class='ocr_carea' id='block_1_82' title="bbox 2231 3671 3844 3749">
    <p class='ocr_par' dir='ltr' id='par_1_82' title="bbox 2231 3671 3844 3749">
     <span class='ocr_line' id='line_1_82' title="bbox 2231 3671 3844 3749; baseline -0.001 -20"><span class='ocrx_word' id='word_1_596' title='bbox 2231 3679 2394 3739; x_wconf 84' lang='grc' dir='ltr'>αύτάς</span> <span class='ocrx_word' id='word_1_597' title='bbox 2429 3680 2520 3737; x_wconf 84' lang='grc' dir='ltr'><strong>τὰς</strong></span> <span class='ocrx_word' id='word_1_598' title='bbox 2563 3678 2781 3749; x_wconf 82' lang='grc' dir='ltr'>ἡμέρας,</span> <span class='ocrx_word' id='word_1_599' title='bbox 2815 3676 2932 3728; x_wconf 88' lang='grc' dir='ltr'>καθ’</span> <span class='ocrx_word' id='word_1_600' title='bbox 2988 3674 3054 3735; x_wconf 76' lang='grc' dir='ltr'>ἦν</span> <span class='ocrx_word' id='word_1_601' title='bbox 3107 3693 3160 3727; x_wconf 89' lang='grc' dir='ltr'><strong>τε</strong></span> <span class='ocrx_word' id='word_1_602' title='bbox 3217 3676 3279 3727; x_wconf 81' lang='grc' dir='ltr'><strong>τὰ</strong></span> <span class='ocrx_word' id='word_1_603' title='bbox 3327 3675 3551 3749; x_wconf 82' lang='grc' dir='ltr'>ῥηθέντα</span> <span class='ocrx_word' id='word_1_604' title='bbox 3602 3671 3708 3726; x_wconf 86' lang='grc' dir='ltr'>εἷπε</span> <span class='ocrx_word' id='word_1_605' title='bbox 3738 3682 3844 3735; x_wconf 89' lang='grc' dir='ltr'>τοῖς</span> 
     </span>
    </p>
   </div>
   <div class='ocr_carea' id='block_1_83' title="bbox 2229 3762 3837 3840">
    <p class='ocr_par' dir='ltr' id='par_1_83' title="bbox 2229 3762 3837 3840">
     <span class='ocr_line' id='line_1_83' title="bbox 2229 3762 3837 3840; baseline -0.002 -21"><span class='ocrx_word' id='word_1_606' title='bbox 2229 3768 2543 3840; x_wconf 78' lang='grc' dir='ltr'>μαθηταῖςό</span> <span class='ocrx_word' id='word_1_607' title='bbox 2590 3769 2841 3840; x_wconf 75' lang='grc' dir='ltr'>Χριστὸς,</span> <span class='ocrx_word' id='word_1_608' title='bbox 2890 3771 2980 3818; x_wconf 86' lang='grc' dir='ltr'>καὶ</span> <span class='ocrx_word' id='word_1_609' title='bbox 3011 3764 3127 3817; x_wconf 76' lang='grc' dir='ltr'>καθ’</span> <span class='ocrx_word' id='word_1_610' title='bbox 3179 3767 3240 3824; x_wconf 78' lang='grc' dir='ltr'>ἦν</span> <span class='ocrx_word' id='word_1_611' title='bbox 3289 3766 3500 3825; x_wconf 81' lang='grc' dir='ltr'>τούτους</span> <span class='ocrx_word' id='word_1_612' title='bbox 3537 3762 3792 3837; x_wconf 76' lang='grc' dir='ltr'>παρέλαϐε</span> <span class='ocrx_word' id='word_1_613' title='bbox 3825 3781 3837 3794; x_wconf 76' lang='grc'><strong><em>⁸</em></strong></span> 
     </span>
    </p>
   </div>
   <div class='ocr_carea' id='block_1_84' title="bbox 2229 3852 3844 3930">
    <p class='ocr_par' dir='ltr' id='par_1_84' title="bbox 2229 3852 3844 3930">
     <span class='ocr_line' id='line_1_84' title="bbox 2229 3852 3844 3930; baseline -0.002 -20"><span class='ocrx_word' id='word_1_614' title='bbox 2229 3859 2497 3918; x_wconf 85' lang='grc' dir='ltr'>Ματθαῖος</span> <span class='ocrx_word' id='word_1_615' title='bbox 2541 3852 2618 3922; x_wconf 74' lang='grc' dir='ltr'><strong>δὲ,</strong></span> <span class='ocrx_word' id='word_1_616' title='bbox 2672 3859 2760 3907; x_wconf 89' lang='grc' dir='ltr'>καὶ</span> <span class='ocrx_word' id='word_1_617' title='bbox 2806 3853 3096 3930; x_wconf 77' lang='grc' dir='ltr'>ἀμφοτέρας</span> <span class='ocrx_word' id='word_1_618' title='bbox 3146 3856 3339 3915; x_wconf 88' lang='grc' dir='ltr'>ταύτας</span> <span class='ocrx_word' id='word_1_619' title='bbox 3383 3853 3711 3929; x_wconf 84' lang='grc' dir='ltr'>παραλιπὼν,</span> <span class='ocrx_word' id='word_1_620' title='bbox 3754 3857 3844 3916; x_wconf 85' lang='grc' dir='ltr'><strong>τάς</strong></span> 
     </span>
    </p>
   </div>
   <div class='ocr_carea' id='block_1_85' title="bbox 2230 3941 3841 4022">
    <p class='ocr_par' dir='ltr' id='par_1_85' title="bbox 2230 3941 3841 4022">
     <span class='ocr_line' id='line_1_85' title="bbox 2230 3941 3841 4022; baseline 0.011 -31"><span class='ocrx_word' id='word_1_621' title='bbox 2230 3947 2423 4022; x_wconf 74' lang='grc' dir='ltr'>μεταξὺ</span> <span class='ocrx_word' id='word_1_622' title='bbox 2480 3952 2638 4019; x_wconf 85' lang='grc' dir='ltr'>μόνας</span> <span class='ocrx_word' id='word_1_623' title='bbox 2699 3944 3130 4019; x_wconf 80' lang='grc' dir='ltr'>ἀπηριθμὴσατο.</span> <span class='ocrx_word' id='word_1_624' title='bbox 3184 3949 3328 3997; x_wconf 89' lang='grc' dir='ltr'>Διατί</span> <span class='ocrx_word' id='word_1_625' title='bbox 3393 3941 3451 3996; x_wconf 73' lang='grc' dir='ltr'><strong>δὲ</strong></span> <span class='ocrx_word' id='word_1_626' title='bbox 3506 3950 3691 4017; x_wconf 83' lang='grc' dir='ltr'>μόνους</span> <span class='ocrx_word' id='word_1_627' title='bbox 3730 3944 3841 4013; x_wconf 63' lang='lat'><strong>(32)</strong></span> 
     </span>
    </p>
   </div>
   <div class='ocr_carea' id='block_1_86' title="bbox 2231 4033 3840 4110">
    <p class='ocr_par' dir='ltr' id='par_1_86' title="bbox 2231 4033 3840 4110">
     <span class='ocr_line' id='line_1_86' title="bbox 2231 4033 3840 4110; baseline -0.006 -19"><span class='ocrx_word' id='word_1_628' title='bbox 2231 4041 2346 4097; x_wconf 85' lang='grc' dir='ltr'>τούς</span> <span class='ocrx_word' id='word_1_629' title='bbox 2384 4044 2520 4110; x_wconf 87' lang='grc' dir='ltr'>τρεῖς</span> <span class='ocrx_word' id='word_1_630' title='bbox 2559 4038 2775 4096; x_wconf 85' lang='grc' dir='ltr'>τούτους</span> <span class='ocrx_word' id='word_1_631' title='bbox 2823 4033 3238 4107; x_wconf 81' lang='grc' dir='ltr'>παραλαμϐάνει,</span> <span class='ocrx_word' id='word_1_632' title='bbox 3289 4038 3379 4085; x_wconf 83' lang='grc' dir='ltr'>καὶ</span> <span class='ocrx_word' id='word_1_633' title='bbox 3427 4033 3485 4085; x_wconf 85' lang='grc' dir='ltr'><strong>ού</strong></span> <span class='ocrx_word' id='word_1_634' title='bbox 3530 4042 3617 4085; x_wconf 74' lang='grc' dir='ltr'>νῦν</span> <span class='ocrx_word' id='word_1_635' title='bbox 3666 4038 3840 4107; x_wconf 88' lang='grc' dir='ltr'>μόνον,</span> 
     </span>
    </p>
   </div>
   <div class='ocr_carea' id='block_1_87' title="bbox 2235 4124 3845 4196">
    <p class='ocr_par' dir='ltr' id='par_1_87' title="bbox 2235 4124 3845 4196">
     <span class='ocr_line' id='line_1_87' title="bbox 2235 4124 3845 4196; baseline -0.002 -16"><span class='ocrx_word' id='word_1_636' title='bbox 2235 4126 2362 4180; x_wconf 87' lang='grc' dir='ltr'><strong>ἀλλά</strong></span> <span class='ocrx_word' id='word_1_637' title='bbox 2418 4131 2507 4178; x_wconf 87' lang='grc' dir='ltr'>καὶ</span> <span class='ocrx_word' id='word_1_638' title='bbox 2568 4124 2835 4191; x_wconf 79' lang='grc' dir='ltr'>πολλάκις,</span> <span class='ocrx_word' id='word_1_639' title='bbox 2890 4126 2957 4185; x_wconf 87' lang='grc' dir='ltr'>ὡς</span> <span class='ocrx_word' id='word_1_640' title='bbox 2996 4128 3267 4196; x_wconf 82' lang='grc' dir='ltr'>προῖόντες</span> <span class='ocrx_word' id='word_1_641' title='bbox 3324 4124 3608 4196; x_wconf 70' lang='grc' dir='ltr'>εὑρήσομεν</span> <span class='ocrx_word' id='word_1_642' title='bbox 3647 4140 3659 4189; x_wconf 89' lang='lat'><strong>;</strong></span> <span class='ocrx_word' id='word_1_643' title='bbox 3704 4128 3845 4176; x_wconf 91' lang='grc' dir='ltr'>Διότι</span> 
     </span>
    </p>
   </div>
   <div class='ocr_carea' id='block_1_88' title="bbox 2234 4212 3842 4286">
    <p class='ocr_par' dir='ltr' id='par_1_88' title="bbox 2234 4212 3842 4286">
     <span class='ocr_line' id='line_1_88' title="bbox 2234 4212 3842 4286; baseline -0.002 -18"><span class='ocrx_word' id='word_1_644' title='bbox 2234 4226 2333 4269; x_wconf 85' lang='grc' dir='ltr'>τῶν</span> <span class='ocrx_word' id='word_1_645' title='bbox 2363 4215 2525 4267; x_wconf 77' lang='grc' dir='ltr'>ἄλλων</span> <span class='ocrx_word' id='word_1_646' title='bbox 2588 4216 2833 4286; x_wconf 83' lang='grc' dir='ltr'>μαθητῶν</span> <span class='ocrx_word' id='word_1_647' title='bbox 2892 4215 3170 4286; x_wconf 85' lang='grc' dir='ltr'>ὑπερεῖχον</span> <span class='ocrx_word' id='word_1_648' title='bbox 3229 4212 3373 4266; x_wconf 76' lang='grc' dir='ltr'>οὗτοι</span> <span class='ocrx_word' id='word_1_649' title='bbox 3431 4230 3442 4242; x_wconf 95' lang='grc'><strong>·</strong></span> <span class='ocrx_word' id='word_1_650' title='bbox 3490 4218 3681 4286; x_wconf 87' lang='grc' dir='ltr'>Πέτρος</span> <span class='ocrx_word' id='word_1_651' title='bbox 3728 4217 3842 4284; x_wconf 70' lang='grc' dir='ltr'>μὲν,</span> 
     </span>
    </p>
   </div>
   <div class='ocr_carea' id='block_1_89' title="bbox 2236 4298 3839 4377">
    <p class='ocr_par' dir='ltr' id='par_1_89' title="bbox 2236 4298 3839 4377">
     <span class='ocr_line' id='line_1_89' title="bbox 2236 4298 3839 4377; baseline -0.004 -19"><span class='ocrx_word' id='word_1_652' title='bbox 2236 4305 2335 4359; x_wconf 87' lang='grc' dir='ltr'><strong>ἀπό</strong></span> <span class='ocrx_word' id='word_1_653' title='bbox 2364 4312 2454 4357; x_wconf 83' lang='grc' dir='ltr'>τοῦ</span> <span class='ocrx_word' id='word_1_654' title='bbox 2482 4300 2689 4377; x_wconf 68' lang='grc' dir='ltr'>σφόδρα</span> <span class='ocrx_word' id='word_1_655' title='bbox 2721 4302 2880 4375; x_wconf 78' lang='grc' dir='ltr'>φιλεῖν</span> <span class='ocrx_word' id='word_1_656' title='bbox 2913 4303 3088 4368; x_wconf 81' lang='grc' dir='ltr'>αύτόν,</span> <span class='ocrx_word' id='word_1_657' title='bbox 3130 4298 3222 4355; x_wconf 77' lang='grc' dir='ltr'><strong>διὰ</strong></span> <span class='ocrx_word' id='word_1_658' title='bbox 3255 4304 3545 4376; x_wconf 86' lang='grc' dir='ltr'>θερμότητα</span> <span class='ocrx_word' id='word_1_659' title='bbox 3571 4306 3794 4361; x_wconf 83' lang='grc' dir='ltr'>πίστεως</span> <span class='ocrx_word' id='word_1_660' title='bbox 3828 4319 3839 4330; x_wconf 75' lang='grc'><strong><em>⁸</em></strong></span> 
     </span>
    </p>
   </div>
   <div class='ocr_carea' id='block_1_90' title="bbox 2234 4386 3841 4465">
    <p class='ocr_par' dir='ltr' id='par_1_90' title="bbox 2234 4386 3841 4465">
     <span class='ocr_line' id='line_1_90' title="bbox 2234 4386 3841 4465; baseline -0.003 -18"><span class='ocrx_word' id='word_1_661' title='bbox 2234 4396 2469 4455; x_wconf 85' lang='grc' dir='ltr'>Ἰωάννης</span> <span class='ocrx_word' id='word_1_662' title='bbox 2516 4391 2594 4463; x_wconf 78' lang='grc' dir='ltr'><strong>δὲ,</strong></span> <span class='ocrx_word' id='word_1_663' title='bbox 2630 4395 2731 4444; x_wconf 88' lang='grc' dir='ltr'>ἀπὸ</span> <span class='ocrx_word' id='word_1_664' title='bbox 2763 4400 2854 4445; x_wconf 76' lang='grc' dir='ltr'>τοῦ</span> <span class='ocrx_word' id='word_1_665' title='bbox 2888 4390 3096 4465; x_wconf 68' lang='grc' dir='ltr'>σφόδρα</span> <span class='ocrx_word' id='word_1_666' title='bbox 3140 4392 3401 4464; x_wconf 79' lang='grc' dir='ltr'>φιλεῖσθαι</span> <span class='ocrx_word' id='word_1_667' title='bbox 3439 4393 3524 4442; x_wconf 76' lang='grc' dir='ltr'>ὑπ’</span> <span class='ocrx_word' id='word_1_668' title='bbox 3554 4391 3733 4455; x_wconf 75' lang='grc' dir='ltr'>αὐτοῦ,</span> <span class='ocrx_word' id='word_1_669' title='bbox 3769 4386 3841 4442; x_wconf 75' lang='grc' dir='ltr'><strong>δι’</strong></span> 
     </span>
    </p>
   </div>
   <div class='ocr_carea' id='block_1_91' title="bbox 454 4473 2127 4574">
    <p class='ocr_par' dir='ltr' id='par_1_91' title="bbox 454 4473 2118 4574">
     <span class='ocr_line' id='line_1_91' title="bbox 454 4473 2118 4574; baseline 0.008 -46"><span class='ocrx_word' id='word_1_670' title='bbox 454 4473 815 4574; x_wconf 72' lang='lat' dir='ltr'><strong>diligebatur</strong></span> <span class='ocrx_word' id='word_1_671' title='bbox 840 4475 918 4531; x_wconf 92' lang='lat' dir='ltr'><strong>ab</strong></span> <span class='ocrx_word' id='word_1_672' title='bbox 948 4476 1067 4543; x_wconf 91' lang='lat' dir='ltr'><strong>illo,</strong></span> <span class='ocrx_word' id='word_1_673' title='bbox 1098 4483 1342 4548; x_wconf 87' lang='lat' dir='ltr'><strong>propter</strong></span> <span class='ocrx_word' id='word_1_674' title='bbox 1368 4479 1653 4536; x_wconf 90' lang='lat' dir='ltr'><strong>virtutum</strong></span> <span class='ocrx_word' id='word_1_675' title='bbox 1675 4482 2118 4553; x_wconf 87' lang='lat' dir='ltr'><strong>excellentiam;</strong></span> 
     </span>
    </p>
   </div>
   <div class='ocr_carea' id='block_1_92' title="bbox 2233 4473 3846 4574">
    <p class='ocr_par' dir='ltr' id='par_1_92' title="bbox 2233 4476 3846 4556">
     <span class='ocr_line' id='line_1_92' title="bbox 2233 4476 3846 4556; baseline -0.001 -22"><span class='ocrx_word' id='word_1_676' title='bbox 2233 4481 2516 4556; x_wconf 78' lang='grc' dir='ltr'>ὑπερϐολὴν</span> <span class='ocrx_word' id='word_1_677' title='bbox 2576 4481 2786 4555; x_wconf 83' lang='grc' dir='ltr'>ἀρετῶν.</span> <span class='ocrx_word' id='word_1_678' title='bbox 2845 4481 3089 4543; x_wconf 80' lang='grc' dir='ltr'>Ἰάκωϐος</span> <span class='ocrx_word' id='word_1_679' title='bbox 3151 4478 3229 4551; x_wconf 70' lang='grc' dir='ltr'><strong>δὲ,</strong></span> <span class='ocrx_word' id='word_1_680' title='bbox 3310 4479 3409 4533; x_wconf 89' lang='grc' dir='ltr'>ἀπὸ</span> <span class='ocrx_word' id='word_1_681' title='bbox 3487 4488 3578 4532; x_wconf 79' lang='grc' dir='ltr'>τοῦ</span> <span class='ocrx_word' id='word_1_682' title='bbox 3635 4476 3846 4555; x_wconf 70' lang='grc' dir='ltr'>σφόδρα</span> 
     </span>
    </p>
   </div>
   <div class='ocr_carea' id='block_1_93' title="bbox 451 4563 2117 4639">
    <p class='ocr_par' dir='ltr' id='par_1_93' title="bbox 451 4563 2117 4639">
     <span class='ocr_line' id='line_1_93' title="bbox 451 4563 2117 4639; baseline 0.008 -21"><span class='ocrx_word' id='word_1_683' title='bbox 451 4563 713 4619; x_wconf 85' lang='lat' dir='ltr'><strong>Jacobus</strong></span> <span class='ocrx_word' id='word_1_684' title='bbox 743 4568 943 4619; x_wconf 87' lang='lat' dir='ltr'><strong>autem</strong></span> <span class='ocrx_word' id='word_1_685' title='bbox 970 4566 1114 4637; x_wconf 89' lang='lat' dir='ltr'><strong>quia</strong></span> <span class='ocrx_word' id='word_1_686' title='bbox 1143 4568 1341 4635; x_wconf 87' lang='lat' dir='ltr'><strong>gravis</strong></span> <span class='ocrx_word' id='word_1_687' title='bbox 1364 4568 1697 4626; x_wconf 91' lang='lat' dir='ltr'><strong>admodum</strong></span> <span class='ocrx_word' id='word_1_688' title='bbox 1726 4577 1851 4628; x_wconf 91' lang='lat' dir='ltr'><strong>erat</strong></span> <span class='ocrx_word' id='word_1_689' title='bbox 1876 4573 2117 4639; x_wconf 68' lang='lat' dir='ltr'><strong>Judaais,</strong></span> 
     </span>
    </p>
   </div>
   <div class='ocr_carea' id='block_1_94' title="bbox 455 4652 2122 4735">
    <p class='ocr_par' dir='ltr' id='par_1_94' title="bbox 455 4652 2122 4735">
     <span class='ocr_line' id='line_1_94' title="bbox 455 4652 2122 4735; baseline 0.007 -28"><span class='ocrx_word' id='word_1_690' title='bbox 455 4652 519 4707; x_wconf 93' lang='lat' dir='ltr'><strong>in</strong></span> <span class='ocrx_word' id='word_1_691' title='bbox 537 4656 771 4708; x_wconf 85' lang='lat' dir='ltr'><strong>tantum</strong></span> <span class='ocrx_word' id='word_1_692' title='bbox 797 4659 859 4707; x_wconf 89' lang='lat' dir='ltr'><strong>ut</strong></span> <span class='ocrx_word' id='word_1_693' title='bbox 892 4654 1150 4709; x_wconf 89' lang='lat' dir='ltr'><strong>Herodes</strong></span> <span class='ocrx_word' id='word_1_694' title='bbox 1176 4657 1375 4713; x_wconf 91' lang='lat' dir='ltr'><strong>occiso</strong></span> <span class='ocrx_word' id='word_1_695' title='bbox 1404 4658 1505 4715; x_wconf 92' lang='lat' dir='ltr'><strong>illo</strong></span> <span class='ocrx_word' id='word_1_696' title='bbox 1535 4660 1865 4718; x_wconf 90' lang='lat' dir='ltr'><strong>maximam</strong></span> <span class='ocrx_word' id='word_1_697' title='bbox 1893 4664 2122 4735; x_wconf 71' lang='lat' dir='ltr'><strong>praesti-</strong></span> 
     </span>
    </p>
   </div>
   <div class='ocr_carea' id='block_1_95' title="bbox 455 4740 1449 4810">
    <p class='ocr_par' dir='ltr' id='par_1_95' title="bbox 455 4740 1449 4810">
     <span class='ocr_line' id='line_1_95' title="bbox 455 4740 1449 4810; baseline 0.002 -12"><span class='ocrx_word' id='word_1_698' title='bbox 455 4740 593 4798; x_wconf 91' lang='lat' dir='ltr'><strong>terit</strong></span> <span class='ocrx_word' id='word_1_699' title='bbox 624 4742 881 4810; x_wconf 85' lang='lat' dir='ltr'><strong>gratiam</strong></span> <span class='ocrx_word' id='word_1_700' title='bbox 919 4743 1156 4799; x_wconf 72' lang='lat' dir='ltr'><strong>Judaais.</strong></span> <span class='ocrx_word' id='word_1_701' title='bbox 1446 4760 1449 4762; x_wconf 92' lang='grc'>·</span> 
     </span>
    </p>
   </div>
   <div class='ocr_carea' id='block_1_96' title="bbox 528 4829 2121 4904">
    <p class='ocr_par' dir='ltr' id='par_1_96' title="bbox 528 4829 2121 4904">
     <span class='ocr_line' id='line_1_96' title="bbox 528 4829 2121 4904; baseline 0.01 -21"><span class='ocrx_word' id='word_1_702' title='bbox 528 4829 671 4885; x_wconf 87' lang='lat' dir='ltr'><strong>Vide</strong></span> <span class='ocrx_word' id='word_1_703' title='bbox 708 4834 912 4888; x_wconf 90' lang='lat' dir='ltr'><strong>autem</strong></span> <span class='ocrx_word' id='word_1_704' title='bbox 945 4833 1254 4904; x_wconf 77' lang='lat' dir='ltr'><strong>quomodo</strong></span> <span class='ocrx_word' id='word_1_705' title='bbox 1292 4835 1604 4893; x_wconf 72' lang='lat' dir='ltr'><strong>Matthaaus</strong></span> <span class='ocrx_word' id='word_1_706' title='bbox 1630 4854 1749 4894; x_wconf 91' lang='lat' dir='ltr'><strong>non</strong></span> <span class='ocrx_word' id='word_1_707' title='bbox 1787 4841 2121 4898; x_wconf 87' lang='lat' dir='ltr'><strong>occultave-</strong></span> 
     </span>
    </p>
   </div>
   <div class='ocr_carea' id='block_1_97' title="bbox 454 4917 2121 4994">
    <p class='ocr_par' dir='ltr' id='par_1_97' title="bbox 454 4917 2121 4994">
     <span class='ocr_line' id='line_1_97' title="bbox 454 4917 2121 4994; baseline 0.007 -19"><span class='ocrx_word' id='word_1_708' title='bbox 454 4918 530 4975; x_wconf 89' lang='lat' dir='ltr'><strong>rit</strong></span> <span class='ocrx_word' id='word_1_709' title='bbox 569 4917 702 4975; x_wconf 89' lang='lat' dir='ltr'><strong>illos</strong></span> <span class='ocrx_word' id='word_1_710' title='bbox 754 4922 857 4993; x_wconf 87' lang='lat' dir='ltr'><strong>qui</strong></span> <span class='ocrx_word' id='word_1_711' title='bbox 904 4920 1017 4977; x_wconf 92' lang='lat' dir='ltr'><strong>sibi</strong></span> <span class='ocrx_word' id='word_1_712' title='bbox 1066 4923 1368 4994; x_wconf 72' lang='lat' dir='ltr'><strong>praepositi</strong></span> <span class='ocrx_word' id='word_1_713' title='bbox 1417 4929 1579 4981; x_wconf 85' lang='lat' dir='ltr'><strong>sunt.</strong></span> <span class='ocrx_word' id='word_1_714' title='bbox 1628 4927 1753 4983; x_wconf 92' lang='lat' dir='ltr'><strong>Hoc</strong></span> <span class='ocrx_word' id='word_1_715' title='bbox 1801 4935 2008 4985; x_wconf 88' lang='lat' dir='ltr'><strong>autem</strong></span> <span class='ocrx_word' id='word_1_716' title='bbox 2064 4936 2121 4987; x_wconf 93' lang='lat' dir='ltr'><strong>et</strong></span> 
     </span>
    </p>
   </div>
   <div class='ocr_carea' id='block_1_98' title="bbox 456 5006 2118 5087">
    <p class='ocr_par' dir='ltr' id='par_1_98' title="bbox 456 5006 2118 5087">
     <span class='ocr_line' id='line_1_98' title="bbox 456 5006 2118 5087; baseline 0.007 -24"><span class='ocrx_word' id='word_1_717' title='bbox 456 5006 723 5066; x_wconf 90' lang='lat' dir='ltr'><strong>Joannes</strong></span> <span class='ocrx_word' id='word_1_718' title='bbox 755 5008 1058 5082; x_wconf 90' lang='lat' dir='ltr'><strong>plerisque</strong></span> <span class='ocrx_word' id='word_1_719' title='bbox 1076 5010 1139 5067; x_wconf 91' lang='lat' dir='ltr'><strong>in</strong></span> <span class='ocrx_word' id='word_1_720' title='bbox 1157 5010 1302 5069; x_wconf 87' lang='lat' dir='ltr'><strong>locis</strong></span> <span class='ocrx_word' id='word_1_721' title='bbox 1326 5011 1484 5081; x_wconf 88' lang='lat' dir='ltr'><strong>facit,</strong></span> <span class='ocrx_word' id='word_1_722' title='bbox 1509 5014 1814 5087; x_wconf 68' lang='lat' dir='ltr'><strong>praecipua</strong></span> <span class='ocrx_word' id='word_1_723' title='bbox 1840 5016 1994 5074; x_wconf 89' lang='lat' dir='ltr'><strong>Petri</strong></span> <span class='ocrx_word' id='word_1_724' title='bbox 2019 5032 2118 5075; x_wconf 91' lang='lat' dir='ltr'><strong>en-</strong></span> 
     </span>
    </p>
   </div>
   <div class='ocr_carea' id='block_1_99' title="bbox 528 5133 1067 5203">
    <p class='ocr_par' dir='ltr' id='par_1_99' title="bbox 528 5133 1067 5203">
     <span class='ocr_line' id='line_1_99' title="bbox 528 5133 1067 5203; baseline -0.007 -12"><span class='ocrx_word' id='word_1_725' title='bbox 528 5133 578 5171; x_wconf 80' lang='lat'><strong>&quot;</strong></span> <span class='ocrx_word' id='word_1_726' title='bbox 609 5134 747 5193; x_wconf 88' lang='lat' dir='ltr'><strong>Luc.</strong></span> <span class='ocrx_word' id='word_1_727' title='bbox 770 5150 851 5203; x_wconf 78' lang='lat' dir='ltr'><strong>1x,</strong></span> <span class='ocrx_word' id='word_1_728' title='bbox 890 5136 980 5192; x_wconf 78' lang='lat'><strong>28.</strong></span> <span class='ocrx_word' id='word_1_729' title='bbox 1058 5152 1067 5160; x_wconf 88' lang='grc'>·</span> 
     </span>
    </p>
   </div>
   <div class='ocr_carea' id='block_1_100' title="bbox 2233 4568 3844 4646">
    <p class='ocr_par' dir='ltr' id='par_1_100' title="bbox 2233 4568 3844 4646">
     <span class='ocr_line' id='line_1_100' title="bbox 2233 4568 3844 4646; baseline -0.001 -24"><span class='ocrx_word' id='word_1_730' title='bbox 2233 4569 2400 4643; x_wconf 82' lang='grc' dir='ltr'>βαρὺς</span> <span class='ocrx_word' id='word_1_731' title='bbox 2455 4568 2584 4623; x_wconf 79' lang='grc' dir='ltr'>εἶναι</span> <span class='ocrx_word' id='word_1_732' title='bbox 2632 4578 2735 4631; x_wconf 88' lang='grc' dir='ltr'>τοῖς</span> <span class='ocrx_word' id='word_1_733' title='bbox 2800 4568 3100 4638; x_wconf 63' lang='grc' dir='ltr'>Ἰουδαίοις,</span> <span class='ocrx_word' id='word_1_734' title='bbox 3151 4571 3263 4639; x_wconf 88' lang='grc'><strong>(33)</strong></span> <span class='ocrx_word' id='word_1_735' title='bbox 3298 4570 3392 4643; x_wconf 84' lang='grc' dir='ltr'><strong>[ὡς</strong></span> <span class='ocrx_word' id='word_1_736' title='bbox 3422 4575 3512 4622; x_wconf 85' lang='grc' dir='ltr'>καὶ</span> <span class='ocrx_word' id='word_1_737' title='bbox 3567 4573 3653 4622; x_wconf 87' lang='grc' dir='ltr'>τὸν</span> <span class='ocrx_word' id='word_1_738' title='bbox 3684 4569 3844 4646; x_wconf 82' lang='grc' dir='ltr'>’Πρώ-</span> 
     </span>
    </p>
   </div>
   <div class='ocr_carea' id='block_1_101' title="bbox 2231 4659 3840 4735">
    <p class='ocr_par' dir='ltr' id='par_1_101' title="bbox 2231 4659 3840 4735">
     <span class='ocr_line' id='line_1_101' title="bbox 2231 4659 3840 4735; baseline -0.001 -22"><span class='ocrx_word' id='word_1_739' title='bbox 2231 4659 2350 4727; x_wconf 74' lang='grc' dir='ltr'>ὃην,</span> <span class='ocrx_word' id='word_1_740' title='bbox 2384 4662 2599 4735; x_wconf 77' lang='grc' dir='ltr'>ὕστερον</span> <span class='ocrx_word' id='word_1_741' title='bbox 2656 4660 2893 4712; x_wconf 76' lang='grc' dir='ltr'>ἀνελόντα</span> <span class='ocrx_word' id='word_1_742' title='bbox 2946 4668 3148 4729; x_wconf 84' lang='grc' dir='ltr'>τοῦτον,</span> <span class='ocrx_word' id='word_1_743' title='bbox 3198 4661 3361 4733; x_wconf 86' lang='grc' dir='ltr'>χάριν</span> <span class='ocrx_word' id='word_1_744' title='bbox 3414 4663 3667 4732; x_wconf 84' lang='grc' dir='ltr'>μεγίστην</span> <span class='ocrx_word' id='word_1_745' title='bbox 3709 4659 3840 4711; x_wconf 83' lang='grc' dir='ltr'>ἀπο-</span> 
     </span>
    </p>
   </div>
   <div class='ocr_carea' id='block_1_102' title="bbox 2228 4747 2889 4823">
    <p class='ocr_par' dir='ltr' id='par_1_102' title="bbox 2228 4747 2889 4823">
     <span class='ocr_line' id='line_1_102' title="bbox 2228 4747 2889 4823; baseline 0.002 -20"><span class='ocrx_word' id='word_1_746' title='bbox 2228 4758 2399 4823; x_wconf 82' lang='grc' dir='ltr'>νεῖμαι</span> <span class='ocrx_word' id='word_1_747' title='bbox 2428 4758 2537 4813; x_wconf 89' lang='grc' dir='ltr'>τοῖς</span> <span class='ocrx_word' id='word_1_748' title='bbox 2569 4747 2889 4821; x_wconf 76' lang='grc' dir='ltr'>Ἰουδαίοις.]</span> 
     </span>
    </p>
   </div>
   <div class='ocr_carea' id='block_1_103' title="bbox 2301 4837 3840 4914">
    <p class='ocr_par' dir='ltr' id='par_1_103' title="bbox 2301 4837 3840 4914">
     <span class='ocr_line' id='line_1_103' title="bbox 2301 4837 3840 4914; baseline -0.003 -21"><span class='ocrx_word' id='word_1_749' title='bbox 2301 4846 2484 4893; x_wconf 84' lang='grc' dir='ltr'>Σκόπει</span> <span class='ocrx_word' id='word_1_750' title='bbox 2515 4837 2595 4906; x_wconf 77' lang='grc' dir='ltr'>δε,</span> <span class='ocrx_word' id='word_1_751' title='bbox 2638 4848 2747 4902; x_wconf 87' lang='grc' dir='ltr'>πῶς</span> <span class='ocrx_word' id='word_1_752' title='bbox 2791 4842 2815 4891; x_wconf 92' lang='grc' dir='ltr'><strong>ό</strong></span> <span class='ocrx_word' id='word_1_753' title='bbox 2873 4840 3139 4899; x_wconf 87' lang='grc' dir='ltr'>Ματθαίος</span> <span class='ocrx_word' id='word_1_754' title='bbox 3190 4838 3283 4891; x_wconf 83' lang='grc' dir='ltr'><strong>ούκ</strong></span> <span class='ocrx_word' id='word_1_755' title='bbox 3344 4837 3682 4914; x_wconf 75' lang='grc' dir='ltr'>ἀπεκρύψατο</span> <span class='ocrx_word' id='word_1_756' title='bbox 3718 4840 3840 4901; x_wconf 79' lang='grc' dir='ltr'>τοὺς</span> 
     </span>
    </p>
   </div>
   <div class='ocr_carea' id='block_1_104' title="bbox 2226 4924 3836 5005">
    <p class='ocr_par' dir='ltr' id='par_1_104' title="bbox 2226 4924 3836 5005">
     <span class='ocr_line' id='line_1_104' title="bbox 2226 4924 3836 5005; baseline -0.002 -23"><span class='ocrx_word' id='word_1_757' title='bbox 2226 4933 2636 5005; x_wconf 78' lang='grc' dir='ltr'>προτιμηθέντας</span> <span class='ocrx_word' id='word_1_758' title='bbox 2697 4930 2877 4984; x_wconf 72' lang='grc' dir='ltr'>αὑτοῦ.</span> <span class='ocrx_word' id='word_1_759' title='bbox 2935 4936 3101 4982; x_wconf 83' lang='grc' dir='ltr'>Τοῦτο</span> <span class='ocrx_word' id='word_1_760' title='bbox 3158 4924 3216 4981; x_wconf 71' lang='grc' dir='ltr'><strong>δὲ</strong></span> <span class='ocrx_word' id='word_1_761' title='bbox 3278 4933 3367 4980; x_wconf 80' lang='grc' dir='ltr'><strong>καὶ</strong></span> <span class='ocrx_word' id='word_1_762' title='bbox 3417 4928 3657 4989; x_wconf 88' lang='grc' dir='ltr'>Ἰωάννης</span> <span class='ocrx_word' id='word_1_763' title='bbox 3716 4927 3836 4980; x_wconf 86' lang='grc' dir='ltr'>πολ-</span> 
     </span>
    </p>
   </div>
   <div class='ocr_carea' id='block_1_105' title="bbox 2224 5016 3839 5094">
    <p class='ocr_par' dir='ltr' id='par_1_105' title="bbox 2224 5016 3839 5094">
     <span class='ocr_line' id='line_1_105' title="bbox 2224 5016 3839 5094; baseline -0.001 -23"><span class='ocrx_word' id='word_1_764' title='bbox 2224 5019 2396 5092; x_wconf 84' lang='grc' dir='ltr'>λαχοῦ</span> <span class='ocrx_word' id='word_1_765' title='bbox 2444 5028 2603 5086; x_wconf 86' lang='grc' dir='ltr'>ποιεῖ,</span> <span class='ocrx_word' id='word_1_766' title='bbox 2646 5021 2711 5071; x_wconf 87' lang='grc' dir='ltr'><strong>τά</strong></span> <span class='ocrx_word' id='word_1_767' title='bbox 2758 5017 2994 5094; x_wconf 80' lang='grc' dir='ltr'>ἐξαίρετα</span> <span class='ocrx_word' id='word_1_768' title='bbox 3044 5025 3137 5071; x_wconf 82' lang='grc' dir='ltr'>τοῦ</span> <span class='ocrx_word' id='word_1_769' title='bbox 3178 5022 3374 5094; x_wconf 83' lang='grc' dir='ltr'>Πέτρου</span> <span class='ocrx_word' id='word_1_770' title='bbox 3424 5016 3659 5091; x_wconf 80' lang='grc' dir='ltr'>ἐγκώμια</span> <span class='ocrx_word' id='word_1_771' title='bbox 3690 5016 3839 5090; x_wconf 77' lang='grc' dir='ltr'>φιλα-</span> 
     </span>
    </p>
   </div>
   <div class='ocr_carea' id='block_1_106' title="bbox 1688 5317 2595 5392">
    <p class='ocr_par' dir='ltr' id='par_1_106' title="bbox 1688 5317 2595 5392">
     <span class='ocr_line' id='line_1_106' title="bbox 1688 5317 2595 5392; baseline 0.002 -3"><span class='ocrx_word' id='word_1_772' title='bbox 1688 5317 1908 5389; x_wconf 67' lang='lat' dir='ltr'><strong>Variae</strong></span> <span class='ocrx_word' id='word_1_773' title='bbox 1936 5320 2265 5391; x_wconf 88' lang='lat' dir='ltr'><strong>lectiones</strong></span> <span class='ocrx_word' id='word_1_774' title='bbox 2297 5329 2364 5392; x_wconf 89' lang='lat' dir='ltr'><strong>et</strong></span> <span class='ocrx_word' id='word_1_775' title='bbox 2392 5331 2595 5391; x_wconf 64' lang='lat' dir='ltr'><strong>notae.</strong></span> 
     </span>
    </p>
   </div>
   <div class='ocr_carea' id='block_1_107' title="bbox 534 5507 1125 5649">
    <p class='ocr_par' dir='ltr' id='par_1_107' title="bbox 534 5507 1125 5649">
     <span class='ocr_line' id='line_1_107' title="bbox 534 5507 1125 5649; baseline 0.015 -88"><span class='ocrx_word' id='word_1_776' title='bbox 534 5507 647 5649; x_wconf 52' lang='grc' dir='ltr'><strong>ΞΜ)</strong></span> <span class='ocrx_word' id='word_1_777' title='bbox 679 5512 804 5596; x_wconf 79' lang='grc' dir='ltr'>Περὶ</span> <span class='ocrx_word' id='word_1_778' title='bbox 843 5508 1023 5578; x_wconf 78' lang='grc' dir='ltr'>αὐτοῦ,</span> <span class='ocrx_word' id='word_1_779' title='bbox 1058 5515 1125 5571; x_wconf 80' lang='grc' dir='ltr'><strong>Α.</strong></span> 
     </span>
     <span class='ocr_line' id='line_1_108' title="bbox 557 5577 1125 5648; baseline 0.009 -16"><span class='ocrx_word' id='word_1_780' title='bbox 557 5577 645 5648; x_wconf 75' lang='grc'><strong>32)</strong></span> <span class='ocrx_word' id='word_1_781' title='bbox 680 5583 876 5641; x_wconf 79' lang='grc' dir='ltr'>Μονους</span> <span class='ocrx_word' id='word_1_782' title='bbox 905 5587 1125 5647; x_wconf 88' lang='grc' dir='ltr'>τούτους</span> 
     </span>
    </p>
   </div>
   <div class='ocr_carea' id='block_1_108' title="bbox 557 5577 1566 5660">
    <p class='ocr_par' dir='ltr' id='par_1_108' title="bbox 557 5577 1566 5660">
     <span class='ocr_line' id='line_1_109' title="bbox 557 5577 1566 5660; baseline 0.013 -30"><span class='ocrx_word' id='word_1_783' title='bbox 557 5577 645 5648; x_wconf 76' lang='grc'><strong>32)</strong></span> <span class='ocrx_word' id='word_1_784' title='bbox 680 5577 876 5641; x_wconf 78' lang='grc' dir='ltr'>Μόνους</span> <span class='ocrx_word' id='word_1_785' title='bbox 905 5577 1125 5647; x_wconf 89' lang='grc' dir='ltr'>τούτους</span> <span class='ocrx_word' id='word_1_786' title='bbox 1166 5590 1286 5649; x_wconf 85' lang='grc' dir='ltr'>τούς</span> <span class='ocrx_word' id='word_1_787' title='bbox 1312 5594 1471 5660; x_wconf 87' lang='grc' dir='ltr'>τρεῖς.</span> <span class='ocrx_word' id='word_1_788' title='bbox 1500 5590 1566 5643; x_wconf 82' lang='grc' dir='ltr'>Α.</span> 
     </span>
    </p>
   </div>
   <div class='ocr_carea' id='block_1_109' title="bbox 2232 5517 3850 5651">
    <p class='ocr_par' dir='ltr' id='par_1_109' title="bbox 2232 5517 3850 5651">
     <span class='ocr_line' id='line_1_110' title="bbox 2232 5517 3850 5651; baseline -0.004 -71"><span class='ocrx_word' id='word_1_789' title='bbox 2232 5574 2278 5651; x_wconf 62' lang='grc' dir='ltr'><strong>Ἴ</strong></span> <span class='ocrx_word' id='word_1_790' title='bbox 2308 5522 2672 5648; x_wconf 31' lang='lat' dir='ltr'><strong>(363)&#39;lnclusa</strong></span> <span class='ocrx_word' id='word_1_791' title='bbox 2688 5519 3034 5577; x_wconf 86' lang='lat' dir='ltr'><strong>exciderant</strong></span> <span class='ocrx_word' id='word_1_792' title='bbox 3049 5535 3121 5576; x_wconf 90' lang='lat' dir='ltr'><strong>ex</strong></span> <span class='ocrx_word' id='word_1_793' title='bbox 3132 5517 3337 5577; x_wconf 90' lang='lat' dir='ltr'><strong>codice</strong></span> <span class='ocrx_word' id='word_1_794' title='bbox 3349 5518 3413 5575; x_wconf 94' lang='lat' dir='ltr'><strong>B.</strong></span> <span class='ocrx_word' id='word_1_795' title='bbox 3438 5518 3519 5577; x_wconf 88' lang='lat' dir='ltr'><strong>ob</strong></span> <span class='ocrx_word' id='word_1_796' title='bbox 3529 5518 3850 5592; x_wconf 89' lang='lat' dir='ltr'><strong>repetitum</strong></span> 
     </span>
     <span class='ocr_line' id='line_1_111' title="bbox 2285 5615 2539 5651; baseline 0.008 -2"><span class='ocrx_word' id='word_1_797' title='bbox 2285 5615 2344 5650; x_wconf 91' lang='grc' dir='ltr'><strong>ου</strong></span> <span class='ocrx_word' id='word_1_798' title='bbox 2388 5617 2471 5649; x_wconf 90' lang='grc' dir='ltr'><strong>αιο</strong></span> <span class='ocrx_word' id='word_1_799' title='bbox 2479 5616 2539 5651; x_wconf 86' lang='grc' dir='ltr'>ις.</span> 
     </span>
    </p>
   </div>
   <div class='ocr_carea' id='block_1_110' title="bbox 2285 5615 2539 5657">
    <p class='ocr_par' dir='ltr' id='par_1_110' title="bbox 2285 5615 2539 5657">
     <span class='ocr_line' id='line_1_112' title="bbox 2285 5615 2539 5657; baseline 0.008 -7"><span class='ocrx_word' id='word_1_800' title='bbox 2285 5615 2539 5657; x_wconf 87' lang='grc' dir='ltr'>ουοαιοις.</span> 
     </span>
    </p>
   </div>
   <div class='ocr_carea' id='block_1_111' title="bbox 537 5730 2127 5823">
    <p class='ocr_par' dir='ltr' id='par_1_111' title="bbox 537 5730 2127 5819">
     <span class='ocr_line' id='line_1_113' title="bbox 537 5730 2127 5819; baseline 0.01 -32"><span class='ocrx_word' id='word_1_801' title='bbox 537 5730 1065 5803; x_wconf 71' lang='lat' dir='ltr'><strong>(cc).l’raemittens.</strong></span> <span class='ocrx_word' id='word_1_802' title='bbox 1093 5736 1354 5796; x_wconf 85' lang='lat' dir='ltr'><strong>Addens.</strong></span> <span class='ocrx_word' id='word_1_803' title='bbox 1391 5742 1558 5799; x_wconf 90' lang='lat' dir='ltr'><strong>Forte</strong></span> <span class='ocrx_word' id='word_1_804' title='bbox 1590 5742 1729 5814; x_wconf 85' lang='lat' dir='ltr'><strong>legit</strong></span> <span class='ocrx_word' id='word_1_805' title='bbox 1758 5746 2041 5819; x_wconf 86' lang='grc' dir='ltr'>προτιθείς.</span> <span class='ocrx_word' id='word_1_806' title='bbox 2075 5748 2127 5802; x_wconf 63' lang='lat' dir='ltr'><strong>A‘</strong></span> 
     </span>
    </p>
   </div>
   <div class='ocr_carea' id='block_1_112' title="bbox 2233 5730 3636 5823">
    <p class='ocr_par' dir='ltr' id='par_1_112' title="bbox 2233 5746 3636 5823">
     <span class='ocr_line' id='line_1_114' title="bbox 2233 5746 3636 5823; baseline -0.002 -18"><span class='ocrx_word' id='word_1_807' title='bbox 2233 5747 2435 5821; x_wconf 69' lang='lat' dir='ltr'><strong>siglam</strong></span> <span class='ocrx_word' id='word_1_808' title='bbox 2466 5748 2693 5806; x_wconf 83' lang='lat' dir='ltr'><strong>invenit</strong></span> <span class='ocrx_word' id='word_1_809' title='bbox 2716 5746 2967 5823; x_wconf 84' lang='grc' dir='ltr'>πρτιθείς,</span> <span class='ocrx_word' id='word_1_810' title='bbox 3001 5759 3138 5819; x_wconf 74' lang='lat' dir='ltr'><strong>quae</strong></span> <span class='ocrx_word' id='word_1_811' title='bbox 3164 5747 3423 5821; x_wconf 86' lang='grc' dir='ltr'>προτιθιίς</span> <span class='ocrx_word' id='word_1_812' title='bbox 3451 5749 3636 5804; x_wconf 87' lang='lat' dir='ltr'><strong>notat.</strong></span> 
     </span>
    </p>
   </div>
  </div>
