4178 6406
264 380 370 438 477

1235 363 1604 425 COMMENT.
1647 361 1720 418 IN
1758 357 2208 417 MATTHASUM.
2249 387 2317 399 -—
2357 355 2513 412 CAP.
2557 352 2728 410 XVII.

3547 327 3652 388 478

262 506 437 567 ληθῶς
477 503 803 576 ἀναγράφων.
862 500 1055 553 Φθόνου
1088 497 1186 570 γὰρ
1240 493 1387 554 ἐκτός
1435 489 1494 550 ἧν
1534 491 1560 542 ό
1612 497 1710 540 τῶν
1744 486 1876 540 ἀπο·-

2011 485 2187 542 :omia
2224 485 2476 541 libenter
2515 479 2858 538 describens
2898 493 2912 544 ;
2953 467 3353 546 apostolorum
3394 471 3655 529 namque

2656 572 2666 576 _
2761 569 2832 576 .-.
2945 565 3000 576 ..ε
3197 566 3304 576 ικᾉ-
3347 551 3470 576 IJJ\
3518 561 3650 576 num

267 597 464 649 στόλων
496 598 675 666 χορός.
725 594 872 644 Aturi
919 585 997 653 δὲ,
1042 587 1194 640 εἰπὼν
1235 586 1260 636 ό
1306 585 1558 656 Χριστὸς,
1602 579 1720 632 Εἰσί
1749 597 1880 638 τινες

266 695 367 739 τῶν
409 680 512 737 ὧδε
572 683 828 745 ἑστώτων,
886 676 1222 752 ἀπεκρύψατο
1253 676 1319 726 τὰ
1356 675 1548 724 τούτων
1611 668 1876 740 ὀνόματα;

267 779 366 830 Διὰ
394 778 452 828 τὸ
493 778 564 848 μὴ
597 772 833 830 λυπῆσαι
881 772 1002 829 τοὺς
1031 767 1235 828 ἄλλους·
1268 768 1358 816 καὶ
1386 763 1487 836 γὰρ
1521 759 1758 831 ἤλγησαν
1796 755 1877 823 ἂν,

273 863 521 928 δόξαντες
550 865 614 924 ὡς
658 861 860 924 ἀνάξιοι
889 858 1244 932 παρορᾶσθαι.

349 959 450 1008 Καὶ
472 986 538 994 -
572 949 838 1005 κατιὸίαν.
860 948 918 1000 Ὀ
949 945 1008 1001 δὲ
1038 951 1240 1006 Λουκᾶς
1262 940 1416 1009 εἶπεν,
1445 943 1543 1007 ὅτι,
1569 934 1878 1012 παραλαϐὼν

274 1045 481 1111 αύτούς,
515 1041 666 1101 ἀνέϐη
706 1041 778 1102 εἰς
804 1043 860 1091 τὸ
901 1043 1017 1111 ὄρος
1045 1033 1458 1111 προσεύξασθαι.

351 1249 451 1298 Καὶ
503 1274 570 1284 -
610 1250 735 1314 φῶς.
789 1239 1051 1312 Ἀναφέρει
1103 1237 1191 1308 μεν
1223 1233 1407 1294 αύτούς
1456 1230 1522 1292 εἰς
1571 1234 1682 1304 ὄρος
1739 1227 1878 1299 ύψη-

273 1335 382 1402 λὸν,
453 1335 536 1386 ἱνα
600 1335 814 1402 ’γένηται
888 1333 1022 1380 πᾶσι
1083 1331 1191 1386 τοῖς
1256 1321 1431 1384 ἄλλοις
1487 1319 1722 1380 ἀθέατος.
1788 1318 1881 1370 Διὰ

274 1432 428 1477 τοῦτο
479 1426 580 1497 ’γὰρ
656 1420 998 1493 προσέθηκεν,
1075 1416 1156 1468 ὅτι
1207 1409 1472 1467 κατιδίαν.
1547 1406 1715 1462 Οὐδὲν
1779 1411 1878 1482 γὰρ

277 1515 439 1568 ἔποίει
494 1515 623 1586 πρὸς
680 1508 1000 1582 φιλοτιμίαν,
1068 1504 1196 1557 ἀλλὰ
1246 1505 1415 1556 πάντα
1481 1503 1617 1553 κατὰ
1670 1503 1876 1574 χρείαν.

274 1601 419 1675 Ἀμα
464 1599 523 1654 δε
551 1605 660 1666 καὶ,
704 1601 786 1650 ἵνα
813 1599 1079 1671 μάθωμεν,
1134 1595 1212 1646 ὅτι
1257 1596 1366 1666 χρὴ
1403 1591 1754 1665 ὑπεροφθῆναι
1788 1597 1883 1650 τῆς

278 1698 472 1764 γεηρᾶς
500 1688 904 1764 χθαμαλότητος
955 1689 1041 1738 τὸν
1073 1683 1320 1742 μελλοντα
1368 1684 1584 1756 θεωρίας
1627 1681 1765 1740 θείας
1797 1677 1882 1739 ἁξ-

281 1783 495 1840 ωθῆναι.

1989 576 2207 632 chorus
2255 591 2466 647 expers
2500 578 2624 628 erat
2653 569 2911 627 invidia».
2945 565 3080 620 Ideo
3113 566 3313 616 autem
3344 551 3471 624 (dd)
3515 561 3655 603 cum

1988 667 2236 722 dixisset
2275 638 2539 720 Christus
2574 679 2584 716 :
2626 662 2772 719 Sunt
2815 657 3048 731 quidam
3091 654 3158 708 de
3201 649 3298 704 hic
3342 638 3651 701 stantzbus,

1987 758 2208 814 horum
2226 754 2542 811 occultavit
2568 752 2820 816 nomina,
2858 764 2934 805 ne
2955 750 3201 802 caeteros
3242 732 3617 793 contristaret
3641 741 3655 790 ;

1990 863 2131 904 nam
2164 847 2446 915 indignos
2479 859 2608 897 sese
2640 838 2924 906 arbitrati,
2959 831 3291 890 doluissent
3322 840 3380 878 se
3409 814 3655 889 despici.

2062 939 2219 992 Vers.
2265 906 2327 989 1.“
2354 936 2430 990 Et
2482 965 2549 974 —
2596 933 2853 988 seorsim.
2905 929 3091 982 Lucas
3140 925 3341 976 autem
3393 908 3534 966 dicit
3586 906 3655 957 93.

1989 1027 2156 1099 quod
2201 1024 2520 1096 assumpsit
2559 1022 2709 1088 illos,
2753 1017 3143 1086 ascenditque
3182 1009 3242 1064 in
3285 1005 3552 1060 montem
3597 996 3662 1050 ut

1988 1120 2204 1173 oraret.

2063 1207 2226 1263 Vers.
2257 1208 2307 1260 2.
2345 1205 2420 1260 Et
2467 1232 2536 1244 --
2566 1201 2782 1258 lumen.
2827 1193 3107 1254 Subducit
3137 1189 3268 1246 illos
3300 1184 3361 1240 in
3392 1179 3660 1234 montem

1989 1296 2314 1360 excelsum,
2359 1299 2416 1350 ut
2459 1311 2490 1348 a
2531 1292 2695 1347 nullo
2743 1290 2860 1346 alio
2909 1280 3177 1356 conspici
3223 1273 3413 1351 possit
3460 1285 3474 1334 ;
3526 1265 3662 1320 ideo

1990 1388 2168 1444 etiam
2222 1357 2408 1450 addit,
2443 1382 2716 1440 Seorn'm.
2756 1377 2904 1436 Nihil
2950 1377 3107 1431 enim
3153 1367 3406 1425 faciebat
3433 1361 3511 1418 ad
3544 1357 3665 1431 glo"

1988 1478 2163 1541 riam,
2199 1475 2303 1532 sed
2343 1474 2548 1531 omnia
2584 1472 2656 1527 ad
2695 1469 3020 1526 utilitatem.
3058 1465 3348 1518 Praeterea
3386 1451 3665 1509 utdisca—

1991 1584 2126 1623 mus
2155 1570 2427 1638 oportere
2459 1579 2494 1619 a
2525 1567 2758 1618 terrena
2791 1554 3092 1613 sublevari
3121 1549 3454 1606 humilitate
3500 1558 3660 1607 eum,

1991 1658 2096 1730 qui
2142 1636 2346 1712 divina
2391 1649 2894 1722 contemplatione
2924 1646 3145 1717 dignus
3174 1636 3494 1697 habendus
3554 1638 3664 1691 est.

355 1870 736 1944 Μετεμορφὼθη
793 1863 871 1933 δε,
923 1870 1183 1938 μείναντος
1221 1866 1310 1936 μὲν
1369 1868 1460 1914 τοῦ
1519 1865 1758 1932 σώματος
1803 1857 1885 1909 ἐπὶ

2067 1859 2132 1915 Et
2159 1853 2616 1913 transformatus
2645 1851 2748 1913 est,
2783 1858 3032 1916 corpore
3062 1839 3307 1914 quidem
3339 1837 3394 1892 iri
3426 1834 3668 1908 propria

289 1968 376 2013 τοῦ
429 1961 619 2012 οἰκείου
687 1962 982 2029 σχήματος·
1041 1961 1138 2015 τῆς
1198 1955 1370 2013 θεῑκῆς
1426 1947 1484 2002 δὲ
1525 1949 1888 2023 λαμπρότητος

286 2054 466 2123 μικρόν
503 2069 552 2101 τι
581 2047 1110 2123 παραγυμνωθείσης,
1153 2047 1242 2094 καὶ
1281 2040 1792 2113 καταλαμπρυνάσης
1830 2039 1888 2087 τὸ

287 2145 564 2213 πρόσωπον
605 2138 778 2207 αὐτοῦ,
840 2141 930 2187 καὶ
987 2137 1045 2185 τό
1087 2130 1220 2192 εἶδος
1258 2134 1444 2184 τούτου
1495 2127 1888 2201 μεταϐαλούσης

292 2227 375 2280 ἐπὶ
401 2231 458 2279 τὸ
507 2223 897 2299 θεοειδέστερον.
944 2222 1273 2295 Ἐμπροσθεν
1317 2217 1375 2272 δὲ
1422 2219 1611 2284 αὐτῶν,
1656 2219 1738 2269 ἵνα
1770 2215 1888 2289 βλέ-

291 2337 487 2383 ποντες,
543 2323 653 2378 πῶς
713 2315 1107 2388 μετεμορφώθη,
1195 2316 1265 2383 μὴ
1333 2307 1664 2361 ὑπολάϐωσιν
1723 2307 1890 2377 ἕτερον

293 2407 446 2458 αὐτόν
475 2402 620 2471 εἶναι,
648 2409 738 2456 καὶ
769 2405 877 2476 ,ἱνα
904 2405 1135 2476 μάθωσι,
1186 2408 1296 2462 πῶς
1331 2399 1464 2452 οὕτω
1506 2396 1652 2473 ῥᾷον,
1681 2396 1707 2447 ὁ
1741 2395 1890 2461 θέλει,

291 2492 529 2548 δύναται.

360 2584 592 2657 Ἕλαμψε
645 2581 704 2636 δε
734 2587 792 2636 τὸ
848 2587 1126 2656 πρόσωπον
1157 2579 1316 2633 αὐτοῦ
1369 2579 1492 2640 ὠςό
1539 2575 1701 2640 ἣλιος,
1754 2571 1891 2628 διότι

291 2675 452 2736 οὕτως
479 2671 654 2737 ἔδοξεν
685 2674 883 2735 αὐτοῖς.
914 2671 972 2724 Ἡ
1003 2673 1104 2744 γὰρ
1143 2669 1442 2742 λαμπρότης
1472 2666 1634 2724 ἐκείνη
1665 2667 1789 2740 ύπερ
1811 2668 1894 2716 τὸν

294 2765 432 2825 ἣλιον
468 2762 550 2832 ἦν,
610 2769 701 2815 xui
734 2765 846 2815 θεία
899 2782 977 2824 τις
1032 2765 1122 2812 καὶ
1169 2758 1473 2833 ἀπόρρητος.
1507 2760 1583 2810 Τὰ
1624 2753 1682 2808 δὲ
1716 2757 1901 2827 ἱμάτια

295 2855 452 2907 αὐτοῦ
493 2855 682 2927 ἐγένετο
735 2853 912 2921 λευκὰ,
954 2853 1022 2914 ὡς
1051 2854 1108 2902 τό
1150 2859 1272 2922 φῶς,
1327 2844 1668 2907 διαδοθείσης
1705 2851 1794 2897 καὶ
1826 2844 1898 2906 εἰς

294 2945 430 2997 αὐτὰ
455 2953 548 3006 τῆς
578 2946 935 3015 φωτοχυσίας.

373 3039 430 3087 Εἰ
460 3054 537 3096 τις
565 3030 650 3086 οὖν
699 3037 789 3085 καὶ
838 3027 984 3104 ἡμῶν
1024 3030 1053 3088 ἧ
1103 3028 1366 3100 ἀγαπήσει
1417 3031 1503 3080 τὸν
1552 3027 1778 3094 Ἰησοῦν,
1835 3026 1898 3084 ὡς

296 3127 511 3198 Πέτρος,
547 3123 573 3181 ἦ
626 3121 872 3194 ἁγαπηθῇ
907 3119 1028 3194 παρ’
1073 3118 1252 3184 αὐτοῦ,
1283 3121 1346 3178 ὡς
1376 3117 1639 3179 Ἰωάννης,
1670 3116 1699 3174 ἣ
1731 3112 1898 3186 βαρὺς

289 3219 506 3287 γένηται
537 3214 670 3264 κατὰ
716 3220 815 3262 τῶν
847 3209 1050 3282 ἐχθρῶν
1103 3207 1282 3278 αὐτοῦ,
1317 3210 1384 3268 ὡς
1411 3205 1677 3265 Ἰάκωϐος,
1715 3203 1900 3276 ἐχθροὶ
1940 3210 1981 3267 C

290 3300 350 3356 δὲ
381 3305 570 3355 τούτου
629 3305 720 3352 καὶ
773 3298 964 3372 μᾶλλον
995 3300 1043 3351 οἱ
1101 3293 1363 3369 δαίμονες·
1413 3294 1774 3367 ἀναχθήσεται
1814 3292 1900 3344 ὑπ’

288 3393 448 3445 αὑτοῦ
483 3391 550 3451 εἰς
580 3394 696 3464 ὄρος
732 3388 949 3459 ὑψηλὸν,
1008 3391 1191 3458 ἤγουν,
1244 3385 1310 3445 εἰς
1340 3383 1475 3455 ὕψος
1519 3388 1779 3454 γνώσεως,
1813 3387 1902 3434 καὶ

288 3485 547 3558 θεωρήσει
577 3484 671 3537 τὴν
705 3475 866 3541 δόξαν
906 3476 1086 3541 αὑτοῦ,
1133 3477 1358 3527 καθόσον
1392 3475 1594 3546 ἐφικτὸν
1627 3470 1898 3546 ἀνθρώπῳ,

285 3572 418 3643 λέγω
483 3565 576 3637 δὴ,
609 3571 674 3620 τὰ
724 3574 828 3628 τοῖς
875 3565 1082 3626 πολλοῖς
1121 3563 1553 3638 ἀποκεκρυμμένα
1582 3567 1669 3613 καὶ
1716 3559 1905 3612 ἀθέατα

286 3665 580 3734 μυστήρια.

361 3750 480 3802 Ούκ
545 3749 761 3823 οἶκαιρον
829 3742 887 3798 δὲ
949 3745 1105 3797 εἰπεῖν
1158 3747 1418 3818 πρόσωπα
1477 3742 1590 3812 (34)
1662 3743 1751 3812 μεν
1813 3745 1904 3790 τοῦ

289 3840 475 3897 Ἰησοῦ
562 3842 656 3895 τὴν
717 3843 910 3908 γνῶσιν
967 3842 1066 3886 τῶν
1118 3833 1282 3904 λόγων
1348 3831 1528 3895 αὐτοῦ,
1610 3831 1792 3902 ἱμάτια
1848 3824 1906 3879 δὲ

285 3931 452 3982 αὐτοῦ
491 3929 576 3987 τὰς
604 3926 764 3988 λέξεις
794 3933 892 3976 τῶν
931 3923 1095 3994 λόγων
1126 3922 1308 3991 αὐτοῦ,
1354 3920 1416 3980 ἃς
1445 3923 1474 3979 ἡ
1513 3919 1901 3992 ἐγκεκρυμμένη

281 4023 498 4078 τούτοις
552 4024 750 4087 γνῶσις
814 4012 1201 4085 περιϐέϐληται,
1257 4015 1323 4073 ὡς
1385 4012 1586 4082 ἱμάτια·
1643 4010 1756 4080 (35)
1815 4012 1904 4059 καὶ

276 4110 464 4182 ὄψεται
516 4109 572 4158 τό
622 4109 712 4177 μὲν
765 4110 996 4155 τοιοῦτον
1049 4106 1328 4174 πρόσὼπον
1384 4098 1543 4152 αὐτοῦ
1583 4099 1783 4170 λάμπον
1814 4103 1903 4150 καὶ

275 4203 513 4273 φωτίζον
581 4198 696 4254 τοὺς
757 4192 1155 4257 ἒνατενίζοντας,
1214 4192 1280 4242 τὰ
1359 4185 1417 4241 δε
1475 4196 1694 4240 τοιαῦτα
1750 4187 1902 4239 πάλιν

277 4290 472 4362 ἱμάτια
499 4285 663 4337 αὐτοῦ
714 4283 890 4349 λευκὰ,
924 4277 1089 4355 μηδὲν
1123 4282 1383 4333 σκοτεινὸν
1427 4285 1516 4331 xui
1567 4279 1680 4350 (36)
1711 4275 1903 4348 ἀσαφὲς

273 4381 496 4451 ἔχοντα.

347 4578 452 4628 Καὶ
507 4601 584 4613 --
664 4569 772 4642 μετ’
827 4568 987 4622 αὑτοῦ
1075 4565 1462 4627 συλλαλοῦντες.

271 4664 450 4725 αἰτίας
474 4665 572 4715 τὸν
603 4667 834 4719 Μωυσῆν
877 4663 966 4711 καὶ
995 4661 1085 4710 τὸν
1116 4655 1292 4709 Ἠλίαν
1341 4660 1667 4730 παρέστησεν
1715 4655 1898 4726 ἑαυτῷ.

275 4750 498 4812 Ἐπειδὴ
570 4753 670 4826 γὰρ
732 4753 780 4802 οἰ
829 4748 981 4820 ὄχλοι
1047 4747 1216 4818 ἔλεγον
1289 4749 1338 4799 οἱ
1387 4750 1474 4818 μὲν
1525 4747 1764 4803 Ἰωάννην
1815 4750 1900 4798 τὸν

275 4846 593 4900 Βαπτιστὴν
643 4837 769 4892 εἶναι
819 4839 994 4901 αὐτὸν,
1047 4836 1192 4889 ἄλλοι
1238 4832 1317 4903 δὲ,
1369 4835 1567 4903 Ἠλίαν,
1611 4836 1769 4909 ἕτεροι
1820 4833 1898 4898 δὲ,

273 4935 535 5007 Ἱερεμίαν
594 4932 624 4989 ἣ
677 4930 764 4982 ἕνα
816 4937 913 4981 τῶν
964 4935 1243 5002 προφητῶν
1299 4933 1398 4978 τῶν
1449 4923 1708 5000 ἀρχαίων·
1766 4945 1900 4998 συμ-

275 5028 644 5100 παρίστησεν,
691 5022 759 5081 ὡς
806 5015 1045 5080 δούλους,
1081 5021 1199 5076 τοὺς
1250 5015 1662 5090 ἐπισημοτέρους
1700 5024 1798 5068 τῶν
1853 5014 1901 5067 ἐν

274 5121 336 5186 τῇ
389 5111 613 5181 {Iulum}
649 5107 983 5181 λαμψάντων,
1017 5107 1099 5158 ἵνα
1143 5113 1273 5178 φανῇ
1308 5108 1366 5157 τὸ
1413 5107 1569 5178 μέσον
1620 5104 1805 5158 ἑαυτοῦ
1848 5124 1902 5158 τε

343 5291 394 5328 ⁸³
423 5288 552 5344 Luc
585 5301 666 5353 ix,
697 5288 786 5342 28.

1997 1950 2191 2020 ﬁgura
2221 1947 2510 2003 manente,
2569 1937 2768 1994 divino
2818 1949 2954 1989 vero
2997 1928 3316 2002 splendore
3358 1923 3665 1980 modicum

1999 2016 2289 2112 quiddam
2311 2034 2371 2088 in
2389 2047 2460 2087 eo
2482 2030 2812 2097 detegente,
2834 2039 2903 2079 ac
2925 2021 3137 2077 faciem
3161 2019 3291 2088 ejus
3311 2016 3666 2074 illustrante,

2001 2102 2381 2200 speciemque
2421 2119 2578 2174 illius
2620 2117 2692 2172 ad
2734 2115 3027 2186 majorem
3073 2108 3173 2163 Dei
3214 2102 3666 2161 similitudinem

2000 2194 2373 2273 immutante.
2424 2208 2640 2264 Coram
2674 2205 2755 2260 eis
2796 2208 3016 2272 autem,
3046 2215 3121 2254 ne
3171 2194 3668 2253 transformatum

2003 2306 2200 2379 ipsum
2232 2299 2425 2357 intuiti
2486 2297 2738 2353 alterum
2794 2307 2925 2348 esse
2958 2287 3426 2359 suspicarentur,
3485 2286 3669 2352 utque

2006 2374 2227 2452 s—cirent
2276 2406 2414 2447 eum
2458 2385 2757 2449 facillime,
2797 2380 2966 2454 quod
3005 2377 3162 2442 velit,
3229 2374 3423 2430 facere
3463 2386 3660 2442 posse.

2080 2589 2386 2666 Splenduit
2442 2601 2586 2644 vero
2638 2583 2820 2640 facies
2861 2580 2986 2651 ejus
3031 2576 3182 2632 sicut
3220 2572 3326 2643 sol,
3391 2569 3540 2643 quia
3590 2569 3672 2626 ita

2006 2659 2431 2754 illisapparuit
2460 2696 2473 2744 ;
2509 2675 2600 2731 ille
2631 2673 2790 2730 enim
2824 2685 3006 2742 supra
3036 2665 3222 2722 solem
3253 2667 3398 2726 erat,
3433 2659 3672 2716 divinus

2007 2749 2258 2848 quidam
2287 2774 2343 2827 et
2367 2765 2704 2824 inetfabilis.
2734 2760 3102 2818 Vestimenta
3129 2759 3327 2811 autem
3355 2753 3484 2822 ejus
3516 2749 3673 2806 facta

2010 2840 2150 2919 sunt
2194 2860 2452 2917 candida
2498 2857 2649 2912 sicut
2693 2855 2922 2915 lumen,
2973 2845 3193 2904 diffuso
3242 2844 3422 2900 etiam
3470 2841 3530 2897 in
3573 2840 3674 2897 illa

2009 2953 2348 3026 splendore.

2012 3023 2217 3115 Itaque
2288 3040 2335 3095 si
2396 3039 2666 3093 nostrum
2729 3044 2971 3104 quoque
3037 3024 3254 3097 aliquis
3318 3023 3527 3078 Jesum
3609 3024 3675 3076 ut

2013 3112 2212 3189 Petrus
2243 3126 2548 3191 amaverit,
2602 3128 2658 3179 et
2688 3124 2927 3177 amatus
2958 3117 3036 3172 ab
3077 3130 3147 3170 eo
3182 3113 3354 3169 fuerit
3394 3116 3457 3166 ut
3499 3112 3675 3164 Joan-

2013 3240 2144 3287 nes,
2195 3237 2264 3277 ac
2302 3215 2558 3274 inimicis
2606 3212 2762 3268 illius
2803 3207 3001 3279 gravis
3048 3203 3225 3260 fuerit
3276 3206 3342 3256 ut
3386 3199 3670 3265 Jacobus,

2012 3311 2237 3370 inimici
2269 3323 2410 3364 vero
2461 3304 2618 3360 illius
2648 3304 2786 3356 sunt
2824 3298 3154 3358 daemones,
3201 3289 3562 3346 subducetur
3593 3288 3672 3343 ab

2013 3418 2084 3458 eo
2146 3401 2206 3455 in
2268 3401 2536 3453 montem
2601 3390 2920 3452 excelsum,
2986 3385 3109 3440 sive
3175 3382 3236 3438 in
3300 3378 3674 3436 altitudinem

2013 3487 2388 3560 cognitionis,
2423 3490 2480 3541 et
2510 3483 2753 3555 gloriam
2797 3479 2952 3534 illius
2991 3471 3336 3535 intuebitur,
3379 3473 3674 3540 quantum

2014 3579 2243 3636 homini
2277 3575 2643 3649 permissum
2682 3574 2814 3626 est:
2848 3567 2982 3622 dico
3025 3578 3168 3620 sane
3213 3558 3499 3633 mysteria
3537 3571 3674 3628 quas

2015 3670 2219 3726 multis
2247 3666 2544 3723 occultata
2575 3665 2713 3718 sunt
2744 3675 2814 3716 ac
2844 3657 3051 3714 invisa.

2087 3761 2214 3815 Non
2245 3757 2352 3814 erit
2405 3760 2604 3811 autem
2635 3754 2850 3824 praeter
2899 3748 3195 3802 intentum
3227 3745 3330 3798 aut
3383 3741 3675 3810 intempe-

2016 3849 2256 3911 stivum,
2302 3852 2366 3902 ut
2400 3845 2674 3900 dicamus
2721 3839 2936 3895 faciem
2973 3837 3112 3890 Jesu
3151 3831 3514 3888 intellectum
3561 3841 3678 3881 ser-

2015 3953 2265 3994 monum
2324 3935 2519 4000 illius;
2579 3929 2935 3986 vestimenta
2990 3939 3134 3979 vero
3201 3922 3331 3994 ejus
3389 3917 3677 3973 dictiones

2015 4041 2385 4091 sermonum,
2415 4023 2632 4095 quibus
2666 4017 2996 4076 occultatus
3027 4017 3116 4067 est
3142 4011 3203 4066 in
3234 4010 3316 4064 eis
3347 4007 3678 4063 intellectus

2013 4123 2304 4190 tanquam
2332 4110 2703 4170 vestimentis
2729 4105 2995 4163 induitur
3024 4120 3038 4170 ;
3067 4100 3322 4171 talisque
3349 4099 3475 4167 ejus
3498 4095 3679 4150 facies

2014 4183 2348 4280 apparebit,
2373 4200 2694 4275 splendens
2716 4212 2786 4252 ac
2811 4192 3158 4249 illuminans
3182 4204 3284 4243 eos
3305 4185 3405 4258 qui
3431 4186 3490 4239 in
3513 4183 3679 4238 illam

2013 4272 2286 4368 defigunt
2324 4272 2531 4350 oculos
2567 4307 2579 4345 :
2611 4294 2667 4344 et
2695 4300 2925 4343 rursum
2972 4279 3112 4337 talia
3150 4278 3279 4349 ejus
3324 4272 3680 4329 vestimenta

2013 4363 2274 4443 candida
2304 4386 2462 4447 sunt,
2496 4378 2766 4451 nihilque
2792 4373 3177 4430 tenebrosum
3217 4369 3320 4423 aut
3351 4363 3678 4420 obscurum

2012 4473 2317 4532 habentia.

1550 4568 1644 4618 Διά
1712 4564 1904 4626 πολλὰς
1933 4571 1978 4626 D
2085 4565 2257 4620 Vers.
2301 4567 2350 4619 3.
2380 4560 2460 4616 Et
2490 4588 2558 4602 ——
2589 4573 2717 4614 cum
2749 4571 2812 4612 eo
2841 4555 3159 4624 loquentes.
3191 4549 3438 4618 Propter
3467 4543 3681 4600 multas

2014 4671 2227 4712 causas
2269 4666 2472 4708 secum
2519 4653 2712 4704 astare
2755 4643 2891 4701 fecit
2932 4645 3128 4699 Mosen
3182 4643 3239 4696 et
3275 4638 3480 4693 Eliam.
3536 4634 3683 4700 Quia

2014 4745 2176 4801 enim
2217 4743 2408 4798 turbae
2444 4738 2764 4794 dicebant:
2813 4733 2874 4789 hi
2930 4731 3175 4804 quidem
3215 4727 3511 4784 Joannem
3554 4739 3682 4780 esse

2015 4834 2366 4907 Baptistam,
2415 4829 2535 4886 allii
2562 4833 2763 4884 autem
2792 4822 2998 4888 Eliam,
3032 4820 3125 4876 alii
3157 4834 3296 4874 vero
3335 4815 3677 4878 Jereiniam,

2014 4905 2119 4982 aut
2137 4939 2325 4979 unum
2351 4926 2612 4977 veterum
2641 4913 3075 4988 prophetarum
3102 4927 3113 4964 :
3145 4905 3447 4963 constituit
3477 4919 3682 4960 coram

2014 5032 2076 5071 se
2119 5020 2404 5085 tanquam
2438 5023 2662 5070 servos,
2697 5021 2798 5061 eos
2837 5002 2943 5075 qui
2976 5001 3036 5056 in
3079 4998 3261 5056 veteri
3304 4997 3683 5053 Testamento

2015 5082 2370 5174 insigniores
2427 5097 2803 5161 refulserant,
2859 5096 2925 5148 ut
2980 5088 3304 5146 discrimen
3367 5082 3533 5160 quod
3598 5087 3687 5138 est

1525 5355 1744 5424 Variae
1773 5354 2102 5424 lectiones
2135 5359 2434 5421 etnotae.

275 5557 467 5685 ﬁtﬁt)
508 5552 836 5612 Hentenius
884 5555 1166 5628 πρόσωπον
1215 5550 1376 5624 legit,
1417 5550 1585 5625 quod
1641 5550 1900 5624 praetule-

2087 5549 2201 5693 235;
2224 5547 2470 5621 Ἰμάτιον.
2498 5547 2564 5600 Α.

2111 5625 2175 5678 36
2229 5623 2330 5674 Καὶ
2359 5617 2564 5692 ἀσφαλέε

2111 5613 2201 5692 36)
2229 5613 2330 5674 Καὶ
2359 5617 2598 5692 ἀσφαλές.
2629 5618 2673 5671 Α
2704 5613 2901 5670 .male.

352 5805 481 5880 (άά)
505 5803 642 5863 Ideo
671 5809 889 5864 autem.
921 5803 1034 5862 Cur
1063 5807 1289 5864 autem.
1327 5805 1440 5862 Pro
1474 5799 1641 5874 διατί,
1670 5801 1912 5861 videtur
1941 5801 2237 5860 invenisse
2271 5795 2434 5868 διότι,
2465 5795 2631 5871 quod
2663 5798 2867 5853 tamen
2895 5791 3100 5848 locum
3131 5801 3257 5848 non
3285 5781 3494 5841 habet.
