4178 6386
507 338 614 396 479

1846 339 2198 402 ΕΠΤἩΥΜΙΓ
2219 341 2566 405 ZIGABENI-

3779 352 3886 418 480

507 465 660 524 inter
706 483 769 524 se
826 472 884 526 et
927 469 1061 526 illos
1118 474 1425 544 appareat,
1469 475 1858 562 etqquantum
1909 473 2036 545 ipse
2089 473 2146 530 al

2280 475 2544 545 κάκείνων,
2583 482 2671 532 καὶ
2701 481 2863 532 πόσον
2911 479 3068 542 αὐτὸς
3117 477 3354 556 διαφέρει
3399 485 3616 539 τούτων.
3654 489 3767 541 Μία
3794 490 3884 562 μὲν

505 554 618 611 illis
643 555 900 616 diﬂ‘erat.
931 559 1066 614 Haec
1092 558 1292 632 itaque
1322 575 1442 616 una
1467 559 1575 616 fuit
1602 577 1808 619 causa.

577 647 775 703 Altera
801 664 1042 704 rursum
1071 666 1084 705 :
1119 650 1262 722 quia
1291 649 1660 707 accusabant
1687 651 1858 709 illum
1899 653 1973 709 de
2019 653 2168 725 legis

507 738 980 808 transgressione
1010 740 1308 796 dicentes:
1359 742 1492 797 Non
1520 746 1603 798 est
1635 740 1730 797 hic
1773 759 1806 796 a
1834 745 1966 810 Deo,
2034 745 2168 816 quia

505 827 834 884 Sabbatum
865 845 984 885 non
1014 831 1260 886 custodit
1298 831 1370 887 9°.
1405 833 1746 902 Rursusque
1776 832 2165 905 blasphemiae

505 931 641 972 eum
674 919 1061 984 accusabant,
1093 925 1147 975 et
1175 921 1336 992 quod
1361 921 1456 975 Dei
1486 920 1737 989 gloriam
1765 921 1875 977 sibi
1905 922 2166 980 vindica-

502 1012 590 1061 ret
619 1006 883 1063 dicentes
916 1027 931 1062 :
962 1011 1042 1066 De
1073 1009 1220 1065 bono
1251 1026 1420 1078 opere
1444 1027 1560 1066 non
1600 1011 1922 1082 lapz’damus
1953 1019 2021 1077 te,
2067 1015 2166 1070 sed

502 1095 565 1150 de
591 1096 961 1164 blasphemia,
995 1105 1050 1155 et
1079 1100 1216 1171 quia
1247 1100 1418 1156 homo
1448 1117 1576 1156 cum
1606 1101 1706 1164 sis,
1732 1103 1888 1169 facis
1919 1102 2163 1171 teipsum

501 1185 679 1242 Deum
713 1188 728 1222 ¹
762 1203 775 1253 ;
810 1192 1004 1244 astare
1035 1188 1168 1244 fecit
1199 1205 1401 1246 coram
1451 1205 1513 1245 se
1543 1193 1743 1246 Mosen
1791 1196 1855 1246 ut
1885 1193 2166 1247 ostende—

499 1278 603 1354 ret,
633 1276 800 1348 quod
828 1277 873 1332 si
898 1277 1044 1349 legis
1071 1283 1476 1350 transgressor
1499 1284 1673 1346 esset,
1703 1296 2078 1354 nequaquam
2104 1281 2165 1337 in

499 1349 753 1422 modum
780 1369 933 1424 servi
956 1349 1263 1442 legislator
1285 1370 1398 1426 sibi
1429 1372 1711 1428 astitisset
1738 1389 1750 1437 ;
1783 1372 1968 1428 Eliam
2002 1389 2161 1433 vero.

498 1458 563 1510 ut
585 1461 877 1528 appareat
899 1459 1060 1527 quod
1087 1459 1136 1514 si
1164 1459 1556 1532 blasphemus
1577 1466 1749 1528 esset,
1774 1477 2160 1536 nequaquam

496 1543 547 1599 is
576 1543 681 1616 qui
726 1561 962 1620 semper
1010 1547 1108 1604 Dei
1159 1549 1411 1618 gloriam
1439 1551 1822 1609 vehementer
1852 1559 2160 1612 amaverat

495 1649 564 1690 ac
586 1633 770 1690 tuitus
792 1635 1000 1702 fuerat,
1029 1642 1316 1712 tanquam
1339 1655 1546 1696 servus
1567 1641 1650 1697 illi
1673 1647 1891 1700 astaret
1911 1645 2016 1717 qui
2038 1644 2156 1702 Deo

496 1724 824 1780 contrarius
848 1732 1020 1782 esset.

561 1922 752 1977 Tertia
794 1937 1037 1996 quoque
1087 1939 1291 1991 causa,
1324 1930 1389 1983 ut
1421 1928 1628 1984 mortis
1669 1929 1927 2004 vitaque
1961 1933 2152 1990 Domi-

490 2025 605 2066 nus
619 2018 1093 2080 cognosceretur.
1124 2018 1314 2072 Moses
1344 2018 1500 2074 enim
1536 2023 1806 2076 mortuus
1824 2027 1966 2088 erat,
2001 2023 2156 2080 Elias

492 2104 687 2156 autem
719 2101 889 2157 vivus
925 2119 936 2158 :
971 2108 1027 2158 et
1056 2109 1119 2159 ut
1165 2105 1432 2162 videntes
1467 2109 1845 2180 postmodum
1878 2112 2155 2185 discipuli

491 2188 658 2245 illum
689 2191 1063 2259 morientem,
1098 2195 1496 2265 intelligerent
1523 2200 1689 2270 quod
1718 2200 1841 2257 haec
1887 2201 2157 2260 volunta-

490 2277 574 2334 rie
616 2284 928 2349 pateretur,
965 2288 1020 2338 et
1051 2284 1379 2353 cogitarent
1407 2288 1572 2358 quod
1605 2304 1990 2364 nequaquam
2039 2309 2154 2350 mo-

489 2373 716 2424 reretur
743 2369 963 2426 invitus
993 2374 1096 2445 qui
1126 2375 1330 2430 mortis
1362 2377 1616 2449 vitaeque
1648 2385 1803 2436 esset
1830 2382 2142 2440 Dominus.

561 2458 757 2516 Potest
787 2463 844 2516 et
872 2461 990 2517 alia
1023 2463 1164 2518 addi
1197 2480 1382 2522 causa
1411 2468 1577 2539 quod
1624 2469 1736 2525 hos
1775 2480 2020 2544 propter
2067 2474 2152 2530 di-

488 2547 746 2619 scipulos
777 2549 1048 2618 adduxit,
1083 2557 1143 2610 ut
1180 2555 1258 2610 ad
1302 2571 1507 2614 eorum
1553 2557 1944 2619 imitationem
1998 2564 2151 2621 exci-

486 2640 772 2694 tarentur.
817 2639 1123 2712 Siquidem
1172 2647 1357 2701 Moses
1410 2646 1626 2718 linguae
1670 2651 1948 2708 tardioris
2001 2659 2146 2725 erat,

484 2726 642 2783 Elias
685 2743 827 2785 vero
872 2731 1080 2788 durior
1116 2748 1187 2790 ac
1216 2735 1521 2806 asperior:
1558 2739 1744 2796 ambo
1789 2742 1969 2799 etiam
2021 2742 2149 2801 ino-

483 2830 589 2905 pes
620 2821 807 2885 erant,
853 2823 910 2875 et
943 2820 1236 2878 adversus
1277 2829 1563 2896 tyrannos
1595 2843 1822 2900 magna
1861 2830 2147 2905 loquendi

480 2903 749 2963 libertate
790 2909 878 2965 usi
921 2915 1106 2969 sunt:
1151 2915 1339 2971 Moses
1377 2917 1622 2989 quidem
1671 2903 1963 2978 adversus“
1995 2923 2148 2981 Pha-

478 3010 752 3064 raonem,
787 2998 934 3055 Elias
963 3009 1106 3057 vero
1149 3003 1443 3061 adversus
1471 3008 1677 3065 Achab
1705 3027 1719 3065 :
1752 3015 1810 3067 et
1841 3028 1873 3068 a
1912 3029 2142 3084 pervero

480 3085 562 3141 sis
600 3087 945 3145 hominibus
980 3091 1081 3163 qui
1122 3108 1158 3149 a
1207 3109 1269 3150 se
1311 3097 1552 3167 magnis
1594 3098 1787 3156 affecti
1837 3108 2006 3160 erant
2047 3104 2148 3161 be-

477 3176 728 3244 neﬁciis,
783 3178 1042 3250 plurima
1091 3184 1252 3254 passi
1302 3192 1444 3242 sunt
1482 3189 1768 3259 pericula,
1809 3197 1868 3248 et
1903 3208 2013 3250 nec
2061 3195 2146 3252 sic
2187 3194 2236 3252 C'

477 3265 834 3356 destiterunt
859 3285 964 3326 eos
1010 3271 1090 3328 ad
1118 3271 1354 3331 bonum
1385 3291 1622 3348 semper
1647 3279 1922 3350 dirigere.
1955 3286 2144 3356 thue

474 3355 892 3414 vehementius
909 3359 1464 3422 imitarenturMosis
1478 3367 1722 3438 quidem
1740 3355 2141 3442 clementiam,

477 3445 765 3504 Eliaevero
791 3449 982 3510 zelum
1010 3466 1192 3523 quem
1234 3469 1342 3524 pro
1375 3457 1489 3512 Deo
1530 3459 1795 3527 gerebat,
1836 3462 2142 3536 utriusque

475 3541 678 3592 autem
746 3537 1346 3608 administrationem,
1412 3544 1812 3622 laborumque
1890 3552 2142 3610 toleran-

476 3623 663 3680 tiam:
697 3625 908 3681 millies
957 3644 1219 3702 namque
1261 3633 1425 3705 quod
1473 3634 1534 3691 in
1582 3654 1644 3692 se
1687 3644 1813 3696 erat
1872 3658 1977 3713 pro
2039 3644 2138 3701 Dei

473 3711 867 3785 beneplacitis
904 3718 1336 3789 moriebantur,
1368 3728 1425 3779 et
1453 3741 1562 3797 pro
1600 3729 1826 3800 populo
1857 3711 1970 3788 sibi
1996 3749 2136 3791 con-

474 3801 719 3874 credito,
747 3820 1010 3878 suasque
1038 3809 1342 3879 perdenda
1368 3813 1605 3872 animas
1631 3819 1988 3878 invenerunt
2013 3839 2132 3881 eas.

546 3943 1050 4042 Colloquebantur
1071 3956 1271 4011 autem
1294 3971 1431 4014 cum
1450 3974 1538 4025 eo,
1566 3963 1947 4022 ostendentes
1970 3969 2137 4042 quod

471 4035 566 4092 lex
605 4052 711 4109 per
748 4039 946 4094 Mosen
988 4039 1129 4100 data
1163 4051 1306 4112 erat,
1351 4064 1420 4103 ac
1460 4065 1658 4107 sermo
1699 4054 1800 4126 qui
1851 4072 1955 4128 per
1989 4035 2164 4130 -pro-.

468 4125 678 4200 phetas
710 4127 783 4183 de
832 4136 1020 4187 morte
1051 4133 1180 4204 ejus
1211 4133 1422 4206 fuerat,
1456 4125 2134 4206 conformitercum—illo

470 4218 1014 4290 praesignaverant:
1041 4221 1132 4279 ille
1155 4225 1400 4297 quidem
1423 4229 1483 4285 in
1501 4229 1711 4302 ﬁguris
1733 4234 2129 4308 victimarum,

467 4305 564 4363 hic
591 4305 648 4362 in
680 4307 928 4366 diversis
959 4311 1271 4370 vaticiniis.

539 4395 731 4453 Lucas
783 4415 920 4455 vero
960 4401 1100 4458 dicit
1148 4405 1309 4476 quod
1352 4406 1526 4464 etiam
1567 4408 1625 4466 lii
1666 4411 1725 4468 in
1764 4413 1953 4487 gloria
2008 4417 2130 4476 sive

466 4485 785 4558 splendore
805 4499 1214 4562 apparuerunt
1238 4496 1279 4559 ³,
1308 4499 1373 4550 ut
1393 4495 1697 4555 discamus
1723 4485 1885 4574 quod
1919 4521 2126 4564 omnes

466 4573 572 4646 qui
615 4575 950 4632 secundum
999 4579 1184 4636 Deum
1224 4583 1512 4654 vixerunt,
1555 4573 1822 4650 divinum
1871 4592 2129 4653 induunt

467 4662 865 4736 splendorem.
900 4667 1050 4732 Quid
1082 4674 1282 4728 autem
1324 4673 1440 4748 (ee),
1463 4676 1959 4752 colloquebantur
1990 4702 2127 4743 cum

465 4767 535 4809 eo
561 4754 588 4808 ?
620 4753 843 4810 Rursus
872 4755 986 4812 hoc
1018 4757 1220 4816 docuit
1254 4761 1434 4820 Lucas
1465 4765 1506 4832 ⁸,
1542 4767 1747 4825 dicens
1777 4771 1942 4843 quod
1973 4775 2126 4831 dice-

462 4841 611 4899 bant
640 4859 946 4902 excessum
976 4848 1102 4919 ejus
1134 4866 1314 4923 quem
1347 4855 1752 4928 completurus
1779 4841 1903 4918 erat
1928 4863 2126 4922 Hiero-

462 4931 730 5006 solymis,
765 4950 1075 4995 excessum
1107 4956 1331 4999 vocans
1357 4942 1435 5000 ab
1464 4945 1578 5003 hac
1608 4947 1727 5007 vita
1754 4952 1976 5009 exitum
2003 4955 2125 5011 sive

463 5025 796 5082 transitum.

535 5152 582 5187 9°
603 5151 776 5211 Joan.
804 5171 881 5223 rx,
917 5154 1000 5215 16.
1034 5157 1052 5192 ¹
1083 5157 1256 5216 Joan.
1289 5174 1348 5226 x,
1374 5163 1462 5218 33.
1486 5163 1508 5198 ³
1538 5161 1678 5222 Luc.
1710 5181 1788 5222 1x.
1818 5168 1908 5225 31.
1939 5172 1959 5204 ³
1989 5129 2168 5231 ibid.

2278 564 2365 619 οὖν
2395 567 2525 628 αὕτη
2559 569 2722 625 αἰτία.

2345 675 2523 750 Ἑτέρα
2579 674 2638 730 δὲ
2703 676 2871 730 πάλιν·
2925 675 3234 756 Ἐπειδήπερ
3303 679 3567 736 ἐνεκάλουν
3623 685 3764 758 αὐτῷ
3820 691 3879 740 τὸ

2275 765 2611 839 παραϐαίνειν
2667 771 2751 821 τὸν
2821 773 2993 842 νόμον,
3049 769 3300 841 λέγοντες·
3363 772 3532 835 Οὗτος
3583 775 3675 828 οὐκ
3739 779 3878 829 ἔστιν

2277 855 2330 908 ἐκ
2386 865 2476 909 τοῦ
2528 865 2681 923 Θεοῦ,
2725 861 2801 911 ὅτι
2848 858 3218 913 τό’Σὰϐϐατον
3271 861 3329 914 οῦ
3382 872 3547 937 τηρεῖ,
3600 870 3689 918 καὶ
3724 867 3878 920 πάλιν

2276 946 2488 999 ἐκάλουν
2543 949 2698 1001 αὐτόν
2782 947 3092 1022 βλάσφημον
3151 956 3240 1004 καὶ
3316 955 3733 1029 σφετεριζόμενον
3789 963 3877 1018 τὴν

2277 1034 2434 1100 δόξαν
2491 1047 2582 1090 τοῦ
2626 1044 2772 1106 Θεοῦ,
2838 1043 3133 1112 φάσκοντες·

2273 1127 2550 1200 λιθάζομέν
2633 1149 2708 1196 σε,
2802 1129 2931 1182 ἀλλὰ
2995 1135 3111 1205 περὶ

2274 1220 2545 1292 ἄνθρωπος
2609 1220 2676 1271 ὢν
2734 1228 2894 1281 ποιεῖς
2975 1221 3085 1291 (37)
3153 1221 3332 1275 ἑαυτὸν
3399 1229 3546 1277 Θεόν·
3615 1231 3881 1300 παρίστη-

2277 1327 2358 1362 σιν
2403 1309 2564 1382 ἐαυτῷ
2593 1311 2681 1363 τόν
2737 1316 2966 1369 Μωῦσῆν
2996 1314 3106 1384 μὶν,
3161 1313 3243 1364 ἶνα
3284 1309 3502 1387 δειχθῇ,
3548 1316 3628 1368 ὅτι
3659 1315 3703 1368 εί
3744 1337 3875 1394 παρ-

2273 1398 2439 1452 έϐαινε
2479 1403 2565 1452 τὸν
2615 1404 2790 1474 νόμον,
2845 1401 2939 1454 οὐκ
2992 1400 3054 1453 ἂν
3101 1403 3126 1454 6
3175 1405 3454 1475 νομοθέτης
3509 1401 3876 1482 δουλοπρεπῶς

3223 1047 3347 1116 Περὶ
3397 1043 3557 1097 καλοῦ
3615 1047 3766 1120 ipa/ou
3820 1047 3879 1100 οῦ

3196 1131 3558 1206 βλασφημίας,
3635 1141 3724 1189 καὶ
3800 1139 3880 1190 ὅτι

2270 1491 2412 1562 αὐτῷ
2467 1495 2782 1565 παρίστατο*
2846 1495 2934 1544 τὸν
2983 1492 3158 1545 Ἠλίαν
3218 1490 3294 1564 δὲ,
3355 1495 3438 1546 ἶνα
3493 1503 3645 1569 φανῇ,
3697 1498 3778 1550 ὅτι
3830 1498 3875 1550 εἰ

2271 1579 2585 1654 βλάσφημος
2614 1578 2674 1639 ἦν
2701 1585 2790 1633 καὶ
2841 1585 2932 1640 τὸν
2962 1589 3054 1635 τοῦ
3113 1590 3246 1637 Θεοῦ
3293 1580 3450 1647 δόξαν
3499 1584 3870 1660 ἐσφετερίξετο,

2267 1674 2338 1743 μὴ
2384 1676 2754 1744 προσήκουσαν
2798 1671 2959 1742 αὐτῷ,
3021 1672 3114 1724 οῦκ
3155 1671 3215 1724 ἃν
3260 1675 3285 1725 ὁ
3326 1674 3450 1750 ὑπερ
3491 1682 3584 1736 τῆς
3620 1681 3712 1728 τοῦ
3741 1681 3874 1730 Θεοῦ

2268 1757 2430 1824 δόξης
2480 1760 2557 1814 ἀεὶ
2613 1760 2728 1834 (38)
2777 1761 2966 1830 ζηλῶν,
3014 1764 3079 1824 ὡς
3136 1759 3322 1826 δοῦλος
3356 1771 3429 1836 τῷ
3474 1762 3689 1839 ἀντιθέῳ
3743 1785 3876 1840 παρ·

2193 1835 2236 1892 Β
2268 1854 2470 1904 ίστατο.

2339 1963 2439 2012 Καὶ
2471 1958 2598 2017 οἶλλη
2642 1956 2701 2013 δὲ
2732 1957 2882 2024 αὖθις
2922 1959 3086 2030 αἰτία,
3125 1961 3207 2014 ἵνα
3248 1964 3539 2038 γνωρισθῇ,
3573 1964 3652 2016 ὅτι
3683 1967 3876 2039 Κύριός

2266 2047 2377 2101 ἐστι
2429 2054 2516 2101 καὶ
2550 2051 2771 2102 θανάτου
2819 2055 2908 2103 καὶ
2949 2051 3105 2114 ζωῆς.
3158 2059 3392 2115 Μωῦσῆς
3445 2056 3533 2126 μὲν
3579 2057 3679 2132 γὰρ
3713 2057 3873 2108 θανὼν

2267 2135 2349 2205 ἣν,
2383 2139 2561 2202 Ἠλίας
2602 2137 2659 2193 δὲ
2700 2141 2822 2201 ζῶν.
2879 2145 2979 2194 Καὶ
3026 2142 3128 2208 ἵνα,
3165 2141 3436 2214 βλέποντες
3475 2143 3628 2196 αὐτὸν
3661 2145 3873 2219 ὕστεροι

2267 2229 2315 2279 οἱ
2351 2231 2585 2302 μαθηταὶ
2619 2229 3033 2304 ἀποθνήσκοντα,
3064 2237 3324 2292 νοήσωσιν
3349 2232 3583 2287 ἑκούσιον
3613 2235 3670 2287 τὸ
3695 2242 3873 2287 τοιοῦ-

2264 2337 2350 2370 τον
2382 2322 2566 2384 πάθος,
2595 2326 2682 2372 καὶ
2712 2321 3042 2394 λογίσωνται,
3080 2324 3160 2375 ὅτι
3191 2323 3283 2376 οῦκ
3311 2323 3369 2375 ἆν
3401 2325 3538 2376 ἄκων
3566 2323 3817 2378 ἀποθάνοι
3846 2325 3872 2380 ὁ

2265 2409 2405 2472 ζωῆς
2434 2414 2522 2462 καὶ
2551 2412 2770 2463 θανάτου
2805 2414 3014 2486 Κύριος.

2334 2498 2486 2553 Ἐστι
2545 2497 2604 2556 δὲ
2656 2505 2744 2553 καὶ
2799 2501 2971 2575 ἑτέραν
3021 2501 3177 2555 εἰπεῖν
3221 2503 3412 2569 αἰτίαν,
3463 2505 3539 2558 ὅτι
3588 2501 3680 2558 διὰ
3745 2509 3867 2568 τοὺς

2259 2591 2496 2661 μαθητὰς
2551 2594 2876 2665 παρέστησεν
2935 2591 3141 2663 αὐτοὺς,
3223 2591 3306 2645 ἵνα
3375 2589 3729 2648 διαναστῶσιν
3794 2596 3866 2660 εἰς

2258 2683 2483 2753 μίμησιν
2515 2680 2703 2734 αὐτῶν.
2756 2684 2854 2732 Καὶ
2892 2681 2993 2757 γὰρ
3034 2685 3266 2743 Μωῦσῆς
3313 2683 3402 2755 μὲν
3439 2681 3866 2760 βραδύγλωσσος

2259 2765 2319 2828 ἧν
2353 2784 2363 2795 ”
2395 2769 2574 2830 Ἠλίας
2606 2768 2664 2823 6's
2691 2768 3048 2845 ἀγροικότερον
3083 2768 3420 2845 διακείμενος,
3452 2778 3541 2826 καὶ
3579 2778 3864 2848 ἀκτήμονες

2255 2858 2534 2935 ἀμφότεροι
2567 2877 2577 2889 ·
2629 2863 2719 2912 καὶ
2766 2861 2902 2933 ὅμως
2943 2863 3068 2936 πρός
3118 2864 3396 2935 τυράννους
3445 2864 3661 2927 ἕκαστος
3697 2865 3882 2946 αὐτῶν.

2257 2947 2687 3024 ἐπαρρησιάσατο
2737 2967 2750 2981 ·
2809 2958 3039 3012 Μωῦσὴς
3119 2954 3206 3024 μὲν
3284 2955 3408 3028 πρὸς
3489 2956 3574 3006 τόν
3655 2959 3860 3029 Φαραὼ,

2260 3036 2437 3101 Ἠλίας
2488 3036 2546 3091 δὲ
2599 3040 2724 3112 πρὸς
2789 3043 2876 3094 τόν
2928 3039 3164 3114 Ἀχαάϐ,
3229 3046 3329 3095 Καὶ
3377 3043 3502 3118 ὑπὲρ
3556 3042 3876 3119 ἀγνωμόνων¹

2260 3125 2560 3202 ἀνθρώπων,
2647 3133 2731 3180 καὶ
2836 3128 2923 3181 ὑπ’
2997 3129 3162 3183 αὐτῶν
3245 3139 3344 3183 τῶν
3432 3132 3859 3210 εὐεργετουμένων

2255 3221 2420 3290 μυρία
2478 3215 2622 3270 δεινά
2672 3219 2982 3286 πεπόνθασι,
3041 3224 3130 3272 καὶ
3175 3216 3290 3272 οὐδ’
3345 3221 3859 3300 οὕτωςηᾶπέστησαν

2254 3313 2343 3360 τοῦ
2415 3312 2670 3383 περιέπειν
2753 3308 2958 3370 αὐτούς.
3043 3313 3143 3362 Καὶ
3215 3311 3298 3363 ἵνα
3376 3311 3451 3365 ἔτι
3526 3309 3861 3388 μιμήσωνται

2254 3402 2515 3459 Μωῦσέως
2553 3400 2642 3470 μὲν
2673 3395 2765 3456 τὴν
2797 3397 3141 3464 ἀνεξικακίαν,
3177 3400 3352 3453 ’Πλίου
3385 3397 3462 3470 δὲ,
3493 3405 3578 3455 τὸν
3611 3404 3737 3478 ὑπὲρ
3777 3410 3858 3456 τοῦ

2253 3494 2384 3540 Θεοῦ
2453 3486 2631 3551 ζῆλον,
2689 3487 2983 3561 ἀμφοτέρων
3061 3484 3120 3541 δὲ
3184 3492 3242 3543 τὸ
3317 3487 3696 3564 δημαγωγικόν
3772 3496 3858 3546 καὶ

2250 3580 2537 3649 φερέπονον.
2571 3579 2830 3651 Μυριάκις
2885 3579 2983 3649 γὰρ
3031 3580 3087 3629 τό
3119 3577 3196 3630 ἔπ’
3225 3577 3401 3641 αὐτοῖς
3434 3578 3683 3633 ἀπέθανον
3728 3583 3853 3657 ὑπερ

2246 3674 2346 3716 τῶν
2378 3664 2697 3737 ἀρεσκόντων
2729 3674 2864 3738 Θεῷ,
2894 3671 2982 3718 καὶ
3013 3668 3138 3742 ὑπὲρ
3165 3675 3257 3719 τοῦ
3304 3664 3478 3740 δήμου
3526 3675 3617 3722 τοῦ
3664 3671 3851 3742 ἐμπισ-

2246 3757 2510 3818 τευθέντος
2556 3756 2753 3823 αὐτοῖς,
2795 3760 2885 3808 καὶ
2928 3757 3021 3817 τὰς
3048 3755 3232 3828 ψυχὰς
3265 3756 3431 3809 αὐτῶν
3487 3756 3848 3830 ἀπολέσαντες,

2247 3845 2391 3919 εὗρον
2418 3847 2578 3908 αὐτάς

2318 3953 2623 4008 Συνελάλουν
2692 3949 2750 4007 δὲ
2804 3952 2962 4026 αὐτῷ,
3027 3951 3340 4018 δεικνύντες,
3391 3957 3472 4032 ὅτι
3540 3961 3629 4010 καὶ
3677 3959 3702 4010 6
3761 3955 3854 4013 διὰ

2245 4047 2510 4106 Moesta;
2539 4048 2714 4116 νόμος,
2743 4049 2832 4096 καὶ
2871 4044 2896 4095 6
2948 4040 3041 4096 διὰ
3069 4051 3168 4096 τῶν
3209 4053 3485 4121 προφητῶν
3525 4045 3694 4118 λόγος,
3735 4052 3853 4122 περὶ

2244 4140 2334 4185 τοῦ
2388 4135 2607 4186 θανάτου
2660 4132 2819 4186 αὐτοῦ
2875 4137 3163 4206 συμφώνως
3209 4133 3350 4205 αὐτῷ
3397 4141 3847 4209 προανεφὼνησανυ

2244 4223 2402 4294 ὁμὲν
2434 4221 2480 4274 ἓν
2511 4226 2693 4285 τύποις
2734 4230 2833 4278 τῶν
2888 4223 3003 4296 (39)
3061 4225 3275 4292 θυσιῶν,
3330 4225 3356 4275 6
3404 4221 3461 4277 δὲ
3502 4223 3549 4275 ἕν
3583 4221 3852 4301 διαφόροις

2241 4310 2437 4386 προρῥή
2450 4331 2584 4367 σεσι.

2314 4426 2516 4482 Λουκᾶς
2553 4417 2612 4472 δέ
2667 4439 2846 4492 φησιν,
2895 4421 2972 4473 ὄτι
3016 4425 3105 4473 καὶ
3153 4421 3298 4474 οὗτοι
3336 4419 3382 4473 ἐν
3413 4417 3540 4494 δόξῃ
3574 4424 3843 4494 ὤφθησαν,

2239 4513 2426 4578 εἵτουν,
2463 4509 2526 4566 ,ἐν
2583 4509 2934 4586 λαμπρότητι,
2995 4513 3078 4564 ἶνα
3126 4513 3390 4584 μάθωμεν,
3441 4513 3522 4566 ὅτι
3559 4514 3764 4582 πάντες,
3797 4516 3847 4568 οἱ

2237 4603 2372 4653 κατὰ
2432 4603 2553 4654 Θεὸν
2648 4603 2915 4663 ζήσαντες,
2997 4608 3092 4663 τῆς
3169 4602 3308 4664 θείας
3387 4600 3874 4674 μεταλαμϐάνουσι.

2235 4689 2618 4765 λαμπρότητος,
2668 4693 2730 4741 Τί
2781 4686 2838 4742 δὲ
2881 4688 3186 4744 συνελάλουν
3237 4689 3394 4762 αὐτῷ,
3453 4687 3665 4754 ἐδίδαξε
3690 4692 3842 4744 πάλιν
3885 4721 3890 4724 -

2237 4781 2262 4832 6
2317 4785 2542 4842 Λουκᾶς.
2595 4775 2720 4831 Εἶπε
2773 4781 2894 4854 γὰρ,
2946 4781 3022 4838 ὅτι
3078 4778 3246 4850 ἔλεγον
3287 4784 3389 4840 ,τὴν
3439 4775 3614 4842 ἔξοδον
3657 4779 3837 4852 αὐτοῦ,

2239 4869 2297 4928 ἢν
2353 4869 2520 4943 ἔμελλε
2555 4869 2782 4944 πληροῦν
2835 4867 2882 4922 ἐν
2932 4868 3289 4942 Ἰερουσαλήμ·
3351 4867 3526 4932 ἔξοδον
3579 4867 3841 4942 ὀνομάσας

2235 4964 2328 5019 τὴν
2374 4958 2474 5012 ἀπὸ
2527 4968 2621 5022 τῆς
2661 4959 2798 5020 ζωῆς
2844 4961 3041 5019 ταύτης
3089 4958 3342 5022 ἑξέλευσιν
3395 4964 3484 5034 καὶ
3532 4956 3841 5034 μετάϐασιν.

1691 5318 1914 5390 Varini
1959 5322 2283 5394 lectiones
2301 5331 2604 5393 etnotae.
2649 5330 2662 5338 ’

698 5481 934 5534 Σεαυτόν.
975 5481 1284 5562 Chrysost.
1323 5486 1370 5562 _t_.
1585 5503 1643 5560 p.
1687 5489 1791 5562 566
1833 5493 1896 5548 D.
1941 5495 2023 5558 Ex
2053 5509 2122 5552 eo

463 5558 806 5625 enim,_no_n
851 5566 931 5625 ex
970 5554 1271 5611 codicibus
1322 5556 1467 5612 Novi
1506 5554 1861 5619 Testamenti
1901 5554 1960 5622 hi
2000 5563 2122 5625 duo

460 5614 708 5674 Joannis
748 5619 864 5676 loci
903 5630 1038 5682 sunt
1063 5626 1315 5686 laudati.
1355 5629 1499 5687 Hinc
1529 5614 2113 5696 varietasﬂlecE-on‘i's:

2334 5495 2428 5564 38)
2471 5495 2596 5563 Ἀεί,
2630 5495 2817 5554 abest.
2855 5496 2923 5550 Α.
2965 5531 2968 5536 -
3060 5562 3062 5564 ,

2334 5496 2428 5564 38)
2471 5496 2596 5563 Ἀεί,
2630 5496 2817 5554 abest.
2855 5496 2923 5550 Α.
2965 5531 2968 5536 -

2308 5496 2423 5642 $39)
2465 5567 2726 5639 Παλαιῶν,
2749 5566 2932 5625 addit.
2954 5571 2987 5620 Α
3008 5609 3023 5626 .

536 5744 640 5818 (ee)
674 5745 825 5817 Quid
853 5755 1066 5810 autem.
1095 5751 1267 5819 Forte
1293 5754 1438 5829 legit
1458 5762 1508 5810 τί
1539 5755 1596 5812 δὲ
1623 5791 1706 5846 —_
1723 5761 1864 5836 αὐτῷ
1890 5779 1904 5830 ;
1933 5771 2086 5820 τοῦτο
2111 5763 2146 5821 ἐι

2257 5764 2364 5832 εξεο.
