4178 6382
507 332 612 407 483

1848 324 2199 403 BUTHYMIl
2238 323 2565 401 ZlGABENl

3783 340 3891 406 484

507 483 709 535 autem
740 480 939 533 Petrus
968 474 1219 546 duplam
1263 478 1405 530 tunc
1445 472 1662 528 mentis
1690 472 2151 528 commotionem

2279 478 2509 545 σταυροῦ
2569 468 2778 547 σφόδρα
2827 471 3021 534 ἀτελεῖς
3069 470 3204 532 ἦσαν
3252 473 3302 526 οἲ
3352 476 3607 547 μαθηται·
3662 473 3773 547 ἅμα
3828 473 3890 528 δὲ

506 567 840 624 sustinebat
868 582 878 619 :
912 564 1051 620 hinc
1079 562 1322 636 quidem
1360 561 1659 633 trepidans
1692 577 1800 633 pro
1850 560 2161 631 magistro,

502 656 665 713 illinc
685 671 891 711 veroa
948 651 1382 727 supernaturali
1442 651 1540 706 illo
1598 656 1843 722 aspectu
1885 651 2163 706 turbatus

504 752 590 803 est
619 752 675 803 et
703 744 1007 813 confusus,
1028 742 1287 815 taliaque
1315 740 1671 813 loquebatur
1708 740 1986 795 nesciens
2014 739 2163 812 quid

502 836 741 901 diceret,
771 836 924 891 sicut
952 833 1100 889 dixit
1118 834 1306 888 Lucas
1335 833 1376 897 ‘,
1399 830 1515 886 hoc
1532 838 1619 886 est
1643 830 1803 902 quod
1829 828 2163 885 inconside-

501 931 626 983 rate
654 925 1014 997 loqueretur.

574 1145 800 1199 Marcus
825 1143 1027 1195 autem
1059 1138 1137 1194 ait
1166 1155 1179 1193 :
1211 1138 1410 1210 Neque
1463 1136 1619 1193 enim
1650 1136 1867 1193 sciebat
1893 1135 2040 1209 quid
2082 1137 2163 1191 lo-

503 1238 740 1289 cuturus
758 1237 888 1287 esset
914 1232 957 1295 ⁵,
977 1230 1035 1285 id
1051 1234 1156 1300 est,
1181 1244 1303 1284 non
1330 1231 1576 1283 noverat
1596 1227 1737 1299 quid
1761 1226 1920 1281 aliud
1942 1226 2158 1283 melius

498 1321 808 1378 locuturus
842 1325 995 1375 esset
1025 1318 1119 1374 vel
1149 1318 1315 1390 loqui
1349 1321 1566 1389 posset.
1598 1316 1821 1371 Deinde
1843 1315 2076 1372 addidit
2106 1322 2163 1371 et

499 1428 749 1468 causam
801 1410 1031 1475 dicens,
1062 1408 1229 1481 quod
1259 1412 1430 1464 erant
1478 1406 1756 1463 exterriti.
1788 1407 1979 1461 Lucas
2020 1422 2159 1461 vero

499 1501 737 1573 scripsit
770 1502 814 1569 ⁸,
867 1499 1029 1571 quod
1072 1501 1242 1554 erant
1295 1512 1510 1553 somno
1549 1496 1781 1567 gravati
1822 1514 1837 1555 :
1890 1495 2158 1552 Exterriti

496 1590 744 1662 quidem
776 1588 905 1645 visa
934 1588 1129 1660 specie
1162 1585 1295 1658 plus
1348 1601 1532 1659 quam
1586 1585 1874 1641 humana.
1937 1586 2159 1641 Grava-

493 1679 711 1736 bantur
741 1681 942 1734 autem
974 1690 1188 1731 somno
1218 1690 1337 1747 prae
1383 1689 1601 1747 sopore
1631 1673 1736 1746 qui
1768 1688 1804 1729 a
1836 1673 2157 1746 splendore

494 1766 907 1841 procedebat;
964 1779 1159 1837 neque
1230 1764 1389 1819 enim
1448 1779 1567 1819 nox
1646 1768 1774 1820 erat
1850 1763 1955 1819 sed
2008 1764 2154 1820 dies.

496 1856 842 1929 Splendoris
917 1859 1118 1912 tamen
1176 1868 1453 1909 excessus
1503 1851 1869 1909 obscurabat
1919 1852 2155 1909 illorum

495 1948 725 2015 oculos,
757 1961 828 2002 ac
866 1950 1118 2000 mentem
1142 1941 1529 2013 aggravabat,
1562 1941 1757 1998 donec
1784 1941 2039 2014 perfecte
2061 1959 2158 1999 ex-

495 2036 765 2109 perrecti,
822 2033 973 2089 sicut
1028 2032 1176 2088 dixit
1220 2032 1408 2087 Lucas
1440 2032 1483 2101 ⁷,
1542 2032 1666 2086 sive
1722 2030 1800 2087 ad
1854 2047 1915 2086 se
1964 2048 2000 2087 a
2057 2032 2158 2088 tali

498 2140 711 2198 sopore
737 2129 793 2179 et
821 2121 1311 2179 obtenebratione
1367 2120 1607 2185 reversi,
1661 2120 1939 2177 viderunt
1973 2138 2159 2194 quan-

498 2220 621 2271 tum
679 2212 965 2286 possibile
1018 2216 1163 2277 erat,
1214 2209 1467 2279 gloriam
1514 2210 1664 2281 ejus.
1711 2209 1918 2265 Petrus
1957 2213 2157 2284 itaque

499 2304 813 2361 confusam
835 2302 1034 2359 adhuc
1057 2305 1317 2356 mentem
1345 2298 1595 2365 habens,
1630 2299 2073 2358 inconsiderata
2102 2308 2161 2358 et

497 2395 833 2463 incongrua
858 2390 1235 2464 loquebatur.

566 2485 609 2553 1-
645 2482 777 2538 Tria
811 2478 1203 2537 tabernacula
1233 2476 1479 2547 intelligi
1513 2482 1771 2550 possunt
1816 2482 1933 2536 tres
1959 2479 2039 2536 ad
2067 2496 2161 2537 sa-

495 2572 680 2628 lutem
728 2569 1175 2643 dispositiones,
1240 2566 1507 2623 videlicet
1562 2568 1951 2639 operationis,
2020 2587 2157 2627 con-

495 2660 928 2735 templationis,
952 2663 1007 2715 et
1022 2657 1355 2727 theologire.
1381 2657 2157 2732 Operationisitaquetypus

492 2751 607 2809 fuit
655 2750 809 2807 Elias
868 2747 1034 2805 fortis
1065 2763 1135 2803 ac
1189 2750 1575 2818 temperatus.
1626 2747 2156 2819 Contemplationis

493 2840 690 2899 Moses
737 2839 1040 2911 legislator
1081 2852 1151 2893 ac
1212 2836 1361 2907 juris
1421 2834 1614 2891 dator.
1676 2836 1969 2910 Thelogite
2022 2854 2156 2895 vero

494 2930 785 2997 Christus,
818 2933 1023 3002 utpote
1053 2925 1399 2984 omnimode
1422 2925 1737 2997 perfectus.
1773 2929 1907 2983 Haec
1951 2933 2153 2984 autem

491 3020 882 3079 tabernacula
895 3022 1047 3084 sunt,
1068 3014 1864 3089 comparationefuturarum
1882 3018 2149 3090 quietum

490 3108 1034 3185 incomparabiliter
1072 3105 1414 3162 meliorum.

2277 562 2302 612 6
2344 564 2529 634 Πέτρος
2582 567 2671 614 καὶ
2723 558 2940 614 διπλοῦν
2998 570 3287 621 τηνικαῦτα
3346 565 3500 617 σάλον
3551 572 3646 626 τῆς
3700 563 3888 635 ψυχῆς

2275 652 2643 724 ὑφιστάμενος,
2691 660 2840 705 τοῦτο
2889 657 2999 724 μὲν,
3057 652 3157 706 ἀπὸ
3209 662 3301 706 τοῦ
3358 653 3579 725 ἀγωνιᾷν
3629 656 3756 727 ὑπὲρ
3795 660 3887 706 τοῦ

2276 737 2633 809 Διδασκάλου,
2665 750 2817 794 τοῦτο
2851 738 2921 807 δ’,
2958 741 3058 795 ἀπὸ
3089 752 3180 804 τῆς
3210 744 3502 819 ὑπερφυοῦς
3548 743 3713 814 ὅψεως
3746 742 3885 796 ἐκεί-

2271 849 2360 890 νης
2409 832 2703 903 ἐταράχθη,
2740 838 2825 885 καὶ
2862 835 3153 905 συνεχύθη,
3204 839 3294 886 καὶ
3332 841 3552 886 τοιαῦτα
3586 833 3881 906 ἐφθέγγετο,

2272 924 2343 991 μὴ
2416 917 2567 981 εἰδὼς
2623 924 2648 973 ὃ
2700 921 2857 993 λέγει,
2925 924 3099 983 καθὼς
3152 919 3261 975 εἶπε
3325 929 3551 991 Λουκᾶς,
3622 924 3649 975 ὅ
3715 922 3876 987 έστιν,

2274 1008 2496 1061 ἀσύνετα
2524 1010 2709 1067 λαλῶν.

2343 1102 2555 1171 Μάρκος
2605 1097 2664 1153 δι
2704 1120 2882 1173 φησιν,
2926 1104 3004 1153 ὅτι
3056 1101 3167 1155 Ούκ
3205 1098 3347 1175 ᾔδει,
3386 1107 3438 1155 τί
3474 1101 3714 1167 λαλήσει,
3757 1121 3876 1154 του-

2270 1192 2462 1249 τέστιν,
2523 1189 2616 1241 οὐκ
2675 1188 2942 1261 ἐγίνωσκε,
3001 1195 3053 1243 τί
3110 1190 3320 1251 λαλήσει
3384 1193 3551 1264 ἕτερον
3609 1198 3867 1265 κρεῖττον.

2271 1284 2397 1330 Εἰτα
2426 1281 2719 1350 προσέθηκε
2770 1285 2860 1332 καὶ
2909 1281 3101 1347 αἰτίαν,
3136 1281 3307 1333 εἰπὼν·
3342 1281 3422 1333 ὃτι
3470 1278 3606 1341 ἦσαν
3645 1281 3873 1354 ἔκφοϐοι.

2272 1374 2481 1429 Λουκᾶς
2546 1365 2604 1421 δὲ
2657 1369 2903 1444 ἔγραψεν,
2961 1371 3039 1422 ὃτι
3102 1367 3237 1428 ἦσαν
3305 1369 3654 1446 βεϐαρημένοι
3709 1372 3874 1443 ὕπνῳ.

2269 1456 2686 1529 Ἐξεφοϐηθησαν
2733 1462 2824 1531 μεν
2866 1462 2991 1535 γὰρ,
3043 1456 3241 1522 ἰδόντες
3299 1457 3445 1523 εῖδυς
3491 1462 3617 1536 ύπερ
3674 1462 3877 1534 ἄνθρω-

2268 1567 2381 1599 πον·
2423 1548 2753 1623 ἐϐαρήθησαν
2799 1545 2859 1602 δε
2906 1557 3067 1620 ῦπνῳ,
3115 1548 3247 1621 λέγω
3301 1546 3394 1615 δὴ,
3443 1552 3607 1625 κάρῳ,
3648 1559 3721 1622 τῷ
3772 1550 3874 1604 ἀπὸ

2268 1644 2365 1698 τῆς
2401 1633 2757 1710 λαμπηδόνος.
2812 1643 2914 1692 Καὶ
2940 1641 3043 1711 γὰρ
3078 1638 3137 1691 ού
3171 1639 3263 1701 νύξ
3297 1636 3380 1705 ἦν,
3426 1638 3534 1693 ἀλλ’
3581 1641 3769 1714 ἡμέραι
3816 1644 3875 1692 τό

2270 1721 2331 1777 δε
2377 1734 2471 1789 τῆς
2532 1724 2871 1800 λαμπηδόνος
2926 1727 3241 1803 ὑπερϐάλλον
3299 1727 3541 1782 έσκότισε
3594 1733 3685 1802 μεν
3753 1732 3877 1792 τοὺς

2191 1828 2233 1882 Β
2270 1815 2568 1888 ὀφθαλμοὺς
2636 1817 2822 1869 αὐτῶν·
2905 1816 3135 1891 έκάρωσε
3195 1814 3255 1872 δε
3311 1823 3398 1871 τόν
3473 1826 3611 1888 νοῦν,
3672 1821 3761 1881 ἕως
3812 1820 3876 1872 οὗ

2270 1902 2806 1978 διαγρηγορήσαντες,
2885 1908 2956 1969 ὡς
3016 1909 3041 1959 ό
3122 1913 3332 1970 Λουκᾶς
3410 1908 3630 1981 εἴρηκεν,
3708 1911 3879 1962 εἶτουν

2269 1993 2622 2065 ἀνανήψαντες
2654 2003 2745 2047 τοῦ
2789 1999 3026 2049 τοιούτου
3071 1998 3234 2069 κάρον
3285 2002 3373 2052 καὶ
3411 2006 3506 2060 τῆς
3538 1993 3870 2063 σκοτοδίνης,

2269 2082 2428 2151 εἶδον,
2485 2088 2548 2145 ὡς
2602 2082 2845 2151 δυνατόν,
2902 2090 2994 2145 τὴν
3045 2083 3201 2150 δόξαν
3251 2086 3432 2143 αὐτοῦ.
3485 2091 3681 2141 Λοιπὸν
3731 2084 3790 2140 δε
3846 2090 3873 2141 6

2271 2178 2481 2249 Πέτρος,
2541 2177 2616 2227 ἔτι
2670 2174 2895 2228 ἐντεῦθεν
2957 2181 3347 2249 συγκεχυμένον
3401 2180 3538 2249 ἔχων
3594 2181 3681 2230 τὸν
3731 2185 3869 2243 νοῦν,

2270 2262 2493 2317 ἀσύνετα
2523 2267 2922 2340 παρεφθέγγετο.

2340 2477 2508 2551 [Τρεῖς
2559 2477 2674 2550 (43)
2717 2483 2906 2536 σκηναὶ
2954 2481 3179 2537 νοηθεῖεν
3233 2480 3295 2533 ἄν
3347 2482 3403 2533 αἱ
3443 2488 3577 2555 τρεῖς
3620 2481 3742 2545 ἒξεις
3779 2490 3871 2543 τῆς

2271 2572 2555 2642 σωτηρίας,
2606 2570 2637 2627 ἦ
2692 2588 2746 2621 τε
2796 2577 2891 2631 τῆς
2942 2568 3192 2644 πράξεως,
3254 2574 3345 2622 καὶ
3396 2572 3426 2628 ἠ
3482 2579 3576 2633 τῆς
3630 2573 3867 2645 θεωρίας,

2266 2662 2355 2710 καὶ
2404 2660 2433 2716 ἡ
2490 2665 2580 2719 τῆς
2630 2657 2915 2731 θεολογίας.
2975 2661 3080 2721 Τῆς
3136 2661 3227 2732 μεν
3280 2655 3368 2712 οὖν
3420 2660 3651 2736 πράξεως
3708 2665 3871 2725 τύπος

2263 2747 2288 2797 ό
2344 2746 2540 2813 Ἠλίας,
2592 2750 2662 2808 ὡς
2701 2744 2940 2821 ἀνδρεῖος
2985 2752 3074 2800 καὶ
3127 2753 3362 2823 σώφρων,
3411 2757 3503 2811 τῆς
3548 2746 3607 2803 δι
3658 2752 3870 2826 θεωρίας

2265 2837 2290 2887 ό
2343 2843 2577 2898 Μωῦσῆς
2625 2839 2691 2889 ὡν
2744 2839 3025 2909 νομοθέτης
3073 2842 3162 2890 καὶ
3219 2834 3588 2900 δικαιοδότης·
3654 2849 3745 2901 τῆς
3809 2839 3868 2895 δε

2266 2925 2530 2997 θεολογίας
2577 2928 2603 2978 6
2650 2929 2898 2998 Χριστός,
2950 2931 3013 2987 ὡς
3044 2924 3091 2977 ἐν
3122 2931 3278 2979 παντὶ
3324 2927 3532 2990 τέλειος.
3582 2935 3773 2987 Σκηναὶ
3805 2927 3865 2983 δε

2263 3016 2420 3068 αὗται
2472 3019 2601 3090 πρὸς
2664 3018 2943 3090 σύγκρισιν
2995 3025 3092 3069 τῶν
3140 3016 3433 3089 μελλουσῶν
3493 3016 3703 3092 λήξεων,
3764 3028 3864 3071 τῶν

2262 3104 2589 3179 ἀσύγκρίτως
2626 3106 2970 3180 κρειττονων.]

563 3176 734 3259 Vers..
766 3201 820 3255 5.
852 3198 1066 3254 Adhuc
1091 3227 1160 3236 —
1189 3194 1357 3251 nube.
1396 3196 1593 3251 Nubes
1621 3198 1676 3250 et
1691 3211 1828 3262 vox,
1854 3200 1917 3254 ut
1947 3198 2151 3255 certio-

2334 3176 2450 3248 ’Έτί
2498 3227 2566 3236 —
2617 3176 2846 3268 νεφέλης.
2905 3194 3101 3267 Νεφέλη
3160 3200 3252 3248 καὶ
3303 3202 3464 3269 φωνὴ,
3515 3204 3598 3271 ἵνα
3647 3196 3865 3270 βεϐαιω-

489 3290 585 3350 res
612 3291 999 3348 redderentur
1017 3289 1121 3344 Dei
1160 3302 1295 3344 esse
1322 3302 1535 3342 vocem
1577 3302 1590 3352 ;
1627 3287 1959 3344 didicerant
1988 3291 2146 3345 enim

489 3382 656 3455 quod
680 3383 832 3437 Deus
860 3378 1109 3435 in-nube
1140 3377 1453 3432 veheretur
1487 3392 1497 3431 :
1528 3376 1989 3449 Ponensinquit,
2033 3396 2147 3435 nu-

491 3474 581 3529 bes
611 3484 912 3528 ascensum
936 3468 1163 3538 suums;
1192 3464 1852 3536 multaquehujusmodi
1875 3467 2149 3541 frequen-

489 3566 578 3617 ter
610 3561 788 3617 habet
816 3560 1139 3630 Scriptura.
1155 3554 1480 3611 Considera
1500 3569 1641 3610 vero
1654 3571 1776 3627 quo
1798 3563 1974 3629 pacto
2001 3561 2148 3618 dum

488 3652 768 3718 minatur,
796 3649 1119 3705 obscuram
1136 3644 1303 3717 ponit
1323 3643 1483 3699 circa
1510 3660 1571 3699 se
1605 3645 1852 3716 nubem,
1878 3651 1944 3703 ut
1970 3665 2149 3723 super

492 3740 634 3798 Sina
664 3742 684 3774 ⁹
722 3762 732 3805 ;
766 3753 929 3793 nunc
955 3740 1155 3791 autem
1184 3732 1395 3790 Filium
1426 3733 1739 3790 ostendere
1790 3736 2019 3803 volens,
2061 3739 2148 3796 lu-

488 3830 683 3885 cidam
712 3827 875 3882 illam
912 3824 1122 3881 habet.

559 3918 718 3973 Vers.
733 3918 785 3973 5.
802 3916 1004 3973 Dicens
1020 3932 1030 3971 :
1049 3946 1115 3954 —
1132 3912 1538 3983 complacitum
1554 3918 1656 3969 est.
1673 3913 1972 3974 Haectertio
1984 3922 2142 3977 etiam

489 4008 673 4080 capite
692 4024 819 4063 cum
838 4006 1110 4062 Salvator
1126 4004 1525 4076 baptizaretur
1538 4002 1684 4060 dixit
1703 4006 1932 4064 ccelitus
1946 4012 2143 4079 Pater;

487 4096 591 4152 sed
622 4096 701 4153 ibi
732 4101 973 4169 propter
1003 4093 1517 4151 circumstantium
1550 4093 2005 4166 multitudinem,
2047 4101 2146 4158 hic

488 4191 689 4241 autem
720 4187 983 4241 maxime
1007 4190 1244 4256 propter
1270 4185 1510 4241 Petrum
1537 4202 1550 4251 ;
1607 4200 1678 4242 ac
1701 4188 1749 4243 si
1774 4188 1992 4245 diceret
2030 4206 2146 4246 vox

486 4277 670 4332 Patris
703 4292 715 4330 :
752 4276 903 4341 Quid
930 4275 1125 4346 times,
1160 4290 1196 4330 o
1225 4274 1406 4345 Petre,
1426 4276 1501 4332 de
1527 4277 1666 4333 Jesu
1691 4278 1828 4334 ?hic
1854 4284 1939 4335 est
1964 4278 2145 4335 Filius

484 4382 647 4421 meus
682 4387 693 4431 ;
715 4382 824 4421 nec
848 4364 1195 4436 simpliciter
1208 4364 1412 4431 Filius,
1437 4371 1499 4422 ut
1516 4367 1685 4441 hiqui
1708 4370 2147 4439 pervirtutema

484 4471 581 4510 me
606 4460 741 4510 sunt
761 4455 1051 4526 adoptati,
1072 4454 1178 4510 sed
1199 4454 1449 4511 dilectus
1471 4457 1594 4513 sive
1612 4458 1831 4514 electus
1854 4464 2144 4532 tanquam

484 4543 826 4612 unigenitus
860 4559 873 4609 ;
907 4558 1017 4598 nec
1042 4543 1103 4598 id
1134 4548 1385 4610 tantum,
1460 4561 1669 4602 verum
1725 4547 1903 4603 etiam
1934 4548 1993 4604 in
2021 4565 2143 4621 quo
2176 4537 2222 4593 Ῐ)

482 4632 630 4689 mihi
656 4632 1075 4704 complacitum
1120 4638 1226 4699 est,
1260 4634 1375 4689 hoc
1406 4640 1493 4691 est
1535 4635 1592 4691 in
1625 4652 1747 4709 quo
1807 4638 2142 4711 requiesco,

481 4721 541 4778 in
569 4737 688 4793 quo
737 4720 1017 4787 oblector,
1066 4726 1128 4777 ut
1158 4720 1218 4777 in
1260 4724 1531 4780 unanimi
1592 4731 1648 4780 et
1678 4727 1889 4799 aequali
1953 4730 2140 4785 mihi:

481 4826 559 4868 ne
588 4827 729 4883 ergo
766 4811 849 4868 illi
901 4812 1130 4868 timeas.
1169 4815 1711 4887 Quantumcunque
1756 4816 1919 4872 enim
1971 4818 2140 4875 illum

482 4901 718 4973 diligas,
747 4917 870 4958 non
900 4904 1046 4959 adeo
1098 4918 1227 4959 eum
1277 4903 1475 4975 diligis
1525 4910 1591 4962 ut
1617 4920 1745 4976 ego.
1795 4906 2023 4978 Triplex
2054 4914 2143 4965 est

480 5008 750 5067 namque
781 4992 947 5065 apud
970 5008 1065 5049 me
1086 4992 1174 5049 vis
1194 4994 1418 5051 amoris
1448 5010 1593 5066 erga
1620 4994 1811 5051 illum.
1840 4996 2137 5070 Siquidem

480 5085 775 5156 tanquam
802 5082 1015 5140 Filium
1033 5083 1198 5140 illum
1226 5084 1796 5157 diligo,ettanquam
1827 5085 2135 5156 dilectum,

483 5176 541 5229 et
575 5176 862 5247 tanquam
910 5188 1010 5231 me
1060 5179 1431 5232 recreantem
1472 5174 1741 5250 mihique
1777 5166 2134 5250 placentem.

2264 3287 2443 3351 θῶσιν,
2504 3286 2581 3337 ὄτι
2628 3290 2766 3358 φωνὴ
2822 3292 2914 3337 τοῦ
2967 3292 3100 3337 Θεοῦ
3150 3283 3287 3342 ἔστι.
3346 3288 3713 3359 Μεμαθηκότες
3762 3290 3863 3363 γὰρ

2260 3375 2415 3441 ἦσαν,
2460 3376 2540 3427 ὅτι
2576 3377 2601 3427 6
2638 3381 2767 3436 Θεός
2806 3374 2889 3427 ἐπὶ
2936 3374 3142 3446 νεφέλης
3181 3376 3410 3448 ὀχεῖται.
3461 3376 3522 3429 Ὀ
3556 3379 3719 3440 τιθεὶς
3753 3377 3864 3449 (44)

2258 3468 2380 3539 γάρ,
2444 3470 2597 3537 φησὶ,
2652 3470 2774 3522 νέφη
2834 3469 2928 3523 τήν
3004 3462 3247 3517 έπίϐασιν
3314 3466 3490 3521 αὐτοῦ.
3546 3470 3646 3519 Καὶ
3704 3466 3866 3520 πολλὰ

2257 3563 2475 3608 τοιαῦτα
2528 3554 2799 3627 πολλαχοῦ
2842 3562 2937 3615 τῆς
2980 3559 3210 3627 Γραφῆς.
3260 3559 3443 3606 Σκόπει
3490 3551 3570 3623 δὲ,
3606 3564 3737 3625 πῶς,
3781 3558 3863 3609 ὅτε

2257 3649 2347 3719 μεν
2410 3644 2623 3711 ἀπειλεῖ,
2678 3648 2944 3702 σκοτεινὴν
3003 3640 3240 3695 δείκνυσι
3293 3641 3500 3715 νεφέλην
3560 3649 3678 3719 περὶ
3736 3644 3860 3698 ίαν-

2256 3739 2363 3800 τὸν,
2398 3739 2466 3797 ὡς
2497 3734 2582 3787 έπὶ
2611 3742 2703 3787 τοῦ
2742 3740 2881 3786 Σινᾶ·
2913 3740 3001 3785 νῦν
3039 3728 3116 3799 δὲ,
3150 3727 3371 3795 διδάξαι
3403 3730 3577 3804 θέλων,
3611 3739 3860 3806 φωτεινὴν

2255 3826 2417 3885 αὐτὴν
2449 3828 2580 3897 ἔχει.

2329 3921 2573 3987 Λέγουσα
2628 3945 2698 3955 -—
2755 3909 3043 3970 εὐδόκησα.
3102 3918 3281 3965 Ταῦτα
3335 3915 3425 3964 καὶ
3477 3910 3525 3963 έν
3578 3920 3650 3983 τῷ
3702 3918 3855 3989 τρίτη

2254 4006 2531 4079 κεφαλαίῳ,
2593 4003 2979 4078 βαητιζομένου
3041 4008 3132 4053 τοῦ
3192 4008 3444 4075 Σωτῆρος,
3505 4002 3639 4055 εἶπεν
3699 4003 3854 4077 οὖρα-

2254 4099 2396 4149 νόθεν
2462 4098 2487 4147 ό
2546 4099 2749 4169 Πατήρ”
2811 4090 2903 4143 ἄλλ
2955 4089 3060 4144 ἐκεῖ
3114 4093 3203 4164 μεν
3263 4087 3358 4143 διά
3403 4094 3491 4144 τὸν
3547 4100 3861 4166 περιεστῶτο

2257 4186 2434 4258 ὄχλον,
2483 4185 2705 4237 ενταῦθα
2748 4178 2807 4235 δὲ
2859 4180 3091 4253 μάλιστα
3146 4176 3242 4234 διὰ
3290 4182 3378 4233 τὸν
3427 4184 3641 4253 Πέτρον,
3697 4184 3863 4234 ὠσανε

2255 4274 2506 4347 λεγούσης
2574 4282 2672 4336 τῆς
2747 4279 2917 4345 φωνῆς
3004 4278 3095 4324 τοῦ
3166 4273 3390 4345 Πατρός·
3463 4272 3526 4324 Τί
3612 4266 3860 4331 δέδοικας

2256 4366 2296 4417 ὦ
2338 4369 2514 4438 Πέτρε,
2565 4369 2683 4437 περὶ
2736 4371 2827 4416 τοῦ
2880 4364 3096 4429 Ἰησοῦ;
3146 4359 3295 4421 οὗτός
3340 4357 3480 4411 ἔστιν
3528 4360 3554 4411 ό
3601 4361 3722 4421 Υἱός
3758 4378 3858 4431 μου

2255 4461 2345 4508 καὶ
2393 4454 2497 4527 οὐχ
2547 4453 2720 4515 ἁπλῶς
2765 4455 2904 4518 Υἱός,
2956 4455 3025 4513 ὡς
3081 4452 3129 4503 οἱ
3183 4446 3257 4503 δι’
3314 4448 3499 4523 ἀρετῆς
3560 4450 3863 4522 νίοποιούμε

2254 4551 2333 4598 νοί
2391 4565 2500 4618 μοι,
2560 4543 2669 4595 ἀλλ’
2720 4545 2746 4594 ό
2819 4542 3108 4613 ἀγαπητός,
3161 4542 3343 4611 ἠγουν,
3402 4542 3434 4591 ὅ
3487 4536 3768 4612 έξαίρετος,
3822 4541 3862 4590 ὡ

2255 4640 2549 4708 μονογενής·
2591 4638 2681 4685 καὶ
2729 4632 2788 4685 ού
2832 4640 2986 4684 τοῦτο
3017 4635 3189 4701 μόνον,
3235 4626 3363 4694 ἀλλ’,
3404 4627 3451 4679 ἐν
3492 4628 3531 4698 ᾧ
3577 4626 3861 4687 ηύὸόκησα

2252 4730 2541 4791 τουτέστιν,
2750 4720 3170 4792 έπαναπαύομαι,
3277 4716 3350 4789 ἐφ’
3435 4718 3476 4789 ᾧ
3568 4718 3857 4790 άρέσκομαι

2253 4819 2322 4877 ὡς
2364 4816 2687 4887 ὁμογνώμονι
2733 4817 2823 4864 καὶ
2869 4814 2971 4882 ῖσῳ
3020 4808 3150 4883 έμοί.
3203 4812 3289 4866 Μὴ
3332 4812 3502 4859 τοίνυν
3548 4806 3706 4880 φοϐοῦ
3736 4811 3854 4878 περὶ

2252 4906 2433 4959 αὐτοῦ.
2472 4904 2614 4956 Ὀσα
2657 4905 2757 4977 γὰρ
2803 4902 2863 4954 ἄν
2909 4900 3078 4973 φιλῇς,
3126 4898 3239 4969 (45)
3292 4896 3350 4949 ού
3397 4903 3641 4949 τοσοῦτον
3695 4894 3852 4969 φιλεῖς

2250 4996 2425 5061 αὐτὸν,
2473 4996 2595 5047 ὅσον
2798 4989 3055 5064 Τριπ).οῦν
3084 4990 3186 5063 γὰρ
3215 4984 3466 5061 παρ’έμοῦ
3504 4984 3622 5058 (46)
3647 4989 3703 5039 τό
3733 4990 3851 5062 περὶ

2249 5086 2404 5157 αὐτόν
2458 5084 2682 5160 φίλτρον,
2741 5079 2875 5135 Φιλὼ
2936 5080 3038 5152 γὰρ
3111 5079 3176 5138 ὡς
3249 5077 3368 5130 Υἰόν
3440 5095 3565 5149 μου,
3621 5079 3713 5129 καὶ
3782 5077 3850 5138 ὡς

2248 5174 2537 5251 ἀγαπητόν,
2604 5176 2695 5227 καὶ
2744 5174 2809 5233 ὡς
2862 5168 3191 5223 ἇναπαύοντα
3244 5170 3335 5221 καὶ
3395 5164 3684 5242 ἀρέσκοντὰ
3738 5185 3851 5240 μοι.

553 5324 576 5359 ⁸
601 5324 744 5382 Luc.
773 5340 851 5393 ιι,
884 5328 975 5383 33.
1049 5326 1072 5364 ⁸
1104 5328 1282 5388 Marc.
1313 5342 1393 5397 ix,
1425 5332 1478 5388 6.
1512 5329 1536 5367 ⁸
1559 5328 1699 5387 Luc.
1739 5345 1818 5404 1x,
1847 5330 1941 5388 30.
2018 5333 2043 5370 τ
2067 5332 2151 5391 lbi

2260 5336 2344 5391 32.
2420 5325 2605 5389 'Psal.
2634 5340 2748 5396 cm,
2773 5325 2829 5381 e.
2903 5324 2927 5361 ο
2962 5319 3145 5381 Exod.
3184 5334 3307 5391 ιιι,
3347 5319 3444 5379 ιθ.

1708 5508 1925 5581 Variae
1961 5511 2296 5584 lectiones
2338 5521 2405 5582 et
2442 5518 2624 5581 notae

553 5673 670 5755 (43)
709 5676 1071 5763 ῐηεωειτξὶρα
1098 5679 1280 5765 habet
1312 5682 1371 5769 B,
1406 5694 1542 5806 quae
1572 5681 1668 5739 hic
1710 5678 1943 5743 inclusa
1974 5688 2133 5743 sunt.

555 5751 664 5806 (44)
697 5755 799 5802 Του
826 5756 961 5802 Θεου
991 5769 1127 5804 εστιν
1159 5770 1187 5806 η
1224 5773 1384 5806 φωνη.
1468 5795 1479 5806 .

555 5751 664 5821 (44)
697 5755 799 5802 Τοῦ
826 5755 961 5802 Θεοῦ
991 5751 1127 5804 ἐστιν
1159 5754 1187 5810 ἠ
1224 5758 1384 5824 φωνή.
1413 5751 1479 5807 Α.

2340 5684 2434 5756 45)
2466 5682 2651 5756 Φιλεῖς.
2683 5684 2749 5739 Δ.

2340 5686 2434 5756 45)
2466 5686 2651 5743 Φιλεῖς.
2683 5686 2749 5739 Δ.

2316 5686 2431 5831 (46)
2460 5756 2591 5832 Παρ⁹
2618 5753 2729 5827 ίμοί
2755 5750 2989 5809 videtur
3016 5748 3276 5821 leguisse
3306 5746 3648 5807 Hentenius.
