4178 6382
282 340 392 402 485

1236 334 1598 399 COMMENT.
1643 336 1715 393 IN
1755 320 2203 391 MATULEUM.
2241 363 2312 375 —
2352 326 2516 391 CAP.
2554 316 2719 389 XVII.

3546 323 3653 390 486

287 473 484 524 Λοιπὸν
512 465 620 534 οὖν,
655 467 699 521 εἰ
722 472 794 540 μὴ
826 474 888 539 τῇ
942 465 1161 540 δυνάμει
1204 470 1391 522 τούτου
1423 465 1646 542 θαρρεῖς,
1672 462 1799 515 ἀλλὰ
1834 480 1894 533 γε

2019 460 2321 533 Reliquum
2349 463 2439 516 est
2468 458 2670 529 igitur,
2702 461 2762 515 ut
2802 458 2849 514 si
2889 458 3067 531 hujus
3113 473 3238 515 non
3286 458 3419 514 ﬁdis
3458 461 3671 531 poten-

282 568 345 632 τῇ
400 558 493 631 ἐμῇ
555 556 838 632 θάῤῥησον’
889 553 1063 619 οὐδεὶς
1111 560 1212 633 γὰρ
1269 561 1354 610 τὸν
1407 556 1542 609 οῦτω
1595 554 1893 627 φιλούμενον

283 652 523 723 προίεται
552 646 865 719 ἀλογίστως.

362 738 532 792 Αύτοῦ
611 735 822 789 ἀκούετε
856 774 871 790 .
953 738 1130 809 Τούτῳ
1204 738 1445 790 πείθεσθε
1480 778 1492 802 ,

290 830 517 893 στεύετε,
560 828 603 879 εἰ
647 845 701 877 τι
757 826 817 877 ἆν
854 830 944 878 καὶ
977 825 1097 897 λέγη
1146 832 1237 878 καὶ
1273 834 1420 898 ποιῇ.
1457 830 1552 878 Καὶ
1587 824 1630 877 εἰ
1658 843 1896 895 σταυρω-

1566 736 1733 805 τούτῳ
1803 752 1895 785 πι-

293 920 445 977 θῆναι
519 915 781 989 βουληθῇ,
832 911 1024 988 μηδεὶς
1079 915 1349 973 ἀντιπέση.
1410 914 1581 988 Ὑμεῖς
1639 917 1727 986 μὶν
1792 915 1893 984 γὰρ

290 1006 385 1058 οὐκ
430 1003 610 1059 οῐὸατε
665 1009 724 1057 τὸ
782 1013 881 1067 τῆς
932 1006 1230 1079 οἰκονομίας
1273 1006 1433 1059 αὐτοῦ
1463 1010 1771 1078 μυστήριον·
1806 1003 1897 1055 αύ-

289 1100 374 1156 τὸς
426 1092 484 1148 δὲ
534 1102 635 1148 πᾶν
688 1096 713 1147 ὅ
764 1094 901 1165 λέγει
954 1101 1041 1148 καὶ
1092 1104 1248 1161 ποιεῖ,
1307 1098 1441 1147 κατὰ
1491 1101 1702 1166 γνώμην
1768 1093 1897 1165 ἐμὴν

292 1191 384 1237 καὶ
430 1185 565 1256 λέγει
602 1205 691 1237 και
734 1192 891 1239 ποιεῖ.
945 1188 1140 1238 Λοιπὸν
1196 1186 1282 1237 οὖν
1322 1184 1482 1237 αὐτοῦ
1527 1183 1757 1253 ἀκούετε,
1810 1186 1896 1234 τὸν

291 1279 575 1329 Μωσαίκὸν
623 1280 776 1343 νόμον
835 1279 924 1326 καὶ
982 1277 1075 1336 τὰς
1136 1277 1463 1350 προφητικάς
1527 1278 1896 1346 μυσταγωγίας

290 1363 512 1436 ἀφέντες.
570 1363 836 1436 Πλήρωμα
876 1366 978 1437 γὰρ
1023 1368 1182 1436 νόμου
1236 1369 1325 1416 καὶ
1372 1372 1647 1437 προφητῶν
1680 1367 1898 1435 ὄΧρισ-

289 1457 375 1515 τός
425 1454 561 1522 (4Ἱ)’
607 1457 697 1505 καὶ
762 1456 937 1505 Λοιπὸν
996 1451 1163 1506 ἐκεῖνα
1209 1455 1378 1506 πάντα
1432 1452 1892 1517 συνετελέσθησαν,

288 1544 424 1617 ἄχρι
450 1545 635 1595 τούτου
660 1546 813 1614 μόνον
840 1539 1177 1616 ἐκτεινόμενα.

367 1744 469 1793 Καὶ
521 1769 586 1778 -
641 1736 870 1812 σγόδρα.
918 1744 1020 1793 Καὶ
1073 1744 1176 1811 μὴν
1242 1746 1331 1793 καὶ
1387 1744 1633 1817 πρότερον
1680 1739 1765 1793 ἐπὶ
1803 1748 1892 1793 τοῦ

2004 550 2121 618 tiae,
2146 555 2208 607 at
2246 566 2394 606 meae
2420 548 2590 604 ﬁdas.
2624 551 2806 605 Nemo
2825 550 2986 605 enim
3017 548 3170 605 adeo
3194 547 3495 617 ,dilectum
3527 548 3672 606 irra-

2004 639 2272 696 tionabili
2312 655 2497 696 causa
2526 638 2809 694 destituit.

2077 734 2243 789 Vers.
2281 732 2334 786 5.
2368 731 2569 800 Ipsum
2595 730 2815 787 audite.
2854 729 3002 786 Huic
3032 729 3288 794 obedite,
3322 729 3461 785 huic
3485 730 3673 786 credi-

2004 824 2080 887 te,
2124 822 2171 875 si
2214 822 2361 894 quid
2406 825 2511 876 aut
2538 820 2751 875 dixerit
2782 825 2884 877 aut
2914 820 3133 878 fecerit.
3181 820 3353 885 Quod
3385 820 3432 875 si
3490 821 3667 877 etiam

2004 911 2273 980 cruciﬁgi
2322 909 2593 976 voluerit,
2656 925 2836 966 nemo
2894 909 2977 965 illi
3006 909 3306 966 obsistat:
3350 926 3457 965 vos
3508 910 3670 966 enim

2004 999 2286 1069 ignoratis
2340 998 2806 1070 dispensationis
2860 1016 2981 1055 suas
3058 999 3430 1071 mysterium.
3523 1003 3671 1056 Nam

2004 1087 2302 1161 quidquid
2341 1088 2468 1159 ipse
2525 1093 2581 1143 et
2618 1088 2758 1144 dicit
2811 1088 3206 1158 etfacit,|mea
3263 1090 3562 1146 voluntate
3616 1095 3674 1144 et

2004 1178 2144 1233 dicit
2178 1184 2234 1233 et
2262 1178 2419 1233 facit.
2463 1176 2673 1249 Ipsum
2703 1177 2905 1250 itaque
2934 1178 3155 1245 audite,
3204 1177 3333 1248 lege
3391 1179 3665 1247 Mosaica,

2003 1268 2487 1340 propheticisque
2550 1282 2856 1323 sacrorum
2926 1267 3354 1324 initiationibus
3407 1268 3670 1334 relictis;

2003 1357 2516 1430 complementum
2558 1354 2854 1429 siquidem
2906 1356 3054 1426 legis
3106 1372 3175 1411 ac
3235 1358 3668 1430 prophetarum

2002 1451 2091 1504 est
2129 1447 2437 1511 Christus:
2482 1449 2538 1502 et
2572 1446 2702 1517 jam
2760 1446 2967 1503 omnia
3023 1446 3125 1503 illa
3158 1446 3460 1520 completa
3509 1450 3670 1517 sunt,

2002 1539 2208 1609 utpote
2245 1552 2382 1609 quin
2426 1551 2619 1609 usque
2663 1535 2743 1593 ad
2779 1535 2943 1592 hunc
2975 1537 3173 1596 solum
3236 1536 3675 1610 protendeban-

2003 1629 2119 1690 tur,

2072 1734 2237 1790 Vers.
2268 1737 2318 1789 6.
2352 1734 2430 1789 Et
2473 1763 2541 1775 —
2572 1733 2954 1791 vehementer.
2996 1735 3173 1808 Atqui
3204 1735 3370 1808 prius
3398 1735 3579 1792 etiam
3608 1735 3675 1792 in

292 1825 560 1903 Ἰορδάνου
609 1833 748 1901 φωνὴ
812 1833 990 1901 γέγονε
1060 1832 1275 1890 τοιαύτη
1314 1874 1328 1900 ,
1386 1835 1476 1882 καὶ
1544 1832 1676 1902 μετὰ
1730 1838 1895 1884 ταῦτα

2019 1822 2256 1879 Iordane
2316 1839 2432 1879 vox
2471 1822 2628 1879 facta
2679 1828 2767 1877 est
2818 1822 3210 1893 hujusmodi;
3274 1828 3331 1880 et
3370 1830 3510 1896 post
3544 1825 3675 1881 haec

290 1917 467 1985 πάλιν,
499 1920 714 1991 ὅτεκαὶ
769 1917 995 1991 βροντὴν
1020 1918 1188 1991 ἔλεγον
1240 1925 1523 1991 γεγονέναι,
1574 1926 1664 1973 καὶ
1716 1918 1891 1984 οὐδεὶς

294 2003 444 2059 οὐδὲν
496 2015 728 2060 τοιοῦτον
779 2009 958 2063 ἔπαθε.
1018 2014 1131 2069 Πῶς
1197 2005 1284 2061 οὖν
1328 2009 1471 2061 οὗτοι
1537 2017 1624 2061 νῦν
1710 2013 1892 2063 ἔπεσον

290 2094 373 2148 ἐπὶ
432 2101 711 2169 πρόσωπον
768 2096 935 2149 αὐτῶν
969 2114 983 2164 ;
1017 2102 1159 2151 Διότι
1197 2103 1287 2150 καὶ
1317 2098 1448 2169 ὕψος
1498 2096 1558 2158 ἧν
1603 2103 1757 2173 μέγα,
1804 2105 1894 2153 καὶ

290 2183 485 2259 ἐρημία
516 2184 722 2258 βαθεῖα,
750 2190 840 2239 καὶ
888 2187 1101 2259 ἡσυχία
1143 2187 1329 2249 πολλὴ,
1362 2192 1451 2240 καὶ
1495 2190 1893 2261 μεταμόρφωσις

291 2278 471 2344 γέγονε
524 2280 704 2349 φρίκης
731 2280 987 2347 γέμουσα,
1026 2281 1115 2329 καὶ
1170 2286 1269 2349 φῶς
1300 2276 1576 2350 ἐξέλαμψεν
1609 2277 1891 2352 ἀκήρατον,

294 2368 385 2415 καὶ
451 2362 645 2430 λοιπὸν,
700 2373 790 2425 τῆς
836 2364 1043 2437 νεφέλης
1114 2369 1476 2440 περιταθείσης
1529 2370 1737 2433 ἄνωθεν,
1805 2373 1895 2421 καὶ

292 2451 800 2527 ἐπικαταρραγείσης
850 2463 941 2516 τῆς
1004 2464 1195 2527 φωνῆς,
1227 2456 1434 2518 εἰκότως
1473 2460 1893 2532 περιετράπησοίν

287 2561 341 2594 τε
370 2548 460 2595 καὶ
490 2542 645 2615 ἐφοϐή
656 2545 718 2602 θη
728 2563 839 2598 σαν.

360 2630 519 2686 Ἔστι
551 2629 611 2685 δὲ
632 2639 722 2685 καὶ
756 2633 933 2707 ἑτέρως
961 2634 1118 2688 εἰπεῖν
1148 2639 1229 2703 τὸ,
1260 2635 1481 2690 Ἕπεσον
1503 2635 1587 2691 ἐπὶ
1616 2642 1894 2712 πρόσωπον

291 2720 481 2788 αὐτῶν,
512 2720 627 2775 ἀντί
652 2730 741 2775 τοῦ
770 2723 904 2795 (48),
935 2728 1357 2796 Προσεκύνησαν.

320 2862 325 2863 ,
368 2813 469 2867 Καὶ
505 2842 575 2852 -
603 2816 677 2886 μὴ
716 2811 976 2885 φοϐεῖσθε.
1008 2814 1224 2873 ’Πλέησε
1252 2818 1348 2875 τήν
1395 2816 1661 2871 ἀσθένειαν
1704 2817 1894 2885 αὐτῶν,

293 2905 383 2953 καὶ
413 2903 619 2973 ταχέως
649 2900 759 2955 λύει
788 2906 874 2954 τὸν
896 2902 1069 2977 φόϐον.

368 2989 680 3064 Ἐπάραντες
730 3020 803 3033 —-
858 2996 1030 3065 μόνον.
1093 2992 1204 3047 Ἵνα
1266 2994 1762 3070 πληροφορηθῶσιν,
1816 2998 1897 3050 ὅτι

292 3084 415 3154 περὶ
481 3080 641 3133 αὐτοῦ
676 3086 879 3156 γέγονεν
927 3083 958 3142 ἡ
1020 3089 1157 3155 φωνὴ
1190 3126 1203 3151 ,
1249 3090 1405 3158 μόνος
1460 3086 1641 3140 λοιπὸν
1715 3088 1897 3160 ὁρᾶται

290 3187 488 3225 αυτοις.

368 3263 560 3312 Καὶ-
592 3259 814 3333 ἀναστῇ.
865 3267 1025 3314 Ὅσον
1077 3266 1179 3335 γὰρ
1224 3265 1441 3338 μείζονα
1492 3265 1723 3339 ἐλέγοντο
1780 3272 1898 3341 περὶ

289 3348 477 3414 αὐτοῦ,
533 3360 781 3403 τοσοῦτον
841 3348 1375 3428 ὃυσπαραὸεκτότερα
1413 3352 1646 3411 ἐδόκουν.
1698 3357 1898 3411 Κελεύει

289 3438 382 3489 οὖν
431 3442 674 3513 κρύπτειν
734 3443 860 3515 παρ’
916 3441 1117 3505 ἑαυτοῖς
1183 3448 1241 3496 τό
1290 3447 1464 3518 θαῦμα
1510 3454 1684 3517 τοῦτο,
1756 3445 1897 3500 διότι

289 3528 444 3579 αῦτοί
472 3547 526 3580 τε
578 3529 672 3581 οῦκ
728 3530 929 3603 ἔμελλον
962 3535 1328 3605 πιστευθῆναι,
1378 3540 1468 3589 καὶ
1528 3538 1577 3589 οἱ
1647 3534 1897 3591 Ἰουδαῖοι

282 3617 483 3691 μᾶλλον
515 3621 575 3670 ἄν
604 3620 838 3693 ἡγριώθη
850 3640 966 3675 σαν.

369 3712 469 3760 Καὶ
516 3740 575 3748 ——
632 3718 870 3782 πρώτους
908 3716 1033 3787 Περὶ
1072 3721 1168 3775 τῆς
1196 3715 1435 3777 θεότητος
1498 3716 1658 3769 αὐτοῦ
1706 3720 1897 3790 μαθόν-

286 3814 373 3858 τες
430 3796 813 3872 ἀκριϐέστερον,
844 3798 945 3853 ἀπὸ
986 3821 1039 3854 τε
1070 3811 1166 3865 τῆς
1208 3804 1482 3876 ὁμολογίας
1532 3811 1748 3880 Πέτρου,
1797 3807 1897 3861 ἀπό

286 3904 349 3937 τε
397 3894 489 3948 τῆς
533 3895 1001 3962 μεταμορφώσεως,
1031 3897 1121 3943 καὶ
1174 3890 1274 3945 ἀπὸ
1327 3903 1418 3955 τῆς
1472 3897 1661 3949 ἄνωθεν
1705 3918 1894 3968 φωνης,

288 3985 573 4047 ερωτώσιν,
600 3980 679 4030 ὅτι
710 3976 891 4037 ἐπειδὴ
930 3984 992 4032 σὺ
1020 3980 1067 4033 εἶ
1118 3983 1142 4033 ὁ
1176 3987 1428 4055 Χριστὸς,
1458 3984 1607 4039 διατί
1633 3989 1681 4039 οἱ
1726 3990 1895 4061 Γραμ-

287 4072 473 4137 ματεῐς
522 4065 782 4138 λέγουσιν,
817 4069 895 4120 ὅτι
938 4069 1113 4121 Ἠλίαν
1138 4076 1248 4147 χρὴ
1280 4070 1437 4125 ἐλθεῖν
1470 4078 1570 4150 πρὸ
1604 4084 1695 4128 τοῦ
1736 4085 1898 4150 Χρισ-

286 4160 387 4205 τοῦ
419 4171 431 4220 ;
464 4164 569 4216 πῶς
599 4153 686 4207 οὖν
717 4156 815 4211 οῦκ
838 4153 986 4215 ἦλθεν
1010 4159 1159 4221 οὗτος
1190 4164 1289 4234 πρὸ
1326 4171 1418 4215 σοῦ
1449 4180 1461 4230 ;
1494 4171 1658 4217 Τοῦτο
1687 4169 1777 4238 μὲν
1813 4164 1899 4219 οὖν

288 4244 470 4317 ἠρώτη
482 4264 576 4296 σαν
615 4248 661 4297 οἱ
700 4248 955 4319 μαθηταί.

368 4340 633 4406 [Ipso-6x5:
696 4332 754 4389 δὲ
784 4342 1077 4409 γινώσκειν,
1129 4340 1206 4391 ὄτι
1250 4343 1304 4393 αἱ
1348 4348 1545 4415 Γραφαὶ
1577 4342 1673 4398 δύο
1706 4367 1900 4422 παρου-

292 4428 421 4485 σίας
471 4433 562 4476 τοῦ
608 4433 844 4500 Χριστοῦ
893 4427 1123 4499 λέγουσι,
1173 4436 1266 4488 τήν
1315 4451 1368 4484 τε
1418 4441 1760 4509 γεγενημένην
1813 4442 1902 4490 καὶ

2002 1928 2241 1968 rursum
2271 1913 2521 1985 quando
2568 1913 2790 1968 tonitru
2819 1912 3101 1969 dicebant
3131 1913 3355 1970 factum
3415 1930 3551 1970 esse
3600 1915 3671 1980 1°,

2002 2007 2055 2057 et
2077 2001 2276 2057 nullus
2293 2002 2630 2075 quidquam
2653 2002 2769 2057 tale
2792 2018 3008 2074 passus
3034 2007 3142 2059 est.
3175 2004 3491 2070 Quomodo
3529 2018 3673 2073 ergo

2001 2091 2235 2147 nunchi
2252 2091 2633 2163 prociderunt
2664 2092 2725 2146 in
2751 2092 2967 2147 faciem
2991 2093 3203 2149 suam?
3233 2093 3387 2159 Quia
3415 2092 3669 2149 altitudo

2004 2196 2227 2250 magna
2256 2186 2399 2247 erat,
2433 2180 2852 2253 profundaque
2892 2181 3152 2237 solitudo
3201 2199 3269 2238 ac
3301 2182 3558 2238 multum
3596 2182 3675 2237 si-

2002 2269 2275 2327 lentium.
2309 2273 2590 2326 Praeterea
2623 2269 3073 2328 transformatio
3100 2270 3261 2329 facta
3287 2277 3376 2328 est
3403 2271 3670 2329 horroris

2003 2359 2202 2432 plena,
2235 2363 2293 2415 et
2327 2358 2430 2415 lux
2461 2359 2819 2416 immortalis
2851 2360 3051 2432 eluxit,
3085 2376 3154 2417 ac
3183 2360 3377 2417 subito
3411 2362 3666 2433 desuper

2003 2450 2419 2521 circumposita
2470 2448 2651 2515 nube,
2708 2465 2976 2521 voceque
3012 2466 3196 2522 super
3243 2466 3346 2507 eos
3393 2451 3668 2523 delapsa,

2002 2538 2213 2595 merito
2244 2537 2500 2611 perculsi
2528 2541 2666 2593 sunt
2696 2542 2751 2595 et
2782 2537 3061 2596 exterriti.

2076 2631 2269 2684 Potest
2291 2643 2534 2701 quoque
2565 2634 2622 2683 et
2653 2627 2825 2683 aliter
2850 2628 2968 2684 dici
2998 2630 3164 2701 quod
3194 2628 3579 2702 prociderunt
3610 2629 3676 2688 in

2004 2716 2223 2775 faciem
2248 2733 2443 2784 suam,
2476 2716 2589 2774 hoc
2608 2722 2694 2773 est
2720 2717 3141 2774 adoraverunt.

2077 2806 2246 2861 Vers.
2276 2806 2331 2861 7.
2362 2804 2440 2861 Et
2494 2834 2561 2846 —
2610 2806 2788 2862 nolite
2828 2806 3053 2863 timere.
3087 2807 3397 2865 Miseratus
3428 2812 3518 2866 est
3571 2809 3677 2865 im-

2004 2894 2386 2955 becillitatem
2417 2910 2645 2960 eorum,
2681 2899 2738 2951 et
2766 2895 2882 2951 cito
2900 2893 3074 2951 solvit
3108 2896 3404 2954 timorem.
3692 2886 3696 2891 ⁴

2078 2984 2241 3038 Vers.
2285 2984 2337 3039 8.
2388 2984 2653 3039 Elevatis
2702 3015 2771 3023 —
2814 2983 3021 3040 solum.
3085 2986 3154 3041 Ut
3206 2986 3483 3042 certiores
3544 2988 3674 3044 red-

2007 3072 2285 3129 derentur
2322 3071 2490 3145 quod
2518 3072 2593 3128 de
2631 3072 2763 3145 ipso
2795 3072 2953 3129 facta
2983 3079 3137 3129 esset
3184 3090 3321 3141 vox,
3359 3074 3519 3132 solus
3543 3076 3675 3148 jam

1930 3174 1971 3235 (ζ’,
2007 3162 2124 3219 illis
2164 3161 2407 3218 videtur.

2078 3272 2236 3326 Vers.
2270 3270 2324 3328 9.
2351 3271 2432 3325 Et
2459 3300 2530 3312 --
2556 3274 2861 3340 resurgat.
2889 3270 3118 3335 Quanto
3149 3271 3309 3326 enim
3344 3272 3573 3343 majora
3599 3273 3675 3329 de

2007 3376 2078 3416 eo
2109 3361 2419 3431 dixissent,
2443 3364 2607 3416 tanto
2625 3358 2921 3415 difﬁcilius
2948 3359 3289 3416 credlibilia
3306 3361 3672 3419 viderentur.

2004 3449 2180 3506 Jubet
2232 3464 2373 3520 ergo
2404 3449 2699 3505 visionem
2730 3449 2888 3505 hanc
2925 3448 3138 3505 abillis
3170 3450 3477 3516 occultari,
3531 3453 3675 3525 quia

2006 3540 2271 3596 futurum
2324 3544 2469 3605 erat,
2504 3544 2568 3594 ut
2617 3554 2813 3611 neque
2846 3538 2961 3612 ipsi
2994 3539 3355 3612 persuadere
3406 3546 3672 3613 possent,

2006 3632 2065 3685 et
2089 3628 2277 3685 Judaei
2304 3628 2497 3699 magis
2520 3634 3014 3701 exasperaentur.

2078 3718 2254 3775 Vers.
2292 3720 2377 3774 10.
2407 3718 2486 3773 Et
2517 3748 2586 3759 -—
2607 3717 2881 3788 primum.
2923 3717 3003 3773 De
3043 3717 3355 3776 divinitate
3384 3720 3515 3791 ejus
3541 3720 3675 3793 jam

2005 3806 2085 3864 ad
2132 3806 2377 3879 plenum
2426 3808 2636 3874 edocti,
2678 3813 2735 3863 et
2781 3824 2818 3864 a
2868 3808 3015 3863 Petri
3062 3808 3463 3877 confessione,
3523 3815 3579 3866 et
3642 3827 3680 3867 a

2005 3896 2545 3961 transformatione,
2590 3901 2645 3952 et
2701 3914 2736 3952 a
2778 3897 2998 3952 caelesti
3033 3913 3198 3963 voce,
3255 3898 3676 3971 interrogant:

2007 3985 2157 4043 Cum
2188 3993 2252 4043 tu
2283 3988 2361 4043 sis
2412 3986 2701 4050 Christus,
2758 4002 2934 4060 quare
2978 3988 3199 4043 Scribaa
3254 3988 3464 4045 dicunt
3515 3990 3679 4063 quod

2008 4075 2200 4132 Eliam
2230 4080 2503 4148 oporteat
2554 4075 2757 4131 venire
2789 4080 2926 4131 ante
2977 4075 3272 4133 Christum
3299 4077 3326 4133 ‘I
3367 4079 3673 4151 quomodo

2011 4182 2135 4222 non
2162 4165 2319 4222 venit
2348 4166 2445 4221 hic
2476 4170 2608 4223 ante
2640 4169 2693 4222 te
2725 4165 2753 4220 ?
2786 4168 2903 4222 Hoc
2930 4166 3133 4237 itaque
3161 4165 3679 4237 interrogaverunt

2011 4255 2318 4327 discipuli.

2085 4346 2242 4402 Scire
2315 4350 2515 4403 autem
2590 4348 2845 4417 oportet,
2906 4344 3072 4417 quod
3147 4345 3463 4419 Scripturae
3523 4345 3680 4403 duos

2013 4437 2223 4494 Christi
2272 4437 2566 4493 adventus
2593 4436 2820 4503 dicunt,
2850 4452 2989 4491 eum
3020 4435 3290 4493 videlicet
3334 4438 3434 4508 qui
3488 4436 3680 4494 factus

288 4517 389 4571 τήν
438 4514 743 4583 μέλλουσαν.
808 4521 931 4590 Περὶ
985 4516 1051 4570 ὧν
1093 4518 1389 4594 ἀμφοτέρων
1444 4529 1533 4577 καὶ
1600 4528 1626 4577 ὁ
1700 4527 1896 4589 Παῦλος

2019 4533 2120 4595 est,
2173 4533 2228 4585 et
2274 4526 2563 4585 futurum.
2600 4528 2681 4583 De
2735 4534 2989 4601 utroque
3040 4526 3243 4583 docuit
3282 4527 3545 4584 Paulus:
3605 4530 3680 4585 de

290 4599 511 4667 ἐδίδαξε
573 4605 751 4677 λέγων·
797 4611 915 4680 περὶ
962 4611 1049 4681 μὲν
1102 4618 1197 4672 τῆς
1250 4618 1497 4685 πρώτης·
1562 4616 1814 4689 Ἐπεφάνη
1867 4621 1896 4677 ἡ

290 4696 460 4767 χάρις
501 4702 593 4746 τοῦ
644 4703 777 4747 Θεοῦ
831 4698 861 4755 ὴ
918 4704 1196 4771 σωτήριος⁸
1244 4706 1362 4774 περὶ
1412 4699 1470 4756 δὲ
1500 4713 1594 4768 τῆς
1634 4703 1897 4781 δευτέραςο

294 4780 724 4856 Προσὸεχόμενοι
792 4789 885 4844 τὴν
959 4794 1222 4864 μακαρίαν
1286 4789 1475 4845 ἐλπίδα
1547 4799 1637 4849 καὶ
1707 4780 1898 4871 ἐπιφά-

290 4891 431 4924 νειαν
467 4874 578 4945 (49)
619 4882 710 4927 του
741 4875 967 4948 μεγάλου
997 4885 1130 4932 Θεοῦ
1156 4884 1245 4933 καὶ
1272 4888 1505 4956 Σωτῆρος
1525 4886 1671 4958 ἡμῶν
1720 4887 1899 4948 Ἰησοῦ

290 4968 548 5038 Χριστοῦ.

365 5145 413 5180 ³ο
432 5144 607 5203 Joan.
639 5161 746 5214 xu,
779 5148 870 5206 29.
950 5150 997 5189 υ
1022 5150 1127 5207 Tit.
1156 5166 1216 5221 ιι,
1256 5154 1342 5220 li,
1421 5156 1468 5193 ¹²
1499 5155 1639 5216 ibid.
1666 5158 1737 5214 13

2012 4618 2303 4692 propriori
2347 4618 2636 4690 quidem:
2698 4618 3021 4687 Apparuit,
3067 4617 3280 4690 inquit,
3335 4617 3530 4690 gratia
3574 4617 3683 4676 Dei

2010 4710 2413 4769 salutarisDe
2436 4708 2781 4783 posterioris
2803 4724 2973 4765 vero:
2999 4708 3430 4779 Exspectantes
3456 4710 3681 4767 beatam

2010 4817 2166 4871 spem
2199 4806 2251 4857 et
2277 4800 2728 4870 apparitionem
2753 4799 2952 4870 magni
2978 4799 3087 4853 Dei
3105 4804 3160 4856 et
3185 4798 3511 4857 Saluatoris
3554 4816 3684 4856 nos-

2011 4891 2094 4947 tri
2119 4890 2256 4947 Iesu
2288 4890 2537 4949 Christi.

1513 5339 1731 5410 Variae
1764 5341 2097 5413 lectiones
2130 5350 2198 5410 et
2238 5348 2450 5419 notae.

364 5528 487 5613 (4η
533 5530 803 5613 ῃλήρωμα
849 5531 1066 5613 γὰρ-τ·-
1102 5534 1128 5585 ό
1180 5538 1428 5613 Χριστός.
1483 5508 1735 5613 Videtur
1790 5539 1907 5604 hoc

533 5553 803 5606 ιιΑηρωμα
849 5553 949 5605 γαρ
980 5561 1051 5574 -
1102 5553 1128 5585 ο
1184 5553 1229 5589 λ
1269 5553 1428 5603 terres.
1495 5553 1735 5596 Videtur
1790 5553 1903 5604 n00

494 5603 812 5686 uthymius.
824 5604 1181 5686 confugisse
1218 5553 1389 5686 ﬁom.
1419 5624 1479 5677 x,
1497 5609 1566 5686 A4,
1581 5625 1734 5686 _cum
1759 5625 1903 5686 _xni,

292 5677 379 5750 to.
412 5673 578 5731 Idem
601 5673 841 5733 'accidit
884 5675 1099 5750 Cyrillo
1118 5676 1281 5736 Alex.
1314 5673 1473 5739 tom!
1494 5673 1653 5741 I.'De
1680 5673 1909 5743 adora;

286 5601 422 5659 loco

292 5745 467 5812 tione,
503 5762 561 5820 p.
600 5752 650 5803 5.

2254 5538 2408 5595 Loco
2472 5513 2894 5602 προσεκύνησαν,
2952 5533 3135 5592 habet

3204 5534 3357 5608 εφοϐὴ
3369 5535 3556 5595 θησαν.
3615 5537 3682 5597 Β.

2239 5612 2308 5682 U_t
2327 5625 2482 5682 ergo
2497 5606 2809 5679 Chrysost.
2834 5612 2977 5682 tom:
3025 5606 3138 5682 VII,

2091 5610 2203 5683 (49)
2239 5612 2308 5667 Ut
2327 5625 2467 5682 ergo
2497 5610 2809 5679 Chrysost.
2834 5612 2977 5663 tom.
3025 5610 3138 5673 VII,
3171 5621 3232 5679 p.
3279 5611 3380 5664 576
3413 5610 3479 5663 Ι).
3508 5610 3684 5665 omit-

2017 5682 2086 5741 tit
2113 5692 2209 5746 τῆς
2256 5679 2439 5748 δόξης,
2471 5681 2555 5737 ita
2573 5693 2817 5754 quoque
2848 5676 3228 5751 Euthymius,
3270 5678 3558 5751 neglectis
3582 5694 3684 5737 co-

2016 5754 2251 5814 dicibus
2281 5755 2422 5812 Novi
2460 5752 2845 5813 Testamenti.

2088 5540 2203 5683 ἄἓέ
