4178 6376
536 313 643 371 487

1856 310 2155 374 EUTHYM
2161 312 2213 372 II
2250 308 2586 375 ZIGABENI

3806 324 3926 387 488

611 444 675 496 Et
694 437 906 515 prioris
939 440 1185 513 quidem
1205 439 1398 498 factus
1421 440 1506 494 est
1533 437 1797 496 Joannes
1813 456 2150 514 praecursor

2378 446 2480 500 Καὶ
2530 453 2628 507 τῆς
2680 446 2772 519 μεν
2819 448 3032 520 πρώτης
3073 450 3253 519 γέγονε
3310 446 3611 525 πρόδρομος
3660 453 3686 504 6
3738 452 3925 507 Ἰωάν-

535 529 874 603 posterioris
913 544 1054 584 vero
1082 529 1184 584 ﬁet
1203 544 1535 601 praecursor
1578 529 1758 599 Elias,
1790 530 1864 586 de
1904 547 2026 602 quo
2052 530 2196 586 dicit

536 620 832 692 propheta
852 618 1183 675 Malachias:
1206 620 1432 674 Mittam
1444 620 1599 675 vobis
1626 620 1827 676 Etiam
1857 622 2187 691 Thesbiten,

535 710 639 781 qui
684 711 948 765 restituet
997 724 1100 765 cur
1163 708 1354 779 patris
1405 708 1483 764 ad
1527 710 1744 780 ﬁlium,
1793 710 1908 766 hoc
1949 714 2043 767 est
2085 709 2191 782 qui

534 805 830 856 convertet
857 800 1041 856 corda
1070 800 1439 866 Judaaorum,
1468 801 1571 872 qui
1607 805 1746 856 tunc
1776 800 2189 871 superfuerint,

532 889 610 946 ad
638 888 961 961 apostolos,
988 889 1648 946 utobediantdoctrinis
1667 906 1898 957 eorum,
1924 891 2191 948 credant-

531 994 648 1050 que
721 979 969 1037 Christo.
1032 983 1232 1037 Patres
1303 980 1466 1037 enim
1533 980 1964 1054 Apostolorum
2010 983 2189 1036 erant

530 1068 558 1124 J
570 1068 744 1128 udwi.

600 1286 718 1342 Sed
737 1285 977 1360 Scribte,
1010 1286 1165 1343 duos
1191 1286 1398 1344 Christi
1426 1287 1718 1345 adventus
1740 1287 1799 1344 in
1822 1303 2012 1344 unum
2051 1302 2189 1344 con-

524 1375 862 1444 fundentes,
890 1383 947 1434 et
976 1380 1358 1451 posteriorem
1383 1378 1443 1434 in
1462 1380 1723 1450 priorem
1746 1380 2184 1449 contrahentes,

526 1466 601 1524 de
633 1469 760 1526 solo
781 1469 1096 1543 posteriori
1119 1469 1421 1526 docebant
1450 1469 1737 1543 populum
1767 1486 1779 1525 :
1810 1474 2188 1543 etpropterea

526 1554 822 1616 Christum
860 1574 985 1616 non
1016 1560 1423 1632 suscipiebant
1468 1560 1753 1627 dicentes,
1791 1560 1957 1632 quod
1998 1558 2185 1615 Eliam

524 1654 759 1720 oportet
806 1650 1010 1706 venire
1062 1651 1331 1722 primum,
1393 1654 1450 1706 et
1492 1666 1634 1706 mox
1681 1649 2005 1707 Christum.
2071 1648 2181 1705 Sed

522 1753 685 1795 nunc
725 1739 992 1796 Christus
1036 1740 1110 1796 de
1153 1739 1392 1797 duobus
1435 1745 1638 1813 aperte
1684 1739 1871 1797 docet.
1935 1739 2185 1795 Adverte

522 1844 680 1899 ergo.

594 1921 754 1975 Vers.
786 1921 877 1976 11.
902 1919 1070 1976 Jesus
1095 1927 1292 1978 autem
1311 1952 1378 1963 -
1396 1920 1461 1977 V.
1496 1922 1579 1978 l2.
1606 1924 2012 1993 Cognoverunt
2028 1936 2175 1979 eum.

521 2009 674 2064 Elias
715 2010 956 2082 quidem
996 2012 1268 2083 proprior
1290 2011 1411 2067 sive
1440 2011 1748 2067 Thesbites
1777 2012 2051 2068 nondum
2085 2027 2177 2067 ve-

519 2099 605 2155 nit
632 2116 650 2164 ;
706 2101 899 2155 veniet
928 2107 1129 2157 autem
1160 2102 1313 2156 circa
1345 2102 1672 2157 secundum
1713 2118 1916 2157 meum
1959 2102 2180 2158 adven-

522 2194 646 2245 tum
681 2206 693 2245 :
719 2196 774 2246 et
802 2191 1065 2247 restituet
1091 2208 1334 2248 omnem
1361 2193 1456 2264 qui
1486 2192 1538 2248 ei
1579 2192 1918 2262 crediderit,
1954 2192 2070 2248 hoc
2091 2195 2182 2249 est

521 2285 817 2336 convertet
854 2296 957 2337 cor
1007 2280 1193 2353 patris
1243 2281 1320 2337 ad
1365 2282 1566 2347 tilium,
1626 2286 1689 2338 ut
1749 2282 1830 2338 ait
1884 2282 2181 2355 propheta

520 2370 865 2427 Malachias.
894 2370 1033 2427 Dico
1064 2377 1265 2427 autem
1299 2372 1471 2427 vobis
1496 2372 1658 2444 quod
1692 2371 1848 2428 Elias
1877 2372 2180 2427 secundus

522 2460 644 2516 sive
674 2461 939 2533 Baptista
963 2462 1091 2533 jam
1137 2454 1300 2517 venit
1327 2462 1484 2517 circa
1514 2462 1763 2533 primum
1820 2478 2022 2518 meum
2079 2462 2181 2518 ad-

518 2555 789 2621 ventum,
822 2556 884 2606 ut
922 2551 1126 2607 dicunt
1158 2552 1508 2624 Scripturae:
1543 2558 1596 2608 et
1628 2566 1749 2608 non
1776 2558 2180 2624 cognoverunt

522 2640 739 2695 Scribas
783 2641 950 2713 quod
974 2642 1150 2697 etiam
1182 2641 1277 2697 hic
1308 2646 1467 2698 esset
1492 2643 1644 2697 Elias
1688 2648 1979 2715 tanquam
2030 2658 2177 2715 pree-

520 2744 749 2786 cursor.
784 2730 913 2786 Non
939 2738 1350 2801 cognoverunt
1390 2736 1589 2788 autem
1623 2748 1760 2788 cum
1795 2735 1993 2805 utpote
2020 2733 2177 2789 male

518 2818 910 2890 intelligentes
942 2822 1300 2893 Scripturas.

590 2911 752 2966 Vers.
778 2913 864 2967 12.
913 2911 1031 2969 Sed
1066 2943 1135 2951 —
1166 2912 1499 2969 voluerunt.
1541 2912 1801 2969 Herodes
1857 2912 2129 2969 videlicet
2162 2927 2176 2979 ;

518 3001 707 3057 multa
732 3002 892 3057 enim
936 3004 997 3057 in
1045 3001 1375 3069 eum'fecit,
1410 3004 1469 3059 in
1522 3018 1823 3059 carcerem
1864 3002 2034 3058 illum
2089 3003 2179 3058 in-

511 3091 755 3164 jiciens;
787 3093 1001 3150 deinde
1018 3098 1399 3166 amputatum
1426 3100 1607 3167 caput
1638 3092 1850 3149 deferri
1872 3093 2093 3165 jubens
2116 3093 2177 3149 in

515 3182 709 3241 lance.

585 3365 759 3421 Vers.
825 3364 909 3419 12.
939 3366 1028 3420 Ita
1056 3394 1126 3404 —
1151 3365 1226 3420 ab
1256 3365 1356 3420 eis.
1384 3364 1469 3420 Ita
1498 3379 1753 3437 quoque,
1788 3379 1911 3420 non
1972 3362 2178 3435 cogni-

516 3459 610 3510 tus
642 3454 861 3510 scilicet
880 3454 1043 3526 quod
1070 3456 1145 3510 sit
1170 3455 1465 3510 Christus:
1520 3468 1644 3509 non
1670 3454 1945 3523 cognitus
1972 3458 2172 3510 autem

514 3551 758 3616 propter
794 3559 1045 3616 pravam
1094 3549 1358 3600 mentem
1404 3544 1697 3615 ipsorum.
1749 3544 1859 3600 Sed
1903 3559 2172 3616 quonam

514 3633 700 3688 modo
729 3633 849 3697 ﬁet,
892 3639 955 3689 ut
982 3650 1123 3689 cum
1173 3638 1497 3705 praesentes
1531 3633 1756 3689 Hebraei
1786 3633 2016 3690 Christo
2053 3650 2171 3689 non

515 3722 893 3793 crediderint,
939 3723 1043 3794 qui
1073 3727 1215 3778 tunc
1240 3728 1426 3790 erunt,
1481 3722 1725 3779 credant
1779 3723 1914 3778 Elim
1941 3723 1968 3777 ?
2023 3723 2171 3789 Quia

511 3818 845 3882 agnoscunt
864 3828 1022 3879 eum,
1066 3813 1379 3886 sciuntque
1410 3812 1597 3884 deillo
1624 3812 1972 3885 praadixisse
1998 3813 2172 3870 Mala-

513 3901 732 3957 chiam.
767 3901 953 3957 Simul
977 3901 1157 3959 etiam
1188 3907 1309 3958 tam
1348 3902 1600 3973 longum
1628 3908 1861 3976 tempus
1893 3903 2060 3975 quod
2104 3903 2169 3959 in

512 3991 714 4047 medio
778 3991 1108 4057 intercidet,
1158 3997 1437 4064 tantaque
1490 3993 1673 4048 virtus
1709 3992 2166 4066 praedicationis,

512 4080 813 4137 emollierit
836 4081 1113 4137 duritiem
1140 4082 1337 4138 cordis
1371 4098 1602 4137 eorum.

584 4170 751 4228 Vers.
791 4175 873 4227 {3.
929 4173 1192 4228 Tunc—
1223 4172 1325 4229 eis.
1382 4175 1531 4229 Nam
1582 4172 1871 4229 vicesimo
1928 4186 2168 4246 quoque

510 4263 699 4335 capite
752 4262 1110 4335 praedixerat
1160 4262 1246 4318 eis
1284 4264 1353 4329 η,
1403 4261 1569 4334 quod
1597 4261 1695 4319 ille
1734 4263 1809 4321 sit
1846 4262 2001 4320 Elias
2069 4262 2168 4334 qui

509 4357 792 4410 venturus
812 4368 945 4410 esse
982 4352 1215 4409 dicitur.

928 4471 1083 4526 CAP.
1112 4469 1316 4526 XXXV.
1350 4472 1436 4527 De
1474 4471 1749 4527 lunatico.

582 4556 741 4624 Vers.
794 4570 881 4625 14.
925 4570 1001 4625 Et
1032 4600 1101 4609 —
1161 4572 1225 4625 ν.
1258 4570 1339 4625 is.
1385 4570 1714 4641 Afﬂigitur.
1777 4572 1857 4627 De
1903 4570 2166 4629 lunatico

509 4658 856 4731 praedictum
882 4658 1120 4732 quidem
1140 4666 1227 4715 est
1246 4660 1429 4718 modo
1448 4660 1798 4718 naturaliori
1812 4661 2164 4727 insistendo,

509 4753 719 4820 quarto
760 4748 985 4820 capite;
1016 4747 1243 4806 dicetur
1295 4756 1492 4807 autem
1546 4749 1602 4808 et
1631 4767 1789 4807 nunc
1850 4750 2166 4823 perfectius

507 4839 676 4911 quod
718 4839 1066 4895 daemonum
1133 4840 1383 4914 quidam
1450 4841 1816 4910 secedentes,
1872 4840 2167 4898 adversus

506 4930 808 5003 quosdam
837 4931 1115 4988 homines
1150 4935 1391 5006 tempus
1422 4937 1648 4988 certum
1690 4931 1849 4987 lunae
1883 4931 2165 4988 observa-

506 5021 667 5089 bant,
696 5027 753 5079 et
782 5028 918 5079 tunc
948 5022 1241 5080 insultum
1271 5024 1331 5079 in
1357 5021 1491 5079 illos
1545 5022 1862 5088 faciebant,
1898 5029 1962 5079 ut
2016 5024 2165 5080 dum

502 5111 650 5169 luna
680 5112 821 5169 mali
854 5128 1039 5171 causa
1074 5112 1393 5178 videretur,
1427 5113 1557 5184 ejus
1589 5116 1821 5170 creator
1841 5112 2161 5171 calumnias

507 5208 919 5276 exponeretur.

510 5368 511 5373 η
580 5304 629 5341 ³⁸
658 5304 903 5363 Malach.
932 5322 1007 5372 1v,
1029 5305 1085 5371 4,
1114 5304 1170 5360 5.
1249 5304 1295 5340 ¹⁸
1323 5302 1524 5362 Matth.
1542 5319 1624 5371 ιι,
1650 5304 1741 5363 14.
1770 5375 1790 5396 ⁸

2200 4522 2249 4579 D

2305 552 2418 596 της·
2450 543 2543 595 τῆς
2597 531 2844 608 δευτέρας
2896 532 2954 587 δὲ
3005 541 3283 608 γενήσεται
3325 536 3621 613 πρόδρομος
3656 542 3681 593 6
3712 542 3915 607 Ἠλίας

2302 629 2421 691 περὶ
2474 624 2537 684 ἧς
2590 628 2721 694 γησὶ
2770 624 3058 696 Μαλαχίας
3133 627 3158 678 6
3236 634 3529 703 προφήτης·
3611 629 3910 685 Ἀποστελῶ

2304 713 2427 785 ὑμῖρ
2503 713 2703 765 Ἠλίαν
2782 718 2870 766 τόν
2945 715 3208 774 Θεσϐίτην
3242 758 3256 783 ,
3343 719 3401 780 ὃς
3478 718 3910 779 ἀποκαταστήσει

2301 798 2525 874 καρδίαν
2582 808 2777 878 πατρὸς
2833 807 2964 867 παός
3022 807 3150 871 νίόν,
3209 811 3498 876 τουτέστιν,
3553 811 3608 870 ὃς
3663 809 3907 886 ἐπιστρέ-

2298 890 2386 961 ψει
2440 892 2551 963 (50)
2606 896 2700 954 τὰς
2746 890 2973 966 καρδίας
3001 903 3102 946 τῶν
3144 904 3435 954 τηνικαῦτα
3461 895 3733 951 Ἰουδαίπν
3777 903 3908 973 πρὸς

2300 985 2414 1042 τοὺς
2448 980 2793 1049 ἀποστόλους,
2838 983 2973 1037 ὥστε
3026 987 3316 1045 πεισθῆναι
3369 996 3480 1049 ταῖς
3530 984 3910 1050 διδασκαλίαις

2299 1069 2490 1140 αὐτῶν,
2520 1077 2611 1125 καί
2657 1082 2942 1127 πιστεῦσαι
2997 1081 3072 1145 τῷ
3124 1083 3357 1150 Χριστῷ.
3411 1082 3633 1154 Πατέρες
3675 1081 3773 1155 γὰρ
3806 1087 3908 1132 τῶν

2300 1158 2598 1215 ἀποστόλων
2629 1165 2678 1216 οἱ
2706 1160 2974 1219 Ἰουδαῖοι.

2370 1266 2505 1322 Ἀλλ’
2547 1272 2596 1322 οἱ
2651 1276 2995 1346 Γραμματείς,
3045 1278 3137 1336 τὰς
3169 1272 3266 1329 δύο
3306 1282 3397 1327 τοῦ
3431 1282 3669 1349 Χριστοῦ
3710 1294 3910 1352 παρου-

2301 1361 2415 1419 σίας
2454 1358 2527 1421 εἰς
2581 1364 2705 1432 μίαν
2765 1367 3100 1434 συγχέοντες,
3142 1370 3233 1418 καὶ
3283 1368 3377 1424 τήν
3426 1371 3636 1439 πρώτην
3692 1365 3761 1428 εἰς
3814 1370 3910 1425 τήν

2299 1444 2543 1522 δευτέραν
2585 1452 2914 1523 συνάγοντες,
2966 1458 3084 1527 περὶ
3132 1462 3227 1516 τῆς
3276 1451 3522 1530 δευτέρας
3574 1460 3737 1528 μόνης
3791 1452 3909 1509 ἐδί-

2299 1533 2333 1590 δ
2338 1556 2495 1590 ασκον
2526 1542 2613 1591 τὸν
2644 1539 2791 1598 λαόν.
2832 1546 2932 1595 Καὶ
2962 1538 2997 1595 δ
3001 1545 3054 1595 ιὰ
3096 1551 3249 1598 τοῦτο
3288 1548 3375 1597 τόν
3407 1547 3641 1620 Χριστόν
3672 1544 3768 1597 οὐκ
3798 1542 3910 1598 ἐδί-

2296 1647 2477 1699 χοντο,
2509 1627 2753 1700 λέγοντες,
2784 1630 2861 1683 ὁτι
2894 1634 2983 1683 τὸν
3012 1630 3188 1685 Ἠλίαν
3218 1638 3326 1707 χρὴ
3356 1633 3517 1686 ἐλθεῖν
3537 1642 3763 1707 πρῶτον,
3798 1631 3912 1687 εἶτα

2296 1721 2382 1770 τὸν
2412 1722 2662 1792 Χριστόν.
2690 1719 2845 1773 Ἀλλὰ
2878 1729 2967 1773 νῦν
3008 1723 3033 1775 6
3064 1727 3295 1795 Χριστὸς
3336 1720 3587 1777 διδάσκει
3635 1729 3759 1798 περὶ
3806 1732 3910 1777 τῶν

2218 1805 2264 1862 Β
2296 1803 2394 1860 δύο
2426 1816 2620 1881 σαφῶς.
2655 1813 2901 1883 Πρόσχες
2924 1814 3052 1886 γὰρ’

2361 1913 2446 1967 Ὀ
2499 1911 2559 1967 δὲ
2632 1916 2863 1978 Ἰησοῦς
2915 1948 2982 1961 --
3052 1918 3347 1992 ἐπέγνωσαν
3424 1920 3621 1976 αὐτόν.
3701 1922 3714 1945 ’
3748 1921 3914 1985 Ηλίας

2290 2006 2380 2076 μεν
2439 2006 2464 2055 6
2515 2014 2765 2079 πρῶτος,
2839 2012 3022 2079 ἤγουν,
3082 2011 3107 2061 6
3171 2009 3479 2077 Θεσϐίτης,
3540 2013 3682 2063 οὔπω
3735 2009 3911 2071 ἦλθεν

2291 2097 2505 2168 ἔρχεται
2563 2092 2622 2148 δὲ
2678 2100 2813 2149 κατὰ
2855 2102 2951 2156 τήν
3006 2096 3249 2174 δευτέραν
3298 2120 3398 2174 μου
3442 2105 3773 2174 παρουσίαν,
3820 2108 3913 2156 καὶ

2293 2182 2723 2243 ἀποκαταστήσει
2769 2189 2940 2240 πάντα
2991 2191 3079 2241 τόν
3147 2190 3447 2262 πειθόμενον
3505 2190 3668 2261 αύτῷ,
3740 2196 3915 2246 τουτέ-

2294 2292 2427 2339 στιν,
2506 2273 2808 2348 ἐπιστρέψει
2881 2274 3111 2353 καρδίαν
3182 2282 3375 2353 πατρὸς
3438 2282 3571 2355 πρὸς
3638 2281 3782 2352 υἱὸν,
3848 2284 3917 2344 ὡς

2293 2364 2319 2415 6
2372 2370 2633 2437 προφήτης
2686 2365 2971 2438 Μαλαχίας
3025 2372 3157 2441 φησί
3191 2412 3203 2425 .
3270 2373 3420 2440 Λέγω
3491 2366 3550 2422 δὲ
3618 2367 3769 2443 ὑμῖν,
3832 2373 3911 2425 ὃτι

2296 2452 2473 2517 Ἠλίας
2520 2456 2546 2507 ὁ
2603 2452 2866 2529 δεύτερος,
2923 2456 3107 2526 εἶτουν,
3163 2460 3188 2510 6
3245 2462 3565 2526 Βαπτιστής,
3625 2457 3741 2519 ήδη
3784 2460 3911 2519 ἦλθε

2290 2546 2425 2597 κατὰ
2475 2548 2569 2603 τήν
2626 2551 2835 2621 πρώτην
2885 2566 2985 2619 μου
3053 2550 3248 2606 ταύτην
3322 2552 3617 2625 παρουσίαν
3646 2593 3665 2619 ,
3733 2553 3800 2611 ὡς
3854 2552 3909 2604 αἱ

2292 2638 2493 2707 Γραφαί
2541 2653 2689 2707 φασι.
2749 2639 2848 2687 Καὶ
2914 2636 3008 2689 οὐκ
3075 2635 3370 2711 ἐπέγνωσαν
3428 2640 3477 2690 οἱ
3542 2644 3904 2714 Γραμματεῖς,

2290 2725 2370 2775 ὅτι
2422 2724 2511 2775 καί
2570 2724 2716 2786 οὗτος
2768 2724 2956 2787 ἸΙλίας
3008 2725 3189 2795 ἐστὶν,
3249 2725 3334 2780 οἶα
3380 2724 3689 2801 πρόδρομος
3724 2747 3737 2760 ·
3814 2730 3908 2783 οὐκ

2289 2812 2585 2884 ἐπέγνωσαν
2663 2811 2722 2867 δέ
2802 2816 3003 2885 αὑτὸν,
3086 2819 3158 2879 ὡς
3244 2826 3420 2881 κακῶς
3497 2824 3743 2883 νοοῦντες
3818 2824 3910 2883 τὰς

2289 2905 2515 2977 Γραφάς.

2357 2992 2490 3045 Ἀλλ’
2543 3023 2610 3034 --
2657 2992 2943 3053 ἠθέλησαν,
3010 2997 3077 3048 Οἱ
3144 3000 3261 3071 περὶ
3333 2999 3420 3049 τὸν
3475 2992 3728 3073 Ἡρώδην
3810 2994 3907 3059 δη-

2287 3081 2477 3134 λονότι·
2533 3082 2695 3135 πολλὰ
2759 3086 2859 3157 γὰρ
2909 3083 2981 3146 εἰς
3030 3084 3185 3137 αὐτόν
3252 3084 3527 3155 ἐποίησαν,
3588 3084 3903 3161 ἐμϐαλόντες

2221 3164 2262 3223 C
2289 3170 2358 3233 εἰς
2385 3170 2636 3244 φυλακήν,
2679 3172 3169 3247 ἀποκεφαλίσαντες,
3205 3173 3487 3247 ἐνεγκόντες
3522 3179 3617 3235 τήν
3672 3178 3899 3251 κεφαλὴν

2288 3260 2448 3314 αὐτοῦ
2488 3260 2572 3315 ἐπὶ
2600 3266 2839 3325 πίνακος.

2361 3351 2536 3413 Οὕτως
2584 3382 2654 3394 -
2711 3352 2797 3405 ὑπ’
2848 3352 3039 3409 αὐτῶν.
3071 3354 3224 3407 Οὕτω
3254 3359 3339 3408 καὶ
3391 3352 3566 3424 αὐτὸς,
3605 3352 3896 3431 ἀγνοούμε-

2285 3459 2389 3511 νος,
2443 3443 2523 3493 ὅτι
2567 3443 2593 3494 ὁ
2641 3447 2868 3516 Χριστός
2916 3441 3077 3496 ἐστιν’
3138 3443 3477 3519 ἀγνοούμενος
3534 3442 3594 3498 δι
3655 3443 3751 3500 διὰ
3801 3451 3895 3507 τὴν

2283 3536 2556 3584 κακόνοιαν
2614 3532 2800 3586 αὐτῶν.
2865 3532 3019 3585 Ἀλλά
3072 3542 3197 3600 πῶς,
3242 3542 3341 3586 τῶν
3378 3541 3466 3586 νῦν
3507 3533 3765 3607 Ἑϐραίων
3818 3540 3891 3608 μή

2282 3623 2671 3675 πιστευσάντων
2714 3630 2786 3692 τῷ
2834 3629 3068 3696 Χριστῷ,
3102 3624 3150 3674 οἱ
3198 3626 3313 3675 τότε
3354 3630 3426 3694 τῷ
3475 3622 3627 3694 Ἠλίᾳ
3666 3626 3892 3683 πεισθή-

2284 3729 2509 3781 σονται;
2569 3715 2713 3764 Διότι
2772 3712 3120 3785 γνωρίζουσιν
3172 3711 3348 3780 αὑτὸν,
3386 3716 3476 3764 καὶ
3509 3717 3889 3782 γινώσκουσιν,

2282 3801 2308 3853 6
2345 3805 2462 3873 περὶ
2506 3800 2663 3853 αὐτοῦ
2709 3808 2945 3875 προεῖπεν
2976 3802 3002 3852 6
3036 3799 3334 3872 Μαλαχίαςο
3364 3799 3475 3873 ἅμα
3504 3796 3563 3852 δε
3592 3803 3684 3851 καὶ
3737 3801 3762 3853 6
3808 3820 3890 3854 το-

2284 3898 2469 3952 σοῦτος
2522 3889 2569 3942 ἐν
2626 3898 2698 3961 τῷ
2748 3895 2890 3964 μέσῳ
2942 3894 3151 3966 χρόνος,
3201 3895 3290 3943 καὶ
3346 3892 3377 3950 ἡ
3437 3891 3737 3963 τημικαύτη
3794 3897 3886 3943 τοῦ

2279 3983 2615 4055 κηρύγματος
2664 3977 2908 4055 δύναμις,
2968 3980 3264 4054 μαλάξουσι
3307 3984 3400 4040 τήν
3461 3975 3888 4055 σκληροκαρδίαν

2280 4074 2445 4123 αὐτῶν
2454 4114 2466 4127 .

2350 4183 2477 4232 Τότε
2537 4210 2606 4220 -
2658 4178 2854 4241 αὐτοῖς.
2920 4183 3141 4253 Προεῖπε
3183 4178 3285 4253 γὰρ
3345 4177 3520 4239 αὐτοῖς
3572 4180 3661 4229 καὶ
3718 4174 3769 4230 ἐν
3817 4183 3891 4250 τῷ

2279 4267 2499 4340 εἰκόστῷ
2557 4268 2837 4343 κεφαλαίῳ,
2892 4270 2972 4321 ὅτι
3027 4268 3182 4330 αὐτὸς
3229 4267 3366 4321 ἐστιν
3399 4266 3578 4328 Ἠλίας
3620 4266 3646 4318 6
3694 4264 3889 4338 μέλλων

2278 4359 2554 4435 ἔρχεσθαι.

2531 4492 2682 4541 ΚΕΦ.
2731 4484 2853 4542 ΛΕ’.
2889 4489 3013 4559 Περὶ
3042 4504 3133 4537 του
3169 4480 3630 4557 σεληνιαζομένου.

2354 4578 2555 4628 Καὶ-
2598 4577 2819 4647 πάσχει.
2862 4579 2987 4650 Περὶ
3033 4581 3125 4627 τοῦ
3179 4573 3536 4647 σεληνιασμοῡ
3584 4575 3894 4646 προείρηται

2278 4669 2367 4739 μὲν
2441 4670 2531 4717 καὶ
2607 4663 2655 4716 ἐν
2716 4673 2789 4735 τῷ
2873 4666 3101 4739 τετάρτῳ
3168 4662 3429 4735 κεφαλαίῳ
3506 4661 3895 4735 φυσιολογικώ-

2277 4775 2439 4830 τερον·
2501 4755 2798 4830 ῥηθήσεται
2864 4750 2923 4807 δε
2972 4758 3059 4806 καὶ
3115 4760 3202 4805 νῦν
3236 4751 3619 4828 ἀκριϐέστερον,
3662 4751 3742 4803 ὃτι
3791 4759 3894 4802 τῶν

2279 4842 2539 4919 δαιμόνων
2570 4847 2700 4897 τινὶν
2726 4846 3201 4920 παραχωρούμενοι
3251 4843 3365 4913 (51)
3415 4842 3551 4895 κατά
3598 4860 3749 4892 τινων
3806 4837 3892 4892 ἀν-

2279 4937 2515 5009 θρώπων,
2562 4933 2841 5008 ἐπετήρουν
2867 4936 3048 5008 καιρόν
3086 4952 3201 4985 τινα
3245 4940 3337 4994 τῆς
3369 4930 3612 4997 σελήνης,
3644 4933 3735 4982 καὶ
3770 4933 3893 4983 τότε

2275 5029 2481 5090 τούτοις
2505 5021 2800 5090 ἐπεπήδων,
2827 5027 2932 5095 ἵνα,
2960 5026 3025 5085 ὡς
3046 5030 3141 5086 τῆς
3166 5021 3379 5083 σελήνης
3400 5025 3575 5084 αἰτίας
3603 5016 3894 5091 δοκούσης,

2276 5118 2301 5170 6
2337 5118 2666 5192 Δημιουργὸς
2696 5114 2855 5177 αὐτῆς
2901 5110 3243 5175 διαϐάληται.

1699 5432 1926 5504 Variae
1959 5434 2293 5506 lectiones
2342 5443 2409 5505 et
2443 5440 2647 5504 notae.

583 5554 695 5647 (50)
730 5574 818 5635 Uti
843 5576 1093 5649 explicat
1115 5579 1250 5637 Luc.
1275 5596 1314 5646 ι,
1348 5580 1443 5637 17.

539 5650 697 5718 ,(51)
756 5655 1099 5730 Παραχωρεῑν
1175 5667 1335 5730 n_unc
1414 5667 1531 5730 non
1585 5654 1684 5730 est
1723 5650 2003 5730 secedere;
2058 5652 2171 5730 sed

509 5732 815 5791 erumpere
834 5720 1146 5777 in’co‘ntra.
1190 5720 1490 5795 Chryspst.
1520 5728 1554 5780 t.
1601 5722 1708 5791 VII,
1734 5738 1794 5795 p.
1825 5722 1929 5779 579
1962 5725 2027 5792 E,
2058 5725 2171 5783 ha-

2276 5579 2376 5667 bet
2401 5574 2746 5636 ἐπιτίθεσθαι.
2777 5572 2949 5633 Forte
2980 5575 3182 5633 tamen
3207 5572 3345 5647 quis
3376 5569 3657 5631 maluerit
3676 5588 3900 5649 προχω-

2278 5671 2537 5729 ρουμενοι.
