4178 6374
228 340 332 396 489

1213 335 1583 392 CUMMENT.
1628 332 1696 389 ΙΝ
1738 330 2180 389 ΜΑΤΤΗίΕυΜ.
2224 355 2290 370 -ι
2329 329 2486 385 CAP.
2530 326 2695 387 XVII.

3520 326 3625 391 490

300 476 558 540 Πολλάκις
612 472 878 551 -ὗδωρ,
933 474 1115 541 Ὥστε,
1148 472 1194 527 εἰ
1234 476 1305 546 μὴ
1360 474 1453 523 καὶ
1508 470 1625 521 τότε
1676 468 1708 525 ἠ
1740 470 1833 517 τοῦ

2025 455 2189 512 Vers.
2245 459 2331 511 15.
2382 456 2835 528 Frequenter—
2865 469 3092 528 aquam.
3154 456 3362 528 Itaque
3416 460 3620 516 sinon

231 569 364 615 θεοῦ
395 562 619 640 δύναμις
657 571 744 620 τὸν
796 563 1026 639 δαίμονα
1074 562 1395 635 ἀνεχαίτιζε,
1448 557 1609 612 πάλαι
1659 554 1719 608 ἆν
1750 553 1840 607 αὐ-

229 656 314 704 τὸν
372 650 652 733 διέφθειρε.
721 658 933 730 Μάρκος
991 651 1052 707 δέ
1103 672 1281 725 φησιν,
1344 651 1425 704 ὃτι
1461 651 1520 700 τὸ
1586 647 1636 699 ἐν
1696 644 1838 713 αὐτῷ

231 738 502 815 δαιμόνιον
537 744 724 798 ἄλαλον
770 741 831 803 ἦν
861 748 951 797 καὶ
980 748 1149 815 κωφόν
1188 758 1202 773 ⁸
1241 740 1347 813 οὐχ
1392 741 1462 801 ὡς
1492 740 1646 810 φύσει
1672 740 1840 789 τοιοῦ-

231 852 332 899 τον,
366 833 475 885 ἀλλ’
524 837 593 896 ὡς
628 830 907 907 δεσμῆσαν
950 838 1045 893 τὴν
1072 840 1164 885 τοῦ
1205 828 1640 904 δαιμονιζομένου
1670 827 1839 899 φωνήν

233 927 319 974 καὶ
347 921 529 981 ἀκοήν.

307 1018 407 1066 Καὶ
462 1042 532 1054 -ο
589 1014 928 1088 θεραπεῦσαι.
1016 1012 1128 1065 Οὐκ
1205 1007 1551 1071 ἠδυνήθησαν
1602 1002 1698 1059 διά
1746 1007 1840 1061 τὴν

238 1102 487 1155 ἀπιστίαν
539 1110 633 1156 τοῦ
691 1106 1142 1178 προσαγαγόντος.
1191 1101 1381 1174 Εἱογάρ
1428 1102 1519 1150 καὶ
1566 1098 1843 1170 προσήγα-

234 1210 316 1264 γεν
375 1193 552 1259 αὐτόν,
616 1191 721 1245 ἀλλ’
799 1192 893 1245 οὐκ
951 1190 1252 1245 ἐπίστευσεν
1315 1190 1427 1262 (52)
1488 1184 1839 1249 ἀδιστάκτως,

237 1284 312 1335 ὅτι
361 1278 611 1335 δύνανται
662 1285 748 1335 τὸν
829 1278 1059 1354 δαίμονα
1126 1276 1486 1354 φυγαδεῦσαι.
1564 1283 1729 1330 Τοῦτο
1783 1270 1843 1326 δε

241 1376 448 1446 φανερὸν
501 1371 604 1424 ἀπὸ
660 1390 714 1425 τε
767 1378 859 1424 τοῦ
919 1369 1077 1424 εἰπεῖν
1134 1373 1221 1423 τὸν
1279 1371 1529 1444 Χριστόνο
1583 1365 1655 1417 Ὦ
1695 1364 1844 1436 γενιά

240 1463 458 1525 ἄπιστος
489 1480 501 1491 ·

244 1555 298 1605 Εἰ
351 1528 402 1604 τί
478 1549 727 1621 δύνασαι,

555 1460 658 1514 ἀπὸ
690 1481 742 1515 τε
772 1469 863 1515 τοῦ
904 1460 1061 1514 εἰπεῖν
1093 1456 1243 1522 αὖθις
1273 1463 1359 1513 τὸν
1390 1458 1794 1534 προσαγαγόντα
1824 1471 1837 1486 ·

823 1550 1093 1624 βοήθησον
1178 1550 1302 1621 ἡμῖν
1408 1550 1499 1599 καὶ
1572 1544 1675 1599 ἀπὸ
1750 1549 1841 1595 τοῦ

242 1643 498 1715 ἐρωτῆσαι
555 1646 643 1695 τὸν
700 1646 946 1717 Χριστόν·
1009 1640 1070 1695 Εἰ
1118 1637 1346 1693 δύνασαι
1395 1644 1699 1691 πιστεῦσαι.
1751 1636 1842 1686 καὶ

245 1732 342 1785 ἀπὸ
421 1740 511 1785 τοῦ
604 1731 951 1806 ἀποκριθῆναι
1031 1730 1186 1783 αὐτόν
1251 1743 1265 1757 ⁸
1326 1730 1584 1793 Πιστεύω,
1664 1727 1841 1798 Κύριε,

1950 545 2131 600 etiam
2189 548 2331 600 tunc
2406 545 2509 601 Dei
2563 546 2747 602 virtus
2811 546 3153 601 daemonem
3224 546 3617 614 cohibuisset,

1943 633 2310 705 jamdudum
2337 648 2472 689 eum
2501 634 2878 706 perdidisset.
2899 637 3127 691 Marcus
3150 639 3351 692 autem
3377 637 3519 693 dicit
3544 639 3616 708 η,

1948 723 2117 796 quod
2155 723 2547 791 daemonium,
2597 724 2765 797 quod
2806 725 2867 780 in
2897 740 2969 781 eo
3014 727 3163 790 erat,
3195 731 3433 783 mutum
3493 733 3619 785 erat

1952 827 2023 867 ac
2057 813 2310 868 surdum
2356 828 2479 868 non
2540 814 2706 885 quod
2762 820 2981 870 natura
3036 818 3189 870 esset
3236 814 3612 886 hujusmodi,

1953 900 2059 957 sed
2091 902 2232 974 quia
2260 900 2619 959 dtemoniaci
2660 918 2869 960 vocem
2911 903 3203 974 ligaverat
3232 909 3290 961 et
3313 905 3613 962 auditum.

2022 991 2185 1047 Vers.
2221 992 2305 1047 16.
2350 992 2429 1047 Et
2461 1023 2529 1031 —
2554 1008 2785 1049 curare.
2837 992 2967 1049 Non
3021 998 3343 1065 potuerunt
3372 1000 3616 1068 propter

1951 1078 2253 1137 offerentis
2273 1080 2771 1138 incredulitatem.
2807 1082 2963 1138 Licet
2988 1082 3150 1139 enim
3181 1099 3322 1140 eum
3350 1083 3612 1141 adduxe-

1951 1172 2063 1239 rat,
2089 1186 2208 1226 non
2233 1174 2433 1227 tamen
2448 1170 2853 1228 indubitanter
2874 1170 3172 1239 credebat,
3202 1173 3369 1246 quod
3388 1172 3613 1231 daemo-

1953 1272 2092 1314 nem
2126 1258 2336 1330 fugare
2364 1265 2632 1331 possent.
2681 1262 2798 1315 Hoc
2823 1266 3024 1317 autem
3054 1265 3110 1317 et
3144 1276 3214 1317 ex
3260 1278 3332 1318 eo
3358 1263 3611 1319 manife-

1953 1350 2111 1403 stum
2142 1354 2248 1413 est,
2280 1347 2445 1421 quod
2477 1348 2627 1405 dixit
2654 1348 2921 1405 Christus
2956 1366 2968 1404 :
2999 1350 3053 1429 K0
3095 1351 3397 1420 generatio
3422 1352 3616 1408 incre-

1952 1435 2093 1491 dula
2121 1454 2135 1504 ;
2168 1442 2225 1494 et
2275 1453 2485 1494 rursus
2519 1438 2598 1495 ab
2628 1454 2700 1494 eo
2757 1438 2923 1512 quod
2952 1438 3103 1519 dixit
3146 1438 3455 1495 adducens
3499 1457 3512 1495 :
3546 1442 3615 1498 Si

1954 1527 2099 1601 quid
2147 1534 2307 1598 potes
2358 1526 2580 1596 adjuva
2628 1543 2731 1583 nos
2780 1543 2899 1593 ;ex
2943 1543 3013 1584 eo
3068 1527 3235 1600 quod
3284 1528 3613 1600 interroga-

1952 1617 2035 1673 vit
2081 1616 2346 1671 Christus
2400 1633 2413 1671 :
2469 1615 2535 1671 Si
2578 1621 2741 1686 potes
2786 1616 3028 1673 credere
3060 1632 3074 1684 ;
3106 1622 3164 1672 et
3188 1618 3402 1674 iterum
3434 1618 3511 1674 ab
3542 1635 3613 1676 eo

1953 1704 2114 1780 quod
2161 1706 2289 1776 ipse
2342 1705 2658 1777 respondit
2707 1722 2720 1761 :
2766 1704 2946 1761 Credo
2997 1706 3270 1773 Domine,
3321 1709 3615 1766 auxiliare

245 1822 425 1896 βοήθει
482 1842 583 1895 μου
629 1829 693 1895 τῇ
764 1820 1005 1895 ἀπιστίᾳ.
1062 1827 1241 1874 Ταῦτα
1290 1820 1393 1892 γὰρ
1448 1816 1765 1890 πλατύτερον
1817 1813 1843 1866 ὁ

1973 1794 2356 1853 ἷηονείίιιιίιαιί
2380 1811 2531 1849 mere.
2558 1797 2707 1849 Nam
2723 1793 2852 1850 hac
2881 1793 3065 1850 latius
3096 1795 3333 1867 scripsit
3363 1799 3613 1853 Marcus.

244 1915 451 1984 Μάρκος
476 1913 780 1987 ἱστόρησεν.

740 2031 810 2041 -
900 1996 1311 2075 διεστραμμένη.
1428 1994 1845 2069 Καθολικὼτερον

243 2090 563 2157 ἐπιπλήττει,
627 2087 721 2144 διὰ
790 2093 850 2143 τὸ
902 2089 1117 2151 πολλοὺς
1167 2097 1265 2143 τῶν
1334 2083 1604 2142 Ἰουδαίων
1655 2087 1845 2158 ὁμοίως

842 2185 1007 2253 μυρία
1070 2186 1288 2232 τοιαῦνα
1361 2179 1728 2249 θεασαμένους,
1788 2172 1846 2226 οὐ

248 2267 320 2323 δι’
354 2271 515 2323 αὐτοῦ
562 2274 730 2342 μόνον,
776 2268 904 2323 ἀλλά
950 2273 1039 2322 καὶ
1090 2266 1185 2322 διὰ
1212 2276 1312 2321 τῶν
1340 2269 1587 2340 μαθητῶν
1619 2268 1850 2337 θαυματ-

316 2002 641 2075 Ἀποκριθεὶς

245 2180 502 2253 ἀπιστεῖν3
587 2181 759 2233 καίτοι

248 2363 585 2435 ουργηθέντα.
642 2362 1032 2434 Διεστραμμένη
1089 2355 1170 2425 δέ,
1217 2358 1332 2411 ἀντὶ
1374 2365 1486 2413 τοῦ.
1536 2355 1743 2422 σκολιὰ,
1775 2358 1846 2427 μὴ

245 2459 397 2503 νοοῡο
410 2470 441 2502 α
466 2453 525 2502 τὸ
556 2450 713 2511 εὖθές.

314 2538 443 2603 Ἐως
492 2570 561 2581 -ι-
611 2542 753 2613 ὑμών
805 2554 817 2607 ;
880 2539 1206 2612 Ἀγανακτεῖ,
1256 2542 1346 2591 καὶ
1402 2538 1550 2599 ζητεῖ
1610 2539 1697 2589 τὸν
1764 2535 1853 2587 θα·

500 2630 618 2702 (53)
696 2626 791 2682 διά
866 2632 925 2682 τὸ

248 2719 518 2774 ἀπιστίαν.

240 2650 415 2695 νατον,
500 2630 618 2695 (53)
696 2626 791 2682 διά
866 2632 925 2682 τὸ
1022 2624 1152 2682 εἶναι
1205 2628 1391 2689 αὐτοὺς
1452 2628 1697 2688 ἀνιάτους
1758 2627 1852 2683 τὴν

320 2814 497 2885 Φέρετε
541 2839 610 2849 -
649 2804 771 2864 ὧδε.
827 2806 938 2860 Ἵνα
966 2812 1037 2881 μὴ
1091 2803 1220 2880 δόξῃ
1270 2812 1361 2860 καὶ
1408 2807 1562 2869 αὐτὸς
1610 2806 1851 2875 ἀσθενὴς,

244 2899 481 2952 ἐκϐάλλει
528 2903 586 2951 τὸ
637 2895 909 2970 δαιμόνιον
970 2898 1212 2969 ’Ᾱγαγείν
1265 2895 1325 2950 δε
1383 2900 1471 2950 τὸν
1528 2893 1856 2969 δαιμονῶντα

238 2990 460 3053 κελεύει,
518 2993 599 3041 ἶνα
656 2991 846 3061 φανερὰ
891 2989 922 3046 ἡ
984 2983 1204 3060 δύναμις
1260 2987 1421 3041 αὐτοῦ
1479 2992 1693 3059 γένηται
1744 2991 1856 3047 τοῖς

238 3080 483 3133 ἀσθενεῖν
510 3084 600 3131 καὶ
634 3078 785 3130 αὐτὸν
816 3077 1087 3150 οἰομένοις.

311 3318 418 3368 Καὶ
480 3344 549 3351 -
580 3314 807 3373 Ἰησοῦς.
865 3310 1126 3373 Ἐπέταξε.
1177 3311 1391 3386 Μάρκος
1442 3306 1501 3363 δὲ
1540 3314 1629 3361 καὶ
1658 3314 1856 3369 Λουκᾶς

229 3422 419 3475 φασιν,
484 3404 565 3453 ὅτι
640 3400 919 3466 ἐπετιμησε
984 3408 1057 3471 τῷ
1114 3402 1369 3472 πνεύματι
1425 3408 1497 3471 τῷ
1555 3398 1855 3471 ἀκαθάρτῳ,

231 3498 337 3546 Καὶ
382 3491 696 3564 ἀμφοτέροις
739 3493 841 3563 γὰρ
903 3488 1133 3559 ἐπέταξε,
1189 3498 1261 3561 τῷ
1320 3485 1737 3562 δαιμονιζομένῳ
1767 3490 1857 3561 μὲν

230 3588 551 3654 σωφρονεῖν,
582 3588 652 3651 τῷ
683 3576 897 3653 δαίμονι
925 3575 985 3632 δὲ
1015 3586 1212 3651 φυγεῖν.

2026 1888 2185 1941 Vers.
2248 1889 2331 1939 l7.
2393 1883 2763 1953 Respondens
2816 1914 2885 1924 —
2936 1883 3208 1941 distorta.
3263 1884 3612 1942 Geueralius

1955 1976 2223 2047 increpat
2252 1977 2494 2045 propter
2518 1972 2762 2029 Judaeos
2788 1973 3090 2045 quosdam
3122 1972 3394 2030 similiter
3423 1975 3615 2031 incre-

1956 2064 2155 2131 dulos,
2182 2063 2317 2119 licet
2343 2063 2665 2118 innumera
2725 2061 3083 2133 hujusmodi
3132 2064 3611 2136 conspexissent,

1956 2170 2080 2211 non
2110 2169 2215 2225 per
2245 2153 2447 2224 ipsum
2477 2155 2728 2217 tantum,
2767 2151 2873 2207 sed
2890 2157 2946 2208 et
2973 2167 3080 2224 per
3108 2152 3440 2227 discipulos
3460 2154 3619 2212 facta

1958 2242 2269 2302 miracula.
2325 2243 2578 2300 Dislorta
2629 2247 2854 2308 autem,
2908 2241 2971 2299 id
2999 2246 3089 2299 est
3141 2249 3434 2315 tortuosa,
3493 2260 3618 2304 non

1958 2338 2118 2391 recte
2154 2329 2508 2402 intelligens.

2033 2512 2194 2568 Vers.
2222 2512 2307 2568 l7.
2344 2512 2650 2582 Quousque
2676 2541 2743 2550 —
2770 2526 2868 2567 vos
2907 2508 2935 2566 τ
2970 2510 3338 2582 Indignatur,
3370 2516 3428 2569 et
3464 2528 3623 2570 mor-

1964 2606 2082 2658 tem
2111 2601 2348 2675 quaerit,
2395 2616 2463 2656 eo
2500 2599 2667 2673 quod
2700 2604 2898 2656 essent
2940 2599 3055 2672 ipsi
3107 2600 3457 2658 inﬁdelitate
3512 2601 3623 2660 im-

1963 2690 2369 2747 medicabiles.

2034 2780 2201 2836 Vers.
2243 2779 2335 2837 17.
2361 2779 2677 2849 A/ferte—
2708 2777 2835 2833 huc.
2868 2781 2950 2835 Ne
2997 2778 3128 2851 ipse
3156 2794 3401 2852 quoque
3427 2779 3621 2854 impo-

1964 2874 2095 2927 tens
2149 2868 2434 2931 videatur,
2500 2868 2662 2939 ejicit
2736 2867 3124 2925 daamonium.
3177 2868 3355 2925 Jubet
3420 2876 3625 2927 autem

1964 2959 2184 3019 adduci
2199 2959 2667 3026 deemoniacum,
2688 2962 2749 3014 ut
2769 2958 3092 3015 manifesta
3109 2959 3218 3016 ﬁat
3232 2976 3343 3017 sua
3362 2960 3630 3032 potentia

1963 3051 2058 3107 his
2078 3049 2182 3122 qui
2209 3049 2390 3105 etiam
2412 3048 2614 3120 ipsum
2657 3046 3046 3118 impotentem
3073 3064 3204 3105 esse
3234 3049 3553 3121 putabant.

1894 3168 1933 3225 ρ
2036 3139 2200 3196 Vers.
2226 3138 2314 3193 -l8.
2340 3138 2421 3195 Ει
2448 3168 2514 3179 -
2538 3138 2704 3194 Jesus
2753 3139 2872 3194 Hoc
2902 3142 3010 3205 est,
3065 3139 3367 3211 praecepit.
3401 3142 3630 3197 Marcus

1966 3234 2168 3287 autem
2194 3232 2252 3283 et
2272 3229 2459 3284 Lucas
2477 3226 2706 3292 dicunt,
2730 3226 2889 3298 quod
2917 3226 3236 3300 imperavit
3272 3228 3503 3300 spiritui
3521 3228 3631 3284 im-

1966 3318 2197 3376 mundo
2215 3319 2282 3372 ¹⁷.
2301 3316 2608 3387 Siquidem
2627 3316 2862 3388 utrique
2884 3315 3204 3387 imperavit
3226 3337 3238 3370 :
3259 3316 3631 3375 daemoniaco

1967 3410 2213 3483 quidem
2240 3413 2304 3464 ut
2330 3408 2721 3479 resipisceret,
2753 3406 3012 3463 daemoni
3028 3423 3167 3463 vero
3189 3408 3513 3478 utfugeret.
3533 3408 3633 3464 Hic

1969 3498 2128 3555 enim
2162 3498 2414 3552 verbum
2438 3496 2721 3568 ἐπετίμησε
2765 3495 2926 3552 idem
2969 3496 3263 3568 significat
3287 3498 3452 3569 quod
3474 3513 3635 3567 prx-

1969 3587 2109 3660 cepit
2134 3587 2248 3659 (/f).

307 3676 411 3724 Καὶ
476 3701 547 3710 -
598 3667 803 3729 ἐκείνης.
881 3675 1062 3721 Ταῦτα
1136 3671 1227 3741 μὲν
1303 3676 1466 3741 σαφῆ.
1532 3672 1747 3742 Δαίμονι
1802 3663 1861 3720 δὲ

225 3759 414 3813 ἀλάλω

2043 3679 2200 3733 Vers.
2235 3678 2317 3732 t8.
2357 3676 2437 3731 Et
2468 3704 2530 3716 —
2556 3673 2685 3730 illa.
2722 3676 2855 3730 Haec
2912 3680 3067 3731 certe
3115 3675 3437 3732 manifesta
3475 3678 3633 3732 sunt.

1975 3768 2188 3824 Verum
2218 3782 2255 3821 a
2283 3765 2555 3821 daemone
2587 3780 2829 3837 quoque
2864 3770 3029 3821 muto
3058 3768 3114 3820 et
3144 3765 3330 3823 surdo
3374 3765 3635 3838 posside-

1974 3861 2087 3922 tur,
2133 3855 2401 3928 quisquis
2444 3869 2567 3910 non
2604 3855 2870 3926 loquitur
2932 3870 3128 3927 neque
3179 3854 3346 3913 audit
3398 3854 3638 3911 divinos

1974 3960 2300 4003 sermones.
2354 3941 2524 3999 Hunc
2582 3948 2782 3998 autem
2815 3943 3049 4015 projicit
3092 3942 3510 4004 dmmonium:
3554 3945 3640 4001 in-

1973 4036 2211 4092 terdum
2252 4032 2501 4107 quidem
2530 4031 2589 4088 in
2618 4032 2821 4104 ignem
2853 4031 2955 4088 iraa
3009 4037 3066 4089 et
3120 4034 3638 4106 concupiscentiae,

1973 4123 2276 4182 interdum
2333 4138 2477 4179 vero
2528 4123 2589 4178 in
2647 4138 2872 4194 aquam
2922 4123 3348 4181 commotionis
3382 4123 3641 4182 aliarum

1977 4213 2389 4273 aﬂ'ectionum.

2047 4302 2212 4359 Vers.
2250 4303 2333 4357 19.
2364 4302 2516 4357 Tunc
2541 4330 2613 4341 —
2636 4300 2798 4356 Vers.
2826 4304 2915 4357 '20.
2946 4307 3219 4358 vestram.
3248 4303 3476 4358 Marcus
3499 4314 3642 4358 vero

1976 4391 2126 4449 dixit
2142 4392 2209 4456 ¹³,
2228 4390 2389 4463 quod
2404 4407 2544 4445 cum
2558 4390 2687 4461 ipse
2711 4390 2963 4445 domum
2981 4390 3283 4461 ingressus
3297 4396 3454 4447 esset
3470 4393 3645 4447 inter-

1977 4484 2357 4553 rogaverunt.
2380 4479 2755 4550 lnterrogant
2771 4486 2985 4545 autem,
3003 4477 3268 4536 timentes
3284 4498 3351 4537 ne
3366 4480 3647 4553 forteper-

1978 4571 2236 4629 diderint
2250 4585 2427 4641 quam
2444 4572 2801 4639 acceperant
2814 4570 3077 4624 virtutem
3094 4569 3387 4626 adversus
3401 4571 3646 4643 spiritus

1978 4658 2345 4717 immundos.
2363 4657 2582 4713 Verum
2596 4658 2857 4714 Christus
2870 4674 3061 4713 coram
3076 4659 3448 4716 multitudine
3462 4660 3649 4716 incre-

1980 4751 2287 4807 dulitatem
2299 4748 2597 4803 offerentis
2611 4764 2719 4821 pro
2733 4764 2915 4803 causa
2926 4748 3400 4805 redditzseorsim
3416 4766 3553 4807 vero
3565 4747 3651 4806 di-

1980 4839 2281 4913 scipuloru
2294 4856 2341 4892 m
2356 4844 2651 4909 causatur,
2667 4835 2943 4894 increduli
2956 4843 3141 4894 tatem.
3158 4840 3374 4895 Etenim
3402 4839 3464 4896 hi
3481 4839 3650 4897 etiam

1984 4930 2342 5003 priusquam
2367 4926 2855 4999 aggrederentur,
2880 4926 3253 4997 difﬁdebant,
3278 4946 3340 4986 se
3366 4945 3547 5002 posse
3566 4929 3651 4986 la-

495 3762 586 3811 καὶ
674 3766 831 3832 κωφῷ
909 3762 1193 3831 κατέχεται
1280 3761 1368 3810 καὶ
1442 3764 1545 3820 πᾶς
1633 3758 1659 3809 ὁ
1735 3760 1863 3830 μήτε

1535 3847 1726 3902 Ῥίπτει
1804 3843 1837 3899 δ
1840 3848 1863 3899 ι

223 3944 428 3992 τοῦτον
483 3940 509 3989 ὁ
571 3934 776 4009 δαίμων
838 3939 963 3991 ποτε
1020 3939 1110 4010 μεν
1160 3936 1232 4001 εἰς
1280 3940 1339 3991 τὸ
1394 3945 1495 4011 πῦρ
1553 3945 1643 3991 τοῦ
1694 3940 1861 4010 θυμοῦ

223 4033 323 4082 καὶ
372 4038 475 4089 τῆς
530 4026 824 4101 ἐπιθυμίας,
882 4029 1004 4080 ποτε
1063 4021 1122 4080 δὲ
1166 4026 1239 4089 εἰς
1294 4031 1353 4080 τὸ
1385 4024 1530 4103 ὕδωρ
1583 4035 1673 4089 τῆς
1701 4026 1864 4090 ζάλης

222 4129 331 4173 τῶν
366 4118 550 4172 ἄλλων
590 4116 788 4175 παθῶν,

224 3850 401 3921 λέγων
461 3854 595 3921 μήτε
682 3846 881 3901 ἀκούων
953 3850 1020 3901 τὰ
1098 3849 1209 3900 θεῖα
1281 3848 1454 3920 λόγια.

296 4303 446 4353 Τότε
485 4326 558 4336 -
607 4296 769 4368 ὑμῶν.
830 4297 1044 4369 Μάρκος
1103 4289 1163 4349 δέ
1210 4315 1390 4368 φησιν,
1448 4296 1529 4350 ὅτι
1572 4296 1867 4350 εισελθόντα

223 4390 392 4441 αὐτὸν
446 4386 523 4447 εἰς
566 4383 703 4438 οἶκοι
754 4383 1126 4460 ἐπηρώτησαν.
1215 4386 1483 4460 Ἐρωτῶσι
1541 4383 1618 4453 δὲ,
1676 4386 1865 4460 φοϐού-

222 4497 400 4551 μενοι,
464 4480 675 4549 μήποτε
729 4473 998 4527 ἀπώλεσαν
1078 4478 1140 4533 ἤν
1196 4474 1374 4527 ὒαϐον
1430 4476 1670 4540 ἐξουσίαν
1732 4481 1867 4531 κατά

224 4526 400 4551 rw",
768 4526 773 4527 γ
1095 4526 1105 4533 -
1300 4526 1337 4527 η

224 4570 560 4641 πνευμάτων
618 4563 941 4637 ἀκαθάρτων.
996 4564 1056 4617 Ὀ
1114 4560 1173 4617 δὲ
1226 4569 1453 4640 Χριατὸς
1504 4564 1715 4620 ἐνώπιον
1775 4570 1865 4641 μὶν
1900 4526 1946 4582 D

225 4667 319 4712 τοῦ
368 4657 624 4717 πλήθους
666 4663 726 4727 τῇ
786 4652 1009 4726 ἀπιστίᾳ
1048 4652 1137 4706 τοὺ
1170 4661 1596 4728 προσενεγκόντος
1644 4662 1737 4716 τὴν
1790 4658 1869 4710 αἰ-

226 4754 346 4799 τίαν
416 4745 731 4817 ἐλογίσατο·
815 4741 927 4795 κατ’
990 4739 1130 4795 ἰδίαν
1201 4740 1260 4797 δὲ
1308 4750 1400 4803 τὴν
1467 4755 1566 4797 τῶν
1621 4749 1867 4819 μαθητῶν

227 4836 504 4890 ἀπιστίαν
571 4832 829 4892 αἰτιᾶται.
898 4836 995 4886 Καὶ
1072 4835 1170 4908 γὰρ
1234 4839 1322 4887 καὶ
1373 4834 1535 4903 οὗτοι,
1618 4840 1718 4909 πρὸ
1775 4847 1871 4900 τῆς

230 4925 647 5002 ἐπιχειρήσεως
723 4921 1125 4992 ἀπιστήσαντες,
1198 4925 1278 4976 ὅτι
1337 4920 1583 4979 δύνανται
1628 4930 1715 4980 τὸν
1771 4929 1871 4981 κά-

305 5109 355 5144 “
385 5106 595 5163 Marc.
625 5118 705 5170 ιι,
748 5103 838 5168 17,
859 5102 948 5161 25.
1032 5102 1077 5139 ¹⁶
1109 5105 1283 5162 Marc.
1317 5121 1395 5172 ιι,
1436 5106 1499 5163 19
1530 5123 1698 5181 seqq.

1778 5110 1821 5145 ¹⁷
1857 5111 2028 5168 Marc.
2068 5126 2147 5177 ιχ,
2178 5110 2246 5165 25
2281 5109 2560 5178 ;Luc.ix,
2613 5111 2703 5164 42.
2783 5108 2830 5145 ι’
2888 5109 3066 5169 Marc.
3114 5122 3183 5177 ix,
3228 5110 3317 5165 28.

1505 5282 1727 5356 Varia:
1766 5286 2094 5359 lectiones
2128 5297 2193 5358 et
2222 5297 2429 5356 notae.

318 5486 442 5558 (52)
481 5482 781 5537 ἐπίστευεν,
824 5485 887 5533 Α.

2067 5487 2181 5559 (53)
2214 5488 2319 5542 καί
2348 5488 2486 5543 ante
2504 5480 2620 5551 διά,
2649 5481 2817 5540 addit
2839 5483 2904 5537 A.

283 5667 416 5748 _(/f)
439 5662 563 5722 Hic
592 5661 735 5718 enim
764 5690 833 5702 —
858 5660 1016 5731 quod
1033 5665 1334 5734 praecepit.
1363 5665 1468 5723 Mei
1499 5665 1735 5724 codices
1760 5667 1875 5724 hoc
1905 5681 2026 5724 non
2063 5669 2415 5739 agnoscunt.
2444 5662 2654 5722 Nescio
2693 5678 2773 5721 an
2814 5660 2889 5718 de
2938 5674 3049 5719 suo
3094 5660 3397 5719 addiderit
3458 5663 3661 5717 ﬂente-

233 5754 408 5796 nius.

641 5821 853 5879 PATROL
867 5862 879 5880 .
927 5820 1033 5880 GR.
1079 5822 1328 5883 CXXIX.
3278 5826 3343 5881 16
