4178 6416
563 343 662 400 491
1877 341 2213 400 EUTHYMI]

2280 340 2506 397 ZAGAB
2516 343 2603 397 EN
2610 342 2630 396 Ι
3843 335 3930 395 492

560 469 870 526 borantem
884 483 1094 524 curare
1119 484 1268 535 cum,
1289 473 1483 526 tamen
1500 470 1648 526 alios
1665 469 1878 525 multos
1893 471 2210 526 curassent,

2274 468 2516 539 λμνοντα
2570 470 2905 542 θεραπεῦσαι,
2957 472 3134 522 καίτοι
3194 467 3412 528 πολλοὺς
3454 464 3637 526 ἄλλους
3689 462 3924 536 θεραπεύ-

549 564 617 615 'et
640 561 720 615 ita
741 576 878 614 cum
901 564 1278 625 conarentur,
1310 576 1428 615 non
1451 566 1791 632 potuerunt.
1827 559 2048 631 Optime
2075 571 2199 625 ergc

2327 576 2527 625 σαντες,
2577 557 2754 609 λοιπον
2809 553 2932 609 οὐδὲ
2963 560 3094 630 μετὰ
3141 560 3235 615 τὴν
3287 556 3624 628 ἐπιχείρησιν
3665 549 3921 611 ἠδυνήθη-

559 665 762 704 coram
782 647 980 704 multis
997 649 1314 704 multorum
1328 648 1802 704 incredulitatem
1816 645 2209 719 reprehendit,

2326 663 2440 698 σαν.
2500 645 2730 719 ’Ἃριστα
2776 652 2947 698 τοίνυν
3008 644 3220 698 ἐνώπιον
3281 650 3371 718 μεν
3419 644 3617 699 πολλῶν
3676 647 3770 700 την
3832 647 3920 694 τῶν

560 740 804 794 semotis
835 743 1034 794 autem
1057 738 1290 793 arbitris
1310 755 1552 794 suorum
1575 738 1987 794 difﬁdentiam.
2018 739 2210 806 Neque

2321 735 2518 786 πολλῶν
2589 736 2838 789 ἀπιστίαν
2921 733 3151 809 διέσυρε,
3229 732 3472 788 κατιδίαν
3540 731 3600 786 δι
3682 736 3776 789 τὴν
3831 737 3917 781 τῶν

557 828 716 883 enim
766 845 954 899 aequm
1008 831 1150 892 erat,
1201 831 1266 884 ut
1313 844 1517 883 coram
1572 827 1773 884 multis
1823 826 2207 882 confunderet

2323 821 2491 877 ἰδίων.
2550 827 2660 878 Οὐκ
2711 823 2771 885 ἦν
2821 829 2921 898 γὰρ
2957 826 3088 886 εἰκὸς
3121 824 3204 877 ἐπὶ
3235 824 3432 877 πολλῶν
3471 820 3918 893 καταισχύνεσθαι

553 933 907 973 communes
942 917 1103 973 orbis
1119 922 1527 989 praeceptores.

2319 918 2434 975 τοὺς
2462 919 2662 976 κοινούς
2689 913 3052 974 διδασκάλους
3082 923 3174 986 τῇς
3209 915 3526 986 οἰκουμένης.

627 1006 790 1062 Vers.
833 1006 901 1062 20
953 1007 1140 1061 Amen
1197 1037 1266 1046 —-
1317 1007 1614 1063 transibit.
1670 1007 1868 1063 Fidem
1914 1020 2074 1060 nunc
2119 1003 2211 1059 di-

2389 1003 2557 1076 ⁷Αμην
2605 1036 2676 1047 --
2722 1004 3104 1078 μεταϐήσεται.
3158 1009 3344 1056 Πίστιν
3394 1003 3530 1074 λέγει
3581 1008 3669 1052 νῦν
3717 998 3776 1052 ού
3829 1001 3913 1056 τήν

553 1097 649 1160 cit,
672 1111 795 1151 non
826 1095 899 1151 de
924 1095 1036 1150 hoc
1062 1095 1228 1168 quod
1286 1094 1413 1168 ipse
1445 1097 1519 1152 sit
1559 1099 1731 1163 Deus,
1764 1095 1865 1151 sed
1892 1095 1970 1151 ad
1992 1093 2203 1149 facien-

2314 1097 2547 1167 περὶτοῦ
2593 1092 2723 1146 εἶναι
2775 1095 2929 1147 αὑτὸν
2962 1096 3111 1161 Θεὸν,
3158 1093 3290 1150 ἠλλα
3338 1098 3432 1150 την
3470 1095 3585 1164 περὶ
3636 1096 3728 1142 τοῦ
3760 1094 3914 1141 ποιεῖν

552 1183 632 1241 da
676 1185 866 1254 signa.
939 1184 1085 1238 Dicit
1120 1185 1330 1244 enim:
1396 1184 1456 1242 Si
1503 1185 1776 1242 habeatis
1823 1184 2008 1240 ﬁdem
2054 1183 2202 1239 adeo

2317 1190 2528 1255 σημεῖα.
2584 1189 2720 1242 Φησὶ
2746 1186 2868 1259 γάρ.
2899 1185 3018 1237 Ἐὰν
3057 1186 3218 1256 ἔχητε
3248 1187 3427 1236 πίστιν
3472 1181 3608 1234 οὕτω
3657 1175 3913 1252 δριμεῖαν,

552 1289 752 1329 acrem
783 1275 839 1328 et
866 1272 1283 1329 vehementem
1316 1289 1385 1330 ac
1421 1273 1742 1330 ferventem
1771 1274 1919 1329 sicut
1947 1289 2202 1342 granum

2311 1278 2402 1324 καὶ
2466 1271 2722 1346 σφοδρὰν,
2789 1278 2878 1326 καὶ
2937 1276 3152 1348 θερμὴν,
3240 1275 3309 1334 ὡς
3384 1277 3568 1324 κόκκον
3631 1269 3909 1328 συνάπεως·

551 1363 813 1435 sinapis:
843 1362 989 1419 illud
1007 1363 1374 1420 etenimtalis
1406 1371 1492 1419 est
1520 1363 1829 1436 qualitatis
1862 1363 2201 1429 ;credentes

2310 1365 2558 1426 τοιαύτης
2620 1367 2721 1437 γὰρ
2808 1367 3080 1424 ποιότητος
3150 1363 3321 1423 οὗτος·
3391 1364 3724 1420 πιστεύοντες
3789 1357 3916 1410 ἀνεν-

549 1453 682 1507 sine
713 1451 825 1507 ulla
841 1452 1232 1523 trepidatione
1255 1453 1420 1524 quod
1449 1453 1658 1510 facturi
1683 1452 1822 1509 estis
1854 1452 2044 1522 signa,
2081 1456 2199 1507 tan-

2313 1448 2594 1516 δοιάστως,
2649 1454 2731 1504 ὅτι
2810 1459 3057 1511 ποιήσετε
3127 1459 3340 1524 σημεῖα,
3415 1451 3734 1508 τηλικαύτην
3784 1446 3916 1509 ἕξετε

548 1547 672 1598 tam
727 1542 1022 1598 habebitis
1068 1542 1372 1612 virtutem,
1403 1546 1468 1598 ut
1513 1542 1678 1615 ipsos
1727 1542 1908 1598 etiam
1968 1546 2198 1597 montes

2311 1538 2555 1614 δύναμιν,
2649 1545 2717 1605 ὡς
2801 1547 2891 1596 καὶ
2996 1542 3130 1594 αὐτὰ
3230 1545 3293 1595 τὰ
3379 1544 3473 1614 ὅρη
3546 1540 3815 1611 μεθιστᾲν,
3874 1536 3915 1588 εἰ

544 1632 937 1698 transferatis,
973 1632 1021 1687 si
1059 1632 1380 1690 volueritis.

932 1675 937 1695 .
973 1632 1021 1687 si
1059 1632 1380 1690 volueritis.
2311 1629 2582 1702 βούλεσθε.

615 1723 864 1777 Tantam
893 1727 1092 1776 autem
1143 1721 1326 1777 ﬁdem
1381 1722 1645 1794 aliquem
1683 1721 1926 1789 habere,
1965 1720 2202 1776 videtur

2380 1723 2449 1773 Τὸ
2503 1718 2562 1772 di:
2591 1723 2834 1779 τοιαύτην
2886 1726 3060 1775 πίστιν
3109 1723 3251 1792 ἔχειν
3289 1723 3406 1772 τινα
3455 1715 3601 1771 δοκεῖ
3641 1719 3730 1790 μὲν
3768 1715 3911 1787 εύχε-

542 1809 786 1882 quidem
817 1809 1008 1876 facile,
1063 1815 1152 1866 est
1200 1815 1401 1866 tamen
1446 1811 1624 1868 etiam
1655 1811 1956 1867 excelsum
2000 1811 2192 1867 valde.

2263 1812 2410 1884 ιρὶες,
2451 1812 2566 1862 ἔστι
2602 1806 2662 1864 δὲ
2697 1816 2786 1864 καὶ
2836 1812 2952 1862 λίαν
3003 1809 3223 1880 ὑψηλόν.
3282 1815 3524 1863 Γεννᾶται
3581 1809 3669 1880 μὲν
3726 1807 3827 1878 γὰρ
3860 1806 3913 1856 ἐκ

540 1898 811 1956 Nascitur
831 1899 1130 1972 siquidem
1162 1916 1236 1956 ex
1287 1900 1554 1958 libertate
1581 1901 1658 1957 ad
1710 1904 1895 1956 Deum
1930 1917 2190 1957 :rursum

2306 1899 2607 1974 παρρησίας
2653 1910 2749 1961 τῆς
2805 1904 2930 1975 πρὸς
2977 1905 3129 1953 Θεὸν·
3202 1901 3231 1958 ἠ
3313 1894 3372 1951 δὲ
3443 1899 3657 1954 τοιαύτη
3715 1893 3913 1969 παρῥη-

541 1989 674 2047 talis
706 1990 949 2046 libertas
991 1993 1078 2045 est
1111 2006 1180 2045 ex
1210 1996 1408 2047 mente
1440 1990 1670 2063 placide
1700 1991 2034 2063 composita
2067 1991 2191 2062 (gg).

2309 1993 2402 2041 σία
2441 1989 2597 2041 πάλιν
2652 1988 2706 2052 ἐξ
2747 1989 3148 2062 εὐαρεστήσεως·
3213 1986 3456 2059 Μεγάλου
3513 1985 3626 2058 (54)
3678 1981 3738 2038 δὲ
3782 1982 3915 2054 5‘75"

540 2083 639 2136 Est
667 2087 867 2138 autem
891 2081 1095 2150 magni
1124 2082 1464 2138 certaminis
1490 2098 1563 2138 ex
1583 2082 1979 2154 placabilitate
1997 2082 2190 2154 acqui-

2305 2097 2390 2139 νος
2423 2082 2481 2130 τὸ
2524 2074 2596 2130 δι’
2651 2079 3039 2153 εὐαρεστήσεως
3099 2079 3406 2136 κτήσασθαι
3457 2074 3760 2150 παρῥησίαν
3791 2076 3916 2145 πρὸς

541 2186 667 2225 rere
681 2171 857 2226 talem
873 2187 1015 2240 erga
1028 2170 1219 2226 Deum
1241 2170 1596 2237 libertatem,
1617 2177 1678 2227 ut
1693 2171 2073 2226 credatillum
2095 2172 2191 2227 da-

2306 2169 2392 2220 τὸν
2450 2170 2580 2221 Θεὸν
2649 2171 2920 2232 τοιαύτην,
2987 2169 3121 2220 ὥστε
3181 2169 3441 2220 πιστεύειν
3535 2162 3780 2237 βεϐαίως,
3838 2163 3918 2215 ὅτι

538 2264 740 2316 turum
770 2259 1067 2333 quidquid
1085 2261 1510 2332 postulabitur.
1546 2263 1754 2327 Petite,
1783 2261 1992 2332 inquit,
2014 2268 2068 2318 et
2094 2263 2188 2319 da-

2307 2253 2474 2310 δώσει
2527 2263 2628 2311 πᾶν
2688 2261 2746 2311 τὸ
2799 2257 3121 2330 αἰτούμενον.
3176 2256 3380 2314 Αἰτεῖτε
3445 2257 3572 2330 γὰρ,
3623 2257 3777 2326 φησὶ,
3830 2255 3920 2304 καὶ

541 2348 700 2404 bitur
719 2350 872 2406 vobis
891 2350 960 2404 η.

2309 2342 2597 2404 δοθήσεται
2628 2347 2774 2420 ύμῖν.

609 2439 776 2503 Quod
789 2437 833 2492 si
854 2438 1054 2510 palam
1070 2453 1187 2492 non
1217 2438 1484 2494 fecerunt
1506 2440 1935 2510 transmigrare
1962 2447 2196 2496 montes

2378 2435 2440 2487 Εἰ
2483 2434 2542 2488 δὲ
2604 2441 2674 2508 μὴ
2727 2439 3015 2510 μετέθηκαν
3075 2439 3166 2510 ὄρη
3229 2442 3452 2509 φανερῶς
3506 2435 3556 2485 οἱ
3611 2430 3913 2503 ἀπόστολοι,

538 2526 815 2597 apostoli,
849 2543 922 2581 ne
953 2527 1183 2582 mireris
1216 2543 1372 2582 :non
1402 2527 1564 2583 enim
1588 2527 1703 2583 hoc
1735 2528 1869 2583 ideo
1902 2528 2009 2583 fuit
2033 2529 2188 2601 quod

2303 2529 2376 2596 μὴ
2419 2527 2698 2598 θαυμάσῃς
2754 2545 2766 2556 ·
2823 2527 2881 2579 ού
2910 2528 3014 2598 γὰρ
3053 2527 3118 2585 ὡς
3173 2527 3244 2596 μὴ
3309 2518 3635 2589 δυνηθέντες,
3690 2520 3798 2573 ἀλλ’
3853 2523 3920 2582 ὡς

536 2631 656 2670 non
696 2621 960 2688 possent,
985 2616 1093 2670 sed
1150 2617 1294 2689 quia
1352 2617 1695 2683 noluerunt,
1741 2622 1941 2690 utpote
1989 2618 2186 2689 hujus-

2302 2619 2376 2685 μὴ
2433 2613 2789 2686 βουληθέντες,
2832 2614 2920 2667 ἅτε
2969 2618 3042 2686 μὴ
3097 2618 3284 2686 χρείας
3341 2614 3586 2672 τοιαύτης
3637 2614 3920 2683 γενομένης

537 2705 697 2760 modi
712 2707 1060 2760 necessitate
1083 2713 1185 2761 aut
1200 2706 1445 2763 utilitate
1460 2707 1710 2762 seseillis
1729 2724 1851 2762 non
1872 2707 2187 2765 offerente:

2302 2703 2500 2765 αὐτοῖς,
2568 2707 2713 2757 Μετὰ
2751 2707 2966 2766 τούτους
3017 2705 3117 2778 γὰρ
3150 2722 3280 2763 τινες
3327 2702 3491 2774 ἅγιοι,
3538 2703 3732 2754 τούτων
3763 2699 3912 2753 ἐλάτ-

534 2800 671 2866 post
698 2796 809 2850 hos
825 2811 1089 2867 namque
1105 2797 1293 2851 sancti
1324 2795 1424 2852 alii
1453 2797 1743 2868 apostolis
1771 2797 1945 2867 longe
1961 2797 2184 2854 inferio-

2300 2812 2421 2856 τους
2492 2793 2684 2866 πολλῷ,
2767 2797 2954 2869 χρείας
3024 2792 3366 2857 ἐπιτεθείσης,
3426 2795 3749 2864 μετέστησαν
3813 2793 3909 2863 ὀξοη

531 2900 625 2940 res
652 2891 897 2955 urgente
918 2885 1270 2941 necessitate
1288 2890 1524 2941 montes
1551 2885 1886 2958 demigrare
1903 2887 2181 2954 fecerunt,

2300 2885 2436 2937 κατὰ
2479 2888 2571 2943 τὴν
2611 2888 2930 2942 Δεσποτικην
2985 2881 3268 2956 ἀπόφασιν.
3319 2884 3411 2941 Εἵη
3453 2879 3503 2934 δ’
3551 2883 3612 2934 οἶν
3658 2884 3777 2954 ὁρος
3818 2884 3912 2933 καὶ

525 2974 699 3044 juxta
729 2975 1098 3031 Dominicam
1126 2975 1503 3030 sententiam.
1522 2977 1712 3031 Potest
1743 2992 1982 3049 quoque
2010 2994 2175 3033 mons

2299 2974 2326 3025 ὁ
2357 2969 2602 3036 διάϐολος
2649 2970 2746 3026 διὰ
2793 2977 2887 3032 τὴν
2946 2975 3165 3046 ἔπαρσιν
3219 2979 3310 3033 τῆς
3364 2971 3600 3037 οἰήσεως,
3660 2971 3714 3022 ὃν
3759 2969 3912 3042 εὐχε-

529 3063 644 3119 dici
658 3064 933 3120 diabolus
947 3069 1189 3136 propter
1206 3063 1505 3135 opinionis
1519 3081 1641 3120 suae
1657 3065 1971 3122 elationem
1983 3108 1996 3132 ,
2015 3083 2179 3139 quem

1983 3108 1996 3132 ,
2015 3083 2189 3139 quem
2298 3071 2398 3137 ρῶς
2426 3066 2475 3116 οἱ
2505 3064 2650 3136 ἅγιοι
2679 3071 3064 3136 μετακινοῦσιν,
3098 3063 3180 3115 ὅτε
3210 3065 3298 3115 καὶ
3331 3060 3632 3134 βούλονται.

527 3153 698 3209 facile
716 3154 906 3211 sancti
936 3171 970 3209 a
984 3170 1093 3210 sua
1111 3155 1252 3210 sede
1267 3160 1671 3219 commovent,
1686 3157 1934 3228 quando
1954 3157 2186 3214 volunt.
2227 3181 2269 3234 ο

602 3245 760 3298 Vers.
792 3248 881 3299 20.
905 3243 981 3299 Et
1011 3275 1079 3283 —
1119 3244 1294 3299 vobis.
1329 3247 1454 3299 Non
1488 3244 1705 3310 solum,
1743 3245 1957 3318 inquit,
2017 3263 2189 3303 mon-

2375 3246 2573 3296 Καὶ-
2630 3244 2773 3316 ὑμῖν·
2833 3241 2907 3294 Ού
2961 3245 3115 3314 μόνον
3163 3244 3255 3312 όρη
3295 3243 3672 3312 μεταστήσετε,
3725 3243 3907 3311 φησὶν,

527 3335 615 3386 tes
647 3332 1031 3400 transferatis,
1055 3332 1179 3387 imo
1211 3331 1354 3387 nihil
1385 3333 1564 3388 etiam
1619 3332 1783 3388 aliud
1816 3335 2177 3408 impossibile

1923 3335 2188 3392 )ossibile
2300 3331 2428 3385 ἀλλὰ
2465 3337 2556 3386 καὶ
2582 3330 2733 3386 οὐδὲν
2771 3333 2940 3406 ἕτερον
2968 3328 3223 3384 ἀδύνατον
3255 3333 3402 3383 ἔσται
3432 3331 3573 3402 ὑμῖν.

526 3422 632 3477 erit
656 3420 849 3477 vobis.

597 3529 757 3583 Vers.
809 3529 898 3583 2t.
967 3529 1094 3583 Hoc
1124 3559 1193 3567 —
1226 3529 1539 3597 jejunium.
1588 3528 1782 3585 Genus
1838 3530 2187 3589 daemonum

2367 3537 2532 3583 Τοῦτο
2581 3562 2649 3571 -
2681 3533 2916 3601 νηστείᾳ,
2962 3531 3032 3581 Τό
3080 3529 3221 3598 γένος
3268 3534 3368 3578 τῶν
3411 3522 3673 3598 δαιμόνων
3703 3526 3911 3577 παντων

529 3618 807 3672 omnium
839 3632 963 3672 non
995 3616 1112 3671 alio
1167 3618 1348 3672 modo
1389 3618 1711 3687 egreditur,
1763 3620 1868 3674 nisi
1922 3638 2024 3692 per
2052 3639 2179 3680 ora-

2295 3618 2388 3673 ούκ
2430 3619 2764 3694 ἐκπορεύεται
2812 3618 2992 3691 ἑτέρως
3036 3617 3079 3668 εἰ
3127 3619 3197 3688 μή
3255 3613 3304 3667 ἐν
3361 3621 3637 3690 προσευχῇ
3688 3617 3778 3665 καὶ
3821 3633 3911 3671 νη-

524 3704 748 3761 tionem
778 3704 1149 3776 etjejunium
1184 3722 1338 3761 :non
1356 3705 1551 3761 solum
1571 3707 1704 3778 ejus
1721 3710 1825 3781 qui
1855 3717 2047 3776 sanat,
2080 3713 2174 3769 sed

2297 3714 2444 3780 στείᾷ
2473 3709 2530 3761 ού
2561 3717 2712 3782 μόνον
2737 3715 2829 3760 τοῦ
2862 3709 3248 3780 θεραπεύοντος,
3280 3702 3411 3756 ἀλλὰ
3434 3709 3522 3756 καὶ
3552 3710 3644 3754 τοῦ
3666 3705 3911 3774 πάσχον-

524 3795 654 3866 ejus
686 3795 858 3849 etiam
890 3794 992 3866 qui
1057 3794 1302 3865 patitur.
1353 3794 1548 3852 Oratio
1589 3797 1885 3869 siquidem
1925 3799 2174 3868 daemonj

2292 3819 2400 3869 τος,
2432 3804 2522 3852 καὶ
2552 3799 2741 3873 μᾶλλον
2784 3805 2876 3850 τοῦ
2906 3798 3228 3867 πάσχοντος.
3269 3793 3333 3848 Ἡ
3373 3797 3462 3866 μεν
3491 3795 3592 3866 γὰρ
3621 3797 3900 3867 προσευχὴ

524 3884 858 3939 admodum
886 3883 1157 3938 terribilis
1189 3888 1294 3940 est.
1323 3883 1487 3940 Hanc
1513 3891 1713 3941 autem
1731 3885 2174 3947 fortioremred-

2295 3885 2503 3965 σφόδρα
2540 3887 2732 3963 φοϐερὰ
2777 3893 2850 3957 τῷ
2892 3882 3105 3957 δαίμονι
3139 3902 3150 3914 '
3196 3886 3391 3943 ταύτην
3442 3880 3502 3936 δὲ
3531 3885 3774 3958 κρατύνει
3812 3886 3905 3933 καὶ

523 3973 626 4037 dit,
663 3976 718 4028 et
749 3971 922 4027 valde
950 3977 1250 4044 potentem
1281 3971 1793 4046 efﬁcitjejuuium,
1820 3993 1940 4032 non
1974 3977 2173 4036 sinens

2294 3974 2520 4052 δυναμοῐ
2569 3978 2682 4030 λίαν
2742 3979 2772 4035 ἡ
2824 3979 3060 4041 νηστεία,
3115 3977 3186 4046 μὴ
3249 3972 3387 4026 ἐῶσα
3438 3976 3532 4031 τὴν
3589 3970 3903 4043 πλησμονὴν

523 4061 790 4134 corporis
819 4063 1146 4118 satietatem
1191 4063 1488 4118 remittere
1537 4063 1903 4131 ﬁrmitatem,
1966 4074 2069 4124 aut
2093 4070 2173 4126 fu-

2289 4069 2461 4142 χαλᾴν
2486 4071 2573 4122 τὸν
2612 4071 2755 4119 τόνον
2793 4072 2886 4117 τοῦ
2923 4070 3182 4135 σώματος,
3236 4060 3375 4135 μηδὲ
3422 4065 3544 4122 τούς
3599 4059 3653 4111 ἐκ
3704 4061 3903 4120 ταύτης

521 4168 653 4208 mos
685 4151 814 4222 (hh)
844 4152 948 4223 qui
985 4153 1057 4207 ab
1089 4168 1160 4208 ea
1193 4152 1528 4209 ascendunt
1578 4155 1817 4211 turbare
1847 4157 2171 4226 cerebrum,

2289 4156 2488 4230 ἀτμούς
2539 4155 2764 4229 ἐνοχλεῖν
2844 4161 2916 4224 τῷ
2974 4151 3252 4225 ἐγκεφάλῳ,
3345 4156 3434 4203 καὶ
3507 4153 3753 4221 συγχέειν
3814 4151 3902 4201 τὸν

519 4248 905 4314 mentemque
919 4241 1314 4296 confundere:
1331 4242 1531 4314 itaque
1549 4260 1793 4316 corpore
1816 4244 2006 4315 firmo,
2022 4265 2169 4303 men-

2289 4255 2406 4301 νοῦν
2463 4264 2475 4277 ·
2513 4251 2605 4298 καὶ
2656 4245 2855 4310 λοιπόν,
2930 4249 3022 4294 τοῦ
3097 4247 3333 4314 σώματος
3405 4242 3495 4311 μὲν
3551 4239 3898 4297 εύτονοῡντος.

518 4336 692 4405 teque
711 4332 839 4386 sine
852 4329 1236 4386 distractione
1254 4336 1560 4404 operante,
1586 4333 1995 4392 vehementius
2017 4337 2168 4408 igne,

2292 4345 2383 4389 τοῦ
2434 4344 2523 4389 νοῦ
2554 4333 2612 4389 δὲ
2684 4333 3089 4406 ἀπερισπάστως
3167 4329 3509 4401 ἐνεργοῦντος,
3571 4322 3900 4399 σφοδροτέρα

516 4423 801 4494 omnique
832 4438 893 4476 re
927 4420 1245 4476 terribilius
1305 4423 1572 4478 ascendit
1637 4424 1828 4480 oratio
1861 4442 1875 4492 ;
1906 4426 2042 4483 ideo
2073 4429 2166 4484 has

2291 4430 2456 4501 πυρὸς
2510 4431 2600 4478 καὶ
2649 4423 2973 4498 φοϐερωτέρα
3024 4422 3217 4480 παντὸς
3263 4419 3459 4469 ἄνεισιν
3503 4416 3533 4473 ἡ
3567 4417 3843 4489 προσευχή
3886 4434 3897 4446 '

515 4527 750 4582 semper
781 4512 1132 4580 conjunctas
1163 4526 1291 4566 esse
1317 4517 1570 4583 oportet.

2209 4529 2258 4588 D
2293 4516 2378 4571 διὸ
2403 4521 2512 4590 χρὴ
2540 4515 2892 4585 συνεζεῦχθαι
2919 4513 3112 4572 ταύτας
3138 4507 3235 4564 ἀεί.

589 4600 748 4655 Vers.
776 4599 864 4654 22.
901 4599 1041 4654 Cum
1065 4605 1268 4654 autem.
1326 4608 1701 4656 versarentur
1756 4634 1826 4645 —
1865 4604 2024 4661 Vers.
2084 4611 2173 4664 23.

2355 4608 2840 4680 Ἀναστρεφομένων
2901 4633 2970 4642 --
3041 4595 3266 4674 σφόδρα.
3347 4604 3584 4668 Συνεχῶς
3659 4593 3900 4669 προλέγει

514 4689 896 4746 vehementer.
931 4688 1243 4760 Discipulis
1285 4689 1358 4744 de
1389 4691 1479 4745 sui
1502 4691 1807 4759 occisione
1838 4693 2164 4768 frequenter

2283 4701 2398 4770 περὶ
2427 4705 2518 4756 τῆς
2546 4694 2856 4769 ἀναιρέσεως
2904 4691 3062 4743 αὑτοῦ
3117 4695 3246 4753 τοῖς,
3302 4688 3583 4758 μαθηταῖς,
3631 4685 3732 4752 ἶνα,
3765 4702 3896 4757 προ-

511 4778 797 4853 ριέθάιοὶι,
823 4783 886 4834 ut
927 4779 1354 4851 praeexercitati
1420 4782 1767 4838 monitionis
1819 4784 2161 4859 frequentia,

2279 4788 2657 4862 γυμνασθέντες
2701 4790 2762 4856 τῇ
2815 4784 3065 4852 συνεχείᾳ
3117 4787 3207 4839 τῆς
3251 4778 3607 4849 ὑπομνήσεως,
3663 4774 3896 4846 εὐχερῶς

509 4869 681 4926 facile
710 4868 903 4925 ferant
925 4885 1063 4925 cum
1094 4868 1373 4925 acciderit
1394 4885 1408 4935 ;
1429 4875 1503 4935 et,
1523 4875 1586 4926 ut
1611 4889 1726 4928 uno
1747 4873 1928 4930 verbo
1943 4858 2159 4944 dicam,

2278 4858 2440 4936 αὐτὴν
2493 4879 2688 4950 φέροιεν
2753 4874 3024 4944 γινομένην
3076 4887 3088 4899 ·
3157 4871 3246 4920 καὶ
3295 4865 3465 4926 ἁπλῶς
3539 4864 3717 4931 εἰπεῖν,
3796 4858 3893 4915 διὰ

507 4963 751 5033 propter
770 4975 1014 5016 causam
1031 4974 1218 5031 quam
1245 4959 1547 5017 tricesimo
1577 4964 1742 5018 tertio
1769 4964 1960 5035 capite
1988 4967 2157 5023 tradi-

2274 4973 2368 5027 την
2425 4965 2617 5032 αἰτίαν,
2675 4967 2736 5021 ἧν
2803 4955 3255 5036 παραδεδώκαμεν
3333 4955 3382 5008 ἐν
3433 4963 3506 5025 τῷ
3589 4957 3889 5027 τριακοστῷ

579 5092 625 5126 ¹⁰
667 5088 868 5155 Matth,
902 5102 1008 5153 v11,
1032 5089 1088 5143 7.

1786 5216 2004 5285 Varia
2029 5218 2358 5290 lectiones
2391 5228 2456 5286 et
2485 5225 2664 5284 notae

577 5359 692 5428 (54)
722 5358 931 5430 Μεγάλῃ
944 5400 957 5424 ,
986 5357 1052 5411 Β.

577 5482 684 5552 (gg)
880 5486 1099 5559 men_te_
1117 5481 1350 5559 placide
1405 5483 1768 5559 composita;
1800 5484 2155 5559 Εὐαρέστησις

2266 5503 2460 5559 eoque
2489 5501 2561 5541 ea
2593 5479 3048 5559 lmtari._Eodem
3066 5493 3250 5533 sensu
3280 5476 3501 5559 dicitur
3519 5473 3700 5559 etiam
3715 5472 3893 5544 εὐαρέ-

505 5547 742 5628 nonest
768 5569 922 5609 mens
949 5547 1539 5628 placideicomposita,
1584 5554 1689 5628 sed
1741 5556 1859 5611 Deo
1908 5547 2154 5628 placens
2268 5547 2480 5619 πεῖσις.
2523 5557 2633 5613 Sed
2662 5554 2758 5610 hic
2786 5553 2859 5608 de
2892 5553 3012 5607 Deo
3043 5564 3244 5604 sermo
3274 5553 3380 5613 θεῖ’
3410 5547 3502 5602 oni
3536 5547 3720 5600 homo
3746 5560 3892 5616 pro-

506 5624 734 5702 mentis
750 5625 1121 5702 compositio.
1152 5627 1282 5681 Mox
1307 5625 1549 5702 Aiterum
1598 5624 1942 5702 εὐαρέστησιν
2001 5629 2156 5702 male

1113 5627 1282 5681 .Mox
1307 5625 1549 5702 Aiterum
1598 5624 1942 5702 εὐαρέστησιν
2001 5629 2156 5702 male
2267 5633 2445 5688 batur
2467 5634 2524 5685 et
2549 5628 2763 5702 placet.

505 5694 763 5776 reddidit
786 5694 1265 5776 placabilitatem.
1297 5698 1585 5776 (liciarum
1614 5694 1736 5754 no'n
1771 5700 2002 5771 ignoro,
2037 5701 2155 5776 εύα-
2340 5702 2472 5775 (hh)
2518 5694 2642 5755 Αἰιε
2670 5697 2884 5768 fumos.
2919 5697 3064 5759 lmo,
3096 5707 3371 5765 vapores.

504 5769 807 5839 ρεστείσθαι
837 5766 978 5823 alibi
1008 5784 1140 5823 esse
1179 5783 1241 5823 re
1265 5767 1463 5840 aliqua
1496 5766 1828 5829 contentum
1873 5787 2012 5838 esse,
2053 5773 2156 5829 ad-
