4178 6406
266 354 372 415 493

267 486 431 556 τρίτῳ
486 481 768 555 κεφαλαιῳ.
822 480 960 555 Ὀρα
1006 488 1154 554 γοῦν,
1207 489 1339 544 πῶς,
1389 485 1478 534 καὶ
1531 486 1623 532 τοῦ
1680 480 1878 553 Πέτρου
1905 475 1953 529 Α

267 572 667 644 ἓπιτιμηθέντος
736 570 856 637 ἐκεῖ,
939 578 1029 625 καὶ
1094 579 1186 625 τοῦ
1263 574 1462 644 Πατρός
1526 573 1658 643 μετά
1726 577 1879 622 τοῦτο

1374 669 1435 720 τῆ
1449 681 1470 723 ς
1543 658 1880 719 ἀναστάσεως

268 752 401 823 μετὰ
428 757 568 823 τρεῖς
599 753 793 825 ἡμέρας
836 752 1246 823 ὑποσχεθείσης,
1279 747 1394 803 οὐδ’
1430 750 1589 810 οὕτως
1637 753 1876 821 ἤνεγκαν,

271 838 379 892 ἀλλ’
403 840 764 909 ἐλυπήθησαν,
796 845 886 893 καὶ
914 836 1037 893 οὐδε
1068 840 1262 909 ἁπλῶς,
1296 838 1423 892 ἀλλὰ
1446 836 1672 913 σφόδρα.

343 930 511 982 Τοῦτο
543 926 593 981 δ’
644 928 843 1002 ίγένετο
876 930 1013 1002 (55),
1058 926 1152 982 διὰ
1197 933 1255 983 τὸ
1287 928 1490 1001 ἀγνοεῖν
1544 929 1730 989 αὐτούς
1781 936 1880 981 τῶν

269 1019 553 1091 λεγομένων
628 1024 725 1077 τὴν
782 1016 1029 1092 δύναμιν,
1088 1022 1159 1080 ὡς
1212 1021 1427 1095 Μάρκος
1508 1024 1598 1072 καὶ
1678 1025 1883 1079 Λουκᾶς

274 1104 437 1163 εἶπον.
482 1112 672 1180 Εἶρηκε
725 1111 828 1181 γὰρ
888 1111 914 1161 ὁ
967 1112 1079 1181 μεν,
1147 1110 1226 1161 ὅτι
1285 1109 1534 1182 Ἠγνὸουν
1590 1112 1649 1161 τὸ
1713 1110 1878 1184 ῥῆμα,

267 1202 362 1249 καὶ
418 1196 693 1269 ἐφοϐοῦντο
763 1199 919 1251 αὐτὸν
976 1197 1304 1273 ἐπερωτῆσαι
1338 1216 1351 1229 °

267 660 608 722 κελεύσαντος
686 661 848 714 αὐτοῦ
928 660 1152 727 ἀκούειν,
1210 666 1300 713 καὶ

1404 1201 1431 1251 ὁ
1482 1196 1559 1267 δι,
1612 1202 1695 1251 ὅτι
1782 1204 1879 1251 Καὶ

271 1284 337 1345 ἧν
410 1288 934 1361 παρακεκαλυμμένον
1004 1287 1092 1340 ἀπ’
1153 1288 1341 1357 αὐτῶν,
1397 1290 1478 1341 ἶνα
1534 1293 1605 1362 μὴ
1663 1290 1883 1341 αῐσθων-

236 1388 357 1429 ’ται
410 1377 559 1430 αὑτό.
619 1381 764 1431 Κατὰ
807 1380 946 1431 θείαν
1001 1381 1104 1452 γὰρ
1167 1379 1461 1453 οἰκονομίαν
1529 1378 1883 1452 ἀπεκρύπτετο

271 1468 303 1523 ἠ
356 1474 552 1537 γνῶσις
606 1474 701 1519 τοῦ
750 1468 983 1542 ῥήματος
1037 1468 1126 1521 ἀπ’
1184 1469 1373 1536 αὐτῶν,
1419 1471 1484 1529 ὡς
1542 1467 1726 1522 ἀτελῶν
1786 1471 1879 1535 ἔτι,

272 1559 364 1607 καὶ
410 1559 484 1627 μὴ
538 1552 837 1629 δυναμένων
889 1556 1161 1630 ἕφικέσθαι
1200 1567 1294 1611 τοῦ
1345 1558 1639 1632 ὑπερφυοῦς
1695 1563 1882 1613 τούτου

275 1650 598 1720 μυστηρίου.

351 1741 451 1789 Καὶ
504 1734 591 1788 ἑὰν
639 1736 856 1808 ἠγνόουν
902 1736 1051 1807 αὐτὸ,
1106 1746 1216 1799 πῶς
1262 1737 1595 1797 ἐλυπήθησαν
1638 1734 1880 1813 σφόδρα;

274 1825 355 1878 Οὐ
409 1828 469 1878 τὸ
531 1831 635 1877 πᾶν
697 1825 937 1897 ἠγνόουν,
998 1826 1126 1880 ἀλλά
1180 1832 1299 1901 περὶ
1359 1830 1450 1900 μεν
1499 1836 1594 1880 του
1660 1830 1882 1880 θανάτου
1921 1815 1960 1869 Β

276 1914 439 1967 αὐτοῦ
490 1913 790 1986 ἐγίνωσκον,
860 1912 1127 1991 διαφόρως
1187 1916 1521 1982 ἀκούσαντες,
1578 1916 1652 1990 ἐφ’
1705 1918 1745 1988 ᾧ
1792 1922 1884 1970 καὶ

276 2004 610 2077 ἔλυμὴθησαν
638 2002 848 2079 σφόδρα
869 2022 883 2037 °
914 2012 1033 2082 περὶ
1060 2002 1120 2059 δὲ
1147 2016 1244 2069 τῆς
1275 2006 1611 2069 ἀναστάσεως
1638 2007 1878 2080 ἠγνόουν.

277 2093 533 2158 Πολλάκις
580 2099 707 2171 γὰρ,
767 2100 857 2149 καὶ
908 2102 1028 2171 περὶ
1078 2100 1274 2158 ταύτης
1336 2097 1669 2165 ἀκούσαντες,
1743 2099 1882 2170 ὅμως

276 2184 375 2237 οὐκ
412 2183 672 2243 ἠὸύναντο
708 2193 860 2253 νοεῖν,
900 2190 953 2239 τί
984 2184 1124 2239 ἐστιν
1176 2187 1330 2245 αὕτη.
1364 2193 1501 2244 Φησὶ
1537 2189 1639 2261 γὰρ
1672 2190 1698 2240 ὁ
1726 2190 1880 2261 Μάρ-

278 2294 374 2336 κος
412 2273 460 2326 ἐν
504 2274 693 2344 ἄλλοις,
738 2277 819 2329 ὅτι
873 2272 1007 2335 ἦσαν
1059 2277 1419 2343 συζητοῦντες,
1460 2282 1513 2330 τί
1557 2278 1672 2331 ἐστι
1715 2281 1772 2331 τὸ
1826 2277 1881 2330 ἐκ

277 2374 469 2439 νεκρῶν
566 2364 870 2426 ἀναστῆναι.
961 2365 1339 2440 ’Υπελοίμϐανον
1413 2370 1538 2443 γὰρ,
1636 2369 1717 2421 ὅτι
1794 2374 1883 2422 καὶ

274 2462 431 2508 τοῦτο
474 2455 744 2529 παραϐολή
792 2461 869 2518 τίς
923 2455 1053 2511 ἐστι.
1115 2462 1216 2512 Καὶ
1268 2460 1369 2533 γὰρ
1423 2460 1555 2532 μετὰ
1605 2462 1699 2518 τὴν
1762 2457 1880 2512 ἀνά-

276 2564 464 2598 στασιν
516 2542 774 2610 διήνοιξεν
822 2546 993 2601 αὐτῶν
1039 2549 1127 2600 τὸν
1173 2554 1295 2601 νοῦν
1346 2554 1439 2602 τοῦ
1480 2551 1711 2602 συνιέναι
1763 2552 1883 2623 περι

271 2655 498 2691 παντων.

346 2820 490 2872 (EQ.
522 2815 644 2880 Λς-’.
674 2819 799 2892 Περὶ
826 2822 927 2869 τῶν
958 2815 1233 2871 αἰτούντων
1257 2819 1323 2871 τὰ
1348 2813 1658 2892 ἃιδραχμα.

349 2910 452 2960 Καὶ
482 2936 549 2947 —-
578 2910 683 2962 ναί.
738 2908 805 2959 Οἱ
850 2910 1174 2980 πρωτότοκοι
1220 2915 1322 2961 τῶν
1359 2906 1608 2982 Ἑϐραίων
1649 2905 1883 2983 δίδραχ-

276 3014 375 3067 μον
440 2995 651 3056 ἕκαστος
703 2996 818 3048 κατ’
894 2995 1122 3050 ἐνιαυτὸν
1200 2996 1398 3051 ἐτέλουν
1447 3007 1519 3071 τῷ
1592 3004 1699 3071 Θεῷ
1759 3001 1883 3073 πρὸς

278 3084 653 3158 εὐχαριστίαν,
717 3084 828 3138 ἀνθ’
881 3086 948 3137 ὧν
1025 3085 1368 3162 ἔξωλόθρευσε
1415 3088 1578 3142 πάλαι
1648 3092 1713 3142 τὰ
1783 3096 1883 3141 τῶν

278 3174 581 3247 Αἰγυπτίων
664 3180 990 3252 πρωτότοκα.
1059 3177 1204 3231 Ἐπεὶ
1257 3178 1344 3231 οὖν
1415 3184 1505 3233 καὶ
1572 3181 1597 3231 ὁ
1658 3182 1886 3255 Χριστὸς
1918 3180 1957 3235 C

279 3270 613 3339 πρωτότοκος
670 3263 749 3338 ἦν,
813 3266 954 3338 αύτῷ
1005 3269 1094 3340 μὲν
1151 3269 1201 3321 οἱ
1258 3267 1655 3342 ἐπισυνάγοντες
1721 3278 1889 3325 ταῦτα

278 3355 583 3426 προσελθεῖν
662 3355 1060 3427 ηὐλαϐήθησαν,
1130 3366 1380 3431 τιμῶντες
1444 3359 1601 3413 αὐτὸν
1664 3357 1758 3415 διὰ
1821 3364 1889 3415 τὰ

283 3454 480 3518 σημεῖα
512 3463 525 3476 ·
558 3455 629 3517 τῷ
665 3451 843 3521 Πέτρῳ
875 3444 935 3501 δὲ
963 3446 1162 3516 λοιπὸν,
1211 3451 1275 3511 ὡς
1328 3455 1594 3523 κορυφαίῳ
1642 3460 1741 3504 τῶν
1790 3473 1886 3525 μα-

280 3536 473 3604 θητῶν,
548 3541 957 3612 προσέρχονται,
1016 3543 1105 3591 καὶ
1173 3538 1267 3592 οὐκ
1351 3539 1684 3607 ἀπαιτοῦσιν,
1760 3541 1888 3595 ἀλλὰ

277 3628 409 3697 μετὰ
467 3630 761 3698 πραότητος
809 3626 1090 3702 ἐρωτῶσιν.
1150 3626 1306 3681 Ἐστι
1360 3626 1420 3683 δὲ
1466 3634 1525 3684 τὸ
1579 3628 1886 3706 δίδραχμον

274 3711 413 3773 εἶδος
444 3714 720 3792 ἀργυρίου.

359 3896 459 3944 Καὶ
518 3893 602 3945 ὅτε
654 3892 888 3953 εἰσῆλθεν
947 3926 1013 3935 -—
1058 3894 1380 3971 ἀλλοτρίων;
1432 3903 1539 3976 Πρὸ
1590 3908 1683 3953 τοῦ
1730 3901 1887 3956 εἰπεῖν

277 3984 367 4033 τὸν
418 3986 608 4054 Πέτρον
658 3989 906 4056 περὶτοῦ
947 3981 1284 4060 διδράχμου,
1342 3988 1619 4063 προέλαϐεν
1667 3991 1823 4044 αὐτὸν
1862 3994 1888 4045 ὁ

282 4075 535 4141 Χριστὸς,
579 4072 858 4145 ἐμφαίνων,
890 4077 971 4128 ὃτι
994 4074 1054 4128 ού
1087 4072 1257 4130 δεῖται
1292 4078 1416 4153 παρ’
1464 4078 1639 4156 ἑτέρου
1685 4084 1888 4154 μαθεῖν,

286 4157 440 4223 εἰδὼς
481 4162 539 4213 οὐ
586 4166 652 4215 τὰ
689 4162 975 4237 λαλούμενα
1024 4170 1194 4237 μόνον,
1259 4166 1387 4222 ἀλλὰ
1431 4174 1523 4222 καὶ
1576 4173 1641 4223 τὰ
1688 4170 1889 4226 ἐννοού-

284 4270 437 4324 μενα.
510 4253 601 4304 Διά
679 4251 1109 4326 παραδείγματος
1177 4252 1235 4309 δὲ
1316 4254 1706 4333 ἀποδείκνυσιν,
1787 4263 1887 4329 ὅτι,

282 4345 505 4412 γνήσιος
576 4344 696 4404 Υἱὸς
756 4343 822 4394 ὢν
870 4352 963 4396 τοῦ
1020 4352 1174 4412 Θεοῦ,
1235 4346 1328 4398 οὐκ
1380 4346 1566 4421 ὀφείλει
1623 4351 1778 4404 τελεῖν
1821 4354 1891 4424 τῷ

285 4435 455 4504 Πατρὶ
486 4433 546 4483 τὸ
597 4428 927 4507 δίδραχμον.
966 4436 1033 4493 Οἱ
1070 4453 1172 4509 γαρ
1211 4434 1449 4509 βασιλεῖς
1497 4438 1591 4492 οὐκ
1636 4439 1735 4495 ἀπὸ
1791 4452 1891 4496 τῶν

279 4524 513 4591 γνησίων
540 4522 687 4587 υἱῶν,
729 4520 836 4573 ἀλλ’
870 4522 970 4575 ἀπὸ
1002 4532 1100 4577 τῶν
1150 4524 1427 4601 ἀλλοτρίων
1457 4529 1573 4588 τελη
1625 4534 1654 4590 ἢ
1701 4540 1892 4592 κῆνσον
1923 4540 1969 4597 D

279 4608 632 4683 λαμϐάνουσι.
670 4614 740 4664 Τὸ
772 4612 898 4665 αὐτὸ
928 4609 986 4666 δὲ
1010 4614 1213 4688 λέγεται
1236 4621 1326 4670 καὶ
1348 4617 1489 4681 τέλος
1532 4624 1623 4673 καὶ
1651 4629 1848 4686 κῆνσος
1874 4642 1888 4655 ο

282 4699 425 4763 τέλος
463 4704 554 4774 μὲν
594 4701 716 4755 καθ’
757 4699 1021 4773 Ἕλληνας,
1064 4714 1258 4770 κῆνσος
1307 4704 1367 4761 δὲ
1408 4711 1545 4763 κατά
1590 4709 1889 4785 Ῥωμαίους.

363 4938 512 5007 Λέγει
563 4965 634 4976 —
695 4937 814 4991 νὶοί.
870 4939 940 4990 Τὸ
989 4936 1093 5010 ἄρα
1157 4938 1272 5010 (56)
1342 4938 1455 4994 ἀντὶ
1511 4950 1624 5009 τοῦ,
1693 4943 1890 5002 λοιπόν.

287 5022 577 5101 Ἐλεύθεροι
610 5022 670 5078 δὲ
693 5032 786 5078 τοῦ
814 5022 999 5080 δοῦναι
1026 5026 1145 5086 τέλη
1179 5028 1208 5087 ἣ
1236 5037 1451 5089 κῆνσον.

362 5232 411 5266 ²⁰
434 5233 592 5289 Marc
620 5248 695 5299 1x,
730 5236 834 5299 32;
864 5234 1005 5292 Luc.
1034 5253 1108 5302 1x,
1144 5238 1235 5292 45.
1345 5238 1392 5273 ²¹
1433 5240 1606 5295 Marc.
1640 5255 1713 5310 1x,
1749 5244 1833 5297 10.

1236 352 1599 409 COMNENT.
1649 350 1718 405 ΙΝ
1771 349 2217 407 ΜΑΤΤΗᾹΞΠΜ.
2263 381 2323 392 -
2369 349 2525 405 CAP.
2570 348 2739 405 XVII.

3552 342 3656 403 494

1988 475 2213 533 dimus.
2236 476 2381 533 Vide
2402 490 2546 545 ergo
2566 473 2879 548 quomodo
2898 473 3035 533 licet
3052 473 3139 530 ibi
3155 473 3361 531 Petrus
3379 472 3556 531 fuerit
3574 473 3658 528 in-

1989 570 2285 637 crepatus,
2306 571 2362 621 et
2377 564 2771 637 postmodum
2786 563 3029 636 jusserit
3049 563 3223 621 Pater
3243 567 3309 620 ut
3328 579 3468 620 eum
3491 561 3660 619 audi-

1987 661 2137 719 rent,
2177 654 2305 727 ipse
2345 670 2587 727 quoque
2639 652 3140 710 resurrectionem
3192 659 3328 725 post
3377 657 3491 710 tres
3530 651 3660 708 dies

1988 744 2343 815 promiserit,
2386 759 2496 799 nec
2554 743 2636 799 sic
2694 747 2899 799 tamen
2954 742 3104 798 ferre
3163 746 3505 814 potuerunt,
3549 739 3659 797 sed

1990 834 2313 890 contristati
2344 838 2500 900 sunt,
2534 838 2592 888 et
2614 848 2739 889 non
2764 836 3091 906 utcunque,
3120 832 3226 888 sed
3251 832 3659 888 vehementer.

2065 925 2184 977 Hoc
2222 927 2427 979 autem
2462 921 2686 979 factum
2717 927 2826 992 est,
2868 938 2938 978 eo
2968 921 3134 995 quod
3163 921 3510 992 ignorarent
3548 919 3661 977 vir-

1991 1014 2178 1067 tutem
2208 1026 2418 1067 eorum
2454 1026 2590 1083 quas
2618 1011 2993 1076 dicebantur,
3023 1010 3172 1067 sicut
3200 1012 3433 1067 Marcus
3466 1014 3523 1066 et
3553 1012 3661 1065 Lu-

1991 1116 2095 1155 cas
2136 1100 2419 1157 dixerunt
2457 1103 2529 1158 ²⁰.
2569 1104 2719 1158 Nam
2772 1101 2867 1157 ille
2905 1100 3055 1157 dixit
3092 1100 3259 1173 quod
3286 1099 3659 1173 Ignorabant

1992 1189 2255 1258 verbum,
2294 1199 2347 1249 et
2378 1190 2650 1248 timebant
2682 1206 2813 1249 eum
2844 1191 3239 1262 interrogare.
3273 1191 3375 1247 Hic
3406 1194 3609 1246 autem
3644 1203 3659 1244 :

1990 1279 2066 1334 Et
2103 1286 2237 1336 erat
2267 1279 2679 1337 absconditum
2710 1281 2782 1337 ab
2815 1281 2893 1337 eis
2924 1284 2984 1335 ut
3013 1297 3132 1337 non
3164 1280 3557 1351 intelligerent
3588 1280 3658 1336 il-

1995 1369 2120 1423 lud.
2161 1369 2366 1425 Divina
2406 1374 2606 1426 autem
2647 1369 3095 1442 dispensatione
3135 1367 3547 1426 occultabatur
3582 1368 3660 1425 ab

1990 1456 2108 1513 illis
2144 1459 2309 1515 verbi
2337 1459 2598 1529 cognitio
2626 1463 2920 1531 tanquam
2951 1458 3029 1516 ab
3059 1458 3440 1531 imperfectis,
3472 1462 3530 1514 et
3556 1457 3662 1529 qui

1991 1547 2254 1605 necdum
2284 1552 2565 1621 poterant
2591 1548 2668 1605 ad
2702 1548 3158 1622 supernaturale
3189 1547 3320 1620 ejus
3349 1551 3663 1620 penetrare

1992 1638 2370 1707 mysterium.

2062 1727 2279 1782 Verum
2311 1727 2359 1781 si
2388 1726 2538 1782 illud
2578 1725 2961 1797 ignorabant,
2992 1726 3304 1799 quomodo
3334 1723 3662 1784 contristati

1991 1819 2130 1871 sunt
2160 1814 2587 1872 vehementer?
2612 1818 2743 1873 Non
2773 1815 3014 1887 penitus
3039 1814 3422 1885 ignorabant,
3454 1815 3561 1871 sed
3585 1816 3662 1871 de

1990 1908 2183 1961 morte
2212 1904 2339 1977 ejus
2364 1904 2796 1977 intelligebant,
2825 1921 2965 1962 cum
2998 1904 3073 1962 de
3098 1921 3171 1962 ea
3200 1904 3419 1978 saepius
3459 1904 3662 1961 audis-

1992 1997 2145 2061 sent,
2187 1998 2244 2049 et
2282 1994 2358 2049 de
2394 1993 2511 2051 hac
2550 1993 2886 2051 contristati
2931 1998 3071 2051 sunt
3105 1993 3484 2051 vehementer
3524 2010 3537 2048 :
3587 1995 3662 2051 de

1989 2082 2423 2139 resurrectione
2437 2099 2578 2140 vero
2603 2083 2986 2154 ignorabant,
3011 2083 3087 2140 de
3106 2100 3231 2157 qua
3249 2083 3429 2141 etiam
3443 2082 3662 2157 saepius

1990 2171 2325 2238 audierant,
2360 2188 2469 2229 nec
2499 2177 2703 2230 tamen
2739 2177 3018 2246 poterant
3058 2172 3384 2243 intelligere
3414 2171 3563 2245 quid
3591 2189 3663 2229 ea

1991 2267 2212 2318 essent.
2247 2263 2392 2319 Dicit
2425 2262 2585 2320 enim
2614 2263 2843 2320 Marcus
2871 2263 3023 2320 inter
3058 2261 3191 2330 alia,
3222 2262 3391 2335 quod
3419 2261 3665 2335 conqui—

1989 2350 2205 2408 rebant
2232 2352 2384 2410 inter
2415 2370 2479 2409 se
2509 2352 2659 2425 quid
2688 2358 2865 2422 esset,
2906 2369 2942 2409 a
2970 2352 3222 2410 mortuis
3252 2368 3561 2423 resurgere
3592 2354 3660 2408 ³³.

1989 2440 2466 2513 Suspicabantur
2491 2457 2758 2515 namque
2782 2443 2940 2500 hanc
2966 2443 3144 2500 etiam
3173 2442 3509 2515 quamdam
3535 2458 3663 2498 esse

1990 2530 2366 2603 parabolam.
2385 2532 2696 2605 Siquidem
2708 2536 2843 2605 post
2859 2534 3358 2589 resurrectionem
3370 2534 3417 2567 ³⁸³
3432 2531 3666 2605 aperuit

1991 2624 2258 2678 mentem
2277 2620 2538 2691 illorum,
2566 2625 2634 2680 ut
2656 2621 3051 2695 intelligerent
3077 2622 3411 2695 Scripturas
3435 2622 3511 2679 de
3536 2638 3665 2679 om-

1992 2709 2193 2767 nibus.

2138 2802 2292 2856 CAP.
2335 2801 2561 2860 XXXVI.
2599 2802 2688 2859 De
2726 2802 3096 2874 exigentibus
3134 2802 3519 2860 didrachma.

2062 2888 2232 2948 Vers.
2272 2891 2362 2947 24.
2401 2891 2477 2946 Et
2506 2906 2641 2948 cum
2672 2891 2987 2948 venissent.
3016 2923 3084 2931 —
3116 2891 3283 2948 Vers.
3324 2894 3412 2947 25.
3455 2892 3659 2949 etiam.

1992 2977 2377 3049 Primogeniti
2406 2995 2620 3035 omnes
2652 2980 3057 3036 Haebrzeorum
3084 2980 3336 3050 singulis
3368 2980 3543 3037 annis
3574 2979 3663 3036 di-

1994 3067 2291 3125 drachma
2330 3069 2678 3140 pendebant
2706 3070 2826 3126 Deo
2855 3070 2915 3125 in
2958 3070 3287 3139 gratiarum
3318 3070 3614 3126 actionem
3648 3083 3661 3123 :

1996 3172 2066 3214 eo
2093 3157 2257 3230 quod
2281 3157 2423 3214 olim
2448 3156 2863 3231 Egyptiorum
2887 3158 3286 3232 primogenita
3301 3158 3663 3231 perdiderat.

1996 3247 2148 3314 Quia
2186 3262 2326 3320 ergo
2368 3246 2632 3304 Christus
2673 3247 2853 3304 etiam
2900 3248 3338 3321 primogenitus
3380 3251 3521 3315 erat,
3560 3247 3665 3320 qui

1996 3337 2125 3392 haec
2147 3337 2618 3408 congregabant,
2648 3337 2726 3394 ad
2752 3338 2955 3409 ipsum
2982 3337 3226 3411 quidem
3259 3336 3539 3393 accedere
3569 3352 3667 3393 ve-

1994 3425 2302 3494 rebantur,
2343 3427 2711 3485 honorantes
2752 3444 2890 3483 eum
2921 3431 3167 3500 propter
3199 3426 3490 3484 miracula
3531 3442 3544 3482 :
3588 3426 3666 3483 ad

1997 3515 2242 3575 Petrum
2274 3520 2475 3574 autem
2508 3521 2797 3591 tanquam
2824 3516 3154 3590 principem
3183 3516 3312 3588 jam
3343 3516 3669 3589 discipulo-

1996 3623 2131 3663 rum
2152 3607 2445 3663 accedunt
2469 3630 2480 3662 :
2500 3623 2612 3665 nec
2629 3607 2892 3678 exigunt,
2919 3606 3025 3663 sed
3040 3623 3180 3663 cum
3201 3606 3668 3664 mansuetudine

1996 3695 2385 3767 interrogant.
2412 3698 2514 3753 Est
2545 3699 2743 3753 autem
2777 3696 3201 3753 didrachmum
3224 3711 3411 3767 genus
3438 3696 3667 3752 numis-

1999 3786 2201 3843 matis.

2066 3877 2228 3931 Vers.
2280 3879 2368 3931 25.
2424 3875 2693 3948 Cumque
2744 3876 3047 3947 ingressus
3099 3882 3243 3934 esset
3294 3907 3360 3917 —-
3408 3875 3672 3932 alienis?

1997 3963 2357 4037 Priusquam
2390 3962 2733 4038 loqueretur
2764 3965 2970 4021 Petrus
3002 3965 3077 4021 de
3108 3964 3483 4031 didrachmo,
3523 3980 3668 4038 prte-

1998 4052 2157 4109 venit
2196 4068 2334 4108 eum
2366 4053 2559 4119 Jesus,
2593 4052 3018 4110 demonstrans
3050 4069 3171 4110 non
3203 4069 3358 4125 opus
3388 4069 3520 4110 esse
3560 4051 3673 4109 sibi

1998 4146 2065 4199 ut
2102 4141 2180 4198 ab
2220 4141 2337 4199 alio
2376 4142 2645 4209 disceret,
2704 4130 2842 4199 cum
2892 4142 3065 4198 sciret
3102 4157 3225 4198 non
3266 4146 3498 4198 tantum
3535 4157 3672 4215 quas

2000 4232 2375 4297 dicebantur,
2415 4246 2627 4287 verum
2677 4231 2859 4288 etiam
2905 4247 3041 4303 quae
3089 4230 3527 4302 cogitabantur.
3568 4230 3674 4287 Per

2001 4319 2347 4391 exemplum
2392 4323 2593 4376 autem
2638 4319 2901 4376 ostendit
2948 4319 3136 4391 quod,
3185 4335 3323 4376 cum
3373 4317 3671 4376 naturalis

2002 4409 2075 4465 sit
2114 4408 2215 4463 Dei
2259 4409 2456 4475 Filius,
2510 4424 2633 4464 non
2683 4409 2863 4466 debet
2900 4409 3161 4481 pendere
3200 4408 3351 4465 Patri
3391 4407 3671 4467 didrach-

2002 4517 2192 4558 mum.
2253 4503 2403 4556 Nam
2455 4515 2626 4571 reges
2674 4516 2795 4556 non
2845 4516 2881 4556 a
2921 4500 3179 4574 propriis
3225 4499 3384 4570 ﬁliis,
3430 4498 3534 4555 sed
3592 4499 3670 4555 ab

2002 4590 2210 4648 alienis
2249 4589 2542 4647 tributum
2574 4589 2664 4646 vel
2695 4606 2947 4647 censum
2984 4589 3308 4663 accipiunt.
3354 4590 3522 4648 Idem
3563 4606 3673 4646 au-

2003 4686 2121 4736 tem
2162 4679 2504 4749 signiﬁcant
2542 4678 2683 4740 τέλος
2722 4679 2912 4754 (quod
2944 4679 3232 4738 tributum
3270 4679 3578 4751 vertimus)
3618 4683 3675 4736 et

2002 4777 2194 4831 κῆνσος
2235 4785 2442 4829 census
2486 4787 2497 4824 :
2535 4769 2639 4826 sed
2673 4769 2819 4826 illud
2852 4768 3019 4842 apud
3053 4770 3304 4837 Graecos,
3349 4769 3466 4827 hoc
3506 4769 3673 4843 apud

2005 4862 2331 4921 Romanos.

2076 4950 2241 5004 Vers.
2279 4952 2367 5004 26.
2411 4948 2566 5007 Dicit
2605 4981 2673 4990 -—
2700 4948 2831 5019 ﬁlii.
2865 4954 3021 5023 Ἀρα,
3064 4947 3198 5006 loco
3235 4948 3569 5022 reliquum;
3607 4948 3674 5003 li-

2002 5038 2131 5094 beri
2170 5041 2395 5109 autem,
2435 5052 2510 5093 ne
2540 5038 2810 5110 pendant
2842 5038 3134 5095 tributum
3164 5037 3258 5094 vel
3291 5052 3560 5094 censum.

1946 5244 1996 5278 ”
2028 5243 2165 5301 Luc.
2197 5258 2354 5314 xxxv,
2383 5242 2471 5297 45.

1521 5473 1744 5541 Varia}
1777 5474 2105 5543 lectiones
2148 5484 2216 5541 et
2246 5484 2448 5544 notat.

516 5687 765 5761 Ἐγίνετο,
800 5692 865 5745 Α.

366 5690 483 5834 ἓξὲξ

509 5764 788 5834 Quinque
812 5764 1009 5835 priora
1035 5762 1332 5822 vocabula
1359 5766 1645 5826 omiserat
1674 5770 2015 5827 Hentenius.
2052 5771 2243 5829 Etiam
2274 5772 2619 5842 proximum
2652 5766 2737 5825 δέ.
