4178 6458
1898 370 2247 429 EUTHYMII
2288 369 2624 428 ZIGABENI

642 509 801 562 Vers.
824 510 912 561 27.
940 505 1153 563 Verum
1172 536 1238 545 —
1258 511 1330 561 te.
1346 502 1764 559 Demonstrato
1778 500 2037 572 primum
2063 499 2229 571 quod
2262 497 2307 551 A

568 598 697 670 ipse
736 611 858 652 non
890 595 1108 651 debeat
1136 593 1398 667 pendere
1437 595 1681 663 prOpter
1711 590 2101 654 divinitatem,
2147 594 2226 643 ta-

570 703 709 744 men
741 687 883 743 dare
909 685 1081 757 jubet
1114 688 1353 757 propter
1385 681 1842 745 humanitatem,
1877 696 1951 735 ne
1980 678 2229 734 offendi-

570 777 774 833 culum
803 781 1161 848 paterentur,
1186 773 1358 846 quasi
1389 772 1517 843 ipse
1532 772 1718 826 Deum
1745 768 2097 840 despiceret,
2122 784 2226 823 no-

568 866 695 923 lens
714 866 910 937 etipse
927 867 1046 921 Deo
1062 864 1319 937 pendere
1333 861 1778 917 didrachmum.
1794 865 1839 915 Α
1859 860 2006 914 mari
2025 863 2225 915 autem

567 958 670 1012 dat
704 955 989 1012 tributum
1022 972 1035 1009 :
1076 953 1217 1009 hinc
1249 966 1494 1025 quoque
1532 949 1853 1006 ostendens
1893 948 2058 1020 quod
2099 952 2227 1004 tan-

565 1063 751 1119 quam
792 1045 1065 1102 omnium
1107 1042 1394 1099 Dominus
1447 1039 1716 1112 praecipit
1754 1044 1807 1094 et
1845 1039 2018 1103 mari,
2059 1042 2225 1110 quod

564 1137 737 1209 quasi
771 1137 1065 1207 praecepto
1097 1133 1227 1204 ejus
1268 1130 1626 1201 subjectum,
1659 1128 1833 1184 mittit
1861 1127 2090 1199 piscem
2120 1127 2224 1198 qui

565 1225 851 1280 tributum
877 1222 1127 1281 domino
1152 1219 1382 1276 deferat
1408 1234 1420 1273 :
1450 1233 1562 1274 nec
1587 1233 1693 1291 pro
1719 1217 1845 1287 ipso
1873 1216 2086 1282 solum,
2118 1216 2219 1271 sed

562 1319 620 1371 et
656 1330 765 1386 pro
804 1312 1001 1386 primo
1031 1310 1161 1383 ejus
1190 1306 1518 1381 discipulo;
1547 1322 1691 1363 nam
1732 1307 1936 1361 Petrus
1975 1320 2220 1377 quoque

560 1402 999 1473 primogenitus
1039 1404 1184 1456 erat.

634 1492 799 1548 Prius
839 1489 1135 1562 siquidem
1170 1488 1349 1545 etiam
1388 1487 1503 1543 hoc
1532 1485 1933 1542 diversimode
1972 1484 2221 1540 demon-

563 1582 765 1638 stravit
793 1600 805 1637 :
827 1586 884 1636 et
899 1579 1144 1652 quando
1162 1578 1274 1651 ipsi
1299 1578 1515 1633 furenti
1532 1576 1871 1647 imperavit,
1896 1580 1952 1631 et
1970 1574 2218 1646 quando

561 1687 668 1743 per
704 1670 905 1743 ipsum
936 1668 1108 1741 quasi
1138 1684 1246 1739 per
1284 1666 1518 1723 aridam
1551 1666 1732 1737 pedes
1764 1663 2110 1719 ambulavit.
2156 1665 2218 1719 Et

558 1776 720 1815 nunc
758 1774 1002 1831 quoque
1041 1756 1204 1813 idem
1243 1771 1483 1811 rursum
1523 1753 1690 1809 aliter
1729 1752 2007 1818 ostendit,
2052 1752 2215 1808 vario

3847 375 3951 431 496

2410 496 2521 550 Ἵνα
2576 528 2643 536 -—
2690 503 2803 548 σοῦ.
2865 493 3175 559 Ἀποδείξας
3235 506 3457 572 πρῶτον,
3514 500 3594 550 ὅτι
3649 498 3806 561 αὐτὸς
3854 499 3946 552 οὐκ

2341 586 2527 658 ὀφείλει
2585 586 2792 639 τελέσαι
2869 583 2962 639 δια
3018 591 3111 644 τὴν
3192 589 3432 656 θεότητα,
3512 591 3689 640 Λοιπὸν
3755 589 3946 644 κελεύει

2340 673 2523 728 δοῦναι
2574 672 2668 728 διὰ
2702 682 2796 733 τὴν
2846 675 3242 750 ἀνθρωπὸτητα,
3286 678 3367 729 ἵνα
3415 682 3487 749 μὴ
3542 675 3946 732 σκανδαλισθῶ-

2340 785 2441 832 σιν,
2486 768 2554 827 ὡς
2609 764 2953 835 ἀτιμάζοντος
3012 766 3170 818 αὐτοῦ
3218 770 3304 818 τόν
3342 770 3493 836 Θεὸν,
3534 766 3582 818 ἐν
3630 776 3701 838 τῷ
3748 774 3816 841 μὴ
3856 789 3941 822 τε-

2336 854 2434 906 λεῖν
2467 863 2554 906 καὶ
2595 855 2749 906 αὐτόν
2782 864 2852 926 τῲ
2884 864 2997 925 Θεῲ
3029 859 3084 907 τό
3132 852 3464 929 δίδραχμον.
3493 856 3582 909 Ἐκ
3610 866 3704 919 τῆς
3746 858 3946 911 θαλάσ-

2336 963 2431 1005 σης
2491 941 2550 996 δε
2597 940 2798 996 δίδωσι
2857 946 2913 995 τὸ
2971 943 3125 1012 τέλος,
3187 942 3435 997 δεικνύων
3498 944 3789 1019 κάντευθεν,
3841 951 3941 1019 ὅτι,

2335 1037 2464 1095 Θεὸς
2494 1034 2560 1084 ὠν
2592 1042 2689 1085 τῶν
2734 1034 2881 1101 ὅλων,
2931 1037 3157 1109 κυριεύει
3206 1040 3295 1088 καὶ
3335 1044 3428 1097 τῆς
3470 1037 3763 1105 θαλάσσης,
3824 1040 3942 1098 ἣτις

2332 1131 2403 1194 τῷ
2469 1122 2768 1195 βουλήματι
2842 1122 3003 1175 αὐτοῦ
3074 1126 3515 1197 καθυπηρετοῦσα
3592 1130 3784 1199 πέμπει
3853 1130 3940 1180 τόν

2334 1212 2512 1284 ἰχθὺν,
2563 1215 2843 1285 κομίζοντα
2888 1216 2946 1263 τό
2986 1213 3122 1274 τέλος
3173 1215 3300 1287 ὑπὲρ
3346 1223 3437 1268 τοῦ
3491 1221 3794 1268 Δεσπότου’
3851 1219 3939 1267 καὶ

2331 1302 2436 1372 οὐχ
2487 1303 2611 1376 ὑπὲρ
2658 1302 2817 1354 αὑτοῦ
2861 1307 3033 1374 μόνον,
3086 1301 3216 1355 ἀλλά
3270 1309 3361 1357 καὶ
3410 1306 3535 1379 ὑπὲρ
3582 1312 3675 1357 τοῦ
3728 1311 3938 1381 πρώτου

2330 1399 2427 1441 τῶν
2457 1393 2703 1463 μαθητῶν
2736 1391 2895 1443 αὐτοῦ
2925 1409 2937 1421 ·
2971 1397 3301 1464 πρωτότοκος
3330 1396 3431 1467 γὰρ
3459 1400 3549 1447 καὶ
3579 1396 3604 1446 ὁ
3636 1398 3831 1461 Πέτρος
3850 1396 3933 1453 ἧν.

2404 1485 2504 1533 Καὶ
2550 1484 2796 1555 πρότερον
2835 1486 2926 1554 μὲν
2974 1484 3076 1555 γὰρ
3122 1491 3276 1535 τοῦτο
3331 1480 3592 1559 διαφόρως
3623 1485 3759 1555 (57),
3807 1482 3937 1538 ἔδει·

2329 1570 2429 1639 ξεν,
2488 1571 2569 1623 ὅτε
2626 1569 2935 1643 ἐπετίμησεν
2989 1572 3119 1644 αὐτῇ
3181 1578 3486 1647 μαινομένῃ,
3553 1579 3642 1627 καὶ
3695 1576 3778 1627 ὅτε
3841 1572 3940 1628 διὰ

2326 1662 2523 1722 ταύτης
2564 1659 2854 1725 ἐπέζευσεν,
2911 1664 2981 1722 ὡς
3012 1657 3104 1713 διὰ
3153 1662 3355 1736 ξηρᾶς·
3396 1669 3486 1716 καὶ
3533 1673 3620 1716 νῦν
3670 1661 3730 1718 δε
3780 1664 3936 1718 πάλιν

2324 1752 2514 1821 τρόπον
2585 1750 2751 1824 ἕτερον
2822 1758 2972 1804 τοῦτο
3047 1748 3305 1819 δείκνυσι,
3377 1753 3702 1826 πολλαχόθεν
3761 1751 3937 1812 δηλῶν

557 1850 740 1906 modo
773 1846 1209 1919 subjectionem
1238 1844 1395 1900 illius
1429 1842 1797 1914 signiﬁcans.
1828 1845 1924 1899 Est
1952 1848 2009 1897 et
2037 1847 2207 1898 state!

2324 1841 2418 1896 τὴν
2448 1839 2713 1910 ὑποταγὴν
2745 1839 2929 1901 αὐτῆς.
2972 1841 3252 1917 Ἀργυρίου
3283 1839 3342 1896 δὲ
3372 1839 3511 1908 εἶδος
3542 1849 3630 1897 καὶ
3656 1846 3682 1896 ὁ
3730 1849 3934 1919 στατὴρ

554 1938 939 1996 numismatis
973 1951 1161 2007 genus
1183 1935 1306 1991 duo
1339 1933 1713 2000 didrachma,
1732 1933 1793 1988 id
1825 1935 2217 2005 est,'quatuor

554 2027 878 2088 drachmas
916 2025 1248 2082 continens.

626 2117 771 2174 Vide
811 2122 1013 2174 autem
1043 2114 1356 2189 quomodo
1394 2128 1558 2170 nunc
1585 2111 1811 2168 Judeeis
1851 2110 2213 2168 offendiculo

556 2223 685 2263 esse
710 2205 899 2263 noluit
921 2221 931 2261 :
955 2203 1097 2260 alibi
1112 2218 1255 2259 vero
1279 2201 1713 2257 Pharisaeorum
1735 2199 2005 2271 despexit
2030 2199 2215 2255 offen-

554 2295 844 2361 diculum,
878 2292 1126 2367 quando
1157 2292 1231 2347 de
1263 2290 1409 2347 cibis
1441 2289 1809 2362 disputabat.
1849 2290 2028 2345 Docet
2053 2289 2213 2345 enim

553 2384 720 2458 quod
734 2382 1064 2457 aliquando
1085 2379 1517 2438 offendiculum
1539 2394 1747 2434 cavere
1769 2384 2020 2451 oportet,
2041 2378 2216 2435 inter-

554 2475 701 2531 dum
742 2489 884 2530 vero
922 2471 1069 2529 illud
1107 2469 1432 2543 despicere,
1472 2472 1530 2525 et
1568 2484 1707 2524 cum
1742 2468 1966 2539 judicio
2006 2467 2119 2525 hoc
2160 2484 2218 2538 et

553 2563 701 2621 illud
732 2564 944 2621 facere.
1646 2552 1649 2553 ⁷

625 2650 1042 2710 Universaliter
1078 2649 1240 2705 enim
1277 2647 1338 2704 in
1385 2647 1479 2703 his
1531 2663 1666 2719 quae
1711 2648 1884 2719 juxta
1923 2649 2025 2703 Dei
2064 2664 2213 2720 prae-

552 2748 793 2815 ceptum
833 2740 1114 2797 dicuntur
1153 2742 1257 2795 aut
1292 2737 1465 2803 ﬁunt,
1509 2736 1941 2792 offendiculum
1981 2742 2213 2809 oportet

551 2828 856 2901 despicere
887 2830 981 2885 :in
1003 2829 1097 2885 his
1130 2833 1331 2886 autem
1362 2843 1499 2900 quas
1515 2828 1688 2898 juxta
1704 2826 2073 2882 voluntatem
2108 2844 2212 2883 no-

551 2926 754 2987 stram,
799 2918 1231 2975 olfendiculum
1272 2931 1480 2974 curare
1509 2916 1805 2981 convenit,
1849 2922 2025 2989 prout
2063 2933 2209 2989 prae-

548 3010 703 3082 cepit
740 3012 985 3081 Magnus
1028 3007 1296 3064 Basilius.

654 3102 804 3155 CAP.
835 3098 1081 3155 XXXVII.
1122 3099 1198 3153 De
1235 3096 1567 3153 dicentibus
1607 3112 1624 3151 :
1674 3097 1815 3162 Quis
1854 3098 2098 3167 major?

616 3206 764 3262 CAP.
810 3205 1000 3273 XVIII,
1054 3206 1212 3260 Vers.
1276 3205 1326 3261 1.
1385 3202 1458 3259 In
1518 3234 1584 3243 —
1624 3204 1948 3258 caelorum?
1988 3206 2203 3260 Huma-
2242 3220 2282 3277 ρ

544 3311 693 3351 num
732 3293 1024 3367 quiddam
1066 3292 1342 3364 discipuli
1384 3298 1525 3347 tunc
1564 3291 1960 3363 patiebantur.
2006 3293 2202 3349 lntuiti

544 3383 839 3457 siquidem
883 3382 1273 3455 praepositum
1316 3380 1495 3435 fuisse
1528 3380 1789 3446 Petrum,
1832 3397 1973 3436 nam
2016 3388 2071 3436 et
2108 3383 2202 3438 Ja-

544 3475 733 3529 cobus
787 3470 1224 3545 primogenitus
1268 3475 1393 3525 erat
1436 3473 1491 3525 et
1540 3468 1637 3524 alii
1684 3486 1696 3523 :
1745 3470 1847 3523 sed
1891 3471 2038 3525 nihil
2088 3470 2201 3527 tale

542 3578 651 3633 pro
682 3563 765 3617 eis
797 3560 959 3627 dixit,
997 3559 1314 3615 doluerunt
1347 3575 1359 3612 :
1391 3563 1444 3615 et
1476 3563 1679 3615 tamen
1711 3558 1991 3615 affectum
2026 3578 2197 3617 suum

541 3649 811 3706 conﬁteri
840 3648 1224 3714 erubuerunt,
1264 3647 1369 3704 sed
1399 3646 1735 3703 indistincte
1767 3654 2198 3721 praeceptorem

539 3737 928 3809 interrogant,
960 3737 1239 3810 quisnam
1271 3736 1573 3792 maximus
1604 3741 1757 3792 esset
1785 3753 2015 3793 eorum.

612 3832 727 3884 Nec
766 3827 826 3883 id
856 3827 1053 3883 solum
1086 3824 1367 3883 affectum
1400 3825 1562 3881 hunc
1593 3825 1975 3893 excitaverat,
2009 3828 2112 3884 sed
2141 3834 2197 3885 et

539 3918 656 3975 alia
682 3917 889 3975 multa.
919 3914 1070 3973 Nam
1098 3919 1154 3971 et
1182 3914 1345 3987 prius
1372 3929 1616 3988 quoque
1640 3914 2001 3974 beatiﬁcavit
2032 3935 2192 3985 eum,

536 4007 847 4081 multaque
870 4005 950 4063 illi
971 4004 1245 4079 promisit
1269 4021 1282 4060 :
1308 4004 1450 4061 alibi
1476 4005 1656 4063 etiam
1684 4006 1813 4062 visa
1839 4005 1996 4063 illius
2021 4007 2191 4065 liber-

535 4101 653 4156 tate
684 4096 995 4154 subtristes
1032 4091 1217 4151 effecti
1252 4100 1411 4151 sunt.

604 4189 833 4244 Marcus
864 4200 1004 4243 vero
1035 4183 1115 4241 ait
1145 4184 1212 4250 ³³,
1237 4183 1403 4257 quod
1432 4184 1696 4256 primum
1720 4184 1871 4241 inter
1899 4200 1959 4242 se
1989 4187 2191 4261 dispu-
2236 4182 2241 4187 ’

531 4280 825 4342 taverant,
858 4275 996 4349 quis
1034 4271 1339 4331 maximus
1387 4279 1575 4342 esset;
1609 4278 1666 4331 et
1708 4271 1847 4330 huic
1898 4281 2191 4334 consonat

530 4368 715 4424 etiam
746 4369 934 4424 Lucas
963 4367 1036 4422 ²¹ο.

600 4457 959 4528 Priusquam
990 4453 1151 4511 enim
1174 4453 1251 4510 ad
1274 4454 1513 4510 Petrum
1536 4455 1930 4513 accessissent
1953 4458 2059 4530 qui
2089 4456 2189 4515 di-

528 4544 822 4602 drachma
851 4544 1226 4617 accipiebant
1255 4543 1622 4616 (simpliciter
1646 4544 1720 4601 de
1752 4561 1822 4602 eo
1853 4546 2187 4605 ratiocinati

525 4630 835 4692 fuerantin
847 4634 1052 4690 itinere
1072 4648 1239 4701 ;cum
1253 4641 1453 4690 autem
1472 4636 1850 4707 Capernaum
1864 4637 2184 4708 venissent,

528 4724 633 4781 ubi
662 4724 842 4781 etiam
874 4724 1116 4780 Petrum
1147 4721 1445 4793 adierunt,
1478 4724 1582 4797 qui
1608 4724 1967 4784 didrachma
1994 4728 2186 4799 exige-

524 4812 714 4886 bant),
771 4818 912 4869 tunc
968 4811 1239 4869 videntes
1302 4829 1505 4869 rursus
1576 4813 1815 4870 Petrum
1872 4816 2187 4888 praahono-

522 4903 662 4973 rari,
696 4903 894 4975 magis
915 4903 1121 4961 irritati
1151 4907 1309 4972 sunt,
1336 4909 1393 4960 et
1416 4904 1499 4960 ita
1524 4902 1770 4964 demum
1790 4904 2186 4978 interrogave-

522 4998 683 5052 runt.

592 5126 639 5159 ³³
667 5123 841 5182 Marc.
876 5138 954 5188 ix,
983 5122 1072 5179 34.
1222 5121 1271 5157 ³⁸
1302 5123 1439 5177 Luc.
1468 5136 1549 5189 1x,
1577 5121 1666 5179 46.

2326 1924 2409 1993 ἦν,
2444 1924 2540 1980 δύο
2569 1924 2892 2001 διδράχμων
2919 1928 3178 1994 ἀντάξιος.

2397 2128 2579 2177 Σκόπει
2619 2121 2697 2191 δὲ,
2742 2134 2848 2187 πῶς
2906 2135 2992 2179 νῦν
3045 2132 3133 2200 μὲν
3178 2128 3273 2181 οὐκ
3335 2128 3599 2191 ἠϐουλήθη
3644 2129 3935 2186 σκανδαλί-

2328 2233 2418 2266 σαι
2474 2218 2592 2275 τοὺς
2656 2212 2966 2286 Ἰουδαίους,
3024 2216 3259 2289 ἀλλαχοῦ
3315 2215 3374 2272 δὲ
3438 2226 3791 2297 κατεφρόνησε
3835 2230 3933 2275 τοῦ

2328 2300 2625 2356 σκανδάλου
2679 2313 2780 2357 τῶν
2835 2311 3154 2381 Φαρισαίων,
3206 2310 3289 2361 ὅτε
3331 2314 3449 2382 περὶ
3492 2318 3590 2363 τῶν
3636 2309 3933 2387 βρωμάτων

2326 2390 2598 2465 διελέγετο.
2632 2392 2884 2447 Διδάσκει
2913 2399 3036 2471 γὰρ,
3077 2399 3157 2449 ὅτι
3197 2400 3321 2451 ποτε
3364 2402 3454 2471 μὲν
3484 2405 3595 2473 χρὴ
3643 2404 3934 2476 φροντίζειν

2324 2490 2413 2535 τοῦ
2473 2480 2793 2555 σκανδάλου,
2846 2488 2968 2538 ποτε
3023 2482 3082 2539 δὲ
3150 2496 3487 2561 καταφρονεῖν
3547 2490 3727 2559 αὐτοῦ,
3796 2492 3936 2562 μετά

2326 2570 2640 2647 διακρίσεως
2670 2570 2729 2627 δὲ
2754 2582 2916 2627 ποιεῖν
2946 2578 3035 2628 κάὶ
3072 2583 3226 2629 τοῦτο
3255 2575 3479 2634 κακεῖνο.

2393 2662 2655 2734 [Καθόλου
2686 2664 2796 2736 (58)
2825 2666 2926 2737 γὰρ
2978 2664 3059 2718 ἐπὶ
3106 2671 3195 2740 μὲν
3244 2675 3353 2730 τοῖς
3396 2668 3509 2722 κατ’
3540 2668 3741 2728 ἐντολὴν
3791 2677 3929 2723 Θεοῦ

2319 2750 2613 2824 λεγομένοις
2670 2754 2698 2811 ἡ
2777 2759 3149 2828 πραττομένοις
3222 2763 3333 2831 χρὴ
3414 2767 3751 2832 καταφρονεῖν
3832 2768 3930 2813 τοῦ

2322 2837 2617 2894 σκανδάλου
2677 2840 2759 2895 ἐπὶ
2814 2838 2873 2895 δὲ
2918 2852 3026 2905 τοῖς
3081 2849 3217 2899 κατὰ
3275 2852 3580 2921 προαίρεσιν
3647 2851 3925 2923 ἡμετέραν,

2316 2938 2569 3005 προσήκει
2653 2935 2946 3004 θεραπεύειν
3030 2939 3089 2988 τὸ
3178 2934 3488 3002 σκάνδαλον,
3562 2942 3625 2999 ὡς
3682 2940 3707 2990 ό
3761 2943 3928 3012 μέγας

2318 3021 2580 3081 Βασίλειος
2613 3017 2647 3073 δ
2654 3023 2913 3078 ιέστειλεν.
2939 3024 2957 3094 ]

2390 3118 2535 3165 ΚΕΦ.
2579 3113 2703 3165 AZ’.
2738 3118 2861 3186 Περὶ
2892 3123 2990 3165 τῶν
3021 3113 3284 3185 λεγόντων,
3327 3121 3421 3178 Τίς
3446 3122 3673 3190 μείζων;

2385 3200 2465 3252 Ἐν
2518 3233 2587 3243 -
2646 3202 2916 3274 ούρανώνς
2958 3204 3303 3278 Ἀνθρωπινόν
3365 3226 3416 3259 τι
3486 3212 3603 3260 τότε
3664 3211 3924 3261 πεπόνθα-

2314 3308 2396 3342 σιν
2448 3293 2495 3343 οἱ
2558 3294 2813 3365 μαθηταί.
2874 3295 3192 3365 Θεασάμενοι
3257 3297 3354 3369 γὰρ
3407 3300 3792 3370 προτιμηθέντα
3830 3303 3920 3351 τόν

2312 3383 2503 3453 Πέτρον
2539 3398 2551 3410 ⁸
2596 3386 2685 3433 καὶ
2731 3384 2832 3457 γὰρ
2893 3386 2981 3434 καὶ
3030 3383 3273 3446 Ἰάκωϐος
3330 3392 3655 3459 πρωτότοκος
3706 3384 3788 3453 ἦν,
3829 3394 3925 3441 καὶ

2309 3469 2471 3542 ἕτεροι
2507 3488 2519 3500 '
2561 3469 2668 3523 ἀλλ’
2698 3468 2849 3523 οὐδὲν
2902 3480 3137 3525 τοιοῦτον
3191 3475 3317 3547 ὑπὲρ
3376 3478 3572 3527 τούτων
3622 3474 3756 3530 εἶπεν
3791 3497 3803 3509 ³
3834 3478 3926 3537 ἤλ-

2306 3580 2501 3631 γησαν,
2551 3566 2640 3613 καὶ
2699 3561 3046 3633 αἰσχύνονται
3099 3567 3189 3635 μὲν
3242 3564 3568 3637 ὁμολογῆσαι
3620 3571 3679 3619 τό
3728 3569 3919 3639 πάθος,

2308 3646 2622 3723 ἀδιορίστως
2652 3647 2711 3702 δὲ
2752 3654 2837 3703 τόν
2888 3647 3214 3706 διδάσκαλον
3243 3651 3495 3729 ἐρωτῶσι,
3539 3660 3614 3716 τίς
3644 3657 3748 3730 οἶρα
3798 3663 3920 3729 μεί-

2309 3742 2408 3801 ζων
2446 3737 2499 3801 ἐξ
2524 3739 2692 3791 αὐτῶν
2706 3780 2719 3794 .

2377 3828 2452 3880 Ού
2484 3836 2636 3881 τοῦτο
2676 3825 2736 3881 δὲ
2763 3833 2934 3902 μόνον,
2970 3828 3097 3881 ἀλλά
3139 3835 3228 3883 καὶ
3258 3832 3404 3907 ἔτερα
3433 3832 3597 3886 πολλα
3635 3837 3694 3886 τὸ
3746 3836 3917 3899 πάθος

2305 3916 2527 3989 ἀνῆψαν.
2584 3923 2684 3971 Καὶ
2744 3920 2845 3993 γὰρ
2895 3923 2985 3971 καὶ
3054 3924 3299 3993 πρότερον
3354 3919 3667 3998 ἐμακάρισεν
3734 3926 3913 3995 αὐτόν,

2302 4011 2390 4059 καὶ
2446 4007 2647 4080 μεγάλα
2694 4010 2860 4079 τούτῳ
2924 4007 3289 4080 ἐπηγγείλατο,
3351 4017 3441 4064 καὶ
3492 4018 3589 4073 τὴν
3644 4015 3800 4072 arum
3854 4012 3915 4069 δὲ

2302 4096 2602 4173 παρρησίαν
2638 4096 2798 4149 αὐτοῦ
2828 4096 3118 4170 βλέποντες,
3154 4102 3549 4173 παρεκνίζοντο.

2371 4189 2580 4259 Μάρκος
2620 4182 2681 4239 δέ
2710 4206 2890 4259 φησιν,
2933 4190 3011 4240 ὅτι
3071 4192 3200 4263 πρὸς
3255 4190 3467 4253 ἑαυτοὺς
3513 4193 3628 4267 (59)
3683 4189 3909 4266 διελογί-

2301 4276 2469 4344 ζοντο,
2519 4280 2602 4339 τίς
2652 4276 2870 4349 μείζων.
2907 4280 3085 4351 Τούτῳ
3118 4275 3179 4332 δε
3214 4278 3431 4353 συνᾴδει
3474 4286 3563 4333 καὶ
3595 4284 3621 4333 ὁ
3676 4289 3900 4346 Λουκᾶς.

2370 4482 2477 4553 Πρὸ
2508 4482 2598 4553 μεν
2631 4480 2733 4552 γὰρ
2782 4486 2872 4533 τοῦ
2902 4477 3137 4552 ἐντυχεῖν
3184 4489 3257 4551 τῷ
3307 4485 3482 4554 Πέτρῳ
3525 4481 3637 4555 (60)
3682 4486 3801 4546 τοὺς
3840 4483 3907 4537 τὰ

2299 4565 2588 4643 δίδραχμα
2659 4567 3033 4641 λαμϐάνοντας,
3104 4567 3465 4642 διελογίσαντο
3530 4577 3650 4647 περὶ
3718 4577 3903 4627 τούτου

2297 4661 2433 4712 κατὰ
2471 4663 2565 4718 τὴν
2609 4655 2730 4711 όδόν
2776 4657 2950 4721 ἁπλῶς
2976 4680 2988 4693 ο
3031 4657 3253 4721 ἐλθόντες
3304 4657 3362 4714 δὲ
3408 4661 3481 4725 εἰς
3534 4668 3901 4738 Καπερναούμ,

2296 4749 2345 4803 ἐν
2438 4753 2527 4801 καί
2569 4757 2640 4821 τῷ
2672 4753 2849 4823 Πέτρῳ
2877 4748 3175 4824 προσῆλθον
3230 4752 3279 4804 οἱ
3327 4754 3393 4805 τὰ
3445 4749 3734 4828 δίδραχμα
3771 4754 3903 4827 λαμ-

2296 4839 2553 4905 ϐάνοντες,
2585 4843 2676 4892 καὶ
2719 4835 2918 4902 ἰδόντες
2956 4846 3137 4892 τοῦτον
3181 4842 3259 4894 ἔτι
3287 4844 3675 4915 προτιμηθέντα
3711 4842 3901 4916 μᾶλλον

2295 4929 2654 5003 ὴρεθίσθησαν
2680 4950 2693 4964 ο
2726 4933 2815 4983 καὶ
2853 4933 2969 4983 τότε
2993 4928 3172 4984 λοιπόν
3204 4930 3507 5005 ἠρώτησαν.

1747 5275 1969 5345 Variae
1993 5275 2323 5351 lectiones
2353 5289 2421 5350 et
2461 5292 2667 5351 notae.

738 5413 860 5492 ’Ὁτι
891 5417 1240 5492 κυριεύει-τῆς
1268 5415 1541 5479 θαλάσσης

594 5488 705 5557 (58)
736 5488 973 5545 Inclusa
1012 5488 1228 5557 omittit
1259 5492 1323 5543 A.

733 5562 956 5632 Marcus
1004 5556 1565 5632 Ιὶᾶὺθιδιελέχθησαν.
1626 5561 1787 5618 Unde
1835 5579 1978 5632 ergo
2011 5561 2173 5619 διελο-

519 5631 763 5700 γίζοντο;
796 5630 1029 5706 Scilicet
1058 5648 1131 5687 ex
1175 5630 1479 5706 Chl‘YSOSt.
1514 5638 1551 5690 ι.
1606 5635 1717 5699 VII,
1765 5650 1825 5706 p.
1865 5630 1963 5692 587
1998 5637 2058 5692 Β.
2094 5641 2173 5695 Ex

519 5720 590 5781 eo
620 5702 1379 5781 occupuvitctiamcodices
1406 5706 1724 5781 nonnullus
1744 5702 1880 5763 cum
1909 5708 2165 5765 scholiis.

521 5774 871 5844 Euthymius
904 5774 1029 5843 ipse
1060 5776 1365 5845 vulgatum
1408 5776 1590 5835 habet
1618 5778 1681 5833 in
1714 5784 1869 5835 textu
1898 5781 2091 5839 Marci.

2285 5655 2436 5697 enim
2450 5687 2461 5697 .

2283 5713 2429 5781 didi,
2453 5718 2510 5769 et
2538 5720 2695 5781 ante,
2726 5720 2887 5777 tunc,
2922 5714 3170 5781 exclusi,
3212 5720 3372 5771 sunt.

2361 5424 2477 5498 (60)
2506 5426 2564 5480 In
2584 5426 2784 5498 codice
2802 5425 3072 5482 Hentenii
3098 5426 3369 5483 videntur
3384 5424 3591 5498 omnia
3611 5422 3900 5498 abfuisse,

2289 5513 2325 5553 a
2357 5495 2545 5580 Πέτρῳ.
2576 5496 2657 5580 ad
2696 5497 3039 5580 proximum
3072 5503 3270 5574 Πέτρῳ.
3324 5496 3575 5577 Εινεοβη
3607 5495 3906 5578 principio

2288 5584 2418 5643 pro,
2443 5567 2588 5643 ét’rid
2612 5567 2840 5641 quidem
2868 5567 3236 5643 priusquam,
3270 5567 3530 5643 correxi,
3549 5567 3900 5643 priusquam

2498 5639 2636 5707 Quae
2661 5648 2864 5698 autem
2895 5639 3125 5698 inclu’sa
3146 5648 3284 5700 sunt
3301 5643 3361 5698 in
3380 5639 3674 5708 versione,
3695 5654 3770 5696 ea
3794 5639 3906 5698 ad-
