  <div class='ocr_page' id='page_1' title='image "/cluster/home/n/w/nwhite01/storage/ocr_20150623/129/coo.31924054870344/258.png"; bbox 0 0 4178 6384; ppageno 0'>
   <div class='ocr_carea' id='block_1_1' title="bbox 260 368 364 424">
    <p class='ocr_par' dir='ltr' id='par_1_1' title="bbox 260 368 364 424">
     <span class='ocr_line' id='line_1_1' title="bbox 260 368 364 424; baseline -0.029 0"><span class='ocrx_word' id='word_1_1' title='bbox 260 368 364 424; x_wconf 72' lang='grc'><strong>497</strong></span> 
     </span>
    </p>
   </div>
   <div class='ocr_carea' id='block_1_2' title="bbox 1229 349 2716 416">
    <p class='ocr_par' dir='ltr' id='par_1_2' title="bbox 1229 349 2716 416">
     <span class='ocr_line' id='line_1_2' title="bbox 1229 349 2716 416; baseline -0.008 0"><span class='ocrx_word' id='word_1_2' title='bbox 1229 355 1594 416; x_wconf 81' lang='lat' dir='ltr'><strong>COMMENT.</strong></span> <span class='ocrx_word' id='word_1_3' title='bbox 1637 355 1708 410; x_wconf 88' lang='lat' dir='ltr'><strong>IN</strong></span> <span class='ocrx_word' id='word_1_4' title='bbox 1747 349 2177 410; x_wconf 65' lang='lat' dir='ltr'><strong>MATTIL‘EUM.</strong></span> <span class='ocrx_word' id='word_1_5' title='bbox 2216 381 2283 392; x_wconf 88' lang='lat'><strong>-</strong></span> <span class='ocrx_word' id='word_1_6' title='bbox 2314 349 2470 406; x_wconf 86' lang='lat' dir='ltr'><strong>CAP.</strong></span> <span class='ocrx_word' id='word_1_7' title='bbox 2514 349 2716 405; x_wconf 86' lang='lat' dir='ltr'><strong>XVIII.</strong></span> 
     </span>
    </p>
   </div>
   <div class='ocr_carea' id='block_1_3' title="bbox 3543 345 3647 402">
    <p class='ocr_par' dir='ltr' id='par_1_3' title="bbox 3543 345 3647 402">
     <span class='ocr_line' id='line_1_3' title="bbox 3543 345 3647 402; baseline -0.029 0"><span class='ocrx_word' id='word_1_8' title='bbox 3543 345 3647 402; x_wconf 75' lang='lat'>498</span> 
     </span>
    </p>
   </div>
   <div class='ocr_carea' id='block_1_4' title="bbox 333 473 1865 563">
    <p class='ocr_par' dir='ltr' id='par_1_4' title="bbox 333 478 1861 563">
     <span class='ocr_line' id='line_1_4' title="bbox 333 478 1861 563; baseline -0.012 -16"><span class='ocrx_word' id='word_1_9' title='bbox 333 499 434 547; x_wconf 74' lang='grc' dir='ltr'><strong>Καὶ</strong></span> <span class='ocrx_word' id='word_1_10' title='bbox 477 488 702 546; x_wconf 81' lang='grc' dir='ltr'>δοκοῦσι</span> <span class='ocrx_word' id='word_1_11' title='bbox 730 490 820 562; x_wconf 71' lang='grc' dir='ltr'>μὶν</span> <span class='ocrx_word' id='word_1_12' title='bbox 849 486 1134 563; x_wconf 74' lang='grc' dir='ltr'>ἔρωτῆσαι,</span> <span class='ocrx_word' id='word_1_13' title='bbox 1165 490 1284 559; x_wconf 76' lang='grc' dir='ltr'>περὶ</span> <span class='ocrx_word' id='word_1_14' title='bbox 1327 484 1388 537; x_wconf 83' lang='grc' dir='ltr'>οὖ</span> <span class='ocrx_word' id='word_1_15' title='bbox 1431 481 1728 555; x_wconf 69' lang='grc' dir='ltr'>ἐγίνωσκον·</span> <span class='ocrx_word' id='word_1_16' title='bbox 1766 478 1861 530; x_wconf 74' lang='grc' dir='ltr'><strong>οὐκ</strong></span> 
     </span>
    </p>
   </div>
   <div class='ocr_carea' id='block_1_5' title="bbox 1986 473 3646 563">
    <p class='ocr_par' dir='ltr' id='par_1_5' title="bbox 2047 473 3646 545">
     <span class='ocr_line' id='line_1_5' title="bbox 2047 473 3646 545; baseline -0.003 -14"><span class='ocrx_word' id='word_1_17' title='bbox 2047 475 2339 532; x_wconf 81' lang='lat' dir='ltr'><strong>Videntur</strong></span> <span class='ocrx_word' id='word_1_18' title='bbox 2367 479 2568 532; x_wconf 89' lang='lat' dir='ltr'><strong>autem</strong></span> <span class='ocrx_word' id='word_1_19' title='bbox 2599 475 2676 531; x_wconf 88' lang='lat' dir='ltr'><strong>de</strong></span> <span class='ocrx_word' id='word_1_20' title='bbox 2702 490 2769 531; x_wconf 90' lang='lat' dir='ltr'><strong>eo</strong></span> <span class='ocrx_word' id='word_1_21' title='bbox 2797 474 3166 545; x_wconf 83' lang='lat' dir='ltr'><strong>interrogare</strong></span> <span class='ocrx_word' id='word_1_22' title='bbox 3190 473 3352 544; x_wconf 88' lang='lat' dir='ltr'><strong>quod</strong></span> <span class='ocrx_word' id='word_1_23' title='bbox 3377 473 3507 543; x_wconf 89' lang='lat' dir='ltr'><strong>jam</strong></span> <span class='ocrx_word' id='word_1_24' title='bbox 3535 486 3646 528; x_wconf 83' lang='lat' dir='ltr'><strong>no-</strong></span> 
     </span>
    </p>
   </div>
   <div class='ocr_carea' id='block_1_6' title="bbox 254 572 1864 651">
    <p class='ocr_par' dir='ltr' id='par_1_6' title="bbox 254 572 1864 651">
     <span class='ocr_line' id='line_1_6' title="bbox 254 572 1864 651; baseline -0.01 -14"><span class='ocrx_word' id='word_1_25' title='bbox 254 587 370 637; x_wconf 82' lang='grc' dir='ltr'>ἔστι</span> <span class='ocrx_word' id='word_1_26' title='bbox 400 578 460 635; x_wconf 64' lang='grc' dir='ltr'>δὲ</span> <span class='ocrx_word' id='word_1_27' title='bbox 489 588 663 642; x_wconf 63' lang='grc' dir='ltr'>τοῦτο,</span> <span class='ocrx_word' id='word_1_28' title='bbox 702 581 802 632; x_wconf 81' lang='grc' dir='ltr'><strong>Καὶ</strong></span> <span class='ocrx_word' id='word_1_29' title='bbox 829 578 954 651; x_wconf 74' lang='grc' dir='ltr'>γὰρ,</span> <span class='ocrx_word' id='word_1_30' title='bbox 989 577 1068 631; x_wconf 86' lang='grc' dir='ltr'>ὅτι</span> <span class='ocrx_word' id='word_1_31' title='bbox 1099 577 1188 648; x_wconf 68' lang='grc' dir='ltr'>μὶν</span> <span class='ocrx_word' id='word_1_32' title='bbox 1228 573 1311 627; x_wconf 80' lang='grc' dir='ltr'><strong>ἐπὶ</strong></span> <span class='ocrx_word' id='word_1_33' title='bbox 1359 582 1455 634; x_wconf 82' lang='grc' dir='ltr'><strong>τῆς</strong></span> <span class='ocrx_word' id='word_1_34' title='bbox 1481 579 1581 644; x_wconf 77' lang='grc' dir='ltr'>γῆς</span> <span class='ocrx_word' id='word_1_35' title='bbox 1612 572 1638 622; x_wconf 86' lang='grc' dir='ltr'><strong><em>ὁ</em></strong></span> <span class='ocrx_word' id='word_1_36' title='bbox 1671 573 1864 642; x_wconf 81' lang='grc' dir='ltr'><strong>Πέτρος</strong></span> 
     </span>
    </p>
   </div>
   <div class='ocr_carea' id='block_1_7' title="bbox 253 658 1864 746">
    <p class='ocr_par' dir='ltr' id='par_1_7' title="bbox 253 658 1864 746">
     <span class='ocr_line' id='line_1_7' title="bbox 253 658 1864 746; baseline -0.01 -20"><span class='ocrx_word' id='word_1_37' title='bbox 253 676 636 746; x_wconf 75' lang='grc' dir='ltr'><strong>προτετίμηται</strong></span> <span class='ocrx_word' id='word_1_38' title='bbox 664 670 881 736; x_wconf 84' lang='grc' dir='ltr'>τούτων,</span> <span class='ocrx_word' id='word_1_39' title='bbox 913 663 1112 740; x_wconf 74' lang='grc' dir='ltr'>ᾔδεσαν</span> <span class='ocrx_word' id='word_1_40' title='bbox 1145 664 1197 728; x_wconf 79' lang='grc' dir='ltr'><strong>ἐξ</strong></span> <span class='ocrx_word' id='word_1_41' title='bbox 1226 665 1294 714; x_wconf 85' lang='grc' dir='ltr'>ὧν</span> <span class='ocrx_word' id='word_1_42' title='bbox 1338 662 1563 716; x_wconf 79' lang='grc' dir='ltr'>ἔϐλεπον·</span> <span class='ocrx_word' id='word_1_43' title='bbox 1599 658 1864 713; x_wconf 74' lang='grc' dir='ltr'>ἐϐούλοντο</span> 
     </span>
    </p>
   </div>
   <div class='ocr_carea' id='block_1_8' title="bbox 257 749 1866 835">
    <p class='ocr_par' dir='ltr' id='par_1_8' title="bbox 257 749 1866 835">
     <span class='ocr_line' id='line_1_8' title="bbox 257 749 1866 835; baseline -0.009 -19"><span class='ocrx_word' id='word_1_44' title='bbox 257 759 316 816; x_wconf 61' lang='grc' dir='ltr'>δὲ</span> <span class='ocrx_word' id='word_1_45' title='bbox 347 763 550 835; x_wconf 78' lang='grc' dir='ltr'>μαθεῖν,</span> <span class='ocrx_word' id='word_1_46' title='bbox 568 757 614 812; x_wconf 77' lang='grc' dir='ltr'>εἰ</span> <span class='ocrx_word' id='word_1_47' title='bbox 640 761 730 812; x_wconf 80' lang='grc' dir='ltr'>καί</span> <span class='ocrx_word' id='word_1_48' title='bbox 755 757 806 813; x_wconf 70' lang='grc' dir='ltr'>ἐν</span> <span class='ocrx_word' id='word_1_49' title='bbox 833 757 1034 830; x_wconf 74' lang='grc' dir='ltr'>οὐρανῷ</span> <span class='ocrx_word' id='word_1_50' title='bbox 1057 755 1357 828; x_wconf 83' lang='grc' dir='ltr'>προτιμηθή</span> <span class='ocrx_word' id='word_1_51' title='bbox 1369 771 1534 805; x_wconf 79' lang='grc' dir='ltr'>σεται.</span> <span class='ocrx_word' id='word_1_52' title='bbox 1565 749 1727 804; x_wconf 74' lang='grc' dir='ltr'>Ἀλλὰ</span> <span class='ocrx_word' id='word_1_53' title='bbox 1753 753 1866 802; x_wconf 83' lang='grc' dir='ltr'>τότε</span> 
     </span>
    </p>
   </div>
   <div class='ocr_carea' id='block_1_9' title="bbox 256 837 1864 925">
    <p class='ocr_par' dir='ltr' id='par_1_9' title="bbox 256 837 1864 925">
     <span class='ocr_line' id='line_1_9' title="bbox 256 837 1864 925; baseline -0.009 -21"><span class='ocrx_word' id='word_1_54' title='bbox 256 855 348 925; x_wconf 74' lang='grc' dir='ltr'>μὲν</span> <span class='ocrx_word' id='word_1_55' title='bbox 379 850 637 922; x_wconf 76' lang='grc' dir='ltr'>ἤλγησαν,</span> <span class='ocrx_word' id='word_1_56' title='bbox 669 851 858 920; x_wconf 63' lang='grc' dir='ltr'>τέγειοι</span> <span class='ocrx_word' id='word_1_57' title='bbox 887 842 948 900; x_wconf 60' lang='grc' dir='ltr'>δὲ</span> <span class='ocrx_word' id='word_1_58' title='bbox 977 849 1260 922; x_wconf 76' lang='grc' dir='ltr'>γενόμενοι,</span> <span class='ocrx_word' id='word_1_59' title='bbox 1291 850 1390 896; x_wconf 83' lang='grc' dir='ltr'>τῶν</span> <span class='ocrx_word' id='word_1_60' title='bbox 1415 843 1679 915; x_wconf 78' lang='grc' dir='ltr'><strong>πρωτείων</strong></span> <span class='ocrx_word' id='word_1_61' title='bbox 1709 837 1864 899; x_wconf 75' lang='grc' dir='ltr'>αλλή-</span> 
     </span>
    </p>
   </div>
   <div class='ocr_carea' id='block_1_10' title="bbox 256 943 769 1014">
    <p class='ocr_par' dir='ltr' id='par_1_10' title="bbox 256 943 769 1014">
     <span class='ocr_line' id='line_1_10' title="bbox 256 943 769 1014; baseline -0.004 -18"><span class='ocrx_word' id='word_1_62' title='bbox 256 943 369 1004; x_wconf 82' lang='grc' dir='ltr'>λοις</span> <span class='ocrx_word' id='word_1_63' title='bbox 399 944 769 1014; x_wconf 75' lang='grc' dir='ltr'>παρεχώρουν.</span> 
     </span>
    </p>
   </div>
   <div class='ocr_carea' id='block_1_11' title="bbox 339 1161 1866 1246">
    <p class='ocr_par' dir='ltr' id='par_1_11' title="bbox 339 1161 1866 1246">
     <span class='ocr_line' id='line_1_11' title="bbox 339 1161 1866 1246; baseline -0.012 -15"><span class='ocrx_word' id='word_1_64' title='bbox 339 1181 441 1231; x_wconf 78' lang='grc' dir='ltr'>Καὶ</span> <span class='ocrx_word' id='word_1_65' title='bbox 496 1204 566 1216; x_wconf 93' lang='grc'><strong><em>-</em></strong></span> <span class='ocrx_word' id='word_1_66' title='bbox 610 1174 802 1230; x_wconf 69' lang='grc' dir='ltr'>αὐτῶν,</span> <span class='ocrx_word' id='word_1_67' title='bbox 840 1173 1054 1246; x_wconf 80' lang='grc' dir='ltr'>Μάρκος</span> <span class='ocrx_word' id='word_1_68' title='bbox 1099 1165 1157 1222; x_wconf 69' lang='grc' dir='ltr'>δὲ</span> <span class='ocrx_word' id='word_1_69' title='bbox 1201 1187 1378 1241; x_wconf 77' lang='grc' dir='ltr'>φησιν,</span> <span class='ocrx_word' id='word_1_70' title='bbox 1431 1167 1513 1218; x_wconf 86' lang='grc' dir='ltr'>ὅτι</span> <span class='ocrx_word' id='word_1_71' title='bbox 1561 1167 1662 1217; x_wconf 79' lang='grc' dir='ltr'><strong>Καὶ</strong></span> <span class='ocrx_word' id='word_1_72' title='bbox 1714 1161 1866 1234; x_wconf 67' lang='grc' dir='ltr'>ἐναγ-</span> 
     </span>
    </p>
   </div>
   <div class='ocr_carea' id='block_1_12' title="bbox 260 1250 1868 1339">
    <p class='ocr_par' dir='ltr' id='par_1_12' title="bbox 260 1250 1868 1339">
     <span class='ocr_line' id='line_1_12' title="bbox 260 1250 1868 1339; baseline -0.011 -17"><span class='ocrx_word' id='word_1_73' title='bbox 260 1267 606 1339; x_wconf 68' lang='grc' dir='ltr'>καλισάμενος</span> <span class='ocrx_word' id='word_1_74' title='bbox 679 1264 824 1329; x_wconf 70' lang='grc' dir='ltr'>αὐτὸ,</span> <span class='ocrx_word' id='word_1_75' title='bbox 903 1259 1038 1314; x_wconf 83' lang='grc' dir='ltr'>εἶπεν</span> <span class='ocrx_word' id='word_1_76' title='bbox 1097 1259 1289 1319; x_wconf 70' lang='grc' dir='ltr'>αὐτοῖς·</span> <span class='ocrx_word' id='word_1_77' title='bbox 1353 1260 1560 1316; x_wconf 82' lang='grc' dir='ltr'><strong>Λουκᾶς</strong></span> <span class='ocrx_word' id='word_1_78' title='bbox 1627 1250 1704 1318; x_wconf 71' lang='grc' dir='ltr'>δὲ,</span> <span class='ocrx_word' id='word_1_79' title='bbox 1785 1254 1868 1305; x_wconf 84' lang='grc' dir='ltr'>ὅτι</span> 
     </span>
    </p>
   </div>
   <div class='ocr_carea' id='block_1_13' title="bbox 255 1344 1869 1428">
    <p class='ocr_par' dir='ltr' id='par_1_13' title="bbox 255 1344 1869 1428">
     <span class='ocr_line' id='line_1_13' title="bbox 255 1344 1869 1428; baseline -0.012 -16"><span class='ocrx_word' id='word_1_80' title='bbox 255 1357 516 1415; x_wconf 80' lang='grc' dir='ltr'>Ἐστησεν</span> <span class='ocrx_word' id='word_1_81' title='bbox 551 1353 676 1407; x_wconf 78' lang='grc' dir='ltr'>αὐτὸ</span> <span class='ocrx_word' id='word_1_82' title='bbox 718 1352 842 1428; x_wconf 89' lang='grc' dir='ltr'>παρ’</span> <span class='ocrx_word' id='word_1_83' title='bbox 887 1351 1074 1422; x_wconf 81' lang='grc' dir='ltr'>ἑαυτῷ.</span> <span class='ocrx_word' id='word_1_84' title='bbox 1112 1350 1286 1402; x_wconf 75' lang='grc' dir='ltr'>Πάντα</span> <span class='ocrx_word' id='word_1_85' title='bbox 1329 1344 1388 1400; x_wconf 69' lang='grc' dir='ltr'>δὲ</span> <span class='ocrx_word' id='word_1_86' title='bbox 1424 1350 1688 1419; x_wconf 68' lang='grc' dir='ltr'>γεγόνασι.</span> <span class='ocrx_word' id='word_1_87' title='bbox 1726 1350 1869 1418; x_wconf 87' lang='grc' dir='ltr'>Πρῶ-</span> 
     </span>
    </p>
   </div>
   <div class='ocr_carea' id='block_1_14' title="bbox 257 1428 1864 1520">
    <p class='ocr_par' dir='ltr' id='par_1_14' title="bbox 257 1428 1864 1520">
     <span class='ocr_line' id='line_1_14' title="bbox 257 1428 1864 1520; baseline -0.011 -20"><span class='ocrx_word' id='word_1_88' title='bbox 257 1467 346 1501; x_wconf 85' lang='grc' dir='ltr'><strong>τον</strong></span> <span class='ocrx_word' id='word_1_89' title='bbox 403 1449 494 1520; x_wconf 75' lang='grc' dir='ltr'><strong>μεν</strong></span> <span class='ocrx_word' id='word_1_90' title='bbox 548 1447 650 1520; x_wconf 77' lang='grc' dir='ltr'>γὰρ</span> <span class='ocrx_word' id='word_1_91' title='bbox 708 1445 925 1502; x_wconf 75' lang='grc' dir='ltr'>ἔστησεν</span> <span class='ocrx_word' id='word_1_92' title='bbox 993 1439 1118 1492; x_wconf 66' lang='grc' dir='ltr'>αὐτὸ</span> <span class='ocrx_word' id='word_1_93' title='bbox 1177 1436 1226 1490; x_wconf 85' lang='grc' dir='ltr'>ἐν</span> <span class='ocrx_word' id='word_1_94' title='bbox 1283 1439 1426 1510; x_wconf 79' lang='grc' dir='ltr'>μέσῳ</span> <span class='ocrx_word' id='word_1_95' title='bbox 1474 1434 1667 1487; x_wconf 68' lang='grc' dir='ltr'>αὐτῶν·</span> <span class='ocrx_word' id='word_1_96' title='bbox 1736 1428 1864 1495; x_wconf 81' lang='grc' dir='ltr'>εἶτα,</span> 
     </span>
    </p>
   </div>
   <div class='ocr_carea' id='block_1_15' title="bbox 254 1517 1867 1610">
    <p class='ocr_par' dir='ltr' id='par_1_15' title="bbox 254 1517 1867 1610">
     <span class='ocr_line' id='line_1_15' title="bbox 254 1517 1867 1610; baseline -0.011 -20"><span class='ocrx_word' id='word_1_97' title='bbox 254 1537 381 1610; x_wconf 86' lang='grc' dir='ltr'>παρ’</span> <span class='ocrx_word' id='word_1_98' title='bbox 429 1535 616 1607; x_wconf 77' lang='grc' dir='ltr'>ἑαυτῷ,</span> <span class='ocrx_word' id='word_1_99' title='bbox 673 1535 849 1587; x_wconf 80' lang='grc' dir='ltr'>ἔπειτα</span> <span class='ocrx_word' id='word_1_100' title='bbox 887 1527 1263 1601; x_wconf 75' lang='grc' dir='ltr'>ἐνηγκαλίσατο</span> <span class='ocrx_word' id='word_1_101' title='bbox 1303 1526 1448 1580; x_wconf 66' lang='grc' dir='ltr'>αὐτὸ.</span> <span class='ocrx_word' id='word_1_102' title='bbox 1509 1521 1753 1577; x_wconf 70' lang='grc' dir='ltr'>Βούλει-αι</span> <span class='ocrx_word' id='word_1_103' title='bbox 1809 1517 1867 1573; x_wconf 71' lang='grc' dir='ltr'>δὲ</span> 
     </span>
    </p>
   </div>
   <div class='ocr_carea' id='block_1_16' title="bbox 257 1611 1866 1692">
    <p class='ocr_par' dir='ltr' id='par_1_16' title="bbox 257 1611 1866 1692">
     <span class='ocr_line' id='line_1_16' title="bbox 257 1611 1866 1692; baseline -0.011 -12"><span class='ocrx_word' id='word_1_104' title='bbox 257 1623 353 1680; x_wconf 81' lang='grc' dir='ltr'><strong>διὰ</strong></span> <span class='ocrx_word' id='word_1_105' title='bbox 383 1633 476 1678; x_wconf 80' lang='grc' dir='ltr'>τοῦ</span> <span class='ocrx_word' id='word_1_106' title='bbox 510 1625 648 1677; x_wconf 83' lang='grc' dir='ltr'><strong>κατὰ</strong></span> <span class='ocrx_word' id='word_1_107' title='bbox 697 1626 754 1675; x_wconf 87' lang='grc' dir='ltr'>τὸ</span> <span class='ocrx_word' id='word_1_108' title='bbox 790 1617 1004 1675; x_wconf 79' lang='grc' dir='ltr'>παιδίον</span> <span class='ocrx_word' id='word_1_109' title='bbox 1047 1615 1480 1692; x_wconf 65' lang='grc' dir='ltr'><strong>παραδείγματος</strong></span> <span class='ocrx_word' id='word_1_110' title='bbox 1527 1611 1866 1665; x_wconf 67' lang='grc' dir='ltr'><strong>καταστεῖλαι</strong></span> 
     </span>
    </p>
   </div>
   <div class='ocr_carea' id='block_1_17' title="bbox 253 1713 730 1777">
    <p class='ocr_par' dir='ltr' id='par_1_17' title="bbox 253 1713 730 1777">
     <span class='ocr_line' id='line_1_17' title="bbox 253 1713 730 1777; baseline -0.015 -7"><span class='ocrx_word' id='word_1_111' title='bbox 253 1720 312 1769; x_wconf 86' lang='grc' dir='ltr'>τὸ</span> <span class='ocrx_word' id='word_1_112' title='bbox 343 1721 413 1774; x_wconf 79' lang='grc' dir='ltr'><strong>πῆ</strong></span> <span class='ocrx_word' id='word_1_113' title='bbox 424 1718 509 1777; x_wconf 80' lang='grc' dir='ltr'><strong>θος</strong></span> <span class='ocrx_word' id='word_1_114' title='bbox 539 1713 730 1768; x_wconf 65' lang='grc' dir='ltr'>αὐτῶν.</span> 
     </span>
    </p>
   </div>
   <div class='ocr_carea' id='block_1_18' title="bbox 1973 562 3642 637">
    <p class='ocr_par' dir='ltr' id='par_1_18' title="bbox 1973 562 3642 637">
     <span class='ocr_line' id='line_1_18' title="bbox 1973 562 3642 637; baseline -0.003 -15"><span class='ocrx_word' id='word_1_115' title='bbox 1973 570 2201 636; x_wconf 85' lang='lat' dir='ltr'><strong>verant,</strong></span> <span class='ocrx_word' id='word_1_116' title='bbox 2231 581 2354 622; x_wconf 90' lang='lat' dir='ltr'><strong>non</strong></span> <span class='ocrx_word' id='word_1_117' title='bbox 2390 570 2594 622; x_wconf 90' lang='lat' dir='ltr'><strong>tamen</strong></span> <span class='ocrx_word' id='word_1_118' title='bbox 2625 567 2710 622; x_wconf 90' lang='lat' dir='ltr'><strong>est</strong></span> <span class='ocrx_word' id='word_1_119' title='bbox 2768 563 2868 619; x_wconf 85' lang='lat' dir='ltr'><strong>ita.</strong></span> <span class='ocrx_word' id='word_1_120' title='bbox 2921 562 3230 637; x_wconf 87' lang='lat' dir='ltr'><strong>Siquidem</strong></span> <span class='ocrx_word' id='word_1_121' title='bbox 3260 578 3332 618; x_wconf 84' lang='lat' dir='ltr'><strong>ex</strong></span> <span class='ocrx_word' id='word_1_122' title='bbox 3362 562 3456 619; x_wconf 84' lang='lat' dir='ltr'><strong>his</strong></span> <span class='ocrx_word' id='word_1_123' title='bbox 3504 577 3642 634; x_wconf 68' lang='lat' dir='ltr'><strong>quas</strong></span> 
     </span>
    </p>
   </div>
   <div class='ocr_carea' id='block_1_19' title="bbox 1973 651 3644 727">
    <p class='ocr_par' dir='ltr' id='par_1_19' title="bbox 1973 651 3644 727">
     <span class='ocr_line' id='line_1_19' title="bbox 1973 651 3644 727; baseline -0.003 -16"><span class='ocrx_word' id='word_1_124' title='bbox 1973 655 2279 722; x_wconf 83' lang='lat' dir='ltr'><strong>videbant,</strong></span> <span class='ocrx_word' id='word_1_125' title='bbox 2305 655 2574 712; x_wconf 83' lang='lat' dir='ltr'><strong>sciebant</strong></span> <span class='ocrx_word' id='word_1_126' title='bbox 2597 652 2766 727; x_wconf 91' lang='lat' dir='ltr'><strong>quod</strong></span> <span class='ocrx_word' id='word_1_127' title='bbox 2795 652 2858 708; x_wconf 90' lang='lat' dir='ltr'><strong>in</strong></span> <span class='ocrx_word' id='word_1_128' title='bbox 2884 657 3040 710; x_wconf 90' lang='lat' dir='ltr'><strong>terra</strong></span> <span class='ocrx_word' id='word_1_129' title='bbox 3077 654 3284 708; x_wconf 82' lang='lat' dir='ltr'><strong>Petrus</strong></span> <span class='ocrx_word' id='word_1_130' title='bbox 3349 651 3462 708; x_wconf 87' lang='lat' dir='ltr'><strong>sibi</strong></span> <span class='ocrx_word' id='word_1_131' title='bbox 3495 666 3644 724; x_wconf 77' lang='lat' dir='ltr'><strong>prae-</strong></span> 
     </span>
    </p>
   </div>
   <div class='ocr_carea' id='block_1_20' title="bbox 1974 740 3643 817">
    <p class='ocr_par' dir='ltr' id='par_1_20' title="bbox 1974 740 3643 817">
     <span class='ocr_line' id='line_1_20' title="bbox 1974 740 3643 817; baseline -0.004 -16"><span class='ocrx_word' id='word_1_132' title='bbox 1974 749 2333 817; x_wconf 87' lang='lat' dir='ltr'><strong>poneretur;</strong></span> <span class='ocrx_word' id='word_1_133' title='bbox 2383 744 2669 801; x_wconf 90' lang='lat' dir='ltr'><strong>volebant</strong></span> <span class='ocrx_word' id='word_1_134' title='bbox 2718 746 2925 799; x_wconf 86' lang='lat' dir='ltr'><strong>antem</strong></span> <span class='ocrx_word' id='word_1_135' title='bbox 2991 743 3159 809; x_wconf 91' lang='lat' dir='ltr'><strong>scire,</strong></span> <span class='ocrx_word' id='word_1_136' title='bbox 3229 747 3428 798; x_wconf 87' lang='lat' dir='ltr'><strong>utrum</strong></span> <span class='ocrx_word' id='word_1_137' title='bbox 3471 740 3643 797; x_wconf 86' lang='lat' dir='ltr'><strong>etiam</strong></span> 
     </span>
    </p>
   </div>
   <div class='ocr_carea' id='block_1_21' title="bbox 1973 829 3644 907">
    <p class='ocr_par' dir='ltr' id='par_1_21' title="bbox 1973 829 3644 907">
     <span class='ocr_line' id='line_1_21' title="bbox 1973 829 3644 907; baseline -0.002 -17"><span class='ocrx_word' id='word_1_138' title='bbox 1973 837 2032 891; x_wconf 90' lang='lat' dir='ltr'><strong>in</strong></span> <span class='ocrx_word' id='word_1_139' title='bbox 2063 833 2215 891; x_wconf 55' lang='lat' dir='ltr'><strong>casio</strong></span> <span class='ocrx_word' id='word_1_140' title='bbox 2264 832 2780 907; x_wconf 82' lang='lat' dir='ltr'><strong>praehonorandus</strong></span> <span class='ocrx_word' id='word_1_141' title='bbox 2823 836 2994 890; x_wconf 89' lang='lat' dir='ltr'><strong>esset.</strong></span> <span class='ocrx_word' id='word_1_142' title='bbox 3049 831 3164 890; x_wconf 93' lang='lat' dir='ltr'><strong>Sed</strong></span> <span class='ocrx_word' id='word_1_143' title='bbox 3198 836 3340 890; x_wconf 92' lang='lat' dir='ltr'><strong>tunc</strong></span> <span class='ocrx_word' id='word_1_144' title='bbox 3392 829 3644 903; x_wconf 85' lang='lat' dir='ltr'><strong>quidem</strong></span> 
     </span>
    </p>
   </div>
   <div class='ocr_carea' id='block_1_22' title="bbox 1975 918 3643 996">
    <p class='ocr_par' dir='ltr' id='par_1_22' title="bbox 1975 918 3643 996">
     <span class='ocr_line' id='line_1_22' title="bbox 1975 918 3643 996; baseline -0.003 -17"><span class='ocrx_word' id='word_1_145' title='bbox 1975 923 2049 980; x_wconf 89' lang='lat' dir='ltr'><strong>de</strong></span> <span class='ocrx_word' id='word_1_146' title='bbox 2077 923 2172 980; x_wconf 88' lang='lat' dir='ltr'><strong>his</strong></span> <span class='ocrx_word' id='word_1_147' title='bbox 2197 923 2486 981; x_wconf 83' lang='lat' dir='ltr'><strong>dolebant</strong></span> <span class='ocrx_word' id='word_1_148' title='bbox 2520 938 2770 981; x_wconf 86' lang='lat' dir='ltr'><strong>:verum</strong></span> <span class='ocrx_word' id='word_1_149' title='bbox 2815 921 3210 996; x_wconf 85' lang='lat' dir='ltr'><strong>postmodum</strong></span> <span class='ocrx_word' id='word_1_150' title='bbox 3261 935 3402 976; x_wconf 81' lang='lat' dir='ltr'><strong>cum</strong></span> <span class='ocrx_word' id='word_1_151' title='bbox 3450 918 3643 976; x_wconf 79' lang='lat' dir='ltr'><strong>effecti</strong></span> 
     </span>
    </p>
   </div>
   <div class='ocr_carea' id='block_1_23' title="bbox 1976 1008 3642 1089">
    <p class='ocr_par' dir='ltr' id='par_1_23' title="bbox 1976 1008 3642 1089">
     <span class='ocr_line' id='line_1_23' title="bbox 1976 1008 3642 1089; baseline -0.003 -19"><span class='ocrx_word' id='word_1_152' title='bbox 1976 1017 2172 1072; x_wconf 89' lang='lat' dir='ltr'><strong>essent</strong></span> <span class='ocrx_word' id='word_1_153' title='bbox 2219 1013 2479 1089; x_wconf 83' lang='lat' dir='ltr'><strong>perfecti,</strong></span> <span class='ocrx_word' id='word_1_154' title='bbox 2504 1013 2733 1089; x_wconf 83' lang='lat' dir='ltr'><strong>primos</strong></span> <span class='ocrx_word' id='word_1_155' title='bbox 2770 1013 3030 1072; x_wconf 87' lang='lat' dir='ltr'><strong>honores</strong></span> <span class='ocrx_word' id='word_1_156' title='bbox 3068 1009 3325 1068; x_wconf 85' lang='lat' dir='ltr'><strong>invicem</strong></span> <span class='ocrx_word' id='word_1_157' title='bbox 3352 1008 3642 1067; x_wconf 87' lang='lat' dir='ltr'><strong>concede-</strong></span> 
     </span>
    </p>
   </div>
   <div class='ocr_carea' id='block_1_24' title="bbox 1979 1103 2157 1163">
    <p class='ocr_par' dir='ltr' id='par_1_24' title="bbox 1979 1103 2157 1163">
     <span class='ocr_line' id='line_1_24' title="bbox 1979 1103 2157 1163; baseline 0.011 -2"><span class='ocrx_word' id='word_1_158' title='bbox 1979 1103 2157 1163; x_wconf 88' lang='lat' dir='ltr'><strong>bant.</strong></span> 
     </span>
    </p>
   </div>
   <div class='ocr_carea' id='block_1_25' title="bbox 2048 1189 3641 1252">
    <p class='ocr_par' dir='ltr' id='par_1_25' title="bbox 2048 1189 3641 1252">
     <span class='ocr_line' id='line_1_25' title="bbox 2048 1189 3641 1252; baseline -0.003 -2"><span class='ocrx_word' id='word_1_159' title='bbox 2048 1196 2212 1252; x_wconf 87' lang='lat' dir='ltr'><strong>Vers.</strong></span> <span class='ocrx_word' id='word_1_160' title='bbox 2267 1197 2321 1251; x_wconf 79' lang='lat'><strong>2.</strong></span> <span class='ocrx_word' id='word_1_161' title='bbox 2362 1197 2438 1252; x_wconf 86' lang='lat' dir='ltr'><strong>Et</strong></span> <span class='ocrx_word' id='word_1_162' title='bbox 2489 1224 2560 1236; x_wconf 95' lang='lat'><strong>—</strong></span> <span class='ocrx_word' id='word_1_163' title='bbox 2602 1195 2859 1252; x_wconf 79' lang='lat' dir='ltr'><strong>illorum.</strong></span> <span class='ocrx_word' id='word_1_164' title='bbox 2895 1195 3127 1252; x_wconf 86' lang='lat' dir='ltr'><strong>Marcus</strong></span> <span class='ocrx_word' id='word_1_165' title='bbox 3169 1195 3374 1249; x_wconf 90' lang='lat' dir='ltr'><strong>autem</strong></span> <span class='ocrx_word' id='word_1_166' title='bbox 3417 1189 3518 1247; x_wconf 91' lang='lat' dir='ltr'><strong>ait.</strong></span> <span class='ocrx_word' id='word_1_167' title='bbox 3560 1189 3641 1246; x_wconf 89' lang='lat' dir='ltr'><strong>Et</strong></span> 
     </span>
    </p>
   </div>
   <div class='ocr_carea' id='block_1_26' title="bbox 1977 1279 3641 1356">
    <p class='ocr_par' dir='ltr' id='par_1_26' title="bbox 1977 1279 3641 1356">
     <span class='ocr_line' id='line_1_26' title="bbox 1977 1279 3641 1356; baseline -0.005 -14"><span class='ocrx_word' id='word_1_168' title='bbox 1977 1285 2351 1356; x_wconf 72' lang='lat' dir='ltr'><strong>amplexatus</strong></span> <span class='ocrx_word' id='word_1_169' title='bbox 2375 1286 2547 1342; x_wconf 79' lang='lat' dir='ltr'><strong>illum</strong></span> <span class='ocrx_word' id='word_1_170' title='bbox 2568 1284 2722 1343; x_wconf 74' lang='lat' dir='ltr'><strong>dixit</strong></span> <span class='ocrx_word' id='word_1_171' title='bbox 2747 1284 2827 1342; x_wconf 77' lang='lat' dir='ltr'><strong>eis</strong></span> <span class='ocrx_word' id='word_1_172' title='bbox 2848 1285 2896 1320; x_wconf 76' lang='grc'><strong>’⁵</strong></span> <span class='ocrx_word' id='word_1_173' title='bbox 2926 1301 2941 1353; x_wconf 90' lang='lat'><strong>;</strong></span> <span class='ocrx_word' id='word_1_174' title='bbox 2970 1285 3157 1340; x_wconf 90' lang='lat' dir='ltr'><strong>Lucas</strong></span> <span class='ocrx_word' id='word_1_175' title='bbox 3173 1296 3311 1338; x_wconf 89' lang='lat' dir='ltr'><strong>vero</strong></span> <span class='ocrx_word' id='word_1_176' title='bbox 3331 1279 3498 1353; x_wconf 90' lang='lat' dir='ltr'><strong>quod</strong></span> <span class='ocrx_word' id='word_1_177' title='bbox 3516 1280 3641 1335; x_wconf 85' lang='lat' dir='ltr'><strong>Sta-</strong></span> 
     </span>
    </p>
   </div>
   <div class='ocr_carea' id='block_1_27' title="bbox 1979 1368 3639 1445">
    <p class='ocr_par' dir='ltr' id='par_1_27' title="bbox 1979 1368 3639 1445">
     <span class='ocr_line' id='line_1_27' title="bbox 1979 1368 3639 1445; baseline -0.004 -15"><span class='ocrx_word' id='word_1_178' title='bbox 1979 1375 2090 1431; x_wconf 86' lang='lat' dir='ltr'><strong>tuit</strong></span> <span class='ocrx_word' id='word_1_179' title='bbox 2121 1390 2252 1432; x_wconf 84' lang='lat' dir='ltr'><strong>eum</strong></span> <span class='ocrx_word' id='word_1_180' title='bbox 2268 1376 2451 1445; x_wconf 70' lang='lat' dir='ltr'><strong>juxta</strong></span> <span class='ocrx_word' id='word_1_181' title='bbox 2479 1389 2539 1432; x_wconf 86' lang='lat' dir='ltr'><strong>se</strong></span> <span class='ocrx_word' id='word_1_182' title='bbox 2563 1376 2633 1430; x_wconf 77' lang='lat'><strong>&quot;.</strong></span> <span class='ocrx_word' id='word_1_183' title='bbox 2673 1373 2890 1432; x_wconf 91' lang='lat' dir='ltr'><strong>Omnia</strong></span> <span class='ocrx_word' id='word_1_184' title='bbox 2914 1376 3114 1430; x_wconf 91' lang='lat' dir='ltr'><strong>autem</strong></span> <span class='ocrx_word' id='word_1_185' title='bbox 3145 1370 3302 1428; x_wconf 88' lang='lat' dir='ltr'><strong>facta</strong></span> <span class='ocrx_word' id='word_1_186' title='bbox 3332 1371 3488 1427; x_wconf 90' lang='lat' dir='ltr'><strong>sunt.</strong></span> <span class='ocrx_word' id='word_1_187' title='bbox 3515 1368 3639 1425; x_wconf 86' lang='lat' dir='ltr'><strong>Pri-</strong></span> 
     </span>
    </p>
   </div>
   <div class='ocr_carea' id='block_1_28' title="bbox 1978 1447 3641 1538">
    <p class='ocr_par' dir='ltr' id='par_1_28' title="bbox 1978 1447 3641 1538">
     <span class='ocr_line' id='line_1_28' title="bbox 1978 1447 3641 1538; baseline -0.004 -18"><span class='ocrx_word' id='word_1_188' title='bbox 1978 1479 2147 1522; x_wconf 92' lang='lat' dir='ltr'><strong>mum</strong></span> <span class='ocrx_word' id='word_1_189' title='bbox 2161 1465 2459 1538; x_wconf 87' lang='lat' dir='ltr'><strong>siquidem</strong></span> <span class='ocrx_word' id='word_1_190' title='bbox 2473 1463 2836 1521; x_wconf 88' lang='lat' dir='ltr'><strong>statuiteum</strong></span> <span class='ocrx_word' id='word_1_191' title='bbox 2851 1462 2914 1518; x_wconf 90' lang='lat' dir='ltr'><strong>in</strong></span> <span class='ocrx_word' id='word_1_192' title='bbox 2925 1461 3125 1518; x_wconf 90' lang='lat' dir='ltr'><strong>medio</strong></span> <span class='ocrx_word' id='word_1_193' title='bbox 3137 1447 3377 1516; x_wconf 74' lang='lat' dir='ltr'><strong>illor&#39;um</strong></span> <span class='ocrx_word' id='word_1_194' title='bbox 3393 1475 3408 1526; x_wconf 89' lang='lat'>;</span> <span class='ocrx_word' id='word_1_195' title='bbox 3423 1457 3641 1514; x_wconf 89' lang='lat' dir='ltr'><strong>deinde</strong></span> 
     </span>
    </p>
   </div>
   <div class='ocr_carea' id='block_1_29' title="bbox 1971 1547 3643 1627">
    <p class='ocr_par' dir='ltr' id='par_1_29' title="bbox 1971 1547 3643 1627">
     <span class='ocr_line' id='line_1_29' title="bbox 1971 1547 3643 1627; baseline -0.005 -15"><span class='ocrx_word' id='word_1_196' title='bbox 1971 1556 2145 1627; x_wconf 85' lang='lat' dir='ltr'><strong>juxta</strong></span> <span class='ocrx_word' id='word_1_197' title='bbox 2175 1571 2257 1622; x_wconf 87' lang='lat' dir='ltr'><strong>se,</strong></span> <span class='ocrx_word' id='word_1_198' title='bbox 2300 1554 2694 1627; x_wconf 89' lang='lat' dir='ltr'><strong>postmodum</strong></span> <span class='ocrx_word' id='word_1_199' title='bbox 2741 1552 3120 1625; x_wconf 81' lang='lat' dir='ltr'><strong>amplexatus</strong></span> <span class='ocrx_word' id='word_1_200' title='bbox 3151 1554 3238 1607; x_wconf 86' lang='lat' dir='ltr'><strong>est</strong></span> <span class='ocrx_word' id='word_1_201' title='bbox 3276 1548 3466 1606; x_wconf 91' lang='lat' dir='ltr'><strong>illum.</strong></span> <span class='ocrx_word' id='word_1_202' title='bbox 3509 1547 3643 1604; x_wconf 84' lang='lat' dir='ltr'><strong>Vult</strong></span> 
     </span>
    </p>
   </div>
   <div class='ocr_carea' id='block_1_30' title="bbox 1974 1637 3641 1718">
    <p class='ocr_par' dir='ltr' id='par_1_30' title="bbox 1974 1637 3641 1718">
     <span class='ocr_line' id='line_1_30' title="bbox 1974 1637 3641 1718; baseline -0.003 -18"><span class='ocrx_word' id='word_1_203' title='bbox 1974 1650 2175 1702; x_wconf 86' lang='lat' dir='ltr'><strong>autem</strong></span> <span class='ocrx_word' id='word_1_204' title='bbox 2207 1660 2308 1718; x_wconf 90' lang='lat' dir='ltr'><strong>per</strong></span> <span class='ocrx_word' id='word_1_205' title='bbox 2327 1643 2673 1717; x_wconf 84' lang='lat' dir='ltr'><strong>exemplum</strong></span> <span class='ocrx_word' id='word_1_206' title='bbox 2686 1642 2761 1701; x_wconf 92' lang='lat' dir='ltr'><strong>de</strong></span> <span class='ocrx_word' id='word_1_207' title='bbox 2782 1657 2971 1716; x_wconf 88' lang='lat' dir='ltr'><strong>puero</strong></span> <span class='ocrx_word' id='word_1_208' title='bbox 2994 1641 3209 1698; x_wconf 91' lang='lat' dir='ltr'><strong>sedare</strong></span> <span class='ocrx_word' id='word_1_209' title='bbox 3226 1639 3390 1697; x_wconf 93' lang='lat' dir='ltr'><strong>hunc</strong></span> <span class='ocrx_word' id='word_1_210' title='bbox 3403 1637 3641 1695; x_wconf 88' lang='lat' dir='ltr'><strong>illorum</strong></span> 
     </span>
    </p>
   </div>
   <div class='ocr_carea' id='block_1_31' title="bbox 1973 1734 2280 1794">
    <p class='ocr_par' dir='ltr' id='par_1_31' title="bbox 1973 1734 2280 1794">
     <span class='ocr_line' id='line_1_31' title="bbox 1973 1734 2280 1794; baseline 0.01 -3"><span class='ocrx_word' id='word_1_211' title='bbox 1973 1734 2251 1791; x_wconf 83' lang='lat' dir='ltr'><strong>affectum</strong></span> <span class='ocrx_word' id='word_1_212' title='bbox 2268 1779 2280 1794; x_wconf 97' lang='lat'><strong>.</strong></span> 
     </span>
    </p>
   </div>
   <div class='ocr_carea' id='block_1_32' title="bbox 332 1789 1865 1895">
    <p class='ocr_par' dir='ltr' id='par_1_32' title="bbox 332 1789 1864 1895">
     <span class='ocr_line' id='line_1_32' title="bbox 332 1789 1864 1876; baseline -0.011 -17"><span class='ocrx_word' id='word_1_213' title='bbox 332 1811 431 1860; x_wconf 82' lang='grc' dir='ltr'><strong>Καὶ</strong></span> <span class='ocrx_word' id='word_1_214' title='bbox 463 1835 528 1845; x_wconf 93' lang='grc'><strong><em>-</em></strong></span> <span class='ocrx_word' id='word_1_215' title='bbox 559 1803 816 1876; x_wconf 68' lang='grc' dir='ltr'>οὐρανῶν,</span> <span class='ocrx_word' id='word_1_216' title='bbox 853 1799 1017 1873; x_wconf 79' lang='grc' dir='ltr'>’Υμεῐς</span> <span class='ocrx_word' id='word_1_217' title='bbox 1047 1801 1136 1872; x_wconf 73' lang='grc' dir='ltr'><strong>μεν</strong></span> <span class='ocrx_word' id='word_1_218' title='bbox 1165 1800 1281 1871; x_wconf 86' lang='grc' dir='ltr'>περὶ</span> <span class='ocrx_word' id='word_1_219' title='bbox 1313 1802 1403 1848; x_wconf 72' lang='grc' dir='ltr'>τοῦ</span> <span class='ocrx_word' id='word_1_220' title='bbox 1447 1792 1494 1845; x_wconf 81' lang='grc' dir='ltr'>ἐν</span> <span class='ocrx_word' id='word_1_221' title='bbox 1522 1799 1584 1866; x_wconf 73' lang='grc' dir='ltr'><strong>τῇ</strong></span> <span class='ocrx_word' id='word_1_222' title='bbox 1618 1789 1864 1864; x_wconf 78' lang='grc' dir='ltr'>βασιλεία</span> 
     </span>
     <span class='ocr_line' id='line_1_33' title="bbox 849 1879 1816 1895; baseline 0.001 -1"><span class='ocrx_word' id='word_1_223' title='bbox 849 1893 854 1895; x_wconf 24' lang='grc' dir='ltr'><em>Α</em></span> <span class='ocrx_word' id='word_1_224' title='bbox 1061 1888 1076 1895; x_wconf 75' lang='lat'><strong>-</strong></span> <span class='ocrx_word' id='word_1_225' title='bbox 1109 1887 1119 1895; x_wconf 90' lang='lat'><strong>.</strong></span> <span class='ocrx_word' id='word_1_226' title='bbox 1222 1888 1236 1895; x_wconf 90' lang='lat'><strong>-</strong></span> <span class='ocrx_word' id='word_1_227' title='bbox 1349 1884 1361 1894; x_wconf 82' lang='lat'><strong>.</strong></span> <span class='ocrx_word' id='word_1_228' title='bbox 1413 1887 1422 1895; x_wconf 95' lang='lat'><strong>.</strong></span> <span class='ocrx_word' id='word_1_229' title='bbox 1481 1879 1514 1895; x_wconf 72' lang='grc' dir='ltr'>ε..</span> <span class='ocrx_word' id='word_1_230' title='bbox 1555 1881 1572 1895; x_wconf 75' lang='lat'><strong>.</strong></span> <span class='ocrx_word' id='word_1_231' title='bbox 1599 1886 1610 1895; x_wconf 83' lang='lat'><strong>.</strong></span> <span class='ocrx_word' id='word_1_232' title='bbox 1727 1882 1738 1892; x_wconf 88' lang='lat'><strong>.</strong></span> <span class='ocrx_word' id='word_1_233' title='bbox 1794 1886 1816 1895; x_wconf 93' lang='grc'><strong>..</strong></span> 
     </span>
    </p>
   </div>
   <div class='ocr_carea' id='block_1_33' title="bbox 1986 1789 3642 1895">
    <p class='ocr_par' dir='ltr' id='par_1_33' title="bbox 2008 1789 3642 1892">
     <span class='ocr_line' id='line_1_34' title="bbox 2008 1789 3642 1892; baseline -0.002 -13"><span class='ocrx_word' id='word_1_234' title='bbox 2359 1825 2439 1880; x_wconf 88' lang='lat' dir='ltr'><strong>Et</strong></span> <span class='ocrx_word' id='word_1_235' title='bbox 2477 1855 2544 1863; x_wconf 94' lang='lat'><strong><em>—</em></strong></span> <span class='ocrx_word' id='word_1_236' title='bbox 2589 1823 2902 1881; x_wconf 65' lang='lat' dir='ltr'><strong>caelorum.</strong></span> <span class='ocrx_word' id='word_1_237' title='bbox 2967 1821 3081 1876; x_wconf 85' lang='lat' dir='ltr'><strong>Vos</strong></span> <span class='ocrx_word' id='word_1_238' title='bbox 3118 1817 3365 1892; x_wconf 86' lang='lat' dir='ltr'><strong>quidem</strong></span> <span class='ocrx_word' id='word_1_239' title='bbox 3406 1817 3479 1874; x_wconf 90' lang='lat' dir='ltr'><strong>de</strong></span> <span class='ocrx_word' id='word_1_240' title='bbox 3529 1817 3642 1890; x_wconf 88' lang='lat' dir='ltr'><strong>pri-</strong></span> 
     </span>
    </p>
   </div>
   <div class='ocr_carea' id='block_1_34' title="bbox 256 1879 1860 1968">
    <p class='ocr_par' dir='ltr' id='par_1_34' title="bbox 256 1879 1860 1968">
     <span class='ocr_line' id='line_1_35' title="bbox 256 1879 1860 1968; baseline -0.011 -19"><span class='ocrx_word' id='word_1_241' title='bbox 256 1906 360 1948; x_wconf 72' lang='grc' dir='ltr'>τῶν</span> <span class='ocrx_word' id='word_1_242' title='bbox 402 1894 629 1968; x_wconf 76' lang='grc' dir='ltr'>οὐρανῶν</span> <span class='ocrx_word' id='word_1_243' title='bbox 659 1893 917 1968; x_wconf 84' lang='grc' dir='ltr'><strong>πρωτείου</strong></span> <span class='ocrx_word' id='word_1_244' title='bbox 948 1887 1287 1942; x_wconf 78' lang='grc' dir='ltr'>πυνθάνεσθε·</span> <span class='ocrx_word' id='word_1_245' title='bbox 1340 1884 1440 1955; x_wconf 78' lang='grc' dir='ltr'><strong>ἑγώ</strong></span> <span class='ocrx_word' id='word_1_246' title='bbox 1470 1879 1528 1936; x_wconf 72' lang='grc' dir='ltr'>δὲ</span> <span class='ocrx_word' id='word_1_247' title='bbox 1555 1881 1688 1954; x_wconf 73' lang='grc' dir='ltr'>λέγω</span> <span class='ocrx_word' id='word_1_248' title='bbox 1719 1882 1860 1954; x_wconf 83' lang='grc' dir='ltr'>ὑμῖν,</span> 
     </span>
    </p>
   </div>
   <div class='ocr_carea' id='block_1_35' title="bbox 257 1970 1862 2057">
    <p class='ocr_par' dir='ltr' id='par_1_35' title="bbox 257 1970 1862 2057">
     <span class='ocr_line' id='line_1_36' title="bbox 257 1970 1862 2057; baseline -0.012 -18"><span class='ocrx_word' id='word_1_249' title='bbox 257 1988 360 2054; x_wconf 87' lang='grc' dir='ltr'>ὁτι,</span> <span class='ocrx_word' id='word_1_250' title='bbox 395 1985 480 2037; x_wconf 81' lang='grc' dir='ltr'>ἐὰν</span> <span class='ocrx_word' id='word_1_251' title='bbox 510 1989 580 2057; x_wconf 77' lang='grc' dir='ltr'>μὴ</span> <span class='ocrx_word' id='word_1_252' title='bbox 623 1988 888 2055; x_wconf 76' lang='grc' dir='ltr'><strong>στραφῆτε</strong></span> <span class='ocrx_word' id='word_1_253' title='bbox 918 1977 1019 2031; x_wconf 78' lang='grc' dir='ltr'>ἀπὸ</span> <span class='ocrx_word' id='word_1_254' title='bbox 1051 1984 1147 2038; x_wconf 84' lang='grc' dir='ltr'><strong>τῆς</strong></span> <span class='ocrx_word' id='word_1_255' title='bbox 1176 1978 1427 2048; x_wconf 79' lang='grc' dir='ltr'><strong>πονηρίας</strong></span> <span class='ocrx_word' id='word_1_256' title='bbox 1461 1972 1542 2024; x_wconf 84' lang='grc' dir='ltr'><strong>ἐπὶ</strong></span> <span class='ocrx_word' id='word_1_257' title='bbox 1573 1974 1631 2024; x_wconf 81' lang='grc' dir='ltr'>τὸ</span> <span class='ocrx_word' id='word_1_258' title='bbox 1665 1970 1862 2026; x_wconf 76' lang='grc' dir='ltr'>ἀπόνη-</span> 
     </span>
    </p>
   </div>
   <div class='ocr_carea' id='block_1_36' title="bbox 253 2057 1865 2152">
    <p class='ocr_par' dir='ltr' id='par_1_36' title="bbox 253 2057 1865 2152">
     <span class='ocr_line' id='line_1_37' title="bbox 253 2057 1865 2152; baseline -0.012 -22"><span class='ocrx_word' id='word_1_259' title='bbox 253 2097 365 2152; x_wconf 86' lang='grc' dir='ltr'>ρον,</span> <span class='ocrx_word' id='word_1_260' title='bbox 413 2080 500 2128; x_wconf 78' lang='grc' dir='ltr'>καὶ</span> <span class='ocrx_word' id='word_1_261' title='bbox 530 2073 753 2147; x_wconf 69' lang='grc' dir='ltr'>γένησθε</span> <span class='ocrx_word' id='word_1_262' title='bbox 797 2072 1007 2138; x_wconf 79' lang='grc' dir='ltr'><strong>ἄκακοι,</strong></span> <span class='ocrx_word' id='word_1_263' title='bbox 1039 2069 1108 2129; x_wconf 84' lang='grc' dir='ltr'>ὡς</span> <span class='ocrx_word' id='word_1_264' title='bbox 1136 2067 1201 2118; x_wconf 78' lang='grc' dir='ltr'><strong>τὰ</strong></span> <span class='ocrx_word' id='word_1_265' title='bbox 1231 2060 1443 2129; x_wconf 82' lang='grc' dir='ltr'>παιδία,</span> <span class='ocrx_word' id='word_1_266' title='bbox 1495 2057 1618 2114; x_wconf 65' lang='grc' dir='ltr'>οὐδὲ</span> <span class='ocrx_word' id='word_1_267' title='bbox 1650 2057 1865 2114; x_wconf 79' lang='grc' dir='ltr'>εἰσελεύ-</span> 
     </span>
    </p>
   </div>
   <div class='ocr_carea' id='block_1_37' title="bbox 259 2158 1043 2233">
    <p class='ocr_par' dir='ltr' id='par_1_37' title="bbox 259 2158 1043 2233">
     <span class='ocr_line' id='line_1_38' title="bbox 259 2158 1043 2233; baseline -0.013 -14"><span class='ocrx_word' id='word_1_268' title='bbox 259 2167 417 2219; x_wconf 83' lang='grc' dir='ltr'>σεσθε</span> <span class='ocrx_word' id='word_1_269' title='bbox 455 2163 579 2224; x_wconf 79' lang='grc' dir='ltr'>ὅλως</span> <span class='ocrx_word' id='word_1_270' title='bbox 609 2162 724 2233; x_wconf 80' lang='grc'><strong>(61)</strong></span> <span class='ocrx_word' id='word_1_271' title='bbox 755 2163 824 2222; x_wconf 84' lang='grc' dir='ltr'><strong>είς</strong></span> <span class='ocrx_word' id='word_1_272' title='bbox 857 2158 1043 2217; x_wconf 68' lang='grc' dir='ltr'>αὐτὴν.</span> 
     </span>
    </p>
   </div>
   <div class='ocr_carea' id='block_1_38' title="bbox 334 2239 1865 2326">
    <p class='ocr_par' dir='ltr' id='par_1_38' title="bbox 334 2239 1865 2326">
     <span class='ocr_line' id='line_1_39' title="bbox 334 2239 1865 2326; baseline -0.01 -20"><span class='ocrx_word' id='word_1_273' title='bbox 334 2258 405 2308; x_wconf 83' lang='grc' dir='ltr'><strong>Τὸ</strong></span> <span class='ocrx_word' id='word_1_274' title='bbox 459 2257 560 2326; x_wconf 70' lang='grc' dir='ltr'><strong>γὰρ</strong></span> <span class='ocrx_word' id='word_1_275' title='bbox 636 2247 846 2304; x_wconf 83' lang='grc' dir='ltr'>παιδίον</span> <span class='ocrx_word' id='word_1_276' title='bbox 905 2247 1015 2302; x_wconf 84' lang='grc' dir='ltr'>ἐστὶ</span> <span class='ocrx_word' id='word_1_277' title='bbox 1085 2251 1174 2320; x_wconf 85' lang='grc' dir='ltr'>μέν</span> <span class='ocrx_word' id='word_1_278' title='bbox 1245 2243 1458 2312; x_wconf 71' lang='grc' dir='ltr'>ἁπλοῦν,</span> <span class='ocrx_word' id='word_1_279' title='bbox 1539 2239 1865 2315; x_wconf 70' lang='grc' dir='ltr'>ἀπερίεργον,</span> 
     </span>
    </p>
   </div>
   <div class='ocr_carea' id='block_1_39' title="bbox 261 2330 1864 2414">
    <p class='ocr_par' dir='ltr' id='par_1_39' title="bbox 261 2330 1864 2414">
     <span class='ocr_line' id='line_1_40' title="bbox 261 2330 1864 2414; baseline -0.011 -17"><span class='ocrx_word' id='word_1_280' title='bbox 261 2340 588 2409; x_wconf 78' lang='grc' dir='ltr'>ἁκενόδοξον,</span> <span class='ocrx_word' id='word_1_281' title='bbox 640 2340 849 2414; x_wconf 78' lang='grc' dir='ltr'>ἀτυφον·</span> <span class='ocrx_word' id='word_1_282' title='bbox 900 2336 1225 2396; x_wconf 75' lang='grc' dir='ltr'>ἀπήλλακται</span> <span class='ocrx_word' id='word_1_283' title='bbox 1285 2330 1344 2387; x_wconf 79' lang='grc' dir='ltr'>δέ</span> <span class='ocrx_word' id='word_1_284' title='bbox 1405 2331 1719 2406; x_wconf 76' lang='grc' dir='ltr'>βασκανίας,</span> <span class='ocrx_word' id='word_1_285' title='bbox 1779 2331 1864 2381; x_wconf 78' lang='grc' dir='ltr'><strong>καὶ</strong></span> 
     </span>
    </p>
   </div>
   <div class='ocr_carea' id='block_1_40' title="bbox 259 2417 1866 2504">
    <p class='ocr_par' dir='ltr' id='par_1_40' title="bbox 259 2417 1866 2504">
     <span class='ocr_line' id='line_1_41' title="bbox 259 2417 1866 2504; baseline -0.012 -17"><span class='ocrx_word' id='word_1_286' title='bbox 259 2434 598 2498; x_wconf 77' lang='grc' dir='ltr'>ζηλοτυπίας,</span> <span class='ocrx_word' id='word_1_287' title='bbox 645 2435 733 2483; x_wconf 77' lang='grc' dir='ltr'><strong>καὶ</strong></span> <span class='ocrx_word' id='word_1_288' title='bbox 764 2430 1158 2504; x_wconf 77' lang='grc' dir='ltr'>φιλοπρωτείας,</span> <span class='ocrx_word' id='word_1_289' title='bbox 1204 2429 1295 2477; x_wconf 85' lang='grc' dir='ltr'><strong>καὶ</strong></span> <span class='ocrx_word' id='word_1_290' title='bbox 1340 2419 1537 2499; x_wconf 84' lang='grc' dir='ltr'>ἔριδος,</span> <span class='ocrx_word' id='word_1_291' title='bbox 1565 2423 1655 2472; x_wconf 78' lang='grc' dir='ltr'>καὶ</span> <span class='ocrx_word' id='word_1_292' title='bbox 1696 2417 1866 2478; x_wconf 82' lang='grc' dir='ltr'>ἁπλῶς</span> 
     </span>
    </p>
   </div>
   <div class='ocr_carea' id='block_1_41' title="bbox 257 2509 1862 2596">
    <p class='ocr_par' dir='ltr' id='par_1_41' title="bbox 257 2509 1862 2596">
     <span class='ocr_line' id='line_1_42' title="bbox 257 2509 1862 2596; baseline -0.012 -18"><span class='ocrx_word' id='word_1_293' title='bbox 257 2526 436 2591; x_wconf 80' lang='grc' dir='ltr'>εἰπεῖν,</span> <span class='ocrx_word' id='word_1_294' title='bbox 495 2521 753 2596; x_wconf 72' lang='grc' dir='ltr'>ἐλεύθερόν</span> <span class='ocrx_word' id='word_1_295' title='bbox 821 2518 934 2571; x_wconf 83' lang='grc' dir='ltr'>ἐστι</span> <span class='ocrx_word' id='word_1_296' title='bbox 985 2519 1173 2576; x_wconf 82' lang='grc' dir='ltr'>παντὸς</span> <span class='ocrx_word' id='word_1_297' title='bbox 1225 2515 1589 2588; x_wconf 78' lang='grc' dir='ltr'>προαιρετικοῡ</span> <span class='ocrx_word' id='word_1_298' title='bbox 1641 2509 1862 2573; x_wconf 75' lang='grc' dir='ltr'>πάθους,</span> 
     </span>
    </p>
   </div>
   <div class='ocr_carea' id='block_1_42' title="bbox 254 2597 1863 2676">
    <p class='ocr_par' dir='ltr' id='par_1_42' title="bbox 254 2597 1863 2676">
     <span class='ocr_line' id='line_1_43' title="bbox 254 2597 1863 2676; baseline -0.012 -9"><span class='ocrx_word' id='word_1_299' title='bbox 254 2615 348 2667; x_wconf 65' lang='grc' dir='ltr'><strong>οὐκ</strong></span> <span class='ocrx_word' id='word_1_300' title='bbox 419 2612 472 2676; x_wconf 84' lang='grc' dir='ltr'>ἐξ</span> <span class='ocrx_word' id='word_1_301' title='bbox 539 2611 838 2676; x_wconf 78' lang='grc' dir='ltr'>ἀσκήσεως,</span> <span class='ocrx_word' id='word_1_302' title='bbox 895 2606 1004 2660; x_wconf 79' lang='grc' dir='ltr'>ἀλλ’</span> <span class='ocrx_word' id='word_1_303' title='bbox 1060 2605 1113 2669; x_wconf 84' lang='grc' dir='ltr'>ἐξ</span> <span class='ocrx_word' id='word_1_304' title='bbox 1169 2602 1423 2676; x_wconf 66' lang='grc' dir='ltr'>ἀφελείας.</span> <span class='ocrx_word' id='word_1_305' title='bbox 1498 2603 1559 2653; x_wconf 81' lang='grc' dir='ltr'>Εἰ</span> <span class='ocrx_word' id='word_1_306' title='bbox 1624 2618 1704 2660; x_wconf 83' lang='grc' dir='ltr'><strong>τις</strong></span> <span class='ocrx_word' id='word_1_307' title='bbox 1775 2597 1863 2649; x_wconf 76' lang='grc' dir='ltr'>οὖν</span> 
     </span>
    </p>
   </div>
   <div class='ocr_carea' id='block_1_43' title="bbox 255 2688 1864 2775">
    <p class='ocr_par' dir='ltr' id='par_1_43' title="bbox 255 2688 1864 2775">
     <span class='ocr_line' id='line_1_44' title="bbox 255 2688 1864 2775; baseline -0.012 -18"><span class='ocrx_word' id='word_1_308' title='bbox 255 2704 513 2775; x_wconf 71' lang='grc' dir='ltr'>ἀπέχεται</span> <span class='ocrx_word' id='word_1_309' title='bbox 577 2710 678 2754; x_wconf 86' lang='grc' dir='ltr'>τῶν</span> <span class='ocrx_word' id='word_1_310' title='bbox 731 2704 1105 2774; x_wconf 79' lang='grc' dir='ltr'>προαιρετικὼν</span> <span class='ocrx_word' id='word_1_311' title='bbox 1168 2695 1370 2762; x_wconf 83' lang='grc' dir='ltr'>παθῶν,</span> <span class='ocrx_word' id='word_1_312' title='bbox 1423 2693 1624 2762; x_wconf 70' lang='grc' dir='ltr'>γίνεται</span> <span class='ocrx_word' id='word_1_313' title='bbox 1677 2689 1741 2747; x_wconf 87' lang='grc' dir='ltr'>ὡς</span> <span class='ocrx_word' id='word_1_314' title='bbox 1798 2688 1864 2738; x_wconf 80' lang='grc' dir='ltr'>τὰ</span> 
     </span>
    </p>
   </div>
   <div class='ocr_carea' id='block_1_44' title="bbox 253 2773 1864 2863">
    <p class='ocr_par' dir='ltr' id='par_1_44' title="bbox 253 2773 1864 2863">
     <span class='ocr_line' id='line_1_45' title="bbox 253 2773 1864 2863; baseline -0.012 -16"><span class='ocrx_word' id='word_1_315' title='bbox 253 2791 469 2858; x_wconf 79' lang='grc' dir='ltr'>παιδία,</span> <span class='ocrx_word' id='word_1_316' title='bbox 499 2797 759 2863; x_wconf 80' lang='grc' dir='ltr'>κτώμενος</span> <span class='ocrx_word' id='word_1_317' title='bbox 787 2783 821 2840; x_wconf 80' lang='grc' dir='ltr'><strong>δ</strong></span> <span class='ocrx_word' id='word_1_318' title='bbox 828 2787 862 2840; x_wconf 83' lang='grc' dir='ltr'>ι’</span> <span class='ocrx_word' id='word_1_319' title='bbox 889 2785 1186 2846; x_wconf 77' lang='grc' dir='ltr'>ἀσκήσεως,</span> <span class='ocrx_word' id='word_1_320' title='bbox 1215 2782 1344 2855; x_wconf 78' lang='grc' dir='ltr'>ἅπερ</span> <span class='ocrx_word' id='word_1_321' title='bbox 1373 2780 1563 2852; x_wconf 79' lang='grc' dir='ltr'>έχουσι</span> <span class='ocrx_word' id='word_1_322' title='bbox 1583 2779 1649 2830; x_wconf 81' lang='grc' dir='ltr'>τὰ</span> <span class='ocrx_word' id='word_1_323' title='bbox 1669 2773 1864 2830; x_wconf 83' lang='grc' dir='ltr'>παιδία</span> 
     </span>
    </p>
   </div>
   <div class='ocr_carea' id='block_1_45' title="bbox 253 2881 590 2956">
    <p class='ocr_par' dir='ltr' id='par_1_45' title="bbox 253 2881 590 2956">
     <span class='ocr_line' id='line_1_46' title="bbox 253 2881 590 2956; baseline -0.003 -20"><span class='ocrx_word' id='word_1_324' title='bbox 253 2883 308 2947; x_wconf 83' lang='grc' dir='ltr'><strong>ἐξ</strong></span> <span class='ocrx_word' id='word_1_325' title='bbox 338 2881 590 2956; x_wconf 73' lang='grc' dir='ltr'>ἀφελείας.</span> 
     </span>
    </p>
   </div>
   <div class='ocr_carea' id='block_1_46' title="bbox 324 2954 1863 3044">
    <p class='ocr_par' dir='ltr' id='par_1_46' title="bbox 324 2954 1863 3044">
     <span class='ocr_line' id='line_1_47' title="bbox 324 2954 1863 3044; baseline -0.014 -18"><span class='ocrx_word' id='word_1_326' title='bbox 324 2973 509 3034; x_wconf 88' lang='grc' dir='ltr'>Ὀστις</span> <span class='ocrx_word' id='word_1_327' title='bbox 564 3001 627 3011; x_wconf 89' lang='grc'><strong>-</strong></span> <span class='ocrx_word' id='word_1_328' title='bbox 676 2968 928 3044; x_wconf 70' lang='grc' dir='ltr'>οὐρανῶν.</span> <span class='ocrx_word' id='word_1_329' title='bbox 985 2963 1172 3024; x_wconf 82' lang='grc' dir='ltr'>Ὅστις</span> <span class='ocrx_word' id='word_1_330' title='bbox 1225 2961 1340 3014; x_wconf 72' lang='grc' dir='ltr'>λίαν</span> <span class='ocrx_word' id='word_1_331' title='bbox 1393 2960 1686 3029; x_wconf 75' lang='grc' dir='ltr'>ταπεινώσῃ</span> <span class='ocrx_word' id='word_1_332' title='bbox 1746 2954 1863 3008; x_wconf 82' lang='grc' dir='ltr'>ἐαυ-</span> 
     </span>
    </p>
   </div>
   <div class='ocr_carea' id='block_1_47' title="bbox 251 3049 1864 3126">
    <p class='ocr_par' dir='ltr' id='par_1_47' title="bbox 251 3049 1864 3126">
     <span class='ocr_line' id='line_1_48' title="bbox 251 3049 1864 3126; baseline -0.013 -10"><span class='ocrx_word' id='word_1_333' title='bbox 251 3068 346 3116; x_wconf 80' lang='grc' dir='ltr'>τὸν</span> <span class='ocrx_word' id='word_1_334' title='bbox 379 3062 644 3126; x_wconf 81' lang='grc' dir='ltr'>ἑκουσίως,</span> <span class='ocrx_word' id='word_1_335' title='bbox 698 3061 762 3120; x_wconf 85' lang='grc' dir='ltr'>ὡς</span> <span class='ocrx_word' id='word_1_336' title='bbox 799 3058 858 3110; x_wconf 90' lang='grc' dir='ltr'>τὸ</span> <span class='ocrx_word' id='word_1_337' title='bbox 902 3050 1118 3108; x_wconf 88' lang='grc' dir='ltr'>παιδίον</span> <span class='ocrx_word' id='word_1_338' title='bbox 1148 3059 1300 3105; x_wconf 80' lang='grc' dir='ltr'>τοῦτο</span> <span class='ocrx_word' id='word_1_339' title='bbox 1338 3049 1449 3102; x_wconf 88' lang='grc' dir='ltr'>λίαν</span> <span class='ocrx_word' id='word_1_340' title='bbox 1497 3049 1864 3100; x_wconf 81' lang='grc' dir='ltr'>τεταπείνωται</span> 
     </span>
    </p>
   </div>
   <div class='ocr_carea' id='block_1_48' title="bbox 254 3134 1866 3224">
    <p class='ocr_par' dir='ltr' id='par_1_48' title="bbox 254 3134 1866 3224">
     <span class='ocr_line' id='line_1_49' title="bbox 254 3134 1866 3224; baseline -0.013 -18"><span class='ocrx_word' id='word_1_341' title='bbox 254 3153 543 3214; x_wconf 73' lang='grc' dir='ltr'>ἀκουσίως.</span> <span class='ocrx_word' id='word_1_342' title='bbox 594 3153 708 3224; x_wconf 71' lang='grc' dir='ltr'>Χρῆ</span> <span class='ocrx_word' id='word_1_343' title='bbox 757 3149 859 3221; x_wconf 74' lang='grc' dir='ltr'><strong>γὰρ</strong></span> <span class='ocrx_word' id='word_1_344' title='bbox 904 3145 1182 3219; x_wconf 82' lang='grc' dir='ltr'>μιμεῖσθαι</span> <span class='ocrx_word' id='word_1_345' title='bbox 1225 3144 1282 3194; x_wconf 82' lang='grc' dir='ltr'>τὸ</span> <span class='ocrx_word' id='word_1_346' title='bbox 1327 3135 1562 3202; x_wconf 75' lang='grc' dir='ltr'>παιδίον,</span> <span class='ocrx_word' id='word_1_347' title='bbox 1603 3137 1628 3188; x_wconf 89' lang='grc' dir='ltr'><strong><em>ὃ</em></strong></span> <span class='ocrx_word' id='word_1_348' title='bbox 1674 3134 1866 3196; x_wconf 83' lang='grc' dir='ltr'>πολλὰς</span> 
     </span>
    </p>
   </div>
   <div class='ocr_carea' id='block_1_49' title="bbox 258 3226 1864 3316">
    <p class='ocr_par' dir='ltr' id='par_1_49' title="bbox 258 3226 1864 3316">
     <span class='ocr_line' id='line_1_50' title="bbox 258 3226 1864 3316; baseline -0.013 -20"><span class='ocrx_word' id='word_1_349' title='bbox 258 3246 404 3316; x_wconf 81' lang='grc' dir='ltr'>ἔχον,</span> <span class='ocrx_word' id='word_1_350' title='bbox 451 3242 521 3303; x_wconf 85' lang='grc' dir='ltr'>ὡς</span> <span class='ocrx_word' id='word_1_351' title='bbox 572 3242 797 3315; x_wconf 84' lang='grc' dir='ltr'>εἴρηται,</span> <span class='ocrx_word' id='word_1_352' title='bbox 855 3233 1038 3309; x_wconf 76' lang='grc' dir='ltr'>ἀρετὰς</span> <span class='ocrx_word' id='word_1_353' title='bbox 1084 3231 1163 3285; x_wconf 85' lang='grc' dir='ltr'><strong>ἐπ’</strong></span> <span class='ocrx_word' id='word_1_354' title='bbox 1211 3226 1437 3304; x_wconf 76' lang='grc' dir='ltr'>οὐδεμιᾷ</span> <span class='ocrx_word' id='word_1_355' title='bbox 1478 3229 1672 3280; x_wconf 75' lang='grc' dir='ltr'>τούτων</span> <span class='ocrx_word' id='word_1_356' title='bbox 1720 3228 1864 3277; x_wconf 85' lang='grc' dir='ltr'>επαί-</span> 
     </span>
    </p>
   </div>
   <div class='ocr_carea' id='block_1_50' title="bbox 255 3351 418 3407">
    <p class='ocr_par' dir='ltr' id='par_1_50' title="bbox 255 3351 418 3407">
     <span class='ocr_line' id='line_1_51' title="bbox 255 3351 418 3407; baseline -0.006 -22"><span class='ocrx_word' id='word_1_357' title='bbox 255 3351 418 3407; x_wconf 80' lang='grc' dir='ltr'>ρεται.</span> 
     </span>
    </p>
   </div>
   <div class='ocr_carea' id='block_1_51' title="bbox 329 3400 1861 3488">
    <p class='ocr_par' dir='ltr' id='par_1_51' title="bbox 329 3400 1861 3488">
     <span class='ocr_line' id='line_1_52' title="bbox 329 3400 1861 3488; baseline -0.013 -14"><span class='ocrx_word' id='word_1_358' title='bbox 329 3425 432 3475; x_wconf 80' lang='grc' dir='ltr'><strong>Καὶ</strong></span> <span class='ocrx_word' id='word_1_359' title='bbox 462 3451 532 3461; x_wconf 97' lang='grc'><strong><em>-</em></strong></span> <span class='ocrx_word' id='word_1_360' title='bbox 564 3415 800 3488; x_wconf 76' lang='grc' dir='ltr'>δέχεται.</span> <span class='ocrx_word' id='word_1_361' title='bbox 839 3417 938 3468; x_wconf 77' lang='grc' dir='ltr'><strong>Καὶ</strong></span> <span class='ocrx_word' id='word_1_362' title='bbox 979 3411 1121 3472; x_wconf 77' lang='grc' dir='ltr'>ὅστις</span> <span class='ocrx_word' id='word_1_363' title='bbox 1152 3411 1213 3463; x_wconf 82' lang='grc' dir='ltr'>ἄν</span> <span class='ocrx_word' id='word_1_364' title='bbox 1259 3404 1590 3480; x_wconf 74' lang='grc' dir='ltr'>ξενοδοχὴση</span> <span class='ocrx_word' id='word_1_365' title='bbox 1645 3400 1861 3457; x_wconf 80' lang='grc' dir='ltr'>παιδίον</span> 
     </span>
    </p>
   </div>
   <div class='ocr_carea' id='block_1_52' title="bbox 253 3497 1860 3573">
    <p class='ocr_par' dir='ltr' id='par_1_52' title="bbox 253 3497 1860 3573">
     <span class='ocr_line' id='line_1_53' title="bbox 253 3497 1860 3573; baseline -0.012 -10"><span class='ocrx_word' id='word_1_366' title='bbox 253 3517 484 3564; x_wconf 76' lang='grc' dir='ltr'>τοιοῦτον</span> <span class='ocrx_word' id='word_1_367' title='bbox 543 3510 613 3572; x_wconf 85' lang='grc' dir='ltr'>ἓν,</span> <span class='ocrx_word' id='word_1_368' title='bbox 671 3506 776 3558; x_wconf 82' lang='grc' dir='ltr'>οἷον</span> <span class='ocrx_word' id='word_1_369' title='bbox 834 3502 995 3571; x_wconf 84' lang='grc' dir='ltr'>εἶπον,</span> <span class='ocrx_word' id='word_1_370' title='bbox 1053 3501 1238 3573; x_wconf 77' lang='grc' dir='ltr'>ῆγουν,</span> <span class='ocrx_word' id='word_1_371' title='bbox 1289 3498 1375 3551; x_wconf 85' lang='grc' dir='ltr'>ἕνα</span> <span class='ocrx_word' id='word_1_372' title='bbox 1423 3497 1541 3550; x_wconf 77' lang='grc' dir='ltr'>τινὰ</span> <span class='ocrx_word' id='word_1_373' title='bbox 1573 3498 1860 3566; x_wconf 78' lang='grc' dir='ltr'>γενόμενον,</span> 
     </span>
    </p>
   </div>
   <div class='ocr_carea' id='block_1_53' title="bbox 255 3581 1860 3663">
    <p class='ocr_par' dir='ltr' id='par_1_53' title="bbox 255 3581 1860 3663">
     <span class='ocr_line' id='line_1_54' title="bbox 255 3581 1860 3663; baseline -0.012 -10"><span class='ocrx_word' id='word_1_374' title='bbox 255 3603 319 3661; x_wconf 84' lang='grc' dir='ltr'>ὡς</span> <span class='ocrx_word' id='word_1_375' title='bbox 363 3594 580 3652; x_wconf 79' lang='grc' dir='ltr'>παιδίον</span> <span class='ocrx_word' id='word_1_376' title='bbox 633 3602 887 3660; x_wconf 81' lang='grc' dir='ltr'>τοιοῦτον,</span> <span class='ocrx_word' id='word_1_377' title='bbox 942 3592 1072 3663; x_wconf 78' lang='grc' dir='ltr'>λέγω</span> <span class='ocrx_word' id='word_1_378' title='bbox 1123 3586 1192 3648; x_wconf 75' lang='grc' dir='ltr'>δὴ</span> <span class='ocrx_word' id='word_1_379' title='bbox 1241 3588 1498 3653; x_wconf 85' lang='grc' dir='ltr'>ταπεινὸν,</span> <span class='ocrx_word' id='word_1_380' title='bbox 1544 3588 1632 3636; x_wconf 84' lang='grc' dir='ltr'><strong>καὶ</strong></span> <span class='ocrx_word' id='word_1_381' title='bbox 1661 3581 1860 3648; x_wconf 77' lang='grc' dir='ltr'>εὐτελῆ,</span> 
     </span>
    </p>
   </div>
   <div class='ocr_carea' id='block_1_54' title="bbox 251 3672 1858 3763">
    <p class='ocr_par' dir='ltr' id='par_1_54' title="bbox 251 3672 1858 3763">
     <span class='ocr_line' id='line_1_55' title="bbox 251 3672 1858 3763; baseline -0.012 -21"><span class='ocrx_word' id='word_1_382' title='bbox 251 3693 343 3742; x_wconf 76' lang='grc' dir='ltr'><strong>καὶ</strong></span> <span class='ocrx_word' id='word_1_383' title='bbox 366 3687 762 3763; x_wconf 74' lang='grc' dir='ltr'>ἀπερριμμένον,</span> <span class='ocrx_word' id='word_1_384' title='bbox 793 3685 864 3737; x_wconf 87' lang='grc' dir='ltr'><strong>Τὸ</strong></span> <span class='ocrx_word' id='word_1_385' title='bbox 892 3677 970 3747; x_wconf 71' lang='grc' dir='ltr'><strong>δε,</strong></span> <span class='ocrx_word' id='word_1_386' title='bbox 1001 3679 1083 3733; x_wconf 80' lang='grc' dir='ltr'><strong>ἐπὶ</strong></span> <span class='ocrx_word' id='word_1_387' title='bbox 1114 3685 1188 3750; x_wconf 86' lang='grc' dir='ltr'>τῷ</span> <span class='ocrx_word' id='word_1_388' title='bbox 1218 3677 1434 3750; x_wconf 85' lang='grc' dir='ltr'>ὀνόματί</span> <span class='ocrx_word' id='word_1_389' title='bbox 1464 3694 1586 3748; x_wconf 89' lang='grc' dir='ltr'>μου,</span> <span class='ocrx_word' id='word_1_390' title='bbox 1611 3672 1725 3725; x_wconf 78' lang='grc' dir='ltr'>ἀντι</span> <span class='ocrx_word' id='word_1_391' title='bbox 1745 3679 1858 3740; x_wconf 84' lang='grc' dir='ltr'>τοῦ,</span> 
     </span>
    </p>
   </div>
   <div class='ocr_carea' id='block_1_55' title="bbox 255 3765 1394 3852">
    <p class='ocr_par' dir='ltr' id='par_1_55' title="bbox 255 3765 1394 3852">
     <span class='ocr_line' id='line_1_56' title="bbox 255 3765 1394 3852; baseline -0.014 -20"><span class='ocrx_word' id='word_1_392' title='bbox 255 3775 289 3833; x_wconf 82' lang='grc' dir='ltr'><strong>δ</strong></span> <span class='ocrx_word' id='word_1_393' title='bbox 296 3779 330 3831; x_wconf 88' lang='grc' dir='ltr'>ι’</span> <span class='ocrx_word' id='word_1_394' title='bbox 361 3777 467 3852; x_wconf 69' lang='grc' dir='ltr'>ἐμὲ,</span> <span class='ocrx_word' id='word_1_395' title='bbox 495 3773 531 3829; x_wconf 85' lang='grc' dir='ltr'><strong>δ</strong></span> <span class='ocrx_word' id='word_1_396' title='bbox 538 3777 592 3828; x_wconf 78' lang='grc' dir='ltr'>ιὰ</span> <span class='ocrx_word' id='word_1_397' title='bbox 617 3776 675 3826; x_wconf 86' lang='grc' dir='ltr'>τὸ</span> <span class='ocrx_word' id='word_1_398' title='bbox 713 3769 844 3826; x_wconf 78' lang='grc' dir='ltr'>εἶναι</span> <span class='ocrx_word' id='word_1_399' title='bbox 879 3773 965 3824; x_wconf 83' lang='grc' dir='ltr'>τὸν</span> <span class='ocrx_word' id='word_1_400' title='bbox 993 3775 1227 3823; x_wconf 81' lang='grc' dir='ltr'>τοιοῦτον</span> <span class='ocrx_word' id='word_1_401' title='bbox 1254 3765 1394 3839; x_wconf 84' lang='grc' dir='ltr'>ἐμόν,</span> 
     </span>
    </p>
   </div>
   <div class='ocr_carea' id='block_1_56' title="bbox 327 3960 1860 4047">
    <p class='ocr_par' dir='ltr' id='par_1_56' title="bbox 327 3960 1860 4047">
     <span class='ocr_line' id='line_1_57' title="bbox 327 3960 1860 4047; baseline -0.011 -20"><span class='ocrx_word' id='word_1_402' title='bbox 327 3973 466 4047; x_wconf 83' lang='grc' dir='ltr'>Ὂρα</span> <span class='ocrx_word' id='word_1_403' title='bbox 495 3967 572 4042; x_wconf 72' lang='grc' dir='ltr'>δὲ,</span> <span class='ocrx_word' id='word_1_404' title='bbox 605 3973 768 4024; x_wconf 81' lang='grc' dir='ltr'>πόσον</span> <span class='ocrx_word' id='word_1_405' title='bbox 817 3967 952 4040; x_wconf 78' lang='grc' dir='ltr'>φιλεῖ</span> <span class='ocrx_word' id='word_1_406' title='bbox 988 3969 1074 4018; x_wconf 83' lang='grc' dir='ltr'>τὸν</span> <span class='ocrx_word' id='word_1_407' title='bbox 1113 3970 1368 4018; x_wconf 79' lang='grc' dir='ltr'>τοιοῦτον.</span> <span class='ocrx_word' id='word_1_408' title='bbox 1422 3960 1481 4013; x_wconf 84' lang='lat' dir='ltr'><strong>&#39;O</strong></span> <span class='ocrx_word' id='word_1_409' title='bbox 1527 3967 1704 4013; x_wconf 79' lang='grc' dir='ltr'>τοῦτον</span> <span class='ocrx_word' id='word_1_410' title='bbox 1735 3961 1860 4034; x_wconf 71' lang='grc' dir='ltr'>γὰρ,</span> 
     </span>
    </p>
   </div>
   <div class='ocr_carea' id='block_1_57' title="bbox 260 4049 1862 4136">
    <p class='ocr_par' dir='ltr' id='par_1_57' title="bbox 260 4049 1862 4136">
     <span class='ocr_line' id='line_1_58' title="bbox 260 4049 1862 4136; baseline -0.009 -20"><span class='ocrx_word' id='word_1_411' title='bbox 260 4067 414 4136; x_wconf 73' lang='grc' dir='ltr'>φησὶ,</span> <span class='ocrx_word' id='word_1_412' title='bbox 471 4059 756 4134; x_wconf 75' lang='grc' dir='ltr'>δεχόμενος</span> <span class='ocrx_word' id='word_1_413' title='bbox 798 4056 886 4130; x_wconf 61' lang='grc' dir='ltr'><strong>ἐμὲ</strong></span> <span class='ocrx_word' id='word_1_414' title='bbox 936 4052 1174 4128; x_wconf 73' lang='grc' dir='ltr'>δέχεταιο</span> <span class='ocrx_word' id='word_1_415' title='bbox 1219 4054 1433 4125; x_wconf 76' lang='grc' dir='ltr'>Μάρκος</span> <span class='ocrx_word' id='word_1_416' title='bbox 1489 4049 1548 4104; x_wconf 66' lang='lat' dir='ltr'><strong>ds</strong></span> <span class='ocrx_word' id='word_1_417' title='bbox 1598 4051 1862 4124; x_wconf 80' lang='grc' dir='ltr'>προσέθη-</span> 
     </span>
    </p>
   </div>
   <div class='ocr_carea' id='block_1_58' title="bbox 261 4137 1867 4220">
    <p class='ocr_par' dir='ltr' id='par_1_58' title="bbox 261 4137 1867 4220">
     <span class='ocr_line' id='line_1_59' title="bbox 261 4137 1867 4220; baseline -0.009 -15"><span class='ocrx_word' id='word_1_418' title='bbox 261 4172 369 4218; x_wconf 81' lang='grc' dir='ltr'>κεν,</span> <span class='ocrx_word' id='word_1_419' title='bbox 399 4151 478 4205; x_wconf 85' lang='grc' dir='ltr'>ὃτι</span> <span class='ocrx_word' id='word_1_420' title='bbox 513 4155 613 4204; x_wconf 78' lang='grc' dir='ltr'><strong>Καὶ</strong></span> <span class='ocrx_word' id='word_1_421' title='bbox 643 4151 697 4212; x_wconf 85' lang='grc' dir='ltr'>ὃς</span> <span class='ocrx_word' id='word_1_422' title='bbox 729 4149 813 4202; x_wconf 81' lang='grc' dir='ltr'><strong>ἐὰν</strong></span> <span class='ocrx_word' id='word_1_423' title='bbox 844 4147 931 4220; x_wconf 69' lang='grc' dir='ltr'><strong>ἐμὲ</strong></span> <span class='ocrx_word' id='word_1_424' title='bbox 959 4142 1197 4212; x_wconf 82' lang='grc' dir='ltr'><strong>δέξηται,</strong></span> <span class='ocrx_word' id='word_1_425' title='bbox 1230 4143 1326 4196; x_wconf 76' lang='grc' dir='ltr'><strong>οὐκ</strong></span> <span class='ocrx_word' id='word_1_426' title='bbox 1356 4139 1445 4215; x_wconf 76' lang='grc' dir='ltr'><strong>ἐμὲ</strong></span> <span class='ocrx_word' id='word_1_427' title='bbox 1471 4137 1708 4213; x_wconf 82' lang='grc' dir='ltr'>δέχεται,</span> <span class='ocrx_word' id='word_1_428' title='bbox 1737 4138 1867 4192; x_wconf 80' lang='grc' dir='ltr'>ἀλλὰ</span> 
     </span>
    </p>
   </div>
   <div class='ocr_carea' id='block_1_59' title="bbox 260 4239 863 4310">
    <p class='ocr_par' dir='ltr' id='par_1_59' title="bbox 260 4239 863 4310">
     <span class='ocr_line' id='line_1_60' title="bbox 260 4239 863 4310; baseline -0.005 -15"><span class='ocrx_word' id='word_1_429' title='bbox 260 4245 354 4295; x_wconf 78' lang='grc' dir='ltr'>τὸν</span> <span class='ocrx_word' id='word_1_430' title='bbox 382 4239 751 4293; x_wconf 79' lang='grc' dir='ltr'>ἀποστείλαντά</span> <span class='ocrx_word' id='word_1_431' title='bbox 781 4255 863 4310; x_wconf 74' lang='grc' dir='ltr'><strong>με.</strong></span> 
     </span>
    </p>
   </div>
   <div class='ocr_carea' id='block_1_60' title="bbox 334 4317 1870 4397">
    <p class='ocr_par' dir='ltr' id='par_1_60' title="bbox 334 4317 1870 4397">
     <span class='ocr_line' id='line_1_61' title="bbox 334 4317 1870 4397; baseline -0.01 -13"><span class='ocrx_word' id='word_1_432' title='bbox 334 4331 484 4384; x_wconf 78' lang='grc' dir='ltr'>Ἐστι</span> <span class='ocrx_word' id='word_1_433' title='bbox 537 4327 596 4382; x_wconf 65' lang='grc' dir='ltr'>δὲ</span> <span class='ocrx_word' id='word_1_434' title='bbox 649 4331 676 4382; x_wconf 85' lang='grc' dir='ltr'><strong>ὁ</strong></span> <span class='ocrx_word' id='word_1_435' title='bbox 727 4334 844 4390; x_wconf 81' lang='grc' dir='ltr'>νοῦς</span> <span class='ocrx_word' id='word_1_436' title='bbox 901 4333 1002 4378; x_wconf 84' lang='grc' dir='ltr'>τῶν</span> <span class='ocrx_word' id='word_1_437' title='bbox 1054 4322 1180 4376; x_wconf 82' lang='grc' dir='ltr'>ὅλων</span> <span class='ocrx_word' id='word_1_438' title='bbox 1239 4323 1410 4397; x_wconf 80' lang='grc' dir='ltr'>ῥητῶν</span> <span class='ocrx_word' id='word_1_439' title='bbox 1479 4324 1729 4383; x_wconf 83' lang='grc' dir='ltr'>τοιοῦτος,</span> <span class='ocrx_word' id='word_1_440' title='bbox 1789 4317 1870 4370; x_wconf 88' lang='grc' dir='ltr'>ὅτι</span> 
     </span>
    </p>
   </div>
   <div class='ocr_carea' id='block_1_61' title="bbox 256 4403 1867 4486">
    <p class='ocr_par' dir='ltr' id='par_1_61' title="bbox 256 4403 1867 4486">
     <span class='ocr_line' id='line_1_62' title="bbox 256 4403 1867 4486; baseline -0.009 -11"><span class='ocrx_word' id='word_1_441' title='bbox 256 4422 350 4483; x_wconf 78' lang='grc' dir='ltr'>’ος</span> <span class='ocrx_word' id='word_1_442' title='bbox 400 4423 464 4473; x_wconf 83' lang='grc' dir='ltr'>οἶν</span> <span class='ocrx_word' id='word_1_443' title='bbox 518 4415 843 4482; x_wconf 77' lang='grc' dir='ltr'>ὑποδέξηται</span> <span class='ocrx_word' id='word_1_444' title='bbox 891 4417 978 4468; x_wconf 81' lang='grc' dir='ltr'>τὸν</span> <span class='ocrx_word' id='word_1_445' title='bbox 1051 4417 1319 4486; x_wconf 70' lang='grc' dir='ltr'>γενόμενον</span> <span class='ocrx_word' id='word_1_446' title='bbox 1376 4413 1444 4474; x_wconf 86' lang='grc' dir='ltr'>ὡς</span> <span class='ocrx_word' id='word_1_447' title='bbox 1498 4405 1732 4475; x_wconf 75' lang='grc' dir='ltr'>παιδίον,</span> <span class='ocrx_word' id='word_1_448' title='bbox 1794 4403 1867 4460; x_wconf 82' lang='grc' dir='ltr'>δι’</span> 
     </span>
    </p>
   </div>
   <div class='ocr_carea' id='block_1_62' title="bbox 257 4495 1868 4583">
    <p class='ocr_par' dir='ltr' id='par_1_62' title="bbox 257 4495 1868 4583">
     <span class='ocr_line' id='line_1_63' title="bbox 257 4495 1868 4583; baseline -0.011 -18"><span class='ocrx_word' id='word_1_449' title='bbox 257 4512 455 4566; x_wconf 79' lang='grc' dir='ltr'>ἐκείνου</span> <span class='ocrx_word' id='word_1_450' title='bbox 507 4512 598 4583; x_wconf 81' lang='grc' dir='ltr'>μέν</span> <span class='ocrx_word' id='word_1_451' title='bbox 650 4505 737 4581; x_wconf 71' lang='grc' dir='ltr'><strong>ἐμὲ</strong></span> <span class='ocrx_word' id='word_1_452' title='bbox 782 4501 1126 4577; x_wconf 74' lang='grc' dir='ltr'>ὑποδέχεται,</span> <span class='ocrx_word' id='word_1_453' title='bbox 1183 4497 1257 4554; x_wconf 77' lang='grc' dir='ltr'>δι’</span> <span class='ocrx_word' id='word_1_454' title='bbox 1311 4499 1437 4574; x_wconf 81' lang='grc' dir='ltr'>ἐμοῦ</span> <span class='ocrx_word' id='word_1_455' title='bbox 1493 4497 1553 4553; x_wconf 69' lang='grc' dir='ltr'>δὲ</span> <span class='ocrx_word' id='word_1_456' title='bbox 1606 4501 1693 4552; x_wconf 79' lang='grc' dir='ltr'>τὸν</span> <span class='ocrx_word' id='word_1_457' title='bbox 1743 4495 1868 4549; x_wconf 75' lang='grc' dir='ltr'>ἀπο-</span> 
     </span>
    </p>
   </div>
   <div class='ocr_carea' id='block_1_63' title="bbox 260 4588 1868 4671">
    <p class='ocr_par' dir='ltr' id='par_1_63' title="bbox 260 4588 1868 4671">
     <span class='ocr_line' id='line_1_64' title="bbox 260 4588 1868 4671; baseline -0.01 -16"><span class='ocrx_word' id='word_1_458' title='bbox 260 4601 537 4655; x_wconf 73' lang='grc' dir='ltr'>στείλαντά</span> <span class='ocrx_word' id='word_1_459' title='bbox 589 4616 652 4671; x_wconf 87' lang='grc' dir='ltr'><strong>με</strong></span> <span class='ocrx_word' id='word_1_460' title='bbox 701 4597 909 4670; x_wconf 71' lang='grc' dir='ltr'>Πατέρα</span> <span class='ocrx_word' id='word_1_461' title='bbox 955 4612 1077 4666; x_wconf 92' lang='grc' dir='ltr'>μου.</span> <span class='ocrx_word' id='word_1_462' title='bbox 1131 4591 1192 4644; x_wconf 89' lang='grc' dir='ltr'>Ὀ</span> <span class='ocrx_word' id='word_1_463' title='bbox 1240 4594 1327 4644; x_wconf 68' lang='grc' dir='ltr'><strong>μὲν</strong></span> <span class='ocrx_word' id='word_1_464' title='bbox 1355 4588 1458 4666; x_wconf 67' lang='grc' dir='ltr'>γᾶρ</span> <span class='ocrx_word' id='word_1_465' title='bbox 1497 4592 1678 4663; x_wconf 75' lang='grc' dir='ltr'>Πατὴρ</span> <span class='ocrx_word' id='word_1_466' title='bbox 1712 4589 1868 4640; x_wconf 81' lang='grc' dir='ltr'>οἰκει-</span> 
     </span>
    </p>
   </div>
   <div class='ocr_carea' id='block_1_64' title="bbox 258 4676 1870 4759">
    <p class='ocr_par' dir='ltr' id='par_1_64' title="bbox 258 4676 1870 4759">
     <span class='ocr_line' id='line_1_65' title="bbox 258 4676 1870 4759; baseline -0.011 -14"><span class='ocrx_word' id='word_1_467' title='bbox 258 4697 412 4745; x_wconf 80' lang='grc' dir='ltr'>οῦταὶ</span> <span class='ocrx_word' id='word_1_468' title='bbox 459 4693 554 4747; x_wconf 82' lang='grc' dir='ltr'><strong>τῆν</strong></span> <span class='ocrx_word' id='word_1_469' title='bbox 603 4687 672 4748; x_wconf 82' lang='grc' dir='ltr'><strong>εἰς</strong></span> <span class='ocrx_word' id='word_1_470' title='bbox 714 4685 803 4759; x_wconf 65' lang='grc' dir='ltr'><strong>ἐμὲ</strong></span> <span class='ocrx_word' id='word_1_471' title='bbox 849 4687 1030 4758; x_wconf 82' lang='grc' dir='ltr'>τιμὴν,</span> <span class='ocrx_word' id='word_1_472' title='bbox 1081 4680 1181 4753; x_wconf 81' lang='grc' dir='ltr'><strong>ἐγὼ</strong></span> <span class='ocrx_word' id='word_1_473' title='bbox 1231 4676 1290 4734; x_wconf 66' lang='lat' dir='ltr'><strong>di</strong></span> <span class='ocrx_word' id='word_1_474' title='bbox 1339 4685 1435 4739; x_wconf 85' lang='grc' dir='ltr'><strong>τῆν</strong></span> <span class='ocrx_word' id='word_1_475' title='bbox 1481 4679 1549 4740; x_wconf 74' lang='grc' dir='ltr'><strong>εἰς</strong></span> <span class='ocrx_word' id='word_1_476' title='bbox 1590 4681 1678 4731; x_wconf 87' lang='grc' dir='ltr'>τὸν</span> <span class='ocrx_word' id='word_1_477' title='bbox 1729 4681 1870 4748; x_wconf 65' lang='grc' dir='ltr'>γενος</span> 
     </span>
    </p>
   </div>
   <div class='ocr_carea' id='block_1_65' title="bbox 258 4772 776 4854">
    <p class='ocr_par' dir='ltr' id='par_1_65' title="bbox 258 4772 776 4854">
     <span class='ocr_line' id='line_1_66' title="bbox 258 4772 776 4854; baseline -0.008 -21"><span class='ocrx_word' id='word_1_478' title='bbox 258 4799 410 4854; x_wconf 81' lang='grc' dir='ltr'>μενον</span> <span class='ocrx_word' id='word_1_479' title='bbox 441 4783 513 4840; x_wconf 81' lang='grc' dir='ltr'>ὡς</span> <span class='ocrx_word' id='word_1_480' title='bbox 540 4772 776 4830; x_wconf 80' lang='grc' dir='ltr'>παιδίον.</span> 
     </span>
    </p>
   </div>
   <div class='ocr_carea' id='block_1_66' title="bbox 331 4854 1870 4939">
    <p class='ocr_par' dir='ltr' id='par_1_66' title="bbox 331 4854 1870 4939">
     <span class='ocr_line' id='line_1_67' title="bbox 331 4854 1870 4939; baseline -0.01 -17"><span class='ocrx_word' id='word_1_481' title='bbox 331 4873 395 4923; x_wconf 81' lang='lat' dir='ltr'><strong>Ti</strong></span> <span class='ocrx_word' id='word_1_482' title='bbox 442 4868 531 4920; x_wconf 83' lang='grc' dir='ltr'>οὗν</span> <span class='ocrx_word' id='word_1_483' title='bbox 579 4867 968 4939; x_wconf 81' lang='grc' dir='ltr'>μακαρίώτερον</span> <span class='ocrx_word' id='word_1_484' title='bbox 1025 4862 1269 4921; x_wconf 82' lang='grc' dir='ltr'>τοιαύτης</span> <span class='ocrx_word' id='word_1_485' title='bbox 1325 4855 1628 4931; x_wconf 79' lang='grc' dir='ltr'>ὑποδοχῆς,</span> <span class='ocrx_word' id='word_1_486' title='bbox 1681 4854 1753 4910; x_wconf 76' lang='grc' dir='ltr'>δι’</span> <span class='ocrx_word' id='word_1_487' title='bbox 1811 4857 1870 4917; x_wconf 82' lang='grc' dir='ltr'><strong>ἧς</strong></span> 
     </span>
    </p>
   </div>
   <div class='ocr_carea' id='block_1_67' title="bbox 259 4944 1870 5031">
    <p class='ocr_par' dir='ltr' id='par_1_67' title="bbox 259 4944 1870 5031">
     <span class='ocr_line' id='line_1_68' title="bbox 259 4944 1870 5031; baseline -0.009 -18"><span class='ocrx_word' id='word_1_488' title='bbox 259 4955 588 5031; x_wconf 70' lang='grc' dir='ltr'>ὑποδέχεταί</span> <span class='ocrx_word' id='word_1_489' title='bbox 634 4973 712 5016; x_wconf 86' lang='grc' dir='ltr'><strong>τις</strong></span> <span class='ocrx_word' id='word_1_490' title='bbox 762 4957 858 5012; x_wconf 81' lang='grc' dir='ltr'>τὴν</span> <span class='ocrx_word' id='word_1_491' title='bbox 903 4955 1165 5026; x_wconf 76' lang='grc' dir='ltr'>μακαρίαν</span> <span class='ocrx_word' id='word_1_492' title='bbox 1211 4945 1457 5023; x_wconf 69' lang='grc' dir='ltr'>Τριάδοὶι</span> <span class='ocrx_word' id='word_1_493' title='bbox 1512 4948 1572 5001; x_wconf 88' lang='grc' dir='ltr'><strong>Εἰ</strong></span> <span class='ocrx_word' id='word_1_494' title='bbox 1621 4944 1723 5020; x_wconf 75' lang='grc' dir='ltr'>γὰρ</span> <span class='ocrx_word' id='word_1_495' title='bbox 1781 4949 1870 4999; x_wconf 89' lang='grc' dir='ltr'>τὸν</span> 
     </span>
    </p>
   </div>
   <div class='ocr_carea' id='block_1_68' title="bbox 260 5039 1870 5116">
    <p class='ocr_par' dir='ltr' id='par_1_68' title="bbox 260 5039 1870 5116">
     <span class='ocr_line' id='line_1_69' title="bbox 260 5039 1870 5116; baseline -0.008 -14"><span class='ocrx_word' id='word_1_496' title='bbox 260 5051 383 5103; x_wconf 80' lang='grc' dir='ltr'><strong>Υὶὸν</strong></span> <span class='ocrx_word' id='word_1_497' title='bbox 433 5050 525 5100; x_wconf 77' lang='grc' dir='ltr'>καὶ</span> <span class='ocrx_word' id='word_1_498' title='bbox 580 5047 668 5098; x_wconf 78' lang='grc' dir='ltr'>τὸν</span> <span class='ocrx_word' id='word_1_499' title='bbox 727 5045 956 5116; x_wconf 78' lang='grc' dir='ltr'>Πατέρα,</span> <span class='ocrx_word' id='word_1_500' title='bbox 1012 5043 1219 5104; x_wconf 77' lang='grc' dir='ltr'>παντως</span> <span class='ocrx_word' id='word_1_501' title='bbox 1275 5043 1366 5092; x_wconf 81' lang='grc' dir='ltr'><strong>καὶ</strong></span> <span class='ocrx_word' id='word_1_502' title='bbox 1432 5041 1490 5092; x_wconf 87' lang='grc' dir='ltr'>τὸ</span> <span class='ocrx_word' id='word_1_503' title='bbox 1548 5044 1758 5110; x_wconf 84' lang='grc' dir='ltr'>Πνεῦμα</span> <span class='ocrx_word' id='word_1_504' title='bbox 1812 5039 1870 5090; x_wconf 85' lang='grc' dir='ltr'>τὸ</span> 
     </span>
    </p>
   </div>
   <div class='ocr_carea' id='block_1_69' title="bbox 260 5123 1873 5211">
    <p class='ocr_par' dir='ltr' id='par_1_69' title="bbox 260 5123 1873 5211">
     <span class='ocr_line' id='line_1_70' title="bbox 260 5123 1873 5211; baseline -0.007 -20"><span class='ocrx_word' id='word_1_505' title='bbox 260 5138 412 5211; x_wconf 72' lang='grc' dir='ltr'>ἅγιον</span> <span class='ocrx_word' id='word_1_506' title='bbox 451 5136 586 5208; x_wconf 82' lang='grc' dir='ltr'><strong>(ϐ2)⁶</strong></span> <span class='ocrx_word' id='word_1_507' title='bbox 640 5133 946 5209; x_wconf 85' lang='grc' dir='ltr'>ἆχώριστος</span> <span class='ocrx_word' id='word_1_508' title='bbox 991 5132 1092 5206; x_wconf 74' lang='grc' dir='ltr'><strong>γὰρ</strong></span> <span class='ocrx_word' id='word_1_509' title='bbox 1137 5131 1168 5190; x_wconf 82' lang='grc' dir='ltr'><strong>ἠ</strong></span> <span class='ocrx_word' id='word_1_510' title='bbox 1225 5131 1340 5184; x_wconf 84' lang='grc' dir='ltr'>Θεία</span> <span class='ocrx_word' id='word_1_511' title='bbox 1381 5130 1564 5203; x_wconf 87' lang='grc' dir='ltr'>Τριοίς.</span> <span class='ocrx_word' id='word_1_512' title='bbox 1612 5127 1772 5182; x_wconf 80' lang='grc' dir='ltr'>Οὔπω</span> <span class='ocrx_word' id='word_1_513' title='bbox 1813 5123 1873 5180; x_wconf 77' lang='grc' dir='ltr'><strong>δε</strong></span> 
     </span>
    </p>
   </div>
   <div class='ocr_carea' id='block_1_70' title="bbox 259 5216 1870 5304">
    <p class='ocr_par' dir='ltr' id='par_1_70' title="bbox 259 5216 1870 5304">
     <span class='ocr_line' id='line_1_71' title="bbox 259 5216 1870 5304; baseline -0.007 -23"><span class='ocrx_word' id='word_1_514' title='bbox 259 5230 448 5304; x_wconf 82' lang='grc' dir='ltr'>καιρὸς</span> <span class='ocrx_word' id='word_1_515' title='bbox 501 5222 565 5286; x_wconf 78' lang='grc' dir='ltr'><strong>ἧν</strong></span> <span class='ocrx_word' id='word_1_516' title='bbox 633 5229 926 5282; x_wconf 81' lang='grc' dir='ltr'>τηνικαῦτα</span> <span class='ocrx_word' id='word_1_517' title='bbox 977 5216 1194 5284; x_wconf 78' lang='grc' dir='ltr'>διδάξαι</span> <span class='ocrx_word' id='word_1_518' title='bbox 1251 5223 1342 5273; x_wconf 82' lang='grc' dir='ltr'><strong>καὶ</strong></span> <span class='ocrx_word' id='word_1_519' title='bbox 1394 5222 1509 5292; x_wconf 75' lang='grc' dir='ltr'>περὶ</span> <span class='ocrx_word' id='word_1_520' title='bbox 1563 5224 1657 5271; x_wconf 82' lang='grc' dir='ltr'>τοῦ</span> <span class='ocrx_word' id='word_1_521' title='bbox 1715 5216 1870 5290; x_wconf 71' lang='grc' dir='ltr'>ἁγίου</span> 
     </span>
    </p>
   </div>
   <div class='ocr_carea' id='block_1_71' title="bbox 265 5319 582 5389">
    <p class='ocr_par' dir='ltr' id='par_1_71' title="bbox 265 5319 582 5389">
     <span class='ocr_line' id='line_1_72' title="bbox 265 5319 582 5389; baseline -0.006 -19"><span class='ocrx_word' id='word_1_522' title='bbox 265 5319 582 5389; x_wconf 69' lang='grc' dir='ltr'>Πννύματος.</span> 
     </span>
    </p>
   </div>
   <div class='ocr_carea' id='block_1_72' title="bbox 335 5487 1778 5560">
    <p class='ocr_par' dir='ltr' id='par_1_72' title="bbox 335 5487 1778 5560">
     <span class='ocr_line' id='line_1_73' title="bbox 335 5487 1778 5560; baseline -0.004 -10"><span class='ocrx_word' id='word_1_523' title='bbox 335 5495 383 5530; x_wconf 75' lang='grc'>³⁵</span> <span class='ocrx_word' id='word_1_524' title='bbox 409 5494 587 5550; x_wconf 82' lang='lat' dir='ltr'><strong>Marc.</strong></span> <span class='ocrx_word' id='word_1_525' title='bbox 621 5507 701 5560; x_wconf 69' lang='grc' dir='ltr'>ιχ,</span> <span class='ocrx_word' id='word_1_526' title='bbox 730 5495 819 5548; x_wconf 85' lang='grc'><strong>36.</strong></span> <span class='ocrx_word' id='word_1_527' title='bbox 846 5491 897 5527; x_wconf 74' lang='grc'><strong>⁸⁵</strong></span> <span class='ocrx_word' id='word_1_528' title='bbox 921 5488 1041 5546; x_wconf 92' lang='lat' dir='ltr'><strong>Luc</strong></span> <span class='ocrx_word' id='word_1_529' title='bbox 1062 5505 1142 5554; x_wconf 79' lang='lat' dir='ltr'><strong>lx,</strong></span> <span class='ocrx_word' id='word_1_530' title='bbox 1171 5491 1262 5546; x_wconf 77' lang='grc'><strong>47.</strong></span> <span class='ocrx_word' id='word_1_531' title='bbox 1294 5489 1340 5525; x_wconf 70' lang='grc'><strong>’⁷</strong></span> <span class='ocrx_word' id='word_1_532' title='bbox 1370 5487 1548 5545; x_wconf 90' lang='lat' dir='ltr'><strong>Marc.</strong></span> <span class='ocrx_word' id='word_1_533' title='bbox 1575 5503 1655 5554; x_wconf 81' lang='lat' dir='ltr'><strong>1x,</strong></span> <span class='ocrx_word' id='word_1_534' title='bbox 1685 5487 1778 5544; x_wconf 88' lang='grc'><strong>37.</strong></span> 
     </span>
    </p>
   </div>
   <div class='ocr_carea' id='block_1_73' title="bbox 1972 1909 3640 1983">
    <p class='ocr_par' dir='ltr' id='par_1_73' title="bbox 1972 1909 3640 1983">
     <span class='ocr_line' id='line_1_74' title="bbox 1972 1909 3640 1983; baseline -0.005 -14"><span class='ocrx_word' id='word_1_535' title='bbox 1972 1918 2136 1969; x_wconf 90' lang='lat' dir='ltr'><strong>matu</strong></span> <span class='ocrx_word' id='word_1_536' title='bbox 2168 1913 2231 1968; x_wconf 91' lang='lat' dir='ltr'><strong>in</strong></span> <span class='ocrx_word' id='word_1_537' title='bbox 2261 1928 2446 1983; x_wconf 82' lang='lat' dir='ltr'><strong>regno</strong></span> <span class='ocrx_word' id='word_1_538' title='bbox 2488 1911 2778 1968; x_wconf 80' lang='lat' dir='ltr'><strong>caelorum</strong></span> <span class='ocrx_word' id='word_1_539' title='bbox 2826 1909 3204 1979; x_wconf 83' lang='lat' dir='ltr'><strong>interrogatis</strong></span> <span class='ocrx_word' id='word_1_540' title='bbox 3233 1923 3246 1974; x_wconf 91' lang='lat'><strong>;</strong></span> <span class='ocrx_word' id='word_1_541' title='bbox 3280 1922 3389 1979; x_wconf 81' lang='lat' dir='ltr'><strong>ego</strong></span> <span class='ocrx_word' id='word_1_542' title='bbox 3438 1911 3640 1962; x_wconf 92' lang='lat' dir='ltr'><strong>autem</strong></span> 
     </span>
    </p>
   </div>
   <div class='ocr_carea' id='block_1_74' title="bbox 1973 1997 3640 2074">
    <p class='ocr_par' dir='ltr' id='par_1_74' title="bbox 1973 1997 3640 2074">
     <span class='ocr_line' id='line_1_75' title="bbox 1973 1997 3640 2074; baseline -0.004 -16"><span class='ocrx_word' id='word_1_543' title='bbox 1973 2003 2106 2059; x_wconf 92' lang='lat' dir='ltr'><strong>dico</strong></span> <span class='ocrx_word' id='word_1_544' title='bbox 2139 2002 2308 2058; x_wconf 87' lang='lat' dir='ltr'><strong>vobis</strong></span> <span class='ocrx_word' id='word_1_545' title='bbox 2339 2002 2527 2074; x_wconf 90' lang='lat' dir='ltr'><strong>quod,</strong></span> <span class='ocrx_word' id='word_1_546' title='bbox 2560 2001 2674 2058; x_wconf 89' lang='lat' dir='ltr'><strong>nisi</strong></span> <span class='ocrx_word' id='word_1_547' title='bbox 2706 1999 2974 2059; x_wconf 87' lang='lat' dir='ltr'><strong>conversi</strong></span> <span class='ocrx_word' id='word_1_548' title='bbox 3007 1997 3235 2054; x_wconf 87' lang='lat' dir='ltr'><strong>fueritis</strong></span> <span class='ocrx_word' id='word_1_549' title='bbox 3264 2013 3300 2053; x_wconf 90' lang='lat' dir='ltr'><strong>a</strong></span> <span class='ocrx_word' id='word_1_550' title='bbox 3353 1997 3640 2068; x_wconf 85' lang='lat' dir='ltr'><strong>pravitate</strong></span> 
     </span>
    </p>
   </div>
   <div class='ocr_carea' id='block_1_75' title="bbox 1973 2085 3637 2158">
    <p class='ocr_par' dir='ltr' id='par_1_75' title="bbox 1973 2085 3637 2158">
     <span class='ocr_line' id='line_1_76' title="bbox 1973 2085 3637 2158; baseline -0.004 -11"><span class='ocrx_word' id='word_1_551' title='bbox 1973 2092 2048 2148; x_wconf 85' lang='lat' dir='ltr'><strong>ad</strong></span> <span class='ocrx_word' id='word_1_552' title='bbox 2081 2091 2500 2158; x_wconf 86' lang='lat' dir='ltr'><strong>sinceritatem,</strong></span> <span class='ocrx_word' id='word_1_553' title='bbox 2531 2094 2586 2148; x_wconf 91' lang='lat' dir='ltr'><strong>et</strong></span> <span class='ocrx_word' id='word_1_554' title='bbox 2613 2088 2962 2147; x_wconf 79' lang='lat' dir='ltr'><strong>efﬁciamini</strong></span> <span class='ocrx_word' id='word_1_555' title='bbox 2984 2088 3335 2146; x_wconf 89' lang='lat' dir='ltr'><strong>innocentes</strong></span> <span class='ocrx_word' id='word_1_556' title='bbox 3361 2089 3426 2143; x_wconf 88' lang='lat' dir='ltr'><strong>ut</strong></span> <span class='ocrx_word' id='word_1_557' title='bbox 3451 2085 3637 2158; x_wconf 89' lang='lat' dir='ltr'><strong>pueri,</strong></span> 
     </span>
    </p>
   </div>
   <div class='ocr_carea' id='block_1_76' title="bbox 1973 2178 3102 2252">
    <p class='ocr_par' dir='ltr' id='par_1_76' title="bbox 1973 2178 3102 2252">
     <span class='ocr_line' id='line_1_77' title="bbox 1973 2178 3102 2252; baseline -0.004 -14"><span class='ocrx_word' id='word_1_558' title='bbox 1973 2182 2034 2238; x_wconf 88' lang='lat' dir='ltr'><strong>in</strong></span> <span class='ocrx_word' id='word_1_559' title='bbox 2065 2180 2206 2237; x_wconf 90' lang='lat' dir='ltr'><strong>illud</strong></span> <span class='ocrx_word' id='word_1_560' title='bbox 2236 2181 2484 2238; x_wconf 92' lang='lat' dir='ltr'><strong>omnino</strong></span> <span class='ocrx_word' id='word_1_561' title='bbox 2509 2196 2633 2238; x_wconf 92' lang='lat' dir='ltr'><strong>non</strong></span> <span class='ocrx_word' id='word_1_562' title='bbox 2662 2178 3102 2252; x_wconf 84' lang='lat' dir='ltr'><strong>ingrediemini.</strong></span> 
     </span>
    </p>
   </div>
   <div class='ocr_carea' id='block_1_77' title="bbox 2045 2266 3642 2348">
    <p class='ocr_par' dir='ltr' id='par_1_77' title="bbox 2045 2266 3642 2348">
     <span class='ocr_line' id='line_1_78' title="bbox 2045 2266 3642 2348; baseline -0.008 -16"><span class='ocrx_word' id='word_1_563' title='bbox 2045 2274 2204 2336; x_wconf 86' lang='lat' dir='ltr'><strong>Puer</strong></span> <span class='ocrx_word' id='word_1_564' title='bbox 2228 2274 2528 2348; x_wconf 89' lang='lat' dir='ltr'><strong>siquidem</strong></span> <span class='ocrx_word' id='word_1_565' title='bbox 2554 2274 2644 2328; x_wconf 89' lang='lat' dir='ltr'><strong>est</strong></span> <span class='ocrx_word' id='word_1_566' title='bbox 2672 2268 2946 2341; x_wconf 80' lang='lat' dir='ltr'><strong>simplex,</strong></span> <span class='ocrx_word' id='word_1_567' title='bbox 2973 2282 3096 2324; x_wconf 89' lang='lat' dir='ltr'><strong>non</strong></span> <span class='ocrx_word' id='word_1_568' title='bbox 3121 2266 3416 2332; x_wconf 89' lang='lat' dir='ltr'><strong>curiosus,</strong></span> <span class='ocrx_word' id='word_1_569' title='bbox 3443 2279 3642 2338; x_wconf 90' lang='lat' dir='ltr'><strong>neque</strong></span> 
     </span>
    </p>
   </div>
   <div class='ocr_carea' id='block_1_78' title="bbox 1977 2353 3644 2442">
    <p class='ocr_par' dir='ltr' id='par_1_78' title="bbox 1977 2353 3644 2442">
     <span class='ocr_line' id='line_1_79' title="bbox 1977 2353 3644 2442; baseline -0.01 -17"><span class='ocrx_word' id='word_1_570' title='bbox 1977 2384 2148 2427; x_wconf 68' lang='lat' dir='ltr'><strong>vana:</strong></span> <span class='ocrx_word' id='word_1_571' title='bbox 2175 2365 2380 2442; x_wconf 72' lang='lat' dir='ltr'><strong>glorias</strong></span> <span class='ocrx_word' id='word_1_572' title='bbox 2410 2360 2688 2435; x_wconf 91' lang='lat' dir='ltr'><strong>cupidus,</strong></span> <span class='ocrx_word' id='word_1_573' title='bbox 2716 2359 2841 2415; x_wconf 91' lang='lat' dir='ltr'><strong>sine</strong></span> <span class='ocrx_word' id='word_1_574' title='bbox 2872 2357 3044 2424; x_wconf 85' lang='lat' dir='ltr'><strong>fastu,</strong></span> <span class='ocrx_word' id='word_1_575' title='bbox 3077 2355 3228 2412; x_wconf 89' lang='lat' dir='ltr'><strong>liber</strong></span> <span class='ocrx_word' id='word_1_576' title='bbox 3255 2360 3340 2412; x_wconf 93' lang='lat' dir='ltr'><strong>est</strong></span> <span class='ocrx_word' id='word_1_577' title='bbox 3369 2357 3427 2412; x_wconf 91' lang='lat' dir='ltr'><strong>et</strong></span> <span class='ocrx_word' id='word_1_578' title='bbox 3455 2353 3532 2410; x_wconf 91' lang='lat' dir='ltr'><strong>ab</strong></span> <span class='ocrx_word' id='word_1_579' title='bbox 3557 2353 3644 2410; x_wconf 89' lang='lat' dir='ltr'><strong>in-</strong></span> 
     </span>
    </p>
   </div>
   <div class='ocr_carea' id='block_1_79' title="bbox 1975 2444 3643 2523">
    <p class='ocr_par' dir='ltr' id='par_1_79' title="bbox 1975 2444 3643 2523">
     <span class='ocr_line' id='line_1_80' title="bbox 1975 2444 3643 2523; baseline -0.009 -8"><span class='ocrx_word' id='word_1_580' title='bbox 1975 2458 2154 2523; x_wconf 86' lang='lat' dir='ltr'><strong>vidia,</strong></span> <span class='ocrx_word' id='word_1_581' title='bbox 2201 2453 2604 2517; x_wconf 67' lang='lat' dir='ltr'><strong>aemulatione,</strong></span> <span class='ocrx_word' id='word_1_582' title='bbox 2637 2449 2729 2506; x_wconf 90' lang='lat' dir='ltr'><strong>sui</strong></span> <span class='ocrx_word' id='word_1_583' title='bbox 2759 2462 2983 2512; x_wconf 89' lang='lat' dir='ltr'><strong>amore,</strong></span> <span class='ocrx_word' id='word_1_584' title='bbox 3016 2444 3416 2515; x_wconf 88' lang='lat' dir='ltr'><strong>contentione,</strong></span> <span class='ocrx_word' id='word_1_585' title='bbox 3450 2448 3525 2509; x_wconf 88' lang='lat' dir='ltr'><strong>et,</strong></span> <span class='ocrx_word' id='word_1_586' title='bbox 3577 2449 3643 2500; x_wconf 92' lang='lat' dir='ltr'><strong>ut</strong></span> 
     </span>
    </p>
   </div>
   <div class='ocr_carea' id='block_1_80' title="bbox 1975 2532 3642 2614">
    <p class='ocr_par' dir='ltr' id='par_1_80' title="bbox 1975 2532 3642 2614">
     <span class='ocr_line' id='line_1_81' title="bbox 1975 2532 3642 2614; baseline -0.01 -9"><span class='ocrx_word' id='word_1_587' title='bbox 1975 2547 2160 2604; x_wconf 89' lang='lat' dir='ltr'><strong>semel</strong></span> <span class='ocrx_word' id='word_1_588' title='bbox 2184 2547 2405 2614; x_wconf 87' lang='lat' dir='ltr'><strong>dicam,</strong></span> <span class='ocrx_word' id='word_1_589' title='bbox 2439 2541 2672 2598; x_wconf 89' lang='lat' dir='ltr'><strong>solutus</strong></span> <span class='ocrx_word' id='word_1_590' title='bbox 2703 2542 2793 2595; x_wconf 88' lang='lat' dir='ltr'><strong>est</strong></span> <span class='ocrx_word' id='word_1_591' title='bbox 2821 2537 2900 2594; x_wconf 92' lang='lat' dir='ltr'><strong>ab</strong></span> <span class='ocrx_word' id='word_1_592' title='bbox 2929 2535 3095 2593; x_wconf 89' lang='lat' dir='ltr'><strong>omni</strong></span> <span class='ocrx_word' id='word_1_593' title='bbox 3122 2534 3463 2592; x_wconf 81' lang='lat' dir='ltr'><strong>voluntario</strong></span> <span class='ocrx_word' id='word_1_594' title='bbox 3501 2532 3642 2590; x_wconf 74' lang='lat' dir='ltr'><strong>affe-</strong></span> 
     </span>
    </p>
   </div>
   <div class='ocr_carea' id='block_1_81' title="bbox 1972 2623 3641 2709">
    <p class='ocr_par' dir='ltr' id='par_1_81' title="bbox 1972 2623 3641 2709">
     <span class='ocr_line' id='line_1_82' title="bbox 1972 2623 3641 2709; baseline -0.01 -13"><span class='ocrx_word' id='word_1_595' title='bbox 1972 2643 2089 2705; x_wconf 88' lang='lat' dir='ltr'><strong>ctu,</strong></span> <span class='ocrx_word' id='word_1_596' title='bbox 2132 2652 2256 2694; x_wconf 88' lang='lat' dir='ltr'><strong>non</strong></span> <span class='ocrx_word' id='word_1_597' title='bbox 2280 2651 2388 2709; x_wconf 88' lang='lat' dir='ltr'><strong>per</strong></span> <span class='ocrx_word' id='word_1_598' title='bbox 2415 2630 2778 2699; x_wconf 84' lang='lat' dir='ltr'><strong>exercitium,</strong></span> <span class='ocrx_word' id='word_1_599' title='bbox 2808 2627 2912 2684; x_wconf 91' lang='lat' dir='ltr'><strong>sed</strong></span> <span class='ocrx_word' id='word_1_600' title='bbox 2938 2642 3046 2700; x_wconf 90' lang='lat' dir='ltr'><strong>per</strong></span> <span class='ocrx_word' id='word_1_601' title='bbox 3075 2623 3543 2698; x_wconf 88' lang='lat' dir='ltr'><strong>simplicitatem.</strong></span> <span class='ocrx_word' id='word_1_602' title='bbox 3585 2623 3641 2680; x_wconf 92' lang='lat' dir='ltr'><strong>Si</strong></span> 
     </span>
    </p>
   </div>
   <div class='ocr_carea' id='block_1_82' title="bbox 1971 2712 3640 2801">
    <p class='ocr_par' dir='ltr' id='par_1_82' title="bbox 1971 2712 3640 2801">
     <span class='ocr_line' id='line_1_83' title="bbox 1971 2712 3640 2801; baseline -0.009 -17"><span class='ocrx_word' id='word_1_603' title='bbox 1971 2727 2108 2801; x_wconf 89' lang='lat' dir='ltr'><strong>quis</strong></span> <span class='ocrx_word' id='word_1_604' title='bbox 2169 2741 2312 2797; x_wconf 80' lang='lat' dir='ltr'><strong>ergo</strong></span> <span class='ocrx_word' id='word_1_605' title='bbox 2361 2719 2699 2779; x_wconf 83' lang='lat' dir='ltr'><strong>discesserit</strong></span> <span class='ocrx_word' id='word_1_606' title='bbox 2735 2734 2773 2776; x_wconf 91' lang='lat' dir='ltr'><strong>a</strong></span> <span class='ocrx_word' id='word_1_607' title='bbox 2808 2714 3167 2774; x_wconf 84' lang='lat' dir='ltr'><strong>voluntariis</strong></span> <span class='ocrx_word' id='word_1_608' title='bbox 3207 2712 3640 2783; x_wconf 76' lang='lat' dir='ltr'><strong>affectionibus,</strong></span> 
     </span>
    </p>
   </div>
   <div class='ocr_carea' id='block_1_83' title="bbox 1972 2802 3640 2884">
    <p class='ocr_par' dir='ltr' id='par_1_83' title="bbox 1972 2802 3640 2884">
     <span class='ocr_line' id='line_1_84' title="bbox 1972 2802 3640 2884; baseline -0.01 -9"><span class='ocrx_word' id='word_1_609' title='bbox 1972 2816 2259 2875; x_wconf 79' lang='lat' dir='ltr'><strong>efﬁcietur</strong></span> <span class='ocrx_word' id='word_1_610' title='bbox 2287 2815 2440 2871; x_wconf 86' lang='lat' dir='ltr'><strong>sicut</strong></span> <span class='ocrx_word' id='word_1_611' title='bbox 2467 2810 2659 2884; x_wconf 89' lang='lat' dir='ltr'><strong>pueri,</strong></span> <span class='ocrx_word' id='word_1_612' title='bbox 2689 2805 2926 2864; x_wconf 84' lang='lat' dir='ltr'><strong>habens</strong></span> <span class='ocrx_word' id='word_1_613' title='bbox 2956 2820 3065 2878; x_wconf 88' lang='lat' dir='ltr'><strong>per</strong></span> <span class='ocrx_word' id='word_1_614' title='bbox 3094 2803 3442 2861; x_wconf 85' lang='lat' dir='ltr'><strong>exercitium</strong></span> <span class='ocrx_word' id='word_1_615' title='bbox 3471 2802 3640 2876; x_wconf 90' lang='lat' dir='ltr'><strong>quod</strong></span> 
     </span>
    </p>
   </div>
   <div class='ocr_carea' id='block_1_84' title="bbox 1971 2896 3034 2978">
    <p class='ocr_par' dir='ltr' id='par_1_84' title="bbox 1971 2896 3034 2978">
     <span class='ocr_line' id='line_1_85' title="bbox 1971 2896 3034 2978; baseline -0.015 -13"><span class='ocrx_word' id='word_1_616' title='bbox 1971 2907 2198 2965; x_wconf 87' lang='lat' dir='ltr'><strong>habent</strong></span> <span class='ocrx_word' id='word_1_617' title='bbox 2225 2903 2397 2978; x_wconf 92' lang='lat' dir='ltr'><strong>pueri</strong></span> <span class='ocrx_word' id='word_1_618' title='bbox 2427 2916 2534 2975; x_wconf 89' lang='lat' dir='ltr'><strong>per</strong></span> <span class='ocrx_word' id='word_1_619' title='bbox 2563 2896 3034 2970; x_wconf 86' lang='lat' dir='ltr'><strong>simplicitatem.</strong></span> 
     </span>
    </p>
   </div>
   <div class='ocr_carea' id='block_1_85' title="bbox 2043 2982 3637 3064">
    <p class='ocr_par' dir='ltr' id='par_1_85' title="bbox 2043 2982 3637 3064">
     <span class='ocr_line' id='line_1_86' title="bbox 2043 2982 3637 3064; baseline -0.009 -11"><span class='ocrx_word' id='word_1_620' title='bbox 2043 2999 2208 3052; x_wconf 91' lang='lat' dir='ltr'><strong>Vers.</strong></span> <span class='ocrx_word' id='word_1_621' title='bbox 2241 2998 2295 3051; x_wconf 76' lang='grc'>4.</span> <span class='ocrx_word' id='word_1_622' title='bbox 2332 2991 2606 3064; x_wconf 78' lang='lat' dir='ltr'><strong>Quisquis</strong></span> <span class='ocrx_word' id='word_1_623' title='bbox 2634 3017 2705 3031; x_wconf 90' lang='lat'><strong>—</strong></span> <span class='ocrx_word' id='word_1_624' title='bbox 2731 2986 3031 3043; x_wconf 72' lang='lat' dir='ltr'><strong>caelorum.</strong></span> <span class='ocrx_word' id='word_1_625' title='bbox 3065 2983 3338 3055; x_wconf 85' lang='lat' dir='ltr'><strong>Quisquis</strong></span> <span class='ocrx_word' id='word_1_626' title='bbox 3365 2982 3637 3038; x_wconf 83' lang='lat' dir='ltr'><strong>volunta-</strong></span> 
     </span>
    </p>
   </div>
   <div class='ocr_carea' id='block_1_86' title="bbox 1971 3069 3642 3158">
    <p class='ocr_par' dir='ltr' id='par_1_86' title="bbox 1971 3069 3642 3158">
     <span class='ocr_line' id='line_1_87' title="bbox 1971 3069 3642 3158; baseline -0.01 -14"><span class='ocrx_word' id='word_1_627' title='bbox 1971 3087 2055 3145; x_wconf 87' lang='lat' dir='ltr'><strong>rie</strong></span> <span class='ocrx_word' id='word_1_628' title='bbox 2099 3086 2366 3158; x_wconf 90' lang='lat' dir='ltr'><strong>seipsum</strong></span> <span class='ocrx_word' id='word_1_629' title='bbox 2396 3079 2780 3137; x_wconf 87' lang='lat' dir='ltr'><strong>vehementer</strong></span> <span class='ocrx_word' id='word_1_630' title='bbox 2823 3073 3122 3146; x_wconf 78' lang='lat' dir='ltr'><strong>deiecerit,</strong></span> <span class='ocrx_word' id='word_1_631' title='bbox 3155 3071 3308 3128; x_wconf 91' lang='lat' dir='ltr'><strong>sicut</strong></span> <span class='ocrx_word' id='word_1_632' title='bbox 3334 3085 3483 3144; x_wconf 90' lang='lat' dir='ltr'><strong>puer</strong></span> <span class='ocrx_word' id='word_1_633' title='bbox 3531 3069 3642 3128; x_wconf 90' lang='lat' dir='ltr'><strong>iste</strong></span> 
     </span>
    </p>
   </div>
   <div class='ocr_carea' id='block_1_87' title="bbox 1899 3162 3645 3251">
    <p class='ocr_par' dir='ltr' id='par_1_87' title="bbox 1899 3162 3645 3251">
     <span class='ocr_line' id='line_1_88' title="bbox 1899 3162 3645 3251; baseline -0.01 -17"><span class='ocrx_word' id='word_1_634' title='bbox 1899 3190 1957 3251; x_wconf 61' lang='grc' dir='ltr'>αθ</span> <span class='ocrx_word' id='word_1_635' title='bbox 1977 3193 2097 3233; x_wconf 93' lang='lat' dir='ltr'><strong>non</strong></span> <span class='ocrx_word' id='word_1_636' title='bbox 2145 3170 2477 3231; x_wconf 87' lang='lat' dir='ltr'><strong>voluntarie</strong></span> <span class='ocrx_word' id='word_1_637' title='bbox 2502 3168 2886 3226; x_wconf 87' lang='lat' dir='ltr'><strong>vehementer</strong></span> <span class='ocrx_word' id='word_1_638' title='bbox 2925 3162 3190 3236; x_wconf 90' lang='lat' dir='ltr'><strong>dejectus</strong></span> <span class='ocrx_word' id='word_1_639' title='bbox 3219 3164 3307 3217; x_wconf 89' lang='lat' dir='ltr'><strong>est</strong></span> <span class='ocrx_word' id='word_1_640' title='bbox 3337 3178 3351 3213; x_wconf 90' lang='lat'><strong>:</strong></span> <span class='ocrx_word' id='word_1_641' title='bbox 3409 3163 3645 3233; x_wconf 85' lang='lat' dir='ltr'><strong>oportet</strong></span> 
     </span>
    </p>
   </div>
   <div class='ocr_carea' id='block_1_88' title="bbox 1977 3247 3642 3333">
    <p class='ocr_par' dir='ltr' id='par_1_88' title="bbox 1977 3247 3642 3333">
     <span class='ocr_line' id='line_1_89' title="bbox 1977 3247 3642 3333; baseline -0.011 -10"><span class='ocrx_word' id='word_1_642' title='bbox 1977 3266 2160 3333; x_wconf 91' lang='lat' dir='ltr'><strong>enim,</strong></span> <span class='ocrx_word' id='word_1_643' title='bbox 2194 3268 2256 3320; x_wconf 89' lang='lat' dir='ltr'><strong>ut</strong></span> <span class='ocrx_word' id='word_1_644' title='bbox 2293 3262 2524 3318; x_wconf 89' lang='lat' dir='ltr'><strong>dictum</strong></span> <span class='ocrx_word' id='word_1_645' title='bbox 2569 3260 2680 3326; x_wconf 90' lang='lat' dir='ltr'><strong>est,</strong></span> <span class='ocrx_word' id='word_1_646' title='bbox 2707 3253 2926 3311; x_wconf 89' lang='lat' dir='ltr'><strong>imitari</strong></span> <span class='ocrx_word' id='word_1_647' title='bbox 2964 3266 3238 3325; x_wconf 89' lang='lat' dir='ltr'><strong>puerum,</strong></span> <span class='ocrx_word' id='word_1_648' title='bbox 3270 3250 3372 3323; x_wconf 92' lang='lat' dir='ltr'><strong>qui</strong></span> <span class='ocrx_word' id='word_1_649' title='bbox 3419 3247 3642 3306; x_wconf 89' lang='lat' dir='ltr'><strong>multas</strong></span> 
     </span>
    </p>
   </div>
   <div class='ocr_carea' id='block_1_89' title="bbox 1975 3339 3460 3418">
    <p class='ocr_par' dir='ltr' id='par_1_89' title="bbox 1975 3339 3460 3418">
     <span class='ocr_line' id='line_1_90' title="bbox 1975 3339 3460 3418; baseline -0.013 -5"><span class='ocrx_word' id='word_1_650' title='bbox 1975 3355 2202 3413; x_wconf 88' lang='lat' dir='ltr'><strong>habens</strong></span> <span class='ocrx_word' id='word_1_651' title='bbox 2226 3353 2491 3418; x_wconf 89' lang='lat' dir='ltr'><strong>virtutes,</strong></span> <span class='ocrx_word' id='word_1_652' title='bbox 2519 3343 2598 3405; x_wconf 76' lang='lat' dir='ltr'><strong>ob</strong></span> <span class='ocrx_word' id='word_1_653' title='bbox 2621 3345 2855 3403; x_wconf 89' lang='lat' dir='ltr'><strong>nullam</strong></span> <span class='ocrx_word' id='word_1_654' title='bbox 2874 3343 3114 3400; x_wconf 87' lang='lat' dir='ltr'><strong>illarum</strong></span> <span class='ocrx_word' id='word_1_655' title='bbox 3140 3339 3460 3396; x_wconf 85' lang='lat' dir='ltr'><strong>extollitur.</strong></span> 
     </span>
    </p>
   </div>
   <div class='ocr_carea' id='block_1_90' title="bbox 2044 3427 3644 3507">
    <p class='ocr_par' dir='ltr' id='par_1_90' title="bbox 2044 3427 3644 3507">
     <span class='ocr_line' id='line_1_91' title="bbox 2044 3427 3644 3507; baseline -0.011 -6"><span class='ocrx_word' id='word_1_656' title='bbox 2044 3445 2207 3501; x_wconf 90' lang='lat' dir='ltr'><strong>Vers.</strong></span> <span class='ocrx_word' id='word_1_657' title='bbox 2256 3447 2306 3498; x_wconf 84' lang='lat'><strong>5.</strong></span> <span class='ocrx_word' id='word_1_658' title='bbox 2354 3441 2432 3496; x_wconf 89' lang='lat' dir='ltr'><strong>Et</strong></span> <span class='ocrx_word' id='word_1_659' title='bbox 2478 3469 2546 3480; x_wconf 90' lang='lat'><strong>—-</strong></span> <span class='ocrx_word' id='word_1_660' title='bbox 2585 3435 2836 3507; x_wconf 75' lang='lat' dir='ltr'><strong>suscipit.</strong></span> <span class='ocrx_word' id='word_1_661' title='bbox 2886 3434 2956 3489; x_wconf 89' lang='lat' dir='ltr'><strong>Et</strong></span> <span class='ocrx_word' id='word_1_662' title='bbox 2999 3430 3344 3504; x_wconf 89' lang='lat' dir='ltr'><strong>quicunque</strong></span> <span class='ocrx_word' id='word_1_663' title='bbox 3386 3427 3644 3501; x_wconf 90' lang='lat' dir='ltr'><strong>hospitio</strong></span> 
     </span>
    </p>
   </div>
   <div class='ocr_carea' id='block_1_91' title="bbox 1973 3517 3644 3605">
    <p class='ocr_par' dir='ltr' id='par_1_91' title="bbox 1973 3517 3644 3605">
     <span class='ocr_line' id='line_1_92' title="bbox 1973 3517 3644 3605; baseline -0.012 -12"><span class='ocrx_word' id='word_1_664' title='bbox 1973 3533 2270 3605; x_wconf 86' lang='lat' dir='ltr'><strong>exceperit</strong></span> <span class='ocrx_word' id='word_1_665' title='bbox 2302 3545 2494 3587; x_wconf 90' lang='lat' dir='ltr'><strong>unum</strong></span> <span class='ocrx_word' id='word_1_666' title='bbox 2523 3526 2706 3584; x_wconf 88' lang='lat' dir='ltr'><strong>talem</strong></span> <span class='ocrx_word' id='word_1_667' title='bbox 2735 3537 2992 3596; x_wconf 89' lang='lat' dir='ltr'><strong>puerum</strong></span> <span class='ocrx_word' id='word_1_668' title='bbox 3022 3519 3267 3594; x_wconf 91' lang='lat' dir='ltr'><strong>qualem</strong></span> <span class='ocrx_word' id='word_1_669' title='bbox 3293 3517 3456 3584; x_wconf 85' lang='lat' dir='ltr'><strong>dixit,</strong></span> <span class='ocrx_word' id='word_1_670' title='bbox 3485 3517 3644 3574; x_wconf 86' lang='lat' dir='ltr'><strong>vide-</strong></span> 
     </span>
    </p>
   </div>
   <div class='ocr_carea' id='block_1_92' title="bbox 1969 3606 3644 3691">
    <p class='ocr_par' dir='ltr' id='par_1_92' title="bbox 1969 3606 3644 3691">
     <span class='ocr_line' id='line_1_93' title="bbox 1969 3606 3644 3691; baseline -0.012 -9"><span class='ocrx_word' id='word_1_671' title='bbox 1969 3626 2107 3683; x_wconf 89' lang='lat' dir='ltr'><strong>licet</strong></span> <span class='ocrx_word' id='word_1_672' title='bbox 2136 3637 2327 3679; x_wconf 90' lang='lat' dir='ltr'><strong>unum</strong></span> <span class='ocrx_word' id='word_1_673' title='bbox 2376 3618 2634 3691; x_wconf 89' lang='lat' dir='ltr'><strong>aliquem</strong></span> <span class='ocrx_word' id='word_1_674' title='bbox 2681 3614 2908 3671; x_wconf 86' lang='lat' dir='ltr'><strong>factum</strong></span> <span class='ocrx_word' id='word_1_675' title='bbox 2938 3611 3090 3666; x_wconf 86' lang='lat' dir='ltr'><strong>sicut</strong></span> <span class='ocrx_word' id='word_1_676' title='bbox 3124 3608 3258 3665; x_wconf 90' lang='lat' dir='ltr'><strong>talis</strong></span> <span class='ocrx_word' id='word_1_677' title='bbox 3287 3622 3457 3680; x_wconf 90' lang='lat' dir='ltr'><strong>puer,</strong></span> <span class='ocrx_word' id='word_1_678' title='bbox 3507 3606 3644 3664; x_wconf 92' lang='lat' dir='ltr'><strong>dico</strong></span> 
     </span>
    </p>
   </div>
   <div class='ocr_carea' id='block_1_93' title="bbox 1970 3695 3645 3780">
    <p class='ocr_par' dir='ltr' id='par_1_93' title="bbox 1970 3695 3645 3780">
     <span class='ocr_line' id='line_1_94' title="bbox 1970 3695 3645 3780; baseline -0.013 -7"><span class='ocrx_word' id='word_1_679' title='bbox 1970 3730 2115 3773; x_wconf 88' lang='lat' dir='ltr'><strong>sane</strong></span> <span class='ocrx_word' id='word_1_680' title='bbox 2137 3710 2451 3780; x_wconf 88' lang='lat' dir='ltr'><strong>humilem,</strong></span> <span class='ocrx_word' id='word_1_681' title='bbox 2478 3706 2660 3763; x_wconf 86' lang='lat' dir='ltr'><strong>vilem</strong></span> <span class='ocrx_word' id='word_1_682' title='bbox 2689 3709 2745 3760; x_wconf 91' lang='lat' dir='ltr'><strong>et</strong></span> <span class='ocrx_word' id='word_1_683' title='bbox 2773 3701 3096 3773; x_wconf 75' lang='lat' dir='ltr'><strong>abiectum.</strong></span> <span class='ocrx_word' id='word_1_684' title='bbox 3124 3696 3295 3765; x_wconf 88' lang='lat' dir='ltr'><strong>Quod</strong></span> <span class='ocrx_word' id='word_1_685' title='bbox 3319 3700 3521 3754; x_wconf 89' lang='lat' dir='ltr'><strong>autem</strong></span> <span class='ocrx_word' id='word_1_686' title='bbox 3557 3695 3645 3753; x_wconf 76' lang='lat' dir='ltr'><strong>di~</strong></span> 
     </span>
    </p>
   </div>
   <div class='ocr_carea' id='block_1_94' title="bbox 1971 3787 3647 3872">
    <p class='ocr_par' dir='ltr' id='par_1_94' title="bbox 1971 3787 3647 3872">
     <span class='ocr_line' id='line_1_95' title="bbox 1971 3787 3647 3872; baseline -0.012 -10"><span class='ocrx_word' id='word_1_687' title='bbox 1971 3808 2068 3872; x_wconf 90' lang='lat' dir='ltr'><strong>cit,</strong></span> <span class='ocrx_word' id='word_1_688' title='bbox 2115 3803 2180 3860; x_wconf 86' lang='lat' dir='ltr'><strong>in</strong></span> <span class='ocrx_word' id='word_1_689' title='bbox 2222 3801 2454 3857; x_wconf 86' lang='lat' dir='ltr'><strong>nomine</strong></span> <span class='ocrx_word' id='word_1_690' title='bbox 2481 3811 2623 3864; x_wconf 90' lang='lat' dir='ltr'><strong>meo,</strong></span> <span class='ocrx_word' id='word_1_691' title='bbox 2668 3794 2786 3851; x_wconf 91' lang='lat' dir='ltr'><strong>hoc</strong></span> <span class='ocrx_word' id='word_1_692' title='bbox 2831 3795 2939 3857; x_wconf 90' lang='lat' dir='ltr'><strong>est,</strong></span> <span class='ocrx_word' id='word_1_693' title='bbox 2979 3795 3227 3862; x_wconf 80' lang='lat' dir='ltr'><strong>propter</strong></span> <span class='ocrx_word' id='word_1_694' title='bbox 3253 3803 3360 3852; x_wconf 83' lang='lat' dir='ltr'><strong>me,</strong></span> <span class='ocrx_word' id='word_1_695' title='bbox 3417 3789 3474 3842; x_wconf 86' lang='lat' dir='ltr'><strong>et</strong></span> <span class='ocrx_word' id='word_1_696' title='bbox 3501 3787 3647 3858; x_wconf 89' lang='lat' dir='ltr'><strong>quia</strong></span> 
     </span>
    </p>
   </div>
   <div class='ocr_carea' id='block_1_95' title="bbox 1971 3895 2442 3953">
    <p class='ocr_par' dir='ltr' id='par_1_95' title="bbox 1971 3895 2442 3953">
     <span class='ocr_line' id='line_1_96' title="bbox 1971 3895 2442 3953; baseline -0.021 0"><span class='ocrx_word' id='word_1_697' title='bbox 1971 3895 2106 3953; x_wconf 87' lang='lat' dir='ltr'><strong>talis</strong></span> <span class='ocrx_word' id='word_1_698' title='bbox 2133 3897 2225 3950; x_wconf 90' lang='lat' dir='ltr'><strong>est</strong></span> <span class='ocrx_word' id='word_1_699' title='bbox 2251 3906 2442 3947; x_wconf 88' lang='lat' dir='ltr'><strong>meus.</strong></span> 
     </span>
    </p>
   </div>
   <div class='ocr_carea' id='block_1_96' title="bbox 2042 3965 3650 4052">
    <p class='ocr_par' dir='ltr' id='par_1_96' title="bbox 2042 3965 3650 4052">
     <span class='ocr_line' id='line_1_97' title="bbox 2042 3965 3650 4052; baseline -0.012 -12"><span class='ocrx_word' id='word_1_700' title='bbox 2042 3984 2190 4040; x_wconf 87' lang='lat' dir='ltr'><strong>Vide</strong></span> <span class='ocrx_word' id='word_1_701' title='bbox 2232 3996 2373 4052; x_wconf 84' lang='lat' dir='ltr'><strong>ergo</strong></span> <span class='ocrx_word' id='word_1_702' title='bbox 2415 3979 2715 4052; x_wconf 90' lang='lat' dir='ltr'><strong>quantum</strong></span> <span class='ocrx_word' id='word_1_703' title='bbox 2752 3971 2930 4029; x_wconf 88' lang='lat' dir='ltr'><strong>talem</strong></span> <span class='ocrx_word' id='word_1_704' title='bbox 2970 3972 3148 4025; x_wconf 86' lang='lat' dir='ltr'><strong>amet.</strong></span> <span class='ocrx_word' id='word_1_705' title='bbox 3196 3970 3385 4033; x_wconf 82' lang='lat' dir='ltr'><strong>Hunc,</strong></span> <span class='ocrx_word' id='word_1_706' title='bbox 3427 3965 3650 4047; x_wconf 67' lang='lat' dir='ltr'><strong>inquit,</strong></span> 
     </span>
    </p>
   </div>
   <div class='ocr_carea' id='block_1_97' title="bbox 1974 4055 3648 4146">
    <p class='ocr_par' dir='ltr' id='par_1_97' title="bbox 1974 4055 3648 4146">
     <span class='ocr_line' id='line_1_98' title="bbox 1974 4055 3648 4146; baseline -0.013 -14"><span class='ocrx_word' id='word_1_707' title='bbox 1974 4073 2326 4146; x_wconf 90' lang='lat' dir='ltr'><strong>suscipiens,</strong></span> <span class='ocrx_word' id='word_1_708' title='bbox 2350 4085 2447 4125; x_wconf 91' lang='lat' dir='ltr'><strong>me</strong></span> <span class='ocrx_word' id='word_1_709' title='bbox 2474 4064 2744 4138; x_wconf 88' lang='lat' dir='ltr'><strong>suscipit.</strong></span> <span class='ocrx_word' id='word_1_710' title='bbox 2769 4063 3000 4118; x_wconf 89' lang='lat' dir='ltr'><strong>Marcus</strong></span> <span class='ocrx_word' id='word_1_711' title='bbox 3025 4073 3169 4114; x_wconf 87' lang='lat' dir='ltr'><strong>vero</strong></span> <span class='ocrx_word' id='word_1_712' title='bbox 3194 4056 3460 4116; x_wconf 85' lang='lat' dir='ltr'><strong>addidit:</strong></span> <span class='ocrx_word' id='word_1_713' title='bbox 3488 4055 3648 4123; x_wconf 74' lang='lat' dir='ltr'><strong>Quis-</strong></span> 
     </span>
    </p>
   </div>
   <div class='ocr_carea' id='block_1_98' title="bbox 1975 4145 3647 4238">
    <p class='ocr_par' dir='ltr' id='par_1_98' title="bbox 1975 4145 3647 4238">
     <span class='ocr_line' id='line_1_99' title="bbox 1975 4145 3647 4238; baseline -0.013 -17"><span class='ocrx_word' id='word_1_714' title='bbox 1975 4165 2108 4238; x_wconf 83' lang='lat' dir='ltr'><strong>quis</strong></span> <span class='ocrx_word' id='word_1_715' title='bbox 2139 4145 2338 4220; x_wconf 80' lang='lat' dir='ltr'><strong>autem</strong></span> <span class='ocrx_word' id='word_1_716' title='bbox 2368 4173 2455 4215; x_wconf 87' lang='lat' dir='ltr'><strong>me</strong></span> <span class='ocrx_word' id='word_1_717' title='bbox 2495 4153 2758 4226; x_wconf 79' lang='lat' dir='ltr'><strong>suscipit,</strong></span> <span class='ocrx_word' id='word_1_718' title='bbox 2797 4166 2910 4205; x_wconf 78' lang='lat' dir='ltr'><strong>non</strong></span> <span class='ocrx_word' id='word_1_719' title='bbox 2955 4162 3048 4205; x_wconf 87' lang='lat' dir='ltr'><strong>me</strong></span> <span class='ocrx_word' id='word_1_720' title='bbox 3088 4146 3332 4218; x_wconf 80' lang='lat' dir='ltr'><strong>suscipit</strong></span> <span class='ocrx_word' id='word_1_721' title='bbox 3369 4145 3466 4202; x_wconf 84' lang='lat' dir='ltr'><strong>sed</strong></span> <span class='ocrx_word' id='word_1_722' title='bbox 3514 4160 3647 4201; x_wconf 78' lang='lat' dir='ltr'><strong>eum</strong></span> 
     </span>
    </p>
   </div>
   <div class='ocr_carea' id='block_1_99' title="bbox 1977 4249 2471 4326">
    <p class='ocr_par' dir='ltr' id='par_1_99' title="bbox 1977 4249 2471 4326">
     <span class='ocr_line' id='line_1_100' title="bbox 1977 4249 2471 4326; baseline -0.014 -15"><span class='ocrx_word' id='word_1_723' title='bbox 1977 4253 2079 4326; x_wconf 88' lang='lat' dir='ltr'><strong>qui</strong></span> <span class='ocrx_word' id='word_1_724' title='bbox 2108 4251 2258 4308; x_wconf 87' lang='lat' dir='ltr'><strong>misit</strong></span> <span class='ocrx_word' id='word_1_725' title='bbox 2283 4265 2376 4306; x_wconf 88' lang='lat' dir='ltr'><strong>me</strong></span> <span class='ocrx_word' id='word_1_726' title='bbox 2402 4249 2471 4303; x_wconf 77' lang='grc'><strong>³⁷.</strong></span> 
     </span>
    </p>
   </div>
   <div class='ocr_carea' id='block_1_100' title="bbox 2050 4323 3649 4399">
    <p class='ocr_par' dir='ltr' id='par_1_100' title="bbox 2050 4323 3649 4399">
     <span class='ocr_line' id='line_1_101' title="bbox 2050 4323 3649 4399; baseline -0.013 0"><span class='ocrx_word' id='word_1_727' title='bbox 2050 4345 2149 4399; x_wconf 90' lang='lat' dir='ltr'><strong>Est</strong></span> <span class='ocrx_word' id='word_1_728' title='bbox 2180 4346 2380 4398; x_wconf 86' lang='lat' dir='ltr'><strong>autem</strong></span> <span class='ocrx_word' id='word_1_729' title='bbox 2418 4351 2633 4392; x_wconf 91' lang='lat' dir='ltr'><strong>sensus</strong></span> <span class='ocrx_word' id='word_1_730' title='bbox 2663 4331 2928 4390; x_wconf 89' lang='lat' dir='ltr'><strong>omnium</strong></span> <span class='ocrx_word' id='word_1_731' title='bbox 2966 4327 3261 4384; x_wconf 85' lang='lat' dir='ltr'><strong>dictorum</strong></span> <span class='ocrx_word' id='word_1_732' title='bbox 3293 4323 3430 4380; x_wconf 90' lang='lat' dir='ltr'><strong>talis</strong></span> <span class='ocrx_word' id='word_1_733' title='bbox 3458 4338 3470 4377; x_wconf 91' lang='lat'><strong>:</strong></span> <span class='ocrx_word' id='word_1_734' title='bbox 3505 4323 3649 4390; x_wconf 93' lang='lat' dir='ltr'><strong>Qui-</strong></span> 
     </span>
    </p>
   </div>
   <div class='ocr_carea' id='block_1_101' title="bbox 1979 4413 3646 4505">
    <p class='ocr_par' dir='ltr' id='par_1_101' title="bbox 1979 4413 3646 4505">
     <span class='ocr_line' id='line_1_102' title="bbox 1979 4413 3646 4505; baseline -0.013 -15"><span class='ocrx_word' id='word_1_735' title='bbox 1979 4447 2218 4505; x_wconf 88' lang='lat' dir='ltr'><strong>cunque</strong></span> <span class='ocrx_word' id='word_1_736' title='bbox 2253 4423 2582 4500; x_wconf 89' lang='lat' dir='ltr'><strong>susceperit</strong></span> <span class='ocrx_word' id='word_1_737' title='bbox 2611 4437 2750 4480; x_wconf 92' lang='lat' dir='ltr'><strong>eum</strong></span> <span class='ocrx_word' id='word_1_738' title='bbox 2780 4420 2885 4493; x_wconf 92' lang='lat' dir='ltr'><strong>qui</strong></span> <span class='ocrx_word' id='word_1_739' title='bbox 2915 4417 3108 4474; x_wconf 84' lang='lat' dir='ltr'><strong>factus</strong></span> <span class='ocrx_word' id='word_1_740' title='bbox 3143 4419 3228 4471; x_wconf 88' lang='lat' dir='ltr'><strong>est</strong></span> <span class='ocrx_word' id='word_1_741' title='bbox 3256 4413 3435 4470; x_wconf 88' lang='lat' dir='ltr'><strong>veluti</strong></span> <span class='ocrx_word' id='word_1_742' title='bbox 3472 4428 3646 4486; x_wconf 87' lang='lat' dir='ltr'><strong>puer,</strong></span> 
     </span>
    </p>
   </div>
   <div class='ocr_carea' id='block_1_102' title="bbox 1955 4501 3650 4598">
    <p class='ocr_par' dir='ltr' id='par_1_102' title="bbox 1955 4501 3650 4598">
     <span class='ocr_line' id='line_1_103' title="bbox 1955 4501 3650 4598; baseline -0.013 -19"><span class='ocrx_word' id='word_1_743' title='bbox 1955 4538 2085 4598; x_wconf 34' lang='lat' dir='ltr'><strong>iper</strong></span> <span class='ocrx_word' id='word_1_744' title='bbox 2114 4501 2283 4577; x_wconf 80' lang='lat' dir='ltr'><strong>illum</strong></span> <span class='ocrx_word' id='word_1_745' title='bbox 2324 4516 2569 4590; x_wconf 91' lang='lat' dir='ltr'><strong>quidem</strong></span> <span class='ocrx_word' id='word_1_746' title='bbox 2601 4527 2698 4568; x_wconf 90' lang='lat' dir='ltr'><strong>me</strong></span> <span class='ocrx_word' id='word_1_747' title='bbox 2729 4507 2994 4580; x_wconf 86' lang='lat' dir='ltr'><strong>suscipit,</strong></span> <span class='ocrx_word' id='word_1_748' title='bbox 3027 4521 3134 4578; x_wconf 89' lang='lat' dir='ltr'><strong>per</strong></span> <span class='ocrx_word' id='word_1_749' title='bbox 3163 4520 3260 4560; x_wconf 89' lang='lat' dir='ltr'><strong>me</strong></span> <span class='ocrx_word' id='word_1_750' title='bbox 3289 4506 3491 4559; x_wconf 89' lang='lat' dir='ltr'><strong>autem</strong></span> <span class='ocrx_word' id='word_1_751' title='bbox 3539 4501 3650 4559; x_wconf 88' lang='lat' dir='ltr'><strong>Pa-</strong></span> 
     </span>
    </p>
   </div>
   <div class='ocr_carea' id='block_1_103' title="bbox 1978 4594 3651 4679">
    <p class='ocr_par' dir='ltr' id='par_1_103' title="bbox 1978 4594 3651 4679">
     <span class='ocr_line' id='line_1_104' title="bbox 1978 4594 3651 4679; baseline -0.013 -8"><span class='ocrx_word' id='word_1_752' title='bbox 1978 4594 2131 4670; x_wconf 78' lang='lat' dir='ltr'><strong>trem</strong></span> <span class='ocrx_word' id='word_1_753' title='bbox 2174 4625 2376 4667; x_wconf 90' lang='lat' dir='ltr'><strong>meum</strong></span> <span class='ocrx_word' id='word_1_754' title='bbox 2408 4606 2506 4679; x_wconf 90' lang='lat' dir='ltr'><strong>qui</strong></span> <span class='ocrx_word' id='word_1_755' title='bbox 2536 4603 2698 4660; x_wconf 88' lang='lat' dir='ltr'><strong>misit</strong></span> <span class='ocrx_word' id='word_1_756' title='bbox 2726 4615 2849 4659; x_wconf 90' lang='lat' dir='ltr'><strong>me.</strong></span> <span class='ocrx_word' id='word_1_757' title='bbox 2890 4601 3056 4655; x_wconf 85' lang='lat' dir='ltr'><strong>Pater</strong></span> <span class='ocrx_word' id='word_1_758' title='bbox 3087 4594 3385 4668; x_wconf 88' lang='lat' dir='ltr'><strong>siquidem</strong></span> <span class='ocrx_word' id='word_1_759' title='bbox 3435 4608 3651 4666; x_wconf 83' lang='lat' dir='ltr'><strong>appro-</strong></span> 
     </span>
    </p>
   </div>
   <div class='ocr_carea' id='block_1_104' title="bbox 1977 4685 3647 4780">
    <p class='ocr_par' dir='ltr' id='par_1_104' title="bbox 1977 4685 3647 4780">
     <span class='ocr_line' id='line_1_105' title="bbox 1977 4685 3647 4780; baseline -0.014 -19"><span class='ocrx_word' id='word_1_760' title='bbox 1977 4705 2130 4780; x_wconf 87' lang='lat' dir='ltr'><strong>priat</strong></span> <span class='ocrx_word' id='word_1_761' title='bbox 2180 4699 2294 4757; x_wconf 89' lang='lat' dir='ltr'><strong>sibi</strong></span> <span class='ocrx_word' id='word_1_762' title='bbox 2328 4713 2488 4764; x_wconf 89' lang='lat' dir='ltr'><strong>eum,</strong></span> <span class='ocrx_word' id='word_1_763' title='bbox 2520 4693 2625 4767; x_wconf 90' lang='lat' dir='ltr'><strong>qui</strong></span> <span class='ocrx_word' id='word_1_764' title='bbox 2654 4691 2800 4748; x_wconf 88' lang='lat' dir='ltr'><strong>mihi</strong></span> <span class='ocrx_word' id='word_1_765' title='bbox 2830 4687 3114 4753; x_wconf 87' lang='lat' dir='ltr'><strong>defertur,</strong></span> <span class='ocrx_word' id='word_1_766' title='bbox 3146 4685 3440 4742; x_wconf 89' lang='lat' dir='ltr'><strong>honorem</strong></span> <span class='ocrx_word' id='word_1_767' title='bbox 3473 4700 3488 4750; x_wconf 86' lang='lat'><strong>;</strong></span> <span class='ocrx_word' id='word_1_768' title='bbox 3533 4697 3647 4756; x_wconf 80' lang='lat' dir='ltr'><strong>ego</strong></span> 
     </span>
    </p>
   </div>
   <div class='ocr_carea' id='block_1_105' title="bbox 1979 4773 3405 4856">
    <p class='ocr_par' dir='ltr' id='par_1_105' title="bbox 1979 4773 3405 4856">
     <span class='ocr_line' id='line_1_106' title="bbox 1979 4773 3405 4856; baseline -0.016 -6"><span class='ocrx_word' id='word_1_769' title='bbox 1979 4773 2122 4849; x_wconf 71' lang='lat' dir='ltr'><strong>vero</strong></span> <span class='ocrx_word' id='word_1_770' title='bbox 2161 4789 2429 4846; x_wconf 88' lang='lat' dir='ltr'><strong>delatum</strong></span> <span class='ocrx_word' id='word_1_771' title='bbox 2460 4782 2538 4840; x_wconf 91' lang='lat' dir='ltr'><strong>illi</strong></span> <span class='ocrx_word' id='word_1_772' title='bbox 2567 4781 2672 4856; x_wconf 91' lang='lat' dir='ltr'><strong>qui</strong></span> <span class='ocrx_word' id='word_1_773' title='bbox 2700 4779 2894 4837; x_wconf 85' lang='lat' dir='ltr'><strong>factus</strong></span> <span class='ocrx_word' id='word_1_774' title='bbox 2920 4780 3007 4833; x_wconf 92' lang='lat' dir='ltr'><strong>est</strong></span> <span class='ocrx_word' id='word_1_775' title='bbox 3035 4773 3215 4831; x_wconf 88' lang='lat' dir='ltr'><strong>veluti</strong></span> <span class='ocrx_word' id='word_1_776' title='bbox 3241 4788 3405 4846; x_wconf 90' lang='lat' dir='ltr'><strong>puer.</strong></span> 
     </span>
    </p>
   </div>
   <div class='ocr_carea' id='block_1_106' title="bbox 2054 4865 3647 4950">
    <p class='ocr_par' dir='ltr' id='par_1_106' title="bbox 2054 4865 3647 4950">
     <span class='ocr_line' id='line_1_107' title="bbox 2054 4865 3647 4950; baseline -0.014 -12"><span class='ocrx_word' id='word_1_777' title='bbox 2054 4879 2204 4948; x_wconf 87' lang='lat' dir='ltr'><strong>Quid</strong></span> <span class='ocrx_word' id='word_1_778' title='bbox 2246 4879 2420 4950; x_wconf 83' lang='lat' dir='ltr'><strong>igitur</strong></span> <span class='ocrx_word' id='word_1_779' title='bbox 2465 4872 2568 4930; x_wconf 88' lang='lat' dir='ltr'><strong>tali</strong></span> <span class='ocrx_word' id='word_1_780' title='bbox 2601 4869 2977 4943; x_wconf 79' lang='lat' dir='ltr'><strong>susceptione</strong></span> <span class='ocrx_word' id='word_1_781' title='bbox 3005 4865 3264 4932; x_wconf 89' lang='lat' dir='ltr'><strong>beatius,</strong></span> <span class='ocrx_word' id='word_1_782' title='bbox 3309 4877 3647 4950; x_wconf 57' lang='lat' dir='ltr'><strong>perquam</strong></span> 
     </span>
    </p>
   </div>
   <div class='ocr_carea' id='block_1_107' title="bbox 1983 4945 3652 5039">
    <p class='ocr_par' dir='ltr' id='par_1_107' title="bbox 1983 4945 3652 5039">
     <span class='ocr_line' id='line_1_108' title="bbox 1983 4945 3652 5039; baseline -0.013 -15"><span class='ocrx_word' id='word_1_783' title='bbox 1983 4945 2232 5039; x_wconf 77' lang='lat' dir='ltr'><strong>suscipit</strong></span> <span class='ocrx_word' id='word_1_784' title='bbox 2254 4945 2392 5037; x_wconf 74' lang='lat' dir='ltr'><strong>quis</strong></span> <span class='ocrx_word' id='word_1_785' title='bbox 2427 4961 2660 5016; x_wconf 82' lang='lat' dir='ltr'><strong>beatam</strong></span> <span class='ocrx_word' id='word_1_786' title='bbox 2683 4954 3020 5011; x_wconf 89' lang='lat' dir='ltr'><strong>Trinitatem</strong></span> <span class='ocrx_word' id='word_1_787' title='bbox 3043 4951 3073 5008; x_wconf 73' lang='lat' dir='ltr'><strong>‘P</strong></span> <span class='ocrx_word' id='word_1_788' title='bbox 3101 4951 3248 5006; x_wconf 87' lang='lat' dir='ltr'><strong>Nam</strong></span> <span class='ocrx_word' id='word_1_789' title='bbox 3277 4948 3325 5005; x_wconf 87' lang='lat' dir='ltr'><strong>si</strong></span> <span class='ocrx_word' id='word_1_790' title='bbox 3353 4945 3566 5003; x_wconf 88' lang='lat' dir='ltr'><strong>Filium</strong></span> <span class='ocrx_word' id='word_1_791' title='bbox 3592 4950 3652 5002; x_wconf 89' lang='lat' dir='ltr'><strong>et</strong></span> 
     </span>
    </p>
   </div>
   <div class='ocr_carea' id='block_1_108' title="bbox 1979 5033 3648 5124">
    <p class='ocr_par' dir='ltr' id='par_1_108' title="bbox 1979 5033 3648 5124">
     <span class='ocr_line' id='line_1_109' title="bbox 1979 5033 3648 5124; baseline -0.016 -9"><span class='ocrx_word' id='word_1_792' title='bbox 1979 5033 2231 5121; x_wconf 74' lang='lat' dir='ltr'><strong>Patrem,</strong></span> <span class='ocrx_word' id='word_1_793' title='bbox 2264 5033 2469 5124; x_wconf 78' lang='lat' dir='ltr'><strong>utique</strong></span> <span class='ocrx_word' id='word_1_794' title='bbox 2500 5054 2557 5105; x_wconf 92' lang='lat' dir='ltr'><strong>et</strong></span> <span class='ocrx_word' id='word_1_795' title='bbox 2581 5043 2865 5119; x_wconf 91' lang='lat' dir='ltr'><strong>Spiritum</strong></span> <span class='ocrx_word' id='word_1_796' title='bbox 2889 5044 3162 5098; x_wconf 88' lang='lat' dir='ltr'><strong>sanctum</strong></span> <span class='ocrx_word' id='word_1_797' title='bbox 3187 5055 3199 5093; x_wconf 88' lang='lat'>:</span> <span class='ocrx_word' id='word_1_798' title='bbox 3235 5033 3648 5109; x_wconf 87' lang='lat' dir='ltr'><strong>inseparabilis</strong></span> 
     </span>
    </p>
   </div>
   <div class='ocr_carea' id='block_1_109' title="bbox 1983 5129 3645 5219">
    <p class='ocr_par' dir='ltr' id='par_1_109' title="bbox 1983 5129 3645 5219">
     <span class='ocr_line' id='line_1_110' title="bbox 1983 5129 3645 5219; baseline -0.014 -16"><span class='ocrx_word' id='word_1_799' title='bbox 1983 5145 2278 5219; x_wconf 87' lang='lat' dir='ltr'><strong>siquidem</strong></span> <span class='ocrx_word' id='word_1_800' title='bbox 2317 5144 2405 5198; x_wconf 90' lang='lat' dir='ltr'><strong>est</strong></span> <span class='ocrx_word' id='word_1_801' title='bbox 2435 5140 2606 5196; x_wconf 89' lang='lat' dir='ltr'><strong>beata</strong></span> <span class='ocrx_word' id='word_1_802' title='bbox 2636 5134 2911 5191; x_wconf 86' lang='lat' dir='ltr'><strong>Trinitas.</strong></span> <span class='ocrx_word' id='word_1_803' title='bbox 2951 5129 3226 5188; x_wconf 91' lang='lat' dir='ltr'><strong>Nondum</strong></span> <span class='ocrx_word' id='word_1_804' title='bbox 3258 5130 3460 5183; x_wconf 90' lang='lat' dir='ltr'><strong>autem</strong></span> <span class='ocrx_word' id='word_1_805' title='bbox 3504 5129 3645 5181; x_wconf 89' lang='lat' dir='ltr'><strong>tem-</strong></span> 
     </span>
    </p>
   </div>
   <div class='ocr_carea' id='block_1_110' title="bbox 1980 5220 3286 5310">
    <p class='ocr_par' dir='ltr' id='par_1_110' title="bbox 1980 5220 3286 5310">
     <span class='ocr_line' id='line_1_111' title="bbox 1980 5220 3286 5310; baseline -0.016 -17"><span class='ocrx_word' id='word_1_806' title='bbox 1980 5253 2094 5310; x_wconf 88' lang='lat' dir='ltr'><strong>pus</strong></span> <span class='ocrx_word' id='word_1_807' title='bbox 2121 5239 2260 5292; x_wconf 90' lang='lat' dir='ltr'><strong>tunc</strong></span> <span class='ocrx_word' id='word_1_808' title='bbox 2289 5234 2414 5290; x_wconf 89' lang='lat' dir='ltr'><strong>erat</strong></span> <span class='ocrx_word' id='word_1_809' title='bbox 2439 5225 2691 5286; x_wconf 87' lang='lat' dir='ltr'><strong>docendi</strong></span> <span class='ocrx_word' id='word_1_810' title='bbox 2717 5224 2792 5281; x_wconf 90' lang='lat' dir='ltr'><strong>de</strong></span> <span class='ocrx_word' id='word_1_811' title='bbox 2819 5220 3035 5296; x_wconf 84' lang='lat' dir='ltr'><strong>Spiritu</strong></span> <span class='ocrx_word' id='word_1_812' title='bbox 3059 5221 3286 5276; x_wconf 89' lang='lat' dir='ltr'><strong>sancto.</strong></span> 
     </span>
    </p>
   </div>
   <div class='ocr_carea' id='block_1_111' title="bbox 1471 5612 2388 5684">
    <p class='ocr_par' dir='ltr' id='par_1_111' title="bbox 1471 5612 2388 5684">
     <span class='ocr_line' id='line_1_112' title="bbox 1471 5612 2388 5684; baseline -0.008 -2"><span class='ocrx_word' id='word_1_813' title='bbox 1471 5612 1700 5683; x_wconf 76' lang='lat' dir='ltr'><strong>Variae</strong></span> <span class='ocrx_word' id='word_1_814' title='bbox 1724 5613 2051 5684; x_wconf 89' lang='lat' dir='ltr'><strong>lectiones</strong></span> <span class='ocrx_word' id='word_1_815' title='bbox 2082 5620 2149 5679; x_wconf 87' lang='lat' dir='ltr'><strong>et</strong></span> <span class='ocrx_word' id='word_1_816' title='bbox 2185 5618 2388 5678; x_wconf 73' lang='lat' dir='ltr'><strong>notze.</strong></span> 
     </span>
    </p>
   </div>
   <div class='ocr_carea' id='block_1_112' title="bbox 332 5759 1042 5839">
    <p class='ocr_par' dir='ltr' id='par_1_112' title="bbox 332 5759 1042 5839">
     <span class='ocr_line' id='line_1_113' title="bbox 332 5759 1042 5839; baseline -0.003 -19"><span class='ocrx_word' id='word_1_817' title='bbox 332 5765 446 5839; x_wconf 85' lang='lat' dir='ltr'><strong>(6t)</strong></span> <span class='ocrx_word' id='word_1_818' title='bbox 475 5761 624 5830; x_wconf 79' lang='grc' dir='ltr'>Ἕως,</span> <span class='ocrx_word' id='word_1_819' title='bbox 656 5777 767 5835; x_wconf 88' lang='lat' dir='ltr'><strong>pro</strong></span> <span class='ocrx_word' id='word_1_820' title='bbox 796 5759 945 5821; x_wconf 71' lang='grc' dir='ltr'>ὅλως.</span> <span class='ocrx_word' id='word_1_821' title='bbox 979 5761 1042 5818; x_wconf 89' lang='grc' dir='ltr'>Β.</span> 
     </span>
    </p>
   </div>
   <div class='ocr_carea' id='block_1_113' title="bbox 2045 5750 2540 5827">
    <p class='ocr_par' dir='ltr' id='par_1_113' title="bbox 2045 5750 2540 5827">
     <span class='ocr_line' id='line_1_114' title="bbox 2045 5750 2540 5827; baseline -0.008 -15"><span class='ocrx_word' id='word_1_822' title='bbox 2045 5755 2156 5827; x_wconf 84' lang='grc'>(62)</span> <span class='ocrx_word' id='word_1_823' title='bbox 2187 5750 2540 5826; x_wconf 73' lang='grc' dir='ltr'>Υποδὲχεται.</span> 
     </span>
    </p>
   </div>
  </div>
