4178 6378
512 361 616 417 499
1877 344 2231 405 EUTHYMII
2272 343 2604 403 ZIGABENI
3789 342 3896 395 500

586 482 760 551 Quod
797 499 942 540 vero
983 481 1194 538 addit:
1239 483 1369 538 Non
1408 496 1501 537 me
1538 481 1801 549 suscipit.
1850 492 1955 549 per
2000 491 2178 531 usum

2360 476 2431 523 Τό
2488 469 2568 538 δὲ,
2628 473 2738 523 Ούκ
2790 474 2876 543 ἐμὲ
2929 470 3165 543 δέχεται,
3226 474 3362 523 κατά
3415 473 3694 529 συνήθειαν
3741 470 3899 541 λόγου

512 573 794 649 loquendi
834 574 1055 630 dictum
1101 576 1205 628 est.
1254 574 1612 643 Frequenter
1654 569 1813 625 enim
1846 568 2045 623 dicere
2092 580 2183 619 so-

515 669 747 724 lemus:
784 666 955 732 Quod
984 664 1132 721 mihi
1163 664 1325 727 facis,
1362 678 1481 719 non
1516 662 1660 716 mihi
1692 659 1856 721 facis,
1893 657 1997 711 sed
2031 658 2172 710 Deo.

517 757 658 812 Ideo
710 757 890 811 etiam
932 755 1144 823 Lucas,
1183 752 1427 825 reliquis
1470 751 1705 823 positis,
1760 747 1907 804 illud
1948 743 2184 817 reliquit

519 852 808 919 tanquam
834 844 1117 917 loquendi
1144 843 1564 915 proprietatem
1596 841 1663 895 ³⁸.

589 937 753 991 Vers.
784 940 836 993 6.
876 934 1221 1005 Quicunque
1253 964 1323 974 —
1354 932 1559 989 maris.
1605 926 2045 987 Oﬂendiculum
2086 941 2185 980 vo-

517 1029 613 1081 cat
640 1024 737 1081 hic
784 1023 1236 1081 contumeliam.
1277 1022 1423 1078 Dicit
1467 1020 1670 1077 enim:
1715 1020 1873 1076 Sicut
1920 1015 2021 1089 qui
2068 1016 2182 1071 hos

517 1116 884 1172 honorantes
934 1113 1268 1184 suscipiunt
1313 1112 1446 1167 illos
1491 1115 1737 1184 propter
1787 1126 1899 1173 me,
1952 1104 2184 1162 excelsa

519 1203 683 1275 digni
717 1208 854 1259 sunt
880 1203 1247 1259 beatitudine
1276 1218 1287 1257 :
1322 1202 1405 1257 ita
1437 1217 1583 1257 sane
1627 1204 1684 1256 et
1711 1200 1813 1273 qui
1849 1200 2011 1270 ipsos
2042 1211 2181 1251 con-

517 1294 764 1351 tumelia
786 1292 1111 1350 efﬁcientes
1131 1292 1471 1364 despiciunt
1489 1290 1637 1359 illos,
1664 1294 1993 1346 extremum
2021 1287 2182 1341 luent

517 1384 879 1458 supplicium
895 1424 909 1442 .

590 1473 700 1530 Uni
732 1478 933 1529 autem
974 1473 1048 1528 de
1085 1471 1315 1544 pusillis
1354 1471 1496 1537 istis,
1537 1470 1807 1526 videlicet
1843 1468 1944 1541 qui
1988 1464 2183 1538 pusilli

521 1567 815 1637 apparent
840 1566 897 1619 et
921 1561 1079 1617 viles.
1113 1561 1257 1618 Dicit
1281 1564 1480 1618 autem
1507 1561 1579 1617 de
1610 1560 1724 1616 illis
1749 1561 1851 1632 qui
1881 1560 2017 1615 facti
2049 1561 2188 1615 sunt

520 1653 703 1710 veluti
734 1652 927 1725 pueri.
961 1652 1164 1707 Dicens
1189 1667 1330 1707 vero
1361 1650 1527 1723 quod
1552 1650 1791 1723 expedit
1820 1652 1869 1705 ei
1904 1655 1966 1705 ut
2009 1650 2185 1704 mise-

524 1760 658 1800 ram
684 1742 973 1798 sustineat
998 1741 1304 1807 ultionem,
1334 1740 1592 1797 ostendit
1618 1739 1781 1813 quod
1816 1739 2183 1795 miseriorem

525 1848 812 1906 passurus
838 1836 925 1888 est
952 1830 1011 1886 in
1040 1830 1235 1886 futuro
1262 1829 1502 1887 saeculo.

598 2034 758 2088 Vers.
805 2035 859 2085 7.
902 2030 1001 2087 Vw
1030 2060 1097 2069 —
1145 2028 1539 2099 o/fendiculis.
1590 2027 1852 2084 Praedicit
1890 2026 2183 2084 damnum

528 2121 692 2195 quod
716 2120 793 2176 ab
824 2119 1200 2176 offendiculis
1229 2119 1555 2193 proveniet,
1582 2122 2055 2191 utexspectantes
2090 2135 2180 2185 ea,

529 2227 765 2283 semper
794 2210 1042 2280 vigilent
1070 2224 1191 2265 non
1224 2207 1332 2265 soli
1360 2208 1633 2281 apostoli,
1668 2207 1773 2265 sed
1800 2212 1855 2264 et
1879 2224 2111 2264 omnes.

600 2408 885 2465 Mundam
914 2406 1211 2480 siquidem
1234 2422 1336 2463 eos
1354 2406 1514 2477 dicit,
1547 2406 1650 2478 qui
1681 2405 1743 2462 in
1772 2406 2002 2462 mundo
2026 2410 2183 2462 sunt.

532 2497 896 2556 Oﬁendicula
913 2512 1048 2553 vero
1069 2495 1671 2569 impedimentarectze
1693 2496 2183 2552 conversationis.

532 2587 809 2660 Deplorat
843 2592 1044 2643 autem
1090 2586 1387 2643 mundum
1418 2590 1662 2659 propter
1705 2585 2087 2655 oﬂ‘endicula,
2127 2590 2190 2643 ut

538 2678 631 2751 qui
662 2678 739 2734 ab
770 2678 883 2733 illis
908 2677 1099 2734 multa
1122 2692 1408 2750 passurus
1436 2676 1528 2731 sit.

606 2771 769 2824 Vers.
813 2775 865 2824 7.
898 2769 1136 2825 Necesse
1166 2798 1233 2809 —
1266 2766 1638 2837 offendicula.
1676 2769 1918 2839 Propter
1959 2767 2074 2823 hoc
2105 2768 2189 2823 di-

538 2862 681 2914 cunt
705 2858 951 2931 quidam
976 2874 987 2911 :
1017 2857 1074 2913 Si
1095 2872 1339 2913 necesse
1365 2860 1457 2912 est
1480 2856 2187 2925 utveniantoﬂendicula,

534 2964 773 3005 necesse
804 2953 892 3003 est
920 2952 984 3004 ut
1014 2946 1157 3003 ﬁant
1200 2949 1446 3018 peccata
1473 2961 1486 3011 ;
1521 2945 1570 3001 si
1600 2951 1801 3003 autem
1831 2962 2071 3003 necesse
2103 2952 2191 3003 est

534 3043 595 3095 ut
624 3040 770 3094 ﬁant
804 3041 1069 3109 peccata,
1105 3036 1321 3108 injuste
1360 3050 1571 3107 pinnas
1600 3035 1773 3091 luunt
1800 3042 2143 3108 peccatores
2174 3054 2188 3104 ;

534 3144 680 3185 nam
725 3127 892 3201 quod
921 3143 1005 3222 εκ.
1036 3126 1381 3183 necessitate
1422 3126 1507 3191 ﬁt,
1540 3125 1718 3222 culpa
1742 3131 1923 3222 caret.
1965 3126 2189 3222 Quibus
2227 3161 2271 3222 α

534 3217 810 3281 dicimus,
845 3215 1011 3289 quod
1040 3231 1282 3271 necesse
1313 3218 1407 3270 est
1434 3218 1498 3270 ut
1528 3215 1769 3272 veniant
1806 3215 2186 3283 offendicula,

533 3310 777 3379 propter
806 3304 1223 3362 necessitatem
1272 3304 1619 3359 dmmonum
1652 3319 1666 3371 ;
1716 3320 1839 3361 non
1872 3308 1962 3361 est
1987 3312 2188 3363 autem

536 3412 802 3462 necesse,
842 3400 905 3450 ut
933 3395 1133 3451 virtuti
1162 3394 1341 3449 dediti
1372 3393 1805 3449 offendiculum
1839 3395 2143 3466 patiantur
2171 3412 2184 3463 ;

534 3485 595 3541 id
638 3484 797 3540 enim
838 3484 892 3538 in
926 3499 1038 3540 sua
1083 3482 1384 3539 voluntate
1418 3481 1601 3538 situm
1646 3486 1733 3539 est
1762 3498 1901 3538 cum
1932 3482 2188 3540 liberum

534 3574 801 3631 habeant
838 3572 1164 3629 arbitrium.
1209 3574 1277 3629 Ut
1336 3586 1480 3641 ergo
1518 3570 1764 3628 veniant
1825 3572 2191 3631 offendicula

534 3678 657 3718 non
704 3663 764 3717 in
803 3661 979 3718 nobis
1025 3661 1209 3717 situm
1258 3664 1363 3726 est,
1418 3665 1482 3717 ut
1527 3665 1729 3717 autem
1762 3661 2191 3720 offendiculum

534 3752 859 3824 patiamur,
890 3750 1143 3807 omnino
1175 3750 1234 3805 in
1268 3749 1443 3805 nobis
1475 3749 1656 3806 situm
1687 3754 1797 3807 est.
1826 3751 2028 3808 Sciens
2048 3768 2191 3825 ergo

538 3840 802 3896 Christus
861 3840 1025 3912 quod
1086 3840 1334 3895 omnino
1390 3838 1593 3896 futura
1649 3841 1765 3896 sint
1803 3841 2188 3911 offendicula,

533 3929 807 4009 praedicit
832 3930 905 3985 de
942 3929 1078 3998 illis,
1110 3934 1190 3995 ut,
1226 3929 1373 3986 sicut
1410 3928 1637 3985 dictum
1669 3934 1778 3997 est,
1813 3946 2138 3989 caveamus
2176 3950 2189 4001 ;

533 4036 656 4077 non
700 4023 901 4075 tamen
944 4019 1080 4075 ideo
1127 4023 1383 4076 ventura
1427 4022 1587 4087 sunt,
1630 4020 1796 4091 quod
1822 4022 2187 4092 prtedixerit,

534 4110 638 4166 sed
664 4114 981 4183 propterea
1010 4108 1296 4181 praedixit,
1329 4108 1471 4181 quia
1500 4113 1752 4167 ventura
1781 4115 1971 4167 erant.

602 4203 768 4258 Vers.
820 4204 878 4256 7.
937 4200 1350 4255 Verumtamen
1405 4229 1474 4239 ——-
1522 4200 1709 4255 venit.
1751 4200 2189 4260 Offendiculum

530 4290 777 4364 quidem
795 4289 872 4347 ad
891 4304 1125 4345 aemone
1152 4289 1486 4346 seminatur
1513 4305 1525 4346 :
1555 4288 1633 4346 ab
1653 4289 1899 4346 homine
1922 4308 2065 4349 vero
2088 4292 2190 4349 ali-

529 4384 624 4437 tur
647 4385 701 4436 et
713 4385 964 4452 augetur
976 4396 1046 4435 ac
1069 4379 1371 4452 recipitur,
1388 4378 1487 4451 qui
1501 4394 1753 4451 pravam
1767 4384 1823 4436 et
1839 4396 1970 4437 corr
1982 4387 2188 4454 uptam

527 4470 714 4527 habet
736 4468 1130 4537 voluntatem,
1149 4484 1330 4540 quem
1357 4470 1537 4525 etiam
1563 4484 1725 4525 nunc
1747 4469 2031 4543 deplorat,
2064 4476 2190 4529 tan-

530 4574 717 4631 quam
734 4557 1027 4613 daemonis
1041 4557 1405 4613 ministrum.
1424 4558 1647 4613 Deinde
1664 4558 1844 4615 etiam
1858 4561 2026 4617 docet
2041 4578 2186 4635 quo-

530 4647 717 4704 modo
742 4645 1101 4703 offendicula
1119 4646 1472 4703 devitemus.

600 4736 767 4792 Vers.
798 4740 848 4792 8.
876 4736 939 4792 Si
956 4767 1025 4777 —
1051 4741 1359 4793 (eternum.
1381 4739 1510 4793 Non
1528 4737 1603 4793 de
1620 4738 1907 4796 membris
1926 4742 2190 4813 corporis

530 4827 646 4883 hoc
688 4824 851 4889 dicit,
883 4825 989 4880 sed
1023 4825 1098 4881 de
1141 4826 1412 4896 cognatis
1438 4830 1493 4882 et
1529 4827 1739 4882 amicis
1766 4845 1837 4885 ac
1878 4831 2185 4894 ministris,

527 4932 682 4989 quos
714 4915 934 4971 horum
966 4914 1377 4972 membrorum
1402 4915 1530 4972 loco
1546 4916 1833 4974 habemus
1862 4936 1873 4975 :
1908 4923 2187 4993 quemad-

526 5005 771 5063 modum
814 5005 1023 5077 quinto
1061 5005 1253 5077 capite
1294 5006 1707 5078 particularius
1739 5011 2181 5069 enarravimus.

527 5099 677 5155 Nam
698 5099 753 5152 et
776 5095 904 5152 haec
931 5095 993 5151 in
1017 5094 1119 5151 illo
1140 5094 1300 5152 dicta
1325 5100 1479 5152 sunt.
1511 5098 1713 5163 Quaere
1737 5113 1878 5169 ergo
1905 5098 1987 5156 ibi
2012 5116 2190 5173 expo-

600 5222 648 5257 ³⁸
679 5222 821 5279 Luc.
849 5238 926 5291 1x,
952 5222 1044 5291 48,

2294 564 2521 635 εἴρηται,
2582 561 2694 631 (63)
2760 568 2857 613 Καὶ
2909 566 3008 633 γὰρ
3084 560 3326 622 πολλάκις
3397 562 3645 633 εἰώθαμεν
3713 560 3899 632 λέγειν,

2294 649 2372 702 ὃτι
2429 650 2494 702 Ὀ
2548 658 2711 711 ποιεῖς
2759 649 2892 723 ἐμοὶ,
2946 652 3037 702 οὐκ
3086 650 3197 723 ἐμοὶ
3243 650 3422 716 ποιεῖς,
3468 651 3595 703 ἀλλά
3635 660 3706 721 τῷ
3763 658 3898 721 Θεῷ.

2294 743 2381 791 Διό
2428 745 2516 792 καὶ
2563 741 2589 792 ὁ
2624 747 2848 810 Λουκᾶς,
2896 744 3007 813 (64)
3060 741 3220 793 τᾶλλα
3254 744 3371 806 θεὶς,
3405 749 3559 793 τοῦτο
3600 740 3906 815 παραλελοι-

2295 848 2384 881 πεν
2412 832 2481 891 ὡς
2513 827 2728 903 ἰδίωμα.

2363 917 2455 979 Ὀς
2524 951 2594 962 -
2677 919 2970 982 Θαλάσσης.
3058 917 3452 994 Σκανδαλισμόν
3529 921 3751 975 ἐνταῦθα
3814 925 3905 979 τὴν

2296 1006 2507 1079 ἀτίμίαν
2552 1008 2705 1080 λέγει.
2757 1015 2894 1067 Φησὶ
2940 1011 3063 1084 γὰρ,
3117 1010 3196 1061 ὃτι
3239 1009 3439 1085 Ὠσπερ
3486 1012 3533 1063 οἱ
3572 1015 3689 1072 τοὺς
3735 1013 3903 1063 τοιού-

2291 1116 2407 1158 τους
2449 1106 2712 1170 τιμῶντες,
2766 1097 2812 1149 ἐν
2873 1107 2944 1170 τῷ
2998 1095 3363 1172 ὑποδέχεσθαι
3418 1100 3619 1169 αύτούς,
3684 1096 3758 1153 δι’
3813 1098 3903 1173 ἐμὲ

2292 1195 2386 1249 τῆς
2430 1188 2595 1261 ἄκρας
2644 1186 2906 1251 ἀξιοῦνται
2952 1194 3353 1262 μακαριότητος·
3406 1190 3539 1243 οὓτω
3591 1186 3657 1249 δὴ
3708 1194 3797 1242 καὶ
3850 1192 3899 1241 οἱ

2294 1275 2627 1349 ἀτιμάζοντες
2677 1278 2882 1345 αὐτοὺς,
2934 1277 2982 1330 ἐν
3037 1288 3108 1349 τῷ
3172 1287 3506 1353 καταφρονεῖν
3565 1280 3752 1353 αὐτῶν,
3804 1284 3899 1338 τὴν

2294 1364 2529 1437 ἐσχάτην
2562 1363 2799 1420 δώσουσι
2836 1364 3010 1427 δίκην.

2364 1463 2488 1509 Ἕνα
2541 1454 2599 1510 δε
2650 1466 2749 1509 τῶν
2797 1466 2995 1531 μικρῶν
3048 1460 3262 1524 τούτων,
3324 1463 3488 1512 εἷτουν
3542 1469 3642 1513 τῶν
3698 1470 3899 1535 μικρῶν

2298 1548 2427 1597 κατὰ
2482 1548 2541 1597 τὸ
2605 1551 2925 1620 φαινόμενον,
2993 1556 3093 1599 τῶν
3150 1546 3380 1604 εὐτελῶν.
3455 1553 3610 1623 Λέγει
3669 1547 3728 1603 δὲ
3782 1555 3903 1627 περὶ

2297 1642 2395 1686 τῶν
2439 1639 2717 1707 γενομένων
2776 1638 2843 1698 ὡς
2903 1639 2969 1689 τὰ
3027 1634 3240 1690 παιδία.
3285 1638 3456 1691 Εἰπὼν
3503 1636 3580 1707 δὲ,
3635 1640 3715 1692 ὅτι
3766 1660 3903 1713 συμ-

2297 1728 2430 1797 φέρει
2485 1724 2645 1797 αὐτῷ,
2690 1726 2773 1778 ἵνα
2819 1727 2961 1799 πάθῃ
3013 1723 3172 1784 τήνδε
3208 1731 3301 1786 τὴν
3351 1728 3589 1800 χαλεπὴν
3624 1733 3901 1804 τιμωρίαν,

2219 1826 2266 1886 Β
2298 1811 2544 1885 ἐνέφηνεν,
2624 1814 2704 1867 ὅτι
2773 1814 3143 1891 χαλεπωτέραν
3210 1816 3379 1890 μέλλει
3444 1819 3626 1871 παθεῖν
3694 1816 3741 1871 ἓν
3826 1827 3901 1891 τῷ

2296 1901 2527 1973 μέλλοντι
2558 1903 2727 1960 αἰῶνι.

2368 1993 2503 2046 Ούαὶ
2572 2026 2642 2034 —
2719 1992 3045 2050 σκανδάλων.
3124 2003 3493 2070 Προαναφωνεῖ
3548 2002 3641 2058 τὴν
3712 1998 3901 2071 ἐσομέ-

2294 2102 2384 2139 νην
2426 2082 2628 2155 βλάϐην
2678 2083 2778 2137 ἀπὸ
2818 2094 2918 2138 τῶν
2972 2082 3299 2156 σκανδάλων,
3353 2087 3453 2155 ἵνα,
3506 2085 3904 2163 προσδοκῶντες

2296 2171 2449 2243 αὐτὰ,
2507 2178 2711 2246 νήφωσι
2756 2171 2850 2227 διὰ
2901 2179 3092 2238 παντὸς
3140 2175 3245 2250 οὐχ
3299 2179 3348 2229 οἱ
3397 2176 3678 2232 ἀπόστολοι
3723 2183 3897 2252 μόνον,

2298 2260 2423 2314 ἀλλά
2453 2267 2542 2315 καὶ
2575 2265 2776 2327 πάντες.

2369 2357 2470 2406 Καὶ
2517 2357 2715 2427 κόσμον
2763 2358 2852 2427 μὲν
2905 2354 3042 2428 λέγει
3091 2360 3207 2417 τοὺς
3256 2355 3304 2408 ἐν
3361 2366 3434 2430 τῷ
3483 2363 3686 2433 κόσμῳ,
3743 2362 3901 2412 σκάν-

2300 2442 2437 2495 δαλα
2488 2441 2545 2496 δὲ
2598 2445 2665 2495 τὰ
2715 2442 2947 2517 ἐμπόδια
2994 2453 3088 2505 τῆν
3151 2447 3310 2520 ὀρθῆς
3362 2446 3635 2511 πολιτείας.
3690 2449 3906 2503 Ταλανί-

2300 2533 2377 2593 ζει
2410 2530 2468 2585 δὲ
2494 2536 2580 2586 τὸν
2610 2537 2807 2607 κόσμον
2835 2531 2927 2587 διὰ
2953 2538 3018 2588 τὰ
3050 2533 3339 2603 σκάνδαλα,
3370 2540 3439 2599 ὡς
3466 2538 3714 2611 μέλλοντα
3745 2540 3905 2594 πολλὰ

2298 2625 2479 2675 παθεῖν
2514 2624 2597 2676 ὑπ’
2625 2623 2815 2680 αὐτῶν.

2371 2730 2596 2803 Ἀνάγκη
2658 2764 2726 2771 -
2791 2729 3081 2788 σκάνδαλα.
3143 2738 3281 2810 Πρός
3335 2742 3488 2789 τοῦτό
3557 2743 3685 2809 φασὶ
3752 2758 3905 2810 τινες,

2299 2820 2399 2884 ὅτι,
2454 2819 2539 2872 ἐὰν
2592 2820 2791 2893 ἀνάγκη
2837 2820 2978 2875 ἐστὶν
3034 2822 3193 2876 ἐλθεῖν
3246 2825 3314 2877 τὰ
3368 2822 3659 2894 σκάνδαλα,
3702 2824 3905 2901 ἀνάγκη

2300 2915 2389 2963 καὶ
2447 2910 2778 2987 ἁμαρτάνειν·
2829 2911 2915 2965 ἐὰν
2961 2910 3021 2966 δὲ
3069 2911 3269 2985 ἀνάγκη
3320 2914 3654 2992 ἁμαρτάνειν,
3711 2914 3907 2980 ἀδίκως

2303 3000 2643 3054 ἀπαιτοῦνται
2688 2998 2844 3061 δίκην
2893 3002 2942 3055 οἰ
2990 3002 3389 3079 ἁμαρτάνοντες·
3428 3009 3487 3059 τό
3531 3010 3631 3082 γὰρ
3664 3008 3717 3072 ἐξ
3747 3007 3908 3081 ἀνάγ-

2300 3110 2399 3152 κης
2474 3090 2765 3147 ἀνεύθύνον.
2848 3095 2987 3167 Πρός
3069 3093 3157 3155 οὖς
3234 3093 3465 3167 λέγομεν,
3541 3096 3622 3149 ὃτι
3704 3096 3902 3170 ἀνάγκη

2300 3184 2389 3252 μὲν
2438 3179 2576 3233 ἐστιν
2626 3180 2784 3234 ἐλθεῖν
2830 3184 2898 3235 τὰ
2944 3179 3217 3236 σκάνδαλα
3265 3180 3359 3237 διὰ
3397 3189 3491 3245 τὴν
3530 3184 3759 3259 ἀνάγκην
3805 3197 3904 3242 τῶν

2301 3267 2581 3342 δαιμόνων·
2656 3270 2750 3324 οὐκ
2826 3270 3023 3343 ἀνάγκη
3106 3270 3165 3325 δὲ
3244 3271 3700 3337 σκανδαλισθῆναι
3782 3282 3905 3342 τοὺς

2300 3357 2625 3424 σπουδαίους
2696 3358 2790 3415 διὰ
2846 3365 2904 3414 τό
2966 3371 3061 3425 τῆς
3131 3369 3481 3441 προαιρέσεως
3547 3367 3901 3433 αὐτεξούσιον.

2297 3455 2367 3504 Τό
2414 3454 2504 3524 μὲν
2551 3453 2653 3527 γὰρ
2699 3449 2859 3505 ἐλθεῖν
2888 3454 2954 3505 τὰ
2994 3451 3267 3508 σκάνδαλα
3313 3455 3408 3507 οὐκ
3450 3458 3593 3509 ἔστιν
3637 3460 3901 3533 ἡμέτερον,

2299 3543 2358 3593 τό
2413 3538 2472 3594 δὲ
2523 3544 2595 3611 μὴ
2654 3538 3106 3601 σκανδαλισθῆναι
3154 3546 3360 3607 πάντως
3415 3547 3676 3622 ἡμέτερον.
3732 3545 3906 3613 Εἰδὼς

2301 3626 2387 3683 οὖν
2434 3632 2460 3682 ὁ
2508 3634 2758 3706 Χριστὸς,
2804 3634 2885 3685 ὅτι
2931 3635 3138 3695 πάντως
3174 3632 3470 3688 ἐλεύσονται
3514 3638 3581 3689 τὰ
3612 3635 3904 3705 σκάνδαλα,

2300 3720 2537 3795 προλέγει
2584 3726 2705 3793 περὶ
2749 3724 2967 3793 τούτων,
3015 3724 3099 3775 ἶνα
3139 3728 3505 3799 προσέχωμεν,
3560 3727 3629 3788 ὡς
3679 3730 3904 3802 εἵρηται’

2300 3810 2433 3870 πλὴν
2485 3811 2544 3863 ού
2604 3808 2697 3863 διὰ
2746 3819 2900 3865 τοῦτο
2954 3814 3221 3887 ἔρχονται,
3279 3810 3421 3867 διότι
3467 3824 3726 3890 προεῖπεν,
3781 3817 3909 3871 ἀλλὰ

2303 3897 2397 3953 διὰ
2425 3907 2577 3953 τοῦτο
2602 3907 2835 3975 προεῖπε,
2868 3898 3009 3954 διότι
3038 3905 3303 3977 ἔρχονται.

2371 4204 2509 4262 Πλὴν
2567 4232 2638 4247 -
2696 4206 2928 4277 ἔρχεται.
3005 4207 3073 4258 Τό
3138 4202 3430 4260 σκάνδαλον
3492 4212 3757 4282 σπείρεται
3813 4212 3906 4280 μεν

2298 4295 2442 4368 παρὰ
2491 4300 2584 4345 τοῦ
2632 4289 2897 4367 δαίμονος,
2955 4294 3041 4347 ὑπ’
3090 4294 3363 4371 ἀνθρώπου
3415 4292 3475 4347 δὲ
3516 4300 3775 4368 τρέφεται,
3814 4302 3904 4350 καὶ

2300 4382 2532 4455 αὔξεται,
2585 4388 2675 4436 καὶ
2748 4383 3026 4456 κομίζεται
3104 4384 3241 4458 (65),
3322 4389 3626 4459 προαίρεσιν
3690 4387 3903 4457 ἔχοντος

2300 4471 2495 4544 φαύλην
2537 4476 2628 4525 καὶ
2679 4468 3077 4547 διεφθαρμένην,
3127 4475 3183 4526 ὃν
3224 4478 3314 4526 καὶ
3360 4473 3627 4536 ταλανίξει
3676 4482 3785 4541 νῦν,
3836 4478 3907 4539 ὡς

2300 4563 2562 4635 ὑπηρέτην
2604 4570 2695 4616 τοῦ
2744 4560 3012 4636 δαίμονος.
3067 4559 3195 4617 Εἶτα
3249 4558 3502 4617 διδάσκει
3552 4569 3643 4617 καὶ
3686 4572 3797 4625 πῶς
3843 4567 3909 4619 τὰ

2302 4648 2575 4705 σκάνδαλα
2606 4649 3012 4727 διαφευξόμεθα.

2373 4742 2434 4794 Εἰ
2483 4775 2553 4783 -
2609 4743 2834 4799 αἰώνιον.
2895 4744 2971 4795 Ού
3029 4747 3143 4817 περὶ
3205 4743 3369 4816 μελῶν
3445 4750 3689 4817 σώματος
3744 4746 3910 4799 ταῦτά

2302 4852 2479 4905 φησιν,
2532 4832 2659 4886 ἀλλὰ
2708 4838 2827 4907 περὶ
2874 4840 3156 4906 συγγενῶν,
3212 4838 3303 4887 καὶ
3353 4832 3529 4906 φίλων,
3577 4838 3668 4886 καὶ
3718 4834 3911 4908 ὑπηρε-

2299 4930 2418 4994 τῶν,
2470 4922 2555 4984 οὖς
2615 4922 2665 4975 ἓν
2733 4923 2877 4987 τάξει
2939 4923 3104 4995 μελῶν
3163 4926 3412 4976 τοιούτων
3470 4925 3680 4995 ἔχομεν,
3735 4924 3807 4986 ὡς
3859 4925 3910 4977 ἓν

3104 5014 3428 5088 λεπτομερῶς
3516 5012 3674 5086 ἐξηγη
3684 5015 3909 5087 σάμεθα.

2301 5107 2401 5156 Καὶ
2440 5105 2490 5156 ἓν
2542 5102 2718 5175 ἐκείνῳ
2757 5105 2860 5178 γὰρ
2907 5122 3076 5157 ταυτα
3122 5105 3347 5179 εἴρηται·
3396 5107 3485 5157 καὶ
3529 5104 3765 5165 ζήτησον
3809 5103 3913 5158 ἕκιί

2298 5021 2370 5083 τῷ
2442 5017 2659 5087 πέμπτῳ
2742 5012 3001 5087 κεφαλαίῳ

1740 5374 1965 5444 Variae
1996 5380 2328 5451 lectiones
2368 5392 2436 5451 et
2460 5391 2664 5451 notae.

597 5514 713 5657 ἕὸ3ἒ
741 5515 824 5581 Εἰ,
854 5532 963 5589 pro
988 5521 1097 5582 καί,
1132 5518 1196 5572 Β.

622 5589 688 5641 64
759 5588 971 5643 Lucam
1002 5589 1196 5645 solum

622 5588 713 5666 6})
759 5588 971 5666 Lucam
1002 5589 1198 5666 solum
1228 5589 1519 5666 nominat,
1551 5589 1717 5661 quod
1762 5591 1974 5651 Matth.
2029 5609 2188 5666 mu,

527 5660 577 5721 5,
607 5658 977 5731 pluraetiam
1008 5660 1402 5731 praetermisit.

623 5729 710 5799 65)
759 5728 1034 5799 Displicet
1072 5732 1337 5787 Hentenii
1386 5732 1601 5790 versio.
1639 5735 1945 5809 Κομίξεται,
1985 5741 2074 5796 est
2118 5739 2191 5803 εἰς

2342 5528 2458 5579 ἐσον
2506 5527 2801 5601 κομίζεται,
2849 5529 3288 5601 προφέρεται-καὶ
3332 5524 3505 5601 ἄλλοις
3533 5528 3907 5601 προσφέρεται.

2325 5614 2365 5654 n
2393 5594 2749 5670 textu'enim
2778 5594 2900 5668 est,’
2927 5594 3024 5650 δι’·
3050 5597 3112 5649 οὗ
3162 5599 3397 5670 ἔρχεται.
3444 5594 3583 5654 Νοη⁷
3610 5594 3754 5669 ergo
3785 5613 3909 5654 me-

2302 5669 2471 5728 dium
2499 5678 2613 5737 est,
2646 5669 2752 5726 sed
2780 5670 3117 5741 passivum.
