4178 6386
260 371 359 428 501

1211 361 1589 420 COMMENT.
1638 360 1707 415 IN
1750 354 2201 414 MATTHIEUM.
2245 386 2314 416 --.
2353 357 2514 413 CAP.
2564 358 2764 415 XVIII.

3523 359 3631 415 502

260 501 355 554 τὴν
382 494 656 567 ἐξήγησιν,
686 494 822 557 Ἀλξ⁸
845 493 949 546 ἐκεῖ
973 495 1062 565 μὲν
1092 496 1209 564 περὶ
1239 490 1522 563 ἒμπαθείας
1547 485 1609 547 ἧν
1634 488 1661 539 ό
1686 486 1848 557 λόγος,

1978 484 2275 539 sitionem.
2292 485 2399 541 Sed
2417 484 2497 539 ibi
2519 484 2592 541 de
2604 484 2821 541 aﬂectu
2841 488 2963 541 erat
2978 500 3195 550 sermo,
3217 483 3317 540 hic
3338 487 3541 541 autem
3556 485 3632 541 de

260 587 483 639 ἐνταῦθα
536 582 596 637 δὲ
644 590 761 658 περὶ
820 587 1068 644 παντοίας
1120 580 1342 654 βλάϐης.
1371 580 1505 653 Ὅρα
1540 576 1598 630 δὲ
1632 585 1739 645 νυν,
1786 576 1866 626 ὁτι

259 675 444 727 κυλλὸν
478 678 566 727 τὸν
594 676 790 749 ἄχειρα
816 673 969 745 λέγει.

340 877 442 925 Καὶ
504 902 563 910 —-
622 874 806 945 πυρός.
843 872 1062 945 Εἴρηται
1109 872 1197 919 καὶ
1241 870 1357 939 περὶ
1389 866 1581 915 τούτων
1636 860 1682 912 ἐν
1731 858 1861 911 ἐκεί-

259 984 331 1034 νῳ
382 970 456 1033 τῷ
510 960 792 1033 κεφαλαίῳ,
847 962 936 1010 καὶ
994 960 1231 1031 περιττόν
1268 954 1612 1024 παλιλλογείν.
1664 950 1863 1010 ’Ὁντως

258 1046 351 1102 οὖν
420 1050 532 1121 (66)
592 1045 742 1101 οὐδὲν
782 1049 917 1101 οὕτω
977 1045 1345 1121 βλαϐερὸν,ὡς
1404 1046 1432 1101 ἡ
1482 1051 1580 1094 τῶν
1624 1046 1860 1114 πονηρῶν

260 1144 540 1193 συνουσία.
590 1144 709 1205 Καὶ,
770 1138 813 1191 εἰ
865 1136 946 1190 ἐπὶ
1002 1145 1100 1188 τῶν
1146 1138 1403 1209 ἡμετέρων
1462 1132 1621 1205 μελῶν
1671 1128 1860 1182 πολλοί-

253 1250 337 1290 κις
397 1228 743 1301 ἀπότέμνομέν
795 1248 909 1280 τινα
962 1229 1173 1289 τούτων,
1222 1226 1342 1277 ὅταν
1392 1222 1526 1275 αὐτα
1579 1239 1632 1273 τε
1677 1219 1860 1271 ἀνίατα

251 1323 469 1391 μένωσι,
516 1322 605 1369 καὶ
661 1325 765 1379 τςῖς
818 1317 989 1379 ἠλλοις
1041 1316 1411 1388 λυμαίνωνται,
1450 1311 1619 1381 πολλῷ
1667 1307 1856 1382 μᾶλλον

251 1408 337 1460 ἐπὶ
396 1417 678 1480 συγγενῶν,
712 1412 800 1459 καὶ
854 1406 1030 1479 φίλων,
1073 1411 1161 1457 καὶ
1214 1407 1480 1479 ὑπηρετῶν
1538 1408 1691 1453 τοῦτο
1745 1402 1853 1473 χρὴ

252 1506 436 1563 ποιεῖν,
509 1495 981 1564 σκανδαλιζόντων,
1048 1498 1212 1548 εῖτουν
1289 1489 1675 1566 ἐμποδιζόντων
1733 1491 1858 1561 ἡμῖν

256 1587 328 1650 εἰς
378 1592 473 1645 τὴν
523 1586 681 1661 ὀρθὴν
733 1586 1012 1651 πολιτείαν,
1050 1592 1303 1658 Κρεῖσσον
1335 1586 1431 1658 γὰρ
1483 1585 1654 1654 χωρὶς
1690 1579 1858 1631 αὐτῶν

259 1680 491 1736 σωθῆναι
546 1682 574 1736 ἤ
642 1681 733 1729 σὺν
793 1678 965 1737 αὐτοῖς
1025 1674 1334 1731 ἀπολέσθαι,
1396 1675 1715 1745 Παραινέσας
1771 1664 1857 1720 οὖν

252 1771 457 1840 φεύγειν
515 1769 634 1829 τοὺς
676 1769 951 1841 πονηροὺς,
1004 1764 1193 1817 κελεύει
1246 1770 1400 1836 τιμᾲν
1448 1765 1566 1823 τοὺς
1612 1760 1853 1831 ἀγαθούς.

250 1862 401 1931 Λέγει
421 1860 544 1933 γὰρ’

318 1948 510 2022 ’Ὁρᾶτε
565 1979 631 1987 —
665 1949 881 2000 τούτων.
913 1951 1023 1998 Τῶν
1069 1941 1359 1996 δοκούντων
1392 1944 1480 2014 μεν
1511 1946 1709 2015 μικρῶν
1748 1945 1854 2001 τοῖς

248 2036 543 2112 ἀνθρώποις
592 2032 666 2089 δι’
712 2033 981 2105 εὐτελειαν,
1035 2036 1188 2085 ὄντων
1239 2029 1299 2085 δὲ
1336 2031 1567 2104 μεγάλων
1621 2036 1691 2100 τῷ
1746 2032 1852 2098 Θεῷ

243 2124 318 2180 δι’
370 2127 559 2203 ἀρετὴν
588 2143 599 2155 ·
652 2126 695 2178 εἰ
726 2122 778 2178 δ’
832 2124 939 2187 ἐνὸς
986 2126 1179 2176 τούτων
1227 2122 1286 2175 οὗ
1330 2127 1439 2195 χρή
1491 2120 1845 2194 καταφρονεῖν,

245 2213 536 2292 πρόδηλον,
592 2218 654 2276 ὡς
695 2211 818 2268 οὖδέ
863 2211 961 2267 δύο
990 2216 1215 2283 πάντως,
1245 2208 1370 2265 οὐδέ
1405 2211 1662 2274 πλειόνων,
1725 2206 1850 2262 Εἶτα

244 2312 339 2359 καὶ
373 2306 611 2381 ἑτέρωθεν
643 2305 825 2366 αὐτοὺς
857 2300 1162 2363 αἰδεσίὸους
1190 2309 1345 2357 ποιεῖ.

317 2562 470 2630 Λέγω
530 2588 600 2599 —
675 2563 768 2608 τοῦ
839 2554 887 2607 ἓν
964 2554 1222 2629 οὐρανοῖς.
1275 2550 1533 2605 Ἐντεῦθεν
1613 2554 1848 2625 φανερόν,

244 2654 326 2704 ὅτι
355 2648 600 2721 ἁγγελους
627 2649 848 2719 ἔχουσιν
904 2648 954 2698 οἱ
1005 2642 1206 2697 δίκαιοι
1234 2644 1483 2717 φύλακας⁸
1515 2646 1647 2714 φησὶ
1675 2642 1777 2714 γάρ
1824 2641 1849 2692 ὁ

246 2737 456 2805 Δαϐὶδ,
536 2741 617 2791 ὅτι
703 2734 1033 2809 Παρεμϐαλεῐ
1104 2734 1317 2806 ἄγγελος
1403 2736 1596 2805 Κυρίου
1676 2730 1849 2801 κύκλῳ

243 2842 346 2884 τῶν
416 2828 741 2902 φοϐουμένων
822 2825 997 2895 αὐτόν,
1047 2830 1135 2877 καὶ
1191 2826 1408 2898 ρύσεται
1466 2822 1673 2881 αὐτούς.
1743 2820 1851 2882 Οὗς

243 2920 305 2975 δὲ
365 2920 731 2993 φυλάττουσιν,
780 2916 992 2987 ἄγγελοι
1048 2918 1305 2972 τοσαύτην
1353 2915 1417 2974 εἰς
1467 2916 1588 2966 Θεὸν
1640 2916 1847 2984 ἔχοντες

238 3012 565 3086 παρρησίαν,
638 3010 703 3068 ὡς
749 3003 844 3059 διὰ
921 3008 1111 3068 παντὸς
1168 3002 1214 3056 ἐν
1278 3004 1514 3079 οὐρανοῖς
1569 3004 1691 3078 ὀρᾲν
1760 3008 1845 3057 τόν

236 3105 393 3169 Θεὸν,
438 3101 629 3153 τούτων
687 3101 846 3159 ὅντως
896 3096 955 3148 οὗ
985 3101 1095 3168 χρὴ
1156 3101 1514 3169 καταφρονεῖν,
1556 3094 1599 3146 εἰ
1648 3098 1839 3165 καὶμὴ

1977 573 2382 645 qualicunque
2396 575 2927 630 nocumento.Vide
2944 579 3145 631 autern
3161 590 3320 629 nunc
3337 573 3501 646 quod
3514 574 3633 626 κυλ-

1975 662 2081 728 λον,
2115 663 2229 717 hoc
2258 668 2345 719 est
2376 665 2670 731 mutilum,
2707 670 2879 721 vocat
2917 681 3055 720 eum
3094 664 3199 736 qui
3231 664 3512 720 manibus
3538 680 3633 720 ca-

1974 756 2080 807 ret.

2045 840 2211 896 Vers.
2246 843 2300 895 9.
2329 843 2406 897 Et
2436 873 2505 882 —
2553 844 2717 912 ignis.
2778 844 3007 899 Dictum
3060 848 3149 899 est
3196 842 3377 899 etiam
3406 843 3480 898 de
3538 843 3630 898 his

1972 931 2034 986 in
2073 931 2173 988 illo
2225 932 2437 1005 capite,
2470 938 2527 988 et
2566 934 2940 1005 superfluum
2967 934 3119 989 foret
3151 939 3436 1005 repetere.
3482 934 3630 990 Vere

1972 1037 2113 1092 ergo
2145 1022 2289 1078 nihil
2310 1028 2398 1079 est
2422 1022 2568 1079 adeo
2591 1024 2838 1079 noxium
2860 1024 3011 1079 sicut
3033 1039 3358 1095 pravorum
3386 1040 3629 1080 consor-

1971 1110 2139 1167 tium.
2170 1112 2339 1176 Quod
2373 1112 2421 1166 si
2452 1113 2631 1169 etiam
2682 1115 2745 1168 in
2772 1112 3050 1169 membris
3082 1114 3300 1169 nostris
3355 1118 3628 1185 amputa-

1970 1218 2107 1256 mus
2131 1201 2470 1275 frequenter
2510 1202 2792 1274 quasdam
2823 1219 2897 1259 ex
2946 1202 3061 1258 illis
3117 1202 3359 1276 quando
3390 1208 3448 1259 et
3494 1204 3631 1275 ipsa

1966 1291 2430 1348 immedicabilis.
2460 1292 2804 1358 manserint,
2840 1298 2898 1349 et
2948 1297 3155 1349 caetera
3196 1296 3627 1365 corrumpunt;

1969 1379 2157 1436 multo
2181 1380 2369 1451 magis
2399 1382 2456 1436 in
2479 1380 2750 1451 cognatis
2779 1385 2835 1437 et
2856 1382 3057 1438 amicis
3075 1398 3146 1437 ac
3173 1382 3456 1437 ministris
3476 1382 3629 1438 face-

1970 1486 2031 1525 re
2068 1471 2184 1526 hoc
2212 1476 2465 1542 oportet,
2524 1470 2623 1527 ubi
2678 1470 2856 1527 nobis
2912 1470 3222 1527 obstaculo
3263 1470 3477 1527 fuerint
3526 1476 3630 1528 aut

1969 1560 2398 1631 impedimento
2437 1561 2517 1616 ad
2547 1565 2771 1616 rectam
2813 1560 3345 1617 conversationem.
3381 1560 3631 1617 Przestat

1969 1650 2130 1706 enim
2161 1650 2286 1705 sine
2317 1649 2429 1704 illis
2468 1650 2703 1705 salvum
2728 1649 2858 1705 ﬁeri
2886 1665 3073 1722 quam
3104 1666 3241 1705 cum
3268 1649 3381 1705 illis
3415 1650 3624 1720 perire.

1970 1740 2295 1811 Postquam
2317 1755 2459 1808 ergo
2486 1756 2703 1811 pravos
2724 1739 2928 1808 fugere
2946 1740 3277 1809 admonuit,
3311 1739 3496 1795 bonos
3523 1740 3628 1795 ho-

1888 1841 1931 1897 Β
1968 1829 2379 1899 norarejubet.
2422 1830 2514 1883 Ait
2541 1829 2699 1883 enim
2727 1845 2740 1883 :

2036 1919 2202 1975 Vers.
2239 1923 2318 1973 10.
2367 1918 2563 1974 Videte
2588 1948 2654 1958 -—-
2683 1918 2829 1973 istis.
2860 1916 2967 1983 Qui
2993 1916 3333 1972 hominibus
3380 1916 3627 1989 quidem

1964 2006 2157 2080 pusilli
2206 2006 2478 2063 videntur
2510 2012 2748 2078 propter
2777 2006 3173 2077 abjectionem
3207 2011 3259 2061 et
3280 2006 3628 2077 simplicita-

1962 2100 2100 2163 tem,
2134 2112 2271 2152 vere
2303 2101 2505 2151 tamen
2536 2096 2741 2166 magni
2780 2100 2921 2151 sunt
2948 2100 3192 2167 propter
3218 2096 3509 2151 virtutem.
3544 2098 3624 2152 Ne

1960 2200 2144 2239 unum
2169 2185 2414 2257 quidem
2447 2186 2663 2240 horum
2706 2184 3013 2255 despicere
3039 2189 3273 2255 oportet
3306 2200 3319 2239 :
3376 2183 3625 2240 manife-

1960 2278 2118 2330 stum
2139 2278 2229 2330 est
2269 2290 2409 2346 ergo
2460 2274 2625 2347 quod
2656 2290 2847 2347 neque
2900 2274 3056 2330 duos
3115 2273 3375 2339 omnino,
3427 2289 3623 2345 neque

1962 2363 2184 2436 plures.
2219 2364 2442 2421 Deinde
2472 2364 2654 2420 etiam
2684 2362 2929 2420 aliunde
2958 2363 3334 2420 venerandos
3360 2361 3495 2419 illos
3539 2362 3623 2419 fa-

1960 2454 2059 2510 cit.

2034 2546 2192 2601 Vers.
2225 2546 2312 2599 I0.
2347 2543 2489 2598 Dico
2525 2575 2593 2583 —
2623 2544 2723 2614 qui
2746 2543 2809 2599 in
2849 2542 3005 2598 cazlis
3035 2548 3140 2597 est.
3185 2540 3326 2597 Inde
3377 2540 3623 2596 manife-

1960 2636 2117 2688 stum
2136 2638 2222 2689 est
2239 2634 2437 2703 justos
2459 2633 2680 2688 habere
2694 2631 2939 2703 angelos
2963 2631 3261 2687 custodes.
3288 2630 3433 2686 Dicit
3458 2630 3620 2686 enim

1961 2723 2179 2778 David:
2202 2723 2407 2779 Castra
2421 2722 2743 2778 metabitur
2758 2723 3001 2791 angelus
3028 2721 3258 2776 Domini
3282 2721 3339 2775 in
3364 2721 3619 2775 circuitu

1959 2812 2283 2867 timentium
2322 2828 2474 2877 eum,
2518 2819 2571 2867 et
2602 2812 2810 2880 eripiet
2834 2828 2928 2867 eos
2962 2814 3030 2863 *9.
3084 2814 3241 2876 Quos
3273 2816 3473 2866 autem
3502 2826 3620 2865 ser-

1957 2907 2097 2957 vant
2121 2902 2318 2971 angeli
2338 2904 2442 2973 qui
2472 2907 2700 2957 tantam
2725 2900 2885 2973 apud
2921 2904 3104 2955 Deum
3133 2900 3361 2955 habent
3384 2899 3617 2956 liberta-

1956 2996 2096 3057 tem,
2128 2996 2189 3046 ut
2228 3008 2467 3063 semper
2510 2991 2752 3048 videant
2805 2993 2989 3045 Deum
3022 2989 3125 3060 qui
3168 2990 3228 3043 in
3285 2988 3448 3044 caelis
3502 2993 3612 3053 est,

1954 3098 2090 3138 vere
2178 3082 2291 3138 hos
2385 3080 2692 3151 despicere
2767 3094 2887 3135 non
2946 3083 3219 3149 oportet:
3298 3078 3406 3133 etsi
3492 3093 3617 3133 non

236 3190 330 3245 διὰ
359 3195 455 3248 τὴν
482 3186 859 3263 ἁρετὴναύτῶν,
889 3184 1017 3238 ἀλλά
1045 3204 1102 3257 γε
1122 3181 1216 3237 διὰ
1239 3188 1329 3238 τοὺ
1369 3184 1621 3256 ςφυλακας
1650 3184 1838 3237 αὐτῶν.

1971 3176 2197 3244 )ropter
2275 3169 2515 3226 illorum
2596 3171 2892 3233 virtutem,
2968 3173 3025 3223 at
3091 3168 3303 3223 saltem
3379 3171 3616 3239 propter

230 3286 302 3337 Τὸ
361 3286 643 3356 πρόσωπον
694 3274 753 3330 δὲ
782 3285 873 3330 τοῦ
906 3280 1110 3349 Πατρός
1137 3295 1259 3348 μου,
1294 3272 1407 3327 ἀντὶ
1455 3283 1566 3344 του,
1600 3278 1686 3327 τόν
1738 3281 1842 3327 Πα-

228 3377 358 3448 τέρα
377 3390 498 3443 μου.

309 3461 597 3535 [Βλέπουσι
646 3458 758 3529 (67)
816 3454 875 3509 δὲ
925 3457 1078 3509 αὑτὸν
1106 3456 1211 3527 οὐχ
1242 3458 1309 3517 ὡς
1334 3458 1447 3507 ἔστι
1477 3454 1593 3507 κατ’
1632 3458 1839 3524 οὐσίαν,

233 3552 342 3605 ἀλλ’
374 3554 439 3611 ὡς
474 3549 679 3622 ὶφικτόν
707 3543 900 3607 αὐτοῖς,
936 3550 1066 3600 Θεὸν
1093 3548 1220 3617 γὰρ,
1244 3550 1420 3618 φησιν,
1456 3541 1630 3606 οὐδεὶς
1651 3545 1842 3618 ἑώρακε

230 3648 465 3709 πώποτε,
493 3639 554 3692 οὗ
583 3643 734 3712 μόνον
766 3637 959 3706 ὑλικὰς,
984 3634 1090 3688 ἀλλ’
1122 3631 1238 3689 οὐδ’
1260 3634 1462 3707 ἄυλος]

306 3837 525 3891 Ἔπειτα
556 3836 669 3908 (68)
694 3840 784 3888 καὶ
816 3834 991 3908 ἑτέραν
1040 3835 1251 3892 τίθησιν
1291 3833 1637 3907 εὐλογωτέραν
1668 3835 1840 3887 αἰτίαν

232 3936 330 3981 τοῦ
356 3931 428 3999 μὴ
460 3934 797 4002 καταφρονεῖν
828 3924 1018 3979 αὐτῶν.

304 4017 462 4070 Ἦλθε
520 4048 588 4058 -
640 4019 700 4069 τὸ
746 4014 1023 4076 ἀπολωλός.
1093 4013 1283 4067 Ἦλθον
1335 4016 1459 4089 γὰρ,
1528 4020 1707 4086 φησίν,
1767 4018 1841 4078 εἱς

232 4111 323 4161 τὸν
369 4111 584 4178 κόσμον,
636 4110 821 4177 ἤγουν,
870 4103 1265 4178 ἒνηνθρὼπησοι,
1297 4107 1383 4156 ἵνα
1434 4110 1590 4157 σώσω
1652 4105 1840 4167 αὐτοὺς

228 4195 554 4255 ἀπολωλότας
576 4201 716 4267 πρίν.
754 4196 854 4249 Καὶ
903 4195 948 4247 εἰ
983 4193 1083 4265 ἐγὼ
1114 4202 1363 4247 τοσοῦτον
1408 4192 1700 4268 ἐφρόννισα,
1734 4204 1839 4256 πῶς

225 4288 379 4360 ὑμεῖς
431 4291 842 4359 καταφρονήσετε
896 4287 1131 4349 Murano;
1167 4289 1456 4338 Μετέπειτα
1487 4281 1546 4337 δὲ
1584 4285 1719 4356 λέγει
1748 4290 1838 4338 καὶ

223 4376 554 4453 παραϐολὴν,
574 4375 927 4449 ἐμφαίνουσαν
947 4378 1003 4427 τὸ
1026 4374 1341 4444 ὑπερϐάλλον
1355 4384 1451 4438 τῆς
1470 4375 1840 4449 φιλοστοργίας

221 4468 409 4520 αὑτοῦ.

301 4561 453 4610 ΚΕΦ.
490 4555 617 4611 ΑΠ’.
655 4559 779 4628 Περὶ
810 4563 911 4607 τῶν
943 4554 1122 4607 ἑκατὸν
1151 4554 1441 4627 προϐάτων.

297 4650 363 4698 Τί
393 4676 463 4686 -—
487 4649 547 4698 τό
573 4645 896 4719 πλανώμενον
925 4661 938 4711 ;
981 4644 1283 4719 Ἄνθρωπον
1310 4648 1399 4717 μὶν
1431 4642 1691 4704 ὑποδηλοῖ
1720 4647 1840 4700 ἑαυ-

222 4738 333 4801 τὸν,
370 4738 434 4795 ὡς
462 4739 730 4808 γενόμενον
776 4735 1067 4809 ἄνθρωπον·
1115 4736 1297 4787 ἑκατὸν
1347 4730 1407 4787 δὴ
1457 4734 1696 4808 πρόϐατα
1742 4742 1839 4788 πᾶ-

230 4845 329 4878 σαν
360 4830 456 4883 τήν
510 4824 725 4897 λογικὴν
757 4829 931 4877 κτίσιν
964 4824 1077 4896 (69)
1127 4822 1355 4896 ἀγγέλων
1398 4830 1488 4877 καὶ
1532 4824 1834 4898 ἀνθρώπων

223 4914 473 4989 πρόϐατα
529 4917 618 4984 μὲν
674 4911 767 4968 διὰ
804 4933 857 4967 τε
889 4918 981 4973 τὴν
1039 4917 1234 4967 τουτων
1276 4917 1561 4987 ὑποταγὴν,
1601 4921 1690 4969 καὶ
1745 4921 1840 4977 τὴν

222 5005 413 5057 ἑαυτοῦ
472 5009 844 5078 ποιμαντικήνο
902 5004 1081 5057 ἑκατόν
1141 5001 1201 5057 δὲ
1248 5001 1341 5057 διὰ
1394 5010 1487 5064 τήν
1542 5006 1839 5066 τελειότητα

219 5104 327 5147 τῶν
379 5097 663 5168 ταγμάτων
717 5102 809 5156 τῆς
844 5094 1057 5166 λογικῆς
1111 5097 1304 5155 ταύτης
1349 5100 1590 5159 κτίσεως.
1637 5104 1839 5151 Τοσαῦ-

292 5275 341 5309 ²⁹
373 5271 526 5329 Psal.
558 5288 802 5339 xxxxni,
840 5275 891 5328 8.
971 5273 1019 5308 ³ο
1042 5273 1211 5329 Joan.
1242 5288 1278 5337 1,
1314 5274 1403 5330 18.

1867 4559 1923 4618 D

1950 3261 2231 3318 custodes
2248 3276 2476 3317 eorum.
2498 3258 2734 3315 Faciem
2751 3274 2892 3315 vero
2907 3256 3113 3324 Patris,
3134 3257 3247 3313 hoc
3262 3262 3355 3313 est
3370 3256 3610 3313 Patrem

1951 3368 2175 3408 meum.

2025 3445 2067 3512 -ξ-
2091 3442 2301 3497 Vident
2328 3442 2530 3495 autem
2556 3438 2727 3493 illum
2754 3453 2873 3494 non
2905 3437 3159 3508 perfecte
3211 3436 3363 3491 sicut
3392 3440 3485 3491 est
3547 3436 3610 3491 in

1950 3532 2224 3596 essentia,
2255 3530 2361 3585 sed
2386 3532 2557 3601 prout
2578 3528 2662 3583 eis
2693 3527 3071 3599 permittitur.
3100 3529 3285 3581 Deum
3299 3525 3482 3591 enim,
3507 3526 3609 3594 ait,

1951 3637 2130 3677 nemo
2160 3620 2306 3675 vidit
2334 3634 2605 3690 unquam
2636 3621 2704 3685 ³ο,
2727 3633 2849 3673 non
2878 3616 3200 3672 materialis
3231 3615 3425 3671 solum
3452 3630 3614 3670 crea-

1951 3716 2103 3776 tura,
2144 3710 2250 3766 sed
2275 3710 2454 3764 etiam
2479 3707 2906 3763 immaterialis.

2020 3800 2244 3857 Deinde
2276 3798 2461 3855 aliam
2477 3812 2720 3869 quoque
2742 3795 2911 3868 ponit
2939 3794 3449 3852 rationabiliorem
3475 3810 3613 3851 cau-

1950 3908 2103 3959 sam,
2136 3906 2241 3946 cur
2268 3904 2371 3945 eos
2396 3887 2701 3959 despicere
2733 3902 2853 3942 non
2882 3890 3177 3956 oporteat.

2018 3981 2177 4034 Vers.
2214 3978 2297 4034 II.
2342 3978 2509 4034 Venit
2541 4008 2610 4016 —-
2656 3976 2814 4048 quod
2839 3974 3113 4046 perierat.
3144 3974 3328 4038 Venit,
3390 3973 3604 4045 inquit,

1948 4068 2010 4124 in
2040 4067 2363 4132 mundum,
2403 4066 2529 4122 sive
2565 4066 2911 4121 incarnatus
2964 4068 3067 4127 est,
3119 4068 3183 4119 ut
3222 4063 3476 4119 salvaret
3506 4078 3609 4117 eos

1947 4158 2053 4232 qui
2077 4163 2255 4215 antea
2278 4156 2487 4229 perditi
2504 4160 2693 4211 erant.
2719 4154 2889 4219 Quod
2914 4152 2964 4206 si
2984 4167 3094 4221 ego
3118 4155 3344 4207 tantam
3366 4150 3607 4206 illorum

1946 4248 2133 4304 habui
2159 4263 2384 4313 curam,
2400 4244 2705 4319 quomodo
2724 4260 2829 4299 vos
2847 4242 3184 4313 despicietis
3198 4240 3329 4294 illos
3346 4240 3374 4294 ?
3391 4239 3606 4295 Deinde

1947 4354 2088 4395 vero
2119 4337 2284 4410 ponit
2314 4341 2371 4391 et
2413 4334 2785 4408 parabolam,
2818 4348 2939 4404 qua
2982 4331 3343 4387 demonstrat
3382 4329 3605 4385 amoris

1949 4427 2040 4482 sui
2067 4424 2566 4495 magnitudinem.

2212 4560 2365 4616 CAP.
2410 4556 2699 4613 XXXVIII.
2734 4557 2815 4611 De
2846 4561 3084 4621 centum
3116 4554 3341 4610 ovibus.

2019 4653 2180 4706 Vers.
2218 4650 2300 4704 I2.
2338 4648 2493 4717 Quid
2516 4679 2585 4687 —
2640 4662 2772 4719 quae
2797 4646 3178 4702 aberraverat
3211 4646 3240 4699 φ
3292 4642 3606 4699 Hominem

1951 4740 2217 4812 seipsum
2261 4739 2599 4808 signiﬁcat:
2661 4741 2900 4792 centum
2955 4750 3094 4790 vero
3145 4750 3305 4799 oves,
3361 4746 3623 4789 omnem‘

1950 4830 2290 4886 rationalem
2333 4834 2691 4892 creaturam,
2740 4827 3049 4882 hominem
3080 4825 3395 4891 videlicet;
3456 4838 3601 4878 oves

1948 4918 2195 4991 quidem
2218 4923 2455 4990 prOpter
2473 4918 2747 4990 ipsorum
2770 4916 3223 4986 subjectionem,
3250 4920 3307 4969 et
3329 4913 3495 4985 quod
3522 4912 3602 4968 ab

1947 5023 2019 5066 eo
2046 5012 2371 5082 pascantur
2402 5026 2416 5075 ;
2450 5011 2686 5063 centum
2722 5022 2864 5063 vero
2911 5010 3155 5077 propter
3182 5002 3608 5077 perfectionem

1949 5097 2227 5156 ordinum
2260 5096 2565 5155 rationalis
2594 5096 2778 5168 hujus
2807 5100 3092 5152 creaturae
3127 5109 3140 5150 :
3166 5097 3246 5149 tot
3283 5091 3442 5148 enim
3470 5093 3608 5145 sunt

1445 5450 1672 5522 Varia:
1705 5454 2035 5524 lectiones
2057 5465 2121 5523 et
2160 5465 2366 5525 notae.

288 5651 405 5722 (eo)
444 5649 562 5723 Ἦν,
592 5664 703 5723 pro
738 5647 852 5723 οὖν,
886 5656 949 5705 Α.

295 5723 411 5795 (66)
446 5721 702 5795 Inclusa,
732 5721 795 5777 in
836 5732 1026 5795 marg.
1068 5722 1340 5780 habetA.

295 5792 409 5866 (68)
452 5795 595 5860 Qua:
619 5792 898 5865 leguntur
925 5794 1005 5851 ab
1049 5797 1226 5849 eam
1248 5795 1325 5852 ad
1356 5795 1545 5862 αὐτῶν,
1577 5811 1650 5855 ea
1679 5797 1828 5854 Hen-

1945 5640 2137 5729 tenius
2167 5658 2304 5711 ante
2337 5654 2621 5729 βλέπουσιν
2652 5651 2994 5729 exhibebat.

2016 5727 2128 5799 (69)
2171 5724 2354 5797 Φύσιν,
2388 5732 2444 5783 et
2467 5742 2650 5799 supra
2678 5726 2965 5796 scriptum
2990 5726 3096 5790 κτί,
3120 5724 3186 5778 Α.
