4178 6382
517 359 624 417 503
1854 335 2205 398 EUTHYMII
2257 331 2593 390 ZIGABENI
3812 329 3919 384 504.

523 486 668 557 quot
723 482 979 551 oportet.
1035 480 1361 533 Numerum
1406 479 1608 530 autem
1665 476 2074 527 centenarium
2124 464 2173 517 in

2302 479 2368 511 τα
2424 460 2523 531 γάρ
2576 454 2727 521 εἰσιν,
2790 456 2891 506 ὅσα
2917 458 3052 527 χρή,
3086 457 3184 506 Τόν
3213 456 3313 527 γὰρ
3366 454 3547 505 ἑκατὸν
3581 451 3801 527 ἀριθμὸν
3836 452 3919 507 ἐπί

526 542 885 647 perfectione
908 567 1053 623 solet
1076 583 1319 638 ponere,
1341 569 1403 620 ut
1427 565 1484 619 in
1518 568 1672 618 terra
1700 559 1997 629 frugifera,
2022 558 2176 628 quod

2302 547 2622 606 τελέιότητος
2678 546 2823 596 εἴωθε
2878 546 3095 610 τιθέναι,
3130 545 3363 616 καθάπερ
3399 548 3490 596 καὶ
3535 542 3620 594 ἐπὶ
3669 551 3758 603 τῆς
3799 550 3914 614 γῆς,

2346 645 2363 647 μ
2766 631 3745 647 ,νιηηκ-..νν-
3893 641 3912 647 -

526 631 711 717 unum
728 659 890 713 dedit
910 656 1281 728 centuplum,
1303 655 1454 709 sicut
1472 651 1756 708 vicesimo
1777 655 1993 721 quarto
2032 650 2176 717 capi-

2303 645 2394 697 τῆς
2446 636 2883 710 καρποφορούσης
2937 631 2983 684 ἐν
3016 633 3128 704 (ἲο)
3169 634 3349 685 ἑκατόν
3382 635 3451 695 ὡς
3505 632 3552 684 ἐν
3584 640 3655 703 τῷ
3705 633 3918 703 εἰκοστῷ

531 758 587 808 te
613 750 951 823 praedictum
984 724 1109 802 est;

2302 728 2526 800 τετάρτῳ
2557 724 2814 796 κεφαλαίῳ
2844 728 3175 798 προείρηται.

605 810 742 896 ὀνὶε
790 842 981 893 autem
1030 851 1236 891 errans
1283 833 1432 890 ordo
1481 836 1568 887 est
1621 830 1935 885 hominum
1993 824 2097 897 qui
2156 840 2194 879 a

2377 819 2641 888 Πρόκατον
2676 810 2734 866 δε
2764 812 3089 885 πλανώμενον
3131 816 3189 864 16
3239 813 3414 883 τάγμα
3465 819 3565 863 τῶν
3614 810 3918 886 ἀνθρώπων⁹

534 930 635 988 Dei
656 928 797 985 ovili
818 927 1085 998 abjectus
1112 928 1218 990 est,
1250 930 1305 980 et
1329 926 1567 979 secutus
1588 920 1829 977 fallaces
1856 918 2184 974 daemones.

2306 907 2376 966 ὡς
2408 902 2697 977 ἀποῤῥαγὶν
2728 910 2825 963 τῆς
2854 906 3079 973 ποίμνης
3112 908 3202 953 τοῦ
3242 907 3397 966 Θεοῦ,
3429 905 3519 952 καὶ
3561 898 3922 959 ἀκολουθῆσαν

2304 1001 2409 1054 τοῖς
2441 991 2753 1050 ἀπατήσασι
2786 987 3058 1063 δαίμοσιν.

608 1111 835 1165 Montes
883 1120 1027 1162 vero
1056 1102 1388 1160 secundum
1415 1101 1651 1174 aliquos
1685 1098 1905 1156 coelum
1950 1097 2196 1170 propter

2376 1082 2513 1156 Ὀρη
2549 1079 2627 1152 δὲ,
2660 1083 2795 1134 κατὰ
2847 1084 2937 1154 μέν
2976 1101 3142 1147 τινας,
3206 1081 3233 1132 6
3286 1080 3502 1153 οὐρανὸς
3549 1079 3685 1152 (71),
3720 1075 3814 1131 δια
3864 1082 3924 1131 τὸ

536 1196 928 1261 altitudinem,
956 1194 1017 1251 in
1046 1209 1171 1267 quo
1196 1192 1342 1249 alios
1373 1167 1611 1247 ordines
1658 1167 1992 1261 dereliquit.
2023 1186 2186 1240 Juxta

2306 1173 2459 1245 ὕψος,
2517 1171 2591 1244 ἐφ’
2622 1171 2682 1224 οὗ
2735 1172 2801 1223 τὰ
2882 1168 3010 1222 ἀλλα
3076 1171 3325 1243 τάγματα
3378 1167 3727 1222 καταλέλοιπε·
3788 1170 3927 1221 κατὰ

535 1256 687 1346 alias
745 1256 968 1353 autem,
1032 1256 1209 1349 terra,
1264 1287 1501 1353 propter
1556 1282 1815 1349 agrestes
1866 1256 2185 1339 daemones,

2311 1259 2371 1315 δέ
2396 1280 2535 1321 τινας
2568 1262 2619 1330 ,ἡ
2675 1268 2768 1332 γῆ,
2799 1256 2891 1313 διὰ
2928 1262 2987 1311 16
3036 1263 3152 1320 τοὺς
3202 1258 3418 1334 ἀγρίους
3474 1256 3728 1332 δαὶμονας
3778 1257 3927 1331 ὶμφι-

537 1376 734 1449 quiin
760 1390 831 1431 ea
855 1350 1217 1430 commorari
1264 1350 1560 1441 “gaudent,
1618 1374 1907 1440 tanquam
1961 1365 2098 1421 ferae
2139 1363 2187 1417 in

2308 1351 2562 1424 λοχωρείν
2612 1350 2774 1423 αὐτῇ,
2825 1351 3058 1423 καθάπερ
3110 1352 3174 1402 τὰ
3235 1351 3393 1423 θηρία
3441 1356 3549 1411 τοῖς
3613 1353 3776 1424 ὄρεσι,
3834 1352 3928 1401 καὶ

536 1438 849 1523 montibus
877 1480 895 1529 ;
928 1466 985 1518 et
1013 1461 1156 1534 quia
1208 1438 1459 1516 fructum
1487 1473 1611 1515 non
1650 1438 1835 1513 defert
1890 1456 2087 1511 lenem
2145 1461 2186 1507 el

2313 1438 2408 1494 διὰ
2462 1443 2521 1493 16
2580 1444 2651 1512 μη
2710 1444 2875 1512 φέρειν
2931 1444 3131 1513 καρπόν
3189 1442 3398 1512 ἥμερον,
3459 1438 3794 1511 εὐφραίνοντα
3837 1442 3928 1491 161:

542 1569 807 1618 suavem,
862 1552 967 1626 qui
994 1566 1242 1606 suavem
1273 1549 1592 1605 Dominum
1624 1551 1889 1603 nostrum
1929 1544 2192 1608 delectet,

2313 1530 2501 1603 ἣμερον
2549 1533 2813 1587 Δεσπότην
2866 1531 3032 1600 ἡμῶν,
3092 1527 3200 1580 ἀλλ’
3248 1530 3448 1601 ἄγριον,
3508 1524 3769 1585 ἠδύνοντα
3837 1532 3928 1580 τὸν

545 1644 651 1699 sed
663 1616 960 1711 agrestem
979 1643 1037 1695 et
1051 1637 1471 1709 acerbum,qui
1491 1635 1707 1691 acerbo
1736 1637 1973 1690 Satanas
1994 1630 2195 1687 suavis

2313 1621 2491 1692 ἄγριον
2552 1625 2800 1671 Σατανᾶν·
2882 1619 2959 1690 ἐφ’
3019 1618 3053 1669 α’
3111 1618 3362 1693 ἐπορεύθη
3425 1618 3594 1678 ζητῶν
3667 1622 3724 1670 16
3800 1616 3930 1670 πλα-

545 1732 644 1788 sit.
671 1704 758 1785 Avd
782 1730 889 1785 hos
918 1727 1217 1801 profectus
1231 1729 1337 1792 est,
1370 1704 1432 1781 ut
1452 1730 1679 1798 quaerat
1695 1740 1863 1780 ovem
1883 1727 2195 1778 errantem.

2316 1715 2561 1782 νώμενον.
2620 1708 2679 1761 Εἰ
2738 1704 2797 1760 δὲ
2848 1709 3117 1780 ἄνθρωπος
3163 1708 3223 1759 οὐ
3267 1713 3485 1780 περιορᾲ
3513 1707 3837 1780 πλανώμενον
3866 1712 3930 1760 τό

546 1820 719 1888 Quod
748 1820 794 1875 si
820 1819 1002 1874 homo
1018 1814 1730 1873 errantemirrationalem
1759 1830 1930 1869 ovem
1960 1828 2080 1868 non
2105 1813 2196 1866 de-

2282 1798 2499 1869 ,60.0701:
2549 1796 2829 1873 πρόϐατον,
2881 1802 3055 1850 καίτοι
3102 1796 3266 1849 πολλά
3315 1800 3451 1869 ἔχων
3508 1795 3704 1856 ἀπλανῆ
3756 1797 3932 1869 πολλῷ

547 1886 739 1984 spicit,
755 1912 1110 1966 cumtamen
1125 1906 1346 1963 multas
1361 1905 1584 1962 habeat
1597 1920 1719 1960 non
1735 1908 2021 1965 errantes,
2056 1902 2197 1957 mul-

2315 1888 2504 1961 μᾶλλον
2555 1889 2580 1938 6
2627 1891 2757 1949 Θεὸς
2787 1890 2846 1939 τὸ
2885 1886 3115 1959 λογικὸν,
3149 1887 3353 1948 οὗτινος
3402 1887 3426 1937 6
3477 1886 3606 1948 ὓεος
3656 1890 3784 1961 πρὸς
3841 1907 3935 1940 τον

546 1976 606 2057 t6
632 1999 822 2069 magis
845 2000 998 2054 Deus
1026 1995 1373 2052 rationalem
1390 2010 1513 2051 non
1534 1994 1811 2066 despicit,
1832 1992 2006 2063 cujus
2036 1991 2196 2046 mise-

2318 1977 2635 2052 ἀνθρώπινον
2689 1976 2821 2030 ἔλεον
2870 1980 2939 2039 ὡς
2982 1977 3072 2035 ὅλη
3122 1977 3364 2031 θάλασσα
3386 1978 3516 2049 πρὸς
3545 1980 3668 2050 μίαν
3701 1980 3939 2049 σταγόνα

546 2065 805 2147 ricordia
834 2088 911 2143 ad
945 2087 1272 2143 humanam
1306 2089 1410 2155 est,
1465 2084 1616 2141 sicut
1651 2065 1825 2139 mare
1889 2087 2081 2138 totum
2134 2080 2205 2135 ad
2318 2065 2537 2127 ὕδατος.

547 2194 730 2234 unam
755 2192 927 2250 aqual
961 2179 1215 2245 guttam.

618 2269 779 2323 Vers.
814 2268 900 2321 t3.
918 2267 985 2320 Et
1012 2294 1084 2307 --
1108 2265 1549 2320 aberraverunt.
1574 2265 1775 2335 Neque
1802 2262 2209 2318 enimtantum

2394 2262 2499 2316 Καὶ
2551 2292 2621 2304 -
2678 2261 3108 2335 πεπλανημένοις.
3162 2262 3237 2315 Οὐ
3282 2265 3530 2315 τοσούτον
3576 2265 3677 2337 γὰρ
3736 2268 3942 2337 χαὶρο-

550 2356 885 2429 gaudemus
910 2354 1089 2410 dehis
1104 2370 1237 2427 qum
1270 2369 1469 2409 secure
1483 2353 1880 2425 possidemus,
1911 2356 2200 2424 quantum

2323 2370 2412 2424 μεν
2466 2350 2539 2423 ἐφ’
2572 2348 2645 2413 οἷς
2696 2350 2940 2425 ἀσφαλῶς
2988 2354 3197 2425 ἔχομεν,
3250 2354 3370 2404 ὅσον
3412 2350 3496 2404 ἐπι
3541 2360 3614 2423 τῷ
3662 2356 3793 2425 μετά
3836 2358 3939 2412 τὴν

549 2447 625 2504 de
655 2461 727 2502 eo
747 2445 913 2515 quod
944 2448 1263 2517 postquam
1297 2443 1590 2515 perditum
1622 2447 1743 2498 erat
1762 2442 2069 2497 inventum
2102 2446 2199 2496 est.

2325 2440 2578 2493 ἀπώλειαν
2624 2443 2898 2517 εὑρεθέντι.
2960 2444 3065 2497 Καὶ
3112 2445 3214 2514 γὰρ
3272 2440 3440 2494 ἐκεῖνα
3496 2444 3586 2515 μὲν
3639 2440 3719 2495 ἀεὶ
3784 2446 3942 2515 ἔχον-

552 2534 782 2592 Etenim
809 2549 947 2589 cum
976 2532 1071 2587 illa
1085 2548 1320 2603 semper
1338 2530 1683 2593 habeamus,
1718 2546 1840 2587 non
1864 2530 2016 2585 adeo
2040 2529 2202 2585 senti-

2322 2550 2427 2594 τες,
2460 2530 2518 2583 οὐ
2562 2539 2811 2584 τοσοῦτον
2862 2532 3219 2603 αἰσθανόμεθα
3271 2540 3362 2591 τῆς
3418 2538 3610 2604 χαρᾶς·
3664 2539 3817 2585 τοῦτο
3873 2530 3942 2586 δὲ

552 2640 691 2681 mus
717 2623 993 2693 gaudium
1012 2623 1177 2694 quod
1201 2621 1277 2677 de
1308 2622 1451 2693 ipsis
1468 2621 1766 2677 habemus
1801 2638 1814 2676 :
1848 2637 1981 2676 cum
2012 2624 2202 2675 autem

2325 2619 2684 2687 ἀπολέσαντες,
2744 2626 2834 2673 καὶ
2894 2618 3102 2694 σφόδρα
3147 2620 3475 2683 λῦπηθέντες,
3528 2625 3593 2682 ὡς
3641 2620 3944 2694 ζημιωθέν-

552 2712 702 2770 illud
731 2711 1187 2784 perdiderimus,
1217 2727 1287 2767 ac
1327 2711 1703 2767 vehementer
1754 2710 2086 2767 contristati
2142 2708 2202 2765 si-

2324 2729 2422 2775 τες,
2483 2707 2594 2763 εἶτα
2644 2712 2893 2786 εὑρόντες,
2950 2706 3161 2785 σφόδρα
3205 2714 3293 2764 καὶ
3352 2715 3630 2784 χαίρομεν,
3688 2713 3755 2773 ὡς
3822 2732 3944 2788 κερ-

554 2818 714 2867 mus,
751 2808 1037 2873 tanquam
1084 2801 1312 2857 damno
1360 2800 1606 2857 affecti:
1655 2800 1756 2855 ubi
1782 2800 2210 2863 invenerimus,
2327 2797 2607 2861 δήσαντες.

557 2890 939 2947 vehementer
963 2889 1318 2960 gaudemus,
1352 2893 1644 2962 tanquam
1671 2888 1817 2945 illud
1837 2888 2077 2945 lucrati.

628 2981 791 3037 Vers.
833 2981 919 3037 14.
957 2982 1051 3036 Ita
1078 3010 1147 3023 —
1169 2980 1443 3037 istorum.
1476 2980 1582 3044 Ita,
1616 2979 1766 3035 sicut
1795 2979 2001 3035 docuit
2044 2994 2215 3051 para-

2401 3001 2582 3061 Οὔτως
2625 3029 2692 3039 -
2745 3000 2963 3055 τούτων.
3018 2997 3213 3063 Οὒτώς,
3270 3001 3341 3061 ὡς
3396 2994 3637 3062 ἐδίδαξεν
3684 3001 3715 3058 ἡ
3771 3018 3948 3076 παρα-

556 3070 718 3129 bola.
745 3074 973 3127 Patrem
1004 3086 1145 3126 vero
1160 3069 1589 3142 discipulorum
1617 3069 1883 3142 seipsum
1901 3070 2173 3125 nominat
2201 3085 2206 3124 :

2328 3087 2475 3147 ϐολή.
2551 3091 2758 3163 Πατέρα
2826 3085 2887 3141 δε
2938 3096 3039 3141 τῶν
3113 3060 3356 3161 μαθητῶν
3434 3060 3616 3141 ἑαυτόν
3696 3060 3948 3163 ὀνομάζει

557 3175 683 3218 non
733 3159 927 3217 solum
968 3164 1257 3233 tanquam
1296 3158 1566 3233 ipsorum
1608 3162 2058 3232 praeceptorem,
2113 3159 2207 3215 sed

2296 3173 2416 3231 ἔννῦν
2460 3177 2519 3230 οὐ
2559 3158 2714 3251 μόνον
2762 3178 2832 3240 ὡς
2882 3158 3230 3243 διδάσκαλον,
3283 3176 3412 3230 ἀλλὰ
3440 3182 3531 3231 καὶ
3561 3181 3629 3242 ὡς
3673 3158 3946 3253 δημιουρ-

559 3250 741 3306 etiam
768 3252 1054 3323 tanquam
1069 3252 1420 3306 creatorem.
1440 3249 1597 3306 Scire
1614 3248 1773 3304 enim
1799 3253 2032 3321 oportet
2051 3248 2209 3321 quod

2328 3272 2440 3341 γόν.
2497 3272 2613 3341 Χρὴ
2669 3270 2771 3343 γὰρ
2832 3271 3127 3339 γὶνώσκειν,
3181 3269 3261 3320 ὅτι
3311 3272 3437 3321 ποτέ
3485 3271 3575 3341 μὲν
3621 3272 3707 3322 τὸν
3753 3270 3944 3323 ἑαυτοῦ

556 3339 860 3397 interdum
885 3322 1114 3396 Patrem
1144 3354 1323 3394 suum
1341 3338 1483 3394 dicit
1507 3338 1741 3394 Patrem
1757 3337 2206 3411 discipulorum,

2332 3322 2981 3433 {Iuripu‘liylu‘ﬂuﬂ'pu
3036 3322 3136 3411 τῶν
3190 3322 3637 3431 μαθητῶν,.ποτὶ
3696 3355 3756 3413 δὲ
3813 3359 3942 3412 ἐαυ-

560 3428 862 3485 interdum
901 3444 1038 3484 vero
1068 3427 1353 3500 seipsum.
2329 3452 2435 3502 τόν.

635 3519 848 3575 Coram
909 3518 1081 3574 Patre
1134 3521 1327 3574 vestro
1384 3520 1603 3584 autem,
1644 3516 1761 3573 hoc
1799 3521 1907 3583 est,
1938 3517 2001 3573 in
2049 3518 2221 3575 Patre

2400 3536 2730 3612 Ἐμπροσθεν
2789 3533 2849 3589 δε
2909 3543 3004 3589 τοῦ
3057 3538 3263 3611 Πατρός
3330 3538 3492 3609 ὑμῶν,
3550 3535 3662 3590 ἀντὶ
3718 3545 3831 3608 τοῦ,
3894 3540 3943 3593 έν

562 3612 777 3665 vestro.
804 3610 949 3663 Nam
970 3610 1027 3663 et
1054 3606 1150 3662 hic
1179 3622 1375 3663 sermo
1394 3606 1613 3678 linguas
1634 3607 1966 3679 proprietas
1992 3612 2101 3663 est.
2126 3610 2212 3663 Ve-

2332 3636 2404 3698 τῷ
2459 3606 2626 3701 Πατρὶ
2679 3626 2841 3700 ὐμῶν.
2896 3622 3122 3700 ’Ῑδίωμα
3170 3606 3272 3699 γὰρ
3336 3606 3423 3679 καὶ
3483 3626 3633 3688 οὗτος
3687 3629 3713 3679 6
3763 3606 3938 3700 λόγος.

563 3713 702 3755 rum
734 3696 1043 3768 quomodo
1078 3696 1315 3766 signum
1357 3712 1480 3753 non
1511 3697 1668 3752 dedit
1699 3713 1824 3770 quo
1854 3697 2101 3769 pusillos
2130 3713 2213 3754 co-

2334 3696 2491 3771 ’Ᾰλλὰ
2536 3696 2643 3779 πῶς
2692 3696 2751 3768 οὐ
2803 3696 3078 3789 παρέδωκε
3124 3696 3417 3789 γνώρισμα,
3480 3711 3553 3767 δι’
3582 3715 3643 3767 οὗ
3685 3696 3942 3779 1013;10:-

565 3786 786 3857 gnituri
825 3787 1012 3841 simus
1039 3787 1067 3842 ?
1099 3787 1168 3841 Ut
1197 3801 1334 3842 eum
1363 3786 1467 3859 qui
1494 3785 1716 3859 dignus
1749 3792 1838 3843 est
1859 3786 2215 3859 ignorantes,

2334 3810 2519 3868 ούτους
2570 3809 2792 3881 μικροὺς
2842 3785 3556 3879 ἕμέλλομεννὲπιγινώσκειν;
3601 3804 3731 3873 Ἵνα,
3787 3805 3942 3879 ἁγνο-

565 3875 798 3932 nullum
817 3872 1244 3948 despiciamus,
1265 3875 1369 3932 sed
1384 3876 1658 3932 omnium
1671 3892 1878 3933 curam
1892 3876 2215 3932 habeamus

2333 3904 2506 3959 οῦντες
2534 3899 2621 3948 τὸν
2651 3895 2816 3961 ἄξιον,
2849 3890 3074 3967 μηδενὸς
3117 3903 3515 3968 καταφρονῶμεν
3562 3894 3693 3949 ἀλλὰ
3735 3899 3940 3950 πάντων

2335 3984 2712 4058 ἐπιμελώμεθα.

638 4072 807 4131 Vers.
852 4074 935 4129 15.
969 4073 1037 4129 Si
1071 4104 1140 4115 —-
1169 4073 1371 4131 solum.
1423 4073 1575 4141 Quia
1606 4074 1946 4131 vehementi
2002 4090 2221 4132 sermo-

2404 4074 2519 4129 Ἐάν
2571 4105 2639 4116 -—
2692 4078 2871 4148 μόνον.
2934 4070 3146 4133 Ἐπειδὴ
3206 4070 3437 4148 σφοδρὸν
3490 4078 3745 4131 κατέτεινε
3790 4076 3939 4148 λόγον

566 4176 641 4219 ne
666 4161 945 4218 disseruit
975 4163 1261 4220 adversus
1291 4178 1394 4219 eos
1419 4164 1524 4236 qui
1555 4166 1693 4220 sunt
1742 4162 2106 4220 offendicula
2132 4164 2216 4220 vel

2333 4166 2468 4219 κατὰ
2512 4172 2612 4217 τῶν
2663 4160 3136 4228 σκανδαλιξόντων,
3192 4168 3283 4216 καὶ
3352 4166 3683 4235 πανταχόθεν
3753 4166 3942 4227 αὐτοὺς

564 4253 899 4319 obstaculo,
930 4258 987 4309 et
1016 4252 1281 4325 undique
1312 4267 1415 4308 eos
1445 4252 1650 4309 terruit
1681 4269 1698 4307 :
1728 4252 1973 4309 tandem
2017 4253 2097 4309 ad
2122 4269 2214 4310 eos

2336 4254 2576 4328 ἐφόϐησε,
2627 4254 2806 4307 λοιπὸν
2852 4252 3153 4327 μεταϐαίνει
3198 4257 3287 4305 καὶ
3353 4252 3437 4305 έπὶ
3483 4258 3604 4317 τοὺς
3664 4252 3941 4307 σκανδαλι-

562 4358 808 4415 quoque
836 4342 1058 4408 transit,
1087 4342 1193 4415 qui
1220 4342 1528 4415 patiuntur
1552 4341 2007 4414 offendiculum,
2038 4348 2094 4399 et
2125 4343 2212 4416 ju-

2338 4347 2602 4417 ζομένους,
2662 4348 2750 4396 καὶ
2816 4342 3007 4396 κελεύει
3080 4346 3151 4415 μὴ
3229 4341 3431 4413 ἀμελεῖν
3506 4352 3606 4397 τῶν
3664 4338 3940 4396 σκανδαλι-

562 4431 800 4488 betnon
821 4432 1123 4503 aspernari
1145 4447 1248 4488 eos
1265 4432 1369 4505 qui
1392 4435 1531 4489 sunt
1555 4431 1918 4489 oﬂendiculo
1940 4435 2212 4489 .Fratrem

2336 4436 2555 4488 σάντων.
2609 4429 2856 4505 Ἀδελφόν
2916 4428 2973 4485 δὲ
3015 4431 3148 4503 λέγει
3191 4434 3277 4484 τὸν
3326 4432 3583 4505 ὁμόφυλον
3625 4437 3713 4485 καὶ
3761 4433 3941 4505 όμόπι-

563 4524 763 4577 autem
794 4520 954 4585 dicit,
984 4520 1256 4591 ejusdem
1282 4521 1475 4591 gentis
1502 4537 1573 4577 ac
1601 4521 1740 4578 ﬁdei
1790 4522 2122 4579 hominem.
2158 4523 2213 4577 El

2294 4543 2475 4577 μστον.
2538 4527 2639 4576 Καὶ
2669 4519 2846 4579 ἐπειδὴ
2876 4523 2902 4574 ὁ
2937 4517 3297 4584 σκανδαλίσας
3344 4521 3437 4574 οὐκ
3482 4521 3542 4574 ἂν
3592 4522 3822 4595 εὐχερῶς
3863 4520 3944 4575 ἵλ-

563 4609 707 4682 quia
752 4609 803 4663 is
833 4609 935 4681 qui
965 4609 1071 4665 fuit
1103 4609 1463 4666 offendicula
1496 4626 1620 4667 non
1647 4610 1819 4669 facile
1860 4612 2081 4668 veniret
2144 4612 2213 4669 ad

2335 4616 2416 4666 θοι
2485 4616 2610 4689 πρὸς
2667 4610 2970 4683 ἀπολογίαν,
3031 4612 3279 4685 ἔρυθριῶν
3338 4631 3393 4665 τε
3464 4617 3554 4665 καὶ
3621 4613 3946 4685 αἰσχυνόμε-

559 4697 997 4755 confessionem
1019 4702 1122 4755 aut
1138 4700 1559 4771 purgationem,
1593 4700 1805 4757 rubore
1834 4717 1899 4757 ac
1927 4701 2198 4757 confusio

2331 4722 2416 4763 1:0;
2463 4706 2549 4754 τὸν
2603 4698 3073 4767 σκανδαλισθέντα,
3128 4704 3266 4773 φέρει
3338 4701 3453 4773 (7'2)
3529 4704 3658 4773 πρὸς
3734 4701 3941 4757 ἐκεῖνον.

562 4803 637 4841 ne
664 4788 955 4853 detentus,
996 4788 1157 4845 ducit
1198 4790 1365 4845 illum
1399 4791 1503 4862 qui
1529 4789 1952 4846 offendiculum
2006 4808 2212 4862 passus

2330 4797 2523 4862 Ὕπαγε
2591 4794 2715 4865 γὰρ,
2776 4796 2926 4863 φησὶ,
3001 4796 3091 4843 καὶ
3162 4790 3362 4862 ἔλεγξον
3424 4789 3598 4859 αὐτὸν,
3656 4793 3944 4859 τουτέοτιν,

562 4882 653 4931 est
674 4875 923 4933 adeum.
946 4878 1077 4943 Abi,
1102 4877 1313 4950 inquit,
1342 4883 1397 4934 et
1418 4894 1601 4950 argue
1627 4895 1788 4943 eum,
1815 4879 1930 4935 hoc
1952 4886 2058 4947 est,
2088 4896 2212 4951 sug-

2332 4882 2635 4952 ὑπόμνησον
2689 4882 2767 4933 ὅτι
2825 4876 3191 4946 ἐσκανδάλισε,
3250 4876 3469 4941 δίδαξον
3533 4880 3613 4932 ὅτι
3687 4875 3940 4938 ἠδίκησε·

561 4980 699 5035 gere
726 4966 889 5038 quod
922 4966 1093 5022 fuerit
1142 4967 1500 5024 offendiculo
1532 4989 1545 5024 :
1576 4968 1726 5025 doce
1778 4968 1945 5040 quod
1999 4969 2211 5040 injuste

2331 4969 2464 5028 ⁴ελην
2503 4967 2791 5042 ἀδελφικῶς
2837 4989 2890 5022 τε
2929 4974 3019 5022 καὶ
3064 4966 3437 5042 διορθωτικῶς,
3473 4972 3562 5021 καὶ
3610 4973 3681 5042 μὴ
3730 4967 3943 5042 ἐχθρω-

559 5055 765 5125 egerit,
807 5053 1063 5112 fraterne
1095 5066 1297 5113 tamen
1354 5062 1412 5113 et
1438 5057 1501 5114 in
1552 5058 1804 5113 modum
1849 5058 2209 5128 corrigentis,

2334 5055 2440 5121 δῶς
2486 5079 2541 5113 τε
2596 5065 2687 5113 καὶ
2734 5058 3141 5121 ἐπιπληκτικῶς.
3205 5062 3304 5113 Καὶ
3351 5060 3433 5111 ἵνα
3484 5056 3870 5134 εὐπαράδεκτος
3916 5062 3943 5112 6

559 5159 677 5201 non
708 5145 883 5219 quasi
920 5144 1194 5202 inimicus
1238 5150 1342 5203 aut
1370 5145 1731 5219 increpans;
1784 5152 1841 5204 et
1874 5151 1937 5203 ut
1990 5147 2209 5205 facilius

2331 5148 2550 5222 ἔλεγχος
2598 5154 2819 5223 γένοιτο,
2878 5153 3157 5226 προτρέπει
3213 5148 3407 5222 μεταξὺ
3473 5157 3573 5202 τῶν
3625 5146 3723 5203 δύο
3775 5155 3941 5224 μόνων

1797 5387 2015 5458 Varia;
2053 5389 2386 5460 lectiones
2413 5399 2480 5459 et
2501 5397 2708 5459 notae.

651 5610 742 5690 :19)
766 5613 1125 5690 ‘Constanter
1153 5627 1295 5690 ergo
1325 5613 1537 5690 probat
1578 5611 1650 5684 ἓν,
1679 5628 1791 5687 pro
1843 5614 2071 5687 vulgari
2134 5616 2210 5673 ὄν.

2324 5614 2797 5675 σκανδαλισθέντα.
2828 5616 3172 5690 Hentenius,
3191 5620 3285 5690 ut
3312 5616 3569 5690 videtur,
3596 5616 3942 5690 paraphra-

649 5680 741 5760 Zl)
766 5680 825 5760 ’ρ
856 5683 1091 5757 οὐρανός,
1119 5680 1424 5760 abshan.
1633 5680 1642 5684 ⁷
1680 5680 1701 5687 “
1924 5680 1978 5760 ξ’
2323 5696 2478 5746 stam
2508 5690 2654 5760 egit.
2702 5690 2808 5745 Vix
2850 5689 3009 5760 enim
3040 5680 3326 5746 credibile
3364 5694 3473 5757 est,
3512 5680 3683 5745 illum
3722 5680 3941 5747 iterum

649 5755 740 5827 72)
792 5755 1251 5830 Interposuerim
1310 5757 1464 5810 αὐτόν
1518 5762 1621 5816 aut
1661 5777 1861 5830 τουτον,
1917 5758 1959 5817 i.
2016 5775 2068 5818 ο.
2123 5762 2211 5814 τὸν

1609 5762 1621 5816 t
1661 5777 1861 5830 τουτον,
1917 5758 1959 5817 i.
2016 5775 2068 5818 θ.
2123 5762 2211 5814 τὸν
2320 5755 2635 5833 reperisse,
2662 5764 2750 5815 161:
2783 5757 3259 5819 σκανδαλισθέντα.
