  <div class='ocr_page' id='page_1' title='image "/cluster/home/n/w/nwhite01/storage/ocr_20150623/129/coo.31924054870344/262.png"; bbox 0 0 4178 6390; ppageno 0'>
   <div class='ocr_carea' id='block_1_1' title="bbox 334 375 449 431">
    <p class='ocr_par' dir='ltr' id='par_1_1' title="bbox 334 375 449 431">
     <span class='ocr_line' id='line_1_1' title="bbox 334 375 449 431; baseline -0.026 0"><span class='ocrx_word' id='word_1_1' title='bbox 334 375 449 431; x_wconf 85' lang='grc'><strong>505</strong></span> 
     </span>
    </p>
   </div>
   <div class='ocr_carea' id='block_1_2' title="bbox 1299 371 2809 431">
    <p class='ocr_par' dir='ltr' id='par_1_2' title="bbox 1299 371 2809 431">
     <span class='ocr_line' id='line_1_2' title="bbox 1299 371 2809 431; baseline -0.004 0"><span class='ocrx_word' id='word_1_2' title='bbox 1299 374 1663 431; x_wconf 83' lang='lat' dir='ltr'><strong>COMMENT.</strong></span> <span class='ocrx_word' id='word_1_3' title='bbox 1704 375 1779 430; x_wconf 88' lang='lat' dir='ltr'><strong>IN</strong></span> <span class='ocrx_word' id='word_1_4' title='bbox 1822 371 2266 430; x_wconf 74' lang='lat' dir='ltr'><strong>MATTIUEUM.</strong></span> <span class='ocrx_word' id='word_1_5' title='bbox 2308 404 2374 413; x_wconf 97' lang='lat'><strong>—</strong></span> <span class='ocrx_word' id='word_1_6' title='bbox 2416 372 2575 429; x_wconf 84' lang='lat' dir='ltr'><strong>CAP.</strong></span> <span class='ocrx_word' id='word_1_7' title='bbox 2611 373 2809 428; x_wconf 87' lang='lat' dir='ltr'><strong>XVIII.</strong></span> 
     </span>
    </p>
   </div>
   <div class='ocr_carea' id='block_1_3' title="bbox 3613 374 3719 430">
    <p class='ocr_par' dir='ltr' id='par_1_3' title="bbox 3613 374 3719 430">
     <span class='ocr_line' id='line_1_3' title="bbox 3613 374 3719 430; baseline -0.009 0"><span class='ocrx_word' id='word_1_8' title='bbox 3613 374 3719 430; x_wconf 83' lang='lat'><strong>506</strong></span> 
     </span>
    </p>
   </div>
   <div class='ocr_carea' id='block_1_4' title="bbox 336 498 1947 575">
    <p class='ocr_par' dir='ltr' id='par_1_4' title="bbox 336 499 1947 575">
     <span class='ocr_line' id='line_1_4' title="bbox 336 499 1947 575; baseline 0.001 -24"><span class='ocrx_word' id='word_1_9' title='bbox 336 501 579 573; x_wconf 76' lang='grc' dir='ltr'>γίνεσθαι</span> <span class='ocrx_word' id='word_1_10' title='bbox 638 506 842 565; x_wconf 77' lang='grc' dir='ltr'>τοῦτον,</span> <span class='ocrx_word' id='word_1_11' title='bbox 906 503 1108 572; x_wconf 82' lang='grc' dir='ltr'>μήποτε</span> <span class='ocrx_word' id='word_1_12' title='bbox 1190 499 1564 575; x_wconf 80' lang='grc' dir='ltr'>δημοσιευθεὶς</span> <span class='ocrx_word' id='word_1_13' title='bbox 1632 502 1947 575; x_wconf 78' lang='grc' dir='ltr'>ἰταμώτερος</span> 
     </span>
    </p>
   </div>
   <div class='ocr_carea' id='block_1_5' title="bbox 2066 498 3721 575">
    <p class='ocr_par' dir='ltr' id='par_1_5' title="bbox 2066 498 3721 570">
     <span class='ocr_line' id='line_1_5' title="bbox 2066 498 3721 570; baseline -0.001 -16"><span class='ocrx_word' id='word_1_14' title='bbox 2066 499 2244 570; x_wconf 84' lang='lat' dir='ltr'><strong>recipi</strong></span> <span class='ocrx_word' id='word_1_15' title='bbox 2275 498 2797 570; x_wconf 87' lang='lat' dir='ltr'><strong>possitcorreptio,</strong></span> <span class='ocrx_word' id='word_1_16' title='bbox 2823 498 3172 553; x_wconf 76' lang='lat' dir='ltr'><strong>exhortatur</strong></span> <span class='ocrx_word' id='word_1_17' title='bbox 3210 502 3272 553; x_wconf 88' lang='lat' dir='ltr'><strong>ut</strong></span> <span class='ocrx_word' id='word_1_18' title='bbox 3294 498 3402 553; x_wconf 86' lang='lat' dir='ltr'><strong>ﬁat</strong></span> <span class='ocrx_word' id='word_1_19' title='bbox 3425 498 3573 552; x_wconf 89' lang='lat' dir='ltr'><strong>inter</strong></span> <span class='ocrx_word' id='word_1_20' title='bbox 3598 498 3721 553; x_wconf 92' lang='lat' dir='ltr'><strong>duo</strong></span> 
     </span>
    </p>
   </div>
   <div class='ocr_carea' id='block_1_6' title="bbox 337 585 1111 663">
    <p class='ocr_par' dir='ltr' id='par_1_6' title="bbox 337 585 1111 663">
     <span class='ocr_line' id='line_1_6' title="bbox 337 585 1111 663; baseline 0 -21"><span class='ocrx_word' id='word_1_21' title='bbox 337 594 552 663; x_wconf 71' lang='grc' dir='ltr'>γένηται</span> <span class='ocrx_word' id='word_1_22' title='bbox 579 594 669 641; x_wconf 85' lang='grc' dir='ltr'>καὶ</span> <span class='ocrx_word' id='word_1_23' title='bbox 697 585 1111 662; x_wconf 83' lang='grc' dir='ltr'>δυσδιόρθωτος.</span> 
     </span>
    </p>
   </div>
   <div class='ocr_carea' id='block_1_7' title="bbox 414 849 1949 924">
    <p class='ocr_par' dir='ltr' id='par_1_7' title="bbox 414 849 1949 924">
     <span class='ocr_line' id='line_1_7' title="bbox 414 849 1949 924; baseline 0 -23"><span class='ocrx_word' id='word_1_24' title='bbox 414 849 532 901; x_wconf 77' lang='grc' dir='ltr'>Ἐὰν</span> <span class='ocrx_word' id='word_1_25' title='bbox 570 879 636 889; x_wconf 91' lang='lat'><strong>—</strong></span> <span class='ocrx_word' id='word_1_26' title='bbox 693 868 808 903; x_wconf 93' lang='grc' dir='ltr'>σου.</span> <span class='ocrx_word' id='word_1_27' title='bbox 864 849 981 902; x_wconf 79' lang='grc' dir='ltr'>Ἐάν</span> <span class='ocrx_word' id='word_1_28' title='bbox 1044 869 1128 903; x_wconf 94' lang='grc' dir='ltr'>σοι</span> <span class='ocrx_word' id='word_1_29' title='bbox 1180 851 1369 924; x_wconf 71' lang='grc' dir='ltr'>πεισθῇ</span> <span class='ocrx_word' id='word_1_30' title='bbox 1430 849 1803 924; x_wconf 84' lang='grc' dir='ltr'>διορθουμένῳ,</span> <span class='ocrx_word' id='word_1_31' title='bbox 1858 853 1949 902; x_wconf 84' lang='grc' dir='ltr'><strong>καὶ</strong></span> 
     </span>
    </p>
   </div>
   <div class='ocr_carea' id='block_1_8' title="bbox 341 937 1949 1016">
    <p class='ocr_par' dir='ltr' id='par_1_8' title="bbox 341 937 1949 1016">
     <span class='ocr_line' id='line_1_8' title="bbox 341 937 1949 1016; baseline 0.001 -25"><span class='ocrx_word' id='word_1_32' title='bbox 341 943 659 1011; x_wconf 77' lang='grc' dir='ltr'>μετανοήση,</span> <span class='ocrx_word' id='word_1_33' title='bbox 715 944 805 991; x_wconf 85' lang='grc' dir='ltr'>καὶ</span> <span class='ocrx_word' id='word_1_34' title='bbox 873 948 1115 1012; x_wconf 75' lang='grc' dir='ltr'><strong>καταγνῷ</strong></span> <span class='ocrx_word' id='word_1_35' title='bbox 1174 940 1380 1007; x_wconf 74' lang='grc' dir='ltr'>ἑαυτοῦ,</span> <span class='ocrx_word' id='word_1_36' title='bbox 1466 937 1759 1016; x_wconf 75' lang='grc' dir='ltr'><strong>ἐκέρδησας</strong></span> <span class='ocrx_word' id='word_1_37' title='bbox 1814 944 1949 1013; x_wconf 75' lang='grc' dir='ltr'>μέγα</span> 
     </span>
    </p>
   </div>
   <div class='ocr_carea' id='block_1_9' title="bbox 340 1024 1946 1103">
    <p class='ocr_par' dir='ltr' id='par_1_9' title="bbox 340 1024 1946 1103">
     <span class='ocr_line' id='line_1_9' title="bbox 340 1024 1946 1103; baseline 0.002 -22"><span class='ocrx_word' id='word_1_38' title='bbox 340 1024 544 1103; x_wconf 75' lang='grc' dir='ltr'>κέρδος,</span> <span class='ocrx_word' id='word_1_39' title='bbox 599 1028 752 1081; x_wconf 76' lang='grc' dir='ltr'>αὐτόν</span> <span class='ocrx_word' id='word_1_40' title='bbox 801 1032 888 1081; x_wconf 87' lang='grc' dir='ltr'><strong>τόν</strong></span> <span class='ocrx_word' id='word_1_41' title='bbox 950 1026 1169 1103; x_wconf 81' lang='grc' dir='ltr'>ἀδελφόν</span> <span class='ocrx_word' id='word_1_42' title='bbox 1228 1050 1345 1098; x_wconf 91' lang='grc' dir='ltr'>σου,</span> <span class='ocrx_word' id='word_1_43' title='bbox 1406 1033 1465 1083; x_wconf 91' lang='lat'><strong>1&#39;6</strong></span> <span class='ocrx_word' id='word_1_44' title='bbox 1513 1029 1661 1103; x_wconf 69' lang='grc' dir='ltr'>μελος</span> <span class='ocrx_word' id='word_1_45' title='bbox 1715 1033 1774 1082; x_wconf 98' lang='lat'><strong>1&#39;6</strong></span> <span class='ocrx_word' id='word_1_46' title='bbox 1835 1032 1946 1085; x_wconf 87' lang='grc' dir='ltr'>σόν.</span> 
     </span>
    </p>
   </div>
   <div class='ocr_carea' id='block_1_10' title="bbox 341 1116 1946 1194">
    <p class='ocr_par' dir='ltr' id='par_1_10' title="bbox 341 1116 1946 1194">
     <span class='ocr_line' id='line_1_10' title="bbox 341 1116 1946 1194; baseline 0.004 -23"><span class='ocrx_word' id='word_1_47' title='bbox 341 1124 554 1193; x_wconf 85' lang='grc' dir='ltr'>Πρῶτον</span> <span class='ocrx_word' id='word_1_48' title='bbox 582 1120 685 1192; x_wconf 78' lang='grc' dir='ltr'><strong>γὰρ</strong></span> <span class='ocrx_word' id='word_1_49' title='bbox 717 1116 931 1192; x_wconf 75' lang='grc' dir='ltr'>ἐξημιοῦ</span> <span class='ocrx_word' id='word_1_50' title='bbox 976 1127 1175 1187; x_wconf 85' lang='grc' dir='ltr'>τοῦτον,</span> <span class='ocrx_word' id='word_1_51' title='bbox 1233 1116 1327 1173; x_wconf 81' lang='grc' dir='ltr'><strong>διὰ</strong></span> <span class='ocrx_word' id='word_1_52' title='bbox 1366 1126 1459 1173; x_wconf 85' lang='grc' dir='ltr'>τοῦ</span> <span class='ocrx_word' id='word_1_53' title='bbox 1501 1116 1797 1172; x_wconf 79' lang='grc' dir='ltr'>σκανδαλόυ</span> <span class='ocrx_word' id='word_1_54' title='bbox 1843 1120 1946 1194; x_wconf 82' lang='grc' dir='ltr'><strong>ῥη-</strong></span> 
     </span>
    </p>
   </div>
   <div class='ocr_carea' id='block_1_11' title="bbox 337 1205 1943 1283">
    <p class='ocr_par' dir='ltr' id='par_1_11' title="bbox 337 1205 1943 1283">
     <span class='ocr_line' id='line_1_11' title="bbox 337 1205 1943 1283; baseline 0.002 -26"><span class='ocrx_word' id='word_1_55' title='bbox 337 1208 588 1279; x_wconf 74' lang='grc' dir='ltr'>γνύμενον</span> <span class='ocrx_word' id='word_1_56' title='bbox 642 1205 743 1261; x_wconf 84' lang='grc' dir='ltr'>ἀπὸ</span> <span class='ocrx_word' id='word_1_57' title='bbox 801 1216 895 1271; x_wconf 85' lang='grc' dir='ltr'>τῆς</span> <span class='ocrx_word' id='word_1_58' title='bbox 951 1205 1232 1283; x_wconf 83' lang='grc' dir='ltr'>ἀδελφικῆς</span> <span class='ocrx_word' id='word_1_59' title='bbox 1301 1229 1395 1263; x_wconf 90' lang='grc' dir='ltr'><strong>σου</strong></span> <span class='ocrx_word' id='word_1_60' title='bbox 1472 1213 1766 1283; x_wconf 75' lang='grc' dir='ltr'><strong>συναφείας,</strong></span> <span class='ocrx_word' id='word_1_61' title='bbox 1820 1210 1943 1282; x_wconf 85' lang='grc' dir='ltr'>ὅπερ</span> 
     </span>
    </p>
   </div>
   <div class='ocr_carea' id='block_1_12' title="bbox 337 1295 1394 1369">
    <p class='ocr_par' dir='ltr' id='par_1_12' title="bbox 337 1295 1394 1369">
     <span class='ocr_line' id='line_1_12' title="bbox 337 1295 1394 1369; baseline 0.007 -23"><span class='ocrx_word' id='word_1_62' title='bbox 337 1295 539 1367; x_wconf 73' lang='grc' dir='ltr'>μεγάλη</span> <span class='ocrx_word' id='word_1_63' title='bbox 573 1296 742 1369; x_wconf 77' lang='grc' dir='ltr'>ζημία</span> <span class='ocrx_word' id='word_1_64' title='bbox 770 1305 876 1359; x_wconf 87' lang='grc' dir='ltr'>τοῖς</span> <span class='ocrx_word' id='word_1_65' title='bbox 904 1297 1108 1360; x_wconf 87' lang='grc' dir='ltr'>ἀληθῶς</span> <span class='ocrx_word' id='word_1_66' title='bbox 1133 1296 1394 1366; x_wconf 81' lang='grc' dir='ltr'>ἀδελφοῖς.</span> 
     </span>
    </p>
   </div>
   <div class='ocr_carea' id='block_1_13' title="bbox 409 1386 1943 1462">
    <p class='ocr_par' dir='ltr' id='par_1_13' title="bbox 409 1386 1943 1462">
     <span class='ocr_line' id='line_1_13' title="bbox 409 1386 1943 1462; baseline 0.002 -25"><span class='ocrx_word' id='word_1_67' title='bbox 409 1386 529 1438; x_wconf 77' lang='grc' dir='ltr'><strong>Ἐἀν</strong></span> <span class='ocrx_word' id='word_1_68' title='bbox 558 1417 629 1427; x_wconf 92' lang='grc'><strong>-</strong></span> <span class='ocrx_word' id='word_1_69' title='bbox 654 1388 821 1462; x_wconf 82' lang='grc' dir='ltr'>ῥῆμα.</span> <span class='ocrx_word' id='word_1_70' title='bbox 868 1386 1083 1447; x_wconf 79' lang='grc' dir='ltr'><strong>Ἐπειδὴ</strong></span> <span class='ocrx_word' id='word_1_71' title='bbox 1137 1395 1290 1462; x_wconf 88' lang='grc' dir='ltr'>μόνος</span> <span class='ocrx_word' id='word_1_72' title='bbox 1339 1391 1605 1451; x_wconf 79' lang='grc' dir='ltr'>ἠτόνησας</span> <span class='ocrx_word' id='word_1_73' title='bbox 1650 1388 1943 1462; x_wconf 78' lang='grc' dir='ltr'><strong>ἰατρεῦσαι,</strong></span> 
     </span>
    </p>
   </div>
   <div class='ocr_carea' id='block_1_14' title="bbox 332 1474 1945 1551">
    <p class='ocr_par' dir='ltr' id='par_1_14' title="bbox 332 1474 1945 1551">
     <span class='ocr_line' id='line_1_14' title="bbox 332 1474 1945 1551; baseline 0.002 -26"><span class='ocrx_word' id='word_1_74' title='bbox 332 1474 605 1549; x_wconf 74' lang='grc' dir='ltr'>παράλαϐε</span> <span class='ocrx_word' id='word_1_75' title='bbox 664 1480 793 1548; x_wconf 86' lang='grc' dir='ltr'><strong>μετά</strong></span> <span class='ocrx_word' id='word_1_76' title='bbox 850 1485 945 1530; x_wconf 81' lang='grc' dir='ltr'><strong>σοῦ</strong></span> <span class='ocrx_word' id='word_1_77' title='bbox 998 1481 1071 1531; x_wconf 78' lang='grc' dir='ltr'>ἔτι</span> <span class='ocrx_word' id='word_1_78' title='bbox 1115 1484 1185 1551; x_wconf 84' lang='grc' dir='ltr'>μὴ</span> <span class='ocrx_word' id='word_1_79' title='bbox 1244 1478 1480 1545; x_wconf 80' lang='grc' dir='ltr'>πολλοὺς,</span> <span class='ocrx_word' id='word_1_80' title='bbox 1544 1482 1629 1531; x_wconf 78' lang='grc' dir='ltr'><strong>ἵνα</strong></span> <span class='ocrx_word' id='word_1_81' title='bbox 1672 1482 1743 1551; x_wconf 79' lang='grc' dir='ltr'>μὴ</span> <span class='ocrx_word' id='word_1_82' title='bbox 1790 1477 1945 1531; x_wconf 78' lang='grc' dir='ltr'>πάλιν</span> 
     </span>
    </p>
   </div>
   <div class='ocr_carea' id='block_1_15' title="bbox 337 1560 1942 1644">
    <p class='ocr_par' dir='ltr' id='par_1_15' title="bbox 337 1560 1942 1644">
     <span class='ocr_line' id='line_1_15' title="bbox 337 1560 1942 1644; baseline 0.004 -31"><span class='ocrx_word' id='word_1_83' title='bbox 337 1560 547 1633; x_wconf 75' lang='grc' dir='ltr'>ἐκεῖνος,</span> <span class='ocrx_word' id='word_1_84' title='bbox 622 1562 778 1629; x_wconf 83' lang='grc' dir='ltr'>δόξας</span> <span class='ocrx_word' id='word_1_85' title='bbox 856 1565 1292 1639; x_wconf 77' lang='grc' dir='ltr'>ἔκπομπεύεσθαι,</span> <span class='ocrx_word' id='word_1_86' title='bbox 1346 1568 1693 1644; x_wconf 78' lang='grc' dir='ltr'>σκληρότερος</span> <span class='ocrx_word' id='word_1_87' title='bbox 1750 1564 1942 1639; x_wconf 70' lang='grc' dir='ltr'>ἀποϐῇ,</span> 
     </span>
    </p>
   </div>
   <div class='ocr_carea' id='block_1_16' title="bbox 339 1651 1947 1731">
    <p class='ocr_par' dir='ltr' id='par_1_16' title="bbox 339 1651 1947 1731">
     <span class='ocr_line' id='line_1_16' title="bbox 339 1651 1947 1731; baseline 0.003 -28"><span class='ocrx_word' id='word_1_88' title='bbox 339 1651 445 1703; x_wconf 84' lang='grc' dir='ltr'>ἀλλ’</span> <span class='ocrx_word' id='word_1_89' title='bbox 473 1655 561 1706; x_wconf 82' lang='grc' dir='ltr'>ἕνα</span> <span class='ocrx_word' id='word_1_90' title='bbox 599 1654 629 1712; x_wconf 80' lang='grc' dir='ltr'><strong>ἣ</strong></span> <span class='ocrx_word' id='word_1_91' title='bbox 665 1651 763 1708; x_wconf 88' lang='grc' dir='ltr'><strong>δύο</strong></span> <span class='ocrx_word' id='word_1_92' title='bbox 818 1654 1067 1729; x_wconf 77' lang='grc' dir='ltr'>βοηθοὺς,</span> <span class='ocrx_word' id='word_1_93' title='bbox 1103 1660 1201 1724; x_wconf 79' lang='grc' dir='ltr'>ἵνα,</span> <span class='ocrx_word' id='word_1_94' title='bbox 1256 1658 1298 1710; x_wconf 86' lang='grc' dir='ltr'>εὶ</span> <span class='ocrx_word' id='word_1_95' title='bbox 1342 1657 1575 1731; x_wconf 81' lang='grc' dir='ltr'>ἐπιμείνη</span> <span class='ocrx_word' id='word_1_96' title='bbox 1627 1662 1697 1730; x_wconf 84' lang='grc' dir='ltr'>μὴ</span> <span class='ocrx_word' id='word_1_97' title='bbox 1745 1656 1947 1729; x_wconf 88' lang='grc' dir='ltr'>μαλασ-</span> 
     </span>
    </p>
   </div>
   <div class='ocr_carea' id='block_1_17' title="bbox 345 1740 1947 1822">
    <p class='ocr_par' dir='ltr' id='par_1_17' title="bbox 345 1740 1947 1822">
     <span class='ocr_line' id='line_1_17' title="bbox 345 1740 1947 1822; baseline 0.003 -29"><span class='ocrx_word' id='word_1_98' title='bbox 345 1744 577 1813; x_wconf 84' lang='grc' dir='ltr'>σόμενος,</span> <span class='ocrx_word' id='word_1_99' title='bbox 626 1740 725 1797; x_wconf 83' lang='grc' dir='ltr'><strong>ὦσι</strong></span> <span class='ocrx_word' id='word_1_100' title='bbox 781 1751 870 1798; x_wconf 82' lang='grc' dir='ltr'>καὶ</span> <span class='ocrx_word' id='word_1_101' title='bbox 917 1748 1176 1821; x_wconf 78' lang='grc' dir='ltr'>μάρτυρες</span> <span class='ocrx_word' id='word_1_102' title='bbox 1228 1755 1319 1808; x_wconf 86' lang='grc' dir='ltr'>τῆς</span> <span class='ocrx_word' id='word_1_103' title='bbox 1362 1767 1415 1800; x_wconf 85' lang='grc' dir='ltr'><strong>τε</strong></span> <span class='ocrx_word' id='word_1_104' title='bbox 1448 1756 1543 1808; x_wconf 79' lang='grc' dir='ltr'>σῆς</span> <span class='ocrx_word' id='word_1_105' title='bbox 1578 1766 1947 1822; x_wconf 83' lang='grc' dir='ltr'>χρηστοτητος</span> 
     </span>
    </p>
   </div>
   <div class='ocr_carea' id='block_1_18' title="bbox 339 1831 2019 1910">
    <p class='ocr_par' dir='ltr' id='par_1_18' title="bbox 339 1831 2019 1910">
     <span class='ocr_line' id='line_1_18' title="bbox 339 1831 2019 1910; baseline 0.005 -28"><span class='ocrx_word' id='word_1_106' title='bbox 339 1835 431 1883; x_wconf 78' lang='grc' dir='ltr'>καὶ</span> <span class='ocrx_word' id='word_1_107' title='bbox 480 1840 578 1894; x_wconf 74' lang='grc' dir='ltr'>τῆς</span> <span class='ocrx_word' id='word_1_108' title='bbox 616 1831 810 1887; x_wconf 80' lang='grc' dir='ltr'>ἐκείνου</span> <span class='ocrx_word' id='word_1_109' title='bbox 848 1836 1219 1910; x_wconf 79' lang='grc' dir='ltr'>σκληρότητος,</span> <span class='ocrx_word' id='word_1_110' title='bbox 1274 1842 1364 1889; x_wconf 81' lang='grc' dir='ltr'>καὶ</span> <span class='ocrx_word' id='word_1_111' title='bbox 1414 1839 1496 1890; x_wconf 83' lang='grc' dir='ltr'>ἱνα</span> <span class='ocrx_word' id='word_1_112' title='bbox 1528 1840 1664 1890; x_wconf 86' lang='grc' dir='ltr'><strong>κατά</strong></span> <span class='ocrx_word' id='word_1_113' title='bbox 1714 1841 1809 1895; x_wconf 81' lang='grc' dir='ltr'>τὴν</span> <span class='ocrx_word' id='word_1_114' title='bbox 1855 1843 1946 1898; x_wconf 77' lang='grc' dir='ltr'>τῆς</span> <span class='ocrx_word' id='word_1_115' title='bbox 1975 1839 2019 1895; x_wconf 90' lang='grc' dir='ltr'><strong>Β</strong></span> 
     </span>
    </p>
   </div>
   <div class='ocr_carea' id='block_1_19' title="bbox 341 1919 1945 1999">
    <p class='ocr_par' dir='ltr' id='par_1_19' title="bbox 341 1919 1945 1999">
     <span class='ocr_line' id='line_1_19' title="bbox 341 1919 1945 1999; baseline 0.004 -30"><span class='ocrx_word' id='word_1_116' title='bbox 341 1919 566 1982; x_wconf 81' lang='grc' dir='ltr'>παλαιᾶς</span> <span class='ocrx_word' id='word_1_117' title='bbox 610 1926 935 1995; x_wconf 74' lang='grc' dir='ltr'><strong>νομοθεσίας,</strong></span> <span class='ocrx_word' id='word_1_118' title='bbox 990 1924 1251 1997; x_wconf 82' lang='grc' dir='ltr'>ἀπόφασιν</span> <span class='ocrx_word' id='word_1_119' title='bbox 1300 1925 1385 1978; x_wconf 79' lang='grc' dir='ltr'><strong>ἐπὶ</strong></span> <span class='ocrx_word' id='word_1_120' title='bbox 1445 1930 1723 1999; x_wconf 85' lang='grc' dir='ltr'>στόματος,</span> <span class='ocrx_word' id='word_1_121' title='bbox 1783 1926 1945 1996; x_wconf 75' lang='grc' dir='ltr'>ἣγουν</span> 
     </span>
    </p>
   </div>
   <div class='ocr_carea' id='block_1_20' title="bbox 343 2005 1946 2090">
    <p class='ocr_par' dir='ltr' id='par_1_20' title="bbox 343 2005 1946 2090">
     <span class='ocr_line' id='line_1_20' title="bbox 343 2005 1946 2090; baseline 0.004 -30"><span class='ocrx_word' id='word_1_122' title='bbox 343 2005 378 2061; x_wconf 89' lang='grc' dir='ltr'><strong>δ</strong></span> <span class='ocrx_word' id='word_1_123' title='bbox 383 2012 437 2061; x_wconf 73' lang='grc' dir='ltr'>ιά</span> <span class='ocrx_word' id='word_1_124' title='bbox 462 2015 737 2084; x_wconf 84' lang='grc' dir='ltr'>στόματος,</span> <span class='ocrx_word' id='word_1_125' title='bbox 781 2010 879 2066; x_wconf 86' lang='grc' dir='ltr'><strong>δύο</strong></span> <span class='ocrx_word' id='word_1_126' title='bbox 922 2017 1195 2088; x_wconf 86' lang='grc' dir='ltr'>μαρτύρων</span> <span class='ocrx_word' id='word_1_127' title='bbox 1235 2020 1265 2074; x_wconf 79' lang='grc' dir='ltr'>ἤ</span> <span class='ocrx_word' id='word_1_128' title='bbox 1298 2024 1453 2090; x_wconf 81' lang='grc' dir='ltr'>τριῶν</span> <span class='ocrx_word' id='word_1_129' title='bbox 1486 2018 1677 2089; x_wconf 78' lang='grc' dir='ltr'>σταθῇ,</span> <span class='ocrx_word' id='word_1_130' title='bbox 1704 2018 1946 2068; x_wconf 80' lang='grc' dir='ltr'><strong>τουτέστι</strong></span> 
     </span>
    </p>
   </div>
   <div class='ocr_carea' id='block_1_21' title="bbox 340 2098 1943 2179">
    <p class='ocr_par' dir='ltr' id='par_1_21' title="bbox 340 2098 1943 2179">
     <span class='ocr_line' id='line_1_21' title="bbox 340 2098 1943 2179; baseline 0.004 -27"><span class='ocrx_word' id='word_1_131' title='bbox 340 2098 607 2175; x_wconf 74' lang='grc' dir='ltr'>βεϐαιωθῇ</span> <span class='ocrx_word' id='word_1_132' title='bbox 640 2110 740 2156; x_wconf 84' lang='grc' dir='ltr'>πᾶν</span> <span class='ocrx_word' id='word_1_133' title='bbox 767 2105 933 2179; x_wconf 79' lang='grc' dir='ltr'>ῥῆμα,</span> <span class='ocrx_word' id='word_1_134' title='bbox 969 2107 995 2158; x_wconf 86' lang='grc' dir='ltr'><strong><em>ὅ</em></strong></span> <span class='ocrx_word' id='word_1_135' title='bbox 1025 2105 1186 2172; x_wconf 76' lang='grc' dir='ltr'>ἐστιν,</span> <span class='ocrx_word' id='word_1_136' title='bbox 1233 2109 1314 2160; x_wconf 84' lang='grc' dir='ltr'>ὅτι</span> <span class='ocrx_word' id='word_1_137' title='bbox 1345 2110 1412 2160; x_wconf 83' lang='grc' dir='ltr'><strong>σὺ</strong></span> <span class='ocrx_word' id='word_1_138' title='bbox 1453 2110 1513 2161; x_wconf 87' lang='grc' dir='ltr'>τὸ</span> <span class='ocrx_word' id='word_1_139' title='bbox 1547 2110 1637 2160; x_wconf 87' lang='grc' dir='ltr'>σὸν</span> <span class='ocrx_word' id='word_1_140' title='bbox 1668 2105 1943 2177; x_wconf 74' lang='grc' dir='ltr'>ἐποίησας,</span> 
     </span>
    </p>
   </div>
   <div class='ocr_carea' id='block_1_22' title="bbox 338 2187 1947 2271">
    <p class='ocr_par' dir='ltr' id='par_1_22' title="bbox 338 2187 1947 2271">
     <span class='ocr_line' id='line_1_22' title="bbox 338 2187 1947 2271; baseline 0.006 -30"><span class='ocrx_word' id='word_1_141' title='bbox 338 2193 432 2242; x_wconf 83' lang='grc' dir='ltr'>καὶ</span> <span class='ocrx_word' id='word_1_142' title='bbox 458 2187 608 2244; x_wconf 66' lang='grc' dir='ltr'>οὐδὲν</span> <span class='ocrx_word' id='word_1_143' title='bbox 648 2191 883 2259; x_wconf 70' lang='grc' dir='ltr'>ἐνέλιπες,</span> <span class='ocrx_word' id='word_1_144' title='bbox 936 2204 1115 2271; x_wconf 85' lang='grc' dir='ltr'>πρῶτα</span> <span class='ocrx_word' id='word_1_145' title='bbox 1157 2199 1247 2269; x_wconf 68' lang='grc' dir='ltr'>μὲν</span> <span class='ocrx_word' id='word_1_146' title='bbox 1286 2201 1439 2270; x_wconf 81' lang='grc' dir='ltr'>μόνος</span> <span class='ocrx_word' id='word_1_147' title='bbox 1485 2196 1736 2262; x_wconf 84' lang='grc' dir='ltr'>ἀπελθὼν,</span> <span class='ocrx_word' id='word_1_148' title='bbox 1770 2199 1947 2251; x_wconf 83' lang='grc' dir='ltr'>ἔπειτα</span> 
     </span>
    </p>
   </div>
   <div class='ocr_carea' id='block_1_23' title="bbox 344 2273 1210 2360">
    <p class='ocr_par' dir='ltr' id='par_1_23' title="bbox 344 2273 1210 2360">
     <span class='ocr_line' id='line_1_23' title="bbox 344 2273 1210 2360; baseline 0.01 -30"><span class='ocrx_word' id='word_1_149' title='bbox 344 2273 407 2331; x_wconf 70' lang='grc' dir='ltr'><strong>δε</strong></span> <span class='ocrx_word' id='word_1_150' title='bbox 434 2284 526 2331; x_wconf 81' lang='grc' dir='ltr'>καὶ</span> <span class='ocrx_word' id='word_1_151' title='bbox 556 2279 738 2345; x_wconf 75' lang='grc' dir='ltr'>ἄλλους</span> <span class='ocrx_word' id='word_1_152' title='bbox 767 2285 1210 2360; x_wconf 81' lang='grc' dir='ltr'>συμπαραλαϐών.</span> 
     </span>
    </p>
   </div>
   <div class='ocr_carea' id='block_1_24' title="bbox 415 2368 1947 2449">
    <p class='ocr_par' dir='ltr' id='par_1_24' title="bbox 415 2368 1947 2449">
     <span class='ocr_line' id='line_1_24' title="bbox 415 2368 1947 2449; baseline 0.005 -28"><span class='ocrx_word' id='word_1_153' title='bbox 415 2368 533 2422; x_wconf 81' lang='grc' dir='ltr'><strong>Ἐὰν</strong></span> <span class='ocrx_word' id='word_1_154' title='bbox 607 2402 675 2413; x_wconf 89' lang='lat'><strong>-—</strong></span> <span class='ocrx_word' id='word_1_155' title='bbox 729 2373 1039 2448; x_wconf 79' lang='grc' dir='ltr'><strong>Ἐκκλησία,</strong></span> <span class='ocrx_word' id='word_1_156' title='bbox 1101 2375 1412 2434; x_wconf 79' lang='grc' dir='ltr'><strong>Ἐκκλησίαν</strong></span> <span class='ocrx_word' id='word_1_157' title='bbox 1467 2375 1605 2449; x_wconf 74' lang='grc' dir='ltr'>λέγει</span> <span class='ocrx_word' id='word_1_158' title='bbox 1659 2383 1753 2429; x_wconf 84' lang='grc' dir='ltr'>νῦυ</span> <span class='ocrx_word' id='word_1_159' title='bbox 1825 2380 1947 2440; x_wconf 84' lang='grc' dir='ltr'>τοὺς</span> 
     </span>
    </p>
   </div>
   <div class='ocr_carea' id='block_1_25' title="bbox 336 2464 1945 2538">
    <p class='ocr_par' dir='ltr' id='par_1_25' title="bbox 336 2464 1945 2538">
     <span class='ocr_line' id='line_1_25' title="bbox 336 2464 1945 2538; baseline 0.006 -28"><span class='ocrx_word' id='word_1_160' title='bbox 336 2468 675 2534; x_wconf 76' lang='grc' dir='ltr'>προεστῶτας</span> <span class='ocrx_word' id='word_1_161' title='bbox 718 2471 813 2526; x_wconf 84' lang='grc' dir='ltr'>τῆς</span> <span class='ocrx_word' id='word_1_162' title='bbox 877 2464 1192 2526; x_wconf 84' lang='grc' dir='ltr'>Ἐκκλησίας</span> <span class='ocrx_word' id='word_1_163' title='bbox 1242 2474 1342 2518; x_wconf 84' lang='grc' dir='ltr'>τῶν</span> <span class='ocrx_word' id='word_1_164' title='bbox 1394 2474 1615 2519; x_wconf 84' lang='grc' dir='ltr'>πιστῶν.</span> <span class='ocrx_word' id='word_1_165' title='bbox 1666 2466 1945 2538; x_wconf 73' lang='grc' dir='ltr'>Ἀνοίγγει-</span> 
     </span>
    </p>
   </div>
   <div class='ocr_carea' id='block_1_26' title="bbox 338 2546 1967 2629">
    <p class='ocr_par' dir='ltr' id='par_1_26' title="bbox 338 2546 1967 2629">
     <span class='ocr_line' id='line_1_26' title="bbox 338 2546 1967 2629; baseline 0.007 -30"><span class='ocrx_word' id='word_1_166' title='bbox 338 2546 425 2600; x_wconf 89' lang='grc' dir='ltr'><strong>λον</strong></span> <span class='ocrx_word' id='word_1_167' title='bbox 473 2549 655 2614; x_wconf 74' lang='grc' dir='ltr'>αὐτοῖς</span> <span class='ocrx_word' id='word_1_168' title='bbox 701 2554 767 2605; x_wconf 82' lang='grc' dir='ltr'>τὰ</span> <span class='ocrx_word' id='word_1_169' title='bbox 803 2559 921 2629; x_wconf 79' lang='grc' dir='ltr'>περὶ</span> <span class='ocrx_word' id='word_1_170' title='bbox 952 2554 1129 2608; x_wconf 78' lang='grc' dir='ltr'>αὐτοῦ·</span> <span class='ocrx_word' id='word_1_171' title='bbox 1180 2558 1311 2619; x_wconf 81' lang='grc' dir='ltr'>ἴσως</span> <span class='ocrx_word' id='word_1_172' title='bbox 1357 2555 1508 2609; x_wconf 89' lang='grc' dir='ltr'>αάτοὶ</span> <span class='ocrx_word' id='word_1_173' title='bbox 1560 2564 1741 2610; x_wconf 78' lang='grc' dir='ltr'>τοῦτον</span> <span class='ocrx_word' id='word_1_174' title='bbox 1788 2571 1967 2629; x_wconf 89' lang='grc' dir='ltr'>μετα-’</span> 
     </span>
    </p>
   </div>
   <div class='ocr_carea' id='block_1_27' title="bbox 341 2639 1610 2722">
    <p class='ocr_par' dir='ltr' id='par_1_27' title="bbox 341 2639 1610 2722">
     <span class='ocr_line' id='line_1_27' title="bbox 341 2639 1610 2722; baseline 0.008 -32"><span class='ocrx_word' id='word_1_175' title='bbox 341 2642 639 2707; x_wconf 75' lang='grc' dir='ltr'><strong>ιτείσουσιν⁹</strong></span> <span class='ocrx_word' id='word_1_176' title='bbox 673 2639 980 2716; x_wconf 78' lang='grc' dir='ltr'>αἰδούμενον</span> <span class='ocrx_word' id='word_1_177' title='bbox 1009 2649 1104 2703; x_wconf 77' lang='grc' dir='ltr'>τὴν</span> <span class='ocrx_word' id='word_1_178' title='bbox 1126 2647 1396 2722; x_wconf 72' lang='grc' dir='ltr'>ὑπεροχὴν</span> <span class='ocrx_word' id='word_1_179' title='bbox 1425 2646 1610 2701; x_wconf 77' lang='grc' dir='ltr'>αὐτῶν.</span> 
     </span>
    </p>
   </div>
   <div class='ocr_carea' id='block_1_28' title="bbox 417 2727 1943 2804">
    <p class='ocr_par' dir='ltr' id='par_1_28' title="bbox 417 2727 1943 2804">
     <span class='ocr_line' id='line_1_28' title="bbox 417 2727 1943 2804; baseline 0.007 -24"><span class='ocrx_word' id='word_1_180' title='bbox 417 2727 535 2783; x_wconf 79' lang='grc' dir='ltr'>Ἐὰν</span> <span class='ocrx_word' id='word_1_181' title='bbox 582 2761 651 2771; x_wconf 89' lang='grc'><strong>-</strong></span> <span class='ocrx_word' id='word_1_182' title='bbox 702 2731 941 2796; x_wconf 87' lang='grc' dir='ltr'>τελώνης.</span> <span class='ocrx_word' id='word_1_183' title='bbox 1003 2733 1178 2789; x_wconf 80' lang='grc' dir='ltr'>Ἐστω</span> <span class='ocrx_word' id='word_1_184' title='bbox 1232 2755 1316 2788; x_wconf 91' lang='grc' dir='ltr'>σοι</span> <span class='ocrx_word' id='word_1_185' title='bbox 1368 2736 1547 2789; x_wconf 80' lang='grc' dir='ltr'>λοιπόν</span> <span class='ocrx_word' id='word_1_186' title='bbox 1583 2735 1943 2804; x_wconf 79' lang='grc' dir='ltr'>ἀκοινώνητος,</span> 
     </span>
    </p>
   </div>
   <div class='ocr_carea' id='block_1_29' title="bbox 342 2817 1945 2891">
    <p class='ocr_par' dir='ltr' id='par_1_29' title="bbox 342 2817 1945 2891">
     <span class='ocr_line' id='line_1_29' title="bbox 342 2817 1945 2891; baseline 0.007 -23"><span class='ocrx_word' id='word_1_187' title='bbox 342 2818 413 2879; x_wconf 85' lang='grc' dir='ltr'>ὡς</span> <span class='ocrx_word' id='word_1_188' title='bbox 466 2817 687 2882; x_wconf 86' lang='grc' dir='ltr'>ἀνίατος.</span> <span class='ocrx_word' id='word_1_189' title='bbox 743 2828 864 2883; x_wconf 87' lang='grc' dir='ltr'>Τοῖς</span> <span class='ocrx_word' id='word_1_190' title='bbox 911 2822 1126 2885; x_wconf 81' lang='grc' dir='ltr'>ἐθνικοῖς</span> <span class='ocrx_word' id='word_1_191' title='bbox 1192 2821 1271 2881; x_wconf 68' lang='grc' dir='ltr'>δὲ.</span> <span class='ocrx_word' id='word_1_192' title='bbox 1328 2833 1432 2887; x_wconf 87' lang='grc' dir='ltr'>τοῖς</span> <span class='ocrx_word' id='word_1_193' title='bbox 1490 2824 1748 2891; x_wconf 80' lang='grc' dir='ltr'>ἀπίστοις,</span> <span class='ocrx_word' id='word_1_194' title='bbox 1823 2830 1945 2888; x_wconf 76' lang='grc' dir='ltr'>τοὺς</span> 
     </span>
    </p>
   </div>
   <div class='ocr_carea' id='block_1_30' title="bbox 340 2907 1946 2990">
    <p class='ocr_par' dir='ltr' id='par_1_30' title="bbox 340 2907 1946 2990">
     <span class='ocr_line' id='line_1_30' title="bbox 340 2907 1946 2990; baseline 0.006 -31"><span class='ocrx_word' id='word_1_195' title='bbox 340 2907 556 2971; x_wconf 81' lang='grc' dir='ltr'>τελώνας</span> <span class='ocrx_word' id='word_1_196' title='bbox 605 2910 875 2975; x_wconf 77' lang='grc' dir='ltr'>συνέζευξε</span> <span class='ocrx_word' id='word_1_197' title='bbox 932 2909 1025 2965; x_wconf 80' lang='grc' dir='ltr'><strong>διὰ</strong></span> <span class='ocrx_word' id='word_1_198' title='bbox 1079 2917 1139 2966; x_wconf 86' lang='grc' dir='ltr'>τὸ</span> <span class='ocrx_word' id='word_1_199' title='bbox 1209 2914 1600 2990; x_wconf 77' lang='grc' dir='ltr'>φιλοχρήματον</span> <span class='ocrx_word' id='word_1_200' title='bbox 1653 2920 1743 2968; x_wconf 89' lang='grc' dir='ltr'>καὶ</span> <span class='ocrx_word' id='word_1_201' title='bbox 1799 2914 1946 2969; x_wconf 76' lang='grc' dir='ltr'>πλεο-</span> 
     </span>
    </p>
   </div>
   <div class='ocr_carea' id='block_1_31' title="bbox 336 2999 1437 3075">
    <p class='ocr_par' dir='ltr' id='par_1_31' title="bbox 336 2999 1437 3075">
     <span class='ocr_line' id='line_1_31' title="bbox 336 2999 1437 3075; baseline 0.008 -27"><span class='ocrx_word' id='word_1_202' title='bbox 336 3001 588 3068; x_wconf 82' lang='grc' dir='ltr'>νεκτικόν,</span> <span class='ocrx_word' id='word_1_203' title='bbox 620 3004 711 3053; x_wconf 84' lang='grc' dir='ltr'><strong>καὶ</strong></span> <span class='ocrx_word' id='word_1_204' title='bbox 742 2999 1067 3075; x_wconf 66' lang='grc' dir='ltr'>ἀσυμπαθες,</span> <span class='ocrx_word' id='word_1_205' title='bbox 1099 3008 1189 3056; x_wconf 83' lang='grc' dir='ltr'>καὶ</span> <span class='ocrx_word' id='word_1_206' title='bbox 1226 3001 1437 3063; x_wconf 78' lang='grc' dir='ltr'>ἄδικον.</span> 
     </span>
    </p>
   </div>
   <div class='ocr_carea' id='block_1_32' title="bbox 406 3276 1941 3357">
    <p class='ocr_par' dir='ltr' id='par_1_32' title="bbox 406 3276 1941 3357">
     <span class='ocr_line' id='line_1_32' title="bbox 406 3276 1941 3357; baseline 0.007 -29"><span class='ocrx_word' id='word_1_207' title='bbox 406 3276 734 3351; x_wconf 81' lang='grc' dir='ltr'>’Δκούτωμεν</span> <span class='ocrx_word' id='word_1_208' title='bbox 795 3281 844 3332; x_wconf 81' lang='grc' dir='ltr'><strong>οἱ</strong></span> <span class='ocrx_word' id='word_1_209' title='bbox 889 3288 996 3341; x_wconf 88' lang='grc' dir='ltr'>τοῖς</span> <span class='ocrx_word' id='word_1_210' title='bbox 1042 3299 1301 3343; x_wconf 86' lang='grc' dir='ltr'>τοιουτοις</span> <span class='ocrx_word' id='word_1_211' title='bbox 1350 3284 1566 3337; x_wconf 88' lang='grc' dir='ltr'>πόθεσιν</span> <span class='ocrx_word' id='word_1_212' title='bbox 1623 3282 1941 3357; x_wconf 74' lang='grc' dir='ltr'>ἐνεχόμενοι.</span> 
     </span>
    </p>
   </div>
   <div class='ocr_carea' id='block_1_33' title="bbox 329 3362 1943 3449">
    <p class='ocr_par' dir='ltr' id='par_1_33' title="bbox 329 3362 1943 3449">
     <span class='ocr_line' id='line_1_33' title="bbox 329 3362 1943 3449; baseline 0.005 -32"><span class='ocrx_word' id='word_1_213' title='bbox 329 3363 471 3440; x_wconf 87' lang='grc' dir='ltr'>Ὀρα</span> <span class='ocrx_word' id='word_1_214' title='bbox 532 3362 614 3436; x_wconf 70' lang='grc' dir='ltr'>δὲ,</span> <span class='ocrx_word' id='word_1_215' title='bbox 663 3372 834 3429; x_wconf 89' lang='grc' dir='ltr'>πόσην</span> <span class='ocrx_word' id='word_1_216' title='bbox 900 3368 1140 3430; x_wconf 71' lang='grc' dir='ltr'>σπουδὴν</span> <span class='ocrx_word' id='word_1_217' title='bbox 1212 3368 1579 3436; x_wconf 82' lang='grc' dir='ltr'>ἐπιδείξασθαι</span> <span class='ocrx_word' id='word_1_218' title='bbox 1627 3374 1943 3449; x_wconf 77' lang='grc' dir='ltr'>προσέταξεν</span> 
     </span>
    </p>
   </div>
   <div class='ocr_carea' id='block_1_34' title="bbox 334 3453 1947 3535">
    <p class='ocr_par' dir='ltr' id='par_1_34' title="bbox 334 3453 1947 3535">
     <span class='ocr_line' id='line_1_34' title="bbox 334 3453 1947 3535; baseline 0.006 -29"><span class='ocrx_word' id='word_1_219' title='bbox 334 3455 464 3530; x_wconf 72' lang='grc' dir='ltr'>ὑπὲρ</span> <span class='ocrx_word' id='word_1_220' title='bbox 490 3463 586 3508; x_wconf 64' lang='grc' dir='ltr'><strong>τοῦ</strong></span> <span class='ocrx_word' id='word_1_221' title='bbox 616 3453 966 3533; x_wconf 78' lang='grc' dir='ltr'><strong>διορθοῦσθαι</strong></span> <span class='ocrx_word' id='word_1_222' title='bbox 984 3463 1108 3522; x_wconf 83' lang='grc' dir='ltr'>τοὺς</span> <span class='ocrx_word' id='word_1_223' title='bbox 1133 3458 1585 3523; x_wconf 89' lang='grc' dir='ltr'>σκανδαλίσαντας</span> <span class='ocrx_word' id='word_1_224' title='bbox 1614 3464 1773 3535; x_wconf 78' lang='grc' dir='ltr'>ἡμᾶς’</span> <span class='ocrx_word' id='word_1_225' title='bbox 1795 3464 1947 3535; x_wconf 73' lang='grc' dir='ltr'>ἡμεῖς</span> 
     </span>
    </p>
   </div>
   <div class='ocr_carea' id='block_1_35' title="bbox 339 3539 1947 3627">
    <p class='ocr_par' dir='ltr' id='par_1_35' title="bbox 339 3539 1947 3627">
     <span class='ocr_line' id='line_1_35' title="bbox 339 3539 1947 3627; baseline 0.006 -32"><span class='ocrx_word' id='word_1_226' title='bbox 339 3539 400 3596; x_wconf 73' lang='grc' dir='ltr'>δὲ</span> <span class='ocrx_word' id='word_1_227' title='bbox 437 3543 617 3598; x_wconf 89' lang='grc' dir='ltr'>λοιπόν</span> <span class='ocrx_word' id='word_1_228' title='bbox 667 3543 792 3600; x_wconf 70' lang='grc' dir='ltr'>οὐδε</span> <span class='ocrx_word' id='word_1_229' title='bbox 820 3552 943 3610; x_wconf 84' lang='grc' dir='ltr'>τοὺς</span> <span class='ocrx_word' id='word_1_230' title='bbox 986 3549 1072 3622; x_wconf 79' lang='grc' dir='ltr'><strong>ὑφ’</strong></span> <span class='ocrx_word' id='word_1_231' title='bbox 1102 3552 1248 3623; x_wconf 76' lang='grc' dir='ltr'>ἡμῶν</span> <span class='ocrx_word' id='word_1_232' title='bbox 1280 3549 1760 3613; x_wconf 63' lang='grc' dir='ltr'>πανδαλισθέντας</span> <span class='ocrx_word' id='word_1_233' title='bbox 1791 3554 1947 3627; x_wconf 89' lang='grc' dir='ltr'>θερα-</span> 
     </span>
    </p>
   </div>
   <div class='ocr_carea' id='block_1_36' title="bbox 338 3633 1948 3715">
    <p class='ocr_par' dir='ltr' id='par_1_36' title="bbox 338 3633 1948 3715">
     <span class='ocr_line' id='line_1_36' title="bbox 338 3633 1948 3715; baseline 0.006 -30"><span class='ocrx_word' id='word_1_234' title='bbox 338 3636 512 3687; x_wconf 88' lang='grc' dir='ltr'>πεύειν</span> <span class='ocrx_word' id='word_1_235' title='bbox 564 3633 993 3710; x_wconf 88' lang='grc' dir='ltr'>καταδεχόμεθα.</span> <span class='ocrx_word' id='word_1_236' title='bbox 1074 3644 1138 3693; x_wconf 88' lang='grc' dir='ltr'><strong>Τί</strong></span> <span class='ocrx_word' id='word_1_237' title='bbox 1193 3636 1330 3708; x_wconf 85' lang='grc' dir='ltr'><strong>οὖν;</strong></span> <span class='ocrx_word' id='word_1_238' title='bbox 1384 3648 1535 3695; x_wconf 82' lang='grc' dir='ltr'>τοῦτο</span> <span class='ocrx_word' id='word_1_239' title='bbox 1590 3646 1743 3715; x_wconf 88' lang='grc' dir='ltr'>μόνον</span> <span class='ocrx_word' id='word_1_240' title='bbox 1799 3644 1948 3695; x_wconf 81' lang='grc' dir='ltr'>ἔσται</span> 
     </span>
    </p>
   </div>
   <div class='ocr_carea' id='block_1_37' title="bbox 340 3724 1948 3802">
    <p class='ocr_par' dir='ltr' id='par_1_37' title="bbox 340 3724 1948 3802">
     <span class='ocr_line' id='line_1_37' title="bbox 340 3724 1948 3802; baseline 0.004 -26"><span class='ocrx_word' id='word_1_241' title='bbox 340 3724 561 3788; x_wconf 81' lang='grc' dir='ltr'>κόλασις</span> <span class='ocrx_word' id='word_1_242' title='bbox 611 3734 685 3798; x_wconf 80' lang='grc' dir='ltr'>τῷ</span> <span class='ocrx_word' id='word_1_243' title='bbox 755 3725 992 3799; x_wconf 78' lang='grc' dir='ltr'>ἀνιάτῳ;</span> <span class='ocrx_word' id='word_1_244' title='bbox 1053 3728 1221 3802; x_wconf 67' lang='grc' dir='ltr'>Οὐχὶ,</span> <span class='ocrx_word' id='word_1_245' title='bbox 1298 3729 1406 3783; x_wconf 77' lang='grc' dir='ltr'>ἀλλ’</span> <span class='ocrx_word' id='word_1_246' title='bbox 1480 3733 1637 3785; x_wconf 79' lang='grc' dir='ltr'>ἄκουε</span> <span class='ocrx_word' id='word_1_247' title='bbox 1710 3737 1799 3785; x_wconf 84' lang='grc' dir='ltr'>καὶ</span> <span class='ocrx_word' id='word_1_248' title='bbox 1849 3741 1948 3786; x_wconf 83' lang='grc' dir='ltr'>τῶν</span> 
     </span>
    </p>
   </div>
   <div class='ocr_carea' id='block_1_38' title="bbox 339 3813 479 3877">
    <p class='ocr_par' dir='ltr' id='par_1_38' title="bbox 339 3813 479 3877">
     <span class='ocr_line' id='line_1_38' title="bbox 339 3813 479 3877; baseline 0.029 -9"><span class='ocrx_word' id='word_1_249' title='bbox 339 3813 479 3877; x_wconf 78' lang='grc' dir='ltr'>ἑξῆς.</span> 
     </span>
    </p>
   </div>
   <div class='ocr_carea' id='block_1_39' title="bbox 413 3903 1943 3985">
    <p class='ocr_par' dir='ltr' id='par_1_39' title="bbox 413 3903 1943 3985">
     <span class='ocr_line' id='line_1_39' title="bbox 413 3903 1943 3985; baseline 0.006 -29"><span class='ocrx_word' id='word_1_250' title='bbox 413 3903 575 3976; x_wconf 77' lang='grc' dir='ltr'>Ἀμὴν</span> <span class='ocrx_word' id='word_1_251' title='bbox 624 3936 694 3946; x_wconf 92' lang='lat'><strong>—</strong></span> <span class='ocrx_word' id='word_1_252' title='bbox 752 3906 972 3984; x_wconf 74' lang='grc' dir='ltr'>οὐρανῷ.</span> <span class='ocrx_word' id='word_1_253' title='bbox 1031 3908 1285 3970; x_wconf 81' lang='grc' dir='ltr'>Κελεύσας</span> <span class='ocrx_word' id='word_1_254' title='bbox 1340 3910 1630 3965; x_wconf 86' lang='grc' dir='ltr'>τελευτὰῖον</span> <span class='ocrx_word' id='word_1_255' title='bbox 1666 3912 1824 3965; x_wconf 81' lang='grc' dir='ltr'>εἰπεῖν</span> <span class='ocrx_word' id='word_1_256' title='bbox 1880 3919 1943 3985; x_wconf 72' lang='grc' dir='ltr'>τῇ</span> 
     </span>
    </p>
   </div>
   <div class='ocr_carea' id='block_1_40' title="bbox 335 3991 1941 4073">
    <p class='ocr_par' dir='ltr' id='par_1_40' title="bbox 335 3991 1941 4073">
     <span class='ocr_line' id='line_1_40' title="bbox 335 3991 1941 4073; baseline 0.005 -27"><span class='ocrx_word' id='word_1_257' title='bbox 335 3992 645 4068; x_wconf 72' lang='grc' dir='ltr'>Ἐκκλησία,</span> <span class='ocrx_word' id='word_1_258' title='bbox 697 3991 908 4056; x_wconf 81' lang='grc' dir='ltr'>δηλαδὴ</span> <span class='ocrx_word' id='word_1_259' title='bbox 952 4004 1064 4061; x_wconf 84' lang='grc' dir='ltr'>τοῖς</span> <span class='ocrx_word' id='word_1_260' title='bbox 1108 4007 1403 4073; x_wconf 77' lang='grc' dir='ltr'>προεστῶσι</span> <span class='ocrx_word' id='word_1_261' title='bbox 1457 4008 1546 4061; x_wconf 77' lang='grc' dir='ltr'>τῆς</span> <span class='ocrx_word' id='word_1_262' title='bbox 1609 4000 1941 4073; x_wconf 85' lang='grc' dir='ltr'>Ἐκκλησίας,</span> 
     </span>
    </p>
   </div>
   <div class='ocr_carea' id='block_1_41' title="bbox 328 4080 1944 4161">
    <p class='ocr_par' dir='ltr' id='par_1_41' title="bbox 328 4080 1944 4161">
     <span class='ocr_line' id='line_1_41' title="bbox 328 4080 1944 4161; baseline 0.006 -29"><span class='ocrx_word' id='word_1_263' title='bbox 328 4080 505 4135; x_wconf 90' lang='grc' dir='ltr'>λοιπόν</span> <span class='ocrx_word' id='word_1_264' title='bbox 560 4087 685 4159; x_wconf 89' lang='grc' dir='ltr'>πρός</span> <span class='ocrx_word' id='word_1_265' title='bbox 748 4087 937 4149; x_wconf 70' lang='grc' dir='ltr'>αὐτοὺς</span> <span class='ocrx_word' id='word_1_266' title='bbox 1000 4085 1326 4142; x_wconf 76' lang='grc' dir='ltr'>ἀποτείνεται</span> <span class='ocrx_word' id='word_1_267' title='bbox 1420 4088 1600 4161; x_wconf 77' lang='grc' dir='ltr'><strong>λέγων’</strong></span> <span class='ocrx_word' id='word_1_268' title='bbox 1673 4089 1815 4144; x_wconf 85' lang='grc' dir='ltr'><strong>Ὀσα</strong></span> <span class='ocrx_word' id='word_1_269' title='bbox 1884 4090 1944 4143; x_wconf 80' lang='grc' dir='ltr'>ἂν</span> 
     </span>
    </p>
   </div>
   <div class='ocr_carea' id='block_1_42' title="bbox 337 4167 1944 4250">
    <p class='ocr_par' dir='ltr' id='par_1_42' title="bbox 337 4167 1944 4250">
     <span class='ocr_line' id='line_1_42' title="bbox 337 4167 1944 4250; baseline 0.007 -27"><span class='ocrx_word' id='word_1_270' title='bbox 337 4167 541 4229; x_wconf 77' lang='grc' dir='ltr'>δήσητε</span> <span class='ocrx_word' id='word_1_271' title='bbox 596 4173 680 4228; x_wconf 75' lang='grc' dir='ltr'><strong>ἐπὶ</strong></span> <span class='ocrx_word' id='word_1_272' title='bbox 742 4184 842 4240; x_wconf 86' lang='grc' dir='ltr'>τῆς</span> <span class='ocrx_word' id='word_1_273' title='bbox 898 4185 1020 4250; x_wconf 73' lang='grc' dir='ltr'>γῆς,</span> <span class='ocrx_word' id='word_1_274' title='bbox 1067 4183 1155 4231; x_wconf 86' lang='grc' dir='ltr'>καὶ</span> <span class='ocrx_word' id='word_1_275' title='bbox 1208 4182 1274 4232; x_wconf 82' lang='grc' dir='ltr'>τὰ</span> <span class='ocrx_word' id='word_1_276' title='bbox 1331 4178 1466 4242; x_wconf 81' lang='grc' dir='ltr'>ἑξῆς.</span> <span class='ocrx_word' id='word_1_277' title='bbox 1528 4187 1691 4233; x_wconf 84' lang='grc' dir='ltr'>Τοῦτο</span> <span class='ocrx_word' id='word_1_278' title='bbox 1749 4178 1809 4234; x_wconf 65' lang='grc' dir='ltr'>δὲ</span> <span class='ocrx_word' id='word_1_279' title='bbox 1854 4186 1944 4234; x_wconf 83' lang='grc' dir='ltr'>καὶ</span> 
     </span>
    </p>
   </div>
   <div class='ocr_carea' id='block_1_43' title="bbox 336 4263 1940 4345">
    <p class='ocr_par' dir='ltr' id='par_1_43' title="bbox 336 4263 1940 4345">
     <span class='ocr_line' id='line_1_43' title="bbox 336 4263 1940 4345; baseline 0.008 -33"><span class='ocrx_word' id='word_1_280' title='bbox 336 4263 465 4334; x_wconf 83' lang='grc' dir='ltr'>πρὸς</span> <span class='ocrx_word' id='word_1_281' title='bbox 485 4265 570 4314; x_wconf 89' lang='grc' dir='ltr'><strong>τόν</strong></span> <span class='ocrx_word' id='word_1_282' title='bbox 600 4268 790 4340; x_wconf 77' lang='grc' dir='ltr'>Πέτρον</span> <span class='ocrx_word' id='word_1_283' title='bbox 816 4265 973 4334; x_wconf 86' lang='grc' dir='ltr'>εἶπεν,</span> <span class='ocrx_word' id='word_1_284' title='bbox 998 4265 1047 4320; x_wconf 75' lang='grc' dir='ltr'>ἐν</span> <span class='ocrx_word' id='word_1_285' title='bbox 1067 4276 1140 4339; x_wconf 82' lang='grc' dir='ltr'>τῷ</span> <span class='ocrx_word' id='word_1_286' title='bbox 1160 4277 1456 4345; x_wconf 77' lang='grc' dir='ltr'>τριακοστῷ</span> <span class='ocrx_word' id='word_1_287' title='bbox 1476 4273 1634 4345; x_wconf 83' lang='grc' dir='ltr'>τρίτῳ</span> <span class='ocrx_word' id='word_1_288' title='bbox 1660 4271 1940 4344; x_wconf 77' lang='grc' dir='ltr'>κεφαλαίῳ,</span> 
     </span>
    </p>
   </div>
   <div class='ocr_carea' id='block_1_44' title="bbox 329 4351 1256 4430">
    <p class='ocr_par' dir='ltr' id='par_1_44' title="bbox 329 4351 1256 4430">
     <span class='ocr_line' id='line_1_44' title="bbox 329 4351 1256 4430; baseline 0.014 -28"><span class='ocrx_word' id='word_1_289' title='bbox 329 4354 423 4403; x_wconf 83' lang='grc' dir='ltr'>καὶ</span> <span class='ocrx_word' id='word_1_290' title='bbox 454 4351 689 4413; x_wconf 81' lang='grc' dir='ltr'>ζήτησον</span> <span class='ocrx_word' id='word_1_291' title='bbox 730 4353 833 4409; x_wconf 80' lang='grc' dir='ltr'>ἐκεῖ</span> <span class='ocrx_word' id='word_1_292' title='bbox 852 4361 947 4417; x_wconf 76' lang='grc' dir='ltr'>τὴν</span> <span class='ocrx_word' id='word_1_293' title='bbox 978 4354 1256 4430; x_wconf 67' lang='grc' dir='ltr'>ἐξήγησιν.</span> 
     </span>
    </p>
   </div>
   <div class='ocr_carea' id='block_1_45' title="bbox 404 4440 1946 4523">
    <p class='ocr_par' dir='ltr' id='par_1_45' title="bbox 404 4440 1946 4523">
     <span class='ocr_line' id='line_1_45' title="bbox 404 4440 1946 4523; baseline 0.006 -29"><span class='ocrx_word' id='word_1_294' title='bbox 404 4447 559 4495; x_wconf 86' lang='grc' dir='ltr'>Ἔστι</span> <span class='ocrx_word' id='word_1_295' title='bbox 608 4440 667 4497; x_wconf 70' lang='grc' dir='ltr'>δὲ</span> <span class='ocrx_word' id='word_1_296' title='bbox 716 4453 805 4498; x_wconf 79' lang='grc' dir='ltr'>νῦν</span> <span class='ocrx_word' id='word_1_297' title='bbox 856 4448 887 4505; x_wconf 83' lang='grc' dir='ltr'><strong>ἠ</strong></span> <span class='ocrx_word' id='word_1_298' title='bbox 940 4443 1150 4501; x_wconf 77' lang='grc' dir='ltr'>διάνοια</span> <span class='ocrx_word' id='word_1_299' title='bbox 1220 4455 1311 4501; x_wconf 81' lang='grc' dir='ltr'><strong>τοῦ</strong></span> <span class='ocrx_word' id='word_1_300' title='bbox 1361 4449 1524 4523; x_wconf 81' lang='grc' dir='ltr'><strong>ῥητοῦ</strong></span> <span class='ocrx_word' id='word_1_301' title='bbox 1573 4452 1812 4519; x_wconf 85' lang='grc' dir='ltr'>τοιαύτη,</span> <span class='ocrx_word' id='word_1_302' title='bbox 1868 4452 1946 4505; x_wconf 88' lang='grc' dir='ltr'>ὅτι</span> 
     </span>
    </p>
   </div>
   <div class='ocr_carea' id='block_1_46' title="bbox 2060 584 3723 659">
    <p class='ocr_par' dir='ltr' id='par_1_46' title="bbox 2060 584 3723 659">
     <span class='ocr_line' id='line_1_46' title="bbox 2060 584 3723 659; baseline -0.001 -18"><span class='ocrx_word' id='word_1_303' title='bbox 2060 592 2384 653; x_wconf 86' lang='lat' dir='ltr'><strong>tantum,ne</strong></span> <span class='ocrx_word' id='word_1_304' title='bbox 2399 587 2546 642; x_wconf 88' lang='lat' dir='ltr'><strong>forte</strong></span> <span class='ocrx_word' id='word_1_305' title='bbox 2560 584 3420 659; x_wconf 83' lang='lat' dir='ltr'><strong>publicatusiniprobiorﬁatac</strong></span> <span class='ocrx_word' id='word_1_306' title='bbox 3435 584 3723 657; x_wconf 83' lang='lat' dir='ltr'><strong>incorrigi-</strong></span> 
     </span>
    </p>
   </div>
   <div class='ocr_carea' id='block_1_47' title="bbox 2056 675 2217 732">
    <p class='ocr_par' dir='ltr' id='par_1_47' title="bbox 2056 675 2217 732">
     <span class='ocr_line' id='line_1_47' title="bbox 2056 675 2217 732; baseline -0.019 0"><span class='ocrx_word' id='word_1_307' title='bbox 2056 675 2217 732; x_wconf 83' lang='lat' dir='ltr'><strong>bilis.</strong></span> 
     </span>
    </p>
   </div>
   <div class='ocr_carea' id='block_1_48' title="bbox 2134 782 3719 852">
    <p class='ocr_par' dir='ltr' id='par_1_48' title="bbox 2134 782 3719 852">
     <span class='ocr_line' id='line_1_48' title="bbox 2134 782 3719 852; baseline 0.003 -19"><span class='ocrx_word' id='word_1_308' title='bbox 2134 786 2292 839; x_wconf 91' lang='lat' dir='ltr'><strong>Vers.</strong></span> <span class='ocrx_word' id='word_1_309' title='bbox 2322 785 2407 839; x_wconf 76' lang='grc'>15.</span> <span class='ocrx_word' id='word_1_310' title='bbox 2443 784 2512 840; x_wconf 83' lang='lat' dir='ltr'><strong>Si</strong></span> <span class='ocrx_word' id='word_1_311' title='bbox 2536 814 2607 825; x_wconf 88' lang='lat'><strong>—</strong></span> <span class='ocrx_word' id='word_1_312' title='bbox 2635 787 2822 839; x_wconf 78' lang='lat' dir='ltr'><strong>mum.</strong></span> <span class='ocrx_word' id='word_1_313' title='bbox 2845 783 2898 841; x_wconf 90' lang='lat' dir='ltr'><strong>Si</strong></span> <span class='ocrx_word' id='word_1_314' title='bbox 2927 783 3033 839; x_wconf 89' lang='lat' dir='ltr'><strong>tibi</strong></span> <span class='ocrx_word' id='word_1_315' title='bbox 3074 782 3365 839; x_wconf 86' lang='lat' dir='ltr'><strong>obedierit</strong></span> <span class='ocrx_word' id='word_1_316' title='bbox 3405 782 3719 852; x_wconf 80' lang='lat' dir='ltr'><strong>corrigenti</strong></span> 
     </span>
    </p>
   </div>
   <div class='ocr_carea' id='block_1_49' title="bbox 2057 871 3718 945">
    <p class='ocr_par' dir='ltr' id='par_1_49' title="bbox 2057 871 3718 945">
     <span class='ocr_line' id='line_1_49' title="bbox 2057 871 3718 945; baseline -0.002 -17"><span class='ocrx_word' id='word_1_317' title='bbox 2057 871 2509 945; x_wconf 88' lang='lat' dir='ltr'><strong>resipueritque,</strong></span> <span class='ocrx_word' id='word_1_318' title='bbox 2528 888 2597 928; x_wconf 90' lang='lat' dir='ltr'><strong>ac</strong></span> <span class='ocrx_word' id='word_1_319' title='bbox 2611 871 2876 944; x_wconf 90' lang='lat' dir='ltr'><strong>seipsum</strong></span> <span class='ocrx_word' id='word_1_320' title='bbox 2900 871 3407 936; x_wconf 87' lang='lat' dir='ltr'><strong>condemnaverit,</strong></span> <span class='ocrx_word' id='word_1_321' title='bbox 3429 886 3718 941; x_wconf 85' lang='lat' dir='ltr'><strong>magnum</strong></span> 
     </span>
    </p>
   </div>
   <div class='ocr_carea' id='block_1_50' title="bbox 2060 960 3718 1034">
    <p class='ocr_par' dir='ltr' id='par_1_50' title="bbox 2060 960 3718 1034">
     <span class='ocr_line' id='line_1_50' title="bbox 2060 960 3718 1034; baseline -0.002 -16"><span class='ocrx_word' id='word_1_322' title='bbox 2060 961 2241 1018; x_wconf 85' lang='lat' dir='ltr'><strong>fecisti</strong></span> <span class='ocrx_word' id='word_1_323' title='bbox 2264 961 2743 1034; x_wconf 91' lang='lat' dir='ltr'><strong>lucrum,ipsum</strong></span> <span class='ocrx_word' id='word_1_324' title='bbox 2764 960 3285 1017; x_wconf 85' lang='lat' dir='ltr'><strong>videlicetfratrem</strong></span> <span class='ocrx_word' id='word_1_325' title='bbox 3315 965 3503 1028; x_wconf 90' lang='lat' dir='ltr'><strong>tuum,</strong></span> <span class='ocrx_word' id='word_1_326' title='bbox 3532 976 3718 1016; x_wconf 83' lang='lat' dir='ltr'><strong>mem-</strong></span> 
     </span>
    </p>
   </div>
   <div class='ocr_carea' id='block_1_51' title="bbox 2057 1049 3714 1125">
    <p class='ocr_par' dir='ltr' id='par_1_51' title="bbox 2057 1049 3714 1125">
     <span class='ocr_line' id='line_1_51' title="bbox 2057 1049 3714 1125; baseline -0.001 -18"><span class='ocrx_word' id='word_1_327' title='bbox 2057 1050 2232 1107; x_wconf 87' lang='lat' dir='ltr'><strong>brum</strong></span> <span class='ocrx_word' id='word_1_328' title='bbox 2262 1055 2452 1107; x_wconf 87' lang='lat' dir='ltr'><strong>tuum.</strong></span> <span class='ocrx_word' id='word_1_329' title='bbox 2496 1051 2665 1107; x_wconf 87' lang='lat' dir='ltr'><strong>Hunc</strong></span> <span class='ocrx_word' id='word_1_330' title='bbox 2694 1052 2855 1107; x_wconf 91' lang='lat' dir='ltr'><strong>enim</strong></span> <span class='ocrx_word' id='word_1_331' title='bbox 2886 1050 3233 1123; x_wconf 81' lang='lat' dir='ltr'><strong>perdideras</strong></span> <span class='ocrx_word' id='word_1_332' title='bbox 3259 1054 3502 1125; x_wconf 78' lang='lat' dir='ltr'><strong>propter</strong></span> <span class='ocrx_word' id='word_1_333' title='bbox 3531 1049 3714 1105; x_wconf 77' lang='lat' dir='ltr'><strong>offen-</strong></span> 
     </span>
    </p>
   </div>
   <div class='ocr_carea' id='block_1_52' title="bbox 2056 1136 3716 1212">
    <p class='ocr_par' dir='ltr' id='par_1_52' title="bbox 2056 1136 3716 1212">
     <span class='ocr_line' id='line_1_52' title="bbox 2056 1136 3716 1212; baseline -0.001 -17"><span class='ocrx_word' id='word_1_334' title='bbox 2056 1139 2337 1205; x_wconf 89' lang='lat' dir='ltr'><strong>diculum,</strong></span> <span class='ocrx_word' id='word_1_335' title='bbox 2350 1140 2655 1197; x_wconf 88' lang='lat' dir='ltr'><strong>divulsum</strong></span> <span class='ocrx_word' id='word_1_336' title='bbox 2669 1156 2703 1197; x_wconf 90' lang='lat' dir='ltr'><strong>a</strong></span> <span class='ocrx_word' id='word_1_337' title='bbox 2716 1140 2971 1198; x_wconf 89' lang='lat' dir='ltr'><strong>fraterna</strong></span> <span class='ocrx_word' id='word_1_338' title='bbox 2983 1140 3115 1212; x_wconf 91' lang='lat' dir='ltr'><strong>conj</strong></span> <span class='ocrx_word' id='word_1_339' title='bbox 3127 1139 3397 1196; x_wconf 84' lang='lat' dir='ltr'><strong>unctione</strong></span> <span class='ocrx_word' id='word_1_340' title='bbox 3412 1144 3533 1204; x_wconf 87' lang='lat' dir='ltr'><strong>tua,</strong></span> <span class='ocrx_word' id='word_1_341' title='bbox 3551 1136 3716 1212; x_wconf 92' lang='lat' dir='ltr'><strong>quod</strong></span> 
     </span>
    </p>
   </div>
   <div class='ocr_carea' id='block_1_53' title="bbox 2056 1228 3569 1303">
    <p class='ocr_par' dir='ltr' id='par_1_53' title="bbox 2056 1228 3569 1303">
     <span class='ocr_line' id='line_1_53' title="bbox 2056 1228 3569 1303; baseline -0.001 -18"><span class='ocrx_word' id='word_1_342' title='bbox 2056 1230 2283 1301; x_wconf 79' lang='lat' dir='ltr'><strong>grande</strong></span> <span class='ocrx_word' id='word_1_343' title='bbox 2324 1229 2616 1287; x_wconf 86' lang='lat' dir='ltr'><strong>damnum</strong></span> <span class='ocrx_word' id='word_1_344' title='bbox 2648 1234 2735 1285; x_wconf 89' lang='lat' dir='ltr'><strong>est</strong></span> <span class='ocrx_word' id='word_1_345' title='bbox 2760 1230 2853 1286; x_wconf 88' lang='lat' dir='ltr'><strong>his</strong></span> <span class='ocrx_word' id='word_1_346' title='bbox 2873 1230 2977 1303; x_wconf 89' lang='lat' dir='ltr'><strong>qui</strong></span> <span class='ocrx_word' id='word_1_347' title='bbox 3019 1244 3157 1285; x_wconf 88' lang='lat' dir='ltr'><strong>vere</strong></span> <span class='ocrx_word' id='word_1_348' title='bbox 3178 1228 3386 1286; x_wconf 80' lang='lat' dir='ltr'><strong>fratres</strong></span> <span class='ocrx_word' id='word_1_349' title='bbox 3411 1231 3569 1284; x_wconf 91' lang='lat' dir='ltr'><strong>sunt.</strong></span> 
     </span>
    </p>
   </div>
   <div class='ocr_carea' id='block_1_54' title="bbox 2124 1338 2870 1395">
    <p class='ocr_par' dir='ltr' id='par_1_54' title="bbox 2124 1338 2870 1395">
     <span class='ocr_line' id='line_1_54' title="bbox 2124 1338 2870 1395; baseline 0 -2"><span class='ocrx_word' id='word_1_350' title='bbox 2124 1338 2290 1393; x_wconf 80' lang='lat' dir='ltr'><strong>Vers.</strong></span> <span class='ocrx_word' id='word_1_351' title='bbox 2314 1340 2402 1395; x_wconf 87' lang='grc'><strong>16.</strong></span> <span class='ocrx_word' id='word_1_352' title='bbox 2440 1339 2507 1395; x_wconf 77' lang='lat' dir='ltr'><strong>Si</strong></span> <span class='ocrx_word' id='word_1_353' title='bbox 2528 1370 2597 1378; x_wconf 93' lang='lat'><strong>—</strong></span> <span class='ocrx_word' id='word_1_354' title='bbox 2620 1338 2870 1394; x_wconf 80' lang='lat' dir='ltr'><strong>verbum.</strong></span> 
     </span>
    </p>
   </div>
   <div class='ocr_carea' id='block_1_55' title="bbox 2056 1424 3718 1493">
    <p class='ocr_par' dir='ltr' id='par_1_55' title="bbox 2056 1424 3718 1493">
     <span class='ocr_line' id='line_1_55' title="bbox 2056 1424 3718 1493; baseline -0.002 -11"><span class='ocrx_word' id='word_1_355' title='bbox 2056 1442 2285 1492; x_wconf 87' lang='lat' dir='ltr'><strong>curare,</strong></span> <span class='ocrx_word' id='word_1_356' title='bbox 2318 1443 2559 1483; x_wconf 82' lang='lat' dir='ltr'><strong>assume</strong></span> <span class='ocrx_word' id='word_1_357' title='bbox 2601 1432 2796 1483; x_wconf 83' lang='lat' dir='ltr'><strong>tecum</strong></span> <span class='ocrx_word' id='word_1_358' title='bbox 2840 1427 3040 1483; x_wconf 89' lang='lat' dir='ltr'><strong>adhuc</strong></span> <span class='ocrx_word' id='word_1_359' title='bbox 3087 1442 3207 1481; x_wconf 89' lang='lat' dir='ltr'><strong>non</strong></span> <span class='ocrx_word' id='word_1_360' title='bbox 3247 1426 3485 1493; x_wconf 82' lang='lat' dir='ltr'><strong>multos,</strong></span> <span class='ocrx_word' id='word_1_361' title='bbox 3522 1441 3592 1481; x_wconf 89' lang='lat' dir='ltr'><strong>ne</strong></span> <span class='ocrx_word' id='word_1_362' title='bbox 3623 1424 3718 1480; x_wconf 89' lang='lat' dir='ltr'><strong>ille</strong></span> 
     </span>
    </p>
   </div>
   <div class='ocr_carea' id='block_1_56' title="bbox 2053 1514 3716 1589">
    <p class='ocr_par' dir='ltr' id='par_1_56' title="bbox 2053 1514 3716 1589">
     <span class='ocr_line' id='line_1_56' title="bbox 2053 1514 3716 1589; baseline -0.001 -19"><span class='ocrx_word' id='word_1_363' title='bbox 2053 1515 2350 1588; x_wconf 85' lang='lat' dir='ltr'><strong>publicari</strong></span> <span class='ocrx_word' id='word_1_364' title='bbox 2379 1532 2441 1571; x_wconf 92' lang='lat' dir='ltr'><strong>se</strong></span> <span class='ocrx_word' id='word_1_365' title='bbox 2466 1522 2771 1589; x_wconf 86' lang='lat' dir='ltr'><strong>reputans,</strong></span> <span class='ocrx_word' id='word_1_366' title='bbox 2798 1517 3007 1571; x_wconf 87' lang='lat' dir='ltr'><strong>durioa</strong></span> <span class='ocrx_word' id='word_1_367' title='bbox 3028 1515 3357 1582; x_wconf 72' lang='lat' dir='ltr'><strong>efficiatur;</strong></span> <span class='ocrx_word' id='word_1_368' title='bbox 3393 1514 3498 1568; x_wconf 84' lang='lat' dir='ltr'><strong>sed</strong></span> <span class='ocrx_word' id='word_1_369' title='bbox 3530 1529 3716 1568; x_wconf 88' lang='lat' dir='ltr'><strong>unum</strong></span> 
     </span>
    </p>
   </div>
   <div class='ocr_carea' id='block_1_57' title="bbox 2057 1602 3721 1677">
    <p class='ocr_par' dir='ltr' id='par_1_57' title="bbox 2057 1602 3721 1677">
     <span class='ocr_line' id='line_1_57' title="bbox 2057 1602 3721 1677; baseline -0.002 -16"><span class='ocrx_word' id='word_1_370' title='bbox 2057 1606 2326 1661; x_wconf 85' lang='lat' dir='ltr'><strong>autduos</strong></span> <span class='ocrx_word' id='word_1_371' title='bbox 2357 1605 2753 1670; x_wconf 81' lang='lat' dir='ltr'><strong>auxiliatores,</strong></span> <span class='ocrx_word' id='word_1_372' title='bbox 2781 1610 2844 1661; x_wconf 91' lang='lat' dir='ltr'><strong>ut</strong></span> <span class='ocrx_word' id='word_1_373' title='bbox 2867 1606 2915 1660; x_wconf 91' lang='lat' dir='ltr'><strong>si</strong></span> <span class='ocrx_word' id='word_1_374' title='bbox 2933 1604 3343 1677; x_wconf 86' lang='lat' dir='ltr'><strong>perduraverit</strong></span> <span class='ocrx_word' id='word_1_375' title='bbox 3370 1619 3489 1658; x_wconf 86' lang='lat' dir='ltr'><strong>non</strong></span> <span class='ocrx_word' id='word_1_376' title='bbox 3521 1602 3721 1657; x_wconf 88' lang='lat' dir='ltr'><strong>molle-</strong></span> 
     </span>
    </p>
   </div>
   <div class='ocr_carea' id='block_1_58' title="bbox 2058 1690 3721 1757">
    <p class='ocr_par' dir='ltr' id='par_1_58' title="bbox 2058 1690 3721 1757">
     <span class='ocr_line' id='line_1_58' title="bbox 2058 1690 3721 1757; baseline -0.001 -9"><span class='ocrx_word' id='word_1_377' title='bbox 2058 1709 2218 1757; x_wconf 89' lang='lat' dir='ltr'><strong>cens,</strong></span> <span class='ocrx_word' id='word_1_378' title='bbox 2263 1695 2380 1750; x_wconf 89' lang='lat' dir='ltr'><strong>sint</strong></span> <span class='ocrx_word' id='word_1_379' title='bbox 2412 1696 2578 1751; x_wconf 84' lang='lat' dir='ltr'><strong>etiam</strong></span> <span class='ocrx_word' id='word_1_380' title='bbox 2607 1699 2778 1750; x_wconf 87' lang='lat' dir='ltr'><strong>testes</strong></span> <span class='ocrx_word' id='word_1_381' title='bbox 2808 1700 2926 1750; x_wconf 65' lang='lat' dir='ltr'><strong>tua:</strong></span> <span class='ocrx_word' id='word_1_382' title='bbox 2962 1692 3445 1749; x_wconf 86' lang='lat' dir='ltr'><strong>mansuetudinis</strong></span> <span class='ocrx_word' id='word_1_383' title='bbox 3468 1698 3524 1748; x_wconf 90' lang='lat' dir='ltr'><strong>et</strong></span> <span class='ocrx_word' id='word_1_384' title='bbox 3560 1690 3721 1747; x_wconf 90' lang='lat' dir='ltr'><strong>duri-</strong></span> 
     </span>
    </p>
   </div>
   <div class='ocr_carea' id='block_1_59' title="bbox 2059 1781 3720 1856">
    <p class='ocr_par' dir='ltr' id='par_1_59' title="bbox 2059 1781 3720 1856">
     <span class='ocr_line' id='line_1_59' title="bbox 2059 1781 3720 1856; baseline -0.001 -18"><span class='ocrx_word' id='word_1_385' title='bbox 2059 1784 2153 1838; x_wconf 90' lang='lat' dir='ltr'><strong>tiei</strong></span> <span class='ocrx_word' id='word_1_386' title='bbox 2184 1783 2362 1848; x_wconf 90' lang='lat' dir='ltr'><strong>illius,</strong></span> <span class='ocrx_word' id='word_1_387' title='bbox 2408 1788 2589 1856; x_wconf 84' lang='lat' dir='ltr'><strong>utque</strong></span> <span class='ocrx_word' id='word_1_388' title='bbox 2618 1784 2788 1854; x_wconf 82' lang='lat' dir='ltr'><strong>juxta</strong></span> <span class='ocrx_word' id='word_1_389' title='bbox 2844 1785 3054 1839; x_wconf 83' lang='lat' dir='ltr'><strong>veteris</strong></span> <span class='ocrx_word' id='word_1_390' title='bbox 3084 1783 3232 1851; x_wconf 84' lang='lat' dir='ltr'><strong>legis</strong></span> <span class='ocrx_word' id='word_1_391' title='bbox 3265 1782 3623 1836; x_wconf 88' lang='lat' dir='ltr'><strong>sententiam</strong></span> <span class='ocrx_word' id='word_1_392' title='bbox 3658 1781 3720 1837; x_wconf 91' lang='lat' dir='ltr'><strong>in</strong></span> 
     </span>
    </p>
   </div>
   <div class='ocr_carea' id='block_1_60' title="bbox 2058 1870 3719 1945">
    <p class='ocr_par' dir='ltr' id='par_1_60' title="bbox 2058 1870 3719 1945">
     <span class='ocr_line' id='line_1_60' title="bbox 2058 1870 3719 1945; baseline -0.002 -16"><span class='ocrx_word' id='word_1_393' title='bbox 2058 1888 2160 1929; x_wconf 91' lang='lat' dir='ltr'><strong>ore</strong></span> <span class='ocrx_word' id='word_1_394' title='bbox 2188 1873 2309 1929; x_wconf 90' lang='lat' dir='ltr'><strong>sive</strong></span> <span class='ocrx_word' id='word_1_395' title='bbox 2340 1889 2446 1945; x_wconf 90' lang='lat' dir='ltr'><strong>per</strong></span> <span class='ocrx_word' id='word_1_396' title='bbox 2475 1890 2542 1929; x_wconf 89' lang='lat' dir='ltr'><strong>os</strong></span> <span class='ocrx_word' id='word_1_397' title='bbox 2571 1873 2829 1928; x_wconf 89' lang='lat' dir='ltr'><strong>duorum</strong></span> <span class='ocrx_word' id='word_1_398' title='bbox 2856 1873 3090 1929; x_wconf 80' lang='lat' dir='ltr'><strong>testium</strong></span> <span class='ocrx_word' id='word_1_399' title='bbox 3109 1872 3203 1927; x_wconf 85' lang='lat' dir='ltr'><strong>vel</strong></span> <span class='ocrx_word' id='word_1_400' title='bbox 3226 1872 3419 1936; x_wconf 85' lang='lat' dir='ltr'><strong>trium,</strong></span> <span class='ocrx_word' id='word_1_401' title='bbox 3447 1875 3578 1941; x_wconf 88' lang='lat' dir='ltr'><strong>stet,</strong></span> <span class='ocrx_word' id='word_1_402' title='bbox 3603 1870 3719 1926; x_wconf 89' lang='lat' dir='ltr'><strong>hoc</strong></span> 
     </span>
    </p>
   </div>
   <div class='ocr_carea' id='block_1_61' title="bbox 2058 1960 3717 2034">
    <p class='ocr_par' dir='ltr' id='par_1_61' title="bbox 2058 1960 3717 2034">
     <span class='ocr_line' id='line_1_61' title="bbox 2058 1960 3717 2034; baseline -0.001 -17"><span class='ocrx_word' id='word_1_403' title='bbox 2058 1967 2166 2029; x_wconf 89' lang='lat' dir='ltr'><strong>est,</strong></span> <span class='ocrx_word' id='word_1_404' title='bbox 2199 1963 2777 2019; x_wconf 84' lang='lat' dir='ltr'><strong>conﬁrmeturomne</strong></span> <span class='ocrx_word' id='word_1_405' title='bbox 2796 1963 3065 2028; x_wconf 88' lang='lat' dir='ltr'><strong>verbum,</strong></span> <span class='ocrx_word' id='word_1_406' title='bbox 3095 1967 3310 2034; x_wconf 86' lang='lat' dir='ltr'><strong>putate</strong></span> <span class='ocrx_word' id='word_1_407' title='bbox 3330 1960 3537 2016; x_wconf 85' lang='lat' dir='ltr'><strong>fecisse</strong></span> <span class='ocrx_word' id='word_1_408' title='bbox 3554 1960 3717 2032; x_wconf 91' lang='lat' dir='ltr'><strong>quod</strong></span> 
     </span>
    </p>
   </div>
   <div class='ocr_carea' id='block_1_62' title="bbox 2054 2048 3715 2125">
    <p class='ocr_par' dir='ltr' id='par_1_62' title="bbox 2054 2048 3715 2125">
     <span class='ocr_line' id='line_1_62' title="bbox 2054 2048 3715 2125; baseline -0.002 -17"><span class='ocrx_word' id='word_1_409' title='bbox 2054 2051 2117 2108; x_wconf 91' lang='lat' dir='ltr'><strong>in</strong></span> <span class='ocrx_word' id='word_1_410' title='bbox 2147 2056 2202 2109; x_wconf 89' lang='lat' dir='ltr'><strong>te</strong></span> <span class='ocrx_word' id='word_1_411' title='bbox 2252 2057 2355 2119; x_wconf 89' lang='lat' dir='ltr'><strong>est,</strong></span> <span class='ocrx_word' id='word_1_412' title='bbox 2405 2052 2672 2125; x_wconf 89' lang='lat' dir='ltr'><strong>nihilque</strong></span> <span class='ocrx_word' id='word_1_413' title='bbox 2732 2052 3179 2124; x_wconf 72' lang='lat' dir='ltr'><strong>praetermisisse</strong></span> <span class='ocrx_word' id='word_1_414' title='bbox 3213 2067 3224 2105; x_wconf 88' lang='lat'>:</span> <span class='ocrx_word' id='word_1_415' title='bbox 3253 2050 3507 2124; x_wconf 75' lang='lat' dir='ltr'><strong>primum</strong></span> <span class='ocrx_word' id='word_1_416' title='bbox 3552 2048 3715 2104; x_wconf 89' lang='lat' dir='ltr'><strong>enim</strong></span> 
     </span>
    </p>
   </div>
   <div class='ocr_carea' id='block_1_63' title="bbox 2055 2140 3718 2213">
    <p class='ocr_par' dir='ltr' id='par_1_63' title="bbox 2055 2140 3718 2213">
     <span class='ocr_line' id='line_1_63' title="bbox 2055 2140 3718 2213; baseline -0.002 -16"><span class='ocrx_word' id='word_1_417' title='bbox 2055 2140 2219 2198; x_wconf 87' lang='lat' dir='ltr'><strong>solus</strong></span> <span class='ocrx_word' id='word_1_418' title='bbox 2248 2141 2443 2198; x_wconf 87' lang='lat' dir='ltr'><strong>abiisti</strong></span> <span class='ocrx_word' id='word_1_419' title='bbox 2466 2142 2545 2198; x_wconf 89' lang='lat' dir='ltr'><strong>ad</strong></span> <span class='ocrx_word' id='word_1_420' title='bbox 2585 2158 2746 2207; x_wconf 90' lang='lat' dir='ltr'><strong>eum,</strong></span> <span class='ocrx_word' id='word_1_421' title='bbox 2779 2142 2995 2199; x_wconf 90' lang='lat' dir='ltr'><strong>deinde</strong></span> <span class='ocrx_word' id='word_1_422' title='bbox 3052 2140 3180 2197; x_wconf 85' lang='lat' dir='ltr'><strong>aliis</strong></span> <span class='ocrx_word' id='word_1_423' title='bbox 3210 2155 3453 2213; x_wconf 77' lang='lat' dir='ltr'><strong>quoque</strong></span> <span class='ocrx_word' id='word_1_424' title='bbox 3486 2154 3718 2194; x_wconf 85' lang='lat' dir='ltr'><strong>assum-</strong></span> 
     </span>
    </p>
   </div>
   <div class='ocr_carea' id='block_1_64' title="bbox 2054 2231 2190 2303">
    <p class='ocr_par' dir='ltr' id='par_1_64' title="bbox 2054 2231 2190 2303">
     <span class='ocr_line' id='line_1_64' title="bbox 2054 2231 2190 2303; baseline -0.007 -16"><span class='ocrx_word' id='word_1_425' title='bbox 2054 2231 2190 2303; x_wconf 87' lang='lat' dir='ltr'><strong>ptis.</strong></span> 
     </span>
    </p>
   </div>
   <div class='ocr_carea' id='block_1_65' title="bbox 2124 2338 3716 2409">
    <p class='ocr_par' dir='ltr' id='par_1_65' title="bbox 2124 2338 3716 2409">
     <span class='ocr_line' id='line_1_65' title="bbox 2124 2338 3716 2409; baseline 0.001 -16"><span class='ocrx_word' id='word_1_426' title='bbox 2124 2340 2288 2395; x_wconf 87' lang='lat' dir='ltr'><strong>Vers.</strong></span> <span class='ocrx_word' id='word_1_427' title='bbox 2304 2340 2390 2394; x_wconf 85' lang='grc'>17.</span> <span class='ocrx_word' id='word_1_428' title='bbox 2409 2339 2633 2409; x_wconf 79' lang='lat' dir='ltr'><strong>Quodsi</strong></span> <span class='ocrx_word' id='word_1_429' title='bbox 2646 2340 3017 2397; x_wconf 72' lang='lat' dir='ltr'><strong>-Eccle:iae.</strong></span> <span class='ocrx_word' id='word_1_430' title='bbox 3036 2338 3354 2395; x_wconf 90' lang='lat' dir='ltr'><strong>Ecclesiam</strong></span> <span class='ocrx_word' id='word_1_431' title='bbox 3370 2352 3529 2393; x_wconf 91' lang='lat' dir='ltr'><strong>nunc</strong></span> <span class='ocrx_word' id='word_1_432' title='bbox 3540 2340 3716 2394; x_wconf 89' lang='lat' dir='ltr'><strong>vocat</strong></span> 
     </span>
    </p>
   </div>
   <div class='ocr_carea' id='block_1_66' title="bbox 2055 2426 3716 2502">
    <p class='ocr_par' dir='ltr' id='par_1_66' title="bbox 2055 2426 3716 2502">
     <span class='ocr_line' id='line_1_66' title="bbox 2055 2426 3716 2502; baseline -0.002 -18"><span class='ocrx_word' id='word_1_433' title='bbox 2055 2429 2341 2502; x_wconf 81' lang='lat' dir='ltr'><strong>praesides</strong></span> <span class='ocrx_word' id='word_1_434' title='bbox 2362 2429 2631 2486; x_wconf 87' lang='lat' dir='ltr'><strong>ﬁdelium</strong></span> <span class='ocrx_word' id='word_1_435' title='bbox 2655 2430 2954 2487; x_wconf 75' lang='lat' dir='ltr'><strong>Ecclesiae.</strong></span> <span class='ocrx_word' id='word_1_436' title='bbox 2988 2429 3281 2497; x_wconf 81' lang='lat' dir='ltr'><strong>Renuntia</strong></span> <span class='ocrx_word' id='word_1_437' title='bbox 3311 2426 3426 2483; x_wconf 86' lang='lat' dir='ltr'><strong>illis</strong></span> <span class='ocrx_word' id='word_1_438' title='bbox 3451 2442 3587 2499; x_wconf 84' lang='lat' dir='ltr'><strong>quae</strong></span> <span class='ocrx_word' id='word_1_439' title='bbox 3609 2426 3716 2483; x_wconf 90' lang='lat' dir='ltr'><strong>cir-</strong></span> 
     </span>
    </p>
   </div>
   <div class='ocr_carea' id='block_1_67' title="bbox 2057 2518 3715 2593">
    <p class='ocr_par' dir='ltr' id='par_1_67' title="bbox 2057 2518 3715 2593">
     <span class='ocr_line' id='line_1_67' title="bbox 2057 2518 3715 2593; baseline -0.002 -17"><span class='ocrx_word' id='word_1_440' title='bbox 2057 2520 2295 2576; x_wconf 90' lang='lat' dir='ltr'><strong>cahunc</strong></span> <span class='ocrx_word' id='word_1_441' title='bbox 2321 2526 2598 2593; x_wconf 85' lang='lat' dir='ltr'><strong>aguntur.</strong></span> <span class='ocrx_word' id='word_1_442' title='bbox 2618 2521 2995 2578; x_wconf 82' lang='lat' dir='ltr'><strong>Fortassisilli</strong></span> <span class='ocrx_word' id='word_1_443' title='bbox 3027 2518 3432 2577; x_wconf 84' lang='lat' dir='ltr'><strong>immutabunt</strong></span> <span class='ocrx_word' id='word_1_444' title='bbox 3462 2533 3599 2574; x_wconf 90' lang='lat' dir='ltr'><strong>eum</strong></span> <span class='ocrx_word' id='word_1_445' title='bbox 3617 2533 3715 2573; x_wconf 90' lang='lat' dir='ltr'><strong>ve-</strong></span> 
     </span>
    </p>
   </div>
   <div class='ocr_carea' id='block_1_68' title="bbox 2055 2610 2942 2684">
    <p class='ocr_par' dir='ltr' id='par_1_68' title="bbox 2055 2610 2942 2684">
     <span class='ocr_line' id='line_1_68' title="bbox 2055 2610 2942 2684; baseline -0.001 -18"><span class='ocrx_word' id='word_1_446' title='bbox 2055 2610 2235 2666; x_wconf 87' lang='lat' dir='ltr'><strong>ritmn</strong></span> <span class='ocrx_word' id='word_1_447' title='bbox 2266 2610 2617 2681; x_wconf 84' lang='lat' dir='ltr'><strong>dignitatem</strong></span> <span class='ocrx_word' id='word_1_448' title='bbox 2650 2612 2942 2684; x_wconf 90' lang='lat' dir='ltr'><strong>ipsorum.</strong></span> 
     </span>
    </p>
   </div>
   <div class='ocr_carea' id='block_1_69' title="bbox 2128 2716 3713 2791">
    <p class='ocr_par' dir='ltr' id='par_1_69' title="bbox 2128 2716 3713 2791">
     <span class='ocr_line' id='line_1_69' title="bbox 2128 2716 3713 2791; baseline -0.001 -18"><span class='ocrx_word' id='word_1_449' title='bbox 2128 2718 2293 2774; x_wconf 89' lang='lat' dir='ltr'><strong>Vers.</strong></span> <span class='ocrx_word' id='word_1_450' title='bbox 2317 2718 2405 2773; x_wconf 78' lang='grc'>17.</span> <span class='ocrx_word' id='word_1_451' title='bbox 2424 2718 2606 2774; x_wconf 85' lang='lat' dir='ltr'><strong>Porro</strong></span> <span class='ocrx_word' id='word_1_452' title='bbox 2625 2718 2677 2774; x_wconf 74' lang='lat' dir='ltr'><strong>si</strong></span> <span class='ocrx_word' id='word_1_453' title='bbox 2705 2749 2767 2759; x_wconf 90' lang='lat'><strong>-—</strong></span> <span class='ocrx_word' id='word_1_454' title='bbox 2789 2719 3170 2789; x_wconf 80' lang='lat' dir='ltr'><strong>publicanus.</strong></span> <span class='ocrx_word' id='word_1_455' title='bbox 3201 2717 3281 2775; x_wconf 92' lang='lat' dir='ltr'><strong>Sit</strong></span> <span class='ocrx_word' id='word_1_456' title='bbox 3306 2717 3407 2774; x_wconf 90' lang='lat' dir='ltr'><strong>tibi</strong></span> <span class='ocrx_word' id='word_1_457' title='bbox 3430 2716 3713 2791; x_wconf 84' lang='lat' dir='ltr'><strong>deinceps</strong></span> 
     </span>
    </p>
   </div>
   <div class='ocr_carea' id='block_1_70' title="bbox 2066 2806 3713 2881">
    <p class='ocr_par' dir='ltr' id='par_1_70' title="bbox 2066 2806 3713 2881">
     <span class='ocr_line' id='line_1_70' title="bbox 2066 2806 3713 2881; baseline -0.001 -18"><span class='ocrx_word' id='word_1_458' title='bbox 2066 2806 2789 2874; x_wconf 88' lang='lat' dir='ltr'><strong>incommumunicabilis,</strong></span> <span class='ocrx_word' id='word_1_459' title='bbox 2815 2825 2947 2865; x_wconf 93' lang='lat' dir='ltr'><strong>cum</strong></span> <span class='ocrx_word' id='word_1_460' title='bbox 2978 2825 3095 2881; x_wconf 90' lang='lat' dir='ltr'><strong>quo</strong></span> <span class='ocrx_word' id='word_1_461' title='bbox 3126 2807 3355 2863; x_wconf 87' lang='lat' dir='ltr'><strong>nullam</strong></span> <span class='ocrx_word' id='word_1_462' title='bbox 3388 2807 3552 2863; x_wconf 89' lang='lat' dir='ltr'><strong>ineas</strong></span> <span class='ocrx_word' id='word_1_463' title='bbox 3581 2807 3713 2863; x_wconf 71' lang='lat' dir='ltr'><strong>vitm</strong></span> 
     </span>
    </p>
   </div>
   <div class='ocr_carea' id='block_1_71' title="bbox 2056 2896 3714 2970">
    <p class='ocr_par' dir='ltr' id='par_1_71' title="bbox 2056 2896 3714 2970">
     <span class='ocr_line' id='line_1_71' title="bbox 2056 2896 3714 2970; baseline 0.001 -20"><span class='ocrx_word' id='word_1_464' title='bbox 2056 2896 2417 2960; x_wconf 85' lang='lat' dir='ltr'><strong>societatem,</strong></span> <span class='ocrx_word' id='word_1_465' title='bbox 2446 2902 2725 2970; x_wconf 89' lang='lat' dir='ltr'><strong>tanquam</strong></span> <span class='ocrx_word' id='word_1_466' title='bbox 2754 2897 3196 2953; x_wconf 89' lang='lat' dir='ltr'><strong>immedicabili.</strong></span> <span class='ocrx_word' id='word_1_467' title='bbox 3219 2897 3471 2954; x_wconf 83' lang='lat' dir='ltr'><strong>Ethnicis</strong></span> <span class='ocrx_word' id='word_1_468' title='bbox 3514 2901 3714 2951; x_wconf 88' lang='lat' dir='ltr'><strong>autem</strong></span> 
     </span>
    </p>
   </div>
   <div class='ocr_carea' id='block_1_72' title="bbox 2054 2985 3714 3060">
    <p class='ocr_par' dir='ltr' id='par_1_72' title="bbox 2054 2985 3714 3060">
     <span class='ocr_line' id='line_1_72' title="bbox 2054 2985 3714 3060; baseline 0 -20"><span class='ocrx_word' id='word_1_469' title='bbox 2054 2985 2396 3041; x_wconf 80' lang='lat' dir='ltr'><strong>infidelibus</strong></span> <span class='ocrx_word' id='word_1_470' title='bbox 2427 2988 2735 3057; x_wconf 81' lang='lat' dir='ltr'><strong>conjunxit</strong></span> <span class='ocrx_word' id='word_1_471' title='bbox 2756 2987 3133 3060; x_wconf 87' lang='lat' dir='ltr'><strong>publicanos,</strong></span> <span class='ocrx_word' id='word_1_472' title='bbox 3176 2991 3419 3058; x_wconf 84' lang='lat' dir='ltr'><strong>propter</strong></span> <span class='ocrx_word' id='word_1_473' title='bbox 3444 2985 3714 3057; x_wconf 70' lang='lat' dir='ltr'><strong>pecunias</strong></span> 
     </span>
    </p>
   </div>
   <div class='ocr_carea' id='block_1_73' title="bbox 2054 3072 3717 3148">
    <p class='ocr_par' dir='ltr' id='par_1_73' title="bbox 2054 3072 3717 3148">
     <span class='ocr_line' id='line_1_73' title="bbox 2054 3072 3717 3148; baseline -0.002 -17"><span class='ocrx_word' id='word_1_474' title='bbox 2054 3090 2323 3131; x_wconf 90' lang='lat' dir='ltr'><strong>amorem</strong></span> <span class='ocrx_word' id='word_1_475' title='bbox 2344 3080 2400 3133; x_wconf 89' lang='lat' dir='ltr'><strong>et</strong></span> <span class='ocrx_word' id='word_1_476' title='bbox 2424 3075 2756 3144; x_wconf 86' lang='lat' dir='ltr'><strong>avaritiam,</strong></span> <span class='ocrx_word' id='word_1_477' title='bbox 2778 3074 3433 3148; x_wconf 87' lang='lat' dir='ltr'><strong>incompassibilitatem</strong></span> <span class='ocrx_word' id='word_1_478' title='bbox 3465 3078 3522 3129; x_wconf 94' lang='lat' dir='ltr'><strong>et</strong></span> <span class='ocrx_word' id='word_1_479' title='bbox 3560 3072 3717 3145; x_wconf 89' lang='lat' dir='ltr'><strong>inju-</strong></span> 
     </span>
    </p>
   </div>
   <div class='ocr_carea' id='block_1_74' title="bbox 2943 1335 3718 1403">
    <p class='ocr_par' dir='ltr' id='par_1_74' title="bbox 2943 1335 3718 1403">
     <span class='ocr_line' id='line_1_74' title="bbox 2943 1335 3718 1403; baseline 0 -12"><span class='ocrx_word' id='word_1_480' title='bbox 2943 1338 3091 1403; x_wconf 87' lang='lat' dir='ltr'><strong>Quia</strong></span> <span class='ocrx_word' id='word_1_481' title='bbox 3122 1337 3282 1393; x_wconf 90' lang='lat' dir='ltr'><strong>solus</strong></span> <span class='ocrx_word' id='word_1_482' title='bbox 3332 1353 3453 1391; x_wconf 87' lang='lat' dir='ltr'><strong>non</strong></span> <span class='ocrx_word' id='word_1_483' title='bbox 3481 1335 3718 1391; x_wconf 87' lang='lat' dir='ltr'><strong>valuisti</strong></span> 
     </span>
    </p>
   </div>
   <div class='ocr_carea' id='block_1_75' title="bbox 1979 3165 2295 3279">
    <p class='ocr_par' dir='ltr' id='par_1_75' title="bbox 1979 3165 2295 3279">
     <span class='ocr_line' id='line_1_75' title="bbox 1979 3165 2295 3279; baseline 0 -59"><span class='ocrx_word' id='word_1_484' title='bbox 1979 3165 2295 3279; x_wconf 41' lang='lat' dir='ltr'><strong>Q&#39;stitiam.</strong></span> 
     </span>
    </p>
   </div>
   <div class='ocr_carea' id='block_1_76' title="bbox 2124 3271 3713 3346">
    <p class='ocr_par' dir='ltr' id='par_1_76' title="bbox 2124 3271 3713 3346">
     <span class='ocr_line' id='line_1_76' title="bbox 2124 3271 3713 3346; baseline -0.001 -18"><span class='ocrx_word' id='word_1_485' title='bbox 2124 3272 2447 3330; x_wconf 85' lang='lat' dir='ltr'><strong>Audiamus</strong></span> <span class='ocrx_word' id='word_1_486' title='bbox 2462 3289 2603 3345; x_wconf 83' lang='lat' dir='ltr'><strong>ergo</strong></span> <span class='ocrx_word' id='word_1_487' title='bbox 2622 3274 2718 3346; x_wconf 92' lang='lat' dir='ltr'><strong>qui</strong></span> <span class='ocrx_word' id='word_1_488' title='bbox 2732 3272 3071 3345; x_wconf 89' lang='lat' dir='ltr'><strong>hujusmodi</strong></span> <span class='ocrx_word' id='word_1_489' title='bbox 3090 3271 3503 3329; x_wconf 77' lang='lat' dir='ltr'><strong>affectionibus</strong></span> <span class='ocrx_word' id='word_1_490' title='bbox 3516 3287 3713 3327; x_wconf 89' lang='lat' dir='ltr'><strong>sumus</strong></span> 
     </span>
    </p>
   </div>
   <div class='ocr_carea' id='block_1_77' title="bbox 2054 3361 3716 3435">
    <p class='ocr_par' dir='ltr' id='par_1_77' title="bbox 2054 3361 3716 3435">
     <span class='ocr_line' id='line_1_77' title="bbox 2054 3361 3716 3435; baseline -0.001 -17"><span class='ocrx_word' id='word_1_491' title='bbox 2054 3361 2320 3418; x_wconf 82' lang='lat' dir='ltr'><strong>obnoxii.</strong></span> <span class='ocrx_word' id='word_1_492' title='bbox 2343 3363 2483 3418; x_wconf 91' lang='lat' dir='ltr'><strong>Vide</strong></span> <span class='ocrx_word' id='word_1_493' title='bbox 2512 3367 2715 3419; x_wconf 89' lang='lat' dir='ltr'><strong>autem</strong></span> <span class='ocrx_word' id='word_1_494' title='bbox 2742 3366 3037 3435; x_wconf 89' lang='lat' dir='ltr'><strong>quantum</strong></span> <span class='ocrx_word' id='word_1_495' title='bbox 3070 3361 3343 3417; x_wconf 84' lang='lat' dir='ltr'><strong>adhiberi</strong></span> <span class='ocrx_word' id='word_1_496' title='bbox 3377 3361 3621 3432; x_wconf 89' lang='lat' dir='ltr'><strong>jusserit</strong></span> <span class='ocrx_word' id='word_1_497' title='bbox 3650 3364 3716 3416; x_wconf 87' lang='lat' dir='ltr'><strong>ut</strong></span> 
     </span>
    </p>
   </div>
   <div class='ocr_carea' id='block_1_78' title="bbox 2056 3449 3714 3525">
    <p class='ocr_par' dir='ltr' id='par_1_78' title="bbox 2056 3449 3714 3525">
     <span class='ocr_line' id='line_1_78' title="bbox 2056 3449 3714 3525; baseline -0.002 -18"><span class='ocrx_word' id='word_1_498' title='bbox 2056 3451 2429 3521; x_wconf 85' lang='lat' dir='ltr'><strong>corrigantur</strong></span> <span class='ocrx_word' id='word_1_499' title='bbox 2456 3451 2517 3509; x_wconf 92' lang='lat' dir='ltr'><strong>hi</strong></span> <span class='ocrx_word' id='word_1_500' title='bbox 2546 3451 2651 3525; x_wconf 91' lang='lat' dir='ltr'><strong>qui</strong></span> <span class='ocrx_word' id='word_1_501' title='bbox 2680 3450 2892 3508; x_wconf 84' lang='lat' dir='ltr'><strong>fuerint</strong></span> <span class='ocrx_word' id='word_1_502' title='bbox 2920 3449 3284 3507; x_wconf 77' lang='lat' dir='ltr'><strong>offendiculo</strong></span> <span class='ocrx_word' id='word_1_503' title='bbox 3310 3467 3324 3517; x_wconf 91' lang='lat'>;</span> <span class='ocrx_word' id='word_1_504' title='bbox 3354 3465 3489 3506; x_wconf 90' lang='lat' dir='ltr'><strong>cum</strong></span> <span class='ocrx_word' id='word_1_505' title='bbox 3518 3464 3714 3521; x_wconf 91' lang='lat' dir='ltr'><strong>neque</strong></span> 
     </span>
    </p>
   </div>
   <div class='ocr_carea' id='block_1_79' title="bbox 2056 3538 3715 3615">
    <p class='ocr_par' dir='ltr' id='par_1_79' title="bbox 2056 3538 3715 3615">
     <span class='ocr_line' id='line_1_79' title="bbox 2056 3538 3715 3615; baseline -0.002 -19"><span class='ocrx_word' id='word_1_506' title='bbox 2056 3540 2186 3597; x_wconf 90' lang='lat' dir='ltr'><strong>illos</strong></span> <span class='ocrx_word' id='word_1_507' title='bbox 2200 3558 2409 3598; x_wconf 91' lang='lat' dir='ltr'><strong>curare</strong></span> <span class='ocrx_word' id='word_1_508' title='bbox 2432 3542 2852 3608; x_wconf 89' lang='lat' dir='ltr'><strong>sustineamus,</strong></span> <span class='ocrx_word' id='word_1_509' title='bbox 2878 3541 3100 3615; x_wconf 88' lang='lat' dir='ltr'><strong>quibus</strong></span> <span class='ocrx_word' id='word_1_510' title='bbox 3120 3540 3504 3613; x_wconf 61' lang='lat' dir='ltr'><strong>praestitimus</strong></span> <span class='ocrx_word' id='word_1_511' title='bbox 3529 3538 3715 3594; x_wconf 75' lang='lat' dir='ltr'><strong>offen-</strong></span> 
     </span>
    </p>
   </div>
   <div class='ocr_carea' id='block_1_80' title="bbox 2058 3628 3713 3702">
    <p class='ocr_par' dir='ltr' id='par_1_80' title="bbox 2058 3628 3713 3702">
     <span class='ocr_line' id='line_1_80' title="bbox 2058 3628 3713 3702; baseline -0.002 -16"><span class='ocrx_word' id='word_1_512' title='bbox 2058 3630 2346 3686; x_wconf 91' lang='lat' dir='ltr'><strong>diculum.</strong></span> <span class='ocrx_word' id='word_1_513' title='bbox 2380 3630 2535 3699; x_wconf 89' lang='lat' dir='ltr'><strong>Quid</strong></span> <span class='ocrx_word' id='word_1_514' title='bbox 2552 3634 2735 3702; x_wconf 84' lang='lat' dir='ltr'><strong>ergo?</strong></span> <span class='ocrx_word' id='word_1_515' title='bbox 2768 3632 2894 3687; x_wconf 83' lang='lat' dir='ltr'><strong>haec</strong></span> <span class='ocrx_word' id='word_1_516' title='bbox 2908 3630 3036 3687; x_wconf 87' lang='lat' dir='ltr'><strong>sola</strong></span> <span class='ocrx_word' id='word_1_517' title='bbox 3057 3630 3321 3687; x_wconf 89' lang='lat' dir='ltr'><strong>eritultio</strong></span> <span class='ocrx_word' id='word_1_518' title='bbox 3353 3628 3589 3684; x_wconf 91' lang='lat' dir='ltr'><strong>illorum</strong></span> <span class='ocrx_word' id='word_1_519' title='bbox 3611 3628 3713 3701; x_wconf 90' lang='lat' dir='ltr'><strong>qui</strong></span> 
     </span>
    </p>
   </div>
   <div class='ocr_carea' id='block_1_81' title="bbox 2060 3718 3715 3795">
    <p class='ocr_par' dir='ltr' id='par_1_81' title="bbox 2060 3718 3715 3795">
     <span class='ocr_line' id='line_1_81' title="bbox 2060 3718 3715 3795; baseline -0.001 -20"><span class='ocrx_word' id='word_1_520' title='bbox 2060 3720 2566 3778; x_wconf 89' lang='lat' dir='ltr'><strong>suntincurabiles</strong></span> <span class='ocrx_word' id='word_1_521' title='bbox 2587 3721 2615 3779; x_wconf 64' lang='grc' dir='ltr'><strong>’ἲ</strong></span> <span class='ocrx_word' id='word_1_522' title='bbox 2644 3723 3058 3795; x_wconf 85' lang='lat' dir='ltr'><strong>Nequaquam,</strong></span> <span class='ocrx_word' id='word_1_523' title='bbox 3083 3720 3188 3777; x_wconf 91' lang='lat' dir='ltr'><strong>sed</strong></span> <span class='ocrx_word' id='word_1_524' title='bbox 3212 3719 3355 3777; x_wconf 91' lang='lat' dir='ltr'><strong>audi</strong></span> <span class='ocrx_word' id='word_1_525' title='bbox 3377 3718 3554 3776; x_wconf 90' lang='lat' dir='ltr'><strong>etiam</strong></span> <span class='ocrx_word' id='word_1_526' title='bbox 3580 3733 3715 3792; x_wconf 69' lang='lat' dir='ltr'><strong>quae</strong></span> 
     </span>
    </p>
   </div>
   <div class='ocr_carea' id='block_1_82' title="bbox 2057 3813 2412 3884">
    <p class='ocr_par' dir='ltr' id='par_1_82' title="bbox 2057 3813 2412 3884">
     <span class='ocr_line' id='line_1_82' title="bbox 2057 3813 2412 3884; baseline 0.011 -18"><span class='ocrx_word' id='word_1_527' title='bbox 2057 3813 2412 3884; x_wconf 85' lang='lat' dir='ltr'><strong>sequuntur.</strong></span> 
     </span>
    </p>
   </div>
   <div class='ocr_carea' id='block_1_83' title="bbox 2133 3915 3714 3975">
    <p class='ocr_par' dir='ltr' id='par_1_83' title="bbox 2133 3915 3714 3975">
     <span class='ocr_line' id='line_1_83' title="bbox 2133 3915 3714 3975; baseline -0.001 -2"><span class='ocrx_word' id='word_1_528' title='bbox 2133 3921 2288 3973; x_wconf 88' lang='lat' dir='ltr'><strong>Vers.</strong></span> <span class='ocrx_word' id='word_1_529' title='bbox 2307 3919 2392 3973; x_wconf 88' lang='grc'>18.</span> <span class='ocrx_word' id='word_1_530' title='bbox 2408 3917 2590 3975; x_wconf 84' lang='lat' dir='ltr'><strong>Amen</strong></span> <span class='ocrx_word' id='word_1_531' title='bbox 2604 3950 2672 3959; x_wconf 93' lang='lat'><strong>——</strong></span> <span class='ocrx_word' id='word_1_532' title='bbox 2690 3919 2848 3975; x_wconf 64' lang='lat' dir='ltr'><strong>caelo.</strong></span> <span class='ocrx_word' id='word_1_533' title='bbox 2883 3917 2994 3975; x_wconf 92' lang='lat' dir='ltr'><strong>Ubi</strong></span> <span class='ocrx_word' id='word_1_534' title='bbox 3013 3917 3257 3974; x_wconf 90' lang='lat' dir='ltr'><strong>tandem</strong></span> <span class='ocrx_word' id='word_1_535' title='bbox 3273 3915 3547 3973; x_wconf 72' lang='lat' dir='ltr'><strong>Ecclesim</strong></span> <span class='ocrx_word' id='word_1_536' title='bbox 3560 3915 3714 3972; x_wconf 91' lang='lat' dir='ltr'><strong>dice-</strong></span> 
     </span>
    </p>
   </div>
   <div class='ocr_carea' id='block_1_84' title="bbox 2055 4004 3717 4079">
    <p class='ocr_par' dir='ltr' id='par_1_84' title="bbox 2055 4004 3717 4079">
     <span class='ocr_line' id='line_1_84' title="bbox 2055 4004 3717 4079; baseline -0.001 -17"><span class='ocrx_word' id='word_1_537' title='bbox 2055 4022 2117 4062; x_wconf 89' lang='lat' dir='ltr'><strong>re</strong></span> <span class='ocrx_word' id='word_1_538' title='bbox 2133 4007 2434 4077; x_wconf 89' lang='lat' dir='ltr'><strong>jussisset,</strong></span> <span class='ocrx_word' id='word_1_539' title='bbox 2464 4007 2823 4079; x_wconf 83' lang='lat' dir='ltr'><strong>praesidibus</strong></span> <span class='ocrx_word' id='word_1_540' title='bbox 2839 4007 3117 4064; x_wconf 87' lang='lat' dir='ltr'><strong>videlicet</strong></span> <span class='ocrx_word' id='word_1_541' title='bbox 3149 4006 3446 4072; x_wconf 68' lang='lat' dir='ltr'><strong>Ecclesiae,</strong></span> <span class='ocrx_word' id='word_1_542' title='bbox 3464 4021 3624 4060; x_wconf 92' lang='lat' dir='ltr'><strong>nunc</strong></span> <span class='ocrx_word' id='word_1_543' title='bbox 3637 4004 3717 4061; x_wconf 93' lang='lat' dir='ltr'><strong>ad</strong></span> 
     </span>
    </p>
   </div>
   <div class='ocr_carea' id='block_1_85' title="bbox 2055 4096 3718 4167">
    <p class='ocr_par' dir='ltr' id='par_1_85' title="bbox 2055 4096 3718 4167">
     <span class='ocr_line' id='line_1_85' title="bbox 2055 4096 3718 4167; baseline -0.001 -15"><span class='ocrx_word' id='word_1_544' title='bbox 2055 4111 2158 4152; x_wconf 90' lang='lat' dir='ltr'><strong>eos</strong></span> <span class='ocrx_word' id='word_1_545' title='bbox 2174 4112 2515 4152; x_wconf 88' lang='lat' dir='ltr'><strong>sermonem</strong></span> <span class='ocrx_word' id='word_1_546' title='bbox 2533 4096 2807 4165; x_wconf 85' lang='lat' dir='ltr'><strong>intendit,</strong></span> <span class='ocrx_word' id='word_1_547' title='bbox 2830 4096 3033 4152; x_wconf 88' lang='lat' dir='ltr'><strong>dicens</strong></span> <span class='ocrx_word' id='word_1_548' title='bbox 3057 4112 3068 4151; x_wconf 90' lang='lat'>:</span> <span class='ocrx_word' id='word_1_549' title='bbox 3094 4096 3465 4167; x_wconf 67' lang='lat' dir='ltr'><strong>Quaecunque</strong></span> <span class='ocrx_word' id='word_1_550' title='bbox 3499 4096 3718 4165; x_wconf 84' lang='lat' dir='ltr'><strong>ligave-</strong></span> 
     </span>
    </p>
   </div>
   <div class='ocr_carea' id='block_1_86' title="bbox 2054 4182 3719 4252">
    <p class='ocr_par' dir='ltr' id='par_1_86' title="bbox 2054 4182 3719 4252">
     <span class='ocr_line' id='line_1_86' title="bbox 2054 4182 3719 4252; baseline -0.001 -10"><span class='ocrx_word' id='word_1_551' title='bbox 2054 4186 2184 4242; x_wconf 76' lang='lat' dir='ltr'><strong>m&#39;tis</strong></span> <span class='ocrx_word' id='word_1_552' title='bbox 2209 4187 2272 4243; x_wconf 77' lang='lat' dir='ltr'><strong>in</strong></span> <span class='ocrx_word' id='word_1_553' title='bbox 2303 4192 2485 4252; x_wconf 81' lang='lat' dir='ltr'><strong>terra,</strong></span> <span class='ocrx_word' id='word_1_554' title='bbox 2518 4190 2628 4243; x_wconf 86' lang='lat' dir='ltr'><strong>etc.</strong></span> <span class='ocrx_word' id='word_1_555' title='bbox 2680 4188 2798 4243; x_wconf 88' lang='lat' dir='ltr'><strong>Hoc</strong></span> <span class='ocrx_word' id='word_1_556' title='bbox 2828 4190 3031 4243; x_wconf 88' lang='lat' dir='ltr'><strong>autem</strong></span> <span class='ocrx_word' id='word_1_557' title='bbox 3062 4190 3116 4241; x_wconf 87' lang='lat' dir='ltr'><strong>et</strong></span> <span class='ocrx_word' id='word_1_558' title='bbox 3157 4184 3235 4241; x_wconf 90' lang='lat' dir='ltr'><strong>ad</strong></span> <span class='ocrx_word' id='word_1_559' title='bbox 3295 4183 3533 4239; x_wconf 90' lang='lat' dir='ltr'><strong>Petrum</strong></span> <span class='ocrx_word' id='word_1_560' title='bbox 3570 4182 3719 4240; x_wconf 85' lang='lat' dir='ltr'><strong>dixit</strong></span> 
     </span>
    </p>
   </div>
   <div class='ocr_carea' id='block_1_87' title="bbox 2057 4272 3715 4349">
    <p class='ocr_par' dir='ltr' id='par_1_87' title="bbox 2057 4272 3715 4349">
     <span class='ocr_line' id='line_1_87' title="bbox 2057 4272 3715 4349; baseline -0.002 -18"><span class='ocrx_word' id='word_1_561' title='bbox 2057 4275 2353 4333; x_wconf 89' lang='lat' dir='ltr'><strong>tricesimo</strong></span> <span class='ocrx_word' id='word_1_562' title='bbox 2387 4276 2554 4333; x_wconf 89' lang='lat' dir='ltr'><strong>tertio</strong></span> <span class='ocrx_word' id='word_1_563' title='bbox 2589 4275 2803 4349; x_wconf 88' lang='lat' dir='ltr'><strong>capite,</strong></span> <span class='ocrx_word' id='word_1_564' title='bbox 2835 4275 2917 4332; x_wconf 88' lang='lat' dir='ltr'><strong>ibi</strong></span> <span class='ocrx_word' id='word_1_565' title='bbox 2957 4290 3099 4345; x_wconf 82' lang='lat' dir='ltr'><strong>ergo</strong></span> <span class='ocrx_word' id='word_1_566' title='bbox 3156 4288 3360 4347; x_wconf 66' lang='lat' dir='ltr'><strong>quaere</strong></span> <span class='ocrx_word' id='word_1_567' title='bbox 3390 4272 3715 4329; x_wconf 85' lang='lat' dir='ltr'><strong>enarratio-</strong></span> 
     </span>
    </p>
   </div>
   <div class='ocr_carea' id='block_1_88' title="bbox 2056 4380 2218 4421">
    <p class='ocr_par' dir='ltr' id='par_1_88' title="bbox 2056 4380 2218 4421">
     <span class='ocr_line' id='line_1_88' title="bbox 2056 4380 2218 4421; baseline -0.012 0"><span class='ocrx_word' id='word_1_568' title='bbox 2056 4380 2218 4421; x_wconf 89' lang='lat' dir='ltr'><strong>nem.</strong></span> 
     </span>
    </p>
   </div>
   <div class='ocr_carea' id='block_1_89' title="bbox 2130 4449 3717 4524">
    <p class='ocr_par' dir='ltr' id='par_1_89' title="bbox 2130 4449 3717 4524">
     <span class='ocr_line' id='line_1_89' title="bbox 2130 4449 3717 4524; baseline -0.002 -15"><span class='ocrx_word' id='word_1_569' title='bbox 2130 4456 2227 4510; x_wconf 85' lang='lat' dir='ltr'><strong>Est</strong></span> <span class='ocrx_word' id='word_1_570' title='bbox 2254 4458 2455 4512; x_wconf 90' lang='lat' dir='ltr'><strong>autem</strong></span> <span class='ocrx_word' id='word_1_571' title='bbox 2481 4471 2641 4511; x_wconf 92' lang='lat' dir='ltr'><strong>nunc</strong></span> <span class='ocrx_word' id='word_1_572' title='bbox 2672 4453 2959 4510; x_wconf 90' lang='lat' dir='ltr'><strong>orationis</strong></span> <span class='ocrx_word' id='word_1_573' title='bbox 2993 4468 3204 4510; x_wconf 86' lang='lat' dir='ltr'><strong>sensus</strong></span> <span class='ocrx_word' id='word_1_574' title='bbox 3230 4452 3372 4509; x_wconf 90' lang='lat' dir='ltr'><strong>iste:</strong></span> <span class='ocrx_word' id='word_1_575' title='bbox 3409 4449 3717 4524; x_wconf 89' lang='lat' dir='ltr'><strong>Quidquid</strong></span> 
     </span>
    </p>
   </div>
   <div class='ocr_carea' id='block_1_90' title="bbox 332 4530 1947 4619">
    <p class='ocr_par' dir='ltr' id='par_1_90' title="bbox 332 4530 1945 4611">
     <span class='ocr_line' id='line_1_90' title="bbox 332 4530 1945 4611; baseline 0.007 -29"><span class='ocrx_word' id='word_1_576' title='bbox 332 4530 435 4584; x_wconf 75' lang='lat'><strong>‘01&#39;</strong></span> <span class='ocrx_word' id='word_1_577' title='bbox 458 4532 519 4583; x_wconf 83' lang='grc' dir='ltr'>οἶν</span> <span class='ocrx_word' id='word_1_578' title='bbox 564 4533 712 4606; x_wconf 79' lang='grc' dir='ltr'>ὑμεῖς</span> <span class='ocrx_word' id='word_1_579' title='bbox 764 4533 848 4590; x_wconf 70' lang='grc' dir='ltr'><strong>ἐπὶ</strong></span> <span class='ocrx_word' id='word_1_580' title='bbox 899 4544 995 4600; x_wconf 82' lang='grc' dir='ltr'>τῆς</span> <span class='ocrx_word' id='word_1_581' title='bbox 1038 4546 1139 4610; x_wconf 75' lang='grc' dir='ltr'><strong>γῆς</strong></span> <span class='ocrx_word' id='word_1_582' title='bbox 1170 4536 1528 4611; x_wconf 77' lang='grc' dir='ltr'>ἀποφήνησθε,</span> <span class='ocrx_word' id='word_1_583' title='bbox 1581 4547 1735 4593; x_wconf 82' lang='grc' dir='ltr'>τοῦτο</span> <span class='ocrx_word' id='word_1_584' title='bbox 1791 4545 1881 4594; x_wconf 84' lang='grc' dir='ltr'><strong>καὶ</strong></span> <span class='ocrx_word' id='word_1_585' title='bbox 1919 4542 1945 4594; x_wconf 88' lang='grc' dir='ltr'><strong><em>ὁ</em></strong></span> 
     </span>
    </p>
   </div>
   <div class='ocr_carea' id='block_1_91' title="bbox 2066 4530 3711 4619">
    <p class='ocr_par' dir='ltr' id='par_1_91' title="bbox 2066 4540 3711 4610">
     <span class='ocr_line' id='line_1_91' title="bbox 2066 4540 3711 4610; baseline -0.002 -12"><span class='ocrx_word' id='word_1_586' title='bbox 2066 4559 2160 4599; x_wconf 82' lang='lat' dir='ltr'><strong>vos</strong></span> <span class='ocrx_word' id='word_1_587' title='bbox 2189 4543 2249 4599; x_wconf 91' lang='lat' dir='ltr'><strong>in</strong></span> <span class='ocrx_word' id='word_1_588' title='bbox 2271 4547 2426 4601; x_wconf 88' lang='lat' dir='ltr'><strong>terra</strong></span> <span class='ocrx_word' id='word_1_589' title='bbox 2456 4543 2826 4610; x_wconf 85' lang='lat' dir='ltr'><strong>censueritis,</strong></span> <span class='ocrx_word' id='word_1_590' title='bbox 2860 4550 2955 4600; x_wconf 89' lang='lat' dir='ltr'><strong>aut</strong></span> <span class='ocrx_word' id='word_1_591' title='bbox 2995 4542 3290 4601; x_wconf 89' lang='lat' dir='ltr'><strong>sententia</strong></span> <span class='ocrx_word' id='word_1_592' title='bbox 3318 4540 3711 4605; x_wconf 87' lang='lat' dir='ltr'><strong>decreveritis,</strong></span> 
     </span>
    </p>
   </div>
   <div class='ocr_carea' id='block_1_92' title="bbox 339 4620 1945 4704">
    <p class='ocr_par' dir='ltr' id='par_1_92' title="bbox 339 4620 1945 4704">
     <span class='ocr_line' id='line_1_92' title="bbox 339 4620 1945 4704; baseline 0.006 -29"><span class='ocrx_word' id='word_1_593' title='bbox 339 4624 473 4682; x_wconf 74' lang='grc' dir='ltr'>Θεὲς</span> <span class='ocrx_word' id='word_1_594' title='bbox 500 4620 549 4674; x_wconf 76' lang='grc' dir='ltr'>ἐν</span> <span class='ocrx_word' id='word_1_595' title='bbox 593 4630 666 4694; x_wconf 83' lang='grc' dir='ltr'>τῷ</span> <span class='ocrx_word' id='word_1_596' title='bbox 696 4624 897 4697; x_wconf 72' lang='grc' dir='ltr'>οὐρανῷ</span> <span class='ocrx_word' id='word_1_597' title='bbox 926 4632 1171 4703; x_wconf 82' lang='grc' dir='ltr'>κυρώσει,</span> <span class='ocrx_word' id='word_1_598' title='bbox 1206 4630 1301 4680; x_wconf 85' lang='grc' dir='ltr'>κοῖν</span> <span class='ocrx_word' id='word_1_599' title='bbox 1345 4648 1399 4682; x_wconf 89' lang='grc' dir='ltr'><strong>τε</strong></span> <span class='ocrx_word' id='word_1_600' title='bbox 1444 4627 1666 4693; x_wconf 76' lang='grc' dir='ltr'>ἀνιάτως</span> <span class='ocrx_word' id='word_1_601' title='bbox 1704 4633 1945 4704; x_wconf 82' lang='grc' dir='ltr'>ἔχοντας,</span> 
     </span>
    </p>
   </div>
   <div class='ocr_carea' id='block_1_93' title="bbox 343 4710 1950 4793">
    <p class='ocr_par' dir='ltr' id='par_1_93' title="bbox 343 4710 1950 4793">
     <span class='ocr_line' id='line_1_93' title="bbox 343 4710 1950 4793; baseline 0.006 -30"><span class='ocrx_word' id='word_1_602' title='bbox 343 4710 604 4784; x_wconf 71' lang='grc' dir='ltr'>έκκόψητε</span> <span class='ocrx_word' id='word_1_603' title='bbox 650 4716 869 4779; x_wconf 80' lang='grc' dir='ltr'>τούτους</span> <span class='ocrx_word' id='word_1_604' title='bbox 891 4724 988 4779; x_wconf 88' lang='grc' dir='ltr'>τῆς</span> <span class='ocrx_word' id='word_1_605' title='bbox 1039 4717 1363 4788; x_wconf 84' lang='grc' dir='ltr'>Ἐκκλησίας,</span> <span class='ocrx_word' id='word_1_606' title='bbox 1414 4721 1509 4771; x_wconf 75' lang='grc' dir='ltr'>κᾶν</span> <span class='ocrx_word' id='word_1_607' title='bbox 1552 4739 1606 4772; x_wconf 86' lang='grc' dir='ltr'><strong>τε</strong></span> <span class='ocrx_word' id='word_1_608' title='bbox 1644 4730 1950 4793; x_wconf 83' lang='grc' dir='ltr'>μετανοοῦν-</span> 
     </span>
    </p>
   </div>
   <div class='ocr_carea' id='block_1_94' title="bbox 342 4800 1950 4881">
    <p class='ocr_par' dir='ltr' id='par_1_94' title="bbox 342 4800 1950 4881">
     <span class='ocr_line' id='line_1_94' title="bbox 342 4800 1950 4881; baseline 0.007 -28"><span class='ocrx_word' id='word_1_609' title='bbox 342 4800 437 4863; x_wconf 75' lang='grc' dir='ltr'><strong>τας</strong></span> <span class='ocrx_word' id='word_1_610' title='bbox 479 4802 696 4876; x_wconf 76' lang='grc' dir='ltr'>ὕστερον</span> <span class='ocrx_word' id='word_1_611' title='bbox 740 4802 1132 4879; x_wconf 76' lang='grc' dir='ltr'>παραδέξησθε.</span> <span class='ocrx_word' id='word_1_612' title='bbox 1188 4815 1366 4861; x_wconf 80' lang='grc' dir='ltr'>Ταῦτα</span> <span class='ocrx_word' id='word_1_613' title='bbox 1411 4804 1470 4861; x_wconf 75' lang='grc' dir='ltr'>δὲ</span> <span class='ocrx_word' id='word_1_614' title='bbox 1520 4809 1820 4881; x_wconf 81' lang='grc' dir='ltr'>ἠπείλησεν,</span> <span class='ocrx_word' id='word_1_615' title='bbox 1867 4810 1950 4864; x_wconf 79' lang='grc' dir='ltr'>ἳνα</span> 
     </span>
    </p>
   </div>
   <div class='ocr_carea' id='block_1_95' title="bbox 343 4894 1947 4971">
    <p class='ocr_par' dir='ltr' id='par_1_95' title="bbox 343 4894 1947 4971">
     <span class='ocr_line' id='line_1_95' title="bbox 343 4894 1947 4971; baseline 0.007 -29"><span class='ocrx_word' id='word_1_616' title='bbox 343 4894 416 4962; x_wconf 78' lang='grc' dir='ltr'>μὴ</span> <span class='ocrx_word' id='word_1_617' title='bbox 461 4900 631 4945; x_wconf 80' lang='grc' dir='ltr'>ταῦτα</span> <span class='ocrx_word' id='word_1_618' title='bbox 670 4898 940 4967; x_wconf 70' lang='grc' dir='ltr'><strong>⁸γένωνται,</strong></span> <span class='ocrx_word' id='word_1_619' title='bbox 983 4895 1093 4949; x_wconf 87' lang='grc' dir='ltr'>ἀλλ’</span> <span class='ocrx_word' id='word_1_620' title='bbox 1139 4899 1239 4965; x_wconf 80' lang='grc' dir='ltr'>ἵνα,</span> <span class='ocrx_word' id='word_1_621' title='bbox 1275 4897 1588 4971; x_wconf 79' lang='grc' dir='ltr'>φοϐούμενός</span> <span class='ocrx_word' id='word_1_622' title='bbox 1626 4920 1702 4961; x_wconf 86' lang='grc' dir='ltr'><strong>τις</strong></span> <span class='ocrx_word' id='word_1_623' title='bbox 1730 4904 1821 4954; x_wconf 81' lang='grc' dir='ltr'>καὶ</span> <span class='ocrx_word' id='word_1_624' title='bbox 1855 4906 1947 4961; x_wconf 75' lang='grc' dir='ltr'>τὴν</span> 
     </span>
    </p>
   </div>
   <div class='ocr_carea' id='block_1_96' title="bbox 342 4982 1946 5061">
    <p class='ocr_par' dir='ltr' id='par_1_96' title="bbox 342 4982 1946 5061">
     <span class='ocr_line' id='line_1_96' title="bbox 342 4982 1946 5061; baseline 0.008 -30"><span class='ocrx_word' id='word_1_625' title='bbox 342 4982 601 5034; x_wconf 80' lang='grc' dir='ltr'>ἔκπτωσιν</span> <span class='ocrx_word' id='word_1_626' title='bbox 652 4991 746 5047; x_wconf 74' lang='grc' dir='ltr'>τῆς</span> <span class='ocrx_word' id='word_1_627' title='bbox 786 4984 1121 5055; x_wconf 84' lang='grc' dir='ltr'>Ἐκκλησίας,</span> <span class='ocrx_word' id='word_1_628' title='bbox 1165 4993 1255 5040; x_wconf 82' lang='grc' dir='ltr'><strong>καὶ</strong></span> <span class='ocrx_word' id='word_1_629' title='bbox 1307 4988 1401 5046; x_wconf 78' lang='grc' dir='ltr'>τὴν</span> <span class='ocrx_word' id='word_1_630' title='bbox 1440 4987 1613 5061; x_wconf 65' lang='grc' dir='ltr'>ψῆφον</span> <span class='ocrx_word' id='word_1_631' title='bbox 1651 4997 1742 5043; x_wconf 75' lang='grc' dir='ltr'><strong>τοῦ</strong></span> <span class='ocrx_word' id='word_1_632' title='bbox 1791 4998 1946 5056; x_wconf 86' lang='grc' dir='ltr'>Θεοῦ,</span> 
     </span>
    </p>
   </div>
   <div class='ocr_carea' id='block_1_97' title="bbox 340 5065 1947 5153">
    <p class='ocr_par' dir='ltr' id='par_1_97' title="bbox 340 5065 1947 5153">
     <span class='ocr_line' id='line_1_97' title="bbox 340 5065 1947 5153; baseline 0.007 -31"><span class='ocrx_word' id='word_1_633' title='bbox 340 5065 739 5132; x_wconf 79' lang='grc' dir='ltr'>διαλλάττηται.</span> <span class='ocrx_word' id='word_1_634' title='bbox 792 5076 888 5128; x_wconf 83' lang='grc' dir='ltr'><strong>Διὰ</strong></span> <span class='ocrx_word' id='word_1_635' title='bbox 948 5083 1100 5129; x_wconf 81' lang='grc' dir='ltr'>τοῦτο</span> <span class='ocrx_word' id='word_1_636' title='bbox 1141 5080 1241 5151; x_wconf 74' lang='grc' dir='ltr'><strong>γὰρ</strong></span> <span class='ocrx_word' id='word_1_637' title='bbox 1291 5082 1381 5130; x_wconf 82' lang='grc' dir='ltr'>καὶ</span> <span class='ocrx_word' id='word_1_638' title='bbox 1428 5087 1647 5153; x_wconf 88' lang='grc' dir='ltr'>πρῶτον,</span> <span class='ocrx_word' id='word_1_639' title='bbox 1694 5084 1784 5132; x_wconf 84' lang='grc' dir='ltr'><strong>καὶ</strong></span> <span class='ocrx_word' id='word_1_640' title='bbox 1830 5078 1947 5134; x_wconf 84' lang='grc' dir='ltr'>δεύ-</span> 
     </span>
    </p>
   </div>
   <div class='ocr_carea' id='block_1_98' title="bbox 335 5163 1947 5241">
    <p class='ocr_par' dir='ltr' id='par_1_98' title="bbox 335 5163 1947 5241">
     <span class='ocr_line' id='line_1_98' title="bbox 335 5163 1947 5241; baseline 0.006 -29"><span class='ocrx_word' id='word_1_641' title='bbox 335 5178 501 5235; x_wconf 90' lang='grc' dir='ltr'>τερον,</span> <span class='ocrx_word' id='word_1_642' title='bbox 554 5166 645 5215; x_wconf 88' lang='grc' dir='ltr'>καὶ</span> <span class='ocrx_word' id='word_1_643' title='bbox 696 5166 870 5237; x_wconf 89' lang='grc' dir='ltr'>τρίτον</span> <span class='ocrx_word' id='word_1_644' title='bbox 924 5163 1180 5225; x_wconf 72' lang='grc' dir='ltr'>ἐπέστησε</span> <span class='ocrx_word' id='word_1_645' title='bbox 1233 5170 1524 5241; x_wconf 78' lang='grc' dir='ltr'>κριτήριον,</span> <span class='ocrx_word' id='word_1_646' title='bbox 1576 5172 1665 5221; x_wconf 78' lang='grc' dir='ltr'><strong>καὶ</strong></span> <span class='ocrx_word' id='word_1_647' title='bbox 1703 5172 1820 5222; x_wconf 89' lang='grc' dir='ltr'>τότε</span> <span class='ocrx_word' id='word_1_648' title='bbox 1860 5190 1947 5223; x_wconf 87' lang='grc' dir='ltr'>πε-</span> 
     </span>
    </p>
   </div>
   <div class='ocr_carea' id='block_1_99' title="bbox 333 5251 1945 5334">
    <p class='ocr_par' dir='ltr' id='par_1_99' title="bbox 333 5251 1945 5334">
     <span class='ocr_line' id='line_1_99' title="bbox 333 5251 1945 5334; baseline 0.007 -32"><span class='ocrx_word' id='word_1_649' title='bbox 333 5254 549 5309; x_wconf 87' lang='grc' dir='ltr'>ποίηκεν</span> <span class='ocrx_word' id='word_1_650' title='bbox 578 5251 736 5305; x_wconf 79' lang='grc' dir='ltr'>αὐτὸν</span> <span class='ocrx_word' id='word_1_651' title='bbox 767 5252 1080 5321; x_wconf 77' lang='grc' dir='ltr'>ἀπόϐλητον,</span> <span class='ocrx_word' id='word_1_652' title='bbox 1133 5256 1235 5323; x_wconf 82' lang='grc' dir='ltr'>ἵνα,</span> <span class='ocrx_word' id='word_1_653' title='bbox 1291 5254 1376 5309; x_wconf 77' lang='grc' dir='ltr'>ἐὰν</span> <span class='ocrx_word' id='word_1_654' title='bbox 1406 5264 1497 5310; x_wconf 81' lang='grc' dir='ltr'><strong>τοῦ</strong></span> <span class='ocrx_word' id='word_1_655' title='bbox 1541 5263 1752 5333; x_wconf 87' lang='grc' dir='ltr'>πρώτου</span> <span class='ocrx_word' id='word_1_656' title='bbox 1779 5279 1945 5334; x_wconf 91' lang='grc' dir='ltr'>παρα-</span> 
     </span>
    </p>
   </div>
   <div class='ocr_carea' id='block_1_100' title="bbox 330 5339 1941 5419">
    <p class='ocr_par' dir='ltr' id='par_1_100' title="bbox 330 5339 1941 5419">
     <span class='ocr_line' id='line_1_100' title="bbox 330 5339 1941 5419; baseline 0.006 -27"><span class='ocrx_word' id='word_1_657' title='bbox 330 5342 522 5414; x_wconf 77' lang='grc' dir='ltr'>κούσῃ,</span> <span class='ocrx_word' id='word_1_658' title='bbox 596 5348 669 5413; x_wconf 84' lang='grc' dir='ltr'>τῷ</span> <span class='ocrx_word' id='word_1_659' title='bbox 742 5339 967 5419; x_wconf 83' lang='grc' dir='ltr'>δευτέρῳ</span> <span class='ocrx_word' id='word_1_660' title='bbox 1042 5347 1233 5418; x_wconf 77' lang='grc' dir='ltr'>πεισθῇ</span> <span class='ocrx_word' id='word_1_661' title='bbox 1298 5361 1312 5377; x_wconf 79' lang='grc'><strong><em>⁸</em></strong></span> <span class='ocrx_word' id='word_1_662' title='bbox 1354 5344 1438 5398; x_wconf 76' lang='grc' dir='ltr'><strong>ἐὰν</strong></span> <span class='ocrx_word' id='word_1_663' title='bbox 1493 5343 1552 5400; x_wconf 74' lang='grc' dir='ltr'>δὲ</span> <span class='ocrx_word' id='word_1_664' title='bbox 1609 5353 1698 5401; x_wconf 82' lang='grc' dir='ltr'><strong>καὶ</strong></span> <span class='ocrx_word' id='word_1_665' title='bbox 1750 5351 1941 5403; x_wconf 88' lang='grc' dir='ltr'>τούτου</span> 
     </span>
    </p>
   </div>
   <div class='ocr_carea' id='block_1_101' title="bbox 330 5432 1938 5514">
    <p class='ocr_par' dir='ltr' id='par_1_101' title="bbox 330 5432 1938 5514">
     <span class='ocr_line' id='line_1_101' title="bbox 330 5432 1938 5514; baseline 0.008 -33"><span class='ocrx_word' id='word_1_666' title='bbox 330 5435 729 5506; x_wconf 72' lang='grc' dir='ltr'>καταφρονήσῃ,</span> <span class='ocrx_word' id='word_1_667' title='bbox 783 5438 901 5487; x_wconf 90' lang='grc' dir='ltr'>τότε</span> <span class='ocrx_word' id='word_1_668' title='bbox 941 5432 1121 5487; x_wconf 84' lang='grc' dir='ltr'>λοιπὸν</span> <span class='ocrx_word' id='word_1_669' title='bbox 1168 5439 1258 5493; x_wconf 78' lang='grc' dir='ltr'>τὴν</span> <span class='ocrx_word' id='word_1_670' title='bbox 1308 5433 1569 5494; x_wconf 80' lang='grc' dir='ltr'>ἀποϐολήν</span> <span class='ocrx_word' id='word_1_671' title='bbox 1640 5439 1938 5514; x_wconf 80' lang='grc' dir='ltr'>ύποπτήξῃ,</span> 
     </span>
    </p>
   </div>
   <div class='ocr_carea' id='block_1_102' title="bbox 329 5516 1941 5601">
    <p class='ocr_par' dir='ltr' id='par_1_102' title="bbox 329 5516 1941 5601">
     <span class='ocr_line' id='line_1_102' title="bbox 329 5516 1941 5601; baseline 0.006 -30"><span class='ocrx_word' id='word_1_672' title='bbox 329 5521 525 5594; x_wconf 82' lang='grc' dir='ltr'>πικρὰν</span> <span class='ocrx_word' id='word_1_673' title='bbox 576 5516 762 5591; x_wconf 86' lang='grc' dir='ltr'>οὖσαν,</span> <span class='ocrx_word' id='word_1_674' title='bbox 830 5522 940 5577; x_wconf 83' lang='grc' dir='ltr'>εἷτα</span> <span class='ocrx_word' id='word_1_675' title='bbox 1017 5528 1109 5579; x_wconf 85' lang='grc' dir='ltr'><strong>καὶ</strong></span> <span class='ocrx_word' id='word_1_676' title='bbox 1181 5529 1276 5585; x_wconf 83' lang='grc' dir='ltr'>τὴν</span> <span class='ocrx_word' id='word_1_677' title='bbox 1329 5524 1518 5580; x_wconf 80' lang='grc' dir='ltr'>ἄνωθεν</span> <span class='ocrx_word' id='word_1_678' title='bbox 1593 5526 1789 5599; x_wconf 77' lang='grc' dir='ltr'>ψῆφον,</span> <span class='ocrx_word' id='word_1_679' title='bbox 1854 5548 1941 5601; x_wconf 85' lang='grc' dir='ltr'><strong>φο-</strong></span> 
     </span>
    </p>
   </div>
   <div class='ocr_carea' id='block_1_103' title="bbox 333 5608 1942 5693">
    <p class='ocr_par' dir='ltr' id='par_1_103' title="bbox 333 5608 1942 5693">
     <span class='ocr_line' id='line_1_103' title="bbox 333 5608 1942 5693; baseline 0.005 -31"><span class='ocrx_word' id='word_1_680' title='bbox 333 5608 619 5685; x_wconf 79' lang='grc' dir='ltr'>ϐερωτέραν</span> <span class='ocrx_word' id='word_1_681' title='bbox 665 5614 859 5674; x_wconf 89' lang='grc' dir='ltr'>ταύτης</span> <span class='ocrx_word' id='word_1_682' title='bbox 924 5615 1315 5688; x_wconf 74' lang='grc' dir='ltr'>τυγχάνουσαν,</span> <span class='ocrx_word' id='word_1_683' title='bbox 1374 5619 1465 5668; x_wconf 83' lang='grc' dir='ltr'>καὶ</span> <span class='ocrx_word' id='word_1_684' title='bbox 1538 5617 1740 5679; x_wconf 83' lang='grc' dir='ltr'>πάντως</span> <span class='ocrx_word' id='word_1_685' title='bbox 1792 5612 1942 5693; x_wconf 90' lang='grc' dir='ltr'>διορ-</span> 
     </span>
    </p>
   </div>
   <div class='ocr_carea' id='block_1_104' title="bbox 336 5700 501 5757">
    <p class='ocr_par' dir='ltr' id='par_1_104' title="bbox 336 5700 501 5757">
     <span class='ocr_line' id='line_1_104' title="bbox 336 5700 501 5757; baseline -0.012 0"><span class='ocrx_word' id='word_1_686' title='bbox 336 5700 501 5757; x_wconf 77' lang='grc' dir='ltr'>θωθῆ.</span> 
     </span>
    </p>
   </div>
   <div class='ocr_carea' id='block_1_105' title="bbox 406 5787 1942 5869">
    <p class='ocr_par' dir='ltr' id='par_1_105' title="bbox 406 5787 1942 5869">
     <span class='ocr_line' id='line_1_105' title="bbox 406 5787 1942 5869; baseline 0.007 -29"><span class='ocrx_word' id='word_1_687' title='bbox 406 5787 571 5841; x_wconf 80' lang='grc' dir='ltr'>Πάλιν</span> <span class='ocrx_word' id='word_1_688' title='bbox 623 5819 692 5833; x_wconf 94' lang='grc'><strong><em>-</em></strong></span> <span class='ocrx_word' id='word_1_689' title='bbox 735 5798 828 5845; x_wconf 83' lang='grc' dir='ltr'><strong>τοῦ</strong></span> <span class='ocrx_word' id='word_1_690' title='bbox 875 5790 925 5845; x_wconf 75' lang='grc' dir='ltr'>ἓν</span> <span class='ocrx_word' id='word_1_691' title='bbox 972 5799 1077 5855; x_wconf 87' lang='grc' dir='ltr'>τοῖς</span> <span class='ocrx_word' id='word_1_692' title='bbox 1147 5793 1406 5869; x_wconf 75' lang='grc' dir='ltr'>οὐρανοῖς.</span> <span class='ocrx_word' id='word_1_693' title='bbox 1489 5794 1699 5850; x_wconf 72' lang='grc' dir='ltr'>Βαϐαίι</span> <span class='ocrx_word' id='word_1_694' title='bbox 1770 5797 1942 5855; x_wconf 89' lang='grc' dir='ltr'>πόσην</span> 
     </span>
    </p>
   </div>
   <div class='ocr_carea' id='block_1_106' title="bbox 2058 4630 3717 4704">
    <p class='ocr_par' dir='ltr' id='par_1_106' title="bbox 2058 4630 3717 4704">
     <span class='ocr_line' id='line_1_106' title="bbox 2058 4630 3717 4704; baseline 0 -16"><span class='ocrx_word' id='word_1_695' title='bbox 2058 4633 2170 4689; x_wconf 91' lang='lat' dir='ltr'><strong>hoc</strong></span> <span class='ocrx_word' id='word_1_696' title='bbox 2192 4632 2584 4691; x_wconf 74' lang='lat' dir='ltr'><strong>Deusincmlo</strong></span> <span class='ocrx_word' id='word_1_697' title='bbox 2609 4638 2805 4690; x_wconf 89' lang='lat' dir='ltr'><strong>ratum</strong></span> <span class='ocrx_word' id='word_1_698' title='bbox 2822 4634 3071 4690; x_wconf 87' lang='lat' dir='ltr'><strong>habebit</strong></span> <span class='ocrx_word' id='word_1_699' title='bbox 3101 4650 3115 4688; x_wconf 88' lang='lat'><strong>:</strong></span> <span class='ocrx_word' id='word_1_700' title='bbox 3150 4635 3272 4689; x_wconf 89' lang='lat' dir='ltr'><strong>sive</strong></span> <span class='ocrx_word' id='word_1_701' title='bbox 3303 4648 3407 4688; x_wconf 92' lang='lat' dir='ltr'><strong>eos</strong></span> <span class='ocrx_word' id='word_1_702' title='bbox 3451 4630 3553 4704; x_wconf 91' lang='lat' dir='ltr'><strong>qui</strong></span> <span class='ocrx_word' id='word_1_703' title='bbox 3577 4634 3717 4688; x_wconf 88' lang='lat' dir='ltr'><strong>sunt</strong></span> 
     </span>
    </p>
   </div>
   <div class='ocr_carea' id='block_1_107' title="bbox 2058 4723 3715 4797">
    <p class='ocr_par' dir='ltr' id='par_1_107' title="bbox 2058 4723 3715 4797">
     <span class='ocr_line' id='line_1_107' title="bbox 2058 4723 3715 4797; baseline -0.001 -18"><span class='ocrx_word' id='word_1_704' title='bbox 2058 4724 2507 4781; x_wconf 87' lang='lat' dir='ltr'><strong>incurabilesab</strong></span> <span class='ocrx_word' id='word_1_705' title='bbox 2522 4724 2781 4781; x_wconf 86' lang='lat' dir='ltr'><strong>Ecclesia</strong></span> <span class='ocrx_word' id='word_1_706' title='bbox 2803 4724 3276 4797; x_wconf 88' lang='lat' dir='ltr'><strong>amputaveritis,</strong></span> <span class='ocrx_word' id='word_1_707' title='bbox 3302 4723 3422 4779; x_wconf 85' lang='lat' dir='ltr'><strong>sive</strong></span> <span class='ocrx_word' id='word_1_708' title='bbox 3449 4725 3715 4794; x_wconf 87' lang='lat' dir='ltr'><strong>postmo-</strong></span> 
     </span>
    </p>
   </div>
   <div class='ocr_carea' id='block_1_108' title="bbox 2060 4810 3717 4887">
    <p class='ocr_par' dir='ltr' id='par_1_108' title="bbox 2060 4810 3717 4887">
     <span class='ocr_line' id='line_1_108' title="bbox 2060 4810 3717 4887; baseline -0.003 -17"><span class='ocrx_word' id='word_1_709' title='bbox 2060 4813 2208 4870; x_wconf 91' lang='lat' dir='ltr'><strong>dum</strong></span> <span class='ocrx_word' id='word_1_710' title='bbox 2232 4814 2651 4887; x_wconf 89' lang='lat' dir='ltr'><strong>resipiscentes</strong></span> <span class='ocrx_word' id='word_1_711' title='bbox 2679 4814 3038 4886; x_wconf 83' lang='lat' dir='ltr'><strong>receperitis.</strong></span> <span class='ocrx_word' id='word_1_712' title='bbox 3074 4814 3211 4869; x_wconf 80' lang='lat' dir='ltr'><strong>Haec</strong></span> <span class='ocrx_word' id='word_1_713' title='bbox 3241 4820 3439 4869; x_wconf 91' lang='lat' dir='ltr'><strong>autem</strong></span> <span class='ocrx_word' id='word_1_714' title='bbox 3469 4810 3717 4867; x_wconf 89' lang='lat' dir='ltr'><strong>commi-</strong></span> 
     </span>
    </p>
   </div>
   <div class='ocr_carea' id='block_1_109' title="bbox 2057 4900 3713 4976">
    <p class='ocr_par' dir='ltr' id='par_1_109' title="bbox 2057 4900 3713 4976">
     <span class='ocr_line' id='line_1_109' title="bbox 2057 4900 3713 4976; baseline -0.005 -15"><span class='ocrx_word' id='word_1_715' title='bbox 2057 4908 2237 4961; x_wconf 89' lang='lat' dir='ltr'><strong>natus</strong></span> <span class='ocrx_word' id='word_1_716' title='bbox 2268 4909 2371 4974; x_wconf 87' lang='lat' dir='ltr'><strong>est,</strong></span> <span class='ocrx_word' id='word_1_717' title='bbox 2403 4921 2526 4961; x_wconf 92' lang='lat' dir='ltr'><strong>non</strong></span> <span class='ocrx_word' id='word_1_718' title='bbox 2556 4904 2763 4961; x_wconf 73' lang='lat' dir='ltr'><strong>uthaec</strong></span> <span class='ocrx_word' id='word_1_719' title='bbox 2790 4904 2956 4969; x_wconf 86' lang='lat' dir='ltr'><strong>ﬁant,</strong></span> <span class='ocrx_word' id='word_1_720' title='bbox 2980 4903 3083 4959; x_wconf 90' lang='lat' dir='ltr'><strong>sed</strong></span> <span class='ocrx_word' id='word_1_721' title='bbox 3110 4902 3447 4976; x_wconf 88' lang='lat' dir='ltr'><strong>utquisque</strong></span> <span class='ocrx_word' id='word_1_722' title='bbox 3481 4900 3713 4956; x_wconf 85' lang='lat' dir='ltr'><strong>territus</strong></span> 
     </span>
    </p>
   </div>
   <div class='ocr_carea' id='block_1_110' title="bbox 2059 4990 3717 5067">
    <p class='ocr_par' dir='ltr' id='par_1_110' title="bbox 2059 4990 3717 5067">
     <span class='ocr_line' id='line_1_110' title="bbox 2059 4990 3717 5067; baseline -0.002 -16"><span class='ocrx_word' id='word_1_723' title='bbox 2059 4994 2403 5051; x_wconf 72' lang='lat' dir='ltr'><strong>etEcclesiaa</strong></span> <span class='ocrx_word' id='word_1_724' title='bbox 2439 4995 2911 5067; x_wconf 89' lang='lat' dir='ltr'><strong>amputationem</strong></span> <span class='ocrx_word' id='word_1_725' title='bbox 2933 4997 2989 5050; x_wconf 89' lang='lat' dir='ltr'><strong>et</strong></span> <span class='ocrx_word' id='word_1_726' title='bbox 3009 4993 3107 5049; x_wconf 92' lang='lat' dir='ltr'><strong>Dei</strong></span> <span class='ocrx_word' id='word_1_727' title='bbox 3133 4990 3491 5049; x_wconf 88' lang='lat' dir='ltr'><strong>sententiam</strong></span> <span class='ocrx_word' id='word_1_728' title='bbox 3526 4995 3717 5047; x_wconf 88' lang='lat' dir='ltr'><strong>mutet</strong></span> 
     </span>
    </p>
   </div>
   <div class='ocr_carea' id='block_1_111' title="bbox 2059 5078 3710 5151">
    <p class='ocr_par' dir='ltr' id='par_1_111' title="bbox 2059 5078 3710 5151">
     <span class='ocr_line' id='line_1_111' title="bbox 2059 5078 3710 5151; baseline -0.005 -11"><span class='ocrx_word' id='word_1_729' title='bbox 2059 5098 2129 5140; x_wconf 89' lang='lat' dir='ltr'><strong>ac</strong></span> <span class='ocrx_word' id='word_1_730' title='bbox 2157 5082 2456 5149; x_wconf 89' lang='lat' dir='ltr'><strong>liberetur,</strong></span> <span class='ocrx_word' id='word_1_731' title='bbox 2489 5086 2543 5139; x_wconf 90' lang='lat' dir='ltr'><strong>et</strong></span> <span class='ocrx_word' id='word_1_732' title='bbox 2575 5098 2707 5138; x_wconf 89' lang='lat' dir='ltr'><strong>eam</strong></span> <span class='ocrx_word' id='word_1_733' title='bbox 2758 5082 2995 5137; x_wconf 84' lang='lat' dir='ltr'><strong>evadat.</strong></span> <span class='ocrx_word' id='word_1_734' title='bbox 3026 5084 3174 5138; x_wconf 86' lang='lat' dir='ltr'><strong>Nam</strong></span> <span class='ocrx_word' id='word_1_735' title='bbox 3206 5083 3262 5136; x_wconf 90' lang='lat' dir='ltr'><strong>et</strong></span> <span class='ocrx_word' id='word_1_736' title='bbox 3304 5082 3548 5151; x_wconf 89' lang='lat' dir='ltr'><strong>propter</strong></span> <span class='ocrx_word' id='word_1_737' title='bbox 3580 5078 3710 5144; x_wconf 91' lang='lat' dir='ltr'><strong>hoc,</strong></span> 
     </span>
    </p>
   </div>
   <div class='ocr_carea' id='block_1_112' title="bbox 2055 5165 3712 5245">
    <p class='ocr_par' dir='ltr' id='par_1_112' title="bbox 2055 5165 3712 5245">
     <span class='ocr_line' id='line_1_112' title="bbox 2055 5165 3712 5245; baseline -0.003 -17"><span class='ocrx_word' id='word_1_738' title='bbox 2055 5171 2342 5245; x_wconf 87' lang='lat' dir='ltr'><strong>primum,</strong></span> <span class='ocrx_word' id='word_1_739' title='bbox 2362 5171 2716 5237; x_wconf 88' lang='lat' dir='ltr'><strong>secundum,</strong></span> <span class='ocrx_word' id='word_1_740' title='bbox 2752 5187 2819 5226; x_wconf 87' lang='lat' dir='ltr'><strong>ac</strong></span> <span class='ocrx_word' id='word_1_741' title='bbox 2837 5170 3070 5226; x_wconf 88' lang='lat' dir='ltr'><strong>tertium</strong></span> <span class='ocrx_word' id='word_1_742' title='bbox 3099 5167 3357 5224; x_wconf 89' lang='lat' dir='ltr'><strong>tribunal</strong></span> <span class='ocrx_word' id='word_1_743' title='bbox 3387 5165 3712 5237; x_wconf 87' lang='lat' dir='ltr'><strong>constituit,</strong></span> 
     </span>
    </p>
   </div>
   <div class='ocr_carea' id='block_1_113' title="bbox 2055 5256 3712 5332">
    <p class='ocr_par' dir='ltr' id='par_1_113' title="bbox 2055 5256 3712 5332">
     <span class='ocr_line' id='line_1_113' title="bbox 2055 5256 3712 5332; baseline -0.004 -14"><span class='ocrx_word' id='word_1_744' title='bbox 2055 5260 2816 5332; x_wconf 88' lang='lat' dir='ltr'><strong>ettandemjudicaviteum</strong></span> <span class='ocrx_word' id='word_1_745' title='bbox 2835 5258 3237 5331; x_wconf 89' lang='lat' dir='ltr'><strong>abjiciendum</strong></span> <span class='ocrx_word' id='word_1_746' title='bbox 3273 5275 3287 5313; x_wconf 88' lang='lat'><strong>:</strong></span> <span class='ocrx_word' id='word_1_747' title='bbox 3310 5256 3434 5312; x_wconf 88' lang='lat' dir='ltr'><strong>utsi</strong></span> <span class='ocrx_word' id='word_1_748' title='bbox 3452 5256 3712 5328; x_wconf 90' lang='lat' dir='ltr'><strong>primum</strong></span> 
     </span>
    </p>
   </div>
   <div class='ocr_carea' id='block_1_114' title="bbox 2051 5345 3715 5417">
    <p class='ocr_par' dir='ltr' id='par_1_114' title="bbox 2051 5345 3715 5417">
     <span class='ocr_line' id='line_1_114' title="bbox 2051 5345 3715 5417; baseline -0.003 -11"><span class='ocrx_word' id='word_1_749' title='bbox 2051 5367 2169 5409; x_wconf 90' lang='lat' dir='ltr'><strong>non</strong></span> <span class='ocrx_word' id='word_1_750' title='bbox 2191 5350 2441 5417; x_wconf 87' lang='lat' dir='ltr'><strong>audiret,</strong></span> <span class='ocrx_word' id='word_1_751' title='bbox 2472 5349 2743 5408; x_wconf 87' lang='lat' dir='ltr'><strong>obediret</strong></span> <span class='ocrx_word' id='word_1_752' title='bbox 2766 5350 3033 5406; x_wconf 89' lang='lat' dir='ltr'><strong>secundo</strong></span> <span class='ocrx_word' id='word_1_753' title='bbox 3059 5366 3072 5416; x_wconf 87' lang='lat'><strong>;</strong></span> <span class='ocrx_word' id='word_1_754' title='bbox 3100 5347 3152 5404; x_wconf 90' lang='lat' dir='ltr'><strong>si</strong></span> <span class='ocrx_word' id='word_1_755' title='bbox 3174 5351 3367 5404; x_wconf 88' lang='lat' dir='ltr'><strong>autem</strong></span> <span class='ocrx_word' id='word_1_756' title='bbox 3396 5350 3452 5402; x_wconf 91' lang='lat' dir='ltr'><strong>et</strong></span> <span class='ocrx_word' id='word_1_757' title='bbox 3472 5346 3590 5404; x_wconf 89' lang='lat' dir='ltr'><strong>hoc</strong></span> <span class='ocrx_word' id='word_1_758' title='bbox 3615 5345 3715 5401; x_wconf 90' lang='lat' dir='ltr'><strong>de-</strong></span> 
     </span>
    </p>
   </div>
   <div class='ocr_carea' id='block_1_115' title="bbox 2052 5436 3717 5513">
    <p class='ocr_par' dir='ltr' id='par_1_115' title="bbox 2052 5436 3717 5513">
     <span class='ocr_line' id='line_1_115' title="bbox 2052 5436 3717 5513; baseline -0.002 -18"><span class='ocrx_word' id='word_1_759' title='bbox 2052 5440 2320 5513; x_wconf 88' lang='lat' dir='ltr'><strong>spiceret,</strong></span> <span class='ocrx_word' id='word_1_760' title='bbox 2341 5440 2572 5501; x_wconf 84' lang='lat' dir='ltr'><strong>timeret</strong></span> <span class='ocrx_word' id='word_1_761' title='bbox 2589 5437 2681 5494; x_wconf 91' lang='lat' dir='ltr'><strong>vel</strong></span> <span class='ocrx_word' id='word_1_762' title='bbox 2698 5437 2933 5495; x_wconf 86' lang='lat' dir='ltr'><strong>tertium</strong></span> <span class='ocrx_word' id='word_1_763' title='bbox 2957 5455 2970 5504; x_wconf 90' lang='lat'>;</span> <span class='ocrx_word' id='word_1_764' title='bbox 2991 5436 3158 5510; x_wconf 89' lang='lat' dir='ltr'><strong>quod</strong></span> <span class='ocrx_word' id='word_1_765' title='bbox 3179 5437 3225 5492; x_wconf 90' lang='lat' dir='ltr'><strong>si</strong></span> <span class='ocrx_word' id='word_1_766' title='bbox 3251 5436 3429 5493; x_wconf 84' lang='lat' dir='ltr'><strong>etiam</strong></span> <span class='ocrx_word' id='word_1_767' title='bbox 3446 5436 3558 5491; x_wconf 87' lang='lat' dir='ltr'><strong>hoc</strong></span> <span class='ocrx_word' id='word_1_768' title='bbox 3575 5450 3717 5491; x_wconf 87' lang='lat' dir='ltr'><strong>con-</strong></span> 
     </span>
    </p>
   </div>
   <div class='ocr_carea' id='block_1_116' title="bbox 2049 5526 3712 5601">
    <p class='ocr_par' dir='ltr' id='par_1_116' title="bbox 2049 5526 3712 5601">
     <span class='ocr_line' id='line_1_116' title="bbox 2049 5526 3712 5601; baseline -0.004 -15"><span class='ocrx_word' id='word_1_769' title='bbox 2049 5533 2361 5597; x_wconf 88' lang='lat' dir='ltr'><strong>temneret,</strong></span> <span class='ocrx_word' id='word_1_770' title='bbox 2369 5528 2498 5600; x_wconf 88' lang='lat' dir='ltr'><strong>jam</strong></span> <span class='ocrx_word' id='word_1_771' title='bbox 2511 5534 2651 5587; x_wconf 86' lang='lat' dir='ltr'><strong>tunc</strong></span> <span class='ocrx_word' id='word_1_772' title='bbox 2668 5527 3067 5601; x_wconf 85' lang='lat' dir='ltr'><strong>abjectionem</strong></span> <span class='ocrx_word' id='word_1_773' title='bbox 3086 5526 3432 5583; x_wconf 86' lang='lat' dir='ltr'><strong>formidaret</strong></span> <span class='ocrx_word' id='word_1_774' title='bbox 3448 5540 3712 5581; x_wconf 86' lang='lat' dir='ltr'><strong>amaram</strong></span> 
     </span>
    </p>
   </div>
   <div class='ocr_carea' id='block_1_117' title="bbox 2051 5616 3713 5692">
    <p class='ocr_par' dir='ltr' id='par_1_117' title="bbox 2051 5616 3713 5692">
     <span class='ocr_line' id='line_1_117' title="bbox 2051 5616 3713 5692; baseline -0.002 -18"><span class='ocrx_word' id='word_1_775' title='bbox 2051 5634 2497 5692; x_wconf 85' lang='lat' dir='ltr'><strong>supernamque</strong></span> <span class='ocrx_word' id='word_1_776' title='bbox 2517 5618 2899 5685; x_wconf 81' lang='lat' dir='ltr'><strong>sententiam,</strong></span> <span class='ocrx_word' id='word_1_777' title='bbox 2919 5632 3055 5689; x_wconf 84' lang='lat' dir='ltr'><strong>quae</strong></span> <span class='ocrx_word' id='word_1_778' title='bbox 3072 5617 3188 5672; x_wconf 91' lang='lat' dir='ltr'><strong>hac</strong></span> <span class='ocrx_word' id='word_1_779' title='bbox 3216 5616 3551 5687; x_wconf 89' lang='lat' dir='ltr'><strong>abjectione</strong></span> <span class='ocrx_word' id='word_1_780' title='bbox 3586 5630 3713 5671; x_wconf 89' lang='lat' dir='ltr'><strong>ma-</strong></span> 
     </span>
    </p>
   </div>
   <div class='ocr_carea' id='block_1_118' title="bbox 2050 5704 3633 5779">
    <p class='ocr_par' dir='ltr' id='par_1_118' title="bbox 2050 5704 3633 5779">
     <span class='ocr_line' id='line_1_118' title="bbox 2050 5704 3633 5779; baseline -0.005 -15"><span class='ocrx_word' id='word_1_781' title='bbox 2050 5707 2140 5779; x_wconf 79' lang='lat' dir='ltr'><strong>gis</strong></span> <span class='ocrx_word' id='word_1_782' title='bbox 2171 5707 2551 5765; x_wconf 88' lang='lat' dir='ltr'><strong>formidanda</strong></span> <span class='ocrx_word' id='word_1_783' title='bbox 2576 5710 2665 5763; x_wconf 90' lang='lat' dir='ltr'><strong>est</strong></span> <span class='ocrx_word' id='word_1_784' title='bbox 2697 5723 2709 5760; x_wconf 89' lang='lat'><strong>:</strong></span> <span class='ocrx_word' id='word_1_785' title='bbox 2736 5710 2793 5763; x_wconf 90' lang='lat' dir='ltr'><strong>et</strong></span> <span class='ocrx_word' id='word_1_786' title='bbox 2830 5705 2915 5762; x_wconf 91' lang='lat' dir='ltr'><strong>ita</strong></span> <span class='ocrx_word' id='word_1_787' title='bbox 2934 5704 3183 5762; x_wconf 91' lang='lat' dir='ltr'><strong>omnino</strong></span> <span class='ocrx_word' id='word_1_788' title='bbox 3215 5705 3633 5775; x_wconf 81' lang='lat' dir='ltr'><strong>corrigeretur.</strong></span> 
     </span>
    </p>
   </div>
   <div class='ocr_carea' id='block_1_119' title="bbox 2120 5792 3713 5869">
    <p class='ocr_par' dir='ltr' id='par_1_119' title="bbox 2120 5792 3713 5869">
     <span class='ocr_line' id='line_1_119' title="bbox 2120 5792 3713 5869; baseline -0.004 -16"><span class='ocrx_word' id='word_1_789' title='bbox 2120 5798 2330 5854; x_wconf 70' lang='lat' dir='ltr'><strong>VersJ</strong></span> <span class='ocrx_word' id='word_1_790' title='bbox 2379 5839 2392 5852; x_wconf 91' lang='lat'><strong>.</strong></span> <span class='ocrx_word' id='word_1_791' title='bbox 2478 5812 2687 5854; x_wconf 82' lang='lat' dir='ltr'><strong>ursum</strong></span> <span class='ocrx_word' id='word_1_792' title='bbox 2714 5795 2895 5869; x_wconf 78' lang='lat' dir='ltr'><strong>—-qui</strong></span> <span class='ocrx_word' id='word_1_793' title='bbox 2907 5796 2972 5853; x_wconf 80' lang='lat' dir='ltr'><strong>in</strong></span> <span class='ocrx_word' id='word_1_794' title='bbox 2984 5796 3259 5852; x_wconf 64' lang='lat' dir='ltr'><strong>causa“;</strong></span> <span class='ocrx_word' id='word_1_795' title='bbox 3284 5792 3489 5866; x_wconf 67' lang='lat' dir='ltr'><strong>Papia!</strong></span> <span class='ocrx_word' id='word_1_796' title='bbox 3517 5805 3713 5862; x_wconf 87' lang='lat' dir='ltr'><strong>quan-</strong></span> 
     </span>
    </p>
   </div>
  </div>
