4178 6378
499 352 604 405 507

1821 350 2172 407 EUTHYMII
2207 348 2547 407 ZIGABENI

3765 340 3872 395 508

498 483 624 532 tum
658 479 826 549 ponit
846 480 919 534 de
936 480 1247 537 dilectione
1259 480 1545 548 studium,
1559 478 1739 535 variis
1754 476 2054 549 Evangelii
2069 475 2137 531 10'

2264 472 2519 546 φροντίδα
2566 479 2787 527 ποιεῖται
2829 481 2917 534 τῆς
2973 471 3201 545 ἁγὴπῃς,
3253 467 3524 539 πολλαχοῦ
3568 471 3661 517 τοῦ
3699 464 3868 534 Εὐαγ-

500 566 582 621 cis
623 568 695 622 de
718 568 827 623 hac
859 570 1077 625 iterans
1098 586 1455 626 sermonem.
1488 572 1651 625 Nunc
1673 568 1971 640 siquidem
1994 570 2153 636 post-

499 671 679 727 quam
711 674 931 727 magna
959 660 1262 715 minitatus
1292 665 1379 714 est
1406 660 1498 715 his
1526 660 1875 731 quiponunt
1905 655 2153 711 offendi-

497 745 719 812 culum,
736 750 792 802 et
819 747 911 802 his
935 750 1036 820 qui
1059 765 1179 805 non
1204 750 1581 820 corriguntur
1597 764 1802 805 eorum
1819 745 2016 801 studio
2046 744 2151 816 qui

497 834 928 892 oﬂ'endiculum
948 839 1107 909 passi
1130 844 1266 894 sunt
1300 851 1315 899 ζ
1350 855 1590 893 rursum
1624 852 1843 907 magna
1861 834 2151 907 promittit

498 924 589 979 his
619 926 1008 999 quidiligunt,
1046 934 1106 983 ut
1131 932 1256 983 tum
1290 928 1490 993 minis,
1512 932 1635 983 tum
1659 924 1977 1000 promissis
1997 923 2073 979 ad
2090 940 2151 979 a-

499 1030 727 1070 morem
758 1022 1080 1088 congreget
1109 1018 1487 1074 Christianos.

567 1211 712 1267 Dicit
733 1228 874 1282 ergo
902 1230 915 1268 :
944 1215 998 1269 Si
1022 1214 1143 1270 duo
1170 1230 1241 1269 ex
1264 1214 1454 1281 vobis,
1474 1214 1809 1269 videlicetin
1830 1227 2036 1268 amore
2070 1210 2156 1264 vi-

492 1304 712 1365 ventes,
737 1304 1111 1360 concorditer
1133 1304 1404 1376 petierint
1434 1321 1469 1361 a
1502 1308 1617 1360 Deo
1645 1305 1718 1359 de
1749 1302 2149 1376 qualicunque

493 1406 574 1455 re,
608 1392 1000 1449 exaudientur
1030 1394 1226 1465 ;quod
1243 1394 1293 1448 si
1320 1395 1460 1460 duo,
1491 1394 1678 1449 multo
1706 1392 1897 1462 magis
1924 1391 2146 1464 plures.

494 1480 806 1543 Quomodo
837 1499 981 1553 ergo
1019 1483 1358 1555 frequenter
1380 1484 1559 1556 aliqui
1590 1484 1709 1539 duo
1739 1483 1799 1538 in
1827 1480 2142 1537 dilectione

493 1570 829 1635 existentes,
857 1579 913 1627 et
969 1576 1150 1629 Deum
1190 1574 1559 1630 concorditer
1597 1574 1669 1629 de
1702 1572 1897 1645 aliquo
1942 1576 2146 1642 postu-

492 1658 702 1725 lantes,
725 1678 843 1717 non
885 1664 1281 1719 exaudiuntur
1310 1664 1337 1718 ‘I
1368 1664 1517 1729 Quia
1576 1680 1697 1719 non
1730 1668 1869 1718 sunt
1918 1660 2141 1716 similes

492 1749 803 1820 apostolis.
825 1754 1025 1822 Neque
1047 1752 1205 1807 enim
1234 1751 1743 1824 simpliciterdixit
1759 1773 1770 1806 :
1789 1751 1845 1805 Si
1864 1750 1984 1805 duo
1999 1766 2139 1805 con-

2260 563 2431 634 γελίου
2490 568 2574 615 τόν
2634 569 2749 637 περὶ
2810 566 3005 625 ταύτης
3055 561 3205 633 λόγον
3264 556 3579 610 ἀνακυκλῶν,
3641 559 3741 607 Καὶ
3782 560 3871 605 νῦν

2260 655 2360 727 γὰρ
2413 653 2694 714 ἀπειλήσας
2743 653 2944 725 μεγάλα
2998 661 3103 712 τοῖς
3158 646 3558 712 σκνδαλίζουσι,
3610 648 3700 696 καὶ
3761 650 3873 704 τοῖς

2260 747 2330 815 μὴ
2395 740 2779 817 διορθουμένοις
2855 744 2953 795 ὑπὸ
3035 750 3126 802 τῆς
3197 749 3297 793 τῶν
3385 732 3869 806 σκανδαλιζομὲνωὶ

2263 829 2525 898 σπουδῆς,
2586 832 2952 905 ἐπαγγέλλεται
3007 831 3206 905 μεγάλα
3264 828 3417 881 πάλιν
3465 834 3568 886 τοίς
3625 823 3879 895 ἀγαπῶσ¹

2260 930 2412 974 τοῦτο
2468 926 2558 995 μὲν
2626 920 2721 975 διὰ
2807 931 2902 986 τῆς
2966 921 3202 989 ἀπειλῆς,
3264 925 3418 971 τοῦτο
3488 911 3547 969 δὲ
3611 911 3707 967 διὰ
3778 921 3870 974 τῆς

2261 1010 2585 1085 ἐπαγγελίας,
2642 1013 2713 1076 εἰς
2788 1011 2995 1085 ἀγάπην
3103 1012 3339 1083 συνάγων
3410 1010 3533 1069 τοὺς
3598 1012 3868 1079 Χριστια-

2257 1104 2391 1164 νούς.

2334 1196 2483 1264 Λέγει
2536 1199 2727 1259 τοίνυν,
2776 1193 2857 1245 ὅτι
2907 1193 3023 1246 Ἐὰν
3073 1188 3171 1244 δύο
3220 1190 3386 1261 ὑμῶν,
3443 1186 3492 1238 ἐν
3540 1183 3721 1256 ἀγάπῃ
3770 1180 3867 1241 δη-

2259 1281 2427 1334 λονότι
2491 1280 2774 1354 διάγοντες,
2874 1287 3156 1355 συμφώνως
3240 1279 3506 1336 αἰτήσωσι
3572 1277 3658 1327 τόν
3733 1275 3866 1326 Θεὸν

2256 1377 2374 1445 περὶ
2428 1370 2754 1433 οἰουὸήτινος
2813 1374 3136 1445 πράγματος,
3200 1368 3711 1425 εἰσακουσθήσονται
3760 1376 3776 1392 ⁸
3820 1361 3864 1415 εἰ

2258 1458 2316 1514 δὲ
2349 1464 2398 1514 οἱ
2433 1460 2550 1527 δύο,
2591 1462 2761 1534 πολλῷ
2804 1462 2992 1535 μᾶλλον
3029 1464 3079 1515 οἱ
3120 1460 3345 1520 πλείους·
3390 1461 3491 1511 Καὶ
3534 1455 3647 1516 πῶς
3674 1451 3865 1505 πολλά-

2251 1571 2330 1612 κις
2388 1549 2483 1604 δύο
2539 1556 2688 1621 τινες,
2738 1552 2786 1604 ἐν
2832 1552 3012 1625 ἀγάπῃ
3071 1555 3229 1616 ὄντες,
3289 1551 3380 1600 καὶ
3434 1549 3718 1618 συμφώνως
3775 1544 3863 1594 τὸν

2254 1646 2381 1694 Θεὸν
2469 1643 2728 1703 αἰτοῦντες
2815 1646 2933 1715 περί
3013 1660 3166 1709 τινος,
3254 1639 3347 1691 οὐκ
3424 1637 3786 1689 εἰσακούονται
3844 1646 3859 1698 ;

2252 1734 2392 1783 Διότι
2437 1732 2531 1784 οὐκ
2569 1733 2672 1784 εἰσί
2711 1734 2845 1784 κατὰ
2887 1735 3009 1794 τοὺς
3050 1729 3387 1788 ἀποστολους.
3431 1726 3506 1779 Οὐ
3549 1726 3649 1797 γὰρ
3685 1721 3861 1783 ἁπλῶς

491 1840 782 1895 senserint
809 1857 822 1907 ;
848 1840 1161 1909 sed,siduo
1186 1857 1257 1898 ex
1278 1843 1443 1908 vobis,
1466 1846 1579 1898 hoc
1593 1846 1684 1897 est
1710 1840 1932 1896 similes
1950 1839 2137 1907 vobis,

2253 1818 2408 1887 εἶπεν,
2451 1823 2566 1877 Ἐὰν
2616 1819 2713 1875 δύο
2746 1827 3188 1895 συμφωνήσωσιν,
3237 1818 3364 1886 ἀλλ’,
3416 1814 3502 1869 ἐὰν
3562 1810 3660 1867 δύο
3690 1814 3856 1885 ὑμῶν,

487 1928 760 1985 virtutem
788 1930 1067 1986 colentes.

559 2018 659 2074 Vel
675 2019 986 2089 igiturnon
1021 2037 1090 2077 ea
1111 2025 1393 2092 praestant
1417 2039 1551 2093 quin
1569 2025 1838 2094 possunt,
1865 2019 2143 2075 velinuti-

486 2107 565 2162 lia
583 2112 807 2178 petunt,
834 2109 919 2165 vel
953 2110 1243 2166 adversus
1272 2128 1416 2167 eum
1447 2113 1547 2183 qui
1582 2111 1853 2167 molestia
1896 2108 2141 2166 affectus

487 2200 574 2252 est
604 2198 691 2269 (ίῦ
723 2198 1130 2270 deprecantur.
1166 2200 1258 2256 vel
1284 2214 1393 2272 pro
1414 2201 1662 2270 indigno
1694 2200 2018 2272 postulant,
2048 2199 2142 2256 vel

486 2287 735 2343 omnino
766 2287 969 2360 aliqua
995 2289 1145 2345 ratio
1171 2290 1342 2346 adest
1390 2307 1521 2363 quae
1553 2295 1756 2346 causet
1785 2288 2089 2361 repulsam
2124 2311 2135 2343 :

486 2391 607 2447 qua
624 2377 871 2443 sublata,
900 2378 1004 2450 qui
1029 2380 1211 2436 vitam
1240 2380 1467 2452 degunt
1498 2379 1833 2437 secundum
1864 2378 2138 2435 virtutem

485 2471 543 2522 et
571 2468 631 2523 in
672 2484 877 2525 amore
907 2468 1136 2537 vivunt,
1197 2486 1267 2527 ac
1306 2472 1679 2528 concorditer
1738 2474 1967 2543 petunt,
2018 2475 2139 2525 sta-

485 2557 589 2613 tim
629 2565 1079 2631 consequuntur
1122 2577 1134 2615 :
1166 2563 1401 2617 mentiri
1458 2556 1617 2618 enim
1656 2579 1777 2619 non
1807 2566 2003 2635 potest
2033 2566 2136 2635 qui

483 2647 773 2720 promisit.
798 2650 968 2720 Atqui
987 2649 1165 2705 etiam
1189 2668 1342 2707 unus
1373 2652 1565 2708 virtuti
1588 2653 1824 2709 deditus
1853 2654 1897 2709 si
1933 2653 2016 2709 sic
2033 2655 2133 2727 (ῃ)

482 2742 643 2809 petat
661 2738 1026 2795 exaudietur.
1045 2740 1159 2795 Sed
1175 2757 1293 2797 non
1317 2747 1546 2798 tantum
1564 2749 1851 2815 quantum
1866 2743 1982 2799 duo
1997 2761 2135 2800 con-

479 2826 720 2882 formes.
756 2828 905 2895 Quia
930 2846 1071 2885 vero
1090 2830 1236 2887 dixit
1269 2834 1417 2889 τινίθί
1449 2833 1570 2889 illis
1597 2849 1633 2889 a
1659 2836 1841 2890 Patre
1872 2850 2009 2900 meo,
2031 2835 2136 2891 do-

480 2921 1035 2990 cetconsequenter,
1082 2920 1248 2992 quod
1287 2936 1408 2976 non
1461 2921 1621 2977 solus
1663 2925 1826 2978 Pater
1872 2922 1993 2992 dat,
2028 2923 2133 2980 sed

479 3005 651 3061 etiam
675 3005 828 3080 ipse;
863 3006 997 3064 ideo
1028 3013 1463 3082 consequenter
1492 3011 1635 3067 dicit
1667 3036 1679 3067 :

549 3097 713 3153 Vers.
746 3101 833 3153 20.
875 3098 988 3154 Ubi
1013 3130 1081 3140 —
1107 3114 1330 3156 eorum.
1366 3103 1429 3156 In
1455 3101 1698 3157 nomine
1729 3119 1886 3173 meo,
1915 3102 2026 3159 hoc
2046 3106 2132 3159 est

477 3191 714 3259 propter
752 3204 867 3253 me,
898 3194 1288 3260 proptermea
1318 3196 1636 3264 praecepta,
1666 3197 1723 3248 et
1752 3169 2131 3266 nonpropter

2248 3179 2298 3227 τό
2356 3174 2475 3249 ἐμόν
2530 3172 2588 3228 δὲ
2658 3179 2837 3246 ὄνομα,
2898 3171 3012 3224 ἀντὶ
3070 3177 3181 3237 τοῦ,
3249 3169 3322 3221 δι’
3386 3169 3493 3239 ἐμὲ,

2251 3264 2259 3279 ι
2316 3268 2325 3279 1
2421 3266 2433 3279 ι
2525 3265 2577 3279 κε
2764 3267 2776 3279 ι
2882 3266 2892 3279 ι
2968 3258 3029 3279 ιιι
3097 3259 3107 3271 υ
3152 3263 3162 3275 ι
3336 3258 3466 3279 δᾼιηλ

477 3275 658 3332 aliam
689 3292 955 3333 causam.
986 3278 1094 3335 Ubi
1125 3295 1263 3351 ergo
1296 3281 1379 3336 ita
1414 3283 1761 3352 congregati
1786 3282 2019 3349 fuerint,
2046 3283 2126 3339 ibi

478 3382 612 3421 sum
628 3368 688 3421 in
711 3367 910 3423 medio
924 3383 1153 3434 eorum,
1174 3369 1464 3442 colligans
1481 3375 1536 3426 et
1552 3372 1897 3428 custodiens
1920 3389 2041 3439 eos,
2060 3389 2129 3429 ac

476 3456 783 3528 complens
810 3474 1018 3513 eorum
1048 3458 1383 3530 petitiones.
1410 3462 1535 3516 Non
1569 3464 1771 3517 autem
1799 3461 1958 3527 dixit,
1993 3462 2123 3531 Ero,

479 3545 605 3611 sed,
630 3547 775 3603 Sum
801 3547 1093 3618 protinus.

550 3742 703 3797 Deus
742 3756 876 3796 vero
920 3740 1071 3797 inter
1099 3742 1210 3799 hos
1249 3743 1492 3817 quidem
1524 3761 1657 3803 esse
1686 3748 1919 3819 dicitur,
1976 3749 2130 3809 inter

474 3830 606 3887 illos
636 3847 779 3887 vero
844 3846 965 3887 non
1015 3847 1163 3900 esse,
1204 3850 1320 3890 non
1378 3838 1667 3909 tanquam
1711 3838 1844 3895 loco
1876 3839 2125 3896 circum-

476 3920 730 3993 scriptus
764 3937 995 3994 ;neque
1038 3923 1198 3979 enim
1246 3924 1378 3982 loco
1423 3926 1831 3985 circumscribi
1888 3935 2125 4003 potest;

476 4011 576 4065 sed
606 4011 772 4083 quod
805 4011 989 4068 virtus
1018 4013 1148 4085 ejus
1168 4013 1316 4071 inter
1347 4015 1563 4089 dignos
1590 4017 1840 4075 libenter
1864 4036 2129 4077 commo-

472 4103 650 4156 retur.

544 4190 707 4247 Vers.
738 4192 826 4247 21.
854 4192 1013 4248 Tunc
1038 4195 1171 4249 —ei
1216 4195 1244 4251 ?
1275 4194 1422 4253 Cum
1464 4196 1537 4251 de
1569 4197 1879 4256 dilectione
1931 4216 2000 4256 ac
2039 4200 2130 4255 in-

470 4282 764 4352 juriarum
787 4281 1085 4340 oblivione
1126 4284 1432 4342 docuisset
1466 4287 1773 4353 Dominus,
1808 4290 2130 4361 interrogat

471 4387 677 4427 rursus
690 4372 959 4429 discendi
977 4374 1396 4446 cupidissimus
1412 4377 1639 4442 Petrus,
1662 4378 1949 4450 ignorans
1962 4382 2127 4455 quod

473 4476 711 4534 semper
739 4467 1011 4534 oporteat
1040 4464 1345 4535 ignoscere
1371 4467 1779 4538 peccantibus.

542 4552 701 4607 Vers.
724 4556 812 4605 2t.
844 4552 996 4607 Num
1025 4570 1201 4625 usque
1250 4558 1451 4624 septies
1476 4556 1504 4611 ‘2‘
1529 4561 1607 4614 De
1663 4558 1779 4615 hoc
1834 4562 2123 4634 tanquam
2156 4569 2203 4625 D

472 4655 577 4713 per
592 4640 1068 4698 additamentum
1086 4644 1431 4715 interrogat,
1458 4648 1777 4705 arbitratus
1794 4649 1981 4706 videri
2010 4652 2127 4708 hoc

471 4732 844 4802 magnanimi
859 4749 928 4789 ac
959 4735 1372 4807 patientissimi
1386 4738 1591 4795 animi.
1608 4738 1757 4806 Quid
1775 4739 1952 4810 igitur
1969 4742 2127 4797 Chri-

473 4825 600 4877 stus
630 4822 659 4877 ‘I

540 4915 705 4970 Vers.
756 4917 845 4969 22.
917 4915 1024 4970 Ait
1088 4948 1156 4958 —
1202 4918 1428 4987 septies.
1467 4920 1813 4991 Septuagies
1886 4921 2123 4993 septies,

468 5003 660 5079 inquit
680 5004 1161 5080 Chrysostomus,
1186 5022 1307 5063 non
1340 5008 1637 5080 signiﬁcat
1656 5009 1753 5065 hic
1779 5026 2123 5081 numerum,

2251 1915 2511 1974 τουτέστι,
2534 1913 2651 1964 καθ’
2678 1914 2813 1985 ὑμᾶς
2846 1911 3091 1986 ἐνάρετοι.

2322 2000 2390 2053 ’Ἡ
2437 2007 2607 2053 τοίνυν
2653 2002 2770 2073 (73)
2800 2004 2865 2054 τὰ
2915 2001 3036 2074 παρ’
3083 2000 3250 2053 αὐτῶν
3305 1998 3398 2049 οὐκ
3434 1996 3784 2067 εἰσφέρουσιν,
3824 1993 3857 2050 ἤ

2252 2088 2552 2166 ἀσύμφορον
2599 2092 2857 2159 αἰτοῦσιν,
2902 2093 2930 2151 ἡ
2980 2094 3113 2143 κατά
3153 2095 3245 2141 τοῦ
3290 2087 3633 2143 λελυπηκότος
3683 2100 3861 2156 παρα-

2249 2180 2517 2251 καλοῦσιν,
2573 2186 2602 2241 ἤ
2658 2184 2785 2257 ὑπὲρ
2834 2180 3045 2243 ἀναξίου
3097 2177 3324 2246 δέονται,
3383 2178 3414 2235 ἣ
3470 2175 3675 2235 πάντως
3712 2171 3864 2245 ἑτέρα

2250 2291 2330 2333 τις
2374 2272 2517 2324 αἰτία
2547 2276 2819 2345 πρόσεστι,
2853 2278 3081 2325 ποιοῦσα
3110 2273 3203 2327 τὴν
3238 2267 3555 2339 ἀποτυχίανο
3608 2265 3676 2325 ὡς
3717 2262 3767 2314 οἱ
3799 2279 3861 2332 γε

2250 2359 2368 2433 βίον
2442 2365 2651 2435 ἔχοντες
2730 2360 2983 2435 ἐνάρετον,
3065 2364 3154 2412 καὶ
3242 2360 3291 2411 ἐν
3376 2356 3554 2428 ἀγάπῃ
3643 2352 3855 2418 ζῶντες,

2247 2457 2337 2503 καὶ
2395 2458 2683 2526 συμφώνως
2740 2452 3018 2515 αἰτοῦντες,
3110 2449 3299 2501 αὐτίκα
3378 2444 3852 2516 ἐπιτυγχάνουσιν.

2242 2540 2512 2615 Ἀψευδὴς
2561 2546 2662 2617 γὰρ
2713 2544 2738 2595 ὁ
2796 2541 3247 2613 ἐπαγγειλάμενος.
3314 2541 3415 2591 Καὶ
3473 2539 3576 2607 μὴν
3637 2536 3727 2585 καὶ
3781 2531 3856 2594 εἷς

2246 2632 2476 2710 ἐνάρετος
2528 2633 2682 2685 αἰτῶν
2739 2632 3086 2696 εἰσακούεταί,
3147 2628 3255 2681 ἀλλ’
3307 2627 3368 2679 οὐ
3416 2632 3685 2688 τοσοῦτον,
3728 2622 3851 2673 ὅσον

2247 2720 2343 2776 δύο
2399 2730 2812 2796 συμφωνοῦντες.
2884 2722 3022 2775 Ἐπεὶ
3086 2717 3144 2773 δὲ
3211 2718 3369 2783 εἶπεν,
3438 2716 3514 2768 ὅτι
3575 2718 3852 2771 Γενήσεται

2246 2815 2424 2877 αὐτοῖς
2477 2817 2621 2889 παρὰ
2672 2820 2757 2866 τοῦ
2816 2815 3023 2885 Πατρός
3068 2831 3188 2884 μου,
3232 2805 3484 2861 διδάσκει
3520 2805 3721 2869 λοιπόν,
3770 2804 3852 2855 ὃτι

2244 2905 2302 2957 οὐ
2342 2908 2496 2977 μόνος
2538 2906 2563 2957 ὁ
2616 2908 2796 2976 Πατὴρ
2833 2899 3084 2967 ὃίὸωπιν,
3122 2900 3249 2953 ἀλλὰ
3291 2903 3381 2951 καὶ
3421 2897 3589 2957 αὐτος.
3625 2897 3711 2947 Διό
3758 2897 3851 2945 καὶ

2241 2994 2396 3067 λέγει.

2315 3085 2393 3138 Οὔ
2444 3117 2513 3125 —
2552 3084 2738 3139 αὐτῶν.
2797 3115 2862 3124 -
2911 3081 3010 3147 Οὗ,
3060 3080 3173 3153 (74)
3233 3078 3345 3132 ἀντὶ
3397 3084 3509 3144 τοῦ,
3557 3077 3713 3131 ὅπου,
3760 3073 3851 3134 Εἰς

3567 3162 3680 3235 διὰ,
3753 3165 3849 3224 τὰς

2242 3264 2368 3338 ἐμὰς
2413 3265 2638 3333 ἐντολὰς,
2693 3267 2784 3317 καὶ
2829 3266 2899 3336 μὴ
2956 3258 3029 3315 δι’
3087 3259 3256 3336 ἑτέραν
3296 3258 3488 3312 αἰτίαν.
3541 3253 3712 3308 Ὀπου
3742 3258 3848 3306 τοί-

2238 3376 2327 3408 νυν
2375 3355 2510 3408 οὒτω
2564 3356 2928 3426 συναχθώσιν,
2999 3351 3105 3404 ἐκεῖ
3179 3349 3286 3422 εἰμι
3351 3348 3399 3400 ἐν
3453 3350 3595 3419 μέσῳ
3653 3345 3843 3407 αὐτῶν,

2242 3443 2549 3519 συνδεσμών
2600 3448 2690 3498 καὶ
2737 3443 3004 3517 φυλάττων
3072 3441 3281 3507 αὐτοὺς,
3340 3443 3430 3492 καὶ
3490 3437 3702 3511 πληρῶν
3752 3438 3847 3496 τὰς

2238 3540 2433 3590 τούτων
2482 3535 2738 3598 αἰτήσεις.
2800 3533 2911 3586 Οὐκ
2937 3532 3045 3585 εἶπε
3080 3528 3158 3599 δὲ,
3206 3532 3286 3584 ὅτι
3327 3529 3575 3602 Ἕσομαι,
3619 3525 3726 3578 ἀλλ’
3767 3527 3845 3578 ὃτι

2239 3628 2362 3701 Εἰμὶ
2390 3626 2599 3681 αὐτίκα.

2311 3719 2532 3789 Λέγεται
2591 3712 2651 3768 δὴ
2688 3715 2715 3767 ὁ
2750 3713 2869 3775 Θεὸς
2899 3710 3028 3767 εἶναι
3083 3713 3172 3785 μὲν
3230 3708 3278 3762 ἐν
3321 3711 3547 3771 τούτοις,
3602 3709 3673 3779 μὴ
3710 3706 3840 3758 εἶναι

2240 3803 2291 3859 δ’
2344 3806 2391 3859 ἐν
2447 3806 2671 3873 ἐκείνοις,
2710 3804 2815 3876 οὐχ
2872 3807 2939 3866 ὡς
2999 3806 3349 3875 περίγραπτος
3404 3819 3416 3832 ·
3457 3796 3845 3872 ἀπερίγραπτος

2236 3899 2336 3973 γάρ
2371 3897 2505 3969 (75)·
2539 3895 2647 3947 ἀλλ’
2678 3897 2749 3956 ὡς
2781 3901 2877 3954 τῶς
2909 3890 3178 3965 δυνάμεως
3222 3890 3383 3943 αὐτοῦ
3411 3895 3514 3942 τοῑ5
3549 3886 3718 3950 ἀξίοις
3747 3884 3835 3959 ἄμμ

2240 3986 2662 4060 φιλοχωρούσης.

2309 4188 2437 4237 Τότε
2491 4214 2560 4224 -
2622 4183 2811 4253 αυτῷς
2868 4186 2972 4234 Τοῦ
3032 4184 3228 4254 Κυρίου
3306 4182 3424 4253 περὶ
3484 4175 3689 4249 ἀγάπης
3754 4179 3843 4228 καὶ

2240 4274 2627 4347 ἀμνησικακίας
2682 4268 3017 4337 διδάξαντος,
3070 4267 3235 4343 ἐρωτᾷ
3284 4268 3438 4321 πάλιν
3488 4269 3513 4320 ὁ
3558 4266 3839 4339 φιλομαθέ-

2242 4385 2428 4426 στατος
2478 4368 2690 4438 Πέτρος,
2726 4361 2937 4435 ἀγνοῶν,
2992 4362 3072 4413 ὅτι
3124 4361 3345 4413 πάντοτε
3396 4362 3505 4431 χρὴ
3541 4360 3838 4429 συγχωρεῖν

2237 4462 2347 4518 τοῖς
2376 4456 2784 4530 ἁμαρτάνουσιν.

2304 4545 2440 4607 Ἕως
2523 4543 2769 4609 ἑπτάκις;
2852 4545 2972 4617 Περὶ
3055 4543 3240 4593 τούτου
3326 4541 3461 4593 κατὰ
3533 4536 3842 4612 προσθήκην

2238 4636 2419 4710 ἐρωτᾷ,
2471 4634 2696 4708 νομίζων
2758 4640 2979 4706 φανῆναι
3035 4630 3554 4705 μεγαλοψυχότατος.
3586 4633 3651 4680 Τί
3700 4621 3787 4679 οὖν
3819 4624 3845 4676 ὁ

2238 4728 2501 4800 Χριστός

2311 4927 2465 4995 Λέγει
2518 4954 2582 4963 —
2633 4920 2780 4974 ἑπτά.
2860 4922 2929 4974 Τό
3003 4917 3442 4994 ἑϐδομηκοντάκις
3500 4912 3629 4967 ἑπτά
3682 4933 3844 4987 φησιν

2239 5014 2404 5087 ὁ(“76)
2452 5015 2829 5088 Χρυσόστομος
2885 5009 3105 5064 ἐνταῦθα
3139 5013 3209 5083 μὴ
3274 5010 3545 5080 σημαίνειν
3599 5002 3844 5081 ἀριθμὸν,

1679 5189 1899 5261 Variae
1937 5191 2267 5263 lectiones
2308 5203 2373 5263 et
2421 5204 2623 5263 notae.

540 5358 655 5431 (73)
687 5358 795 5415 Pro
821 5358 974 5432 quia,
1002 5359 1168 5433 quod
1188 5358 1447 5417 habebat
1477 5361 1821 5435 Hentenius,
1873 5365 2119 5432 correxi,

469 5452 761 5589 mea???”
787 5516 846 5571 οὗ
882 5521 960 5577 ad
989 5524 1117 5574 ὅπου
1149 5536 1289 5578 cum
1310 5522 1586 5594 proximo
1604 5520 1665 5576 δέ
1694 5523 1919 5581 omittit
1970 5526 2129 5583 Hen-

565 5696 627 5766 ii)
651 5698 909 5767 Affectus
937 5702 1037 5754 est.
1062 5699 1287 5758 Aﬁ‘ecit.

669 5770 737 5827 Si
763 5770 867 5827 sic.
904 5772 1071 5827 Forte
1092 5772 1251 5842 legit,
1281 5772 1509 5846 ἐνάρετος
1538 5775 1703 5837 οὕτως
1727 5774 1918 5836 αἰτῶν,

2236 5367 2432 5426 tenius

2328 5440 2420 5512 75)
2452 5441 2532 5506 Δέ,
2562 5452 2667 5512 pro
2694 5438 2819 5512 γάρ,
2852 5439 2913 5493 Β.

2328 5440 2420 5507 75)
2452 5441 2532 5506 Δέ,
2562 5452 2667 5510 pro
2694 5439 2819 5512 γάρ,
2852 5439 2913 5493 Β.

2307 5439 2423 5583 ἱἿϐ)
2448 5512 2617 5569 Tom.
2650 5511 2760 5577 Vll,
2790 5524 2857 5581 p.
2903 5507 3004 5564 6H
3038 5509 3108 5566 A.
