4178 6392
304 371 412 426 509

1216 366 1584 424 COMMENT.
1630 365 1697 420 IN
1738 364 2178 420 MATTHXEUM.
2222 396 2289 408 -—
2328 366 2486 422 CAP.
2528 367 2725 423 XVIII.

3574 361 3691 415 54οη

309 499 436 551 ἀλλά
475 502 533 550 τὸ
564 498 803 571 ἄμετρον,
836 500 926 549 καὶ
957 492 1204 561 διηνεκὲς,
1256 500 1345 548 καὶ
1386 494 1483 550 ἀεί.
1519 496 1760 565 Καθάπερ
1809 494 1909 563 γὰρ

2031 493 2134 547 sed
2164 493 2553 560 immensum,
2587 496 2938 551 continuum
2965 501 3021 552 et
3065 508 3324 565 semper.
3351 493 3499 545 Nam
3530 487 3680 542 sicut

308 593 367 642 τὸ
415 590 665 662 μυριάκις
713 591 771 639 τὸ
810 586 1058 648 πολλάκις
1101 584 1256 643 δηλοῖ
1301 584 1421 659 παρ’
1470 584 1735 649 Ἓλλησιν,
1781 585 1913 634 οὕτω

310 676 379 737 δὴ
434 684 524 730 καὶ
563 680 622 729 τὸ
666 676 874 736 ἑπτάκις
921 677 1045 751 παρ’
1095 676 1371 749 Ἑϐραίοις,
1437 679 1522 725 καὶ
1565 672 1735 743 πολλῷ
1784 671 1913 743 μᾶλ-

308 770 391 821 λον
443 772 507 820 τυ
579 763 1057 839 ἑϐδομηκοντάκις·
1115 770 1189 819 ἔτι
1260 763 1317 818 δὲ
1372 765 1542 818 πλεῖον
1593 767 1649 815 τὸ
1701 762 1752 826 ἐξ
1815 761 1913 833 αμ-

311 866 423 932 φοῖν
520 861 871 929 συγκείμενον,
952 856 1083 928 λέγω
1170 853 1237 914 δὴ
1331 858 1390 907 τὸ
1466 850 1913 925 ἑϐδομηκοντάκις

309 946 456 1001 ἑπτά.

384 1036 523 1089 Ἐπεὶ
565 1040 739 1088 τοίνυν
786 1037 983 1109 ἄμετρα
1038 1038 1105 1098 εἰς
1160 1038 1288 1089 Θεὸν
1336 1035 1691 1109 ἁμαρτάνομεν
1740 1035 1909 1105 ἡμεῖς,

309 1126 512 1201 ἄμετρα
555 1129 645 1178 καὶ
704 1132 999 1200 συγχωρεῖν
1049 1133 1153 1187 τοῖς
1210 1126 1282 1187 εἰς
1333 1126 1472 1198 ἡμᾶς
1524 1121 1913 1198 ἁμαρτανουσιν

310 1215 589 1284 ἐκέλευσεν,
644 1214 773 1269 ἀλλὰ
814 1222 924 1278 τοῖς
963 1214 1040 1269 ἀεὶ
1087 1223 1449 1288 μετανοοῦσιν.
1519 1214 1661 1267 Ἐπεὶ
1701 1216 1787 1264 τὸν
1840 1216 1910 1284 μὴ

1589 1302 1914 1356 ἀπωθεῖσθαι

520 861 871 929 συγκείμενον,

308 1313 657 1379 μετανοοῦντα
727 1308 858 1379 μιτὰ
927 1310 1109 1380 τρίτην
1183 1309 1509 1379 παραίνεσιν,

306 1394 644 1470 προσέταξεν,
704 1396 769 1456 ὡς
819 1398 907 1448 τὸν
975 1393 1173 1448 ἔθνικὸν
1242 1400 1332 1447 καὶ
1393 1397 1462 1455 ὡς
1528 1396 1614 1446 τὸν
1671 1391 1909 1451 τελώνην.

310 1491 428 1546 Πῶς
453 1488 553 1558 γὰρ
585 1484 647 1537 ἄν
676 1503 757 1547 τις
787 1482 975 1557 ἀφήσει
1000 1493 1070 1557 τῷ
1096 1488 1167 1558 μὴ
1202 1485 1449 1546 ζητοῦντι
1476 1484 1660 1556 ἄφεσιν
1692 1499 1707 1548 ;

311 1608 457 1657 ΚΕΦ.
535 1600 665 1655 ΛΘ’.
745 1604 871 1676 Περὶ
932 1608 1025 1653 τοῦ
1093 1601 1376 1674 ὀφείλοντος
1451 1603 1516 1653 τὰ
1586 1603 1751 1674 μύρια
1822 1601 1912 1651 τά·

1020 1690 1201 1746 λαντα.

381 1784 477 1835 Διά
557 1788 710 1834 τοῦτο
757 1812 826 1821 -
891 1779 1072 1834 αὐτοῦ.
1144 1784 1237 1834 Διά
1316 1784 1490 1847 τοῦτο,
1562 1788 1748 1849 ποῖονς
1821 1781 1913 1832 Διὰ

306 1876 368 1925 1'6
429 1880 628 1946 χρῆναι
695 1872 917 1925 πάντοτε
972 1877 1270 1947 συγχωρεῖν
1327 1879 1399 1942 τῷ
1469 1872 1689 1923 πάντοτε
1760 1889 1913 1943 μετα-

308 1969 531 2020 νοοῦντι.
581 1960 851 2015 Βασιλείαν
903 1958 962 2015 δὲ
1000 1961 1228 2035 οὐρανῶν
1279 1960 1459 2015 ἑαυτὸν
1515 1961 1650 2034 λέγει
1696 1968 1805 2028 νῦν,
1850 1967 1915 2020 ῶς

310 2050 536 2124 βασιλέα
595 2052 852 2128 οὐράνιον,
903 2053 1071 2114 καθὼς
1125 2051 1374 2114 πολλάκις
1441 2052 1735 2126 εἰρήκαμεν.
1793 2058 1915 2103 Συν-

308 2148 437 2217 ᾶραι
484 2138 543 2195 δὲ
593 2141 762 2215 λόγον,
804 2140 919 2196 ἀντὶ
976 2148 1087 2214 τοῦ,
1139 2150 1356 2201 κινῆσαι
1410 2142 1707 2214 λογοθέσιον
1755 2144 1911 2213 μέσον

313 2239 414 2283 τῶν
446 2228 642 2283 δούλων
672 2231 852 2299 αὐτοῦ,
908 2232 1091 2295 οἵτινές
1141 2232 1269 2284 εἰσιν
1301 2233 1350 2284 οἱ
1406 2233 1691 2305 ἄνθρωποι.
1746 2229 1913 2283 Πλάτ-

314 2340 392 2375 τει
423 2317 483 2374 δὲ
522 2325 613 2380 τὴν
649 2320 948 2398 παραϐολὴν
997 2324 1213 2388 ταύτην,
1249 2318 1419 2385 δεῖξαι
1450 2321 1783 2395 βουλόμενος,
1833 2323 1912 2374 ὅτι

310 2413 338 2464 6
371 2416 445 2485 μὴ
498 2420 789 2487 συγχωρῶν
835 2420 907 2483 τῷ
938 2412 1008 2475 εἰς
1039 2411 1194 2464 αὐτὸν
1242 2412 1592 2487 ἁμαρτάνοντι
1641 2412 1914 2489 ἀποστερεῖ

306 2501 489 2554 ἑαυτὸν
513 2509 607 2553 τοῦ
636 2504 781 2577 παρὰ
807 2509 941 2557 Θεοῦ
970 2501 1159 2565 ἐλέους.

376 2591 696 2665 Ἀρξαμένου
760 2623 830 2633 -
899 2591 1182 2649 ταλάντων.
1240 2591 1323 2654 Εἷς
1393 2590 1574 2655 δοῦλος
1646 2591 1909 2652 δηλονότι.

301 2680 466 2756 Ὅπερ
516 2678 577 2735 δέ
607 2681 719 2735 ἐστι
743 2683 867 2755 παρ’
902 2685 1023 2756 ἡμῖν
1076 2684 1107 2743 ἡ
1158 2683 1308 2759 λίτρα
1349 2690 1442 2737 τοῦ
1487 2692 1719 2760 χρυσοῦ,
1761 2692 1912 2737 τοῦτο

302 2774 448 2848 παρὰ
500 2779 612 2836 τοῖς
665 2772 918 2849 Ἑϐραίοις
964 2775 1023 2827 1'6
1075 2773 1341 2831 τάλαντον.
1402 2777 1640 2847 Σταθμὸς
1694 2776 1795 2850 γὰρ
1850 2772 1912 2834 ἧν

302 2867 640 2937 νομισμάτων
694 2862 1125 2937 πολυτιμότατος,
1178 2870 1395 2918 καὶτῶν
1445 2864 1608 2918 ἄλλων
1670 2867 1911 2939 σταθμῶν

302 2953 684 3028 ὑπερκείμενος.

376 3048 463 3101 Μὴ
522 3045 732 3116 ἔχοντος
792 3040 851 3097 δὲ
907 3076 976 3085 -
1030 3050 1121 3098 καὶ
1201 3041 1549 3114 ἀποδοθῆναι,
1620 3041 1912 3104 Ἀποὸοθῆ-

300 3153 389 3185 ναι
437 3135 496 3185 τὸ
542 3136 699 3209 χρέος
753 3136 985 3198 πάντως.
1050 3135 1161 3188 Οὐκ
1215 3133 1269 3199 ἐξ
1330 3135 1594 3208 ὠμότητος
1648 3132 1707 3189 δὲ
1762 3143 1911 3188 τοῦτο

2024 584 2293 657 μυριάκις,
2326 582 2440 638 hoc
2471 588 2575 651 est,
2602 584 2780 641 decies
2807 584 3029 653 millies,
3082 580 3381 653 signiﬁcat
3404 580 3681 648 frequen-

2025 677 2128 737 ter,
2163 671 2328 744 apud
2342 674 2591 738 Grtecos,
2620 674 2699 730 ita
2722 690 2867 730 sane
2885 676 3158 745 etsepties
3176 670 3338 743 apud
3358 668 3638 723 Hebraeos
3657 683 3675 737 ;

2026 763 2083 815 et
2113 760 2299 816 multo
2354 762 2545 833 magis
2574 763 2943 835 septuagies;
2990 780 3057 819 ac
3110 762 3358 831 insuper
3403 754 3571 829 quod
3608 770 3680 810 ex

2027 855 2280 923 utroque
2305 854 2709 921 compositum
2737 854 3165 925 estseptuagies
3195 850 3427 921 septies.

2094 1050 2244 1118 Quia
2273 1066 2414 1121 ergo
2435 1051 2712 1108 inﬁnities
2760 1054 2823 1109 in
2847 1054 3035 1109 Deum
3059 1065 3401 1124 peccamus,
3432 1045 3681 1102 inﬁnitis

2022 1138 2255 1196 vicibus
2270 1139 2450 1210 jussit
2478 1139 2787 1211 ignoscere
2811 1142 2904 1198 his
2935 1141 3039 1214 qui
3060 1141 3120 1197 in
3156 1155 3270 1195 nos
3302 1136 3678 1208 delinquunt,

2026 1228 2077 1284 si
2101 1244 2333 1300 semper
2360 1230 2751 1303 resipiscant:
2783 1248 2922 1288 eum
2952 1245 3216 1303 namque
3238 1227 3342 1301 qui
3368 1241 3491 1283 non
3541 1224 3682 1281 resi-

2025 1318 2220 1391 piscit,
2266 1324 2400 1391 post
2432 1322 2663 1377 tertiam
2689 1322 3082 1377 monitionem
3122 1317 3328 1391 repelli
3354 1315 3680 1388 jussittan-

2025 1424 2212 1480 quam
2244 1407 2544 1465 ethnicum
2579 1414 2635 1465 et
2681 1410 3075 1482 publicanum
3108 1424 3122 1474 ;
3156 1405 3467 1479 quomodo
3516 1404 3676 1459 enim

2024 1497 2277 1554 remittet
2301 1498 2435 1570 quis
2460 1498 2513 1554 ei
2539 1498 2645 1571 qui
2669 1498 3085 1555 remissionem
3110 1512 3233 1553 non
3264 1490 3477 1569 quaerit
3507 1492 3534 1547 ‘l

2098 1616 2247 1671 CAP.
2274 1615 2516 1671 XXXIX.
2542 1616 2627 1671 De
2656 1631 2741 1682 eo,
2771 1616 2874 1687 qui
2904 1615 3150 1673 debebat
3175 1613 3365 1669 decem
3387 1610 3575 1666 millia
3593 1615 3682 1665 ta-

2691 1705 2997 1762 lentarum.

2096 1796 2258 1849 Vers.
2288 1794 2375 1850 23.
2405 1796 2730 1864 Propterea
2783 1827 2852 1837 —
2895 1794 3035 1851 suis.
3067 1795 3407 1866 PrOpterea,
3443 1789 3678 1864 quare?

2025 1884 2174 1950 Quia
2202 1888 2434 1956 oportet
2472 1884 2527 1940 ei
2594 1901 2825 1957 semper
2854 1887 3162 1954 ignoscere
3187 1884 3291 1957 qui
3314 1896 3554 1953 semper
3591 1897 3680 1938 re-

2023 1973 2261 2045 sipiscit.
2292 1974 2566 2045 Regnum
2583 1979 2781 2031 autem
2801 1974 3088 2031 caelorum
3116 1974 3376 2044 seipsum
3404 1986 3562 2026 nunc
3576 1986 3681 2043 ap-

2020 2063 2202 2135 pellat
2230 2068 2521 2137 tanquam
2547 2080 2747 2135 regem
2806 2064 3123 2131 caelestem,
3155 2067 3333 2136 prout
3378 2076 3536 2133 saepe
3594 2059 3681 2117 di-

2018 2154 2241 2211 ximus.
2282 2153 2557 2210 Conferre
2575 2171 2715 2211 vero
2753 2154 3069 2219 rationem,
3096 2154 3213 2210 hoc
3243 2156 3582 2209 estsumere
3609 2166 3680 2207 ac

2021 2242 2357 2299 subducere
2379 2246 2733 2317 computum
2768 2244 2918 2301 inter
2957 2260 3165 2299 servos
3198 2258 3358 2308 suos,
3401 2241 3505 2315 qui
3538 2243 3681 2297 sunt

2018 2333 2316 2391 homines.
2345 2333 2536 2404 Fingit
2574 2338 2774 2391 autem
2840 2334 2992 2391 hanc
3043 2332 3417 2406 parabolam,
3470 2329 3679 2386 volens

2018 2425 2353 2493 ostendere,
2384 2424 2550 2497 quod
2575 2424 2627 2479 is
2654 2425 2756 2498 qui
2785 2440 2907 2481 non
2936 2424 3188 2495 ignoscit
3216 2424 3277 2479 in
3344 2439 3406 2478 se
3428 2437 3681 2494 peccan-

2020 2515 2079 2584 ti,
2111 2516 2307 2586 privat
2327 2515 2590 2586 seipsum
2621 2514 2724 2569 Dei
2747 2513 3173 2570 misericordia.

2091 2605 2250 2659 Vers.
2280 2603 2367 2659 324.
2399 2605 2662 2676 Cumque
2690 2604 2947 2674 cwpisset
2978 2635 3045 2643 —
3076 2604 3459 2659 talentorum.
3516 2601 3678 2656 Unus

2020 2692 2288 2749 videlicet
2331 2709 2556 2749 servus.
2600 2693 2780 2764 Quod
2829 2697 3035 2750 autum
3087 2697 3176 2750 est
3230 2691 3392 2765 apud
3447 2693 3680 2747 Graecos

2018 2782 2190 2856 λίτρα,
2222 2784 2338 2839 hoc
2371 2788 2458 2839 est
2489 2783 2638 2841 libra
2669 2784 2826 2850 auri,
2855 2784 2917 2840 id
2948 2783 3112 2856 apud
3144 2783 3422 2839 Hebraeos
3454 2784 3541 2837 est
3589 2788 3673 2835 ta-

2020 2872 2257 2928 lentum.
2290 2872 2427 2928 Erat
2454 2873 2605 2929 enim
2643 2874 3079 2931 numismatum
3133 2873 3368 2945 pondus
3426 2870 3674 2927 maximi

2017 2962 2212 3034 pretii,
2244 2966 2455 3018 caetera
2494 2964 2697 3019 omnia
2725 2963 3014 3019 excedens
3039 2962 3325 3036 pondera.

2077 3053 2238 3107 Vers.
2270 3056 2361 3107 25.
2394 3052 2625 3109 Etcum
2670 3070 2776 3108 non
2802 3060 2981 3123 posset
3033 3084 3101 3093 —
3148 3052 3400 3123 ﬁerique
3444 3050 3678 3106 solutio-

2020 3159 2169 3200 nem.
2198 3144 2534 3199 Utomnino
2557 3143 2886 3200 solveretur
2933 3142 3222 3199 debitum.
3280 3143 3413 3197 Non
3471 3145 3677 3197 tamen

301 3220 584 3293 ἐκέλευσεν,
636 3222 742 3277 ἀλλ’
787 3223 842 3277 ἐκ
902 3227 1252 3299 συμπαθείας,
1309 3226 1392 3278 ἵνα
1430 3225 1672 3298 φοϐηθεὶς
1725 3225 1909 3288 ἐκεῖνος

2031 3236 2134 3289 hoc
2164 3248 2236 3288 ex
2267 3233 2605 3289 crudelitate
2638 3233 2833 3305 jussit,
2885 3233 2989 3288 sed
3030 3249 3103 3288 ex
3132 3229 3575 3303 compassione,
3608 3232 3677 3286 ut

297 3318 392 3373 τήν
438 3316 686 3373 τοιαύτην
726 3313 989 3388 ἀπόφασιν
1030 3314 1320 3390 limatior),
1368 3316 1479 3389 ('77)
1510 3320 1602 3369 καὶ
1641 3318 1784 3390 τύχη
1819 3326 1912 3380 τῆς

300 3401 550 3474 ἀφέσεως.
628 3403 688 3457 Εἰ
774 3407 876 3479 γὰρ
955 3408 1027 3478 μὴ
1098 3402 1192 3459 διὰ
1268 3413 1422 3458 τοῦτο
1500 3409 1745 3465 τοιαύτην
1826 3407 1911 3471 ἐξ-

299 3494 511 3564 ἠνεγκεν
568 3490 898 3567 ἆπόφασιν,]
952 3493 1048 3547 οῦκ
1112 3495 1173 3548 ἂν
1238 3496 1559 3549 ἱκετεύσαντι
1621 3498 1683 3549 τὸ
1756 3499 1911 3569 χρέος

294 3582 484 3656 ἀφῆκε.

372 3680 475 3727 Καὶ
524 3671 675 3728 διατί
719 3680 791 3749 μὴ
841 3679 944 3751 πρὸ
992 3685 1083 3739 τῆς
1122 3676 1431 3751 ἀποφάσεως
1484 3676 1691 3751 ἀφῆκε;
1744 3684 1906 3751 Διότι,

295 3764 500 3839 ῥᾳδίως
546 3764 683 3817 οὕτω
728 3768 1116 3840 συγχωρηθεὶς,
1166 3767 1260 3820 οὐκ
1298 3767 1496 3840 ἔμελλεν
1546 3771 1908 3841 ἐπιγίνώσκειν

297 3856 357 3908 τὸ
400 3862 492 3917 τῆς
534 3857 762 3929 χάριτος
794 3859 1023 3929 μέγεθος.
1080 3860 1175 3912 Διὰ
1225 3865 1378 3912 τοῦτο
1426 3860 1515 3912 οὖν
1561 3861 1632 3922 εἰς
1678 3860 1908 3934 ἀνάγκην

299 3944 528 4017 μεγάλην
557 3945 714 3998 αὐτὸν
746 3950 1088 4006 κατέστησεν.
1139 3947 1223 4002 ⁴ίνα
1274 3946 1706 4024 διαμνημονεύειν
1754 3951 1910 4005 ὕστε-

297 4053 386 4108 ρον
443 4036 583 4106 ἔχοι,
642 4040 793 4096 ποίας
844 4034 1028 4110 ἀφείθη
1088 4034 1403 4107 καταδίκης,
1472 4045 1562 4093 καὶ
1622 4045 1909 4115 συμπαθὴς

298 4125 512 4193 γένηται
565 4127 651 4176 καὶ
684 4124 841 4188 αὐτὸς
889 4130 1009 4202 περὶ
1059 4129 1146 4180 τὸν
1198 4127 1379 4182 ἑαυτοῦ
1428 4135 1731 4205 χρεώστην,
1788 4151 1909 4183 παι-

304 4208 504 4273 δενθεὶς
538 4214 586 4265 ἓν
616 4220 727 4276 ταῖς
752 4214 967 4277 οἰκείαις
999 4225 1312 4294 συμφοραῖς.

372 4307 550 4355 Πεσὼν
616 4335 684 4344 -
741 4304 902 4378 αὐτῷ.
956 4304 1096 4381 Ὅρα
1147 4309 1261 4380 (78)
1320 4308 1705 4383 φιλανθρωπίας
1758 4311 1907 4385 ὑπερ-

298 4392 491 4451 ϐολὴνῑ
563 4392 623 4447 Ὀ
675 4397 764 4463 μὲν
829 4397 930 4470 γὰρ
998 4399 1323 4472 προθεσμίαν
1407 4398 1633 4460 ἐζήτησε
1707 4402 1903 4472 μόνον·

294 4483 322 4534 ὁ
376 4478 437 4535 δὲ
487 4485 546 4535 τὸ
611 4488 770 4556 χρέος
844 4483 1036 4558 ἀφῆκεν
1114 4487 1279 4559 αὐτῷ,
1365 4488 1542 4561 μεῖζον
1604 4489 1663 4542 οὗ
1719 4493 1903 4555 ᾔτησε,

297 4568 570 4635 δεδωκώς,

367 4664 410 4733 -ι-
462 4660 575 4717 Ἴδε
625 4667 717 4723 τὴν
763 4672 855 4728 τῆς
919 4672 1195 4739 μετανοίας
1254 4666 1434 4742 ίσχύν,
1494 4675 1584 4723 καὶ
1644 4674 1739 4729 τὴν
1796 4671 1907 4744 φιλ-

296 4755 593 4827 ανθρωπίαν
672 4762 765 4808 τοῦ
854 4760 1070 4831 Κυρίου.
1160 4756 1219 4811 Ἠ
1300 4763 1390 4832 μὲν
1474 4762 1575 4834 γὰρ
1659 4763 1908 4833 μετάνοια

297 4842 512 4903 ἐποίησε
546 4846 633 4898 τὸν
697 4842 882 4899 δοῦλον
938 4855 1113 4901 πεσεῖν
1173 4846 1274 4902 ἀπὸ
1326 4858 1418 4912 τῆς
1472 4854 1692 4912 κακίας’
1736 4853 1761 4903 6
1804 4852 1902 4925 γὰρ

299 4936 566 4999 ἱστάμενος
620 4934 849 5009 βεϐαίως
914 4938 963 4990 ἄν
1021 4946 1084 5011 τῇ
1138 4945 1300 5014 κακία
1355 4940 1414 4993 οὗ
1482 4945 1901 5018 συγχωρητέος·

296 5026 327 5084 ἡ
390 5022 449 5077 δέ
506 5025 865 5100 φιλανθρωπία
914 5036 1007 5081 τοῦ
1063 5036 1197 5083 Θεοῦ
1252 5038 1595 5108 συνεχώρησε
1646 5034 1906 5097 παντελῶς

294 5117 356 5167 τὸ
388 5111 591 5169 δάνειον
625 5130 638 5147 ·
671 5121 903 5190 καίτοιγε
928 5119 953 5170 ὁ
985 5114 1170 5182 δοῦλος
1199 5120 1258 5174 οὐ
1292 5127 1641 5197 συγχώρησιν
1680 5123 1900 5185 παντελῆ

296 5204 487 5273 ἐζήτει,
569 5205 702 5260 ἀλλὰ
777 5210 1122 5282 προθεσμίαν.
1218 5214 1459 5266 Μάνθανε
1544 5219 1733 5272 τοίνυν.
1825 5216 1905 5269 ὅτι

296 5295 323 5347 6
378 5299 510 5360 Θεὸς
561 5302 652 5352 καὶ
691 5296 903 5352 πλείονα
956 5295 1201 5374 διδῶσιν,
1264 5300 1332 5355 ὧν
1380 5303 1689 5379 αἰτούμεθα.
1762 5306 1905 5362 Ἐπεὶ

2020 3323 2124 3380 tali
2148 3324 2695 3392 sententiagterritus
2712 3324 3147 3396 deprecaretur,
3168 3339 3237 3378 ac
3258 3320 3675 3377 remissionem

2021 3416 2498 3486 consequeretur.
2528 3414 2645 3469 Nisi
2667 3414 2828 3469 enim
2866 3429 2937 3470 eo
2966 3412 3085 3469 ﬁne
3118 3412 3292 3469 talem
3332 3409 3679 3483 protulisset

2019 3503 2391 3569 sententiam,
2423 3519 2813 3578 nequaquam
2839 3502 3177 3576 deprecanti
3217 3501 3546 3560 remisisset
3573 3498 3678 3556 de-

2016 3594 2230 3651 bitum.

2089 3687 2237 3740 Nam
2269 3684 2317 3739 si
2346 3683 2518 3741 valde
2544 3684 2713 3740 facile
2741 3682 3157 3740 remissionem
3179 3681 3560 3755 percepisset,
3587 3679 3677 3737 fu—

2017 3777 2219 3830 turum
2244 3777 2458 3830 eratut
2513 3774 2717 3845 gratias
2784 3773 3260 3846 magnitudinem
3291 3787 3414 3829 non
3459 3787 3676 3843 cogno-

2017 3867 2240 3920 sceret:
2274 3869 2518 3936 propter
2536 3864 2652 3921 hoc
2682 3880 2824 3935 ergo
2864 3865 2925 3920 in
2945 3879 3233 3934 magnam
3260 3863 3676 3919 necessitatem

2017 3969 2157 4009 eum
2186 3952 2434 4025 redegit,
2460 3958 2525 4011 ut
2564 3954 2643 4011 ad
2668 3954 3029 4011 memoriam
3075 3953 3135 4008 in
3160 3958 3469 4026 posterum
3503 3967 3671 4009 revov

2016 4059 2150 4100 care
2176 4047 2397 4115 posset,
2431 4059 2551 4116 qua
2597 4042 3096 4099 condemnatione
3128 4042 3437 4100 absolutus
3467 4044 3622 4099 esset
3654 4058 3671 4103 :

2017 4136 2073 4189 et
2094 4133 2513 4205 compassivus
2541 4134 2719 4190 etiam
2751 4133 2879 4205 ipse
2905 4148 3049 4203 erga
3090 4149 3266 4189 suum
3294 4131 3459 4188 ﬁeret
3496 4130 3670 4188 debi-

2014 4228 2224 4289 torem,
2253 4223 2504 4295 propriis
2533 4224 2777 4280 edoctus
2809 4222 3273 4280 calamitatibus.

2087 4314 2246 4369 Vers.
2276 4314 2364 4368 26.
2426 4314 2758 4370 Prostratus
2811 4344 2881 4354 —
2912 4316 3069 4369 Vers.
3135 4312 3223 4367 27.
3253 4310 3362 4370 illi.
3411 4311 3498 4382 H-
3526 4311 3671 4367 Ecce

2013 4402 2400 4459 humanitatis
2423 4403 2938 4475 magnitudineml
2974 4403 3078 4458 Hic
3118 4402 3269 4458 enim
3325 4400 3673 4457 dilationem

2016 4496 2246 4549 tantum
2275 4492 2621 4565 quaerebat;
2648 4492 2743 4548 ille
2778 4508 2914 4549 vero
2975 4492 3246 4549 debitum
3272 4492 3325 4549 ei
3378 4493 3556 4549 etiam
3588 4507 3677 4548 re-

1935 4586 1982 4642 D
2017 4582 2197 4648 misit,
2230 4582 2486 4656 plusque
2504 4581 2688 4649 dedit,
2717 4599 2897 4655 quam
2929 4588 3259 4653 rogaverat.

2086 4671 2227 4727 Vide
2254 4671 2613 4744 poenitentia;
2639 4672 2790 4727 vires
2821 4688 2891 4728 ac
2945 4672 3179 4728 Domini
3229 4672 3672 4729 humanitatem.

2016 4761 2369 4819 Poenitentia
2391 4762 2689 4835 siquidem
2710 4760 2838 4818 fecit
2865 4778 3105 4819 servum
3123 4779 3159 4819 a
3181 4762 3411 4819 malitia
3422 4761 3669 4819 cadere:

2015 4856 2180 4909 stans
2200 4853 2357 4909 enim
2369 4852 2581 4909 ﬁrmus
2594 4852 2655 4908 in
2667 4852 2979 4926 pravitate,
2998 4868 3119 4909 non
3135 4857 3368 4925 poterat
3378 4851 3678 4908 remissio-

2012 4958 2154 5000 nem
2199 4944 2484 5015 accipere.
2528 4942 2629 4999 Dei
2658 4959 2802 5000 vero
2817 4943 3163 5000 humanitas
3186 4944 3305 4999 sive
3335 4942 3675 5012 benignitas

2014 5035 2262 5092 omnino
2281 5034 2529 5105 ignovit,
2559 5036 2617 5090 et
2637 5051 2718 5090 ass
2731 5032 2995 5091 alienum
3007 5033 3249 5090 remisit.
3276 5038 3345 5089 At
3358 5034 3673 5106 quiservus

2012 5140 2135 5182 non
2148 5125 2565 5182 omnimodam
2576 5124 3011 5192 remissionem,
3025 5123 3132 5180 sed
3158 5121 3676 5194 longanimitatem

2013 5232 2083 5273 ac
2100 5214 2554 5287 protelationem
2567 5215 2897 5289 quaerebat.
2928 5214 3093 5270 Disce
3106 5229 3270 5286 ergo,
3294 5213 3483 5269 Deum
3503 5212 3676 5285 plura

2014 5306 2282 5363 conferre
2328 5322 2518 5380 quam
2561 5322 2672 5364 nos
2728 5304 3152 5380 postulamus:
3204 5307 3372 5362 tanta
3420 5308 3512 5362 est
3572 5304 3675 5362 Dei

1525 5509 1751 5579 Variae
1792 5511 2122 5583 lectiones
2162 5522 2228 5582 et
2269 5522 2473 5583 nota.

390 5709 481 5768 77)
520 5709 761 5766 Inclusa.
780 5708 1126 5767 exciderant
1152 5712 1217 5768 A.

390 5715 458 5765 77
520 5709 761 5766 Inclusa.
780 5709 1126 5767 exciderant
1152 5712 1217 5768 A.

365 5709 481 5855 £78;
513 5783 633 5839 Hoc
654 5779 886 5840 scholio
907 5782 1148 5840 carebat
1171 5783 1579 5857 interpretatio
1606 5787 1898 5846 Hentenii.

2012 5716 2147 5791 Ejus
2170 5721 2373 5791 autem
2397 5717 2531 5791 loco
2550 5716 2733 5791 habet
2751 5717 2990 5791 longius
3006 5715 3427 5789 TheOphylacti
3456 5731 3519 5788 p.
3538 5714 3667 5791 los,

2014 5786 2077 5859 B’,
2106 5789 2274 5862 quod
2311 5790 2408 5847 hic
2437 5789 2684 5861 subjeci.
2710 5790 2776 5846 In
2806 5786 3017 5846 néutro
3040 5786 3313 5845 meorum
3366 5786 3667 5857 reperitur.
