4178 6382
484 355 586 412 511

491 581 627 646 puta
652 574 923 645 jubendo
949 578 1302 634 venumdari
1325 595 1486 644 eum,
1521 584 1576 635 et
1596 580 1801 635 omnia
1827 597 1962 653 quae
1986 579 2140 636 illius

487 668 674 718 erant.
715 667 915 737 Neque
948 668 1106 723 enim
1138 669 1252 725 hoc
1294 685 1365 724 ex
1403 670 1719 740 asperitate
1742 670 1997 735 dicebat,
2032 671 2139 725 sed

488 756 551 807 ut
578 768 818 809 servum
845 760 1086 814 terreret
1114 765 1168 813 et
1196 759 1600 829 persuaderet,
1634 775 1894 832 eumque
1916 760 1985 815 ad
2034 760 2141 815 hu-

489 841 703 897 militer
732 844 1156 916 deprecandum
1179 848 1519 916 adduceret,
1547 850 1685 906 etad
1699 848 2141 921 respiciendum

489 933 795 1002 quomodo
823 934 1187 993 invitaretur.

566 1020 719 1077 Vers.
752 1025 843 1081 28.
897 1024 1257 1097 Egressus—
1324 1030 1514 1087 debes.
1544 1034 1672 1087 Non
1712 1036 1847 1103 post
1893 1031 2143 1101 longum

491 1114 747 1183 tempus,
772 1116 877 1171 sed
905 1118 1103 1174 statim
1136 1119 1623 1178 :beneﬁcentiam
1680 1122 1903 1178 faciens
1942 1122 2145 1178 trami-

492 1207 629 1266 tem,
665 1202 744 1258 ad
786 1204 840 1259 id
861 1207 1026 1278 quod
1058 1224 1256 1283 neque
1286 1214 1405 1268 Deo
1428 1218 1667 1283 gratum
1687 1217 1793 1277 est,
1820 1228 2017 1286 neque
2040 1214 2145 1269 ho-

490 1289 775 1349 minibus.

562 1382 715 1437 Vers.
745 1384 833 1439 29.
880 1387 1210 1447 Prostratus
1240 1422 1309 1433 —
1330 1393 1493 1449 Vers.
1526 1395 1614 1450 30.
1648 1394 1917 1451 debitum.
1945 1396 2144 1467 Neque

488 1468 746 1529 formam
770 1477 1222 1548 supplicationis
1244 1484 1463 1538 veritus
1488 1488 1592 1551 est,
1612 1500 1733 1557 qua
1756 1490 1812 1540 et
1860 1485 1990 1557 ipse
2042 1485 2144 1540 mi-

487 1560 870 1621 sericordiam
894 1570 1195 1641 percepit;
1226 1587 1421 1645 neque
1454 1589 1729 1631 sermone
1763 1574 2032 1645 placatus
2060 1582 2145 1633 est

488 1664 593 1720 per
622 1666 802 1723 quem
830 1660 884 1711 et
921 1657 1047 1729 ipse
1087 1667 1358 1717 servatus
1413 1671 1538 1719 erat
1580 1680 1593 1730 ;
1627 1679 1822 1736 neque
1876 1682 1911 1721 a
1965 1666 2140 1721 simili

486 1741 740 1829 proprias
766 1748 1035 1829 meminit
1060 1750 1438 1817 calamitatis,
1476 1754 1583 1808 sed
1606 1755 1936 1826 permansit
1972 1756 2141 1811 omni

484 1826 609 1917 fera
639 1826 1153 1911 crudelior.bAtqui
1184 1857 1305 1897 non
1332 1858 1436 1914 pro
1467 1843 1801 1915 aequalibus
1853 1851 1980 1901 erat
2004 1862 2142 1917 sup-

486 1915 725 1987 plicatio
750 1937 763 1987 ;
792 1921 919 1995 ipse
959 1928 1117 1983 enim
1159 1945 1261 2001 pro
1303 1930 1555 1996 talentis,
1617 1933 1713 1988 hic
1738 1949 1847 2003 pro
1879 1915 2140 1990 denariis

484 2008 739 2076 rogabat
771 2029 783 2079 ;
810 2018 867 2069 et
894 2015 1022 2087 ipse
1066 2033 1176 2089 pro
1219 2019 1429 2076 decem
1462 2021 1752 2093 millibus,
1779 2023 1874 2078 hic
1940 2029 2140 2080 autem

486 2110 597 2167 pro
624 2104 902 2175 centum;
938 2110 995 2161 et
1026 2106 1152 2178 ipse
1172 2109 1511 2178 dominum,
1538 2111 1635 2167 hic
1659 2116 1861 2168 autem
1904 2128 2141 2169 conser-

486 2200 631 2242 vum
649 2203 661 2253 ;
677 2189 1026 2249 etdominus
1041 2200 1269 2254 tantum
1282 2198 1551 2256 debitum
1566 2200 1675 2273 ipsi
1690 2201 2033 2258 universum
2056 2218 2144 2259 re-

487 2275 744 2344 miserat,
765 2280 890 2353 ipse
906 2299 1042 2339 vero
1054 2302 1250 2359 neque
1268 2289 1613 2346 dilationem
1632 2306 1922 2348 conservo
1955 2291 2139 2360 dedit,

557 2369 716 2427 Vers.
751 2373 837 2427 3t.
886 2373 1152 2434 Videntes
1173 2410 1240 2420 —-
1264 2396 1389 2451 quae
1416 2382 1659 2451 ﬁebant.
1686 2382 2145 2455 Incompassibi-

485 2455 616 2513 litas
647 2460 807 2517 enim
839 2479 959 2520 non
986 2482 1018 2522 a
1047 2468 1166 2524 Deo
1198 2470 1390 2527 solum
1440 2471 1696 2527 habetur
1722 2472 1882 2538 odio,
1912 2473 2015 2529 sed
2042 2489 2141 2530 ne-

485 2563 597 2620 que
628 2556 960 2610 mansuetis
989 2555 1362 2626 hominibus,
1392 2568 1563 2631 grata
1587 2566 1703 2619 est.

560 2639 721 2698 Vers.
754 2646 820 2697 3'2
854 2647 1018 2702 Tunc
1057 2680 1111 2690 —
1161 2651 1299 2711 νεεδ
1325 2652 1412 2708 33.
1446 2652 1717 2709 misertus
1745 2655 1923 2709 sum?
1946 2655 1988 2711 Ο
2035 2654 2143 2711 im-

488 2744 760 2787 mensam
784 2739 1310 2797 mansuetudinem
1344 2740 1355 2795 !
1390 2743 1472 2798 Ex
1497 2758 1672 2815 aequo
1701 2742 1985 2816 disceptet
2008 2760 2142 2801 cum

487 2833 558 2874 eo
588 2821 693 2892 qui
720 2826 887 2880 omni
940 2842 1214 2885 sermone
1262 2831 1547 2901 indignus
1588 2837 1677 2888 est
1710 2849 1722 2887 :
1772 2837 1829 2889 et
1858 2834 2144 2906 patienter

485 2924 556 2963 ac
586 2909 788 2967 leniter
815 2930 952 2971 eum
984 2918 1300 2990 convincit,
1333 2922 1435 2993 qui
1479 2938 1586 2993 per
1612 2937 1673 2978 se
1705 2922 2143 2980 condemnatus

486 3001 590 3064 est,
624 3003 1001 3077 ostenditque
1024 3007 1189 3079 quod
1221 3009 1349 3081 ipse
1370 3009 1485 3065 sibi
1519 3010 1639 3082 ipsi
1661 3011 1920 3084 priorem
1960 3014 2141 3069 etiam

484 3088 737 3156 gratiam
767 3092 1077 3162 subvertit,
1099 3101 1155 3153 et
1180 3113 1249 3153 ex
1276 3115 1345 3154 eo
1376 3099 1662 3157 ultionem
1684 3101 1956 3157 adduxit.

553 3179 621 3233 Et
649 3194 788 3237 cum
820 3197 941 3239 non
968 3192 1167 3256 posset
1195 3187 1449 3255 solvere,
1479 3205 1599 3246 non
1629 3206 1767 3247 eum
1823 3191 2139 3248 scelestum

481 3271 830 3338 nominavit,
860 3276 961 3331 sed
1009 3277 1138 3348 ejus
1169 3280 1373 3351 potius
1423 3280 1701 3337 misertus
1732 3286 1855 3337 est:
1896 3282 2143 3354 quando

481 3374 624 3415 vero
652 3375 796 3431 erga
826 3379 1178 3423 conservum
1212 3384 1333 3424 non
1353 3373 1445 3425 est
1474 3375 1670 3425 motus
1701 3371 2143 3443 compassionis

482 3448 719 3520 affectu,
750 3457 891 3509 tunc
929 3457 1315 3514 etscelestum
1337 3458 1713 3532 appelavitet
1742 3461 1993 3532 punivit.

550 3538 883 3598 Audiamus
898 3560 1005 3600 nos
1022 3547 1123 3617 qui
1140 3562 1256 3601 non
1275 3548 1675 3620 compatimur
1692 3554 1747 3605 et
1764 3549 2139 3616 horreamus,

482 3628 744 3685 sciamus
769 3633 932 3703 quod
952 3635 1063 3706 ipsi
1085 3635 1359 3708 nosipsos
1374 3638 1621 3694 omnino
1635 3638 2139 3706 condemnamus,

488 3718 588 3773 Dei
611 3720 1077 3780 misericordiam
1098 3742 1285 3798 quam
1308 3742 1449 3797 erga
1471 3744 1582 3784 nos
1607 3729 1877 3786 exhibuit
1903 3730 2142 3786 subver-

489 3813 693 3872 tentes,
723 3816 1134 3887 aeternumque
1161 3816 1518 3888 supplicium
1547 3818 1926 3875 attrahentes.

558 3899 718 3953 Vers.
753 3899 839 3954 3i.
861 3901 939 3956 Et
968 3903 1362 3962 sibi—totum
1390 3907 1660 3963 debitum.
1693 3911 1808 3963 lloc
1833 3914 1941 3973 est,
1960 3909 2142 3965 conti-

487 4003 602 4044 nue
626 3993 684 4043 et
733 4005 971 4064 semper
1002 4012 1015 4060 ;
1042 3999 1244 4065 postea
1274 3996 1434 4052 enim
1467 4014 1780 4070 nunquam
1812 3998 2013 4055 solvet.
2058 4001 2143 4056 Tu

1804 358 2150 416 EUTHYMII
2189 357 2519 413 ZIGABENI

485 484 823 557 benignitas
854 486 1477 554 ethumanitas,etiam
1503 506 1638 545 cum
1663 489 1867 545 durior
1885 488 2135 555 videtur,
2170 484 2216 538 Α
2249 488 2479 543 τοσαύτη

3755 353 3861 407 519.

2573 484 2712 537 ἐστὶν
2768 487 2798 543 ἡ
2861 484 3217 559 φιλανθρωπία
3298 483 3477 547 αὑτοῦ,
3560 483 3694 532 ὥστε
3771 483 3861 531 καὶ

2252 572 2409 626 ἐκεῖνο
2453 578 2510 626 τὸ
2562 571 2748 627 δοκοῦν
2792 574 3035 648 σκληρόν,
3096 578 3154 626 τὸ
3208 572 3503 648 προστάξαι
3555 569 3863 627 πωληθῆναι

2254 664 2429 729 αὐτὸν,
2490 664 2583 715 οὐκ
2634 663 2734 715 ἀπὸ
2792 663 3148 739 σκληρότητος
3206 660 3360 726 εἶπεν,
3429 660 3535 712 αλλ’
3578 662 3660 711 ῖνα
3702 678 3863 710 κατα-

2252 759 2458 827 πτοηση
2501 756 2586 805 τὸν
2628 750 2833 817 δοῦλον,
2882 758 2971 805 καὶ
3023 758 3178 826 πείση
3236 752 3390 804 αὐτόν
3455 753 3586 824 πρὸς
3647 750 3863 800 ἱκετείαν

2253 847 2343 895 καὶ
2368 841 2699 916 παράκλησιν
2729 842 3039 913 ἀποϐλέψαι.

2326 931 2569 995 Ἐξελθὼν
2618 965 2685 974 -
2732 932 2966 1006 ὀφείλεις.
3027 928 3185 993 Εἶδες
3253 930 3367 1002 (79)
3423 932 3685 981 Δεσπότου
3740 926 3865 1000 φιλ-

2254 1024 2570 1096 ανθρωπίαν,
2637 1025 2734 1095 ὅρα
2802 1028 2892 1075 καὶ
2974 1018 3163 1075 δούλου
3236 1019 3388 1072 πάλιν
3467 1017 3861 1092 ἀπανθρωπίαν.

2256 1111 2502 1174 Ἐξελθὼν
2569 1116 2669 1188 γὰρ
2730 1112 2902 1179 εὐθὺς,
2954 1108 3116 1175 ἔδειξε
3177 1114 3272 1169 τὴν
3338 1109 3530 1162 οἰκείαν
3590 1106 3861 1173 ἀπήνειαν,

2255 1200 2379 1255 οὐδὲ
2407 1210 2594 1276 καιροῦ
2627 1223 2764 1265 τινος
2800 1202 3157 1277 παρελθόντος.

2328 1297 2505 1346 Πεσὼν
2536 1324 2604 1334 —
2635 1291 2975 1365 ὀφειλόμενον.
3019 1295 3153 1344 Οὔτε
3196 1294 3281 1344 οτό
3325 1298 3519 1361 σχῆμα
3561 1296 3651 1348 τῆς
3696 1289 3861 1344 iacue-

2252 1387 2374 1458 ρίας
2411 1378 2637 1456 ᾐδέσθη,
2683 1379 2757 1435 δι’
2796 1378 2854 1435 οὗ
2893 1386 2983 1435 καὶ
3010 1382 3165 1443 αὐτὸς
3192 1380 3385 1443 ἐσώθη,
3439 1382 3556 1431 οὔτε
3580 1386 3677 1439 τῆς
3726 1373 3866 1436 ἰδίας

2258 1471 2552 1544 ἀνεμνήσθη
2612 1477 2882 1547 συμφορᾶς
2927 1470 3028 1524 ἀπὸ
3092 1478 3187 1531 τῆς
3239 1472 3421 1541 ὁμοίας
3463 1484 3477 1499 ο
3540 1465 3649 1518 ἀλλ’
3701 1468 3867 1537 ἔμεινε

2258 1565 2440 1638 θηρίου
2496 1565 2682 1623 παντὸς
2754 1562 3027 1637 ὠμότερος.
3091 1564 3356 1631 Καὶτοιγε,
3423 1557 3529 1629 οὐχ
3581 1557 3709 1628 ὑπὲρ
3762 1562 3865 1607 τῶν

2254 1655 2381 1704 ἴσων
2436 1648 2497 1709 ἦν
2553 1654 2583 1711 ἡ
2639 1651 2896 1725 ἱκετηρία·
2956 1653 2980 1703 6
3035 1653 3123 1722 μὲν
3177 1651 3278 1722 γὰρ
3330 1649 3458 1721 ὑπερ
3505 1645 3789 1709 ταλάντων,
3838 1646 3865 1696 ὁ

2177 1709 2219 1763 Β
2255 1738 2313 1794 δὲ
2365 1742 2491 1813 ὑπὲρ
2544 1738 2807 1816 δηναρίων
2862 1740 3160 1814 παρεκάλει.
3217 1742 3317 1792 Καὶ
3372 1739 3397 1789 ὁ
3448 1739 3538 1809 μὲν
3589 1736 3715 1808 ὑπερ
3767 1754 3865 1806 μυ-

2250 1835 2395 1907 ρίων,
2444 1832 2469 1882 ό
2524 1827 2583 1884 δὲ
2622 1832 2746 1905 ὑπὲρ
2794 1830 2993 1885 ἑκατὸν.
3036 1834 3136 1883 Καὶ
3179 1829 3205 1880 ό
3248 1830 3337 1900 μὲν
3381 1828 3468 1878 τὸν
3523 1827 3802 1888 Δεσπότηι,
3837 1823 3864 1874 ὁ

2256 1917 2313 1974 δὲ
2361 1920 2448 1974 τόν
2506 1916 2814 1993 ὁμόδουλον.
2881 1924 2982 1973 Καὶ
3029 1921 3054 1971 6
3115 1922 3204 1991 μὲν
3266 1914 3525 1975 δεσπότης
3574 1915 3712 1966 ἅπαν
3774 1912 3866 1963 αὖ·

2252 2018 2325 2081 τῷ
2363 2014 2421 2062 τὸ
2472 2009 2585 2082 (80)
2636 2016 2885 2062 τοσοῦτον
2938 2013 3093 2081 χρέος
3149 2009 3363 2079 ἀφῆκεν
3416 2004 3573 2065 αὐτὸς
3625 1998 3685 2056 δε
3738 1998 3866 2054 οὐδὲ

2252 2101 2577 2175 προθεσμίαν
2610 2103 2771 2171 μόνην
2801 2107 2873 2171 τῷ
2907 2093 3176 2168 συνδούλῳ
3218 2092 3465 2149 δέδωκεν.

2326 2186 2544 2250 Ἰδοντες
2596 2219 2666 2229 —-
2726 2190 2793 2240 τὰ
2840 2192 3109 2259 γενόμετα.
3168 2190 3238 2239 Τὸ
3298 2182 3608 2257 ἀσυμπαθες
3653 2182 3752 2255 γὰρ
3803 2180 3864 2233 οὐ

2253 2284 2405 2353 μόνον
2460 2286 2534 2349 τῷ
2598 2286 2713 2349 Θεῷ
2769 2280 3017 2351 μισητὸν,
3079 2274 3186 2327 ἀλλ’
3247 2270 3371 2328 οὐδὲ
3426 2278 3529 2333 τοῖς
3586 2270 3865 2323 ἐπιεικέσιν

2255 2369 2546 2444 ἀνθρώποις
2575 2366 2809 2443 ἀρεστόν.

2324 2463 2450 2512 Τότε
2503 2490 2572 2499 —-
2624 2456 2844 2517 ἠλέησα·
2912 2454 2983 2507 ’Ὠ
3027 2463 3120 2516 τῆς
3178 2452 3373 2515 πολλῆς
3451 2454 3773 2526 ἡμερότητος
3846 2452 3859 2506 l

2255 2548 2663 2621 Δικαιολογεῑται
2718 2549 2849 2620 πρὸς
2892 2548 2979 2598 τὸν
3028 2542 3234 2607 ἀνάξιον
3290 2542 3445 2614 λόγου
3498 2543 3713 2603 παντὸς,
3773 2543 3864 2589 καί

2253 2642 2600 2715 μακροθύμως
2658 2636 2862 2709 ἐλέγχει
2917 2638 3004 2687 τόν
3066 2634 3537 2705 αὐτοκατάκριτον·
3605 2634 3693 2681 καὶ
3752 2624 3859 2680 δεί-

2252 2749 2454 2799 κνυσιν,
2515 2730 2594 2780 ὅτι
2648 2726 2801 2786 αὐτὸς
2860 2725 3025 2795 ἐαυτῷ
3084 2723 3174 2775 καί
3231 2726 3325 2780 τὴν
3387 2723 3641 2795 προτέραν
3697 2720 3863 2792 χάριν

2253 2818 2515 2893 ἀνέτρεψε,
2588 2821 2678 2871 καὶ
2728 2820 2824 2875 τὴν
2898 2816 3030 2887 μετὰ
3098 2819 3250 2865 τοῦτο
3312 2810 3526 2863 κόλασιν
3579 2808 3862 2883 προυξένη-

2179 2934 2220 2991 C
2258 2929 2315 2963 σε
2346 2910 2482 2981 (81).

2328 3002 2428 3051 Καὶ
2470 3000 2553 3050 ὅτε
2596 2998 2684 3069 μεν
2738 2994 2832 3047 οὐκ
2889 2990 3029 3066 εἶχεν
3084 2987 3376 3045 ἀποδοῦναι
3424 2992 3482 3041 τὸ
3532 2992 3712 3061 χρέος,
3766 2986 3860 3039 οὐκ

2254 3092 2517 3162 ὠνόμασεν
2570 3086 2726 3139 αὐτὸν
2770 3087 3014 3156 πονηρόν,
3067 3080 3196 3133 ἀλλὰ
3241 3085 3331 3133 καὶ
3381 3076 3570 3152 μᾶλλον
3618 3076 3857 3142 ἠλέησεν,

2254 3180 2336 3231 ὅτε
2384 3174 2444 3230 δε
2490 3181 2608 3251 περὶ
2652 3178 2739 3228 τὸν
2792 3170 3074 3227 σύνδουλον
3118 3175 3320 3243 γέγονεν
3356 3168 3696 3242 ἀσυμπαθὴς,
3742 3184 3858 3218 τοτε

2253 3272 2342 3321 καὶ
2367 3270 2589 3341 πονηρὸν
2620 3265 2876 3338 ὠνόμασε,
2907 3266 2995 3316 καὶ
3024 3260 3290 3315 ἐκόλασεν.

2325 3465 2655 3535 Ἀκούσωμεν
2725 3461 2776 3515 οἰ
2849 3460 3175 3533 ἀσυμπαθεῖς
3247 3460 3338 3509 καὶ
3408 3454 3686 3528 φρίξωμεν,
3768 3474 3859 3507 και

2253 3563 2468 3627 γνῶμεν,
2529 3552 2608 3605 ὃτι
2656 3550 2806 3604 αὐτοὶ
2872 3552 3078 3610 πάντως
3149 3547 3359 3607 ἐαυτόὺς
3410 3541 3854 3616 καταδικάζομεν,

2252 3646 2340 3695 τόν
2368 3643 2440 3705 εἰς
2468 3644 2497 3700 ἡ
2505 3647 2609 3715 μᾶς
2633 3643 3070 3715 προγεγενημένον
3102 3636 3234 3691 ἓλεον
3263 3642 3355 3688 τοῦ
3388 3642 3522 3688 Θεοῦ
3553 3632 3860 3708 ἀνατρέπον-

2252 3752 2346 3803 τες,
2381 3736 2471 3785 καὶ
2492 3733 2585 3790 την
2612 3730 2823 3783 αἰωνίαν
2852 3727 3068 3781 κόλασιν
3098 3726 3474 3797 ἐπισπώμενοι.

2326 3908 2427 3957 Καὶ
2470 3934 2540 3943 --
2592 3908 2692 3954 πᾶν
2732 3902 2789 3952 τὸ
2837 3897 3158 3972 ὀφειλόμενον
3216 3895 3374 3967 αὐτῷ.
3434 3897 3708 3965 Τουτέστι,
3769 3891 3860 3946 6t-

2254 4002 2463 4055 ηνεκῶς·
2506 3987 2758 4044 οὐδέποτε
2789 3990 2890 4063 γὰρ
2926 3987 3105 4040 λοιπὸν
3152 3981 3445 4041 ἀποδώσει.
3496 3987 3561 4037 Σὺ
3602 3980 3661 4035 δὲ
3700 3982 3863 4036 τᾶλλα

482 4093 624 4133 vero
654 4078 878 4151 reliqua
902 4084 1203 4153 parabolae
1251 4101 1326 4143 ne
1378 4087 1610 4143 curiose
1655 4090 1951 4154 scruteris,
2008 4106 2143 4163 quin

2253 4087 2343 4159 μὲν
2416 4090 2512 4144 τῆς
2573 4078 2878 4155 παραϐολῆς
2937 4082 3008 4151 μή
3067 4075 3438 4163 περιεργάςου,
3497 4075 3658 4148 χάριν
3706 4073 3862 4125 πιθα-

483 4169 1001 4238 persuasibilitatis
1030 4175 1216 4246 gratia
1245 4181 1383 4233 sunt
1424 4186 1810 4250 coassumpta
1834 4197 1851 4251 ;
1887 4180 1994 4235 sed
2027 4160 2141 4236 boc

2252 4178 2467 4234 νότητος
2528 4168 3056 4245 συμπαραληφθέντω
3111 4172 3266 4219 τοῦτο
3306 4162 3365 4218 δὲ
3430 4167 3581 4236 μόνον
3622 4160 3680 4214 ἔκ
3739 4163 3865 4214 ταύ-

487 4256 680 4313 solum
704 4274 773 4316 ex
802 4276 874 4318 ea
911 4263 1226 4321 manifeste
1279 4266 1533 4339 accipito
1568 4282 1580 4323 :
1614 4271 1861 4339 peccata
1908 4284 2044 4342 quae
2082 4268 2143 4324 in

488 4346 674 4402 Deum
700 4350 1132 4409 committimus
1161 4354 1408 4411 inﬁnitis
1441 4356 1638 4412 modis
1674 4356 1842 4428 plura
1875 4373 2022 4425 esse,
2053 4356 2144 4412 his

486 4452 617 4508 quae
642 4437 1001 4512 delinquunt
1023 4444 1083 4498 in
1111 4460 1223 4500 nos
1245 4443 1456 4501 fratres
1487 4447 1693 4502 nostri.
1715 4450 1861 4503 Nam
1888 4447 2145 4520 quisque

491 4530 762 4581 nostrum
808 4532 927 4585 Deo
966 4530 1201 4589 debitor
1228 4538 1335 4601 [est
1362 4535 1568 4591 decem
1618 4536 1869 4592 millium
1899 4538 2145 4593 talento-

493 4630 648 4681 rum,
678 4616 788 4672 boc
817 4626 925 4683 est,
959 4621 1127 4676 multi
1159 4639 1227 4679 ac
1276 4625 1482 4695 magni
1539 4642 1676 4682 reus
1710 4625 1933 4694 debiti;
1976 4627 2145 4683 debe-

492 4719 629 4761 mus
645 4704 798 4760 enim
818 4707 897 4763 illi
912 4709 1126 4765 multas
1144 4727 1476 4786 gravesque
1490 4731 1721 4787 poenas,
1749 4719 1992 4787 propter
2022 4732 2147 4773 ma-

493 4808 614 4864 gna
654 4797 970 4866 graviaque
994 4808 1255 4870 peccata.
1292 4804 1553 4876 Quisque
1580 4810 1779 4860 autem
1800 4820 2008 4860 eorum
2047 4806 2147 4878 qui

492 4883 546 4938 in
572 4899 683 4939 nos
710 4884 1106 4957 deliquerunt,
1162 4891 1337 4947 nobis
1366 4892 1600 4948 debitor
1635 4898 1722 4949 est
1753 4898 1994 4949 centum
2040 4895 2146 4951 de-

492 4973 820 5042 nariorum,
855 4976 1124 5034 videlicet
1153 4982 1320 5052 parvi
1346 4981 1594 5054 vilisque
1624 4982 1829 5049 debiti,
1864 4983 1915 5037 si
1942 4985 2144 5039 confe-

492 5069 656 5121 ratur
694 5066 770 5121 ad
803 5066 1013 5124 decem
1045 5069 1228 5127 millia
1257 5071 1639 5128 talentorum.
1677 5074 1821 5129 Cum
1853 5087 1995 5143 ergo
2026 5074 2146 5131 Deo

493 5159 659 5209 tanta
689 5154 1038 5226 debeamus,
1064 5158 1178 5214 nisi
1210 5174 1355 5228 erga
1378 5164 1613 5216 nostros
1644 5160 1945 5217 debitores
1974 5161 2147 5220 mise-

494 5242 745 5300 ricordia
774 5244 865 5301 usi
896 5245 1198 5313 fuerimus,
1222 5248 1640 5306 subvertemus
1657 5250 1839 5308 etiam
1856 5266 1991 5323 quae
2016 5251 2146 5323 jam

2253 4284 2350 4327 της
2405 4264 2538 4336 μάθε
2590 4280 2782 4334 σαφως,
2840 4260 2920 4311 ὅτι
2958 4259 3026 4310 τὰ
3055 4255 3122 4317 εἰς
3161 4258 3290 4309 Θεὸν
3328 4253 3685 4327 ἁμαρτήματα
3713 4252 3861 4322 ἡμῶν

2255 4352 2615 4427 μυριοπλάσιά
2677 4350 2781 4402 εἰσι
2832 4355 2933 4401 τῶν
2991 4345 3063 4408 εἰς
3117 4347 3258 4417 ἡμᾶς
3318 4340 3704 4415 ἁμαρτημάτων
3756 4345 3858 4389 τῶν

2257 4426 2515 4515 ἀδελφῶν.
2594 4445 2695 4494 Καὶ
2775 4438 2996 4499 ἕκαστος
3072 4438 3160 4508 μὲν
3250 4434 3394 4504 ἡμῶν
3478 4426 3860 4502 χρεωφειλέτης

2255 4532 2365 4586 ἐστὶ
2418 4538 2490 4602 τῷ
2548 4537 2662 4600 Θεῷ
2719 4532 2917 4601 μυρίων
2977 4523 3256 4591 ταλάντων,
3311 4523 3578 4572 τουτέστιν
3636 4518 3861 4570 ὑπεύθυσ

2253 4641 2338 4685 νος
2404 4620 2591 4674 πολλοῦ
2647 4622 2737 4671 καὶ
2806 4615 3031 4690 μεγάλου
3070 4614 3287 4686 χρέους³
3351 4614 3720 4683 χρεωστοῦμεν
3759 4608 3862 4679 γὰρ

2255 4713 2393 4783 αὐτῷ
2458 4710 2647 4771 πολλὰς
2705 4712 2794 4762 καὶ
2851 4704 3075 4779 μεγάλας
3157 4703 3414 4773 τιμωρίας
3498 4696 3582 4750 ἐπὶ
3661 4695 3864 4756 πολλοῖς

2256 4807 2345 4857 καὶ
2392 4800 2636 4875 μεγάλοις
2685 4797 3075 4871 ἁμαρτήμασιν·
3141 4792 3358 4849 ἕκαστος
3417 4784 3475 4840 δὲ
3532 4793 3632 4838 τῶν
3698 4785 3862 4858 ἁμαρ·

2257 4873 2508 4945 τανόντων
2576 4889 2648 4950 εἰς
2718 4889 2857 4958 ἡμᾶς
2914 4880 3295 4959 χρεωφειλέτης
3360 4876 3497 4929 ἐστὶν
3556 4881 3681 4947 ἡμῖν
3748 4873 3862 4926 ἐκα-

2257 4985 2343 5034 τὸν
2408 4977 2689 5055 δηναρίων,
2757 4979 2918 5047 ἤγουν
2977 4972 3153 5043 ὀλίγου
3223 4974 3313 5021 καὶ
3388 4965 3616 5025 εὐτελοῦς
3676 4968 3867 5038 χρέους

2258 5074 2387 5146 πρὸς
2443 5053 2724 5144 σύγαρισιν
2770 5073 2870 5117 τῶν
2928 5065 3127 5137 μυρίων
3184 5058 3461 5111 ταλάντων.
3526 5058 3627 5108 Καὶ
3681 5053 3760 5105 ὃτι
3818 5053 3868 5105 οἱ

2256 5160 2545 5219 τηλικαῦτα
2607 5164 2680 5227 τῷ
2757 5161 2870 5225 Θεῷ
2957 5156 3366 5225 χρεωστοῦντες,
3453 5144 3536 5197 ἐὰν
3634 5150 3867 5216 φανῶμεν

2256 5253 2386 5324 πρὸς
2460 5251 2581 5309 τοὺς
2639 5247 2804 5319 μικρὰ
2866 5246 3263 5316 χρεωστοῦντας
3324 5238 3449 5309 ἡμῖν
3523 5231 3864 5307 ἀνελεήμονες,

1716 5482 1930 5551 Variae
1959 5481 2291 5553 lectiones
2326 5490 2392 5550 et
2459 5488 2664 5549 notae.

522 5670 686 5753 “(79)
719 5671 983 5730 Henteuii
1023 5675 1356 5749 interpreta
1386 5697 1417 5733 ο

498 5680 686 5798 mm);
719 5680 983 5730 Henteuii
1023 5680 1356 5749 interpreta
1386 5697 1417 5733 ο
1532 5690 1559 5725 τι
1631 5695 1872 5753 prorsus
1925 5680 2154 5736 dissen-

2475 5680 2565 5741 Τό,
2598 5672 2815 5731 omittit
2848 5672 2913 5727 A.

2334 5678 2428 5747 (80
2475 5680 2565 5741 T6,
2598 5678 2815 5731 omittit
2848 5678 2913 5727 A.

2334 5678 2451 5820 (8ίί
2480 5749 2567 5805 Ita
2595 5744 2838 5809 correxi,
2869 5743 3004 5801 loco
3040 5740 3345 5815 προξένησε.

2334 5750 2416 5821 (si
