4178 6378
285 353 384 408 513
1227 328 1593 394 COMMENT.
1641 331 1707 389 lN
1747 324 2197 388 MATTHIEUM.
2236 357 2306 365 —
2345 325 2503 381 CAP.
2544 327 2699 384 XIX.
3560 326 3668 385 514

286 475 637 549 ἀνατρὶπομςν
686 474 777 523 καὶ
858 470 958 522 ὅσα
1012 468 1497 541 προσυπεχώρησεν
1561 460 1677 533 (8‘2)
1768 458 1936 531 ἠμίνε

2018 450 2178 508 nobis
2196 450 2674 524 supplicantibus
2691 452 3001 510 remiserat
3024 469 3037 508 :
3057 455 3114 509 et
3130 451 3521 524 postmodum
3542 469 3668 509 om-

288 563 553 623 δεηθείσι·
595 566 686 614 καὶ
713 560 895 614 λοιπόν
922 557 1249 631 ἀσυμπαθοῦς
1299 556 1503 607 πάντων
1536 549 1897 620 ἀπαιτουμεθα

2018 541 2175 597 nium
2192 557 2386 614 pmnae
2408 559 2443 597 a
2464 542 2641 599 nobis
2666 543 2792 600 sine
2816 543 2938 600 ulla
2954 541 3371 615 compassione
3394 546 3668 615 expeten-

287 658 377 715 τὰς
407 653 643 713 εὐθύνας.
681 651 817 724 Ὀρα
843 651 945 723 γὰρ
986 651 1053 701 τὰ
1082 646 1221 710 ἑξῆς.

2008 636 2127 687 tur.
2167 630 2310 687 Vide
2338 632 2496 688 enim
2529 649 2666 705 quae
2697 638 3049 706 sequuntur.

364 744 546 805 Οὕτως
595 773 664 781 -
722 739 911 792 αὐτῶν.
972 740 1067 790 Διά
1095 743 1276 788 τοῦτον
1330 738 1417 787 τόν
1468 732 1617 804 λόγον
1653 730 1900 786 συνέθηκε

2084 722 2237 775 Vers.
2269 720 2358 775 35.
2393 722 2497 777 Sic
2518 752 2584 761 —
2606 723 2871 779 illorum.
2894 724 3137 794 Propter
3156 722 3314 805 hunc
3329 736 3671 778 sermonem

295 840 387 893 τὴν
437 832 560 889 57.1w
610 828 933 903 παραϐολὴν,
992 826 1287 899 βεϐαιώσας
1342 832 1525 877 τοῦτον
1585 818 1679 874 διὰ
1726 838 1901 890 παρα-

2024 813 2199 866 .otam
2219 812 2559 882 composuit
2582 811 2949 884 parabolam,
2969 800 3243 884 exemplo
3265 810 3431 867 illum
3462 810 3674 867 conﬁr-

300 921 606 995 δείγματος,
685 921 768 971 ἶνα
822 917 1011 990 μᾶλλον
1078 912 1463 988 εὐπαράδεκτος
1520 917 1754 985 γένηται.
1820 909 1903 959 Ἐν

2023 914 2207 967 meus,
2251 915 2374 971 quo
2401 900 2631 956 facilius
2668 901 3047 973 reciperetur.
3078 900 3144 956 In
3173 900 3461 973 principio
3492 899 3673 972 siqui-

302 1010 445 1085 ἀρχῇ
502 1012 591 1082 μεν
650 1005 738 1061 οὖν
791 1017 887 1071 τῆς
938 1005 1234 1080 παραϐολῆς
1287 1004 1469 1058 ἑαυτὸν
1528 1000 1633 1055 εἷπε
1684 998 1908 1073 βασιλέα

2026 990 2155 1045 dem
2185 988 2487 1060 parabolae
2516 990 2781 1062 seipsum
2812 991 3009 1063 posuit
3036 1007 3240 1061 regem
3282 1007 3353 1047 ac
3381 990 3676 1060 legislato-

304 1106 394 1153 καὶ
454 1099 752 1171 λόγοθέτην·
799 1099 931 1170 μετὰ
986 1096 1099 1168 (83)
1162 1099 1221 1148 τὸ
1274 1098 1427 1167 τέμος
1485 1090 1543 1145 δε
1586 1094 1779 1150 ταύτης
1834 1095 1907 1158 τῷ

2024 1095 2143 1133 rem
2173 1095 2183 1133 :
2220 1078 2557 1150 postiinem
2580 1094 2720 1135 vero
2746 1079 2959 1149 ipsius,
2991 1081 3141 1137 Patri
3166 1080 3408 1137 ultionis
3425 1078 3674 1136 auctori-

302 1192 474 1262 Ιιατρὶ
522 1193 614 1247 τὴν
669 1187 908 1251 ἐξουσίαν
960 1196 1057 1248 τῆς
1108 1185 1369 1247 κολάσεως
1418 1182 1677 1251 ἀνέθηκεν,
1731 1182 1815 1231 ἶνα
1854 1197 1909 1230 τε

2027 1170 2201 1223 tatem
2231 1167 2519 1233 attribuit,
2555 1183 2627 1224 ne
2652 1168 3063 1238 jactabundus
3093 1170 3218 1242 ipse
3249 1169 3566 1235 videretur,
3597 1168 3677 1223 si-

301 1283 375 1350 μὴ
420 1275 551 1351 δόξη
614 1278 905 1350 κομπάζειν
970 1276 1147 1342 αὐτὸς,
1200 1294 1289 1326 και
1334 1274 1444 1346 ἅμα
1497 1268 1765 1336 δεικνύων,
1830 1270 1909 1320 ὅτι

2028 1256 2264 1330 mulque
2302 1257 2625 1313 ostendens
2666 1273 2851 1314 unam
2878 1258 3192 1331 utriusque
3213 1274 3340 1315 esse
3366 1257 3678 1315 auctorita-

300 1372 401 1441 μία
456 1366 769 1443 ἀμφοτέροις
824 1368 856 1425 ἠ
899 1366 1133 1430 ἐξουσία.
1192 1368 1262 1418 Τό
1329 1360 1408 1428 δὲ,
1460 1363 1588 1415 Ἀπὸ
1646 1369 1745 1413 τῶν
1785 1377 1910 1432 καρ-

2029 1351 2161 1401 tem.
2218 1346 2298 1402 De
2361 1346 2644 1403 cordibus
2721 1347 2926 1403 vestris
2970 1353 3193 1414 autem,
3252 1347 3369 1404 hoc
3435 1352 3542 1412 est,
3607 1361 3679 1402 ex

302 1454 431 1509 διῶν
462 1458 627 1531 ὑμῶν,
690 1455 801 1509 ἀντὶ
837 1459 951 1527 τοῦ,
1003 1454 1059 1508 ἐκ
1114 1451 1362 1529 καρδίας,
1394 1457 1482 1505 καὶ
1524 1456 1595 1525 μὴ
1653 1449 1752 1502 ἀπὸ
1783 1454 1907 1502 στό-

1350 1494 1362 1517 ,
1394 1457 1482 1505 καὶ
1524 1456 1595 1525 μὴ
1653 1449 1752 1502 ἀπὸ
1783 1454 1907 1502 non.
2018 1435 2218 1502 corde,
2252 1440 2310 1492 et
2337 1451 2461 1492 non
2493 1440 2729 1493 tantum
2762 1435 2841 1493 ab
2876 1452 3000 1495 ore.

301 1567 463 1620 ματος
482 1552 659 1621 μόνον.

376 1642 473 1690 Καὶ
504 1668 573 1678 -
605 1634 893 1711 Ἰορδάνου.
934 1634 1118 1689 Ἦλθεν
1150 1634 1217 1694 εἰς
1247 1636 1312 1686 τὰ
1339 1638 1468 1707 μέρη
1500 1641 1591 1693 τῆς
1623 1626 1906 1694 Ἰουδαίας,

2087 1650 2237 1706 CAP.
2283 1651 2412 1705 XlX.
2446 1651 2604 1705 Vers.
2643 1650 2695 1705 1.
2729 1650 2808 1706 Et
2840 1681 2904 1692 —
2929 1649 3271 1709 Iordanem.
3299 1649 3474 1706 Venit
3502 1650 3562 1706 in
3588 1665 3685 1705 ex-

303 1724 446 1780 διότι
482 1729 699 1798 ἤγγιζεν
738 1728 764 1779 ό
786 1728 968 1801 καιρός
1005 1730 1097 1778 τόῦ
1122 1725 1324 1785 Πάθους
1348 1722 1529 1775 αὐτοῦ.
1941 1758 1953 1816 1

2042 1755 2240 1794 remas
2269 1738 2492 1793 Judaeaa
2524 1742 2739 1810 partes,
2771 1740 2914 1811 quia
2941 1739 3203 1796 instabat
3233 1745 3467 1812 tempus
3496 1739 3688 1795 Passi-

2016 1828 2152 1887 onis
2178 1826 2395 1901 ipsius.

384 1929 483 1979 Καὶ
510 1953 580 1967 --
610 1923 734 1979 ἐκεῖ.
797 1922 982 1994 Πάλιν,
1011 1924 1078 1984 ὡς
1122 1920 1368 1983 πολλάκις
1415 1923 1621 1994 ἔφημεν,
1680 1917 1779 1972 ἀπὸ
1816 1926 1911 1981 τῆς

2095 1919 2260 1974 Vers.
2314 1918 2366 1974 2.
2412 1918 2490 1973 Et
2527 1947 2596 1959 —
2641 1917 2739 1974 ibi.
2788 1920 3065 1985 Rursum,
3113 1924 3178 1976 ut
3215 1918 3558 1992 frequenter
3600 1918 3686 1974 di-

313 2012 667 2075 διδασκαλίας
705 2013 788 2066 ἐπὶ
818 2015 886 2065 τὰ
929 2014 1173 2086 θαύματα
1201 2015 1422 2084 μέτεισι,
1454 2014 1577 2064 ποτε
1601 2014 1691 2083 μὲν
1727 2009 1913 2082 ψυχὰς

2037 2011 2242 2075 timus,
2267 2026 2303 2065 a
2332 2008 2603 2066 doctrina
2622 2010 2832 2067 transit
2858 2010 2935 2067 ad
2959 2011 3247 2068 miracula
3272 2028 3290 2068 :
3321 2010 3687 2083 quandoque

314 2107 622 2180 θεραπεύων,
693 2106 817 2156 ποτε
874 2099 934 2156 δε
1011 2107 1250 2175 σώματα,
1324 2106 1411 2154 καὶ
1478 2098 1726 2155 οὐδέποτε
1801 2097 1915 2171 (84)

2039 2120 2243 2161 :urans
2282 2103 2537 2171 animas,
2594 2104 2895 2161 interdum
2936 2119 3079 2163 vero
3124 2120 3399 2178 corpora,
3441 2109 3499 2161 et
3541 2102 3689 2160 nihil

316 2192 537 2267 ἀμελῶν.
1016 2234 1019 2235 ,

1016 2234 1019 2235 ν
2028 2210 2297 2268 unquam
2322 2193 2651 2266 negligens.

324 2326 469 2373 ΚΕΦ.
503 2318 588 2373 M'.
615 2323 737 2393 Περὶ
756 2326 856 2371 τῶν
874 2317 1331 2393 ἕπερωτησάντων,
1365 2317 1408 2371 εὶ
1435 2318 1630 2381 ἔξεστιν
1660 2316 1918 2371 ἀπολῦσαι

1903 2336 1918 2368 ι
2192 2303 2343 2359 CAP.
2376 2302 2484 2359 XL.
2515 2303 2600 2360 De
2626 2302 3140 2375 interrogantibus,
3176 2309 3378 2360 utrum
3412 2303 3547 2361 licet

934 2391 1027 2467 την
1064 2416 1309 2479 γυναῖκα.
2255 2391 2479 2449 homini
2507 2392 2584 2448 dit

2255 2391 2479 2449 homini
2507 2392 2828 2449 divortium
2851 2394 3057 2463 facere
3086 2410 3219 2450 cum
3250 2409 3458 2451 uxore.

390 2503 491 2553 Καὶ
546 2529 613 2539 -
679 2498 873 2553 αἰτίαν.
943 2500 1123 2563 Πάλιν,
1184 2494 1383 2560 ἰδόντες
1431 2501 1495 2551 τα
1550 2500 1792 2570 θαύματα
1833 2498 1921 2548 καὶ

2101 2482 2268 2538 Vers.
2312 2482 2363 2536 3.
2404 2482 2484 2537 Et
2523 2513 2592 2521 ——
2632 2498 2814 2539 causa
2854 2482 2882 2539 ?
2922 2486 3201 2549 Rursum,
3254 2482 3394 2539 visis
3434 2481 3696 2539 miracu-

312 2593 407 2647 τὴν
473 2585 697 2661 δύναμιν
745 2587 926 2653 αύτού,
979 2586 1418 2662 ἐξεθηριώθησανι
1460 2592 1550 2640 καὶ
1622 2587 1729 2641 ἐπεὶ
1792 2590 1920 2659 μέμ-

2045 2573 2103 2629 Lis
2136 2588 2204 2629 ac
2245 2570 2456 2628 virtute
2494 2570 2671 2639 illius,
2704 2572 2926 2629 efferati
2956 2573 3195 2630 fuerant
3227 2590 3239 2629 :
3284 2576 3342 2630 et
3371 2572 3516 2646 quia
3543 2572 3695 2629 facta

312 2678 522 2751 ψασθαι
586 2685 698 2739 τοῖς
753 2679 1061 2751 πράγμασιν
1114 2676 1208 2729 ούκ
1274 2680 1491 2749 ἴσχυον,
1541 2682 1925 2753 προσέρχονται

2047 2664 2162 2735 ejus
2201 2662 2637 2735 reprehendere
2676 2679 2799 2719 non
2831 2668 3122 2734 poterant,
3155 2663 3450 2720 accedunt
3481 2667 3697 2719 tentan-

315 2768 643 2843 πειράζοντες
700 2765 748 2818 ἓν
800 2766 989 2838 λόγοις,
1043 2764 1125 2817 ἐὰν
1170 2767 1274 2839 ἄρα
1334 2764 1632 2825 δυνηθῶσιν
1696 2765 1927 2819 ἐπιλαϐέ-

2043 2758 2119 2808 tes
2139 2768 2210 2808 an
2229 2753 2290 2807 in
2315 2752 2688 2807 sermonibus
2715 2768 2853 2807 eum
2878 2759 3121 2824 possent
3142 2752 3647 2825 comprehendere
3681 2766 3693 2806 :

320 2859 447 2911 σθαι
480 2857 665 2927 αὐτοῦ,
724 2862 895 2909 καίτοι
940 2855 1187 2916 πολλάκις
1235 2864 1383 2909 τοῦτο
1449 2862 1779 2921 ποιήσαντες,
1838 2862 1928 2909 καὶ

2051 2858 2175 2898 :um
2206 2857 2319 2912 que
2360 2841 2419 2896 id
2451 2857 2609 2913 saepe
2647 2840 2947 2906 fecissent,
2994 2847 3050 2899 et
3090 2842 3314 2915 ubique
3351 2840 3701 2897 mirabiliter

320 2957 599 3020 πανταχοῦ
659 2949 965 3020 θαυμασίως
1035 2944 1505 3019 ἐπιστομισθέντες.
1588 2946 1721 2999 Ἀλλ’
1781 2945 1928 2998 ἀναί-

2050 2930 2387 3003 impositum
2416 2930 2562 3002 ipsis
2586 2929 2789 2986 fuisset
2810 2930 3132 3001 silentium,
3162 2932 3478 3004 impudens
3500 2936 3700 2987 tamen

329 3057 556 3109 σχυντον
642 3041 797 3098 ὤτως
851 3038 876 3088 ὁ
938 3038 1120 3108 φθόνος
1192 3040 1282 3087 καὶ
1377 3035 1578 3109 ἰταμόν.
1637 3038 1979 3109 Ἐρωτώσιν(

2051 3038 2108 3078 1c
2136 3020 2411 3091 improba
2444 3026 2569 3076 erat
2599 3036 2808 3075 eorum
2853 3021 3095 3076 invidia.
3125 3022 3497 3092 Interrogant
3536 3035 3701 3090 ergo,

326 3123 435 3193 οὖν,
478 3127 521 3179 εἰ
552 3126 748 3189 ἔξεστιν
816 3124 1069 3201 ἀνθρώπῳ
1119 3122 1382 3177 ἀπολῦσαι
1434 3131 1527 3185 τὴν
1573 3134 1800 3198 γυναῖκα
1842 3125 1931 3177 αύ-

2052 3111 2089 3167 si
2148 3111 2321 3166 liceat
2384 3109 2611 3165 homini
2679 3108 3003 3165 divortium
3057 3109 3251 3166 facere
3310 3126 3449 3165 cum
3520 3123 3702 3164 uxore

321 3226 416 3271 τοῦ
463 3220 601 3270 κατὰ
638 3223 813 3269 πᾶσαν
878 3216 1069 3271 αἰτίαν.
1134 3220 1232 3269 Καὶ
1291 3217 1388 3291 ὅρα
1423 3235 1513 3289 μοι
1551 3221 1645 3275 τὴν
1702 3236 1932 3291 πανουρ-

2048 3217 2235 3257 suaex
2262 3199 2531 3272 qualibet
2556 3215 2759 3255 causa.
2791 3199 2854 3255 Et
2874 3200 3191 3255 considera
3212 3199 3357 3255 mihi
3385 3197 3698 3254 astutiam:

321 3314 465 3380 γίαν.
520 3308 663 3363 Ἐπεὶ
722 3309 824 3379 γὰρ
879 3310 995 3378 περὶ
1063 3308 1249 3359 τούτου
1305 3314 1395 3359 τοῦ
1450 3307 1749 3379 ζητήματος
1810 3326 1933 3379 προ·

2052 3290 2187 3363 quia
2216 3289 2374 3344 enim
2414 3288 2488 3344 de
2527 3288 2641 3343 hoc
2681 3288 2931 3360 quaesito
2981 3288 3041 3343 in
3083 3286 3555 3360 praecedentibus
3599 3286 3702 3342 do-

321 3396 493 3449 λαϐὼν
552 3392 792 3459 ἐδίδαξεν
850 3394 899 3448 ἕν
983 3403 1055 3466 τῷ
1126 3400 1343 3467 πέμπτῳ
1411 3395 1690 3468 κεφαλαίῳ,
1758 3396 1928 3466 εἰπὼν,

2056 3384 2265 3444 iuerat,
2299 3379 2508 3451 quinto
2548 3378 2819 3434 videlicet
2846 3378 3058 3450 capite,
3093 3378 3333 3434 dicens:
3369 3379 3706 3448 Quicunque

324 3489 406 3539 ὅτι
453 3494 549 3548 '0;
603 3484 663 3537 ἂν
714 3484 951 3557 ἀπολύσῃ
1012 3490 1106 3543 τὴν
1171 3493 1395 3556 γυναῖκα
1452 3485 1612 3539 αὐτοῦ
1683 3490 1934 3559 παρεκτὸς

2057 3468 2436 3541 νέμιιιιίαυενὶι
2456 3484 2697 3524 uxorem
2718 3485 2882 3524 suam
2912 3476 3156 3538 excepta
3176 3484 3344 3523 causa
3363 3467 3707 3529 fornicatio-

320 3576 479 3648 λόγου
562 3580 819 3651 πορνείας,
876 3581 1015 3627 ποιεῖ
1096 3574 1258 3633 αὐτὴν
1314 3578 1637 3647 μοιχᾶσθαι,
1723 3581 1809 3629 καὶ
1871 3579 1935 3628 τὰ

2061 3562 2155 3625 iis,
2192 3560 2343 3629 facit
2386 3574 2511 3614 eam
2552 3558 2882 3613 adulteram
2921 3573 3037 3614 esse
3073 3560 3141 3626 3‘,
3176 3562 3309 3623 etc.,
3347 3559 3711 3629 putaverunt

326 3666 467 3730 ἑξῆς*
528 3664 793 3737 ἐνόμισαν,
856 3667 938 3717 ὅτι
999 3663 1267 3717 ἐπελάθετο
1333 3673 1430 3726 τῆς
1479 3668 1729 3729 τοιαύτης
1782 3662 1936 3718 διδαο

2060 3665 2184 3705 3um
2232 3648 2566 3704 doctrinam
2627 3647 2794 3703 illam
2857 3646 3150 3704 oblivioni
3190 3646 3526 3704 tradidisse.
3570 3646 3710 3702 Ideo

331 3755 567 3816 σκαλίας.
596 3734 683 3807 Διό
738 3759 828 3807 καὶ
859 3754 918 3807 ού
967 3753 1199 3826 λέγουσι,
1235 3758 1384 3808 Διατί
1435 3751 1558 3808 τόδε
1604 3755 1720 3829 (85)
1758 3752 1936 3809 ἐδίδα-

2063 3736 2226 3794 itiam
2254 3752 2377 3793 non
2417 3735 2641 3792 dicunt.
2686 3739 2877 3802 Quare
2912 3736 3029 3793 hoc
3062 3735 3317 3793 docuisti
3346 3734 3375 3790 ‘P
3403 3735 3508 3791 sed
3537 3734 3713 3808 quasi

333 3845 425 3907 ξας
475 3861 489 3911 ;
535 3843 641 3897 ἀλλ’
695 3847 759 3906 ὡς
812 3850 970 3917 μήπω
1018 3849 1135 3917 περὶ
1179 3847 1364 3897 τούτου
1416 3842 1725 3918 διδάξαντα,
1780 3865 1938 3899 κακο-

2061 3827 2123 3883 1e
2141 3827 2257 3883 hoc
2281 3826 2557 3883 nondum
2587 3825 2907 3891 docuisset,
2932 3842 3120 3899 pravo
3140 3842 3309 3883 more
3330 3842 3439 3881 suo
3461 3826 3711 3881 interro-

335 3935 473 3995 ἠθως
507 3932 787 4007 ἐρωτῶσιν,
840 3936 940 4001 ἵνα,
989 3933 1032 3986 εἰ
1070 3936 1159 4006 μὲν
1226 3937 1365 4008 εἴπῃ,
1399 3936 1479 3987 ὅτι
1521 3936 1737 4002 ἔξεστιν,
1800 3936 1939 3989 ἀντι·

2066 3923 2193 3989 ςεωῑ
2211 3922 2272 3973 ut
2284 3916 2333 3972 si
2349 3915 2523 3972 licere
2540 3915 2780 3982 diceret,
2795 3919 3171 3987 opponerent
3186 3915 3465 3971 dicentes:
3487 3916 3552 3970 Et
3573 3930 3716 3987 quo-

336 4025 612 4093 θήσουσιν,
655 4025 732 4077 ὅτι
790 4028 890 4077 Καὶ
943 4030 1050 4084 πῶς
1093 4023 1362 4096 προλαϐὼν
1416 4021 1690 4092 ἐδίδαξας,
1732 4028 1813 4078 ὅτι
1847 4026 1941 4079 οὐκ

2065 4004 2235 4061 nodo
2254 4004 2317 4060 in
2338 4003 2812 4077 praecedentibus
2836 4002 3097 4060 docuisti
3121 4019 3242 4059 non
3264 4003 3437 4059 licere
3454 4002 3481 4057 ‘I
3504 4003 3553 4058 si
3574 4016 3715 4059 vero

337 4112 579 4178 ἓξεστιν;
634 4112 677 4165 εἰ
722 4109 781 4166 δὲ
835 4115 977 4186 εἴπῃ,
1009 4114 1089 4165 ὅτι
1146 4112 1238 4165 οὐκ
1291 4113 1505 4180 ἔξεστιν,
1566 4114 1940 4174 ἀντιθησουσιν

2066 4095 2274 4151 inceret
2310 4110 2434 4150 non
2473 4094 2671 4157 licere,
2702 4097 3077 4165 opponerent
3114 4092 3231 4164 ipsi
3268 4092 3486 4162 legem.
3530 4093 3716 4157 Quare

341 4200 483 4272 αὐτῷ
524 4206 607 4255 τὸν
659 4207 839 4275 νόμον.
896 4208 1131 4262 Ζήτησον
1190 4199 1248 4256 δὲ
1279 4201 1327 4255 ἐν
1376 4211 1447 4274 τῷ
1491 4200 1778 4262 δηλωθείη
1815 4209 1944 4278 πέμ-

2068 4191 2254 4242 ιιιιθω
2285 4184 2572 4256 praedicto
2598 4182 2805 4255 quinto
2833 4181 3025 4253 capite
3050 4180 3188 4236 dicti
3216 4180 3373 4236 illius
3394 4180 3718 4237 enarratio-

337 4311 451 4363 πτῳ
481 4292 737 4365 κεφαλαίῳ
780 4296 876 4351 τὴν
920 4290 1172 4363 ἐξήγησιν
1216 4300 1329 4364 τοῦ,
1361 4292 1454 4354 Ὀς
1485 4292 1546 4345 ἂν
1578 4292 1813 4365 ἀπολύσῃ
1850 4300 1941 4354 τὴν
1975 4344 1987 4365 1

2070 4288 2222 4331 lem:
2242 4273 2591 4343 Quicunque
2610 4271 3005 4341 repudiaverat
3020 4285 3263 4327 uxorem
3281 4275 3528 4339 excepta
3540 4284 3720 4326 causa

330 4388 560 4453 γυναῖκα
638 4382 799 4435 αὑτοῦ
890 4386 1147 4450 παρεκτὸς
1222 4381 1377 4454 λόγου
1464 4389 1719 4459 πορνείας,
1805 4357 1980 4439 ποιεῖ]

2072 4362 2480 4426 ’ornicationis,
2508 4361 2659 4432 facit
2707 4377 2831 4417 eam
2870 4360 3205 4417 adulteram
3248 4374 3388 4431 esse,
3434 4358 3636 4430 ibique
3665 4363 3722 4414 et

333 4472 495 4531 αὐτὴν
544 4472 866 4545 μοιχᾶσθαι,
922 4476 1015 4523 καὶ
1066 4473 1283 4545 μαθήσῃ
1324 4468 1523 4547 ῥᾳδίως
1573 4473 1679 4527 ἐκεῖ
1726 4479 1941 4528 καὶτὸν

2070 4468 2248 4524 egem
2285 4451 2456 4507 facile
2496 4450 2690 4506 disces
2729 4455 2785 4506 et
2815 4463 3053 4506 causam
3086 4448 3165 4505 ob
3214 4465 3395 4521 quam
3436 4452 3720 4505 statutum

331 4566 510 4634 νόμον,
561 4564 650 4613 καὶ
712 4565 807 4619 τὴν
856 4559 1047 4627 αἰτίαν,
1110 4557 1182 4614 δι’
1224 4561 1285 4620 ἣν
1339 4560 1708 4635 ἐνομοθετήθη.
1762 4570 1825 4618 Τί
1856 4561 1942 4617 οὖν

2074 4548 2198 4599 arat.
2216 4540 2369 4607 Quid
2390 4555 2533 4611 ergo
2556 4538 2819 4597 Christus
2836 4538 2936 4613 qui
2956 4539 3174 4597 horum
3197 4540 3448 4595 astutias
3469 4555 3537 4596 ac
3555 4537 3724 4594 dolos

334 4654 362 4704 ὁ
393 4653 483 4712 τὰς
520 4654 837 4723 πανουργίας
880 4655 970 4704 καὶ
1008 4651 1076 4704 τὰ
1127 4655 1433 4724 σοφίσματα
1485 4656 1681 4707 τούτων
1716 4653 1945 4728 ἀκριϐῶς

1008 4651 1076 4704 τὰ
1127 4630 1433 4724 σοφίσματα
1485 4656 1681 4707 τούτων
1716 4653 1945 4728 ἀκριϐῶς
2054 4630 2312 4705 ’ρθτίθοίθ
2339 4632 2585 4688 noverat
2609 4632 2637 4686 ?

338 4740 678 4811 ἐπιστάμενος
697 4756 711 4806 ;

410 4830 470 4883 Ὀ
519 4826 579 4882 δὲ
631 4859 699 4869 --
756 4828 947 4892 αύτούς
980 4870 993 4884 .
1027 4828 1262 4895 Ἀύτούς,
1326 4826 1536 4890 δηλαδὴ
1578 4835 1701 4895 τούς
1754 4832 1948 4909 ἀνθρώ-

2134 4834 2293 4888 Vers.
2354 4832 2407 4886 4.
2465 4829 2541 4885 At
2596 4829 2702 4886 ille
2765 4858 2835 4870 —
2902 4843 2993 4885 eos
3039 4827 3066 4882 ‘I
3136 4828 3245 4885 Eos
3299 4827 3565 4885 videlicet
3620 4826 3726 4884 ho-

342 4940 492 4984 πους.
542 4923 702 4973 Τουτὶ
775 4922 865 4991 μὲν
914 4914 1002 4971 οὖν
1075 4922 1135 4972 τὸ
1197 4920 1358 4995 ῥητὸν
1414 4921 1462 4973 ἓν
1520 4927 1581 4981 τῆ
1640 4920 1807 4996 βίϐλῳ
1856 4931 1952 4985 τῆς

2076 4923 2275 4980 mines.
2296 4923 2415 4977 Hoc
2428 4924 2630 4977 autem
2641 4918 2895 4975 verbum
2908 4918 2970 4973 in
3002 4916 3157 4975 libro
3175 4917 3422 4975 Genesis
3437 4918 3726 4989 scriptum

344 5015 594 5072 Γενέσεως
665 5012 980 5083 γέγραπται.
1034 5012 1103 5062 Σύ
1165 5005 1226 5063 δε
1288 5010 1558 5084 θαύμασον
1604 5013 1698 5071 τὴν
1764 5014 1951 5088 ἡμερό-

2072 5017 2151 5071 est
2180 5014 2250 5070 ³³.
2280 5013 2365 5067 Tu
2396 5024 2539 5065 vero
2570 5007 2868 5065 admirare
2906 5007 3144 5064 Domini
3179 5005 3722 5071 mansuetudinem,

341 5120 480 5160 τητα
528 5106 621 5154 τοῦ
675 5103 958 5168 Δεσπότου,
1026 5106 1153 5171 πῷς,
1206 5103 1382 5171 γνοὺς,
1448 5102 1529 5154 ὅτι
1585 5102 1949 5177 πειράζουσιν,

2074 5101 2372 5177 quomodo
2402 5098 2599 5155 sciens
2626 5096 2794 5171 quod
2832 5112 2972 5154 eum
3006 5101 3318 5163 tentarent,
3360 5112 3484 5153 non
3522 5094 3671 5151 dixit
3710 5111 3724 5150 :

340 5189 434 5242 ούκ
475 5186 601 5257 εἶπε,
656 5192 721 5243 Τί
777 5207 841 5263 με
902 5188 1191 5263 πειράζετε,
1265 5191 1387 5265 ὅπερ
1440 5188 1489 5243 ἓν
1551 5189 1725 5254 ἀλλοις
1780 5194 1953 5269 εἴρηκε

2077 5191 2225 5260 Quid
2260 5205 2351 5247 me
2390 5186 2631 5247 tentati:
2659 5186 2688 5244 ?
2718 5184 2881 5260 quod
2920 5184 3061 5244 alibi
3098 5184 3246 5242 dixit
3274 5184 3352 5244 ad
3391 5200 3493 5243 eos
3524 5187 3592 5250 ³³,
3624 5198 3727 5240 ne-

413 5318 457 5353 "
492 5314 698 5374 Matth.
732 5332 787 5383 v,
822 5315 913 5371 32.
992 5316 1040 5351 ³³
1074 5318 1214 5374 Gen.
1241 5332 1303 5384 ιι,
1344 5320 1436 5373 24.
1513 5319 1561 5354 ³³
1592 5318 1799 5376 Matth.
1834 5335 1973 5385 nu,
2002 5322 2088 5376 18.

1564 5417 1793 5486 Variae
1825 5417 2155 5486 lectiones
2203 5426 2270 5483 et
2300 5424 2504 5482 notae.

410 5536 523 5607 (8'2)
566 5536 1070 5607 Προσεπεχώρησεν.
1104 5533 1166 5587 Β.
1273 5604 1283 5607 _
1546 5605 1559 5607 _
1590 5605 1600 5607 _

1546 5605 1559 5607 _
1590 5605 1600 5607 _
2067 5533 2444 5607 scripsissem
2466 5535 2569 5597 ἐπὶ,
2599 5537 2701 5607 aut
2724 5528 3118 5607 πρὸςτῷτελει.

412 5597 524 5689 ζᾷ3)
564 5597 713 5689 Cum
732 5597 860 5660 haec
876 5597 1121 5689 quoque
1138 5604 1472 5689 pertineant
1486 5605 1567 5689 ad
1584 5605 1765 5688 istam
1790 5626 1957 5689 παρα-

1741 5621 1765 5662 1
1790 5626 1957 5689 παρα·
2138 5597 2253 5689 ςξέξί)
2288 5597 2791 5689 interponendum
2817 5597 3063 5669 videtur,
3093 5597 3391 5678 οὐδετέρου.

412 5609 524 5676 (83)
564 5609 713 5685 Cum
732 5609 860 5660 haec
876 5620 1121 5689 quoque
1138 5609 1472 5686 pertineant
1486 5609 1565 5662 ad
1584 5609 1765 5688 istam
1790 5626 1957 5680 παρα-

340 5674 765 5751 ϐολῄνκωςιιιω
791 5696 926 5729 κατα
954 5679 1014 5751 τὸ
1046 5675 1199 5751 τελος.
1244 5676 1521 5751 Ilaenim
1552 5677 1716 5751 loqu:
1739 5677 1949 5751 solent.

1048 5620 1121 5661 ue
1138 5609 1472 5686 pertineant
1486 5609 1565 5662 ad
1584 5609 1765 5688 istam
1790 5626 1957 5680 παρα-
2138 5609 2260 5750 (διίγ
2288 5609 2693 5689 Ιηιθτροηθηαι

1046 5675 1199 5751 τελος.
1244 5676 1521 5751 Ilaenim
1552 5677 1716 5751 loqui
1739 5677 1949 5751 solent.
2139 5682 2231 5748 (85
2286 5681 2433 5731 Διατί
2463 5695 2593 5746 τοτε,
2629 5679 2693 5730 Α·

345 5748 458 5805 Sed
488 5748 634 5806 illud
672 5764 918 5822 quoque
946 5747 1262 5806 ferendum
1302 5747 1952 5824 videbitur.‘Equidem
