4178 6382
513 339 619 394 515

1835 322 2181 384 EUTHYMII
2222 321 2548 381 ZIGABENI

3778 324 3886 382 516

515 479 634 537 quo
663 464 1052 534 exasperatus
1079 463 1165 515 est
1195 459 1347 514 sicut
1365 457 1482 514 alio
1512 456 1645 513 loco
1679 452 2169 528 :nequeomnino

2281 455 2411 526 πρὸς
2460 451 2670 516 αὐτοὺς,
2712 445 2837 502 ούδὶ
2866 446 3187 523 ἐτραχύνθη,
3239 449 3410 509 καθὼς
3439 450 3579 502 ἔστιν
3618 450 3703 501 ὅτε
3724 456 3881 502 ποιεῖ.

516 553 711 624 arguit
739 568 861 617 eos,
886 555 949 606 ut
981 566 1155 605 suam
1187 548 1464 604 ostendat
1493 546 1814 610 lenitatem,
1858 552 1911 598 rt
1952 548 2015 598 ut
2054 542 2174 599 dis-

516 642 746 714 cipulos
787 643 997 697 doceat
1041 638 1285 711 injurias
1321 638 1526 692 leniter
1570 636 1739 691 ferre.
1787 639 1910 690 Non
1964 638 2173 688 tamen

513 748 751 804 semper
791 732 1025 786 exhibet
1064 730 1383 794 lenitatem,
1420 743 1490 782 ne
1528 730 1728 798 putent
1768 724 1999 781 scelesti
2042 723 2170 778 haec

513 822 679 877 illum
701 821 903 885 latere,
927 825 1105 892 utque
1132 817 1458 874 refrenaret
1479 815 1787 871 malitiam.
1820 817 1884 869 Et
1914 813 2048 867 vide
2079 828 2169 867 sa-

513 912 819 983 pientiam.
852 913 1255 979 Interrogatus
1286 922 1361 961 an
1386 905 1600 971 liceret,
1635 920 1757 960 non
1791 903 1991 958 statim
2022 900 2169 955 dixit

514 1016 633 1056 non
672 1000 870 1071 licere,
910 1015 985 1054 ne
1020 998 1187 1053 daret
1224 996 1306 1051 eis
1349 995 1729 1051 occasionem
1768 990 2166 1047 contentionis

511 1106 582 1148 ac
606 1089 919 1157 tumultus;
945 1088 1044 1143 sed
1070 1088 1183 1142 hoc
1205 1084 1320 1142 alio
1346 1084 1529 1140 modo
1557 1088 1693 1153 apte
1728 1081 2054 1137 admodum
2078 1096 2168 1135 as-

511 1179 648 1236 truit
677 1179 906 1250 abipsa
930 1176 1226 1232 creatione
1248 1190 1383 1247 quae
1408 1173 1485 1229 ab
1508 1172 1675 1227 initio
1699 1170 1849 1226 facta
1877 1175 1981 1225 est.
2012 1168 2167 1234 Quid

512 1285 653 1341 ergo
684 1268 815 1324 ait?
846 1268 999 1323 Num
1030 1266 1245 1337 legistis
1269 1264 1423 1336 quod
1451 1264 1555 1335 qui
1576 1261 1717 1331 fecit
1749 1261 1824 1316 ab
1845 1260 2031 1327 initio,
2056 1272 2170 1313 ma-

510 1360 739 1416 sculum
763 1364 815 1414 et
842 1358 1117 1427 feminam
1158 1356 1299 1425 fecit
1327 1354 1466 1409 eos?
1516 1354 1636 1407 Hoc
1672 1354 1777 1416 est,
1822 1366 2007 1404 unum
2048 1364 2171 1404 ma-

510 1448 744 1504 sculum
768 1462 1076 1518 unamque
1100 1443 1409 1510 feminam,
1432 1445 1491 1497 ut
1514 1457 1670 1496 unus
1695 1455 1878 1495 unam
1901 1438 2168 1494 haberet.

511 1540 663 1593 Nam
695 1538 745 1592 si
783 1536 1065 1593 Voluisset
1096 1532 1432 1589 masculum
1469 1532 1625 1587 hanc
1661 1529 2013 1601 relinquere,
2049 1544 2175 1582 rur-

513 1643 769 1699 sumque
791 1627 946 1684 hanc
962 1625 1199 1688 ducere,
1216 1623 1413 1694 plures
1428 1622 1628 1693 utique
1642 1621 1959 1675 formasset
1976 1619 2053 1675 ab
2066 1620 2174 1675 ini-

2281 544 2413 594 Οὕτε
2477 543 2578 614 γὰρ
2625 542 2848 593 πάντοτε
2918 539 3143 611 ἐλέγχει,
3218 540 3300 591 ἵνα
3349 535 3496 601 δείξῃ
3550 543 3642 597 τὴν
3700 538 3886 591 ἑαυτοῦ

2279 633 2658 703 μακροθυμίαν,
2752 635 2841 681 καὶ
2931 629 3015 681 ἶνα
3092 625 3355 701 παιδεύσῃ
3436 632 3560 690 τοὺς
3647 630 3887 701 μαθητὰς

2278 722 2629 795 μακροθύμως
2678 724 2841 794 φέρειν
2894 720 2989 781 τὰς
3036 723 3305 791 παροινίας
3338 736 3351 748 ·
3395 720 3514 770 οὔτε
3545 716 3624 770 ἀεὶ
3680 737 3885 792 μακρο-

2280 811 2447 881 θυμεῖ,
2513 811 2594 861 ἱνα
2632 812 2702 881 μὴ
2760 804 2987 871 δόξωσιν
3037 810 3084 860 οἱ
3131 812 3346 881 πονηροὶ
3394 807 3657 859 λανθάνειν
3706 807 3882 872 αὑτὸν,

2276 904 2364 951 καὶ
2416 900 2499 951 ἳνα
2548 897 2873 971 ἀναχαιτίσῃ
2923 902 3017 956 τὴν
3064 902 3335 971 πονηρίαν.
3378 902 3480 949 Καὶ
3527 898 3623 969 ὅρα
3678 901 3881 969 σοφίαν.

2279 989 2585 1061 Ἐρωτηθεὶς
2640 989 2764 1063 γὰρ,
2824 987 2867 1039 εὶ
2913 987 3130 1055 ἔξεστιν,
3192 987 3285 1039 οῦκ
3336 987 3516 1047 εῦθέως
3582 986 3742 1053 εἶπεν,
3805 988 3887 1039 ὅτι

2275 1076 2370 1129 οὐκ
2403 1078 2616 1143 ἔξεστιν,
2670 1079 2752 1130 ’ίνα
2805 1082 2877 1149 μὴ
2912 1074 2989 1147 δῷ
3033 1080 3237 1139 τούτοις
3284 1076 3521 1149 ἀφορμὴν
3573 1076 3887 1148 φιλονεικίας

2274 1170 2366 1218 καὶ
2395 1175 2661 1239 ταραχῆς,
2695 1166 2802 1219 ἀλλ’
2856 1167 3007 1239 ἑτέρῳ
3054 1172 3228 1241 τρόπῳ
3277 1174 3429 1219 τοῦτο
3481 1165 3884 1230 κατασκευάζει,

2277 1257 2509 1317 πιθανῶς
2550 1257 2707 1321 πάνυ,
2767 1254 2854 1307 ἀπ’
2898 1256 3061 1317 αὐτῆς
3090 1264 3187 1317 τῆς
3226 1255 3272 1307 ἐν
3327 1254 3470 1330 ἀρχῇ
3510 1252 3883 1329 δημιουργίας.

2279 1348 2343 1396 Τί
2397 1341 2483 1396 οὖν
2535 1365 2692 1417 φησιν
2738 1364 2755 1415 ;
2818 1346 2929 1398 Οὐκ
2995 1344 3257 1417 ἀνέγνωτε,
3318 1347 3396 1398 ὅτι
3446 1347 3471 1397 ὁ
3519 1350 3744 1408 ποιήσας
3795 1344 3884 1399 ἀπ’

2282 1432 2454 1506 ἀρχῆς
2501 1435 2657 1507 οἰρσεν
2716 1439 2803 1487 καὶ
2836 1435 2963 1494 θῆλυ
3017 1435 3259 1494 ἐποίησεν
3316 1436 3547 1502 αύτούς;
3592 1440 3883 1505 τουτέστιν,

2282 1524 2367 1575 ἕνα
2396 1525 2587 1597 ἄρσενα
2630 1529 2719 1577 καὶ
2771 1530 2894 1597 μίαν
2937 1524 3162 1592 θήλειαν,
3216 1527 3349 1579 ὥστε
3376 1529 3459 1577 τὸν
3499 1527 3587 1578 ἕνα
3637 1530 3732 1585 τήν
3760 1532 3885 1599 μίαν

2283 1613 2442 1683 ἔχειν.
2497 1613 2556 1665 Εἰ
2620 1615 2723 1687 γὰρ
2781 1612 3033 1682 ἐϐούλετο,
3090 1616 3173 1667 ἴνα
3229 1617 3253 1666 6
3307 1616 3478 1691 ἄρσην
3543 1618 3738 1674 ταύτην
3794 1620 3885 1690 μὲν

504 1716 592 1790 vtio
623 1698 877 1773 feminas
904 1733 916 1771 :
953 1714 1096 1787 quia
1124 1728 1265 1783 ergo
1296 1712 1496 1784 plures
1522 1725 1644 1766 non
1670 1709 1965 1780 formavit,
1992 1714 2169 1766 restat

2283 1698 2493 1773 ἀφήσει,
2571 1702 2745 1778 ἑτέραν
2812 1700 2872 1757 δὲ
2943 1704 3096 1758 πάλιν
3168 1704 3453 1777 ἀγάγηται,
3536 1705 3744 1767 πλείους
3824 1706 3886 1758 ἂν

514 1810 579 1861 ut
606 1805 854 1861 voluerit
880 1806 1071 1860 virum
1102 1818 1224 1859 non
1249 1801 1559 1873 repudiare
1591 1816 1838 1861 uxorem
1865 1815 2061 1856 suam.

586 2096 749 2149 Vers.
814 2095 872 2147 5.
948 2093 1024 2147 Et
1076 2121 1142 2131 —
1200 2104 1404 2145 unam.
1471 2090 1723 2145 Ostenso
1790 2102 1824 2142 a
1873 2087 2170 2143 creatione

513 2182 680 2255 quod
709 2196 832 2238 non
848 2180 1024 2236 liceat
1044 2179 1381 2251 repudiare,
1410 2176 1670 2234 ostendit
1686 2176 1798 2231 hoc
1815 2180 1871 2231 et
1890 2192 1925 2231 a
1944 2175 2169 2231 divino-

507 2272 707 2341 jussu.
746 2271 898 2328 Scire
932 2273 1133 2325 autem
1164 2270 1411 2339 oportet,
1445 2265 1612 2338 quod
1650 2266 1709 2320 in
1742 2263 1893 2320 libro
1925 2264 2169 2319 Genesis

510 2364 759 2432 apparet
780 2374 1042 2432 praesens
1061 2358 1308 2413 verbum
1328 2354 1518 2427 ipsius
1540 2354 1732 2410 Adam
1760 2370 1889 2409 esse
1912 2353 2171 2425 proihe-

510 2450 687 2507 tantis
727 2448 801 2505 de
850 2464 1032 2503 uxore
1065 2466 1079 2515 ;
1112 2446 1217 2502 sed
1266 2445 1527 2500 Christus
1574 2459 1735 2500 nunc
1778 2448 1949 2498 decet
2003 2442 2168 2514 quod

508 2540 624 2597 hoc
670 2539 772 2594 Dei
814 2538 989 2594 fuerit
1041 2540 1429 2609 praeceptum,
1482 2538 1538 2590 et
1579 2550 1699 2589 non
1738 2532 1927 2605 ipsius
1974 2532 2164 2589 Adam

508 2628 844 2701 prophetia,
868 2632 933 2682 ut
960 2628 1229 2699 apparet.

584 2875 734 2932 Nihil
770 2881 971 2931 tamen
1009 2877 1168 2929 vetat
1202 2872 1360 2928 idem
1392 2871 1618 2928 dictum
1658 2875 1714 2927 et
1750 2871 1936 2945 ipsius
1975 2871 2167 2928 Adam

511 2966 695 3022 fuisse
735 2965 1108 3037 prOphetiam
1142 2979 1178 3020 ο,
1210 2964 1325 3019 Deo
1358 2962 1680 3033 inductam,
1718 2966 1772 3018 et
1795 2978 2034 3017 rursum
2067 2962 2167 3017 Dei

2278 1790 2468 1844 ἔπλασε
2487 1794 2603 1845 κατ’
2626 1791 2802 1868 ἀρχὰς
2834 1793 3055 1856 θηλείας·
3090 1793 3197 1848 ἐπεὶ
3225 1792 3286 1847 ὁὶ
3321 1794 3529 1857 πλείους
3558 1796 3653 1849 οὐκ
3671 1796 3880 1864 ἔπλασε,

2277 1880 2453 1935 λοιπὸν
2486 1880 2730 1955 βούλεται
2772 1888 2843 1956 μὴ
2898 1883 3139 1938 ἀπολύειν
3179 1888 3264 1936 τὸν
3311 1881 3483 1959 ἄνδρα
3524 1890 3618 1945 τὴν
3660 1894 3889 1960 γυναῖκα

2279 1991 2461 2028 αυτου.

2352 2101 2452 2149 Καὶ
2520 2128 2584 2136 -
2631 2101 2775 2169 μίαν.
2828 2098 3002 2160 Δείξας
3050 2096 3151 2150 ἀπὸ
3216 2106 3313 2161 τῆς
3370 2095 3746 2174 δημιουργίας,
3804 2102 3885 2155 ὅτι

2278 2185 2369 2237 οὐκ
2400 2186 2595 2248 ἓξέστιν
2643 2184 2900 2253 ἀπολύειν,
2936 2184 3174 2241 δείκνυσι
3225 2196 3377 2242 τοῦτο
3416 2195 3506 2242 καὶ
3561 2189 3662 2243 ἀπὸ
3713 2211 3886 2267 προσ-

2277 2277 2542 2347 τάγματος
2595 2284 2686 2328 τοῦ
2745 2284 2900 2331 Θεοῦ.
2952 2282 3066 2350 Χρὴ
3125 2273 3184 2330 δὲ
3235 2282 3528 2350 γινώσκειν,
3579 2281 3657 2333 ὅτι
3704 2279 3752 2332 ἐν
3791 2284 3882 2354 μὲν

2274 2374 2333 2438 τῇ
2390 2365 2555 2438 βίϐλῳ
2626 2376 2716 2427 τῆς
2777 2371 3022 2430 Γενέσιως
3083 2372 3314 2441 φαίνεται
3367 2378 3459 2422 τοῦ
3521 2367 3694 2443 Ἀδὰμ
3754 2368 3880 2424 εἶναι

2274 2458 2332 2507 τό
2370 2459 2534 2530 παρόν
2587 2456 2766 2531 ῥητὸν,
2833 2461 3243 2531 προφητεύοντος
3294 2464 3413 2534 περὶ
3469 2468 3560 2520 τῆς
3611 2466 3881 2533 γυναικός·

2276 2544 2384 2597 ἀλλ’
2433 2546 2458 2597 ὁ
2509 2549 2738 2620 Χριστὸς
2812 2543 3063 2600 διδάσκει
3133 2556 3239 2618 νῦν,
3296 2550 3376 2601 ὅτι
3420 2556 3512 2602 τοῦ
3580 2557 3713 2604 Θεοῦ
3771 2551 3883 2605 ἐστι

2274 2641 2426 2687 τοῦτο
2483 2638 2540 2688 τό
2586 2640 2925 2712 πρόσταγμα,
2984 2640 3075 2690 καὶ
3124 2638 3181 2690 ού
3221 2643 3513 2714 προφητεία
3561 2647 3654 2693 τοῦ
3682 2638 3880 2716 ’Δδὰμ,

2276 2725 2340 2785 ὡς
2365 2720 2529 2779 δοκεῖ.

2351 2846 2545 2923 [Οὐδὲν
2574 2850 2691 2923 (86)
2739 2847 2799 2905 δὲ
2826 2852 3012 2905 κωλύει
3041 2855 3100 2905 τὸ
3127 2853 3254 2906 αὐτὸ
3278 2854 3437 2930 ῥητὸν
3466 2861 3554 2909 καὶ
3586 2862 3679 2910 τοῦ
3703 2854 3883 2931 Ἀδὰμ

2278 2936 2406 2991 εἶναι
2459 2946 2796 3016 προφητείαν,
2871 2940 3220 3014 ἐνηχηθεῖσαν
3269 2947 3413 3021 παρὰ
3472 2954 3564 2999 τοῦ
3612 2954 3745 3001 Θεοῦ
3792 2952 3883 3001 καὶ

509 3027 877 3127 praeceptum
895 3054 1122 3110 dictum
1146 3068 1252 3125 per
1271 3052 1462 3109 Adam
1485 3068 1495 3108 :
1521 3057 1585 3107 ut
1600 3027 1885 3109 iddixerit
1902 3056 1958 3109 et
1976 3052 2162 3107 Adam

2277 3027 2428 3091 αὖθις
2471 3038 2562 3082 τοῦ
2609 3036 2737 3085 Θεοῦ
2796 3036 3131 3105 πρόσταγμα,
3193 3033 3349 3108 ῥηθὲν
3400 3032 3493 3087 διὰ
3544 3044 3636 3088 τοῦ
3683 3034 3877 3112 Ἀδάμ.

508 3145 789 3201 inductus
814 3145 1001 3211 aDeo,
1026 3147 1080 3200 et
1099 3159 1309 3199 rursus
1326 3142 1733 3199 dixeritetiam
1758 3141 1913 3198 Deus
1935 3141 2168 3199 locutus

508 3251 615 3308 per
634 3235 849 3291 Adam.

584 3483 674 3538 Ait
726 3498 869 3555 ergo
916 3481 1082 3554 quod
1124 3482 1307 3537 etiam
1351 3480 1563 3537 dixerit
1595 3480 1834 3537 Creator
1870 3497 1883 3537 :
1918 3481 2171 3555 Propter

510 3573 628 3629 hoc
656 3571 947 3639 videlicet,
982 3571 1127 3643 quia
1155 3569 1409 3627 formata
1439 3575 1528 3627 est
1566 3586 1718 3626 uxor
1744 3571 1818 3627 de
1847 3570 2029 3628 latere
2058 3572 2167 3628 viri

511 3662 605 3717 sui
686 3660 854 3732 (nam
935 3665 991 3716 et
1055 3661 1170 3717 hoc
1248 3665 1384 3716 ante
1444 3660 1801 3732 pmdictum
1877 3661 2166 3734 scriptum

511 3750 622 3821 est)
654 3772 665 3804 :
693 3751 1004 3823 Relinquat
1027 3751 1194 3806 homo
1209 3756 1437 3820 patrem
1459 3766 1631 3806 suum
1656 3757 1706 3807 et
1727 3758 1991 3819 matrem,
2026 3756 2161 3819 etc.,

510 3846 800 3912 eruntque
826 3840 943 3896 duo
970 3840 1275 3911 conjuncti
1293 3840 1355 3894 in
1382 3855 1619 3897 carnem
1652 3856 1850 3908 unam,
1885 3841 2010 3899 sive
2036 3857 2167 3898 cor-

508 3946 625 4003 pus
667 3947 853 3986 unum
896 3936 1134 4003 propter
1180 3930 1666 4001 conjunctiouem
1717 3931 1981 3997 unitatis,
2039 3932 2165 3988 sive

507 4020 956 4092 conjunctivam
999 4021 1277 4078 formam.
1330 4022 1480 4086 Quia
1523 4037 1665 4093 ergo
1713 4037 1903 4079 unum
1944 4037 2165 4094 corpus

508 4109 621 4165 hos
649 4126 778 4168 esse
799 4111 995 4182 jussit,
1022 4126 1145 4167 non
1169 4110 1306 4168 licet
1330 4110 1673 4184 repudiare.

582 4415 740 4470 Vers.
782 4416 869 4469 61.
903 4414 1103 4486 Itaque
1130 4444 1197 4455 —
1230 4429 1353 4471 una
1383 4431 1534 4472 caro.
1578 4414 1913 4488 Postquam
1942 4420 2161 4475 tentato
2195 4432 2242 4486 1)

508 4502 676 4559 ribus
708 4502 978 4559 divinum
1012 4502 1282 4560 recitavit
1318 4508 1707 4577 praeceptum,
1742 4504 2164 4579 interpretatur

507 4606 669 4648 nunc
694 4593 860 4663 quod
890 4596 1026 4664 post
1051 4594 1183 4665 conj
1196 4594 1536 4650 unctionem
1567 4611 1757 4651 unum
1779 4611 1996 4668 corpus
2021 4597 2165 4654 ﬁant

509 4682 632 4737 duo
658 4681 968 4752 conjuges.
1000 4680 1223 4737 Deinde
1250 4698 1424 4739 suam
1450 4700 1694 4757 quoque
1719 4683 1896 4741 infert
1927 4691 2163 4743 senten-

508 4771 653 4827 tiam
684 4787 697 4837 ;
729 4770 809 4827 ait
837 4771 995 4826 enim
1033 4788 1047 4826 :
1529 4769 1532 4773 ’

580 4862 741 4916 Vers.
774 4859 826 4915 6.
862 4860 1026 4928 Quod
1047 4892 1114 4900 —
1139 4870 1383 4933 separet.
1404 4863 1549 4919 Ecce
1574 4862 1634 4917 id
1666 4862 1977 4919 subintulit
2002 4866 2167 4936 quod

510 4965 632 5007 non
652 4949 806 5016 licet,
830 4948 1053 5005 blande
1082 4951 1328 5024 quidem
1360 4953 1661 5024 modoque
1684 4952 2081 5024 persuasibili,
2108 4960 2169 5010 ut

504 5040 787 5110 diximus,
826 5038 1145 5096 ostendens
1177 5047 1388 5113 praeter
1426 5047 1690 5097 naturam
1731 5057 1800 5097 ac
1840 5047 2052 5113 praeter
2083 5043 2165 5099 le-

509 5146 646 5199 gem
668 5145 796 5186 esse
817 5129 1135 5186 divortium
1159 5147 1171 5185 :
1200 5136 1411 5204 praeter
1431 5136 1710 5188 naturam
1730 5132 1996 5204 quidem,
2021 5149 2165 5189 nam

508 5235 631 5275 una
661 5235 801 5275 caro
832 5218 1150 5288 dividitur;
1184 5226 1397 5292 praeter
1426 5219 1621 5291 legem
1653 5236 1811 5285 vero,
1841 5237 1978 5277 cum
2006 5222 2163 5277 enim

506 5307 659 5362 Deus
688 5324 878 5364 unum
904 5324 1032 5364 esse
1052 5309 1313 5380 jusserit,
1342 5310 1770 5366 distrahuntur.

579 5398 738 5451 Vers.
778 5404 831 5454 7.
866 5396 1174 5455 Dicunt—
1207 5415 1331 5455 eam
1363 5400 1391 5454 ‘2
1417 5400 1590 5466 Quid,
1624 5399 1685 5455 id
1715 5403 1825 5465 est,
1857 5415 2044 5472 quare
2072 5403 2163 5459 vel

2278 3118 2419 3185 Οἷον,
2472 3123 2563 3171 καὶ
2619 3116 2753 3172 εἶπεν
2803 3122 2829 3173 6
2859 3117 3055 3193 Ἀδὰμ,
3108 3121 3386 3194 ἐνηχηθεὶς
3426 3127 3572 3198 παρὰ
3600 3132 3693 3178 τοῦ
3723 3134 3877 3194 Θεοῦ,

2276 3214 2366 3262 καὶ
2420 3209 2594 3275 πάλιν,
2648 3215 2737 3263 καὶ
2792 3207 2925 3263 εἶπεν
2984 3212 3010 3262 6
3079 3216 3217 3277 Θεὸς,
3300 3213 3536 3277 λαλήσας
3620 3213 3716 3269 διὰ
3788 3224 3882 3271 τοῦ

2272 3296 2501 3372 Ἀδάμ]

2350 3429 2514 3483 Φησὶν
2541 3418 2651 3496 οὖν,
2682 3424 2762 3478 ὅτι
2777 3430 2867 3478 καὶ
2894 3424 3027 3479 εἶπεν
3050 3428 3075 3478 6
3097 3430 3447 3503 Δημιουργὸς,
3480 3431 3639 3483 ἕνεκεν
3670 3434 3877 3500 τούτου,

2279 3511 2487 3574 δηλαδὴ
2538 3522 2629 3567 τοῦ
2677 3515 2977 3575 πλασθῆναι
3006 3520 3097 3575 τὴν
3146 3526 3371 3590 γυναῖκα
3421 3517 3475 3571 ἐκ
3526 3529 3621 3583 τῆς
3660 3521 3883 3598 πλευρᾶς

2274 3612 2366 3657 τοῦ
2417 3602 2612 3679 ἀνδρὸς
2649 3605 2832 3666 αὐτῆς·
2905 3611 3022 3679 περὶ
3078 3610 3263 3660 τούτου
3338 3611 3439 3681 γὰρ
3508 3609 3737 3685 ἀνωτέρω
3788 3621 3882 3667 τοῦ

2276 3691 2597 3756 δηλωθέντος
2671 3698 3078 3768 προστάγματος
3161 3703 3473 3772 γέγραπταυ

2276 3785 2545 3860 ἄνθρωπος
2618 3787 2703 3837 τὸν
2794 3788 2993 3858 πατέρα

3565 3700 3881 3773 Καταλείψει

3086 3786 3245 3839 αύτοῦ
3334 3792 3421 3840 καὶ
3492 3792 3585 3846 τὴν
3654 3794 3879 3867 μητέρα,

2275 3879 2365 3927 καὶ
2393 3877 2458 3927 τὰ
2488 3874 2620 3938 ἐξῆς⁶
2659 3879 2748 3926 καὶ
2796 3876 3002 3927 ἔσονται
3057 3876 3107 3928 οἱ
3148 3872 3246 3929 δύο
3306 3877 3528 3950 σύζυγοι
3583 3879 3653 3940 εἰς
3709 3883 3884 3953 σάρκα

2274 3968 2420 4038 μίαν,
2479 3967 2639 4036 ἤγουν
2718 3972 2871 4037 σῶμα
2950 3963 2997 4017 ἓν
3068 3961 3161 4017 διὰ
3240 3968 3326 4018 τὸν
3408 3963 3703 4042 σύνδεσμον
3784 3978 3883 4032 τῆς

2275 4053 2518 4123 ἑνώσεως,
2572 4056 2737 4106 εῖτουν
2795 4049 2889 4106 διὰ
2930 4058 3024 4112 τὴν
3080 4060 3403 4116 σνναπτικὴν
3472 4062 3683 4129 σχέσιν.
3739 4059 3879 4114 Ἐπεὶ

2276 4139 2336 4197 δὲ
2392 4143 2440 4196 ἓν
2485 4151 2639 4216 σῶμα
2699 4145 2915 4206 τούτους
2963 4142 3093 4197 εἶναι
3147 4145 3479 4218 προσέταξεν,
3545 4148 3640 4200 οῦκ
3680 4149 3878 4212 ἔξεστιν

2276 4233 2511 4287 ἀπολύειν
2522 4277 2532 4287 .

2342 4360 2502 4411 Ὠστε
2552 4390 2619 4400 -—
2687 4359 2820 4433 σὰρξ
2900 4363 3016 4431 μία.
3073 4360 3352 4429 Ἀναγνοὺς
3402 4369 3510 4423 τοῖς
3572 4370 3875 4437 πειρασταίς

2272 4453 2330 4502 τὸ
2384 4452 2515 4502 θεῖον
2553 4453 2890 4523 πρόσταγμα,
2951 4452 3281 4524 ἐφερμηνεύει
3353 4450 3554 4523 λοιπὸν,
3616 4454 3695 4505 ὅτι
3747 4454 3876 4524 μετὰ

2268 4543 2361 4598 τὴν
2411 4540 2688 4611 συνάφειαν
2740 4536 2789 4589 ἓν
2845 4546 2998 4611 σῶμα
3062 4541 3111 4591 οἰ
3179 4535 3277 4591 δύο
3346 4541 3573 4613 σύζυγοι
3622 4546 3874 4613 γίνονται.

2272 4624 2401 4682 Εἶτα
2486 4626 2709 4702 ἐπιφέρει
2811 4632 2902 4681 καὶ
2973 4633 3068 4687 τὴν
3143 4628 3328 4683 ἑαυτοῦ
3417 4637 3648 4704 γνώμην.
3728 4636 3880 4703 Λέγει

2271 4720 2396 4792 γάρ’

2343 4859 2409 4912 Ὀ
2462 4894 2529 4901 ——
2587 4860 2880 4937 χωριζέτω.
2920 4857 3057 4914 Ἰδοὺ
3114 4864 3173 4913 τὸ
3226 4861 3335 4913 Οῦκ
3383 4862 3551 4924 ἔξεστι
3588 4864 3876 4935 συνεπέρα-

2274 4971 2372 5019 νεν,
2445 4950 2645 5023 ὁμαλῶς
2697 4970 2750 5002 τε
2797 4955 2886 5002 καὶ
2952 4953 3204 5022 πιθανῶς,
3284 4953 3351 5011 ὡς
3414 4951 3713 5026 εἰρήκαμεν,
3773 4947 3881 5003 δει-

2275 5043 2463 5107 κνύων,
2520 5043 2600 5092 ὅτι
2633 5041 2775 5116 παρὰ
2833 5042 2989 5113 φύσιν
3044 5046 3131 5093 καὶ
3180 5042 3323 5115 παρὰ
3359 5044 3511 5113 νόμον
3570 5044 3627 5093 τὸ
3670 5037 3876 5094 διελεῖν·

2274 5134 2417 5206 παρὰ
2482 5134 2637 5206 φύσιν
2690 5133 2800 5203 μὲν,
2860 5131 2938 5183 ὅτι
3003 5136 3101 5202 μία
3151 5127 3484 5206 ὃιατέμνεται
3531 5132 3683 5207 σάρξ·
3737 5134 3882 5207 παρά

2273 5226 2426 5294 νόμον
2475 5217 2683 5288 δὲ,ὄτι,
2738 5228 2829 5273 τοῦ
2889 5228 3021 5273 Θεοῦ
3080 5220 3411 5283 κελεύσαντος
3467 5222 3515 5275 ἓν
3572 5218 3723 5292 εἶναι,
3763 5218 3881 5274 δια-

2276 5321 2530 5365 σπῶνται.

2346 5405 2609 5473 Λέγουσιν
2665 5432 2732 5441 -
2780 5400 2991 5466 αύτήν;
3036 5404 3118 5465 Τί,
3172 5398 3285 5455 ἀντὶ
3334 5411 3447 5467 τοῦ,
3500 5399 3669 5468 διατί,
3704 5402 3734 5459 ἢ
3767 5398 3883 5454 ἀντὶ

1727 5576 1954 5647 Varias
1991 5579 2322 5649 lectiones
2348 5587 2416 5649 et
2446 5590 2645 5648 notae.

589 5712 712 5787 (86)
735 5715 1092 5776 Exciderunt
1113 5720 1344 5777 inclusa
1362 5721 1430 5777 A.
