4178 6406
542 310 647 372 819

617 444 777 497 Vers.
800 446 882 497 tt.
904 442 936 495 Ι
940 441 1015 498 tte
1032 442 1294 512 —hujus
1307 442 1463 498 dicti.
1481 445 1606 498 Non
1623 417 1835 497 omnes
1868 439 2196 511 suscipiunt
2225 438 2271 493 A

540 530 702 585 hunc
728 547 1066 587 sermonem
1092 532 1165 587 de
1197 548 1318 588 non
1340 531 1750 588 contrahendo
1769 530 2152 587 matrimonio
2178 545 2191 596 ;

539 636 663 676 non
694 636 902 676 omnes
924 620 1135 677 ferunt.
1168 624 1382 692 Magna
1414 622 1568 678 enim
1608 637 1699 677 res
1727 626 1813 677 est
1858 620 2192 683 caelibatus,

541 725 651 765 nec
690 710 762 765 ab
793 710 1072 765 omnibus
1108 711 1240 766 ferri
1266 717 1469 783 potest.

611 801 767 854 Vers.
802 802 880 854 lt.
921 800 1034 855 Sed
1058 800 1271 871 quibus
1292 801 1501 858 datum
1531 808 1640 858 est.
1687 799 1805 856 Soli
1830 799 1914 855 illi
1973 814 2197 855 sermo-

537 903 679 943 nem
716 888 876 943 hunc
906 890 1238 960 suscipiunt
1268 895 1321 944 et
1352 890 1563 956 ferunt,
1606 889 1828 962 quibus
1870 888 2079 944 datum
2108 895 2197 943 est

536 976 650 1032 hoc
667 979 898 1033 donum
925 994 961 1034 a
982 977 1133 1043 Deo;
1162 979 1373 1035 datum
1396 986 1486 1035 est
1511 985 1713 1035 autem
1742 978 1832 1033 his
1855 978 1951 1049 qui
1971 977 2197 1049 petive-

534 1071 691 1121 runt.
728 1069 913 1123 Petite
943 1066 1127 1131 enim,
1160 1066 1262 1137 ait,
1286 1074 1338 1124 et
1365 1068 1601 1125 dabitur
1632 1068 1791 1125 vobis
1829 1069 1911 1137 3‘;
1949 1066 2194 1138 petenti-

535 1153 671 1220 bus,
705 1157 969 1227 inquam,
1032 1172 1152 1213 non
1207 1158 1576 1230 simpliciter,
1637 1157 1743 1213 sed
1796 1156 2084 1213 ferventer
2140 1163 2196 1211 et

534 1250 982 1313 perseveranter
1014 1262 1026 1301 :
1061 1252 1133 1312 ct,
1166 1251 1230 1303 ut
1268 1247 1452 1303 semel
1477 1248 1689 1318 dicam,
1738 1248 1889 1302 sicut
1940 1249 2193 1317 oportet.

535 1332 945 1402 Signilicatum
967 1341 1219 1405 estergo
1244 1336 1641 1407 virginitatem
1668 1336 1769 1392 Dei
1790 1335 2020 1391 donum
2043 1351 2191 1407 esse,

534 1422 741 1478 datum
767 1423 863 1478 his
892 1425 995 1496 qui
1028 1431 1258 1497 petunt,
1285 1433 1347 1481 ut
1378 1432 1629 1498 oportet.

604 1512 767 1567 Vers.
812 1518 889 1567 12.
923 1512 1068 1570 Sunt
1092 1515 1477 1571 —ccetorum.
1516 1516 1667 1581 Quia
1695 1516 1771 1571 de
1797 1512 2074 1570 caelibatu
2103 1514 2192 1569 in-

535 1601 676 1656 cidit
712 1618 930 1668 sermo,
965 1604 1135 1660 docet
1159 1620 1319 1659 nunc
1347 1605 1421 1660 de
1452 1605 1715 1676 innuptis
1747 1621 1761 1669 ;
1794 1610 1850 1660 et
1901 1605 2011 1660 tria
2040 1619 2191 1659 enu-

533 1696 720 1747 merat
734 1708 952 1761 genera
963 1693 1307 1749 eunuchoru
1318 1710 1396 1759 m,
1411 1710 1671 1765 quorum
1686 1694 1835 1765 prim
1847 1710 1946 1749 um
1962 1694 2190 1749 nullam
2224 1714 2268 1769 Β

532 1782 782 1836 sustinet
803 1781 1179 1847 calumniam,
1214 1782 1547 1838 secundum
1569 1788 1772 1839 autem
1800 1784 2189 1855 vituperatur,

531 1870 762 1925 tertium
796 1887 934 1926 vero
964 1870 1267 1928 laudabile
1307 1877 1429 1929 est:
1493 1888 1701 1930 eorum
1770 1873 2044 1929 videlicet
2090 1872 2189 1945 qui

529 1958 764 2031 seipsos
796 1964 1231 2030 castraverunt,
1268 1968 1324 2016 ut
1360 1978 1616 2032 regnum
1660 1964 1950 2020 cualorum
1984 1978 2189 2019 conse-

523 2054 866 2121 querentur,
896 2066 1020 2107 non
1043 2051 1343 2108 novacula
1369 2053 1562 2109 ferrea
1591 2058 1936 2110 exsecantes
1964 2054 2189 2123 genita-

525 2138 621 2208 lia,
654 2139 761 2194 sed
794 2140 1157 2196 continentia
1180 2141 1481 2198 insaniam
1510 2142 2012 2215 concupiscentiae
2063 2159 2189 2198 am-

526 2232 824 2299 putantes,
871 2235 927 2284 et
978 2246 1183 2287 amore
1240 2231 1615 2301 virginitatis,
1671 2234 1861 2289 coitus
1928 2248 2188 2289 amorem

526 2333 926 2373 emarcescerc
955 2320 1236 2375 sinentes.
1263 2322 1529 2386 Quorum
1563 2321 1725 2377 enim
1753 2327 2032 2378 naturam
2065 2338 2189 2379 ma-

524 2423 638 2463 nus
659 2408 928 2465 humana
944 2409 1409 2478 transformavit,
1436 2410 1782 2483 ferrumque
1808 2411 2185 2484 depravavit,

522 2512 646 2553 non
688 2503 919 2553 tantum
947 2500 1027 2554 ob
1071 2504 1367 2556 servatam
1400 2499 1797 2570 virginitatem
1838 2500 2184 2560 laudantur,

521 2590 819 2658 quantum
842 2586 903 2641 hi
927 2587 1031 2658 qui
1062 2587 1240 2644 veluti
1262 2588 1526 2644 libidinis
1568 2590 1848 2656 accusati,
1898 2591 2185 2647 ultionem

522 2681 914 2746 susceperunt
940 2676 1124 2749 (mm),
1156 2693 1292 2749 quae
1322 2677 1385 2734 id
1434 2679 1612 2735 etiam
1662 2679 1883 2749 vincat,
1933 2679 2097 2752 quod
2150 2696 2227 2747 a,

520 2762 670 2818 ferro
708 2769 792 2818 est
816 2763 1124 2820 auxilium.

586 2850 965 2922 +Gregorius
994 2854 1324 2926 Theologus
1353 2856 1450 2912 :Hi
1484 2857 1727 2930 quidem
1764 2862 1983 2914 natura
2010 2856 2181 2914 incli-

516 2947 736 2997 nantur
760 2942 835 2996 ad
864 2942 1117 2999 bonum.
1153 2946 1295 3001 Cum
1332 2952 1535 3002 autem
1574 2946 1706 3003 dico
1731 2953 2027 3013 naturam,
2060 2964 2180 3003 non

517 3030 731 3101 abjicio
764 3032 1153 3100 voluntatem,
1182 3035 1288 3090 sed
1329 3040 1649 3108 utrumque
1682 3053 1843 3109 pono
1880 3056 1892 3091 :
1934 3043 1991 3093 et
2019 3035 2181 3092 incli-

516 3123 818 3175 nationem
840 3120 995 3176 adid
1021 3122 1188 3195 quod
1212 3123 1538 3181 honestum
1552 3130 1664 3196 est,
1689 3131 1895 3198 etquae
1918 3126 1997 3182 ad
2022 3141 2178 3197 opus

511 3206 744 3266 bonum
762 3210 923 3267 ducit
941 3216 1241 3269 naturam.
1258 3212 1627 3279 Quibusdam
1644 3232 1785 3271 vero
1808 3232 1844 3273 a
1860 3219 2181 3287 praecepto-

511 3299 677 3355 ribus
705 3305 1098 3371 amputantur
1134 3302 1500 3372 affectiones,
1531 3305 1780 3377 quidam
1834 3311 2039 3361 autem
2082 3320 2180 3375 per

512 3389 737 3461 seipsos
769 3389 895 3445 illas
927 3396 1268 3462 amputant,
1305 3398 1366 3447 ut
1388 3394 1491 3464 qui
1520 3399 1914 3467 praeceptores
1934 3410 2053 3450 non
2085 3412 2179 3451 as-

511 3478 716 3544 secuti,
744 3480 973 3549 seipsos
991 3479 1207 3536 docent
1231 3498 1362 3553 quae
1387 3484 1747 3540 conveniunt
1777 3501 1788 3538 :
1826 3495 1881 3540 et
1908 3484 2175 3541 radicem

510 3567 786 3623 vitiorum
808 3568 1159 3634 excidentes,
1186 3571 1532 3629 etmembra
1554 3574 1864 3646 pravitatis
1906 3575 2178 3630 extermi-

508 3662 741 3713 nantes.
1629 3732 1635 3737 1

582 3748 739 3801 Vers.
788 3751 866 3801 12.
913 3746 1023 3812 Qui
1072 3779 1140 3787 —
1192 3750 1413 3820 capiat.
1471 3752 1735 3809 Tandem
1776 3753 1879 3809 ubi
1940 3751 2173 3808 caelibes

510 3832 693 3889 laude
722 3834 939 3904 dignos
961 3836 1444 3906 demonstrasset,
1467 3842 1613 3898 etita
1627 3842 1807 3899 talem
1829 3842 2171 3899 caelibatum

509 3921 835 3990 laudasset,
853 3941 921 3980 ac
943 3941 1013 3981 eo
1038 3927 1219 3984 modo
1239 3926 1488 3986 latenter
1510 3932 1815 3988 auditores
1838 3932 1917 3988 ad
1938 3932 2168 4003 virgini-

509 4016 688 4068 tatem
708 4020 1120 4084 provocasset;
1141 4017 1333 4073 sciens
1351 4018 1411 4073 id
1432 4036 1724 4090 magnum
1741 4037 1888 4088 esse,
1906 4026 1961 4077 et
1975 4038 2009 4078 a
2026 4037 2170 4093 pau-

507 4101 592 4157 cis
612 4101 809 4173 deligi,
829 4103 1108 4177 relinquit
1128 4123 1255 4163 rem
1280 4107 1339 4164 in
1368 4107 1689 4166 hominum
1711 4110 2032 4168 voluntate.
2060 4113 2171 4178 Qui

506 4197 721 4265 potest,
755 4193 965 4268 inquit,
992 4212 1204 4269 capere
1232 4197 1366 4265 hoc,
1421 4204 1525 4257 aut
1577 4202 1877 4272 pervenire
1926 4201 2003 4257 ad
2032 4202 2168 4271 hoc,

507 4282 720 4354 capiat.

578 4531 739 4589 Vers.
774 4539 861 4592 l3.
904 4537 1065 4592 Tunc
1085 4566 1154 4578 —
1174 4537 1324 4594 illos.
1350 4538 1613 4599 Infantes
1644 4541 1794 4598 dixit
1820 4542 2028 4610 Lucas,
2062 4543 2168 4616 qui

466 4618 471 4625 ’
505 4621 912 4679 offerebantur
936 4624 998 4680 in
1020 4623 1132 4680 ﬁde
1154 4633 1470 4698 parentum
1498 4631 1566 4683 ³⁸.
1602 4630 1878 4703 Discipuli
1905 4649 2042 4688 vero
2065 4648 2167 4688 eos

500 4711 895 4784 increpabant
918 4715 1022 4786 qui
1045 4714 1389 4787 offerebant,
1407 4719 1561 4775 sicut
1580 4719 1813 4792 scripsit
1842 4722 2071 4777 Marcus
2094 4724 2162 4789 ³⁷,

501 4801 617 4856 hoc
646 4807 731 4857 est
756 4802 1178 4874 prohibebant.
1212 4806 1536 4864 Verisimile
1568 4813 1659 4864 est
1689 4814 1889 4865 autem
1923 4812 2082 4883 quod
2110 4824 2166 4876 et

501 4906 716 4962 pueros
742 4892 1154 4965 increpabant.
1185 4896 1340 4952 Nam
1362 4897 1550 4953 ethos
1576 4901 1631 4954 et
1655 4895 1809 4969 illos,
1841 4905 2164 4973 praecepto-

500 4995 629 5036 rem
662 4979 1045 5049 honorando,
1078 4983 1495 5055 prohibebant.

569 5161 617 5195 ⁸³
657 5160 858 5220 Matth.
883 5178 978 5229 vn,
1008 5168 1061 5219 7.
1142 5165 1189 5199 ³⁸
1219 5162 1359 5221 Luc.
1394 5165 1556 5232 xvin,
1596 5164 1680 5222 l5.

1861 308 2214 371 EUTHYMII
2266 309 2591 371 ZIGABENI

1759 5167 1802 5202 ³⁷
1839 5170 2013 5226 Marc.
2047 5185 2101 5238 χ,
2134 5175 2220 5229 13.

3812 319 3921 374 520

2375 440 2433 494 Ὀ
2483 473 2549 483 -
2599 445 2685 494 τὸν
2740 441 2888 514 λόγον
2944 448 3147 496 τοῦτον.
3207 449 3283 495 Ou
3338 442 3521 502 πάντες
3571 438 3919 518 παραδέχονιο

2305 550 2391 583 ται
2447 535 2533 584 τὸν
2587 531 2737 603 λόγον
2790 539 2992 600 τοῦτον,
3039 535 3126 584 τὸν
3182 536 3299 606 περὶ
3354 539 3446 584 τοῦ
3504 536 3575 604 μὴ
3627 540 3798 605 γῆμαι
3860 532 3920 584 ού

2304 622 2489 683 πάντες
2541 620 2897 694 βαστάξουσι.
2958 626 3107 693 Μέγα
3134 624 3236 695 γὰρ
3269 624 3297 681 η
3334 620 3556 694 ἀγαμία,
3607 628 3697 675 καὶ
3727 622 3924 694 ὀλίγοις

2307 716 2554 782 φορητόν.

2375 800 2511 852 Ἀλλ’
2580 802 2652 861 οἷς
2708 797 2940 854 δέδοται.
2995 800 3208 855 Ἐκεῖνοι
3260 805 3409 873 μόνοι
3456 805 3540 854 τὸν
3595 801 3745 873 λόγον
3798 810 3917 853 τοῦ-

2304 908 2390 942 τον
2420 887 2817 965 παραδέχονται
2851 896 2942 943 καὶ
2975 890 3363 963 βαστάζουσιν,
3406 892 3485 952 οἷς
3514 887 3731 944 δέδοται
3761 900 3915 943 τουτο

2303 999 2360 1033 το
2393 976 2560 1053 δωρον
2602 984 2747 1054 παρά
2791 989 2924 1034 Θεοῦ
2970 995 2984 1011 ’
3021 978 3235 1034 δέδοται
3266 977 3324 1033 δὲ
3372 980 3680 1040 αἰτήσασιν.
3713 981 3915 1034 Αἰτεῖτε

2302 1072 2424 1144 γὰρ,
2470 1075 2619 1142 φησὶ,
2667 1075 2756 1122 καί
2814 1066 3100 1129 δοθήσεται
3158 1071 3279 1141 ύμῖν
3337 1086 3349 1100 ⁶
3401 1070 3659 1128 αἰτήσασι
3714 1066 3773 1122 δὲ
3804 1070 3911 1142 ούχ

2303 1158 2491 1225 ἁπλῶς,
2547 1158 2675 1212 ἀλλά
2726 1162 2923 1234 θερμῶς
2978 1164 3067 1211 καὶ
3130 1159 3400 1231 ἐπιμόνως,
3461 1164 3551 1211 καὶ
3621 1158 3795 1221 ἁπλῶς
3843 1159 3887 1211 εἰ

2302 1268 2434 1314 πειν,
2487 1252 2553 1311 ὡς
2606 1255 2734 1324 χρή.
2794 1253 3093 1322 Σημείωσαι
3140 1246 3220 1315 δὲ,
3282 1250 3362 1301 ὅτι
3416 1257 3552 1302 Θεοῦ
3637 1246 3805 1322 δῶρον
3873 1250 3903 1307 ἡ

2302 1341 2573 1414 παρθενία,
2604 1336 2857 1413 διδομένη
2890 1347 3000 1401 τοίς
3032 1339 3290 1405 αἰτοῦσιν,
3321 1342 3389 1401 ὡς
3413 1344 3547 1413 χρη.

2370 1566 2491 1618 Εἰσὶ
2554 1597 2623 1607 --
2697 1565 2943 1639 ούρανῶν.
3036 1562 3248 1624 Ἐπειδὴ
3357 1570 3475 1637 περὶ
3552 1562 3783 1638 ἀγαμίας
3836 1562 3909 1616 ἐν-

2300 1659 2447 1708 έπεσε
2476 1655 2627 1727 λόγος
2660 1657 2790 1725 (91),
2839 1652 3090 1708 διδάσκει
3134 1655 3312 1707 λοιπὸν
3360 1660 3474 1728 περὶ
3518 1664 3616 1707 τῶν
3669 1655 3907 1727 ἀγάμων,

2301 1750 2389 1797 καὶ
2442 1744 2815 1819 ἀπαριθμεῐται
2894 1751 3015 1819 τρία
3079 1742 3193 1803 εἶδη
3228 1752 3327 1796 τῶν
3385 1744 3669 1817 εὐνούχων,
3731 1767 3797 1795 ων
3850 1749 3909 1797 τό

2300 1843 2501 1908 πρῶτον
2551 1840 2641 1908 μὲν
2700 1830 3021 1893 ἀδιάϐλητόν
3089 1834 3201 1888 ἐστι
3270 1838 3327 1886 τό
3390 1831 3629 1908 δεύτερον
3679 1832 3738 1887 δε
3788 1831 3909 1887 δια-

2299 1924 2601 1997 ϐεϐλημένον
2658 1943 2668 1953 ·
2705 1927 2761 1976 τὸ
2831 1921 2889 1977 δὲ
2940 1929 3111 1997 τρίτον
3158 1923 3438 1988 ἐπαινετὸν,
3491 1926 3667 1984 οῖτινες
3729 1924 3907 1977 εὐνού-

2296 2034 2463 2087 χισαν
2495 2014 2731 2087 ἑαυτούς,
2773 2013 2856 2066 ἵνα
2897 2018 3110 2086 τύχωσι
3140 2021 3233 2076 τῆς
3283 2012 3554 2087 βασιλείας
3591 2022 3691 2066 τῶν
3751 2013 3908 2090 ούρα-

2296 2113 2414 2174 νῶν,
2466 2102 2523 2156 ού
2552 2104 2688 2177 ξυρῷ
2723 2101 2948 2180 σιδήρου
2981 2106 3047 2155 τὰ
3085 2099 3378 2175 παιδογονα
3406 2107 3565 2178 μόρια
3591 2102 3903 2176 ἐκτεμόντες,

2297 2192 2425 2246 ἀλλὰ
2488 2194 2624 2267 ξυρῷ
2682 2196 3018 2268 σωφροσύνης
3069 2197 3156 2245 τόν
3210 2190 3417 2268 οἶστρον
3475 2202 3571 2255 τῆς
3629 2192 3908 2266 ἐπιθυμίας

2297 2282 2673 2355 ἀποκόψαντες,
2748 2289 2838 2337 καὶ
2894 2284 3042 2359 ἔρωτι
3094 2285 3369 2359 παρθενίας
3439 2286 3527 2335 τὸν
3595 2286 3761 2357 ἔρωτα
3812 2291 3909 2345 τῆς

2303 2380 2589 2436 συνουσίας
2661 2377 3140 2449 καταμαράναντες.
3210 2372 3305 2425 Ὧν
3384 2376 3485 2448 γὰρ
3571 2378 3664 2431 την
3749 2377 3906 2445 φύσιν

3240 2467 3329 2516 καὶ
3404 2460 3626 2536 σίδηρος
3669 2464 3907 2538 παρεχά-

3485 2572 3589 2627 παρ
3599 2554 3903 2621 θενεύοντες,

2300 2462 2594 2540 ἀνθρωπίνη
2672 2465 2958 2538 μετέπλασε
3014 2466 3158 2539 χεὶρ,

2296 2555 2486 2629 ραξεν,
2594 2554 2652 2607 ού
2727 2563 2973 2609 τοσοῦτον
3100 2549 3382 2606 ἀπόδεκτοι

2297 2646 2418 2697 ὅσον
2499 2651 2875 2721 κατηγορητοὶ,

2242 2744 2245 2753 ‘
2294 2733 2484 2798 λασίας
2533 2739 2831 2799 νικησάσης
2887 2740 2977 2787 καὶ
3052 2738 3145 2793 τὴν
3196 2731 3295 2786 ἀπὸ
3339 2740 3429 2785 τοῦ
3487 2728 3714 2806 σιδήρου
3770 2731 3905 2805 βοή-

2299 2828 2456 2881 θειαν.

2368 2919 2490 2990 [Τοῦ
2541 2918 2655 2989 (92)
2726 2916 2982 2987 Θεολόγου
3017 2915 3122 2966 Ὀἱ
3174 2916 3263 2985 μὲν
3318 2912 3372 2965 ἐκ
3439 2915 3641 2986 φύσεως
3687 2914 3900 2966 νεύουσι

2290 3011 2422 3081 πρὸς
2449 3011 2507 3060 τό
2544 3006 2737 3079 ἀγαθόν
2789 3021 2802 3036 ⁸
2853 3009 3054 3078 φύσεως
3106 3000 3164 3056 δὲ
3194 3003 3312 3055 ὃταν
3344 3006 3488 3068 εἴπω,
3534 3002 3627 3055 ούκ
3655 3001 3899 3077 ἀτιμάςω

2281 3102 2383 3171 ,τὴν
2427 3102 2751 3173 προαίρεσιν,
2809 3095 2915 3147 ἀλλ’
2970 3093 3233 3168 ἀμφότερα
3282 3094 3487 3165 τίθημι,
3536 3098 3629 3151 τήν
3678 3112 3737 3165 γε
3770 3098 3901 3166 πρὸς

2290 3191 2348 3239 τό
2396 3188 2548 3240 καλὸν
2600 3183 3021 3249 ἐπιτηδειότητα,
3076 3188 3166 3236 καὶ
3221 3187 3314 3242 τὴν
3379 3183 3443 3243 εἰς
3477 3185 3624 3255 ἔργον
3662 3184 3900 3253 ἄγουσαν

3097 3291 3109 3303 ⁸
3157 3274 3205 3325 οἱ
3265 3269 3323 3325 δὲ
3399 3273 3499 3324 ὑπὸ
3555 3268 3898 3325 διδασκάλων

2594 2554 2652 2607 ού
2727 2563 2973 2609 τοσοῦτον

2981 2643 3329 2716 λαγνεύοντες,
3430 2643 3498 2705 ὡς
3610 2649 3705 2703 τῆς
3787 2642 3908 2696 ἀκοο

2290 3280 2348 3330 τὸ
2396 3277 2452 3329 ἐκ
2496 3280 2695 3349 φύσεως
2767 3272 3060 3334 ἐπιτήδειον

2291 3365 2617 3439 ἐκτέμνονται
2673 3387 2739 3419 τα
2790 3369 2926 3423 πάθη
2973 3380 2987 3394 ⁸
3030 3366 3077 3416 οἱ
3137 3359 3195 3414 δὲ
3237 3358 3309 3414 δι’
3365 3361 3557 3414 ἑαυτῶν
3590 3360 3898 3433 ἐκτέμνουσι

2288 3464 2474 3524 ταῦτα,
2536 3453 2873 3510 διδασκάλων
2954 3458 3044 3528 μὲν
3119 3454 3213 3505 οὐκ
3270 3451 3625 3523 ἐπιτυχόντες,
3680 3452 3896 3514 ἑαυτούς

2289 3545 2348 3601 δὲ
2379 3544 2691 3611 διδάξαντες
2730 3549 2794 3599 τὰ
2824 3551 3177 3619 προσήκοντα,
3237 3546 3325 3595 καὶ
3374 3546 3469 3601 τήν
3514 3561 3569 3593 τε
3618 3542 3773 3616 ῥίζαν
3803 3550 3899 3603 τῆς

2285 3642 2473 3699 κακίας
2520 3640 2833 3710 ἐκτεμόντες,
2911 3639 3001 3687 καὶ
3070 3636 3136 3686 τὰ
3189 3636 3383 3707 ὄργανα
3466 3638 3561 3692 τῆς
3638 3635 3895 3705 πονηρίας

2285 3726 2652 3802 ἐξορίσαντες.]

2352 3815 2410 3869 Ὀ
2462 3848 2533 3860 -
2578 3821 2838 3892 χωρείτω.
2889 3812 3207 3877 Τελευταῖον,
3268 3807 3546 3872 ὑποδείξας
3588 3810 3711 3868 τοὺς
3760 3807 3890 3881 ἀγά-

2281 3926 2413 3979 μους
2463 3911 2583 3970 τοὺς
2668 3905 3082 3978 ἐπαινουμένους,
3136 3906 3227 3954 καὶ
3305 3899 3438 3953 ούτω
3492 3902 3585 3958 τὴν
3639 3902 3889 3957 τοιαύτην

2942 3998 3032 4046 καὶ
3078 3991 3358 4051 λεληθότως
3410 3992 3499 4062 μὲν
3549 3991 3669 4051 τοὺς
3722 3987 3889 4062 ἀκροα

2282 3994 2512 4070 ἀγαμίαν
2566 3996 2859 4065 ἐπαινέσας,

3676 4096 3688 4108 ’
3734 4074 3889 4140 εἰδὼς

2282 4089 2375 4149 τὰς
2427 4087 2501 4149 εἰς
2547 4091 2605 4140 τὸ
2660 4088 2982 4161 παρθενεύειν
3026 4083 3185 4143 οὕτως
3238 4080 3637 4151 ἐκκαλεσάμενος

2285 4172 2344 4229 δὲ
2395 4182 2532 4251 μέγα
2594 4185 2746 4230 τοῦτο
2800 4180 2890 4229 καὶ
2943 4174 3137 4245 ὀλίγοις
3216 4173 3438 4244 αἱρετὸν,
3510 4168 3891 4241 καταλιμπάνει

2204 4301 2249 4355 D
2281 4269 2340 4319 τὸ
2397 4274 2617 4341 πρᾶγμα
2669 4275 2729 4333 τῇ
2798 4268 3098 4342 προαιρέσει
3154 4269 3254 4315 τῶν
3287 4258 3589 4337 ἀνθρώπων.
3639 4257 3697 4311 Ὀ
3730 4253 3894 4309 δυνά-

2283 4375 2431 4429 μενος
2466 4363 2590 4433 γὰρ,
2643 4361 2793 4431 φησὶ,
2842 4361 3035 4429 χωρεῖν
3078 4358 3253 4417 τοῦτο,
3303 4346 3357 4424 [ἡ
3413 4356 3607 4425 χωρεῖν
3657 4346 3767 4419 (93)
3822 4344 3891 4406 εἰς

2279 4447 2484 4522 τοῦτο,]
2513 4454 2772 4524 χωρείτω.

2342 4542 2468 4591 Τότε
2514 4570 2583 4579 —
2640 4538 2835 4598 αὐτοῖς.
2909 4538 3073 4611 Βρέφη
3139 4526 3273 4583 εἶπεν
3341 4530 3366 4581 ό
3450 4533 3681 4597 Λουκᾶς,
3741 4525 3892 4578 ἅτινα

2279 4630 2721 4707 προσηνέχθησαν
2797 4628 2885 4699 μὲν
2952 4610 3021 4676 νέκ
3069 4625 3297 4681 πίστεως
3346 4627 3445 4671 τῶν
3494 4621 3697 4690 γονέων·
3743 4617 3791 4667 οὶ
3833 4610 3894 4666 δὲ

2276 4706 2512 4797 μαθηταὶ
2572 4718 2823 4791 ἐπετίμων
2875 4721 2983 4775 τοῖς
3022 4714 3430 4787 προσφέρουσιν,
3470 4710 3535 4766 ὡς
3594 4708 3619 4757 ὁ
3674 4706 3892 4775 Μάρκος

2275 4793 2486 4886 ἔγραψε,
2538 4811 2804 4863 τουτέστιν
2863 4803 3109 4859 ἐκώλυον,
3176 4798 3327 4861 Εἰκὸς
3381 4793 3439 4849 δε
3488 4798 3578 4846 καὶ
3628 4798 3734 4851 τοῖς
3766 4810 3888 4842 παι-

2277 4885 2358 4956 σὶν
2438 4896 2698 4972 ἐπιτιμᾷν.
2787 4893 3039 4947 Ἐκὼλυον
3108 4886 3166 4943 δε
3257 4886 3524 4945 κάκείνους
3602 4885 3885 4952 καὶταῦτα,

2273 5000 2526 5066 τιμῶντες
2554 4992 2641 5042 τὸν
2665 4982 3013 5040 διδάσκαλον.

1712 5320 1939 5392 Variae
1986 5322 2315 5393 lectiones
2369 5331 2435 5395 et
2466 5331 2668 5391 notae.

578 5481 691 5557 (91)
720 5484 978 5557 ίῌνέπεσιν
1010 5487 1036 5537 ό
1059 5484 1294 5557 λόγος·Β.

504 5592 505 5595 η
576 5553 685 5622 (92)
712 5554 957 5625 Gregor.
990 5553 1267 5617 Nazi’anz.
1307 5574 1367 5631 p.
1400 5559 1521 5629 192,
1557 5564 1678 5617 193.
1738 5562 1926 5621 Habet
1966 5568 2166 5623 autem

2276 5495 2407 5551 haec
2431 5494 2494 5549 in
2514 5491 2793 5562 margine,
2826 5490 2894 5545 B.

2349 5566 2464 5637 (93)
2487 5561 2719 5621 Inclusa
2744 5561 2967 5618 absunt
2997 5565 3061 5615 A.

578 5680 735 5750 (mm)
769 5682 1155 5764 Quantum—7
1183 5693 1586 5764 susceperunt.
1622 5691 1926 5755 Quantum
1952 5693 2028 5749 ob
2080 5692 2380 5751 libidinem
2420 5688 2952 5764 reprehenduntur,
2984 5685 3107 5743 vim
3175 5679 3315 5738 ferri
3370 5675 3688 5751 (auxilium
3731 5669 3898 5743 ferri)

509 5759 827 5823 superante
860 5755 1039 5812 etiam
1070 5758 1553 5829 intemperantia.
