4178 6378
279 340 381 397 531

1351 329 1724 389 COMMENT.
1766 328 1839 384 IN
1878 326 2328 385 MATTHZEUM.
2369 360 2438 370 —
2478 328 2635 385 CAP.
2676 329 2826 387 XIX.

3559 332 3667 388 522

352 464 413 517 Ὀ
473 459 534 517 δε
596 463 797 523 Ἰησοῦς
844 492 915 503 —
952 461 1201 535 όύρανών.
1248 458 1310 511 Ὀ
1361 458 1420 511 δε
1474 459 1687 532 Μάρκος
1733 452 1892 517 εἶπεν,

2075 453 2238 510 Vers.
2270 458 2352 510 14.
2370 456 2541 511 Jesus
2559 461 2745 511 autem
2766 456 3157 513 —caelorum.
3178 456 3406 512 Marcus
3429 456 3578 513 dixit
3597 459 3666 526 ⁸⁸,

282 556 365 608 ὅτι
407 558 498 605 καὶ
546 553 886 624 ἠγανάκτησε
931 552 1069 603 κατὰ
1114 558 1213 603 τῶν
1255 548 1577 601 κωλυόντων⁸
1617 551 1893 622 προσίεται

284 640 347 697 δὲ
394 645 461 695 τὰ
502 638 719 709 παιδία,
752 638 1000 694 δεικνύων
1030 639 1141 713 μὲν,
1174 640 1256 691 ὅτι
1297 640 1419 699 τούς
1465 637 1693 700 ἀκάκους
1724 657 1892 712 προσ-

288 737 440 787 ίεται·
498 728 774 785 διδάσκων
838 727 898 783 δε
952 735 1063 791 καὶ,
1120 730 1202 781 ὅτι
1253 733 1510 804 προσήκει
1580 735 1893 781 καταπατεῖν

285 827 376 876 τὸν
423 822 526 875 ἀπὸ
585 828 678 884 τᾶς
727 822 997 892 ὑπεροχῆς
1056 826 1237 892 τῦφον,
1290 823 1380 870 καὶ
1436 818 1752 891 προσίεσθαι
1803 821 1894 871 καὶ

282 916 403 973 τούς
449 911 951 985 εὐκαταφρονήτους.
1012 908 1124 961 Ούκ
1192 905 1300 961 εἶπε
1380 904 1459 974 δε,
1544 909 1626 961 ὅτι
1698 910 1893 960 τούτων

287 1002 435 1055 ἐστὶν
478 1002 509 1059 ἠ
571 998 820 1073 βασιλεία
865 1007 966 1050 τῶν
1009 998 1259 1072 οὐρανῶν,
1310 996 1419 1049 ἀλλ’
1464 998 1546 1049 ὃτι
1588 1006 1687 1049 τῶν
1728 999 1895 1051 τοιού-

285 1111 413 1160 των,
471 1098 572 1142 τῶν
619 1092 949 1162 μιμουμένων
1020 1092 1114 1147 τὴν
1180 1085 1452 1145 ἁπλότητα
1507 1090 1721 1153 τούτων,
1777 1091 1897 1163 περὶ

284 1182 356 1233 ὧν
419 1183 622 1255 εἴρηται
668 1177 984 1254 πλατύτερον
1062 1176 1113 1230 ἐν
1187 1183 1259 1247 τῷ
1335 1184 1628 1250 τριακοστῷ
1689 1173 1896 1250 ἑϐδόμῳ

280 1269 480 1343 κιφαλα
489 1274 568 1341 ίῳ.

360 1362 462 1412 Καὶ
505 1388 575 1398 -
628 1356 835 1411 ἐκεῖθεν.
889 1358 1103 1430 Μάρκος
1158 1351 1218 1409 δε
1274 1353 1429 1424 εἶπεν,
1481 1355 1559 1409 ὃτι
1597 1355 1689 1409 καί
1734 1354 1892 1428 ἐναγ-

282 1448 633 1520 καλισάμενος
706 1445 860 1513 αὐτὰ,
930 1446 1092 1508 τιθεὶς
1163 1446 1254 1506 τὰς
1336 1451 1521 1518 χεῖρας
1585 1444 1667 1498 ἐπ’
1738 1444 1892 1510 αὐτὰ,

286 1537 487 1610 εὐλόγει
534 1536 687 1591 αὐτά.
721 1542 886 1589 Τοῦτο
936 1531 995 1588 δὲ
1046 1533 1226 1602 ἐποίει,
1282 1533 1492 1610 πληρῶν
1539 1539 1633 1594 τὴν
1687 1537 1895 1593 αἴτησιν

284 1636 385 1681 τῶν
472 1634 638 1679 ταῦτα
711 1627 1172 1698 προσαγαγόντων.
1239 1626 1696 1700 Προσηνέχθησαν
1768 1626 1893 1695 γὰρ,

290 1720 473 1789 φησὶν,
536 1715 678 1786 αὐτῷ
725 1710 941 1782 παιδία,
996 1714 1079 1765 ἵνα
1120 1716 1212 1776 τὰς
1266 1722 1451 1787 χεῖρας
1517 1711 1669 1786 ἐπιθῇ
1718 1712 1898 1773 αύτοίς

2002 542 2165 615 quod
2214 544 2395 599 etiam
2452 544 2883 615 indignabatur
2938 545 3416 617 prohibentibus.
3468 545 3669 619 Recipi

2006 638 2209 687 autem
2232 648 2472 705 pueros,
2497 634 2846 705 signiﬁcans
2868 650 2929 690 se
2950 634 3214 707 recipere
3246 634 3570 707 simplices,
3599 650 3671 691 ac

2002 720 2224 777 docens
2252 728 2525 794 oportere
2557 723 2778 779 fastum
2807 725 2911 797 qui
2943 740 2980 780 a
3010 724 3374 781 sublimitate
3402 724 3673 797 procedit

2004 810 2377 877 conculcare,
2428 818 2486 867 et
2542 814 2843 886 suscipere
2889 812 3303 886 despicabiles.
3345 816 3474 869 Non
3522 813 3674 869 dixit

2003 904 2204 956 autem
2238 917 2254 954 :
2290 901 2512 956 Horum
2543 906 2629 957 est
2657 917 2903 972 regnum
2936 902 3246 968 caelorum,
3283 901 3390 958 sed
3440 901 3667 966 talium,

2003 988 2371 1045 imitantium
2392 990 2661 1048 videlicet
2685 992 2905 1048 horum
2927 991 3365 1065 simplicitatem
3401 1006 3417 1057 ;
3444 990 3519 1048 de
3540 992 3669 1065 qui-

2003 1077 2120 1134 bus
2143 1078 2319 1134 latius
2340 1078 2568 1136 dictum
2589 1084 2679 1137 est
2702 1079 3005 1138 tricesimo
3030 1081 3286 1155 septimo
3308 1078 3526 1153 capite.

2079 1276 2224 1330 Vers
2259 1277 2343 1331 15.
2375 1276 2454 1332 Et
2484 1307 2553 1318 —
2583 1276 2741 1334 inde.
2772 1277 3007 1334 Marcus
3038 1278 3186 1335 dixit
3216 1281 3262 1315 ³9
3294 1279 3462 1352 quod
3490 1279 3673 1336 etiam

2005 1364 2407 1436 complexatus
2450 1370 2537 1422 est
2564 1365 2717 1435 illos,
2749 1381 2821 1423 ac
2849 1367 3146 1439 impositis
3176 1369 3454 1424 manibus
3494 1382 3676 1440 super

2005 1469 2110 1509 eos
2150 1454 2540 1511 benedicebat
2582 1455 2715 1512 illis.
2747 1458 2870 1513 Hoc
2900 1462 3103 1514 autem
3134 1456 3392 1515 faciebat
3434 1457 3675 1513 illorum

2007 1541 2345 1613 adimplens
2377 1544 2724 1614 petitionem
2752 1544 2858 1616 qui
2887 1559 2992 1601 eos
3020 1544 3400 1602 adduxerant
3425 1565 3437 1604 :
3475 1545 3679 1603 Oblati

2004 1637 2140 1685 sunt
2173 1632 2353 1701 enim,
2387 1632 2599 1703 inquit,
2632 1632 2683 1688 ei
2708 1634 2974 1701 parvuli,
3014 1640 3078 1689 ut
3115 1649 3323 1690 manus
3350 1634 3677 1704 imponeret

2006 1720 2082 1775 eis
2121 1726 2172 1775 et
2226 1726 2443 1777 oraret.
2494 1720 2683 1776 Simul
2732 1721 2905 1777 etiam
2947 1724 3206 1779 ostendit
3251 1724 3468 1779 iterum
3516 1721 3679 1795 quod

286 1809 374 1857 καὶ
426 1803 800 1879 προσεύξηται.
858 1800 1003 1877 Ἀμα
1058 1799 1119 1855 δε
1169 1802 1323 1855 πάλιν
1390 1799 1600 1869 ἔδειξεν,
1661 1803 1741 1854 ὅτι
1806 1805 1896 1853 καὶ

2024 1808 2384 1889 implectitur
2399 1809 2633 1881 sibique
2650 1808 3008 1867 familiarem
3027 1810 3206 1868 efﬁcit
3224 1827 3387 1878 eum,
3410 1811 3516 1884 qui
3534 1811 3677 1868 dolo

290 1893 707 1966 ἑναγκαλίζεται,
780 1898 870 1945 καὶ
946 1891 1226 1945 οἰκειοῦται
1280 1894 1368 1944 τὸν
1448 1890 1725 1965 ἂπόνηρον,
1807 1894 1896 1943 καὶ

292 1985 503 2040 τιθησιν
579 1981 655 2035 ἐπ’
718 1981 873 2035 αὐτόν
935 1984 1025 2042 τὰς
1097 1989 1304 2055 χεῖρας,
1368 1984 1487 2040 ἤτοι
1569 1986 1664 2039 τὴν
1738 2000 1895 2054 φρου-

284 2077 510 2148 ρητικην
575 2070 758 2125 ἑαυτοῦ
830 2067 1075 2145 δύναμιν,
1138 2076 1230 2124 καὶ
1291 2070 1493 2143 εύλογεῖ
1540 2076 1631 2124 καὶ
1686 2073 1895 2143 ἁγιάζει

340 2161 354 2179 9
405 2167 414 2177 ρ

289 2182 449 2215 αυτον
458 2206 470 2218 .

369 2293 517 2341 ΚΕΦ.
567 2286 707 2344 MA'.
760 2291 886 2361 Περὶ
924 2292 1016 2339 τοῦ
1073 2285 1499 2360 ἐπερωτήσαντος
1550 2289 1638 2339 τὸν
1685 2288 1893 2344 Ἰησοῦν

956 2376 1231 2431 πλουσίου.

368 2469 470 2517 Καὶ
513 2496 582 2505 -
634 2464 867 2522 αἰώνιον.
907 2463 1180 2541 ’Ἄρχοντα
1208 2473 1387 2518 τοῦτον
1414 2463 1548 2519 εἶπεν
1597 2466 1623 2517 6
1670 2471 1892 2531 Λουκᾶς,

292 2550 529 2620 δηλαδή,
570 2562 674 2605 τῶν
704 2551 998 2607 Ἰουδαίων.
1033 2554 1144 2607 Οὐκ
1193 2550 1254 2613 ἧν
1286 2551 1346 2608 δε
1397 2554 1621 2617 ὕπουλος
1660 2556 1687 2607 6
1737 2559 1898 2608 νεανί-

293 2662 418 2703 σκος
461 2643 632 2708 οὗτος,
687 2645 751 2705 ὦς
798 2648 928 2716 φασί
984 2663 1132 2705 τινες.
1180 2643 1255 2695 Οὐ
1302 2646 1404 2717 γὰρ
1460 2643 1523 2696 ἃν
1598 2646 1624 2697 6
1693 2645 1899 2707 Ἰησοῦς

293 2729 557 2803 agema;
606 2732 769 2803 αὐτῷ,
822 2732 1096 2803 ἠγάπησεν
1138 2732 1317 2802 αὐτὸν,
1349 2736 1417 2795 ὡς
1456 2736 1629 2808 εἴρηκε
1662 2737 1895 2808 Μάρκος.

291 2819 449 2874 Ἀλλὰ
499 2820 662 2874 τᾶλλα
709 2825 799 2894 μὲν
859 2821 1011 2885 καλός
1043 2819 1126 2885 ἦν,
1185 2827 1275 2875 καὶ
1329 2822 1467 2884 ζωῆς
1519 2824 1759 2895 ἐπεθύμει
1806 2831 1902 2885 τῆς

289 2908 522 2962 αἰωνίου·
573 2917 671 2973 τῆς
720 2906 780 2963 δὲ
830 2909 1177 2987 φιλαργυρίας
1218 2918 1249 2970 ἡ
1297 2913 1501 2964 ἄκανθα
1542 2916 1638 2971 τὴν
1676 2912 1900 2985 λιπαρὰν

290 2999 521 3070 ἄρουραν
560 3007 655 3061 τῆς
684 2999 869 3072 ψυχῆς
904 2999 1066 3053 αὐτοῦ
1098 2996 1468 3073 διελυμήνατο.

368 3088 430 3139 ’O
462 3119 515 3129 —
569 3092 717 3151 Θεός.
759 3086 951 3150 Ούὸεὶς
992 3093 1111 3143 οὔτε
1161 3089 1362 3155 ὑλικὸς,
1395 3093 1514 3144 οὔτε
1555 3091 1728 3162 ἄυλος,
1779 3090 1902 3165 ἁγα-

293 3178 384 3240 θός
422 3175 537 3231 έστι
588 3182 801 3253 κυρίως,
846 3178 890 3230 εἰ
934 3183 1005 3247 μὴ
1038 3183 1188 3252 μόνος
1232 3182 1257 3232 ὁ
1293 3185 1439 3243 Θεός.
1484 3186 1626 3233 Διότι
1666 3189 1739 3252 τῷ
1788 3189 1903 3252 Θεῷ

288 3270 400 3340 μὲν,
449 3269 581 3320 κατὰ
641 3271 795 3340 φύσιν
838 3270 868 3327 ἡ
931 3267 1215 3340 ἀγαθότης,
1271 3274 1362 3322 καὶ
1412 3267 1506 3323 διὰ
1552 3278 1705 3323 τοῦτο
1760 3270 1904 3345 ἀτρε-

288 3358 547 3415 πτοτάτη·
592 3364 699 3418 τοῖς
740 3357 915 3419 ἄλλοις
957 3356 1016 3411 δὲ
1070 3364 1251 3429 πᾶσιν,
1302 3361 1506 3434 ὁρατοῖς
1554 3380 1609 3413 τε
1636 3366 1727 3414 καὶ
1753 3360 1906 3435 ἀορά-

289 3465 423 3511 τοις,
474 3448 612 3498 κατὰ
656 3452 984 3522 προαίρεσιν,
1021 3453 1112 3500 καὶ
1158 3446 1252 3501 δια
1296 3458 1446 3501 τοῦτο
1496 3455 1711 3522 τρεπτὴ.
1769 3451 1906 3503 Ἐπεὶ

290 3540 464 3589 τοίνυν
533 3534 684 3597 οὗτος
740 3537 1010 3609 ἄνθρωπον
1064 3536 1232 3599 ἁπλῶς
1299 3541 1387 3590 τὸν
1440 3542 1671 3613 Χριστόν
1722 3540 1906 3591 ὑπέλα-

293 3624 378 3677 ϐεν
411 3621 560 3690 εἶναι,
594 3630 682 3678 καὶ
740 3623 936 3697 ἀγαθὸν
988 3626 1144 3680 αὐτὸν
1192 3626 1449 3694 ἐκάλεσεν,
1496 3628 1601 3700 οὐχ
1632 3630 1700 3690 ὡς
1754 3632 1902 3693 Θεὸν,

297 3713 405 3765 ἀλλ’
481 3717 548 3775 ὡς
618 3716 932 3788 ἄνθρωπον,
992 3718 1105 3786 (94)
1172 3716 1259 3769 ἕνα
1328 3725 1428 3768 τῶν
1480 3716 1608 3791 παρ’
1663 3717 1908 3793 Εϐραίοις

300 3800 663 3873 διδασκάλων,
721 3807 847 3879 πρὸς
917 3808 1012 3863 τὴν
1082 3807 1330 3863 τοιαύτην
1401 3806 1660 3878 ὀπόληψιν
1748 3807 1907 3859 αὑτοῦ

297 3891 482 3944 λοιπὸν
531 3896 619 3943 καὶ
676 3892 851 3958 αὐτὸς,
920 3894 986 3953 ὡς
1043 3894 1335 3967 ἅνθρωπος,
1392 3895 1532 3967 αύτῷ
1587 3892 1906 3967 διαλέγεται,

297 3980 479 4051 λέγων·
562 3986 709 4034 Διατί
781 4001 844 4054 με
917 3981 1077 4054 λέγεις
1160 3981 1375 4055 ἀγαθὸν,
1457 3986 1725 4059 ἄνθρωπον
1790 3990 1911 4037 ὄντα

297 4072 439 4122 κατὰ
464 4076 559 4128 τήν
588 4074 685 4130 σὴν
734 4070 1038 4143 ύπόληψιν;
1082 4074 1151 4135 ὡς
1201 4075 1291 4145 μὲν
1347 4075 1449 4147 γὰρ
1498 4074 1790 4147 ἄνθρωπος,
1818 4076 1912 4127 οὔκ

303 4159 414 4229 εἰμι
463 4157 670 4229 ἀγαθός·
730 4162 796 4221 ὡς
836 4156 896 4213 δὲ
936 4164 1080 4227 Θεὸς,
1134 4166 1224 4215 καί
1279 4161 1438 4235 μάλα.
1472 4166 1637 4223 Μόνος
1682 4166 1784 4237 γὰρ
1824 4184 1914 4215 κυ-

300 4251 433 4321 ρίως
484 4246 675 4319 ἀγαθὸς
717 4250 743 4300 6
796 4254 944 4312 Θεὸς.
985 4257 1148 4303 Τοῦτο
1205 4248 1265 4304 δὲ
1317 4252 1490 4321 εἰπὼν,
1542 4260 1601 4304 οὔ
1652 4256 1767 4313 τούς
1832 4252 1917 4305 ἆν-

303 4339 548 4410 θρώπονς
598 4337 922 4413 ἀπεστέρησε
973 4349 1066 4400 τῆς
1114 4338 1461 4412 ἁγαθότητος,
1507 4340 1635 4394 ἀλλὰ
1662 4348 1780 4419 περὶ
1822 4351 1918 4403 τῆς

299 4432 500 4498 κυρίως
556 4426 883 4499 ἀγαθότητος
936 4426 1196 4493 ἐδίδαξεν·
1249 4431 1361 4502 ἅμα
1412 4428 1471 4483 δέ
1519 4437 1609 4484 καὶ
1645 4437 1739 4491 τὴν
1769 4432 1919 4485 κολα-

301 4520 451 4568 κείαν
498 4515 773 4583 ἀπώσατο,
812 4527 903 4571 και
950 4517 1252 4585 ἰπαίδευσε,

303 4612 413 4666 τοῖς
444 4604 695 4669 ἐπαίνοις.

384 4784 569 4858 [Φύσει
601 4786 715 4859 (95)
768 4790 859 4861 μὲν
908 4786 1126 4861 ἀγαθὸς,
1157 4793 1312 4863 μόνος
1352 4791 1378 4842 6
1427 4794 1574 4855 Θεὸς·
1630 4797 1809 4866 γνώμῃ
1864 4790 1924 4847 δε

313 4872 537 4947 ἀγαθὸς,
568 4881 725 4950 μόνος
762 4878 788 4930 6
819 4879 1172 4951 θεομίμητος.]

382 5056 445 5107 Εἰ
475 5086 544 5097 -
575 5061 768 5124 ποίαςς
802 5057 944 5130 Ούχ,
977 5061 1045 5121 ὡς
1082 5059 1361 5134 πειράζων,
1408 5058 1533 5129 εἶπε,
1589 5067 1765 5124 ποίαςο
1815 5062 1920 5117 ἀλλ’

304 5142 537 5217 ἓνόμισε,
596 5149 742 5223 παρὰ
803 5150 897 5209 τὰς
942 5151 1162 5221 νομικὰς
1209 5148 1386 5226 ἐτέρας
1435 5147 1563 5204 εἶναι
1606 5172 1769 5219 τινας,
1829 5156 1923 5217 τὰς

306 5233 629 5307 εἰσαγούσας
657 5235 723 5298 εἰς
760 5241 855 5296 τὴν
891 5240 1138 5295 τοιαύτην
1173 5239 1338 5299 ζωήν,

2006 1912 2076 1953 ac
2108 1897 2342 1954 malitia
2367 1902 2526 1954 caret
2555 1916 2573 1968 ;
2610 1902 2668 1955 et
2700 1899 2869 1971 ponit
2906 1914 3086 1972 super
3123 1914 3264 1956 eum
3296 1915 3514 1957 manus
3552 1900 3677 1957 sive

2004 1986 2401 2043 excubantem
2432 2002 2609 2043 suam
2637 1988 2938 2054 virtutem,
2971 2003 3044 2045 ac
3072 1987 3387 2056 benedicit,
3420 2004 3678 2062 eumque

2004 2075 2352 2132 sancﬁﬁcah

2183 2202 2337 2260 CAP.
2368 2202 2500 2259 XLI.
2528 2203 2615 2259 De
2642 2203 2819 2260 divite
2840 2203 3255 2277 interrogante
3280 2204 3495 2262 Iesum.

2078 2416 2239 2471 Vers.
2277 2418 2360 2471 t6.
2392 2416 2471 2471 Et
2504 2447 2572 2455 —
2611 2422 2894 2473 aeternam
2924 2416 3307 2490 ?Principem
3336 2418 3485 2476 dixit
3514 2419 3678 2475 hunc

2007 2506 2193 2560 Lucas
2225 2506 2293 2572 ιο,
2322 2505 2594 2561 videlicet
2620 2505 2991 2563 Judaaorum.
3025 2508 3151 2562 Non
3182 2512 3308 2563 erat
3337 2511 3539 2564 autem
3580 2508 3678 2564 hic

2010 2594 2353 2650 adolescens
2397 2594 2648 2651 dolosus
2684 2598 2789 2651 aut
2823 2593 3023 2662 ﬁctus,
3067 2600 3133 2652 ut
3172 2596 3339 2652 aiunt
3370 2597 3623 2670 quidam
3657 2614 3671 2665 ;

2008 2699 2204 2756 neque
2243 2683 2402 2738 enim
2444 2684 2692 2740 intuitus
2738 2681 2906 2739 illum
2944 2686 3114 2740 Jesus
3158 2683 3466 2743 dilexisset
3509 2702 3671 2753 eum,

2009 2772 2168 2844 quod
2195 2772 2345 2829 dixit
2374 2776 2603 2828 Marcus
2633 2774 2700 2839 ιι,
2732 2773 2837 2829 sed
2866 2774 2928 2830 in
2961 2775 3182 2830 caeteris
3207 2775 3455 2848 quidem
3485 2775 3678 2833 bonus

2010 2868 2156 2930 erat,
2188 2860 2441 2934 vitaeque
2472 2862 2729 2934 cupidus
2760 2866 2992 2918 aeternae
3021 2882 3033 2922 :
3072 2863 3179 2920 sed
3209 2864 3473 2921 avaritia;
3505 2866 3682 2938 spina

2008 2952 2232 3024 pingue
2264 2950 2483 3007 animae
2515 2967 2723 3007 arvum
2755 2951 3114 3023 perdiderat.

2082 3059 2241 3114 Vers.
2282 3065 2364 3113 17.
2395 3060 2522 3128 Ipse
2550 3089 2619 3100 —
2650 3059 2824 3115 Deus.
2858 3058 3065 3114 Nullus
3096 3074 3294 3133 neque
3328 3076 3679 3134 corporeus,

1938 3168 1979 3226 ο
2012 3165 2208 3221 neque
2258 3149 2647 3219 incorporeus
2685 3149 2925 3221 proprie
2961 3147 3161 3205 bonus
3201 3153 3307 3217 est,
3354 3150 3469 3205 nisi
3520 3150 3683 3207 solus

2015 3242 2192 3308 Deus,
2237 3239 2375 3310 quia
2414 3242 2528 3293 Deo
2570 3241 2907 3294 secundum
2945 3243 3229 3295 naturam
3274 3241 3549 3297 convenit
3577 3240 3685 3297 bo-

2013 3329 2189 3393 nitas,
2238 3328 2492 3399 ideoque
2531 3327 2747 3383 mutari
2789 3344 2912 3383 non
2944 3333 3178 3400 potest:
3214 3329 3440 3385 caeteris
3481 3335 3685 3386 autem

2015 3417 2298 3473 omnibus
2340 3416 2671 3472 visibilibus
2703 3422 2759 3472 et
2790 3417 3187 3474 invisibilibus
3220 3418 3552 3475 secundum
3583 3435 3686 3476 vo-

2016 3508 2334 3575 luntatem,
2385 3513 2442 3561 et
2478 3506 2614 3561 ideo
2667 3506 2974 3562 mutabilis
3014 3510 3122 3562 est.
3186 3508 3335 3572 Quia
3389 3524 3532 3578 ergo
3589 3508 3686 3564 hic

2017 3597 2314 3654 Christum
2375 3597 2685 3652 hominem
2748 3603 2981 3653 tantum
3049 3613 3174 3653 esse
3246 3598 3685 3669 suspicabatur,

2017 3687 2369 3758 bonumque
2390 3685 2648 3741 vocabat
2673 3702 2833 3755 eum,
2861 3702 2983 3742 non
3015 3690 3304 3758 tanquam
3333 3688 3544 3754 Deum,
3583 3689 3690 3745 sed

2018 3781 2310 3848 tanquam
2338 3775 2667 3841 hominem,
2696 3780 2750 3830 et
2775 3791 2966 3831 unum
2993 3777 3344 3848 quempiam
3367 3781 3693 3850 praecepto-

2016 3882 2151 3920 rum
2197 3864 2361 3935 apud
2403 3863 2723 3921 Hebraeos:
2769 3864 2848 3920 ad
2892 3865 3243 3936 hujusmodi
3282 3866 3692 3938 suspicionem

2018 3954 2148 4025 ejus
2182 3969 2341 4009 nunc
2370 3954 2552 4009 etiam
2581 3954 2708 4025 ipse
2734 3954 2907 4026 quasi
2935 3953 3121 4011 homo
3150 3971 3290 4010 cum
3325 3971 3396 4012 eo
3430 3956 3689 4026 disserit,

2020 4044 2227 4099 dicens
2269 4059 2281 4097 :
2338 4044 2490 4108 Quid
2530 4058 2626 4098 me
2679 4043 2827 4098 dicis
2864 4043 3118 4108 bonum,
3156 4044 3260 4115 qui
3313 4044 3499 4101 homo
3557 4059 3694 4101 sum

2016 4134 2189 4204 juxta
2214 4136 2380 4188 tuam
2398 4132 2801 4203 suspicionem
2820 4132 2847 4186 Τ
2870 4131 3019 4187 Nam
3039 4135 3331 4205 tanquam
3367 4134 3551 4190 homo
3571 4149 3695 4189 non

2024 4239 2161 4277 sum
2193 4222 2407 4288 bonus,
2444 4226 2734 4293 tanquam
2768 4224 2919 4276 Deus
2948 4226 3169 4286 autem,
3206 4221 3385 4277 etiam
3432 4224 3696 4278 maxime

2025 4312 2223 4367 bonus
2247 4328 2414 4378 sum;
2444 4310 2610 4365 solus
2637 4326 2899 4381 namque
2928 4311 3080 4365 Deus
3106 4310 3344 4383 proprie
3371 4310 3568 4366 bonus
3583 4316 3692 4366 est.

2030 4400 2150 4455 Hoc
2190 4405 2390 4455 autem
2440 4399 2585 4453 dixit
2633 4415 2755 4453 non
2792 4398 3070 4453 homines
3112 4399 3357 4470 privans
3404 4399 3694 4481 bonitate,

1309 4525 1381 4594 μὴ
1439 4524 1898 4594 συγκατατίθεσθο.

2031 4489 2137 4546 sed
2159 4490 2233 4544 de
2259 4504 2329 4543 ea
2344 4504 2480 4560 quae
2504 4488 2737 4560 proprie
2760 4487 2997 4544 bonitas
3019 4492 3110 4543 est
3131 4488 3332 4544 docuit
3356 4505 3369 4556 ;
3396 4490 3698 4561 simulque

2032 4578 2435 4638 adulationem
2474 4577 2704 4650 repulit,
2750 4582 2806 4634 et
2843 4578 3116 4633 instruxit
3153 4593 3263 4634 nos
3302 4593 3378 4635 ne
3415 4578 3700 4635 laudibus

2034 4670 2455 4726 assentiamur.

2102 4778 2190 4849 ﬁ-
2233 4779 2450 4833 Natura
2496 4774 2741 4846 quidem
2786 4773 2984 4831 bonus
3034 4774 3197 4831 solus
3246 4776 3421 4842 Deus,
3480 4776 3700 4832 mentis

2031 4882 2175 4925 vero
2222 4863 2697 4923 conformatione
2752 4864 2972 4935 bonus,
3028 4864 3193 4921 solus
3244 4863 3297 4921 is
3352 4865 3457 4938 qui
3515 4868 3702 4921 Deum

2033 4957 2321 5013 imitatur.

2105 5067 2266 5121 Vers.
2314 5064 2397 5118 17.
2443 5062 2612 5131 Quod
2647 5064 2698 5118 si
2734 5094 2803 5102 —
2841 5063 3001 5117 Vers.
3042 5062 3135 5120 18.
3176 5077 3308 5133 qua
3348 5062 3377 5118 7
3414 5063 3541 5116 Non
3583 5064 3705 5117 ten-

2033 5156 2217 5213 tando
2247 5153 2415 5221 dixit,
2449 5168 2577 5224 qum
2606 5154 2635 5210 ?
2661 5152 2760 5208 sed
2805 5152 3049 5223 putabat
3084 5155 3299 5223 praeter
3327 5149 3545 5221 legalia
3574 5165 3704 5206 esse

2034 5247 2172 5315 alia,
2204 5260 2341 5319 quae
2370 5242 2452 5300 ad
2482 5243 2663 5300 talem
2694 5242 3041 5299 inducerent
3066 5241 3276 5298 vitam.

380 5361 428 5397 ³⁸
454 5361 633 5426 Marc,
665 5364 747 5419 14.
779 5363 827 5397 ³⁸
856 5361 1004 5419 ibid.
1028 5364 1118 5420 16.
1147 5364 1194 5400 ⁴⁰
1221 5364 1357 5422 Luc.
1384 5382 1543 5435 xvm,
1580 5369 1665 5424 18.
1701 5370 1744 5407 ⁴¹
1771 5374 1924 5430 Marc
1954 5392 2011 5446 κ,
2040 5378 2097 5430 2i
2120 5417 2136 5433 .

1543 5493 1770 5565 Variae
1796 5497 2128 5569 lectiones
2154 5507 2221 5567 et
2251 5506 2454 5565 notae.

383 5630 504 5707 (94)
536 5636 640 5687 Καί
667 5631 1019 5691 addendum
1048 5635 1249 5693 credo.

621 5731 861 5790 PATROL.
904 5732 1011 5807 Gn.
1049 5731 1291 5792 CXXIX.

2111 5642 2225 5716 (95)
2267 5642 2402 5697 Haec
2438 5639 2502 5696 in
2540 5652 2731 5709 marg.
2782 5637 2844 5692 Β.
2889 5636 3211 5696 Hentenius
3252 5650 3376 5693 non
3416 5635 3709 5706 agnoscit.

3287 5736 3358 5791 17
