4178 6380
540 343 647 399 523

614 469 780 524 Vers.
818 472 901 524 18.
935 467 1101 525 Iesus
1124 474 1316 525 autem
1343 500 1413 509 —
1436 468 1600 524 Vers.
1629 471 1718 525 20.
1753 465 2014 536 infantia
2040 477 2196 519 mea.
2238 461 2285 515 A

542 558 971 630 Principaliora
1019 566 1314 631 praecepta
1364 558 1579 628 legalia
1620 554 2054 629 dispensatorie
2093 551 2207 623 ipsi

541 648 784 720 profert,
826 647 1002 702 simul
1067 664 1137 703 ea
1184 647 1514 715 honorans,
1578 650 1745 711 etut,
1790 645 1921 716 ipso
1961 656 2207 713 respon-

540 738 720 792 dente
750 756 761 787 :
791 738 928 793 Haec
954 738 1159 793 omnia
1192 753 1366 809 opere
1398 736 1698 808 complevi
1727 752 1740 801 ;
1771 750 1911 790 nam
1944 731 2006 787 id
2030 731 2209 799 signi-

538 826 679 882 ﬁcat
704 826 1002 883 Custodivi
1026 832 1083 883 et
1104 828 1176 883 ab
1200 825 1470 897 infantia
1493 842 1508 892 ;
1534 825 1760 882 sciebat
1781 823 1941 880 enim
1963 820 2206 893 etquod

538 931 717 988 opere
741 916 1177 988 complevisset,
1205 921 1259 971 et
1285 915 1451 988 quod
1474 915 1556 971 ita
1586 928 1984 986 responsurus
2012 914 2201 976 esset;

539 1007 909 1062 auditoribus
940 1005 1421 1062 manifestaretur
1463 1003 1838 1062 conversatio
1886 1001 2042 1058 illius
2088 999 2201 1055 vir-

537 1096 647 1151 tuti
686 1102 1093 1152 consentanea
1125 1112 1138 1151 :
1180 1094 1399 1152 deinde
1436 1094 1678 1151 tandem
1718 1093 1952 1166 prolato
1991 1090 2042 1146 ei
2086 1104 2205 1145 uno

538 1184 883 1255 evangelico
912 1189 1230 1257 praecepto,
1268 1183 1404 1240 dico
1437 1199 1584 1239 sane
1630 1182 1973 1237 divitiarum
2013 1178 2205 1250 abjec-

535 1272 719 1341 tione,
746 1272 979 1328 facilius
1005 1272 1388 1328 convinceret
1415 1287 1557 1327 eum
1586 1286 1715 1327 esse
1741 1283 2014 1334 avarum,
2037 1271 2093 1323 et
2122 1267 2205 1323 ita

531 1361 697 1419 bona
726 1363 1041 1419 occasione
1065 1362 1504 1419 demonstraret
1540 1359 1855 1416 manifeste
1886 1357 2202 1414 avaritiam

535 1467 920 1524 corrumpere
961 1468 1206 1507 omnem
1247 1450 1547 1513 virtutem,
1581 1454 1638 1505 et
1670 1450 1752 1504 ita
1790 1448 2202 1503 demonstrato

534 1541 793 1598 dramno
821 1541 1072 1598 devitari
1103 1543 1309 1613 posset
1334 1538 1687 1611 hujusmodi
1715 1537 1984 1594 affectus.

604 1795 796 1859 Quare
844 1797 1047 1848 autem
1085 1807 1209 1847 non
1240 1790 1485 1863 protulit
1516 1789 1603 1845 illi
1634 1790 1897 1861 primum
1927 1793 1985 1844 et
2015 1785 2201 1843 maxi-
2235 1813 2279 1869 Β

529 1898 699 1939 mum
750 1888 1137 1955 praeceptum,
1187 1886 1354 1955 puta,
1400 1880 1615 1951 Diliges
1666 1883 1968 1937 Dominum
2006 1880 2201 1936 Deum

529 1980 697 2029 tuum
712 1970 741 2027 i’
758 1974 801 2038 Q
812 1973 906 2029 uia
919 1972 1037 2030 alia
1055 1973 1237 2044 hujus
1252 1972 1417 2031 bona
1434 1988 1613 2045 opera
1626 1974 1862 2029 occulta
1874 1974 2069 2026 erant:
2088 1970 2202 2040 pie-

527 2067 618 2120 tas
646 2079 788 2119 vero
816 2064 1002 2136 hujus
1026 2063 1107 2120 ad
1136 2066 1326 2120 Deum
1354 2064 1639 2121 omnibus
1666 2067 1809 2118 nota
1837 2064 1983 2118 erat.

600 2278 908 2334 Dubitabit
933 2283 1136 2335 autem
1159 2278 1396 2351 aliquis,
1429 2284 1630 2334 utrum
1656 2275 1963 2349 proposita
1982 2272 2197 2344 legalia

524 2373 829 2442 praecepta
871 2368 1186 2424 concilient
1226 2369 1409 2424 vitam
1454 2373 1743 2424 aeternam
1771 2366 1798 2421 ?
1843 2365 1947 2421 Cui
1998 2364 2195 2419 dicere

523 2460 873 2531 possumus,
907 2457 1072 2530 quod
1112 2456 1431 2512 conciliant
1469 2456 1738 2529 quidem,
1773 2460 1831 2510 at
1860 2470 1981 2509 non
2014 2452 2191 2508 talem

523 2546 765 2619 qualem
807 2546 1175 2616 evangelica.
1219 2549 1368 2601 Nam
1408 2546 1528 2601 vita
1568 2552 1791 2613 aeterna
1842 2541 2192 2614 accipienda

523 2638 611 2690 est
641 2634 840 2690 fruitio
871 2652 1009 2707 quae
1041 2640 1130 2690 est
1163 2635 1225 2690 in
1261 2634 1445 2699 caelis,
1477 2651 1611 2707 quae
1646 2632 1812 2689 varia
1840 2640 1928 2687 est
1958 2637 2013 2687 et
2041 2630 2192 2686 mul-

523 2724 749 2795 tiplex;
794 2724 996 2779 multa:
1036 2722 1189 2780 enim
1222 2722 1387 2796 apud
1428 2724 1621 2779 solum
1653 2722 1839 2778 Deum
1880 2719 2190 2777 fruitiones

524 2817 686 2868 sunt.

589 2903 848 2958 Rursum
889 2901 1189 2959 dubitabit
1228 2901 1462 2976 aliquis,
1512 2906 1712 2958 utrum
1768 2918 1903 2957 vere
1956 2899 2195 2957 dicebat

520 2991 873 3049 adolescens
893 2993 921 3046 ‘l
948 2991 1255 3065 Siquidem
1283 3010 1421 3048 cum
1445 2991 1664 3048 multas
1687 2992 1932 3048 haberet
1958 3008 2194 3064 posses-

526 3081 745 3147 siones,
790 3082 1098 3154 quomodo
1139 3082 1424 3152 diligebat
1460 3082 1802 3154 proximum
1844 3080 1993 3137 sicut
2043 3082 2194 3153 seip-

521 3180 659 3227 sum
687 3172 715 3227 7
749 3172 951 3226 Utrum
994 3171 1151 3225 enim
1187 3168 1493 3226 dividebat
1523 3171 1633 3226 has
1664 3186 1881 3242 parum
1915 3175 2018 3227 aut
2046 3168 2194 3226 nihil
2224 3164 2264 3223 Ο

517 3259 875 3316 habentibus
901 3260 929 3314 ?
977 3259 1130 3326 Quid
1164 3276 1301 3331 ergo
1342 3259 1667 3316 dicendum
1698 3267 1785 3314 est
1809 3259 1837 3314 i’
1876 3260 2046 3326 Quod
2076 3260 2192 3316 hoc

517 3365 755 3422 quoque
787 3357 1155 3422 praeceptum
1186 3349 1610 3422 compleverat,
1654 3356 1953 3421 quatenus
1990 3351 2188 3422 ipsum

517 3440 803 3512 compleri
850 3446 990 3495 tunc
1023 3440 1383 3511 permissum
1419 3444 1562 3495 erat.
1600 3439 1887 3509 Diligebat
1927 3455 2188 3513 namque

516 3529 861 3601 proximum
918 3528 1071 3584 sicut
1126 3528 1417 3600 seipsum,
1473 3528 1577 3583 sed
1626 3529 1798 3601 quasi
1851 3528 2083 3585 nullum
2133 3527 2187 3585 ei

515 3616 824 3673 inferendo
860 3622 1303 3682 nocumentum,
1334 3633 1455 3672 non
1487 3619 1660 3689 quasi
1691 3617 2018 3675 dividendo
2050 3635 2188 3675 suas

517 3721 655 3762 cum
681 3722 750 3761 eo
773 3706 1203 3777 possessiones.
1237 3709 1385 3762 Nam
1407 3706 1461 3760 id
1489 3707 1791 3763 excelsum
1816 3714 1902 3764 est
1927 3713 1983 3765 et
2006 3724 2189 3780 supra

515 3794 835 3850 Iudaicam
860 3795 922 3850 in
950 3795 1202 3851 humum
1233 3796 1692 3868 depressionem.

587 3939 630 4009 +
669 3941 806 4004 Quae
872 3956 943 3995 eo
993 3946 1254 4012 tempore
1296 3942 1546 3997 maxime
1610 3946 1779 3998 erant
1827 3944 2182 4000 necessaria.

517 4030 772 4085 Caeterea
802 4029 1047 4101 quidem
1070 4031 1130 4086 in
1153 4046 1272 4086 una
1297 4033 1479 4087 Exodi
1509 4036 1674 4103 parte
1698 4037 1914 4089 statuta
1938 4040 2089 4093 sunt.
2115 4036 2183 4093 ⁴².

515 4117 666 4173 Illud
723 4124 969 4175 autem:
1032 4119 1241 4192 Diliges
1295 4124 1640 4190 proximum
1704 4129 1871 4180 tuum
1928 4123 2076 4181 sicut
2133 4132 2186 4183 te

513 4209 727 4277 ipsum,
761 4209 821 4264 in
852 4210 972 4265 alia
1004 4226 1018 4277 ;
1073 4216 1129 4265 et
1172 4211 1492 4266 manifeste
1524 4211 1605 4268 ita
1635 4211 1893 4268 habetur
1935 4214 1997 4269 in
2031 4215 2186 4270 Levi-

516 4297 629 4353 tico
661 4300 730 4351 ⁴³.
758 4299 1098 4371 Assumpsit
1126 4304 1329 4355 autem
1361 4305 1414 4356 et
1444 4300 1560 4356 hoc
1601 4306 1886 4374 tanquam
1919 4305 2184 4361 maxime

515 4392 919 4444 necessarium
930 4431 942 4443 .

589 4478 751 4532 Vers.
796 4478 882 4533 20.
927 4479 1084 4545 Quid
1119 4479 1309 4535 adhuc
1347 4480 1498 4535 mihi
1535 4481 1693 4537 deest
1726 4483 1754 4536 ?
1788 4482 1943 4549 Quid
1982 4484 2182 4541 adhuc

513 4565 733 4621 habere
766 4584 861 4623 me
901 4573 1130 4639 oportet
1158 4585 1275 4640 quo
1317 4585 1490 4624 careo
1520 4570 1547 4626 ?
1577 4571 1699 4627 Hoc
1741 4577 1943 4628 autem
1978 4574 2181 4631 dicens

513 4655 941 4713 manifestabat
970 4657 1133 4729 quod
1166 4659 1454 4729 majorem
1496 4660 1878 4718 desiderabat
1903 4665 2171 4723 vitutem.

510 4744 651 4801 Ideo
694 4762 956 4819 quoque,
1002 4752 1063 4803 ut
1106 4750 1186 4804 ait
1229 4749 1768 4817 Marcus,'intuitus
1808 4753 1983 4811 illum
2014 4758 2179 4813 Jesus

510 4835 722 4894 dilexit
758 4853 882 4893 eum
911 4843 963 4894 et
1000 4837 1153 4895 dixit
1195 4839 1289 4896 ei:
1329 4840 1525 4898 Unum
1568 4841 1671 4898 tibi
1707 4842 1854 4900 deest
1894 4845 1962 4902 “.
1998 4847 2183 4904 Lucas

584 5018 632 5053 "
659 5018 829 5076 Exod
850 5034 953 5085 xx,
987 5018 1075 5075 12.
1107 5019 1150 5054 ⁵³
1180 5019 1361 5077 Levit.
1390 5027 1514 5086 xix,
1548 5023 1637 5078 18.
1667 5023 1716 5058 “
1748 5024 1923 5081 Marc.
1956 5041 2013 5089 x,
2044 5029 2135 5084 2t.

1896 324 2244 393 EUTHYMII
2280 327 2608 392 ZIGABENI

3821 326 3935 389 624

2386 462 2444 515 Ὁ
2489 460 2550 516 δὲ
2606 465 2819 527 Ἰησοῦς
2860 495 2927 505 -
2977 466 3218 525 νεότητός
3274 482 3395 535 μου.
3468 464 3575 524 Τὰς
3642 459 3930 533 κεφαλαιω-

2319 550 2564 628 δεστέρας
2654 553 2793 625 αύτῷ
2877 558 3131 627 προτείνει
3218 562 3316 603 τῶν
3390 560 3613 624 νομικῶν
3710 549 3926 603 ἐντολῶν

2318 642 2676 714 οἰκονομικῶς,
2730 644 2839 715 ἅμα
2900 646 2990 715 μὲν
3065 651 3228 715 τιμῶν
3286 641 3449 703 αὐτὰς
3514 641 3625 714 ἅμα
3683 637 3742 692 δὲ
3808 644 3923 705 καὶ,

2314 735 2399 783 ἵνα
2447 734 2678 794 εἰπόντος
2728 732 2909 798 αὑτοῦ,
2963 733 3043 783 ὅτι
3111 734 3448 806 Κατωρθωσα
3498 734 3695 791 ταύτας
3746 728 3923 803 [τοῦτο

2314 822 2412 892 γὰρ
2468 818 2623 878 δηλοῖ
2687 826 2764 889 τὸ,
2817 821 3201 895 Ἐφυλαξάμην,
3254 825 3344 873 καὶ
3414 822 3494 872 ὅτι
3548 818 3602 871 ἐκ
3657 824 3918 879 νεότητος·

2314 907 2561 981 ὖγίνωσκε
2624 914 2745 985 γὰρ,
2802 916 2893 963 καὶ
2950 912 3030 963 ὅτι
3102 909 3237 963 οὕτω
3309 910 3619 984 κατώρθωκε
3697 907 3917 981 ταύτας]

2312 1003 2403 1050 καὶ
2456 1000 2537 1051 ὅτι
2592 1000 2752 1061 οὕτως
2804 998 3239 1075 ἀποκριθήσεται,
3310 1000 3577 1073 γνωρισθῇ
3656 997 3772 1071 (96)
3829 1000 3922 1070 μεν

2312 1095 2424 1151 τοῖς
2481 1088 2826 1165 ἀκροωμένοις
2886 1092 2915 1148 ἠ
2979 1089 3248 1165 φιλάρετος
3292 1088 3455 1142 αὐτοῦ
3502 1088 3755 1141 πολιτεία·
3808 1093 3926 1140 εἶτα

2654 553 2793 625 αύτῷ
2877 558 3131 627 προτείνει
3218 562 3316 603 τῶν
3390 560 3613 624 νομικῶν

2313 1178 2511 1245 λοιπὸν,
2596 1184 2721 1255 μίαν
2801 1180 2942 1251 αὐτῷ
3038 1183 3310 1253 προτείνας
3403 1186 3503 1231 τῶν
3578 1176 3925 1250 εύαγγελικῶν

2314 1265 2544 1334 ἐντολῶν,
2626 1274 2759 1342 φημὶ
2834 1268 2925 1337 δὴ,
2997 1274 3092 1328 τὴν
3152 1268 3444 1327 ἁπόκτησιν
3496 1276 3591 1320 τοῦ
3670 1266 3921 1333 πλούτου,

2310 1357 2435 1430 ῥᾷον
2488 1358 2606 1430 (97)
2656 1358 2833 1433 ἐλέγξῃ
2924 1358 3263 1432 φιλάργυρον,
3322 1362 3412 1410 καὶ
3484 1358 3643 1418 οὕτως
3706 1356 3927 1431 εύαφὸρ-

2311 1464 2417 1517 μως
2460 1451 2547 1499 καὶ
2600 1446 2821 1519 ἐναργῶς
2889 1445 3141 1521 ὑποδείξῃ
3199 1452 3294 1507 τὴν
3351 1447 3693 1521 φιλαργυρίαν
3749 1448 3926 1507 πάσας

2310 1534 2687 1610 λυμαινομένην
2736 1541 2825 1598 τὰς
2880 1536 3084 1611 ἀρετὰς,
3139 1543 3230 1591 καὶ
3279 1537 3481 1607 λοιπὸν,
3529 1542 3773 1610 φανείσης
3824 1546 3927 1598 τῆς

2311 1624 2535 1679 ἐντεῦθεν
2593 1628 2809 1700 ζημίας,
2866 1631 3084 1699 φευκτὸν
3130 1632 3342 1699 γένηται
3395 1628 3508 1699 (98)
3560 1631 3620 1679 τὸ
3684 1635 3923 1679 τοιοῦτον

2312 1717 2497 1778 πάθος.

2389 1836 2485 1885 Καὶ
2534 1831 2680 1887 διατί
2735 1838 2807 1909 μὴ
2868 1838 3151 1911 προέτεινεν
3202 1834 3343 1905 αύτῴ
3402 1840 3491 1887 καὶ
3558 1838 3650 1893 τὴν
3706 1840 3922 1907 πρῶτον

2311 1924 2401 1973 καὶ
2474 1923 2701 1995 μεγάλην
2783 1924 3009 1995 ἐντολὴν,
3064 1926 3123 1977 τὸ
3177 1925 3503 1997 Ἀγαπήσεις
3586 1926 3777 1998 Κύριον
3830 1926 3921 1976 τὸν

2312 2015 2431 2063 Θεὸν
2492 2032 2584 2065 σου
2624 2017 2804 2080 ;Διότι
2864 2015 2930 2066 τὰ
2985 2016 3076 2087 μὲν
3132 2013 3262 2065 ἄλλα
3316 2016 3501 2066 τούτου
3532 2015 3923 2086 κατορθώματα

2308 2106 2634 2175 κεκρυμμένα
2682 2099 2834 2160 ἦσαν·
2892 2104 2922 2160 ἡ
2985 2101 3249 2156 θεοσέϐεια
3304 2100 3363 2156 δὲ
3412 2102 3572 2156 αὐτοῦ
3630 2110 3737 2164 τοῖς
3782 2108 3922 2155 πᾶσι

2307 2195 2562 2265 γνώριμος
2578 2193 2878 2265 ἐτύγχανεν.

2382 2280 2690 2355 Ἀπορήσειε
2735 2278 2785 2334 δ’
2836 2280 2897 2333 ἂν
2948 2301 3052 2348 τις,
3101 2281 3147 2335 εἰ
3199 2284 3254 2334 αἱ
3306 2284 3653 2356 προταθεῖσαι
3704 2287 3922 2353 νομικαὶ

2305 2368 2502 2422 ἕντολαὶ
2558 2370 2858 2443 προεξένουν
2918 2371 3052 2432 ζωὴν
3128 2371 3333 2423 αἰώνιον
3395 2387 3409 2438 ;
3495 2374 3631 2446 Πρὸς
3698 2372 3751 2423 ὃν
3841 2372 3921 2423 εἶ-

2302 2478 2455 2531 ποιμι
2522 2461 2603 2527 οἶν,
2675 2462 2755 2512 ὅτι
2816 2461 3114 2536 προεξένουν
3190 2464 3302 2532 μὶν,
3360 2460 3466 2513 ἀλλ’
3523 2460 3583 2513 ού
3643 2462 3916 2527 τοιαύτην,

2303 2550 2413 2601 οἷαν
2482 2550 2538 2601 αἱ
2613 2549 2965 2623 εὖαγγελικαί.
3023 2553 3172 2609 Ζωὴν
3246 2554 3348 2626 γὰρ
3406 2551 3613 2604 αἰώνιον
3687 2554 3780 2609 τὴν
3864 2548 3917 2602 ἐν

2302 2638 2539 2711 οὐρανοῖς
2593 2638 2884 2693 ἀπόλαυσιν
2954 2640 3295 2707 ὑποληπτέον,
3352 2643 3468 2703 ἣτις
3526 2639 3735 2697 ποικίλη
3823 2644 3917 2692 καὶ

2300 2726 2584 2791 πολυειδὴς
2630 2728 2760 2785 ἐστι.
2834 2730 3028 2784 Πολλαὶ
3102 2732 3202 2805 γὰρ
3261 2734 3416 2804 μοναὶ
3477 2730 3591 2802 (99)
3639 2731 3784 2805 παρά
3837 2737 3914 2800 τῷ

2303 2825 2416 2889 Θεῷ
2426 2862 2437 2873 .

2374 2924 2724 2999 Ἐπαπορήσει
2780 2922 2840 2979 δὲ
2894 2946 2995 2993 τις,
3075 2926 3119 2978 εἰ
3192 2924 3391 2987 ἀληθῶς
3438 2925 3601 2998 ἔλεγεν
3669 2926 3694 2977 ὁ
3750 2929 3913 2978 νεανίσ-

2307 3034 2468 3087 σκος;
2520 3014 2697 3087 "Eximi
2744 3017 2845 3091 γὰρ
2884 3021 3140 3088 κτήματα
3192 3015 3375 3087 πολλὰ,
3430 3017 3603 3078 καθὼς
3668 3011 3908 3074 δηλωθή-

2306 3123 2472 3172 σεται,
2524 3114 2629 3167 πῶς
2677 3105 2861 3177 ἠγάπα
2905 3107 2992 3159 τὸν
3018 3105 3263 3173 πλησίον,
3291 3108 3359 3168 ὡς
3413 3105 3633 3172 ἑαυτόνς
3688 3104 3757 3159 Ἦ
3805 3106 3905 3179 γὰρ

2302 3193 2363 3245 ἂν
2420 3194 2696 3269 ἐμερίσατο
2739 3203 2905 3249 ταῦτα
2970 3197 3102 3270 πρὸς
3176 3199 3297 3257 τοὺς
3355 3195 3528 3268 ὀλίγα,
3587 3194 3617 3255 ἣ
3680 3190 3909 3256 ούδόλως

2301 3286 2516 3356 ἔχοντας
2551 3303 2564 3353 ;
2604 3289 2669 3339 Τί
2715 3282 2802 3338 οὖν
2856 3287 2996 3339 ἔστιν
3044 3285 3200 3339 εἰπεῖν
3232 3301 3247 3353 ;
3285 3283 3405 3338 ⁴Οτι
3453 3286 3769 3361 κατώρθωσε
3814 3288 3908 3337 καὶ

2298 3377 2493 3433 ταύτην
2558 3376 2646 3433 τὴν
2718 3373 2944 3443 ἐντολὴν,
2997 3377 3065 3439 ὡς
3126 3374 3367 3450 ἐνεχώρει
3436 3380 3550 3428 τότε
3625 3376 3909 3449 κατορθοῦν

2300 3463 2481 3523 αὐτήν.
2546 3466 2760 3537 Ἠγάπα
2817 3467 2906 3538 μὲν
2980 3467 3082 3539 γὰρ
3148 3468 3236 3517 τὸν
3289 3465 3535 3534 πλησίον,
3600 3467 3669 3527 ὡς
3726 3464 3908 3517 ἑαυτὸν

2299 3551 2407 3605 ἀλλ’
2478 3555 2613 3607 ὥστε
2688 3551 2854 3628 μηδὲν
2905 3554 3158 3628 βλαϐερὸν
3236 3554 3378 3626 αὐτῷ
3436 3551 3787 3619 ἔνδείξασθαι,
3847 3556 3909 3606 οὔ

2297 3647 2400 3717 μὴν
2431 3643 2567 3697 ὥστε
2595 3647 2684 3697 καί
2712 3647 3143 3721 συμμερίσασθαι
3174 3644 3313 3716 αύτῷ
3359 3647 3446 3698 τὸν
3490 3639 3549 3697 ῖδ
3553 3663 3626 3697 ιον
3660 3642 3907 3701 πλοῦτον,

2296 3740 2459 3786 Τοῦτο
2511 3736 2611 3807 γὰο
2667 3734 2891 3808 ὑψηλὸν,
2932 3740 3021 3788 καὶ
3062 3742 3152 3797 τῆς
3198 3731 3495 3796 Ἰουδαϊκῆς
3535 3732 3908 3807 χαμαιζηλίας

2299 3822 2564 3898 ἀνώτερον.

2372 3932 2486 4005 ΓΩν
2537 3932 2613 4006 (1)
2673 3933 2786 4005 εἶχε
2830 3937 3017 4009 χρείαν
3074 3933 3266 4006 μᾶλλον
3326 3935 3352 3986 ὁ
3413 3938 3529 3986 τότε
3580 3937 3784 4007 καιρός.
3841 3936 3905 3987 Ai

2295 4024 2385 4097 μὲν
2436 4019 2521 4074 οὖν
2575 4022 2725 4075 ἄλλαι
2782 4024 2899 4075 καθ’
2952 4024 3000 4076 ἓν
3050 4028 3200 4099 μέρος
3248 4022 3295 4076 ἐν
3359 4031 3421 4091 τῇ
3488 4019 3651 4095 ἐξόδῳ
3702 4042 3903 4096 νενομο-

2299 4113 2557 4169 θέτηνται·
2635 4116 2693 4164 τὸ
2783 4109 2861 4183 δὲ,
2944 4112 3267 4186 Ἀγαπήσεις
3346 4116 3432 4165 τὸν
3506 4112 3728 4173 πλησίον
3808 4132 3903 4166 σου

2296 4204 2361 4262 ὡς
2427 4206 2659 4268 σεαυτὸν,
2721 4202 2839 4254 καθ’
2897 4202 3084 4276 ἕτερον,
3154 4209 3245 4256 καὶ
3318 4212 3546 4277 φανερῶς
3623 4202 3781 4263 οὓτως
3854 4200 3902 4253 ἐν

2294 4300 2365 4363 τῷ
2443 4298 2723 4363 Λευιτικῷ.
2804 4291 3067 4367 Παρέλαϐε
3289 4298 3378 4345 καὶ
3468 4300 3621 4346 τοῦτο
3671 4301 3776 4358 νὺν,
3830 4293 3901 4352 ὡς

2291 4377 2760 4456 χρειωδέστατον]

2362 4493 2424 4542 Τί
2484 4492 2560 4541 ἔτι
2618 4490 2868 4562 ﬁat-apri);
2916 4495 2978 4543 Τί
3043 4489 3334 4563 λείπομαι;
3393 4498 3558 4543 Τοῦτο
3614 4486 3673 4542 δὲ
3727 4489 3901 4558 εἰπὼν,

2291 4578 2537 4651 ἐνέφηνεν,
2593 4579 2671 4630 ὅτι
2720 4580 2953 4652 μείζονος
2998 4579 3195 4651 ἐφίεται
3253 4579 3467 4655 ἀρετῆς.
3533 4584 3619 4633 Διὸ
3671 4583 3780 4646 καὶ,
3834 4580 3905 4639 ὧς

2292 4689 2419 4742 φησι
2493 4670 2727 4743 Μάρκος,
2798 4668 2855 4722 Ὀ
2926 4669 3133 4732 Ἰησοῦς
3211 4669 3468 4742 ἐμϐλέψας
3546 4670 3685 4739 αύτῷ
3767 4669 3905 4739 ἠγά-

2289 4778 2455 4816 πησεν
2529 4758 2709 4822 αὐτὸν,
2785 4764 2875 4811 καὶ
2943 4755 3079 4812 εἶπεν
3153 4758 3315 4831 αὐτῷ·
3367 4758 3452 4814 Ἓν
3517 4779 3601 4812 σοι
3669 4759 3898 4831 ύστερεί,

2296 4854 2503 4911 Λουκᾶς
2557 4845 2616 4901 δὲ
2666 4854 2819 4917 εἶπεν,
2867 4847 2947 4901 ὃτι
2992 4847 3085 4903 Ἐν
3148 4868 3233 4902 σοι
3280 4849 3461 4903 λείπει.
3512 4845 3777 4918 Ἐνέϐλεψε
3806 4848 3902 4919 μὶν

1744 5229 1972 5299 Varias
2001 5231 2336 5302 lectiones
2356 5242 2424 5302 et
2454 5242 2660 5302 notae.

581 5446 696 5587 (96)
725 5447 959 5505 inclusa
983 5449 1204 5505 absunt
1232 5450 1301 5506 Α.

603 5516 669 5569 97
723 5519 1013 5587 lmpedita
1040 5526 1126 5576 est
1155 5536 1301 5576 cons

603 5516 693 5587 97)
723 5519 1013 5596 Impedita
1040 5526 1126 5596 est
1155 5521 1538 5596 constructio,
1570 5525 1737 5596 quod
1768 5525 1959 5583 multa
1985 5527 2171 5584 incul-

510 5592 841 5682 catansuntu
862 5594 1129 5681 Γνωρισθῆ
1162 5592 1388 5682 pendet
1414 5609 1486 5649 ex
1512 5592 1801 5667 superiori
1832 5599 1931 5655 ἵνα.

606 5661 696 5721 98)
720 5661 846 5711 Ἀπὸ
872 5661 1046 5714 κοινοῦ
1075 5661 1135 5716 τὸ
1162 5661 1270 5721 ἵνα.

580 5656 696 5800 (98)
720 5656 846 5711 Ἀπὸ
872 5656 1046 5714 κοιύοῡ
1075 5656 1135 5716 τὶ)
1162 5656 1270 5721 ἵνα.
1586 5656 1606 5667 ⁸

604 5730 671 5786 99
722 5728 978 5802 Respicit
1000 5733 1169 5791 Joan.
1197 5752 1293 5804 xv,
1325 5736 1378 5791 2.
1408 5738 1744 5797 Mansiones
1770 5740 1937 5798 haud
1965 5742 2170 5810 dubie,

2284 5600 2493 5676 turque
2524 5600 2603 5676 ad
2642 5600 3007 5676 vncabulum
3042 5621 3134 5676 κεφ

2284 5666 2586 5744 principio
2607 5672 2818 5744 scholii
2837 5666 3077 5743 legitur.

2284 5472 2408 5514 non
2439 5455 2775 5529 fruitiones,
2814 5457 3005 5514 voluit
3037 5457 3298 5515 scribere
3328 5457 3675 5514 Hentenius.

2358 5529 2437 5601 (l)
2464 5528 2603 5585 Haec
2623 5528 2758 5601 legu
2771 5534 2910 5585 ntnr
2939 5530 3001 5585 in
3022 5530 3296 5601 margine
3321 5530 3610 5601 codicisB
3636 5528 3905 5601 referun-

3241 5598 3574 5677 ιωδεστὲρας,
3622 5600 3790 5674 quod
3837 5601 3902 5658 in

2355 5744 2438 5817 (2)
2468 5743 2550 5812 Δί,
2580 5743 2934 5802 addendum
2965 5745 3224 5803 videtur.
