4178 6374
219 346 328 404 525
1191 346 1566 409 COMMENT.
1607 348 1676 404 IN
1719 342 2172 402 MATTHEUM.
2212 374 2279 385 --
2312 344 2477 403 CAP.
2518 345 2665 403 XIX.
3502 354 3612 413 526

221 479 324 550 γὰρ
350 473 495 544 αὐτῷ
524 477 733 548 ἥμερον·
759 476 1007 548 ἠγάπησε
1036 474 1095 530 δὲ
1122 476 1295 549 αὐτὸν,
1332 480 1402 540 ὡς
1430 472 1641 551 σφόδρα
1665 491 1833 530 σωτη·
1864 513 1871 525 .

1958 473 2146 527 ιιιιοω
2170 468 2320 528 dixit
2344 487 2362 529 :
2395 471 2585 528 Uuum
2604 470 2715 529 tibi
2728 471 2919 542 deﬁcit
2940 472 3012 531 ⁴⁶.
3038 472 3292 531 Intuitus
3306 474 3608 549 siquidem

222 570 342 641 ρίας
387 563 714 638 ὀρεγόμενον,
754 565 800 618 εἰ
825 570 915 619 καὶ
952 573 1015 639 τῇ
1044 563 1320 641 τυραννίδι
1359 576 1454 629 τῆς
1493 566 1834 640 φιλαργυρίας

1959 564 2029 616 ast
2059 559 2227 617 illum
2282 565 2667 619 mansuetum
2702 578 2717 629 ;
2768 562 2970 619 dilexit
3017 568 3222 621 autem
3266 567 3609 641 cumquasi

225 650 537 712 ἐπεπέδητο.
559 660 623 708 Τί
646 652 680 708 δ
684 659 706 708 ἐ
730 654 843 708 ἔστι
867 659 926 708 τό
948 656 1119 709 λεῖπον
1148 673 1162 725 ;
1189 660 1260 710 Τό
1292 655 1649 716 ἀκολουθῆσαι
1670 655 1829 728 αὐτῷ.

1960 648 2324 706 rehementer
2362 650 2614 707 salutem
2645 656 3051 724 appetentem,
3093 669 3448 728 quanquam
3474 672 3610 715 ava-

228 750 333 798 Καὶ
351 745 529 801 ἄκουε,
1942 738 2089 795 ritia:
2105 740 2422 811 tyrannide
2438 741 2942 815 praepediebatur.
2959 742 3114 809 Quid
3130 746 3430 818 estgautem
3440 747 3611 821 quod

1941 828 2142 885 deﬁcit
2175 828 2203 884 ?
2231 831 2299 887 Ut
2322 836 2610 903 sequatur
2633 846 2794 889 eum.
2816 832 2975 889 Audi
3003 848 3169 904 ergo.

300 920 435 995 Ἔφη
502 950 574 961 -
628 917 899 972 ἀκολούθει
971 937 1081 991 μοι.
1140 917 1281 973 Ἐπεὶ
1358 923 1424 973 τὰ
1501 921 1831 994 ὑπάρχοντα,

2012 919 2174 974 Vers.
2199 922 2290 975 21.
2320 919 2518 976 Ait—
2547 937 2780 994 sequere
2822 938 2933 980 me.
2987 924 3141 990 Quia
3193 940 3266 982 ea
3317 942 3454 1000 quas
3502 926 3608 985 ha-

224 1016 516 1077 τουτέστιν,
581 1010 608 1063 ό
662 1008 897 1079 πλοῦτος,
970 1005 1221 1081 ἐμπόδιον
1286 1007 1420 1070 ἦσαν
1461 1018 1555 1064 τοῦ
1611 1009 1833 1063 ἀκολου-

1960 1007 2142 1072 Jebat,
2173 1007 2236 1064 id
2286 1012 2394 1075 est,
2462 1010 2681 1068 divitiae
2725 1012 3159 1084 impedimento
3186 1019 3352 1072 erant
3394 1032 3469 1074 ne
3522 1032 3610 1075 se-

231 1105 416 1168 θῆσαι,
446 1099 638 1153 κελεύει
681 1106 848 1152 ταῦτα
897 1097 1162 1167 πωλῆσαι,
1212 1105 1303 1153 καὶ
1347 1098 1532 1153 δοῦναι
1574 1106 1832 1173 πτωχοῖς.

1958 1101 2239 1171 lueretur,
2284 1098 2451 1171 jubet
2505 1101 2632 1158 haec
2680 1102 2870 1169 vendi,
2918 1102 3172 1177 darique
3217 1105 3608 1179 pauperibus.

226 1196 394 1250 Φησὶν
436 1187 547 1257 οὖν,
600 1189 661 1243 Εἰ
713 1188 872 1251 θέλεις
904 1187 1089 1250 τέλειος
1145 1186 1292 1243 εἶναι.
1359 1195 1460 1244 Καὶ
1501 1193 1603 1265 γὰρ
1642 1191 1836 1252 ἀτελεῖς

1959 1187 2092 1245 )icit
2119 1203 2263 1260 ergo
2296 1205 2309 1246 :
2339 1191 2401 1247 Si
2438 1190 2522 1248 vis
2562 1192 2867 1262 perfectus
2891 1208 3046 1262 esse;
3087 1194 3415 1268 imperfecti
3450 1196 3609 1253 enim

224 1284 274 1335 οἱ
304 1284 398 1343 τὰς
452 1278 671 1353 νομικὰς
736 1280 1106 1352 κατορθοῦντες
1150 1279 1377 1347 ἐντολὰς,
1445 1279 1551 1334 ἕπεὶ
1605 1286 1695 1334 καὶ
1743 1281 1834 1334 αὖ·

1961 1281 2102 1347 ιιιηί,
2128 1277 2235 1351 qui
2263 1278 2394 1337 sola
2419 1279 2639 1353 legalis.
2662 1281 2968 1354 complent
3012 1289 3329 1358 praecepta,
3381 1285 3528 1358 quia
3551 1289 3611 1343 et

221 1392 307 1425 ται
388 1370 603 1436 ἀτελεῖς,
681 1366 776 1421 διὰ
840 1374 935 1427 τὴν
1015 1368 1281 1423 ἀσθένειαν
1366 1380 1466 1423 τῶν
1537 1367 1829 1425 Ἰουδαίων.

1962 1382 2071 1437 psa
2096 1366 2448 1439 imperfecta
2475 1373 2646 1427 erant
2668 1376 2913 1444 propter
2933 1372 3278 1430 Judmorum
3303 1374 3609 1431 imbecilli-

220 1461 390 1525 Ἐξεις
467 1457 527 1514 δε
608 1461 893 1534 θησαυρόν,
986 1456 1113 1529 εἶπε,
1194 1462 1658 1535 παραμυθούμενος
1737 1465 1832 1521 τὴν

1957 1460 2140 1513 atem.
2163 1458 2422 1516 Habebis
2446 1465 2643 1517 autem
2676 1460 3047 1531 thesaurum,
3104 1461 3251 1519 dixit
3280 1463 3607 1521 consolans

224 1551 653 1625 φιλοχρηματίαν
754 1547 937 1615 αὐτοῦ,
1036 1553 1125 1601 καὶ
1215 1549 1671 1623 ἐπαγγελλόμενοςφ
1752 1553 1833 1605 ὅτι

1962 1546 2072 1619 ijus
2097 1547 2433 1620 avaritiam,
2494 1565 2563 1606 ac
2616 1550 2974 1621 promittens
3020 1551 3188 1625 quod
3224 1551 3440 1610 iterum
3494 1553 3612 1610 the-

228 1641 542 1715 θησαυρίσει
608 1638 787 1695 πάλιν.
852 1643 953 1692 Καὶ
1012 1638 1071 1690 οὐ
1140 1645 1292 1691 τοῦτο
1332 1643 1505 1711 μόνον,
1567 1639 1694 1693 ἀλλὰ
1741 1647 1832 1695 καὶ

1954 1650 2189 1692 saurum
2206 1637 2558 1695 reconderet
2586 1658 2600 1699 :
2633 1654 2746 1695 nec
2773 1637 2837 1695 id
2868 1643 3125 1707 tantum,
3150 1640 3257 1697 sed
3284 1645 3339 1699 et
3367 1642 3604 1710 melius,

223 1737 473 1800 κρεῖττον·
550 1727 600 1782 ἐν
644 1728 844 1803 οὐρανῷ
895 1730 1019 1802 γάρ.
1078 1732 1363 1804 Θησαυρόν
1420 1726 1480 1782 δε
1526 1728 1575 1782 ἐν
1631 1730 1832 1804 οὐρανῷ

1961 1724 2087 1797 {uia
2107 1725 2168 1781 in
2200 1726 2372 1785 coelo.
2406 1729 2586 1784 Vocat
2616 1732 2807 1785 autem
2849 1729 3202 1787 thesaurum
3233 1730 3296 1787 in
3320 1731 3477 1789 ccelo
3504 1731 3611 1789 bo-

220 1818 362 1892 λέγει
424 1822 519 1877 την
610 1817 951 1891 ἀποκειμένην
1018 1816 1123 1871 ἐκεῖ
1192 1826 1303 1879 τοῖς
1373 1817 1539 1883 ἀξίοις
1609 1818 1833 1893 ἀμοιϐὴν

1960 1828 2160 1870 lorum
2190 1815 2644 1873 retributionem
2678 1831 2944 1890 operum,
2972 1834 3111 1891 quae
3142 1819 3228 1877 ibi
3272 1819 3373 1876 his
3391 1820 3497 1893 qui
3523 1820 3610 1877 di-

224 1917 332 1963 τῶν
385 1910 821 1984 κατορθωμάτων.
898 1910 968 1962 Τὸ
1032 1904 1095 1962 δὲ
1148 1916 1326 1984 Δεῦρο,
1395 1908 1666 1964 ἀκολούθει
1720 1930 1831 1985 μοι,

1958 1902 2045 1973 ζῑιί
2076 1902 2307 1972 fuerint,
2347 1905 2617 1979 reposita
2647 1908 2998 1974 sunt.Quod
3029 1912 3231 1966 autem
3258 1908 3424 1965 addit
3456 1925 3470 1967 :
3510 1911 3608 1967 Ve-

231 1996 347 2052 ἂντὶ
392 2006 506 2064 τοῦ,
561 1995 759 2060 Βάδιζε
812 1998 926 2051 κατ’
980 2001 1131 2071 ἴχνος
1194 2008 1285 2059 τῆς
1352 1998 1482 2072 ἕμῆς
1551 2000 1831 2069 πολιτείας,

1960 1992 2028 2059 si,
2059 2008 2287 2065 sequere
2313 2010 2426 2063 me,
2460 1996 2839 2053 tantumdem
2860 2002 2949 2053 est
2968 2013 3039 2055 ac
3063 1998 3283 2070 si;dicat
3313 2014 3327 2054 :
3352 1998 3610 2056 Gradere

226 2087 500 2142 ἀκολούθει
553 2095 670 2151 ταῖς
698 2088 845 2160 ἕμαῖς
901 2087 1141 2150 ἐντολαῖς.
1191 2095 1355 2143 Τοῦτο
1388 2091 1491 2165 γάρ
1538 2109 1622 2143 σοι
1648 2090 1832 2163 λείπει,

1969 2087 2114 2140 uxta
2158 2083 2413 2155 vestigia
2440 2100 2593 2142 meae
2644 2086 3139 2156 conversationis,
3178 2102 3428 2160 sequere
3470 2103 3612 2146 mea

223 2181 297 2232 τὰ
321 2181 516 2251 νομικὰ
550 2180 960 2252 κατορθώσαντι.

1962 2177 2263 2318 ρῖωοορίο,
2290 2172 2407 2231 hoc
2435 2174 2600 2232 enim
2652 2175 2761 2233 tibi
2784 2175 2999 2245 deﬁcit,
3032 2177 3140 2250 qui
3169 2176 3390 2248 legalia
3421 2176 3612 2235 adim—

1962 2277 1984 2318 3
2011 2262 2142 2318 esti.

2011 2262 2142 2319 esti.

303 2356 561 2418 ’Δκούσας
609 2387 679 2397 -
736 2360 983 2429 κτήματα
1022 2355 1187 2410 πολλά
1221 2374 1232 2387 ·
1260 2355 1422 2410 Ὀσον
1494 2355 1607 2431 εἶχε
1647 2357 1859 2426 πολλὰ,.
1943 2277 1953 2334 1

1961 2277 2142 2319 aiesu.

1961 2326 1965 2333 ’
2015 2352 2185 2409 Vers.
2229 2355 2321 2409 22.
2368 2354 2588 2411 Audito
2637 2385 2708 2398 —
2749 2357 2970 2413 multas
3034 2356 3435 2426 possessiones.
3481 2357 3611 2422 Quo

223 2455 477 2503 τοσοῦτον
524 2446 705 2509 αὕτοῖς
746 2442 1084 2501 ἐδεδούλωτο.
1137 2447 1243 2502 Καὶ
1303 2449 1405 2523 γὰρ
1463 2449 1493 2507 ἡ
1552 2450 1831 2524 προσθήκη

1957 2441 2119 2514 plura
2168 2441 2448 2510 habebat,
2496 2459 2567 2502 eo
2595 2446 2790 2517 magis
2836 2462 3044 2503 servus
3094 2462 3307 2503 eorum
3365 2445 3607 2503 effectus

224 2543 319 2591 τοῦ
369 2536 598 2591 πλούτου
691 2539 1000 2610 προσθήκην
1084 2543 1223 2591 ποιεῖ
1289 2546 1384 2600 τῆς
1473 2538 1832 2613 φιλαργυρίας.

1962 2536 2073 2590 arat
2098 2551 2113 2603 ;
2140 2532 2369 2590 additio
2390 2533 2689 2608 siquidem
2715 2530 3066 2593 divitiarum
3121 2535 3491 2594 additionem
3524 2536 3612 2593 ta-

226 2626 437 2700 Γόγονεν
494 2622 583 2680 οὖν
641 2626 789 2680 αἰτία
830 2635 928 2690 τῆς
981 2626 1150 2690 λύπης
1205 2631 1295 2680 καὶ
1350 2634 1446 2689 τῆς
1496 2626 1753 2691 ἀπειθείας
1800 2632 1830 2689 ἡ

1957 2622 2022 2679 sit
2044 2622 2325 2679 avaritiae.
2348 2623 2665 2696 Opulentia
2695 2625 2897 2699 itaque
2922 2641 3107 2683 causa
3136 2625 3246 2682 fuit
3270 2624 3518 2682 tristitiae
3549 2627 3607 2682 et

224 2716 693 2790 πολυκτημοσύνη.

1947 2711 2379 2769 incredulitatis
2395 2756 2406 2769 .

296 2805 358 2858 Ὀ
415 2803 475 2859 δὲ
531 2837 599 2847 —
653 2805 903 2879 οὐρανῶν.
977 2806 1039 2859 Εἰ
1093 2802 1152 2859 δὲ
1215 2805 1463 2868 πλούσιος
1540 2803 1833 2880 δυσκόλως,

2018 2803 2185 2859 Vers.
2219 2801 2307 2859 23.
2341 2803 2502 2860 At—
2524 2803 2999 2871 calorumﬂuod
3016 2804 3060 2861 si
3083 2804 3249 2861 dives
3273 2804 3608 2872 difﬁculter,

225 2896 534 2959 πλεονέκτης
564 2892 684 2950 οὐδ’
737 2895 860 2958 ὅλως
891 2915 904 2929 ·
938 2895 983 2950 εἰ
1008 2897 1110 2972 γὰρ
1156 2897 1182 2948 ό
1212 2900 1284 2969 μὴ
1336 2891 1525 2960 διδοὺς
1562 2900 1628 2951 τὰ
1652 2897 1836 2951 ἑαυτοῦ

1963 2906 2168 2948 tvarus
2199 2890 2363 2947 nullo
2386 2891 2586 2948 modo.
2623 2892 2682 2948 Si
2707 2892 2871 2949 enim
2897 2891 3335 2950 condemnatur
3358 2892 3464 2965 qui
3488 2908 3613 2949 non

225 2989 615 3061 κατακρίνεται,
694 2984 866 3057 πολλῷ
955 2984 1167 3060 μᾶλλον,
1253 2986 1279 3038 ό
1357 2986 1449 3040 καὶ
1523 2989 1588 3040 τὰ
1655 2987 1836 3062 ἐτέρων

1950 2985 2055 3045 dat
2078 2997 2209 3054 quae
2230 2996 2345 3037 sua
2383 2983 2541 3046 sunt,
2566 2979 2755 3037 multo
2785 2981 3045 3053 amplius
3069 2982 3175 3054 qui
3194 2981 3351 3055 rapit
3375 2981 3600 3043 alienae

240 3074 501 3137 ἶφπάζων.

229 3095 501 3153 αρπαςων.

300 3163 464 3219 Πάλιν
510 3194 580 3207 -—-
625 3162 888 3220 εἰσελθεῖν.
944 3163 1117 3218 Εἰπὼν
1159 3167 1219 3217 τὸ
1278 3171 1497 3241 πρᾶγμα
1553 3162 1832 3234 δύσκολον,
1877 3200 1879 3221 ι

2016 3163 2178 3217 Vers.
2209 3163 2297 3217 24.
2350 3162 2577 3219 Rursus
2602 3190 2671 3203 —-
2717 3162 2958 3216 intrare.
3014 3162 3164 3217 Cum
3206 3176 3333 3217 rem
3363 3160 3615 3218 dixisset

225 3256 403 3309 ἔπειτα
443 3254 581 3327 λέγει
648 3261 802 3307 τοῦτο
855 3257 946 3307 κᾶὶ
1018 3250 1296 3322 ἀδύνατον,
1357 3260 1447 3308 καὶ
1498 3256 1605 3329 οὐχ
1662 3256 1836 3320 ἁπλῶς

1963 3250 2274 3315 lifﬁcilem,
2293 3250 2450 3307 hanc
2473 3249 2784 3321 subjunxit
2813 3248 3260 3321 impossibilem
3292 3267 3305 3305 :
3335 3265 3444 3305 nec
3468 3249 3613 3306 sim-

226 3340 507 3413 ἀδύνατον,
574 3342 703 3397 ἀλλὰ
748 3349 839 3398 καὶ
910 3351 1004 3398 τοῦ
1077 3341 1338 3399 ἀδυνάτου
1410 3343 1824 3422 ἀδυνατώτερον,

1963 3339 2647 3413 aliciterimpossibilem,
2681 3338 2786 3395 sed
2807 3343 2863 3395 et
2887 3337 3251 3411 impossibili
3282 3338 3478 3409 magis
3503 3338 3613 3396 im-

226 3431 517 3490 Ἀδὺνατον
565 3436 655 3507 μεν
698 3435 802 3509 γὰρ
832 3438 921 3492 τὴν
974 3432 1227 3507 κάμηλον,
1277 3438 1336 3488 τὸ
1370 3438 1522 3505 ζῶον,
1578 3432 1673 3489 διὰ
1710 3456 1837 3512 τρυ-

1963 3429 2321 3487 )οεεὶὺίιθω.
2344 3427 2716 3503 Impossibile
2745 3427 3049 3501 siquidem
3073 3432 3164 3485 est
3188 3427 3489 3485 camelum
3518 3428 3613 3485 vi.

223 3530 465 3599 πήματος
512 3522 724 3596 βελόνης
777 3519 996 3577 διελθεῖν
1050 3523 1151 3595 (3),
1199 3520 1590 3601 ἀδυνατώτερον
1626 3522 1688 3579 δὲ
1711 3528 1834 3579 τού-

1964 3537 2089 3579 rum
2117 3521 2370 3577 transire
2391 3535 2497 3593 per
2517 3520 2790 3576 foramen
2811 3534 2958 3575 acus
2984 3539 2998 3573 :
3021 3518 3138 3575 hoc
3163 3522 3366 3575 autem
3387 3518 3614 3592 impos-

222 3633 315 3669 του
346 3613 535 3667 ἐκεῖνο.
580 3612 706 3667 Κατ’
754 3611 995 3666 ἕπίτασιν
1048 3608 1107 3667 δὲ
1137 3613 1164 3666 ό
1219 3612 1388 3687 λόγος,
1444 3615 1511 3677 εἰς
1541 3614 1695 3684 φόϐον
1735 3623 1833 3669 τῶν

1964 3610 2167 3667 sibilius
2194 3614 2281 3667 est
2308 3610 2478 3667 illud.
2506 3611 2707 3666 Fertur
2724 3612 2917 3666 autem
2946 3607 3044 3665 hic
3071 3623 3270 3665 sermo
3295 3624 3400 3681 per
3429 3623 3614 3679 exag-

225 3704 574 3779 φιλαργύρων.

1942 3703 2311 3771 gerationem
2336 3700 2418 3757 ad
2448 3715 2773 3757 avarorum
2807 3702 3116 3755 terrorem.

293 3796 443 3856 Τίνες
472 3790 533 3847 δε
558 3792 794 3867 κάμηλόν
834 3810 965 3865 φασι
1011 3798 1248 3865 σχοινίον
1290 3797 1598 3867 παχύτατον
1626 3794 1830 3850 πλοίου.

2014 3790 2272 3857 Quidam
2308 3793 2508 3848 autem
2560 3788 2857 3846 camelum
2905 3792 3126 3845 vocant
3180 3787 3389 3844 funem
3438 3787 3613 3845 navis

224 3892 407 3939 Ταῦτα
435 3880 494 3938 δί
547 3882 704 3956 λέγων
760 3883 786 3935 ό
814 3885 1066 3957 Χριστὸς,
1115 3883 1175 3937 οὐ
1236 3881 1507 3938 διαϐάλλει
1534 3888 1621 3938 τόν
1668 3884 1833 3939 πλοῦ-

1966 3881 2314 3937 :rassiorem.
2346 3882 2564 3938 Verum
2616 3879 2737 3935 haec
2758 3879 2963 3936 dicens
2991 3877 3259 3934 Christus
3311 3893 3431 3934 non
3465 3877 3616 3936 vitu-

226 3995 336 4045 τον²
388 3972 519 4026 ἀλλὰ
546 3977 604 4026 τὸ
658 3968 981 4026 δουλοῦσθαι
1032 3981 1105 4045 τῷ
1148 3974 1375 4047 πλούτῳ.
1432 3973 1721 4029 meum»
1775 3972 1834 4029 δι

1966 3976 2112 4027 ierat
2139 3970 2391 4038 divitias,
2424 3969 2531 4026 sed
2578 3969 2795 4026 servire
2843 3967 3084 4024 divitiis.
3116 3970 3213 4024 Est
3237 3972 3439 4025 autem
3466 3967 3616 4041 opti-

230 4069 291 4119 τὸ
344 4059 707 4140 παράδειγμα.
765 4064 1011 4137 Καθάπερ
1053 4065 1155 4138 γὰρ
1212 4067 1272 4115 τὸ
1314 4066 1565 4137 τρύπημα
1611 4072 1707 4127 τῆς
1742 4062 1835 4140 ῥα-

1966 4077 2112 4117 num
2137 4060 2502 4134 exemplum.
2544 4062 2694 4117 Nam
2720 4058 2874 4114 sicut
2900 4057 3175 4114 foramen
3201 4073 3347 4115 acus
3377 4072 3501 4115 non
3527 4061 3616 4114 est

230 4151 380 4227 γίδος
409 4153 469 4206 οὐ
523 4161 686 4227 χωρεῖ
736 4156 834 4211 τὴν
885 4151 1139 4225 κάμηλον,
1192 4149 1285 4205 διά
1327 4171 1381 4207 τε
1417 4158 1511 4212 τὴν
1542 4155 1674 4226 ἄγαν
1717 4154 1832 4207 ἐαυ·

1968 4167 2127 4224 apax
2167 4150 2369 4208 cameli
2407 4153 2655 4224 propter
2682 4148 2920 4205 nimiam
2988 4147 3080 4203 sui
3133 4148 3504 4218 angustiam,
3559 4154 3618 4205 et

226 4254 323 4299 τοῦ
388 4262 677 4313 oraomni,
756 4246 847 4296 καὶ
921 4238 1016 4295 διὰ
1061 4246 1149 4295 τὸν
1206 4244 1338 4315 ἄγαν
1396 4243 1593 4307 ἕκείνης
1656 4247 1829 4316 ὄγκον

1966 4244 2185 4314 iropter
2235 4239 2527 4313 grandem
2574 4239 2735 4296 illius
2774 4237 2999 4295 molem
3047 4252 3117 4294 ac
3150 4242 3496 4294 tumorem:
3532 4236 3616 4294 ita

222 4335 361 4389 οὕτω
390 4338 483 4387 καὶ
512 4334 545 4392 ἡ
599 4330 746 4400 ὁδὸς,
786 4334 817 4391 ἠ
852 4330 1134 4404 ἀπάγουσα
1181 4332 1250 4395 εἰς
1280 4337 1373 4394 τὴν
1423 4336 1582 4402 ζωὴν,
1633 4334 1692 4387 οὗ
1722 4355 1833 4408 χω-

1965 4346 2187 4404 [uoque
2216 4330 2318 4387 via
2349 4345 2488 4403 qua
2512 4328 2675 4385 ducit
2703 4328 2783 4386 ad
2822 4328 3011 4385 vitam
3038 4342 3163 4384 non
3188 4326 3346 4400 capit
3372 4325 3615 4383 divitem

219 4433 303 4502 ρεῖ
350 4428 440 4478 τὸν
491 4422 762 4491 πλούσιον,
804 4419 897 4475 διά
938 4441 996 4476 τε
1022 4426 1117 4481 τὴν
1156 4421 1346 4483 ἑαυτῆς
1394 4426 1694 4490 στενότητα,
1743 4427 1834 4475 καὶ

1962 4425 2182 4492 παρίει·
2201 4420 2294 4477 sui
2319 4418 2683 4491 angustiam,
2710 4422 2768 4475 et
2791 4421 3039 4491 propter
3081 4416 3257 4489 hujus
3291 4422 3612 4475 tumorem.

222 4510 320 4567 διὰ
345 4516 434 4567 τὸν
478 4515 664 4566 τούτου
713 4516 887 4585 ὄγκον.
947 4516 1214 4588 Προσήκει
1242 4508 1330 4564 οὖν
1361 4515 1514 4584 ὄγκον
1543 4510 1833 4566 ἀποθέσθαι
1868 4540 1872 4593 1

1963 4512 2185 4584 )portet
2232 4524 2378 4581 ergo
2436 4523 2685 4567 omnem
2746 4506 3034 4580 repellere
3090 4510 3391 4564 tumorem
3443 4507 3613 4579 juxta

219 4606 413 4675 πάντα,
465 4605 606 4655 κατὰ
666 4604 754 4655 τὸν
807 4601 1148 4669 ’Δπόστολον,
1218 4606 1309 4655 καὶ
1364 4600 1709 4663 λεπτυνοῆναι
1759 4599 1832 4656 δι’

1965 4598 2299 4672 ipostolum
2332 4599 2404 4664 ⁴⁶,
2431 4603 2489 4656 et
2534 4597 2831 4656 attenuari
2876 4610 2984 4669 per
3035 4594 3438 4654 voluntariam
3468 4610 3615 4669 pau-

224 4694 473 4748 ίκουσίου
512 4696 712 4754 πενίας.

613 4696 712 4754 ίας.
1943 4693 2263 4763 pertatem.

294 4785 647 4845 ’Δκούσαντες
695 4778 757 4836 δὶ
806 4812 877 4823 --
908 4783 1185 4849 σωθῆναι;
1241 4780 1671 4847 Ἐξεπλήσσοντο,
1719 4780 1834 4834 ἀντὶ

2014 4780 2173 4837 Vers.
2222 4781 2313 4836 25.
2344 4779 2489 4836 Cum
2518 4784 2714 4835 autem
2762 4777 3053 4834 audissent
3101 4808 3169 4817 —
3194 4776 3391 4834 salvus
3432 4775 3615 4845 ﬁeri?

222 4881 339 4943 τοῦ,
368 4872 767 4946 Ἐθορυϐοῦντο.
797 4871 931 4932 Πλὴν
957 4871 1063 4945 οὐχ
1092 4872 1219 4948 ὑπὲρ
1252 4871 1466 4925 ἑαυτῶν·
1499 4874 1707 4933 πένητες
1731 4874 1834 4947 γὰρ

1964 4869 2207 4928 Ξιῐθττὶιῑ
2234 4873 2391 4939 sunt,
2417 4868 2478 4926 id
2505 4872 2594 4925 est
2630 4867 2852 4925 turbati
2888 4871 3046 4934 sunt,
3098 4882 3223 4924 non
3253 4871 3459 4925 tamen
3502 4878 3614 4939 pro

223 4961 379 5023 ἦσαν’
415 4962 525 5017 ἀλλ’
549 4964 677 5038 ὗπὶρ
698 4970 799 5015 τῶν
813 4961 1102 5018 πλουσίων.
1132 4959 1393 5036 Ἤρξαντο
1424 4962 1525 5037 γὰρ
1550 4960 1835 5034 σπλάγχνα

1960 4960 2173 5034 ιοὶρείε,
2206 4975 2344 5017 cum
2392 4973 2687 5032 pauperes
2719 4960 2937 5024 essent,
2982 4957 3088 5013 sed
3139 4972 3244 5029 pro
3300 4955 3610 5013 divitibus.

221 5050 569 5107 διδασκάλων
620 5051 911 5121 ἀναλαϐεῖν,
944 5056 1037 5105 καὶ
1092 5051 1396 5126 ὑπεραλγεῖν
1443 5059 1535 5113 τῆς
1582 5050 1834 5112 ἀπωλείας

1966 5048 2265 5122 lmperunt
2290 5047 2452 5105 enim
2478 5051 2914 5121 praeceptorum
2951 5060 3254 5103 assumere
3269 5044 3523 5111 viscera,
3540 5058 3616 5101 ae

218 5152 322 5197 τῶν
353 5143 657 5218 ἀνθρώπους
688 5142 934 5217 λέγοντες,
955 5145 1047 5205 ἰ’ίς
1072 5142 1177 5216 ἄρα
1194 5149 1297 5194 τῶν
1320 5140 1582 5195 πλουσίων
1609 5137 1833 5195 δύναται

1963 5138 2146 5196 lolere
2164 5137 2497 5212 plurimum
2521 5148 2633 5211 pro
2662 5136 2995 5210 perditione
3014 5134 3336 5192 hominum
3350 5133 3613 5191 dicentes

220 5234 511 5305 σωθῆναιε
1733 5250 1743 5260 ·
1947 5227 2088 5295 Quis
2109 5241 2245 5301 ergo
2271 5227 2522 5285 divitum
2546 5231 2728 5299 potest
2755 5226 2956 5283 salvus
2987 5224 3119 5295 ﬁeri
3143 5223 3176 5281 7

286 5413 509 5485 “,Luca
541 5414 707 5483 xviii,
746 5414 837 5468 22.
911 5407 1153 5467 “Hebr.
1192 5424 1291 5474 xu,
1325 5412 1380 5466 1.

1411 5560 1641 5632 Variae
1670 5540 2004 5629 lectiones
2034 5566 2101 5629 et
2130 5569 2335 5629 notae.

301 5713 387 5785 (3)
425 5712 712 5767 Eisdesiv.
742 5717 805 5764 Δ.
