4178 6378
539 364 649 420 527

613 488 782 544 Vers.
824 484 912 541 26.
965 481 1230 539 Intuitus
1277 511 1345 522 —
1380 477 1718 551 possibilia.
1767 475 2034 532 Primum
2082 471 2201 527 miti
2229 473 2277 526 A

545 580 791 651 aspectu
840 573 1180 630 exterritam
1258 586 1467 627 eorum
1543 573 1805 624 mentem
1859 563 2200 620 consolatus

543 674 653 724 est.
690 665 909 722 Deinde
940 664 1084 719 dixit
1113 680 1126 717 :
1157 660 1329 734 Apud
1360 658 1639 715 homines
1656 656 1890 719 divites,
1924 656 2034 708 hoc
2056 657 2201 723 puta

545 758 776 813 salvum
810 753 957 821 ﬁeri,
1014 748 1379 823 impossibile
1422 752 1510 804 est
1550 745 1818 802 :fortiter
1860 743 2018 799 enim
2053 754 2203 795 ava-

541 845 684 902 ritiae
739 843 984 900 vinculis
1034 840 1257 909 alligati
1295 842 1453 902 sunt,
1510 835 1768 908 factique
1823 833 2199 904 impotentes,

542 939 610 991 ut
639 951 673 990 a
703 932 914 1005 seipsis
945 930 1084 987 solis
1110 925 1459 999 hujusmodi
1492 922 1809 998 tyrannide
1841 921 2190 976 liberentur.

542 1024 700 1080 Deus
713 1029 916 1079 autem
930 1036 1049 1077 non
1064 1019 1259 1075 solum
1281 1016 1507 1072 salvare
1527 1014 1640 1071 hos
1660 1016 1875 1086 potest,
1898 1009 2002 1066 sed
2022 1008 2199 1064 etiam

542 1129 722 1170 omne
744 1110 905 1168 aliud
936 1114 1150 1183 potest.
1181 1106 1447 1163 Salvabit
1464 1120 1604 1175 ergo
1626 1104 1757 1169 hos,
1790 1102 1839 1157 si
1869 1099 2035 1172 quod
2063 1113 2205 1171 pos-

542 1207 682 1257 sunt
707 1199 973 1256 studium
1013 1197 1388 1260 adhibentes,
1411 1198 1505 1250 'ac
1535 1193 1770 1248 divitias
1796 1192 1856 1246 in
1903 1202 2201 1261 pauperes

538 1294 911 1359 evacuantes,
937 1288 1260 1357 ignemque
1279 1281 1618 1356 cupiditatis
1664 1280 2033 1337 divitiarium
2071 1292 2205 1332 exs-

539 1379 895 1450 tinguentes,
928 1377 1092 1434 hunc
1132 1372 1543 1431 invocaverint
1568 1370 1983 1428 auxiliatorem
2013 1381 2084 1422 ac
2139 1364 2208 1420 li-

540 1468 785 1525 bertatis
809 1471 1187 1522 assertorem.

613 1645 820 1701 Docuit
846 1658 988 1714 ergo
1018 1640 1218 1697 omnis
1241 1639 1341 1695 hic
1367 1654 1586 1709 sermo,
1620 1636 1781 1709 quod
1814 1652 2067 1692 avarum
2106 1635 2209 1690 im-

541 1735 826 1810 possibile
852 1739 939 1790 est
959 1733 1191 1789 salvum
1214 1746 1363 1795 esse,
1396 1729 1504 1784 nisi
1522 1727 1688 1801 quod
1708 1730 1769 1782 in
1798 1742 1861 1781 se
1883 1731 1973 1782 est
1998 1725 2208 1781 afferat

542 1826 827 1893 studium,
852 1830 915 1879 ut
946 1822 1183 1878 dictum
1212 1826 1320 1885 est,
1350 1819 1609 1875 etDeum
1633 1816 2211 1886 babeatadjutorem

541 1917 616 1973 ad
648 1915 1055 1971 liberationem
1074 1910 1235 1966 illius
1260 1907 1611 1966 miserrima
1659 1906 2011 1963 affectionis.
2039 1905 2215 1965 Aiunt

540 2010 744 2061 autem
777 2001 1059 2075 quidam,
1091 1998 1257 2072 quod
1275 1997 1328 2055 si
1357 1999 1479 2054 Deo
1501 1997 1706 2053 omnia
1727 2000 1861 2051 sunt
1882 1993 2212 2067 possibilia,

542 2094 749 2164 utique
804 2096 860 2147 et
883 2090 1075 2146 facere
1107 2088 1335 2143 malum
1367 2089 1485 2142 Deo
1512 2084 1799 2156 possibile
1830 2088 1940 2139 est.
1989 2084 2212 2148 Quibus

543 2198 655 2238 nos
679 2181 950 2246 dicimus,
971 2178 1145 2249 quod
1167 2178 1364 2233 facere
1390 2174 1613 2230 malum
1633 2189 1757 2229 non
1788 2180 1877 2229 est
1918 2173 2213 2243 potentiae,

547 2272 649 2328 sed
678 2269 1067 2342 impotentiae.
1094 2267 1230 2322 Ideo
1251 2265 1429 2322 etiam
1454 2263 1644 2320 David
1682 2266 1929 2334 peccata
1954 2261 2214 2333 appella.

542 2362 628 2418 vit
662 2359 1091 2417 imbecillitates
1139 2358 1257 2412 sive
1286 2354 1658 2411 inﬁrmitates
1687 2353 1894 2408 dicens
1917 2369 1930 2407 :
1953 2352 2214 2424 blutipli—

545 2457 697 2509 catte
722 2454 855 2507 sunt
879 2448 1257 2517 inﬁrmitates
1273 2460 1475 2502 eorum
1507 2444 1578 2498 ‘7.
1610 2442 1909 2499 EtPaulus
1939 2441 2034 2501 ait.
2073 2443 2216 2497 Cum

547 2557 653 2598 nos
667 2554 915 2597 essemus
937 2535 1161 2605 inﬁrmi
1182 2537 1250 2600 ⁸⁸,
1294 2534 1417 2590 sive
1439 2537 1798 2606 peccatores.
1848 2531 2141 2587 Praeterea
2160 2535 2216 2587 et

550 2629 668 2686 alio
686 2627 1069 2697 modo,juxta
1092 2624 1438 2694 Gregorium
1473 2619 2215 2693 Theologumlprincipium

551 2717 696 2775 mali
726 2722 814 2773 est
868 2716 1167 2784 negligere
1217 2713 1445 2769 bonum
1482 2727 1494 2765 :
1537 2710 1843 2783 quomodo
1873 2715 2073 2766 autem
2112 2710 2216 2765 lio-

554 2825 702 2865 num
724 2806 998 2876 negliget,
1042 2804 1139 2876 qui
1171 2808 1259 2859 est
1286 2802 1421 2874 ipsa
1444 2801 1682 2857 bonitas
1707 2801 1735 2856 ?

625 2898 787 2953 Vers.
813 2899 902 2951 27.
939 2896 1105 2950 Tum:
1134 2925 1202 2933 —
1232 2892 1394 2948 nobis
1422 2890 1451 2945 7
1501 2892 1644 2955 Quae
1668 2890 1887 2956 omnia,
1922 2890 2093 2945 beate
2120 2890 2216 2945 Pe-

555 2994 637 3044 tre
665 2986 692 3042 ?
723 2988 810 3040 An
842 2984 1221 3050 arundinem,
1249 2985 1389 3047 rete,
1430 2981 1651 3045 navim,
1685 2985 1989 3051 artemque
2022 2980 2217 3051 pisca-

556 3075 770 3132 toriam
797 3074 824 3129 ?
856 3073 1087 3145 Utique,
1128 3071 1337 3144 inquit,
1367 3086 1503 3142 quae
1525 3072 1583 3124 et
1612 3074 1843 3142 quanta
1868 3068 2171 3124 habebam
2200 3085 2212 3134 ;

1864 342 2219 405 EUTHYMII
2259 344 2591 402 ZIGABENI

3808 343 3921 400 528

2384 471 2677 545 Ἐμϐλὲψας
2736 505 2806 513 -
2886 470 3107 528 δυνατά.
3204 478 3412 544 Πρῶτον
3482 473 3657 544 ἡμέρῳ
3758 470 3920 545 βλέμ-

2311 581 2438 633 ματι
2495 567 2810 636 φρίττουσαν
2855 564 3023 615 αὐτῶν
3079 568 3175 621 τὴν
3224 559 3461 614 διάνοιαν
3519 566 3917 636 παρηγόρησεν,

2312 648 2424 702 εἶτα
2480 648 2637 718 εἶπεν,
2697 654 2777 704 ότι
2846 656 2985 726 παρά
3053 651 3342 725 ἀνθρώποις
3408 650 3683 711 πλουσίοις
3739 659 3918 719 τοῦτο,

2313 735 2523 798 δηλαδὴ
2570 746 2627 792 τό
2690 743 2942 808 σωθῆναι,
3016 737 3270 794 ἀδύνατόν
3348 740 3480 794 ἔστι.
3533 737 3922 812 Δεδεσμημένοε

2309 831 2410 901 γὰρ
2467 829 2707 903 ἰσχυρῶς
2744 838 2857 892 ταῖς
2917 838 3117 904 σειραῖς
3155 838 3250 892 τῆς
3302 828 3665 903 φιλαργυρίας,
3724 825 3922 881 ἀδυνα-

2309 925 2491 970 τοῦσιν
2535 918 2626 990 ἀφ’
2676 918 2865 972 ἑαυτῶν
2920 924 3086 991 μόνων
3143 918 3544 991 ἔλευθερωθῆναι
3593 925 3687 978 τῆς
3737 919 3925 969 τοιαύ-

2309 1026 2404 1068 της
2443 1004 2772 1082 τυραννίδος.
2812 1008 2871 1061 Ὀ
2929 1005 2989 1061 δε
3018 1011 3143 1068 Θεὸς
3191 1008 3249 1061 ού
3281 1012 3433 1081 μόνον
3488 1015 3659 1060 σῶσαι
3702 1009 3924 1068 τούτους

2315 1094 2558 1166 δύναται,
2630 1095 2757 1150 ἀλλὰ
2813 1101 2901 1150 καὶ
2947 1104 3049 1150 πᾶν
3114 1099 3281 1172 ἕτερον
3336 1093 3577 1150 δύναται.
3641 1102 3802 1149 Σώσει
3860 1092 3925 1149 δέ

2313 1189 2545 1252 τούτους,
2590 1185 2674 1239 ἐὰν
2722 1191 2815 1246 τὴν
2858 1186 2982 1260 παρ’
3056 1186 3248 1240 ἑαυτῶν
3293 1182 3533 1245 σπουδὴν
3585 1185 3919 1261 εἰσφέροντες,

2314 1281 2405 1329 καὶ
2466 1284 2726 1337 κενοῦντες
2768 1280 2853 1329 τὸν
2917 1276 3138 1329 πλοῦτον
3210 1276 3284 1337 εἰς
3328 1280 3574 1341 πένητας,
3630 1281 3721 1327 καὶ
3771 1274 3922 1328 σϐεν-

2315 1368 2517 1428 νύοντες
2567 1369 2627 1418 τό
2682 1373 2785 1440 πῦρ
2834 1374 2922 1427 τῆς
2969 1364 3245 1438 ίπιθυμίας
3295 1375 3393 1419 τῶν
3450 1366 3763 1439 χρημάτων,
3803 1363 3926 1417 ἔπι-

2318 1454 2639 1509 καλίσωνται
2701 1460 2792 1508 καὶ
2847 1463 3029 1509 τοῦτον
3096 1454 3369 1529 ἐπίκουρον
3439 1459 3529 1508 καὶ
3587 1453 3929 1529 συλλήπτορα

2318 1552 2415 1606 τῆς
2444 1544 2753 1618 ἐλευθερίας.

2396 1631 2641 1696 Ἐδίδαξε
2701 1640 2871 1687 τοίνυν
2945 1636 2971 1687 ό
3023 1638 3235 1708 σύμπας
3288 1634 3460 1708 λόγος,
3531 1636 3611 1687 ὅτι
3665 1630 3929 1687 ἀδύνατον

2327 1726 2559 1782 σωθῆναι
2598 1723 2934 1797 φιλάργυρον,
2991 1723 3077 1777 ἕάν
3116 1729 3187 1797 μὴ
3227 1729 3320 1783 τὴν
3364 1724 3489 1799 παρ’
3534 1724 3720 1777 ἑαυτοῦ
3752 1742 3927 1777 σπου-

2326 1810 2425 1872 δήν
2475 1813 2742 1887 εἰσφέρων,
2801 1817 2870 1876 ὡς
2917 1818 3139 1890 εἴρηται,
3192 1818 3356 1887 σχοίη
3406 1819 3496 1867 καὶ
3524 1817 3612 1867 τὸν
3642 1817 3764 1868 Θεὸν
3796 1811 3931 1887 βοη-

2328 1905 2412 1955 θόν
2498 1913 2594 1965 τῆς
2676 1902 2981 1975 ἀπαλλαγῆς
3057 1911 3149 1957 τοῦ
3224 1906 3463 1957 τοιούτου
3546 1904 3928 1977 χαλεπωτάτου

2324 1994 2544 2055 πάθους.
2600 1997 2736 2045 Φασὶ
2790 1990 2848 2045 δέ
2903 2012 3057 2061 τινες,
3107 1994 3187 2045 ὅτι
3245 1995 3329 2046 ἐὰν
3387 1995 3558 2046 πάντα
3604 1989 3807 2045 δυνατὰ
3854 2001 3930 2064 τῷ

2326 2087 2454 2153 Θεῷ,
2504 2078 2727 2134 δυνατόν
2780 2084 2882 2156 οῐρα
2920 2090 2992 2153 τῷ
3042 2088 3149 2153 Θεῷ
3197 2086 3383 2136 καὶτὸ
3422 2086 3599 2137 κακόν.
3652 2085 3791 2156 Πρὸς
3839 2082 3932 2145 οῦς

3818 2170 3931 2224 ἀλλ’

2327 2257 2642 2333 ἀδυναμίας.
2677 2264 2763 2313 Διὸ
2812 2265 2901 2313 καὶ
2954 2262 2979 2314 ὀ
3033 2259 3201 2314 Δαυῖδ
3229 2264 3321 2323 τὰς
3356 2262 3617 2337 ἁμαρτίας
3664 2261 3931 2324 ἀσθενείας

2325 2350 2611 2423 ὠνόμασεν,
2716 2350 2889 2418 εἰπὼν,
2998 2350 3428 2410 Ἐπληθύνθησαν
3512 2351 3568 2403 αἰ
3668 2350 3933 2404 ἀσθένειαι

2324 2440 2514 2492 αὐτῶν.
2579 2444 2681 2493 Καὶ
2756 2441 2781 2491 ὁ
2857 2439 3060 2502 Παῦλος
3122 2437 3183 2493 δέ
3251 2461 3430 2513 φησιν,

2325 2172 2555 2243 λέγομεν,
2619 2173 2701 2223 ὅτι
2764 2174 2821 2223 τὸ
2886 2174 3044 2223 κακόν
3111 2172 3205 2224 οὐκ
3281 2175 3392 2225 ἔστι
3458 2169 3741 2245 δυνάμεως,

2716 2350 2889 2418 εἰπὼν,

3507 2440 3707 2494 ’Ὀντων
3782 2443 3812 2501 ἡ
3819 2451 3932 2514 μῶν

2327 2528 2573 2599 ἀσθενῶν,
2626 2532 2810 2602 ἤγουν,
2871 2529 3207 2604 ἁμαρτωλῶν.
3266 2536 3366 2584 Καὶ
3420 2530 3603 2607 ἕτίρως
3656 2527 3735 2597 δὲ,
3794 2534 3935 2583 κατὰ

2324 2623 2411 2672 τὸν
2471 2618 2724 2691 Θεολόγον
2777 2624 3083 2694 Γρηγόριον,
3143 2618 3287 2693 ἀρχὴ
3334 2628 3428 2673 τοῦ
3475 2628 3661 2687 κακοῦ,
3707 2624 3765 2673 τὸ
3810 2620 3934 2693 ἀμε-

2323 2708 2485 2769 λῆσαι
2535 2717 2627 2760 τοῦ
2676 2708 2896 2780 ἀγαθοῦ.
2950 2716 3060 2770 Πῶς
3109 2707 3159 2762 δ’
3200 2711 3260 2762 οἶν
3311 2708 3546 2784 ἀμελήσῃ
3598 2718 3691 2764 τοῦ
3731 2709 3933 2783 ἀγαθοῦ

2325 2800 2355 2856 ἠ
2390 2798 2783 2870 αύτοαγαθότης
2806 2816 2819 2865 ;

2396 2894 2523 2941 Τότε
2552 2919 2620 2929 —-
2650 2889 2804 2961 ἡμῖν;
2855 2895 2985 2941 Ποῖα
3019 2891 3207 2954 πάντα,
3261 2887 3299 2941 ὦ
3343 2892 3568 2966 μακάριε
3616 2894 3807 2965 Πέτρε;
3840 2893 3932 2942 τὸν

2326 2978 2576 3051 κάλαμον,
2611 2982 2668 3030 τὸ
2718 2975 2949 3045 δίκτυον,
2986 2982 3043 3029 τὸ
3084 2979 3284 3042 πλοῖον,
3315 2984 3409 3037 τὴν
3440 2980 3768 3047 ἀλιευτικήν;
3802 2988 3930 3049 Nat,

2329 3071 2507 3141 φησὶν,
2540 3067 2573 3119 ἃ
2611 3064 2776 3140 εἶχον,
2822 3072 2911 3120 καὶ
2942 3070 3042 3120 ὅσα
3074 3066 3235 3140 εἶχον.
3266 3076 3321 3122 Ἡ
3365 3075 3672 3143 προαίρεσίς
3701 3090 3801 3143 μου
3831 3072 3933 3145 γὰρ

558 3180 695 3220 mea
747 3162 1041 3235 siquidem
1092 3161 1369 3216 voluntas
1425 3159 1654 3229 integra
1705 3158 1831 3214 fuit.
1885 3157 2033 3213 Cum
2077 3174 2216 3229 ergo

2330 3157 2550 3218 ἐντελὴς.
2592 3157 2837 3220 Εἰπόντος
2870 3155 2957 3210 οὖν
2996 3165 3088 3210 τοῦ
3118 3166 3348 3232 Σωτῆρος
3376 3162 3503 3232 πρὸς
3528 3164 3614 3212 τὸν
3643 3163 3931 3227 νεανίσκον,

564 3255 813 3311 dixisset
834 3251 1104 3310 Salvator
1130 3249 1486 3305 adolescenti
1516 3265 1529 3303 :
1556 3248 1617 3303 Si
1644 3248 1726 3303 vis
1756 3249 2047 3319 perfectus
2079 3263 2215 3313 esse,

565 3344 683 3409 abi,
716 3343 896 3400 vende
924 3356 1051 3412 quo:
1078 3340 1271 3404 habes,
1299 3345 1347 3393 et
1378 3338 1452 3393 da
1480 3337 1856 3406 pauperibus,
1882 3337 2222 3409 habebisque

567 3432 916 3488 thesaurum
943 3431 1000 3483 in
1028 3428 1187 3493 caelo,
1216 3424 1416 3481 timuit
1444 3425 1649 3481 Petrus
1676 3424 1791 3481 sibi
1822 3441 1892 3481 ac
1936 3426 2224 3482 condisci-

566 3519 929 3593 pulis,quasi
950 3516 1063 3588 ipsi
1090 3516 1292 3571 minus
1310 3513 1616 3583 fecissent,
1640 3514 1782 3586 quia
1798 3529 1920 3571 non
1943 3514 2223 3571 vendide-

566 3614 703 3666 rant
721 3624 859 3680 quaa
878 3605 1201 3669 habebant,
1234 3620 1345 3660 nec
1357 3602 1648 3659 dederant
1673 3604 2067 3676 pauperibus;
2091 3603 2227 3659 ideo

570 3700 752 3755 etiam
775 3697 857 3752 ait
886 3711 898 3750 :
922 3697 1064 3750 Ecce
1088 3710 1201 3750 nos
1230 3708 1354 3749 non
1376 3691 1784 3763 vendidimus,
1814 3708 1925 3750 nec
1954 3694 2224 3767 pauperi-

570 3788 682 3842 bus
713 3784 1011 3849 dedimus,
1042 3783 1149 3839 sed
1202 3781 1551 3854 simpliciter
1586 3782 1789 3840 omnia
1812 3799 1948 3855 quae
1974 3782 2230 3838 habeba-

570 3893 693 3931 mus
722 3872 1094 3946 reliquimus,
1127 3876 1184 3928 et
1212 3871 1397 3927 secuti
1427 3888 1634 3928 sumus
1665 3876 1719 3929 te
1747 3890 1760 3941 ;
1784 3873 1933 3945 quid
1959 3888 2095 3942 ergo
2122 3871 2233 3929 erit

570 3964 748 4022 nobis
779 3960 1181 4018 retributionis
1206 3961 1234 4016 ?

643 4055 805 4110 Vers.
834 4053 921 4107 28.
956 4052 1123 4107 Jesus
1144 4055 1341 4107 autem
1373 4081 1440 4091 —
1468 4050 1682 4107 Israel.
1710 4052 2233 4123 Regenerationem

571 4143 882 4201 dicitnunc
912 4157 948 4197 a
976 4140 1219 4196 mortuis
1237 4140 1943 4212 resurrectionem,quasi
1964 4140 2234 4199 iteratam

568 4232 1058 4290 viviﬁcationem.
1091 4228 1247 4295 Quid
1272 4244 1412 4299 ergo
1440 4227 1469 4283 ?
1491 4228 1784 4284 sedebunt
1814 4234 1953 4285 tunc
1980 4227 2238 4303 apostoli

570 4328 628 4380 et
650 4321 1011 4394 judicabunt
1037 4320 1065 4375 ?
1101 4322 1516 4391 Nequaquam.
1571 4317 1744 4374 Solus
1784 4319 1945 4375 enim
1975 4321 2237 4377 Christus

568 4412 815 4475 sedebit,
847 4415 902 4465 et
926 4410 1089 4465 solus
1122 4407 1253 4479 ipse
1278 4405 1597 4477 judicabit.
1627 4408 1740 4464 Sed
1770 4424 1873 4480 per
1913 4409 2237 4467 duodecim

571 4500 741 4556 sedes
775 4497 964 4553 innuit
994 4496 1339 4552 fruitionem
1364 4496 1487 4552 sive
1503 4498 1774 4569 requiem
1804 4514 1873 4553 ac
1898 4499 2235 4570 praecellen-

569 4588 719 4645 tiam
748 4585 1068 4644 duodecim
1091 4584 1546 4656 discipulorum,
1579 4588 1815 4659 etregni
1845 4588 1937 4644 sui
1968 4605 2237 4646 commu-

568 4676 955 4733 nicationem.
986 4674 1328 4730 Judicantes
1368 4679 1567 4731 autem
1599 4675 1758 4740 dicit,
1797 4676 1911 4733 hoc
1946 4683 2053 4743 est,
2088 4679 2237 4736 Con-

568 4766 946 4822 demnantes.
990 4763 1083 4819 Ait
1110 4779 1248 4834 ergo
1283 4779 1296 4818 :
1326 4764 1628 4820 Fruemini
1656 4769 1799 4821 tunc
1829 4765 1956 4823 sive
1981 4768 2234 4840 requies-

568 4854 729 4922 cetis,
774 4858 831 4911 et
862 4852 1196 4927 praecelletis
1226 4869 1294 4909 ac
1321 4853 1762 4925 conregnabitis
1808 4854 1979 4927 mihi,
2020 4858 2234 4916 conde-

565 4948 842 5007 mnantes
882 4942 1175 4999 Israelitas
1206 4958 1219 4997 :
1254 4958 1375 4998 non
1408 4942 1576 5014 quod
1605 4942 1723 5015 ipsi
1746 4942 2075 5016 judicaturi
2095 4945 2231 5013 sint,

566 5033 671 5092 sed
705 5034 859 5090 sicut
889 5032 1370 5113 vicesimo_tertio
1420 5031 1613 5103 capite
1669 5031 1908 5089 dicebat
1944 5033 2232 5093 Ninivitas

563 5139 635 5180 ac
658 5123 933 5195 reginam
987 5120 1186 5177 Austri
1240 5119 1750 5178 condemnaturos
1789 5123 2234 5191 generationem

562 5212 743 5277 illam,
779 5211 1233 5268 itaethocnunc
1263 5209 1774 5267 condemnaturos
1797 5211 1878 5269 ait
1909 5211 2232 5272 duodecim

564 5301 747 5357 tribus
791 5300 991 5358 Israel.
1051 5300 1191 5356 ldeo
1232 5300 1391 5355 enim
1438 5314 1559 5354 non
1585 5298 1729 5355 dicit
1768 5304 1972 5370 gentes
1998 5307 2100 5360 aut
2143 5320 2233 5360 or-

562 5387 724 5456 bem,
781 5389 888 5445 sed
938 5388 1099 5446 solos
1142 5386 1442 5445 Israelitas
1474 5403 1615 5444 suos
1655 5387 2039 5459 contribules,
2090 5410 2233 5450 suos

564 5483 867 5550 cognatos.
922 5479 1426 5537 Condemnabunt
1483 5480 1642 5536 enim
1692 5496 1790 5537 eos
1875 5498 1999 5540 non
2058 5474 2233 5559 quasi

641 5658 687 5693 ‘7
710 5657 861 5714 Psal.
917 5676 1008 5731 xv,
1080 5700 1095 5716 .
1173 5662 1226 5697 ⁴⁸
1256 5663 1427 5718 Rom.
1460 5676 1519 5727 ν,
1550 5665 1601 5717 6.

2270 4546 2316 4601 D

2330 3248 2394 3303 Εἰ
2448 3246 2601 3308 θέλεις
2657 3247 2847 3309 τελειος
2925 3244 3074 3319 εἶναι,
3134 3247 3325 3320 ὕπαγε,
3394 3248 3638 3308 πώλησόν
3698 3269 3793 3302 σου
3866 3252 3936 3301 τὰ

2333 3338 2662 3411 ὑπάρχοντα,
2735 3342 2824 3389 καὶ
2882 3333 2977 3399 δός
3045 3344 3302 3410 πτωχοῖς,
3381 3344 3473 3392 καὶ
3545 3339 3669 3403 ἕξεις
3728 3342 3936 3398 θησαυ-

2332 3429 2422 3498 ρὸν
2480 3424 2528 3477 ἐν
2577 3426 2799 3499 ούρανῷ⁶
2864 3423 3147 3480 ἐδειλίασεν
3205 3429 3231 3480 ό
3294 3432 3489 3502 Πέτρος
3540 3433 3661 3504 περὶ
3710 3448 3763 3482 τε
3823 3429 3939 3481 ἐαυ-

2334 3522 2426 3567 τοῦ
2479 3520 2569 3568 καὶ
2620 3520 2740 3590 περὶ
2796 3525 2897 3569 τῶν
2950 3518 3220 3589 μαθητῶν,
3274 3517 3345 3579 ὧς
3398 3517 3789 3591 ἠλαττωμένων,
3847 3515 3943 3571 διὰ

2336 3607 2395 3656 τό
2442 3609 2514 3677 μὴ
2562 3604 2807 3663 πωλῆσαι
2852 3608 2919 3658 τὰ
2960 3608 3291 3680 ὑπάρχοντα,
3332 3611 3422 3659 καὶ
3456 3603 3639 3659 δοῦναι
3678 3616 3941 3679 πτωχοῖς,

2340 3698 2427 3746 Διό
2475 3698 2565 3746 καί
2623 3712 2800 3767 φησιν·
2867 3691 3008 3749 Ἰδού
3062 3697 3208 3769 ἡμεῖς
3264 3696 3357 3749 οῦκ
3409 3694 3763 3769 ἐπωλήσαμεν,
3825 3701 3948 3751 οὔτε

2340 3788 2443 3856 μὴν
2474 3780 2739 3856 ἐδώκαμεν
2770 3792 3023 3857 πτωχοῖς,
3072 3783 3181 3837 ἀλλ’
3221 3784 3488 3858 ἀφήκαμεν
3531 3784 3703 3847 ἁπλῶς
3749 3789 3945 3857 πάντα,

2342 3873 2444 3926 ὃσα
2499 3876 2730 3947 εἴχομεν,
2784 3878 2875 3927 καὶ
2916 3874 3346 3948 ἠκολουθήσαμέν
3397 3892 3500 3928 σοι’
3548 3879 3601 3927 τί
3651 3876 3757 3949 ἄρα
3798 3879 3948 3931 ἔσται

2344 3964 2469 4036 ὑμῖν
2499 3961 2567 4024 εἰς
2597 3962 2859 4036 ἀμοιϐἡνς

2413 4052 2472 4105 Ὀ
2537 4048 2596 4105 δὲ
2651 4052 2853 4114 Ἰησοῦς
2910 4083 2976 4094 —-
3052 4052 3284 4127 Ἰσραήλ.
3350 4054 3758 4128 Παλιγγενεσίαν
3814 4056 3949 4129 λεγει

2344 4150 2431 4194 νῦν
2510 4145 2604 4200 τὴν
2684 4140 2739 4194 ἐκ
2809 4151 2993 4216 νεκρῶν
3070 4141 3377 4211 ἀνάστασιν,
3465 4147 3531 4206 ὡς
3607 4146 3944 4211 παλινζωίαν.

2345 4236 2409 4285 Τί
2463 4227 2599 4300 οὖν;
2664 4228 3009 4285 καθεδοῦνται
3064 4238 3155 4285 καὶ
3222 4235 3270 4285 οἱ
3331 4232 3613 4288 ἀποστόλοι
3669 4241 3800 4304 τότε,
3859 4241 3949 4289 καὶ

2346 4327 2646 4395 κρινοῦσιν;
2695 4316 2978 4395 Οὐδαμῶς.
3037 4325 3205 4384 Μόνος
3246 4325 3348 4396 γὰρ
3382 4324 3407 4375 ὁ
3456 4328 3690 4397 Χριστός
3715 4327 3944 4392 καθίσει,

2347 4414 2438 4461 καὶ
2483 4414 2639 4482 μόνος
2674 4410 2829 4473 αὐτὸς
2882 4418 3064 4483 κρινεῖ.
3114 4410 3271 4464 Ἀλλά
3315 4409 3410 4465 διὰ
3447 4416 3538 4485 μὶν
3586 4422 3686 4467 τῶν
3740 4410 3954 4489 δώδεκα

2350 4501 2538 4574 θρόνων
2576 4497 2919 4574 παρεδήλωσε
2962 4504 3057 4560 τὴν
3095 4505 3211 4555 τότε
3262 4500 3579 4569 ἀνάπαυσιν,
3632 4509 3723 4557 καὶ
3769 4509 3957 4580 προτί-

2345 4607 2509 4661 μησιν
2558 4597 2658 4641 τῶν
2708 4584 2920 4642 δώδεκα
2960 4592 3228 4663 μαθητῶν,
3280 4595 3370 4644 καὶ
3420 4596 3515 4652 τὴν
3557 4597 3825 4646 κοινωνίαν
3863 4600 3958 4654 τῆς

2347 4676 2621 4751 βασιλείας
2671 4678 2853 4733 αὐτοῦ.
2904 4684 3169 4754 Κρίνοντες
3203 4675 3263 4734 δέ
3313 4701 3496 4754 φησιν,
3533 4681 3647 4736 ἀντὶ
3685 4689 3798 4747 τοῦ,
3852 4688 3959 4736 Ka-

2344 4772 2691 4844 τακρίνοντες.
2750 4766 2901 4822 Εἶπεν
2959 4766 3068 4834 οὖν,
3131 4770 3212 4823 ὅτι
3281 4770 3745 4831 Ἀναπαυθήσεσθε
3810 4775 3955 4843 τότε,

2343 4862 2434 4911 καὶ
2519 4859 3002 4931 προτιμηθήσεσθε,
3097 4862 3188 4912 καὶ
3304 4860 3748 4935 συμϐασιλεύσετέ
3836 4879 3954 4933 μοι,

2343 4952 2736 5021 κατακρίνοντες
2784 4952 2901 5009 τοὺς
2949 4949 3299 5024 Ἰσραηλίτας,
3335 4950 3441 5024 οὐχ
3493 4953 3562 5012 ὡς
3608 4949 3760 5003 αὐτοὶ
3800 4946 3956 5003 δικά-

2345 5037 2538 5105 ζοντες,
2594 5035 2701 5090 ἀλλ’
2760 5039 2934 5111 ὥσπερ
2983 5037 3033 5090 ἓν
3087 5047 3161 5110 τῷ
3209 5040 3434 5112 εἰκοστῷ
3481 5045 3642 5114 τρίτῳ
3690 5040 3957 5114 κεφαλαίῳ

2343 5131 2465 5189 τοὺς
2504 5129 2776 5189 Νινευίτας
2812 5129 2972 5201 ἔφησε
2999 5134 3089 5182 καὶ
3125 5133 3220 5189 τὴν
3262 5128 3589 5202 βασίλισσαν
3640 5137 3733 5184 τοῦ
3780 5135 3957 5184 Νότου

2342 5222 2673 5291 κατακρίνειν
2720 5221 2815 5276 τὴν
2845 5220 3019 5290 γενεὰν
3051 5217 3268 5287 ἐκείνην,
3312 5219 3448 5273 οὕτω
3486 5225 3576 5273 καὶ
3613 5228 3702 5273 νῦν
3743 5222 3960 5281 τούτους

2343 5310 2437 5369 τὰς
2485 5303 2697 5360 δώδεκα
2740 5306 2897 5379 φυλὰς
2935 5315 3026 5360 τοῦ
3076 5308 3312 5382 Ἰσραήλ.
3361 5311 3457 5363 Διὰ
3497 5318 3649 5364 τοῦτο
3698 5312 3799 5386 γὰρ
3860 5310 3961 5363 οὐκ

2344 5394 2452 5450 εἶπε
2484 5399 2548 5450 τά
2592 5398 2733 5463 ἔθνη,
2777 5393 2901 5451 οὐδὲ
2936 5401 3030 5457 τὴν
3074 5398 3401 5473 οἰκουμένην,
3445 5398 3573 5455 ἀλλὰ
3609 5405 3793 5474 μόνους
3835 5402 3962 5462 τοὺς

2345 5486 2696 5561 Ἰσραηλίτας,
2758 5490 2876 5548 τοὺς
2932 5488 3241 5561 ὁμοφύλους,
3304 5492 3427 5551 τοὺς
3494 5498 3780 5563 συγγενεῖς.
3846 5496 3961 5544 Κα-
