4178 6400
540 406 643 463 631
1608 404 1613 411 ’
1868 395 2215 456 EUTHYMII

2322 394 2576 451 [GABEN
2586 396 2605 451 Ι
3820 396 3929 453 532

547 531 800 605 apostoli
827 534 885 588 et
921 535 1214 603 martyres
1240 532 1553 603 casterique
1598 543 1813 586 omnes
1852 526 2019 599 justi.
2062 524 2205 579 Vide

2322 527 2404 574 xui.
2451 525 2500 574 οἱ
2543 526 2803 598 μάρτυρες
2845 531 2934 577 καὶ
2975 527 3025 577 οἱ
3069 521 3271 578 δίκαιοι
3323 526 3568 587 ἅπαντες.
3613 524 3752 597 Ὀρα
3796 526 3926 597 γὰρ,

548 621 709 677 enim
748 620 915 692 quod
938 621 1209 677 omnium
1261 620 1529 677 ﬁdelium
1584 619 1803 675 domos
1858 616 1966 672 sibi
2018 613 2205 670 habe-

2322 610 2396 663 ὒτι
2446 614 2622 675 πάσας
2670 616 2760 675 τὰς
2830 616 3033 667 πάντων
3108 622 3207 667 τῶν
3273 624 3473 669 πιστῶν
3536 614 3706 676 οἰκίας
3762 615 3927 685 ἔσχον

546 711 697 766 hant
746 714 1006 782 apertas.
1087 713 1312 766 Fratres
1359 711 1538 766 etiam
1577 715 1633 765 et
1682 723 1917 765 sorores
1962 718 2206 778 parave-

2322 698 2737 776 ἀναπεπταμένας
2823 704 3022 771 αὐτοῖς,
3121 708 3211 756 καὶ
3315 703 3565 777 ἀδελφους
3658 707 3748 777 μὲν
3836 707 3930 756 καὶ

547 804 685 855 runt
726 814 934 855 omnes
987 804 1226 856 sanctos
1270 805 1325 856 et
1356 803 1597 855 sanctas
1630 815 1645 865 ;
1680 801 1881 871 patres
1908 810 2050 850 vero
2076 809 2204 849 om-

2322 789 2540 866 ίιδελφὰς
2592 792 2879 853 ὰτὸσαντο
2929 797 3127 858 πάντας
3185 799 3309 858 τοὺς
3365 796 3549 869 ἁγίους
3598 800 3689 849 καὶ
3750 796 3932 856 πάσας

548 904 655 945 nes
686 888 851 961 ipsos
880 888 1163 959 colentes,
1194 888 1589 962 ipsorumque
1641 903 1849 945 curam
1891 884 2203 949 habentes,

2322 884 2407 944 τὰς
2449 882 2624 954 ἁγίας,
2668 887 2895 957 πατέρας
2953 880 3014 937 δὲ
3060 886 3255 945 πάντας
3301 888 3419 946 τοὺς
3472 884 3780 958 στέργοντας
3830 887 3923 937 καὶ

549 994 618 1034 ac
648 993 787 1050 erga
830 978 995 1051 ipsos
1048 978 1488 1051 compassiouis
1532 976 1751 1034 affectu
1795 980 2028 1041 tactos;
2061 988 2204 1029 nam

2322 973 2685 1047 φροντίζοντας
2712 978 2803 1026 καὶ
2844 973 3367 1047 σπλαγχνιζομένους
3397 972 3470 1028 ἐπ’
3509 974 3702 1035 αὐτοῖς’
3752 981 3924 1027 ταῦτα

548 1066 679 1123 haec
719 1072 858 1124 sunt
902 1067 1142 1140 propria
1179 1068 1365 1140 patris
1404 1090 1415 1134 ;
1449 1071 1670 1124 matres
1720 1080 1960 1140 quoque
1990 1077 2204 1119 omnes

2322 1064 2416 1135 γὰρ
2486 1058 2607 1116 ἴδια
2670 1067 2888 1136 πατρὸς
2954 1067 3181 1136 μητέρας
3235 1060 3315 1131 δὲ,
3368 1066 3540 1126 πάσας
3587 1066 3682 1126 τὰς
3731 1064 3922 1137 ὁμοίως

551 1157 678 1230 pari
702 1156 886 1213 modo
935 1172 997 1212 se
1043 1157 1336 1213 habentes
1369 1174 1384 1224 ;
1416 1172 1635 1213 uxores
1679 1171 1820 1212 vero
1863 1169 2073 1210 omnes
2101 1150 2207 1207 mi-

2322 1149 2568 1223 ἰχούσας·
2626 1160 2878 1224 γυναῖκας
2928 1149 2988 1206 δὲ
3036 1156 3213 1216 πάσας
3265 1154 3355 1215 τὰς
3411 1150 3761 1215 διακονούσας
3830 1157 3923 1207 καὶ

550 1246 896 1310 nistrantes,
942 1245 1387 1304 subservientes
1446 1262 1516 1303 ac
1564 1248 1839 1302 curantes
1896 1259 2016 1308 eos,
2075 1241 2206 1297 11th

2322 1242 2675 1313 ὑπηρετούσας
2743 1247 2833 1295 καὶ
2905 1240 3273 1316 ὶπιμιλομένας
3334 1242 3521 1296 αὐτῶν·
3590 1250 3758 1297 ταῦτα
3820 1245 3924 1316 γὰρ

549 1335 847 1407 siquidem
889 1336 1091 1392 uxoris
1121 1340 1257 1392 sunt
1307 1351 1492 1409 opera
1519 1352 1532 1403 ;
1564 1335 1719 1391 ﬁlios
1749 1337 2051 1407 praeterea,
2081 1346 2207 1387 om-

2322 1333 2445 1404 ἵργα
2511 1336 2773 1403 γυναικός·
2843 1336 2995 1386 τέκνα
3061 1330 3120 1386 δὲ
3196 1334 3395 1394 πάντας
3466 1336 3587 1396 τοὺς
3656 1336 3925 1406 μαθητάς.

548 1438 656 1480 nes
690 1423 1008 1497 dicipulos.
1094 1424 1188 1479 Ad
1233 1423 1362 1480 haec
1434 1440 1641 1480 omnes
1709 1422 1977 1480 fidelium
2030 1435 2207 1491 agros

2322 1420 2473 1474 Ἀλλὰ
2520 1425 2610 1474 καὶ
2656 1424 2851 1484 πάντας
2896 1426 3018 1485 τοὺς
3064 1421 3256 1496 ἀγροὺς
3303 1432 3403 1475 τῶν
3446 1432 3646 1477 πιστῶν
3678 1420 3821 1496 εἶχον
3852 1424 3928 1487 εἱς

549 1512 615 1569 in
671 1530 781 1569 sua
831 1517 1121 1586 potestate
1169 1513 1477 1570 habebant
1520 1530 1532 1568 :
1589 1513 1877 1586 quodque
1930 1510 2208 1567 omnium

2322 1509 2581 1574 ἐξουσίαν.
2628 1515 2729 1565 Καὶ
2774 1516 2833 1565 τὸ
2866 1509 3312 1586 παραδοξότατον,
3368 1515 3539 1566 πάντα
3566 1521 3735 1566 ταῦτα
3763 1516 3928 1586 ἔσχον

552 1608 642 1661 est
696 1603 958 1659 maxime
1018 1601 1391 1673 admirabile,
1467 1603 1673 1659 omnia
1725 1602 1857 1658 haec
1906 1600 2209 1658 habebant

2322 1603 2448 1674 μετὰ
2500 1598 2770 1673 διωγμῶν,
2830 1605 2900 1665 ὡς
2952 1604 2977 1655 6
3030 1606 3244 1677 Μάρκος
3299 1605 3639 1677 προσέθηκενο
3693 1604 3719 1656 ὃ
3787 1602 3926 1671 ἐστι,

552 1710 687 1751 cum
746 1694 1274 1767 persecutionibus,
1344 1697 1523 1767 prout
1579 1692 1809 1750 addidit
1864 1694 2094 1750 Marcus
2133 1692 2202 1758 ⁸³,

2322 1686 2627 1763 διωκόμενοι
2698 1694 2844 1766 παρὰ
2913 1700 3014 1745 τῶν
3092 1691 3297 1766 έχθρῶν
3367 1701 3459 1754 τῆς
3524 1698 3765 1754 πίστεως.
3827 1693 3927 1753 Eia

550 1782 667 1840 hoc
719 1786 809 1839 est
861 1799 895 1838 a
950 1781 1091 1838 ﬁdei
1164 1782 1417 1838 inimicis
1483 1781 1960 1855 persecutionem
2031 1780 2205 1836 susti-

2322 1776 2366 1833 δ’
2421 1781 2481 1832 οἷν
2523 1780 2924 1834 πολλαπλασίων
2970 1781 3183 1855 ἀμοιϐὴ,
3232 1786 3322 1835 καὶ
3370 1784 3400 1841 ἠ
3438 1784 3604 1859 χάρις
3643 1792 3741 1836 τῶν
3777 1783 3934 1856 ἰαμάο

550 1878 777 1928 nentes.
851 1873 1045 1928 Potest
1114 1871 1294 1928 etiam
1371 1886 1501 1928 esse
1578 1870 2013 1944 multiplicatio,
2074 1886 2203 1942 gra-

2322 1889 2433 1940 των,
2504 1874 2535 1929 ἧ
2617 1879 2710 1924 τοῦ
2785 1871 3094 1947 προϐλέπειν
3174 1876 3232 1927 τὸ
3310 1872 3510 1946 μέλλον,
3575 1877 3607 1932 ἣ
3686 1875 3931 1927 τοιούτου

549 1961 631 2019 tia
670 1960 1019 2028 sanitatum,
1090 1964 1197 2018 aut
1250 1960 1582 2037 prophetia,
1652 1967 1755 2018 aut
1807 1960 1971 2018 aliud
2038 1960 2209 2033 quip-
2314 1965 2472 2022 τινός,

548 2050 715 2124 piam
740 2050 958 2107 simile.

622 2142 783 2196 Vers.
838 2140 933 2198 30.
972 2139 1153 2195 Multi
1173 2171 1242 2181 —
1269 2141 1472 2210 primi.
1526 2140 1685 2197 Multi
1733 2141 1838 2214 qui
1876 2140 1971 2197 hic
2000 2139 2209 2195 viden-

2392 2138 2578 2193 Πολλοὶ
2666 2171 2734 2181 -
2806 2148 3026 2215 πρῶτοι.
3111 2140 3296 2195 Πολλοὶ
3376 2150 3572 2217 πρῶτοι
3651 2139 3933 2206 δοκοῦντες

551 2232 649 2285 tur
698 2226 897 2299 primi,
959 2230 1131 2283 erunt
1201 2227 1282 2283 ibi
1349 2229 1655 2300 postremi.
1713 2228 1837 2284 Hoc
1894 2231 2095 2284 autem
2156 2230 2214 2283 et

2322 2230 2370 2284 ἓν
2422 2238 2495 2302 τῷ
2540 2235 2759 2303 παρόντι
2981 2233 3189 2284 ἔσονται
3234 2234 3457 2305 ἔσχατοι
3503 2234 3640 2286 κατὰ
3681 2236 3769 2287 τὸν
3809 2238 3933 2304 μέλ-

554 2316 905 2389 simpliciter
941 2316 1017 2372 de
1048 2316 1335 2373 omnibus
1392 2316 1617 2374 dictum
1660 2322 1769 2384 est,
1801 2321 1866 2374 ut
1896 2332 2212 2390 nunquam

2322 2320 2493 2388 λοντα,
2546 2325 2636 2373 καὶ
2684 2320 3001 2387 τούναντίον,
3070 2323 3294 2394 ἔσχατοι
3352 2318 3623 2387 δοκοῦντας
3675 2322 3924 2393 ἆνταῦθα,

550 2406 615 2463 hi
652 2406 758 2478 qui
782 2409 1220 2479 praeponuntur
1262 2405 1324 2461 in
1364 2406 1509 2473 vita,
1554 2406 1914 2464 extollantur
1964 2426 1979 2475 ;
2018 2422 2213 2480 neque

2322 2410 2529 2462 ἔσονται
2584 2418 2779 2486 πρῶτοι
2848 2411 2973 2468 ἐκεῖ.
3038 2418 3204 2464 Τοῦτο
3277 2409 3337 2465 6“:
3401 2415 3609 2486 εἴρηται
3831 2418 3928 2467 καὶ

552 2494 659 2568 qui
710 2493 808 2550 hic
863 2494 1293 2567 despiciuntur,
1358 2497 1635 2552 animum
1676 2496 2213 2568 despondeant;et

2322 2504 2439 2574 περὶ
2485 2501 2685 2553 πάντων
2735 2499 2922 2565 ἁπλῶς,
2977 2502 3060 2553 ἶνα
3109 2506 3242 2573 μήτε
3292 2504 3341 2554 οἱ
3389 2505 3525 2555 κατὰ
3561 2506 3646 2555 τὸν
3691 2507 3931 2580 παρόντα

552 2583 850 2656 praecipue
869 2583 949 2640 ad
998 2584 1324 2640 Pharisaaos
1376 2584 1581 2659 eisque
1607 2585 1827 2641 similes
1874 2601 2070 2642 sermo
2125 2601 2213 2642 re-

2324 2589 2441 2664 βίον
2515 2596 2898 2663 προτιμώμενοι
2971 2588 3307 2664 ἐπαίρωνται,
3372 2597 3505 2664 μήτε
3581 2594 3629 2645 οἱ
3704 2591 3933 2647 ἐνταῦθα

553 2672 756 2739 fertur,
812 2672 919 2746 qui
982 2672 1282 2745 primatus
1338 2674 1474 2730 totis
1521 2674 1911 2732 vindicabant
1964 2674 2210 2731 viribus.

2322 2682 2794 2753 καταφρονούμενοι
2858 2679 3122 2753 ἁθυμῶσι·
3194 2679 3431 2752 μάλιστα
3500 2678 3559 2736 δὲ
3611 2686 3741 2756 πρὸς
3806 2687 3932 2748 τοὺς

556 2762 709 2828 Quia
736 2776 879 2818 vero
905 2777 1027 2819 non
1062 2778 1274 2819 omnes
1318 2779 1389 2820 eo
1429 2766 1697 2837 tempore
1736 2764 2079 2832 credebant,
2110 2764 2215 2821 sed

2324 2774 2662 2844 Φαρισαίους,
2717 2774 2807 2822 καὶ
2859 2774 2982 2832 τοὺς
3035 2772 3324 2836 τοιούτους,
3380 2772 3406 2823 6
3463 2772 3613 2844 λόγος
3682 2772 3936 2827 ἀποτέτα-

557 2850 657 2907 alii
694 2850 931 2924 quidem
970 2851 1155 2925 prius,
1214 2852 1310 2909 alii
1358 2869 1504 2911 vero
1552 2859 1783 2927 postea,
1829 2856 2000 2928 ponit
2043 2871 2216 2929 para-

2324 2878 2430 2925 ται,
2523 2860 2603 2931 (5)
2653 2867 2752 2913 τῶν
2824 2864 3085 2935 πρωτείων
3148 2860 3384 2934 ἰσχυρῶς
3447 2862 3930 2935 ἀντιποιουμένους.

554 2939 758 2997 bolam
785 2956 921 3014 quae
949 2941 1305 3014 posteriores
1349 2943 1694 3001 consoletur
1718 2944 2057 3019 animaeque
2085 2944 2217 3018 inji-

2323 2950 2468 3003 Ἐπεὶ
2514 2946 2573 3002 δὲ
2616 2949 2675 3002 ού
2720 2952 2908 3012 πάντες
2952 2950 3089 3003 κατὰ
3116 2953 3203 3003 τὸν
3246 2950 3399 3004 αὐτόν
3428 2950 3620 3027 χρόνον
3648 2954 3931 3007 πιστεύου-

557 3029 677 3087 ciat
698 3029 1087 3098 alacritatem,
1119 3047 1306 3105 quam
1343 3035 1530 3091 totam
1584 3034 1809 3108 pariter
1855 3051 2098 3093 necesse
2129 3039 2218 3093 est

2326 3058 2431 3106 σιν,
2477 3037 2584 3092 ἀλλ’
2614 3041 2662 3091 οἱ
2703 3042 2794 3112 μὲν
2835 3048 3059 3114 πρῶτον,
3094 3041 3143 3091 οἱ
3188 3037 3246 3093 δὲ
3273 3039 3509 3115 ὕστερον,
3549 3043 3733 3100 τιθησι
3761 3062 3934 3118 παρα-

556 3120 822 3193 primum
848 3121 1141 3194 accipere,
1198 3122 1323 3197 (nn)
1352 3122 1437 3182 ita
1473 3129 1831 3198 exposcente
1881 3126 2010 3198 ejus
2039 3142 2213 3183 enar-

2326 3128 2478 3189 ϐολήν
2526 3130 2997 3203 παραμυθουμένην
3053 3132 3176 3192 τοὺς
3231 3130 3596 3203 ὑστεροῦντας,
3656 3137 3745 3185 καὶ
3796 3152 3931 3207 προ-

555 3209 806 3276 ratione,
831 3212 887 3267 et
924 3210 1165 3267 demum
1224 3227 1296 3269 ea
1346 3229 1484 3287 quae
1531 3214 1893 3272 videbantur
1950 3215 2215 3272 similiter

2327 3221 2516 3292 θυμίαν
2566 3219 2744 3282 αὐτοῖς
2810 3217 3188 3292 έμϐάλλουσαν,
3244 3221 3306 3280 ἣν
3361 3222 3492 3293 ὁμοῦ
3538 3228 3713 3274 πᾶσαν
3774 3222 3928 3296 ἀναγ-

554 3298 672 3372 (οο)
700 3297 776 3355 de
824 3315 898 3357 ea
945 3300 1183 3359 dicere:
1216 3318 1575 3377 quanquam
1629 3305 1792 3361 enim
1844 3303 2217 3377 longiuscula

2323 3309 2470 3362 καῖον
2545 3306 2788 3363 ἐκθέσθαι
2861 3317 3088 3382 πρῶτον,
3165 3310 3329 3372 οὕτως
3404 3309 3735 3374 ἀπαιτούσης
3834 3322 3933 3376 τῆς

561 3388 661 3455 sit,
692 3396 833 3463 apta
858 3394 1061 3447 tamen
1087 3395 1174 3448 est
1202 3394 1269 3448 ut
1287 3391 1459 3448 facile
1484 3391 1618 3466 capi
1645 3393 1859 3466 possit,

2324 3399 2620 3472 ἐξηγήσεως
2664 3398 2847 3462 αὐτῆς·
2897 3397 3006 3453 εἶτα
3033 3399 3211 3453 λοιπόν
3253 3401 3383 3473 ὁμοῦ
3435 3406 3526 3454 καὶ
3573 3404 3640 3456 τὰ
3670 3399 3933 3458 δοκοῦντα

2322 3493 2441 3563 περὶ
2485 3491 2685 3552 ταύτης
2736 3491 2916 3546 εἰπεῖν.
2971 3489 3034 3543 Εἰ
3082 3492 3185 3564 γὰρ
3244 3494 3335 3543 καὶ
3387 3493 3565 3564 μακρά
3619 3496 3700 3555 τίς
3763 3491 3928 3562 ἐστιν,

1692 3636 1701 3645 κ
2326 3576 2432 3629 ἀλλ’
2464 3578 2581 3636 εὔλη
2590 3597 2711 3638 πτος
2738 3581 2982 3650 πέφυκεν.

692 3657 847 3715 CAP.
875 3658 1031 3713 XLII.
1059 3658 1137 3715 De
1164 3657 1417 3714 mercede
1444 3658 1742 3717 conductis
1782 3661 2087 3731 operariis.

2487 3673 2640 3723 ΚΕΦ.
2679 3672 2797 3724 ΜΒ.
2836 3670 2961 3741 Περὶ
2990 3674 3089 3719 τῶν
3128 3669 3487 3740 μισθουμένων
3517 3667 3765 3743 ἐργατῶν.

633 3747 779 3819 Cap.
806 3747 912 3802 XX.
945 3748 1106 3801 Vers.
1143 3751 1187 3802 l.
1212 3745 1412 3804 Simile
1436 3778 1505 3789 —
1535 3749 1692 3805 Vers.
1742 3747 1808 3805 in
1832 3749 2002 3807 rebus
2028 3753 2166 3808 meis
2193 3752 2219 3809 τ

2395 3754 2583 3829 Ὀμοία
2624 3787 2692 3795 -
2742 3754 2790 3807 ἐν
2844 3752 2956 3816 τοῖς
3002 3753 3181 3827 έμοῖς;
3231 3758 3338 3819 Τῆς
3379 3756 3501 3820 ὃλης
3539 3761 3733 3821 ταύτης
3763 3778 3931 3834 παρα-

566 3834 744 3909 Hujus
774 3834 972 3891 omnis
1004 3834 1304 3907 parabolae
1332 3835 1521 3892 solum
1545 3837 1902 3910 exponenda
1922 3844 2062 3896 sunt
2090 3858 2219 3915 quae

2327 3842 2482 3907 ϐολῆς
2527 3848 2593 3898 τὰ
2634 3850 2816 3919 καίρια
2859 3849 3010 3918 μόνον
3056 3844 3411 3919 ἐρμηνςυτέον,
3444 3849 3514 3910 ὡς
3544 3849 3569 3901 6
3619 3853 3931 3923 Χρυσόστο..

562 3928 902 3997 opportuna
928 3923 1228 3993 videntur,
1261 3924 1443 3982 veluti
1471 3930 1677 3983 monet
1707 3927 2171 4002 Chrysostomus
2200 3951 2218 4005 ;

2326 3954 2419 4007 μος
2460 3934 2537 4008 (6)
2584 3932 2865 4008 ἐπιτρέπει,
2911 3934 3077 3987 τᾶλλα
3109 3931 3160 3987 δ’
3193 3936 3253 3987 ού
3284 3943 3704 4011 περιεργαστέον,
3738 3942 3802 4001 ὡς
3840 3944 3931 3993 καὶ

565 4018 777 4071 caetera
805 4029 944 4070 vero
968 4029 1093 4071 non
1138 4018 1276 4071 sunt
1323 4016 1557 4073 curiose
1584 4019 1928 4088 scrutanda,
1962 4018 2113 4077 sicut
2139 4022 2219 4078 vi-

2327 4022 2376 4076 ἐν
2449 4032 2521 4096 τῷ
2587 4024 2803 4094 εἰκοστῷ
2876 4025 3101 4098 τετάρτῳ
3172 4025 3433 4099 κεφαλαίῳ
3499 4024 3927 4103 προδιελάϐομεν.

565 4101 787 4159 cesimo
815 4107 1031 4176 quarto
1061 4102 1252 4176 capite
1282 4104 1687 4176 praediximus.
1722 4109 1785 4162 In
1811 4107 1925 4164 hac
1950 4108 2110 4165 enim
2136 4126 2219 4167 re-

2326 4113 2537 4168 Νοεῖται
2614 4116 2716 4188 γὰρ
2758 4116 2809 4167 ἓν
2859 4116 3024 4187 ταύτῃ
3082 4113 3334 4187 βασιλεία
3401 4120 3492 4189 μὲν
3543 4126 3643 4169 τῶν
3701 4118 3931 4192 οὐρανῶν

566 4207 745 4264 gnum
788 4191 1064 4249 caelorum
1104 4192 1449 4265 intelligitur
1478 4194 1610 4267 ipse
1654 4195 1935 4253 Christus.
1970 4198 2118 4256 sicut
2161 4201 2219 4257 in

2328 4204 2483 4267 αύτὸς
2536 4206 2562 4256 6
2610 4206 2857 4277 Χριστός,
2914 4206 3087 4267 καθὼς
3137 4205 3407 4278 πολλαχοῦ
3458 4216 3557 4258 τῶν
3624 4207 3932 4280 παραϐολῶν

565 4281 867 4367 parabolis
913 4281 1253 4357 frequenter
1282 4283 1562 4339 diximus.
1606 4284 1793 4343 Vinea
1824 4291 2023 4344 autem
2094 4290 2219 4362 ejus

2327 4293 2623 4367 εἰρήκαμεν·
2676 4292 2912 4365 ἀμπελῶν
2956 4290 3018 4346 δε
3061 4293 3239 4364 αὐτοῦ,
3299 4295 3355 4345 αἱ
3409 4293 3740 4365 εύαγγελικαὶ
3797 4292 3931 4346 ἐντο-

566 4365 915 4443 evangelica
943 4372 1136 4445 ipsius
1193 4377 1489 4446 praecepta
1538 4379 1703 4433 sunt.
1764 4377 2028 4448 Operarii
2078 4396 2219 4437 vero

2326 4382 2413 4436 λαὶ
2484 4382 2669 4436 αὐτού·
2735 4382 2949 4455 ἐργάται
3022 4380 3082 4435 δὲ
3161 4389 3257 4435 τοῦ
3317 4385 3556 4435 τοιούτου
3635 4381 3931 4455 ἀμπελῶνος

561 4460 906 4532 hujusmodi
953 4462 1164 4527 vineae,
1239 4462 1517 4520 homines
1591 4470 1938 4538 operatores
2008 4468 2219 4527 talium

2328 4475 2379 4526 oi
2434 4471 2651 4548 ἐργάται
2701 4480 2801 4525 τῶν
2850 4474 3098 4524 τοιούτων
3155 4470 3367 4524 ἐντολῶν
3420 4473 3706 4547 ἄνθρωπον
3750 4476 3934 4549 καιρὸς

560 4555 1024 4622 praeceptorum.
1063 4551 1324 4622 Tempus
1382 4554 1768 4624 operationis,
1800 4571 2064 4628 praesens
2104 4559 2219 4617 vita

2331 4560 2390 4616 δὲ
2419 4571 2515 4624 τῆς
2570 4560 2838 4637 ἐργασίας,
2881 4562 2906 4612 ό
2938 4565 3116 4633 παρὼν
3172 4560 3308 4634 βίος·
3360 4565 3498 4637 πρωΐ
3543 4559 3603 4615 δέ
3648 4564 3738 4616 κάὶ
3779 4568 3931 4636 τρίτη

560 4637 899 4695 Diluculum
929 4654 1091 4709 vero,
1121 4640 1271 4697 hora
1291 4640 1481 4706 tertia,
1527 4647 1712 4709 sexta,
1744 4659 1926 4713 nona,
1951 4654 2006 4703 et
2031 4649 2217 4707 unde-

2328 4661 2438 4728 ῶρα
2482 4657 2574 4705 καὶ
2615 4654 2736 4709 ἕκτη
2776 4655 2867 4704 καὶ
2914 4648 3066 4709 ἐνάτη
3132 4655 3222 4703 καὶ
3270 4647 3543 4721 ἑνδεκάτη,
3584 4655 3642 4706 αἱ
3687 4650 3934 4727 διάφοροι

560 4729 726 4794 cima,
784 4728 962 4785 variae
1018 4728 1334 4786 hominum
1384 4734 1590 4812 mtates
1641 4733 1864 4806 quibus
1916 4737 1997 4794 ad
2038 4738 2217 4799 ﬁdem

2328 4752 2424 4796 τῶν
2484 4741 2756 4817 ἁνθρῶρων
2809 4740 3032 4809 ἡλικίαι,
3088 4740 3203 4794 καθ’
3253 4740 3313 4803 ἃς
3354 4750 3419 4814 τῇ
3484 4747 3661 4795 πίστει
3711 4746 3934 4816 προσέρ-

556 4818 822 4885 veniunt,
881 4821 938 4875 et
983 4818 1162 4891 probi
1200 4818 1340 4875 facti
1399 4822 1518 4875 Deo
1569 4820 1828 4894 placent.
1877 4825 2216 4887 Diluculum

2323 4853 2532 4905 χονται,
2578 4837 2669 4885 καὶ
2713 4828 3077 4905 εὐδοκιμοῦσι.
3113 4834 3257 4906 Πρωῖ
3418 4833 3544 4904 γὰρ,
3577 4834 3715 4896 ἦτοι,
3748 4838 3930 4906 πρώτη

555 4907 874 4982 siquidem,
903 4907 1027 4965 sive
1052 4907 1251 4980 prima
1277 4908 1451 4976 hora,
1479 4913 1625 4968 mtas
1649 4914 1742 4969 est
1770 4927 1980 4973 eorum
2009 4917 2109 4988 qui
2134 4920 2214 4977 ab

2324 4924 2454 4995 ὥρα,
2507 4923 2538 4980 ἠ
2590 4921 2773 4981 ἡλικία
2815 4929 2916 4973 τῶν
2969 4922 3213 4979 νηπιόθεν
3258 4918 3547 4978 κληθέντων
3596 4919 3670 4983 εἰς
3709 4922 3806 4983 τὰς
3839 4921 3935 4997 ῥη-

626 5041 674 5079 ”
706 5041 890 5099 Marc.
919 5057 980 5111 x,
999 5041 1091 5097 30.

1785 5191 2003 5263 Varia
2042 5195 2375 5267 lectiones
2402 5207 2470 5266 et
2498 5206 2680 5265 notae

727 5321 1121 5409 §pribendum
1150 5321 1407 5409 videtur,
1439 5324 1710 5409 τρὺςιτῶντ
1742 5398 1758 5409 ‘
1912 5400 1965 5409 Μ

2322 5332 2549 5409 simum
2595 5331 2831 5404 respicit
2857 5330 3070 5409 ‘ibidd
3118 5330 3194 5385 Ού
3242 5336 3353 5409 χρὴ
3394 5334 3563 5390 πάντα
3614 5338 3682 5389 τὰ
3730 5334 3778 5389 ἐν
3816 5343 3935 5401 ταῖς

620 5394 853 5481 (avi-loc
881 5395 1019 5481 1939‘
1038 5408 1161 5481 pr'o
1200 5394 1411 5450 κελεύει.
1446 5394 1873 5481 ῌΧρΗο-ςῑξὶωο
1900 5400 2209 5481 βὶιιδγεοξῑ.

2326 5403 2646 5481 παραϐολαῖς
2674 5394 2731 5463 δέ.
2768 5423 2823 5463 τ,
2857 5403 2913 5463 λ,

546 5467 592 5520 ι.
636 5464 758 5531 VII,
804 5482 865 5539 p.
915 5464 1058 5522 638i
1100 5468 1319 5523 Locum
1379 5464 1581 5524 autem
1638 5470 1991 5543 Euthymius
2021 5464 2219 5547 'potis-

618 5642 752 5727 (nn)
776 5643 1071 5727 Accipere.
1118 5646 1364 5727 Ifonere‘,
1393 5660 1770 5727 ‘recense_re.‘
1793 5651 2002 5727 Nescio
2058 5654 2207 5727 quid
2324 5656 2561 5713 Poterat
2591 5655 2773 5712 etiam
2804 5655 2998 5713 dicere
3030 5658 3237 5718 θέσθαι,

568 5713 753 5783 egerit
776 5713 1099 5771 Hentenius
1139 5719 1273 5775 loco
1328 5716 1594 5775 ἐκθέσθαι.
1643 5721 1813 5778 Forte
1860 5713 2202 5797 ὰδέχεέθαι.

2389 5728 2504 5799 (oo)
2526 5727 2833 5786 Similiter.
2860 5728 3071 5797 Simul,
3104 5713 3401 5800 uno‘loco,
3427 5744 3552 5789 non
3574 5745 3682 5804 per
3706 5733 3929 5805 partes.
