4178 6382
512 417 618 471 535
1839 397 2192 458 EUTHYMII
2229 395 2565 454 ZIGABENI
3793 397 3902 453 536

588 545 747 596 Vers.
785 541 869 594 15.
899 539 963 594 Si
1008 569 1076 577 --
1124 553 1273 592 sum.
1327 535 1513 601 Quod,
1555 550 1662 605 pro
1712 532 1833 598 sed,
1863 530 1956 584 hic
1989 525 2180 580 sumi-
2213 527 2238 578 λέ

2253 573 2254 577 η
2361 524 2423 577 Εἰ
2459 555 2525 562 -
2585 523 2727 595 έὶμι;
2777 526 2846 575 Τό
2897 525 2994 588 ὅτι,
3051 521 3164 575 ἀντὶ
3216 530 3329 586 τοῦ,
3390 523 3467 594 (9)
3522 522 3668 577 ἀλλά.
3745 528 3903 594 Λέγει

517 641 627 686 tur.
664 631 752 684 Ait
774 629 970 684 enim:
1007 628 1061 681 Si
1084 627 1290 680 oculus
1326 631 1461 680 tuus
1486 623 1724 678 invidus
1749 627 1854 682 est,
1881 617 2042 689 atqui
2067 632 2167 687 egc

2288 615 2410 685 γὰρ,
2467 616 2545 665 ὅτι
2580 613 2693 665 Ἐὰν
2741 615 2764 663 ὁ
2817 612 3072 684 ὀφθαλμός
3125 632 3216 664 σου
3266 611 3532 684 βάσκανος
3578 616 3736 684 ἐστιν,
3797 611 3903 664 ἀλλ’

515 723 710 777 bonus
744 736 896 786 sum,
933 733 1178 771 servans
1209 725 1264 770 et
1310 723 1360 769 te
1403 719 1460 769 et
1499 714 1683 768 illum.
1718 715 1798 765 Tu
1833 726 1969 764 vero
2003 724 2075 761 ne
2109 722 2165 760 ex

2290 700 2376 754 οὖν
2431 702 2529 774 ἐγὼ
2570 701 2767 773 ἁγαθός
2802 703 2928 774 εἰμι,
2988 703 3166 763 σώζων
3206 705 3295 774 μὲν
3345 707 3434 754 καὶ
3487 702 3561 768 σέ,
3609 704 3789 763 σώζων
3841 701 3904 755 δὲ

517 811 633 866 hoc
663 809 916 864 turberis
944 806 1118 877 quasi
1145 803 1405 875 aequalia
1425 804 1641 857 dentur
1661 801 1871 855 bravia
1899 798 1992 852 his
2019 796 2167 868 quia

2289 798 2378 844 καὶ
2422 801 2622 847 τοῦτον.
2679 796 2745 844 Σὺ
2801 789 2861 845 δε
2915 797 2986 864 μὴ
3037 790 3329 866 θορυϐηθῇς
3374 791 3618 858 ἐντεῦθεν,
3663 796 3732 853 ὡς
3767 796 3900 844 ἴσων

520 900 717 971 prima
751 900 923 951 astate
971 910 1160 965 usque
1202 893 1277 947 ad
1316 893 1496 947 ﬁnem
1538 889 1882 960 evangelica
1912 901 2170 942 servave'

2293 881 2551 955 βραϐείων
2599 885 2969 956 παρεχομένων
3023 887 3114 934 καὶ
3164 889 3272 942 τοῖς
3320 881 3375 934 ἐκ
3428 889 3633 956 πρώτης
3689 882 3903 945 ἡλικίας

518 991 658 1042 runt
700 989 1023 1057 praecepta,
1069 989 1124 1037 et
1161 982 1253 1037 his
1295 981 1398 1052 qui
1437 982 1496 1036 in
1541 985 1846 1052 postrema
1883 981 2053 1031 relate
2091 990 2168 1030 act

2292 971 2426 1046 ἆχρι
2474 972 2644 1033 τέλους
2699 971 3070 1045 ἐργασαμένοις
3122 971 3212 1032 τὰς
3270 971 3610 1044 εὐαγγελικὰς
3675 971 3898 1044 ἐντολαό,

519 1078 899 1148 quieverunt.
963 1073 1164 1129 Solum
1213 1073 1371 1127 enim
1425 1070 1626 1126 docuit
1679 1067 1970 1141 parabola
2018 1065 2169 1137 quoc'

2291 1067 2381 1114 καὶ
2411 1058 2520 1122 τοῖς
2551 1061 2598 1113 ἐν
2630 1060 2846 1133 ἐσχάτῳ
2874 1067 3017 1135 γήρα
3057 1061 3499 1136 εῦαρεστήσασιν.
3541 1060 3600 1114 Η’
3627 1061 3899 1137 παραϐολὴ

521 1147 827 1237 aequaliter
872 1163 1018 1217 salvi
1072 1163 1242 1225 fiunt,
1293 1177 1415 1216 non
1455 1160 1621 1232 quod
1661 1160 1839 1214 etiam
1883 1156 2171 1228 {equalitei

2292 1153 2394 1224 γὰρ
2443 1157 2596 1222 μόνον
2645 1147 2906 1216 ἐδίδαξεν,
2939 1153 3016 1202 ὅτι
3054 1149 3240 1212 ἐπίσης
3277 1151 3554 1217 σώζονται,
3597 1151 3656 1203 οὐ
3687 1156 3789 1224 μὴν
3820 1153 3906 1204 ὅτι

522 1254 952 1324 gloriﬁcantur,
983 1252 1150 1306 salus
1181 1251 1478 1322 siquidem
1504 1254 1593 1305 est
1618 1265 1737 1303 non
1760 1247 1972 1319 perire,
1999 1244 2172 1313 gloria

2294 1245 2385 1291 καὶ
2455 1238 2637 1300 ἐπίσης
2697 1237 3030 1302 δοξάζονται.
3096 1245 3335 1314 Σωτηρία
3389 1242 3479 1312 μεν
3534 1243 3657 1314 γὰρ,
3713 1244 3770 1293 τό
3826 1245 3901 1313 μὴ

521 1360 660 1399 vero
693 1343 980 1412 consequi
1007 1341 1213 1396 bravia
1238 1357 1376 1412 quae
1403 1340 1568 1394 varia
1595 1339 1916 1408 suntjuxta
1945 1350 2167 1407 propor

2299 1328 2604 1381 ἀπολέσθαι·
2663 1326 2794 1390 δόξα
2826 1326 2905 1393 δὲ,
2951 1333 3009 1380 τὸ
3055 1337 3240 1401 τυχεῖν
3283 1329 3558 1404 βραϐείων,
3612 1331 3647 1382 α’
3675 1327 3909 1403 διάφορά

525 1433 752 1487 tionem
783 1432 925 1485 data
951 1430 1045 1484 his
1076 1431 1177 1500 qui
1216 1434 1542 1484 servantur.

2300 1419 2403 1470 εἰσι
2435 1422 2569 1470 κατὰ
2598 1418 2874 1488 ἀναλογίαν
2904 1415 3161 1490 διδόμενα
3189 1428 3297 1481 τοῖς
3331 1421 3659 1492 σωζομένοις.

595 1524 754 1575 Vers.
805 1521 890 1574 16.
944 1520 1035 1575 Sic
1083 1551 1151 1558 —
1204 1518 1521 1574 novissimi.
1575 1521 1701 1573 Non
1750 1517 1863 1571 hoc
1913 1532 1982 1570 ex
2022 1531 2192 1585 para-

2374 1510 2554 1570 Οὗτως
2605 1538 2674 1548 -
2713 1510 2952 1579 ἔσχατοι.
3006 1508 3116 1560 Οῦκ
3173 1509 3228 1561 ἐκ
3273 1517 3363 1569 τῆς
3400 1509 3699 1582 παραϐολῆς
3754 1518 3908 1562 τοῦτο

527 1611 670 1666 bola
724 1609 1053 1673 conclusit;
1099 1625 1238 1662 nam
1295 1609 1684 1677 impertinens
1738 1612 1843 1660 est.
1898 1605 1979 1659 lbi
2034 1606 2177 1657 enin‘

2304 1602 2656 1672 συνεπέρανενσ
2703 1596 2950 1650 ἀνοίκειον
2988 1599 3111 1672 γὰρ’
3170 1594 3310 1650 διότι
3353 1598 3454 1650 ἐκεῖ
3494 1602 3583 1670 μεν
3639 1602 3747 1651 ἶσοι
3794 1602 3909 1671 (10)

535 1699 747 1770 primis
775 1698 1038 1768 tequales
1069 1702 1204 1751 sunt
1231 1697 1535 1767 postremi,
1562 1695 1659 1750 hic
1687 1701 1885 1750 autem
1912 1697 2185 1764 postremi

2303 1695 2412 1747 τοῖς
2461 1693 2688 1761 πρώτοις
2747 1689 2796 1739 οἱ
2851 1689 3096 1759 ἔσχατον
3158 1686 3379 1740 ἐνταῦθα
3446 1685 3504 1740 δὲ
3572 1691 3619 1740 οι
3684 1692 3910 1761 ἔσχατοι

525 1789 806 1845 dicuntur
839 1789 1032 1858 primi.
1081 1787 1193 1840 Sed
1244 1786 1390 1841 alius
1439 1791 1531 1841 est
1575 1786 1670 1840 hic
1720 1802 1938 1846 sermo.
1972 1785 2175 1840 docen:

2302 1785 2520 1848 πρῶτοι.
2578 1776 2683 1828 ἀλλ’
2736 1778 2902 1849 ἕτερος
2953 1773 3104 1839 οὗτος
3169 1779 3194 1829 ὁ
3241 1777 3411 1849 λόγος,
3470 1774 3764 1844 διδάσκων,
3829 1782 3913 1831 ὅτι

525 1877 691 1949 quod
748 1876 897 1930 sicut
945 1875 1090 1930 illud
1144 1874 1381 1938 accidit,
1413 1882 1478 1930 ut
1528 1875 1632 1946 qui
1689 1891 1724 1929 a
1773 1875 1969 1945 prima
2026 1879 2175 1928 aetati

2263 1866 2476 1940 ηῶσπερ
2537 1864 2694 1918 έκεῖνο
2747 1870 2968 1936 γίνεται,
3023 1870 3081 1918 τό
3137 1874 3244 1926 τοῖς
3302 1866 3356 1919 ἐκ
3418 1874 3630 1939 πρώτης
3706 1867 3913 1930 ἡλικίας

525 1965 756 2037 operati
799 1971 956 2028 sunt,
1013 1964 1309 2035 aequalem
1371 1963 1671 2034 accipiant
1727 1963 2064 2017 mercedem
2104 1963 2175 2016 his

2306 1954 2676 2028 ἕργασαμένοις
2751 1952 2862 2007 ἶσον
2921 1957 3111 2028 μισθὸν
3181 1955 3353 2008 λαϐεῖν
3410 1961 3526 2017 τοὺς
3587 1955 3635 2008 ἐν
3694 1958 3913 2030 ἐσχάτῳ

525 2055 628 2127 qui
658 2054 717 2108 in
748 2060 1054 2124 postrema
1080 2055 1524 2124 acquieverunt,
1552 2054 1633 2108 ita
1660 2069 1804 2108 sane
1829 2059 1884 2108 et
1914 2053 2029 2106 hoc
2059 2067 2171 2107 con

2305 2050 2446 2118 γήρᾳ
2493 2045 2964 2119 εὐαρεστήσαντας,
3017 2047 3180 2108 οὕτως
3228 2049 3332 2121 ἄρα
3375 2053 3462 2098 και
3499 2054 3652 2099 τοῦτο
3689 2052 3911 2118 γίνεται,

531 2144 719 2212 tingit,
750 2148 808 2196 ut
831 2141 1143 2197 novissimi
1159 2148 1492 2213 appareant
1511 2142 1708 2213 primi,
1731 2148 1786 2196 et
1806 2142 1980 2213 primi
2006 2142 2181 2196 novis

2306 2138 2364 2187 τὸ
2415 2138 2535 2196 τοὺς
2586 2133 2848 2206 ἐσχάτους
2892 2141 3131 2208 πρώτους
3175 2144 3417 2208 φανῆναι,
3471 2141 3561 2188 καὶ
3608 2142 3724 2197 τοὺς
3775 2144 3920 2195 πρώ-

527 2231 696 2287 ιείωί.
732 2231 988 2286 Possunt
1021 2235 1224 2284 autem
1270 2230 1330 2285 hi
1375 2247 1504 2285 esse
1536 2230 1846 2285 Christiani
1878 2237 1932 2284 et
1963 2230 2155 2284 Judaei

2307 2243 2424 2284 τους
2482 2223 2765 2295 ἐσχάτους.
2831 2221 2937 2277 Εἶεν
2996 2220 3045 2276 δ’
3113 2223 3174 2276 ἂν
3226 2233 3275 2277 οἰ
3330 2245 3383 2278 τε
3437 2231 3766 2300 Χριστιανοὶ,
3826 2231 3919 2278 καὶ

540 2326 644 2376 aut
687 2319 956 2374 ﬁdelium
1015 2319 1266 2390 quidam
1330 2320 1391 2374 in
1447 2319 1756 2391 principiis
1809 2320 2190 2388 negligentes,

2310 2316 2358 2365 οἱ
2409 2309 2681 2381 Ἰουδαῖοι,
2735 2318 2959 2365 καὶτῶν
3007 2322 3208 2366 πιστῶν
3257 2315 3307 2367 οἱ
3342 2314 3393 2378 ἐξ
3432 2314 3609 2388 ἀρχῆς
3651 2319 3741 2387 μεν
3792 2315 3920 2388 ἁμε-

539 2410 937 2482 postmodum
980 2426 1121 2464 vero
1171 2409 1323 2464 serio
1367 2426 1616 2481 operam
1669 2409 1915 2475 dantes;
1949 2411 2189 2481 quidam

2309 2403 2581 2470 λήσαντες,
2627 2402 2842 2477 ὓστερον
2892 2401 2951 2455 δὲ
3000 2400 3420 2469 σπουδάσαντες,
3469 2409 3555 2456 καὶ
3585 2407 3635 2457 οἱ
3689 2403 3736 2456 ἐν
3770 2403 3914 2479 ἀρχῇ

540 2503 743 2554 autem
788 2498 849 2553 in
895 2499 1202 2570 principiis
1246 2498 1576 2568 diligentes,
1633 2500 2022 2570 postmodum
2063 2516 2190 2555 verc

2312 2495 2400 2565 μεν
2457 2489 2867 2563 σπουδάσαντες,
2925 2491 3139 2567 ὕστερον
3177 2489 3236 2546 δε
3285 2492 3654 2567 ἀμελήσαντες.
3699 2501 3774 2547 Ου
3812 2497 3916 2570 γὰρ

541 2588 949 2656 negligentes;
1002 2604 1195 2659 neque
1241 2589 1403 2642 enim
1452 2589 1510 2642 in
1560 2587 1678 2642 ﬁde
1728 2588 1943 2653 solum,
1993 2590 2097 2645 sed
2143 2599 2191 2644 In

2313 2581 2398 2634 ἐπὶ
2442 2587 2668 2643 πίστεως
2714 2586 2888 2654 μόνον,
2939 2581 3068 2635 ἀλλὰ
3118 2589 3208 2636 καὶ
3257 2585 3342 2636 ἐπὶ
3394 2582 3516 2657 βίου
3573 2588 3628 2636 αἱ
3679 2592 3921 2636 τοιαῦται

568 2678 690 2733 vita
723 2693 969 2748 quoque
1004 2677 1154 2732 fiunt
1202 2677 1552 2748 hujusmodi
1593 2679 1895 2733 transitus.

1117 2684 1154 2731 ιῐ
1202 2677 1552 2748 hujusmodi
1593 2679 1895 2733 transitus.
2315 2672 2428 2743 (11)
2460 2670 2767 2744 μεταϐολαί.

613 2767 778 2821 Vers.
815 2771 896 2821 16.
926 2766 1107 2820 Multi
1138 2799 1205 2806 —
1236 2768 1405 2822 electi
1454 2767 1608 2822 Multi
1640 2768 1882 2838 quidem
1913 2769 1987 2824 ad
2020 2768 2203 2824 ﬁdem

2389 2760 2573 2813 Πολλοὶ
2641 2792 2710 2802 --
2775 2761 3029 2819 ἐκλεκτοί,
3106 2761 3292 2816 Πολλοὶ
3348 2764 3458 2836 μέν,
3513 2766 3562 2817 οὶ
3618 2763 3924 2837 καλούμενοι

543 2855 737 2910 vocati
775 2860 932 2920 sunt,
966 2856 1144 2926 pauci
1173 2873 1309 2911 vero
1342 2857 1750 2928 acquiescunt.

2318 2851 2388 2911 εἰς
2415 2856 2510 2908 τὴν
2541 2855 2742 2903 πίστιν·
2777 2850 2944 2922 ὀλίγοι
2975 2848 3056 2921 δὲ,
3083 2854 3132 2905 οἱ
3161 2853 3570 2926 εὐαρεστοῦντες.

616 2947 780 2999 Vers.
819 2945 903 2998 17.
955 2946 1034 2999 Et
1079 2976 1145 2984 -
1195 2947 1353 2999 Vers.
1405 2948 1490 3000 19.
1545 2947 1958 3015 cruri/ﬁgatur.
1995 2953 2207 3003 Ascen-

2393 2944 2490 2992 Καὶ
2547 2971 2615 2980 -
2673 2950 2996 3013 σταυρῶσαι.
3053 2939 3424 3016 Ἀνερχόδενος
3481 2943 3565 2995 ἐπὶ
3630 2947 3686 2996 τὸ
3753 2945 3927 3005 Πάθος

546 3034 837 3104 densjam
863 3034 940 3088 ad
969 3035 1314 3089 Passionem
1344 3051 1582 3090 rursum
1611 3037 1877 3106 pragdicit
1899 3038 2196 3108 discipulis

2321 3026 2451 3094 ἢδη,
2530 3029 2684 3080 πάλιν
2759 3030 2994 3104 προλέγει
3058 3038 3162 3091 τοῖς
3219 3033 3484 3104 μαθηταῖς
3551 3035 3616 3084 τὰ
3683 3032 3933 3105 μέλλοντα

546 3139 680 3194 συξη
714 3123 980 3178 futurum
1011 3129 1102 3178 est
1133 3130 1195 3178 ut
1228 3125 1335 3195 ipsi
1367 3126 1734 3193 contingant,
1771 3131 1830 3180 ut
1860 3127 2068 3182 crebro
2102 3128 2196 3182 illis

2323 3118 2460 3188 αὐτῷ
2517 3117 2842 3191 συμϐαίνειν,
2895 3119 2942 3172 ἐν
2996 3129 3069 3191 τῷ
3119 3130 3324 3183 πυκνῶς
3362 3130 3530 3174 ταῦτα
3576 3121 3838 3197 προλέγειν
3871 3126 3929 3174 τό

547 3212 930 3285 praedicendo
963 3213 1190 3268 auferat
1217 3215 1628 3270 vehementem
1656 3231 1861 3270 eorum
1895 3217 2187 3272 tristitiam

2286 3207 2452 3288 :nolﬁ
2506 3217 2600 3270 τῆς
2647 3208 2815 3270 λύπης
2867 3209 3034 3261 αὐτῶν
3089 3211 3512 3283 ὑποτεμνόμενος.
3569 3209 3824 3264 Κατιδίαν
3875 3209 3936 3264 δε

551 3303 812 3359 Seorsim
847 3307 1045 3356 autem
1079 3301 1152 3356 de
1199 3302 1293 3356 his
1324 3303 1564 3357 disserit
1596 3303 1729 3367 illis,
1765 3303 2061 3374 siquidem
2093 3322 2201 3360 non

2324 3297 2498 3357 αὐτοῖς
2545 3302 2664 3372 περὶ
2714 3300 2906 3350 τούτων
2960 3299 3072 3370 (12)
3125 3295 3442 3372 διαλέγεται,
3499 3299 3642 3354 διότι
3683 3301 3778 3353 οῦκ
3826 3299 3939 3354 ἔδει

549 3391 770 3447 multos
802 3390 933 3445 haec
955 3391 1103 3444 scire
1133 3391 1451 3461 oportebat
1479 3407 1552 3445 ne
1575 3391 2036 3448 offenderentur.
2067 3398 2199 3450 Nan:

2325 3395 2493 3440 ταῦτα
2539 3389 2719 3458 μαθεῖν
2763 3393 2884 3449 τοὺς
2927 3388 3162 3454 πολλοὺς,
3219 3388 3303 3441 ἱνα
3331 3396 3402 3463 μὴ
3449 3387 3932 3446 σκανδαλισθώσιν.

551 3481 599 3536 si
622 3481 753 3536 haec
781 3479 1090 3534 audientes
1125 3478 1401 3550 discipuli
1430 3480 1844 3547 turbabantur,
1874 3483 2060 3539 multo
2093 3502 2201 3542 ma-

2326 3476 2387 3529 Εἰ
2411 3479 2512 3549 γὰρ
2540 3479 2588 3529 οἱ
2613 3479 2849 3548 μαθηταὶ
2873 3485 3039 3530 ταῦτα
3070 3477 3341 3540 ἀκούοντες
3371 3478 3730 3552 ἐθορυϐοῦντο,
3763 3479 3933 3551 πολλῷ

552 3570 642 3639 gis
677 3568 889 3623 turbas.

2326 3565 2516 3638 μᾶλλον
2547 3568 2596 3618 οἱ
2622 3565 2796 3637 ὄχλοι.

626 3660 741 3713 Cur
771 3671 914 3725 ergo
942 3671 1065 3711 non
1112 3656 1339 3712 dictum
1386 3663 1472 3713 est
1515 3657 1589 3714 de
1635 3659 1728 3714 his
1775 3665 1832 3715 et
1857 3662 1934 3717 ad
1964 3662 2216 3717 turbas?

2397 3658 2460 3710 Ti
2516 3651 2606 3708 οὖν
2667 3656 2761 3707 οὐκ
2817 3655 3006 3728 ἐλέχθη
3061 3662 3180 3730 περὶ
3235 3660 3425 3710 τούτων
3482 3661 3571 3709 καὶ
3625 3661 3754 3731 πρὸς
3811 3662 3937 3720 τοὺς

556 3745 787 3801 Dictum
829 3749 912 3798 est
938 3743 1205 3814 quidem,
1235 3745 1339 3799 sed
1388 3762 1511 3800 non
1558 3747 1869 3803 manifeste
1902 3766 1914 3803 :
1944 3749 2041 3805 Sic
2081 3752 2206 3814 erit,

2327 3744 2548 3806 πολλούς
2573 3763 2589 3815 ;
2639 3744 2860 3816 Ἐλέχθη
2902 3748 3012 3818 μεν,
3047 3745 3150 3798 ἀλλ’
3197 3746 3304 3818 οὐχ
3354 3747 3484 3800 οὕτω
3535 3756 3726 3819 σαφῶς,
3776 3751 3934 3801 Οὕτω

553 3832 768 3903 inquit,
802 3832 986 3886 Filius
1015 3833 1268 3888 hominis
1295 3834 1356 3889 in
1389 3835 1566 3890 corde
1592 3843 1767 3892 terrae
1798 3839 1987 3892 tribus
2017 3839 2203 3894 diebu:

2327 3837 2452 3906 γὰρ.
2513 3839 2694 3905 φησὶν,
2754 3837 2902 3886 ἔσται
2957 3835 3046 3887 καὶ
3111 3837 3136 3887 ὁ
3215 3839 3336 3898 Υἱός
3387 3844 3479 3889 τοῦ
3550 3835 3823 3912 ἀνθρώπου
3884 3845 3932 3894 ἐν

556 3927 611 3978 et
645 3922 834 3976 tribus
865 3923 1132 3976 noctibus
1174 3922 1221 3956 ⁵⁵
1249 3938 1262 3987 ;
1295 3927 1352 3977 et
1390 3924 1529 3979 alibi
1577 3925 1796 3980 similia
1829 3926 1938 3980 illis
1966 3928 2206 3982 obscure

2329 3932 2390 3996 τῇ
2451 3920 2648 3997 καρδίᾳ
2718 3932 2810 3985 τῆς
2879 3934 2979 3995 γῆς
3052 3933 3185 3997 τρεῖς
3241 3928 3433 3998 ἡμέρας
3509 3932 3599 3979 καὶ
3653 3937 3788 4002 τρεῖς
3847 3935 3932 3982 νύ-

557 4011 814 4076 dicebat,
850 4010 1002 4064 sicut
1041 4010 1101 4064 in
1150 4013 1537 4082 sequentibus
1581 4014 1974 4070 inveniemus.
2006 4019 2207 4072 Verum

2329 4032 2476 4073 κτας.
2535 4017 2635 4066 Καὶ
2692 4013 2926 4084 ἀλλαχοῦ
2981 4011 3040 4066 δὲ
3094 4023 3313 4067 τοιαῦτα
3362 4020 3492 4086 πρός
3551 4018 3742 4080 αὐτοὺς
3801 4017 3934 4072 εἶπεν

558 4117 696 4156 cum
723 4102 852 4156 haec
884 4117 1006 4155 non
1031 4101 1445 4171 intelligerent,
1475 4121 1662 4176 quare
1694 4107 1940 4161 omnino
1972 4123 2040 4161 ea
2067 4107 2208 4162 dice-

2333 4101 2567 4174 ἀσαφῶς,
2603 4106 2672 4165 ὡς
2718 4108 2982 4177 προϊόντες
3029 4105 3335 4179 εὑρήσομεν.
3384 4106 3492 4158 Καὶ
3543 4106 3648 4159 ἐπεὶ
3705 4109 3763 4160 οὗ
3817 4129 3938 4161 συν-

557 4191 664 4245 bat
705 4189 860 4245 illis?
912 4193 981 4245 Ut
1033 4207 1172 4246 cum
1223 4193 1612 4263 postmodum
1663 4211 1732 4249 ea
1773 4201 2202 4264 cognoscerent

2337 4196 2480 4244 ίεσαν
2535 4192 2688 4262 αὐτὰ,
2739 4189 2885 4245 διατί
2933 4193 3060 4254 ὀλως
3107 4202 3276 4246 ταῦτα
3322 4198 3452 4268 πρὸς
3502 4197 3688 4258 αὐτοὺς
3735 4198 3937 4269 ἓλεγενς

562 4280 782 4335 scirent
812 4280 979 4351 quod
1026 4296 1162 4352 quae
1213 4297 1507 4352 passurus
1559 4289 1685 4338 erat
1713 4293 2212 4355 prmcognoverat,

2331 4281 2442 4334 Ἵνα
2489 4284 2616 4353 μετὰ
2657 4289 2824 4335 ταῦτα
2879 4284 3128 4355 μαθόντες
3178 4282 3310 4336 αὐτὰ
3356 4292 3570 4355 γνῶσιν,
3624 4289 3698 4340 ὅτι
3757 4307 3940 4361 προγι-

561 4373 620 4425 et
643 4368 976 4424 voluntarie
1008 4369 1084 4425 ad
1117 4371 1461 4440 passionem
1493 4377 1756 4428 venerat.

2334 4378 2567 4437 νώσχων,
2601 4371 2636 4422 οἷ
2663 4374 2844 4424 παθεῖν
2871 4372 3088 4444 ἔμελλεν,
3121 4372 3247 4424 ἑκὼν
3279 4370 3426 4431 ἦλθεν
3460 4375 3527 4435 εἰς
3559 4380 3617 4427 τό
3646 4379 3840 4428 παθεῖν.

635 4458 750 4513 Sed
780 4472 974 4529 neque
1004 4458 1316 4530 discipulis
1369 4461 1658 4534 principio
1690 4464 2122 4534 particulariter
2151 4466 2224 4520 de

2404 4459 2560 4514 Ἀλλὰ
2608 4464 2698 4512 καὶ
2745 4468 2855 4522 τοῖς
2900 4463 3164 4533 μαθηταῖς
3215 4461 3309 4514 οὐκ
3359 4463 3410 4526 ἑξ
3465 4463 3642 4538 ἀρχῆς
3700 4465 3945 4538 λεπτομε-

561 4546 656 4602 his
685 4546 920 4600 locutus
954 4552 1063 4610 est,
1097 4547 1202 4603 sed
1249 4550 1512 4619 primum
1552 4552 1796 4622 quidem
1825 4554 2099 4622 obscure,
2129 4554 2211 4609 de

2294 4559 2438 4645 ’ρῶς
2503 4547 2611 4602 εἶπε
2659 4555 2778 4624 περὶ
2835 4553 3049 4621 τούτων,
3106 4549 3235 4604 ἀλλὰ
3289 4562 3492 4626 πρῶτον
3541 4558 3631 4626 μὲν
3695 4553 3944 4629 ἀμυδρό-

562 4634 704 4691 inde
725 4634 1118 4691 manifestius.
1142 4639 1308 4693 Nunc
1335 4654 1472 4694 vero
1494 4657 1632 4695 cum
1659 4643 1903 4697 tandem
1932 4644 2212 4699 Passionis

2291 4634 2301 4647 ’
2334 4660 2496 4715 τερον,
2557 4636 2669 4692 εἶτα
2721 4646 3085 4715 φανερώτερον.
3122 4648 3229 4694 Νῦν
3284 4638 3360 4707 δὲ,
3418 4645 3502 4696 ὅτε
3539 4644 3716 4697 λοιπὸν
3761 4645 3941 4718 ἑνιγυ-

565 4723 851 4796 opinione
895 4726 1194 4782 exercitati
1226 4733 1382 4794 sunt,
1435 4729 1613 4784 etiam
1647 4729 1763 4785 alia
1813 4733 2215 4802 particularius

2334 4733 2645 4803 μνάσθησαν
2711 4739 2772 4803 τῇ
2831 4728 3132 4804 προσδοκίᾳ
3186 4739 3279 4784 τοῦ
3344 4735 3571 4800 Πάθους,
3639 4735 3939 4808 λεπτομερέ-

569 4812 756 4882 addit,
795 4815 961 4885 quod
994 4815 1230 4874 tradent
1275 4833 1416 4873 eum
1465 4819 1741 4887 gentibus
1775 4821 1898 4874 sive
1938 4821 2219 4877 militibus

2337 4841 2516 4894 στερον
2576 4825 2666 4873 καὶ
2716 4824 2782 4874 τὰ
2835 4820 2965 4874 ἄλλα
3009 4823 3384 4896 προστίθησιν,
3443 4826 3524 4876 ὅτι
3562 4829 3651 4876 καὶ
3688 4821 3940 4899 παραδώ-

643 4995 690 5029 ⁵⁵
723 4993 925 5051 Matth.
954 5010 1057 5061 xu,
1090 4998 1180 5050 40.

1823 5124 2048 5192 Variae
2085 5125 2408 5194 lectiones
2440 5135 2504 5194 et
2525 5135 2727 5194 notae.

643 5317 723 5397 (ἓ)
751 5320 914 5397 Hanc
945 5316 1500 5397 interpretationem
1547 5320 1779 5397 peperit
1805 5321 1978 5397 lectio
2010 5322 2071 5397 εἰ,
2106 5322 2240 5397 loco
2346 5323 2519 5397 Modo
2544 5327 2681 5395 post
2715 5321 2857 5397 ἐμοῖς
2885 5323 3155 5379 deleatur
3183 5323 3588 5397 interrogandi
3616 5331 3780 5383 nota.

575 5391 630 5475 ᾖ.
666 5391 821 5472 Eam.
852 5390 1076 5475 invexit
1119 5391 1425 5475 Chrysostl.
1474 5394 1516 5475 t.
1549 5390 1693 5475 ‘VII,
1725 5408 1804 5475 ι).-
1837 5395 1961 5475 ό37,
2007 5395 2124 5475 638Δ
2139 5396 2244 5475 qui
2419 5390 2849 5475 (10)"_Iaoi.'lta
2888 5411 3046 5467 saepe
3073 5395 3309 5452 variant
3351 5390 3529 5453 co'dd.
3579 5415 3719 5454 mss.
3751 5397 3813 5455 in
3843 5399 3958 5456 hoc

577 5464 776 5533 tamen
808 5461 967 5533 istud
990 5461 1128 5512 εἰ-
1150 5463 1230 5513 ὅτι
1262 5461 1606 5533 prudenter,
1639 5469 1700 5518 ut
1721 5461 1888 5527 solet,
1923 5481 2041 5520 non
2074 5461 2243 5520 attin-
2346 5461 2667 5523 vocabulo.

582 5530 905 5609 εἱῐηΕὶ-θῖῇ
960 5530 1579 5609 est__mera_'_confusio
1609 5535 1925 5590 vocalium.
1959 5539 2035 5590 Ex
2068 5537 2232 5592 inter-

2015 5554 2035 5590 κ
2068 5537 2243 5592 inter-
2417 5539 2528 5609 (11)
2561 5541 2642 5593 Ac
2675 5537 2724 5592 si
2754 5537 3061 5609 μεταϐάσεις
3087 5537 3292 5606 legerit
3323 5540 3665 5596 Hentenius.

580 5605 743 5679 prete
773 5602 978 5679 Latino
1009 5603 1153 5679 nihil
1184 5604 1375 5674 colligi
1417 5611 1634 5677 potest.
1680 5609 1825 5679 Nam
1849 5678 1852 5679 ν
1873 5611 1920 5662 is
1950 5613 2107 5664 recte
2139 5625 2230 5679 po-

2413 5602 2526 5679 (12)
2558 5602 2775 5674 Τούτου,
2809 5612 2872 5664 Α.
2913 5612 3038 5668 Mox
3071 5602 3230 5666 idem
3262 5612 3479 5669 omittit
3506 5616 3629 5673 τούς
3659 5616 3793 5670 ante
3826 5614 3952 5667 πολ-

583 5673 1030 5746 teratredderei;
1057 5692 1163 5746 per
1185 5692 1283 5733 an.
1311 5673 1856 5743 Caeterum,etiamsi
1876 5673 2233 5746 probetursi.

830 5673 1030 5746 lderei;
1057 5692 1163 5746 per
1185 5692 1283 5733 an.
1311 5673 1856 5743 Caeterum,etiamsi
1876 5673 2237 5746 probetursi.
2342 5673 2480 5742 λοῦς.

583 5747 786 5799 tamen
815 5743 981 5801 nulla
1008 5743 1099 5802 est
1125 5749 1448 5806 necessitas
1474 5753 1554 5802 ὅτι
1583 5743 1919 5822 explicandi
1949 5768 2057 5823 per
2087 5751 2234 5806 ἀλλὰ.
