4178 6396
312 428 423 485 537

319 571 505 606 σουσιν
566 550 722 604 αὐτόν
774 558 880 612 τοῖς
942 553 1158 620 ἔθνεσιν,
1213 552 1390 623 ἣγουν,
1451 559 1556 611 τοῖς
1604 550 1659 603 ἐκ
1722 551 1925 624 Ῥώμης
1961 553 2001 605 Λ

322 660 676 715 στρατιωταις
763 649 856 694 τοῦ
933 643 1332 714 ἡγεμονεύοντος
1422 640 1469 693 ἐν
1547 640 1926 715 Ἰεροσολύμοις

320 732 571 798 Πιλάτου,
626 735 716 783 καὶ
764 732 846 784 ὃτι
894 729 1237 803 έμπαίξουσιν
1284 730 1428 784 οὗτοι
1475 730 1638 804 αύτῷ,
1686 736 1776 784 καὶ
1821 752 1923 805 μα⁴

320 827 681 894 πιγὼσουσιν
706 824 794 874 καὶ
828 825 1245 896 σταυρώσουσιν.

394 914 496 966 Καὶ
559 941 633 953 -—
693 908 1067 968 ἀναστήσεται.
1144 911 1317 965 Εἰπὼν
1376 912 1443 963 τὰ
1494 909 1776 978 λυποῦντα,
1844 910 1926 963 λέ-

316 1021 404 1075 γει
455 1006 545 1054 καὶ
596 1003 657 1054 τὸ
704 1002 1190 1074 παραμυθούμενον,
1234 1002 1317 1054 ἶνα
1362 1002 1483 1054 ὅταν
1516 997 1707 1055 ἴδωσιν
1737 1000 1922 1073 ἐκεῖνα,

322 1086 745 1166 προσδοκήσωσι
801 1094 891 1143 καὶ
946 1096 1121 1143 τοῦτο.
1174 1096 1384 1153 Λουκᾶς
1432 1086 1493 1144 δέ
1544 1110 1721 1164 φησιν,
1768 1091 1926 1144 εἰπεῖν

317 1182 451 1257 πρὸς
503 1180 693 1242 αὐτοὺς
756 1183 843 1233 τὸν
908 1181 1160 1254 Χριστὸν,
1233 1181 1315 1233 ὅτι
1386 1184 1487 1235 Καὶ
1556 1182 1926 1240 τελεσθήσεται

318 1271 493 1323 πάντα
571 1272 639 1323 τὰ
733 1272 1068 1343 γεγραμμένα
1147 1266 1244 1323 διὰ
1314 1278 1416 1322 τῶν
1488 1279 1767 1343 προφητῶν
1851 1278 1924 1341 τῷ

316 1364 426 1431 Υίῷ
478 1366 572 1412 τοῦ
624 1356 918 1433 ἀνθρώπου,
990 1363 1103 1429 καὶ,
1163 1360 1241 1413 ὅτι
1307 1359 1456 1413 αὐτοὶ
1508 1356 1658 1413 ούδὶν
1727 1362 1923 1413 τούτων

320 1458 573 1508 συνῆκαν.
627 1450 694 1501 Οἱ
750 1450 840 1521 μεν
909 1451 1009 1524 γὰρ
1066 1457 1330 1524 προφῆται
1407 1448 1725 1523 λεπτομεροῦς
1806 1453 1924 1521 περὶ

317 1540 525 1591 πάντων
570 1537 732 1590 αὐτοῦ
782 1546 883 1591 τῶν
938 1539 1261 1611 παθημάτων
1310 1547 1574 1613 προεῖπον,
1614 1543 1705 1591 καὶ
1754 1538 1797 1591 εἰ
1849 1543 1920 1610 μὴ

319 1627 479 1681 πολύν
538 1626 742 1700 ἔμελλον
789 1625 1066 1680 ἀποτείνειν
1120 1627 1293 1699 λόγον,
1346 1631 1524 1689 πάσας
1579 1630 1641 1681 ἄν
1710 1630 1925 1701 παρεθέ-

321 1737 426 1790 μην
480 1720 577 1779 τὰς
627 1722 747 1792 περὶ
800 1720 995 1770 τούτων
1050 1723 1381 1792 προφητείας.
1441 1719 1509 1770 0i
1566 1717 1625 1770 ὀὶ
1689 1719 1924 1791 μαθηταὶ

320 1804 475 1860 ούδὶν
524 1809 745 1871 τούτων,
798 1814 898 1858 τῶν
954 1812 1323 1881 γεγραμμένων
1381 1803 1623 1866 δηλονότι
1677 1803 1770 1860 διὰ
1824 1816 1925 1859 τῶν

319 1905 619 1972 προφητῶν,
680 1903 911 1955 συνῆκαν
957 1902 1091 1951 τότε,
1144 1896 1300 1949 ’Δλλά
1354 1901 1445 1949 καὶ
1499 1894 1579 1963 ἧν,
1639 1898 1705 1958 ὡς
1749 1898 1916 1969 (13)ὀ
1956 1916 1999 1970 Β

324 1986 480 2048 αὐτὸς
544 1988 637 2059 ἔφη
712 1991 934 2057 Λουκᾶς,
1005 1989 1065 2038 τό
1129 1987 1275 2061 ῥῆμα
1352 1994 1506 2039 τοῦτο
1579 1990 1925 2059 κεκρυμμένον

322 2073 413 2129 ἀπ’
470 2075 660 2143 αὐτῶν,
714 2078 898 2147 ἤγουν,
952 2073 1310 2149 ἀγνοούμενον,
1364 2074 1498 2147 λέγω
1555 2072 1648 2145 δὴ,
1712 2080 1771 2128 τὸ
1826 2076 1927 2130 Καὶ

320 2172 385 2237 τῇ
454 2168 604 2238 τρίτῃ
661 2165 831 2239 ἡμέρᾳ
902 2163 1274 2233 ἀναστήσεται,
1331 2170 1421 2218 καὶ
1477 2165 1572 2218 οὐκ
1646 2163 1927 2239 έφίνωσκον

324 2256 395 2306 τὰ
440 2253 686 2327 λεγόμενα
736 2259 857 2328 περὶ
912 2254 1093 2324 αὐτοῦ,
1151 2256 1324 2317 καθὼς
1391 2254 1668 2330 εἰρήκαμεν
1726 2260 1817 2307 καί
1879 2254 1927 2307 ἓν

325 2351 402 2415 τῷ
434 2341 562 2396 τέλει
590 2350 681 2396 τοῦ
707 2351 1023 2416 τριακοστοῦ
1054 2347 1293 2417 πέμπτου
1322 2343 1625 2417 κεφαλαίου.

396 2434 731 2505 Προστίθησι
782 2428 842 2486 δέ
891 2437 982 2485 καὶ
1040 2432 1210 2507 ἑτέραν
1276 2432 1448 2486 αἰτίαν
1512 2442 1609 2497 τῆς
1682 2435 1931 2495 τοιαύτης

320 2520 539 2594 ἀγνοίας
582 2522 609 2574 ό
657 2526 1035 2597 Χρυσόστομος
1084 2521 1219 2595 (14),
1267 2524 1349 2575 ὅτι
1391 2528 1510 2596 περὶ
1540 2522 1694 2575 ἄλλου
1725 2525 1815 2596 μεν
1845 2523 1930 2595 ὑφ’

321 2611 497 2686 ἐτέρου
535 2610 850 2673 ἀναστάντος
894 2616 985 2664 καὶ
1037 2612 1295 2681 ἥκουσαν,
1335 2618 1426 2666 καὶ
1466 2608 1627 2665 εἶδον⁸
1689 2618 1809 2687 περὶ
1850 2631 1933 2665 νε-

319 2708 452 2774 κροῡ
508 2696 569 2754 δε
626 2699 1023 2765 ἀναστήσάντος
1083 2701 1264 2754 ἑαυτὸν
1322 2706 1439 2755 οὔτε
1503 2706 1759 2768 ἤκουσαν,
1817 2704 1932 2755 οὔτε

324 2787 485 2845 εἶδον.
537 2788 697 2843 Ἀλλά
745 2795 837 2844 καὶ
896 2796 1015 2867 περὶ
1081 2799 1174 2844 τοῦ
1223 2791 1422 2864 μελλειν
1474 2790 1802 2865 ἀναιρεῖσθαι
1844 2793 1931 2844 τὸν

321 2882 578 2953 Χριστόν,
646 2880 732 2933 ὅτε
798 2882 888 2952 μεν
950 2878 1233 2934 ἀπέϐλεπον
1290 2880 1361 2943 εἰς
1414 2882 1511 2942 τὰς
1568 2879 1932 2953 ἀνθρωποπρε-

320 2976 437 3029 πείς
506 2968 666 3021 αὐτοῦ
723 2970 995 3044 ἐνεργείας,
1066 2967 1335 3023 ίπίστευον
1418 2977 1591 3036 τοῦτο,
1667 2974 1758 3022 καὶ
1823 2969 1930 3022 έλυ-

323 3064 532 3111 ποῦντο’
591 3060 677 3112 ὅτε
724 3055 785 3112 δε
821 3061 912 3121 τὰς
965 3061 1262 3135 θεοπρεπείς
1311 3059 1473 3113 αὐτοῦ
1520 3058 1735 3135 πράξεις
1781 3058 1932 3131 ἐλάμη

323 3146 478 3200 ϐάνον
530 3146 603 3211 εἰς
651 3155 794 3214 νοῦν,
834 3148 1113 3215 ἠπίστουν,
1159 3154 1250 3201 καὶ
1292 3149 1390 3202 οὐκ
1429 3148 1709 3222 ἐγίνωσκον
1747 3152 1816 3202 τὰ
1854 3148 1932 3201 λε-

318 3241 519 3310 γόμενα
566 3242 686 3313 περὶ
729 3236 908 3301 αὐτοῦ,
956 3242 1246 3305 τουτέστιν,
1298 3238 1357 3291 ού
1405 3236 1763 3312 παρεδέχοντο
1811 3242 1930 3301 τοὺς
1968 3281 2009 3339 C

316 3329 599 3389 τοιούτους
637 3331 758 3402 περὶ
787 3327 948 3380 αὐτοῦ
979 3327 1093 3399 (15)
1119 3326 1324 3400 λόγους,
1351 3326 1654 3401 παραϐολὴν
1678 3347 1797 3382 τινα
1839 3333 1930 3381 καὶ

317 3419 542 3480 τούτους
577 3419 900 3490 νομίζοντες.

576 3512 731 3565 [ΕΦ.
768 3504 895 3562 ΜΓ.
929 3511 1057 3581 Περὶ
1081 3513 1183 3559 τῶν
1212 3508 1337 3560 υἱῶν
1376 3503 1678 3562 Ζεϐεδαίου.

390 3600 524 3649 Τότε
576 3614 694 3651 σου.
727 3594 810 3650 Ἐν
862 3604 937 3668 τῷ
982 3603 1393 3671 τεσσαρακοστῷ
1446 3601 1634 3672 πρώτῳ
1673 3596 1930 3671 κεφαλαίῳ

318 3692 415 3738 τοῦ
464 3691 700 3759 Σωτῆρος
740 3685 972 3747 εἰπόντος
1018 3689 1146 3758 πρὸς
1184 3689 1301 3748 τοὺς
1341 3688 1599 3759 μαθητὰς,
1651 3688 1731 3739 ὅτι
1772 3686 1931 3739 Ὅταν

320 3776 521 3847 καθίσῃ
582 3775 610 3826 ὁ
666 3776 791 3837 Υἱός
862 3783 955 3827 τοῦ
1026 3773 1300 3849 ἀνθρώπου
1357 3774 1442 3828 ἐπὶ
1519 3777 1701 3849 θρόνου
1776 3772 1933 3839 δόξης

327 3863 507 3929 αὐτοῦ,
582 3864 869 3917 καθίσεσθε
937 3868 1027 3916 καὶ
1087 3865 1230 3937 ὑμεῖς
1286 3863 1370 3917 ἰπὶ
1427 3861 1641 3918 δώδεκα
1717 3866 1929 3940 θρόνων·

327 3952 645 4016 ἀκούσαντες
712 3956 763 4007 οί
828 3955 935 4006 υἱοί
1003 3960 1097 4006 τοῦ
1168 3950 1473 4023 Ζεϐεδαίου,
1529 3953 1771 4017 Ἰάκωϐος
1842 3960 1933 4007 καὶ

321 4042 584 4107 Ἰωάννης,
642 4038 1047 4118 προσεδόκησαν
1112 4044 1290 4116 θρόνον
1370 4039 1526 4107 δόξης
1580 4043 1763 4116 λέγειν,
1842 4047 1931 4096 τὸν

326 4136 504 4207 θρόνον
545 4140 637 4194 τῆς
692 4131 744 4187 έν
800 4132 1181 4206 Ἰεροσολύμοις
1241 4131 1531 4206 βασιλείας
1609 4138 1701 4187 καὶ
1752 4133 1930 4186 λοιπὸν

326 4223 449 4295 ἄρτι
513 4221 664 4276 πάλιν
740 4222 990 4291 εἰπόντος,
1057 4224 1138 4275 ὅτι
1211 4219 1354 4277 ’ἰδού
1433 4221 1771 4296 ἀναϐαίνομεν
1857 4223 1930 4286 εἰς

317 4310 675 4387 Ἰεροσόλυμα,
732 4318 823 4366 καὶ
870 4313 937 4365 τά
991 4310 1128 4376 ἑξῆς·
1169 4312 1272 4366 ὃσα
1458 4311 1755 4389 έρῥὴθησαν
1811 4316 1930 4384 περὶ

316 4410 422 4454 τῶν
489 4403 839 4475 παθημάτων,
898 4401 959 4455 οὐ
1014 4398 1391 4476 παρεδέξαντο,
1458 4404 1632 4466 καθὼς
1694 4400 1929 4477 ἀνωτέρω

320 4486 715 4564 δεδηλώκαμεν
771 4490 1002 4550 ἤλπισαν
1046 4487 1108 4545 δε
1141 4490 1461 4553 ’πλησιάζειν
1490 4489 1600 4551 ἤδη
1644 4496 1740 4551 τὴν
1772 4490 1929 4565 βασι-

316 4580 462 4635 λείαν
513 4580 697 4637 αύτοῡ,
758 4584 857 4636 Καὶ
909 4583 1011 4657 γὰρ
1063 4584 1153 4634 καὶ
1201 4590 1304 4634 τῶν
1371 4591 1651 4657 προφητῶν
1716 4586 1927 4649 ἤκουον,

323 4668 555 4744 βασιλέα
606 4677 701 4724 τοῦ
744 4669 959 4744 Ἰσραὴλ
1035 4674 1124 4724 τὸν
1194 4674 1426 4746 Χριστὸν
1490 4672 1930 4744 κατεπαγγελλόν-

321 4780 424 4813 των
466 4759 602 4833 (16).
645 4759 847 4815 Αὐτίκα
889 4767 980 4814 οῦν
1022 4759 1254 4814 ἑάλωσαν
1293 4763 1447 4835 ἔρωτι
1476 4757 1779 4837 προεδρίας.
1830 4768 1931 4816 Καὶ

322 4852 408 4902 ὅτι
594 4854 1003 4924 προτετίμηνται
1038 4858 1140 4902 τῶν
1193 4849 1377 4920 ἀλλων,
1437 4850 1738 4922 ἐγίνωσκονο
1794 4852 1930 4923 ὑφω-

320 4947 490 5015 ρῶντο
537 4938 650 5012 (17)
696 4934 756 4993 δι
782 4942 871 4992 τὸν
917 4942 1137 5014 Πέτρον·
1175 4934 1263 4992 διὸ
1308 4944 1399 4992 καὶ
1426 4948 1611 5013 πρῶτα
1654 4942 1767 5012 μεν,
1799 4944 1870 5002 ὡς
1904 4943 1930 4995 ὁ

319 5030 535 5104 Μάρκος
580 5033 762 5101 φησὶν,
822 5027 973 5082 αὐτοὶ
1045 5032 1195 5101 μόνοι
1248 5032 1699 5104 προσπορεύονται
1762 5028 1927 5102 αύτῷ,

318 5121 506 5190 ἤγουν.
579 5122 989 5193 προσέρχονται,
1059 5117 1311 5191 λέγοντες*
1401 5114 1718 5185 Διδάσκαλε,
1790 5119 1929 5174 θέλο-

1966 4647 2007 4701 D

391 5272 443 5307 ⁸⁸
476 5272 617 5328 Luc.
650 5287 808 5340 xvm,
841 5272 932 5339 3t,
965 5271 1056 5330 34.
1133 5273 1177 5308 ³⁷
1207 5272 1351 5329 Ibid.
1430 5273 1479 5309 ⁸⁸
1510 5273 1709 5331 Matth.
1741 5290 1856 5345 xxx,
1890 5275 1978 5331 28.

1277 424 1647 483 COMMENT.
1688 424 1759 481 IN
1797 424 2250 481 MATTH/EUM.
2302 455 2370 466 —-
2408 424 2564 481 CAP.
2605 426 2729 478 XX.

3587 426 3694 481 538

2040 551 2341 615 Romanis,
2387 550 2706 623 pi'msidem
2762 555 2973 623 agente
3029 549 3415 622 Jerosolymis
3484 551 3689 619 Pilato,

2035 641 2322 713 quodque
2351 640 2415 697 hi
2451 639 2701 697 illudent
2729 655 2869 697 eum
2908 645 2965 697 et
2986 639 3378 712 ﬁagellabunt
3405 657 3475 697 ac
3500 642 3694 699 cruci-

2033 730 2239 801 ﬁgent.

2106 911 2271 967 Vers.
2334 914 2417 967 19.
2478 912 2546 967 Et
2584 916 2956 983 —resurget.
3028 910 3137 968 Ubi
3188 910 3370 967 tristia
3421 910 3690 981 dixisset,

2036 1000 2206 1058 addit
2244 1001 2423 1057 etiam
2462 1002 2627 1074 quod
2667 1001 3140 1058 consolationem
3179 1000 3408 1068 afferat,
3446 1006 3509 1058 ut
3553 1018 3694 1059 cum

2034 1091 2135 1147 illa
2186 1090 2460 1157 viderint,
2512 1092 2695 1149 etiam
2740 1092 2857 1150 hoc
2900 1094 3260 1164 exspectent.
3316 1091 3506 1147 Lucas
3551 1108 3695 1149 vero

2035 1180 2334 1238 Christum
2377 1198 2621 1255 quoque
2665 1182 2750 1238 eis
2800 1182 3024 1238 dixisse
3065 1181 3189 1238 ait:
3221 1182 3296 1237 Et
3335 1197 3697 1239 consumma-

2037 1271 2265 1327 bunlur
2310 1272 2511 1327 omnia
2560 1288 2686 1343 quae
2728 1273 2889 1328 dicta
2935 1277 3073 1327 sunt
3111 1285 3218 1341 per
3244 1271 3569 1342 prophetas
3625 1273 3696 1329 de

2033 1358 2180 1415 Filio
2200 1360 2471 1426 hominis,
2492 1365 2547 1414 et
2567 1359 2729 1431 quod
2745 1360 2860 1426 ipsi
2874 1358 3022 1414 nihil
3038 1359 3243 1415 horum
3258 1359 3695 1416 intellexerunt-

2105 1449 2410 1520 Prophette
2427 1448 2723 1520 siquidem
2739 1448 3169 1520 particulariter
3181 1448 3254 1503 de
3267 1448 3545 1503 omnibus
3558 1464 3695 1520 quas

2031 1555 2315 1611 passurus
2355 1544 2480 1593 erat
2519 1537 2941 1609 praedixerunt,
2969 1543 3025 1593 et
3053 1537 3163 1593 nisi
3193 1538 3252 1593 in
3284 1537 3533 1608 longum
3564 1553 3698 1610 pro-

2037 1628 2362 1683 trahendus
2404 1633 2556 1682 esset
2594 1642 2811 1692 sermo,
2854 1643 3064 1683 omnes
3092 1628 3166 1681 de
3204 1627 3297 1683 his
3320 1626 3594 1683 afferrem
3634 1627 3697 1683 in

2036 1717 2305 1774 medium
2365 1718 2727 1790 prophetias.
2800 1716 3083 1789 Discipuli
3140 1733 3284 1773 vero
3339 1725 3481 1772 tunc
3549 1716 3697 1773 nihil

2034 1809 2248 1864 horum
2279 1807 2712 1871 intellexerunt,
2754 1823 2891 1879 qum
2926 1806 3197 1862 videlicet
3231 1821 3338 1879 per
3368 1806 3696 1879 prophetas

2036 1898 2255 1967 scripta
2281 1900 2468 1961 erant,
2503 1896 2605 1952 sed
2650 1896 2814 1965 Erat,
2850 1896 2999 1951 sicut
3028 1895 3187 1951 idem
3216 1895 3447 1966 scripsit
3487 1898 3696 1967 Lucas,

2034 1987 2276 2045 verbum
2301 1987 2832 2042 hocabsconditum
2849 1986 2919 2041 ab
2942 1986 3038 2050 eis,
3060 1986 3180 2040 sive
3200 1984 3561 2055 ignoratum,
3579 1983 3695 2041 hoc

2034 2078 2305 2149 inquam,
2345 2076 2537 2133 Tertio
2560 2076 2655 2132 die
2676 2083 2929 2146 resurget
2956 2094 2970 2143 ;
3003 2091 3110 2131 nec
3131 2073 3543 2144 intelligebant
3560 2090 3698 2148 quas

2035 2166 2390 2222 dicebantur
2426 2165 2502 2220 de
2559 2165 2682 2232 illo,
2730 2164 2901 2221 sicuti
2952 2164 3134 2221 etiam
3183 2163 3446 2220 diximus
3474 2163 3536 2220 in
3576 2164 3697 2220 ﬁne

2036 2255 2316 2313 tricesimi
2345 2255 2533 2328 quinti
2563 2254 2800 2328 capitis.

2109 2433 2289 2491 Addit
2310 2450 2555 2507 quoque
2581 2438 2638 2491 et
2667 2434 2837 2490 aliam
2866 2433 3048 2504 hujus
3073 2432 3425 2502 ignorantia
3448 2448 3696 2489 causam

2038 2524 2519 2596 Chrysostomus,
2557 2523 2702 2597 quia
2742 2522 2818 2578 de
2856 2522 2975 2578 alio
3021 2521 3267 2595 quidem
3318 2521 3423 2595 qui
3466 2520 3545 2577 ab
3583 2520 3697 2578 alio

2038 2612 2329 2669 excitatus
2358 2617 2536 2679 esset,
2570 2619 2627 2668 et
2664 2611 2978 2669 audierant
3001 2619 3059 2667 et
3084 2611 3358 2667 viderant
3389 2630 3404 2679 ;
3435 2610 3511 2666 dc
3542 2626 3698 2667 mor-

2039 2707 2144 2760 tuo
2184 2717 2327 2758 vero
2352 2703 2458 2775 qui
2491 2703 2758 2775 seipsum
2784 2701 3117 2767 excitasset,
3155 2716 3351 2774 neque
3378 2700 3700 2757 audierant

2040 2808 2236 2865 neque
2267 2792 2550 2849 viderant.
2594 2792 2883 2848 Praeterea
2919 2795 2975 2847 et
3013 2791 3089 2846 de
3124 2805 3196 2846 eo
3230 2790 3396 2863 quod
3424 2789 3697 2846 occiden-

2041 2881 2156 2937 dus
2195 2887 2351 2937 esset
2398 2881 2679 2947 Christus,
2714 2881 2813 2936 ubi
2855 2880 2933 2936 ad
2970 2881 3274 2935 humanas
3302 2879 3700 2951 respiciebant

2040 2971 2441 3042 operationes,
2506 2970 2831 3026 credebant
2885 2970 3001 3025 hoc
3050 2975 3105 3025 et
3142 2968 3696 3035 contristabantur;

2040 3060 2144 3116 ubi
2164 3076 2307 3116 vero
2333 3059 2569 3116 divinas
2592 3060 2651 3115 in
2683 3064 2941 3115 mentem
2967 3059 3380 3123 assumebant,
3409 3057 3699 3115 increduli

2039 3150 2498 3223 permanebant,
2520 3164 2631 3205 nec
2656 3148 3063 3221 intelligebant
3088 3163 3222 3219 quas
3247 3146 3605 3203 dicebantur
3623 3146 3701 3204 de

2038 3240 2173 3306 hoc,
2207 3239 2266 3295 id
2300 3244 2383 3295 est
2417 3254 2538 3294 non
2574 3237 2984 3310 suscipiebant
3025 3237 3169 3293 tales
3207 3237 3283 3292 de
3312 3236 3426 3292 hac
3464 3250 3527 3291 re
3568 3251 3698 3291 ser-

2038 3344 2271 3394 mones,
2314 3329 2689 3400 suspicantes
2726 3332 2782 3384 et
2812 3327 2925 3383 hos
2962 3326 3234 3399 aliquam
3272 3341 3405 3381 esse
3446 3325 3700 3398 parabo-

2036 3418 2183 3477 lam.

2360 3507 2518 3567 CAP.
2555 3507 2707 3563 XLIII
2733 3509 2821 3565 De
2846 3508 2993 3577 ﬁliis
3020 3506 3303 3564 Zebedasi.

2110 3597 2272 3655 Vers.
2299 3602 2389 3655 20.
2422 3600 2585 3655 Tunc
2614 3628 2685 3640 —
2720 3599 2883 3654 Vers.
2930 3598 3019 3653 21.
3059 3604 3179 3652 tuo.
3245 3596 3393 3651 Cum
3436 3594 3702 3668 quadra-

2041 3687 2271 3758 gesimo
2310 3688 2504 3759 primo
2533 3687 2727 3758 capite
2757 3686 3003 3742 dixisset
3041 3685 3310 3742 Salvator
3345 3682 3695 3754 discipulis:

2043 3777 2190 3833 Cum
2218 3777 2433 3833 sederit
2456 3776 2667 3842 Filius,
2699 3774 2957 3832 hominis
2976 3775 3042 3830 in
3068 3774 3202 3831 sede
3230 3773 3428 3843 gloria
3457 3788 3596 3838 suae,
3620 3787 3700 3827 se-

2040 3866 2251 3923 debitis
2271 3872 2324 3922 et
2358 3882 2447 3922 vos
2467 3882 2640 3934 super
2667 3865 2975 3922 duodecim
3003 3865 3162 3921 sedes
3185 3864 3253 3929 ⁵⁸,
3278 3862 3700 3932 audissentque

2042 3955 2145 4011 ﬁlii
2186 3955 2454 4011 Zebedmi
2496 3954 2757 4011 Jacobus
2809 3958 2865 4009 et
2916 3954 3198 4017 Joannes,
3244 3951 3512 4009 arbitrati
3563 3954 3701 4005 sunt

2040 4045 2247 4102 sedem
2266 4045 2470 4115 gloria:
2491 4044 2608 4099 dici
2634 4044 2915 4100 thronum
2935 4042 3251 4113 regni,quo
3277 4038 3700 4112 Hierosolymis

2038 4140 2397 4205 regnaturus
2428 4139 2582 4190 esset
2614 4150 2627 4201 ;
2660 4149 2919 4206 cumque
2949 4131 3130 4203 paulo
3174 4136 3312 4187 ante
3342 4145 3584 4185 rursum
3620 4128 3701 4184 di-

2037 4227 2226 4284 xisset
2254 4241 2269 4283 :
2295 4224 2440 4281 Esse
2464 4222 2824 4280 ascendimus
2853 4220 3333 4291 Hierosolymam,
3364 4224 3421 4274 et
3443 4233 3581 4290 quas
3608 4232 3703 4273 se-

2038 4322 2325 4389 quuntur,
2354 4330 2477 4370 non
2506 4329 2579 4369 ea
2606 4313 2682 4369 de
2713 4310 3136 4368 afﬂictionibus
3172 4307 3602 4371 intellexerunt,
3636 4308 3701 4361 ut

2040 4404 2318 4478 superius
2341 4402 2833 4474 signiﬁcavimus,
2851 4400 2958 4456 sed
2982 4397 3306 4472 sperabant
3325 4396 3545 4451 instare
3562 4394 3698 4466 jam

2037 4509 2293 4564 regnum
2332 4492 2483 4564 ejus.
2510 4489 2814 4563 Siquidem
2855 4489 3174 4561 prophetas
3212 4499 3454 4558 quoque
3492 4481 3698 4539 audie-

2036 4584 2187 4642 bant
2197 4582 2571 4656 appellantes
2585 4581 2877 4638 Christum
2890 4595 3093 4649 regem
3106 4576 3284 4634 Israel
3298 4621 3311 4634 .
3333 4574 3544 4632 Statim
3558 4589 3698 4643 ergo

2038 4673 2505 4748 prmeminentiaa
2535 4686 2742 4729 amore
2769 4670 2926 4742 capti
2960 4673 3101 4725 sunt
3128 4685 3142 4734 ;
3176 4682 3321 4723 nam
3347 4682 3407 4721 se
3440 4680 3562 4736 prin
3589 4679 3701 4719 caa-

2040 4764 2177 4820 teris
2212 4763 2495 4819 honorari
2522 4762 2807 4827 sciebant,
2831 4760 2939 4817 sed
2968 4762 3204 4815 Petrum
3236 4755 3542 4812 timebant.
3566 4752 3699 4809 Ideo

2037 4853 2305 4926 primum
2340 4850 2684 4924 quidem,ut
2706 4851 2788 4907 ait
2812 4852 3061 4914 Marcus,
3096 4846 3207 4918 ipsi
3234 4844 3423 4901 solum
3452 4842 3523 4897 ad
3569 4856 3699 4898 eum

2038 4943 2325 5000 accedunt
2362 4941 2611 4997 dicentes
2651 4956 2663 4995 :
2696 4939 2973 5011 Magister
3014 4937 3284 4993 volumus
3311 4940 3373 4989 ιιι
3405 4929 3701 5004 quidquid

2035 5033 2381 5102 petierimus
2401 5031 2591 5101 facias
2621 5030 2809 5086 nobis.
2841 5028 2954 5085 Ille
2981 5032 3180 5084 autem
3210 5022 3366 5081 dixit
3393 5023 3474 5078 eis
3503 5037 3514 5075 :
3548 5018 3700 5087 Quid

2039 5137 2126 5179 me
2147 5119 2699 5193 vultisfacereoobis
2716 5118 2745 5175 7
2766 5122 2848 5175 At
2863 5117 2961 5175 illi
2998 5117 3286 5175 dixerunt
3301 5114 3381 5172 ei:
3413 5114 3507 5169 Da
3530 5108 3700 5168 nobis

2024 5234 2041 5247 ‘n

1574 5472 1804 5541 Variae
1837 5473 2171 5542 lectiones
2200 5482 2267 5542 et
2294 5485 2494 5542 notas.

416 5640 505 5707 13)
527 5639 618 5703 Ὠς
647 5639 828 5707 αὐτὸς,
856 5647 912 5694 Β.

416 5640 478 5697 13
527 5640 618 5703 Ὠς
647 5640 828 5707 αὐτὸς,
856 5647 912 5694 Β.

388 5640 507 5857 Ξίίεξ
530 5715 594 5769 Τ.
624 5712 746 5800 VII,
776 5727 839 5784 p.
880 5713 984 5770 646
1013 5716 1075 5769 Ε.

420 5789 482 5841 15
540 5782 855 5853 Τοιούτους,
887 5784 1058 5842 abest

540 5782 855 5853 Τοιούτους,
887 5784 1058 5842 abest
1081 5788 1147 5841 Α.

420 5789 482 5841 15

484 5640 507 5858 ξ

2103 5644 2220 5787 (16;
2248 5644 2728 5720 Καταγγελλόντων,
2760 5653 2822 5703 Δ.

2107 5716 2198 5785 (17
2246 5715 2551 5787 Ἐφοϐοῦντο
2572 5720 2632 5773 Β.

2107 5715 2219 5787 (17)
2246 5715 2551 5790 Ἐφοϐοῦντο
2572 5720 2632 5773 Β.
