4178 6400
504 397 610 453 539

1817 394 2166 452 EUTYHMII
2207 392 2537 450 ZIGABENI

3778 401 3882 458 540

509 528 576 578 ut
600 540 753 578 unus
781 538 819 579 a
847 524 1074 579 dextris
1103 524 1219 578 tuis
1244 531 1300 577 et
1329 524 1484 578 alter
1516 541 1551 577 a
1577 523 1829 578 sinistris
1861 521 1975 576 tuis
2019 521 2167 575 sede-

2281 541 2389 593 μεν,
2443 522 2543 588 ἵνα,
2590 526 2615 575 ὃ
2679 523 2762 576 ἐὰν
2834 526 3151 598 αἰτήσωμεν,
3220 531 3452 599 ποιήσῃς
3515 529 3660 598 ἡμῖν’
3714 525 3772 578 Ὀ
3823 523 3881 580 δέ

511 629 674 670 amur
694 614 752 668 in
771 612 957 684 gloria
978 619 1084 669 tua
1105 615 1172 667 ‘9.
1202 615 1406 667 Verum
1431 628 1549 667 non
1582 617 2009 680 cognoscentes
2035 610 2171 665 ideo

511 719 573 758 se
614 720 827 774 passos
871 718 999 758 esse
1038 702 1360 773 repulsam,
1396 702 1560 774 quod
1602 702 1851 770 indigna
1883 704 2167 773 peterent,

511 793 589 848 ad
620 792 1114 864 supplicationem
1149 795 1467 847 assumunt
1505 796 1560 846 et
1604 795 1878 846 matrem.
1917 794 2170 844 lnterro-

511 887 613 953 gat.
630 887 829 937 autem
851 882 1112 937 Christus
1136 882 1397 954 primum
1425 881 1669 952 quidem
1695 880 1848 948 illos,
1877 879 2093 934 deinde
2116 883 2172 933 et

511 977 759 1028 matrem
783 971 1018 1027 illorum
1041 975 1326 1043 tanquam
1353 970 1538 1026 homo
1560 970 1764 1026 :simul
1783 970 1962 1026 etiam
1986 973 2048 1024 ut
2073 984 2169 1023 eo-

509 1078 644 1119 rum
656 1062 964 1135 responsio
983 1061 1150 1117 ﬁeret
1169 1061 1622 1134 quodammodo
1641 1059 1890 1117 aﬂ'ectus
1911 1059 2001 1115 sui
2032 1073 2170 1114 con-

505 1151 709 1210 fessio.

576 1427 738 1480 Vers.
798 1423 887 1476 22.
942 1420 1302 1490 Respondens
1344 1419 1655 1488 —petitis.
1726 1419 2010 1490 Deinceps
2054 1417 2168 1472 illis

503 1513 850 1586 respondet,
892 1517 953 1566 ut
995 1509 1098 1581 qui
1147 1515 1396 1564 matrem
1439 1525 1608 1564 suam
1648 1508 2071 1572 submiserant,
2107 1511 2170 1562 ut

506 1622 616 1679 pro
655 1604 800 1675 ipsis
846 1599 1194 1673 postularet,
1237 1604 1290 1654 et
1330 1599 1408 1654 ait
1443 1617 1455 1654 :
1487 1599 1735 1654 Nescitis
1779 1599 1914 1669 quid
1952 1598 2162 1667 petitis.

509 1695 719 1753 Sedere
767 1692 926 1746 enim
972 1706 1007 1745 a
1054 1689 1278 1743 dextris
1327 1695 1429 1743 aut
1474 1705 1509 1744 a
1560 1688 1810 1743 sinistris
1865 1688 1924 1742 in
1980 1703 2164 1756 regno

505 1801 661 1848 meo,
692 1797 981 1852 magnum
1014 1789 1118 1843 est,
1154 1784 1207 1834 et
1229 1795 1411 1849 supra
1442 1778 1790 1849 dignitatem
1817 1793 1939 1834 non
1965 1777 2166 1833 homi-

2283 610 2415 664 εῖπεν
2470 613 2661 675 αὐτοῖς·
2724 620 2786 667 Τί
2853 615 3014 668 θελετε
3066 620 3288 674 ποιῆσαί
3337 635 3398 688 με
3461 619 3626 688 ὑμῖν;
3687 617 3752 668 Οἱ
3823 613 3880 669 δε

2282 701 2421 755 εἷπον
2480 704 2639 772 αὐτῷ·
2712 711 2799 765 Δός
2871 707 3016 776 ἡμῖν,
3087 709 3170 758 ἳνα
3239 704 3312 768 εἷς
3382 705 3435 757 ἐκ
3510 703 3693 769 δεξιῶν
3760 727 3875 761 σου.

2279 796 2369 842 καὶ
2427 789 2493 852 εἷς
2572 793 2624 856 ἐξ
2683 796 2950 866 εὐωνύμων
3011 816 3104 848 σου
3166 799 3460 868 καθίσωμεν
3511 795 3558 847 ἐν
3627 804 3688 868 τῇ
3749 793 3876 868 δόξῃ

2282 901 2396 936 σου.
2457 887 2542 941 Μὴ
2603 889 2848 954 τυχόντες
2908 882 2966 938 δε
3023 884 3368 959 ἀποκρίσεως,
3439 882 3534 938 διὰ
3589 888 3649 938 τὸ
3719 885 3879 938 αἰτεῖν

2281 971 2486 1037 ἀνάξια,
2554 974 3025 1048 παραλαμϐάνουσι
3095 981 3184 1030 καὶ
3254 980 3347 1035 τὴν
3416 975 3608 1028 ἑαυτῶν
3679 980 3882 1049 μητέρα

2278 1068 2406 1137 πρὸς
2447 1066 2729 1138 ἱκετηρίαν.
2791 1065 2989 1138 Ἐρωτᾲ
3045 1061 3104 1120 δὲ
3157 1070 3189 1118 ὅ
3232 1069 3462 1140 Χριστὸς
3527 1074 3730 1140 πρῶτον
3787 1067 3879 1137 μὲν

2280 1153 2520 1220 ἐκείνους,
2561 1151 2674 1207 εἶτα
2718 1159 2812 1214 τὴν
2843 1159 3044 1229 μητέρα
3074 1155 3240 1208 αὐτῶν
3273 1154 3736 1229 ἀνθρωποπρεπῶς,
3770 1155 3882 1227 ἅμα

2282 1239 2340 1296 δε
2384 1248 2494 1310 καὶ,
2546 1243 2629 1295 ἳνα
2675 1246 2706 1303 ἠ
2743 1243 3021 1316 ἀπόκρισις
3069 1245 3236 1298 αὐτῶν
3281 1243 3656 1318 ἐξομολόγησις
3689 1247 3880 1318 τρόπον

2278 1335 2394 1385 τινὰ
2421 1337 2634 1405 γένηται
2662 1341 2754 1386 τοῦ
2783 1336 3005 1397 πάθους.

2351 1421 2677 1495 Ἀποκρίθεὶς
2723 1455 2791 1464 —-
2840 1425 3086 1479 αἰτεῖσθε.
3141 1427 3274 1498 Πρὸς
3317 1423 3500 1485 αὐτοὺς
3547 1422 3884 1497 ἀποκρίνεται

2277 1511 2476 1576 λοιπὸν,
2509 1515 2578 1574 ὡς
2621 1512 2788 1565 αὐτῶν
2819 1519 2914 1573 τὴν
2962 1518 3164 1588 μητέρα
3205 1513 3627 1589 προϐαλλομένων
3668 1513 3739 1576 εἰς
3785 1519 3882 1574 τὴν

2277 1603 2402 1673 ὑπερ
2447 1602 2614 1654 αὐτῶν
2658 1607 2890 1671 αἴτησιν,
2932 1609 3021 1656 καί
3067 1625 3244 1677 φησιν,
3294 1603 3404 1655 Οῦκ
3451 1600 3651 1670 οἴδατε,
3707 1609 3756 1657 τί
3803 1604 3884 1658 αἰ-

2276 1693 2465 1746 τεῖσθε.
2499 1695 2568 1744 Τὸ
2594 1695 2694 1766 γὰρ
2722 1696 2942 1746 καθίσαι
2967 1697 3083 1747 τινα
3113 1694 3167 1747 ἐκ
3199 1692 3402 1762 δεξιῶν,
3435 1700 3463 1754 ἧ
3499 1694 3552 1757 ἐξ
3584 1695 3880 1767 εὐωνύμων,

2276 1779 2324 1832 ἐν
2351 1788 2411 1853 τῇ
2454 1781 2699 1855 βασιλείᾳ
2728 1803 2848 1855 μου,
2877 1788 3012 1856 μέγα
3037 1790 3125 1837 καὶ
3157 1785 3282 1858 ὑπὲρ
3308 1791 3400 1843 τὴν
3427 1784 3602 1852 ἀξίαν,
3636 1785 3694 1838 οὐ
3727 1790 3883 1858 μόνον

503 1891 651 1932 num
683 1877 937 1937 tantum,
979 1885 1188 1924 verum
1220 1869 1398 1924 etiam
1429 1883 1828 1940 supernarum
1855 1868 2161 1924 virtutum.

2278 1879 2373 1922 τῶν
2419 1869 2720 1944 ἀνθρώπων,
2766 1873 2894 1925 ἀλλὰ
2937 1879 3027 1928 καὶ
3066 1883 3164 1926 τῶν
3209 1877 3314 1927 ἄνω
3357 1872 3646 1948 δυνάμεων.
3677 1875 3736 1928 Ἠ
3775 1878 3881 1950 γὰρ

502 1963 809 2036 Siquidem
840 1976 1092 2030 regnum
1130 1975 1329 2015 meum
1361 1974 1484 2015 non
1526 1962 1612 2014 est
1652 1975 1723 2013 ex
1766 1959 1881 2014 hoc
1913 1958 2158 2023 mundo,

503 2061 682 2128 prout
718 2071 827 2111 vos
857 2052 1098 2126 putatis.
1141 2053 1290 2117 Quia
1316 2067 1454 2108 vero
1495 2050 1899 2123 opinabantur
1929 2054 2166 2120 tempus

503 2145 650 2201 illud
677 2160 799 2201 non
824 2141 992 2212 regni
1016 2141 1212 2196 solum
1235 2157 1387 2207 esse,
1415 2140 1517 2196 sed
1542 2141 1719 2196 etiam
1747 2139 1973 2210 requiei
2004 2158 2018 2210 ;
2052 2139 2168 2194 hoc

505 2249 768 2307 quoque,
801 2232 967 2305 quod
1002 2231 1062 2285 in
1095 2247 1156 2285 se
1178 2235 1283 2291 est,
1314 2229 1572 2299 corrigit,
1605 2230 2029 2286 demonstrans
2053 2229 2168 2283 hoc

504 2324 706 2397 potius
737 2338 872 2378 esse
895 2326 1131 2394 tempus
1158 2319 1493 2375 aiIlictionis
1523 2323 1579 2374 et
1603 2319 1801 2373 caedis.
1838 2317 1928 2374 Ait
1958 2319 2118 2374 enim
2151 2333 2165 2374 :

577 2501 742 2558 Vers.
793 2505 885 2556 22.
938 2503 1178 2557 Potestis
1212 2531 1280 2539 ——
1327 2498 1659 2567 baptizari?
1691 2496 1973 2553 Poculum
2028 2496 2171 2552 dicit

504 2593 736 2657 mortis,
769 2596 826 2647 et
849 2591 1222 2662 baptismum
1253 2589 1352 2661 qui
1383 2589 1446 2644 ﬁt
1478 2604 1582 2660 per
1613 2587 1992 2656 sanguinem.
2021 2589 2170 2644 Nam

505 2687 564 2740 et
594 2680 879 2753 poculum
901 2685 957 2735 et
987 2679 1356 2750 baptismum
1381 2683 1556 2734 vocat.
1577 2678 1804 2733 caedem
1836 2693 1848 2731 :
1879 2677 2166 2748 poculum

505 2772 773 2846 quidem,
806 2775 1002 2842 utpote
1030 2770 1164 2824 lato
1185 2769 1388 2824 animo
1415 2784 1522 2840 pro
1555 2768 1902 2824 hominibus
1925 2782 2168 2838 suscep-

506 2868 628 2920 tam
664 2880 676 2929 ;
706 2861 1074 2933 baptismum
1105 2877 1261 2926 vero,
1297 2865 1584 2932 tanquam
1618 2857 2029 2929 puriﬁcatione
2070 2857 2167 2928 ip-

505 2969 730 3011 sorum.
757 2951 998 3007 Addens
1021 2955 1238 3014 autem.
1268 2950 1437 3017 Quod
1460 2965 1558 3019 ego
1593 2948 1883 3004 bibiturus
1907 2963 2060 3011 sum,
2088 2950 2164 3013 et,

507 3045 631 3111 Quo
657 3058 761 3113 ego
795 3041 1082 3109 baptizor,
1125 3039 1482 3105 subindicat,
1515 3037 1676 3111 quod
1710 3037 1812 3109 qui
1845 3036 2170 3092 aﬂlictioni.

501 3134 618 3190 bus
644 3134 772 3204 ejus
791 3148 915 3189 non
935 3131 1362 3196 communicat,
1410 3145 1606 3202 neque
1650 3144 1839 3201 regno
1865 3145 1974 3183 suo
2001 3143 2168 3183 com-

502 3223 849 3282 municabit.

573 3318 738 3372 Vers.
769 3316 857 3370 22.
906 3315 1120 3370 Dicunt
1160 3315 1211 3368 ei
1243 3330 1259 3367 :
1289 3314 1627 3367 Possumus.
1670 3309 1888 3367 Omnia
1925 3309 2169 3381 promit-

503 3410 634 3464 tunt
664 3405 1007 3478 petitionem
1042 3402 1325 3473 consequi
1351 3402 1674 3471 cupientes.
1707 3399 2168 3470 Chrysostomus

504 3501 704 3552 autem
744 3493 882 3550 dicit
925 3493 1090 3565 quod
1127 3507 1325 3563 neque
1369 3491 1586 3562 poculo
1635 3494 1692 3546 et
1729 3489 2035 3560 baptismo
2086 3489 2166 3543 in-

503 3585 772 3653 tellectis,
804 3601 840 3640 a
866 3583 993 3639 sola
1019 3582 1207 3638 animi
1230 3579 1700 3653 promptitudine
1727 3579 1978 3650 gratiam
2002 3593 2168 3650 quas-

504 3677 738 3732 rebant.
773 3673 926 3739 Quid
957 3688 1100 3742 ergo
1131 3672 1415 3727 Christus.

574 3767 738 3821 Vers.
778 3767 867 3822 23.
912 3765 990 3818 Et
1029 3793 1098 3804 —-
1126 3759 1591 3833 paptizabimini.
1643 3759 2042 3831 Prophetabat
2081 3758 2165 3814 eis

505 3855 665 3929 quod
712 3854 826 3925 ipsi
875 3868 1119 3925 quoque
1159 3850 1466 3907 occidendi
1511 3855 1726 3914 essent,
1770 3866 1839 3906 ac
1897 3844 2168 3921 martyrii

503 3952 694 4002 morte
732 3942 1092 4000 honorandi.
1133 3945 1196 3996 Et
1227 3941 1301 3996 de
1338 3940 1559 3996 Iacobo
1583 3939 1821 4010 quidem
1849 3945 2165 4006 noverunt,

504 4050 737 4099 omnes,
770 4032 935 4106 quod
966 4031 1044 4088 ab
1073 4031 1300 4087 Herode
1332 4030 1621 4086 tetrarcha
1648 4030 1720 4086 sit
1752 4031 2164 4102 interemptus.

504 4127 582 4182 De
620 4127 844 4179 Joanne
887 4138 1029 4178 vero
1077 4121 1328 4193 quaestio
1366 4125 1452 4176 est
1499 4120 1658 4191 apud
1700 4121 1939 4176 multos.
1991 4123 2171 4180 Aiunt

507 4213 665 4270 enim
691 4213 854 4285 quod
885 4212 1029 4284 quia
1077 4209 1386 4265 infallibile
1419 4213 1510 4265 est
1544 4209 1754 4264 Christi
1797 4211 2166 4279 vaticinium,

505 4303 668 4360 etille
695 4304 966 4358 nondum
989 4300 1256 4370 martyrii
1291 4304 1542 4354 mortem
1570 4300 1864 4367 sustinuit,
1893 4303 2166 4360 nondum

504 4397 776 4450 mortuus
821 4396 925 4457 est,
969 4391 1072 4446 sed
1119 4391 1318 4446 adhuc
1361 4389 1522 4456 vivit,
1565 4396 1621 4444 et
1664 4405 1800 4446 cum
1849 4393 2065 4461 Enoch,
2113 4397 2170 4450 et

506 4483 631 4538 Elia
656 4483 808 4538 circa
837 4480 1034 4536 saeculi
1061 4480 1642 4535 consummationem
1665 4481 2028 4537 occidendus
2059 4488 2164 4538 est.

508 4573 970 4644 Chrysostomus
1006 4574 1204 4626 autem
1249 4569 1559 4660 manifeste
1584 4569 1774 4634 docet,
1813 4572 1977 4643 quod
2008 4589 2168 4628 mor-
2203 4603 2244 4660 ι)

505 4666 644 4718 tuus
696 4664 783 4715 est
812 4665 869 4715 et
897 4660 1308 4728 interemptus.
1357 4658 1504 4714 Nam
1549 4659 1992 4730 interpretando
2035 4663 2167 4731 ejus

507 4749 916 4818 Evangelium,
947 4749 1026 4803 ait
1049 4748 1122 4803 de
1144 4747 1244 4803 illo
1274 4748 1540 4804 secunda
1567 4748 1816 4804 homilia
1848 4766 1861 4805 :
1907 4753 2169 4821 Evange-

503 4840 584 4896 lio
645 4843 836 4893 totum
903 4837 1351 4909 comprehendit
1421 4837 1644 4903 orbem,
1719 4854 1967 4911 corpore
2025 4857 2168 4908 vero

506 4929 770 4984 mediam
797 4927 1054 4984 obtinuit
1079 4927 1301 4992 Asiam,
1327 4927 1456 4982 dico
1487 4942 1633 4983 sane
1667 4928 1969 5000 Ephesum
1999 4945 2011 4994 ;
2045 4932 2170 4986 ani-

503 5035 606 5076 ma
627 5024 829 5076 autem
854 5018 934 5075 ad
961 5017 1129 5073 illum
1155 5033 1215 5073 se
1228 5018 1398 5072 cessit
1425 5017 1623 5072 locum
1651 5018 1754 5089 qui
1783 5019 2006 5075 sanctis
2030 5036 2168 5076 con-

505 5123 690 5179 gruus
719 5112 828 5164 est.
872 5108 936 5162 In
967 5107 1161 5179 prima
1198 5121 1340 5161 vero
1371 5105 1531 5171 dicit,
1559 5107 1725 5178 quod
1746 5108 1926 5165 etiam
1958 5109 2166 5167 Christi

504 5197 652 5254 bibit
693 5197 1000 5270 poculum.
1043 5201 1102 5253 et
1142 5195 1439 5268 baptismo
1481 5195 1611 5266 ejus
1661 5195 1995 5269 baptizatus
2029 5202 2161 5254 est:

579 5377 626 5413 59
656 5376 829 5433 Marc.
863 5393 926 5444 x,
956 5376 1047 5445 35,
1087 5374 1176 5430 36.

2279 1958 2524 2032 βασιλεία
2581 1963 2610 2019 ἠ
2675 1961 2772 2033 ἐμὴ
2832 1962 2926 2016 οὐκ
2979 1965 3117 2016 ἔστιν
3166 1963 3219 2015 iv.
3267 1972 3359 2018 τοῦ
3412 1969 3612 2037 κόσμου
3671 1967 3877 2032 τούτου,

2274 2051 2447 2112 καθὼς
2485 2052 2632 2123 ὑμεῖς
2675 2053 2862 2106 οἴεσθε.
2899 2053 3038 2106 Ἐπεὶ
3084 2051 3142 2106 δὲ
3166 2052 3593 2129 προσεδόκησαν,
3621 2054 3679 2108 οὐ
3725 2060 3882 2127 μόνον

2279 2137 2552 2212 βασιλείας
2606 2138 2734 2194 εἶναι
2788 2145 2874 2194 τὸν
2922 2146 3102 2217 καιρὸν
3160 2142 3368 2210 ἐκεῖνον,
3431 2143 3558 2197 ἀλλὰ
3612 2149 3702 2198 καὶ
3757 2143 3884 2197 ἀνα-

2279 2232 2533 2301 παύσεως,
2594 2235 2685 2284 καὶ
2727 2239 2875 2284 τοῦτο
2925 2229 3234 2305 διορθοῦται
3286 2237 3343 2286 τὸ
3395 2238 3570 2309 μέρος,
3627 2233 3890 2308 ἐμφαίνων

2282 2318 2497 2390 θλίψεως
2535 2319 2723 2393 μᾶλλον
2764 2319 2893 2375 εἶναι
2936 2325 3023 2374 τὸν
3056 2325 3236 2396 καιρὸν
3283 2331 3466 2378 τοῦτον
3514 2328 3606 2377 καὶ
3639 2333 3880 2397 σφαγῆς.

2281 2413 2419 2466 Φησὶ
2445 2410 2569 2483 γάρ·

2351 2501 2581 2553 Δύνασθε
2665 2532 2731 2541 -
2804 2500 3164 2574 βαπτισθῆναι
3219 2520 3234 2570 ;
3311 2508 3564 2579 Ποτήριον
3642 2507 3701 2557 τὸ
3793 2513 3892 2558 τοῦ

2283 2591 2505 2643 θανάτου
2549 2589 2704 2662 λέγει,
2759 2597 2850 2645 καὶ
2899 2589 3206 2665 βάπτισμα,
3257 2596 3316 2646 τὸ
3368 2589 3441 2646 δι’
3500 2595 3738 2666 αἳματος.
3779 2599 3892 2652 Τὴν

2282 2684 2490 2751 σφαγὴν
2535 2682 2638 2755 γὰρ
2693 2681 2932 2754 ὀνομάζει
2978 2687 3068 2735 καὶ
3119 2687 3369 2756 ποτήριον
3423 2688 3514 2736 καὶ
3564 2682 3880 2756 βάπτισμα,

2282 2775 2534 2844 Ποτὴριον
2589 2774 2699 2843 μεν,
2768 2773 2838 2834 ὡς
2895 2768 3064 2834 ἡδέως
3117 2769 3547 2847 προσδεχθείσαν
3604 2776 3730 2848 ὑπερ
3784 2781 3890 2826 τῶν

2281 2859 2580 2932 ἀνθρώπων·
2640 2859 2925 2936 βάπτισμα
2972 2859 3052 2932 δὲ,
3115 2864 3183 2926 ὡς
3227 2866 3516 2938 καθάρσιον
3565 2863 3751 2918 αὐτῶν.
3797 2863 3890 2916 Εἰ-

2279 2954 2387 3004 πὼν
2433 2947 2513 3016 δὲ,
2558 2953 2639 3004 ὅτι
2687 2949 2752 3003 Ὀ
2805 2950 2906 3023 ἐγὼ
2955 2957 3108 3021 πίνω,
3156 2956 3244 3005 καὶ
3277 2959 3343 3006 Ὀ
3383 2952 3481 3026 ἐγὼ
3528 2953 3887 3028 βαπτίζομαι,

2279 3037 2669 3113 παρεδήλωσεν,
2726 3043 2790 3104 ὡς
2836 3043 2861 3094 ὁ
2914 3047 2985 3115 μὴ
3031 3051 3284 3096 κοινωνῶν
3329 3050 3420 3096 τοῦ
3468 3046 3664 3106 πάθους
3699 3044 3887 3113 αὐτοῦ,

2280 3126 2404 3184 οὐδὲ
2431 3138 2527 3192 τῆς
2557 3130 2826 3204 βασιλείας
2865 3133 3024 3186 αὐτοῦ
3056 3137 3378 3193 κοινωνήσει.

2353 3314 2610 3384 Λέγουσιν
2675 3312 2838 3365 αὐτῶο
2911 3316 3201 3388 Δυνάμεθα.
3290 3316 3467 3368 Πάντα
3537 3313 3886 3386 ἑπαγγέλλον-

2279 3421 2386 3467 ται,
2418 3403 2694 3465 ποθοῦντες
2722 3411 2906 3476 τυχεῖν
2935 3405 3029 3466 τῆς
3073 3403 3350 3466 αἰτήσεως.
3381 3404 3439 3458 Ὀ
3481 3402 3540 3458 δε
3579 3407 3886 3478 Χρυσόστο-

2278 3495 2371 3564 μὸς
2401 3493 2515 3563 (18)
2556 3513 2736 3566 φησιν,
2769 3496 2848 3548 ὅτι
2879 3491 3003 3548 οὐδὲ
3033 3496 3091 3547 τὸ
3118 3501 3368 3568 ποτήριον
3396 3499 3488 3548 καὶ
3511 3497 3570 3547 τὸ
3603 3494 3890 3567 βάπτισμα

2276 3586 2574 3648 νοήσαντες,
2628 3583 2728 3638 ἀπὸ
2780 3592 2868 3646 τῆς
2915 3587 3212 3659 προθυμίας
3265 3590 3426 3658 μόνης
3479 3587 3766 3639 κατέθεντο.
3821 3590 3887 3638 Τί

2278 3667 2366 3724 οὖν
2397 3674 2422 3724 ὁ
2452 3679 2720 3746 Χριστός;

2351 3765 2452 3814 Καὶ
2537 3794 2607 3804 --
2688 3762 3142 3836 βαπτισθήσεσθε.
3215 3769 3602 3840 Προεφήτευσεν
3682 3764 3882 3834 αὐτοῖς,

2279 3850 2358 3902 ὅτι
2396 3855 2487 3903 καὶ
2529 3851 2678 3905 αὐτοὶ
2721 3857 3105 3926 σφαγήσονται,
3152 3859 3241 3907 καὶ
3284 3861 3612 3928 μαρτυρικοῦ
3659 3855 3882 3907 θανάτου

2277 3941 2786 4002 καταξιωθήσονται.
2856 3949 2956 3997 Καὶ
3027 3949 3147 4018 περὶ
3216 3947 3306 4017 μὲν
3378 3941 3632 3998 Ἰακὼδου
3699 3946 3883 4004 πάντες

2279 4028 2510 4096 οἴδασιν,
2562 4033 2643 4085 ὃτι
2691 4031 2914 4107 ἀνῃρέθη
2967 4037 3111 4108 παρὰ
3157 4034 3393 4110 Ἠρώϐου
3432 4042 3524 4087 τοῦ
3559 4037 3876 4107 τετράρχουι

2277 4126 2395 4196 περὶ
2449 4119 2508 4175 δὲ
2560 4130 2651 4176 τοῦ
2711 4123 2947 4177 Ἰωάννου
3010 4128 3235 4188 ζήτησίς
3292 4125 3405 4179 ἔστι
3457 4127 3602 4197 παρὰ
3656 4124 3878 4183 πολλοῖς.

2280 4217 2415 4265 Φασὶ
2459 4214 2582 4286 γὰρ,
2617 4215 2684 4275 ὡς
2734 4212 2842 4266 ἐπεὶ
2889 4212 3131 4285 ἀψευδὴς
3162 4217 3192 4272 ἡ
3227 4222 3318 4267 τοῦ
3365 4222 3600 4288 Χριστοῦ
3652 4213 3882 4286 πρὸρῥη-

2282 4321 2384 4368 σις,
2457 4307 2546 4355 καὶ
2601 4306 2744 4355 οὔπω
2800 4307 3122 4379 μαρτυρικόν
3174 4303 3326 4363 οὗτος
3381 4303 3580 4359 ὑπέστη
3642 4303 3880 4362 θάνατον,

2279 4394 2422 4444 οὔπω
2468 4393 2725 4457 τέθνηκεν,
2783 4391 2890 4444 ἀλλ’
2935 4395 3010 4445 ἔτι
3061 4393 3150 4465 ζῇ,
3192 4397 3281 4444 καὶ
3329 4390 3498 4463 μέλλει
3545 4393 3675 4463 μετὰ
3714 4389 3883 4460 Ἑνὼχ

2277 4487 2366 4534 καὶ
2438 4480 2614 4534 Ἠλιοῦ
2666 4489 2930 4552 σφαγῆναι
2982 4483 3116 4533 κατὰ
3161 4485 3248 4532 τὸν
3290 4491 3379 4542 τῆς
3431 4480 3718 4540 συντελείας
3766 4498 3882 4531 καιο

2277 4576 2388 4647 ρον.
2422 4572 2479 4623 Ὁ
2529 4568 2588 4624 δὲ
2637 4575 3018 4644 Χρυσοστομος
3065 4567 3316 4625 διδάσκει
3353 4580 3599 4645 φανερῶς,
3634 4572 3713 4624 ὅτι
3755 4568 3884 4622 ἁπέ-

2281 4663 2418 4728 θανε,
2449 4665 2540 4713 καὶ
2587 4661 2664 4713 ὃτι
2708 4659 2932 4734 ἐσφάγη·
2965 4665 3024 4714 τὸ
3067 4665 3168 4735 γὰρ
3203 4662 3313 4715 κατ’
3367 4663 3522 4715 αὐτὸν
3568 4659 3882 4732 Εὐαγγέλιον

2278 4751 2589 4824 ἑρμηνεύων)
2639 4751 2688 4803 έν
2743 4754 2832 4824 μὲν
2885 4760 2956 4824 τῷ
3003 4753 3120 4824 (19)
3176 4749 3402 4825 δευτέρῳ
3443 4751 3580 4824 λόγῳ
3629 4753 3750 4822 περὶ
3795 4747 3883 4798 αὐ-

2277 4849 2367 4892 τοῦ
2427 4861 2604 4913 φησιν,
2657 4844 2738 4895 ὃτι
2787 4850 2871 4914 Τῷ
2927 4845 3018 4916 μεν
3077 4843 3371 4915 Εὐαγγελίῳ
3420 4845 3513 4898 τὴν
3572 4839 3879 4909 οἰκουμένην

2275 4930 2550 4984 κατέλαϐεν
2620 4933 2851 4984 ἅπασαν·
2911 4941 2983 5003 τῷ
3037 4929 3097 4984 δὲ
3159 4938 3364 5002 σώματι
3418 4933 3583 5002 μέσην
3647 4931 3880 4998 κατέσχε

2275 5026 2369 5080 τὴν
2409 5021 2611 5086 Ἀσίαν,
2659 5027 2793 5095 φημὶ
2825 5018 2920 5091 δὴ,
2959 5026 3048 5079 τὴν
3088 5020 3325 5093 Ἔφεσον·
3357 5027 3419 5091 τῇ
3470 5015 3528 5072 δε
3552 5017 3707 5090 ψυχῇ
3748 5020 3881 5092 πρὸς

2275 5115 2359 5165 τὸν
2408 5116 2563 5166 τόπον
2612 5108 2896 5187 ἀνέδραμεν
2941 5110 3148 5176 ἐκεῖνον,
3199 5113 3287 5163 τὸν
3333 5115 3440 5170 τοῖς
3493 5108 3666 5180 ἁγίοις
3709 5106 3882 5179 ἁρμό-

2277 5203 2453 5264 ζοντα.
2493 5203 2574 5256 Ἐν
2633 5199 2692 5256 δε
2738 5211 2810 5274 τῷ
2857 5207 3046 5277 πρώτῳ
3093 5199 3245 5272 λέγει,
3297 5200 3374 5253 ὅτι
3425 5201 3516 5252 καὶ
3558 5200 3618 5251 τὸ
3649 5197 3762 5270 (20)
3793 5215 3886 5248 πο-

1727 5507 1950 5576 Variaa
1978 5506 2310 5576 lectiones
2343 5517 2409 5575 et
2448 5516 2654 5573 notas.

614 5699 676 5752 £8
730 5697 897 5752 Tom.
933 5699 1044 5763 Vll,

581 5696 698 5840 ίιθξ
725 5770 890 5825 Tom.
921 5767 1039 5825 V111

1073 5714 1132 5770 p.
1163 5698 1288 5756 646.

725 5770 890 5825 Tom.
921 5767 1156 5841 Vlllfp.
1189 5771 1242 5824 7.

2359 5704 2467 5776 (20)
2523 5705 2688 5759 Tom.
2745 5703 2887 5772 VIII,
2947 5719 3006 5776 p.
3060 5708 3112 5760 2.
3168 5705 3430 5777 Apparet
3464 5716 3625 5772 ergo,
3671 5697 3891 5768 Euthy-
