4178 6386
277 430 377 485 5H

1281 427 1653 484 COMMENT.
1707 424 1774 480 lN
1814 421 2260 480 MATTHEUM.
2302 458 2368 466 -—
2408 426 2567 482 CAP.
2621 428 2743 483 XV.

3559 425 3664 479 542

281 561 460 629 τήριον
513 573 605 606 του
667 561 902 628 Χριστοῦ
956 557 1081 617 ἔπίε,
1142 559 1231 606 καὶ
1281 558 1338 606 τὸ
1397 553 1677 626 βάπτισμα
1728 551 1888 603 αὐτού

2009 551 2298 608 voluntate
2329 554 2478 607 enim
2511 561 2566 609 et
2587 554 2680 609 hic
2713 553 3092 625 interemptus
3135 561 3239 621 est,
3285 554 3478 628 plagis
3510 569 3668 607 mar-

283 643 623 696 ἑϐαπτίσατο.
680 650 756 715 Τῇ
819 648 1116 718 προαιρέσει
1171 647 1272 718 ’γὰρ
1325 643 1524 716 ἐσφάγη
1572 648 1661 694 καὶ
1721 641 1890 706 οὗτος,

280 738 377 794 τὰς
425 735 757 806 μαρτυρικάς
809 732 1013 804 πληγὰς
1073 734 1328 795 ύποστάς,
1382 739 1471 786 καὶ
1525 737 1691 805 μυρία
1748 727 1895 782 δεινά

279 826 461 876 παθὼν
511 819 604 875 διὰ
649 826 738 876 τὸν
788 826 1031 896 Χριστόν.
1094 822 1346 885 Ἀθλητὴς
1393 825 1493 898 γὰρ
1542 827 1632 873 καὶ
1673 822 1890 894 μάρτυς,

282 915 344 967 ού
410 917 564 986 μονον
629 912 656 964 ὃ
736 910 923 984 βιαίως
993 911 1262 965 ἀποθανὼν
1339 909 1433 965 διὰ
1493 915 1579 964 τὸν
1637 911 1890 984 Χριστὸν,

284 1002 417 1055 ἀλλὰ
458 1007 549 1054 καὶ
613 1003 640 1054 ὁ
699 1004 1054 1074 μαστιγωθεὶς
1107 1008 1197 1056 καὶ
1243 1004 1624 1062 κακοπαθήσας
1672 996 1748 1052 δι’
1805 996 1894 1050 αύ-

488 1092 813 1165 Εύρίσκομεν
875 1094 976 1164 γὰρ
1051 1097 1142 1145 καὶ
1207 1094 1338 1165 μετὰ
1421 1100 1602 1144 τοῦτον
1676 1087 1892 1148 πολλοὺς

284 1181 621 1242 ἀθλήσαντας
675 1184 786 1252 μὲν,
861 1186 956 1240 τὴν
1014 1178 1073 1234 δὲ
1141 1181 1327 1254 ψυχὴν
1394 1183 1443 1234 ἐν
1496 1181 1670 1256 εἰρήνη
1728 1197 1893 1250 παρα-

287 1273 526 1344 θεμένους
564 1278 700 1341 Θεῷ,
739 1274 830 1323 καὶ
873 1267 968 1323 διὰ
1012 1279 1168 1324 τοῦτο
1212 1276 1368 1344 φήσει
1409 1290 1489 1333 τις
1538 1269 1651 1342 (2t)
1703 1267 1894 1328 αὐτοὺς

282 1360 636 1418 ἐκϐεϐλῆσθαι
681 1368 773 1412 τοῦ
800 1369 1125 1435 μαρτυρικοῡ
1167 1359 1486 1434 ἀξιώματος.
1544 1359 1665 1411 Ὀτι
1711 1355 1770 1410 δὲ
1816 1360 1894 1410 τέ-

287 1097 374 1144 τὸν
383 1135 396 1148 .

285 1453 492 1519 θνηκεν,
527 1449 684 1512 αὐτὸς
727 1449 879 1512 οὗτός
919 1469 1097 1522 φησιν,
1148 1450 1200 1502 ἂν
1235 1458 1306 1521 τῷ
1354 1450 1658 1522 Ebur-7757(9)
1688 1451 1776 1520 μεν
1816 1446 1895 1498 λί-

279 1561 409 1613 νων,
452 1541 535 1592 ὃτι
585 1538 696 1592 Ούκ
750 1540 886 1592 εἶπεν
943 1539 1084 1611 αὐτῷ
1132 1541 1158 1590 ὁ
1219 1541 1441 1606 Ἰησοῦς,
1489 1541 1571 1591 ὃτι
1623 1538 1715 1590 οὐκ
1765 1535 1892 1588 ἀπον

283 1633 524 1688 θνήσκει·
579 1627 628 1680 ἐν
678 1624 738 1681 δὲ
783 1636 846 1702 τῇ
899 1626 1065 1702 βίϐλῳ
1108 1637 1202 1691 τῆς
1253 1628 1672 1700 Ἀποκαλύψεως,
1731 1645 1892 1700 προσο

281 1727 405 1791 ωπῳ
469 1726 562 1772 τοῦ
616 1725 874 1793 Σωτῆρος,
930 1720 1012 1772 ὅτι
1070 1719 1173 1772 Καί
1223 1715 1380 1772 δώσω
1427 1725 1532 1779 τοῖς
1583 1714 1712 1770 δυσὶ
1750 1719 1888 1790 μάρ-

279 1815 402 1862 τυσί
489 1828 615 1882 μου,
707 1813 797 1860 καὶ
890 1811 1346 1881 προφητεύσουσιν
1445 1808 1638 1881 ἡμέρας
1730 1811 1889 1867 τόσας

280 1901 457 1970 Ἐνὼχ
493 1903 584 1950 καὶ
620 1897 818 1960 Ἠλίας.

350 1991 421 2041 Τὸ
491 1983 550 2040 δε
602 1989 823 2040 καθίσαι
877 2018 948 2029 -
1008 2007 1131 2060 μου.
1191 1987 1535 2061 Προλαϐόντες
1589 1986 1884 2060 εἰρήκαμεν,

281 2078 363 2130 ὅτι
414 2081 473 2129 τὸ
534 2078 757 2130 καθίσαι
813 2075 868 2129 ἐκ
923 2073 1125 2143 δεξιῶν,
1179 2081 1210 2136 ἦ
1271 2076 1324 2140 ἐξ
1379 2077 1650 2150 εὐωνύμων
1705 2076 1886 2140 αὐτοῦ,

282 2169 414 2239 ὑπὲρ
490 2171 585 2225 τὴν
645 2165 794 2229 ἀξίαν
851 2165 1011 2232 ἐστὶν,
1069 2166 1128 2220 ού
1194 2170 1345 2239 μόνον
1399 2175 1497 2219 τῶν
1583 2165 1886 2238 ἀνθρώπων,

293 2255 426 2307 ἀλλὰ
471 2261 556 2309 καὶ
606 2265 707 2308 τῶν
761 2255 864 2308 ἀνω
908 2253 1196 2329 δυνάμεων·
1234 2256 1414 2310 λοιπὸν
1465 2252 1554 2308 οὖν
1593 2253 1767 2317 οὐδεὶς
1796 2275 1888 2309 κα·

294 2342 535 2399 θεδεῖται.
589 2350 692 2398 Καὶ
749 2354 856 2407 πῶς
909 2345 1129 2399 ἐνταῦθά
1186 2366 1364 2419 φησιν,
1430 2347 1511 2398 ὅτι
1565 2345 1675 2398 Ούκ
1746 2347 1884 2398 ἔστιν

281 2435 408 2508 ἐμὸν
465 2432 670 2502 δοῦναι,
744 2434 851 2487 ἀλλ’
909 2434 1109 2488 ἐκείνων
1185 2435 1343 2501 ἐστὶν,
1419 2432 1496 2497 οἶς
1568 2437 1885 2507 ἡτοίμασται

434 2532 527 2577 τοῦ
590 2529 790 2598 Πατρός
836 2542 976 2598 μου;
1027 2529 1266 2578 Δείκνυσι
1311 2528 1434 2598 γὰρ,
1485 2525 1566 2578 ὅτι
1605 2520 1885 2577 καθεδοῦν·

275 2619 363 2667 ταί
415 2633 570 2676 τινες,
626 2618 854 2686 Λέγομιν
909 2610 1016 2680 οὖν,
1070 2617 1140 2676 ὡς
1192 2613 1300 2666 ἐπεὶ
1356 2611 1638 2688 προεδρίαν
1683 2612 1731 2665 ἐν
1780 2621 1886 2672 τοῖς

273 2707 540 2778 μαθηταῖς
599 2704 836 2777 ᾐτοῦντο,
895 2703 1072 2757 λοιπὸν
1139 2705 1165 2756 ὁ
1222 2707 1452 2777 Χριστὸς
1507 2700 1766 2779 καθέδραν
1830 2706 1885 2756 ἑκ

277 2792 462 2858 δεξιῶν
522 2801 613 2848 καὶ
670 2794 724 2857 ἕξ
783 2793 1054 2868 εὐωνύμων
1112 2793 1248 2866 λέγει
1300 2799 1395 2853 τὴν
1451 2799 1662 2869 πρώτην
1739 2793 1885 2856 τάξιν

275 2885 324 2938 ἰν
384 2881 586 2951 αὐτοῖς,
634 2885 699 2946 ἧς
749 2883 1133 2948 ἀξιωθησονται
1189 2889 1384 2959 Πέτρος
1425 2903 1514 2937 και
1563 2883 1786 2948 Παῦλος,
1838 2885 1888 2935 οἱ

277 2982 559 3048 κορυφαῖοι
615 2982 716 3027 τῶν
769 2976 1036 3046 μαθητῶν,
1080 2975 1148 3036 ὡς
1200 2973 1370 3027 πλεῖον
1402 2983 1500 3026 τῶν
1539 2973 1704 3026 ἄλλων
1757 2975 1889 3027 πάν-

281 3085 385 3117 των
417 3063 819 3138 ἀγωνισάμενοι.

359 3159 460 3208 Καὶ
512 3163 621 3216 πῶς
677 3155 702 3206 ὁ
759 3150 1154 3227 παντοδύναμος
1225 3150 1477 3207 ἀδυνατεῖ
1533 3149 1718 3207 δοῦναι
1767 3156 1892 3208 ταύ-

2003 639 2138 710 tyrii
2170 642 2480 714 susceptis,
2508 647 2564 698 et
2593 659 2808 714 passus
2853 642 3168 701 innumera
3212 649 3453 717 propter
3481 641 3668 697 Chris-

2004 732 2132 783 tum
2164 730 2449 800 pericula.
2482 735 2630 788 Nam
2665 732 2885 788 athleta
2913 747 2982 788 ac
3027 740 3255 806 martyr
3299 733 3512 788 dicitur
3543 745 3666 787 non

2003 818 2198 875 solum
2231 821 2334 892 qui
2362 821 2611 877 violente
2641 826 2914 877 mortuus
2942 829 3028 879 est
3072 829 3315 896 propter
3345 822 3664 885 Christum,

2003 925 2209 965 verum
2239 910 2416 966 etiam
2438 912 2541 984 qui
2567 911 2899 982 ﬂagellatus
2921 918 3026 979 est,
3053 914 3288 986 aliaque
3310 913 3497 968 multa
3530 926 3668 983 pas-

2003 1014 2106 1054 sus
2130 1005 2373 1070 propter
2397 1016 2556 1056 eum.
2589 1001 2929 1056 Invenimus
2949 1003 3249 1075 siquidem
3271 1007 3328 1059 et
3357 1000 3664 1074 posthunc

2003 1088 2314 1160 plerosque
2339 1095 2596 1146 certasse
2621 1089 2889 1162 quidem,
2917 1107 3128 1148 verum
3147 1093 3415 1148 animam
3433 1092 3492 1146 in
3516 1103 3664 1162 pace

2004 1179 2125 1234 Deo
2154 1180 2618 1236 commendasse
2654 1196 2803 1249 ;nec
2859 1187 3100 1260 propter
3150 1183 3265 1239 hoc
3317 1181 3476 1238 dicet
3506 1178 3667 1252 quis-

2002 1269 2157 1341 piam
2179 1285 2279 1325 eos
2298 1285 2334 1324 a
2360 1275 2626 1346 martyrii
2648 1278 2937 1332 excidisse
2958 1274 3244 1345 dignitate
3264 1271 3436 1337 Quod
3463 1275 3662 1326 autem

2004 1364 2276 1416 mortuus
2307 1361 2398 1431 sit,
2433 1362 2563 1434 ipse
2621 1366 2779 1422 idem
2835 1367 2910 1421 ait
2940 1366 2999 1421 in
3044 1361 3363 1434 Evangelia
3418 1359 3666 1431 quidem

2003 1448 2203 1504 dicens
2238 1466 2250 1503 :
2284 1451 2421 1506 Non
2448 1452 2600 1510 dixit
2627 1455 2680 1510 ei
2707 1455 2896 1512 Iesus.
2947 1455 3080 1511 Non
3111 1451 3361 1507 moritur
3392 1450 3462 1502 ⁸ο.
3497 1451 3558 1502 ln
3603 1448 3668 1502 li-

2003 1537 2114 1595 bro
2147 1545 2347 1596 autem
2391 1543 2786 1616 Apocalypsis
2819 1546 2928 1600 sub
2983 1557 3243 1615 persona
3295 1537 3618 1596 Salvatoris
3650 1552 3662 1591 :

2001 1629 2081 1684 Et
2119 1630 2270 1687 dabo
2301 1631 2522 1688 duobus
2554 1634 2796 1690 testibus
2826 1635 2983 1701 meis,
3037 1639 3088 1688 et
3119 1631 3551 1704 prophetabunt
3584 1632 3664 1682 tot

2002 1722 2610 1779 diebusamictisaccis
2625 1723 2802 1781 “.Hic
2823 1727 3028 1779 autem
3044 1727 3185 1778 sunt
3201 1720 3401 1776 Enoch
3418 1722 3476 1776 et
3489 1717 3665 1773 Elias.

2004 1813 2140 1884 (2‘2),
2237 1812 2664 1887 περιϐεϐλημένοι
2761 1816 3010 1874 σάκκους.
3123 1811 3284 1865 Οὗτοι
3378 1808 3436 1865 δι
3533 1808 3664 1862 εἰσιν

2071 1995 2229 2049 Vers.
2261 1994 2349 2048 23.
2374 1993 2587 2050 Sedere
2601 1999 2798 2051 autem
2827 2025 2898 2034 —
2918 2009 3064 2050 meo.
3087 1993 3151 2048 In
3177 1989 3662 2063 praecedentibus

1998 2081 2282 2149 diximus,
2309 2083 2471 2155 quod
2510 2082 2715 2139 sedere
2746 2099 2782 2138 a
2805 2081 3063 2138 dexteris
3085 2081 3216 2153 ejus
3251 2084 3354 2135 aut
3385 2077 3662 2142 sinistris,

1997 2174 2231 2230 excedit
2282 2173 2627 2246 dignitatem
2660 2188 2778 2229 non
2809 2173 3126 2228 hominum
3185 2169 3404 2238 solum,
3458 2183 3665 2224 verum

1996 2264 2174 2320 etiam
2203 2279 2599 2336 supernarum
2629 2264 2916 2320 virtutum
2948 2279 2962 2329 ;
2996 2261 3186 2322 nullus
3234 2262 3434 2332 itaque
3493 2260 3668 2315 sede-

1993 2353 2100 2410 bit.
2143 2357 2210 2411 Et
2235 2354 2544 2428 quomodo
2568 2353 2663 2409 hic
2695 2354 2830 2408 dicit
2853 2370 2866 2408 :
2886 2354 3016 2409 Non
3047 2358 3130 2409 est
3166 2367 3351 2408 meum
3377 2349 3538 2414 dare,
3564 2349 3668 2405 sed

1993 2445 2068 2501 iis
2095 2446 2372 2515 contingit
2400 2443 2612 2515 quibus
2630 2450 2898 2514 paratum
2921 2449 3005 2500 est
3057 2459 3094 2499 a
3124 2443 3302 2497 Patre
3331 2455 3451 2496 meo
3471 2440 3500 2493 ?
3565 2441 3668 2495 Os-

1993 2534 2182 2591 tendit
2205 2534 2364 2590 enim
2382 2533 2686 2606 quosdam
2708 2549 2995 2589 sessuros.
3023 2531 3284 2587 Dicimus
3323 2545 3466 2599 ergo
3499 2528 3668 2600 quod

1995 2641 2134 2682 cum
2189 2624 2705 2697 prmeminentiam
2756 2624 2908 2679 inter
2961 2620 3292 2694 discipulos
3380 2621 3665 2691 peterent,

1993 2731 2158 2772 nunc
2209 2713 2474 2770 Christus
2524 2713 2874 2770 cathedram
2923 2730 2956 2768 a
3008 2711 3232 2768 dextris
3294 2716 3351 2766 et
3415 2709 3667 2764 sinistris

1996 2805 2139 2861 dicit
2194 2803 2452 2876 primam
2499 2804 2647 2860 inter
2689 2804 2858 2875 ipsos
2908 2804 3136 2868 sedem,
3190 2816 3314 2873 quo
3364 2803 3565 2856 Petrus
3613 2803 3671 2855 et

1997 2895 2212 2951 Paulus
2242 2893 2601 2964 dignihabiti
2628 2897 2770 2949 sunt
2796 2892 3094 2965 principes
3123 2890 3576 2963 discipulorum,
3603 2892 3672 2944 ut

1999 2984 2103 3057 qui
2125 2984 2263 3056 plus
2293 2983 2518 3040 cteteris
2552 2983 2992 3040 laboraverunt.

2074 3165 2140 3219 Et
2168 3161 2480 3234 quomodo
2507 3160 2604 3232 qui
2633 3161 3014 3232 omnipotens
3064 3165 3170 3224 est,
3206 3158 3285 3214 ad
3313 3159 3472 3215 hanc
3524 3158 3673 3215 dan-

280 3250 411 3312 τήνς
466 3244 580 3297 Οὐκ
623 3247 786 3310 ἔστιν,
831 3246 953 3316 ὅπερ
1004 3242 1159 3313 εἶπεν,
1208 3240 1517 3316 ἀδυναμίας,
1564 3243 1691 3297 ἀλλά
1719 3241 1893 3298 δικαι-

2009 3253 2148 3309 dam
2171 3251 2439 3308 redditur
2468 3251 2766 3322 impotens
2791 3251 2819 3306 ?
2867 3249 3038 3316 Quod
3062 3249 3229 3314 dixit,
3287 3249 3419 3304 Non
3439 3255 3519 3304 est
3551 3263 3673 3304 non

281 3338 503 3396 οσύνης.
556 3335 698 3387 Ἐπεὶ
764 3335 867 3406 ⁹γὰρ
934 3336 1273 3409 χαρίσασθαι
1344 3335 1524 3397 αὐτοῖς
1599 3339 1696 3394 τὴν
1767 3355 1891 3410 προ-

281 3422 467 3500 εδρίαν
528 3425 764 3496 ᾐτοῦντο,
817 3429 997 3496 φησὶν,
1054 3425 1132 3478 ὅτι
1184 3424 1296 3477 Ούκ
1342 3427 1482 3478 ἔστιν
1531 3423 1650 3497 ἐμὸν
1690 3427 1748 3477 τὸ
1799 3428 1895 3482 τὴν

281 3522 498 3589 πρωτην
550 3514 696 3577 τάξιν
739 3515 1098 3588 χαρίσασθαι·
1144 3521 1298 3567 τοῦτο
1339 3516 1441 3588 γὰρ
1490 3522 1577 3566 νῦν
1607 3517 1666 3567 τὸ
1712 3509 1897 3567 δοῦναι

285 3609 558 3677 σημαίνει,
629 3599 840 3666 δίκαιος
895 3605 998 3678 γὰρ
1055 3608 1182 3676 είμι,
1250 3608 1338 3658 καὶ
1394 3602 1894 3678 ἀπροσωπόληπτος·

283 3695 394 3746 ἀλλ’
457 3693 661 3747 ἐκείνων
715 3693 856 3747 ἐστὶν
911 3694 1067 3760 αὕτη,
1126 3693 1204 3754 οἷς
1271 3696 1594 3766 ἡτοίμασται
1649 3695 1750 3747 ὑπὸ
1805 3700 1897 3746 τοῦ

285 3789 489 3857 Πατρός
534 3803 657 3856 μου.
697 3782 1046 3855 Ἠτοίμασται
1091 3780 1150 3836 δὲ
1191 3791 1305 3846 τοῖς
1351 3780 1740 3856 δικαιόυμένοις
1769 3786 1897 3836 ταύ-

283 3893 377 3934 της
430 3881 636 3945 τυχεῖν.
688 3872 766 3927 Ού
822 3875 924 3946 γὰρ
979 3877 1133 3946 μόνον
1207 3876 1266 3926 τὸ
1337 3881 1593 3926 κοινωνεῖν
1662 3893 1752 3946 μοι
1804 3883 1900 3938 τῆς

287 3973 492 4034 σφαγῆς
535 3963 768 4036 προξενεῖ
797 3967 890 4022 τὴν
933 3967 1146 4038 πρώτην
1184 3963 1354 4030 τάξιν,
1401 3962 1529 4016 ἀλλὰ
1575 3965 1633 4016 τὸ
1673 3971 1901 4039 πρωτεῦ-

287 4072 380 4106 σαι
432 4055 640 4105 πάντων
692 4057 783 4104 καὶ
843 4051 892 4103 ἐν
958 4059 1077 4114 ταῖς
1129 4051 1335 4114 λοιπαῖς
1406 4051 1633 4126 ἀρεταῖς.
1704 4055 1902 4108 Ἐντεῦ-

289 4143 368 4194 θεν
414 4138 474 4195 δὲ
518 4142 752 4214 μάλιστα
787 4142 1076 4215 παρέθηξεν
1128 4142 1340 4205 αύτούς.
1393 4142 1515 4197 ’Υπό
1555 4150 1647 4196 τοῦ
1696 4147 1901 4217 Πατρός

285 4249 388 4300 μου
447 4227 506 4282 δε
565 4228 720 4295 εἶπεν,
779 4233 891 4304 ἅμα
932 4234 1023 4304 μὲν
1067 4235 1154 4285 τὸν
1193 4237 1399 4307 Πατέρα
1446 4240 1627 4305 τιμῶν,
1681 4235 1792 4304 οἶμα
1842 4230 1901 4286 δὴ

283 4325 373 4372 καὶ
424 4319 607 4373 ἑαυτὸν
659 4326 1034 4394 συνεμφαίνων,
1082 4323 1154 4384 ὡς
1205 4322 1396 4374 ταύτὸν
1435 4329 1508 4392 τῷ
1542 4326 1710 4397 Πατρὶ
1743 4318 1902 4375 δυνά-

281 4429 454 4481 μενον.
491 4411 628 4482 Ἐγὼ
656 4413 779 4485 γὰρ,
813 4416 965 4483 φησὶ,
997 4415 1088 4464 καὶ
1113 4412 1138 4464 ὁ
1172 4415 1353 4486 Πατὴρ
1381 4411 1429 4463 ἓν
1464 4409 1633 4483 ἔσμεν.

356 4513 463 4562 Καὶ
520 4539 591 4550 -—
634 4505 890 4581 ἀδελφῶν.
942 4511 1007 4562 Οἱ
1058 4505 1156 4561 δύο
1201 4512 1292 4582 μὲν
1331 4517 1431 4561 τῶν
1475 4506 1606 4563 δέκα
1653 4512 1901 4582 μαθητῶν

2003 3341 2369 3415 impotentiae
2391 3345 2501 3406 est,
2533 3339 2640 3396 sed
2698 3340 2957 3411 justitiaa.
2992 3343 3139 3396 Nam
3170 3339 3315 3411 quia
3339 3339 3519 3411 gratis
3558 3337 3672 3395 sibi

2005 3433 2330 3503 primatum
2365 3430 2652 3502 petebant
2680 3446 2694 3486 :
2719 3432 2848 3486 Non
2877 3435 2990 3498 est,
3024 3428 3233 3500 inquit,
3277 3444 3482 3484 meum
3527 3427 3673 3484 dare

2006 3521 2191 3592 gratis
2220 3520 2546 3593 primatum
2579 3519 2703 3574 sive
2732 3519 2988 3590 primam
3023 3518 3248 3587 sedem,
3282 3518 3342 3573 id
3370 3518 3670 3591 siquidem

2006 3611 2300 3682 signiﬁcat
2318 3610 2460 3666 dare
2486 3627 2501 3677 ;
2525 3610 2723 3681 justus
2741 3609 2902 3664 enim
2917 3611 3102 3675 tsum,
3128 3623 3250 3663 non
3278 3623 3674 3680 personarum

2006 3704 2306 3773 acceptor.
2340 3699 2454 3757 Sed
2479 3700 2614 3766 hoc,
2645 3699 2745 3765 ait,
2773 3704 2861 3754 est
2885 3699 3120 3754 illorum
3142 3697 3365 3771 quibus
3401 3703 3676 3770 paratum

2007 3795 2098 3848 est
2126 3807 2162 3847 a
2188 3791 2356 3846 Patre
2389 3805 2546 3847 meo.
2579 3793 2858 3846 Paratum
2889 3795 2978 3845 est
3009 3793 3211 3846 autem
3242 3789 3333 3844 his
3377 3788 3481 3862 qui
3511 3787 3676 3858 digni

2008 3884 2147 3936 sunt
2178 3885 2240 3935 ut
2254 3879 2369 3935 hoc
2383 3884 2845 3952 consequantur.
2864 3882 2989 3935 Non
3011 3879 3166 3934 enim
3185 3877 3313 3934 sola
3337 3878 3487 3934 nihil
3517 3876 3676 3933 caede

2007 3969 2458 4026 communicare
2505 3969 2766 4041 primam
2815 3968 3092 4025 conciliat
3119 3968 3346 4034 sedem,
3385 3967 3493 4023 sed
3564 3966 3678 4038 pri-

2009 4075 2143 4115 mas
2184 4057 2458 4115 omnium
2503 4058 2652 4114 ferre
2703 4059 2886 4114 etiam
2943 4058 3005 4113 in
3055 4057 3286 4113 cmteris
3333 4056 3675 4112 virtutibus.

2009 4149 2152 4205 Inde
2191 4153 2394 4205 autem
2445 4150 2704 4204 maxime
2743 4148 3009 4204 traduxit
3036 4146 3188 4202 illos.
3239 4147 3286 4201 A
3340 4147 3526 4203 Patre
3550 4161 3678 4201 meo

2011 4243 2213 4295 autem
2243 4237 2408 4301 dixit,
2465 4243 2592 4294 tum
2647 4241 2712 4293 ut
2754 4237 2991 4293 Patrem
3043 4237 3382 4299 honoraret,
3433 4239 3565 4290 tum
3614 4239 3679 4291 ut

2011 4328 2278 4400 seipsum
2309 4327 2746 4384 demonstraret
2781 4331 3073 4397 tanquam
3113 4324 3273 4380 idem
3322 4339 3455 4379 cum
3503 4324 3676 4380 Patre

2008 4420 2332 4490 potentem,
2359 4417 2503 4487 Ego,
2534 4415 2742 4488 inquit,
2774 4421 2827 4471 et
2853 4415 3030 4470 Pater
3057 4429 3245 4469 unum
3271 4427 3462 4469 sumus
3496 4414 3565 4468 ⁸³.

2081 4506 2250 4563 Vers.
2273 4509 2362 4562 24.
2395 4507 2474 4562 Et
2498 4534 2568 4548 —
2589 4504 2912 4575 fratribus.
2931 4506 3056 4560 Duo
3083 4503 3334 4576 quidem
3359 4517 3547 4575 supra
3583 4502 3681 4558 de-

278 4599 718 4672 κατεπήρθησανο
769 4601 819 4651 οἱ
871 4595 1003 4651 δέκα
1033 4595 1112 4664 δι,
1145 4606 1252 4659 τοῖς
1299 4595 1428 4651 δυσὶ
1458 4601 1723 4671 μαθηταῖς
1753 4598 1893 4672 5900’-

2013 4615 2144 4656 cem
2166 4597 2496 4669 discipulos
2527 4595 2667 4651 elati
2699 4595 2934 4651 fuerant
2968 4616 2980 4648 :
3007 4594 3217 4650 decem
3245 4609 3388 4649 vero
3420 4593 3496 4648 de
3525 4593 3682 4648 duo-

277 4706 469 4751 νησαν,
515 4695 617 4738 τῶν
669 4693 930 4762 πρωτείων
982 4687 1280 4761 ἐφιεμένοις.
1337 4695 1490 4741 Οῦτω
1537 4690 1726 4751 πάντες
1765 4687 1900 4748 ἦσαν

282 4775 497 4838 ἀτελεῖς.
559 4781 717 4848 μήπω
765 4784 858 4830 τοῦ
920 4779 1058 4830 θείου
1116 4779 1411 4849 Πνιύματος
1465 4776 1902 4850 ἐπιφοιτήσαντος

284 4866 488 4928 αὐτοῖς.
523 4865 661 4918 Ἀλλ’
691 4867 906 4939 ὔστερον
941 4866 1132 4931 αὐτοὺς
1175 4869 1468 4940 κατάμαθε,
1500 4872 1590 4920 καὶ
1621 4867 1738 4939 ὄψει
1773 4889 1900 4921 παν.

281 4960 372 5017 τὸς
421 4958 623 5018 πάθους
667 4955 1114 5030 ἀπηλλαγμένους,
1173 4961 1262 5009 καὶ
1320 4955 1574 5021 ἀλλήλους
1631 4955 1903 5014 ἐπαινοῦν-

282 5065 402 5117 τας,
463 5049 558 5099 καὶ
620 5044 852 5111 ἀλλήλοις
923 5055 1025 5099 τῶν
1086 5051 1351 5122 πρωτείων
1427 5055 1896 5121 παραχωροῦντας.

357 5174 410 5209 ⁸ο
430 5173 606 5229 Joan.
627 5187 743 5242 xxi,
766 5173 858 5228 23.
937 5173 981 5210 ⁶¹
1012 5174 1196 5246 Apoc.
1225 5188 1301 5239 x1,
1323 5172 1378 5230 3.

1457 5175 1505 5208 ⁸³
1529 5173 1701 5230 Joan.
1733 5190 1790 5239 x,
1823 5177 1912 5231 30.

2008 4690 2121 4746 bus
2142 4685 2518 4754 invidebant,
2541 4700 2612 4741 eo
2643 4685 2805 4757 quod
2832 4684 3066 4756 primas
3101 4682 3277 4740 sedes
3295 4682 3676 4739 desiderave-

2011 4782 2184 4845 rant;
2209 4781 2266 4833 et
2287 4775 2370 4833 ita
2389 4791 2608 4832 omnes
2633 4773 2960 4846 imperfecti
2985 4777 3177 4830 erant.
3207 4771 3487 4830 Nondum
3515 4771 3679 4828 enim

2012 4867 2261 4941 Spiritus
2294 4871 2539 4922 sanctus
2564 4864 2974 4922 descenderat.
3007 4862 3122 4920 Sed
3148 4862 3542 4934 postmodum
3593 4862 3679 4933 ip-

2012 4975 2113 5015 sos
2144 4956 2400 5030 perfecte
2450 4954 2819 5026 cognoscito,
2869 4957 2929 5010 et
2980 4952 3215 5011 videbis
3253 4952 3423 5008 omni
3461 4949 3680 5008 affectu

2007 5047 2248 5114 liberos,
2287 5061 2359 5102 ac
2383 5044 2633 5101 invicem
2658 5042 3024 5108 extollentes,
3059 5047 3118 5099 et
3147 5045 3361 5097 mutuo
3386 5039 3681 5111 primatus

1517 5332 1744 5402 Varia:
1772 5333 2104 5404 lectiones
2134 5342 2199 5402 et
2219 5339 2422 5400 nota.

286 5477 481 5552 mium
530 5491 640 5550 pro
669 5475 866 5552 prima
907 5474 1517 5552 humiliaihabuisse,
1547 5476 1713 5552 quod
1751 5491 1901 5552 non-

282 5547 436 5605 nulli
457 5545 568 5620 prb
589 5545 942 5620 préfatione
968 5545 1214 5603 habent.
1240 5545 1630 5604 Consentiubt
1649 5548 1898 5606 Savilius

283 5625 341 5676 et
380 5619 894 5676 montet'alconius.

353 5693 471 5762 (2t)
511 5690 680 5748 Forte
726 5688 923 5761 ούδεις,
956 5689 1128 5748 sicuti
1163 5689 1496 5751 Hentenius
1536 5705 1783 5763 quoque
1813 5692 1898 5748 vi-

285 5763 454 5820 detur
474 5763 708 5835 legisse.

2081 5476 2198 5549 (22)
2229 5477 2401 5536 Τόσας
2425 5472 2673 5549 scripsit,
2687 5472 2869 5549 quod
2897 5487 3179 5549 numeros
3205 5471 3422 5549 referre
3464 5471 3678 5549 noluit.

2010 5544 2300 5626 gestarum
2339 5561 2462 5602 non
2515 5544 2797 5626 intelligo,
2852 5544 3162 5626 quomodo
3217 5545 3678 5626 htec__p_robent,

2006 5621 2302 5676 Joannem
2334 5616 2764 5688 evangelistam
2793 5620 3098 5689 mortuum
3143 5631 3293 5674 esse.
3350 5616 3515 5686 Vide,
3547 5630 3679 5689 qua:

2007 5692 2132 5748 dixi
2158 5693 2219 5750 in
2249 5687 2515 5747 editione
2539 5691 2613 5747 N.
2649 5689 2798 5744 Test.
2829 5687 2902 5743 ad
2929 5689 3099 5744 Joan.
3123 5703 3244 5754 xxi,
3271 5690 3361 5744 23.
