4178 6384
500 404 608 460 543

1821 398 2168 458 EUTHYMII
2219 397 2553 455 ZIGABENI

3775 401 3883 458 544

506 530 920 586 concedentes.
949 532 1110 586 Tunc
1139 530 1340 600 itaque
1365 529 1661 602 indignati
1692 534 1848 594 sunt,
1882 530 2004 583 sive
2033 541 2161 597 gra-

2273 529 2401 578 Τότε
2434 522 2487 578 δ’
2516 523 2603 579 οὖν
2634 526 2750 598 (23)
2783 526 3179 598 ἠγανάκτησαν,
3216 527 3377 598 ἤγουν
3409 526 3543 598 (24),
3586 523 3884 599 ἐδυσφόρη-

506 619 656 673 viter
688 619 968 675 tulerunt.
1005 619 1311 691 Siquidem
1342 620 1589 692 quando
1615 620 1957 692 frequenter
2005 614 2161 672 Chri-

507 712 633 763 stus
666 707 796 765 illos
826 725 944 780 prae
976 711 1195 766 caateris
1218 696 1640 777 honoraverat',
1669 725 1792 766 non
1830 722 1986 777 aegre
2018 705 2162 761 tule-

504 802 660 865 rant,
694 798 897 870 ipsum
925 798 1148 855 scilicet
1182 798 1345 856 veriti
1376 816 1389 866 ;
1422 799 1671 872 quando
1713 802 1913 855 autem
1968 812 2075 870 per
2100 811 2162 852 se

505 886 831 959 primatum
876 887 1186 959 petierunt,
1243 888 1535 960 indignati
1597 895 1753 954 sunt,
1803 893 1861 945 et
1900 887 2162 944 maxime

507 976 742 1047 cognito
772 978 937 1050 quod
963 978 1224 1039 exauditi
1254 995 1377 1035 non
1404 985 1600 1036 essent
1634 998 1648 1048 ;
1681 996 1754 1036 ex
1778 977 2163 1052 praeceptoris

505 1066 666 1122 enim
695 1068 1084 1139 responsione
1113 1068 1529 1127 intellexerunt
1556 1070 1703 1141 quid
1730 1069 2050 1141 petiissent.

580 1158 738 1212 Vers.
768 1156 855 1211 25.
884 1158 1051 1213 Jesus
1077 1164 1270 1215 autem
1301 1189 1370 1199 -
1392 1159 1571 1216 dixit.
1609 1159 1760 1225 Quia
1780 1158 1902 1214 duo
1932 1156 2012 1212 ab
2031 1156 2161 1212 aliis

507 1243 682 1299 divisi
725 1245 794 1301 ad
827 1262 965 1302 eum
1025 1252 1423 1312 accesserant,
1457 1251 1516 1303 et
1545 1251 1808 1304 astantes
1860 1246 2159 1317 colloque-

504 1332 746 1400 bantur,
804 1335 1060 1392 advocat
1114 1341 1171 1393 et
1222 1336 1409 1393 alios:
1472 1354 1542 1394 ac
1608 1336 1863 1409 primum
1913 1335 2159 1407 quidem

506 1423 772 1482 turbatos
790 1424 1007 1497 placat,
1040 1442 1146 1497 per
1161 1426 1664 1483 coadunationem
1688 1442 1817 1498 quae
1843 1425 1995 1481 inter
2014 1441 2074 1481 se
2106 1430 2159 1481 et

504 1511 644 1571 illos
670 1518 817 1570 erat.
852 1515 1071 1571 Deinde
1100 1516 1216 1571 ait:

585 1707 745 1764 Vers.
774 1710 867 1766 25.
908 1709 1086 1765 Scitis
1114 1740 1184 1749 —
1212 1709 1375 1765 Vers.
1425 1712 1513 1765 26.
1549 1712 1706 1766 inter
1735 1725 1854 1766 vos.
1916 1708 2164 1779 Cognito

508 1796 666 1869 quod
695 1797 810 1851 hoc
849 1798 965 1852 ﬁne
995 1796 1116 1853 duo
1150 1796 1233 1853 illi
1258 1798 1548 1870 petierant
1580 1799 1927 1871 primatum,
1963 1803 2026 1852 ut
2055 1813 2166 1853 caa-

2276 635 2370 668 σαν
2419 614 2502 668 ὅτε
2549 618 2639 688 μὲν
2685 617 2786 689 γὰρ
2830 620 3085 688 προετίμα
3134 618 3347 677 τούτους
3395 615 3641 678 πολλάκις
3690 617 3715 668 ό
3746 624 3885 691 Χρι-

2274 708 2412 769 στός,
2446 704 2541 757 ούκ
2571 701 2963 779 ἐδυσφόρησαν,
2992 702 3294 778 αἰδούμενοι
3324 712 3521 759 τοῦτον.
3556 704 3641 758 ὃτε
3671 701 3731 758 δὲ
3764 705 3880 776 (25)

2271 796 2467 847 οἴκοθεν
2520 795 2785 867 ᾐτήσαντο
2836 800 2932 853 τὴν
2982 792 3282 871 προεδρίαν,
3336 795 3734 866 ἠγανάκτησαν,
3788 798 3881 846 καὶ

2271 884 2504 956 μάλιστα
2550 887 2770 955 γνόντες,
2826 886 2908 936 ὅτι
2966 884 3061 937 οὐκ
3118 885 3572 943 εἰσηκούσθησαν.
3640 882 3727 937 Ἐκ
3782 889 3883 944 τῆς

2272 971 2591 1046 ἀποκρίσεως
2668 975 2771 1046 γὰρ
2830 980 2923 1027 τοῦ
3001 970 3335 1027 διδασκάλου
3410 982 3639 1034 συνῆκαν
3701 976 3791 1025 καὶ
3852 973 3880 1025 ὅ

2272 1064 2560 1136 ᾐτήσαντο.

2340 1151 2399 1203 Ὁ
2456 1148 2516 1204 δε
2581 1152 2787 1215 Ἰησοῦς
2838 1184 2893 1195 -
2945 1151 3101 1205 εἶπεν.
3156 1152 3295 1206 Ἐπεὶ
3345 1156 3513 1225 μόνοι,
3561 1160 3662 1204 τῶν
3715 1150 3880 1203 ἄλλων

2272 1238 2662 1315 ἀπορραγέντες,
2713 1243 2763 1293 οἱ
2818 1238 2916 1295 δύο
2964 1247 3329 1316 προσήγγισαν
3374 1241 3538 1312 αύτῷ,
3598 1245 3689 1294 καὶ
3739 1259 3884 1315 παρ-

2272 1338 2484 1391 εστῶτες
2549 1330 2793 1404 ὡμίλουν,
2872 1331 3247 1407 προσκαλεῖται
3321 1335 3412 1384 καὶ
3484 1334 3605 1392 τοὺς
3676 1329 3883 1399 ἄλλους,

2270 1425 2361 1472 καὶ
2405 1429 2587 1493 πρῶτα
2633 1423 2743 1493 μὲν,
2806 1426 3226 1495 ταρασσομένους
3269 1421 3458 1483 αύτούς
3504 1421 3881 1495 καταπραϋνει,

2273 1505 2370 1562 διὰ
2424 1518 2517 1561 τοῦ
2573 1516 2703 1585 πρὸς
2762 1511 2944 1565 ἑαυτὸν
3011 1516 3102 1564 καὶ
3176 1514 3389 1572 τούτους
3455 1509 3879 1563 ἐπισπάσασθαιο

2274 1595 2385 1652 εἶτά
2410 1619 2563 1671 φησιι

2347 1703 2544 1760 Οἴδατε
2585 1740 2655 1749 --
2684 1707 2732 1761 ἓν
2775 1710 2917 1781 ὑμῖν.
2954 1712 3106 1769 Γνοὺς
3151 1712 3271 1768 τοὺς
3300 1704 3399 1761 δύο
3448 1704 3543 1761 διὰ
3593 1714 3749 1760 τοῦτο
3785 1711 3882 1764 τὴν

2274 1793 2556 1871 προεδρίαν
2625 1798 2920 1867 αἰτοῦντας,
2983 1800 3067 1850 ἱνα
3124 1799 3441 1870 κατάρχωσι
3503 1806 3603 1849 τῶν
3687 1796 3878 1865 ἄλλων,

506 1889 768 1941 terorum
788 1884 1081 1941 haberent
1109 1886 1532 1957 principatum,
1561 1887 1674 1943 hoc
1703 1888 1994 1943 intentum
2039 1903 2161 1943 car-

2277 1882 2522 1958 διασύρει
2548 1890 2634 1938 τόν
2664 1896 2898 1940 τοιοῦτον
2931 1890 3146 1957 σκοπόν,
3177 1890 3247 1949 ὡς
3277 1888 3497 1942 ἐθνικόν.
3531 1889 3597 1939 Οἱ
3626 1886 3885 1961 ἄρχοντες

506 1973 778 2046 pitquasi
811 1991 845 2030 a
884 1974 1162 2044 gentibus
1215 1981 1540 2048 sumptum.
1582 1976 1906 2048 Principes,
1946 1976 2160 2049 inquit,

502 2064 791 2134 gentium,
828 2069 884 2119 et
908 2063 1014 2136 qui
1056 2065 1260 2133 magui
1283 2070 1420 2119 sunt
1463 2064 1617 2120 inter
1652 2064 1806 2129 illas,
1844 2066 2160 2121 dominan-

502 2160 615 2218 tur,
646 2158 702 2207 et
726 2156 1077 2223 potestatem
1108 2158 1385 2209 exercent
1421 2154 1483 2208 in
1518 2153 1668 2210 alios
1697 2173 1713 2222 ;
1745 2170 1865 2211 non
1925 2154 2009 2210 ita
2059 2171 2164 2211 au-

504 2244 626 2297 tem
648 2241 758 2297 erit
776 2241 926 2297 inter
950 2258 1059 2297 vos
1081 2242 1180 2314 qui
1204 2243 1320 2298 mei
1350 2243 1510 2299 estis.
1540 2242 1762 2299 Deinde
1787 2243 1954 2300 docet
1983 2245 2161 2301 etiam

503 2346 620 2403 quo
652 2335 826 2403 pacto
862 2337 1136 2404 oporteat
1175 2347 1388 2403 parare
1433 2332 1780 2404 primatum.
1842 2333 1997 2390 Audi
2020 2351 2161 2406 ergo

501 2420 649 2492 quid
678 2420 860 2477 dicat.

573 2509 738 2566 Vers.
787 2511 875 2567 26.
930 2511 1051 2568 Sed
1084 2544 1153 2553 —
1183 2528 1333 2568 vers.
1389 2514 1476 2567 27.
1516 2528 1742 2569 servus.
1785 2513 1946 2570 Sicut
1983 2530 2160 2587 supe-

497 2598 626 2656 rius
655 2598 899 2655 eosdem
931 2600 1078 2656 dixit
1104 2600 1406 2673 principes
1423 2606 1480 2658 et
1505 2618 1781 2672 magnos,
1812 2602 1892 2658 ita
1918 2608 1974 2660 et
2001 2620 2162 2661 nunc

500 2688 782 2745 eumdem
822 2694 998 2746 vocat
1051 2705 1343 2760 magnum
1382 2697 1441 2747 et
1482 2692 1764 2763 primum.
1790 2694 1925 2749 Haec
1959 2700 2162 2750 autem

501 2777 709 2834 omnia
726 2777 800 2834 ad
836 2779 1272 2850 subjectionem
1293 2780 1459 2847 dixit,
1491 2786 1549 2836 ut
1565 2798 1701 2854 quas
1721 2782 1970 2853 singulis
2000 2783 2160 2839 utilis

499 2871 607 2922 est.
642 2868 789 2923 Dicit
817 2884 959 2938 ergo
993 2888 1006 2927 :
1035 2868 1389 2925 Potestatem
1422 2870 1484 2925 in
1514 2871 1664 2927 alios
1690 2887 1963 2927 exercere
2016 2889 2159 2944 gen-

498 2957 648 3013 tium
681 2963 810 3023 cst;
844 2973 955 3027 ego
997 2974 1133 3014 vero
1182 2959 1375 3029 legem
1432 2960 1600 3017 vobis
1658 2966 1854 3018 statuo
1906 2963 2161 3034 parandi

498 3046 888 3119 principatus,
932 3064 966 3103 a
1000 3048 1386 3105 ministrando
1406 3050 1556 3119 aliis,
1585 3051 1790 3123 eisque
1823 3052 2156 3109 serviendo.

501 3135 611 3201 Qui
641 3135 801 3191 enim
828 3136 945 3193 hoc
967 3137 1134 3204 facit,
1162 3138 1329 3195 illum
1354 3156 1465 3212 ego
1484 3156 1777 3212 magnum
1804 3158 1875 3197 ac
1894 3143 2161 3214 primum

2272 1977 2395 2047 γὰρ,
2447 1981 2598 2047 φησὶ,
2632 1985 2732 2028 τῶν
2772 1975 2949 2042 ἐθνῶν,
2982 1980 3073 2028 καὶ
3111 1977 3161 2028 οἱ
3189 1975 3405 2048 μεγάλοι
3445 1976 3608 2027 αὐτῶν
3651 1994 3885 2027 κατακυ-

2272 2066 2508 2136 ριεύουσι
2586 2069 2677 2116 καὶ
2746 2064 3222 2127 κατεξουσιάζουσι
3303 2073 3404 2117 τῶν
3474 2063 3659 2119 ἄλλων.
3730 2062 3883 2136 [Οὐχ

2272 2153 2407 2205 οὕτω
2456 2154 2569 2225 (26)
2611 2150 2670 2206 δὲ
2708 2156 2857 2207 ἔσται
2896 2152 2944 2205 ἐν
2990 2155 3132 2227 ύμῖν,
3180 2161 3289 2215 τοῖς
3333 2153 3496 2225 ἐμοῖς.
3549 2151 3679 2208 Εἶτα
3719 2149 3885 2206 διδά-

2276 2261 2388 2295 σκει
2412 2247 2502 2296 καὶ
2522 2251 2628 2305 πῶς
2656 2247 2766 2316 χρὴ
2793 2244 3022 2296 κτᾶσθαι
3051 2246 3110 2296 τὸ
3136 2251 3405 2318 πρωτεῖον,
3443 2247 3538 2296 καὶ
3569 2242 3743 2298 ἆκουε.

2342 2492 2477 2546 Ἀλλ’
2524 2525 2593 2533 -
2646 2491 2846 2555 δοῦλος.
2906 2492 3106 2566 Ὠσπερ
3157 2493 3413 2570 ἀνωτέρω,
3470 2494 3736 2567 ἄρχοντας
3789 2500 3884 2548 καὶ

2271 2581 2525 2654 μεγάλους
2575 2585 2695 2645 τοὺς
2744 2582 2935 2644 αύτούς
2981 2583 3171 2654 ἔλεγενο
3227 2582 3363 2635 οὕτω
3420 2586 3510 2634 καὶ
3561 2588 3651 2637 νῦν
3715 2588 3881 2656 μέγαν

2271 2676 2361 2726 καὶ
2419 2680 2641 2744 πρῶτον,
2698 2676 2786 2725 τὸν
2862 2671 3040 2727 αὐτόν.
3100 2672 3190 2735 Εἰς
3271 2669 3490 2730 ἐπήκοον
3557 2667 3618 2725 δὲ
3672 2673 3881 2725 πάντων

2273 2770 2440 2816 ταῦτα
2490 2782 2668 2835 φησιν,
2727 2765 2796 2823 ὡς
2851 2760 3156 2833 κοινωφελῆ.
3212 2765 3368 2832 Λέγει
3421 2764 3616 2826 τοίνυν,
3681 2760 3761 2814 ὃτι
3806 2766 3880 2816 Τὸ

2270 2855 2361 2926 μεν
2422 2851 2841 2915 κατεξουσιάζειν
2893 2858 2993 2903 τῶν
3042 2850 3231 2924 ἄλλων]
3290 2849 3487 2904 έθνικόν
3554 2852 3716 2903 ἐστιν·
3776 2850 3879 2923 ἐγὼ

2273 2940 2333 2996 δε
2391 2943 2651 3015 νομοθετῶ
2703 2942 2845 3013 ὑμῖν,
2904 2942 3135 2994 κτᾶσθαι
3186 2940 3299 3013 ('27)
3348 2943 3406 2993 τό
3459 2948 3730 3015 πρωτεῖον,
3773 2940 3879 2994 ἀπὸ

2270 3040 2362 3084 τοῦ
2417 3028 2674 3084 διακονεῖν
2725 3038 2831 3091 τοῖς
2872 3029 3066 3097 ἄλλοις,
3107 3035 3194 3082 καὶ
3234 3026 3499 3083 δουλεύειν
3535 3030 3735 3092 αὐτοῖς.
3778 3035 3880 3085 Τὸν

2268 3125 2371 3197 γὰρ
2418 3128 2571 3174 τοῦτο
2621 3127 2893 3189 ποιοῦντα,
2943 3127 3125 3173 τοῦτον
3172 3118 3274 3191 ἐγὼ
3328 3122 3491 3192 μέγαν
3537 3124 3627 3173 καὶ
3674 3128 3880 3196 πρῶτον

499 3224 759 3291 declaro,
795 3231 854 3283 et
877 3226 975 3283 hic
995 3227 1161 3300 apud
1177 3245 1274 3285 me
1295 3207 1621 3301 primatum
1653 3207 1918 3287 habebit.
1941 3231 2160 3288 Deinde

2273 3212 2588 3286 ἀναγορεύω,
2646 3215 2737 3263 καὶ
2782 3210 2931 3272 οὗτος
2974 3208 3096 3284 παρ’
3150 3207 3265 3281 ἐμοὶ
3321 3211 3379 3261 τό
3448 3216 3698 3285 πρωτεῖον
3755 3209 3877 3273 ἔξει.

498 3314 765 3386 seipsum
782 3332 1026 3389 quoque
1042 3317 1208 3389 ponit
1220 3317 1282 3375 in
1312 3319 1675 3391 exemplum,
1698 3321 1802 3393 qui
1821 3337 1944 3377 non
1963 3321 2161 3377 solum

499 3403 784 3461 omnibus
812 3405 1123 3470 ministret,
1157 3406 1259 3463 sed
1309 3407 1491 3464 etiam
1547 3424 1653 3480 pro
1700 3410 1987 3466 omnibus
2036 3427 2163 3467 mo-

499 3493 707 3550 riatur.

573 3582 846 3638 Vers.28.
866 3584 1028 3640 Sicut
1050 3613 1120 3625 —-
1149 3586 1373 3642 multis.
1411 3586 1514 3652 Sit,
1544 3588 1751 3661 inquit,
1785 3589 1885 3646 hic
1905 3589 2160 3647 aliorum

501 3671 775 3729 minister
812 3677 868 3728 et
887 3689 1109 3737 servus,
1140 3676 1667 3747 quemadmodum
1718 3695 1829 3750 ego
1872 3695 1996 3736 non
2032 3680 2163 3735 veni

500 3761 564 3817 in
584 3761 881 3816 mundum
902 3767 962 3817 ut
981 3762 1160 3834 aliqui
1179 3763 1325 3819 mihi
1348 3766 1772 3823 ministrarent.
1800 3769 2163 3841 Quanquam

500 3848 656 3905 enim
680 3864 888 3907 socrus
916 3851 1067 3907 Petri
1096 3856 1153 3909 et
1180 3852 1407 3911 Martha
1438 3872 1607 3913 soror
1640 3857 1864 3923 Lazari,
1909 3857 2163 3929 aliaeque

504 3937 785 3995 mulieres
828 3940 1243 3999 ministrabant
1272 3943 1345 4009 ei,
1401 3960 1524 4000 non
1570 3951 1772 4001 tamen
1809 3945 1981 4018 quasi
2039 3947 2163 4017 ipse

501 4027 720 4084 harum
754 4029 1082 4087 ministeria
1109 4048 1344 4104 cupere.
1379 4036 1505 4089 Non
1543 4050 1685 4105 ergo
1713 4034 1846 4090 veni
1897 4040 1959 4091 ut
1990 4035 2159 4091 mini-

503 4122 717 4173 stretur
741 4118 889 4175 mihi
944 4119 1023 4176 ab
1062 4121 1379 4193 aliquibus,
1408 4123 1513 4179 sed
1543 4123 1741 4195 potius
1782 4131 1846 4180 ut
1873 4124 1999 4196 ipse
2030 4124 2161 4181 aliis

502 4207 853 4272 ministrem.
875 4226 1096 4267 curans
1126 4227 1197 4267 ac
1222 4228 1448 4269 sanans
1475 4213 1876 4285 quorumdam
1903 4214 2153 4280 animas,

501 4299 909 4370 quorumdam
921 4316 1191 4371 corpora,
1211 4301 1623 4374 quorumdam
1638 4308 1694 4359 et
1710 4302 1946 4360 animas
1962 4308 2019 4360 et
2034 4319 2161 4360 cor-

501 4402 672 4460 pora,
700 4389 987 4461 quodque
1012 4390 1340 4447 ministerio
1356 4408 1427 4449 ac
1459 4393 1700 4450 servitio
1732 4394 1933 4465 majus
1953 4398 2064 4459 est,
2095 4398 2161 4449 ut

501 4478 739 4533 tradam
770 4479 1040 4535 animam
1068 4496 1265 4537 meam
1290 4481 1756 4555 redemptionem
1790 4498 1901 4556 pro
1930 4484 2156 4550 multis,

504 4565 610 4638 qui
648 4567 800 4622 servi
824 4567 963 4624 facti
992 4574 1160 4626 erant
1188 4569 1427 4629 diaboli.

576 4762 791 4819 Multis
810 4768 1016 4820 autem
1033 4766 1179 4822 dicit
1194 4783 1355 4823 nunc
1381 4762 1491 4840 pro
1530 4769 1834 4826 omnibus.
1866 4773 2162 4844 Frequen-

504 4854 593 4907 ter
633 4851 795 4909 enim
828 4853 1126 4925 Scriptura
1144 4858 1365 4913 multos
1383 4858 1523 4913 dicit
1550 4874 1662 4930 pro
1705 4860 2013 4917 omnibus.
2054 4862 2161 4919 Ita-

502 4954 622 5014 que
652 4956 763 5014 pro
788 4942 1071 5000 omnibus
1101 4945 1345 5001 tradidit
1382 4947 1645 5003 animam
1685 4964 1883 5020 suam,
1926 4964 2163 5006 omnes-

501 5047 622 5105 que
648 5032 918 5105 redemit,
944 5049 1300 5108 quanquam
1319 5036 1489 5093 multi
1519 5053 1632 5094 sua
1654 5044 1868 5110 sponte
1893 5041 1954 5095 in
1987 5041 2163 5097 servi-

503 5126 628 5179 tute
658 5129 1096 5181 remanserunt.

2270 3299 2489 3355 Ἔπειτα
2542 3304 2631 3353 καὶ
2685 3296 3028 3375 παράδειγμα
3080 3300 3289 3358 τίθησιν
3344 3298 3547 3364 ἑαυτὸν,
3606 3298 3666 3352 ού
3725 3304 3881 3373 μόνον

2272 3386 2308 3444 δ
2314 3397 2617 3443 ιακονοῡντα
2705 3395 2889 3458 πᾶσιν,
2968 3387 3096 3441 ἀλλά
3177 3392 3268 3441 καὶ
3346 3389 3882 3463 ὑπεραποθνήσκοντα

2269 3482 2492 3534 πάντων.

2342 3586 2541 3661 Ὂσπερ
2606 3617 2676 3627 -
2749 3585 2966 3640 πολλῶν.
3044 3583 3237 3653 Ἔστω,
3297 3589 3477 3657 φησιν,
3562 3581 3709 3645 οὗτος
3778 3594 3881 3638 τῶν

2272 3675 2437 3728 ἄλλων
2489 3673 2728 3737 διάκονος
2774 3680 2865 3729 καὶ
2919 3672 3120 3741 δοῦλος,
3175 3675 3228 3726 ὃν
3277 3677 3465 3748 τρόπον
3518 3671 3617 3744 ἐγὼ
3652 3672 3748 3725 οὐκ
3789 3671 3880 3731 ἧλ-

2275 3768 2364 3819 θον
2411 3766 2483 3828 εἰς
2520 3768 2608 3818 τὸν
2654 3770 2871 3839 κόσμον,
2920 3766 3003 3817 ἱνα
3052 3760 3418 3822 διακονησωσί
3471 3766 3560 3835 μοί
3601 3781 3759 3825 τινες.
3815 3764 3882 3817 Εἰ

2270 3858 2373 3930 γὰρ
2411 3861 2502 3908 καὶ
2552 3857 2583 3914 ἡ
2623 3856 2843 3929 πενθερὰ
2880 3862 2971 3907 τού
3004 3857 3219 3927 Πέτρου,
3270 3857 3361 3906 καὶ
3391 3852 3601 3927 Μάρθα,
3643 3853 3673 3910 ἠ
3725 3849 3883 3907 ἁδελ-

2272 3950 2339 4019 φὴ
2421 3953 2513 3998 τοῦ
2586 3945 2855 4017 Λαζάρου,
2932 3948 3023 3995 καὶ
3087 3942 3239 3995 ἄλλαι
3298 3948 3540 4014 γυναῖκες
3596 3939 3880 4000 διηκόνουν

2272 4036 2431 4107 αὐτῷ,
2479 4034 2584 4087 ἀλλ’
2627 4034 2734 4106 οὐχ
2781 4036 2851 4096 ὡς
2897 4033 3161 4107 χρῄζοντι
3206 4040 3298 4092 τῆς
3345 4034 3537 4084 τούτων
3582 4027 3877 4095 διακονίας.

2271 4125 2383 4178 Ούκ
2412 4122 2566 4184 ἦλθον
2592 4120 2698 4194 οὖν,
2731 4128 2913 4195 φησιν,
2943 4122 3030 4174 ἶνα
3059 4118 3094 4174 δ
3098 4123 3356 4179 ιακονηθῶ
3384 4120 3498 4193 (28)
3528 4123 3674 4195 παρὰ
3702 4141 3878 4189 τινων,

2271 4213 2377 4267 ἀλλ’
2426 4216 2511 4267 ἶνα
2546 4214 2734 4279 μᾶλλον
2781 4213 2937 4275 αὐτὸς
2987 4209 3023 4264 δ
3029 4216 3291 4270 ιακονήσω
3318 4218 3429 4273 τοῖς
3466 4210 3661 4275 (ἑλλοῖς,
3696 4208 3878 4283 ἓπιμε-

2268 4304 2478 4377 λόμενος
2528 4308 2619 4356 καὶ
2668 4305 2979 4379 θεραπεύων,
3031 4309 3131 4353 τῶν
3306 4301 3401 4363 τὰς
3445 4298 3649 4373 ψυχὰς,
3684 4308 3782 4351 τῶν
3814 4296 3876 4351 δὲ

2268 4397 2333 4447 τὰ
2380 4399 2617 4466 σώματα,
2662 4400 2762 4445 τῶν
2804 4388 2865 4444 δε
2905 4396 2998 4444 καὶ
3040 4393 3133 4452 τὰς
3166 4389 3354 4462 ψυχὰς
3386 4394 3477 4442 καὶ
3522 4393 3591 4442 τὰ
3633 4394 3880 4463 σώματα,

2268 4488 2360 4537 καὶ
2430 4487 2489 4536 τὸ
2555 4486 2733 4556 μεῖζον
2796 4490 2891 4544 τῆς
2956 4478 3229 4541 διακονίας
3301 4483 3392 4532 καὶ
3470 4474 3727 4545 δουλείας,
3796 4480 3883 4533 ἵνα

2189 4584 2236 4641 Ι)
2271 4570 2430 4627 δώσω
2459 4577 2553 4631 τὴν
2594 4572 2783 4644 ψυχήν
2834 4590 2933 4644 μου
2986 4569 3166 4643 λύτρον
3214 4567 3326 4622 ἀντὶ
3354 4567 3571 4635 πολλῶν,
3615 4564 3882 4622 δεδουλω-

2270 4667 2430 4736 μένων
2458 4670 2529 4733 τῷ
2556 4658 2591 4715 δ
2597 4660 2805 4733 ιαϐόλῳ.

2343 4770 2573 4832 Πολλούς
2617 4766 2676 4822 δε
2726 4775 2815 4821 νῦν
2861 4770 2979 4828 τοὺς
3024 4768 3224 4829 πάντας
3263 4764 3421 4838 λέγει.
3475 4764 3732 4827 Πολλάκις
3771 4767 3877 4839 γὰρ

2270 4863 2301 4919 ἠ
2358 4865 2534 4935 Γραφὴ
2589 4857 2811 4920 πολλοὺς
2858 4861 2981 4920 τοὺς
3044 4858 3240 4917 πάντας
3297 4858 3477 4928 φησὶν.
3554 4854 3704 4926 ’Υπὲρ
3752 4856 3884 4907 πάν-

2270 4970 2370 5003 των
2421 4953 2522 5023 γὰρ
2572 4946 2735 5002 ἔδωκε
2785 4951 2879 5006 τὴν
2929 4946 3118 5019 ψυχὴν
3166 4944 3329 4997 αύτόῦ
3378 4948 3469 4996 καὶ
3520 4946 3721 5006 πάντας
3765 4943 3887 4996 ἐλυ-

2272 5046 2533 5114 τρώσατο,
2583 5038 2628 5092 εἰ
2669 5043 2759 5092 καὶ
2807 5035 2986 5091 πολλοὶ
3038 5034 3265 5097 θέλοντες
3313 5032 3565 5107 ἐνέμειναν
3617 5041 3680 5107 τῇ
3742 5029 3884 5087 δου-

2273 5130 2401 5203 λείᾳ.

1755 5316 1982 5386 Varias
2001 5316 2332 5387 lectiones
2362 5327 2428 5386 et
2455 5326 2668 5385 notae.

601 5482 692 5558 23)
722 5482 871 5553 Γοῦν,
904 5500 1015 5558 pro
1044 5481 1209 5552 δὀῠν,
1241 5492 1311 5539 Α.

603 5554 692 5621 24)
724 5554 928 5624 Εἰτουν,
956 5559 999 5611 Α
1012 5598 1025 5610 .

605 5625 695 5699 25)
718 5632 835 5690 Καὶ,
872 5644 983 5699 pro
1015 5625 1077 5681 δέ
1095 5629 1162 5683 Α.
1193 5629 1381 5696 Forte,
1424 5628 1506 5683 ὅτε
1533 5624 1592 5682 δὲ
1621 5634 1737 5686 καὶ.

577 5700 691 5769 (26)
718 5700 861 5765 Quae
889 5699 987 5756 hic
1013 5700 1377 5771 inclusimus,
1409 5715 1481 5758 ea
1518 5716 1592 5757 ex
1622 5701 1755 5759 cod.
1807 5702 1876 5758 Α.
1930 5703 2165 5761 excide-

2271 5492 2412 5546 runt
2449 5486 2676 5553 omnia,
2709 5485 2886 5557 culpa
2920 5484 3151 5552 scribta,
3187 5484 3290 5557 qui
3327 5483 3455 5541 istis
3494 5482 3738 5541 omissis
3774 5496 3891 5541 no-

2273 5576 2419 5617 vum
2448 5559 2656 5616 folium
2688 5555 2929 5629 incepit.

2348 5632 2460 5701 (27)
2503 5634 2668 5695 Κατὰ,
2710 5645 2819 5701 pro
2857 5629 3108 5701 κτᾶσθαι,

2348 5636 2433 5694 (27
2503 5634 2668 5695 Κατὰ,
2710 5645 2819 5701 pro
2857 5632 3108 5693 κτᾶσθαι,
3137 5632 3203 5684 Α.

2348 5632 2464 5777 (28)
2496 5702 2734 5761 Omisso
2766 5701 2844 5755 ἶνκ
2882 5699 3098 5771 legitur
3127 5695 3529 5771 διακονηθῆναι,
3560 5701 3625 5758 Α,
