4178 6390
301 355 413 421 545
1279 363 1655 424 COMMENT.
1701 354 1773 420 IN
1812 349 2262 419 MATTHEUM.
2303 392 2372 406 -
2410 362 2572 420 CAP.
2613 361 2736 419 XX.
3592 356 3699 423 546

378 493 497 544 Τίνι
538 485 599 542 δὲ
647 492 745 548 τὴν
772 487 961 559 ψυχὴν
992 487 1152 541 αὐτοῦ
1183 485 1383 555 idem;
1416 497 1499 561 Τῷ
1531 493 1719 565 Πατρί.
1754 489 1922 562 Ἐφὼ-
1953 490 1997 544 Α

2102 488 2373 554 Quodam
2395 487 2575 543 etiam
2602 487 2784 544 modo
2808 486 3075 544 animam
3107 503 3281 544 suam
3314 488 3556 547 tradidit
3586 491 3698 548 Pa-

303 598 434 639 νησε
479 581 580 653 γὰρ
631 575 996 637 ἀποθνήσκων·
1044 580 1235 652 Πάτερ,
1282 579 1353 640 εἰς
1391 581 1579 653 χεῖράς
1620 599 1714 632 σου
1754 599 1921 653 παρα-

2047 578 2101 632 :ri
2134 578 2274 650 (qq).
2294 576 2834 633 Exclamavitenim
2854 578 3114 633 moriens
3140 577 3371 648 :Paler,
3394 579 3459 634 in
3483 596 3697 636 manus

306 672 498 742 τίθημι
523 672 585 721 τὸ
610 668 813 741 πνεῦμά
842 687 942 741 μου
975 667 1110 740 (29).
1148 672 1248 721 Καὶ
1270 672 1393 740 μὴν,
1427 669 1533 741 ούχ
1563 670 1662 721 ὑπό
1695 676 1785 721 τοῦ
1816 674 1920 721 Ila-

2049 671 2164 723 fuas
2218 667 2553 723 commendo
2598 667 2865 735 spiritum
2888 684 3080 723 meum
3130 668 3196 721 ⁵³.
3239 668 3417 741 Atqui
3481 685 3601 725 non
3663 686 3699 726 a

306 764 448 834 τρός,
489 756 598 810 ἀλλ’
629 759 732 811 ὑπὸ
759 764 852 810 τοῦ
901 753 1150 809 διαϐόλου
1180 760 1557 831 κατειχόμεθα.
1612 762 1708 811 Καὶ
1754 777 1921 830 προσ-

2044 759 2221 819 Patre,
2252 757 2357 811 sed
2390 772 2426 812 a
2482 755 2727 812 diabolo
2781 756 3220 813 detinebamur.
3251 757 3694 815 Advertendum

309 852 481 903 εκτέον
527 855 591 921 τῇ
631 846 780 899 λύσει
823 855 920 909 τῆς
948 844 1186 919 ἀπορίας.
1242 852 1348 900 Πᾶν
1389 847 1572 921 λύτρον
1631 846 1758 900 αύτό
1807 850 1917 920 μεν,

2049 852 2233 902 tutem
2267 846 2345 901 ad
2372 845 2730 902 difﬁcultatis
2760 846 3137 913 solutionem,
3187 863 3431 904 omnem
3478 848 3699 905 redem-

311 940 413 991 ύπό
492 940 589 996 τὴν
657 936 899 999 ἐξουσίαν
972 940 1149 989 πίπτει
1219 944 1311 989 τοῦ
1385 942 1700 1009 κατέχοντός
1754 952 1918 998 τινας·

2049 934 2315 1001 itionem,
2360 935 2483 991 sive
2539 937 2793 1008 pretium
2838 934 3205 992 liberationis
3235 938 3295 992 in
3343 938 3473 995 aliis
3526 938 3699 994 sitam

310 1032 434 1090 τοὺς
480 1029 861 1099 κατεχομένους
912 1021 971 1078 δέ
1014 1025 1293 1101 λυτροῦται
1344 1035 1438 1089 τῆς
1485 1025 1677 1079 ἐκείνου
1716 1029 1919 1101 χειρός·

2051 1038 2183 1091 asse,
2218 1031 2322 1080 aut
2348 1025 2548 1081 venire
2570 1026 2630 1080 in
2662 1029 3013 1097 potestatem
3040 1026 3171 1099 ejus
3195 1029 3298 1099 qui
3320 1027 3557 1101 aliquos
3591 1033 3701 1084 ret-

312 1122 375 1171 τό
428 1114 488 1170 δέ
539 1118 687 1192 παρὰ
738 1123 831 1168 τού
876 1122 1107 1190 Χριστοιῖ
1164 1113 1314 1169 δοθὲν
1363 1116 1568 1190 λύτρον,
1620 1119 1690 1179 ὡς
1734 1118 1925 1175 παντὸς

2050 1120 2151 1186 iet,
2185 1130 2405 1186 eosque
2436 1116 2537 1188 qui
2566 1115 2904 1171 detinentur
2936 1133 3043 1189 per
3069 1117 3222 1172 illius
3250 1129 3508 1174 'manum
3558 1119 3700 1175 libe-

311 1207 504 1283 λύτρου
612 1202 962 1281 διαφερόντως
1060 1207 1498 1280 ὐπερφυέστερον,
1594 1204 1922 1278 έλυτρὼσατο

2049 1204 2175 1261 γετί.
2209 1204 2464 1261 Pretium
2491 1221 2629 1261 vero
2657 1205 2820 1277 quod
2861 1222 2897 1262 a
2938 1206 3167 1263 Christo
3197 1206 3405 1264 datum
3450 1213 3556 1274 est,
3614 1213 3699 1263 ut-

311 1299 406 1370 μεν
470 1299 593 1358 τοὺς
638 1299 1040 1368 κατεχομένους·
1092 1295 1219 1347 αύτό
1279 1292 1338 1348 δε
1380 1297 1481 1347 ὑπὸ
1532 1299 1626 1354 τήν
1684 1292 1922 1357 ἐξουσίαν

2052 1300 2172 1366 pote
2195 1292 2489 1351 differenti
2525 1295 2708 1350 modo
2734 1298 2789 1349 et
2810 1295 2977 1351 omni
2998 1296 3115 1352 alio
3142 1297 3332 1369 pretio
3347 1304 3702 1369 supernatu-

311 1393 408 1438 τοῦ
459 1388 774 1456 κατέχοντος
836 1383 1021 1445 αύτοὺς
1090 1383 1184 1436 οὐκ
1248 1386 1415 1455 ἔπεσε,
1482 1389 1553 1456 μὴ
1613 1379 1925 1444 δυνηθέντος

2049 1382 2234 1449 ralius,
2258 1382 2533 1439 liberavit
2564 1399 2707 1439 sane
2738 1398 2841 1439 eos
2877 1384 2979 1456 qui
3012 1385 3435 1442 detinebantur
3463 1404 3476 1440 :
3503 1388 3699 1459 ipsum

308 1474 486 1527 λαϐεῖν
515 1474 663 1529 αύτό.
715 1469 917 1527 Δέδωκε
960 1469 1021 1526 δὲ
1056 1481 1131 1544 τῷ
1177 1479 1344 1549 Πατρὶ
1372 1475 1584 1537 ταύτην,
1628 1475 1692 1533 ὡς
1738 1472 1924 1544 ψυχὴν

2054 1488 2176 1529 rero
2206 1488 2328 1529 non
2351 1474 2513 1529 venit
2541 1472 2602 1528 in
2634 1477 2983 1545 potestatem
3014 1473 3143 1545 ejus
3166 1476 3263 1547 qui
3306 1475 3438 1532 illos
3487 1477 3704 1533 retine-

310 1572 405 1618 τοῦ
430 1567 555 1618 Υὶοῦ
598 1563 779 1618 αὐτοῦ.
813 1566 900 1616 Διό
930 1567 1037 1634 καὶ,
1070 1564 1141 1624 ὡς
1171 1560 1278 1621 ἤδη
1310 1569 1402 1615 τοῦ
1429 1562 1618 1636 λύτρου
1665 1558 1922 1629 δοθέντος,

2049 1565 2157 1633 bat,
2187 1579 2325 1617 cum
2352 1561 2501 1618 illud
2541 1577 2657 1617 non
2687 1567 2894 1634 posset
2932 1564 3222 1637 accipere.
3279 1565 3437 1621 Patri
3496 1574 3699 1624 autem

315 1655 359 1707 εἰ
414 1659 504 1707 καὶ
569 1658 643 1727 μὴ
702 1660 853 1706 τοῦτο
901 1652 1074 1705 λαϐεῖν
1129 1656 1353 1725 ἴσχυσεν
1407 1653 1433 1704 ό
1490 1654 1753 1725 τύραννος,
1809 1650 1921 1703 έλυ-

2051 1668 2191 1707 1anc
2220 1651 2484 1719 tradidit,
2539 1656 2833 1724 tanquam
2882 1654 3141 1709 animam
3183 1653 3311 1710 Filii
3368 1655 3502 1722 sui;
3564 1656 3701 1713 ideo

316 1746 595 1817 τρώθησαν
644 1743 693 1795 οἰ
735 1746 1098 1815 κατεχόμενοι.
1148 1747 1243 1795 Bal
1285 1750 1391 1803 πῶς
1421 1738 1583 1794 ἔδωκε
1612 1745 1707 1799 τὴν
1735 1740 1923 1812 ψυχὴν

2056 1740 2209 1798 etiam
2241 1742 2410 1814 quasi
2439 1741 2582 1797 dato
2596 1741 2726 1812 jam
2748 1742 2958 1813 pretio,
2984 1758 3334 1815 quanquam
3362 1749 3706 1817 nonpotue—

316 1833 479 1885 αὐτοῦ
532 1832 720 1906 λύτρον
786 1830 900 1885 ἀντὶ
968 1830 1201 1900 πολλῶνς
1254 1830 1343 1893 Ὠς
1402 1830 1651 1892 ἑκουσίως
1710 1826 1966 1901 ἐπιδούς]

2053 1832 2105 1888 ’ἱι
2127 1832 2273 1887 illud
2297 1838 2619 1904 tryrannus
2645 1830 3181 1903 accipere,liberati
3209 1834 3456 1906 suntqui
3480 1834 3703 1891 detine-

320 1923 501 1976 ἑαυτὸν
546 1922 620 1984 είς
678 1922 896 1975 θάνατον
940 1923 1067 1995 ὑπὲρ
1114 1928 1204 1981 τῆς
1243 1919 1527 1993 ἔλευθερίας
1582 1928 1682 1972 τῶν
1732 1919 1926 1993 ἀνθρὼ-

2041 1921 2271 1977 bantur.
2298 1919 2690 1993 thuomodo
2718 1919 2959 1976 tradidit
2979 1922 3245 1977 animam
3261 1939 3432 1978 suam
3459 1923 3691 1979 redem-

320 2032 451 2065 πων.
539 2010 835 2064 Ἀποθανὼν
917 2013 1019 2085 γὰρ
1110 2010 1340 2063 καθεῖλεν
1444 2009 1749 2085 εύαφόρμως
1839 2012 1925 2060 τὸν

2054 2010 2305 2081 stionem
2336 2026 2445 2082 pro
2482 2007 2675 2065 multis
2706 2006 2735 2062 ?
2765 2010 2917 2075 Quia
2957 2009 3285 2068 voluntarie
3342 2012 3605 2084 seipsum
3641 2012 3704 2068 in

317 2105 587 2175 τύραννον,
661 2102 727 2162 ὡς
818 2098 1060 2153 ἀνελόντα
1131 2103 1219 2152 τὸν
1302 2098 1685 2173 ἀναμάρτητον.
1769 2098 1928 2170 Ἀμα-

2052 2105 2290 2155 :nortem
2322 2098 2535 2156 obtulit
2566 2116 2674 2172 pro
2708 2099 2979 2156 libertate
3031 2100 3348 2156 hominum
3382 2117 3396 2167 ;
3441 2100 3702 2158 moriens

321 2195 471 2265 ρτίας
525 2193 625 2266 γὰρ
679 2188 820 2243 ἔστιν
868 2188 1128 2264 ίπιτίμιον
1189 2190 1215 2242 ὁ
1279 2190 1512 2250 θάνατος’
1581 2192 1737 2261 μόνος
1789 2184 1849 2241 δὲ
1901 2188 1928 2240 ὀ

2054 2189 2217 2254 enim,
2253 2194 2393 2262 apta
2414 2190 2732 2249 occasione
2753 2195 3077 2263 tyrannum
3105 2189 3384 2263 perdidit,
3417 2194 3704 2264 tanquam

324 2281 558 2352 Χριστὸς
581 2278 835 2353 ἁμαρτίαν
860 2279 955 2332 ούκ
985 2278 1227 2337 ἐποίησε.

2056 2278 2413 2335 >ccidentem
2454 2278 2618 2335 illum
2653 2282 2757 2354 qui
2790 2284 3037 2353 peccato
3062 2278 3323 2335 carebat.
3385 2280 3611 2337 Peccati
3633 2281 3706 2335 si-

2038 2367 2285 2442 quidem
2322 2368 2509 2425 multa
2536 2373 2624 2425 est
2676 2386 2887 2436 mors;
2950 2368 3115 2424 solus
3179 2374 3379 2424 autem
3443 2369 3705 2425 Christus

2038 2465 2354 2533 peccatum
2392 2476 2514 2517 non
2546 2462 2701 2519 fecit.

396 2552 509 2621 Χρὴ
550 2543 609 2601 δὲ
638 2552 931 2620 γινώσκειν,
979 2549 1060 2600 ὅτι
1088 2546 1195 2620 οὐχ
1224 2549 1255 2607 ἡ
1290 2546 1447 2620 ψυχὴ
1485 2552 1637 2621 μόνον
1667 2556 1759 2603 τοῦ
1793 2556 1931 2623 Χρι-

2113 2550 2271 2607 Scire
2287 2555 2487 2606 autem
2507 2554 2760 2622 oportet.
2810 2551 2974 2623 quod
2992 2566 3111 2605 non
3130 2549 3255 2605 sola
3269 2549 3483 2606 Christi
3502 2550 3707 2606 anima

324 2645 456 2690 στού
498 2636 734 2690 καλεῖται
766 2636 951 2711 λύτρον
982 2639 1150 2710 ἡμῶν,
1194 2635 1323 2689 ἀλλὰ
1359 2640 1537 2690 καὶτὸ
1576 2634 1708 2711 αἷμα
1746 2637 1929 2709 αὐτοῦ,

2061 2644 2283 2696 rocatur
2307 2638 2638 2712 redemptio
2664 2645 2884 2706 nostra,
2915 2655 3122 2696 verum
3148 2640 3327 2696 etiam
3356 2640 3602 2710 sanguis
3621 2641 3711 2714 ip—

319 2731 414 2779 καί
463 2726 664 2794 λοιπόν,
722 2725 757 2778 ἆ
800 2733 888 2777 νῦν
931 2731 1049 2801 περὶ
1092 2734 1189 2788 τῆς
1236 2726 1419 2798 ψυχῆς
1458 2726 1619 2779 αὐτοῦ
1676 2730 1926 2802 εἴρηνται,

2054 2730 2185 2784 sius.
2229 2731 2433 2801 Itaque
2462 2745 2600 2802 quas
2624 2746 2777 2785 nunc
2807 2729 2881 2785 de
2914 2729 3119 2785 anima
3151 2730 3285 2800 ejus
3335 2729 3494 2786 dicta
3549 2736 3704 2797 sunt,

321 2823 494 2869 ταῦτα
530 2820 621 2869 καὶ
662 2820 777 2889 περὶ
812 2823 905 2868 τοῦ
934 2816 1156 2889 αἵματος
1186 2815 1347 2868 αὑτοῦ
1385 2815 1642 2888 λέγονται.

1546 2836 1642 2870 ται.
2041 2819 2114 2875 de
2142 2820 2434 2888 sanguine
2460 2834 2702 2891 quoque
2743 2819 2874 2889 ejus
2900 2818 3196 2874 dicuntur.

631 2907 781 2962 ΚΕΦ.
822 2906 949 2960 ΜΔ’.
985 2910 1109 2980 Περὶ
1135 2914 1234 2957 τῶν
1266 2902 1362 2958 δύο
1391 2904 1615 2978 τυφλῶν.

2380 2908 2535 2964 CAP.
2580 2908 2762 2965 XLIV.
2793 2911 2878 2963 De
2918 2908 3148 2963 duobus
3173 2911 3355 2964 caecis.

404 3000 503 3049 Καὶ
564 3026 631 3037 -
680 2991 872 3052 Δαυίδ.
946 2998 1023 3048 Τὰ
1080 2994 1430 3068 παραπλήσια
1488 2998 1782 3069 γέγραπται
1843 3000 1933 3048 καὶ

2115 3000 2270 3053 Vers.
2298 2999 2386 3053 29.
2423 2998 2499 3052 Et
2544 3028 2611 3039 -
2644 2999 2799 3052 Vers.
2833 2998 2921 3052 30.
2958 2997 3169 3053 David.
3205 2997 3439 3053 Similia
3470 3013 3709 3070 quoque

326 3090 450 3159 περὶ
522 3093 622 3138 τῶν
697 3084 747 3137 έν
818 3092 891 3155 τῷ
962 3080 1391 3156 έπτακαίδεκάτῳ
1469 3083 1730 3157 κεφαλαίῳ
1834 3081 1933 3138 δύο

2062 3088 2261 3160 scripta
2278 3092 2418 3144 sunt
2436 3086 2673 3143 decimo
2695 3088 2951 3159 septimo
2972 3088 3165 3158 capite
3188 3103 3202 3153 ;
3233 3086 3317 3143 ibi
3342 3102 3483 3157 ergo
3510 3103 3712 3159 quaere

322 3173 551 3247 τυφλῶν,
608 3179 699 3227 καὶ
738 3174 973 3235 ζήτησον
1024 3172 1075 3226 ἐν
1119 3172 1292 3246 ἇκείνῳ
1334 3178 1428 3233 τὴν
1478 3172 1732 3246 ἐξήγησιν
1782 3172 1932 3247 ἀκρι-

1555 3177 1732 3246 ἱγησιν
1782 3172 1932 3247 ἀκρι-
1975 3218 2015 3273 C
2048 3177 2485 3234 enarrationem
2516 3175 2743 3247 integre
2780 3174 3205 3246 conscriptam.

323 3263 433 3326 ϐὡς
474 3263 957 3338 ἀναγεγραμμένην.

395 3353 456 3406 Ὀ
520 3352 580 3406 δὲ
637 3352 793 3425 ὄχλος
848 3384 917 3393 -
976 3358 1347 3412 σιωπήσωσιν.
1416 3353 1788 3425 Ἐπεστόμισεν
1844 3352 1933 3405 αύ-

2120 3356 2285 3412 Vers.
2313 3360 2401 3413 3t.
2438 3355 2637 3411 Turba
2675 3360 2866 3412 autem
2892 3385 2963 3395 —-
3010 3357 3290 3411 tacerent.
3352 3353 3714 3427 lmponebat

320 3447 464 3510 τοὺς,
510 3442 584 3504 εἰς
632 3446 789 3515 τιμὴν
846 3449 937 3494 τοῦ
979 3441 1178 3509 Ἰησοῦ,
1237 3444 1309 3503 ὡς
1365 3440 1704 3513 ἐνοχλοῦντας
1758 3441 1934 3497 αὐτόν.

2059 3446 2161 3502 illis
2202 3444 2503 3500 silentium
2533 3444 2593 3499 in
2622 3443 2915 3500 honorem
2940 3444 3299 3515 Jesu,quem
3332 3442 3413 3499 illi
3434 3443 3709 3499 molestia

2054 3534 2374 3590 atﬁcieban
2384 3538 2423 3590 t.

398 3626 466 3676 Οἱ
520 3653 590 3664 -—
640 3619 833 3676 Δαυίδ.
888 3621 1027 3695 Ὀρα
1072 3626 1371 3697 καρτερίαν.
1423 3624 1645 3682 Τούτους
1697 3626 1939 3694 μιμησώ-

2119 3623 2287 3679 Vers.
2316 3628 2403 3679 3t.
2435 3622 2541 3678 Illi
2579 3654 2648 3662 —
2700 3622 2919 3679 David.
2981 3621 3129 3678 Vide
3180 3621 3711 3694 perseverantiam.

322 3714 460 3785 μεθα
528 3716 620 3764 καὶ
675 3714 843 3785 ἡμεῖς,
911 3714 961 3763 οἱ
1024 3715 1388 3785 πεπηρωμένοι
1463 3713 1580 3772 τοὺς
1646 3709 1940 3783 ὀφθαλμοὺς

2067 3714 2168 3769 llos
2194 3713 2497 3769 imitemur
2517 3716 2577 3768 et
2605 3727 2740 3775 nos,
2783 3712 2890 3785 qui
2922 3710 3142 3767 animas
3191 3710 3381 3767 oculis
3440 3711 3717 3767 excmcati

330 3810 426 3861 τῆς
448 3800 655 3872 ψυχῆς,
686 3804 777 3853 καὶ
806 3798 1073 3873 κράξωμεν
1104 3802 1236 3873 πρὸς
1270 3799 1431 3851 αὐτὸν
1462 3798 1515 3861 ἒξ
1544 3798 1670 3861 ὅλης
1697 3796 1940 3872 καρδίας,

2068 3818 2286 3869 sumus,
2320 3806 2376 3858 et
2406 3800 2739 3857 clamemus
2786 3800 2861 3855 ad
2890 3816 3030 3856 eum
3057 3816 3130 3857 ex
3156 3804 3279 3856 toto
3320 3800 3521 3856 corde.
3551 3799 3718 3865 Quod

333 3890 432 3940 κᾶν
478 3890 577 3941 ὑπὸ
626 3899 777 3941 τινων
818 3884 1245 3961 ἐμποδισθὼμεν,
1299 3886 1626 3959 ἐπιτείνωμεν
1672 3890 1768 3945 τὴν
1822 3883 1943 3945 δέη-

2068 3892 2105 3947 ii
2155 3891 2234 3947 ab
2286 3888 2587 3963 aliquibus
2648 3889 2919 3962 impediti
2974 3888 3287 3955 fuerimus,
3342 3890 3718 3946 intentiorem

338 3997 442 4046 σιν,
491 3982 580 4030 καὶ
609 3983 682 4051 μὴ
732 3975 1061 4050 ἀποστῶμεν,
1096 3981 1187 4030 καὶ
1214 3979 1420 4037 πάντως
1461 3976 1734 4049 κάμψομεν
1765 3976 1941 4045 αὐτὸν,

2068 3979 2382 4036 reddamus
2413 3978 2916 4051 deprecationem,
2949 3992 3059 4033 nec
3087 3978 3546 4042 desistamus,et
3580 3993 3718 4033 eum

333 4070 404 4129 ὡς
431 4072 522 4120 καὶ
558 4067 724 4124 οὗτοι.

2054 4068 2304 4124 omnino
2327 4066 2645 4123 ﬂectamus
2676 4065 2831 4121 sicut
2858 4065 3049 4122 etisti.

413 4162 516 4209 Καὶ
569 4188 634 4199 --
680 4158 827 4230 ἡμῶν
876 4158 928 4209 οἱ
973 4154 1250 4229 ὀφθαλμοί.
1311 4156 1621 4227 Ἐφώνησαν,
1660 4154 1775 4227 (30)
1831 4153 1947 4208 ἀντὶ

2126 4156 2292 4213 Vers.
2331 4160 2422 4211 32.
2450 4155 2530 4211 Et
2560 4186 2629 4195 --
2658 4154 2820 4211 Vers.
2865 4155 2953 4210 33.
2982 4154 3145 4211 oculi
3168 4154 3379 4211 nostri.
3412 4156 3606 4221 Quare
3638 4155 3721 4211 in-

340 4253 456 4314 τοῡ,
507 4244 759 4301 ἐκάλεσεν.
814 4251 915 4300 Καὶ
958 4250 1096 4307 τίνος
1142 4247 1302 4299 ἕνεκεν
1348 4244 1517 4319 ἐρωτᾷ
1543 4247 1806 4318 τούτομς;
1837 4243 1949 4299 Ἵνα

2072 4244 2381 4317 :errogavit
2404 4243 2536 4301 illos
2550 4243 2579 4299 ?
2606 4246 2686 4301 Ne
2712 4242 3264 4316 putaretquispiam
3282 4243 3450 4315 quod
3478 4242 3599 4300 alia
3618 4259 3722 4299 vo-

334 4340 410 4408 μὴ
462 4341 651 4409 νομίσῃ
701 4355 803 4401 τις,
856 4338 937 4388 ὅτι
998 4335 1130 4387 ἄλλα
1185 4333 1515 4408 βουλομένοις
1565 4333 1759 4400 λᾶϐεῖν,
1820 4333 1950 4388 ἄλλοι

2069 4335 2319 4393 lentibus
2345 4334 2636 4407 accipere,
2690 4334 2819 4406 ipse
2856 4334 3025 4390 daret
3055 4332 3191 4390 alia.
3226 4334 3290 4389 Et
3318 4348 3425 4389 cur
3480 4348 3603 4389 non
3633 4348 3719 4389 re-

338 4420 560 4481 δίδωσι.
597 4430 697 4479 Καὶ
740 4433 846 4486 πῶς
877 4425 972 4477 οὐκ
1013 4422 1282 4497 ἀπῄτησεν
1326 4423 1524 4486 αὐτοὺς
1550 4428 1775 4493 πίστιν;
1808 4428 1950 4477 Διότι

2075 4424 2301 4499 ιιιίεἰνίι
2321 4423 2401 4481 ab
2430 4423 2514 4480 eis
2535 4422 2721 4479 tidem
2744 4423 2772 4479 ‘2
2801 4423 2953 4489 Quia
2971 4421 3112 4478 ﬁdei
3135 4422 3571 4479 demonstratio
3597 4426 3725 4479 erat

334 4520 567 4576 πίστεως
609 4511 876 4578 ἀπόδειξις
923 4510 985 4574 ἦν
1034 4515 1063 4574 ἠ
1106 4517 1337 4589 κραυγὴ,
1379 4518 1468 4566 καὶ
1509 4517 1568 4567 τὸ
1607 4519 1679 4587 μὴ
1717 4512 1950 4574 ἀποστῆ-

2074 4514 2309 4581 3lamor,
2340 4517 2399 4570 et
2426 4511 2871 4585 perseverantia
2897 4511 2959 4568 in
2990 4527 3084 4578 eo,
3124 4526 3264 4568 cum
3288 4510 3391 4568 alii
3419 4510 3724 4568 silentium

338 4625 427 4657 ναι
458 4606 946 4677 έπιστομισθέντας.

1252 4582 1261 4587 ⁷
1325 4582 1331 4584 ⁷
1607 4582 1618 4587 ⁷
1987 4582 2031 4635 Ῑ)
2062 4603 2147 4661 eis
2172 4582 2480 4675 imponere
2500 4604 2879 4659 conarentur.

412 4694 835 4767 Σπλαγχνισθεὶς
904 4724 976 4736 -
1056 4692 1224 4766 αὐτῷ.
1300 4693 1378 4748 Οὐ
1436 4698 1735 4770 καρτερικοὶ
1799 4698 1954 4767 μόνον

2136 4693 2299 4749 Vers.
2332 4690 2421 4748 34.
2449 4690 2723 4749 Misertus
2774 4722 2843 4732 —
2895 4706 3045 4747 eum.
3105 4692 3235 4747 Non
3283 4689 3479 4747 solum
3523 4705 3727 4764 perse-

341 4780 503 4853 ἦσαν,
536 4782 663 4836 ἀλλά
703 4787 794 4837 καὶ
834 4783 1163 4856 εὐγνώμονες.
1202 4782 1596 4842 Ἠκολούθησαν
1637 4785 1741 4859 γὰρ
1789 4782 1953 4856 αὐτῷ,

2077 4785 2340 4842 verentes
2362 4784 2550 4848 erant,
2577 4780 2682 4839 sed
2709 4784 2768 4838 et
2796 4779 2949 4852 grati
2980 4778 3386 4853 sequebantur
3442 4796 3600 4847 eum,
3630 4796 3727 4837 re-

338 4877 439 4932 τὴν
470 4873 768 4947 εὐεργεσίαν
800 4871 1151 4947 ἀμειϐόμενοι.

2064 4872 2389 4946 pendentes
2430 4870 2804 4929 beneﬁcium.

417 4967 555 5017 Φασὶ
608 4959 669 5016 δέ
712 4982 866 5031 τινες,
918 4962 1007 5017 ἕνα
1050 4971 1151 5016 τῶν
1197 4959 1296 5017 δύο
1341 4964 1537 5017 τούτων
1590 4961 1813 5035 τυφλῶν,
1865 4964 1955 5016 τὸν

2136 4962 2317 5020 Aiunt
2338 4964 2539 5021 autem
2566 4960 2808 5034 quidam
2823 4975 3017 5018 unum
3026 4959 3242 5017 horum
3263 4974 3562 5017 caecorum
3582 4958 3724 5023 insi:

419 5144 469 5179 ⁸³
497 5142 631 5221 Luc.
669 5158 832 5213 nun,
855 5143 950 5216 46,

1582 5267 1805 5336 Variae
1835 5265 2166 5336 lectiones
2200 5274 2267 5333 et
2296 5274 2499 5334 notae.

416 5465 533 5538 (29)
559 5463 1086 5538 Accuratiushunc
1110 5462 1321 5538 locum
1335 5463 1575 5538 exhibet
1597 5464 1658 5519 in
1682 5468 1959 5538 contentu
2069 5466 2312 5538 tantum
2333 5462 2520 5538 obiter
2556 5461 2781 5538 laudat.

344 5531 809 5608 Ev‘an’geliorum
832 5540 890 5594 et
905 5535 965 5592 in
989 5534 1232 5608 scholiis
1246 5535 1329 5593 ad
1347 5536 1530 5593 Matth
1548 5550 1726 5608 xxvn,
1746 5536 1833 5593 50.
1856 5534 1958 5592 Hie
2141 5534 2255 5607 (30)
2282 5534 2557 5608 Quinque
2589 5533 2793 5607 priora
2815 5531 3113 5591 vocabula
3153 5531 3356 5591 omisit
3384 5532 3727 5593 Hentenius.

421 5606 548 5682 (qq)
577 5609 838 5677 Quodam
867 5607 1057 5665 Patri.
1091 5606 1195 5665 Cui
1239 5610 1432 5665 autem
1474 5607 1743 5664 animam
1789 5620 1964 5664 suam

420 5762 546 5837 (qq)
574 5762 843 5831 Quodam
870 5792 940 5803 —
967 5758 1160 5818 Patri.
1192 5747 1305 5818 Cui
1328 5762 1534 5818 autem
1568 5759 1847 5817 animam
1869 5774 2046 5819 suam
2072 5758 2317 5818 tradidit
2344 5758 2374 5815 7
2410 5759 2590 5818 Patri.
