4178 6404
461 318 568 385 547

1792 304 2154 379 ΕΗΤΗΥΜΙΙ
2190 304 2521 367 ZIGABENI

3736 306 3845 367 548

464 451 738 521 gniorem
764 447 969 512 fuisse,
998 446 1073 501 de
1104 460 1229 518 quo
1258 460 1296 501 a
1318 446 1510 501 Marco
1538 442 1695 498 Iacto
1756 442 1848 495 est
1901 435 2124 493 mentio

2237 431 2629 507 ἐπισημότερον,
2687 435 3105 507 μνημονευθῆναι
3152 433 3296 506 παρὰ
3364 433 3563 506 Μάρκῳ
3619 436 3733 507 μεν,
3794 435 3843 488 ἓν

466 537 761 595 tricesimo
779 536 976 608 primo
993 533 1395 604 Evangeliisui
1424 531 1631 604 capite,
1655 527 2125 602 quiBartimeus

466 626 778 683 dicebatur
822 626 909 691 5‘;
964 626 1119 679 Luca
1158 639 1290 679 vero
1337 620 1711 690 sexagesimo
1767 620 1982 689 quarto
2034 613 2127 668 sui

466 715 766 787 Evangelii
791 714 984 786 capite
1007 715 1053 749 ⁵⁵
1088 729 1102 779 ;
1130 713 1379 768 alterum
1405 717 1627 777 autem,
1655 707 1733 764 ab
1762 706 1858 762 his
1889 703 2125 759 silentio

466 805 827 878 praeteritum
854 808 1149 875 tanquam
1174 801 1329 856 illius
1347 799 1706 862 ministrum,
1727 794 2126 869 quemadmo-

466 896 614 951 dum
644 908 791 949 sane
830 898 887 948 et
926 892 1000 947 de
1057 891 1297 947 duobus
1335 886 1715 945 daamoniacis
1762 882 2124 941 duodecimo

466 983 659 1056 capite
677 982 1029 1055 praedictum
1053 986 1138 1036 est
1169 998 1182 1032 :
1207 978 1383 1052 idque
1423 977 1766 1047 conjectura
1797 988 2126 1045 assequun-

467 1079 580 1139 tur,
609 1090 680 1130 eo
712 1073 871 1145 quod
912 1072 1125 1128 eadem
1155 1074 1214 1126 et
1261 1069 1518 1125 dixerint
1546 1073 1603 1124 et
1657 1065 2013 1132 audiverim,
2053 1078 2124 1120 ac

465 1163 739 1219 similiter
776 1163 959 1219 secuti
986 1161 1219 1217 fuerint.
1255 1162 1375 1232 Ego
1401 1173 1539 1213 vero
1566 1172 1629 1213 re
1676 1155 1957 1212 attentius
1986 1167 2124 1209 con-

466 1253 742 1322 siderata,
778 1252 1029 1308 alterum
1061 1251 1140 1308 ab
1168 1250 1265 1306 his
1298 1247 1538 1304 duobus
1568 1262 1699 1303 esse
1712 1245 1848 1302 dico
1871 1260 2020 1310 eum,
2048 1242 2123 1297 de

465 1356 588 1414 quo
626 1341 809 1397 habet
847 1342 1129 1407 Marcus;
1173 1351 1539 1410 rursumque
1581 1334 1835 1392 alterum
1891 1332 1971 1390 ab
2028 1347 2122 1401 eo,

464 1430 540 1485 de
566 1446 687 1502 quo
710 1432 957 1499 Marcus,
991 1427 1158 1483 illum
1189 1426 1264 1483 de
1289 1441 1412 1498 quo
1449 1424 1707 1496 loquitur
1735 1426 1940 1479 Lucas.
1975 1424 2026 1476 ls
2052 1420 2125 1475 si-

464 1520 714 1593 quidem
744 1518 819 1575 de
847 1534 971 1590 quo
1000 1521 1248 1584 Marcus,
1279 1520 1498 1571 vestem
1525 1530 1648 1587 pra:
1669 1512 1858 1569 nimia
1886 1510 2124 1567 festina-

466 1609 620 1665 tione
650 1609 918 1681 projecit,
954 1613 1009 1663 et
1030 1607 1154 1662 sine
1195 1610 1471 1661 contactu
1527 1602 1845 1660 sanitatem
1873 1603 2120 1672 accepit.

467 1699 519 1753 Is
572 1704 773 1754 autem
812 1697 918 1768 qui
986 1695 1147 1768 apud
1203 1697 1417 1751 Lucam
1483 1698 1588 1759 est,
1647 1692 1870 1748 Christo
1927 1688 2123 1762 potius

461 1786 827 1857 ingrediente
878 1785 1133 1851 Jericho,
1200 1789 1255 1840 et
1310 1799 1435 1840 non
1490 1782 1847 1854 egrediente,
1905 1779 2122 1835 sanita-
2151 1792 2192 1846 Β

464 1882 584 1933 tem
610 1882 701 1932 est
747 1880 1123 1932 consecutus.
1171 1872 1525 1945 Hujusmodi
1566 1871 1746 1928 etiam
1771 1869 2121 1943 opinionem

462 1967 609 2023 mihi
662 1966 978 2022 conﬁrmat
1008 1965 1491 2037 Chrysostomus,
1530 1962 1632 2035 qui
1656 1961 1731 2017 de
1768 1959 1883 2015 illis
1924 1961 2123 2031 utpote

462 2054 593 2112 aliis
624 2054 771 2111 nihil
796 2054 1043 2110 omnino
1069 2053 1383 2125 signiﬁcat.

805 2195 959 2253 CAP.
996 2195 1147 2252 XLV.
1189 2196 1273 2250 De
1302 2194 1475 2251 asina
1503 2200 1557 2250 et
1580 2194 1777 2264 pullo.

539 2345 681 2414 Cap.
712 2342 856 2397 XXI.
897 2341 1055 2396 Vers.
1093 2341 1145 2395 I.
1187 2342 1426 2397 Etcum
1465 2368 1535 2380 —
1564 2338 1730 2395 Vers.
1758 2342 1810 2395 3.
1851 2353 1961 2393 eos.
1988 2336 2126 2393 Jam

466 2439 656 2488 morte
674 2446 785 2486 sua
801 2446 992 2503 appro
998 2431 1138 2502 pinq
1148 2435 1344 2496 uante,
1362 2429 1574 2498 majori
1586 2427 1929 2484 auctoritate
1945 2440 2125 2497 nego-

466 2522 548 2579 tia
559 2519 794 2590 attingit
814 2539 829 2588 ;
848 2524 905 2575 et
920 2520 1067 2592 quia
1079 2519 1153 2574 de
1165 2520 1335 2575 asina
1356 2528 1407 2573 et
1423 2534 1491 2573 ue
1510 2517 1669 2588 pullo
1707 2516 2123 2588 prophetatum

467 2614 612 2677 erat,
646 2624 805 2665 nunc
859 2614 1152 2680 tanquam
1181 2608 1444 2664 omnium
1484 2606 1772 2662 Dominus
1816 2604 1987 2678 jubet
2032 2604 2126 2660 his

465 2714 617 2771 quos
648 2696 962 2753 emittebat
998 2701 1064 2753 ut
1090 2697 1294 2753 dicant
1324 2713 1337 2752 :
1370 2696 1615 2753 Domino
1659 2696 1749 2751 his
1774 2710 1915 2765 opus
1938 2700 2037 2760 est,
2070 2698 2129 2749 et

466 2792 605 2860 post
629 2787 898 2843 habitum
916 2803 1090 2842 usum
1108 2787 1207 2842 red
1221 2787 1311 2842 uci
1336 2786 1444 2842 hos
1470 2785 1546 2842 ad
1560 2786 1873 2841 dominum
1892 2799 2123 2839 eorum.

467 2877 578 2933 Sed
612 2876 909 2932 Matthseus
931 2876 1165 2932 asinam
1191 2875 1331 2931 dicit
1350 2875 1651 2948 etpullum
1686 2892 1700 2940 ;
1730 2875 1963 2930 Marcus
1990 2888 2124 2928 vero

466 2965 695 3038 pullum
737 2965 931 3022 solum
964 2967 1032 3017 ⁸⁸.
1065 2965 1396 3031 Invenietis,
1428 2965 1640 3037 inquit,
1670 2962 2126 3034 pullumalh'ga-

468 3062 610 3120 tum,
644 3071 823 3125 super
852 3071 1022 3126 quem
1053 3055 1255 3111 nullus
1285 3054 1588 3113 hominum
1636 3054 1804 3111 sedit.
1848 3051 2125 3109 Similiter

2234 530 2305 593 τῷ
2333 532 2628 597 τριακοστῷ
2657 528 2845 597 πρώτῳ
2876 520 3134 594 κεφαλαίῳ
3181 528 3273 573 τοῦ
3303 520 3618 593 Εύαγγελίου
3659 523 3840 596 αὐτοῦ,

2236 617 2549 686 Βαρτιμαῖον
2624 612 2952 684 καλούμενον·
3036 612 3179 686 παρά
3244 616 3427 663 Λουκά
3499 607 3579 679 δε,
3640 610 3690 664 ἐν
3770 622 3844 685 τῷ

2236 700 2501 773 ἑξηκοστῷ
2567 704 2795 777 τετάρτῳ
2847 700 3107 773 κεφαλαίῳ
3156 707 3248 753 τοῦ
3301 699 3417 752 κατ’
3465 700 3620 752 αὐτὸν
3674 702 3845 775 Εὐαγ-

2233 790 2427 861 γελίου·
2462 795 2547 843 τὸν
2578 790 2728 845 ἄλλον
2762 787 2820 844 δὲ
2859 792 3341 863 παρασιωπηθῆναι
3368 792 3572 851 τούτοις
3599 791 3737 863 (3|),
3772 794 3843 856 ὡς

2234 882 2492 955 ὑπηρέτην
2544 879 2759 934 ἐκείνου⁸
2830 882 2968 934 καθα
3022 877 3088 938 δὴ
3134 882 3225 932 καὶ
3273 884 3391 953 περὶ
3438 887 3539 932 τῶν
3584 875 3682 933 δύο
3725 877 3844 934 δαι-

2233 973 2580 1043 μονιζομένων
2626 970 2675 1023 ἐν
2737 979 2813 1042 τῷ
2866 966 3153 1042 δωδεκάτῳ
3201 972 3459 1042 κεφαλαίῳ
3510 975 3837 1046 προείρηται.

2236 1064 2337 1112 Καὶ
2382 1069 2784 1134 τεκμηριοῦνται
2833 1063 2921 1113 τόν
2964 1060 3139 1133 λόγον,
3180 1057 3282 1113 ἀπὸ
3330 1066 3423 1112 τοῦ
3472 1062 3537 1112 τὰ
3578 1060 3716 1113 αὐτὰ
3751 1066 3844 1115 καὶ

2235 1149 2411 1218 εἰπεῖν,
2478 1155 2567 1202 καὶ
2624 1148 2872 1218 ἀκοῦσαι,
2930 1153 3017 1203 καὶ
3070 1151 3265 1222 ὁμοίως
3309 1147 3685 1210 ἀκολουθῆσαι·
3742 1149 3843 1223 ἐγὼ

2235 1234 2294 1291 δὲ
2336 1239 2741 1311 στοχαζόμενος,
2793 1241 2962 1315 ἕτερον
3010 1238 3140 1293 εἶναι
3185 1239 3333 1311 λέγω,
3385 1241 3530 1313 παρὰ
3573 1242 3692 1300 τοὺς
3746 1234 3843 1291 δύο

2234 1328 2467 1395 τούτους,
2528 1332 2614 1380 τὸν
2667 1336 2759 1380 τοῦ
2817 1331 3059 1403 Μάρκου,
3108 1332 3197 1382 καὶ
3243 1328 3411 1404 ἕτερον
3469 1327 3642 1398 πάλιν,
3700 1330 3846 1402 παρὰ

2236 1419 2319 1467 τὸν
2370 1425 2461 1469 τοῦ
2510 1420 2748 1492 Μάρκου,
2792 1422 2877 1470 τὸν
2926 1426 3018 1471 τοῦ
3062 1424 3263 1473 Λουκᾶ.
3310 1423 3410 1472 Καὶ
3439 1420 3541 1493 γὰρ
3571 1419 3599 1471 6
3751 1424 3845 1471 τοῦ

2233 1508 2450 1579 Μάρκου
2500 1511 2585 1558 καὶ
2632 1511 2691 1559 τὸ
2741 1510 2945 1580 ἱμάτιον
2988 1507 3194 1583 ἔρριψεν
3233 1509 3333 1561 ὑπὸ
3373 1515 3469 1571 τῆς
3507 1510 3640 1581 ἄγαν
3682 1528 3844 1563 σπου-

2235 1591 2355 1663 δῆς,
2399 1600 2489 1648 καὶ
2540 1602 2713 1671 χωρὶς
2764 1595 2963 1669 ἐπαφῆς
3006 1602 3100 1656 τήν
3143 1600 3287 1649 ἴασιν
3331 1596 3527 1651 ἔλαϐεν·
3572 1600 3598 1650 ό
3648 1594 3708 1651 δι
3750 1606 3847 1651 τοῦ

2235 1690 2435 1755 Λουκᾶ,
2485 1684 2769 1761 ἔρχομὲνου
2808 1686 3001 1758 μᾶλλον
3050 1687 3116 1748 εἰς
3168 1687 3377 1760 Ἰεριχὼ
3429 1695 3523 1739 τοῦ
3580 1694 3842 1761 Χριστοῦ,

2232 1779 2321 1827 καὶ
2377 1772 2471 1827 ούκ
2528 1774 2954 1850 ἐκπορευομένου,
3013 1784 3106 1838 τῆς
3160 1776 3348 1838 ἰάσεως
3397 1779 3575 1849 ἔτυχε.
3639 1776 3848 1831 Marci

2234 1860 2293 1915 δὲ
2340 1883 2429 1937 μοι
2470 1865 2703 1937 μάλιστα
2747 1870 2842 1924 τὴν
2890 1867 3136 1923 τοιαύτην
3186 1865 3449 1937 ὑπόληψιν
3489 1867 3516 1919 ὁ
3556 1866 3671 1939 (32)
3703 1874 3847 1942 Χρυ-

2235 1957 2514 2025 σόστομος,
2582 1951 2733 2007 οὐδὲν
2793 1973 2845 2007 τι
2920 1959 3039 2030 περὶ
3100 1953 3300 2008 ἐκείνων
3364 1954 3843 2029 ἐπισημηνάμενος,

2233 2043 2300 2105 ὡς
2328 2041 2511 2114 ἐτέρων
2544 2046 2718 2099 ὄντων.

2437 2190 2581 2240 ΚΕΦ.
2620 2184 2746 2240 ΜΕ.
2781 2190 2907 2261 Περὶ
2937 2192 3033 2249 τῆς
3061 2189 3177 2239 ὄνου
3207 2190 3296 2241 καὶ
3326 2194 3419 2240 τοῦ
3448 2187 3643 2243 πώλου.

2307 2348 2408 2397 Καὶ
2459 2346 2541 2398 ὅτε
2588 2376 2658 2387 -
2729 2347 2949 2411 αὐτούς.
3017 2343 3159 2406 Ἤδη
3214 2356 3311 2411 τῆς
3372 2347 3614 2410 τελευτῆς
3682 2348 3847 2403 αὐτοῦ

2233 2435 2718 2509 προσεγγιζούσης,
2817 2435 3345 2511 ἕξουσιειστικὼτερον
3437 2437 3653 2491 ἅπτεται
3746 2447 3847 2492 τῶν

2232 2524 2576 2596 πραγμάτων,
2623 2529 2714 2578 καὶ
2757 2523 2865 2578 ἐπεὶ
2910 2530 3262 2599 προεφήτευσε
3300 2527 3365 2579 τὰ
3409 2529 3546 2579 κατά
3592 2530 3687 2586 τὴν
3733 2531 3849 2581 ὄνον

2232 2616 2322 2664 καὶ
2369 2616 2453 2664 τὸν
2497 2612 2684 2680 πῶλον,
2735 2612 2935 2681 λοιπὸν,
2991 2618 3059 2675 ὡς
3117 2616 3302 2691 Κύριος
3358 2617 3584 2683 πάντων,
3654 2616 3846 2670 κελεύει

2231 2708 2338 2763 τοίς
2400 2700 2861 2775 ἀποστελλομένοις
2907 2703 3084 2767 εἰπεῖν,
3148 2704 3230 2757 ὅτι
3275 2704 3334 2757 Ὀ
3394 2708 3587 2779 Κύριος
3648 2711 3838 2779 χρείαν

2234 2791 2401 2842 αὐτῶν
2464 2793 2595 2862 ἔχει,
2651 2796 2741 2846 καὶ
2791 2795 2921 2865 μετά
2979 2797 3070 2851 τὴν
3129 2798 3316 2866 χρείαν
3376 2792 3698 2867 ἀντιστρέφει
3752 2796 3843 2847 αύ-

2230 2883 2351 2942 τούς
2402 2884 2526 2955 πρὸς
2574 2884 2697 2942 τοὺς
2740 2886 2956 2955 κυρίους
3004 2881 3192 2937 αὐτῶν.
3238 2881 3394 2936 Ἀλλὰ
3446 2886 3712 2943 Ματθαῐος
3749 2885 3842 2955 μεν

2233 2971 2343 3020 ὄνον
2418 2974 2509 3020 καὶ
2573 2969 2741 3022 πῶλον
2812 2969 2967 3043 λέγει·
3024 2973 3235 3044 Μάρκος
3292 2968 3352 3024 δὲ
3424 2972 3592 3024 πῶλον
3666 2976 3843 3045 μόνον.

2236 3057 2371 3133 Εύρή
2384 3077 2496 3112 σετε
2570 3061 2694 3131 γὰρ,
2773 3079 2840 3132 φη
2850 3064 2924 3129 σὶ,

3012 3060 3181 3112 πῶλον
3258 3056 3548 3134 δεδεμένον,
3639 3060 3711 3135 ἔφ’
3790 3064 3846 3114 ὃν

465 3152 667 3201 autem
691 3144 895 3201 scribit
906 3149 962 3201 et
976 3148 1162 3202 Lucas
1178 3146 1521 3201 “Joannes
1534 3159 1671 3200 vero
1683 3142 1916 3216 pullum
1939 3140 2124 3198 asina:

2237 3143 2411 3208 οὐδεὶς
2463 3146 2743 3222 ἀνθρώπων
2806 3147 3065 3205 ἐκάθισεν.
3118 3148 3343 3222 Ὀμοίως
3398 3146 3457 3202 δὲ
3510 3151 3696 3224 γράφει
3754 3156 3848 3204 καὶ

464 3234 625 3291 hunc
669 3235 995 3307 appellavit
1041 3236 1110 3301 ⁸⁸,
1168 3241 1462 3307 tanquam
1520 3233 1801 3290 tenellum
1857 3232 2119 3288 asinum.

465 3325 618 3391 Quid
644 3339 787 3395 ergo
816 3324 1090 3381 dicemus
1111 3327 1140 3379 φ
1156 3324 1330 3389 Quod
1358 3328 1606 3395 utroque
1632 3338 1785 3394 opus
1804 3326 1930 3377 erat
1952 3319 2125 3379 Chri-

465 3418 558 3470 sto
592 3432 605 3473 :
635 3413 742 3469 sed
780 3413 945 3485 pullo
977 3418 1038 3469 ut
1068 3428 1250 3484 super
1291 3428 1431 3469 eum
1456 3413 1786 3475 veheretur,
1820 3409 1992 3466 asina
2021 3425 2124 3465 au-

464 3507 583 3559 tem
616 3507 680 3558 ut
710 3502 937 3574 pullum
972 3506 1319 3574 sequeretur
1347 3518 1361 3557 :
1402 3499 1683 3573 explebat
1701 3498 1862 3555 enim
1906 3501 2126 3570 myste-

461 3594 621 3649 rium
652 3591 817 3664 quod
843 3591 1043 3647 futura
1073 3590 1521 3663 prmﬁgurabat.
1552 3592 1618 3644 Et
1654 3592 1777 3645 erat
1826 3587 2028 3659 pullus
2062 3586 2125 3642 in

461 3682 723 3752 ﬁguram
754 3681 894 3737 novi
914 3696 945 3736 e
971 3680 1249 3750 gentibus
1278 3679 1499 3752 populi,
1527 3677 1759 3735 venturi
1810 3677 1886 3733 ad
1940 3676 2125 3733 ﬁdem

463 3787 599 3844 quae
626 3775 719 3827 est
745 3770 806 3825 in
835 3770 1153 3835 Christum,
1209 3769 1314 3843 qui
1341 3769 1421 3825 ad
1463 3767 1678 3825 divinas
1734 3766 1886 3838 legis
1911 3767 2123 3839 jugum

461 3861 881 3918 inexercitatus
934 3864 1083 3927 erat,
1115 3875 1297 3932 super
1345 3875 1528 3932 quem
1566 3857 1767 3914 nullus
1806 3858 2123 3914 hominum

463 3951 720 4016 sederat,
764 3949 1058 4022 prapheta
1110 3948 1381 4006 videlicet
1425 3948 1514 4005 vel
1556 3947 1881 4021 apostolus.
1940 3946 2123 4005 Asina

462 4056 601 4097 vero
628 4040 695 4096 in
726 4044 940 4113 typum
957 4039 1171 4096 veteris
1197 4055 1229 4095 e
1256 4037 1477 4097 Iudaeis
1507 4036 1712 4111 populi
1730 4037 1843 4093 sub
1867 4036 2017 4109 jugo
2039 4035 2124 4093 le-

462 4130 552 4201 gis
572 4128 864 4201 degentis.
886 4132 949 4187 Et
976 4129 1181 4201 pullus
1203 4128 1452 4201 quidem
1474 4127 1772 4184 Christum
1797 4127 1956 4184 vehit
1982 4127 2122 4183 insi-

459 4219 723 4287 dentem,
751 4220 922 4276 asina
961 4236 1105 4276 vero
1136 4220 1423 4292 sequitur,
1453 4219 1706 4275 docente
1736 4218 1933 4291 reipsa
1955 4216 2122 4289 quod

460 4314 783 4382 postquam
838 4309 1102 4365 Christus
1145 4308 1426 4379 gentibus
1469 4306 1771 4374 insederit,
1815 4310 1874 4363 et
1915 4306 1975 4362 in
2033 4306 2119 4362 eis

461 4403 752 4473 tanquam
778 4400 841 4454 in
875 4414 939 4455 se
968 4399 1350 4456 credentibus
1380 4398 1761 4472 requieverit,
1796 4401 2121 4469 sequentur

2237 3241 2460 3296 Λουκᾶς.
2513 3241 2614 3289 Καὶ
2664 3238 2690 3289 6
2741 3237 2979 3299 Ἰωάννης
3030 3234 3089 3291 δε
3133 3241 3220 3291 τὸν
3274 3238 3443 3292 πῶλον
3497 3246 3677 3292 τοῦτον
3726 3238 3849 3291 ὀνά-

2237 3344 2348 3400 ριον
2405 3325 2692 3399 ὠνόμασεν,
2746 3329 2813 3389 ὡς
2881 3332 2992 3380 ὄνον
3042 3331 3172 3399 νέον,
3228 3326 3337 3381 ἐπεὶ
3396 3332 3486 3382 καὶ
3539 3328 3727 3398 πῶλος,
3787 3332 3848 3382 τὸ

2238 3424 2333 3476 τῆς
2386 3419 2501 3467 ὄνου
2562 3416 2843 3492 πωλάριον.
2900 3420 2965 3471 Τί
3013 3414 3099 3471 οὖν
3144 3419 3395 3493 ἕροῦμεν;
3441 3417 3562 3471 Ὀτι
3613 3424 3703 3472 καὶ
3751 3417 3851 3491 ἀμ-

2240 3508 2461 3577 φοτέρων
2509 3509 2599 3578 μεν
2642 3508 2773 3579 ἔσχε
2802 3511 2989 3579 χρείαν
3026 3509 3051 3559 6
3084 3511 3339 3581 Χριστὸς,
3376 3506 3505 3560 ἀλλὰ
3544 3516 3635 3562 τοῦ
3674 3508 3849 3561 πώλου

2240 3596 2330 3667 μὶν
2379 3593 2450 3655 εἰς
2505 3598 2564 3646 τὸ
2615 3593 2957 3666 ἕποχηθῆναι
3010 3594 3171 3666 αύτῷ·
3225 3604 3322 3659 τῆς
3374 3601 3489 3650 ὄνου
3540 3594 3617 3664 δὲ,
3668 3599 3738 3661 εἰς
3790 3602 3850 3652 τὸ

2241 3681 2537 3735 ἀκολουθεῖν
2588 3691 2661 3754 τῷ
2707 3683 2885 3756 πώλῳ.
2944 3689 3250 3758 Μυστήριον
3299 3689 3401 3761 γὰρ
3457 3685 3611 3739 ἕτελει
3658 3707 3851 3763 προτυ-

2239 3778 2368 3825 ποῦν
2417 3774 2483 3824 τὰ
2536 3771 2802 3845 μέλλοντα.
2858 3778 2959 3826 Καὶ
3010 3770 3071 3832 ἧν
3130 3774 3157 3827 6
3199 3774 3368 3838 πῶλος
3419 3778 3508 3849 μὲν
3564 3776 3637 3839 εἷς
3687 3781 3849 3831 τύπον

2237 3869 2327 3915 τοῦ
2367 3860 2421 3924 ἐξ
2471 3861 2629 3915 ἐθνῶν
2682 3866 2797 3915 νέου
2849 3862 2995 3936 λαοῦ,
3050 3871 3142 3917 τοῦ
3195 3868 3297 3941 πρὸ
3348 3874 3444 3929 τῆς
3494 3866 3564 3929 εἰς
3615 3872 3848 3942 Χριστὸν

2236 3956 2466 4012 πίστεως
2513 3950 2851 4025 ἀγυμνάστου
2892 3957 3025 4028 πρὸς
3062 3958 3150 4008 τὸν
3192 3955 3349 4029 ζυγὸν
3388 3964 3481 4010 τοῦ
3520 3959 3658 4010 θείου
3687 3963 3847 4031 νόμου

2236 4043 2610 4114 τυγχάνοντος,
2661 4042 2737 4116 ἇφ’
2794 4045 2847 4096 ὃν
2906 4041 3081 4107 οὐδεὶς
3130 4046 3409 4121 ἀνθρώπων
3468 4046 3697 4117 ἐκάθισε,
3753 4044 3848 4107 δη-

2236 4127 2396 4196 λαδὴ,
2440 4136 2715 4208 προφήτης
2749 4133 2780 4191 ἢ
2838 4132 3145 4198 ἀπόστολος·
3199 4137 3229 4194 ἡ
3278 4140 3390 4198 ὄνος
3439 4134 3517 4209 δὲ,
3574 4138 3642 4198 εὶς
3688 4140 3848 4190 τύπον

2238 4228 2331 4274 τοῦ
2369 4220 2421 4283 ἐξ
2469 4220 2738 4275 Ἰουδαίων
2778 4223 3005 4276 παλαιοῦ
3054 4225 3201 4292 λαοῦ,
3259 4233 3352 4277 τοῦ
3395 4227 3495 4277 ύπὸ
3549 4231 3637 4277 τὸν
3688 4227 3848 4296 ζυγὸν

2236 4318 2328 4363 τοῦ
2384 4314 2543 4383 νόμου
2600 4311 2885 4375 τελοῦντος.
2953 4319 3052 4367 Καὶ
3109 4316 3135 4366 6
3190 4312 3358 4376 πῶλος
3418 4316 3509 4386 μὲν
3572 4317 3707 4388 φέρει
3761 4316 3849 4364 τὸν

2236 4403 2469 4475 Χριστὸν
2526 4403 2740 4473 ἔποχον
2799 4402 2976 4456 ἕπεται
3027 4399 3089 4455 δι
3145 4404 3176 4461 ἡ
3226 4406 3353 4464 ὅνος⁸
3402 4410 3494 4456 τοῦ
3542 4405 3849 4479 πράγματος

460 4491 518 4543 et
555 4488 763 4544 Judaei.
817 4488 968 4544 Dicit
989 4489 1149 4545 enim
1175 4494 1231 4545 et
1259 4488 1519 4545 Paulus:
1551 4488 1807 4546 Ca'citas
1848 4503 1926 4545 ea:
1951 4494 2123 4561 parte

2238 4486 2608 4556 διδάσκοντος,
2651 4492 2733 4542 ὅτι
2763 4493 2894 4563 μετὰ
2923 4494 2981 4543 τὸ
3026 4494 3246 4544 καθίσαι
3276 4494 3361 4544 τὸν
3410 4476 3643 4567 Χριστὸν
3673 4492 3755 4547 ἐπὶ
3785 4494 3852 4548 τὰ

455 4577 625 4645 facta
643 4578 803 4632 estin
818 4577 1007 4633 Israel
1028 4579 1214 4633 donec
1231 4578 1546 4646 plenitudo
1564 4578 1834 4649 gentium
1860 4579 2123 4635 intrave-

460 4665 542 4722 rit
573 4682 588 4731 ;
620 4669 674 4722 et
715 4671 861 4721 tunc
887 4668 1076 4722 omnis
1098 4667 1287 4723 Israel
1316 4668 1519 4723 salvus
1544 4670 1654 4723 erit
1704 4669 1776 4725 ".
1807 4666 2123 4742 Propterea

459 4769 603 4825 ergo
634 4754 943 4811 Matthaaus
969 4760 1181 4811 exacta
1209 4754 1517 4827 diligentia
1545 4755 1855 4827 utriusque
1865 4756 2123 4827 jumenti

460 4842 734 4899 meminit
762 4858 780 4908 ;
812 4844 1007 4899 caeteri
1036 4848 1237 4900 autem
1279 4842 1582 4901 brevitatis
1648 4858 1834 4900 causa
1886 4844 2119 4917 pullum

458 4932 709 5006 quidem
748 4932 1130 5006 scripserunt,
1161 4948 1234 4990 eo
1271 4932 1441 5006 quod
1493 4947 1674 5006 super
1698 4932 1867 4989 illum
1917 4938 2121 4991 vectus

529 5113 579 5149 “
611 5113 793 5171 Marc.
822 5128 877 5170 ιι.
907 5116 1004 5171 46.

2236 4581 2381 4647 ἔθνη,
2441 4585 2532 4632 καὶ
2599 4580 3079 4634 ἐπαναπαύσασθαι
3134 4581 3314 4644 αὐτοῖς
3373 4587 3721 4637 πιστεύσασιν
3757 4583 3852 4648 ,εἰς

2236 4669 2416 4738 αὐτὸν,
2464 4668 2888 4729 ἀκολουθήσουσι
2935 4674 3139 4733 τούτοις
3181 4676 3268 4725 καὶ
3303 4675 3353 4726 οὶ
3381 4670 3656 4730 Ἰουδαῖοι.
3692 4678 3849 4745 Λέγει

2233 4762 2335 4836 γὰρ
2382 4765 2470 4813 καὶ
2520 4760 2743 4832 Παῦλος,
2795 4762 2877 4814 ὅτι
2930 4767 3181 4839 Πώρωσις
3222 4770 3296 4835 τῷ
3346 4763 3564 4839 Ἰσραὴλ
3621 4762 3721 4815 ἀπὸ
3760 4766 3849 4835 μὲ-

2233 4868 2353 4925 ρους
2428 4855 2653 4923 γέγονεν,
2718 4852 2882 4925 ἄχρις
2949 4851 3009 4903 οὗ
3074 4854 3133 4905 τό
3208 4856 3467 4926 πλήρωμα
3536 4860 3634 4905 τῶν
3692 4849 3848 4904 ἐθνῶν

2238 4937 2468 5011 εισίλθῃ,
2512 4944 2604 4992 καὶ
2658 4943 2775 4992 τότε
2811 4939 2932 5011 (33)
2977 4946 3082 5002 πᾶς
3126 4939 3341 5015 Ἰσραὴλ
3390 4940 3696 4999 «uerior-rat.
3753 4945 3851 4996 Διὰ

1089 5114 1138 5150 ⁸⁵
1170 5114 1288 5169 Luc
1311 5126 1481 5179 xvm,
1510 5114 1603 5171 35.
1680 5115 1729 5149 “
1759 5114 1937 5171 Marc.
1967 5129 2029 5180 ιι,
2059 5115 2116 5169 2.
2192 5116 2242 5152 ⁸⁷
2282 5116 2421 5173 Luc.
2448 5129 2577 5185 nx,
2610 5120 2699 5174 30.
2776 5116 2825 5154 “
2852 5117 3025 5175 Joan.
3051 5132 3150 5185 ιιι,
3180 5117 3272 5173 IL.
3348 5119 3399 5157 “
3426 5118 3598 5178 Rom.
3627 5136 3707 5190 xi,
3753 5124 3845 5179 25.

1685 5291 1912 5361 Variae
1944 5288 2274 5363 lectiones
2307 5303 2372 5361 et
2403 5304 2615 5363 notae.

541 5485 657 5557 (31)
690 5487 976 5559 Τούτου-ςΒ.
1206 5550 1209 5553 δ
1374 5550 1377 5555 ς
1826 5552 1829 5555 ἤ

533 5558 647 5628 (32)
672 5556 899 5637 ﬁcilicet
934 5546 1394 5637 Chrysostomus
1420 5559 1494 5615 de
1525 5559 1980 5637 MarcoetLUCa
2000 5561 2111 5637 hoc

460 5634 594 5685 toco
623 5628 768 5683 nihil
788 5636 1011 5697 monet,
1031 5628 1372 5688 Matthaaum
1392 5637 1622 5688 tantum
1653 5632 1907 5689 breviter
1936 5633 2120 5705 expli-

2225 5505 2397 5559 cans,
2429 5496 2470 5551 ι
2508 5493 2622 5559 VII,

2294 5505 2397 5559 ins,
2429 5496 2470 5551 ι
2508 5493 2622 5559 VII,
2657 5510 2713 5564 p.-
2759 5493 2889 5561 653,
2915 5494 3041 5551 654.

2294 5563 2688 5647 (33)_Codices
2714 5565 3149 5647 Chrysostomi,
3180 5570 3222 5622 ι.
3252 5566 3366 5639 VII,
3417 5583 3478 5640 p.
3514 5572 3618 5626 656
3645 5572 3705 5636 C,
3736 5570 3845 5627 ﬂu-

2229 5640 2437 5693 ctuant
2461 5639 2643 5694 etiam
2675 5639 2828 5694 inter
2851 5639 2987 5691 οὕτω
3017 5643 3075 5696 et
3098 5642 3231 5694 τότε.
