4178 6406
564 351 662 412 35!

1885 340 2239 404 EUTHYMII
2277 341 2611 402 ZIGABENI

3832 346 3948 403 552

567 497 703 538 rum
756 480 1037 554 populus,
1095 494 1411 550 novusque
1462 477 1751 549 gentium,
1806 473 2058 547 peccatis
2097 472 2222 528 alli-

2330 473 2465 524 καὶὸ
2514 476 2641 539 νέος,
2688 475 2714 525 6
2754 473 2807 536 ἐξ
2854 472 3027 539 ἐθνῶν,
3062 468 3302 525 δέδενται
3340 478 3459 532 ταῖς
3496 471 3797 546 ἁμαρτίαις,
3844 474 3936 537 ἔξω

570 576 788 642 gantur
836 577 995 627 extra
1049 569 1365 625 Ecclesiam
1405 567 1465 622 in
1514 567 1635 621 vita
1669 584 1681 633 ;
1714 580 1857 620 nam
1896 564 2054 618 hanc
2115 579 2222 635 per

569 663 799 719 bivium
829 661 1235 731 intelligimus.
1298 661 1359 714 Et
1398 656 1910 729 quemadmodum
1965 653 2220 725 apostoli

572 752 769 807 soluta
810 750 913 808 illa
964 749 1240 805 animalia
1302 747 1608 802 adducunt
1651 744 1729 801 ad
1786 743 2105 807 Christum,
2141 742 2223 797 ita

570 857 714 897 sane
742 846 797 896 et
825 841 993 895 istos.
1035 839 1120 894 Ad
1148 839 1276 894 hinc
1331 836 1503 891 sicuti
1559 837 1933 890 tentaverunt
1967 830 2217 904 quidam

568 930 889 1003 prohibere
918 930 1047 995 hos,
1100 934 1243 1000 puta
1279 926 1509 981 domini
1562 925 1844 995 ipsorum,
1902 922 2056 976 sicut
2084 919 2223 977 dicit

570 1022 763 1076 Lucas
779 1020 848 1086 τί,
880 1018 1079 1073 audito
1102 1021 1300 1071 autem
1314 1014 1480 1087 quod
1495 1013 1748 1068 Domino
1766 1011 1859 1066 his
1875 1026 2029 1081 opus
2045 1011 2219 1078 esset,

570 1112 1010 1174 concesserunt,
1060 1108 1141 1161 ita
1192 1120 1335 1159 sane
1365 1108 1421 1158 et
1452 1104 1510 1157 in
1562 1102 1681 1167 his,
1718 1104 1946 1156 tentant
1975 1097 2221 1171 quidem

568 1200 672 1271 qui
725 1198 1101 1254 dominantur
1140 1194 1227 1251 eis
1258 1194 1585 1256 daemones,
1620 1190 1935 1263 prohibere
1969 1205 1983 1255 ;
2017 1188 2221 1244 audito

563 1303 702 1345 vero
731 1287 892 1360 quod
931 1288 1051 1342 Deo
1076 1285 1169 1341 his
1199 1299 1352 1357 opus
1382 1288 1486 1347 est,
1528 1279 1897 1353 permittunt.

636 1468 799 1521 Vers.
848 1470 901 1519 7.
961 1465 1037 1519 Et
1084 1494 1154 1503 —
1222 1461 1565 1519 vestimenta
1609 1473 1739 1514 sua.
1790 1460 2113 1512 Posuerunt
2165 1459 2221 1511 et

567 1570 748 1626 super
779 1552 1012 1609 asinam
1039 1557 1095 1608 et
1142 1568 1322 1624 super
1363 1550 1614 1624 pullum,
1648 1548 1989 1620 ignorantes
2039 1560 2219 1617 super

566 1659 749 1717 quem
780 1642 1017 1698 illorum
1043 1641 1177 1697 vehi
1204 1639 1394 1696 vellet.

639 1734 804 1790 Vers.
832 1733 886 1787 7.
918 1732 995 1787 Ει
1047 1746 1316 1800 —super
1344 1745 1432 1786 ea.
1470 1730 1656 1799 Super
1704 1742 1794 1792 ea,
1850 1729 1992 1797 puta
2047 1724 2217 1779 vesti-

565 1827 770 1879 menta
793 1820 1285 1895 quaepulloerant
1314 1818 1707 1891 superposita.
1740 1816 1992 1870 Possunt
2016 1818 2212 1869 autem
2248 1828 2291 1882 Β

565 1911 993 1983 discipulorum
1026 1908 1383 1965 vestimenta
1411 1905 1790 1962 reconditiori
1834 1902 2219 1975 intelligentia

565 2000 682 2057 dici
703 2000 969 2065 virtutes,
1020 2014 1155 2071 quae
1208 1995 1605 2069 intelligibilia
1630 2002 1767 2050 sunt
1794 1993 2011 2049 animae
2043 1992 2217 2047 vesti-

565 2096 790 2156 menta,
823 2088 951 2145 illos
992 2087 1352 2144 adornantia
1390 2086 1493 2158 qui
1540 2083 1771 2139 Christo
1802 2082 2209 2139 adducuntur.

564 2179 755 2235 Lucas
784 2182 980 2233 autem
1013 2177 1161 2233 dixit
1187 2179 1256 2242 ⁷³,
1289 2174 1458 2247 quod
1487 2172 1770 2245 discipuli
1806 2172 2218 2244 imposuerunt

564 2268 770 2324 Jesum
802 2283 983 2339 super
1010 2265 1243 2338 pullum
1278 2282 1291 2332 ;
1316 2262 1585 2335 discipuli
1622 2263 1781 2317 enim
1807 2261 2057 2317 verbum
2081 2275 2221 2330 gen-

563 2357 723 2414 tibus
757 2357 1017 2430 superim
1028 2359 1275 2428 ponunt.

635 2449 803 2504 Vers.
871 2450 921 2502 8.
985 2446 1363 2502 Plurima—
1400 2459 1529 2500 sua.
1597 2441 1992 2499 Ostenderunt
2065 2439 2218 2512 quod

564 2534 700 2608 plus
730 2551 916 2607 quam
948 2534 1307 2607 prophetam
1339 2549 1472 2589 eum
1504 2531 1848 2597 habebant;
1876 2530 2009 2586 ideo
2043 2530 2221 2585 etiam

565 2624 873 2681 excellenti
903 2624 1086 2680 modo
1125 2624 1317 2695 ipsum
1343 2624 1809 2678 honoraverunt.
1844 2623 1989 2677 Nam
2023 2625 2079 2675 et
2100 2636 2221 2675 mo-

566 2714 702 2770 dico
716 2719 1128 2785 antetempore
1144 2730 1279 2769 cum
1300 2716 1583 2768 Lazarum
1605 2710 2036 2776 resuscitasset,
2058 2725 2222 2779 mag-

566 2819 711 2858 nam
738 2804 898 2875 apud
923 2820 1026 2857 eos
1058 2802 1442 2858 reverentiam
1470 2800 1805 2873 acquisivit.
1858 2800 2220 2871 Abjiciamus

566 2907 705 2961 ergo
736 2898 792 2947 et
839 2907 949 2947 nos
996 2892 1260 2964 corporis
1302 2895 1581 2946 ornatum
1617 2895 1860 2962 propter
1899 2889 2216 2956 Christum,

564 2984 623 3036 et
660 2996 944 3036 ornemus
967 2980 1123 3037 viam
1157 2980 1307 3052 ejus,
1339 2980 1688 3052 abjicientes
1720 2995 1866 3051 opes
1905 2995 1974 3034 ac
2003 2977 2220 3034 affecti-

564 3085 710 3125 ones
738 3069 962 3143 quibus
993 3069 1303 3126 induimur
1325 3074 1429 3126 aut
1457 3068 1926 3125 circumdamur.

631 3158 796 3215 Vers.
840 3163 890 3215 8.
924 3158 1137 3215 Alii—
1168 3160 1232 3215 in
1292 3160 1409 3216 via.
1460 3162 1687 3217 Marcus
1742 3176 1881 3215 vero
1932 3154 2219 3218 στοιϐάδας
2254 3182 2294 3240 C

563 3247 709 3305 dixit
755 3250 829 3305 ⁷³.
876 3250 973 3304 Est
1013 3254 1214 3305 autem
1244 3249 1457 3310 στοιϐὰς
1519 3265 1826 3305 ramorum
1888 3250 2215 3319 congeries.

563 3335 870 3392 Olivarum
902 3352 1120 3408 nempe
1158 3336 1310 3392 rami
1344 3341 1531 3392 erant.
1581 3339 1729 3391 Nam
1779 3342 1919 3391 tunc
1951 3341 2219 3394 montem

564 3424 870 3482 Olivarum
901 3425 1302 3498 praeteribant.

632 3516 797 3571 Vers.
852 3517 904 3569 9.
970 3513 1184 3570 Turbae
1253 3519 1448 3570 autem
1530 3545 1590 3553 —
1646 3514 1855 3570 David.
1936 3514 2220 3571 Hosanna

564 3602 920 3658 Hebraicum
947 3608 1054 3667 est,
1106 3607 1163 3658 et
1213 3602 1507 3672 signiﬁcat
1562 3602 1862 3658 interdum
1920 3604 2219 3676 hymnum

564 3690 688 3747 sive
718 3690 958 3746 laudem
993 3709 1006 3747 ι
1050 3689 1420 3763 quandoque
1462 3707 1625 3757 vero,
1656 3694 1850 3748 Serva.
1884 3696 2049 3749 Nunc
2079 3710 2220 3765 ergo

563 3779 909 3835 tantundem
933 3784 1020 3835 est
1063 3796 1135 3836 ac
1187 3780 1234 3834 si
1278 3778 1436 3835 dicat
1469 3799 1482 3833 :
1520 3784 1788 3853 Hymnus
1855 3782 1975 3838 ﬁlio
2010 3784 2219 3840 David.

635 3871 795 3924 Vers.
855 3870 906 3925 9.
971 3870 1306 3927 Benedictus
1344 3900 1413 3910 ——
1457 3870 1705 3926 Domini.
1747 3903 1813 3912 —
1877 3873 1940 3927 In
1984 3873 2220 3930 nomine

563 3957 817 4023 Domini,
851 3958 966 4014 hoc
996 3964 1101 4026 est,
1135 3974 1169 4015 a
1203 3960 1471 4014 Domino.
1506 3960 1858 4015 Benedictus
1911 3962 2015 4032 qui
2062 3963 2223 4018 venit

564 4060 602 4103 8.
632 4048 771 4113 Deo,
820 4046 1161 4103 benedictus
1213 4048 1317 4121 qui
1357 4048 1584 4103 missus
1617 4055 1705 4105 est
1733 4066 1769 4105 a
1819 4050 1957 4106 Deo.
1993 4054 2220 4107 Marcus

564 4140 766 4192 autem
790 4135 1019 4192 addidit
1045 4155 1057 4192 :
1096 4139 1476 4194 Benedictum
1525 4140 1681 4209 quod
1708 4141 1857 4195 venit
1886 4157 2127 4212 regnum
2160 4141 2219 4195 in

562 4226 1256 4282 nomineDominiPatris
1271 4226 1462 4282 nostri
1487 4227 1752 4282 David“.
1779 4228 2220 4285 Existimabam

564 4316 746 4382 enim,
780 4316 946 4387 quod
976 4318 1298 4387 erigeretur
1323 4316 1592 4386 abjectus
1625 4317 1873 4373 thronus
1906 4318 2070 4388 regni
2112 4322 2219 4375 Da-

564 4404 695 4459 vid:
722 4405 884 4461 unde
915 4406 1249 4475 gaudentes
1278 4404 1559 4460 dicebant
1587 4422 1600 4461 :
1634 4407 2018 4463 Benedictum
2047 4408 2214 4482 quod

562 4492 715 4549 redit
746 4507 997 4562 regnum
1012 4493 1186 4565 primi
1207 4494 1393 4565 patris
1436 4496 1843 4551 nostriDavid.
1876 4497 2217 4563 Quodvenit

561 4583 626 4637 in
657 4583 895 4638 nomine
917 4583 1155 4637 Domini
1182 4588 1406 4648 autem,
1434 4583 1549 4639 hoc
1587 4590 1672 4641 est
1696 4601 1733 4640 a
1770 4586 1913 4652 Deo,
1954 4586 2215 4643 Joannes

563 4687 707 4727 vero
739 4671 877 4728 dicit
905 4690 919 4725 :
950 4672 1292 4728 Benedictus
1312 4674 1417 4744 qui
1440 4675 1590 4730 venit
1617 4676 1681 4730 in
1716 4675 1942 4731 nomine
1988 4677 2217 4733 Domini

564 4761 882 4817 rexlsrael
907 4762 977 4797 τεο
1002 4760 1327 4817 Verisimile
1349 4763 1508 4818 enim
1532 4767 1619 4820 est
1641 4769 1779 4819 tunc
1809 4766 2015 4821 omnia
2037 4766 2216 4822 fuisse

566 4849 720 4906 dicta
749 4865 783 4905 a
806 4850 993 4906 turbis
1020 4866 1153 4923 quae
1184 4852 1605 4923 praecedebant
1642 4858 1853 4927 etquae
1897 4857 2217 4928 sequeban-

564 4942 654 4998 tur
712 4956 991 5013 ,quaaque
1046 4955 1307 5011 egressae
1343 4949 1507 4998 erant
1557 4942 1620 4998 in
1672 4957 1993 5000 occursum
2049 4946 2204 5017 ejus.

637 5122 685 5159 τι
715 5121 853 5177 Luc.
884 5136 1005 5187 xix,
1051 5124 1138 5188 33,
1169 5120 1259 5178 34.
1336 5122 1387 5158 ⁷³
1418 5120 1558 5191 Luc,
1590 5138 1705 5189 xix,
1736 5122 1826 5201 35.
1905 5124 1953 5159 ⁷³
1986 5124 2158 5181 Marc.
2191 5141 2271 5191 xx,
2302 5126 2363 5184 8.

2331 570 2424 623 τῆς
2474 561 2809 632 Ἐκκλησίας,
2863 561 2946 615 ἐπὶ
3000 570 3090 615 τοῦ
3142 560 3286 634 βίον.
3318 569 3511 614 Τοῦτον
3542 561 3660 634 (36)
3690 565 3792 636 γὰρ
3838 565 3934 636 ἄμ-

2333 647 2490 722 φοδον
2539 660 2770 723 νοοῦμεν.
2830 656 2930 705 Καὶ
2978 654 3152 725 ὥσπερ
3204 650 3371 703 ἐκεῖνα
3425 654 3493 702 τὰ
3532 651 3645 711 ζῶα
3689 651 3934 715 λύσαντες

2331 741 2381 791 οἱ
2436 738 2717 793 ἀπόστολοι
2770 744 3105 816 προσάγουσι
3152 750 3225 812 τῷ
3274 749 3508 815 Χριστῶ’
3544 740 3679 793 οὕτω
3719 737 3787 800 δὴ
3846 747 3936 796 καὶ

2331 832 2563 892 τούτους
2627 836 2716 883 καὶ
2787 832 2961 904 ὥσπερ
3033 830 3109 883 ἐπ’
3170 829 3368 882 ἐκείνων
3436 828 3786 904 ἐπεχείρησαν
3845 836 3934 902 μέν

2331 938 2462 980 τινες
2516 919 2770 987 κωλύσαι,
2829 921 3013 991 ἤγουν,
3081 922 3130 972 οἱ
3190 922 3364 995 κύριοι
3432 919 3620 985 αὐτῶν,
3690 923 3759 982 ὡς
3827 920 3935 975 εἶπε

2332 1016 2557 1069 Λουκᾶς·
2616 1008 2933 1072 ἀκούσαντες
2977 1006 3055 1075 δε,
3103 1011 3183 1061 ὅτι
3231 1011 3256 1061 6
3299 1012 3491 1084 Κύριος
3538 1009 3705 1062 αὐτῶν
3748 1015 3933 1084 χρείαν

2332 1100 2464 1169 ἔχει,
2524 1104 2932 1172 παρεχώρησαν·
2984 1100 3119 1152 οὕτω
3174 1095 3241 1157 δὴ
3293 1104 3383 1152 καὶ
3431 1098 3518 1151 ἐπὶ
3571 1100 3767 1152 τούτων
3826 1097 3934 1151 ἐπι-

2330 1195 2578 1261 χειροῦσι
2612 1192 2701 1261 μεν
2736 1190 2785 1240 οἰ
2831 1191 3154 1262 κυριεύοντες
3191 1188 3362 1241 αὐτῶν
3402 1185 3647 1261 δαίμονες
3677 1186 3931 1240 κωλύσαι·

2332 1276 2644 1341 ἀκούσαντες
2695 1275 2775 1346 δὲ,
2829 1280 2910 1331 ὅτι
2958 1280 2983 1331 6
3015 1282 3146 1341 Θεὸς
3173 1278 3342 1331 αὐτῶν
3373 1283 3560 1353 χρείαν
3600 1281 3735 1349 ἔχει,
3766 1297 3937 1352 παρα-

2328 1375 2590 1441 χωροῦσι.

2402 1461 2503 1509 Καὶ
2533 1488 2598 1497 -
2648 1459 2712 1509 τὰ
2763 1460 2949 1530 ἱμάτια
3002 1458 3188 1513 αὐτῶν.
3233 1457 3520 1516 Ἐπέθηκαν
3570 1460 3662 1510 καὶ
3715 1455 3800 1510 ὶπὶ
3842 1464 3938 1516 τῆς

2326 1550 2466 1615 ὄνου,
2522 1552 2612 1599 καὶ
2664 1546 2750 1600 ἐπὶ
2797 1555 2889 1599 τοῦ
2938 1548 3132 1610 πώλου,
3167 1552 3239 1622 μὴ
3271 1553 3635 1619 γινώσκοντες,
3670 1545 3757 1599 ἐπὶ
3802 1550 3939 1606 τίνος

2324 1636 2492 1688 αὐτῶν
2523 1639 2628 1707 ὀχη
2638 1638 2790 1695 θῆναι
2816 1635 3081 1709 βούλεται.

2399 1731 2500 1779 Καὶ
2557 1757 2624 1766 —
2696 1724 2864 1778 ἐπάνω
2944 1726 3135 1781 αὑτων.
3202 1728 3402 1780 Ἐπάνω
3470 1726 3660 1795 αὐτῶν,
3728 1719 3938 1783 δηλαδή

2324 1824 2424 1867 τῶν
2470 1815 2707 1885 ἱματίων,
2757 1824 2857 1868 τῶν
2902 1814 3230 1869 ἑπιτεθέντων
3284 1824 3357 1887 τῷ
3404 1814 3581 1886 πώλῳ.
3626 1810 3739 1867 Εἶεν
3791 1808 3842 1865 δ’
3876 1812 3939 1864 ἄν

2328 1907 2513 1975 ἱμάτια
2576 1913 2675 1957 τῶν
2732 1904 3032 1958 ἀποστόλων
3100 1904 3437 1977 ἀναγωγικῶς
3501 1906 3557 1956 αἱ
3614 1902 3818 1976 ἀρεταὶ,
3874 1905 3942 1954 τὰ

2325 1996 2487 2053 νοητὰ
2533 1992 2838 2068 περιϐόλαια
2888 2004 2985 2056 τῆς
3029 1994 3218 2067 ψυχῆς
3261 1995 3342 2057 αἶς
3381 1992 3779 2069 περιστελλουσι
3816 1996 3943 2053 τοὺς

2327 2087 2749 2159 προσαγομένους
2785 2092 2857 2154 τῷ
2907 2092 3152 2157 Χριστῷ.
3208 2090 3416 2144 Λουκᾶς
3468 2080 3529 2136 δε
3579 2086 3801 2155 εἴρηκεν,
3858 2083 3943 2134 ὅτι

2329 2174 2377 2224 οἱ
2434 2174 2667 2245 μαθηταὶ
2739 2171 3053 2226 ἐπεϐίϐασαν
3121 2176 3208 2225 τόν
3273 2172 3477 2230 Ἰησοῦν
3539 2170 3624 2224 ἐπὶ
3683 2174 3771 2223 τόν
3828 2178 3943 2222 πῶ-

2327 2261 2432 2317 λον.
2485 2264 2553 2315 Οἱ
2580 2264 2816 2335 μαθηταὶ
2862 2265 2961 2337 γὰρ
3015 2261 3386 2323 ἐπιϐιϐάζουσι
3428 2265 3515 2314 τόν
3567 2261 3719 2332 λόγον
3758 2259 3843 2313 ini
3876 2262 3945 2313 τὰ

2328 2353 2469 2411 ἔθνη.

2396 2441 2456 2495 Ὀ
2517 2439 2576 2495 δί
2632 2443 2874 2505 πλεῖστος
2943 2474 3014 2484 -
3071 2442 3266 2498 αὐτῶν.
3342 2438 3603 2511 Ἔδειξαν,
3665 2441 3745 2492 ὅτι
3808 2439 3940 2515 ὑπὲρ

2328 2537 2600 2607 προφήτην
2654 2532 2809 2585 αὐτόν
2864 2531 3029 2604 εἶχον.
3085 2535 3172 2585 Διό
3231 2537 3320 2584 καὶ
3381 2529 3797 2605 ὑπερϐαλλόντως
3845 2530 3943 2581 αὑ·-

2327 2625 2412 2674 τόν
2463 2619 2741 2694 ἐτίμησαν,
2814 2624 2923 2694 Πρὸ
2982 2621 3157 2693 ὀλίγου
3211 2624 3313 2695 γὰρ
3364 2623 3451 2673 τὸν
3510 2620 3755 2693 Λάζαρον
3815 2617 3943 2671 ἀνα·

2332 2716 2556 2778 στήσας,
2610 2713 2675 2771 ὡς
2735 2713 2760 2763 6
2828 2711 3072 2772 Ἰωάννης
3128 2716 3280 2783 φησὶ,
3336 2710 3466 2763 πολύ
3523 2709 3675 2771 σέϐας
3726 2711 3937 2770 τούτοις

2329 2799 2552 2859 ἐνέϐαλε.
2616 2801 2868 2874 Ῥίψωμεν
2944 2801 3031 2853 οὖν
3085 2805 3175 2853 καὶ
3246 2802 3396 2872 ἡμεῖς
3444 2803 3529 2852 τὸν
3587 2804 3785 2872 κόσμον
3841 2804 3938 2851 τοῦ

2331 2897 2573 2964 σώματος
2630 2888 2726 2943 διὰ
2780 2894 3032 2965 Χριστόν,
3092 2895 3181 2942 καὶ
3237 2894 3585 2962 κοσμησωμεν
3653 2893 3747 2947 τὴν
3809 2884 3938 2940 ὁδόν

2328 2980 2509 3051 αὐτοῦ,
2581 2980 2865 3055 ῥίπτοντες,
2934 2979 2968 3031 οἶ
3036 2978 3470 3054 περιϐεϐλήμεθα,
3537 2983 3799 3051 χρήματα
3843 2981 3941 3030 καὶ

2329 3072 2494 3128 πάθη.

2400 3158 2579 3211 Ἀλλοι
2606 3190 2675 3199 —-
2715 3158 2763 3211 ἐν
2809 3165 2870 3231 τῇ
2923 3153 3055 3229 ὁδῷ.
3100 3159 3313 3230 Μάρκος
3361 3154 3418 3211 6":
3468 3157 3605 3229 (3'7),
3650 3152 3941 3217 στοιϐάδας

2330 3247 2457 3303 εἷπε.
2514 3248 2724 3310 Στοιϐἀς
2792 3245 2872 3318 δε,
2932 3249 2963 3305 ἡ
3026 3252 3216 3323 σωρεία
3272 3256 3371 3300 τῶν
3428 3244 3657 3305 κλάδων,
3718 3246 3941 3299 Ἐλαιῶν

2331 3333 2391 3390 δὲ
2444 3333 2580 3396 ἦσαν
2632 3340 2680 3390 οἱ
2727 3334 2934 3392 κλάδοι.
2988 3340 3058 3390 Τὸ
3097 3340 3198 3410 γὰρ
3241 3340 3354 3410 ὅρος
3396 3345 3495 3388 τῶν
3530 3335 3744 3390 Ἐϐαιῶν
3786 3355 3940 3393 τηνι-

2329 3434 2497 3480 καῦτα
2532 3426 2877 3502 παρήμειϐον.

2402 3518 2467 3569 Οἱ
2513 3513 2571 3569 δὲ
2623 3515 2776 3587 ὃχλόι
2822 3547 2891 3556 -
2930 3512 3117 3570 Δαυῖδ.
3150 3518 3218 3568 T6
3266 3515 3510 3581 Ὡσαννὰ,
3542 3514 3815 3590 Ἑϐραῐκόν
3845 3517 3941 3585 μὲν

2330 3605 2463 3672 ἐστι,
2504 3610 2748 3678 σημαίνει
2802 3602 2880 3671 δὴ,
2936 3609 3058 3657 ποτε
3107 3608 3217 3677 μὲν,
3250 3606 3428 3678 ὕμνον,
3478 3607 3599 3657 ποτε
3639 3601 3718 3668 δὲ,
3763 3611 3941 3656 σῶσον

2332 3691 2422 3753 δή.
2456 3702 2564 3748 Νυν
2600 3693 2686 3747 οὖν
2714 3713 2890 3767 φησιν,
2920 3694 3076 3766 ὕμνος
3104 3702 3176 3765 τῷ
3203 3696 3298 3764 υἱῷ
3332 3690 3515 3746 Δαυῖδ.

2402 3874 2760 3946 Εὐλογημένος
2818 3904 2887 3914 -
2947 3878 3161 3947 Κυρίου.
3215 3876 3285 3928 T6
3335 3871 3383 3925 ἐν
3437 3872 3648 3945 ὀνόματι
3716 3878 3936 3947 Κυρίου,

2332 3962 2443 4015 ἀντὶ
2499 3970 2610 4027 τοῦ,
2672 3965 2813 4035 παρὰ
2874 3966 3089 4037 Κυρίου.
3158 3962 3511 4034 Εὐλογημένος
3566 3964 3591 4013 6
3656 3960 3938 4036 ἐρχόμενος

2329 4051 2431 4105 ἀπὸ
2484 4057 2631 4117 Θεοῦ,
2686 4051 3023 4123 εὐλογημένος
3072 4052 3096 4102 6
3135 4053 3387 4125 πεμφθεὶς
3417 4052 3473 4103 ἐκ
3527 4060 3679 4105 Θεοῦ.
3721 4055 3939 4123 Μάρκος

2332 4139 2390 4195 δὲ
2440 4142 2754 4215 προσέθηκε,
2810 4140 2920 4194 Καὶ
2975 4140 3291 4213 εὐλογημένη
3350 4144 3381 4200 ἡ
3453 4140 3708 4216 ἐρχομένη
3769 4141 3937 4214 βασι-

2329 4231 2439 4285 λεία
2491 4230 2537 4284 ἐν
2594 4230 2809 4304 ὀνόματι
2870 4235 3086 4305 Κυρίου,
3152 4238 3243 4282 τοῦ
3298 4234 3495 4305 πατρὸς
3546 4233 3691 4302 ἡμῶν
3745 4228 3935 4285 Δαυὶδ.

2327 4318 2601 4372 Ὑπελαϐον
2676 4323 2775 4395 γὰρ
2848 4321 2963 4390 (38)
3032 4321 3112 4371 ὅτι
3191 4317 3472 4392 ἀνωρθώθη
3538 4320 3561 4368 6
3625 4317 3941 4376 καταϐεϐληο

2327 4414 2475 4481 μένος
2516 4411 2687 4484 θρόνος
2740 4417 2834 4471 τῆς
2885 4407 3159 4482 βασιλείας
3204 4415 3295 4459 του
3356 4404 3541 4459 Aci-uid.
3582 4405 3734 4459 Ὅθεν
3793 4412 3933 4479 χαί-

2327 4519 2502 4573 ροντες
2552 4499 2738 4570 ἔλεγον,
2804 4502 2903 4551 Καὶ
2985 4496 3298 4568 εὐλογημένη
3372 4497 3487 4569 (39)
3556 4499 3585 4556 ἡ
3672 4499 3931 4573 ἐρχομένη

2327 4589 2479 4642 πάλιν
2574 4586 2821 4661 βασιλεία
2898 4593 2989 4639 τοῦ
3081 4588 3404 4660 προπάτορος
3498 4589 3643 4661 ἡμῶν
3743 4584 3933 4639 Δαυΐδ·

2327 4678 2618 4751 Ἐρχομένη
2679 4673 2737 4730 δὲ
2794 4675 2841 4728 ἐν
2896 4675 3107 4748 ὀνόματι
3184 4682 3401 4753 Κυρίου,
3480 4682 3769 4744 τουτέστιν,
3831 4676 3939 4729 ἀπὸ

2330 4767 2568 4822 Θεοῦ.“0
2621 4763 2680 4820 δὲ
2734 4766 2970 4827 Ἰωάννης
3032 4771 3211 4839 φησὶν
3305 4767 3661 4838 Εὐλογημένος
3742 4768 3768 4816 6
3860 4770 3948 4839 ἐρ-

2325 4862 2550 4931 χόμενος
2628 4855 2675 4908 ἓν
2754 4855 2968 4930 ὀνόματι
3064 4861 3259 4930 Κυρίου
3342 4855 3592 4929 βασιλεὺς
3674 4860 3766 4905 τοῦ
3835 4853 3947 4907 ’Ῑσο

2326 4945 2482 5020 ραὴλ.
2517 4946 2699 4999 Πάντα
2741 4948 2843 5017 γὰρ
2878 4946 3017 5007 εἰκὸς
3068 4946 3169 4997 ὑπὸ
3201 4952 3302 4996 τῶν
3352 4943 3524 5015 ὄχλων
3564 4947 3677 4995 τότε
3708 4944 3944 5018 ῥηθῆναι

2449 5123 2657 5181 “ibid.
2697 5127 2781 5180 l0.
2856 5125 2906 5159 ⁷⁵
2931 5123 3102 5178 Joan.
3138 5122 3240 5188 xli,
3275 5126 3356 5178 l3.

1770 5327 1999 5395 Variae
2057 5328 2387 5396 lectiones
2421 5337 2492 5397 et
2530 5337 2732 5395 notae.

783 5520 972 5589 Τοῦτο,
1004 5526 1068 5582 Β.

784 5592 1064 5662 Στιϐάδας,
1091 5595 1159 5663 Α,
1188 5598 1247 5654 et
1274 5611 1419 5655 mox
1447 5595 1653 5657 στιϐάς-

640 5523 758 5667 iiii

2431 5525 2519 5601 38)
2550 5530 2632 5601 ἐξ,
2666 5540 2778 5601 PFQ
2804 5528 2938 5601 γάρ’,
2959 5530 3023 5601 ᾼο

2429 5596 2523 5671 39)
2550 5596 2843 5655 Hic—nilis
2866 5596 3034 5691 addit
3062 5600 3129 5665 A,
3170 5613 3304 5655 mox
3331 5603 3533 5657 autem
3559 5599 3792 5657 omittit.
