4178 6380
244 351 338 406 553

1220 355 1522 410 COMMEN
1539 355 1588 409 Γ.
1631 352 1701 408 1N
1742 348 2190 407 MA'l‘TH/EUM.
2232 385 2300 396 —-
2339 356 2494 412 CAP.
2537 360 2690 416 XXI.

3517 379 3622 434 554

241 484 333 528 τῶν
410 495 466 528 τε
533 483 900 551 προαγόντων,
964 486 1055 533 καὶ
1107 489 1207 533 τῶν
1277 480 1710 542 ἀκολουθούντων,
1767 481 1842 526 καῖ

1966 473 2315 547 lntelligitur
2340 481 2519 538 etiam
2547 503 2559 539 :
2585 486 2656 542 In
2688 491 2930 546 nomine
2948 492 3206 561 Domini,
3232 495 3293 552 in
3313 500 3625 572 majestate

238 574 333 616 τῶν
391 564 697 628 ἐξελθόντων
748 570 822 630 εἰς
870 572 1160 629 ὑπάντησιν
1210 571 1390 623 αὑτοῦ.
1441 577 1652 623 Νοείται
1701 565 1760 620 δὲ
1799 570 1855 618 τὸ

243 654 322 707 Ἐν
376 658 595 728 ὀνόματι
645 663 864 732 Κυρίου,
896 664 985 712 καὶ
1034 658 1148 713 ἀντὶ
1178 669 1286 725 τοῦ,
1334 661 1414 713 Ἐν
1469 655 1598 732 δόξῃ
1634 661 1852 730 Κυρίου,

238 742 288 796 ἐν
319 745 463 808 τάξει
493 745 780 819 βασιλέως.

311 834 540 888 Ὡσαννὰ
616 867 686 878 -—
745 836 1009 909 ὑψίστοις.
1067 838 1254 912 Ὕμνος
1329 839 1378 892 ἐν
1431 839 1697 910 ὑψίστοις,
1758 840 1854 910 ὑμ-

238 927 463 977 νούντων
539 930 633 978 καὶ
700 935 802 980 τῶν
879 927 1114 999 ὑψίστωυ
1191 925 1478 1001 δυνάμεων,
1540 933 1675 999 ἤτοι,
1753 937 1851 980 τῶν

239 1013 473 1086 ὰγγελων
522 1019 609 1066 τόν
663 1019 814 1086 Θεὸν,
851 1020 936 1069 τὸν
983 1017 1259 1090 πέμψαντα
1301 1021 1425 1092 ἡμῖν
1459 1016 1683 1092 βασιλέα
1714 1016 1848 1090 (40),

239 1107 334 1154 καὶ
381 1103 756 1177 ὰνορθώσαντα
801 1110 888 1164 τήν
939 1105 1211 1180 βασιλείαν
1257 1104 1445 1161 Amici.
1500 1108 1561 1163 Ὀ
1612 1104 1671 1159 δὲ
1715 1112 1850 1160 Λου-

238 1199 364 1256 σάς,
417 1191 532 1245 ἀντὶ
584 1201 698 1262 τοῦ,
757 1195 984 1248 Ὠσαννὰ
1037 1196 1086 1248 ἐν
1133 1204 1245 1258 τοῖς
1291 1196 1561 1268 ὑψίστοις,
1610 1195 1741 1258 Δόξα
1797 1194 1846 1246 ἐν

235 1283 491 1352 ὑψίστοις
539 1280 695 1337 εἶπεν.
750 1285 916 1346 Οὗτος
947 1282 1005 1338 δὲ
1047 1287 1166 1359 (41)
1214 1289 1410 1360 ἱστορεῖ
1451 1292 1541 1339 καὶ
1588 1290 1708 1360 περὶ
1745 1294 1845 1336 τῶν

230 1373 510 1442 μαθητῶν,
597 1374 675 1424 ὃτι
744 1373 934 1445 ἔλεγον,
1019 1374 1378 1448 Εὐλογημένος
1485 1377 1510 1428 ό
1565 1374 1844 1450 ἐρχόμενος

231 1458 494 1533 βασιλεὺς
555 1461 603 1514 ἐν
685 1462 898 1536 ὀνόματι
983 1467 1202 1538 Κυρίου,
1280 1466 1455 1541 εἰρήνη
1524 1465 1571 1518 ἐν
1644 1464 1844 1540 οὐρανῷ

228 1556 322 1603 καὶ
395 1548 527 1614 δόξα
583 1550 632 1603 ἐν
685 1553 944 1625 ὑφιστοιςο
1015 1555 1222 1630 εἰρήνην
1287 1561 1376 1614 τὴν
1437 1559 1611 1630 χαρὰν
1661 1554 1843 1627 ὀνομά-

233 1661 356 1703 σας.
407 1646 596 1694 Σκόπει
652 1638 732 1713 δὲ,
777 1652 886 1706 πῶς
934 1642 981 1695 ἐν
1023 1647 1241 1717 τοιούτῳ
1292 1650 1481 1721 κρότῳ,
1520 1649 1605 1697 καὶ
1655 1647 1844 1696 τοσαύ-

231 1751 350 1792 ταις
422 1739 699 1806 κραυγαῖς,
758 1734 784 1784 ό
843 1733 1030 1800 πῶλος,
1087 1739 1262 1788 καίτοι
1317 1734 1578 1797 παντελῶς
1632 1731 1844 1807 ἀδάμα-

1965 563 2222 634 Domini,
2245 567 2307 623 in
2336 571 2544 629 ordine
2568 576 2753 646 regio.

2036 814 2200 872 Vers.
2238 821 2290 874 9.
2328 823 2614 882 Hosanna
2645 859 2716 868 —
2744 833 3012 889 excelsis.
3044 834 3205 893 Laus
3252 838 3316 895 in
3354 841 3622 899 excelsis.

1964 905 2422 968 Laudentetiam
2445 915 2550 986 qui
2578 921 2719 974 sunt
2745 919 2896 977 inter
2919 925 3185 982 excelsas
3218 928 3469 988 virtutes
3501 933 3626 990 sive

1959 995 2233 1063 angelos.
2258 999 2442 1057 Deum
2467 1004 2570 1076 qui
2593 1007 2772 1063 nobis
2800 1011 2957 1068 misit
2986 1029 3212 1085 regem,
3241 1033 3312 1074 ac
3333 1018 3626 1079 instaura-

1957 1083 2040 1137 vit
2070 1099 2324 1154 regnum
2355 1091 2558 1148 David.
2587 1096 2772 1153 Lucas
2803 1115 2938 1157 vero
2967 1083 3095 1159 loco
3123 1106 3413 1166 Bosanna
3443 1111 3507 1166 in
3527 1128 3626 1170 ea:-

1958 1172 2139 1240 celsis,
2170 1175 2326 1244 dicit,
2364 1181 2569 1240 Gloria
2602 1185 2663 1239 in
2690 1190 2933 1245 excelsis
2970 1193 3040 1248 7°.
3083 1193 3186 1251 Hic
3224 1201 3430 1254 autem
3466 1208 3523 1256 et
3548 1202 3625 1258 de

1955 1261 2262 1336 discipulis
2303 1269 2528 1362 scribit,
2571 1276 2733 1346 quod
2775 1277 3054 1338 dicebant
3090 1301 3102 1339 :
3139 1285 3482 1345 Benedictus
3519 1293 3627 1362 qui

1955 1353 2113 1408 venit
2140 1369 2251 1412 rex
2270 1356 2331 1411 in
2361 1361 2593 1419 nomine
2619 1366 2872 1434 Domini,
2909 1387 3031 1439 pax
3053 1373 3118 1428 in
3161 1377 3300 1432 caelo
3343 1385 3396 1434 et
3427 1381 3624 1449 gloria

1954 1441 2016 1497 in
2047 1445 2310 1501 excelsis.
2346 1447 2672 1509 Considera
2698 1470 2836 1512 vero
2861 1463 3168 1530 quomodo
3192 1464 3254 1519 in
3283 1464 3384 1521 tali
3408 1468 3626 1538 plausu

1953 1533 2242 1605 tantoque
2267 1534 2526 1595 clamore
2550 1541 2774 1613 pullus,
2797 1561 3151 1622 quanquam
3179 1533 3430 1611 omnino
3449 1556 3626 1614 indo-

1954 1621 2154 1688 mitus,
2193 1629 2676 1687 mansuetissime
2715 1637 2918 1692 tamen
2961 1639 3302 1709 incedebat,
3348 1645 3624 1717 praeﬁgu-

1955 1725 2096 1764 rans
2138 1712 2308 1783 plane
2349 1719 2598 1786 gentiun
2633 1720 3062 1784 obedientiam.
3106 1735 3164 1786 et
3198 1712 3622 1794 omnimodam

232 1841 365 1882 στος
419 1825 508 1887 ὧν,
560 1822 697 1894 ὅμως
754 1821 1017 1886 οὗτοίκτως
1055 1823 1278 1898 ἐφέρετο,
1320 1834 1598 1899 προτυπῶν
1640 1827 1842 1886 πάντως

1960 1814 2161 1857 eorum
2188 1802 2267 1858 ad
2297 1803 2674 1878 disciplinam
2700 1812 3202 1876 immutationem.

228 1916 290 1962 τό
350 1912 660 1971 καταπειθὲς
715 1920 816 1964 τῶν
871 1912 1023 1964 ἐθνῶν
1084 1919 1174 1967 καὶ
1248 1919 1342 1973 τήν
1415 1913 1609 1989 ἁθρόαν
1677 1915 1846 1968 αὐτῶν

235 1998 528 2064 μεταϐολήν
557 2001 628 2062 εἰς
654 2000 890 2064 εὐταξίαν
902 2044 914 2058 .

307 2094 411 2141 Καὶ
506 2088 823 2152 εἰσελθόντος
926 2121 993 2132 --
1088 2093 1274 2161 eth-0;;
1369 2093 1636 2165 Ἑσείσθη,
1733 2093 1843 2147 ἆντὶ

231 2186 350 2243 τοῦ,
403 2177 696 2252 ἐταράχθη,
748 2179 1101 2255 θορυϐηθεῖσα
1147 2182 1230 2236 ἐπὶ
1276 2191 1349 2235 τῶ
1397 2189 1566 2258 κρότῳ
1594 2189 1684 2238 καὶ
1726 2192 1843 2247 ταῖς

237 2266 530 2338 εὐφημίαις.

506 2088 823 2152 εἰσελθόντος
926 2121 993 2132 --
1088 2093 1274 2161 eth-0;;

308 2360 377 2410 Οἱ
431 2355 492 2411 δὲ
534 2359 686 2432 ὄχλοι
733 2392 803 2402 -
845 2362 1140 2425 Γαλιλαίας.
1193 2365 1253 2418 Εἰ
1281 2370 1372 2418 καὶ
1409 2365 1536 2441 ὑπὲρ
1567 2372 1837 2441 προφήτην

222 2446 386 2498 αὐτόν
441 2446 610 2520 εἶχόν,
665 2452 803 2522 ὅμως
841 2458 1109 2524 προφήτην
1148 2454 1302 2507 αὐτόν
1353 2455 1636 2529 ὠνόμαζον,
1686 2453 1837 2508 οὐδὲν

221 2536 551 2610 ὑψηλότερον
633 2539 816 2592 ἐννοεῖν
889 2538 1186 2615 δυνάμενοι,
1267 2541 1360 2597 διὰ
1425 2548 1490 2598 τὰ
1574 2544 1837 2620 ἀνθρωπο-

221 2637 396 2700 πρεπῆ
454 2631 668 2683 τούτου.
732 2636 938 2693 Λουκᾶς
988 2629 1048 2685 δὲ
1095 2653 1272 2706 φησιν,
1317 2637 1396 2687 ὅτι
1429 2641 1529 2688 Καὶ
1560 2655 1693 2698 τινες
1738 2645 1836 2688 τῶν

223 2721 531 2789 Φαρισαίων
619 2717 720 2770 ἀπὸ
796 2728 889 2773 τοῦ
968 2721 1132 2794 ὄχλου
1220 2721 1359 2776 εἶπον
1451 2728 1578 2799 πρὸς
1659 2726 1835 2792 αὐτόν,

222 2803 547 2874 Διδάσκαλε,
636 2806 946 2874 ἐπιτίμησον
1023 2819 1129 2874 τοῖς
1206 2815 1470 2874 μαθηταῖς
1541 2835 1656 2866 σου.
1740 2820 1838 2867 Καὶ

1109 2906 1259 2973 Λέγω
1324 2904 1466 2976 ὔμῖν,
1527 2907 1611 2957 ἐὰν
1697 2900 1839 2956 οὖτοι

636 2806 946 2881 ἐπιτίμησον
1023 2819 1129 2874 τοῖς
1205 2815 1470 2885 μαθηταῖς
1541 2835 1656 2866 σου.

227 2893 535 2970 ἀποκριθεὶς
617 2894 751 2950 εἶπεν
826 2899 1023 2963 αὐτοῖς·

227 2990 408 3042 σιωπή
419 3005 605 3053 σωσιν,

687 2991 737 3039 όί
819 2988 952 3042 λὶθοι
1041 2991 1399 3065 κεκράξονται.
1491 2996 1840 3055 Φθονήσαντες

221 3077 333 3146 γὰρ
391 3073 577 3145 ἔλεγον,
630 3078 712 3128 ὅτι
749 3077 992 3131 Κὼλυσον
1037 3085 1158 3141 τοὺς
1209 3084 1443 3154 μαθητὰς
1483 3102 1578 3134 σου
1622 3093 1841 3135 τοιαῦτα

2024 2068 2188 2126 Vers.
2218 2075 2297 2127 ιο.
2335 2073 2596 2148 Cumque
2610 2079 2885 2138 intrasset
2911 2114 2980 2125 —
3007 2085 3104 2143 hic
3122 2089 3151 2144 ?
3176 2090 3490 2150 Commota
3504 2099 3613 2162 est,

1949 2157 2012 2213 id
2040 2163 2148 2225 est,
2186 2161 2426 2220 turbata
2464 2169 2574 2233 est,
2615 2169 2866 2227 excitato
2887 2175 3145 2232 tumultu
3169 2183 3412 2252 propter
3436 2157 3615 2254 plan-'-

1951 2263 2086 2304 sum
2113 2252 2168 2304 et
2196 2248 2454 2309 favores.

2019 2337 2185 2393 Vers.
2218 2341 2300 2395 ll.
2328 2342 2539 2400 Turba
2557 2359 2696 2402 vero
2717 2378 2783 2389 —
2807 2350 3094 2410 Galilzae.
3119 2356 3187 2411 Et
3207 2355 3255 2412 si
3276 2356 3407 2429 plus
3426 2375 3614 2433 quam

1947 2426 2299 2497 prophetam
2325 2446 2461 2488 eum
2487 2433 2805 2504 habebant,
2837 2441 3196 2512 prophetam
3226 2426 3611 2507 tamen-eum

1947 2514 2241 2582 dicebant,
2280 2519 2423 2592 quia
2469 2522 2616 2579 nihil
2656 2526 2950 2584 excelsius
2995 2533 3309 2605 concipere
3334 2542 3612 2608 poterant

1948 2611 2185 2676 propter
2214 2607 2482 2666 humana
2524 2613 2654 2683 ejus
2697 2631 2898 2688 opera.
2949 2621 3137 2677 Lucas
3169 2607 3372 2680 autem
3416 2628 3606 2686 dicit:

1948 2695 2026 2749 Et
2047 2697 2285 2766 quidam
2305 2699 2741 2761 Pharisaeorum
2758 2707 2830 2762 de
2847 2709 3018 2766 turba
3042 2712 3321 2771 dixerunt
3345 2717 3422 2773 ad
3441 2734 3564 2773 eum.
3588 2737 3602 2774 :

1947 2785 2244 2857 Magister,
2278 2790 2519 2860 increpa
2541 2793 2859 2865 discipulos
2879 2802 3121 2857 tuos.E’t
3142 2806 3492 2874 respondens
3520 2809 3609 2866 ait

1948 2874 2070 2930 illis
2099 2893 2111 2930 :
2147 2878 2283 2933 Dico
2313 2879 2468 2934 vobis
2497 2884 2666 2953 quod,
2705 2887 2757 2940 si
2776 2885 2836 2940 hi
2867 2892 3174 2958 tacuerint,
3223 2895 3452 2965 lapides
3494 2899 3610 2955 cla-

1949 2965 2195 3021 mabunt
2213 2968 2283 3018 ⁷⁷.
2308 2969 2535 3026 Invidia
2547 2973 2707 3028 enim
2725 2977 2872 3031 moti
2892 2977 3174 3036 dicebant
3192 2998 3205 3036 :
3223 2984 3478 3041 Prohibe
3489 2987 3610 3042 dis-

1950 3054 2180 3126 cipulos
2212 3061 2361 3123 tuos,
2387 3074 2463 3113 ne
2486 3059 2841 3130 hujusmodi
2867 3065 3183 3136 plausibus
3209 3086 3281 3127 ac
3302 3071 3609 3132 favoribus

222 3171 430 3234 κροτεῖν
490 3170 582 3216 καὶ
636 3165 881 3240 εὐφημεῖν
931 3188 1008 3235 σε,
1060 3171 1230 3224 Εἰπὼν
1286 3169 1364 3237 δὲ,
1419 3174 1500 3224 ὅτι
1537 3173 1655 3226 Ἐὰν
1695 3174 1839 3225 οὗτοι

1960 3150 2412 3216 prosequantur.
2432 3148 2639 3204 Dicens
2653 3154 2876 3217 autem,
2892 3154 2959 3209 Si
2977 3155 3042 3210 hi
3053 3160 3369 3231 tacuerint,
3385 3164 3610 3232 lapides

229 3258 607 3317 amato-natu,
672 3257 720 3306 οὶ
777 3255 908 3308 λίθοι
982 3259 1338 3334 κεκράξονται,
1420 3261 1645 3334 ἐνέφηνεν
1702 3263 1836 3335 (4⁵2),

219 3343 306 3392 ὅτι
352 3339 620 3395 ἀδύνατον
665 3349 998 3405 σιωπηθῆναι
1033 3354 1125 3406 τήν
1165 3347 1322 3412 δόξαν
1368 3351 1546 3404 αὐτοῦ.
1596 3357 1838 3425 Λέγοιντο

224 3427 275 3482 δ’
322 3433 386 3482 ἄν
437 3432 578 3484 λίθοι
627 3439 718 3486 καὶ
753 3438 802 3487 οἱ
851 3441 1218 3501 πιστεύσαντες
1261 3439 1314 3504 ἐξ
1365 3441 1538 3504 ἐθνῶν,
1591 3444 1655 3502 ὡς
1701 3445 1837 3505 ὄντες

226 3527 481 3596 πρότερον
531 3529 900 3598 πεπωρωμένοι
1119 3532 1206 3581 τόν
1254 3538 1392 3595 νοῦν,
1449 3536 1538 3582 καὶ
1591 3531 1838 3591 ἀνοίσθη-

218 3629 306 3661 τοι
408 3613 727 3682 θεογνωσίας
818 3613 1086 3681 ἀληθινῆς,
1195 3627 1371 3681 οἵτινες
1459 3623 1837 3679 σιωπησάντων

223 3709 327 3750 τῶν
380 3698 687 3754 ἀποστόλων
748 3711 809 3777 τῇ
869 3705 1103 3780 τελευτῇ,
1155 3707 1333 3761 λοιπόν
1388 3710 1537 3763 αὐτοὶ
1583 3711 1839 3782 κράξουσι

223 3793 362 3865 κηρὺ
370 3809 577 3854 ττοντες
591 3837 604 3848 ,

298 3885 409 3933 Καὶ
471 3912 543 3921 —
588 3887 915 3957 περιστεράς.
970 3889 1047 3938 Τὰ
1093 3888 1440 3963 παραπλήσια
1480 3896 1569 3942 καὶ
1609 3892 1634 3942 ὁ
1668 3893 1842 3944 Ἰωάν-

220 3990 320 4030 νης
373 3976 557 4041 φησὶν,
608 3969 717 4023 ἀλλ’
761 3971 944 4035 ἐκεῖνος
987 3979 1077 4048 μὲν
1139 3976 1252 4030 κατ’
1302 3977 1473 4052 ἀρχὰς
1528 3987 1616 4032 τοῦ
1675 3979 1842 4052 Εὐαγ-

219 4060 425 4130 Ἱελίου,
485 4063 757 4125 Ματθαῖος
803 4059 861 4116 δὲ
914 4070 1005 4117 καὶ
1064 4069 1112 4119 οἱ
1165 4066 1338 4122 λοιποὶ
1393 4073 1526 4142 πρὸς
1563 4077 1634 4141 τῷ
1688 4070 1837 4126 τέλει.

223 4149 392 4208 Δῆλον
443 4146 555 4218 οὖν,
601 4153 682 4203 ὅτι
734 4148 819 4215 δὶς
866 4162 1035 4207 ταῦτα
1063 4161 1336 4216 πεποίηκεν
1385 4161 1409 4210 ό
1454 4163 1702 4234 Χριστός,
1751 4165 1841 4212 καὶ

223 4242 364 4290 κατὰ
431 4235 718 4312 διαφόρους
785 4246 1019 4319 καιρούς.
1093 4253 1192 4299 Καὶ
1252 4253 1369 4301 τότε
1439 4252 1529 4321 μὲν
1604 4249 1841 4322 λέγουσιν

223 4325 491 4381 Ἰουδαῖοι
553 4329 663 4400 (44)
736 4335 867 4405 πρὸς
931 4333 1103 4406 αὐτόν,
1172 4342 1236 4389 Τί
1302 4347 1515 4411 σημεῖον
1593 4336 1842 4400 δεικνύεις

221 4420 401 4490 ήμῐνς
452 4421 578 4492 οἶρτι
620 4416 678 4472 δὲ
727 4431 948 4493 σιγῶσιν
997 4425 1128 4497 (45).
1173 4425 1312 4501 ’Ὁρα
1342 4429 1400 4481 δὲ
1444 4435 1537 4488 τὴν
1573 4436 1839 4505 καταφρό-

1950 3235 2298 3300 clamabunt,
2345 3237 2617 3303 ostendit,
2669 3242 2833 3312 quod
2882 3243 3250 3316 impossibile
3299 3251 3376 3307 sit
3432 3269 3608 3312 suam

1954 3325 2128 3380 taceri
2168 3324 2444 3395 gloriam.
2499 3331 2750 3386 Possunt
2787 3348 3030 3406 quoque
3075 3336 3308 3410 lapides
3333 3341 3474 3409 dici,
3511 3345 3614 3417 qui

1949 3430 2023 3469 ex
2079 3414 2353 3484 gentibus
2397 3417 2795 3486 crediderunt,
2859 3427 3148 3497 tanquam
3190 3429 3355 3501 prius
3411 3414 3613 3492 mente

1949 3502 2168 3558 idurati
2193 3521 2263 3560 ac
2288 3505 2667 3564 insensibiles
2687 3510 2765 3565 ad
2787 3511 3053 3570 divinam
3083 3518 3183 3572 Dei
3204 3521 3612 3590 cognitionem

1948 3593 2071 3664 qui,
2105 3599 2429 3666 postquam
2460 3599 2716 3668 apostoli
2743 3606 2935 3659 morte
2967 3607 3300 3674 tacuerunt,
3326 3611 3456 3682 jam
3497 3612 3616 3671 cla-

1950 3687 2120 3737 mant
2145 3683 2550 3754 praedicantes.

2023 3897 2193 3952 Vers.
2218 3899 2306 3953 t2.
2338 3899 2419 3956 Et
2451 3932 2517 3941 —
2548 3901 2882 3971 cobumbas,
2932 3907 3159 3967 Similia
3203 3927 3446 3987 quoque
3477 3915 3621 3975 dicit

1952 3987 2210 4043 Joannes
2246 4005 2259 4043 :
2295 3989 2400 4044 sed
2429 3989 2524 4046 ille
2554 3991 2803 4064 quidem
2835 3995 2992 4052 circa
3020 3999 3385 4073 principium
3427 4007 3622 4075 Evan-

1954 4075 2110 4146 gelii,
2138 4078 2441 4133 Matthaeus
2474 4085 2676 4136 autem
2705 4086 2762 4138 et
2789 4083 2984 4140 caeteri
3014 4087 3171 4144 circa
3203 4089 3406 4149 tinem.
3440 4096 3622 4153 Mani-

1953 4165 2169 4222 festum
2197 4184 2338 4239 ergo
2369 4171 2532 4242 quod
2570 4171 2661 4226 bis
2700 4173 2829 4229 haec
2859 4173 3058 4232 fecerit
3098 4179 3381 4249 Christus,
3412 4186 3621 4241 variis-

1953 4272 2069 4328 que
2101 4259 2492 4329 temporibus,
2529 4263 2593 4316 Et
2625 4267 2762 4316 tunc
2790 4264 3035 4335 quidem
3069 4265 3276 4324 dicunt
3308 4270 3358 4326 ei
3380 4270 3572 4330 Judaei
3601 4292 3617 4332 :

1955 4346 2117 4410 Quod
2135 4347 2374 4417 signum
2391 4349 2656 4404 ostendis
2676 4351 2890 4408 nobis?
2903 4355 3086 4410 modo
3103 4362 3303 4414 autem
3317 4364 3533 4418 tacent.
3555 4365 3624 4420 Et

1958 4434 2093 4489 vide
2123 4435 2514 4506 abjectionem
2541 4454 2770 4506 eorum,
2804 4440 2863 4495 in
2892 4443 3115 4515 templo
3148 4446 3448 4519 siquidem
3483 4468 3623 4508 cau-

219 4528 380 4564 νησιν
439 4508 632 4562 αὐτῶν.
669 4509 749 4562 Ἐν
800 4520 870 4582 τῷ
922 4521 1026 4583 ναῷ
1082 4517 1182 4588 γὰρ
1243 4515 1580 4576 ἐκαπήλευον,
1646 4526 1746 4573 Καὶ
1795 4522 1842 4572 οἱ

263 4603 269 4611 .
392 4597 407 4612 ,
474 4597 514 4612 ,ς
717 4602 727 4612 .
878 4604 885 4612 .
980 4605 998 4612 -
1090 4609 1097 4612 .
1213 4605 1225 4612 .
1376 4605 1392 4612 -

1960 4524 2372 4595 ponabantur:
2402 4530 2457 4580 et
2476 4526 2538 4581 hi
2561 4527 2804 4598 quidem
2825 4508 3170 4589 vendebant
3186 4508 3621 4612 indigentibus,

219 4603 312 4669 μὲν
385 4597 617 4649 ἐπώλουν
674 4602 740 4651 τὰ
794 4604 922 4673 πρὸς
975 4605 1160 4655 θυσίαν
1206 4605 1480 4666 ἐπιτήδεια
1531 4617 1640 4672 τοῖς
1695 4617 1841 4685 χρή-

223 4688 411 4758 ζουσι,
473 4687 715 4760 πρόϐατα
763 4689 914 4762 λέγω,
961 4698 1050 4745 καὶ
1096 4693 1225 4767 βόας
1269 4701 1360 4750 καὶ
1405 4701 1729 4774 περιστεράς,
1782 4704 1846 4760 ὡς

222 4778 247 4828 ο
319 4778 572 4839 Ἰωάννης
630 4775 884 4848 ἐδήλωσε,
967 4788 1056 4835 καὶ
1133 4787 1177 4836 εἴ
1233 4806 1286 4838 τι
1350 4796 1599 4842 τοιοῦτον·
1671 4792 1719 4842 οἱ
1789 4787 1847 4844 δὲ

223 4867 522 4942 ἠγόραζον.
603 4867 951 4924 Κολλυϐισταὶ
1041 4869 1100 4926 δὲ
1179 4874 1309 4928 εἰσιν
1390 4880 1438 4930 οἱ
1513 4881 1844 4954 τραπεζίται.

225 4957 616 5020 Καταλλοίκτας
698 4956 756 5012 δε
825 4962 1043 5025 τούτους
1105 4963 1453 5038 ὀνομάζουσιν
1528 4971 1578 5022 οἱ
1644 4971 1844 5028 πολλοί.

295 5141 348 5175 ’³⁸
376 5138 526 5196 Luc.
557 5154 668 5206 xix,
699 5138 790 5195 38.

869 5140 913 5177 ⁷⁷
956 5141 1100 5199 ibid.
1140 5145 1232 5204 39.
1308 5146 1650 5215 "10am",
1677 5150 1766 5207 18.

1956 4631 2091 4688 quae
2128 4615 2201 4668 ad
2246 4615 2604 4671 sacriﬁcium
2648 4623 2791 4690 apta
2829 4628 3019 4682 erant,
3069 4639 3212 4680 oves
3251 4626 3407 4693 dico,
3447 4630 3625 4686 boves

1957 4720 2027 4759 ac
2048 4702 2380 4774 columbas,
2402 4707 2834 4764 sicutloannes
2868 4711 3290 4781 manifestavit,
3320 4723 3376 4772 et
3401 4717 3449 4772 si
3484 4719 3627 4792 quid

1959 4800 2047 4849 est
2076 4793 2265 4850 simile
2294 4796 2364 4849 ⁷⁸.
2397 4795 2504 4851 Alii
2528 4810 2668 4852 vero
2699 4797 3002 4855 emebant.
3038 4802 3392 4858 Κολλυϐισ-ταὶ
3424 4813 3626 4865 autem

1960 4899 2066 4955 pro
2099 4883 2323 4955 quibus
2356 4885 2644 4942 vertimus
2684 4889 3144 4958 nummularios,
3175 4902 3312 4951 sunt
3340 4897 3629 4954 mensarii

1963 4973 2089 5030 sive
2107 4973 2420 5046 trapezita,
2443 4978 2498 5031 et
2515 4991 2670 5048 quos
2690 4977 2860 5034 multi
2881 4978 3244 5046 καταλλάκτας
3256 4988 3492 5058 vocant,
3510 4985 3628 5043 hoc

1520 5283 1745 5353 Variae
1768 5285 2098 5355 lectiones
2133 5296 2196 5354 et
2221 5295 2426 5356 notae.

295 5418 414 5486 (ιο)
461 5416 758 5486 Βασιλείαν,
793 5424 833 5471 Α
845 5461 860 5475 .

295 5491 416 5562 (41)
448 5489 656 5568 Malim
686 5488 780 5568 {ir},
803 5487 1046 5568 loco‘dé.
1078 5495 1227 5552 Nam
1250 5494 1320 5552 de
1351 5496 1506 5554 Luca
1527 5511 1726 5556 sermo
1743 5502 1854 5568 est,

226 5557 310 5616 de
347 5557 477 5635 quo
504 5562 635 5633 jam
666 5563 902 5620 dixerat
928 5559 1006 5619 δέ.

296 5635 412 5708 (ιν)
456 5640 539 5704 Ai,
568 5635 744 5693 addit
773 5637 842 5691 Α.

519 5736 770 5792 ΡΑτκοιι.
817 5733 922 5790 Gn.
956 5733 1201 5793 CXXIX.

2183 5427 2530 5506 Πεπηρωμένο
2539 5452 2575 5500 ι,
2615 5433 2682 5506 Α,

2064 5430 2156 5506 43)
2183 5435 2575 5504 Πεπηοωμένοι,
2615 5433 2682 5488 Α.

2037 5430 2132 5644 ἑ44
2175 5506 2301 5555 Τότε
2329 5483 2571 5575 λέγουσιν
2593 5509 2643 5556 oi
2664 5502 2947 5578 Ἰουδαῖον,
2974 5509 3048 5570 Α.

2064 5507 2154 5644 45ζ
2182 5579 2400 5643 Γνῶσιν,
2428 5591 2540 5644 pro
2582 5584 2826 5644 σιγῶσιν,
2852 5583 2919 5636 Α.

2064 5573 2154 5645 45)
2182 5573 2400 5643 Γνῶσιν,
2428 5591 2540 5648 pro
2582 5584 2826 5649 σιγῶσιν,
2852 5583 2919 5636 Α.

3286 5754 3352 5806 18
