4178 6452
590 420 698 476 555
1902 409 2258 472 EUTHYMII
2299 409 2627 470 ZIGABENI
3859 411 3950 477 553

587 551 699 610 est,
727 549 794 600 ut
812 544 1025 613 vulgus
1046 543 1206 613 dicit,
1229 544 1654 601 cambiatores.
1677 547 1822 601 Nam
1841 541 2087 602 κόλλυϐος
2108 539 2193 596 ob«

2308 538 2624 603 ὶΚόλλυϐος
2674 544 2799 615 γὰρ,
2861 545 2886 595 ὁ
2941 542 3140 606 ὀϐολὸς,
3193 548 3282 597 καὶ
3332 541 3624 605 κολλυϐίζω
3668 543 3863 616 λέγεται
3895 549 3948 598 τὸ

583 637 698 702 lus,
748 642 803 689 et
841 634 1128 695 κολλυϐίζω
1180 640 1487 690 commuto
1529 635 1762 690 dicitur.
1815 635 2120 701 ingressus
2164 645 2193 684 e

2361 629 2727 686 καταλλάσσω.
2780 632 3029 691 Εἰσῆλθεν
3088 630 3174 685 οὖν
3239 637 3262 686 ὁ
3316 638 3550 707 Χριστός
3595 634 3665 696 εἰς
3709 637 3767 687 τὸ
3831 637 3946 709 ἱερὸν

587 742 729 795 ergo
753 727 1018 781 Christus
1051 724 1338 796 templum
1367 741 1505 779 cum
1543 739 1767 793 magna
1796 724 2088 786 libertate,
2125 726 2193 776 ta]

2358 722 2489 790 μετά
2545 720 2863 794 παρρησίας,
2911 725 2977 785 ὡς
3028 721 3428 786 οἰκοδεσπότης.
3486 721 3827 796 Ἑξέϐαλεηδὲ
3869 731 3946 778 καὶ

583 833 765 887 quam
805 813 1236 886 paterfamilias
1268 813 1520 870 domum
1549 831 1741 879 suam,
1772 819 1828 868 et
1860 829 1960 866 eos
1986 812 2091 882 qui
2117 811 2243 881 jam
2355 811 2470 869 τοὺς
2514 811 2783 883 ῥηθέντας,
2842 818 2929 864 καὶ
2973 816 3036 865 τὰ
3081 813 3326 887 ρηθέντα,
3373 820 3466 872 τήν
3510 833 3563 866 τε
3593 795 3756 866 κατὰ.

579 906 719 960 dicti
759 912 898 960 sunt
935 903 1128 974 ejecit,
1170 920 1240 960 ac
1279 903 1609 975 potentiam
1648 919 1836 972 quam
1874 907 1938 957 ut
1979 902 2134 954 Deus
2166 900 2241 955 ad

576 1011 790 1052 omnes
813 995 1092 1060 habebat,
1120 993 1528 1060 manifestans,
1557 999 1612 1050 et
1643 1000 1878 1064 propter
1898 989 2244 1046 immunita-

577 1090 695 1141 tem
721 1102 757 1142 a
778 1090 1021 1157 peccato
1041 1083 1371 1152 confidens,
1394 1083 1534 1139 hinc
1556 1082 1806 1155 quidem
1831 1085 2078 1137 ornatus
2097 1084 2241 1136 tem-

573 1173 658 1246 pli
686 1174 776 1228 sui
803 1189 1010 1229 curam
1036 1172 1229 1236 habet,
1257 1172 1399 1229 hinc
1419 1177 1621 1229 autem
1649 1171 2079 1228 sacriﬁciorum
2107 1184 2238 1239 quae

569 1278 678 1335 per
703 1263 1062 1332 sanguinem
1081 1263 1242 1327 fiunt
1269 1262 1652 1334 rejectionem
1680 1260 2045 1318 manifestat.
2078 1259 2234 1313 Pras-

569 1355 732 1408 terea
759 1352 999 1408 instruit
1027 1367 1139 1408 nos
1165 1356 1228 1408 ut
1257 1367 1368 1424 pro
1397 1351 1655 1408 Ecclesia
1674 1350 1858 1406 libere
1885 1363 2159 1420 agamus.

637 1442 800 1498 Vers.
850 1446 932 1497 13.
975 1443 1053 1498 Et
1082 1443 1490 1499 --vocabitur.
1536 1441 1836 1513 Scriptum
1875 1444 1962 1495 est
1990 1439 2051 1494 in
2100 1453 2234 1509 pro-

565 1531 749 1603 pheta
780 1532 953 1588 lsaia.

639 1623 797 1677 Vers.
844 1622 928 1676 13.
981 1623 1089 1678 Vos
1119 1651 1187 1663 —
1220 1623 1532 1678 latronum.
1574 1621 1858 1676 Latrones
1897 1618 2231 1674 nominavit

565 1728 670 1767 eos
709 1712 812 1783 qui
851 1712 911 1767 in
951 1711 1052 1766 illo
1093 1711 1610 1782 cauponabantur,
1655 1709 1819 1781 quod
1860 1707 1937 1763 ad
1980 1708 2229 1763 modum

559 1800 862 1856 latronum
885 1800 1065 1856 lucris
1096 1801 1391 1856 inhiarent
1420 1817 1431 1855 :
1462 1801 1723 1856 latrones
1755 1797 2054 1870 siquidem
2080 1798 2228 1852 lucri

562 1889 845 1944 aviditate
887 1895 1184 1945 tenentur.
1227 1895 1341 1945 Aut
1379 1889 1523 1961 quia
1561 1905 1632 1944 ea
1653 1903 1789 1960 qum
1807 1886 2192 1941 vendebantu

2338 1883 2402 1932 τὰ
2474 1881 2778 1954 πωλούμενα
2847 1883 2899 1947 ἐξ
2961 1884 3198 1959 ἁρπαγῆς
3267 1890 3354 1937 καὶ
3416 1886 3705 1948 πλεονεξίας
3785 1883 3937 1944 ἦσαν.

557 1994 631 2035 ex
651 1979 868 2051 rapina
896 1980 990 2035 vel
1009 1981 1256 2036 avaritia
1283 1983 1471 2036 erant.
1497 1979 1562 2033 In
1581 1978 1838 2034 Jeremia
1859 1980 2056 2031 autem
2087 1975 2193 2030 scri

2335 1970 2416 2023 Ἐν
2474 1981 2545 2041 τῷ
2605 1972 2824 2045 Ἱερεμίᾳ
2891 1971 2948 2026 δὲ
3005 1979 3315 2048 γέγραπται,
3373 1979 3458 2033 Μὴ
3534 1976 3787 2034 σπήλαιον
3848 1977 3937 2048 λῃ-

555 2071 732 2139 ptum
789 2072 924 2126 est:
956 2071 1117 2127 Num
1169 2071 1452 2139 spelunca
1511 2070 1810 2124 latronum
1858 2065 2060 2120 domus
2104 2080 2224 2120 mea

555 2163 636 2214 est
665 2159 714 2193 πθ
745 2159 772 2214 ?

870 2284 1024 2339 CAP.
1062 2283 1240 2340 XLVI.
1268 2284 1356 2338 De
1385 2286 1547 2338 caecis
1577 2288 1631 2338 et
1659 2279 1904 2339 claudis.

623 2375 785 2429 Vers.
851 2374 936 2428 14.
986 2374 1164 2429 Et—
1215 2388 1308 2429 eos
1367 2371 1628 2429 Claudus
1674 2376 1763 2426 est
1800 2369 2042 2441 quiduis
2096 2383 2218 2424 non

549 2467 711 2519 recta
746 2462 825 2518 ad
857 2462 1135 2519 virtutem
1168 2461 1406 2517 incedit.
1441 2465 1507 2517 Et
1545 2477 1736 2516 caecus
1768 2464 1856 2514 est
1885 2458 2083 2514 omnis
2113 2458 2216 2530 qui

549 2551 717 2624 quod
748 2551 979 2608 bonum
1008 2556 1101 2607 est
1127 2568 1196 2607 ac
1234 2551 1554 2606 honestum
1594 2565 1714 2605 non
1746 2550 2021 2604 intuetur.

619 2641 782 2696 Vers.
827 2643 912 2697 15.
966 2641 1223 2698 Vz'dentes
1261 2672 1329 2681 —
1365 2641 1660 2710 indignati
1697 2644 1853 2695 sunt.
1902 2638 2215 2710 Dispensa-

547 2731 695 2786 torie
733 2731 1035 2787 ordinavit
1075 2732 1249 2794 Deus,
1307 2736 1372 2786 ut
1409 2731 1574 2802 pueri
1615 2744 1858 2801 quoque
1899 2727 2215 2783 laudarent

547 2835 685 2874 eum
715 2839 727 2878 :
763 2836 884 2892 quo
926 2819 1003 2876 ab
1042 2820 1208 2875 omni
1249 2819 1715 2875 contradictione
1755 2817 2212 2873 excluderentur

543 2908 753 2975 Judaei,
789 2909 1058 2965 videntes
1087 2908 1243 2964 ﬁlios
1276 2908 1378 2981 qui
1410 2907 1572 2980 apud
1604 2923 1665 2963 se
1706 2906 1942 2964 fuerant
1972 2906 2206 2961 enutriti

543 3013 612 3053 ac
644 2998 937 3064 instructi,
971 2999 1314 3054 mirabiliter
1344 3014 1414 3054 ac
1445 2996 1978 3070 supernaturaliter
2011 3001 2203 3051 motos

538 3086 618 3143 ad
656 3087 864 3144 Christi
901 3087 1165 3144 laudem.
1215 3089 1429 3143 Verum
1468 3087 1548 3142 illi
1581 3093 1715 3142 sunt
1749 3102 1822 3142 ex
1859 3085 1974 3140 hoc
2017 3083 2202 3140 multo

538 3177 1030 3249 impudentiores,
1060 3183 1240 3250 atque
1269 3176 1494 3233 invidia
1524 3176 1748 3247 dirupti
1789 3175 2115 3230 insaniunt.

607 3357 770 3411 Vers.
801 3357 890 3412 16.
913 3356 991 3411 Et
1031 3387 1099 3394 —
1133 3357 1294 3410 dicnl
1320 3355 1348 3409 ?
1380 3355 1422 3409 Ο
1446 3353 1881 3425 impudentiam
1914 3351 1925 3406 l
1952 3367 2195 3424 aequum

531 3446 729 3517 potius
773 3451 898 3501 erat
947 3451 1010 3499 ut
1054 3445 1270 3500 diceret
1315 3445 1395 3499 eis
1451 3444 1748 3499 Christus:
1783 3442 2009 3498 Auditis
2055 3443 2194 3514 quid

531 3533 738 3590 dicunt
765 3534 824 3589 hi
862 3534 970 3588 filii
1005 3533 1202 3598 vestri,
1233 3534 1336 3606 qui
1383 3550 1477 3588 me
1515 3549 1826 3606 nunquam
1876 3531 2198 3587 viderunt?

2355 811 2470 869 τοὺς
2514 811 2783 883 ῥηθέντας,
2842 818 2929 864 καὶ
2973 816 3036 865 τά
3081 813 3326 888 ρηθέντα,
3373 820 3466 872 τήν
3510 833 3563 866 τε
3593 817 3727 866 κατὰ
3755 815 3944 867 πάντων

2354 895 2611 964 ἐξουσίαν,
2673 904 2733 958 ἤν
2788 904 2856 963 ὡς
2928 906 3058 962 Θεὸς
3115 902 3248 975 εἶχε,
3310 912 3684 978 παραγυμνῶν,
3751 909 3837 957 καὶ
3885 914 3940 978 τῇ

2354 984 2726 1062 ἀναμαρτησίᾴ
2804 991 3155 1066 τεθαρρηκώς·
3215 997 3304 1044 καὶ
3366 1001 3519 1045 τούτο
3559 995 3672 1066 μὲν,
3731 1000 3820 1054 τῆς
3874 994 3944 1046 εύ-

2349 1081 2575 1149 κοσμίας
2646 1086 2736 1130 τοῦ
2806 1080 2992 1132 οἰκείου
3058 1090 3182 1134 ναοῦ
3263 1086 3562 1156 φροννίζων·
3639 1089 3791 1134 τοῦτο
3869 1079 3941 1152 δέ,

2347 1163 2625 1238 προδηλῶν
2697 1173 2790 1227 τὴν
2857 1169 3072 1229 ἐκϐολὴν
3148 1181 3245 1222 τῶν
3315 1167 3384 1224 δι’
3456 1173 3676 1245 αἵματος
3736 1173 3938 1224 θυσιῶν·

2346 1264 2498 1308 τούτο
2548 1254 2606 1309 δὲ
2653 1263 2742 1309 καὶ
2795 1255 3054 1311 παιδεύων
3101 1262 3255 1333 ἡμᾶς,
3303 1263 3430 1336 ὑπὲρ
3480 1269 3574 1323 τῆς
3638 1259 3941 1324 Ἐκκλησίας

2345 1345 2833 1420 παρρησιάζεσθαι.

2418 1439 2516 1487 Καὶ
2574 1467 2641 1477 -—
2708 1437 3050 1496 κληθήσεται.
3113 1443 3408 1514 Γέγραπται
3463 1438 3511 1492 ἐν
3568 1449 3639 1512 τῷ
3705 1445 3936 1515 προφήτῃ

2341 1523 2398 1576 Ἠ
2410 1527 2553 1596 σαῖᾳ.

2413 1616 2582 1687 Ὑμεῖς
2666 1647 2736 1654 -
2813 1615 2873 1687 λῃ
2885 1625 3038 1668 στῶν.

2341 1703 2479 1773 αὐτῷ
2537 1704 2942 1771 καπηλεύοντας,
3012 1703 3104 1758 διὰ
3178 1710 3235 1758 τό
3305 1708 3497 1778 ὁμοίως
3565 1716 3671 1769 τοῖς
3729 1708 3941 1781 λῃσταῖς

2340 1790 2684 1868 φιλοκερδεῖν,
2753 1797 2817 1846 Οἱ
2871 1795 3063 1868 λῃσταὶ
3118 1801 3218 1871 γὰρ
3277 1792 3618 1869 φιλοκερδεῖς.
3673 1796 3741 1850 Ἠ
3803 1794 3940 1850 διότι

3112 1621 3328 1690 Λῃστάς
3401 1618 3637 1691 ὠνόμασε
3709 1623 3829 1680 τοὺς
3896 1618 3940 1671 ἓν

2338 2069 2469 2111 στῶν
2497 2062 2521 2111 ὀ
2550 2058 2685 2121 οἶκός
2719 2066 2819 2134 μού
2848 2061 2985 2129 ἐστι;

2548 2321 2690 2367 ΚΕΦ.
2728 2313 2850 2378 Μς·’.
2881 2319 3006 2386 Περὶ
3030 2311 3130 2366 τῶν
3157 2315 3359 2388 τυφλῶν
3389 2321 3480 2368 καὶ
3511 2317 3718 2389 χωλῶν.

2404 2407 2504 2454 Καὶ
2561 2434 2617 2443 —
2673 2404 2881 2465 αὐτοὺς.
2937 2404 3116 2466 Χωλός
3168 2403 3279 2457 ἔστι
3321 2411 3410 2458 καὶ
3440 2412 3538 2467 πᾶς
3568 2408 3593 2458 ό
3629 2411 3700 2479 μὴ
3740 2405 3938 2479 βαίνων

2329 2490 2459 2564 ὀρθὰ
2510 2496 2636 2566 πρὸς
2685 2492 2890 2568 ἀρετήν’
2937 2493 3126 2566 τυφλός
3173 2495 3288 2567 (46)
3335 2494 3450 2548 ἔστι
3497 2501 3587 2548 καὶ
3633 2503 3734 2558 πᾶς
3779 2497 3805 2547 ὁ
3866 2501 3936 2570 μὴ

2325 2588 2452 2632 νοῶν
2481 2585 2539 2632 τὸ
2568 2581 2743 2636 καλόν.

2395 2666 2609 2730 ’ἰδόντες
2683 2702 2749 2711 -
2817 2673 3212 2742 ἠγανάκτησαν.
3279 2672 3630 2746 ’ῼκονόμησεν
3684 2676 3709 2726 ό
3778 2679 3936 2745 Θεὸς,

2321 2764 2411 2811 καὶ
2448 2763 2569 2821 τοὺς
2619 2757 2819 2821 παῖδας
2863 2762 3097 2834 ὑμνῆσαι
3148 2762 3325 2830 αὑτὸν,
3381 2764 3462 2815 ἵνα
3509 2766 3687 2826 πάσης
3733 2763 3940 2818 ἀντιλο-

2318 2852 2440 2918 γίας
2493 2847 2905 2902 ἀποκλεισθῶσιν
2953 2847 3227 2918 Ἰουδαῖοι,
3286 2851 3562 2925 βλέποντες
3617 2855 3685 2905 τὰ
3741 2856 3940 2926 ἔκγονα

2319 2937 2509 3005 αὐτῶν,
2559 2941 2627 2990 τὰ
2668 2940 2791 3013 παρ’
2834 2939 3012 3002 αὐτοῖς
3060 2946 3345 3014 τρεφόμενα
3404 2947 3494 2994 καὶ
3546 2938 3932 3015 παιδευόμὶνοι,

2313 3031 2586 3100 κινούμενα
2630 3032 2755 3103 πρὸς
2811 3029 2968 3101 ὕμνον
3016 3037 3106 3082 τοῦ
3165 3038 3401 3105 Χριστοῦ
3458 3028 3766 3106 παραδόξως
3840 3037 3936 3086 καὶ

2310 3117 2608 3190 ὑπερφυῶς·
2666 3119 2713 3170 οἱ
2763 3115 2823 3170 δὲ
2873 3115 3218 3194 σφοδρότερον
3271 3119 3457 3173 μᾶλλον
3499 3119 3933 3193 ἀναισχυντοῦσι

2309 3211 2494 3277 καὶτῷ
2534 3208 2701 3279 φθόνῳ
2734 3203 3178 3280 ὃιαῤῥηγνύμενοι
3209 3213 3500 3281 μαίνονται.

2382 3318 2481 3365 Καὶ
2544 3345 2604 3355 --
2662 3312 2945 3386 λέγουσιν;
2999 3313 3071 3367 ’Ὠ
3124 3324 3213 3376 τῆς
3275 3313 3588 3379 ἀναιδείαςξ
3643 3321 3727 3370 τὸν
3777 3325 3928 3394 Χρι-

2310 3405 2430 3453 στὸν
2497 3401 2633 3464 εἰκὸς
2705 3399 2764 3460 ἧν
2844 3404 3002 3457 εἰπεῖν
3079 3408 3204 3480 πρὸξ
3285 3406 3490 3474 αὐτοὺς,
3559 3405 3796 3460 Ἀκούετε
3878 3415 3931 3462 τί

2305 3491 2447 3543 οὗτοι
2506 3497 2763 3563 λέγουσιν,
2823 3495 2871 3544 oi
2922 3490 3111 3556 παῖδες
3169 3496 3331 3568 ὑμῶν,
3406 3498 3454 3548 οἱ
3519 3493 3785 3569 μηδέποτέ
3859 3519 3928 3572 με

2307 3582 2612 3652 θεασάμενοι
2637 3600 2654 3651 ;

603 3678 766 3731 Vers.
807 3682 889 3731 16.
922 3678 1084 3732 Jes-us
1106 3683 1301 3733 autem
1327 3709 1395 3717 ——
1424 3678 1643 3749 utique.
1679 3676 1956 3740 Omnino,
1982 3675 2187 3746 inquit,

529 3766 733 3822 audio.
771 3769 833 3822 Et
871 3768 1014 3838 quia
1055 3767 1380 3839 plurimum
1419 3768 1797 3838 impudentes
1837 3771 2006 3821 erant
2044 3766 2190 3821 sicut

528 3855 810 3923 diximus,
832 3856 1384 3926 increpatoriausus
1402 3861 1489 3911 est
1509 3857 1925 3929 responsione,
1943 3856 2146 3910 dicens
2172 3873 2182 3911 :

517 4020 520 4022 γ
597 3948 756 4002 Vers.
804 3952 886 4002 17.
933 3948 1250 4019 Nunquam
1291 3979 1360 3987 ——
1403 3948 1685 4004 laudem?
1732 3947 1915 4004 David
1959 3946 2185 4003 dictum

515 4023 633 4114 est,
667 4053 788 4108 quo
811 4053 881 4093 ea
901 4055 1036 4110 qua:
1069 4044 1207 4093 tunc
1224 4038 1445 4094 ﬁebant
1474 4037 1955 4110 prophetaverat.
1979 4037 2182 4108 Itaque

524 4131 764 4198 stupore
814 4126 1230 4199 plenissimum
1287 4135 1373 4183 est
1418 4127 1533 4183 hoc
1583 4126 1965 4182 miraculum.
2020 4128 2182 4183 Tunc

520 4217 681 4272 enim
729 4217 945 4272 chorus
991 4234 1316 4290 puerorum
1347 4217 1692 4272 laetantium
1732 4216 1885 4272 clare
1944 4215 2178 4272 locutus

518 4311 623 4363 est.
673 4305 982 4379 Siquidem
1031 4323 1151 4362 non
1203 4306 1544 4378 simpliciter
1603 4306 1769 4377 pueri
1827 4310 2014 4371 erant,
2073 4307 2176 4362 sed

511 4396 677 4468 pueri
715 4396 972 4451 infantes
1009 4413 1078 4451 ac
1108 4397 1412 4452 lactentes.
1447 4395 1737 4451 Perfecisti
1771 4412 1932 4462 vero,
1967 4395 2024 4450 id
2068 4400 2173 4462 est,

511 4484 837 4555 perfectum
874 4502 943 4540 ex
986 4485 1333 4556 imperfecto
1375 4503 1475 4542 ore
1517 4486 1725 4541 fecisti.
1772 4488 1923 4540 Bene
1972 4492 2171 4542 autem

509 4572 693 4627 dixit:
722 4576 818 4629 Ex
838 4591 937 4630 ore
959 4577 1270 4643 infantium
1297 4593 1309 4641 ;
1336 4593 1476 4630 nam
1501 4593 1567 4630 os
1594 4581 1718 4630 erat
1738 4574 2079 4630 infantium.
2111 4577 2170 4630 Id

505 4670 706 4718 autem
745 4666 910 4736 quod
942 4665 1268 4731 dicebatur,
1315 4668 1586 4737 potentiae
1618 4667 1804 4738 ipsius
1845 4672 1990 4726 erat,
2031 4683 2166 4738 qua;

501 4753 782 4808 disertam
800 4754 1087 4810 reddebat
1105 4757 1490 4811 immaturam
1511 4757 1852 4810 lactentium
1873 4756 2160 4825 linguam.

498 4841 562 4896 Et
591 4843 706 4899 hoc
727 4861 964 4917 quoque
992 4846 1348 4901 miraculose
1378 4846 1600 4901 factum
1630 4851 1716 4900 est
1744 4846 1820 4900 ad
1842 4845 2161 4917 discipulo-

493 4950 627 4989 rum
647 4935 1139 5002 consolationem,
1168 4941 1230 4992 ut
1249 4935 1323 4992 de
1351 4936 1557 5008 seipsis
1581 4935 1966 5002 conﬁderent,
1993 4938 2158 5009 quod

489 5023 593 5095 qui
611 5023 899 5080 disertam
917 5024 1580 5081 feceratbalbutientem
1596 5025 1887 5096 linguam,
1927 5027 2157 5097 sapien-

491 5118 606 5169 tem
645 5115 821 5170 etiam
850 5117 1118 5171 facturus
1148 5118 1277 5170 erat
1306 5129 1516 5171 eorum
1547 5114 1888 5170 ruditatem.
1933 5118 2070 5173 Erat
2099 5122 2155 5175 et

481 5200 599 5258 hoc
622 5201 818 5274 ﬁgura
848 5204 1136 5274 gentium,
1169 5220 1306 5277 quae
1333 5220 1472 5261 cum
1502 5204 1582 5261 ad
1603 5203 1966 5275 theologiam
1989 5210 2044 5262 et
2067 5207 2151 5263 di-

479 5291 622 5347 vina
650 5293 838 5348 verba
872 5293 1258 5361 balbutirent,
1299 5298 1542 5366 repente
1578 5295 1664 5351 ita
1689 5294 1949 5367 perfecte
1987 5313 2145 5356 reso-

491 5385 736 5450 narunt,
767 5385 835 5438 ut
865 5382 944 5439 ab
977 5383 1260 5440 omnibus
1292 5383 1566 5442 exaudiri
1592 5391 1856 5458 possent.

545 5506 594 5541 7°
630 5506 844 5565 Jerem.
877 5525 972 5575 vn,
1009 5513 1101 5566 11.

2371 3689 2428 3739 Ὀ
2480 3684 2537 3740 δὲ
2588 3688 2791 3748 Ἰησοῦς
2852 3719 2916 3727 —-
2972 3693 3075 3745 ναί.
3127 3694 3252 3758 Ναὶ,
3313 3695 3497 3763 φησὶν,
3554 3691 3746 3747 ἀκούω.
3809 3689 3959 3747 Καί

2299 3776 2405 3830 ἐπεὶ
2460 3781 2592 3849 (47),
2656 3781 2723 3839 ὡς
2782 3780 2989 3850 ἔφημεν,
3056 3776 3264 3854 σφόδρα
3322 3782 3730 3854 ᾑναισχυντουν,
3795 3780 3920 3835 ἐπι-

2295 3867 2712 3939 πληκτικώτερον
2735 3872 2996 3939 κέχρηται
3024 3876 3086 3940 τῇ
3130 3868 3388 3943 ἀπολογίᾳ
3416 3870 3593 3943 λέγων·

2368 3953 2634 4008 Οὐδέποτε
2689 3988 2755 3996 ——
2815 3953 2952 4008 αἶνον
2999 3975 3012 4023 ;
3063 3965 3165 4010 Τοῦ
3237 3957 3405 4012 Δαυίὸ
3458 3963 3547 4033 μὲν
3602 3965 3660 4013 τό
3717 3963 3912 4037 ῥητὸν,

2293 4050 2606 4118 προεφήτευε
2655 4041 2714 4098 δέ
2770 4048 2834 4098 τὰ
2878 4055 3167 4104 τηνικαῦτα
3208 4055 3472 4123 γινόμενα.
3514 4048 3914 4109 Ἐκπληκτικώ-

2291 4156 2442 4188 ται-ον
2510 4131 2596 4187 οὖν
2662 4137 2720 4188 τὸ
2792 4143 3026 4189 τοιοῦτον
3087 4139 3281 4211 θαῦμα.
3341 4144 3468 4192 Τότε
3527 4143 3629 4215 ’γὰρ
3693 4149 3912 4216 πρῶτον

2287 4228 2448 4300 χορὸς
2500 4221 2704 4277 παίδων
2759 4227 3062 4298 ύπομαζίων
3121 4237 3315 4301 τρανῶς
3371 4228 3672 4301 ἐφθέγξατο.
3752 4227 3912 4285 Οὐδὲ

2285 4317 2386 4388 γὰρ
2442 4313 2616 4374 ἁπλῶς
2672 4311 2806 4373 ἦσαν
2872 4313 3075 4382 παῖδες,
3136 4316 3263 4369 ἀλλὰ
3316 4314 3504 4379 παῖδες
3560 4323 3739 4374 νήπιοι
3801 4325 3906 4373 καὶ

2288 4403 2614 4466 θηλάζοντες.
2674 4411 2984 4480 Κατηρτίσω
3032 4402 3108 4473 δὲ,
3159 4404 3270 4457 ἀντὶ
3323 4414 3430 4472 τοῦε
3481 4405 3665 4458 τέλειον
3711 4403 3908 4465 ἐποίη-

2288 4512 2384 4554 σας
2423 4491 2475 4556 ἐξ
2520 4491 2728 4556 ἀτελοῦς
2775 4499 3053 4567 στόματος.
3109 4494 3290 4557 Καλῶς
3331 4492 3388 4548 δὲ
3433 4493 3587 4558 εἶπεν,
3633 4496 3719 4549 Ἐκ
3770 4503 3908 4551 στό-

2281 4603 2443 4655 ματος
2489 4589 2704 4641 νηπίων.
2760 4589 2828 4637 Τὸ
2885 4605 3056 4657 στομα
3098 4587 3199 4660 ’γὰρ
3238 4582 3297 4644 ἧν
3327 4595 3423 4637 τῶν
3467 4591 3684 4645 νηπίων·
3727 4590 3783 4639 τὸ
3835 4586 3909 4643 δὲ

2278 4673 2565 4745 λεγόμενον,
2613 4683 2703 4734 τῆς
2757 4671 3022 4745 δυνάμεως
3071 4675 3252 4746 αὐτοῦ,
3297 4680 3590 4751 τρανούσης
3628 4678 3740 4746 (48)
3791 4683 3906 4737 τὴν

2275 4763 2440 4837 ἄωρον
2506 4763 2748 4836 γλῶσσαν
2801 4774 2900 4816 τῶν
2961 4765 3306 4826 θηλαζόννων,
3369 4768 3901 4839 Ἐοαυματουργήθη

2274 4849 2332 4905 δὲ
2389 4862 2540 4906 τοῦτο
2593 4859 2681 4906 καὶ
2733 4858 2864 4928 πρὸς
2916 4855 3248 4929 παράκλησιν
3314 4865 3410 4908 τῶν
3469 4856 3736 4927 μαθητῶν,
3795 4857 3906 4912 ἵνα

2270 4941 2607 5016 θαρρήσωσιν
2683 4945 2809 5016 ὑπὲρ
2865 4943 3077 5012 ἑαυτῶν,
3149 4947 3216 5005 ὡς
3275 4945 3300 4994 ὁ
3365 4947 3459 5001 τὴν
3525 4941 3902 5014 Ψελλίζθυσαν

2263 5031 2508 5102 γλῶσσαν
2556 5039 2846 5106 τρανωσας,
2911 5037 3116 5104 σοφίσει
3170 5035 3258 5084 καὶ
3309 5035 3404 5089 τὴν
3460 5031 3724 5085 ἰδιωτείαν
3782 5037 3896 5089 αὖ-

2260 5129 2382 5179 τῶν,
2433 5120 2530 5174 Ἦν
2563 5118 2621 5175 δὲ
2651 5129 2801 5174 τοῦτο
2848 5126 2938 5174 καὶ
2976 5123 3133 5181 τύπος
3166 5128 3266 5172 τῶν
3311 5119 3465 5174 ἐθνῶν
3497 5123 3532 5174 ἂ
3559 5121 3902 5194 ψελλὶζοντα

2258 5205 2384 5285 πρός
2465 5211 2752 5283 θεολογίαν,
2845 5205 3108 5282 αἰφνίδιον
3192 5213 3412 5282 ἤχησαν
3504 5211 3689 5265 τέλειον
3779 5222 3898 5272 καὶ

2257 5299 2444 5364 ἑξάκου
2452 5319 2594 5355 στον.

1728 5617 1944 5687 Variae
1981 5621 2310 5688 lectiones
2355 5631 2422 5686 et
2461 5630 2665 5686 notae.

535 5737 658 5884 ἕως
691 5742 772 5805 Δέ,
801 5740 1126 5814 interponit
1153 5747 1222 5797 A.

561 5812 627 5867 47
683 5809 924 5881 Ἐπειδὴ,
949 5827 1062 5884 pro
1099 5817 1222 5882 ἐπεί,

561 5809 655 5884 47)
683 5809 924 5881 Ἐπειδὴ,
949 5809 1062 5886 pro
1099 5817 1227 5882 ἐπεί,
1259 5817 1326 5869 Α.

2302 5744 2418 5817 (48)
2443 5749 2525 5815 Ae‘,
2559 5744 2727 5802 addit
2757 5748 2826 5802 A.
