4178 6438
184 461 284 518 557

1180 456 1539 521 COMMENT.
1580 458 1648 516 IN
1686 455 2125 515 MATTHIEUM.
2165 489 2235 500 —
2265 458 2424 518 CAP.
2452 458 2603 519 XXI.

3461 462 3570 519 558

257 595 359 645 Καὶ
413 620 481 632 -
540 590 669 647 ἐκεῖ.
714 590 953 659 Ἐξῆλθε,
1015 591 1195 667 χαλῶν
1279 591 1456 653 αὐτοῖς
1511 591 1598 643 τὸν
1649 592 1795 660 ὄγκον

1982 585 2147 643 Vers.
2176 591 2259 643 l7.
2288 586 2456 642 Et—
2474 586 2624 645 illic.
2654 586 2857 643 Exivit
2884 588 2950 643 ut
2987 584 3240 643 affectus
3268 588 3571 644 tumorem

184 688 272 734 τοῦ
306 683 529 751 πάθους,
580 687 677 735 καὶ
739 681 995 736 σϐεννύων
1041 686 1134 742 τὴν
1177 683 1439 755 πυρκαῐόω
1484 687 1574 733 τοῦ
1613 680 1801 753 φθόνου

182 772 371 828 αὐτῶν.

397 941 548 990 ΚΕΦ.
581 933 714 991 ΜΖ’.
742 937 866 1010 Περὶ
890 942 986 997 τῆς
1015 934 1355 1009 ξηρανθείσης
1385 942 1572 997 συκῆς.

252 1110 460 1181 Πρωῖας
532 1138 605 1147 -
693 1114 854 1167 συκῆ.
922 1106 1061 1161 Ἐπεὶ
1144 1110 1237 1166 τὴν
1312 1109 1403 1180 μεν
1478 1106 1799 1182 εῦεργετικὴν

175 1197 340 1251 αὐτοῦ
399 1195 631 1271 δύναμιν
682 1197 927 1259 πολλάκις
982 1193 1279 1261 ἐπεδείξατο
1338 1218 1349 1231 ·
1412 1202 1505 1257 τὴν
1542 1194 1596 1253 δλε
1642 1218 1801 1270 τιμω-

174 1292 402 1361 ρητικὴν
457 1283 576 1339 οὐδ’
635 1287 797 1354 ἅπαξ,
851 1285 1021 1351 δεῖξαι
1073 1286 1251 1341 λοιπὸν
1286 1292 1376 1341 καὶ
1431 1290 1627 1346 ταύτην
1674 1286 1799 1361 βου-

174 1378 374 1448 ληθεὶς,
426 1380 515 1431 ἱνα
568 1376 906 1453 θαρρήσωσιν
975 1380 1026 1431 οἱ
1078 1380 1313 1450 μαθηταὶ
1359 1377 1649 1444 κάντεῦθεν,
1719 1380 1800 1431 ὅτι

177 1465 403 1529 δυνατός
463 1467 611 1519 ἐστιν
667 1465 973 1540 ἀμύνασθαι
1036 1470 1154 1528 τοὺς
1201 1465 1625 1529 ἐπιϐουλεύοντας
1672 1467 1800 1521 Ἰου-

176 1555 386 1622 δαίους,
453 1562 549 1609 καὶ
601 1557 680 1609 ὅτι
728 1556 823 1608 οὐκ
877 1557 938 1608 ἄν
982 1575 1105 1609 ποτε
1156 1558 1335 1624 πάθοι,
1377 1562 1448 1629 μὴ
1501 1556 1674 1623 θέλων,
1728 1558 1799 1619 εἰς

174 1649 451 1722 ἄνθρωπον
511 1649 605 1719 μὲν
677 1646 771 1698 οὐκ
810 1642 1166 1700 ἐπιδείκνυται
1228 1649 1442 1714 ταύτην,
1501 1649 1569 1708 ὡς
1622 1646 1797 1720 φιλάν-

176 1738 403 1812 θρωπος,
458 1737 530 1798 εἰς
558 1740 618 1789 τὸ
649 1739 807 1809 φυτὸν
859 1732 937 1790 δέ.
976 1739 1063 1790 Διό
1116 1741 1205 1789 καὶ
1238 1736 1634 1810 σχηματίζεται
1678 1737 1795 1809 (49)

170 1833 371 1899 πεινᾷν,
424 1830 521 1879 καὶ
563 1829 781 1903 ἔρχεται
813 1829 943 1903 πρὸς
994 1831 1087 1886 τήν
1137 1834 1323 1894 συκῆν,
1373 1826 1416 1879 εἰ
1444 1828 1548 1902 ἄρα
1587 1827 1796 1900 εὑρήσει

1910 675 1975 731 in
1994 675 2109 732 illis
2121 676 2460 747 remitteret,
2473 680 2530 734 et
2540 692 2861 735 accensum
2875 674 3113 732 invidias
3126 690 3337 733 eorum
3362 674 3570 749 ignem

1910 765 2326 837 exstingueret.

2176 924 2334 983 CAP.
2366 926 2577 984 XLVII.
2604 927 2688 985 De
2713 928 2837 998 ﬁcu
2864 942 2992 1001 quae
3027 926 3289 985 exaruit.

1980 1089 2136 1144 Vers.
2169 1087 2253 1153 18,
2284 1088 2458 1144 Mane
2482 1119 2551 1129 —
2574 1090 2727 1145 Vers.
2760 1089 2848 1145 19.
2868 1087 3202 1159 ﬁcus.Quia
3226 1088 3569 1163 frequenter

1908 1176 2429 1234 demonstraverat
2483 1178 2811 1251 potentiam
2868 1194 3058 1245 suam,
3116 1193 3241 1252 qua
3279 1178 3572 1237 beneﬁcia

1908 1267 2257 1339 praestabat,
2295 1282 2568 1323 severam
2599 1271 2798 1325 autem
2850 1274 2905 1323 et
2948 1266 3189 1324 ultionis
3218 1267 3568 1325 inﬂictiVam

1908 1371 1984 1412 ne
2015 1355 2198 1413 semel
2251 1355 2519 1430 quidem,
2562 1358 2693 1429 jam
2746 1357 2926 1414 etiam
2983 1356 3392 1415 demonstrare
3433 1374 3569 1415 eam

1907 1445 2177 1516 intendit,
2212 1451 2274 1503 ut
2302 1446 2399 1503 hic
2415 1461 2656 1520 quoque
2685 1446 2963 1519 discipuli
2986 1445 3378 1514 conﬁderent,
3400 1447 3571 1520 quod

1907 1540 2123 1607 potens
2149 1541 2305 1592 esset
2333 1534 2535 1591 ulcisci
2584 1535 2937 1593 insidiantes
2980 1535 3238 1601 Iudaeos,
3286 1538 3571 1608 quodque

1908 1638 2035 1681 non
2057 1630 2361 1698 pateretur
2384 1640 2508 1681 non
2538 1624 2764 1681 volens.
2824 1625 2989 1681 Hanc
3018 1629 3216 1681 autem
3270 1625 3333 1681 in
3379 1625 3572 1682 homi-

1906 1728 2045 1769 nem
2086 1729 2209 1769 non
2236 1717 2486 1779 exercet,
2513 1718 2713 1785 utpote
2744 1713 3061 1769 hominum
3093 1717 3345 1779 amator,
3375 1713 3481 1770 sed
3504 1714 3568 1771 in

1905 1801 2197 1874 plantam.
2232 1801 2372 1859 Ideo
2417 1818 2478 1858 se
2503 1802 2675 1858 ﬁnxit
2698 1802 2946 1871 esurire,
2976 1806 3035 1859 et
3062 1803 3221 1859 venit
3247 1802 3326 1858 ad
3356 1802 3562 1875 ﬁcum,

171 1936 220 1968 τι
276 1915 328 1968 ἐν
391 1917 556 1989 αὐτῇ,
605 1918 783 1978 καθὼς
838 1912 947 1970 εἶπε
997 1918 1231 1992 Μάρκος,
1279 1920 1453 1969 καίτοι
1503 1922 1791 1987 γινώσκων,

1910 1892 1959 1947 si
1984 1890 2132 1948 forte
2157 1892 2215 1947 in
2247 1907 2321 1948 ea
2356 1891 2668 1965 quidpiam
2714 1891 3028 1961 inveniret,
3062 1892 3217 1948 sicut
3243 1890 3394 1948 dixit
3418 1893 3564 1949 Mar-

1916 1997 2009 2002 μ--
2039 1982 2086 2002 ..η
2175 1981 2332 2002 ..μηε
2381 1981 2600 2002 ,,ε,ι,.
2659 1997 2712 2002 _-
2746 1981 2896 2002 ,ειη
2928 1982 2982 2002 ,Δ
3045 1996 3100 2002 -_
3146 1980 3520 2002 ._____,______-

173 2007 235 2069 ὡς
266 2006 379 2079 οὐχ
412 2008 652 2081 εὑρήσει.
702 2010 803 2059 Καὶ
859 2013 1012 2059 τοῦτο
1041 2008 1139 2079 γὰρ
1195 2007 1351 2068 αὐτὸς
1400 2007 1551 2069 οὗτος
1588 2008 1614 2058 ὁ
1644 2010 1797 2083 Μάρ-

175 2117 254 2158 κος
311 2101 517 2170 εἷρηκε,
586 2097 837 2170 προσθείς
892 2114 906 2129 ⁸
967 2098 1048 2149 ὅτι
1101 2095 1211 2149 Οὐκ
1255 2093 1317 2155 ἦν
1368 2101 1547 2171 καιρὸς
1601 2098 1792 2149 σύκων.

176 2192 274 2240 Καὶ
328 2194 506 2239 ταῦτα
559 2185 848 2239 πλάττεται
891 2190 1003 2239 κατ’
1053 2185 1368 2260 οἰκονομὶαν,
1432 2188 1515 2239 ἵνα
1570 2186 1794 2260 εῦαφόρ-

169 2299 287 2350 μως
345 2276 436 2328 ἐπὶ
501 2280 588 2335 τήν
648 2278 1075 2351 θαυματουργίαν
1122 2275 1266 2350 ἔλθη.
1316 2280 1417 2331 Καὶ
1467 2276 1604 2349 λόγῳ
1657 2281 1794 2349 μόνῳ

168 2365 417 2440 ξηραίνει
664 2371 760 2424 τὴν
812 2374 1006 2436 ουκῆν,
1061 2370 1152 2419 καὶ
1205 2364 1401 2419 δείκνσι
1488 2370 1582 2425 τὴν
1635 2386 1795 2439 τιμω-

163 2460 394 2531 ρητικὴν
424 2454 589 2508 αὐτοῦ
640 2451 887 2530 δύναμιν,
928 2458 997 2518 ὡς
1041 2452 1102 2515 ἧν
1153 2458 1293 2528 αὐτῷ
1342 2460 1557 2518 σκοπός.
1595 2458 1795 2529 Ξηραί-

162 2567 231 2601 νει
257 2542 319 2599 δέ
382 2547 446 2598 τὸ
500 2545 778 2619 ὑγρότερον
809 2552 910 2598 τῶν
960 2544 1123 2599 ἄλλων
1154 2554 1343 2619 φυτῶν,
1377 2548 1462 2599 ἵνα
1501 2551 1589 2598 καὶ
1616 2546 1795 2619 μεῖζον

163 2641 215 2691 τὸ
265 2639 453 2712 θαῦμα
506 2640 748 2708 γένηται.
827 2638 914 2695 Μὴ
993 2641 1164 2689 τοίνυν
1218 2634 1580 2710 ἀκριϐολογοῦ,
1646 2634 1794 2689 διατί

161 2733 521 2803 τετιμὼρῃται
570 2728 631 2778 τὸ
682 2728 856 2798 φυτὸν,
910 2724 1138 2779 ἀναίτιον
1198 2730 1269 2793 ἄν,
1321 2725 1451 2779 ἀλλὰ
1507 2730 1659 2800 μόνον
1699 2729 1795 2801 ὅρα

664 2371 760 2424 τὴν
812 2374 1006 2436 ουκῆν,
1061 2370 1152 2419 καὶ
1205 2362 1401 2419 δείκνσι

160 2820 213 2869 τὸ
252 2820 460 2892 θαῦμα,
518 2820 611 2870 καὶ
671 2815 907 2889 θαύμαζε
963 2818 1050 2869 τὸν
1105 2817 1520 2891 θαυματουργόψ
1561 2823 1793 2890 Τετιμώ-

160 2928 321 2981 ρηται
374 2910 483 2984 γὰρ
570 2903 709 2980 (31),
789 2905 893 2979 οὐχ
980 2906 1050 2969 ὡς
1137 2905 1469 2982 ἁμαρτῆσαν,
1527 2904 1633 2958 ἀλλ’
1712 2908 1795 2960 ἵνα

159 3000 414 3070 μάθωσιν
443 2999 494 3049 οἱ
525 2995 949 3062 ἀκολουθοῦντες,
995 2996 1075 3048 ὅτι
1104 3000 1194 3049 καὶ
1242 2996 1476 3061 κολάζειν
1503 2997 1528 3049 ὀ
1556 3000 1789 3071 Χριστὸς

163 3084 427 3140 δύναται.

236 3324 409 3391 [Σνκῆ
447 3320 589 3391 (5'2),
618 3317 826 3391 φύλλοις
849 3326 1071 3393 κομῶσαι
1102 3321 1300 3391 μόνοις,
1333 3320 1362 3378 ἡ
1403 3326 1504 3372 τῶν
1529 3316 1791 3372 Ἰουδοίων
1827 3300 1869 3357 C

164 3413 479 3484 Συναγωγή,
567 3411 767 3481 καρπὸν
991 3403 1334 3471 δικαιοσύνης
1418 3408 1512 3462 οὐκ
1566 3412 1789 3483 ἔχουσα,

159 3507 322 3573 μάτην
418 3495 484 3552 δ¹¹ε
532 3502 631 3557 τὴν
710 3507 811 3550 τῶν
857 3496 1255 3573 πεπλανημένων
1312 3498 1452 3558 ἠθῶν
1516 3495 1791 3570 ἐπίδειξιν,

158 3595 220 3651 ὡς
268 3590 464 3664 φύλλα,
526 3586 941 3662 προϐαλλομένη.
982 3587 1049 3641 Ἦ
1102 3593 1193 3642 καὶ
1222 3588 1404 3653 ἄλλως,
1457 3590 1490 3647 ἠ
1536 3589 1586 3640 ἐν
1618 3596 1794 3650 σκιαῖς

154 3685 260 3733 ’καὶ
310 3682 509 3741 τύποις
563 3684 882 3749 σωματικοῖς
933 3685 1025 3732 τοῦ
1090 3682 1251 3752 νόμον
1305 3678 1533 3755 λατρεία,
1587 3684 1676 3733 καὶ
1729 3682 1795 3733 τὰ

162 3766 434 3824 ἰουδαὰὰ
472 3768 954 3843 παρατηρήματα.]

228 3864 337 3913 Καὶ
394 3890 472 3899 ——
526 3866 716 3926 συκῆς
778 3853 1018 3925 Ἰδόντες,
1105 3858 1200 3911 οὐκ
1254 3857 1465 3916 αὐτίκα.
1540 3857 1674 3911 ἀλλὰ
1725 3866 1787 3931 τῇ

162 3949 433 4026 ἐπαύριον.
506 3944 665 4019 Λέγει
741 3950 842 4022 γὰρ
908 3950 936 4001 ὁ
989 3949 1223 4024 Μάρκος,
1286 3950 1367 4001 ὅτι
1422 3952 1523 4002 Καὶ
1567 3951 1649 4002 ὅτε
1694 3948 1791 4020 ὀψε

161 4038 376 4110 ἐγένετο,
439 4039 770 4112 ἐξεπορεύετο
846 4039 941 4101 ἔξω
1024 4047 1119 4101 τῆς
1196 4038 1409 4101 πόλεως·
1474 4043 1572 4092 Καὶ
1648 4043 1791 4112 τι·ρωῖ

164 4133 678 4204 παραπορευόμενοι,
795 4124 933 4181 εἶδον
1036 4133 1134 4187 τὴν
1245 4137 1413 4189 συκῆν
1491 4129 1786 4203 ἐξηραμμέ-

162 4240 261 4289 pm
323 4220 381 4273 ἐκ
468 4219 654 4293 ῥιζῶν.
739 4222 841 4272 Καὶ
907 4217 1257 4291 ἀναμνησθεὶς
1314 4220 1345 4270 ὁ
1402 4223 1598 4292 Πέτρος
1652 4219 1788 4291 λέγει

162 4311 317 4383 αὐτῷ·
377 4308 593 4376 Ῥαϐϐὶ,
674 4309 703 4361 ὃ
788 4308 927 4378 ἔστι,
986 4304 1306 4377 διδάσκαλε,
1390 4306 1476 4363 ἳὸε
1532 4311 1563 4369 ἠ
1626 4318 1784 4379 συκῆ,

160 4402 218 4459 ἓν
268 4402 597 4476 κατηράσω,
697 4397 992 4474 ἰξὴρανται.
1088 4397 1468 4472 Ἀναμνησθεὶς
1516 4401 1618 4474 γὰρ
1692 4408 1787 4461 τῆς

158 4496 412 4567 κατάρας,
450 4486 649 4552 ἔδειξεν
677 4488 818 4559 αὐτῷ
843 4492 939 4547 τὴν
970 4496 1159 4548 συκῆν.

226 4582 429 4654 Ἀποκρ
440 4582 575 4641 aea;
680 4609 747 4620 —
855 4584 975 4650 ’γενὴ
985 4598 1152 4634 σεται.

1267 4579 1346 4635 Τὰ
1443 4579 1786 4654 παραπλήσια
1822 4618 1855 4653 ιθ,

1908 1997 2011 2038 cus
2038 1982 2112 2038 ⁸ο.
2162 1981 2337 2055 Atqui
2377 1981 2604 2039 sciebat
2656 1997 2719 2038 se
2746 1981 2899 2038 nihil
2928 1982 2989 2037 in
3038 1996 3110 2038 ea
3146 1980 3556 2039 inventurum.

1906 2074 2056 2127 Nam
2079 2076 2136 2128 et
2163 2070 2280 2128 hoc
2306 2071 2452 2128 dixit
2507 2074 2754 2139 Marcus,
2788 2071 3021 2128 addens
3053 2070 3223 2143 quod
3268 2086 3394 2128 non
3440 2075 3570 2129 erat

1907 2165 2141 2234 tempus
2162 2161 2391 2217 ﬁcuum
2424 2161 2493 2216 ⁸³.
2526 2160 2959 2234 Dispensatorie
2996 2165 3187 2216 autem
3235 2160 3364 2216 haec
3402 2160 3569 2218 efﬁn-

1905 2251 2009 2316 xit,
2045 2254 2108 2307 ut
2152 2254 2293 2323 apta
2341 2250 2654 2307 occasione
2704 2250 2784 2307 ad
2840 2249 3111 2305 miraculi
3155 2250 3569 2321 operationem

1907 2339 2256 2409 descendat,
2291 2339 2537 2413 soloque
2568 2339 2753 2396 verbo
2780 2339 2967 2395 ﬁcum
2994 2353 3261 2395 arescere
3290 2338 3492 2405 faciat,
3511 2344 3570 2397 et

1906 2445 2082 2486 suam
2110 2429 2448 2502 pnnitivam
2497 2429 2779 2486 ostendat
2842 2429 3193 2501 potentiam,
3244 2430 3395 2486 sicut
3436 2431 3567 2502 ejus

1904 2518 2196 2575 intentum
2227 2524 2371 2576 erat.
2400 2518 2656 2577 Arefacit
2690 2534 2928 2592 quoque
2955 2519 3243 2591 plantam,
3281 2536 3413 2592 quas
3442 2535 3568 2594 prm

1906 2608 2129 2664 caeteris
2158 2609 2439 2680 majorem
2478 2608 2661 2665 habet
2722 2608 3066 2676 humorem,
3113 2613 3178 2665 ut
3234 2609 3434 2681 majus
3462 2611 3569 2668 ﬁat

1905 2697 2280 2756 miraculum.
2313 2701 2390 2755 Ne
2408 2713 2551 2769 ergo
2573 2698 2862 2771 inquiras,
2878 2714 2984 2753 cur
3006 2699 3219 2770 punita
3239 2698 3313 2756 sit
3335 2700 3565 2773 planta,

1904 2803 2041 2860 quae
2070 2786 2218 2844 nihil
2248 2787 2600 2854 oﬁ‘enderat,
2638 2787 2741 2845 sed
2804 2788 2999 2844 solum
3026 2787 3259 2845 intuere
3308 2791 3569 2847 miracu-

1902 2876 2051 2942 lum,
2084 2892 2345 2950 eumque
2376 2877 2675 2934 admirare
2720 2876 2827 2949 qui
2878 2882 3160 2949 operatus
3212 2882 3320 2935 est.
3356 2879 3565 2938 Punite

1904 2967 2086 3032 enim,
2168 2982 2293 3022 non
2372 2966 2539 3039 quod
2592 2967 2942 3040 peccaverit,
3005 2965 3110 3021 sed
3166 2971 3231 3023 ut
3272 2968 3568 3025 discerent

1905 3055 2003 3128 qui
2034 3054 2460 3128 sequebantur,
2510 3055 2678 3127 quod
2725 3054 2905 3111 etiam
2971 3054 3260 3113 ultionem
3324 3074 3564 3115 sumere

1903 3149 2107 3215 posset
2142 3144 2425 3201 Christus.

1974 3237 2015 3304 -ι-
2037 3235 2207 3290 Ficus
2237 3233 2382 3290 solis
2406 3238 2615 3291 ornata
2638 3233 2814 3300 foliis,
2842 3234 3191 3291 Judeeorum
3218 3239 3343 3292 erat
3365 3238 3563 3308 Syna-

1904 3337 2082 3395 goga,
2113 3322 2377 3379 fructum
2405 3338 2530 3380 non
2553 3323 2785 3380 habens
2809 3324 3073 3395 justitite,
3109 3325 3215 3379 sed
3247 3329 3564 3382 consuetu-

1904 3411 2119 3469 dinum
2165 3412 2497 3470 efﬁctarum
2549 3414 3028 3481 ostentationem,
3072 3418 3365 3487 tanquam
3422 3414 3564 3471 folia

1903 3502 2258 3574 producens.
2292 3502 2389 3559 vel
2418 3502 2598 3559 etiam
2642 3502 2809 3559 aliter
2834 3519 2847 3559 :
2875 3503 3077 3560 Cultus
3103 3502 3341 3559 divinus
3367 3503 3472 3577 qui
3500 3504 3561 3560 in

1903 3592 2135 3648 umbris
2160 3596 2217 3649 et
2262 3592 2477 3664 ﬁguris
2504 3590 2917 3665 corporalibus
2974 3596 3118 3659 erat,
3178 3608 3249 3649 ac
3297 3593 3562 3650 Judaicee

1904 3680 2374 3747 observationes,
2402 3685 2656 3755 possunt
2682 3682 2801 3737 dici
2830 3682 2978 3737 ficus
3010 3681 3131 3738 illa.

1973 3791 2143 3845 Vers.
2193 3790 2283 3844 20.
2312 3790 2392 3845 Et
2424 3818 2492 3828 —
2520 3791 2669 3859 ﬁcus
2700 3789 2729 3844 ’ἲ
2786 3789 3064 3845 Videntes
3099 3806 3113 3845 :
3173 3805 3296 3846 non
3337 3790 3560 3859 statim,

1901 3878 2008 3935 sed
2055 3878 2150 3935 die
2200 3879 2501 3951 sequenti.
2580 3879 2673 3935 Ait
2724 3879 2886 3935 enim
2941 3881 3170 3935 Marcus
3227 3895 3240 3935 :
3299 3879 3382 3935 Et
3434 3897 3564 3935 cum

1896 3970 2023 4038 iam
2034 3969 2199 4038 facta
2210 3974 2356 4025 esset
2372 3983 2637 4038 vespera,
2665 3967 3066 4040 egrediebatur
3077 3975 3252 4025 extra
3266 3968 3560 4026 civitatem

1896 4058 1977 4113 Et
2006 4073 2181 4114 mane
2224 4062 2671 4128 praetereuntes,
2731 4056 3006 4113 viderunt
3035 4060 3214 4127 ﬁcum
3263 4058 3563 4114 exaruisse

1897 4148 2201 4206 radicitus.
2259 4148 2742 4219 Recordatusque
2789 4148 3002 4203 Petrus
3050 4148 3133 4202 ait
3164 4147 3303 4201 illi:
3345 4148 3558 4214 Rabbi,

1898 4253 2028 4295 ecce
2050 4237 2188 4309 ﬁcus
2215 4254 2391 4310 quam
2422 4243 2750 4294 exsecratus
2795 4251 2873 4303 es,
2910 4235 3139 4292 exaruit
3168 4237 3236 4288 ⁸³.
3270 4234 3559 4293 Recorda-

1898 4332 1992 4386 tus
2018 4328 2178 4385 enim
2208 4326 2636 4384 exsecrationis
2664 4325 2920 4383 ostendit
2952 4326 3003 4382 ei
3028 4325 3233 4383 ﬁcum.

1967 4579 2125 4635 Vers.
2158 4579 2248 4637 21.
2279 4576 2644 4649 Respondens
2670 4609 2738 4617 —
2762 4579 2883 4648 ﬁet.
2920 4576 3146 4633 Similia
3183 4594 3422 4651 quoque
3458 4578 3554 4635 his

157 4676 354 4735 τούτοις
431 4672 547 4723 εἶπε
614 4673 706 4722 καὶ
768 4667 817 4720 ἐν
874 4677 946 4737 τῷ
992 4675 1293 4741 τριακοστῷ
1344 4671 1564 4742 πέμπτῳ
1628 4690 1784 4744 κεφα-

1910 4668 2041 4724 iixit
2083 4667 2379 4725 tricesimo
2436 4668 2644 4740 quinto
2692 4667 2903 4740 capite.
2960 4665 3169 4734 Quaere
3224 4667 3423 4740 itaque
3474 4667 3557 4724 ibi

158 4761 301 4835 λείῳ,
352 4766 453 4815 καὶ
496 4760 736 4821 ζήτησον
787 4757 891 4811 ἐκιί
944 4763 1039 4818 τὴν
1091 4756 1360 4831 ἐξήγησιν,
1403 4755 1480 4811 δι’
1514 4758 1577 4822 ἧς
1605 4766 1786 4832 γνοίης

162 4854 222 4903 ἄν
271 4858 363 4906 καὶ
411 4858 596 4904 ταῦτα
654 4856 855 4922 σαφῶς.
906 4850 1118 4923 Μάρκος
1176 4845 1239 4902 δέ
1290 4867 1470 4922 φησιν,
1527 4849 1787 4924 εἰρηκέναι

158 4948 244 4995 τὸν
281 4945 522 5006 Ἰησοῦν,
582 4939 663 4993 ὅτι
712 4938 811 5001 Ὃς
861 4940 923 4992 ἄν
976 4942 1092 5013 εἴπῃ
1151 4946 1226 5011 τῷ
1289 4943 1395 5014 ὄρει
1423 4941 1611 5012 τούτῳ,
1658 4946 1786 5013 Ἀρ-

158 5036 298 5105 θητι,
389 5036 491 5086 καὶ
580 5027 808 5103 βλήθητι
900 5028 969 5091 εἰς
1042 5035 1138 5088 τὴν
1218 5028 1509 5082 θάλασσαν·
1570 5034 1658 5082 καὶ
1710 5036 1784 5103 μή

158 5120 407 5200 διακριθῇ
506 5121 556 5174 ἐν
639 5126 705 5193 τῇ
780 5115 984 5193 καρδίᾳ
1059 5118 1242 5184 αὐτοῦ,
1325 5117 1453 5171 ἄλλὰ
1522 5120 1783 5194 πιστεύσῃ

309 5219 345 5269 οἱ
379 5215 532 5286 λέγει
630 5213 853 5283 ﬁmum,
930 5209 1081 5263 ἱσται
1152 5208 1295 5279 αὐτῷ
1374 5208 1421 5262 ,θ’
1490 5207 1580 5262 εὰν
1642 5212 1783 5284 εἴπῃ.

228 5398 277 5432 ⁸⁸
304 5397 490 5452 lare.
518 5405 605 5457 ιι,
642 5390 729 5448 12.
807 5389 855 5426 ⁸1
881 5387 1042 5447 ibid.
1078 5388 1169 5446 13.
1248 5388 1297 5424 ⁸³
1325 5388 1500 5445 Marc.
1529 5404 1607 5454 x1,
1641 5387 1827 5446 19-23.

153 5216 237 5268 ὅτι

1896 4758 2352 4823 enarrationem,
2390 4772 2495 4829 per
2523 4772 2707 4829 quam
2754 4757 2909 4813 scire
2959 4760 3017 4812 et
3054 4756 3189 4813 haec
3242 4758 3559 4816 manifeste

1895 4849 2137 4922 poteris.
2169 4849 2404 4906 Marcus
2440 4862 2584 4904 vero
2631 4848 2835 4904 Jesum
2880 4846 3098 4903 dixisse
3163 4847 3341 4905 refert
3371 4865 3386 4901 :
3421 4848 3559 4917 Qui-

1897 4954 2125 5010 cunque
2170 4938 2398 4995 dixerit
2440 4938 2634 4995 monti
2706 4936 2860 5001 huic,
2926 4936 3159 4993 Tollere
3212 4942 3271 4993 et
3325 4938 3557 5007 proﬁce

1899 5034 1955 5086 te
1968 5029 2033 5084 in
2056 5043 2238 5096 mare,
2251 5034 2309 5084 et
2327 5043 2449 5083 non
2474 5025 2841 5084 dubitaverit
2859 5026 2920 5081 in
2938 5026 3113 5082 corde
3134 5041 3237 5082 suo
3252 5026 3355 5083 sed
3368 5027 3559 5083 credi—

1896 5119 2055 5176 derit
2079 5118 2237 5191 quod
2255 5133 2384 5189 quas
2417 5117 2563 5173 dicit
2585 5117 2725 5189 ﬁent
2754 5114 2873 5173 erit
2900 5115 3002 5171 illi
3020 5114 3281 5187 quidquit
3309 5115 3556 5173 dixerit.

1898 5211 2063 5268 Mons
2084 5211 2289 5266 autem
2302 5206 2487 5265 etiam
2505 5205 2786 5265 diabolus
2806 5203 3152 5276 intelligitur
3176 5208 3423 5279 propter
3439 5206 3559 5263 elao

1407 5528 1637 5598 Variae
1661 5528 1993 5597 lectiones
2020 5536 2087 5595 et
2115 5536 2319 5601 notas.

210 5708 522 5854 ignvia
554 5704 717 5764 intra
770 5700 1058 5773 adeoan,
1091 5717 1171 5769 ιν,
1228 5708 1283 5769 7,
1329 5702 1410 5761 ad
1428 5701 1552 5765 ista
1600 5700 1737 5775 λέγει

160 5802 317 5841 αντε.
1374 5838 1375 5841 η

241 5822 347 5928 ἆὲὀ)
373 5857 635 5928 Ξηραίνη,
673 5854 740 5909 B.

1925 5700 2043 5845 254;
2063 5702 2167 5775 Γάρ
2189 5698 2350 5756 abest
2378 5699 2446 5754 Α.
2468 5770 2477 5780 Ι
3100 5770 3110 5782 ι
3368 5774 3377 5783 _

1955 5776 2019 5829 52
2084 5770 2322 5828 Inclusa
2345 5770 2586 5827 exhibet
2614 5772 2865 5842 uterque
2884 5769 3075 5828 codex
3096 5785 3159 5828 1n
3188 5787 3377 5844 marg:

1955 5769 2043 5844 52)
2084 5769 2322 5828 Inclusa
2345 5770 2586 5827 exhibet
2614 5772 2865 5842 uterque
2884 5769 3075 5828 codex
3096 5770 3159 5828 in
3188 5774 3482 5844 margine.
