4178 6432
628 444 739 501 559

632 570 859 627 tionem
891 585 907 637 ;
939 578 1106 621 mare
1128 574 1269 617 vero
1299 556 1593 628 absyssus
1616 553 1674 607 et
1697 548 1881 605 chaos
1911 543 2036 599 sive
2066 549 2286 605 vorago
2319 533 2362 589 Λ

632 658 867 717 inferni.

701 856 869 911 Vers.
901 856 990 908 22.
1023 852 1099 907 Et
1130 880 1195 888 —
1226 841 1546 914 accipietis.
1598 840 1821 893 Marcus
1847 838 2045 889 autem
2087 826 2234 882 dixit
2268 838 2282 880 :

628 946 708 1001 Et
720 955 1076 1018 quaecunque
1094 943 1319 995 orantes
1338 930 1535 1003 petitis
1556 926 1773 985 credite
1788 921 1948 995 quod
1967 918 2282 987 accipietis,

629 1043 682 1095 et
729 1008 905 1093 erant
949 1008 1110 1088 uobis
1140 1028 1207 1081 ⁸³.
1263 1021 1479 1080 Omnia
1521 1023 1717 1075 autem
1766 1029 1883 1069 non
1940 1008 2286 1081 simpliciter

627 1123 921 1194 intelligit,
948 1118 1052 1177 sed
1081 1132 1217 1190 quae
1242 1113 1427 1184 digna
1452 1114 1612 1165 sunt.

698 1230 849 1285 CAP.
872 1226 1095 1283 XLVIII.
1124 1223 1208 1279 De
1224 1216 1602 1292 principibus
1627 1210 2000 1269 sacerdotum
2021 1212 2073 1263 et
2099 1206 2285 1261 senio-

910 1316 1075 1373 ribus
1127 1310 1437 1369 Dominum
1474 1298 1997 1372 interrogantibus.

696 1429 858 1483 Vers.
913 1427 1004 1479 23.
1062 1422 1326 1489 Cumque
1378 1416 1498 1486 ipse
1543 1412 1759 1468 veniset
1789 1438 1856 1446 —-
1886 1406 2032 1461 hanc
2059 1405 2086 1460 ‘I
2136 1401 2287 1468 Quia

629 1511 916 1571 miracula
968 1522 1212 1580 carpere
1248 1519 1371 1561 non
1399 1502 1695 1576 poterant,
1727 1496 1802 1552 de
1831 1493 2117 1565 ejectione
2146 1506 2287 1547 con-

626 1604 961 1677 querantur
1011 1611 1221 1655 eorum
1264 1593 1362 1665 qui
1410 1592 1472 1646 in
1502 1586 1724 1660 templo
1752 1582 2035 1640 emebant
2059 1597 2127 1636 ac
2149 1595 2285 1635 ven-

626 1667 871 1755 debant,
896 1687 1159 1744 dicentes
1182 1700 1195 1738 :
1218 1682 1289 1738 In
1310 1694 1430 1754 qua
1451 1680 1735 1750 potestate
1749 1674 1868 1729 hac
1892 1672 2069 1742 facis,
2090 1667 2285 1741 probi-

624 1781 775 1838 bens
796 1794 934 1852 qua:
951 1791 1064 1832 nos
1095 1788 1217 1830 non
1244 1769 1642 1844 prohibemus
1670 1765 1699 1804 9
1729 1769 1793 1822 Et
1831 1765 1967 1836 quis
1999 1763 2094 1820 tibi
2119 1761 2284 1818 dedit

1962 403 2313 469 EUTHYMII
2352 403 2677 460 ZIGABENI

3894 387 3998 442 560

2399 535 2671 608 Διάκρισιν
2729 534 2829 605 γὰρ
2882 528 3162 602 ἀμφότεροι
3227 527 3314 577 τόν
3396 518 3693 590 δισταγμὸν
3745 513 3997 586 ὀνομάζον

2401 644 2502 676 σιν.
2536 623 2689 697 ⁴Ορος
2740 618 2797 673 δὲ
2847 627 3059 684 νοεῖται,
3112 617 3202 667 καὶ
3231 616 3256 665 ό
3303 609 3562 673 διάϐολος,
3604 603 3699 660 διά
3728 608 3822 662 την
3852 604 3999 677 ἔπαρ-

2401 734 2502 765 σιν.
2536 712 2775 763 θάλασσα
2806 705 2883 771 δὲ,
2914 710 2942 766 ἡ
2979 706 3211 766 ἄϐυσσος
3243 704 3416 755 καὶτὸ
3447 701 3603 771 χάος.

2472 807 2571 856 Καὶ
2633 833 2700 841 -
2738 799 2985 870 λήψεσθε.
3048 796 3105 847 Ὀ
3174 791 3233 846 δὲ
3289 792 3503 865 Μάρκος
3558 785 3713 846 εἶπεν,
3774 785 3850 835 ὅτι
3899 786 3997 833 Και

2396 896 2565 945 πάντα
2612 893 2713 943 ὅσα
2806 888 2865 939 ἂν
2951 887 3367 959 προσευχόμενοι
3434 877 3547 948 (53)
3611 873 3851 935 αἰτῆσθε,
3909 889 3995 921 πι-

2398 985 2617 1045 στεύετε,
2652 981 2734 1031 ὅτι
2757 976 3058 1050 λαμϐάνετε,
3097 978 3187 1025 καὶ
3230 974 3378 1024 ἔσται
3415 968 3547 1040 ύρίν·
3589 966 3760 1017 πάντα
3789 956 3848 1013 δὲ
3872 962 3992 1023 νόει,

2394 1077 2465 1145 μὴ
2500 1070 2691 1139 ἁπλῶς,
2727 1068 2853 1120 ἀ)λά
2882 1068 2947 1118 τὰ
2984 1064 3128 1127 οἱξια.

2396 1220 2543 1269 ΚΕΦ.
2601 1211 2735 1266 MII'.
2796 1213 2920 1284 Περὶ
2999 1215 3098 1259 τῶν
3164 1202 3597 1278 ἐπερωτησάντων
3663 1196 3751 1247 τὸν
3810 1193 3996 1264 Κύριον

2778 1301 3063 1375 ἀρχιερέων
3100 1299 3191 1348 καὶ
3219 1290 3604 1368 πρεσϐυτέρων.

2470 1434 2570 1485 Καὶ
2617 1428 2813 1481 ελθόντι
2869 1424 3010 1495 αύτῷ
3049 1453 3118 1464 —
3188 1422 3381 1476 ταύτην
3436 1432 3450 1483 ;
3510 1414 3650 1467 Ἐπεὶ
3698 1417 3808 1470 τοῖς

2395 1540 2555 1594 μασιν
2610 1518 2704 1571 ούκ
2757 1513 3015 1574 ἠδύναντο
3073 1510 3406 1585 μέμψασθαι,
3478 1507 3596 1579 περὶ
3647 1509 3739 1561 τῆς
3786 1496 3999 1558 ἐκϐολῆς

2394 1609 2674 1683 ἐγκαλοῦσι
2724 1614 2825 1659 τῶν
2882 1602 3185 1658 πωλούντων
3266 1602 3355 1650 καὶ
3418 1592 3773 1667 ἀγοραζόντων
3825 1587 3876 1640 ἓν
3928 1593 3999 1657 τῷ

2398 1702 2536 1774 ἱερὼ.
2596 1698 2842 1769 λέγοντες*
2904 1696 2984 1747 Ἐν
3069 1695 3197 1762 ποίᾳ
3280 1686 3494 1756 ἐξουσίᾳ
3570 1688 3740 1734 ταῦτα
3784 1684 3996 1742 ποιείς;

2392 1789 2624 1855 κωλύων,
2700 1787 2829 1858 άπερ
2882 1785 3026 1855 ἡμεῖς
3075 1780 3168 1832 ούκ
3216 1776 3564 1846 ἐκωλύσαμεν.
3627 1773 3729 1823 Καὶ
3776 1771 3858 1829 τίς
3918 1783 4001 1818 σοι

624 1872 978 1943 potestatem
990 1866 1168 1929 hanc,
1194 1860 1288 1917 cui
1301 1858 1500 1916 nullus
1518 1855 1720 1928 templi
1737 1852 2106 1928 principatus
2122 1868 2283 1908 com-

2394 1875 2555 1931 ἔδωκε
2602 1880 2696 1935 τὴν
2750 1874 2988 1937 ἐξουσίαν
3044 1872 3239 1926 ταύτην
3296 1873 3388 1918 τοῦ
3443 1861 3689 1926 ἕξωθείν;
3731 1852 3999 1930 μηδεμίαν

622 1958 841 2017 missus
881 1955 1025 2013 est?
1050 1951 1227 2025 Atqui
1276 1950 1509 2006 bonum
1540 1962 1696 2019 opus
1755 1944 1948 2001 fuerat
1998 1946 2279 2013 operatus

621 2049 946 2120 repurgato
1001 2040 1271 2113 templo:
1312 2052 1523 2094 verum
1583 2034 1812 2092 invidia
1884 2032 2065 2090 etiam
2118 2030 2280 2087 bona

626 2132 982 2193 calumniari
1012 2131 1188 2187 solet.

698 2226 859 2280 Vers.
892 2220 982 2275 24.
1029 2217 1401 2289 Respondeas
1440 2245 1509 2255 ——
1534 2214 1701 2269 Vers.
1750 2216 1839 2267 25.
1893 2208 2226 2266 hominibus
2252 2208 2280 2263 ?

624 2315 681 2371 E
707 2313 876 2376 coelo,
897 2310 1014 2366 hoc
1043 2312 1150 2373 est,
1180 2305 1423 2363 Calitus
1448 2320 1486 2360 a
1526 2304 1666 2358 Deo.
1697 2301 1798 2356 Ea:
1827 2299 2177 2364 hominibus,
2220 2297 2281 2353 id

625 2408 732 2470 est,
761 2402 846 2459 Ab
882 2396 1201 2457 hominum
1231 2398 1552 2469 praecepto.
1584 2390 1727 2447 Vide
1749 2395 1948 2447 autem
1970 2387 2280 2462 quomodo

623 2509 746 2550 non
774 2491 972 2548 statim
999 2484 1305 2559 respondit
1327 2484 1432 2554 eis,
1454 2497 1531 2539 ne
1572 2480 1841 2553 seipsum
1895 2477 2281 2549 magniﬁcare

628 2582 943 2645 videretur,
967 2583 1024 2634 et
1052 2592 1127 2633 ne
1152 2576 1353 2647 ipsum
1384 2574 1707 2644 carperent,
1737 2568 1911 2640 quasi
1942 2567 2041 2624 Dei
2077 2568 2281 2622 adver-

628 2670 875 2728 sarium.
902 2667 1049 2734 Quia
1065 2670 1267 2722 autem
1290 2662 1550 2735 Baptista
1571 2659 1761 2716 multa
1791 2658 1866 2714 de
1895 2657 2020 2729 ejus
2054 2656 2281 2728 magni-

629 2759 835 2817 tudine
862 2760 1106 2815 testatus
1146 2753 1356 2818 fuerat,
1413 2749 1550 2806 inde
1580 2764 1680 2804 eos
1706 2763 1737 2803 e
1767 2747 2006 2803 diverso
2036 2746 2280 2801 interro-

628 2854 750 2921 gat,
774 2857 830 2904 et
852 2846 912 2903 in
941 2843 1394 2919 perplexitatem
1424 2855 1526 2895 eos
1557 2837 1880 2903 concludit,
1904 2836 1985 2892 ita
2012 2840 2074 2890 ut
2104 2834 2280 2890 etiam

626 2938 745 3011 ipsi
771 2938 1163 3007 agnoscentes
1187 2928 1410 2988 turbati
1432 2929 1567 2984 sint.

700 3029 863 3083 Vers.
901 3026 984 3080 25.
1012 3024 1092 3079 At
1110 3023 1203 3078 illi
1225 3052 1288 3062 ——
1313 3018 1638 3076 credidistis
1659 3018 1714 3074 ei
1736 3017 1764 3072 ?
1795 3015 1926 3071 Haec
1950 3019 2041 3069 est
2056 3012 2285 3085 perple-

625 3118 804 3174 xitas.
859 3113 1113 3170 Dixisset
1159 3110 1319 3167 enim
1347 3110 1431 3165 eis
1460 3126 1473 3161 :
1508 3108 1694 3175 Quare
1716 3122 1827 3160 non
1859 3103 2184 3161 credidistis
2205 3104 2280 3173 ei,

2392 1967 2568 2040 ἀρχὴν
2621 1972 2713 2018 τοῦ
2788 1970 2914 2015 ναοῦ
2994 1958 3467 2031 ἐμπεπιστευμένῳ.
3535 1955 3637 2004 Καὶ
3697 1952 3794 2021 μὴν
3842 1944 3999 1997 καλὸν

2394 2054 2655 2119 ἐποίησεν,
2689 2052 3017 2126 ἀνακαθάρας
3066 2051 3123 2100 τὸ
3158 2050 3307 2118 ἱερόν·
3366 2040 3476 2095 ἀλλ’
3515 2042 3544 2098 ἡ
3597 2036 3865 2111 βασκανία
3912 2038 4001 2086 καὶ

2392 2152 2497 2205 τοῖς
2526 2142 2703 2203 καλοῖς
2733 2143 2905 2194 εἴωθεν
2936 2136 3251 2211 ἐπηρεάξειν.

2463 2233 2792 2305 Ἀποκριθεὶς
2858 2261 2925 2269 -
2977 2226 3258 2299 ἀνθρώπων
3318 2239 3332 2288 ;
3415 2219 3502 2282 Ἐξ
3582 2216 3801 2289 ούρανοῦ
3892 2214 4000 2285 μὶν,

2393 2321 2505 2374 ἀντὶ
2558 2301 2669 2388 τοῦ,
2740 2318 2983 2387 Ἀνωθεν,
3042 2314 3096 2367 ἐκ
3148 2320 3240 2366 τοῦ
3296 2311 3411 2383 (54)
3466 2314 3619 2361 Θεοῦ·
3668 2304 3754 2367 Ἐξ
3807 2301 4005 2377 ἀνθρώ-

2391 2432 2499 2465 πων
2540 2407 2620 2479 δε,
2652 2408 2762 2462 ἀντὶ
2796 2416 2909 2477 τοῦ,
2966 2406 3051 2468 Ἐξ
3109 2402 3309 2461 ἐντολῆς
3367 2398 3671 2473 ἀνθρώπων.
3727 2392 3869 2467 Ὀρα
3925 2388 4003 2461 δὲ,

2391 2510 2501 2563 πῶς
2551 2498 2604 2563 ἐξ
2658 2498 2858 2558 εύθείας
2920 2499 3009 2569 μεν
3050 2494 3144 2547 ούκ
3207 2489 3461 2563 ἀπεκρίθη
3528 2486 3751 2554 τούτοις,
3804 2483 3894 2534 ἵνα
3932 2483 4002 2553 μὴ

2394 2586 2520 2663 δόξῃ
2591 2588 2891 2660 μεγαλύνειν
2977 2584 3177 2650 ἑαυτὸν,
3233 2585 3322 2633 καὶ
3397 2578 3479 2630 ἶνα
3536 2579 3607 2648 μὴ
3671 2570 4006 2647 διασύρωσιν

2393 2679 2569 2749 αὐτόν,
2624 2681 2693 2739 ὡς
2733 2676 2979 2729 ἀντίθεον.
3036 2674 3179 2727 Ἐπεὶ
3229 2667 3288 2723 δὲ
3332 2669 3357 2720 ό
3410 2667 3712 2725 Βαπτιστὴς
3764 2660 4007 2719 Ἰωάννης

2397 2768 2557 2822 πολλὰ
2622 2771 2737 2843 περὶ
2802 2775 2893 2826 τῆς
2972 2760 3367 2836 μεγαλειότητος
3438 2755 3598 2807 αὐτοῦ
3664 2753 4007 2825 μεμαρτύρη-

2394 2878 2498 2925 κεν,
2584 2856 2771 2909 ἐκεῖθεν
2865 2854 3052 2915 αύτούς
3134 2849 3477 2923 ἀντεπερωτᾷ,
3554 2848 3645 2895 καὶ
3705 2839 4008 2895 συνελαύνει

2396 2952 2521 3024 πρός
2583 2945 2825 3019 ἀπορίαν,
2889 2946 2915 2996 ὃ
2969 2946 3060 2995 καὶ
3118 2940 3268 2993 αύτοὶ
3325 2941 3529 3009 γνόντες
3582 2930 4009 3007 ἐθορυϐήθησαν.

2470 3039 2536 3089 Oi
2589 3033 2648 3089 δὲ
2703 3067 2771 3075 -
2848 3033 3191 3085 ἐπιστεύσατε
3274 3027 3414 3097 αύτῷ
3466 3042 3481 3091 ;
3554 3025 3719 3076 Τοῦτό
3777 3019 3926 3073 ἐστιν
3978 3019 4010 3076 ἡ

2400 3127 2611 3202 ἀπορία.
2675 3124 2797 3179 Εἶπε
2853 3125 2952 3197 φάρ
3024 3122 3085 3173 ἄν
3133 3120 3247 3191 (55)
3306 3112 3503 3184 αύτοῖς,
3559 3115 3707 3165 Διατί
3760 3109 3859 3162 ούκ
3906 3110 4019 3162 ἐπιη

628 3223 769 3264 cum
799 3204 988 3261 multa
1030 3208 1087 3259 et
1136 3214 1364 3270 magna
1409 3198 1484 3253 de
1517 3213 1612 3253 me
1638 3194 1912 3251 diceret?
1935 3195 2084 3249 Nam
2116 3192 2166 3247 si
2195 3192 2286 3249 his

2403 3220 2655 3270 στεύσατε
2718 3214 2873 3284 ούτῷ,
2947 3211 3144 3283 λέγοντι
3230 3205 3396 3260 πολλὰ
3471 3207 3559 3256 καὶ
3636 3199 3838 3274 μεγάλα
3898 3202 4021 3273 περὶ

627 3312 764 3370 quae
795 3294 1036 3350 dicebat
1062 3287 1498 3349 credidissetis,
1530 3284 1959 3356 cognovissetis
1988 3285 2192 3355 utique
2226 3281 2284 3337 in

626 3400 751 3459 qua
797 3384 1085 3456 potestate
1128 3379 1258 3435 haec
1314 3376 1554 3433 faciam.
1608 3376 1775 3429 Nunc
1806 3373 2007 3445 itaque
2037 3371 2288 3427 convin-

626 3472 855 3537 cimini,
899 3468 1066 3543 quod
1097 3468 1318 3523 frustra
1341 3466 1635 3521 Joannem
1671 3461 1999 3519 habueritis
2032 3460 2289 3533 prophe-

627 3567 773 3626 tam,
801 3576 941 3617 cum
970 3558 1053 3614 illi
1082 3571 1206 3613 non
1231 3552 1619 3611 credideritis.

699 3651 864 3705 Vers.
915 3651 1003 3703 26.
1045 3646 1104 3713 Si
1147 3650 1341 3702 autem
1387 3672 1457 3684 —
1501 3641 1867 3713 prophetam.
1910 3641 1953 3697 Ο
2004 3638 2287 3696 miseram

628 3737 979 3797 hominibus
1029 3734 1301 3808 placendi
1332 3730 1718 3804 cupiditatem
1749 3729 1762 3784 i
1789 3730 1979 3787 Deum
2024 3734 2289 3785 contem-

629 3831 801 3894 nunt,
822 3824 1104 3882 homines
1130 3837 1269 3879 vero
1314 3821 1542 3886 timent,
1582 3823 1641 3875 et
1678 3820 1756 3876 ad
1787 3834 1991 3875 eorum
2029 3818 2287 3891 gratiam

628 3915 833 3973 omnia
856 3918 1190 3988 operantur.

699 4006 863 4062 Vers.
893 4007 983 4060 27.
1030 4002 1109 4059 Et
1146 4000 1555 4071 respondentes
1576 4030 1645 4039 —
1667 3997 1911 4068 faciam.
1968 3995 2289 4070 Oportebat

628 4093 871 4167 quidem
927 4108 1028 4150 eos
1074 4091 1290 4155 dicere,
1345 4089 1510 4162 quod
1590 4088 1889 4159 baptisma
1947 4086 2197 4143 Joannis
2252 4102 2288 4143 a

628 4184 751 4243 Deo
771 4187 917 4254 erat,
948 4186 1005 4239 et
1040 4179 1207 4254 quod
1231 4180 1487 4235 Joannes
1513 4192 1549 4233 a
1576 4178 1694 4232 Deo
1716 4177 1938 4231 missus
1971 4180 2116 4232 erat.
2137 4176 2287 4242 Quia

626 4290 769 4331 vero
804 4272 973 4343 argui
1029 4269 1343 4333 timebant,
1401 4271 1467 4322 ut
1511 4265 1615 4338 qui
1657 4280 1779 4321 non
1838 4265 2161 4321 credidisse
2209 4264 2289 4322 illi

627 4365 740 4420 visi
791 4362 1048 4426 fuerant,
1103 4357 1415 4415 veritatem
1454 4354 1923 4411 abscondebant.
1963 4355 2055 4412 Ait
2100 4372 2283 4427 ergo:

627 4454 832 4525 Neque
857 4465 999 4521 ergo
1019 4448 1155 4505 dico
1183 4446 1358 4503 vobis
1372 4443 1539 4518 quod
1555 4445 1703 4500 scire
1720 4445 1935 4517 cupitis
1958 4462 1975 4512 ;
2001 4460 2125 4502 non
2139 4445 2291 4502 sicut

629 4556 739 4597 vos
786 4539 1094 4595 veritatem
1138 4533 1538 4598 abscondens,
1595 4532 1701 4590 sed
1752 4534 2136 4606 responsione
2196 4534 2291 4606 ju-

631 4628 845 4685 dicans
885 4642 993 4682 vos
1049 4624 1351 4694 indignos,
1407 4622 1512 4696 qui
1565 4622 1649 4678 ita
1686 4620 1888 4679 dolose
1940 4623 2284 4680 versamini.

846 4734 1005 4790 CAP.
1048 4732 1219 4788 XLIX.
1260 4730 1342 4787 De
1369 4729 1582 4787 duobus
1606 4730 1745 4801 ﬁliis
1770 4730 2069 4799 parabole.

704 4825 866 4882 Vers.
897 4827 986 4881 28.
1020 4820 1168 4889 Quid
1191 4827 1384 4878 autem
1414 4818 1571 4876 vobis
1596 4818 1827 4876 videtur
1854 4821 1882 4877 ‘I
1922 4821 2002 4876 De
2022 4820 2117 4878 his
2147 4837 2286 4893 quae

628 4916 851 4974 dicam.
903 4913 1054 4970 Cum
1105 4911 1266 4968 enim
1319 4909 1516 4967 dicere
1567 4906 1895 4965 noluissent
1947 4910 2110 4968 unde
2161 4915 2288 4969 erat

626 5006 933 5080 baptisma
970 5000 1235 5068 Joannis,
1292 5014 1368 5055 ne
1412 5001 1804 5069 arguerentur
1848 4999 2018 5071 quod
2069 4999 2125 5057 ei
2163 5016 2287 5058 non

628 5094 1047 5161 credidissent,
1098 5106 1205 5163 per
1250 5087 1607 5162 parabolam
1641 5102 1745 5144 eos
1797 5088 2045 5160 aggredi
2088 5097 2283 5164 parat,

627 5190 694 5243 ut
716 5185 947 5258 seipsos
974 5180 1088 5257 ipsi
1107 5178 1515 5238 condemnent
1543 5181 1833 5250 tanquam
1850 5177 2211 5251 incredulos,
2227 5186 2288 5241 et

628 5274 767 5331 dicit
796 5291 812 5330 :

700 5451 746 5486 ⁸³
776 5451 951 5507 Marc.
991 5464 1075 5515 xi,
1119 5446 1209 5503 24.

2398 3306 2571 3380 ἐμοῦ;
2654 3304 2699 3357 εἰ
2749 3306 2851 3377 γὰρ
2910 3299 3274 3362 ἐπιστεύσατε,
3340 3296 3419 3355 οἷς
3470 3292 3657 3364 ἔλεγεν,
3711 3288 4024 3357 ἕγινὼσκετε

2398 3398 2482 3461 ἄν,
2535 3394 2585 3447 ἕν
2626 3398 2753 3466 ποίᾳ
2795 3392 3008 3462 ἐξουσίᾳ
3057 3396 3227 3442 ταῦτα
3276 3393 3430 3439 ποιῶ.
3494 3383 3693 3436 Λοιπὸν
3722 3375 3810 3432 οὖν
3867 3379 4025 3451 ἑλίγ-

2397 3487 2581 3558 χεσθε,
2615 3485 2786 3557 μάτην
2846 3483 3048 3553 ἔχοντες
3102 3482 3371 3553 προφητην
3445 3475 3533 3525 τόν
3592 3471 3858 3534 Ἰωάννην,
3902 3466 4028 3519 ἀπι-

2400 3593 2637 3635 στουντες
2673 3592 2837 3642 αυτῳ,

2468 3664 2586 3717 Ἐὰν
2640 3658 2699 3715 δὲ
2750 3692 2819 3701 -
2870 3662 3159 3735 προφήτην.
3210 3654 3299 3707 Ὠ
3357 3660 3448 3713 τῆς
3533 3648 3863 3719 ἀνελευθέρου
3917 3654 4025 3699 τῶν

2398 3752 2583 3807 ἀθλίων
2638 3745 3164 3825 ἀνθρωπαρεσκείαςῑ
3214 3750 3319 3797 Τοῦ
3398 3744 3488 3814 μεν
3559 3744 3687 3793 Θεοῦ
3752 3754 4026 3810 καταφρο-

2395 3850 2568 3910 νοῦσι,
2626 3843 2744 3900 τοὺς
2800 3837 3104 3910 ἀνθρώπους
3152 3830 3210 3888 δε
3242 3831 3539 3907 φοϐοῦνται,
3595 3832 3686 3881 καὶ
3738 3844 3872 3902 προς
3905 3826 4024 3898 χά-

2395 3950 2477 4005 ριν
2508 3929 2675 3983 αὐτῶν
2703 3930 2910 3981 ἅπαντα
2937 3928 3280 3999 πράττουσιν.

2471 4025 2571 4074 Καὶ
2638 4016 3001 4090 ἀποκριθέντες
3072 4045 3143 4055 -
3204 4020 3357 4066 ποιῶ.
3432 4006 3579 4063 Ἔδει
3817 4004 4025 4067 αὐτούς

2398 4110 2573 4181 εἰπεῖν,
2626 4110 2708 4161 ὅτι
2758 4112 2850 4159 καὶ
2904 4108 2963 4158 τό
2996 4102 3277 4177 βάπτισμα
3327 4103 3384 4154 ἑκ
3424 4106 3556 4154 Θεοῦ
3588 4094 3670 4162 ἦν,
3704 4099 3793 4148 καὶ
3832 4096 3858 4146 ό
3906 4095 4024 4149 ἰω-

2398 4201 2554 4261 άννης
2609 4197 2663 4251 ἐκ
2744 4202 2878 4251 Θεοῦ
2934 4194 3177 4247 ἔσταλται
3235 4211 3247 4224 ·
3312 4190 3423 4243 ἐπεὶ
3477 4184 3537 4241 δε
3598 4188 3869 4259 φεύγοντες
3929 4187 4026 4236 τὸν

2398 4288 2635 4360 ἔλεγχον,
2704 4287 2786 4339 ἶνα
2841 4289 2913 4357 μὴ
2981 4282 3322 4342 ἀπιστοῦντες
3377 4277 3516 4347 αύτῷ
3564 4283 3813 4347 φανῶσιν,
3859 4274 4032 4347 ἔκρυ-

2397 4397 2524 4431 πτον
2573 4381 2668 4435 τὴν
2726 4374 2988 4443 ἀλήθειαν,
3044 4375 3222 4445 φησὶν,
3284 4362 3427 4420 Οὐδὲ
3476 4366 3576 4436 ἐγὼ
3623 4362 3754 4433 λέγω
3811 4361 3945 4432 ὑμῖν
4006 4363 4037 4415 ὅ

2400 4466 2653 4541 βούλεσθε
2703 4467 2905 4538 μαθεῖν,
2975 4461 3033 4514 ού
3086 4462 3350 4534 κρύπτων,
3398 4457 3467 4516 ὡς
3532 4455 3695 4526 ὑμεῖς,
3763 4454 3859 4510 τὴν
3897 4448 4039 4511 ἀλή-

2319 4582 2369 4639 D
2401 4540 2562 4624 θείαν,
2631 4554 2737 4607 ἀλλ’
2795 4552 3035 4615 ἀναξίους
3104 4556 3196 4609 τῆς
3255 4545 3578 4619 ἀποκρίσεως
3628 4543 3760 4615 ὑμᾶς
3805 4540 4037 4611 λογιζό-

2398 4666 2567 4721 μενος,
2601 4644 2733 4697 οὗτω
2757 4646 3201 4716 κακουργοῦντας.

2594 4739 2741 4788 ΚΕΦ·
2774 4733 2914 4787 ΜΘ’.
2949 4734 3076 4804 Περὶ
3106 4736 3206 4782 τῶν
3240 4724 3338 4781 δύο
3359 4728 3484 4779 υἱῶν
3513 4719 3809 4798 παραϐολή.

2465 4828 2529 4878 Τί
2585 4820 2646 4877 δε
2700 4824 2822 4896 ύμῖν
2872 4818 3065 4887 doni;
3109 4817 3235 4892 Περὶ
3281 4816 3348 4867 ὧν
3422 4812 3539 4888 ἐρῶ,
3612 4806 3878 4866 δηλονότι.
3927 4816 4027 4871 Μὴ

2398 4914 2720 4973 θελησάντων
2748 4914 2852 4984 γὰρ
2907 4910 3085 4975 εἰπεῖν,
3144 4908 3297 4960 πόθεν
3347 4900 3408 4962 ἧν
3456 4904 3512 4954 τὸ
3572 4898 3857 4972 βάπτισμα
3891 4897 4029 4954 Ἰω-

2394 5007 2570 5074 άννου,
2646 5004 2729 5055 ἶνα
2807 5004 2878 5073 μὴ
2954 4997 3278 5069 ἐλεγχθῶσιν
3362 4991 3745 5050 ἀπιστήσαντες
3802 4986 4026 5064 ἐκείνῳ,

2395 5094 2641 5169 βούλεται
2680 5087 2775 5144 διὰ
2825 5085 3129 5164 παραϐολῆς
3167 5082 3359 5143 αὐτοὺς
3387 5078 3624 5155 ἕμϐαλεῐν
3677 5077 3750 5140 εἰς
3800 5080 3862 5131 τὸ
3926 5082 4031 5136 αὐ-

2393 5187 2512 5246 τοὺς
2606 5176 3090 5252 καταψηφίσασθαι
3167 5171 3363 5227 ἑαυτῶν
3443 5172 3515 5235 ὡς
3591 5167 3840 5241 ἀπειθῶν,
3923 5176 4033 5226 καὶ

2390 5274 2550 5348 λέγει.

1855 5572 2081 5643 Variae
2120 5576 2451 5648 lectiones
2483 5588 2547 5646 et
2587 5586 2792 5645 notae.

626 5719 810 5864 qut?)
839 5722 919 5776 Ita
956 5718 1135 5776 etiam
1165 5717 1225 5775 in
1284 5718 1446 5774 textu
1476 5714 1650 5774 Marci
1680 5714 1863 5774 habet
1892 5720 2083 5778 codex
2129 5725 2281 5780 uter-

2465 5723 2582 5866 ἔδιίῖ
2611 5722 2706 5807 :Ex
2737 5725 2830 5772 τοῦ
2862 5724 2996 5801 Θεοῦ
3026 5717 3097 5774 Α.

2490 5799 2556 5851 55
2634 5798 2726 5859 Αν,
2761 5794 2981 5850 omittit
3008 5796 3065 5847 B.

2490 5794 2580 5859 55)
2611 5794 2726 5859 Ἀν,
2761 5794 2981 5850 omittit
3008 5796 3065 5847 B.
