4178 6376
245 320 336 377 561

314 448 625 523 Ἀνθρωπος

255 536 507 597 ύποδηλοῖ
558 538 653 591 τὸν
716 541 872 604 Θεὸν,
927 542 997 602 ὡς
1051 539 1427 617 φιλάνθρωπον·
1488 546 1640 595 τέκνα
1688 538 1747 593 δὲ
1784 540 1871 592 αὑ-

253 637 338 683 τοῦ
367 625 486 695 δύο,
517 632 608 681 τόν
664 646 724 681 τε
776 627 899 681 λαὸν
954 637 1052 681 τῶν
1110 628 1287 699 manu,
1341 636 1431 684 καὶ
1482 634 1569 684 τὸν
1613 639 1712 683 τῶν
1744 630 1872 683 ’1ου-

256 716 438 789 δαίων,
468 720 538 781 ὡς
568 723 851 791 ποιήματα
907 718 1086 775 αὑτοῦ.
1124 724 1223 773 Καὶ
1273 722 1411 775 ἔστιν
1442 722 1468 772 6
1517 725 1588 793 μὴ
1632 721 1871 792 ὑποσχό-

252 829 399 882 μενος
448 810 562 881 μεν,
623 806 862 861 ἀπελθὼν
933 807 1013 878 ὁὶ,
1090 809 1117 862 6
1172 808 1297 872 λαὸς
1347 818 1447 863 τῶν
1501 808 1673 863 ἰθνῶν·
1729 810 1755 862 6
1809 804 1871 861 δὲ

250 901 615 971 ὑποσχόμενος
646 900 760 971 μὶν,
811 901 883 970 μὴ
923 895 1153 951 ἀπελθὼν
1212 895 1291 966 δὲ,
1346 899 1372 951 6
1421 898 1543 962 λαὸς
1592 907 1691 951 τῶν
1736 899 1870 951 Ἰου-

251 984 545 1046 δαίων.Τά
575 988 696 1045 ἔθνη
753 990 845 1060 μὲν
897 990 999 1063 γὰρ
1057 987 1163 1061 οὑχ
1216 990 1512 1061 ὑπέσχοντο
1544 986 1868 1041 ἀκούσεσθαὶ

247 1086 340 1131 τοὺ
372 1085 529 1144 Θεοῦ,
584 1081 677 1129 καὶ
731 1078 841 1150 ὄμω
888 1076 1102 1151 ὕστερον
1147 1079 1456 1135 ὑπήκουσαν
1505 1079 1865 1130 πιστεύσαντα

243 1176 315 1240 τῷ
368 1175 485 1222 Θεὼ
540 1171 633 1220 καὶ
687 1174 926 1241 Χριστῷ·
998 1168 1047 1219 0i
1101 1163 1161 1220 δὲ
1220 1163 1476 1220 Ἰουδαῖοι
1540 1169 1859 1239 ὑπέσχοντο,

241 1257 464 1317 εἰπόντες
543 1254 593 1309 ἓν
656 1263 719 1329 τῇ
802 1253 969 1329 βίϐλῳ
1022 1264 1115 1308 τοὺ
1186 1261 1601 1332 Δευτερονομίου’
1660 1256 1858 1320 Πάντα,

240 1348 339 1399 ὃσα
394 1348 458 1398 ἄν
509 1349 628 1420 εἴπῃ
691 1346 717 1398 6
772 1349 921 1412 Θεὸς,
990 1351 1278 1419 ποιήσομεν
1343 1350 1434 1399 καὶ
1502 1344 1855 1419 ἀκουσόμεθα,

236 1438 326 1489 κάξ
376 1438 599 1509 ὕστερον
651 1440 1015 1510 παρήκουσαν,
1075 1433 1467 1498 ἀπιστήσαντες
1516 1443 1589 1506 τῷ
1639 1443 1856 1510 Χριστῷ

236 1530 325 1577 καὶ
380 1533 521 1595 Θεῷ.
575 1532 757 1578 Ταῦτα
802 1529 937 1598 μόνα
976 1534 1065 1585 τῆς
1112 1524 1411 1598 παραϐολῆς
1476 1523 1705 1596 ὶκλέγου,
1765 1528 1855 1576 καὶ

235 1613 571 1687 ἕπεγίνωσκε·
619 1613 781 1667 τᾶλλα
838 1610 897 1667 δὲ
950 1617 1124 1689 πάρες.
1167 1618 1235 1677 ὡς
1278 1620 1368 1667 καὶ
1417 1617 1501 1667 ἐπὶ
1540 1622 1640 1667 τῶν
1688 1612 1853 1666 ἄλλων

234 1702 550 1777 παραϐολῶν
631 1702 1071 1777 παρηγγείλαμεν.
1159 1705 1275 1757 Ἐπὶ
1359 1707 1416 1757 τὸ
1501 1702 1851 1776 ἀσαφέστερον

899 450 989 501 οὑκ
1066 448 1313 511 ἀπῆλθεν.

1215 324 1578 381 COMMENT.
1623 325 1694 381 IN
1738 323 2181 382 MAT'I‘HIEUM.
2222 359 2293 371 —
2334 329 2495 388 CAP.
2536 331 2681 387 XXI.

1396 454 1700 527 ’Ἄνθρωπον
1782 454 1827 523 μ¹

1944 484 1951 503 ι
2057 452 2213 507 Vers.
2265 458 2353 511 28.
2389 457 2578 512 Homo
2610 456 2864 513 habebat
2895 486 2962 497 -—
2995 454 3156 510 Vers.
3190 456 3277 512 30.
3310 473 3429 513 non
3473 461 3643 516 abiit.

3537 337 3645 393 562

1984 543 2296 600 Hominem
2330 546 2631 618 signiﬁcat
2661 549 2867 612 Deum,
2902 550 3194 618 tanquam
3223 546 3499 605 videlicet
3528 551 3641 607 hu-

1982 646 2231 688 manum
2255 634 2691 692 authominum
2713 639 3067 697 amatorem.
3089 634 3244 691 duos
3260 640 3463 693 autem
3479 636 3638 696 ﬁlios

1979 720 2128 791 ejus,
2162 722 2456 794 populum
2488 724 2770 794 gentilem
2800 727 2859 780 et
2883 723 3221 790 Judaicum,
3254 726 3358 798 qui
3390 732 3529 782 sunt
3558 727 3639 785 fa-

1977 815 2159 866 cturae
2203 811 2415 885 ipsius.
2462 815 2530 870 Et
2569 813 2620 869 is
2647 813 2752 885 qui
2781 828 2904 869 non
2943 813 3239 885 promisit,
3286 815 3393 871 sed
3431 820 3637 875 tamen

1977 897 2146 967 abiit,
2178 902 2439 974 populus
2465 907 2554 959 est
2579 902 2816 973 gentilis
2858 918 2872 957 :
2900 902 3004 975 qui
3034 918 3175 959 vero
3200 904 3495 977 promisit,
3525 922 3637 963 nec

1977 992 2177 1045 tamen
2200 990 2366 1056 abiit,
2387 992 2686 1049 Judaicus.
2709 994 2919 1049 Gentes
2943 992 3241 1064 siquidem
3268 1008 3392 1050 non
3414 996 3635 1067 promi-

1974 1084 2177 1135 serunt
2207 1096 2269 1136 se
2290 1080 2480 1136 Deum
2511 1080 2849 1146 audituras,
2879 1085 2938 1138 et
2962 1086 3165 1137 tamen
3194 1087 3404 1154 postea
3432 1084 3633 1141 audie-

1971 1173 2127 1232 runt,
2175 1168 2523 1226 obedientes
2569 1169 2798 1226 Christo
2840 1185 2911 1226 ac
2952 1172 3091 1236 Deo.
3129 1175 3188 1226 et
3228 1169 3293 1227 in
3326 1186 3467 1228 eum
3510 1188 3633 1230 cre-

1970 1256 2176 1313 dentes
2211 1274 2224 1314 :
2255 1258 2443 1314 Judaei
2474 1274 2609 1315 vero
2636 1259 3057 1330 promiserunt,
3087 1258 3351 1316 dicentes
3381 1260 3445 1317 in
3473 1260 3631 1319 libro

1971 1346 2432 1403 Deuteronomii:
2452 1347 2665 1404 Omnia
2678 1362 2809 1420 quae
2819 1347 2980 1404 dixit
2993 1349 3146 1405 Deus
3154 1349 3445 1418 faciemus
3455 1356 3513 1406 et
3522 1366 3630 1407 au-

1965 1435 2195 1491 diemus
2212 1438 2259 1473 ⁸⁴
2278 1456 2290 1504 ;
2305 1437 2697 1510 postmodum
2714 1442 2916 1493 autem
2931 1435 3354 1504 obaudierunt,
3368 1438 3480 1510 ipsi
3497 1455 3629 1511 per-

1966 1532 2280 1581 manentes
2321 1526 2547 1583 Christo
2587 1542 2658 1582 ac
2708 1528 2827 1582 Deo
2873 1524 3181 1581 increduli.
3221 1529 3353 1583 Haec
3392 1531 3625 1584 tantum

1963 1614 2037 1668 de
2071 1614 2360 1685 parabola
2392 1615 2541 1687 elige
2570 1620 2628 1670 et
2654 1614 2933 1684 intelligo,
2966 1614 3196 1687 reliqua
3220 1630 3363 1671 vero
3388 1620 3627 1688 prater-

1961 1718 2087 1771 eas,
2128 1705 2653 1777 quemadmodum
2694 1709 2750 1761 et
2795 1705 2857 1761 in
2895 1705 3139 1777 reliquis
3176 1705 3483 1777 parabolis
3520 1707 3626 1765 ad-

231 1796 333 1869 γὰρ
394 1812 513 1845 τινα
577 1796 775 1856 ταύτης
855 1793 1190 1866 οἰκονομικῶς
1252 1794 1622 1859 συνετίθησαν,
1668 1790 1762 1846 διὰ
1790 1812 1827 1845 τ‹

1962 1795 2325 1861 monuimus,
2349 1801 2534 1867 tanqu
2545 1809 2644 1850 am
2659 1794 2775 1850 hoc
2796 1793 2923 1850 solo
2943 1792 3064 1850 ﬁne
3085 1794 3144 1849 in
3165 1809 3239 1850 ea
3256 1794 3473 1866 posita,
3496 1811 3622 1867 quo

232 1880 552 1949 ἀνύποπτον,
583 1884 667 1934 ἶνα
693 1878 862 1957 μηδεν
887 1888 1005 1958 περὶ
1031 1882 1223 1936 ἑαυτῶν
1263 1885 1313 1935 οἱ
1344 1879 1595 1937 Ἰουδαῖοι
1623 1888 1845 1955 γνόντες,

232 1971 387 2045 ὀρθήν
418 1972 726 2045 ἐξενέγκωσι
753 1976 849 2031 τήν
874 1972 1066 2044 ψῆφον.

298 2067 395 2124 Τίς
447 2092 518 2103 -
596 2070 821 2136 πρῶτος⁸
880 2060 1070 2123 Αὑτοὺς
1119 2062 1434 2133 ἠνάγκασεν,
1494 2063 1563 2122 ὡς
1616 2064 1841 2134 εἴρηται,

232 2158 332 2210 τήν
372 2151 546 2224 ψῆφον
609 2150 903 2223 ἕξαγαγείν,
955 2152 1038 2203 ἱνα
1084 2151 1517 2223 αὑτοκατοίκριτοι
1573 2155 1839 2221 γένωνται.

232 2239 366 2294 Εἶτα
397 2239 685 2313 μεταϐαίνει
744 2244 877 2315 πρὸς
929 2245 1045 2303 τοὺς
1098 2240 1309 2301 τελώνας
1344 2245 1434 2292 καὶ
1486 2243 1577 2302 τὰς
1627 2244 1839 2315 πόρνας,

222 2329 311 2383 ἐπὶ
346 2330 496 2383 πλέον
522 2329 745 2403 ἒλέγχων
779 2330 980 2391 αύτούς.

293 2424 456 2493 Λέγει
541 2420 720 2482 αὑτοῖς
807 2451 876 2461 -
952 2427 1113 2476 Θεοὺ.

219 2515 648 2583 μετανοήσαντας
724 2513 814 2561 καὶ
898 2508 1305 2583 βαπτισθέντας,
1366 2510 1449 2561 ὅτε
1498 2510 1523 2560 6
1597 2509 1838 2571 Ἰωάννης

1205 2419 1435 2480 Τελώνας
1513 2418 1649 2491 λέγει
1719 2423 1839 2480 τοὺς

218 2599 504 2676 ἐκήρυσσε,
575 2606 667 2651 καὶ
718 2602 911 2672 πόρνας
958 2601 1167 2673 ὁμοίως.
1224 2600 1528 2673 Προάγονσι
1576 2595 1655 2663 δὲ,
1721 2596 1835 2651 ἀντὶ

216 2698 330 2757 τοῦ,
390 2688 876 2764 προλαμϐάνουσιν.
964 2686 1090 2742 Εἶτα
1165 2688 1441 2761 σαφηνίζει
1501 2691 1588 2739 τόν
1658 2686 1830 2758 λόγον,

214 2785 304 2832 καὶ
336 2775 617 2843 δίδοίσκει,
648 2786 759 2840 πῶς
786 2777 1234 2852 προλαμϐάνουσι,
1258 2777 1434 2848 λέγων·

284 2868 307 2887 '
338 2868 475 2921 Ηλθε
524 2898 592 2909 -
645 2867 808 2937 αύτῷ.
863 2866 1042 2920 Ἠλθε
1097 2870 1229 2941 πρὸς
1273 2867 1427 2938 ὑμᾶς,
1470 2864 1565 2917 ούιι
1618 2868 1666 2918 ἐν
1696 2866 1829 2938 ἠμε-

208 2958 421 3031 λημένῳ
478 2956 603 3029 βίῳ,
666 2955 778 3009 ἀλλ’
833 2955 881 3008 ἓν
925 2953 1034 3027 όδῴ
1093 2954 1298 3032 ἀρετῆς,
1362 2958 1448 3007 ἶνα
1493 2959 1583 3007 καὶ
1623 2952 1830 3018 ἀξιόπι-

208 3067 337 3108 στος
388 3054 539 3119 φανῇ,
609 3051 700 3098 καὶ
751 3045 845 3099 οὑκ
893 3044 1229 3099 ἕπιστεύσατε
1276 3044 1436 3115 αὑτῷ,
1490 3052 1827 3119 παραινοῦντι

202 3144 475 3211 μετανοεῖν
550 3140 642 3188 καὶ
718 3134 1113 3210 εὐτρεπίζεσθαι
1195 3138 1324 3207 πρὸς
1389 3131 1667 3206 ὑποδοχήν
1729 3141 1827 3195 τῆς

201 3225 488 3299 βασιλείας
518 3233 611 3278 τοὺ
633 3232 789 3278 Θεοῦ.

269 3316 450 3389 Ὑμεῖς
511 3346 581 3355 -—
633 3314 795 3385 αὑτῷ.
859 3320 1027 3386 Ὑμεῖς
1083 3309 1163 3381 δὲ,
1225 3310 1420 3374 ἰδόντες
1485 3315 1604 3375 τοὺς
1670 3311 1820 3365 τελώ-

196 3426 288 3466 νας
317 3410 413 3457 καὶ
472 3407 570 3466 τάς
624 3408 837 3476 πόρνας,
902 3410 1009 3463 πῶς
1056 3401 1467 3475 μετεϐλήθησαν,
1510 3403 1593 3455 ὅτε
1648 3401 1817 3454 ὀἸω-

196 3497 352 3555 civ-11:;
407 3493 695 3566 ἐκήρυσσε,
766 3496 857 3545 καὶ
903 3491 1185 3566 προεὶαϐον
1242 3493 1399 3564 ὑμᾶς,
1462 3492 1521 3544 οὑ
1574 3490 1816 3565 μετεϐλή-

197 3586 348 3655 θητε,
382 3585 520 3636 ὥστε
549 3589 831 3635 πιστεῦσαι
856 3580 1013 3653 αὑτῷ.

409 3784 559 3833 ΚΕΦ.
602 3776 683 3832 Ν’.
719 3782 843 3853 Περὶ
873 3783 964 3830 τοῦ
995 3774 1285 3849 ἀμπελῶνος
1315 3775 1600 3852 παραϐολή.

262 3973 462 4030 ’Δλλην
518 4003 589 4013 -
647 3970 1007 4045 ἀπεδήμησεν.

189 4064 574 4129 ὑπαινίττεται,
638 4066 725 4115 τὸν
780 4065 909 4116 Θεὸν
967 4067 1056 4115 καὶ
1111 4068 1337 4138 Πατέρα,
1395 4059 1489 4116 διὰ
1542 4065 1600 4115 τὸ
1633 4063 1805 4136 φιλοίν-

189 4153 419 4225 θρωπον,
480 4157 570 4204 καὶ
629 4148 724 4205 διά
775 4155 833 4204 τὸ
882 4160 976 4215 τῆς
1016 4150 1317 4228 παραϐολῆς
1361 4154 1493 4214 ἔθος·
1565 4151 1803 4225 ἀμπε).ὼν

184 4237 243 4292 δε
267 4242 543 4313 φυτευθεὶς
574 4241 659 4294 ὑπ’
710 4241 890 4307 αὑτοῦ,
946 4244 971 4294 6
1030 4241 1365 4318 Ἰσραηλίτής
1407 4243 1549 4306 λαὸς,
1581 4246 1634 4295 ὃν
1682 4244 1799 4316 ἐφύ-

178 4348 365 4383 τευσεν
412 4329 464 4382 ἰν
495 4338 557 4403 τῇ
616 4338 681 4404 γῇ
724 4339 820 4403 τῇς
846 4331 1174 4404 ἐπαγγελίας.
1209 4337 1345 4390 Φησὶ
1392 4336 1494 4407 γὰρ
1542 4334 1566 4385 6
1610 4330 1796 4386 Δαυὶδ’

178 4418 445 4493 Ἄμπελον
534 4418 587 4483 ἐξ
677 4420 942 4493 Αἰγύπτου
1016 4430 1266 4497 μετήρας,
1366 4422 1590 4486 ἐξέϐαλες
1679 4427 1796 4483 ἔθνη

176 4514 267 4561 atrii
323 4511 719 4581 κατεφύτευσας
823 4509 1003 4569 αὑτήν
1093 4516 1330 4584 φραγμὸς
1411 4509 1489 4581 δὲ,
1551 4515 1576 4566 6
1624 4518 1795 4587 νόμος,

178 4599 273 4650 οὐκ
330 4597 427 4650 ἑῶν
488 4598 642 4651 αὑτὸν
726 4598 1035 4673 ὶπιμιγῆναι
1125 4608 1234 4664 τοῖς
1292 4604 1481 4655 ἔθνεσι.

1090 3973 1396 4049 Ἄνθρωπον
1452 3977 1543 4047 μὶν
1616 3974 1806 4042 ὁμοίως

178 4683 230 4741 δ’
260 4688 328 4740 ἄν
366 4690 602 4762 φραγμὸς
652 4693 743 4741 καὶ
786 4691 815 4747 ἡ
873 4692 1016 4763 παρὰ
1056 4697 1149 4743 τοὺ
1190 4699 1322 4744 Θεοὺ
1367 4698 1588 4765 φυλακή,
1645 4714 1797 4769 φρου-

172 4784 353 4850 ροῦσα
440 4785 623 4829 τοῦτον
702 4776 803 4831 ἀπὸ
882 4781 1057 4840 πάσης
1137 4780 1412 4843 ἐπιϐουλῆς
1486 4791 1586 4835 τῶν
1649 4786 1799 4861 πέριξ

174 4864 358 4920 ἐθνῶν.
394 4866 655 4930 Καθεῖλες.
678 4869 800 4942 γὰρ,
854 4874 1008 4940 φησι,
1061 4873 1148 4921 τὸν
1207 4875 1442 4944 φραγμὸν
1491 4872 1673 4945 αὐτῆς,
1704 4881 1795 4928 καὶ

168 4964 443 5029 τρυγῶσιν
500 4955 664 5016 αὐτὴν
747 4958 932 5021 πάντες
1012 4960 1062 5011 οἰ
1139 4966 1619 5035 παραπορευόμενοι
1690 4969 1791 5025 τὴν

166 5042 324 5098 ὀδόν·
363 5044 514 5106 ληνὸς
568 5042 646 5111 δε,
704 5050 764 5098 τὸ
824 5046 1225 5123 Θυσιαστήριον,
1258 5049 1306 5102 ἓν
1434 5055 1490 5104 τὸ
1528 5055 1659 5126 αἷμα
1688 5053 1788 5118 ἕξε-

163 5142 343 5206 χείτο·
369 5137 571 5208 πύργος
600 5131 675 5201 δε,
729 5136 756 5188 6
793 5140 930 5203 ναὸς,
976 5133 1071 5189 διὰ
1117 5142 1175 5191 τὸ
1222 5148 1315 5201 τῆς
1346 5138 1631 5215 οἰκοδομῆς
1659 5144 1788 5217 όχυ-

158 5228 251 5297 ρὸν
307 5229 401 5277 καὶ
461 5224 681 5295 ὑψηλόν·
734 5231 955 5298 γεωργοὶ
1013 5223 1091 5291 δε,
1143 5228 1192 5280 οἱ
1272 5227 1539 5307 ἀρχιερεῖς
1592 5239 1682 5287 καὶ
1737 5237 1787 5288 οἰ

159 5320 496 5386 γραμματεῖς
553 5318 642 5367 καὶ
720 5315 771 5366 οἰ
825 5314 1168 5390 πρεσϐύτεροι
1225 5327 1317 5371 τοῦ
1384 5319 1531 5374 λαού-
1580 5326 1785 5387 τούτοις

158 5405 261 5479 γάρ
324 5401 683 5457 ἰνεπίστευσεν
751 5404 777 5455 6
827 5408 975 5469 Θεὸς,
1010 5407 1075 5467 ὡς
1107 5402 1475 5478 διδασκάλοις,
1507 5415 1593 5465 τὸν
1624 5412 1785 5487 ἀμπε-

158 5492 296 5546 λῶνα
329 5500 532 5547 τοῦτον·
578 5488 888 5565 ἀποδημίαν
938 5490 998 5547 δε
1048 5502 1141 5547 τού
1197 5494 1575 5553 οἰκοδεσπότου
1625 5510 1783 5576 φησὶν

228 5700 277 5735 ⁸⁸
313 5700 498 5760 Exod.
525 5716 656 5771 ιιι,
685 5694 743 5755 8.
856 5699 904 5736 ⁸⁸
930 5698 1087 5759 Psal.
1121 5717 1318 5775 LXXII,
1344 5706 1397 5761 9-

1512 5708 1562 5744 "
1591 5706 1738 5769 ibid.
1765 5713 1856 5771 13.

1960 1882 2186 1940 ﬁrmior
2211 1889 2382 1949 esset,
2407 1890 2463 1940 et
2481 1884 2672 1940 Judaei
2692 1882 2841 1939 nihil
2859 1883 2935 1939 de
2958 1883 3173 1955 seipsis
3200 1882 3617 1954 intelligentes,

1954 1977 2179 2030 rectam
2221 1974 2552 2047 proferrent
2590 1972 2965 2029 sententiam.

2026 2060 2189 2118 Vers.
2219 2067 2304 2119 3t.
2340 2063 2481 2128 Quis
2510 2093 2579 2102 —
2596 2062 2845 2132 primus.
2876 2061 3078 2131 Coegit
3103 2060 3261 2128 illos,
3292 2065 3359 2117 ut
3386 2060 3618 2119 dictum

1952 2154 2058 2217 est,
2124 2150 2479 2207 sententiam
2538 2165 2663 2223 qua
2722 2148 3271 2206 condemnarentur
3329 2149 3613 2222 proferre.

1951 2239 2175 2295 Deinde
2219 2239 2297 2296 ad
2340 2238 2699 2312 publicanos
2738 2237 2951 2295 transit
2992 2242 3050 2295 et
3092 2238 3455 2306 meretrices,
3500 2238 3618 2296 hos

1949 2327 2083 2399 plus
2122 2344 2309 2401 quam
2340 2327 2471 2383 illos
2510 2343 2789 2400 arguens.

2018 2418 2179 2473 Vers.
2221 2421 2311 2473 3t.
2352 2417 2453 2472 Ait
2489 2417 2615 2472 illis
2653 2447 2723 2457 —
2767 2415 2890 2473 Dei.
2931 2415 3290 2472 Publicanos
3327 2415 3471 2473 dicit
3506 2416 3612 2489 qui

1944 2505 2361 2576 pcenitentiam
2393 2510 2658 2575 egerant,
2687 2504 3094 2579 baptizatique
3123 2504 3362 2562 fuerant
3388 2503 3610 2577 praedi-

1945 2601 2116 2650 cante
2154 2596 2405 2661 Joanne,
2445 2599 2502 2650 et
2547 2594 2889 2652 meretrices
2929 2593 3197 2651 similiter
3234 2592 3606 2667 praecedunt,

1940 2682 2057 2739 hoc
2086 2689 2173 2740 est
2202 2684 2407 2756 priora
2438 2688 2708 2741 sumunt.
2742 2683 2962 2740 Deinde
2997 2687 3055 2740 et
3080 2682 3377 2741 rationem
3406 2682 3603 2750 docet,

1940 2774 2251 2845 quomodo
2287 2773 2490 2844 priora
2525 2777 2792 2838 sumunt,
2833 2772 3042 2830 dicens
3084 2789 3100 2829 :

2010 2861 2173 2917 Vers.
2219 2863 2310 2919 32.
2368 2862 2536 2917 Venit
2572 2892 2641 2901 —
2680 2858 2797 2920 illi.
2833 2862 3004 2918 Venit
3040 2861 3120 2917 ad
3156 2876 3289 2929 vos,
3329 2877 3452 2919 non
3496 2877 3606 2935 per

1937 2949 2220 3019 ignavam
2248 2949 2454 3013 vitam,
2490 2948 2598 3005 sed
2628 2964 2736 3022 per
2776 2948 2941 3006 viam
2983 2948 3238 3012 virtutis.
3270 2957 3334 3006 ut
3362 2949 3475 3006 ﬁde
3505 2950 3603 3006 di-

1935 3052 2092 3109 gnus
2130 3037 2483 3101 haberetur;
2526 3042 2583 3093 et
2622 3053 2745 3093 non
2784 3036 3118 3094 credidistis
3154 3037 3230 3102 ei,
3273 3053 3417 3095 cum
3456 3038 3600 3095 resi-

1933 3127 2161 3199 piscere
2174 3127 2251 3184 ad
2260 3142 2499 3183 monere
2506 3126 2874 3200 t,pararique
2890 3127 2968 3184 ad
2979 3127 3415 3199 susceptionem
3428 3127 3597 3198 regni

1934 3216 2054 3272 Dei.

2002 3305 2163 3361 Vers.
2201 3304 2288 3360 32.
2340 3306 2449 3361 Vos
2487 3336 2556 3345 —
2594 3305 2666 3362 ei.
2716 3303 2835 3361 Vos
2872 3308 3077 3362 autem
3114 3303 3405 3372 videntes,
3444 3319 3594 3377 quo-

1929 3394 2114 3451 modo
2157 3393 2464 3466 publicani
2503 3401 2561 3450 et
2602 3393 2940 3451 meretrices
2978 3394 3055 3451 ad
3096 3392 3591 3467 prmdicationem

1926 3484 2176 3541 Joannis
2206 3485 2478 3542 conversi
2508 3489 2696 3552 erant,
2729 3500 2853 3542 non
2881 3483 3212 3558 resipuistis
3241 3482 3321 3541 ad
3347 3483 3590 3544 creden-

1924 3574 2094 3632 dum.

2294 3798 2447 3853 CAP.
2482 3799 2540 3853 L.
2575 3798 2663 3854 De
2691 3797 2865 3855 vinea
2885 3797 3205 3869 parabola.

1989 3992 2152 4049 Vers.
2184 3996 2271 4050 33.
2305 3994 2509 4050 Aliam
2538 4025 2607 4034 —
2633 4008 2883 4065 peregre
2909 3994 3216 4064 profectus
3247 3999 3353 4051 est.
3386 3993 3583 4051 Homi-

1915 4098 2054 4138 nem
2097 4081 2366 4138 similiter
2402 4082 2779 4155 aanigmatice
2817 4080 3112 4153 signiﬁcat
3146 4083 3337 4139 Deum
3375 4086 3433 4139 et
3470 4083 3579 4140 Pa-

1915 4176 2084 4237 trem,
2119 4178 2361 4245 propter
2387 4171 2708 4227 hominum
2730 4187 3023 4238 amorem,
3053 4176 3109 4228 et
3136 4174 3380 4244 propter
3402 4188 3579 4242 para-

1910 4259 2067 4317 bolas
2090 4276 2340 4317 morem.
2366 4261 2632 4317 Plantata
2657 4265 2858 4317 autem
2886 4259 3063 4317 vinea
3089 4260 3168 4317 ab
3188 4258 3288 4316 illo
3310 4260 3574 4333 populus

1910 4356 1995 4405 est
2015 4349 2042 4405 J
2054 4349 2323 4416 udaicus,
2351 4366 2536 4421 quam
2564 4349 2855 4421 plantavit
2874 4349 2936 4406 in
2958 4354 3116 4406 terra
3134 4349 3569 4422 promissionis.

1911 4439 2057 4495 Dicit
2080 4439 2236 4494 enim
2261 4438 2452 4495 David
2475 4457 2488 4495 :
2529 4439 2770 4495 Vineam
2793 4438 2867 4497 de
2883 4440 3162 4509 Egypto
3185 4438 3567 4505 transtulisti,

1908 4528 2132 4598 ejeclsti
2161 4536 2361 4599 gentes
2392 4537 2445 4585 et
2474 4529 2765 4597 plantasti
2802 4544 2931 4586 eam
2962 4529 3030 4584 ⁸³.
3066 4528 3248 4601 Sepes
3279 4544 3421 4585 vero
3449 4528 3566 4597 lex,

1578 4609 1797 4676 Λέγοιτο
1833 4636 1875 4689 ι)
1907 4633 2028 4674 non
2044 4618 2243 4674 sinens
2257 4634 2391 4675 eam
2409 4618 2783 4674 commisceri
2800 4617 3099 4689 gentibus.
3114 4619 3570 4693 Potestquoque

1906 4706 2025 4764 dici
2057 4723 2256 4780 sepes,
2285 4707 2387 4764 Dei
2413 4708 2687 4764 custodia
2710 4724 2847 4782 qum
2873 4708 3112 4766 vineam
3140 4708 3299 4766 hanc
3325 4708 3405 4765 ab
3435 4726 3569 4767 om-

1905 4796 2073 4852 nium
2128 4795 2685 4867 circumjecentium
2724 4790 2993 4866 gentium
3038 4796 3269 4853 insidiis
3308 4798 3568 4857 custodit

1901 4887 2278 4951 Destruxisti,
2310 4885 2522 4959 inquit,
2549 4902 2740 4956 sepem
2773 4888 2922 4957 ejus,
2951 4892 3005 4944 et
3036 4886 3405 4944 vindemiant
3434 4902 3565 4946 eam

1900 4990 2101 5032 omnes
2138 4974 2243 5047 qui
2273 4975 2855 5047 pi'wtergrediuntur
2902 4976 3060 5033 viam
3099 4974 3168 5033 “.
3206 4976 3397 5033 Lacus
3436 4976 3563 5034 sive

1898 5063 2159 5119 torcular
2197 5068 2285 5121 est
2320 5065 2509 5122 altare
2553 5064 2614 5120 in
2653 5081 2776 5137 quo
2821 5064 3071 5135 sanguis
3116 5064 3558 5123 effundebatur.

1884 5153 2098 5233 Turris
2127 5168 2269 5219 vero
2300 5153 2613 5225 templum,
2645 5158 2889 5227 propter
2919 5157 3226 5210 structurae
3257 5152 3559 5213 fortitudi-

1895 5257 2033 5297 nem
2065 5256 2135 5297 ac
2166 5240 2618 5299 sublimitatem.
2650 5239 2937 5315 Agricolae
2979 5247 3205 5309 autem,
3236 5242 3375 5300 Sunt
3400 5244 3558 5317 prin-

1891 5331 2055 5403 cipes
2101 5331 2484 5389 sacerdotum
2532 5337 2591 5389 et
2634 5332 2851 5390 Scriba:
2898 5332 3280 5406 senioresque
3323 5333 3553 5409 populi.

1893 5417 1995 5474 His
2020 5420 2179 5477 enim
2203 5427 2491 5495 tanquam
2520 5422 2991 5495 praeceptoribus
3010 5421 3376 5481 concredidit
3400 5424 3554 5482 Deus

1892 5509 2052 5566 hanc
2081 5509 2343 5567 vineam.
2378 5509 2810 5569 Profectionem
2849 5516 3051 5569 autem
3082 5512 3550 5585 patrisfamilias,
