4178 6386
569 297 675 353 563
1899 290 2219 347 EUTHYMI

2290 289 2620 347 ZIGABENI
3842 291 3940 347 564

571 423 715 479 dicit
744 424 1206 495 Cbrysostomus
1232 421 1753 493 longanimitatem
1781 436 1850 476 ac
1878 419 2221 492 patientiam

2293 418 2364 470 τό
2423 417 2541 489 (56)
2621 416 3003 492 Χρυσόστομός
3085 422 3181 477 τὴν
3259 419 3648 493 μακροθυμίαν,
3724 415 3798 489 ἐφ’
3873 418 3943 477 οἷς

572 513 705 583 ejus
734 512 794 568 in
841 512 934 568 his
962 512 1066 584 qui
1096 514 1512 585 peccaverunt.

1010 512 1066 568 ui
1096 514 1512 585 peccaverunt.
2338 508 2654 579 ἡμάρτανον.

648 601 800 657 Vers.
836 603 921 657 34.
957 602 1102 658 Cum
1130 609 1324 658 autem
1355 631 1423 641 —
1455 600 1617 655 Vers.
1644 603 1729 655 36.
1764 598 2058 653 similiter.
2094 600 2228 653 Fru-

2415 598 2537 650 Ὀτε
2597 598 2655 653 δὲ
2717 630 2778 640 —
2831 598 3099 659 ὡσαύτως.
3153 600 3351 669 Καρποὶ
3416 599 3505 668 μὲν
3562 602 3651 647 τοῦ
3707 595 3942 669 ῥηθέντος

572 695 702 746 ctus
731 690 903 746 dictas
932 690 1120 745 vinem
1162 689 1499 745 observatio
1541 695 1668 745 erat
1694 687 1978 757 legalium
2010 701 2222 758 praece-

2336 692 2648 766 ἀμπελῶνος,
2708 690 2737 747 ἡ
2800 686 3001 758 φυλακὴ
3069 695 3168 739 τῶν
3221 694 3442 759 νομικῶν
3489 684 3698 736 ἐντολῶν
3727 690 3818 737 καὶ
3870 687 3945 737 αἱ·

571 785 815 852 ptorum
858 796 929 836 ac
971 780 1233 847 virtutes,
1264 779 1417 835 servi
1447 781 1650 835 autem
1693 776 2021 850 prophetae,
2072 791 2221 848 quos

2337 781 2533 857 ἀρεταί’
2590 775 2769 831 δοῦλοι
2831 772 2910 839 δε,
2971 777 3019 827 οἱ
3066 783 3351 849 προφῆται,
3401 774 3491 837 οὖς
3538 773 3717 827 ἄλλοτε
3762 773 3942 837 ἄλλους

570 869 857 934 diversos,
879 868 1255 940 diversisque
1279 865 1651 939 temporibus
1677 866 1895 921 missos
1916 863 1995 921 ad
2018 864 2220 936 repeti-

2337 869 2719 933 ἀποσταλέντας
2800 866 2869 928 εἰς
2936 864 3219 923 ἀπαίτησιν
3272 873 3363 925 τῆς
3421 866 3688 931 τοιαύτης,
3752 867 3823 925 ὡς
3878 867 3944 916 εἶ-

571 958 796 1015 tionem
835 956 1188 1028 hujusmodi
1226 954 1654 1012 observationis
1686 954 2115 1011 mandatorum
2156 969 2221 1010 ac

2333 980 2511 1037 ρηται,
2568 958 2801 1032 φυλακῆς
2857 966 2946 1008 καί
3011 964 3110 1007 τῶν
3174 953 3385 1027 ἀρετῶν,
3448 950 3712 1028 διαφόρως
3760 952 3939 1027 ἐτιμω-

568 1047 875 1113 virtutum,
916 1050 981 1102 ut
1022 1046 1248 1103 dictum
1284 1050 1397 1117 est,
1429 1045 1611 1102 variis
1651 1044 1847 1100 modis
1881 1044 2218 1117 punierunt.

2332 1057 2586 1126 ρήσαντο.
2649 1050 2858 1121 Μάρκος
2925 1041 2984 1097 δὲ
3048 1049 3138 1097 καὶ
3189 1050 3398 1105 Λουκᾶς
3459 1050 3595 1119 τρεῖς
3656 1042 3944 1105 ἀποστολὰς

569 1140 798 1195 Marcus
812 1140 1013 1192 autem
1025 1140 1081 1191 et
1094 1138 1280 1192 Lucas
1300 1140 1416 1192 tres
1428 1134 1747 1191 missiones
1758 1134 2219 1206 descripserunt,

2335 1149 2434 1192 τῶν
2513 1144 2787 1213 προφητῶν
2913 1132 3231 1206 ἀνέγραψαν,
3307 1132 3535 1207 λέγοντες
3620 1132 3945 1187 ἀπεστάλθαι

568 1225 831 1282 dicentes
864 1224 1083 1281 missos
1115 1239 1244 1280 esse
1280 1226 1324 1260 ετ
1364 1224 1560 1295 primo
1592 1238 1784 1279 unum
1820 1238 2080 1287 servum,
2122 1222 2218 1277 de-

2335 1237 2558 1303 πρῶτον,
2614 1227 2698 1279 ἕνα
2782 1222 2987 1289 δοῦλον,
3045 1222 3155 1275 εἶτα
3222 1224 3411 1298 ἕτερον,
3490 1224 3667 1276 ἔπειτα
3748 1227 3940 1299 τρίτον.

564 1314 704 1370 inde
724 1314 1001 1379 alterum,
1018 1313 1408 1385 postmodum
1430 1313 1687 1369 tertium.
1714 1315 1829 1369 Nec
1844 1312 1901 1367 id
1926 1312 2214 1368 contradi-

2337 1318 2448 1370 Οὐκ
2492 1320 2603 1370 ἔστι
2654 1313 2711 1367 δὲ
2776 1319 2930 1366 τοῦτο
2988 1310 3339 1384 ἐναντιολογία
3380 1317 3509 1385 πρὸς
3539 1316 3626 1365 τόν
3656 1315 3944 1368 Ματθαῖον.

566 1404 645 1461 cit
670 1403 765 1459 his
792 1418 931 1475 quae
961 1402 1169 1459 scribit
1193 1402 1525 1459 Matthaaus.
1554 1404 1700 1458 Nam
1732 1406 1789 1458 et
1815 1400 1914 1457 hic
1945 1417 2051 1473 per
2074 1401 2216 1457 duas

2338 1406 2581 1467 Κάκεῖνος
2611 1408 2711 1477 γὰρ
2768 1400 2859 1456 διὰ
2910 1411 3008 1455 τῶν
3068 1399 3164 1455 δύο
3224 1400 3524 1454 ἀποστολῶν
3581 1404 3776 1464 πάντας
3812 1422 3950 1476 συμ-

566 1493 882 1549 missiones
906 1491 1363 1563 comprehendit
1386 1506 1617 1556 omnes,
1646 1495 1703 1546 et
1728 1490 1996 1546 similiter
2016 1490 2096 1546 illi
2124 1506 2216 1561 pel

2334 1495 2624 1570 περιεῆαϐε,
2678 1498 2766 1545 καὶ
2836 1493 2980 1545 οὗτοι
3034 1488 3129 1544 διὰ
3182 1500 3281 1545 τῶν
3335 1500 3489 1566 τριῶν
3536 1493 3746 1564 ὁμοίως.
3806 1492 3950 1551 Πλην

567 1586 705 1646 tres,
739 1581 836 1637 hic
865 1560 1066 1637 tamen
1108 1580 1463 1651 generalius,
1508 1579 1588 1635 illi
1616 1596 1759 1636 vero
1788 1560 2217 1652 particularius,

2298 1564 2523 1647 ιἐκεῖνος
2570 1588 2660 1657 μεν
2716 1586 3036 1655 παχύτερον,
3125 1581 3269 1633 οὗτοι
3352 1580 3410 1634 6‘s
3461 1580 3948 1657 λεπτομερέστερον,

566 1671 674 1744 qui
699 1671 879 1726 etiam
899 1686 1006 1742 per
1029 1685 1216 1726 unum
1236 1685 1476 1726 servum
1497 1685 1709 1726 omnes
1736 1670 2095 1741 signiﬁcant,
2122 1670 2216 1742 qui

2336 1678 2386 1729 οἱ
2450 1680 2539 1728 καὶ
2589 1671 2681 1726 διὰ
2730 1680 2819 1724 τοῦ
2879 1671 2981 1733 ἑνός
3040 1668 3228 1724 δούλου
3282 1672 3481 1733 πάντας
3552 1667 3776 1729 δηλοῦσι
3827 1676 3952 1733 τοὺς

567 1775 692 1817 una
702 1759 985 1816 missione
997 1758 1161 1815 missi
1176 1762 1315 1815 sunt
1327 1758 1663 1830 eodemque
1676 1764 1963 1832 tempore.
1974 1760 2017 1824 Ο
2028 1758 2127 1815 uid
2141 1763 2217 1815 esl

2336 1774 2425 1825 τῆς
2482 1770 2605 1837 μιᾶς
2663 1760 2959 1823 ἀποστολῆς
3035 1766 3125 1813 καὶ
3172 1766 3264 1813 τοῦ
3312 1759 3474 1813 αὐτοῦ
3535 1768 3741 1836 καιροῦ.
3797 1766 3862 1814 Τί
3889 1758 3953 1814 δέ

567 1855 768 1907 autem
800 1848 963 1921 quod
996 1848 1138 1904 dicit
1160 1850 1391 1905 Marcus
1418 1865 1432 1904 :
1460 1848 1541 1904 Et
1570 1848 1731 1905 hunc
1762 1849 2092 1920 lapidantes
2123 1847 2217 1901 ἐκε-

2336 1855 2500 1923 ἐστιν,
2556 1855 2581 1905 ὃ
2638 1871 2796 1924 φησιν
2892 1853 3100 1925 Μάρκος
3170 1854 3287 1926 περὶ
3340 1850 3463 1915 ἑνὸς,
3550 1851 3630 1903 ὅτι
3702 1848 3952 1904 Κάκεῖνον

567 1938 868 2012 φαλαὶωσαν
918 1939 1010 1995 ⁸δῖ
1054 1938 1311 2004 Quidam
1361 1938 1569 1995 dicunt
1614 1939 1992 1995 tantumdem
2047 1939 2217 2009 signi-

2334 1943 2759 2001 λιθοϐολῆσαντες
2867 1939 3249 2013 ἐκεφαλαίωσαν
3304 1960 3316 2010 ;
3424 1943 3567 2004 Τινὲς
3641 1944 3730 2015 μὶν
3786 1939 3950 2011 εἶπον,

564 2030 755 2094 ﬁcari,
783 2045 853 2085 ac
883 2029 934 2083 si
962 2028 1213 2093 dicatur,
1240 2028 1409 2100 quod
1437 2029 1721 2099 injuriam
1746 2029 1807 2085 in
1833 2028 1949 2085 hoc
1979 2028 2214 2099 college-

2337 2037 2417 2087 ὅτι
2469 2031 2849 2106 ἐκεφαλαιωσαν
2918 2035 3012 2089 τήν
3090 2029 3258 2102 ὕϐριν,
3334 2034 3515 2103 ἤγουν,
3594 2030 3953 2107 ἐκορύφωσαν,

569 2121 711 2173 runt
747 2118 871 2174 sive
914 2117 1339 2189 impleverunt.
1369 2120 1491 2187 Ego
1533 2122 1737 2174 autem
1776 2122 1925 2190 puto
1960 2118 2219 2191 ἐκεφαλαὶ-

2339 2123 2438 2195 ἐγὼ
2481 2119 2539 2174 δὲ
2592 2119 2739 2193 οἶμαι
2791 2123 2870 2187 τὸ,
2926 2118 3330 2192 ἐκεφαλαὼσαν,
3388 2119 3502 2174 ἀντὶ
3533 2129 3646 2190 τοῦ,
3699 2126 3787 2181 τὴν
3837 2124 3955 2195 (57)

570 2225 710 2259 ωσαν
742 2206 1099 2277 signiﬁcem,
1144 2207 1333 2278 Caput
1360 2206 1442 2263 illi
1472 2208 1975 2264 comminuerunt.

1474 2208 1975 2264 comminuerunt.
2340 2211 2562 2285 κεφαλὴν
2595 2209 2753 2262 αὐτοῦ
2786 2208 3124 2284 συνέτριψαν,

642 2297 806 2351 Vers.
837 2297 926 2351 37.
960 2296 1345 2352 Postmodum
1378 2311 1515 2353 vero
1543 2327 1612 2337 --
1641 2297 1836 2365 ﬁlium
1864 2313 2076 2354 meum.
2112 2300 2233 2354 Hoc

2409 2300 2653 2374 Ὕστερον
2710 2296 2769 2351 δι
2835 2330 2904 2340 -
2958 2302 3046 2350 τόν
3087 2301 3197 2351 υἱόν
3255 2320 3380 2373 μου.
3447 2306 3610 2353 Τοῦτο
3661 2296 3816 2370 εἶπεν,
3849 2302 3962 2375 οὐχ

569 2385 725 2442 dixit
760 2401 884 2442 non
928 2386 1103 2458 quasi
1142 2385 1444 2452 futurum;
1492 2386 1716 2443 sciebat
1758 2402 2024 2459 namque
2064 2388 2219 2460 quod

2342 2394 2405 2451 ὡς
2470 2389 2861 2461 ἀποϐησόμενον
2918 2405 2930 2418 ·
2989 2387 3236 2460 ἐγίνωσκε
3306 2391 3429 2462 γὰρ,
3505 2391 3585 2442 ὅτι
3637 2390 3731 2443 οὐκ
3780 2388 3963 2467 ἔντρα-

568 2476 733 2533 hunc
761 2475 1071 2531 reverituri
1099 2490 1224 2530 non
1254 2481 1471 2541 essent,
1518 2475 1623 2531 sed
1655 2480 1943 2548 tanquam
1974 2477 2036 2533 id
2064 2478 2218 2549 quod

2341 2486 2599 2539 πήσονται
2650 2486 2827 2531 τοῦτον
2880 2496 2892 2509 ’
2946 2477 3056 2530 ἀλλ’
3112 2481 3181 2539 ὡς
3233 2477 3574 2552 ὀφειλόμενον,
3630 2482 3818 2533 ὡσανεὶ
3870 2486 3960 2534 λέ-

568 2564 698 2621 ﬁeri
722 2564 985 2629 deberet,
1019 2578 1089 2621 ac
1118 2564 1168 2619 si
1196 2563 1417 2621 diceret
1451 2580 1464 2620 :
1496 2565 1737 2636 Oportet
1762 2571 1824 2621 ut
1849 2572 2218 2623 revereantm

2340 2591 2466 2642 γων,
2522 2572 2601 2621 ὅτι
2658 2572 2765 2641 χρὴ
2827 2566 3015 2629 αὐτοὺς
3100 2565 3413 2641 ἐντραπῆναι
3489 2572 3576 2621 τόν
3652 2572 3761 2622 υἱόν
3827 2590 3957 2644 μου.

571 2653 763 2710 ﬁlium
790 2668 1017 2709 meum.
1060 2654 1251 2709 Lucas
1294 2657 1495 2710 autem
1535 2654 1637 2724 ait,
1678 2656 1845 2727 quod
1889 2656 2100 2712 dixerit
2129 2656 2221 2713 do-

2344 2664 2552 2720 Λουκᾶς
2601 2655 2660 2711 δέ
2724 2677 2903 2730 φησιν,
2963 2658 3043 2710 ὅτι
3079 2654 3214 2709 εἶπεν
3272 2658 3297 2709 ό
3358 2660 3536 2733 κύριος
3575 2667 3665 2711 τοῦ
3718 2658 3960 2734 ἀμπελῶ-

572 2744 776 2799 minus
804 2742 995 2798 vineae
1027 2756 1039 2796 :
1074 2743 1229 2810 Quid
1254 2742 1479 2813 faciam
1502 2746 1531 2799 ?
1556 2744 1789 2802 mittam
1812 2746 2011 2814 ﬁlium
2040 2762 2222 2804 meum

2344 2764 2446 2809 νος*
2484 2751 2547 2800 Τί
2590 2751 2845 2815 «auiam;
2904 2746 3093 2820 πέμψω
3144 2748 3231 2798 τὸν
3283 2748 3394 2799 υἱόν
3446 2768 3546 2820 μου
3604 2752 3691 2801 τόν
3736 2748 3958 2822 ἀγαπη-

574 2833 895 2903 dilectum,-
938 2832 1217 2901 fortassis
1254 2833 1416 2890 hunc
1443 2832 1651 2888 intuiti
1688 2835 2121 2892 reverebantur
2162 2838 2224 2892 ⁸9.

2345 2841 2451 2890 τόν·
2531 2840 2657 2899 ῖσως
2759 2844 2938 2890 τοῦτον
3044 2833 3236 2899 ἰδόντες
3319 2837 3749 2911 ἐντραπήσονται.
3824 2837 3961 2896 Εἶπε

574 2922 729 2977 Dixit
772 2926 1015 2981 autem:
1058 2922 1212 2989 Quid
1239 2923 1661 2992 faciaminon
1704 2939 1775 2980 ex
1819 2925 2224 2998 ambiguitate,

2349 2923 2428 2994 δὲ,
2485 2931 2547 2979 Τί
2600 2931 2845 2992 ποιήσω;
2905 2925 2999 2978 οὐκ
3048 2926 3101 2990 ἐξ
3168 2926 3407 3003 ἀπορίας,
3488 2928 3593 2981 ἀλλ’
3652 2929 3706 2982 ἐκ
3779 2930 3963 3003 φιλαν-

576 3011 683 3067 sed
706 3027 779 3067 ex
807 3010 1063 3067 humani
1088 3010 1321 3082 generis
1345 3027 1571 3079 amore,
1594 3013 1919 3070 ostendens
1940 3020 2226 3087 quantum

2350 3018 2599 3089 θρωπίας,
2658 3013 2927 3083 δεικνύων,
2982 3021 3143 3069 πόσον
3183 3014 3407 3076 κήδεται
3462 3028 3561 3071 τῶν
3621 3018 3962 3093 ἀχαρίστων,

576 3100 694 3157 sint
719 3100 802 3155 illi
831 3114 990 3156 curm
1019 3100 1258 3169 ingrati,
1289 3100 1565 3158 nondum
1592 3116 1695 3167 eos
1720 3104 1932 3175 punire
1958 3104 2226 3172 volando,

2348 3112 2498 3179 ρὴπω
2551 3105 2703 3159 θέλων
2752 3115 2994 3159 κακῶσαι
3058 3110 3290 3177 τούτους,
3343 3106 3469 3160 ἀλλὰ
3528 3108 3694 3171 ζητῶν
3742 3114 3965 3184 τρόπον,

575 3190 681 3246 sed
704 3189 954 3246 modum
977 3190 1326 3263 quaerendo,
1346 3207 1469 3263 quo
1490 3192 1603 3248 hos
1624 3198 2010 3265 exasperatos
2032 3195 2225 3253 reddet

2352 3191 2425 3247 δι’
2470 3195 2530 3247 οὗ
2570 3199 2780 3259 τούτονς
2854 3196 3201 3273 ἀγριωθέντας
3257 3198 3536 3271 ἡμερώσει.
3587 3203 3686 3252 Καὶ
3732 3202 3787 3252 τό
3827 3201 3969 3267 ἴσως

574 3283 664 3338 ret
687 3283 1060 3337 mansuetos.
1089 3280 1276 3337 Dictio
1305 3286 1508 3337 autem
1534 3284 1665 3343 ἴσως
1690 3283 1853 3354 apud
1884 3285 2102 3342 Lucam
2128 3300 2224 3357 prc

1223 3281 1276 3337 io
1305 3286 1508 3337 autem
1534 3284 1665 3343 ἴσως
1690 3283 1853 3354 apud
1884 3285 2102 3342 Lucam
2128 3300 2239 3357 pro
2352 3281 2432 3353 δὲ,
2458 3288 2514 3338 τὸ
2540 3285 2678 3349 εἰκὸς
2703 3282 2873 3345 δηλοῖ.

574 3384 697 3443 qua
707 3369 1016 3434 vertimus,
1032 3368 1319 3437 fortassis,
1332 3370 1393 3426 id
1410 3370 1577 3442 quod
1591 3371 1811 3428 decens
1824 3378 1915 3429 est
1926 3378 1982 3430 et
1994 3389 2239 3447 aequum

575 3459 793 3516 innuit.

646 3550 813 3604 Vers.
834 3549 921 3604 38.
941 3548 1245 3618 Agricola
1259 3552 1450 3606 autem
1465 3580 1534 3589 —
1550 3552 1693 3620 ejus.
1716 3552 2040 3610 Considera
2050 3570 2239 3627 quam

2420 3562 2488 3617 Οἱ
2540 3591 2609 3602 -
2659 3561 2837 3614 αὐτοῦ.
2898 3565 3104 3631 Σκόπει,
3158 3569 3269 3624 πῶς
3326 3562 3549 3636 ἀκριϐῶς
3605 3564 3841 3640 προλέγει
3889 3573 3973 3625 τὰ

575 3638 889 3707 diligenter
930 3636 1199 3708 praedicit
1241 3653 1311 3695 ea
1357 3654 1492 3710 quae
1530 3644 1785 3697 ventura
1827 3648 2017 3699 erant.
2063 3646 2225 3716 Atqui

2347 3649 2612 3723 μέλλοντα.
2668 3655 2769 3703 Καὶ
2821 3655 2943 3723 μὴν,
3004 3651 3109 3723 οὐχ
3157 3654 3220 3713 ὡς
3268 3657 3385 3705 Υίόν
3438 3659 3564 3707 Θεοῦ
3602 3664 3784 3708 τοῦτον
3821 3655 3967 3713 ἀνεῖ-

576 3741 702 3782 non
747 3725 1090 3782 occiderunt
1135 3727 1298 3783 hunc
1344 3731 1638 3800 tanquam
1680 3730 1782 3786 Dei
1832 3732 2059 3789 Filium.
2111 3737 2226 3791 Non

2347 3740 2457 3793 λον’
2515 3740 2609 3793 οὐκ
2659 3740 2851 3793 ἀνεῖλον
2919 3741 3093 3811 αὐτόν,
3184 3746 3252 3805 ὡς
3341 3746 3460 3797 Υἱὸν
3510 3753 3664 3799 Θεοῦ·
3722 3746 3826 3800 ἀλλ’
3890 3754 3965 3815 ὡς

578 3814 928 3872 occiderunt
952 3832 1091 3871 eum
1119 3820 1183 3872 ut
1211 3817 1314 3873 Dei
1338 3817 1573 3885 Filium,
1601 3820 1707 3876 sed
1738 3821 2082 3879 occiderunt
2110 3829 2228 3881 tan-

2347 3830 2662 3903 κληρονόμον
2704 3838 2796 3883 τοῦ
2852 3830 3165 3904 ἀμπελῶνος,
3222 3836 3405 3905 ἤγουν,
3450 3836 3515 3896 ὡς
3580 3835 3805 3909 βασιλέα
3864 3849 3965 3893 τοῦ

577 3921 767 3977 quam
796 3906 986 3961 vineae
1010 3905 1315 3962 haeredem
1342 3906 1465 3963 sive
1486 3912 1775 3982 tanquam
1804 3928 2005 3983 regem
2033 3915 2227 3971 Israel.

2348 3920 2588 3998 Ἰσραήλ,
2655 3920 2927 3984 Βλέποντες
2976 3924 3077 3998 γὰρ
3116 3923 3149 3974 ἅ
3179 3922 3557 3998 ἐτερατούργει,
3607 3932 3697 3979 καὶ
3746 3926 3970 3981 ἀκούον-

576 3995 944 4068 Αερὶοἱθήῐθε
973 3995 1271 4069 siquidem
1297 3995 1375 4053 ad
1406 4013 1477 4054 ea
1506 4014 1641 4071 quae
1673 4002 2039 4073 operabatur
2064 4006 2226 4062 mira-

2349 4030 2430 4071 τες
2492 4009 2526 4061 οἳ
2581 4009 2893 4083 ἐφιλοσόφει,
2977 4015 3300 4085 συνῄσθοντο
3359 4016 3448 4087 μὲν
3506 4013 3555 4066 ἐν
3610 4015 3814 4079 ἑαυτοῖς
3881 4019 3972 4072 ὅτι

578 4084 733 4150 cula,
763 4088 819 4139 et
840 4083 1149 4141 audientes
1170 4102 1242 4142 ea
1261 4102 1398 4159 quae
1421 4087 1859 4161 sapientissime
1887 4092 2228 4162 disserebat,

2392 4062 2430 4071 ν.
2612 4062 2622 4081 ,
2799 4062 2808 4083 ,
2880 4062 2893 4081 ,
3359 4062 3441 4087 την
3508 4062 3546 4066 -τ
3611 4062 3813 4079 παπ-ι
3884 4062 3973 4072 ν·-

2351 4100 2505 4162 αὗτὸς
2559 4098 2698 4152 ἐστιν
2757 4101 2810 4151 ὃν
2856 4101 2905 4152 οἱ
2960 4110 3229 4176 προφῆται
3267 4103 3682 4177 καταγγέλλουσι
3738 4104 3977 4178 βασιλέα

578 4181 985 4245 cognoverunt
1028 4175 1275 4249 quidem
1306 4177 1470 4249 apud
1518 4181 1875 4254 semetipsos
1906 4181 2068 4240 hunc
2112 4200 2228 4242 esse

2349 4196 2441 4241 τοῦ
2474 4189 2707 4261 Ἰσράὴλο
2769 4187 3116 4254 ἕκνικηθέντες
3174 4188 3233 4245 δε
3286 4200 3358 4263 τῷ
3410 4196 3597 4265 φθόνῳ,
3652 4199 3742 4246 καὶ
3789 4214 3974 4248 σκοτι-

576 4282 758 4340 quem
771 4265 1078 4339 prophetae
1092 4281 1295 4338 regem
1312 4268 1487 4324 Israel
1500 4272 2226 4342 annuntiaverant,verum

2354 4280 2553 4339 σθέντες
2595 4280 2696 4331 ὑπό
2736 4287 2832 4341 τῆς
2880 4278 3192 4352 βασκανίας,
3244 4288 3396 4333 τοῦτο
3442 4285 3532 4354 μὲν
3575 4282 3968 4353 συνεκάλυψαν,

574 4356 805 4413 invidia
848 4356 1062 4412 devicti
1088 4360 1144 4412 et
1168 4356 1245 4413 ab
1272 4373 1343 4413 ea
1373 4360 1674 4426 excaecati,
1703 4362 1763 4417 id
1792 4378 1935 4419 sane
1980 4367 2224 4424 occulta-

2356 4367 2669 4439 συμϐούλιον
2737 4365 2795 4421 δε
2848 4368 3046 4435 ἔλαϐον,
3119 4373 3201 4423 ἱνα
3248 4370 3401 4422 αὐτὸν
3462 4368 3825 4437 ἀποκτείνωσι,
3866 4378 3973 4428 καὶ

574 4449 810 4511 verunt,
837 4444 1153 4503 consilium
1174 4462 1315 4503 vero
1337 4454 1621 4522 ceperunt
1644 4455 1703 4507 ut
1723 4468 1860 4508 eum
1884 4454 2221 4513 occiderent

2351 4456 2531 4509 λοιπόν
2560 4464 2974 4533 κυριαρχήσωσι
3024 4467 3123 4521 τῆς
3180 4459 3522 4534 κληρονομίας
3566 4461 3746 4531 αὐτοῦ;
3780 4468 3973 4516 τουτέ-

578 4537 638 4591 et
678 4534 761 4589 ita
790 4539 1157 4605 occuparent
1180 4535 1463 4609 deinceps
1494 4538 1619 4611 ejus
1654 4539 2083 4611 haereditatem,
2128 4546 2228 4602 hoc

2357 4566 2463 4616 στι,
2490 4554 2584 4599 τοῦ
2610 4548 2755 4613 λαοῦ,
2786 4545 2951 4621 μηδὲν
2984 4548 3054 4611 εἰς
3084 4551 3141 4601 τὸ
3170 4548 3287 4613 ἑξῆς
3308 4550 3704 4612 ὑπόπτεύοντες.
3735 4555 3835 4604 Καὶ
3856 4553 3971 4626 γὰρ

576 4627 669 4679 est
709 4622 1026 4695 populum.
1067 4623 1438 4699 Occidamus,
1469 4628 1665 4701 inquit
1690 4631 1940 4704 Marcus,
1984 4649 2137 4704 eum,
2188 4652 2226 4693 θλ

2357 4636 2478 4701 ζῶν,
2512 4637 2731 4710 ἤλεγχεν
2762 4638 2972 4706 αὐτοὺς,
3028 4643 3119 4692 καὶ
3147 4637 3402 4705 ὠνείδιζε,
3444 4646 3533 4694 καὶ
3580 4641 3778 4701 ἠπείλει

574 4716 784 4803 nostra
805 4711 919 4768 erit
941 4712 1257 4803 havreditas
1283 4716 1351 4772 πο.
1375 4717 1521 4779 nihil
1544 4723 1744 4775 autem
1772 4721 1847 4777 de
1873 4737 1944 4778 eo
1967 4725 2132 4796 quod
2159 4726 2221 4781 in
2246 4731 2554 4800 posterum
2582 4729 2927 4785 succederet
2950 4730 3436 4803 suspicabantur.
3469 4731 3699 4787 Etenim
3751 4711 3974 4788 vivens

576 4800 777 4857 adhuc
802 4801 1093 4872 arguebat
1122 4819 1247 4871 eos,
1275 4809 1332 4863 et
1358 4808 1763 4879 exprobrabat
1786 4809 1918 4877 illis,
1946 4827 2070 4869 non
2100 4819 2303 4873 tamen
2326 4816 2377 4873 ei
2408 4816 2558 4873 ﬁdes
2587 4818 2950 4875 habebatur.

646 4893 809 4947 Vers.
838 4890 929 4949 39.
954 4892 1033 4950 Et
1054 4925 1121 4934 —
1142 4896 1507 4955 occiderunt.
1535 4898 1709 4956 Extra
1735 4900 2019 4957 terminos
2045 4902 2234 4960 vinem

2419 4911 2521 4960 Καὶ
2573 4938 2641 4949 -
2700 4906 3018 4964 ἀπέκτειναν.
3072 4908 3208 4971 Ἐξω
3283 4917 3382 4960 τῶν
3434 4908 3586 4982 ὁρίων
3643 4914 3736 4961 τοῦ
3784 4907 3977 4983 ἀμπε-

577 4997 720 5054 suae,
755 4984 920 5040 extra
950 4983 1267 5042 civitatem.
1294 4988 1443 5044 Nam
1472 4988 1630 5045 hunc
1660 4994 1826 5048 extra
1854 4988 2017 5049 illam
2048 4994 2227 5050 cruci-

2344 4995 2514 5064 λῶνος,
2572 5001 2757 5070 ἤγουν,
2812 4998 2905 5062 ἔξω
2958 5007 3050 5059 τῆς
3118 4998 3327 5060 πόλεως.
3416 4997 3553 5061 Ἔξω
3603 5001 3705 5074 γὰρ
3789 4999 3972 5067 αὐτῆς

647 5160 698 5197 ³⁷
722 5160 901 5219 Marc.
926 5176 992 5230 ιι,
1020 5167 1054 5219 2
1084 5179 1288 5239 seqq.;
1316 5167 1455 5226 Luc.
1486 5184 1588 5237 xx,
1620 5171 1691 5229 10
1716 5185 1887 5245 seqq.
2001 5172 2050 5209 ⁸⁸
2082 5172 2257 5231 Marc.
2294 5190 2394 5243 xu,
2436 5178 2489 5231 4.
2604 5176 2653 5211 ³⁸
2688 5177 2826 5233 Luc.
2854 5192 2954 5244 xx,
2993 5180 3078 5234 13.
3190 5178 3241 5215 ⁸ο
3270 5180 3447 5236 Marc.
3475 5195 3569 5249 xu,
3598 5180 3653 5238 8.

1837 5350 2066 5420 Variae
2091 5351 2422 5423 lectiones
2467 5364 2534 5424 et
2577 5363 2781 5425 notae.

647 5561 762 5703 £56)
789 5564 930 5621 Tom
962 5567 1078 5636 v11,
1126 5570 1320 5639 p.670
1343 5570 1410 5627 Α.

672 5635 763 5703 57)
802 5636 999 5692 Simile
1038 5643 1144 5703 est,
1176 5641 1343 5703 quod
1372 5641 1703 5703 Hesychius
1742 5644 1969 5703 laudat.
2007 5650 2231 5703 waeoav

1357 5570 1410 5627 Α.
2342 5582 2401 5631 τὸ
2423 5579 2495 5641 εἰς
2518 5581 2743 5651 γνάθους
2773 5581 3007 5638 τύπτειν.

1372 5641 1703 5703 Hesychius
1742 5644 1969 5703 laudat.
2007 5650 2231 5703 νναθοῦν
2413 5651 2531 5703 (58)
2602 5651 2927 5703 Hentenius
2988 5653 3005 5703 i

672 5635 763 5704 57)
802 5636 999 5692 Simile
1038 5635 1147 5707 est;
1176 5641 1343 5714 quod
1372 5641 1703 5713 Hesychius
1742 5644 1969 5712 laudat,
2007 5650 2231 5719 γναθοΰν

2413 5635 2540 5723 (Βὲῐ
2602 5635 2927 5709 Hentenius
2988 5635 3091 5724 ita,
3164 5669 3236 5714 ac
3298 5654 3350 5711 si
3398 5653 3601 5727 legerit
3655 5654 3970 5725 ἠπιστήθη.
