4178 6388
247 342 345 399 565

1218 331 1591 392 COMMENT.
1635 327 1705 384 IN
1742 322 2188 383 MATTHIEUM.
2230 357 2300 366 -—
2339 325 2496 381 CAP.
2527 324 2679 378 XXI.

3523 321 3630 379 566

245 477 415 523 τοῦτον
468 468 841 541 ἆσταυρωσαν.
898 466 1113 537 Μάρκος
1168 459 1227 516 δὲ
1280 481 1458 535 φησιν,
1524 460 1603 511 ὅτι
1660 462 1837 530 πρῶτο·

1970 449 2244 507 ﬁxerunt.
2290 454 2518 508 Marcus
2544 455 2743 507 autem
2765 449 2927 517 dicit,
2960 447 3127 521 quod
3172 447 3335 503 hunc
3363 448 3628 520 primum

245 561 539 612 ἀπέκτειναν
589 556 774 626 αὐτόν,
824 552 937 608 εἶτα
984 553 1217 617 ἐξέϐαλον
1263 552 1357 615 ἔξω
1405 557 1497 602 του
1544 546 1855 619 ἀμπελῶνος.

244 652 305 703 Ti
360 646 443 701 οὖν
521 647 781 720 ἐροῦμεν;
817 648 896 698 ὅτι
954 649 1011 697 τό
1072 642 1335 706 Ἐξέϐαλον
1408 641 1501 703 ἔξω
1566 638 1682 689 καθ’
1758 634 1856 687 ἓτε-

242 761 326 814 ρον
361 739 548 799 ἐκεῖνος
575 735 688 789 εἶπε
719 739 1117 808 σημαινόμενον,
1158 732 1267 785 ἀντὶ
1306 739 1418 796 τοῦ,
1467 731 1856 800 ’Λπεστὲρησαν

244 830 380 900 (59),
411 832 479 890 ὡς
508 827 690 889 αὐτοῖς
715 823 907 881 ἐδόκει.

311 919 472 971 Ὀταν
517 949 586 958 —
628 919 879 980 ἐκείνοις
911 915 1103 974 Αὐτοὺς
1148 911 1315 985 ἐρωτᾷ
1356 909 1526 975 πάλιν,
1580 906 1663 958 ἱνα
1705 904 1855 956 αὐτοὶ

242 1008 359 1062 καθ’
416 1008 610 1061 ἑαυτῶν
672 1005 1025 1078 ἐξαγαγόντες,
1093 1000 1358 1055 κάνταῦθα
1423 1003 1516 1057 τὴν
1591 996 1853 1069 ἀπόφασιν

242 1099 569 1172 αὖτοκατάκρ
579 1116 681 1149 ιτοι
709 1099 957 1167 γένωνται
966 1136 977 1148 .

314 1193 575 1259 Λέγουσιν
606 1218 676 1226 —
717 1184 959 1238 ἀπολέσει
990 1182 1196 1243 αὐτούς.
1226 1183 1433 1242 Κακοὺς
1474 1182 1625 1238 ὄντας
1654 1181 1852 1249 πικρῶς

239 1278 449 1331 κολάσει
478 1277 685 1338 αὐτούς,

310 1373 413 1421 Καὶ
461 1366 746 1417 -αὖτῶω
809 1369 1044 1425 *Ακοντες
1098 1362 1488 1437 προφητεύουσὶ
1545 1360 1633 1408 καὶ
1698 1354 1845 1406 αὐτοὶ

234 1461 290 1510 τὸ
338 1456 543 1527 μελλον.
580 1454 769 1508 Ἐλθὼν
820 1454 977 1527 γάρό
1030 1454 1207 1526 κύριος
1255 1456 1346 1501 τοῦ
1389 1448 1623 1500 τοιούτου
1679 1444 1850 1516 ἀμπε-

231 1548 411 1608 λῶνος,
460 1550 657 1617 ἧχουν,
704 1543 932 1605 ἀναστὰς
978 1541 1031 1594 ἐκ
1060 1550 1248 1613 νεκρῶν
1294 1541 1318 1592 ὁ
1368 1540 1618 1611 Χριστός,
1653 1536 1678 1586 ὁ
1724 1533 1848 1591 κλη-

232 1641 475 1710 ρονόμος,
509 1640 601 1685 καὶ
648 1633 931 1685 ἐπανελθὼν
983 1632 1053 1692 εἰς
1100 1636 1193 1688 τὴν
1230 1626 1369 1682 ἰδίαν
1414 1626 1673 1691 ἐξουσίαν,
1718 1643 1848 1695 παρ-

974 1721 1249 1793 Ῥωμαίοις
1313 1719 1384 1779 εἰς
1472 1716 1675 1790 ὄλεθρον
1756 1718 1845 1766 καὶ

232 1723 425 1778 ἔδωκεν
517 1725 705 1783 αὐτοὺς
783 1730 895 1784 τοῖς

1968 539 2330 607 occiderunt,
2363 541 2579 596 deinde
2620 540 2779 597 foras
2827 542 2984 594 extra
3009 537 3249 593 vineam
3304 538 3626 607 eiecerunt.

1970 629 2123 693 Quid
2145 646 2286 700 ergo
2313 631 2582 686 dicemus
2601 631 2627 684 ?
2658 629 2825 695 Quod
2849 629 2961 693 ille,
2995 632 3171 683 Foras
3198 628 3428 699 ejicere,
3455 630 3630 699 juxta

1965 718 2130 773 aliud
2152 720 2301 775 dixit
2348 720 2765 791 signiﬁcatum,
2822 725 2885 773 ut
2929 718 3299 774 tantumdem
3348 719 3421 774 sit
3474 719 3629 775 sicut

1966 807 2309 866 haereditate
2342 811 2597 883 privare,
2624 813 2803 881 prout
2832 808 2946 863 illis
2969 806 3305 863 videbatur,

2037 918 2198 972 Vers.
2230 918 2318 972 40.
2354 919 2503 974 Cum
2534 949 2602 957 —
2634 918 2754 973 illis
2779 916 2808 971 τ
2838 919 3094 972 Rursum
3135 930 3238 970 eos
3277 916 3627 989 interrogat,

1965 1007 2030 1061 ut
2048 1011 2255 1063 contra
2273 1008 2621 1077 semetipsos
2647 1007 2759 1079 ipsi
2791 1006 3231 1062 concitarentur
3259 1004 3377 1075 (tt),
3410 1022 3479 1061 ac
3496 1021 3626 1063 sese

1963 1095 2191 1167 prolata
2208 1098 2495 1153 sententia.
2522 1095 3014 1152 condemnarent.

2034 1187 2195 1242 νει-ε.
2227 1190 2316 1242 41.
2343 1188 2567 1244 Dicunt
2590 1218 2659 1227 —
2684 1185 2909 1255 perdet.
2930 1182 3069 1241 Mali
3084 1199 3223 1240 cum
3250 1183 3385 1255 sint,
3418 1185 3626 1243 acerbe

1962 1274 2094 1332 illos
2121 1277 2346 1347 puniet.

2032 1367 2193 1421 Vers.
2214 1368 2304 1421 41.
2336 1369 2404 1421 Et
2434 1398 2503 1406 —
2531 1366 2655 1422 suis
2681 1364 2955 1421 Nolentes
2996 1364 3357 1435 prophetant
3415 1366 3470 1420 et
3511 1365 3625 1437 ipsi

1960 1454 2125 1527 quod
2155 1455 2421 1511 futurum
2461 1461 2570 1511 est.
2630 1454 2882 1511 Veniens
2925 1453 3084 1508 enim
3134 1452 3412 1508 dominus
3443 1454 3623 1525 hujus

1958 1545 2169 1609 vineae,
2203 1551 2349 1615 puta
2373 1545 2639 1601 Christus
2683 1543 2875 1599 haeres
2904 1559 2939 1599 a
2970 1541 3221 1597 mortuis
3277 1558 3619 1613 resurgens.

1959 1651 2027 1689 ac
2053 1636 2295 1706 propria
2318 1638 2603 1706 potestate
2629 1649 2923 1699 reversus,
2947 1631 3194 1687 tradidit
3218 1647 3316 1687 eos
3338 1634 3625 1689 Romanis

1958 1722 2018 1778 in
2040 1724 2436 1795 perditionem
2460 1729 2513 1779 et
2545 1723 2869 1778 interitum.
2923 1723 3144 1776 Locum
3176 1725 3378 1776 autem
3437 1722 3623 1779 vineae

231 1814 549 1887 ἀφανισμόν.
618 1816 715 1866 Τόν
776 1810 834 1865 δε
881 1816 1036 1864 τόπον
1120 1817 1212 1863 τοῦ
1282 1807 1573 1882 ἀμπελῶνος
1632 1801 1837 1868 ἐξέδωκε

1960 1813 2167 1868 locavit
2215 1813 2684 1868 Christianorum
2724 1809 3040 1882 episcopis,
3100 1810 3199 1880 qui
3251 1810 3620 1881 temporibus

230 1913 342 1965 τοῖς
396 1913 498 1956 τῶν
548 1910 879 1978 Χριστιανῶν
928 1900 1254 1969 ἐπισκόποις,
1308 1900 1357 1951 οἳ
1400 1902 1490 1949 καὶ
1541 1898 1676 1948 κατά
1725 1898 1846 1956 τοὺς

230 1998 449 2068 καιροὺς
502 1994 692 2058 αὐτῶν,
753 1992 836 2045 ὃτι
889 1987 1097 2050 δηλαδὴ
1159 1992 1225 2042 τὰ
1290 1996 1620 2063 Χριστιανων
1680 1986 1843 2048 ἤνθει,

232 2082 587 2159 διαφερόντως
648 2082 1034 2157 ἑκαρποφόρουν
1091 2083 1180 2141 τὰς
1240 2078 1420 2153 ἀρετάς
1479 2076 1635 2130 Ἀλλά
1697 2082 1844 2128 Ματ-

232 2177 386 2236 Gaio;
570 2173 755 2235 αὐτοὺς
805 2172 941 2244 λέγει
987 2172 1103 2223 καθ’
1144 2170 1336 2223 ἑαυτῶν
1388 2172 1482 2225 τὴν
1530 2166 1702 2238 ψῆφον
1746 2164 1844 2227 ἐξε-

231 2272 436 2335 νεγκεῖν
468 2285 480 2297 ·
525 2266 727 2337 Μάρκος
798 2259 858 2315 δὲ
922 2266 1010 2314 καὶ
1068 2266 1272 2321 Λουκᾶς
1323 2277 1498 2331 φασιν,
1562 2256 1639 2310 ὅτι
1688 2254 1842 2318 αὐτὸς

233 2352 532 2425 ἀπεφήνατο
586 2354 702 2405 κατ’
765 2352 955 2405 αὐτῶν.
1018 2352 1170 2413 Εἰκὸς
1223 2346 1300 2416 δὲ,
1367 2356 1568 2421 πρῶτον
1622 2346 1843 2408 ἐκείνους

229 2443 627 2516 ἀποφήνασθαι,
674 2440 788 2495 εἶτα
835 2445 920 2494 τόν
970 2444 1200 2516 Χριστὸν
1252 2439 1431 2506 εἰπεῖν,
1485 2438 1606 2511 ὅπερ
1662 2434 1843 2489 ἐκεῖνοι

228 2532 392 2597 εἶπον,
452 2532 851 2586 ἐπιϐιϐαιοῦντα
888 2535 973 2584 τόν
1025 2530 1175 2602 λόγον
1224 2529 1410 2583 αὐτῶν.
1445 2524 1739 2581 ’ἰδιαίτατα
1784 2522 1842 2584 δὲ

230 2632 439 2686 Λουκᾶς
503 2629 727 2699 εἴρηκεν,
807 2624 886 2675 ὃτι
970 2622 1283 2682 ἀκούσαντες
1362 2622 1521 2681 εἶπον,
1598 2622 1682 2676 Μὴ
1760 2622 1840 2689 γέ·

223 2735 383 2768 νοιτο.
446 2718 556 2787 Πρὸ
590 2713 806 2782 ῖτούτου
851 2714 952 2787 γὰρ
1004 2711 1325 2783 ἀγνοοῦντες,
1373 2710 1452 2760 ὃτι
1498 2712 1617 2782 περὶ
1674 2706 1841 2759 αὐτῶν

228 2803 287 2864 ἦν
326 2808 357 2863 ἠ
413 2802 709 2878 παραϐολὴ,
764 2801 1188 2873 κατεψηφίσαντο
1237 2800 1449 2852 ἑαυτῶν-
1496 2798 1712 2872 ὕστερον
1759 2794 1837 2863 δὲ,

225 2894 683 2966 ἐπιψηφισαμένου
759 2900 853 2946 τοῦ
900 2899 1156 2967 Χριστοῦ,
1210 2898 1459 2959 συνῆκαν,
1528 2892 1618 2940 καὶ
1676 2888 1836 2953 εἷπον,

807 2624 886 2675 ὃτι
970 2620 1095 2674 ἀκού
1106 2640 1283 2682 σαντες
1362 2618 1521 2681 εἶπον,

222 2990 310 3043 Μὴ
338 2989 561 3055 γένοιτο.

294 3078 457 3144 Λέγει
531 3104 592 3113 -
660 3076 887 3143 growing;
919 3074 1178 3128 Λαυϊτικὴ
1262 3072 1350 3141 μεν
1421 3070 1451 3127 ἡ
1528 3070 1835 3142 προφητεία,

1957 1901 2100 1967 suis,
2129 1901 2377 1973 quando
2401 1901 2671 1957 videlicet
2700 1900 3168 1954 Christianorum
3200 1902 3475 1969 tempora
3516 1900 3624 1956 ﬂo-

1953 1991 2184 2057 rebant,
2219 1992 2413 2047 varias
2443 1990 2685 2047 virtutes
2712 1987 3173 2046 fructiﬁcahant.
3216 1988 3425 2042 Verum
3476 1991 3621 2046 Mat-

1954 2080 2141 2135 thaaus
2170 2080 2417 2151 quidem
2449 2080 2610 2152 ipsos
2640 2078 2718 2134 ait
2760 2082 2968 2133 contra
2999 2091 3127 2132 sese
3159 2076 3450 2148 potulisse
3491 2093 3622 2132 sen-

1954 2170 2209 2226 tentiam.
2244 2171 2473 2225 Marcus
2506 2174 2706 2224 autem
2727 2172 2782 2224 et
2806 2170 2993 2223 Lucas
3023 2166 3231 2221 dicunt
3258 2166 3460 2237 ipsum
3483 2183 3622 2223 con-

1953 2263 2041 2315 tra
2068 2259 2199 2315 illos
2231 2258 2592 2318 sententiam
2625 2258 2827 2314 tulisse
2863 2258 2935 2314 9‘.
2966 2255 3301 2313 Verisimile
3341 2271 3485 2326 ergo
3532 2260 3622 2314 est

1951 2350 2215 2421 primum
2242 2347 2372 2404 illos
2406 2348 2609 2404 tulisse
2636 2347 3023 2412 sententiam;
3069 2344 3289 2400 deinde
3315 2344 3618 2401 Christum

1952 2437 2166 2492 dixisse
2197 2438 2364 2509 quod
2396 2437 2476 2492 illi
2507 2437 2795 2496 dixerant,
2838 2434 3257 2490 conﬁrmando
3284 2433 3510 2489 dictum
3531 2435 3620 2505 ip-

1954 2544 2179 2584 sorum.
2207 2527 2616 2599 Propriissime
2637 2530 2837 2582 autem
2865 2524 3012 2579 dixit
3043 2524 3253 2591 Lucas,
3280 2522 3446 2595 quod
3476 2539 3617 2579 cum

1953 2616 2263 2673 audissent
2292 2616 2597 2671 dixerunt:
2628 2614 2809 2669 Absit.
2834 2616 3023 2668 Antea
3054 2611 3213 2667 enim
3245 2611 3617 2681 ignorantes,

1952 2705 2119 2778 quod
2159 2705 2233 2761 de
2264 2706 2408 2777 ipsis
2438 2709 2597 2761 esset
2626 2703 2937 2775 parabola,
2963 2703 3505 2758 condemnaverant
3532 2717 3621 2756 se-

1950 2795 2114 2866 ipsos
2150 2813 2163 2863 ;
2218 2794 2607 2867 postmodum
2634 2809 2776 2849 vero
2808 2792 3186 2856 sententiam,
3220 2792 3618 2848 conﬁrmante

1952 2884 2202 2949 Christo,
2226 2883 2643 2939 intellexerunt
2669 2887 2724 2938 et
2753 2882 3045 2946 dixerunt,
3076 2880 3264 2936 Absit.

2017 3081 2180 3136 Vers.
2217 3080 2303 3134 42.
2341 3080 2496 3135 Dicit
2531 3110 2599 3121 —
2650 3077 2921 3149 anguli?
2960 3077 3248 3133 Davidica
3295 3075 3614 3148 prophetia

219 3160 464 3216 δείκνυσι
496 3159 555 3216 δὲ
588 3159 682 3214 διὰ
728 3164 926 3223 ταύτης
975 3162 1000 3213 ὁ
1031 3163 1282 3234 Χριστὸς,
1316 3160 1396 3211 ὅτι
1425 3159 1632 3219 πάντως
1663 3160 1832 3221 ἔσται,

1960 3174 2056 3228 ast.
2083 3170 2352 3227 Ostendit
2365 3174 2562 3226 autem
2578 3184 2684 3240 per
2700 3168 2857 3224 hanc
2875 3167 3160 3232 Christus,
3182 3166 3348 3238 quod
3361 3166 3611 3222 omnino

573 3250 994 3323 προαγγελθέντα
1068 3250 1230 3303 παλαι
1310 3250 1453 3323 παρὰ
1521 3255 1613 3299 τοῦ
1684 3246 1833 3317 ἁγίου

219 3347 538 3415 Πνςῦματος.
637 3346 736 3394 Καὶ
818 3338 1218 3415 ἀναιρεθήσεται
1309 3342 1398 3411 μὲν
1471 3336 1557 3390 ὑπ’
1643 3336 1830 3401 αὐτῶν,

218 3433 445 3493 ἀναστὰς
493 3428 554 3483 δὲ
584 3430 639 3483 ἐκ
682 3438 887 3502 νεκρῶν,
925 3435 1201 3501 γενήσεται
1247 3427 1317 3489 εἰς
1359 3427 1582 3499 κεφαλὴν
1620 3430 1831 3497 γωνίας.

213 3528 275 3576 Τί
334 3519 398 3575 δί
457 3525 613 3573 τοῦτ-ὀ
668 3519 826 3587 ἔστιν,
874 3518 1104 3592 ἐροῦμεν.
1149 3526 1419 3593 Τροπικῶς
1471 3519 1499 3575 ἠ
1543 3520 1835 3589 προφητεία

212 3614 354 3665 λίθον
400 3614 497 3685 μὲν
556 3611 792 3683 ὠνόμασε
840 3614 927 3661 τόν
988 3613 1234 3680 Χριστόν·
1291 3604 1693 3679 οἰκοδομοῦντας
1752 3603 1829 3669 δὲ,

216 3706 332 3762 τοὺς
366 3698 739 3759 διδασκάλους
770 3707 867 3751 τῶν
910 3695 1200 3767 Ἰουδαίων,
1259 3698 1348 3758 οὖς
1382 3702 1471 3749 καὶ
1514 3700 1768 3771 γεωργοὺς
1800 3698 1827 3753 ἡ

1115 3784 1512 3861 ἀπεδοκίμασαν
1609 3782 1666 3837 δὲ
1744 3789 1831 3837 τόν

218 3256 252 3305 οἱ
326 3252 490 3318 εἶπεν,

219 3790 491 3863 παραϐολὴ
587 3793 1031 3862 προσηγόρευσεν·

212 3890 449 3934 τοιοῦτον
504 3881 650 3932 οὗτοι
692 3878 852 3949 λίθον,
908 3880 1090 3950 ἦγουν,
1148 3876 1445 3943 ἀπώσαντο,
1495 3884 1695 3951 πρῶτον
1741 3879 1830 3947 μὲν

210 3970 471 4043 λέγοντες.
540 3970 705 4029 Οὗτος
761 3968 854 4021 οὐκ
920 3971 1059 4020 ἔστιν
1117 3965 1171 4019 ἐκ
1221 3967 1332 4041 (60)
1385 3974 1476 4019 τοῦ
1530 3971 1675 4019 Θεοῦ·
1741 3972 1830 4017 καὶ

488 4059 659 4120 Οὗτος
719 4058 886 4129 πλανᾷ
960 4060 1045 4110 τὸν
1122 4062 1316 4130 κόσμον
1389 4056 1524 4128 (61),
1602 4061 1691 4107 καὶ
1765 4058 1831 4107 τὰ

1492 4144 1693 4218 Κεφαλὴ
1771 4142 1829 4198 δὲ

210 4244 398 4310 γωνίας
458 4237 602 4290 ἐστὶν
652 4238 675 4288 ὁ
730 4235 1102 4310 ἀκρογωνιαῐος
1142 4235 1303 4298 λίθος.
1348 4235 1576 4309 Ἐγένετο
1626 4232 1712 4287 οὖν
1762 4236 1829 4297 εἰς

211 4061 385 4125 πάλιν,

210 4158 451 4203 τοιαῦτα·
520 4147 801 4201 τελευταῖον
876 4144 935 4200 δὲ
1002 4152 1412 4222 σταυρώσαντες.

210 4329 435 4401 κεφαλὴν
476 4332 676 4399 γωνίας
721 4328 745 4381 ὀ
780 4329 1025 4399 Χριστός,
1078 4330 1107 4383 ἤ
1140 4346 1287 4398 γουν,
1320 4325 1544 4400 ὑπῆρξεν
1588 4325 1826 4399 ἀκρογω-

210 4427 371 4480 νιαῖος
438 4419 603 4481 λίθος,
673 4416 720 4468 ἐν
773 4425 843 4488 τῷ
915 4418 1327 4490 παρεικάζεσθαι
1399 4420 1612 4489 τοιούτῳ
1678 4416 1823 4487 λίθῳ.

1944 3261 2143 3317 futura
2170 3265 2303 3317 sunt
2334 3276 2463 3332 quas
2495 3259 2654 3323 dixit,
2690 3274 2825 3331 quae
2856 3258 3036 3312 etiam
3070 3272 3105 3312 a
3160 3256 3376 3327 Spiritu
3404 3259 3612 3312 sancto

1943 3350 2086 3406 olim
2112 3350 2511 3424 praenuntiata
2531 3349 2786 3404 fuerant.
2820 3350 2883 3401 Et
2911 3346 3157 3419 quidem
3204 3344 3281 3401 ab
3335 3346 3419 3399 eis
3457 3344 3610 3400 occi-

1943 3439 2110 3494 detur
2182 3438 2476 3505 Cbristus,
2560 3436 2683 3492 sive
2761 3434 3226 3508 reprobabitur:
3294 3449 3505 3488 verum
3574 3448 3613 3490 a

1945 3528 2196 3583 mortuis
2224 3544 2565 3597 resurgens,
2598 3526 2697 3581 ﬁet
2738 3526 2798 3580 in
2830 3528 3011 3596 caput
3068 3523 3289 3592 anguli.
3338 3523 3487 3588 Quid
3521 3527 3610 3578 est

1942 3623 2142 3673 autem
2167 3618 2279 3673 hoc
2304 3617 2331 3671 ?
2354 3617 2616 3671 Dicimus
2648 3614 2813 3687 quod
2839 3613 3153 3686 prophetia
3182 3612 3479 3668 Christum
3502 3628 3611 3683 ap-

1942 3706 2186 3779 pellavit
2216 3707 2477 3779 lapidem
2512 3724 2525 3773 ;
2566 3703 2931 3761 aediﬁcantes
2963 3720 3124 3773 vero,
3162 3703 3482 3771 magistros
3515 3705 3611 3757 Ju-

1943 3797 2231 3863 deeorum,
2247 3812 2399 3868 quos
2413 3797 2589 3851 etiam
2606 3793 2895 3863 agricolas
2913 3793 3248 3849 nominavit
3262 3792 3609 3864 praecedens

1940 3886 2233 3957 parabola
2267 3905 2279 3949 ;
2321 3885 2797 3957 reprohaverunt
2855 3888 3054 3937 autem
3106 3882 3229 3936 sive
3261 3880 3611 3953 repulerunt

1940 3975 2097 4030 hunc
2125 3975 2410 4047 lapidem,
2444 3975 2706 4046 primum
2734 3972 2981 4043 quidem
3007 3972 3264 4026 dicentes
3304 3988 3315 4025 :
3352 3971 3451 4026 Hic
3484 3987 3607 4025 non

1939 4068 2017 4119 est
2046 4082 2079 4118 α
2105 4064 2222 4119 Deo
2252 4066 2323 4133 θ’,
2370 4067 2425 4119 et
2454 4078 2691 4119 rursum
2727 4077 2738 4115 :
2778 4062 2888 4116 Hic
2941 4060 3169 4116 seducit
3195 4060 3482 4115 mundum
3534 4060 3604 4129 9³,

1940 4154 2175 4227 aliaque
2209 4152 2462 4209 similia:
2498 4151 2706 4207 ultimo
2742 4166 2875 4206 vero
2924 4149 3360 4217 cruciﬁgentes.
3412 4151 3605 4221 Caput

1937 4250 2136 4299 autem
2165 4243 2367 4315 anguli
2399 4246 2490 4299 est
2514 4242 2665 4313 lapis
2719 4239 3045 4311 angularis.
3092 4238 3299 4310 Itaque
3341 4238 3603 4292 Christus

1937 4332 2127 4388 factus
2159 4339 2249 4388 est
2278 4333 2337 4388 in
2367 4337 2548 4405 caput
2569 4330 2794 4401 anguli,
2830 4330 2953 4384 sive
2980 4329 3171 4384 factus
3194 4332 3281 4383 est
3310 4326 3463 4399 lapis
3495 4343 3600 4383 an-

1937 4423 2183 4496 gularis,
2204 4439 2341 4477 cum
2355 4421 2715 4477 assimilatus
2732 4417 3179 4493 esthujusmodi
3208 4417 3414 4489 lapidi.
3444 4420 3597 4473 Nam

210 4512 461 4584 Καθοὲπερ
517 4511 619 4582 γὰρ
665 4506 853 4568 ἐκεῖνος
900 4505 973 4577 ἐφ’
1006 4506 1171 4577 ἐαυτῷ
1219 4502 1401 4558 συνδεί
1444 4511 1660 4577 τοίχους
1706 4503 1823 4577 δύο,

1960 4514 2088 4569 ιὶουι
2101 4511 2195 4566 ille
2211 4512 2341 4580 conj
2354 4511 2519 4580 ungit
2532 4509 2588 4564 in
2606 4510 2807 4581 seipso
2822 4508 2975 4564 duos
2988 4507 3261 4577 parietes,
3283 4507 3363 4563 ita
3375 4508 3599 4564 etChri-

211 4605 292 4651 τόν
325 4600 493 4652 αὐτόν
526 4602 715 4671 τρόπον
746 4601 835 4649 καὶ
880 4597 904 4647 ὁ
934 4599 1188 4669 Χριστὸς,
1238 4594 1317 4666 ἐφ’
1348 4595 1511 4666 ἑαυτῷ
1546 4593 1832 4669 συνδεσμεῖ

209 4694 327 4753 τοὺς
360 4686 463 4743 δύο
509 4686 687 4752 λαοὺς,
718 4690 803 4739 τόν
849 4705 903 4739 τε
932 4684 985 4748 ἐξ
1024 4684 1176 4738 ἐθνῶν
1220 4690 1310 4739 καὶ
1338 4688 1422 4738 τὸν
1454 4685 1506 4749 ἐξ
1536 4684 1827 4763 Ἰουδαίων,

236 4954 243 4963 η
281 4869 325 4907 ’ί
353 4868 543 4925 Marc.
583 4882 685 4937 xu,
715 4869 747 4923 9
780 4883 794 4938 ;
824 4866 963 4922 Luc.
1007 4880 1080 4921 xx
1119 4865 1205 4930 16,
1285 4866 1332 4899 θ’
1358 4865 1634 4933 Joan.1x,
1671 4869 1756 4924 16.

1940 4606 2063 4657 stus
2079 4601 2137 4655 in
2155 4600 2351 4672 seipso
2365 4602 2516 4655 duos
2532 4598 2833 4655 coadunat
2854 4596 3126 4669 populos,
3144 4596 3426 4667 gentilem
3440 4600 3599 4655 vide-

1940 4691 2078 4747 licet
2099 4694 2155 4746 et
2181 4689 2522 4756 Iudaicum,
2557 4704 2627 4745 ac
2657 4704 2763 4763 per
2799 4687 2984 4744 ﬁdem
3023 4686 3163 4744 facit
3207 4704 3418 4744 unum.
3461 4688 3596 4757 Qui-

1836 4871 1884 4905 ⁹³
1909 4871 2083 4927 Joan.
2115 4885 2215 4935 vn,
2252 4872 2337 4926 t2.

1521 5045 1748 5115 Variae
1782 5046 2115 5123 lectiones
2171 5056 2237 5116 et
2275 5054 2483 5127 notas.

278 5244 398 5317 (59)
430 5241 622 5299 Intell.
639 5248 732 5317 τοῦ
754 5240 1697 5317 ἀμπελῶνοςηβνθάίάθνὶω-ῐβωθη
1718 5258 1825 5316 po-

210 5312 345 5381 tius,
367 5312 632 5373 Marcum
655 5312 970 5370 invertisse
990 5312 1262 5387 ordinem
1279 5317 1457 5387 atque
1475 5313 1633 5372 idem
1653 5312 1823 5373 voca-

208 5388 420 5446 bulum
452 5402 634 5443 sensu
664 5386 884 5443 eodem
909 5384 1251 5456 sumpsisse.
1291 5384 1386 5440 Sic
1415 5385 1585 5442 Joan.
1618 5402 1721 5442 xu.
1750 5388 1783 5441 3
1808 5405 1819 5441 :

210 5460 423 5531 Ἥλειψε
452 5465 541 5513 καὶ
570 5458 799 5531 ἐξέμαξε,
837 5456 1003 5531 quod
1025 5457 1237 5531 rectius
1268 5456 1416 5512 dixit
1444 5457 1582 5531 I_.uc.
1610 5476 1712 5525 xu,
1733 5460 1821 5526 38,

213 5527 465 5606 ἐξέμασσε
495 5538 583 5586 καὶ
614 5527 811 5604 ἤλειφε.
849 5527 1114 5585 Primum
1141 5529 1300 5584 enim
1331 5533 1419 5585 est
1439 5527 1679 5604 βρέχειν·

1933 5246 2287 5310 secundum,
2320 5244 2885 5317 ἔχειάσσεινγὲθνῒῇιιω,
2909 5243 3150 5317 ἀλείφειν.

2266 5322 2321 5401 et
2350 5314 2474 5401 ἀπό,
2495 5316 2698 5401 iCodd2
2726 5314 3111 5401 Chr‘ysostfnt.
3131 5314 3272 5401 “VII,
3299 5330 3358 5399 p.
3381 5314 3486 5401 67“!3
3525 5318 3596 5371 Α·

2007 5387 2122 5461 (61)
2165 5388 2383 5461 Ὀχλον,
2414 5388 2723 5461 Οὴτγγεοει.
2747 5387 2785 5443 l.
2832 5388 2870 5441 l.
2904 5388 3009 5446 sed
3039 5387 3391 5459 Euthymius
3415 5389 3596 5444 etiam

1934 5461 1996 5517 in
2020 5460 2188 5517 textu
2212 5460 2460 5517 Joannis
2484 5460 2662 5517 habet
2682 5464 2900 5530 κόσμον.

279 5667 377 5738 (ιι)
410 5668 887 5725 Concitarentur.
934 5661 1053 5733 ipsi
1080 5662 1176 5717 hic
1206 5676 1451 5734 quoque
1480 5660 1698 5720 ferrent
1724 5680 1837 5723 sen‘

1960 5667 2078 5723 iam
2103 5670 2159 5723 et
2184 5680 2221 5723 a
2252 5682 2313 5723 se
2342 5666 2489 5738 ipsis
2521 5665 3091 5725 condemnarentur.
3116 5664 3349 5737 Ἐξάγειν
3379 5667 3436 5722 et
3462 5663 3596 5716 ἀπο-

220 5758 373 5810 φασιν
401 5739 769 5812 junguntur.
