4178 6380
537 360 643 414 567

1879 344 2222 405 EUTHYMII
2267 343 2589 402 ZIGABENI

3808 348 3917 401 568

539 485 684 539 dam
717 488 909 538 autem
940 484 1228 553 angulum
1262 484 1667 540 intellexerunt
1718 478 2058 541 Ecclesiam,
2111 477 2196 525 ut-

2330 476 2395 522 ιαὶ
2456 482 2653 525 συνενοὶ
2713 472 2805 525 διὰ
2875 483 2965 535 τῆς
3022 475 3093 534 εἱς
3150 473 3302 525 αὐτὸν
3358 477 3601 543 μίστεως.
3656 474 3801 531 Τινὲς
3854 468 3917 523 δὲ

541 574 679 646 pote
711 573 913 626 ﬁdeles
942 572 1343 641 colligantem,
1390 575 1448 627 in
1478 574 1651 643 cujus
1687 574 1866 637 caput
1894 566 2084 621 factus
2114 570 2200 616 est

544 662 823 726 Christus,
850 668 1028 734 caput
1044 662 1311 718 videlicet
1330 663 1451 717 sive
1468 662 1829 734 principium
1842 663 1898 712 et
1922 654 2201 711 domina-

543 760 653 808 tor.

616 844 772 896 Vers.
800 841 869 893 42
895 842 940 895 Α
978 842 1223 896 Domino
1255 871 1321 881 —
1361 841 1601 896 nostris.
1656 839 1845 893 Etiam
1901 836 2016 890 hoc
2057 848 2199 903 pars

542 936 631 985 est
657 930 828 985 dictae
859 930 1206 1001 prophetiae,
1237 930 1482 993 docens,
1506 929 1671 1001 quod
1704 928 1803 983 Dei
1830 938 2073 998 quoque
2106 937 2202 977 vo-

538 1020 765 1075 luntate
791 1019 891 1073 ﬁet
915 1018 1266 1089 hujusmodi
1292 1018 1575 1088 angulus,
1617 1017 1681 1072 id
1725 1022 1830 1080 est,
1857 1010 2202 1083 conjunclio

541 1108 907 1180 populorum
936 1125 949 1163 :
972 1113 1026 1163 et
1055 1108 1222 1179 quod
1249 1107 1633 1164 admirationi
1674 1104 1838 1177 apud
1864 1117 2075 1159 omnes
2098 1099 2205 1155 erit

541 1196 637 1251 hic
654 1195 932 1265 angulus,
962 1211 1082 1251 non
1107 1195 1303 1251 solum
1324 1197 1468 1267 quia
1488 1195 1664 1249 variis
1686 1190 2080 1249 adornabitur
2098 1188 2205 1242 vir-

541 1286 790 1351 tutibus,
824 1284 929 1339 sed
951 1284 1134 1340 etiam
1156 1286 1300 1356 quia
1321 1283 1604 1339 omnibus
1626 1282 1860 1337 insidiis
1892 1281 2000 1335 erit
2031 1293 2205 1349 supe-

543 1373 684 1429 rior.

617 1464 775 1517 Vers.
816 1462 908 1517 43.
939 1462 1072 1518 Ideo
1100 1492 1169 1503 —
1198 1462 1399 1532 ipsius.
1430 1460 1665 1530 Regum
1699 1460 1797 1515 Dei
1827 1457 1970 1514 dicit
2001 1462 2206 1511 custo-

546 1552 710 1607 diam
728 1552 857 1621 ejus
877 1567 1001 1623 qua
1032 1551 1424 1606 servabantur
1457 1550 1794 1606 :nationem
1827 1564 1967 1603 vero
1991 1546 2208 1602 facien-

546 1646 660 1696 tem
686 1639 897 1710 dignos
941 1641 1070 1711 ejus
1109 1639 1334 1695 fructus
1394 1645 1561 1696 vocat
1615 1654 1802 1707 genus
1854 1636 2210 1693 Christiano-

548 1744 705 1785 rum.

2308 566 2497 631 γωνίαν
2556 562 2770 619 ἐνόησαν
2834 568 2925 621 τὴν
2977 562 3310 625 Ἐκκλησίαν,
3378 564 3445 622 ὡς
3514 556 3916 632 συνδεσμοῦσαν

2308 654 2423 710 τούς
2462 658 2701 717 πιστούς,
2739 654 2949 714 ἧστινος
2992 652 3061 714 εἰς
3091 651 3313 724 κεφαλὴν
3344 655 3545 723 γέγονεν
3592 652 3615 701 ὁ
3665 654 3914 723 Χριστὸς,

2312 743 2491 805 εἶτουν,
2526 742 2715 813 κεφαλὴ
2756 748 2844 794 καὶ
2875 744 3085 817 ἄρχων.

2386 832 2534 903 Παρά
2614 838 2807 905 Κυρίου
2869 863 2937 871 -
3010 834 3174 903 ἡμῶν,
3234 834 3333 882 Καὶ
3392 838 3546 882 τοῦτο
3603 834 3756 904 μέρος
3822 837 3918 890 τῆς

2311 919 2578 993 εἰρημένης
2622 921 2937 992 προφητείας
2988 920 3148 985 ἐστὶν,
3198 916 3480 985 διδάσκον,
3528 920 3609 971 ὃτι
3658 921 3920 970 καὶκατά

2314 1008 2568 1081 βούλησιν
2623 1015 2749 1062 Θεοῦ
2794 1016 3068 1082 γενήσεται
3121 1009 3252 1067 αῦτη
3309 1011 3338 1066 η
3390 1014 3571 1080 γωνία,
3626 1011 3919 1074 τουτέστιν,

2316 1100 2341 1156 ἡ
2410 1101 2661 1171 συνάφεια
2727 1108 2824 1151 τῶν
2891 1099 3047 1164 λαῶν,
3123 1104 3209 1151 καὶ
3273 1100 3709 1171 θαυμασθὴσεται
3778 1100 3925 1171 παρὰ

2312 1189 2535 1259 πάντων,
2593 1188 2651 1240 ού
2699 1194 2872 1261 μόνον,
2940 1192 3004 1239 ὡς
3064 1188 3517 1259 κεκαλλωπισμένη
3591 1193 3702 1247 ταῖς
3754 1205 3926 1237 ποικι·

2315 1276 2448 1337 λίαις
2496 1287 2593 1329 τῶν
2645 1278 2855 1353 ἀρετῶν,
2902 1277 3030 1330 ἀλλά
3076 1284 3185 1343 καὶ,
3244 1281 3311 1339 ὡς
3369 1278 3691 1350 ἰσχυροτέρα
3747 1279 3927 1335 πάσης

2320 1366 2561 1426 ἐπιϐουλῆ
2576 1390 2613 1429 ς.

2394 1461 2488 1509 Διά
2542 1465 2694 1509 τοῦτο
2761 1491 2824 1499 -—
2885 1458 3062 1517 αῦτῆς.
3122 1456 3390 1509 Βασιλείαν
3450 1464 3541 1508 τοῦ
3610 1461 3737 1509 Θεοῦ
3791 1454 3931 1526 λέγει

2322 1552 2415 1605 την
2497 1546 2784 1605 ἐπισκοπὴν
2867 1555 2958 1598 τοῦ
3048 1552 3193 1616 Θεοῦ,
3270 1548 3353 1618 ὑφ’
3444 1547 3505 1608 ἧς
3590 1548 3933 1620 ἐφρουροῦντο

2325 1636 2503 1697 Ἔθνος
2530 1634 2589 1688 δὲ
2619 1645 2798 1687 ποιοῦν
2825 1642 2941 1697 τούς
2992 1636 3170 1699 ἀξίους
3209 1638 3370 1697 αὐτῆς
3400 1639 3646 1709 καρπούς,
3696 1638 3753 1686 τὸ
3783 1653 3933 1705 γενος

2320 1733 2420 1777 τῶν
2452 1733 2792 1800 Χριστιανῶν.

620 1818 788 1875 Vers.
819 1820 908 1873 44.
933 1819 1012 1873 Et
1034 1849 1099 1857 —
1122 1818 1563 1888 confringatur.
1585 1815 1983 1873 Offendensin
2016 1813 2206 1881 illum,

2396 1820 2496 1867 Καὶ
2577 1847 2645 1855 -
2713 1816 3190 1873 συνθλασθήσεται.
3248 1815 3306 1869 Ὀ
3378 1813 3686 1888 προσκόψας
3765 1812 3931 1884 αύτῷ,

549 1906 785 1979 sibiipsi
809 1906 1063 1975 nocebit,
1089 1912 1145 1962 et
1175 1922 1297 1962 non
1318 1907 1434 1965 illi:
1479 1906 1645 1979 quod
1676 1906 1841 1978 passi
1873 1907 2014 1959 sunt
2054 1902 2211 1973 prin-

546 1996 711 2066 cipes
742 1996 1123 2051 sacerdotum
1157 2000 1212 2050 et
1250 1995 1465 2051 Scriba:
1498 2011 1568 2051 ac
1600 1996 1864 2050 seniores
1891 1992 2119 2065 populi.

624 2086 765 2139 Vers
782 2085 870 2139 44.
905 2085 1093 2153 Super
1120 2116 1187 2126 —-
1214 2100 1367 2140 eum.
1412 2086 1600 2156 Super
1630 2097 2055 2156 quemcunque
2112 2096 2213 2150 ag-

552 2174 887 2244 gravaverit
911 2190 993 2238 se,
1011 2175 1126 2229 hoc
1142 2174 1333 2229 estcui
1348 2174 1534 2229 iratus
1554 2173 1747 2241 fuerit,
1773 2172 2142 2227 comminuet
2163 2176 2219 2225 et

554 2262 875 2334 disperget,
903 2278 973 2317 ac
1004 2262 1421 2318 exterminabit
1446 2278 1606 2328 eum,
1656 2261 1821 2335 quod
1852 2260 2074 2316 factum
2133 2265 2219 2314 est

553 2352 613 2407 in
650 2354 836 2407 totum
866 2367 1057 2421 genus
1095 2352 1440 2407 Iudaeorum
1482 2374 1492 2406 :
1521 2351 1804 2407 traditum
1834 2366 2099 2422 namque
2132 2354 2223 2405 est

554 2440 842 2495 Romanis
870 2440 1161 2495 militibus
1195 2441 1254 2495 in
1299 2440 1719 2511 direptionem.

628 2531 788 2584 Vers.
808 2530 896 2583 45.
927 2530 1006 2585 Ει
1027 2561 1095 2570 -
1118 2530 1432 2585 habebant.
1462 2529 1685 2601 Ubique
1710 2528 1987 2584 homines
2011 2528 2223 2583 timent

559 2621 618 2674 et
634 2633 753 2672 non
774 2618 983 2685 Deum,
1009 2619 1271 2673 Christus
1288 2624 1485 2673 autem
1502 2623 1558 2673 et
1579 2617 1899 2690 parabolas
1916 2634 2059 2673 sane
2074 2616 2223 2673 dixit

559 2706 1008 2777 etprophetiam
1028 2707 1297 2772 adduxit,
1319 2713 1382 2762 ut
1412 2707 1619 2762 timore
1642 2706 1899 2779 correpti
1931 2706 2221 2763 malitiam

559 2794 965 2867 relinquerent
997 2813 1009 2863 ;
1035 2796 1151 2867 ipsi
1172 2812 1308 2851 vero
1334 2796 1606 2852 occidere
1638 2796 1834 2866 magis
1862 2796 2030 2851 illum
2062 2812 2224 2868 qure-

560 2885 793 2941 rebant.
837 2886 1016 2957 Atqui
1066 2886 1293 2941 sciebat
1320 2886 1486 2957 quod
1534 2886 1807 2942 mutandi
1848 2902 1971 2942 non
2001 2893 2219 2953 essent,

563 2978 819 3029 attamen
839 2974 1061 3046 ubique
1080 2975 1245 3046 quod
1261 2992 1439 3029 suum
1467 2980 1557 3030 est
1583 2975 1738 3042 facit,
1769 2975 2040 3048 nihilque
2068 2992 2220 3047 prae-

562 3064 826 3119 termittit
855 3080 1051 3119 eorum
1078 3080 1215 3137 quas
1246 3066 1629 3121 conveniunt.

873 3170 1024 3227 CAP.
1051 3172 1139 3227 LI.
1178 3173 1261 3229 De
1292 3172 1508 3229 vocatis
1538 3173 1613 3230 ad
1644 3174 1910 3243 nuptias.

635 3276 789 3332 CAP.
840 3277 993 3341 XXII,
1024 3279 1185 3333 Vers.
1239 3280 1291 3333 1.
1342 3280 1419 3334 Et
1464 3280 1820 3347 respondens
1847 3310 1916 3319 ——
1956 3279 2119 3335 Vers.
2169 3280 2224 3334 3.

565 3366 782 3422 venire.
823 3365 1116 3422 Parabola
1144 3368 1491 3438 praecedens
1523 3384 1593 3423 ea
1651 3370 1925 3424 tractavit
1956 3385 2081 3440 quae
2148 3368 2227 3423 ad

565 3455 915 3512 Passionem
955 3472 1146 3527 usque
1174 3457 1571 3527 contigerunt,
1607 3464 1751 3529 puta
1780 3458 1881 3512 Dei
1911 3458 2227 3530 providen-

564 3546 711 3601 tiam
728 3562 851 3617 qua
862 3545 1044 3616 ergaJ
1054 3546 1258 3601 udaeos
1274 3562 1416 3600 usus
1435 3552 1542 3613 est,
1558 3546 1988 3618 prophetarum
2003 3548 2221 3603 caedem

566 3639 623 3689 et
646 3634 883 3689 tandem
905 3634 1093 3705 ipsius
1116 3634 1434 3690 Salvatoris
1456 3636 1835 3691 occisionem.
1869 3639 1997 3692 Haec
2023 3644 2224 3694 autem

566 3737 705 3794 qua:
734 3739 893 3776 nunc
922 3724 1291 3794 proponitur,
1333 3740 1403 3780 ea
1432 3741 1563 3796 qum
1590 3731 1725 3795 post
1757 3741 1991 3781 crucem
2041 3729 2223 3782 conti-

566 3816 780 3881 gerunt
806 3810 1051 3878 indicat,
1083 3828 1334 3881 regnum
1370 3814 1659 3869 ccelorum
1689 3830 1913 3869 vocans
1946 3816 2138 3871 Deum
2167 3822 2226 3872 et

567 3902 823 3961 Patrem,
844 3901 1082 3972 nuptias
1097 3918 1237 3957 vero
1257 3903 1577 3973 mysticam
1596 3904 1721 3958 Filii
1738 3906 2220 3976 conjunctionem

566 3988 646 4043 ad
673 3989 994 4044 Ecclesiam
1025 3990 1414 4050 credentium.
1452 3992 1758 4063 Duplicem
1790 4000 1991 4050 autem
2017 3996 2220 4051 intelli-

565 4078 1125 4150 gimushujusmodi
1149 4081 1659 4149 conjunctionem,
1678 4087 1737 4137 et
1758 4098 1893 4153 quae
1912 4084 2008 4138 hic
2030 4084 2094 4138 ﬁt
2120 4101 2224 4156 per

562 4168 747 4222 ﬁdem
773 4184 842 4223 ac
868 4169 1105 4224 virtutes
1138 4175 1406 4237 caeteras,
1431 4175 1487 4225 et
1511 4187 1645 4243 quas
1671 4172 1786 4226 illic
1803 4174 1997 4242 magis
2021 4190 2224 4246 super-

561 4257 909 4313 naturaliter
929 4258 1296 4329 perﬁcienda
1316 4264 1426 4314 est.
1448 4259 1509 4314 Id
1538 4265 1739 4316 autem
1760 4267 1934 4317 vocat
1957 4265 2222 4334 nuptias,

561 4354 690 4403 tum
722 4352 964 4419 propter
993 4348 1357 4403 desiderium
1383 4349 1549 4420 quod
1580 4350 1758 4407 habet
1774 4352 1850 4407 ad
1874 4352 2221 4420 Ecclesiam,

561 4440 691 4489 tum
724 4441 966 4507 propter
1011 4437 1198 4508 ipsius
1231 4437 1499 4493 Ecclesia:
1544 4440 1853 4508 gaudium.
1919 4443 2223 4515 Siquidem

2324 1904 2502 1957 ἑαυτὸν
2536 1903 2750 1977 βλάψει,
2802 1911 2889 1957 καὶ
2921 1906 3013 1957 οὐκ
3045 1904 3251 1970 ἐκεῖνον,
3282 1906 3307 1956 δ
3337 1906 3709 1956 πεπόνθασινθὶ
3740 1902 3934 1978 ἀρχιε-

2324 2002 2426 2069 ρεῖς
2455 1999 2543 2045 καὶ
2575 1997 2623 2045 οἱ
2647 2002 2971 2067 γραμματεῖς
3001 2000 3089 2045 καὶ
3120 1997 3168 2046 oi
3196 1993 3536 2069 πρεσϐύτεροι
3562 2000 3651 2045 τοῦ
3676 1992 3825 2046 λαοῦ.

2396 2082 2506 2154 Ἐφ’
2539 2115 2606 2122 -
2640 2084 2812 2138 αὐτόν.
2848 2083 2956 2155 Ἐφ’
2988 2085 3040 2135 ὄν
3084 2084 3144 2134 οἶν
3198 2085 3311 2155 (6'2)
3361 2082 3598 2155 βαρήση,
3644 2086 3937 2149 τουτέστιν,

2329 2173 2368 2242 ᾧ
2412 2172 2471 2223 οἷν
2510 2171 2757 2245 ὀργισθῇ,
2806 2173 3041 2225 λςπτυνεῖ
3091 2178 3181 2224 καὶ
3229 2169 3604 2245 διασκορπίσει
3638 2176 3727 2223 καὶ
3770 2169 3939 2233 ἐξολοο

2332 2263 2536 2336 θρεύσει
2582 2262 2756 2325 αὑτὸν,
2793 2264 2818 2315 ὅ
2864 2267 3067 2333 γέγονεν
3105 2263 3177 2323 εἰς
3216 2262 3327 2314 ὃλον
3381 2266 3439 2313 τὸ
3486 2266 3629 2332 γένος
3671 2261 3783 2332 ((53)
3837 2269 3940 2312 τῶν

2330 2346 2624 2416 Ἰουδαίων,
2679 2348 2973 2424 παραδοθὲν
3031 2352 3098 2411 εἰς
3142 2351 3442 2424 πολιορκίαν
3494 2352 3607 2420 (64)
3659 2357 3770 2411 τοῖς
3818 2348 3943 2401 Ῥω-

2330 2448 2540 2513 μαῐκοῖς
2573 2445 2951 2513 στρατεύμασι.

2406 2535 2505 2583 Καὶ
2554 2561 2619 2569 -
2657 2528 2821 2601 εἶχον.
2879 2537 3163 2601 Πανταχοῦ
3214 2534 3332 2590 τοῦς
3381 2528 3680 2602 ἀνθρώπους
3725 2527 3944 2599 φοϐοῦν-

2332 2641 2437 2685 ται,
2494 2625 2584 2671 καὶ
2655 2620 2713 2671 οῦ
2770 2624 2855 2671 τὸν
2920 2625 3066 2672 Θεὸν.
3131 2619 3265 2671 Ἀλλ’
3322 2621 3346 2669 ὁ
3414 2622 3503 2690 μὲν
3561 2620 3789 2692 Χριστὸς
3851 2623 3944 2669 καὶ

2332 2712 2420 2769 τὰς
2473 2708 2767 2782 παραϐολὰς
2821 2706 2945 2772 εἶπε,
3007 2712 3095 2759 καὶ
3134 2713 3227 2765 την
3279 2712 3594 2780 προφητείαν
3653 2706 3941 2779 ἐπήγαγεν,

2336 2800 2417 2850 ἱνα
2449 2795 2806 2859 δειλιασαντες
2855 2797 3198 2868 ἀηόσχωνται
3243 2806 3331 2857 τῆς
3378 2801 3644 2869 πονηρίας·
3698 2796 3851 2848 αὐτοὶ
3887 2794 3945 2849 δε

2333 2888 2524 2961 μᾶλλον
2573 2888 2834 2947 ἐζήτησαν
2892 2886 3078 2939 ἀνελεῖν
3132 2887 3307 2940 αὐτόν.
3345 2892 3444 2938 Καὶ
3488 2891 3589 2957 μὴν
3638 2885 3941 2957 ἐγίνωσκεν,

2335 2980 2401 3039 ὡς
2452 2978 2509 3028 οῦ
2564 2977 3066 3049 μεταϐληθησονται,
3124 2976 3249 3027 ἀλλά
3308 2984 3582 3047 πανταχοῦ
3635 2979 3692 3027 τὸ
3753 2975 3944 3028 ἑαυτοῦ

2334 3074 2490 3132 ποιεῖ,
2519 3063 2684 3138 μηδέν
2714 3065 2949 3118 ἐλλείπων
2981 3074 3079 3117 τῶν
3106 3068 3454 3123 καθηκόντων,

2447 3181 2590 3227 ΚΕΦ.
2626 3172 2751 3227 ΝΑ’.
2786 3178 2909 3247 Περὶ
2934 3182 3031 3225 τῶν
3056 3173 3377 3245 καλουμένων
3411 3171 3481 3234 εἰς
3510 3176 3595 3224 τὸν
3626 3174 3812 3243 γάμον.

2412 3288 2507 3334 Καὶ
2582 3280 2881 3356 ἀποκριθεὶς
2946 3313 3013 3320 —
3072 3280 3248 3334 ἐλθεῖν.
3320 3280 3375 3332 ’Π
3442 3284 3531 3350 μεν
3597 3283 3696 3354 πρὸ
3751 3280 3949 3340 ταύτης

2336 3371 2623 3446 παραϐολὴ,
2675 3375 2739 3423 τά
2812 3375 2975 3443 μέχρι
3044 3378 3135 3422 τοῦ
3192 3377 3419 3445 σταυροῦ
3472 3366 3775 3441 διέγραψεν,
3839 3366 3947 3420 οἷον

2336 3468 2429 3521 τήν
2461 3470 2550 3514 τοῦ
2578 3468 2703 3514 Θεοῦ
2756 3468 3020 3529 πρόνοιαν,
3147 3465 3275 3534 πρὸς
3326 3456 3614 3519 Ἰουδαίους
3663 3457 3945 3532 ἐκέχρητο,

2336 3558 2431 3611 τητ
2496 3556 2691 3603 τούτων
2759 3555 3224 3624 προφητοκτονίαν,
3299 3555 3388 3601 καὶ
3460 3548 3765 3617 τελευταῖον,
3850 3554 3947 3607 την

2338 3640 2599 3713 ἀναίρεσιν
2649 3648 2741 3691 τοῦ
2791 3648 3045 3711 Σωτῆρος.
3106 3639 3234 3696 Αὕτη
3284 3635 3361 3703 δὲ,
3410 3640 3438 3696 ἠ
3473 3646 3560 3689 νῦν
3608 3642 3942 3710 προκειμένη,

2336 3733 2400 3781 τά
2468 3731 2596 3801 μετά
2660 3732 2744 3779 τὸν
2807 3733 3029 3802 σταυρὸν
3090 3732 3459 3801 προσημαίνει,
3522 3726 3793 3799 βασιλείαν
3852 3732 3945 3799 μὲν

2336 3820 2563 3890 οὐρανῶν
2615 3818 2951 3889 ὀνομάζουσι(
3006 3820 3091 3869 τὸν
3144 3820 3265 3869 Θεὸν
3320 3823 3406 3868 καὶ
3459 3818 3683 3891 Πάτέρα”
3744 3819 3945 3888 γάμους

2337 3906 2414 3976 δὲ,
2474 3913 2567 3965 τὴν
2620 3912 2881 3979 μυστικὴν
2942 3910 3218 3977 συνάφειαν
3290 3916 3377 3959 τοῦ
3448 3909 3570 3958 Υίοῦ
3644 3910 3775 3977 πρὸς
3848 3911 3945 3964 τὴν

2336 3998 2644 4055 Ἐκκλησίαν
2694 4007 2791 4048 τῶν
2837 4005 3055 4048 πιστῶν.
3108 4001 3293 4054 Διττὴν
3345 3992 3402 4047 δὲ
3450 4006 3661 4067 νοοῦμεν
3709 4000 3801 4051 την
3838 4014 3941 4047 τοιο

2336 4091 2496 4145 αύτην
2555 4088 2853 4158 συνάφειαν,
2914 4092 3005 4143 την
3059 4088 3148 4157 μεν
3199 4084 3420 4137 ἐνταῦθα
3472 4090 3767 4157 γινομένην,
3830 4084 3943 4155 (6Ξί)

3688 4174 3899 4230 τελεσθη
3918 4204 3940 4216 «-

2337 4174 2431 4230 διὰ
2482 4181 2709 4236 πίστεως
2779 4180 2867 4226 καὶ
2928 4174 3139 4248 ἀρετῶν,
3214 4179 3307 4232 την
3385 4171 3444 4226 δὲ
3517 4174 3621 4226 ἐκεί

2339 4270 2557 4337 σομένην
2629 4267 3060 4338 ύπερφυέστερον,
3160 4267 3361 4334 Γαμους
3448 4259 3506 4313 δὲ
3592 4265 3647 4313 τὸ
3725 4267 3947 4334 πρᾶγμα

2336 4354 2500 4416 καλεῖ,
2558 4351 2652 4405 διὰ
2695 4373 2748 4405 τε
2778 4358 2864 4405 τὸν
2896 4354 3055 4405 αὐτοῦ
3104 4355 3282 4421 ποθον,
3330 4355 3380 4403 ὄν
3430 4352 3544 4423 ἔχει
3592 4354 3719 4425 πρὸς
3761 4350 3942 4415 αὐτὴν,

2337 4449 2423 4495 καὶ
2460 4441 2550 4495 ὃιά
2580 4448 2673 4501 τὴν
2720 4440 2881 4504 αύτῆς
2924 4447 3119 4515 χαράν.
3170 4448 3269 4495 Καὶ
3318 4444 3418 4517 γάρ
3451 4446 3540 4492 καὶ
3572 4443 3596 4492 ὁ
3646 4442 3949 4500 Βαπτιστης

564 4507 1380 4596 etBaptistasponsumillum
1396 4507 1736 4598 appellavit.
1755 4530 1968 4588 Servos
1983 4507 2216 4605 quoque

2337 4538 2552 4605 νυμφίον
2608 4532 2761 4583 αὐτὸν
2812 4538 3224 4605 προσηγόρευον
3276 4528 3495 4593 δούλους
3545 4528 3602 4583 δὲ
3653 4530 3786 4602 λέγει
3830 4532 3948 4590 τούς

563 4612 706 4667 dicit
744 4613 1074 4684 apostolos,
1108 4614 1214 4686 qui
1245 4615 1506 4685 primum
1543 4617 1971 4691 Hierosolymis
2012 4622 2227 4678 docue-

563 4705 720 4755 runt.
744 4702 1029 4757 Invitatos
1054 4718 1213 4768 vero,
1236 4703 1471 4759 Judaaos
1493 4705 1596 4777 qui
1623 4705 1887 4777 primum
1919 4709 1989 4764 ad
2026 4710 2124 4781 huj
2139 4729 2226 4765 us-

565 4790 730 4845 modi
756 4792 990 4862 nuptias
1020 4791 1254 4848 fuerant
1292 4790 1541 4860 invitati,
1576 4794 1719 4851 olim
1743 4796 1991 4867 quidem
2032 4815 2067 4855 a
2097 4816 2230 4871 pro-

566 4880 779 4953 phetis,
810 4881 1202 4952 postmodum
1236 4900 1270 4939 a
1296 4883 1565 4955 Baptista
1595 4903 1607 4942 :
1640 4885 1937 4956 siquidem
1964 4888 2042 4943 ad
2067 4889 2229 4946 hunc

2340 4622 2681 4691 ἀποστόλους,
2743 4624 2924 4683 οἵτινες
2982 4630 3184 4694 πρῶτον
3240 4621 3289 4673 ἐν
3332 4622 3708 4695 Ἰεροσολύμοις
3763 4616 3948 4672 ἐδίδα-

2340 4713 2449 4775 ξαν
2496 4711 2837 4783 κεκλημένους
2883 4708 2959 4776 δε,
2998 4715 3117 4772 τούς
3167 4708 3478 4775 Ἰουδαίους,
3526 4714 3576 4763 οῖ
3627 4710 3950 4782 προεκλήθη-

2344 4822 2438 4854 σαν
2480 4801 2550 4861 εἰς
2595 4804 2715 4863 τούς
2760 4804 3019 4861 τοιούτους
3067 4803 3287 4872 γάμους,
3343 4799 3504 4851 πάλαι
3559 4802 3649 4870 μεν
3699 4799 3797 4848 υπὸ
3845 4806 3949 4847 τῶν

2342 4900 2639 4967 προφητῶν,
2674 4889 2885 4966 ὓστερον
2918 4888 2976 4943 δὲ
3007 4892 3105 4941 ῦπὸ
3151 4894 3241 4940 τοῦ
3273 4894 3584 4939 Βαπτιστοῦ’
3631 4889 3756 4959 πρὸς
3802 4887 3947 4958 (66).

1787 5091 2013 5160 Varim
2043 5093 2372 5165 lectiones
2410 5104 2477 5163 et
2516 5106 2719 5163 notae.

638 5309 752 5389 (62)
796 5309 1014 5389 Forma
1042 5309 1328 5389 loquendi
1361 5311 1662 5389 insolens.
1707 5321 2060 5389 Bapsigergo
2095 5317 2155 5372 h.
2188 5318 2227 5373 Ι.

568 5378 661 5461 est
711 5378 819 5461 pro
861 5378 1063 5461 βαρεως
1083 5378 1334 5461 πίπτειν.
1360 5384 1469 5455 Ἐφ’
1503 5388 1555 5461 εῖν
1596 5378 1815 5461 δτυῑθιπτὶΔ
1855 5378 2020 5449 dixit,
2064 5390 2231 5461 quod

569 5452 772 5533 ita‘est
791 5452 849 5506 in
876 5458 1053 5507 textu.
1083 5454 1145 5533 In
1180 5452 1438 5533 mentem
1464 5454 1637 5533 alicui
1689 5458 1883 5533 venire
1914 5452 2100 5533 possit
2126 5460 2227 5533 βα-

570 5525 890 5604 ρυθυμῄσση,
948 5532 1189 5604 propter
1270 5526 1526 5604 vicinum
1596 5532 1844 5604 ὸργισθῇ.
1915 5525 2052 5585 ’Ξθιί
2126 5525 2230 5604 ’βα-

572 5595 1067 5670 pﬁcpmHentenius
1093 5598 1588 5670 quoqueividetur
1619 5595 1849 5670 legisse.

784 5665 870 5726 Εἰς
900 5669 958 5739 τὸ
982 5652 1291 5739 ’ὄλονιγένος
1328 5669 1392 5724 Β.

671 5735 759 5795 64)
781 5742 861 5792 Ac
886 5738 934 5793 si
970 5735 1271 5811 διαρπαγὴν
1300 5740 1509 5811 legerit
1538 5742 1849 5815 interpres.

2438 5317 2527 5391 65)
2570 5322 2893 5391 Γωομέένην,
2925 5317 2981 5371 Β.

2412 5320 2527 5460 ἕϐὅζ
2570 5322 2893 5391 Γωομέένην,
2925 5320 2981 5371 Β.

2436 5394 2502 5445 66
2553 5393 2676 5445 Non
2695 5389 3110 5461 cepitsensum
3137 5387 3313 5458 hujus
3346 5387 3459 5445 loci
3486 5390 3819 5459 Hentenius,
3851 5390 3951 5441 Αὐ-

2338 5464 2445 5526 τόν,
2466 5461 2714 5534 refertur
2739 5460 2809 5534 ad
2838 5460 3154 5523 Christum,
3181 5476 3285 5534 seu
3314 5461 3649 5534 Sponsum;
3678 5466 3949 5534 παραπέμ-

2338 5552 2469 5596 πειν,
2505 5533 2589 5604 ad
2625 5532 2948 5604 prophetas
2985 5537 3041 5586 et
3090 5532 3450 5603 Baptistam;
3485 5532 3695 5604 αὐτούς,
3730 5532 3806 5587 ad
3854 5532 3950 5588 Ju-

2338 5604 2522 5659 daeos.
2548 5603 2694 5659 Nam
2717 5604 3023 5675 prophetae
3045 5608 3100 5660 et
3118 5604 3381 5677 Baptista
3398 5603 3636 5660 Iudaeos
3658 5604 3738 5661 ad
3761 5604 3949 5661 Chris-

2338 5681 2465 5731 tum
2495 5674 2817 5731 ducebant.

2338 5681 2465 5731 tum
2495 5679 2817 5731 ducebant.
