4178 6388
283 404 391 459 569

1228 396 1603 454 COMMENT.
1653 392 1724 449 IN
1765 387 2216 446 MATTHXEUM.
2259 422 2327 433 —
2365 391 2527 452 CAP.
2577 393 2758 449 XXII.

3570 390 3677 446 570

289 528 442 580 αὐτὸν
521 526 626 598 γὰρ
705 524 900 586 αύτούς
969 527 1322 599 παρέπεμπον
1407 525 1483 575 ἔτι
1554 517 1613 574 δὲ
1665 523 1751 572 καὶ
1811 516 1898 569 ὑπ’

2026 515 2301 587 Jopulnm
2324 518 2483 590 ipsos
2504 536 2701 573 servos
2725 517 3053 573 transmisit
3086 519 3405 590 :praaterea
3438 531 3677 587 quoque

290 619 446 670 αὐτοῦ
499 622 593 667 τοῦ
661 618 908 687 νυμφίου.
967 618 1067 667 Καὶ
1120 614 1217 686 ὅρα
1276 616 1365 672 τὴν
1422 617 1609 664 κακίαν
1661 614 1749 683 μέν
1800 615 1900 661 τῶν

293 704 589 773 Ἰουδαίων,
672 703 982 775 ἀγαθότητα
1058 700 1117 756 δὲ
1198 711 1290 756 τοῦ
1359 711 1616 775 Σωτῆρος.
1682 698 1902 754 Ἀνεὶλον

290 797 449 848 αὐτὸν
506 793 707 847 ἐκεῖνοι·
770 794 796 845 ὀ
862 788 919 845 δὲ
966 797 1055 845 καὶ
1109 798 1275 865 φονεῖς
1326 796 1472 853 ὄντας
1530 790 1688 845 αὐτοῦ
1751 787 1904 841 πάλιν

292 886 443 939 καλεῖ
492 887 623 959 πρὸς
676 883 1000 956 εὐφροσύνην
1049 881 1275 950 αἰώνιον,
1340 883 1391 935 οἱ
1445 876 1504 934 δε
1561 875 1903 938 ἀποπηδῶσι.

373 1078 532 1133 Πάλιν
606 1107 681 1118 -
752 1079 974 1149 γάμους.
1046 1079 1330 1151 Προτέρους
1384 1077 1474 1149 μεν
1532 1071 1749 1134 δούλους
1805 1076 1911 1125 νόει

292 1173 414 1229 τοὺς
458 1172 578 1240 περὶ
631 1170 849 1241 Πέτρον·
910 1167 1157 1238 ὑστέρους
1210 1161 1289 1233 δε,
1344 1167 1462 1227 τούς
1505 1168 1622 1239 περὶ
1681 1160 1905 1216 Παῦλον.

290 1258 540 1334 Ἀριστον
595 1253 654 1309 δε
697 1260 791 1309 καὶ
827 1258 1052 1331 ταύρους
1105 1260 1196 1307 καὶ
1247 1256 1460 1307 σιτιστὰ
1496 1256 1771 1325 τεθυμένα,
1809 1254 1907 1304 εῖτ-

291 1369 403 1413 ουν,
460 1346 871 1421 ηὐτρεπισμένα,
930 1348 1123 1417 εἴρηκε,
1179 1346 1313 1397 κατά
1358 1347 1415 1396 τὸ
1461 1342 1509 1395 ἐν
1561 1349 1666 1403 τοῖς
1721 1343 1909 1413 γάμοις

293 1440 429 1498 ἔθος.
484 1432 596 1489 Εἶεν
650 1431 698 1487 δ’
759 1434 820 1486 ἆν
874 1441 1041 1486 ταῦτα
1084 1432 1308 1486 ἐνταῦθα
1350 1436 1460 1505 μὲν,
1511 1435 1541 1491 ἡ
1592 1435 1760 1506 τρυφὴ
1808 1438 1908 1484 τῶν

296 1529 447 1579 θείων
481 1521 780 1596 δογμάτων·
834 1524 942 1576 ἐκεῖ
969 1519 1048 1587 δὲ,
1102 1524 1131 1581 ἡ
1177 1522 1411 1594 οὐράνιος
1439 1526 1605 1595 τρυφὴ
1655 1525 1743 1572 καὶ
1782 1518 1909 1571 ἀπο-

292 1616 502 1675 λαυσις.
548 1616 643 1675 Διά
692 1609 749 1666 δὲ
780 1620 881 1665 τῶν
926 1615 1128 1687 ταύρων
1179 1616 1265 1663 καὶ
1306 1620 1406 1663 τῶν
1454 1618 1700 1663 σιτιστῶν
1744 1613 1801 1662 τὸ
1834 1631 1907 1682 ρι-

290 1707 507 1778 λοτιμον
533 1709 625 1756 καὶ
648 1701 921 1765 πολυτελὲς
947 1711 1043 1763 τῆς
1072 1701 1304 1774 εὐωχίας
1328 1700 1645 1773 ἐμφαίνεται.

2011 609 2068 661 et
2096 605 2174 662 ab
2204 605 2336 679 ipso
2368 608 2850 682 sponso.Etvide
2875 607 3015 664 hinc
3042 606 3289 681 quidem
3329 604 3674 660 Judreorum

2011 696 2389 768 pravitatem,
2435 697 2595 755 illinc
2626 702 2824 755 autem
2859 697 3178 755 Salvatoris
3208 694 3561 751 bonitatem.
3594 693 3677 750 illi

2016 784 2173 841 enim
2214 786 2580 853 occiderunt,
2612 788 2733 860 ipse
2760 804 2899 844 vero
2932 803 3071 843 cum
3102 788 3304 842 essent
3331 783 3674 854 homicidas,

2017 890 2258 931 rursum
2296 882 2467 934 vocat
2499 894 2601 933 eos
2649 875 2726 934 ad
2758 876 3054 948 gaudium
3108 875 3564 947 sempiternum,
3595 872 3677 929 illi

2020 967 2223 1021 autem
2257 964 2333 1021 ab
2366 981 2436 1022 eo
2462 966 2751 1023 resiliunt.

2090 1087 2254 1138 vers.
2283 1076 2336 1139 4,
2362 1074 2620 1130 Rursum
2645 1105 2714 1116 —
2739 1074 2994 1144 nuptias.
3021 1071 3248 1127 Priores
3276 1069 3523 1144 quidem
3560 1084 3678 1124 ser-

2018 1177 2127 1217 vos
2156 1161 2426 1233 intelligit
2456 1163 2717 1232 Petrum,
2758 1168 2814 1218 et
2838 1162 2942 1235 qui
2972 1177 3110 1218 cum
3137 1176 3209 1217 eo
3239 1162 3407 1216 erant
3440 1175 3454 1225 ;
3483 1163 3680 1235 poste-7

2018 1250 2203 1306 riores
2240 1266 2378 1306 vero
2411 1252 2661 1307 Paulum
2696 1259 2751 1307 et
2804 1234 2971 1308 suos.
3031 1248 3355 1306 Prandium
3393 1253 3589 1304 autem
3621 1234 3681 1305 et

2019 1344 2222 1394 tauros
2244 1345 2300 1395 et
2326 1340 2510 1396 altilia
2539 1346 2800 1396 mactata
2823 1340 2946 1395 sive
2965 1345 3175 1411 parata
3204 1338 3351 1393 dixit
3369 1339 3540 1409 juxta
3562 1354 3679 1393 mo-

2021 1444 2145 1484 rem
2168 1429 2264 1501 qui
2289 1430 2509 1485 servari
2534 1430 2679 1486 Solet
2708 1430 2766 1485 in
2798 1429 3039 1501 nuptiis.
3072 1431 3138 1484 Et
3165 1428 3257 1483 hic
3286 1427 3531 1499 quidem
3558 1426 3679 1482 dici

2020 1523 2273 1590 possunt
2314 1518 2535 1574 deliciae
2568 1519 2911 1574 divinorum
2944 1518 3299 1591 dogmatum
3335 1516 3437 1583 ;in
3482 1516 3678 1571 futuro

2022 1611 2217 1663 autem
2245 1607 2484 1663 caeleste
2515 1608 2806 1678 gaudium
2836 1624 2906 1663 ac
2924 1606 3151 1663 fruitio.
3184 1606 3293 1661 Per
3312 1610 3517 1660 tauros
3542 1621 3680 1660 vero

2021 1702 2076 1752 et
2105 1696 2284 1752 altilia
2320 1698 2654 1768 pretiositas
2687 1713 2755 1753 ac
2808 1695 3247 1767 magniﬁcentia
3291 1693 3550 1751 convivii
3583 1693 3681 1749 de-

2022 1785 2303 1843 claratur.

373 1904 439 1952 Oi
518 1929 591 1942 —-—
661 1898 843 1953 αὐτοῦ.
933 1903 1421 1971 Καταφρονὴσαντες
1489 1905 1582 1958 τῆς
1653 1896 1909 1961 κλήσεως,

2092 1893 2257 1949 Vers.
2290 1894 2344 1948 5.
2379 1893 2479 1949 Illi
2499 1909 2768 1950 —suam.
2793 1895 3196 1964 Despexerunt
3223 1890 3636 1947 invitationem
3662 1909 3678 1957 ;

296 1992 533 2050 ἀπῆλθον
578 1990 650 2051 εἰς
707 1991 774 2041 τά
812 1987 979 2041 οἰκεῖα
1021 1990 1168 2061 ἔργα,
1219 1991 1510 2051 τουτέστιν,
1560 1990 1763 2059 εἴχοντο
1809 1994 1909 2038 τῶν

299 2085 590 2155 προτέρων.

370 2172 441 2221 Οἱ
497 2166 553 2221 δε
607 2168 781 2221 λοιποὶ
830 2195 891 2209 --
957 2165 1283 2223 ἀπέκτειναν,
1346 2165 1419 2218 ’Ὠ
1468 2174 1559 2228 τῆς
1612 2164 1910 2237 ἀναισχυν-

300 2264 423 2320 τίας
455 2258 470 2313 1
500 2257 554 2310 ού
600 2261 754 2330 μόνον
796 2257 891 2310 ούκ
920 2253 1096 2322 ἦλθον,
1129 2254 1259 2309 ἀλλά
1298 2260 1389 2309 καὶ
1427 2258 1545 2315 τοὺς
1586 2253 1909 2326 ἀπεσταλμέ-

299 2368 426 2409 νους
500 2351 624 2422 πρὸς
700 2346 887 2407 αύτούς
948 2344 1171 2419 ύϐρισαν
1230 2350 1321 2397 καὶ
1406 2343 1726 2398 ἀπέκτειναν.
1811 2349 1913 2396 Καὶ

292 2436 347 2488 ἐν
403 2440 498 2507 μὲν
579 2444 642 2508 τῇ
724 2433 1061 2509 προλαϐούσῃ
1134 2433 1404 2508 παραϐολῇ
1464 2436 1513 2487 οἱ
1577 2432 1914 2495 ἀπαιτοῦντες

292 2530 418 2587 τούς
470 2528 705 2597 καρπούς
757 2522 1084 2597 ἐσφάγησαν·
1138 2522 1188 2577 ἓν
1238 2527 1403 2596 ταύτῃ
1456 2521 1516 2576 δε
1564 2525 1612 2576 οἱ
1642 2522 1914 2585 καλοῦντες

291 2616 365 2677 εἰς
396 2619 521 2677 τοὺς
565 2616 791 2686 γάμους.
843 2619 908 2666 Ti.
936 2616 1128 2675 ταύτης
1169 2620 1283 2666 ἶσον
1313 2621 1408 2675 τῆς
1452 2618 1636 2686 μανίας
1661 2630 1675 2679 ;
1705 2614 1911 2665 Ὂσονὸ

294 2704 553 2777 βασιλεὺς
618 2703 969 2777 ἐμακροθύμει
1033 2707 1124 2755 καὶ
1185 2701 1679 2775 ἐφιλανθρωπεύετο,
1731 2710 1913 2754 τοσοῦ-

296 2814 383 2846 τον
422 2794 572 2846 οὗτοι
611 2791 984 2867 ἐσκληρύνοντο
1021 2797 1112 2844 καὶ
1138 2793 1431 2867 ἡγρίαινον,

381 2908 481 2953 Καὶ
538 2903 772 2961 ἀκούσας
826 2930 898 2940 ——-
948 2898 1244 2973 ἐνέπρησεν.
1303 2896 1415 2953 Ἴδε
1460 2895 1777 2971 κηδεμονίαν
1825 2905 1916 2953 καὶ

304 2992 675 3063 μακροθυμίαν
765 2990 980 3061 ἄφατον.
1070 2988 1378 3061 Ἐφύτευσεν
1477 2987 1753 3060 ἀμπελῶνα
1826 2997 1916 3043 καὶ

307 3079 618 3151 ἀπηρτισεν,
656 3075 865 3141 ἐξέδοτο
912 3078 1069 3130 αὐτὸν
1117 3085 1368 3152 γεωργοῖς
1410 3085 1503 3130 καί
1549 3075 1911 3151 ἀπεδήμησεν,

300 3167 602 3221 ἀπέστειλεν
645 3166 694 3219 ἐν
743 3176 911 3241 καιρῷ
958 3164 1177 3227 δούλους
1219 3165 1452 3220 ἀπαιτῶν
1501 3171 1619 3228 τοὺς
1657 3171 1911 3242 καρπούς.

296 3259 510 3309 Τούτων
572 3257 961 3330 ἀναιρεθέντων,
1026 3255 1320 3309 ἀπέστειλεν
1372 3255 1575 3318 ἄλλους.
1631 3263 1732 3310 Καὶ
1792 3261 1912 3310 τού-
1950 3287 1991 3343 C

298 3366 400 3399 των
447 3350 769 3417 σφαγέντων,
825 3345 1047 3418 ἔπεμψεν
1100 3346 1255 3399 αὐτὸν
1308 3348 1396 3398 τὸν
1444 3348 1556 3398 υἱὸν
1616 3347 1776 3399 αὐτοῦ
1824 3351 1912 3401 τὸν

298 3434 598 3507 ἀγαπητὸν.
669 3436 772 3490 Καὶ
824 3437 1011 3486 τούτου
1074 3436 1421 3505 φονευθέντος,
1480 3437 1754 3507 ἠνέσχετο,
1823 3442 1913 3489 καὶ

297 3525 494 3597 μᾶλλον
545 3522 852 3585 ἀποστείλας
909 3520 1148 3590 δούλους,
1202 3523 1408 3577 ἐκάλεσε
1447 3528 1571 3586 τοὺς
1622 3533 1783 3597 φονεῖς
1846 3525 1913 3586 εἰς

297 3615 533 3685 εὐωχίαν
597 3611 946 3671 ἀτελευτητον.
1007 3613 1118 3666 Ούκ
1179 3612 1440 3671 ἠθέλησαν
1505 3612 1686 3669 ἐλθεῖν.
1752 3612 1912 3665 Πάλιν

300 3704 510 3775 ἐτέρους
554 3701 871 3757 ἀπέστειλεν.
922 3705 987 3755 Οἱ
1038 3700 1098 3756 δε
1132 3708 1223 3755 καὶ
1285 3706 1502 3765 τούτους
1544 3701 1757 3758 ἀνείλόν.
1813 3707 1911 3756 Τό-

300 3813 353 3845 τε
436 3792 637 3863 λοιπόν,
727 3795 791 3853 ὡς
876 3790 1061 3844 ἀνίατα
1142 3800 1443 3860 νοσοῦντας,
1520 3791 1719 3865 ἀναιρεί
1792 3797 1915 3855 τοὺς

297 3888 683 3958 παμπονήρους
732 3887 822 3934 καὶ
878 3884 1120 3956 μιαρούς.
1196 3886 1565 3956 Στρατεύματα
1623 3880 1681 3936 δὲ
1751 3883 1913 3936 αὐτοῦ

298 3992 403 4025 νοει
475 3974 543 4023 τά
624 3973 992 4044 στρατεύματα
1052 3981 1153 4023 τῶν
1205 3972 1489 4045 Ῥωμαίων
1549 3976 1737 4036 πάντες
1810 3977 1912 4047 γὰρ

295 4070 391 4115 τοῦ
441 4067 573 4115 Θεοῦ
622 4061 752 4113 εἰσιν
804 4064 938 4113 κατά
982 4064 1069 4113 τὸν
1117 4061 1264 4134 λόγον
1304 4070 1394 4123 τῆς
1444 4059 1814 4137 δημιουργίας·
1857 4064 1911 4131 ἄ,

297 4152 386 4203 ἐπὶ
474 4151 879 4203 Οὐεσπασιανοῦ
954 4156 1046 4202 καί
1132 4154 1307 4219 Τίτου,
1385 4157 1474 4205 καὶ
1549 4156 1667 4213 τούς
1748 4161 1913 4227 φονεῖς

294 4240 652 4313 κατέσφαξαν,
700 4245 789 4292 καὶ
838 4245 934 4299 τὴν
983 4240 1132 4293 πόλιν
1186 4242 1371 4309 αὐτῶν,
1436 4244 1503 4294 τά
1553 4242 1908 4317 Ἰεροσόλυμα,

298 4330 484 4405 ἐνέπρη
495 4348 612 4384 σαν.

2020 1982 2295 2040 abierunt
2316 1983 2394 2039 ad
2420 1981 2666 2055 propria
2676 1997 2879 2054 opera,
2895 1981 3010 2038 hoc
3039 1985 3146 2051 est,
3162 1979 3384 2036 detenti
3407 1984 3545 2035 sunt
3564 1978 3679 2045 his,

2020 2083 2152 2139 quas
2178 2066 2376 2137 priora
2415 2082 2485 2122 ac
2523 2066 2755 2139 potiora
2778 2065 3108 2123 habebant.

2094 2157 2254 2212 Vers.
2284 2156 2340 2212 6.
2362 2156 2591 2228 Reliqui
2604 2171 2739 2213 vero
2770 2186 2838 2197 —
2858 2155 3224 2211 occiderunt.
3274 2154 3317 2209 Ο
3366 2150 3679 2223 impuden-

2025 2244 2165 2302 tiam
2201 2246 2214 2301 i
2249 2260 2369 2301 non
2402 2244 2597 2301 solum
2634 2260 2753 2300 non
2782 2248 3092 2310 venerunt,
3129 2241 3237 2299 sed
3265 2245 3323 2298 et
3345 2257 3446 2297 eos
3472 2240 3579 2315 qui
3602 2240 3683 2297 ad

2025 2351 2088 2391 se
2108 2334 2270 2391 missi
2288 2340 2475 2401 erant,
2511 2333 2869 2390 contumelia
2889 2332 3212 2389 affecerunt
3239 2336 3294 2387 et
3318 2330 3678 2387 occiderunt.

2024 2427 2088 2480 Et
2106 2425 2162 2480 in
2182 2424 2537 2496 praecedenti
2561 2423 2800 2494 quidem
2816 2421 3105 2495 parabola
3125 2420 3204 2476 illi
3232 2420 3489 2492 jugulati
3518 2425 3678 2487 sunt,

2023 2514 2126 2587 qui
2156 2512 2380 2569 fructus
2398 2513 2764 2585 repetebant,
2789 2512 2849 2567 in
2867 2512 2980 2567 hac
2994 2515 3191 2567 autem
3215 2511 3317 2584 qui
3348 2510 3425 2565 ad
3444 2510 3681 2581 nuptias

2023 2602 2344 2660 vocabant.
2364 2602 2515 2668 Quid
2542 2601 2682 2658 huic
2712 2602 2962 2657 insaniae
3002 2602 3227 2673 aequari
3261 2600 3470 2672 poterit
3496 2600 3526 2652 τί
3551 2601 3681 2665 Quo

2026 2692 2221 2761 magis
2244 2708 2344 2749 rex
2362 2692 2594 2764 patiens
2611 2696 2699 2747 est
2724 2696 2780 2747 et
2816 2691 3122 2757 humanis,
3144 2706 3215 2746 eo
3259 2686 3529 2746 duriores
3558 2688 3684 2745 effi-

2025 2781 2262 2837 ciuntur
2290 2781 2352 2837 hi
2385 2796 2456 2836 ac
2487 2780 2817 2837 ferociores.

2096 2890 2255 2945 Vers.
2270 2892 2324 2944 7.
2341 2890 2602 2961 Cumque
2614 2920 2682 2929 —
2696 2888 3022 2945 succendit.
3038 2887 3183 2943 Vide
3197 2887 3683 2957 gubernationem

2028 2978 2155 3050 (uu)
2178 2993 2248 3034 ac
2264 2977 2637 3034 tolerantiam
2653 2977 3036 3034 ineffabilem.
3054 2977 3340 3033 Plantavit
3370 2977 3610 3032 vineam
3627 2982 3684 3034 et

2026 3068 2103 3124 ad
2134 3066 2455 3139 perfectum
2500 3067 2811 3139 perduxit;
2847 3066 3091 3123 tradidit
3128 3081 3255 3122 eam
3294 3064 3592 3137 agricolis,
3628 3069 3685 3123 et

2024 3173 2271 3229 peregre
2310 3158 2607 3229 profectus
2637 3161 2742 3212 est.
2799 3157 3008 3215 Emisit
3043 3155 3105 3211 in
3155 3160 3421 3226 tempore
3476 3170 3682 3212 servos

2024 3252 2299 3319 repetens
2322 3246 2544 3303 fructus
2570 3246 2692 3302 :his
2715 3244 3050 3310 interfectis,
3072 3244 3271 3300 emisit
3286 3244 3436 3301 alios
3462 3261 3476 3310 ;
3502 3245 3682 3302 etiam

2022 3336 2115 3391 his
2143 3336 2449 3407 jugulatis,
2498 3352 2679 3391 suum
2746 3334 2905 3391 misit
2959 3334 3153 3390 ﬁlium
3200 3334 3527 3401 dilectum;
3560 3349 3682 3407 quo

2021 3424 2202 3480 etiam
2257 3425 2557 3498 jugulato,
2619 3424 2905 3497 patienter
2970 3423 3445 3490 sustinuit;imo
3485 3422 3683 3479 missis

2022 3515 2211 3570 servis
2251 3513 2590 3571 homicidas
2620 3514 2698 3570 ad
2729 3514 3021 3585 gaudium
3052 3518 3342 3569 aeternum
3370 3512 3681 3579 invitavit;

2020 3604 2343 3659 noluerunt
2364 3604 2586 3660 venire.
2620 3607 2839 3659 Rursus
2865 3601 3016 3658 alios
3046 3602 3206 3658 misit
3238 3622 3252 3669 ;
3285 3601 3363 3658 illi
3398 3605 3601 3658 autem
3628 3605 3686 3658 et

2020 3692 2133 3748 hos
2156 3692 2600 3749 interfecerunt.
2619 3693 2781 3747 Tunc
2809 3692 3057 3748 demum
3073 3690 3249 3764 quasi
3272 3689 3684 3747 insanabiliter

2022 3786 2403 3851 aegrotantes,
2433 3781 2941 3837 occiditscelestos
2955 3797 3024 3837 ac
3053 3779 3477 3852 perditosillos.
3509 3779 3683 3835 Exer-

2023 3872 2338 3929 citusvero
2395 3871 2525 3942 ejus
2589 3872 2848 3941 intellige
2906 3871 3197 3927 exercitus
3236 3872 3676 3927 Romanorum.

2024 3963 2245 4018 Omnes
2274 3961 2434 4018 enim
2480 3961 2585 4017 Dei
2634 3967 2774 4017 sunt
2814 3961 3043 4016 ratione
3078 3960 3393 4016 creationis
3432 3959 3536 4032 qui
3568 3958 3683 4015 sub

2024 4052 2382 4122 Vespasiano
2408 4055 2465 4107 et
2509 4050 2635 4106 Tito
2690 4049 3023 4105 homicidas
3044 4049 3418 4119 jugularunt,
3447 4066 3516 4106 ac
3547 4048 3685 4104 civi-

2022 4145 2207 4197 tatem
2238 4155 2445 4197 eorum
2478 4138 2883 4211 Hierosolyma
2912 4136 3369 4193 succenderunt.

365 4441 498 4490 Τότε
552 4467 620 4478 -
682 4438 901 4508 γάμους.
956 4434 1232 4501 Διεξόδους
1287 4447 1387 4491 τῶν
1441 4435 1577 4491 ὁδῶν
1633 4438 1766 4512 λέγει
1817 4445 1910 4505 τὰς

2092 4443 2260 4501 Vers.
2302 4447 2355 4499 8.
2393 4446 2557 4501 Tunc
2585 4474 2654 4483 --
2682 4442 2845 4499 Vers.
2875 4447 2927 4497 9.
2977 4440 3228 4512 nuptias.
3303 4439 3505 4497 Exitus
3556 4441 3683 4498 via-

294 4526 470 4586 πολεις
528 4529 618 4577 καὶ
695 4530 873 4598 κώμας
944 4534 1045 4578 τῶν
1120 4525 1294 4580 ἐθνῶν.
1356 4525 1630 4591 Διεξόδους
1693 4527 1752 4582 δὲ
1812 4540 1909 4583 τῶν

294 4612 436 4667 ὀδών
496 4616 687 4675 ταύτας
736 4615 991 4687 ὠνόμασε,
1048 4611 1221 4674 δηλῶν
1271 4620 1328 4669 τὸ
1384 4617 1759 4692 ἀπερριμμένον
1810 4628 1908 4671 τῶν

293 4703 475 4757 ἐθνῶν.
529 4704 609 4755 Ἐν
651 4711 762 4766 ταῖς
803 4700 1060 4766 διεξόδοις
1089 4708 1190 4777 γὰρ
1236 4707 1284 4757 οἱ
1327 4704 1697 4781 ἀπερριμμένοι
1727 4728 1907 4761 κατοι-

290 4801 477 4846 κοῦσι.
531 4799 739 4867 Πρῶτον
788 4795 879 4866 μὲν
925 4797 1026 4868 γὰρ
1076 4796 1126 4846 οἱ
1168 4793 1451 4848 ἀπόστολοι
1489 4805 1601 4857 τοίς
1635 4795 1909 4861 Ἰουδαίοις

292 4887 618 4957 ἐκήρυσσον,
684 4883 756 4936 ἔτι
808 4884 935 4957 παρ’
986 4884 1160 4945 αὐτοῖς
1208 4888 1359 4946 ὄντες
1416 4884 1524 4938 ἐπεὶ
1568 4883 1627 4939 δε
1676 4885 1910 4947 ἀπηλαύ-

291 4992 465 5038 νοντο,
546 4976 675 5044 φησί
746 4977 877 5048 πρὸς
952 4972 1143 5035 αύτούς
1223 4976 1248 5025 ὁ
1324 4975 1542 5036 Παῦλος·
1620 4978 1765 5046 ’Υμῖν
1847 4975 1907 5036 ἦν

292 5060 584 5133 ἀναγκαῖον
651 5061 770 5133 (67)
836 5070 1041 5134 πρῶτον
1105 5061 1395 5121 λαληθῆναι
1452 5066 1539 5117 τὸν
1603 5064 1751 5137 λόγον
1812 5075 1905 5119 τοῦ

291 5158 452 5206 Θεοῦ·
512 5146 692 5209 ἕπειδὴ
755 5146 815 5204 δε
890 5149 1132 5215 ἀναξίους
1198 5152 1410 5215 ἑαυτοὺς
1474 5152 1723 5228 ἐκρίνατε,
1785 5152 1903 5208 ἰδού

290 5241 626 5316 στρεφόμεθα
651 5239 718 5302 εἰς
745 5242 813 5293 τὰ
831 5242 972 5301 ἔθνη.

364 5376 416 5410 ³⁸
448 5377 579 5432 Act.
597 5390 720 5443 xm,
744 5377 840 5433 46.

2019 4549 2154 4589 rum
2182 4532 2322 4589 dicit
2351 4532 2612 4589 civitates
2646 4537 2705 4587 et
2732 4532 2896 4587 vicos
2931 4530 3221 4602 gentium,
3269 4546 3406 4603 qua:
3445 4528 3685 4587 vocavit

2021 4622 2221 4679 Exitus
2264 4623 2520 4687 viarum,
2553 4620 2902 4692 signiﬁcans
2935 4620 3331 4691 abjectionem
3364 4620 3635 4692 gentium
3664 4639 3679 4690 ;

2020 4711 2079 4766 in
2111 4710 2367 4767 exitibus
2396 4710 2558 4766 enim
2608 4710 2826 4782 abjecti
2882 4714 3350 4766 commorantur.
3413 4708 3683 4767 Primum

2021 4798 2320 4872 siquidem
2343 4798 2598 4872 apostoli
2620 4799 2839 4855 Judmis
2864 4798 3294 4871 praedicabant,
3315 4814 3454 4855 cum
3480 4799 3682 4855 adhuc

2019 4889 2183 4961 apud
2213 4905 2316 4945 eos
2342 4895 2555 4946 essent.
2590 4889 2920 4961 Postquam
2950 4892 3154 4945 autem
3196 4888 3327 4944 illos
3352 4888 3676 4956 ejecerunt,

2018 4978 2157 5035 dicit
2180 4979 2252 5033 lis
2271 4978 2493 5035 Paul-as
2517 4996 2530 5034 :
2576 4978 2747 5035 Vobis
2788 4979 3051 5048 oportuit
3074 4977 3339 5048 primum
3370 4977 3532 5049 loqui
3554 4990 3681 5034 ver-

2019 5069 2155 5124 bum
2182 5069 2295 5124 Dez'
2323 5083 2337 5123 :
2371 5067 2509 5140 quia
2536 5073 2734 5125 autem
2762 5066 3043 5139 indignos
3072 5082 3171 5123 vos
3183 5066 3523 5137 judicastis,
3549 5081 3681 5124 ecce

2012 5158 2407 5215 convertimur
2431 5157 2513 5214 ad
2528 5163 2725 5228 gentes
2755 5158 2826 5213 τι.

1525 5476 1754 5545 Varias
1791 5478 2120 5547 lectiones
2163 5489 2230 5547 et
2255 5486 2459 5547 notae.

364 5617 481 5701 (67)
507 5620 590 5674 Ita
624 5615 839 5674 laudat
864 5616 1169 5690 Chrysost.
1213 5624 1253 5674 t.
1284 5620 1397 5687 Vll,
1439 5633 1586 5692 pag.
1625 5620 1722 5675 681
1763 5625 1820 5676 Β.
1854 5621 2126 5681 Varietas
2159 5638 2298 5695 ergo
2336 5637 2461 5679 non
2495 5637 2565 5679 ex
2593 5622 2908 5682 codicibus
2949 5625 3230 5695 Actuum,
3274 5622 3380 5681 sed
3427 5623 3682 5695 αδηερε

296 5695 474 5748 atomi
486 5732 503 5747 .

366 5787 494 5861 (nu)
514 5787 1041 5847 Gubernationem.
1075 5789 1327 5847 Curam.
