4178 6382
496 323 595 378 571
1816 314 2165 375 EUTHYMII
2204 313 2367 372 ZIGA
2377 313 2537 371 BEN]
3764 318 3873 373 572

568 447 745 521 Atqui
799 450 1124 521 postquam
1155 448 1473 503 resurrexit
1511 447 1793 513 Christus,
1826 446 2022 501 statim
2041 444 2149 499 hos

2341 447 2440 494 Καὶ
2506 448 2608 514 μὴν
2674 443 2905 505 αναστὰς
2955 442 2983 495 ὁ
3049 444 3277 515 Χριστὸς
3342 442 3399 494 εκ
3470 451 3657 515 νεκρῶν
3717 444 3871 507 εὐθὺς

498 536 577 592 ad
626 540 832 607 gentes
887 537 1085 592 emisit
1138 537 1378 592 dicens:
1425 538 1645 592 Euntes
1701 536 1900 591 docete
1963 547 2149 589 omnes

2265 534 2331 592 εἰς
2405 534 2471 584 τά
2541 533 2657 590 ἔθνη
2730 536 2941 594 τούτους
2997 530 3367 601 ὶξαπέστειλεν,
3433 530 3606 583 εἰπών·
3677 539 3870 606 Πορευ-

497 633 697 697 gentes
730 628 797 679 95.
834 627 1151 691 Quomodo
1182 642 1323 697 ergo
1350 626 1612 699 primum
1635 623 2149 696 Judaaispraadica-

2266 624 2432 682 θέντες
2542 625 2905 693 μαθητεύσατε
3031 624 3198 674 πάντα
3322 623 3386 673 τὰ
3497 622 3636 678 ἔθνη.
3754 626 3867 683 Πῶς

495 720 708 771 verunt
744 716 771 771 ?
812 716 1022 772 Scribit
1064 718 1249 771 Lucas
1272 715 1423 771 libro
1480 721 1758 771 Actorum
1792 714 1978 786 quod,
2013 728 2149 767 cum

2262 708 2349 763 οὖν
2395 720 2594 783 πρῶτον
2642 720 2745 773 τοῖς
2784 709 3064 772 Ἰουδαίοις
3112 710 3386 781 ἐκήρυξαν,
3434 713 3618 784 γράφει
3662 715 3868 771 Λουκᾶς

499 821 857 861 ascensurus
904 812 1057 861 esset
1116 806 1379 861 Christus
1420 806 1480 861 in
1530 804 1766 871 ccelum,
1807 804 1954 858 dixit
2005 817 2147 874 apo-

2262 798 2309 850 ἐν
2486 798 2662 873 βιβλῳ
2709 808 2808 854 τῶν
2860 801 3117 873 Πράξεων·
3168 802 3244 853 ὅτι
3296 798 3487 873 μέλλων
3555 800 3580 851 ὁ
3636 802 3867 874 Χριστὸς

497 894 661 950 stolis
678 895 747 949 :A
758 895 844 950 cei
844 896 963 964 piet
972 896 1017 950 is
1030 895 1305 950 virtutem
1316 895 1695 965 supervem'en
1704 893 2005 963 tesz'ritu
2022 907 2149 946 san-

2263 887 2550 941 ἀναϐαίνειν
2622 890 2692 952 εἰς
2760 893 2847 943 τὸν
2896 891 3131 966 οὐρανὸν,
3193 886 3302 942 εἶπε
3348 895 3454 949 τοῖς
3528 886 3861 951 ἀποστόλοις⁹

496 990 588 1039 cto
620 999 799 1053 super
822 1000 942 1049 vos,
997 992 1047 1039 ει
1088 986 1248 1040 eritis
1270 984 1413 1040 mihi
1440 989 1601 1040 testes
1642 985 1705 1039 in
1737 983 2073 1047 Jerusalem,
2097 985 2149 1036 et

2265 977 2510 1048 Λήψεσθε
2584 975 2828 1053 δύναμιν,
2893 979 2980 1033 ἕπε
3051 980 3257 1039 λθόντος
3316 986 3407 1031 τοῦ
3484 978 3633 1049 ἁγίου
3708 980 3863 1032 Πνεύ-

493 1072 556 1128 in
583 1073 741 1128 omni
766 1073 973 1129 Judam
999 1081 1049 1129 et
1079 1073 1369 1138 Samaria,
1399 1079 1451 1129 et
1478 1088 1662 1145 usque
1705 1072 1787 1128 ad
1827 1079 2148 1127 extremum

2260 1087 2422 1140 ματος
2494 1067 2568 1141 ἐφ’
2633 1070 2784 1143 ὑμᾶς,
2844 1074 2933 1122 καὶ
3004 1071 3185 1122 ἔσεσθέ
3240 1088 3329 1142 μοι
3380 1070 3659 1143 μάρτυρες,
3711 1070 3761 1120 ἔν
3806 1087 3863 1121 τε

495 1165 749 1218 terra“.
786 1165 928 1218 Ecce
945 1162 1255 1236 quomodo
1284 1161 1732 1233 signiﬁcaverit,
1755 1161 1919 1234 quod
1951 1176 1985 1216 a
2016 1160 2149 1215 Hie-

2263 1157 2611 1232 Ιερουσαλὴμ,
2666 1164 2755 1212 καὶ
2809 1158 2856 1211 ἂν
2908 1160 3056 1232 πάσῃ
3120 1166 3183 1231 τῇ
3250 1154 3487 1231 Ἰουδαίᾳ
3536 1162 3627 1210 καὶ
3692 1164 3864 1230 Σαμα-

491 1250 809 1323 rosolymis
844 1252 1182 1309 inchoaturi
1212 1257 1433 1309 essent.

2260 1252 2393 1320 ρείᾳ,
2443 1254 2533 1300 καὶ
2588 1250 2681 1312 ἕως
2734 1247 2967 1321 ἐσχάτου
3019 1256 3115 1311 τῆς
3166 1255 3284 1321 γῆς.
3346 1244 3488 1301 Ἰδοὺ
3545 1242 3861 1314 δεδήλωκεν,

2261 1339 2341 1390 ὅτι
2366 1338 2607 1409 ἄρξονται
2642 1341 2743 1391 ἀπὸ
2768 1339 3127 1413 Ἰερουσαλήμ.

562 1447 730 1504 Vers.
770 1452 848 1504 to.
894 1450 956 1503 Et
1014 1450 1205 1505 bonos.
1262 1449 1448 1505 Malos
1501 1452 1773 1505 nominat
1822 1448 1985 1505 malis
2061 1465 2149 1505 as-

2335 1434 2435 1480 Καὶ
2495 1460 2563 1468 -
2631 1426 2883 1499 ἀγαθούς.
2967 1432 3227 1500 Πονηρούς
3282 1426 3526 1499 ὀνομάζει
3578 1429 3699 1488 τοὺς
3772 1445 3864 1477 κα-

490 1541 714 1601 suetos,
739 1544 841 1593 aut
894 1538 1357 1612 intemperantes
1383 1540 1439 1593 in
1472 1538 1885 1595 affectionibus
1914 1557 1926 1606 ;
1958 1540 2148 1594 bonos

2260 1519 2486 1582 κοήθεις,
2539 1521 2567 1576 ἤ
2612 1522 2731 1579 τοὺς
2775 1517 3011 1593 ἀκρατεῖς
3063 1516 3110 1569 ἓν
3163 1524 3276 1578 τοῖς
3332 1518 3573 1569 πάθεσιν·
3635 1516 3865 1586 ἀγαθοὺς

2263 1605 2320 1643 ’ῗὲ
2391 1611 2511 1643 q-m‘w
2560 1607 2753 1643 ἶνες-Ἱλῦρ
2822 1610 2849 1643 ξς
2904 1612 3024 1643 -ι-ιηξρ
3078 1606 3340 1643 hom...»
3397 1604 3444 1643 ἓν
3492 1613 3609 1643 φηῗρ
3655 1603 3864 1643 (alligatur

490 1643 629 1682 vero
685 1627 984 1700 simplices
1045 1644 1114 1685 ac
1179 1634 1573 1700 temperantes
1628 1628 1705 1683 ad
1777 1629 2149 1684 irrationales

2263 1605 2340 1669 δὲ,
2391 1611 2511 1669 τοὺς
2560 1607 2774 1675 ἁπλοῦς,
2822 1610 2849 1667 ἦ
2904 1612 3024 1669 τοὺς
3077 1606 3340 1682 ἐγκρατεῖς
3396 1605 3444 1657 ἒν
3492 1613 3609 1666 ταῖς
3655 1605 3864 1675 ἀλόγοις

491 1717 771 1789 impetus,
789 1695 1009 1789 quibus
1030 1718 1206 1773 simul
1222 1718 1495 1774 omnibus
1520 1719 1990 1790 praedicaverunt
2008 1734 2149 1791 apo-

2260 1699 2465 1771 ὁρμαῖς,
2505 1699 2580 1760 οἷς
2628 1700 2757 1770 ὁμοῦ
2796 1704 2956 1750 πᾶσιν
3003 1696 3257 1770 ἐκήρυξαν
3289 1699 3337 1748 οἱ
3382 1695 3682 1760 ἀπόστολοι,
3730 1696 3862 1746 πάν-

2441 1788 2451 1799 »
2508 1794 2517 1804 ,
2780 1788 2796 1804 κ
2849 1796 2867 1803 -
3098 1787 3109 1799 ς
3261 1791 3270 1804 .
3516 1788 3526 1801 .
3840 1791 3858 1799 -

492 1788 648 1871 stoli,
680 1822 889 1861 omnes
908 1822 978 1862 ex
1010 1820 1186 1880 aequo
1216 1807 1537 1863 invitantes
1556 1808 1626 1863 ad
1657 1807 2147 1880 conjunctionem

2256 1808 2346 1850 τας
2432 1788 2617 1849 ἐπίσης
2710 1788 2982 1850 καλοῦντες
3068 1788 3141 1849 εἰς
3216 1791 3309 1845 τὴν
3397 1788 3673 1858 σννάφειαν
3768 1791 3860 1835 τοῦ

2258 1886 2299 1893 --
2472 1884 2490 1893 -
2610 1883 2620 1893 ,
2828 1876 2838 1891 .
2976 1886 2993 1893 _
3094 1884 3110 1893 .
3240 1876 3287 1893 ,-
3490 1880 3499 1891 .
3596 1880 3605 1892 .
3699 1873 3710 1889 ν
3833 1882 3851 1890 -

491 1911 629 1951 cum
689 1895 939 1964 Christo,
988 1903 1042 1952 et
1088 1913 1221 1953 eam
1279 1913 1412 1969 quae
1446 1897 1505 1953 in
1538 1898 1787 1970 paasenti
1845 1898 2061 1954 saeculo
2093 1902 2149 1954 et

2258 1884 2514 1951 Χριστοῦ,
2562 1883 2656 1937 τήν
2714 1898 2769 1931 τε
2820 1883 2867 1931 ἐν
2929 1886 3002 1949 τῷ
3052 1884 3140 1929 νῦν
3198 1883 3369 1945 αἰῶνι,
3417 1883 3509 1929 καὶ
3552 1883 3645 1934 τὴν
3692 1883 3739 1926 iv
3788 1883 3860 1945 τῷ

488 2000 624 2057 quae
663 1985 769 2040 erit
800 1984 858 2040 in
892 1983 1109 2042 futuro.
1299 1967 1317 1969 _
1540 1967 1556 1970 ⁷

2256 1967 2510 2040 μέλλοντι.

560 2092 727 2149 Vers.
781 2094 866 2149 10.
920 2094 997 2150 Et
1055 2126 1123 2133 —
1188 2096 1345 2150 Vers.
1412 2095 1876 2165 11.nuplialem.
1938 2095 2147 2152 Dicens

2329 2071 2427 2120 Καὶ
2486 2099 2553 2107 -—
2626 2069 2821 2138 γάμου.
2886 2066 3076 2131 Εἰπὼν,
3133 2067 3213 2118 ὅτι
3278 2064 3512 2122 ἐπλήσθη
3577 2065 3602 2115 ό
3666 2064 3858 2135 γάμος,

2261 2157 2277 2173 0
2472 2158 2481 2169 ι
2684 2162 2693 2173 ι
2816 2154 2827 2167 ⁸
2917 2162 2925 2171 ι
3142 2157 3161 2169 α
3326 2154 3427 2173 Ὕλα
3510 2152 3731 2173 ‘,\,',,
3778 2162 3857 2173 ,1.

489 2181 655 2254 quod
681 2180 941 2254 impletae
983 2187 1122 2239 sunt
1151 2183 1373 2255 nuptiae
1396 2184 1517 2239 sive
1535 2152 1749 2240 domus
1773 2183 2141 2258 nuptiarum,

2257 2157 2436 2227 ἧγουν,
2462 2158 2487 2207 ό
2530 2162 2759 2229 νυμφὼν,
2808 2154 3087 2229 ἐστὴμανεν
3136 2157 3216 2207 ὅτι
3258 2154 3436 2207 πολλοὶ
3481 2152 3863 2206 εἰσελεύσονται

2308 2250 2319 2258 ,
2508 2254 2528 2258 _
2681 2254 2699 2258 _
2790 2250 2797 2258 .
3149 2245 3166 2258 ς
3214 2250 3223 2258 .
3347 2244 3396 2258 ...
3489 2240 3523 2258 ι.
3619 2250 3638 2258 _
3686 2242 3698 2257 ν
3768 2242 3826 2258 ν-

491 2269 851 2341 signiﬁcavit
895 2271 1052 2343 quod
1110 2272 1279 2329 multi
1327 2273 1647 2344 ingressuri
1681 2279 1821 2331 sunt
1847 2291 2036 2348 usque
2068 2274 2146 2331 ad

489 2360 701 2416 mundi
715 2362 1318 2418 consummationem.
1340 2367 1399 2418 ln
1419 2364 1689 2436 sequenti
1706 2380 1847 2421 vero
1860 2364 2148 2437 parabola

488 2444 663 2506 docet
692 2449 766 2505 de
796 2450 1248 2523 futurojudicio.
1280 2456 1362 2510 Tu
1384 2459 1583 2510 autem
1614 2453 1758 2509 nihil
1787 2453 2145 2528 profundius

491 2540 789 2613 scrutaris,
813 2545 955 2613 puta
987 2542 1122 2614 quis
1152 2543 1224 2598 sit
1250 2559 1511 2615 sponsus
1543 2548 1599 2599 et
1622 2542 1936 2617 quomodo
1968 2543 2145 2599 simul

490 2644 624 2685 cum
656 2632 930 2686 decenter
955 2633 1178 2688 ornatis
1208 2632 1515 2703 ingressus
1546 2638 1632 2690 est
1664 2626 1716 2690 is
1756 2635 1862 2707 qui
1894 2633 2145 2705 nuptiali

488 2724 706 2775 ornatu
726 2720 983 2785 carebat,
1012 2726 1067 2777 et
1097 2722 1143 2777 si
1190 2724 1337 2794 quid
1378 2728 1465 2781 est
1530 2722 1740 2781 simile.
1811 2724 2147 2781 Periculosa
2180 2738 2219 2808 ς

489 2809 650 2866 enim
684 2814 770 2865 est
799 2810 1007 2867 talium
1038 2811 1363 2882 indagatio,
1407 2817 1465 2869 et
1495 2819 1737 2887 pr0pter
1775 2814 2147 2887 profundita-

490 2906 616 2955 tum
649 2900 1065 2972 speculationis
1103 2901 1364 2968 illorum,
1420 2908 1476 2959 et
1522 2908 1767 2976 propter
1812 2904 2143 2961 libertatem

489 2989 815 3063 parabolae,
845 2991 1506 3066 suamquelegem(vv).
1538 2993 1842 3067 Siquidem
1867 2994 1926 3051 id
1951 2994 2143 3051 solum

489 3080 845 3137 trahendum
876 3080 1140 3148 esthinc,
1176 3081 1337 3154 quod
1370 3082 1673 3139 neminem
1712 3100 1991 3140 securum
2017 3100 2145 3141 esse

488 3174 781 3243 oporteat,
813 3186 883 3226 eo
911 3171 1075 3243 quod
1106 3171 1181 3227 ad
1210 3172 1449 3245 nuptias
1480 3172 1797 3245 intraverit,
1834 3175 1961 3231 sola
1993 3175 2147 3231 vide-

489 3260 621 3316 licet
650 3260 711 3315 in
752 3260 1049 3317 Christum
1078 3260 1195 3317 ﬁde
1238 3276 1252 3327 ;
1286 3262 1391 3317 sed
1420 3268 1746 3337 postquam
1787 3264 2145 3339 baptismate

489 3348 727 3406 ablutus
754 3357 859 3415 est,
902 3366 1057 3422 opus
1088 3354 1177 3405 est
1224 3356 1405 3416 veste,
1438 3353 1616 3408 etiam
1649 3355 1901 3425 nuptiali
1956 3356 2142 3420 indui.

487 3438 602 3495 hoc
632 3443 735 3505 est,
757 3444 1039 3495 ornatum
1078 3455 1207 3495 esse
1239 3455 1309 3496 ac
1361 3441 1615 3511 dignum
1656 3443 1863 3499 futuris
1894 3445 2142 3517 nuptiis.

488 3529 589 3584 Est
612 3533 813 3584 autem
826 3528 953 3584 haec
980 3528 1153 3585 vestis
1178 3532 1233 3585 et
1263 3535 1531 3598 ornatus,
1565 3532 1681 3588 vita
1698 3550 1849 3605 pura
1870 3551 1939 3591 ac
1960 3535 2146 3606 splen-

487 3616 652 3682 dida,
680 3618 741 3674 in
777 3617 1027 3673 modum
1059 3618 1236 3673 vestis
1269 3620 1584 3677 virtutibus
1607 3627 1902 3679 contexta.

561 3705 873 3761 Hominem
931 3706 1131 3780 itaque
1179 3723 1300 3765 non
1345 3711 1617 3767 vestitum
1664 3716 1827 3769 veste
1868 3713 2141 3786 nuptiali,

2322 3718 2625 3792 ’Ἄνθρωπον
2702 3719 2791 3790 μὲν
2872 3712 2979 3783 οὖν,
3062 3714 3157 3767 οὐκ
3240 3710 3576 3788 ἐνδεδυμένον
3659 3711 3861 3787 ἔνδυμα

488 3794 1071 3869 appellavitomnem
1102 3798 1414 3856 hominem
1444 3801 1685 3873 indigne
1713 3808 2013 3860 ornatum.
2040 3805 2144 3861 Ve-

2254 3812 2425 3883 γάμου
2470 3812 2862 3882 προσηγόρευσε
2914 3806 3086 3858 πάντα
3148 3806 3418 3879 ἄνθρωπον
3480 3804 3702 3868 ἀναξίως
3769 3813 3859 3865 τοῦ

490 3884 593 3939 stis
624 3898 761 3938 vero
795 3899 914 3939 non
945 3885 1246 3958 nuptialis,
1274 3889 1394 3944 vita
1417 3893 1504 3946 est
1524 3890 1770 3949 sordida
1801 3897 1856 3948 et
1882 3893 2139 3966 impura.

2254 3903 2421 3973 γάμου
2481 3898 2865 3970 ἐστολισμένον,
2946 3896 3056 3947 Οὐκ
3114 3891 3314 3967 ἔνδυμα
3368 3891 3427 3947 δὲ
3482 3896 3677 3967 γάμου,
3740 3894 3860 3967 βίος

488 3974 763 4029 Amicum
794 3978 993 4031 autem
1023 3975 1168 4032 dixit
1236 3982 1436 4050 utpote
1495 3979 1919 4050 Christianum,
1953 4000 2142 4058 quan-

2254 3991 2483 4065 ῥυπαρός
2540 3992 2629 4039 καὶ
2694 3985 3007 4059 ἀκάθαρτος.
3082 3984 3314 4059 Ἐταῖρον
3370 3980 3428 4036 δὲ
3486 3984 3639 4037 αὐτὸν
3699 3980 3856 4051 εἶπεν,

488 4078 676 4135 quam
690 4063 1044 4135 indignetali
1058 4067 1456 4141 appellatione
1474 4076 1950 4129 conversantem.
1971 4075 2141 4148 Atqui

2254 4063 2321 4143 ὧς
2368 4083 2490 4139 τέως
2543 4078 2881 4152 Χριστιανὸν,
2946 4074 2989 4127 εἰ
3036 4079 3126 4127 καὶ
3190 4073 3405 4137 ἀναξίως
3453 4084 3546 4135 τῆς
3593 4094 3859 4151 προσηγο-

488 4167 595 4224 per
646 4153 898 4221 gratiam
930 4170 1140 4211 omnes
1193 4159 1428 4214 vocavit
1463 4161 1813 4231 :quomodo
1862 4179 2005 4233 ergo
2042 4181 2143 4220 eos

2254 4174 2366 4240 ρίας
2408 4170 2603 4228 ταύτης
2656 4164 3042 4219 ἐπολιτεύσατο.
3095 4168 3195 4217 Καὶ
3256 4168 3355 4236 μὴν
3418 4166 3608 4237 χάριτι
3661 4166 3858 4226 πάντας

489 4244 824 4299 scrutatur?
840 4244 991 4309 Quia
1003 4246 1279 4301 convenit
1307 4247 1488 4303 etiam
1506 4264 1642 4304 eum
1674 4250 1776 4322 qui
1798 4252 1876 4307 ad
1901 4254 2143 4325 nuptias

2254 4257 2479 4309 ἐκάλεσε·
2550 4264 2658 4317 πῶς
2730 4254 2817 4306 οὖν
2873 4252 3335 4327 ἀκριϐολογεῖται;
3394 4257 3532 4304 Διὸτι
3602 4257 3860 4324 προσήκει

487 4336 734 4388 vocatus
762 4339 869 4397 est,
883 4334 1045 4404 regio
1058 4340 1269 4390 ornatu
1281 4337 1529 4393 omnino
1554 4338 1805 4410 ingredi,
1835 4345 1891 4397 et
1915 4341 2142 4399 decenti

2254 4350 2340 4400 τὸν
2396 4346 2467 4406 εἰς
2531 4348 2699 4417 γάμον
2775 4344 3046 4415 κληθέντα,
3107 4348 3197 4395 καὶ
3260 4341 3489 4415 μάλιστα
3553 4340 3855 4414 βασιλικόν,

487 4421 661 4488 stola,
694 4422 900 4491 gratiae
937 4424 1264 4480 vocationis
1292 4427 1676 4498 respondere.
1712 4434 1773 4485 In
1792 4432 2141 4504 corruptibi-

2254 4440 2636 4508 κεκοσμημένον
2695 4433 2959 4497 εἰσελθεῖν,
3019 4438 3109 4485 καὶ
3161 4431 3487 4505 ἀμείψασθαι
3546 4436 3640 4490 τὴν
3698 4432 3857 4505 χάριν

487 4509 647 4567 libus
661 4511 808 4565 enim
822 4512 1045 4583 nuptiis
1058 4514 1423 4586 respondere
1435 4518 1728 4591 quispiam
1740 4527 1958 4593 posset,
1975 4524 2142 4594 quod

2254 4534 2348 4587 τῆς
2395 4525 2625 4586 κλήσεως
2676 4532 2746 4594 τῷ
2794 4523 3149 4595 καλλωπισμῷ
3200 4531 3291 4584 τῆς
3349 4521 3558 4584 στολῆς.
3612 4520 3730 4575 Ἐπὶ
3768 4523 3857 4593 μεν

488 4601 676 4690 digna
711 4600 863 4690 stola
889 4601 1165 4690 difficilis
1217 4604 1464 4662 inventu
1494 4607 1644 4665 foret
1672 4626 1686 4675 ;
1720 4611 1780 4667 in
1804 4611 1897 4667 his
1941 4617 2143 4670 autem

2254 4618 2352 4690 γὰρ
2410 4622 2511 4668 τῶν
2578 4616 2815 4687 φθαρτῶν
2877 4615 3078 4686 γάμων,
3138 4614 3254 4684 ἔχοι
3319 4631 3395 4673 τις
3447 4613 3509 4664 ἄν
3578 4610 3858 4683 ἀπολογίαν

488 4688 1042 4761 inoorruptibilibus
1056 4694 1276 4765 nuptiis
1289 4694 1489 4754 ablata
1501 4702 1589 4754 est
1602 4699 1798 4757 omnis
1816 4702 2138 4758 excusatio.

2254 4688 2342 4758 καί
2387 4709 2723 4777 συγγνώμην,
2769 4701 2864 4756 διὰ
2901 4707 2957 4756 τὸ
2996 4700 3354 4775 δυσπόριστον
3400 4701 3529 4755 εἶναι
3579 4705 3668 4759 τὴν
3710 4700 3858 4763 ἀξίαν

489 4781 556 4835 In
579 4779 851 4852 proximo
866 4796 1130 4855 namque
1153 4788 1243 4841 est
1272 4776 1521 4843 ornatus
1551 4804 1622 4845 ac
1644 4788 1888 4846 inventu
1917 4790 2101 4848 facilis
2124 4811 2139 4850 :

2256 4776 2469 4853 στολήνέ
2500 4776 2609 4848 γέπὶ
2657 4790 2717 4847 δὲ
2772 4800 2864 4847 τοῦ
2913 4792 3177 4868 ἀφθάρτου
3232 4793 3418 4846 τούτου
3471 4793 3665 4863 γάμου,
3710 4794 3861 4842 πᾶσα

2255 2250 2419 2321 μέχρι
2467 2254 2561 2308 τῆς
2608 2254 2701 2298 τοῦ
2743 2250 2944 2318 κόσμου
2996 2245 3308 2306 συντελείας.
3347 2244 3428 2297 Ἐν
3477 2240 3537 2296 δε
3573 2250 3646 2313 τῷ
3678 2242 3863 2315 ἕφεξῆς

2254 2344 2348 2398 τῆς
2378 2334 2680 2409 παραϐολῆς
2728 2332 2978 2388 διδασκει
3008 2340 3129 2409 περὶ
3160 2343 3257 2395 τῆς
3300 2333 3592 2407 μελλούσης
3622 2337 3859 2405 κρίσεως.

2256 2429 2322 2478 Σὺ
2370 2423 2429 2478 ὁὶ
2477 2422 2644 2497 μηδὲν
2690 2425 3113 2497 πολυπραγμόνει
3164 2423 3474 2496 βάθύτερον,
3528 2419 3655 2488 οἷον,
3705 2426 3782 2483 τίς
3834 2423 3861 2474 ὀ

2254 2519 2483 2587 νυμφὼν,
2534 2520 2624 2567 καὶ
2676 2524 2785 2577 πῶς
2844 2514 3146 2572 συνεισῆλθε
3200 2522 3307 2574 τοῖς
3357 2512 3863 2573 κεκαλλωπισμένοις

2255 2607 2281 2658 ὁ
2338 2604 2743 2671 ἀκαλλώπιστος,
2804 2610 2893 2656 καὶ
2950 2607 2993 2656 εἰ
3051 2624 3102 2656 τι
3166 2610 3421 2658 τοιοῦτον.
3502 2598 3859 2665 Ἐπικίνδυνος

2253 2698 2353 2768 γὰρ
2408 2698 2438 2754 ἡ
2494 2698 2688 2748 τούτων
2737 2696 2985 2761 ἔξέτασις,
3052 2690 3145 2746 διά
3206 2713 3260 2746 τε
3310 2697 3403 2751 τὴν
3478 2691 3712 2745 ἄϐυσσον
3769 2700 3860 2753 τῆς

2256 2788 2473 2855 θεωρίας
2518 2785 2707 2855 αὐτῶν,
2758 2790 2848 2837 καί
2902 2781 2997 2837 διὰ
3040 2788 3133 2843 τὴν
3190 2784 3501 2855 αὐτονομίαν
3554 2790 3647 2843 τῆς
3693 2801 3860 2857 παρα-

2256 2874 2430 2938 ϐολῆςο
2476 2878 2629 2947 μόνον
2668 2872 2727 2928 δε
2766 2875 2989 2927 ἐντεῦθεν
3030 2873 3192 2947 ἀρύου
3236 2876 3295 2925 τὸ
3338 2878 3636 2944 γινώσκειν,
3678 2873 3759 2923 ὅτι
3798 2871 3858 2923 οὐ

2253 2970 2363 3038 χρή
2419 2984 2537 3018 τινα
2585 2964 2786 3039 θαρρεῖν
2845 2969 2983 3037 μόνῳ
3031 2971 3103 3035 τῷ
3148 2962 3305 3016 ἐλθεῖν
3356 2963 3425 3025 εἰς
3475 2962 3595 3024 τούς
3636 2964 3860 3034 γάμους,

2256 3058 2443 3123 εῖτουν,
2493 3059 2622 3128 μόνη
2671 3062 2731 3127 τῇ
2785 3053 2856 3114 εἰς
2903 3056 3137 3129 Χριστόν
3186 3057 3384 3117 πίστει,
3437 3050 3568 3117 ἀλλ’,
3608 3054 3718 3106 επεὶ
3767 3047 3864 3104 διὰ

2255 3151 2347 3197 τοῦ
2388 3143 2757 3217 βαπτίσματος
2811 3142 3134 3196 ἀπελούσατο
3179 3142 3316 3213 (68),
3364 3137 3449 3195 δεῖ
3485 3139 3863 3215 περιϐληθῆναι

2255 3239 2345 3286 καὶ
2433 3230 2633 3306 ἔνδυμα
2703 3236 2952 3306 γαμικὸν,
3009 3235 3148 3298 ἤτοι,
3216 3230 3695 3303 κεκαλλωπισμένον
3772 3234 3863 3284 καὶ

2256 3324 2397 3387 ἄξιον
2469 3332 2567 3376 τῶν
2622 3323 2900 3397 μελλόντων
2969 3323 3171 3394 γάμων·
3230 3323 3340 3374 ἔστι
3408 3316 3467 3374 δε
3536 3328 3688 3373 τοῦτο
3743 3318 3863 3391 βίος

2255 3416 2481 3489 καθαρὸς
2531 3418 2622 3465 καὶ
2672 3413 2929 3485 λαμπρός,
2976 3416 3165 3484 τρόπον
3218 3418 3439 3484 χιτῶνος
3490 3412 3863 3483 ὕφηφασμένος

2253 3504 2308 3567 εξ
2340 3503 2550 3577 ἀρετῶν.

561 4958 611 4995 ⁸⁵
634 4958 840 5019 Matth.
878 4976 1038 5030 mu,
1073 4962 1163 5020 19.
1240 4964 1291 5001 ’⁸
1320 4967 1445 5022 Act.
1476 4980 1515 5032 ι,
1547 4964 1603 5025 8.

1717 5162 1928 5232 Variae
1964 5163 2291 5234 lectiones
2334 5176 2399 5235 et
2439 5175 2643 5236 notae.

586 5362 677 5440 68)
718 5362 903 5440 intell.
927 5365 1013 5418 τὸν
1037 5372 1152 5440 τῷν⁸
1169 5364 1435 5440 ἁμαρτιῶν
1455 5363 1649 5440 ῥῇπον.

586 5434 676 5515 υο)
705 5434 1005 5515 ᾼύτονρμία
1032 5434 1351 5515 difficulter
1369 5434 1653 5495 redditur.
1677 5440 1828 5515 Ergo
1854 5437 2146 5515 interpres

2257 5442 2541 5515 αὐτόνομος
2570 5444 2681 5507 est,
2730 5456 2866 5515 quae
2906 5439 3553 5515 utiturconsuetudine
3592 5443 3650 5515 et
3688 5440 3868 5515 venia.

490 5503 1604 5587 duplici‘modoreddidit,_liber(atem
1654 5503 1907 5587 ets'uam
1945 5503 2144 5584 leéem.
2255 5503 2705 5587 parab'olarum,
2748 5503 3231 5587 admiscentium
3250 5513 3547 5587 nonnulla
3571 5512 3649 5587 ad
3689 5511 3865 5583 perﬁ-

492 5575 1083 5665 i‘lttgl‘lp‘clAfparabola
1108 5596 1220 5637 sua
1264 5580 1394 5662 lege
1418 5580 1621 5665 u‘titu‘r.
1652 5582 1946 5665 Δρτονομία
1995 5575 2142 5665 pro-
2255 5575 2530 5665 ciendam
2550 5591 2609 5665 et
2628 5575 3717 5665 exornandam_parabolam,_minim_é
3735 5599 3866 5665 perf

492 5648 621 5718 prie
633 5651 724 5728 est
748 5648 1058 5728 civitatum
1083 5667 1218 5728 quae
1244 5648 1387 5728 suis,
1408 5650 1475 5728 id
1499 5656 1587 5728 est
1607 5648 1855 5728 patrum"
1877 5661 1931 5711 et
1962 5648 2143 5728 majo-
2254 5658 2504 5714 tinentia
2529 5656 2608 5715 ad
2641 5673 2769 5714 rem
2804 5673 2939 5714 eam
2971 5648 3144 5728 cujus
3169 5674 3351 5714 causa
3380 5648 3755 5728 interposita-
3775 5661 3866 5713 est

492 5716 650 5783 rum,
681 5716 914 5788 legibus
945 5725 1003 5779 et
1043 5716 1329 5780 institutis
1357 5716 1627 5782 utantur:
1666 5724 1957 5785 Parabola
2002 5716 2142 5800 er'go
2254 5729 2567 5801 parabola.
