4178 6384
327 331 439 388 573

1301 335 1656 393 COMMENT.
1703 335 1771 392 IN
1812 331 2267 391 MATTHJEUM.
2309 367 2376 378 --
2415 337 2569 393 CAP.
2605 338 2772 395 XXII.

3611 340 3714 403 574

324 464 640 533 περιῄρηται
694 463 983 532 πρόφασις.
1039 460 1098 514 Ὀ
1163 464 1267 537 γαρ
1347 462 1714 530 καλλωπισμὸς
1783 460 1925 533 ἐγγύα

2050 460 2098 515 si
2122 460 2303 517 modo
2326 462 2493 518 illum
2523 480 2655 520 vere
2680 465 3113 536 quaasierimus.
3135 466 3298 519 Juste
3322 464 3524 534 itaque
3545 462 3712 517 illum

320 551 412 599 καὶ
482 546 812 620 εύπόριστος,
897 549 941 601 εἰ
1011 554 1165 622 μόνον
1237 550 1442 614 ἀληθῶς
1516 551 1671 604 αὐτὸν
1732 551 1937 612 ζητήσο

321 655 414 707 μεν
448 637 578 706 (69).
633 636 797 690 Ὧστε
840 635 1059 702 δικαίως
1114 639 1345 695 ἐκϐάλλει
1387 646 1471 693 τόν
1521 641 1937 709 ἀκαλλώπιστον,

324 729 391 787 ὡς
436 725 680 800 ῥᾴθμμον
731 733 822 780 καὶ
870 736 1279 806 καταφρονητήν.
1322 734 1565 808 Καθάπερ
1618 736 1718 806 γὰρ
1776 732 1824 782 οἱ
1863 734 1935 803 μὴ

322 814 550 879 ἐλθόντες
582 816 828 892 ύϐρισαν,
862 819 997 872 ούτω
1048 824 1139 872 καὶ
1183 820 1232 874 οἰ
1272 820 1590 882 εἰσελθόντες
1642 820 1939 897 ὶρῥυπωμέ-

323 924 425 960 νοι.

396 997 440 1066 'i'
480 998 522 1067 'i‘
560 996 794 1071 Ῥυπαρὰ
823 998 938 1070 (7C)
977 1001 1078 1074 γὰρ
1109 1002 1294 1074 ἱμάτια
1329 1009 1473 1077 φορεῖ
1501 1002 1619 1075 ὁμὴ
1649 997 1939 1072 ἐνδυσάμε-

2050 549 2206 622 ejicit
2242 551 2345 623 qui
2385 557 2630 609 ornatus
2670 570 2793 610 non
2834 559 2977 621 erat,
3021 558 3310 626 tanquam
3353 567 3600 623 segnem
3641 567 3712 607 ac

2049 640 2466 711 negligentem.
2520 643 2829 715 Siquidem
2878 643 3025 700 sicut
3074 644 3291 715 injuste
3346 658 3487 712 erga
3542 640 3711 698 illum

2048 737 2296 799 egerunt
2320 733 2420 805 qui
2447 748 2568 789 non
2592 740 2897 805 venerunt,
2920 735 3005 791 ita
3026 739 3083 791 et
3107 732 3211 806 qui
3239 731 3466 789 sordidi
3490 730 3714 802 ingres-

2050 819 2099 875 si
2130 825 2286 876 sunt.

2116 1016 2160 1085 -ια
2187 1012 2436 1071 Sordida
2465 1028 2730 1088 namque
2751 1015 2900 1087 gerit
2924 1015 3296 1082 vestimenta,
3329 1015 3435 1089 qui
3459 1014 3708 1074 indutus

323 1105 411 1146 νος
468 1085 755 1160 σπλάγχνα
798 1088 1124 1164 οἰκτειρμῶν,
1179 1094 1546 1165 χρηστότητα,
1600 1086 1925 1164 φιλαδελφίαι

2049 1118 2169 1160 non
2190 1107 2282 1159 est
2305 1103 2537 1160 viscera
2557 1085 2997 1173 misericordiae,
3028 1085 3479 1179 benignitatem,
3504 1104 3707 1164 frater-

321 1180 416 1229 καὶ
454 1178 521 1228 τα
545 1178 724 1251 ὃμοια.

390 1264 403 1281 ⁸
432 1272 478 1317 Ο
509 1261 570 1319 δι
623 1265 880 1340 ἕφιμὼθη.
933 1267 1016 1330 Ὠς
1061 1266 1228 1342 μηδὲν
1282 1272 1419 1343 ἔχων
1473 1269 1930 1342 ἀπολογήσασθαι.

316 1359 566 1408 Δείκνυσι
596 1352 656 1409 δὲ
695 1358 720 1409 6
749 1357 914 1430 λόγος,
948 1360 1050 1429 ὅτι,
1096 1364 1269 1413 καίτοι
1312 1356 1579 1434 προδήλου
1625 1367 1715 1421 τῆς
1760 1360 1933 1434 ἅμαρ-

2044 1207 2194 1249 num
2231 1207 2503 1250 amorem
2532 1197 2588 1249 et
2612 1193 2849 1250 similia.

2116 1283 2273 1338 Vers.
2308 1286 2390 1337 12.
2423 1284 2504 1338 At
2542 1283 2643 1339 itte
2681 1284 2993 1342 obmutuit.
3037 1286 3247 1357 Utpote
3286 1284 3431 1341 nihil
3473 1282 3705 1342 habens

2041 1371 2205 1444 quod
2240 1370 2652 1443 responderet,
2698 1370 2847 1429 dum
2895 1372 2947 1427 is
2989 1373 3094 1445 qui
3140 1373 3398 1444 peccavit
3440 1372 3705 1447 seipsum

315 1449 433 1506 τίας
464 1448 652 1513 οὔσης,
703 1450 841 1520 ὅμως
873 1448 931 1501 ού
966 1455 1215 1524 πρότερον
1246 1451 1270 1503 6
1316 1453 1442 1510 Θεὸς
1478 1449 1709 1515 κολάσει,
1744 1453 1925 1525 μέχρις

2049 1459 2425 1518 condemnat.
2470 1462 2685 1518 Tacere
2724 1462 2906 1530 enim,
2938 1477 3047 1518 nec
3076 1478 3253 1534 posse
3282 1462 3487 1535 aliquo
3521 1462 3707 1520 modo

315 1535 381 1586 οἶν
428 1534 590 1598 αύτὸς
628 1537 653 1587 6
703 1538 1019 1612 ἡμαρτηκὼς
1065 1538 1244 1592 ἑαυτὸν
1291 1536 1628 1613 καταδικάσῃ
1672 1539 1829 1611 (71).
1867 1542 1925 1591 Γό

2049 1550 2425 1623 respondere,
2456 1551 2975 1610 condemnationis
3001 1557 3089 1609 est
3116 1534 3426 1619 indicium,

316 1626 420 1698 γὰρ
447 1630 672 1697 σιωπᾷν,
704 1630 795 1679 καὶ
823 1631 897 1700 μὴ
938 1624 1202 1682 δύνασθαί
1229 1649 1335 1691 πως
1365 1627 1733 1704 ἁμοκριθῆναι,
1772 1647 1932 1681 κατα-

319 1709 450 1772 δίκη
463 1735 486 1777 ς
523 1713 661 1771 ἐστί.

390 1806 521 1857 Τότε
544 1835 614 1844 —
646 1800 931 1869 διακόνοις.
982 1813 1099 1869 Τοῖς
1153 1806 1411 1881 ἀγγέλοις,
1447 1816 1557 1871 τοῖς
1588 1808 1654 1869 εἰς
1675 1811 1733 1861 τὸ
1772 1807 1931 1860 κολά-

320 1893 429 1953 ζειν
462 1894 838 1967 ὑπηρετοῦσιν.
868 1894 959 1959 ’.Ως
984 1901 1296 1971 γεγενημένα
1326 1894 1360 1952 δ
1364 1903 1384 1951 ὲ
1413 1898 1549 1972 λέγει
1578 1901 1642 1952 τὰ
1661 1896 1928 1967 μελλοντα,

314 1987 461 2055 νόμῳ
499 1989 837 2058 προφητείας.

389 2078 646 2137 Δήσαντες
674 2105 743 2115 -
790 2073 1055 2149 ἐξώτερον.
1087 2076 1262 2146 ίΔέσιν
1295 2077 1431 2151 λέγει
1476 2084 1569 2141 τὴν
1599 2080 1801 2155 ἐποχὴν
1840 2095 1930 2148 τῆς

316 2164 573 2237 ἐνεργείας
600 2171 696 2227 τῆς
726 2184 781 2217 τε
809 2160 904 2218 διὰ
945 2162 1122 2220 ποδῶν
1158 2171 1245 2221 καὶ
1285 2176 1380 2231 τῆς
1407 2165 1499 2222 διὰ
1527 2181 1721 2247 χειρῶν
1752 2175 1928 2231 τελου.

325 2256 507 2324 μένης.
551 2256 673 2307 Τότε
700 2256 804 2329 γὰρ
860 2264 1199 2330 καταργεῖται
1260 2263 1410 2311 πᾶσα
1455 2267 1556 2313 τῶν
1611 2262 1927 2338 ἀπαρτωλῶν

323 2339 565 2417 ἐνέργεια,
604 2348 694 2397 καὶ
733 2343 907 2397 ούκέτι
936 2344 1113 2399 λοιπὸν
1136 2343 1362 2419 οὐδεμία
1396 2350 1587 2424 πρᾶξις
1620 2351 1689 2415 εἰς
1718 2352 1929 2417 ἐξιλασ-

312 2435 442 2505 μόν,
482 2430 761 2507 Ἐργασίας
792 2436 916 2510 γὰρ,
949 2440 1126 2508 φησὶν,
1160 2438 1186 2488 6
1216 2442 1395 2511 παρὼν
1420 2445 1597 2514 καιρός
1621 2462 1634 2474 ο
1670 2444 1695 2495 6
1728 2440 1787 2497 δε
1807 2446 1924 2517 μέλ-

309 2521 436 2585 λων,
472 2518 895 2586 ἂνταποδόσεως·
925 2530 1246 2598 Δεσμοῦνται
1285 2524 1344 2581 δε
1373 2526 1533 2593 πόδες
1570 2535 1679 2604 μὲν,
1714 2535 1763 2585 οἰ
1796 2538 1925 2609 πρὸς

311 2610 581 2687 ἁμαρτίαν
632 2609 956 2686 βαδίσαντες
994 2631 1008 2646 ⁸
1041 2622 1218 2692 χεῖρες
1254 2612 1313 2671 δὲ
1357 2618 1531 2689 πάλιν,
1565 2620 1620 2674 αἰ
1648 2642 1927 2698 παρανομα

311 2699 350 2755 δ
355 2702 761 2776 ιαπραξάμεναι.

384 2897 529 2952 Ἐκεί
585 2929 655 2940 —
707 2898 953 2955 ὀδόντων.
1037 2902 1149 2956 Ἰνα
1233 2909 1306 2978 μὴ
1396 2912 1585 2983 νομίσῃ
1679 2930 1755 2971 τις
1841 2914 1922 2965 ὅτι

314 2994 507 3052 σκότος
558 2989 731 3053 ἁπλῶς
778 2989 918 3044 ἐστιν
966 2993 996 3052 ἠ
1052 2996 1269 3054 τοιαύτη
1319 2995 1553 3066 κόλασις,
1587 3002 1775 3067 εῖτουν,
1807 3006 1922 3055 στέ-

2114 1802 2273 1857 Vers.
2318 1802 2405 1857 13.
2462 1803 2623 1859 Tunc
2681 1834 2749 1843 —
2807 1803 3116 1860 ministris.
3180 1803 3420 1877 Angelis
3472 1805 3577 1877 qui
3627 1804 3706 1861 ad

2040 1891 2417 1963 puniendum
2449 1890 2927 1948 subministrant.
2967 1896 3279 1966 Tanquam
3311 1894 3469 1950 facta
3499 1898 3702 1950 autem

2039 1980 2180 2037 dicit
2205 1998 2276 2039 ea
2304 1998 2439 2055 quae
2464 1981 2665 2039 futura
2694 1987 2833 2038 sunt
2869 1981 2934 2038 in
2964 1982 3215 2039 modum
3245 1983 3592 2056 prophetiae.

2110 2072 2283 2131 Vers.
2344 2078 2434 2131 t3.
2481 2073 2703 2144 Ligatis
2742 2103 2811 2114 —
2848 2080 3164 2132 extremas.
3207 2073 3490 2131 Catenam
3528 2077 3705 2132 vocat

2037 2161 2441 2218 detentionem
2501 2162 2621 2218 sive
2674 2163 3078 2220 cessationem
3139 2162 3512 2236 operationis
3566 2179 3702 2237 quin

2037 2252 2322 2310 manibus
2342 2269 2413 2310 ac
2440 2253 2697 2326 pedibus
2720 2253 3044 2326 perﬁcitur.
3079 2256 3241 2311 Tunc
3263 2254 3422 2311 enim
3445 2254 3703 2312 cessabit

2036 2342 2235 2399 omnis
2276 2348 2663 2415 peccatorum
2700 2344 2989 2414 operatio,
3032 2359 3142 2399 nec
3172 2342 3431 2416 amplius
3461 2344 3557 2402 vel
3579 2360 3703 2401 una

2035 2432 2190 2487 actio
2221 2430 2301 2488 ad
2326 2431 2590 2502 judicem
2620 2431 2989 2504 placandum
3027 2431 3290 2488 dabitur.
3322 2432 3699 2505 Operationis

2035 2520 2334 2595 siquidem
2364 2537 2629 2594 praesens
2656 2529 2894 2594 tempus
2918 2525 3030 2590 est,
3063 2521 3332 2579 futurum
3366 2538 3502 2578 vero
3530 2522 3702 2578 retri-

2032 2610 2320 2668 butionis.
2380 2610 2666 2683 Ligantur
2734 2617 2935 2669 autem
2986 2627 3227 2682 manus,
3290 2628 3427 2685 quae
3495 2612 3703 2686 iniqua

2032 2701 2493 2774 perpetrabantl;
2525 2703 2711 2775 pedes
2754 2718 2915 2769 vcro,
2948 2702 3055 2776 qui
3095 2702 3173 2760 ad
3215 2706 3530 2778 peccatum
3570 2718 3703 2774 gra-

2031 2789 2369 2847 diebantur.

2102 2879 2565 2937 νει-ε.13.1όί-
2583 2880 2871 2939 dentium.
2897 2885 2975 2937 Ne
2992 2886 3159 2954 putet
3186 2882 3512 2956 quisquam
3538 2880 3699 2955 quod

2032 2968 2179 3025 solae
2218 2971 2472 3027 tenebrae
2504 2970 2597 3026 sin
2625 2970 2975 3042 hujusmodi
3006 2971 3262 3043 punitio,
3282 2971 3397 3027 hoc
3436 2974 3525 3027 est
3570 2972 3702 3029 sola

491 3047 505 3052 -
716 3047 731 3053 -
982 3047 992 3052 -
1256 3047 1266 3054 .
1324 3047 1553 3066 7-.----"
1588 3047 1775 3067 ------,
1814 3047 1896 3055 -.-

310 3083 480 3152 ρήσις
552 3081 716 3152 φωτός
789 3085 963 3154 μόνον,
1034 3086 1374 3159 προσέθηκεν,
1449 3088 1529 3140 ὅτι
1602 3085 1709 3143 ἐκεῖ
1776 3093 1924 3145 ἔσται

2049 3059 2182 3115 .ucis
2226 3059 2502 3132 privatio,
2556 3059 2825 3117 addidit:
2857 3060 2949 3116 Ibi
2995 3061 3107 3117 erit
3151 3062 3328 3131 ﬂetus
3379 3065 3436 3116 et
3481 3061 3702 3117 stridor

306 3167 579 3241 κλαυθμὸς
606 3173 695 3222 καὶ
740 3170 765 3222 6
818 3169 1056 3247 βρυγμὸς
1081 3180 1182 3226 τῶν
1222 3171 1469 3247 ὀδόντων,
1510 3180 1605 3240 τὰς
1656 3178 1704 3232 ἓν
1748 3179 1920 3254 ἐκείνῳ

306 3259 511 3333 πικράς
544 3278 599 3312 τε
639 3265 730 3312 καὶ
762 3257 1002 3332 ἀλγεινὰς
1038 3258 1231 3327 ὀδύνας
1280 3265 1595 3339 ὑποφαίνων·
1654 3268 1924 3323 Ἀκούσω-

304 3365 401 3419 μεν
437 3348 530 3399 καὶ
584 3348 861 3422 φρίξωμεν,
919 3352 1036 3404 ὅσοι
1087 3354 1219 3426 μετὰ
1268 3357 1326 3407 τὸ
1383 3352 1785 3412 ἀπολούσασθαι
1829 3356 1924 3415 διὰ

305 3442 403 3487 τοῦ
462 3438 607 3489 θείου
644 3436 1039 3513 βαπτίσματος,
1088 3440 1136 3494 ἓν
1204 3440 1562 3519 διεφθαρμένῳ
1614 3446 1716 3520 βίῳ
1761 3469 1922 3504 κατα-

304 3524 579 3599 ρυποῦμεν
621 3526 734 3599 (72)
773 3532 868 3588 τὴν
920 3526 1128 3602 ψυχὴν,
1162 3534 1243 3584 ὅτι
1294 3520 1351 3586 ού
1382 3539 1535 3607 μόνον
1592 3535 1921 3597 ἕκϐληθησό-

307 3616 451 3686 μεθα
503 3623 596 3668 τοῦ
634 3625 917 3691 νυμφῶνος,
962 3618 1089 3673 ἀλλὰ
1140 3626 1230 3675 καὶ
1285 3623 1358 3686 εἰς
1400 3629 1494 3684 τὴν
1541 3627 1922 3699 χαλεπωτάτην

307 3701 530 3756 κόλασιν
606 3703 1145 3783 ἆποπεμφθησόμεθα.
1228 3718 1517 3788 Τοιγαροῦν
1590 3715 1922 3791 ἐπιμελητέον

309 3799 411 3873 τῆς
460 3792 601 3858 ἐντός
637 3795 847 3864 στολῆς,
894 3802 984 3852 καὶ
1038 3805 1109 3873 μὴ
1152 3808 1248 3865 τῆς
1304 3800 1469 3866 ἐκτός.
1513 3811 1650 3869 Ἕως
1704 3810 1803 3884 γὰρ
1862 3811 1922 3862 ἄν

306 3890 411 3945 τῆς
461 3883 557 3947 ἐξω
633 3886 1002 3962 φροντίζωμεν,
1085 3897 1176 3952 τῆς
1245 3888 1389 3945 ἔνδον
1462 3895 1520 3947 ού
1585 3883 1924 3972 δυνησόμεθα

308 3973 624 4046 φροντίζειν.
667 3981 899 4035 Ζητήσει
966 3975 1017 4031 δ’
1067 3981 1128 4032 οἶν
1191 4001 1289 4054 τις,
1350 3990 1457 4045 πῶς
1511 3990 1570 4037 οῦ
1624 3994 1695 4057 τῷ
1756 3996 1922 4064 Πατρὶ

306 4060 531 4134 μᾶλλον,
566 4062 695 4117 ἀλλὰ
745 4074 816 4139 τῷ
867 4068 973 4140 Υἰῷ
1026 4069 1052 4128 ἡ
1088 4069 1379 4130 Ἐκκλησία
1424 4076 1739 4129 συνάπτεται
1771 4096 1784 4147 ;
1821 4060 1922 4133 καὶ

306 4148 530 4205 ἀκούσει
591 4155 807 4224 παντως,
873 4158 955 4210 ὅτι
1006 4158 1032 4211 6
1092 4161 1212 4225 Υἱὸς
1252 4159 1656 4237 ἐνανθρωπήσας
1712 4186 1921 4222 συνανε-

308 4243 521 4316 στροίφη
577 4244 731 4317 αὐτῇ,
788 4250 878 4300 καὶ
922 4248 999 4300 ὅτι
1054 4254 1127 4320 τῷ
1156 4251 1261 4323 Υἱῷ
1308 4259 1692 4327 συναπτομένη,
1732 4263 1821 4310 καὶ
1847 4266 1920 4327 τῷ

302 4336 481 4408 Πατρὶ
546 4335 883 4392 συνάπτεται.
941 4340 1096 4410 Λέγει
1140 4342 1241 4414 γὰρ
1284 4343 1311 4394 6
1349 4344 1469 4405 Υἱός
1519 4360 1532 4374 ’

304 4427 495 4496 Πατὴρ
526 4421 576 4476 ἓν
608 4422 779 4498 ἔσμεν,
810 4430 921 4491 καὶ,
967 4426 1026 4479 Ὀ
1054 4427 1297 4503 ἑωρακὼς
1344 4429 1447 4506 ἐμὲ,
1475 4432 1668 4511 ἑώρακε
1692 4439 1779 4489 τὸν
1814 4445 1921 4492 Πα-

300 4516 451 4586 τέρα,

380 4601 664 4656 Πολλοὶ-
707 4602 948 4659 ἐκλεκτοί.
992 4613 1157 4662 Τοῦτο
1218 4609 1328 4663 εἷπε
1357 4617 1446 4666 καὶ
1479 4612 1526 4666 ίν
1572 4623 1644 4687 τῷ
1673 4616 1803 4672 τέλει
1826 4627 1921 4681 τῆς

300 4691 609 4767 παροϐολῆς
635 4701 735 4746 τῶν
762 4696 1115 4769 μιοθουμένων
1146 4698 1401 4777 ἐργατῶν.

707 4789 852 4841 ΚΕΦ.
893 4784 1011 4843 ΝΒ’.
1030 4792 1157 4863 Περὶ
1184 4797 1275 4843 τοῦ
1304 4796 1524 4863 κήνσου,

378 4892 511 4946 Τότε
539 4920 609 4931 -
640 4889 793 4964 λόγῳο
843 4897 914 4945 ’Ὠ
962 4901 1055 4956 τῆς
1103 4894 1325 4969 βαθείας
1368 4906 1660 4976 πωρώσεως
1705 4903 1919 4961 Ῑούδεν

301 4987 407 5068 ῗὧν
437 4978 721 5055 εἰρημένων
768 4980 944 5053 ἥψατο
972 4991 1067 5046 τῆς
1114 4986 1307 5061 ψυχῆς
1368 4987 1536 5043 αὐτῶν
1589 5035 1604 5051 .
1644 4996 1920 5068 μεθύοντες

302 5066 369 5124 δε
405 5078 485 5144 τῷ
543 5072 736 5145 φθόνῳ,
789 5076 1067 5147 τρέπονται
1115 5080 1248 5152 πρὸς
1299 5076 1597 5149 ἐπιϐουλὴν,
1645 5066 1746 5139 καὶ
1804 5084 1915 5141 ἐπεὶ

374 5225 425 5262 r:
454 5224 630 5283 Joan.
660 5241 723 5294 κ,
764 5229 853 5285 30.
932 5228 981 5264 ⁸⁸
1026 5228 1198 5287 Joan.
1230 5247 1347 5301 χεν,
1378 5236 1432 5291 9.

2031 3149 2310 3214 dentium,
2330 3148 2579 3207 acerbos
2596 3149 3020 3206 demonstrans
3045 3166 3116 3207 ac
3135 3149 3442 3207 doloribus
3455 3151 3694 3224 plenos,

2032 3238 2136 3312 qui
2170 3243 2343 3295 erunt
2373 3238 2475 3305 ibi,
2518 3239 2833 3295 cruciatus.
2876 3239 3209 3295 Audiamus
3248 3244 3303 3296 et
3340 3241 3697 3297 horreamus

2031 3332 2330 3402 quotquot
2398 3334 2534 3402 post
2611 3328 2798 3386 divini
2854 3328 3235 3403 baptismatis
3301 3330 3693 3398 ablutionem,

2032 3419 2301 3476 animam
2338 3420 2573 3493 perdita
2615 3420 2738 3477 vita
2774 3420 3241 3487 sordidavimus,
3277 3437 3344 3477 eo
3375 3421 3543 3493 quod
3574 3437 3698 3479 non

2032 3511 2266 3565 tantum
2287 3525 2322 3565 a
2349 3509 2571 3581 nuptiis
2600 3509 2877 3581 ejiciendi
2900 3526 3131 3576 sumus,
3171 3525 3375 3567 verum
3410 3512 3592 3567 etiam
3635 3511 3698 3569 in

2032 3598 2439 3654 miserrimum
2479 3598 2842 3671 supplicium
2873 3598 3248 3655 detrudendi.
3297 3600 3585 3657 Habenda
3609 3604 3701 3657 est

2033 3687 2235 3761 itaque
2262 3703 2406 3744 cura
2434 3688 2511 3744 de
2540 3688 2688 3745 stola
2717 3688 2995 3755 interiori,
3036 3694 3093 3745 et
3122 3704 3244 3745 non
3272 3690 3347 3746 de
3369 3690 3645 3747 exteriori
3681 3711 3695 3747 :

2032 3777 2307 3849 quandiu
2335 3779 2496 3834 enim
2525 3778 2601 3834 de
2631 3782 2878 3835 externa
2900 3780 3327 3845 curaverimus,
3358 3779 3434 3836 de
3462 3781 3697 3838 interna

2034 3882 2241 3923 curam
2258 3867 2482 3923 habere
2502 3883 2625 3923 non
2645 3868 2996 3940 poterimus.
3012 3870 3245 3934 Quaeret
3264 3873 3465 3927 autem
3487 3870 3699 3927 fortas-

2034 3957 2115 4012 sis
2136 3956 2373 4029 aliquis,
2401 3958 2711 4030 quomodo
2742 3974 2863 4014 non
2892 3958 3043 4014 Patri
3069 3960 3264 4031 potius
3291 3960 3698 4031 conjungatur

2033 4045 2354 4101 Ecclesiam
2369 4062 2556 4118 quam
2570 4044 2714 4101 Filio
2732 4048 2760 4103 ?
2780 4051 2837 4103 et
2853 4046 3055 4103 audiet
3071 4048 3320 4104 omnino
3335 4048 3503 4121 quod
3517 4047 3698 4106 Filius

2030 4135 2135 4207 qui
2173 4150 2415 4192 carnem
2466 4136 2814 4207 assumpsit,
2857 4151 2996 4191 cum
3046 4152 3117 4192 ea
3163 4142 3545 4195 conversatus
3583 4143 3695 4211 est,

2031 4229 2087 4280 et
2117 4225 2281 4297 quod
2312 4224 2447 4281 Filio
2482 4225 2821 4297 conjuncta,
2865 4225 3048 4282 etiam
3080 4226 3233 4281 Patri
3285 4226 3691 4297 conjungitur.

1590 4343 1723 4418 Ἐγὼ
1767 4353 1857 4401 καὶ
1895 4350 1920 4402 6

2049 4314 2179 4371 )icit
2210 4316 2367 4370 enim
2404 4314 2583 4370 Filius
2609 4316 2736 4386 Ego
2765 4320 2820 4373 et
2849 4316 3036 4372 Pater
3052 4331 3238 4372 unum
3259 4330 3464 4373 sumus
3494 4317 3564 4372 ³⁷.
3593 4318 3691 4376 Et:

2033 4404 2147 4471 Qui
2174 4404 2323 4461 vidit
2350 4419 2459 4469 me,
2493 4403 2637 4459 vidit
2664 4411 2719 4461 et
2748 4406 2983 4461 Patrem
3012 4407 3082 4457 ³³.

2104 4602 2273 4657 Vers.
2314 4601 2400 4657 14.
2433 4600 2603 4657 Multi
2621 4632 2688 4642 —
2727 4602 2915 4659 electi.
2954 4604 3075 4659 Hoc
3101 4602 3284 4659 etiam
3314 4602 3464 4660 dixit
3484 4603 3546 4661 in
3576 4604 3695 4664 ﬁne

2029 4690 2331 4765 parabolae
2356 4692 2431 4748 de
2460 4691 2728 4765 operaris
2757 4691 3032 4749 mercede
3064 4693 3397 4750 conductis.

2136 4817 2291 4874 CAP.
2324 4818 2435 4875 LII.
2468 4818 2553 4875 De
2581 4818 2978 4891 quaerentibus
3018 4819 3321 4877 occasione
3353 4836 3583 4878 census.

2087 4908 2253 4965 Vers.
2273 4908 2356 4963 15.
2381 4909 2891 4966 Tunc—sermone.
2908 4908 2953 4966 Ο
2966 4909 3334 4981 profundam
3347 4910 3690 4967 caecitatem!

2029 4997 2180 5054 Nihil
2191 5012 2400 5054 eorum
2420 5012 2557 5075 quaa
2573 4997 2735 5054 dicta
2750 5001 2892 5054 sunt
2918 4997 3108 5069 tetigit
3128 4998 3401 5056 animum
3416 4998 3655 5057 illorum
3674 5017 3690 5069 ;

2030 5086 2376 5145 sedinvidia
2399 5082 2568 5155 ebrii,
2602 5086 2678 5145 ad
2708 5085 2956 5145 insidias
2987 5091 3417 5147 convertuntur
3441 5092 3500 5146 et
3539 5091 3692 5164 quia

1540 5388 1761 5459 Variae
1789 5390 2120 5463 lectiones
2147 5399 2443 5462 etnotae.

393 5550 485 5625 ρξ’)
503 5549 696 5625 forte
720 5549 854 5613 ξητή
866 5569 1058 5625 σωμεν-
1675 5610 1679 5615 .

424 5622 483 5701 ρ)
501 5622 633 5683 Ηοο
655 5622 720 5701 in
736 5622 955 5701 neutro
975 5639 1255 5701 meorum
1273 5628 1588 5701 reperitur.
1617 5631 1702 5689 Ex
1721 5629 1906 5692 Theo-

294 5693 579 5767 phylacto
606 5700 718 5763 est,
751 5712 810 5769 ρ.
840 5694 945 5751 430
974 5697 1036 5751 E.

2112 5564 2203 5635 71)
2236 5558 2621 5635 Καταδικάσει,
2652 5564 2723 5621 Α.

2112 5564 2203 5635 71)
2236 5564 2621 5633 Καταδικάσει,
2652 5564 2723 5621 Α.

2088 5564 2206 5707 ξ72)
2238 5633 2705 5709 Καταῤῥυποῦμεν,
2728 5638 2796 5693 Α.
