4178 6426
487 362 598 421 675

494 493 735 563 promer
751 489 982 545 turbam
1005 488 1449 561 alimrchemlcrc
1468 505 1602 544 eum
1629 504 1745 543 non
1771 491 2063 560 poterant,
2085 490 2150 541 ut

494 580 717 637 nictum
748 584 839 635 est
861 580 1041 636 simul
1062 580 1406 649 deliberant,
1436 583 1498 635 ut
1519 594 1657 634 eum
1684 575 2147 648 interrogatione

491 668 900 743 illaquearent.

568 763 726 816 Vers.
764 760 847 815 16.
893 760 967 815 Et
1008 791 1075 800 -—
1113 759 1490 815 Herodianis.
1534 757 1767 814 Dictum
1806 761 1894 812 est
1932 757 2003 812 de
2043 758 2147 812 He-

490 849 757 906 rodianis
802 849 1086 905 vicesimo
1120 849 1314 921 primo
1354 848 1547 921 capite
1580 848 1718 904 :hic
1764 852 1963 904 autem
2004 845 2146 903 dicit

493 939 943 1011 Chrysostomus
998 954 1104 1010 per
1164 937 1529 994 Herodianos
1610 937 1859 1007 intelligi
1930 935 2143 992 milites

490 1027 756 1098 Herodis,
786 1029 888 1101 qui
912 1032 1051 1084 tunc
1076 1043 1146 1084 eo
1184 1032 1576 1093 accesserant,
1619 1033 1676 1083 et
1713 1026 1887 1082 simul
1926 1041 1962 1082 a
2000 1025 2147 1082 Pha-

489 1118 671 1175 risaeis
692 1117 894 1173 emissi
921 1121 1059 1174 sunt
1085 1121 1367 1191 trnquam
1400 1123 1593 1187 testes,
1629 1116 1679 1172 si
1704 1116 1849 1188 quid
1874 1115 2145 1171 fortassis

488 1211 696 1264 contra
734 1208 1023 1263 Caesarem
1054 1208 1461 1279 responderet.
1503 1208 1637 1263 Erat
1675 1206 1831 1261 enim
1890 1205 2145 1260 Herodes

488 1296 717 1353 amicus
764 1295 1030 1352 Caesaris.
1077 1299 1264 1352 Lucas
1318 1313 1453 1353 vero
1511 1298 1585 1352 de
1644 1296 1874 1351 emissis
1935 1310 2143 1350 eorum

487 1386 797 1456 discipulis
833 1386 1204 1442 manifestius
1236 1387 1532 1458 scripsit”
1564 1403 1576 1451 ;
1603 1384 1978 1441 insidiatores
2008 1384 2141 1439 illos

488 1475 824 1547 appellans,
874 1480 926 1529 et
975 1475 1140 1547 quod
1160 1474 1452 1545 justitiam
1490 1474 1869 1539 simulabant,
1902 1477 2145 1546 propter

488 1580 674 1637 quam
700 1563 971 1620 videlicet
1000 1580 1136 1619 enm
1170 1562 1631 1633 interrogabant,
1669 1567 1724 1620 et
1762 1564 1928 1635 quod
1967 1562 2144 1618 mise-

488 1658 628 1709 runt
682 1657 746 1709 ut
797 1657 1100 1725 captarent
1151 1669 1489 1709 sermonem
1538 1654 1686 1724 ejus,
1737 1656 1794 1708 et
1844 1651 2144 1708 traderent

486 1757 628 1799 eum
662 1742 1017 1815 principatui
1070 1747 1128 1798 et
1159 1742 1432 1815 potestati
1470 1741 1761 1814 praesidis.
1804 1740 2143 1814 Sperabant

486 1833 646 1891 enim
671 1831 835 1906 quod
873 1835 1082 1890 contra
1111 1831 1404 1890 Caesarem
1434 1848 1830 1905 responsurus
1855 1835 2029 1888 esset.

555 2081 719 2137 Vers.
783 2079 872 2140 16.
929 2081 1197 2138 Dicentes
1249 2113 1318 2123 —
1375 2083 1473 2138 sis.
1534 2081 1680 2138 Vide
1727 2080 2142 2154 impudentem

485 2168 891 2227 adulationem
926 2186 1049 2243 qua
1081 2169 1173 2225 usi
1216 2175 1373 2237 sunt,
1410 2170 1620 2226 inﬂare
1658 2186 1797 2226 eum
1836 2172 2143 2242 cupientes

484 2274 555 2316 ac
600 2259 886 2325 emollire,
935 2264 1000 2315 ut
1046 2260 1295 2316 omnino
1351 2261 1760 2332 responderet.
1815 2262 2033 2316 Verum
2092 2261 2141 2315 si

484 2363 664 2405 verax
715 2353 822 2415 est,
887 2348 1197 2422 quomodo
1254 2348 1395 2405 alibi
1456 2349 1649 2407 dicitis
1700 2350 1865 2423 quod
1911 2349 2145 2406 seducit

485 2436 785 2494 mundum
816 2439 834 2475 ¹
866 2438 894 2495 ?

555 2547 725 2601 Vers.
773 2546 861 2600 16.
928 2546 1100 2601 Et—
1140 2547 1368 2603 doceas.
1422 2546 1485 2602 Ei
1542 2547 1852 2620 quomodo
1900 2563 2143 2604 rursum

484 2634 695 2700 dicitis,
733 2632 901 2708 quod
938 2651 1061 2691 non
1106 2642 1196 2691 est
1232 2652 1268 2691 a
1314 2636 1433 2691 Deo
1460 2638 1481 2671 ³
1504 2636 1532 2692 ?
1560 2635 1738 2694 Viam
1788 2642 1986 2693 autem
2041 2637 2142 2692 Dei

483 2723 691 2779 dicunt
719 2723 1010 2788 virtutem,
1055 2740 1160 2796 per
1197 2740 1384 2797 quam
1425 2725 1804 2797 progreditur
1839 2725 2138 2798 quispiam

483 2812 562 2871 ad
590 2814 799 2868 Deum.
1824 2824 1828 2829 ·

558 2920 714 2976 Vers.
776 2924 860 2977 16.
915 2921 1379 2978 Et—homim's.
1424 2923 1490 2978 Et
1539 2922 1655 2980 hoc
1704 2922 1933 2989 dicunt,
1992 2922 2141 2978 inci-

483 3013 676 3067 tantes
726 3025 866 3066 eum
919 3026 995 3067 ne
1075 3012 1367 3071 Caesarem
1433 3017 1734 3069 vereretur
1784 3029 1797 3067 :
1850 3017 1955 3069 aut
2007 3012 2140 3083 ejus

481 3098 692 3156 timore
730 3099 1024 3156 omitteret
1060 3099 1137 3155 ad
1170 3100 1535 3173 interrogata
1573 3101 1955 3173 respondere.
1989 3101 2142 3159 Vera

480 3192 635 3247 certe
679 3193 848 3245 erant
885 3205 1261 3262 quaecunque
1304 3190 1373 3245 de
1423 3206 1493 3246 eo
1520 3190 1809 3247 testificati
1851 3190 2089 3248 fuerant
2120 3209 2134 3259 ;
2172 3179 2213 3234 (ἶ

480 3294 550 3335 ea
590 3282 793 3334 tamen
842 3277 1011 3335 inviti
1056 3277 1204 3335 fassi
1250 3278 1485 3335 fuerant
1531 3280 1609 3336 ad
1649 3279 2001 3337 insidiarum
2039 3297 2141 3354 ap-

479 3367 874 3441 perationem.

549 3474 715 3546 Vers,
747 3476 833 3530 17.
867 3476 975 3531 Dic
1008 3505 1075 3515 -
1107 3476 1342 3532 videtur
1371 3477 1399 3532 ?
1427 3477 1509 3532 De
1538 3475 1652 3533 hoc
1679 3477 1946 3535 videlicet
1975 3478 2141 3551 quod

479 3567 534 3621 te
557 3565 973 3635 interrogaturi
1006 3581 1217 3621 sumus
1232 3610 1245 3623 .

550 3672 717 3726 Vers.
756 3672 843 3726 l7.
889 3670 1052 3727 Licet
1100 3701 1169 3712 —
1222 3686 1303 3728 an
1345 3674 1514 3729 non?
1558 3679 1767 3736 Κήνσος
1793 3674 2001 3730 Latina
2056 3673 2141 3729 di-

479 3759 598 3816 ctio
617 3763 723 3826 est,
736 3758 898 3815 idem
914 3760 1263 3831 signiﬁcans
1278 3762 1443 3833 quod
1456 3763 1743 3820 tributum
1757 3768 1855 3819 aut
1868 3765 2138 3834 vectigal.

478 3849 636 3905 Licet
672 3854 895 3915 autem,
928 3849 1043 3906 hoc
1080 3855 1190 3917 est,
1230 3851 1359 3907 ﬁeri
1398 3857 1588 3924 potest
1623 3858 1727 3909 aut
1761 3853 1989 3923 justum
2031 3857 2136 3907 est.

481 3938 633 3995 Olim
661 3938 951 4012 siquidem
980 3940 1171 3996 Judaei
1195 3942 1344 3997 dum
1373 3942 1537 4012 leges
1561 3959 1703 3998 suas
1731 3942 2135 4008 observarent,

479 4029 646 4087 omni
660 4029 1280 4087 fruebanturlibertate
1300 4049 1314 4094 ;
1324 4032 1714 4103 postmodum
1729 4048 1870 4088 vero
1881 4048 2020 4087 cum
2035 4047 2139 4088 eas

477 4119 1099 4193 praetergrederentur,
1140 4122 1469 4177 servierunt
1522 4122 1823 4188 Romanis,
1877 4137 2137 4194 quorum

478 4208 759 4282 princeps
778 4213 906 4265 erat
918 4210 1130 4275 Caesar,
1149 4214 1207 4265 et
1224 4208 1336 4265 illis
1350 4209 1567 4265 tributa
1586 4209 1948 4282 pendebant.
1964 4213 2141 4265 Inter-

1807 360 2152 417 EUTHYMII
2191 358 2523 417 ZlGABENI

3756 361 3863 416 576

2181 492 2222 542 Α
2262 486 2530 540 συλλαϐεῖν
2571 488 2724 540 αὐτὸν
2755 492 2849 541 ουκ
2874 484 3134 547 ἠδύναντο
3175 483 3269 540 δια
3301 487 3389 539 τὸν
3424 486 3603 558 ὄχλον,
3643 488 3710 549 ὡς
3736 505 3863 561 προ-

2259 572 2575 646 δεδήλωται,
2610 579 2991 631 συσκέπτονται
3042 579 3295 653 θηρεῦσαι
3332 581 3514 629 τοῦτον
3555 572 3629 628 δι’
3668 574 3861 638 ἐρωτή-

2258 685 2384 729 σεως
2399 710 2410 722 .

2330 761 2430 810 Καὶ
2497 788 2554 798 -
2614 754 2973 833 Ἠρωδιανὼν,
3039 759 3262 831 Εἴρηται
3314 758 3433 827 περὶ
3471 763 3572 808 τῶν
3601 750 3861 828 Ἠρωδιά-

2254 853 2351 898 νῶν
2382 845 2430 898 ἓν
2474 855 2546 919 τῷ
2602 846 2821 919 εἰκοστῷ
2879 852 3065 923 πρώτῳ
3094 844 3375 918 κεφαλαίῳ.
3430 851 3538 898 Νῦν
3585 840 3646 897 δέ
3697 861 3859 917 φησιν

2254 938 2280 989 ὁ
2348 941 2721 1011 Χρυσόστομος
2793 938 2906 1009 (73)
2976 933 3320 1012 Η’ρωδιανούς
3405 936 3659 1000 νοεῖσθαι,
3736 936 3859 995 τοὺς

2251 1024 2490 1100 Ἡρώδου
2544 1034 2879 1103 στρατιώτας,
2970 1022 3358 1100 ἐπιδημοῦντας
3420 1024 3522 1077 ἕκιί
3573 1028 3708 1090 τότε,
3766 1027 3857 1075 καὶ

2256 1117 2795 1181 σννεξαποσταλέντας
2868 1117 2968 1169 ὑπό
3017 1125 3117 1169 τῶν
3166 1118 3462 1188 Φαρισαίων
3514 1116 3581 1177 ὡς
3660 1113 3860 1187 μάρτυς

2253 1226 2363 1280 ρας,
2424 1210 2468 1259 εἰ
2530 1209 2581 1259 τί
2637 1209 2770 1260 κατὰ
2846 1213 2940 1259 τοῦ
3008 1210 3275 1278 Καίσαρος
3316 1203 3644 1278 ἀποκριθείη.
3706 1202 3859 1262 Φίλος

2252 1298 2353 1369 γὰρ
2408 1293 2467 1355 ἧν
2522 1298 2547 1348 ὁ
2598 1292 2838 1371 Ἡρώδης
2888 1304 2981 1349 τοῦ
3058 1300 3349 1368 Καίσαρος.
3406 1293 3465 1346 ’0
3530 1289 3590 1345 δε
3653 1297 3860 1351 Λουκᾶς

2255 1390 2598 1459 φαηερὼτερον
2650 1392 2767 1460 περὶ
2836 1394 2936 1438 τῶν
3003 1384 3394 1439 ἀποσταλέντων
3455 1384 3702 1455 μαθητῶν
3768 1380 3861 1433 αύ-

2250 1480 2349 1525 τῶν
2414 1474 2653 1549 ἔγραψεν,
2732 1475 3035 1546 ἐγκαθέτους
3107 1474 3296 1535 αύτούς
3374 1472 3489 1543 (74)
3570 1470 3858 1544 ὀνομάσας,

2252 1566 2433 1635 ἤγουν,
2511 1560 2865 1639 ἐνεδρεύοντας
2927 1564 3063 1635 (75),
3142 1567 3218 1615 ἔτι
3292 1559 3351 1615 δὲ
3421 1566 3511 1613 καὶ
3584 1563 3859 1635 ύποκρινο-

2250 1657 2432 1725 μένους
2477 1650 2840 1718 δικαιοσύνην,
2896 1654 2961 1715 ἧς
3026 1654 3184 1706 ἕνεκεν
3240 1649 3399 1711 δῆθεν
3473 1651 3703 1726 ἠρώτων,
3768 1652 3861 1701 καὶ

2252 1744 2332 1795 ὅτι
2387 1742 2778 1812 ἀπεστάλησαν,
2836 1744 2917 1796 ἵνα
2976 1741 3320 1795 ἐπιλάϐωνται
3367 1740 3526 1813 λόγου
3570 1739 3751 1794 αὑτοῦ.
3787 1738 3857 1791 εἰ)

2178 1852 2221 1907 B
2252 1835 2309 1885 τὸ
2345 1830 2676 1907 παραδοῦναι
2709 1833 2864 1886 αὑτὸν
2920 1840 2980 1906 τῇ
3040 1831 3183 1906 ἀρχῇ
3239 1836 3327 1884 καὶ
3380 1837 3443 1903 τῇ
3497 1828 3709 1902 ἐξουσίᾳ
3765 1834 3860 1880 τοῦ

2251 1925 2522 1995 ἡγεμόνος.
2558 1922 2811 1984 Ἦλπιζον
2838 1926 2960 1997 γὰρ,
3002 1924 3083 1975 ὅτι
3119 1924 3256 1974 κατὰ
3301 1928 3394 1973 τοῦ
3436 1924 3701 1994 Καίσαρος
3732 1917 3859 1970 ἀπο·

2250 2014 2403 2085 κριθή
2415 2031 2577 2066 σεται.

2323 2104 2569 2173 Λέγοντες
2630 2131 2698 2144 -
2756 2099 2819 2155 εἶ·
2879 2101 3016 2176 Ὀρα
3064 2100 3336 2153 κολακείαν
3400 2098 3773 2171 ἀναίσχυντον,

2251 2193 2561 2266 κέχρηνται,
2592 2198 2870 2263 χαυνῶσατ
2902 2198 3080 2243 τοῦτον
3114 2189 3418 2263 βουλόμενοι
3439 2191 3563 2264 πρὸς
3582 2191 3638 2240 τὸ
3652 2188 3864 2249 πάντως

2253 2278 2618 2353 ἀποκριθῆναι.
2651 2285 2752 2333 Καὶ
2783 2280 2825 2332 εἰ
2868 2278 3059 2341 ἀληθής
3098 2281 3231 2345 ἐστι,
3270 2287 3374 2339 πῶς
3400 2277 3635 2349 ἀλλαχοῦ
3665 2276 3859 2348 λέγετε,

2253 2371 2332 2422 ὅτι
2360 2369 2527 2441 πλανᾴ
2554 2371 2641 2421 τὸν
2669 2374 2867 2442 κόσμον
2889 2368 3003 2441 (76)
3039 2385 3053 2437 ;

2326 2588 2523 2637 Καὶ-
2555 2580 2853 2646 διδάσκεις.
2890 2586 2991 2636 Καὶ
3043 2591 3148 2644 πῶς
3187 2582 3340 2635 πάλιν
3386 2580 3576 2654 λέγετε,
3637 2582 3717 2632 ὅτι
3764 2578 3861 2631 οὐκ

2250 2678 2390 2727 ἔστιν
2432 2672 2485 2725 ἐκ
2514 2681 2604 2727 τοῦ
2636 2679 2763 2727 Θεοῦ
2797 2669 2988 2742 ;Ὀδόν
3008 2669 3066 2725 δὲ
3096 2680 3187 2725 τοῦ
3215 2680 3348 2725 Θεοῦ
3373 2690 3503 2744 φασι
3529 2675 3622 2729 τὴν
3648 2669 3856 2743 ἀρετὴν,

2250 2760 2328 2817 δι’
2364 2764 2428 2827 ἧς
2467 2760 2635 2816 ὁδεύει
2659 2783 2738 2826 τις
2767 2764 2897 2837 πρὸς
2922 2762 3073 2816 ego».

2322 2950 2422 2996 Και
2448 2972 2517 2986 -
2548 2940 2840 3016 ἀνθρώπου,
2861 2944 2965 2997 Καὶ
3002 2947 3156 2994 τοῦτο
3185 2939 3449 3011 λέγουσιν,
3492 2938 3858 3000 ύποκνίζοντες

2248 3033 2403 3086 αὑτὸν
2438 3033 2508 3095 εἰς
2528 3036 2586 3085 τὸ
2617 3037 2688 3105 μὴ
2737 3029 3051 3091 αἰδεσθῆναι
3107 3034 3195 3083 τὸν
3240 3032 3503 3103 Καίσαρα,
3564 3024 3704 3102 μηδὲ
3762 3024 3860 3081 διὰ

2250 3122 2404 3196 φόϐὸν
2458 3121 2614 3175 αὐτοῦ
2648 3131 2869 3194 σιγῆσαι
2930 3125 3060 3195 πρὸς
3104 3124 3163 3173 τὸ
3205 3118 3612 3192 ἐπερωτώμενον
3658 3117 3855 3177 Ἀληθῆ

2249 3216 2338 3286 μὲν
2370 3212 2457 3265 ὀῦν
2491 3208 2623 3269 ἦσαν
2650 3213 2839 3277 πάντα,
2868 3212 2970 3264 ὅσα
2998 3210 3511 3284 προσεμαρτύρησαν
3526 3208 3687 3279 αύτῷ,
3722 3207 3859 3266 πλὴν

2250 3304 2452 3362 ἄκοντες
2483 3303 2831 3374 ὡμοκόγησαν
2859 3308 3044 3372 ταῦτα,
3088 3303 3215 3374 πρὸς
3245 3301 3574 3357 κατασκευὴν
3613 3305 3707 3361 τῆς
3748 3295 3859 3350 ἔπι-

2253 3391 2409 3450 ϐουλῆ
2423 3412 2461 3451 ς.

2325 3500 2447 3553 Εἰπὲ
2496 3531 2565 3540 -
2604 3495 2751 3551 δοκεῖ
2800 3502 2974 3570 ;Περὶ
3025 3496 3085 3549 οὗ
3143 3492 3387 3556 δηλονότι
3439 3494 3688 3569 μέλλομεν
3728 3492 3858 3567 ἐρω-

2252 3596 2344 3661 τᾷν
2353 3630 2363 3642 .

2321 3678 2519 3741 Ἐξεσιι
2547 3708 2616 3718 -
2650 3681 2679 3736 ἧ
2724 3680 2784 3729 οὔ
2817 3693 2829 3742 ;
2867 3676 3071 3738 Κῆνσός
3116 3675 3376 3747 Ῥωμαῖκὴ
3432 3676 3522 3746 μέν
3552 3671 3668 3726 ἐστι
3695 3672 3852 3743 λέξις,

2251 3771 2583 3843 ἑρμηνεύεται
2614 3763 2673 3820 δὲ
2725 3770 2895 3841 φόρος,
2927 3769 3065 3833 ἤτοι,
3097 3764 3251 3825 τελος.
3284 3768 3353 3817 Τὸ
3387 3759 3446 3816 δὲ
3476 3763 3690 3829 ἔξεστιν,
3738 3760 3855 3814 ἀντὶ

2248 3867 2337 3911 τοῦ
2370 3901 2381 3912 .
2420 3855 2640 3909 δυνατόν
2682 3854 2843 3922 ἔστιν,
2895 3854 3080 3923 εἶτουν,
3145 3851 3350 3906 δίκαιον
3384 3851 3515 3908 ἔστι.
3549 3852 3717 3905 Πάλαι
3761 3853 3852 3924 μὶν

2247 3950 2347 4020 γὰρ
2400 3943 2672 4016 Ἰουδαῖοι,
2718 3945 3057 4017 φυλάττοντες
3086 3946 3208 4006 τοὺς
3236 3947 3444 4016 νόμους,
3499 3943 3677 4003 πάσης
3717 3940 3847 3999 ἀπή.

2246 4036 2400 4088 λαυον
2430 4036 2714 4108 ἐλευθερίας
2762 4054 2774 4067 ο
2808 4034 3025 4109 ὕστερον
3074 4029 3133 4085 δε
3182 4030 3586 4105 παραϐαίνοντες
3643 4030 3851 4101 αὐτούς,

2247 4122 2765 4183 καταδουλιιὸθησανε
2802 4127 3079 4197 Ῥωμαίοις,
3140 4119 3207 4173 ὧν
3263 4118 3399 4196 ἦρχε
3464 4128 3691 4195 Καῖσαρ,
3762 4124 3853 4172 καὶ

2248 4221 2436 4290 φὸρους
2466 4215 2643 4277 αὐτοῖς
2671 4213 2890 4268 ἐτέλουν.
2936 4214 3201 4289 Ἐρωτώσι
3231 4207 3289 4263 δὲ
3331 4214 3462 4262 πάνυ
3502 4210 3619 4282 (77)
3659 4224 3855 4268 κακοη-

476 4303 693 4369 rogant
710 4302 912 4355 autem
938 4299 1201 4368 maligne
1221 4314 1292 4354 ac
1308 4298 1541 4363 dolose,
1560 4304 1624 4355 ut
1644 4300 1692 4355 si
1712 4299 1887 4355 licere
1902 4300 2135 4366 dixerit,

2250 4307 2347 4367 θως
2374 4308 2457 4355 καὶ
2493 4300 2735 4377 δολερῶς,
2765 4305 2849 4354 ἵνα
2878 4300 2961 4354 ἐάν
3000 4305 3090 4374 μὲν
3122 4304 3239 4374 εἴπῃ
3269 4302 3349 4353 ὅτι
3370 4299 3559 4364 ἔξεστι,
3589 4303 3853 4355 κινήσωσι

478 4389 986 4445 commoveantad
998 4404 1198 4444 versus
1211 4404 1349 4445 eum
1362 4388 1541 4445 etiam
1557 4390 1994 4462 turbas,utpote
2009 4406 2138 4446 sua-

479 4476 719 4532 dentem
750 4477 969 4533 servire
995 4477 1226 4549 Caesari,
1257 4484 1314 4534 et
1340 4478 1756 4550 subjicientem
1781 4479 2010 4536 homini
2032 4495 2133 4552 po-

477 4566 692 4639 pulum
722 4567 824 4622 Dei
852 4583 866 4633 ;
901 4566 949 4623 si
975 4584 1111 4624 vero
1140 4584 1263 4624 non
1283 4568 1457 4625 licere
1482 4568 1874 4640 responderit,
1900 4569 2139 4626 tradant

478 4673 619 4713 eum
644 4657 905 4729 praesidi,
938 4662 1230 4731 tanquam
1263 4658 1658 4715 defectionem
1685 4675 1719 4715 a
1753 4662 1984 4716 Caesare
2012 4660 2140 4717 bel-

477 4747 727 4819 lumque
748 4748 1157 4805 consulentem
1181 4748 1328 4823 (xx).
1353 4749 1503 4814 Quid
1528 4764 1671 4818 ergo
1698 4750 1746 4803 is
1767 4750 1870 4823 qui
1896 4749 2031 4807 fons
2052 4750 2141 4807 est

478 4835 740 4895 scientiae
764 4836 793 4892 ‘I

551 5043 597 5077 ’9
639 5044 777 5100 Luc.
805 5059 897 5116 xx,
927 5047 1018 5101 20.
1096 5078 1115 5112 ί
1149 5046 1318 5101 Joan.
1351 5059 1452 5109 vu,
1484 5045 1572 5099 12.
1650 5047 1672 5080 ³
1698 5045 1871 5103 Joan.
1899 5060 1982 5111 1x,
2010 5046 2099 5101 16.

2246 4396 2360 4445 κατ’
2419 4393 2578 4445 αὐτοῦ
2619 4396 2734 4452 τοὺς
2807 4391 3022 4463 ὄχλους,
3086 4393 3156 4453 ὡς
3238 4387 3673 4462 συμϐουλεύοντος
3730 4382 3854 4438 δου-

2246 4483 2405 4536 λεύειν
2440 4488 2689 4555 Καίσαρι,
2730 4486 2819 4533 καὶ
2871 4481 3261 4540 ύποτάσσοντος
3317 4476 3569 4552 ἀνθρώπῳ
3604 4479 3691 4529 τὸν
3729 4474 3853 4529 λαὸν

2247 4580 2339 4624 τοῦ
2364 4580 2515 4625 Θεοῦ·
2548 4570 2630 4623 ἐὰν
2672 4566 2729 4623 δὲ
2781 4572 2896 4643 εῖπη
2946 4572 3024 4621 ὅτι
3054 4569 3147 4621 οὐκ
3194 4568 3383 4633 ἔξεστι,
3437 4563 3853 4640 παραδώσουσιν

2249 4661 2402 4714 αὑτὸν
2455 4669 2526 4732 τῷ
2584 4663 2820 4733 ἡγεμόνι,
2883 4663 2946 4720 ὡς
3018 4658 3348 4711 ἀποστασίαν
3428 4655 3528 4710 ἀπὸ
3593 4662 3854 4731 Καίσαρος

2249 4756 2340 4803 καὶ
2370 4750 2588 4824 πόλεμον
2625 4748 3062 4824 συμϐουλεύοντα·
3112 4753 3176 4803 Τί
3227 4743 3314 4798 οὖν
3345 4748 3375 4805 η
3418 4750 3564 4818 μηγὴ
3599 4754 3691 4807 τῆς
3720 4752 3853 4817 γνὼ-

2254 4860 2381 4903 σεως
2406 4860 2420 4911 ;

1707 5250 1927 5319 Variae
1957 5250 2284 5319 lectiones
2316 5262 2383 5319 ct
2415 5262 2615 5319 notae.

552 5448 668 5530 ρξ’»)
692 5450 858 5530 τρως
891 5449 1009 5514 Vm
1049 5448 1245 5530 W
1286 5447 1351 5501 Α-

553 5519 665 5591 (74)
692 5519 910 5591 Αύτοᾲύς,
942 5519 1159 5576 omittit
1180 5525 1244 5585 A,

553 5589 669 5664 ('75)
697 5589 1044 5665 Ἐνεδρευτάς
1072 5592 1140 5649 Α,

553 5769 689 5843 (xx)
724 5769 1152 5828 Consulentem.
1185 5770 1571 5828 Suadentem.

2321 5448 2440 5529 (76)
2480 5447 2686 5529 Etiam
2711 5447 2804 5529 llic
2836 5447 3297 5518 Chrysostomus
3328 5443 3527 5509 habet,
3555 5445 3642 5496 τὸν
3671 5441 3857 5515 ὄχλον,

2248 5520 2309 5575 Τ.
2349 5520 2463 5591 VII,
2495 5535 2552 5589 p.
2587 5520 2686 5573 687
2720 5522 2780 5574 C.

2324 5593 2436 5665 (77)
2472 5590 2652 5661 Πάλιν,
2681 5606 2786 5663 pl‘O
2820 5590 2976 5655 πάνυ,
2999 5590 3065 5644 Α⁹
