4178 6388
318 394 429 450 577

1324 376 1697 439 COMMENT.
1738 374 1808 430 1N
1847 362 2304 429 MATTHEUM.
2330 398 2400 407 —
2425 363 2581 423 CAP.
2610 361 2786 422 XXII.

3598 360 3706 419 578

391 520 547 579 Γνοὺς
598 543 670 557 —
748 512 909 567 εἶπεν.
958 511 1016 565 Ὀ
1071 514 1160 585 μεν
1233 510 1443 582 Μάρκος
1498 509 1593 564 τὴν
1650 501 1931 575 ὑπόκρισιν

2118 493 2282 551 Vers.
2313 494 2398 549 18.
2428 492 2681 564 Cognita
2706 520 2777 532 —
2808 489 2985 546 dixit.
3014 491 3241 546 Marcus
3267 488 3706 546 simulationem

323 627 478 681 φησιν
511 626 523 638 ·
554 606 580 657 ὁ
613 599 675 657 δὲ
707 608 939 668 Λουκᾶς,
960 606 1055 660 τὴν
1082 602 1424 671 πανουργίαν.

390 702 456 751 Τί
523 725 594 736 —
647 695 977 767 ὑποκριταί;
1052 689 1471 763 ’Υποκρινόμενοι
1550 686 1640 755 μίν
1720 679 1937 767 ἐρωτᾷν,

323 789 410 840 ἶνα
454 792 614 858 γνῶτε
670 785 731 835 τὸ
786 763 994 835 δίκαιον
1048 797 1061 809 ·
1096 778 1406 855 ὀρύσσοντες
1457 769 1516 826 δὲ
1566 769 1795 845 βόθρους
1849 763 1943 819 διὰ

322 856 801 950 suscipitur-156mg,
903 872 986 923 ’ἱνα
1061 888 1126 942 με
1208 866 1685 939 κατακρημνίσητε.
1764 856 1944 919 Δείξας

324 964 438 1027 οὖν.
496 965 581 1017 ὅτι
633 962 729 1016 οὐκ
786 961 968 1015 ἔλαθον
1018 958 1194 1023 αὐτὸν,
1269 958 1406 1030 ὅμως
1478 951 1814 1027 ἀποκρίνεται
1851 958 1947 1009 καὶ

325 1057 460 1131 πρὸς
495 1057 591 1112 τὴν
621 1052 901 1127 ἐρώτησιν.
934 1054 1034 1103 Καὶ
1059 1052 1243 1101 σκόπει
1270 1054 1379 1108 πῶς
1400 1063 1419 1117 ;

399 1229 730 1296 Ἐπιδείξατε
811 1261 877 1271 -
930 1234 1155 1288 κήνσου,
1228 1228 1380 1299 Παρά
1458 1220 1517 1276 δὲ
1597 1230 1669 1294 τῷ
1744 1223 1940 1293 Μάρκῳ

326 1328 483 1398 φησὶ,
516 1325 697 1399 Φέρετέ
760 1338 855 1393 μοι
924 1316 1192 1391 δηνάριον,
1267 1317 1351 1368 ἶνα
1411 1310 1515 1367 ’ίδω
1575 1329 1588 1342 ·
1642 1316 1732 1364 καὶ
1798 1312 1941 1385 παρά

326 1422 401 1485 τῷ
490 1416 676 1483 Λουκᾷ
774 1406 836 1463 δε
922 1410 1131 1482 ὁμοίως.
1234 1410 1490 1478 Νόμισμα
1561 1404 1663 1475 γὰρ
1744 1400 1939 1473 ἐλέγετο

324 1508 420 1557 καὶ
478 1506 537 1556 τὸ
594 1496 863 1575 δηνάριον.
946 1498 1204 1560 Ἐζήτησε
1269 1492 1328 1549 δε
1388 1490 1518 1547 ἰδεῖν
1569 1495 1627 1545 τὸ
1684 1495 1939 1564 νόμισμα,

325 1596 416 1646 ἶνα
477 1594 787 1665 θαυμασίως
867 1588 957 1641 ἀπ’
1038 1587 1199 1640 αὐτοῦ
1255 1588 1350 1644 τὴν
1427 1583 1707 1657 ἀπόκρισιν
1783 1579 1941 1655 ἐργά-

330 1701 399 1742 ση
405 1702 516 1736 ται.

403 1774 474 1825 Οἱ
532 1767 593 1824 δε
654 1801 723 1810 -
802 1774 1083 1843 Καίσαρος.
1185 1765 1297 1819 Οὐκ
1382 1762 1578 1837 ἀγνοῶν
1654 1761 1943 1835 ἠρώτησεν,

328 1860 440 1915 ἀλλ’
497 1865 583 1914 ίνα
635 1863 731 1919 τὴν
813 1850 1094 1932 ἀπόκρισιν
1177 1854 1345 1909 αὐτῶν
1426 1851 1688 1925 ἀπόφασιν
1754 1849 1947 1903 οἰκείαν

330 1958 563 2025 ποιήσῃ.

402 2044 530 2095 Τότε
582 2069 650 2080 -
705 2042 956 2111 Καίσαρι.
1019 2036 1158 2091 Ἐπεὶ
1248 2036 1512 2108 Καίσαρός
1592 2030 1758 2096 ἐστιν,
1817 2027 1948 2081 ἀπό-

334 2112 459 2184 δοτε
506 2129 687 2181 λοιπόν
740 2131 972 2201 Καίσαρι
1018 2127 1085 2178 τά
1136 2120 1274 2180 ἴδια.
1337 2125 1430 2177 Διά
1480 2123 1644 2194 ξτοῡτο
1697 2122 1798 2192 γὰρ
1856 2116 1949 2170 οὐκ

342 2216 473 2283 εἶπε,
504 2222 642 2283 Δότε,
692 2214 825 2284 ἀλλ’,
884 2210 1157 2286 ’Δπόδοτε,
1212 2216 1279 2276 ὡς
1328 2211 1521 2265 ἑκείνου
1553 2214 1693 2266 ὄντα.
1748 2208 1860 2261 Ἰνα
1890 2202 1949 2259 δε

345 2313 420 2381 μὴ
476 2310 701 2377 εἴπωσιν,
751 2307 832 2359 ὃτι
893 2305 1177 2380 Ἀνθρὼπῳ
1236 2304 1375 2375 ἡμᾶς
1423 2302 1723 2360 ὑποτάττεις
1753 2303 1841 2350 καὶ
1889 2296 1948 2349 οὐ

342 2405 481 2468 Θεῷ,
510 2395 760 2469 έπὴγαγν

413 2490 517 2540 Καὶ
559 2487 626 2538 τά
652 2516 722 2527 --
755 2491 889 2556 Θεῷ.
946 2481 1155 2547 Ἔξεστι
1212 2484 1313 2555 γάρ
1358 2485 1449 2533 καὶ
1479 2478 1770 2555 ἀνθρώποις
1816 2476 1949 2530 ἀπο·

334 2581 505 2649 νέμειν
562 2577 630 2628 τὰ
688 2579 1044 2649 προσήκοντα,
1114 2577 1203 2624 καὶ
1289 2578 1403 2642 Θεῷ
1455 2572 1522 2623 τά
1573 2568 1872 2643 ὀφειλόμενα
1927 2582 1941 2595 ’

336 2674 450 2728 τοῖς
499 2668 613 2739 μεν,
672 2666 789 2726 τοὺς
841 2668 1051 2739 φόρους,
1096 2666 1186 2714 καὶ
1243 2664 1288 2714 εἴ
1337 2680 1390 2713 τι
1427 2666 1660 2713 τοιοῦτον
1711 2674 1723 2687 ⁸
1767 2666 1839 2730 τῷ
1871 2653 1951 2723 δὲ,

338 2762 434 2815 τὴν
486 2753 748 2808 εὐσέϐειαν
812 2757 904 2805 καὶ
961 2752 1191 2826 φλυακὴν
1263 2759 1361 2803 τῶν
1438 2749 1671 2803 ἐντολῶν.
1734 2751 1955 2819 Λέγοιτο

341 2842 392 2899 δ’
454 2843 516 2897 ἂν
570 2849 777 2918 Καῖσαρ
816 2848 907 2896 καὶ
960 2843 987 2894 ό
1040 2841 1418 2916 κοσμοκράτωρ
1485 2836 1751 2905 διάϐο)ος,
1813 2838 1956 2908 ᾧτινι

343 2931 466 2987 δίον
504 2930 822 2987 ἀποδιδόναι
877 2935 943 2985 τὰ
998 2931 1180 2995 αὐτοῦ,
1257 2935 1392 3003 φημὶ
1444 2925 1511 2987 δὴ
1570 2934 1745 2981 πᾶσαν
1794 2926 1954 3001 ἐμπά-

348 3026 490 3078 θειαν
515 3028 606 3075 καὶ
631 3028 837 3075 κακίαν.

422 3119 518 3166 Καὶ
583 3144 651 3154 -
702 3110 954 3172 ἀπῆλθον.
1005 3110 1342 3182 Ἐθαύμασαν
1404 3111 1514 3182 μὲν,
1576 3108 1670 3160 οὐκ
1722 3106 1957 3160 ἐπίστευ-

344 3222 443 3256 σαν
471 3199 531 3255 δε
560 3204 588 3255 ὃ
619 3207 708 3255 καὶ
738 3199 867 3255 αὖτό
889 3200 1087 3274 μεγάλη
1120 3202 1317 3253 τούτων
1353 3203 1670 3273 κατηγορία.

634 3387 779 3436 ΚΕΦ.
820 3378 944 3436 ΝΓ’.
986 3384 1113 3453 Περὶ
1141 3386 1243 3431 τῶν
1276 3374 1672 3432 Σαδδουκαίων.

412 3490 507 3546 Ἐν
574 3486 737 3561 ίκείνῃ
817 3518 887 3529 -
967 3485 1274 3542 ἀνάστασιν.
1373 3487 1593 3560 Εἴρηται
1674 3490 1788 3560 περὶ
1866 3493 1960 3549 τῆς

340 3582 595 3654 αἱρέσεως
651 3587 752 3631 τῶν
816 3573 1192 3631 Σαδδουκαίων
1259 3575 1308 3628 ίν
1357 3585 1429 3647 τῷ
1475 3581 1633 3650 τρίτῳ
1667 3575 1953 3649 κεφαλαίῳ.

345 3668 515 3721 Οὗτοι
566 3663 627 3720 δι
683 3671 779 3725 τὴν
863 3664 919 3719 ἐκ
974 3674 1163 3739 νεκρῶν
1236 3663 1524 3718 ἀνάστασιν
1581 3666 1819 3731 ὴθίτουν,
1872 3661 1965 3718 διὰ

346 3760 408 3809 τό
462 3762 536 3830 μὴ
589 3756 702 3829 (78)
758 3757 1176 3829 μνημονεύεσθαι
1244 3757 1441 3815 ταύτην
1491 3763 1717 3829 φανερῶς
1768 3752 1817 3805 ἐν
1850 3760 1967 3814 ταῖς

350 3852 670 3907 Μωσαῑκαὶς
730 3852 982 3919 γραφαῖς,
1061 3842 1122 3907 ἃς
1182 3840 1251 3903 δὴ
1308 3849 1466 3917 μόνας
1514 3843 1815 3917 ἐγίνωσκον,
1874 3845 1969 3905 τὰς

350 3935 518 3998 ἄλλας
586 3933 646 3987 οὐ
716 3930 1144 4009 παραδεχόμενοι
1220 3932 1454 4007 βίϐλους.
1536 3933 1695 4000 Ἀλλ’,
1778 3933 1818 3985 ὣ
1874 3940 1971 3993 τῆς

355 4023 583 4087 ἀνοίαςὲ
632 4022 1101 4097 ίπιστομισθέντων
1156 4024 1258 4098 γάρ
1341 4032 1442 4076 τῶν
1501 4027 1815 4098 Φαρισαίων,
1870 4029 1971 4074 τῶν

352 4113 736 4190 ἀκριϐεστέρων
791 4113 842 4166 ἄν
899 4110 1198 4180 Ἰουδαίοις,
1277 4115 1327 4165 οἱ
1407 4108 1809 4188 καταδεέστεροι
1854 4113 1972 4164 τού-

352 4223 457 4256 των
515 4199 892 4269 Σαδδουκαῖοι,
956 4204 1189 4277 καθάπερ
1264 4200 1320 4254 ἐκ
1371 4197 1666 4274 διαδοχῆς,
1710 4198 1972 4277 προσϐάλ-

352 4292 535 4358 λουσι,
585 4288 700 4345 δίον
737 4292 973 4367 μάλιστα
1016 4290 1365 4351 συσταλῆναι.
1414 4290 1550 4343 Ἀλλ’
1581 4295 1735 4352 ὅντως
1774 4293 1804 4349 ἡ
1855 4292 1977 4362 θρα-

356 4385 531 4442 σύτης
586 4380 942 4455 ἀναίσχυντον
1000 4387 1088 4434 καὶ
1151 4381 1333 4454 ἰταμόν
1390 4386 1480 4434 καὶ
1531 4378 1814 4443 ἀδυνάτοις
1869 4380 1976 4434 ἔπι-

353 4479 597 4546 χειροῡν.
674 4477 776 4525 Καὶ
869 4470 979 4524 imi.
1089 4478 1204 4533 ταῖς

356 4567 710 4637 φανερώτερον
772 4559 988 4614 ίνέκειτο
1068 4564 1125 4614 τὸ
1190 4556 1369 4633 δόγμα
1446 4568 1540 4624 τῆς
1622 4560 1974 4625 ἀναο-τάσεως,

355 4649 745 4724 ὑπελάμϐανον,
849 4649 1008 4704 ἐκεῖνο
1112 4650 1224 4723 (79)
1307 4647 1649 4724 δογματίζειν
1708 4654 1978 4714 τοιούτους

358 4740 648 4793 ἀνίσταθαι
724 4743 841 4802 τούς
1128 4738 1451 4813 ἀνθρώπους,
1519 4741 1619 4793 οἶοι
1698 4744 1799 4814 πρὸ
1884 4748 1977 4794 τοῦ

359 4829 642 4885 ἀποθανεῖν
699 4826 855 4900 ἦσαν,
935 4832 1066 4903 μετά
1138 4837 1237 4884 τῶν
1320 4830 1489 4883 αὐτῶν
1576 4834 1810 4903 σχέσεων
1888 4836 1979 4884 καὶ

358 4922 565 4974 παθῶν.
655 4922 745 4973 Διό
810 4924 902 4972 καὶ
982 4922 1114 4994 πρὸς
1193 4917 1487 4995 ἀνατροπὴν
1562 4928 1654 4973 τοῦ
1740 4923 1977 4974 τοιούτου

361 5006 635 5083 δόγματος
658 5009 945 5071 πλάσαντες
965 5011 1163 5063 οἴκοθεν
1192 5009 1441 5064 ὑπόθεσιν
1466 5012 1743 5083 προσίασι.

1325 4478 1673 4546 προφητικαῖς
1752 4478 1977 4545 Γραφαίς
2020 4496 2023 4503 ·

2046 583 2195 640 dixit
2225 587 2272 639 ³.
2308 582 2498 639 Lucas
2528 584 2727 637 autem
2756 580 3099 635 versutiam.

2123 675 2287 730 Vers.
2316 673 2401 727 18.
2425 671 2579 739 Quid
2606 702 2668 711 ——
2698 670 3022 740 hypocrita!
3046 670 3074 726 ?
3098 669 3445 727 Simulantes
3460 666 3709 742 quidem

2049 763 2436 831 interrogare,
2483 766 2546 816 ut
2570 758 2737 832 quod
2773 759 3005 831 justum
3041 764 3129 815 est
3167 757 3543 829 cognoscatis
3579 772 3591 813 :
3627 756 3711 812 fo-

2052 867 2228 908 veam
2244 842 2443 908 autem
2464 849 2755 905 fodientes
2770 864 2870 921 per
2887 848 3433 919 interrogationem,
3450 847 3507 902 in
3527 861 3711 919 quam

2055 956 2150 997 me
2179 939 2741 1013 praseipitetisCum
2770 953 2910 1009 ergo
2926 936 3457 1010 ostendissetquod
3488 934 3713 992 sibico-

2052 1031 2200 1101 gniti
2210 1034 2429 1095 essent,
2447 1027 2767 1101 respondet
2781 1034 2979 1084 tamen
2995 1031 3049 1083 et
3062 1027 3139 1084 ad
3151 1026 3709 1098 interrogationem;

2051 1126 2108 1177 et
2135 1120 2271 1176 vide
2300 1117 2609 1192 quomodo
2642 1118 2670 1172 ‘2

2121 1212 2283 1267 Vers.
2328 1211 2411 1264 19.
2450 1208 2742 1265 Οειεηάίιε
2765 1240 2833 1248 -
2853 1223 3074 1264 census.
3105 1207 3279 1280 Apud
3308 1208 3571 1264 Marcum
3593 1204 3711 1263 ait:

2048 1300 2275 1371 Aﬂ'erte
2303 1298 2453 1355 mihi
2479 1298 2790 1355 denarium
2822 1305 2883 1353 ut
2913 1298 3142 1354 videam
3165 1300 3185 1332 ⁸
3206 1316 3224 1369 ;
3259 1295 3530 1353 similiter
3548 1294 3717 1368 apud

2051 1389 2274 1445 Lucam
2296 1390 2338 1443 ⁶.
2371 1388 2683 1445 Nnmisma
2704 1386 2864 1443 enim
2887 1387 3193 1443 dicebatur
3209 1387 3387 1443 etiam
3409 1385 3713 1443 denarius.

2052 1477 2555 1544 Quaasivitautem
2582 1477 2784 1533 videre
2822 1476 3143 1546 numisma,
3186 1475 3717 1547 utresponsionem

2055 1566 2401 1623 mirabiliter
2439 1567 2516 1621 ad
2548 1581 2619 1621 eo
2658 1565 3003 1622 fabricaret.

2128 1742 2299 1799 Vers.
2335 1744 2427 1800 19.
2460 1744 2537 1799 At
2564 1742 2657 1798 illi
2679 1773 2749 1783 —
2779 1742 3048 1798 Vers.2l.
3084 1742 3361 1798 Caesaris.
3400 1741 3531 1798 Non
3550 1741 3721 1813 igno-

2055 1847 2197 1890 rans
2242 1832 2644 1902 interrogavit,
2687 1830 2791 1886 sed
2827 1836 2891 1886 ut
2931 1846 3004 1886 ex
3051 1830 3280 1887 illorum
3320 1831 3721 1904 responsione

2016 1924 2017 1927 “
2058 1937 2224 1978 suam
2255 1920 2573 1977 fabricaret
2598 1922 2973 1976 sententiam.

2129 2011 2295 2067 Vers.
2320 2011 2410 2065 21.
2442 2010 2601 2066 Tunc
2624 2039 2695 2051 —
2728 2010 2975 2067 Caesari.
3004 2008 3157 2075 Quia
3175 2010 3419 2066 Caesaris
3450 2014 3558 2076 est,
3588 2008 3722 2065 red-

2058 2099 2177 2155 dite
2203 2098 2400 2172 itaque
2432 2100 2645 2155 Caasari
2673 2114 2810 2171 quae
2840 2115 2952 2155 sua
2993 2104 3157 2156 sunt.
3197 2099 3334 2155 Ideo
3379 2099 3541 2155 enim
3595 2113 3720 2155 non

2058 2189 2224 2255 dixit,
2244 2188 2406 2258 Date,
2426 2188 2552 2257 sed,
2567 2188 2833 2254 Reddite,
2858 2194 3151 2261 tanquam
3173 2204 3244 2245 ea
3259 2205 3395 2262 quas
3416 2188 3546 2261 ejus
3563 2193 3723 2245 sunt.

2058 2281 2140 2335 Ne
2170 2282 2369 2335 autem
2398 2278 2603 2334 dicant
2628 2295 2642 2335 :
2686 2278 2917 2335 Homini
2939 2293 3050 2334 nos
3075 2278 3325 2350 subjicis
3353 2282 3411 2336 et
3428 2294 3553 2336 non
3579 2278 3724 2342 Deo,

2061 2367 2288 2425 addidit
2316 2383 2330 2423 :

2132 2459 2297 2514 Vers.
2328 2458 2418 2513 21.
2445 2458 2524 2513 Et
2554 2472 2682 2529 quae
2704 2488 2771 2499 —
2791 2460 2929 2514 Deo.
2963 2458 3212 2515 Licitum
3244 2463 3333 2515 est
3356 2460 3517 2516 enim
3547 2463 3604 2517 et
3622 2459 3729 2516 ho-

2061 2548 2315 2605 minibus
2354 2549 2497 2604 dare
2525 2564 2661 2620 qua:
2692 2549 3076 2614 conveniunt,
3110 2554 3167 2605 et
3198 2552 3314 2605 Deo
3343 2565 3481 2622 quae
3507 2549 3731 2605 deben-

2062 2642 2175 2694 tur.
2212 2636 2333 2693 lllis
2358 2637 2604 2709 quidem
2640 2637 2880 2704 tributa,
2902 2644 2958 2693 et
2979 2638 3026 2694 si
3047 2637 3197 2711 quid
3217 2643 3309 2694 est
3339 2638 3528 2695 simile
3553 2656 3567 2707 ;
3590 2637 3731 2694 huic

2064 2731 2265 2783 autem
2290 2724 2574 2799 pietatem
2601 2733 2659 2782 et
2687 2726 3137 2783 observantiam
3158 2728 3604 2785 mandatorum.
3632 2728 3735 2784 Po-

2066 2820 2393 2873 testantem
2419 2815 2535 2871 dici
2573 2817 2769 2872 Caesar
2806 2815 3107 2885 diabolus,
3153 2818 3258 2890 qui
3314 2817 3526 2873 mundi
3574 2816 3735 2889 prin-

2066 2922 2209 2978 ceps
2238 2911 2348 2973 est,
2387 2905 2480 2961 cui
2515 2905 2826 2962 reddenda
2863 2910 3004 2963 sunt
3049 2922 3187 2979 quae
3235 2923 3345 2964 sua
3388 2911 3546 2973 sunt,
3595 2914 3736 2979 puta

1986 3001 2027 3056 C
2067 2996 2265 3053 omnis
2295 2993 2518 3050 malitia
2539 2994 2859 3066 omnisque
2891 2995 3151 3051 carnalis
3182 2995 3454 3052 aﬂ‘ectus.

2141 3083 2308 3140 Vers.
2348 3083 2438 3139 22.
2470 3083 2953 3140 [Et—abierunt.
2991 3084 3270 3140 Admirati
3302 3084 3549 3157 quidem
3580 3090 3736 3152 sunt,

2066 3189 2277 3230 verum
2308 3187 2433 3228 non
2453 3172 2853 3239 crediderunt,
2878 3172 3046 3246 quod
3071 3173 3262 3245 ipsum
3291 3189 3509 3245 magna
3529 3178 3621 3231 est
3642 3190 3738 3231 eo-

2068 3278 2205 3319 rum
2242 3262 2566 3319 accusatio.

2482 3386 2639 3442 CAP.
2676 3386 2819 3443 LIII.
2854 3388 2939 3445 De
2966 3386 3327 3447 Sadducceis.

2141 3496 2309 3551 Vers.
2332 3498 2420 3551 23.
2452 3495 2522 3551 In
2547 3496 2653 3551 illo
2678 3526 2747 3536 —
2772 3497 3279 3555 resurrectionem.
3310 3497 3541 3555 Dictum
3554 3500 3643 3554 est
3665 3496 3742 3554 de

2073 3588 2235 3642 secta
2277 3584 2751 3641 Sadducaiorum
2784 3585 2956 3641 tertio
2987 3587 3179 3659 capite
3212 3605 3225 3643 :
3260 3586 3323 3643 hi
3353 3602 3495 3658 ergo
3549 3602 3744 3644 resur-

2072 3675 2399 3733 rectionem
2431 3691 2503 3731 ex
2526 3674 2777 3731 mortuis
2800 3676 3129 3747 negabant,
3160 3693 3231 3734 eo
3261 3678 3427 3751 quod
3452 3679 3515 3734 in
3538 3677 3743 3736 Mosai-

2075 3765 2159 3822 cis
2202 3763 2525 3836 Scripturis
2586 3764 2769 3836 hujus
2817 3765 3133 3824 manifeste
3163 3783 3285 3823 non
3324 3767 3433 3825 ﬁat
3474 3767 3743 3825 mentio:

2077 3870 2221 3910 nam
2238 3852 2352 3910 has
2379 3852 2539 3910 solas
2556 3855 2975 3925 agnoscebant,
2991 3855 3125 3912 aliis
3148 3856 3314 3913 libris
3328 3872 3451 3913 non
3469 3856 3745 3930 receptis.

2080 3942 2218 4008 Sed,
2248 3958 2284 3999 o
2301 3941 2668 4000 dementiam
2694 3944 2706 3999 Ι
2732 3943 3009 4015 imposito
3031 3944 3345 4002 Pharisasis
3366 3946 3619 4017 silentio,
3642 3945 3752 4018 qui

2079 4031 2232 4087 inter
2259 4030 2496 4087 Judaaos
2517 4030 2953 4103 diligentissimi
2975 4038 3032 4089 et
3054 4034 3374 4091 acutissimi
3389 4040 3578 4103 erant,
3604 4035 3751 4091 Sed.

2082 4118 2277 4176 ducasi
2302 4119 2396 4176 his
2434 4119 2744 4177 inferiores
2769 4121 2948 4193 quasi
2974 4121 3362 4178 succedentes
3410 4126 3747 4180 occurrunt.

2084 4208 2355 4281 Cumque
2384 4207 2649 4265 maxime
2676 4214 2975 4280 oporteret
3003 4226 3105 4266 eos
3135 4211 3341 4267 animo
3382 4211 3627 4284 reprimi
3678 4227 3752 4269 ac

2086 4304 2333 4355 maestos
2352 4314 2505 4365 esse,
2524 4298 2778 4356 audacia
2798 4298 3207 4371 imprudentes
3222 4299 3363 4356 facit
3382 4315 3454 4356 ac
3500 4304 3755 4358 temera-

2086 4388 2230 4453 rios,
2262 4391 2321 4444 et
2348 4387 2751 4461 impossibilia
2772 4390 3081 4445 tentantes.
3105 4391 3173 4447 Et
3197 4389 3342 4463 quia
3369 4389 3433 4445 in
3452 4389 3755 4463 propheti-

2085 4479 2172 4533 cis
2218 4475 2534 4550 Scripturis
2564 4475 2936 4533 manifestius
2960 4477 3380 4536 continebatur
3420 4479 3639 4550 dogma
3664 4493 3756 4537 re-

2088 4564 2487 4631 surrectionis,
2517 4565 2973 4639 suspicabantur
2997 4566 3146 4623 illud
3173 4567 3389 4625 docere
3413 4569 3583 4642 quod
3608 4569 3755 4627 tales

2087 4659 2465 4727 resurgerent
2486 4654 2786 4726 homines,
2816 4656 3028 4727 quales
3052 4666 3220 4715 erant
3246 4658 3603 4732 priusquam
3630 4675 3758 4715 mo-

2087 4748 2377 4813 rerentur,
2409 4760 2546 4801 cum
2564 4744 2796 4801 eisdem
2824 4744 3131 4803 habitibus
3145 4754 3201 4803 et
3239 4747 3570 4815 affectibus,
3589 4749 3756 4807 ideo-

2089 4849 2200 4907 que
2232 4834 2311 4891 ad
2337 4834 2783 4892 subversionem
2809 4834 3161 4907 hujusmodi
3199 4836 3524 4911 dogmatis,
3562 4837 3758 4897 efﬁcta

2089 4922 2253 4997 apud
2283 4939 2349 4981 se
2377 4924 2692 4983 occasione
2720 4924 2842 4998 (yy)
2870 4925 3177 4983 accedunt.

434 5196 458 5227 ³
489 5192 665 5248 Marc.
694 5204 800 5259 xu,
845 5188 931 5247 15.
964 5188 988 5225 ⁸
1014 5188 1157 5247 Luc.
1186 5204 1291 5258 xx,
1320 5189 1411 5246 23.
1470 5189 1652 5248 Marc.
1681 5204 1786 5259 xu,
1818 5189 1909 5248 15.
1938 5191 1958 5228 ⁸

2079 5206 2133 5250 c.
2165 5208 2265 5263 xx,
2296 5196 2387 5250 24.

1573 5369 1803 5440 Varia
1839 5369 2171 5442 lectiones
2210 5382 2280 5441 et
2323 5380 2530 5443 notae.

433 5567 555 5640 (78)
584 5571 694 5640 us.
728 5566 950 5640 omittit
977 5567 1040 5623 Β.

434 5635 552 5711 (79)
575 5639 615 5696 i.
649 5655 700 5696 e.
733 5643 792 5692 τό
825 5635 1024 5712 δόγμα.
1053 5640 1151 5696 Est
1173 5653 1319 5709 ergo
1348 5636 1665 5712 δογματίζει
1692 5641 1753 5691 τό
1780 5635 1977 5713 δόγμα.

2160 5571 2276 5644 (80)
2300 5574 2597 5639 Τοιούτους,
2624 5572 2687 5628 Β.

438 5768 570 5840 (yy)
590 5768 805 5839 Eﬂicta
831 5798 905 5809 —
927 5768 1251 5825 occasione.
1273 5767 1434 5827 Ficta
1458 5783 1497 5825 a
1521 5782 1588 5825 se
1624 5754 1992 5835 narratione,
2021 5768 2160 5827 ﬁcto
2179 5784 2218 5828 a
2246 5784 2311 5825 se
2333 5771 2711 5857 argumento.
