4178 6386
448 352 558 446 579

1653 368 1989 438 EUTHYMII
2022 356 2361 429 ZlGABENI

3736 368 3845 433 680

521 516 680 571 Vers.
709 512 798 568 24.
829 514 894 568 Et
924 543 993 553 —
1020 527 1147 568 suo.
1180 513 1265 567 Ex
1288 511 1417 581 lege
1443 508 1701 566 Mosaica
1733 501 2095 562 occasionen

2310 500 2433 555 Kal.
2483 533 2551 544 —
2594 502 2774 557 αὑτοῦ.
2810 502 2899 557 Ἐκ
2954 509 3242 556 Μωσαῐκοῦ
3261 506 3422 577 νόμόυ
3469 508 3565 563 τὴν
3602 504 3844 579 ἀφορμὴν

448 603 773 662 commenti
821 607 1087 667 sumunt,
1139 605 1199 657 ut
1244 598 1568 657 verisimile
1617 596 1902 671 appareat
1952 587 2121 664 quod

446 696 752 771 quaeritur.
776 697 841 749 In
861 693 1151 765 scriptura
1170 690 1470 765 siquidem
1499 681 1947 771 Deuteronomii
1962 695 2118 771 prae-

444 774 603 859 cepit
656 783 868 849 Moses,
928 786 991 837 ut
1035 796 1281 838 uxorem
1330 778 1548 835 mortui
1605 776 1835 849 absque
1891 770 2114 834 liberis,

446 890 684 931 rursum
705 873 882 929 ducat
912 872 1089 927 frater
1119 871 1248 942 ejus
1278 871 1321 936 ⁷,
1356 873 1414 924 et
1441 865 1700 941 quiquid
1720 863 1980 938 primum
2012 874 2115 914 na-

446 968 573 1037 tum
604 962 777 1019 fuerit
824 961 1165 1017 nominetur
1222 959 1283 1014 id
1323 958 1483 1015 ﬁlius
1523 956 1722 1012 fratris
1764 948 2001 1017 mortui,
2040 949 2113 1004 ad

447 1053 577 1124 ejus
603 1051 970 1108 memoriam.
996 1049 1132 1106 Haec
1157 1051 1359 1121 itaque
1383 1051 1521 1105 sunt
1544 1045 1711 1115 legis.
1736 1042 1877 1098 Vide
1898 1045 2108 1106 autem,

444 1141 590 1216 quid
618 1141 679 1197 hi
708 1140 1164 1197 machinentur?

511 1441 677 1499 Vers.
722 1446 811 1498 25.
856 1443 1045 1499 Erant
1079 1472 1133 1483 —
1178 1442 1335 1496 Vers.
1377 1440 1467 1495 28.
1515 1454 1671 1497 eam.
1728 1440 1966 1511 Septem
2005 1452 2109 1493 eos

441 1536 808 1603 supponunt,
834 1536 895 1586 ut
911 1530 1105 1600 magis
1126 1527 1467 1585 intricatum
1482 1528 1751 1586 videatur
1772 1526 2103 1601 problema.

440 1621 737 1677 Intentum
765 1624 962 1675 autem
1000 1618 1461 1676 Sadducceorum
1490 1625 1634 1682 erat,
1672 1626 1732 1673 ut
1762 1617 1880 1672 sive
1907 1616 2104 1682 unius,

441 1712 566 1765 sive
591 1709 854 1765 omnium
879 1709 1289 1781 responderet,
1320 1708 1525 1763 statim
1547 1711 1919 1780 opponerent
1939 1704 2107 1778 quod

439 1815 579 1855 cum
612 1799 827 1855 iterum
858 1798 1071 1855 futurae
1109 1802 1311 1854 essent
1340 1798 1585 1869 nuptiae,
1631 1801 1787 1852 certe
1825 1802 2021 1851 essent
2049 1799 2107 1851 et

436 1888 755 1961 puerperia
789 1893 847 1944 et
889 1887 1132 1944 nutritio
1167 1887 1483 1955 infantum,
1527 1890 1795 1958 quaestus
1824 1885 2106 1958 pecunia-

433 1992 590 2042 rum,
606 1978 851 2049 judicia,
871 1977 1031 2034 bella
1052 1993 1123 2035 ac
1140 1977 1543 2047 aegritudines,
1568 1991 1927 2047 rursumque
1947 1989 2104 2030 mor-

434 2070 542 2132 tes,
571 2072 629 2123 et
656 2067 866 2124 omnia
889 2083 1027 2138 quae
1051 2067 1114 2123 in
1142 2066 1419 2138 praesenti
1445 2066 1564 2123 vita
1592 2064 1908 2135 habentur,
1943 2070 1998 2120 et
2026 2064 2105 2120 ita

434 2157 558 2225 vita
584 2156 687 2212 illa
714 2171 840 2212 non
869 2156 979 2213 erit
1005 2156 1124 2212 alia
1150 2156 1231 2212 ab
1260 2156 1375 2211 ista
1406 2174 1420 2223 ;
1452 2155 1621 2227 quod
1650 2154 1699 2210 si
1729 2154 1940 2210 eadem
1970 2154 2104 2218 erit,

437 2244 517 2315 ad
567 2245 713 2317 quid
761 2246 963 2302 futura
1004 2252 1095 2302 est
1144 2244 1497 2302 resurrectio
1528 2248 1555 2301 ?
1584 2248 1789 2316 Itaque
1827 2260 1951 2300 non
1998 2244 2105 2301 erit

433 2334 807 2391 resurrectio.
842 2334 992 2400 Quid
1031 2350 1174 2405 ergo
1201 2333 1465 2390 Christus
1489 2333 1518 2388 ?

441 2475 449 2479 .
505 2426 547 2494 -ιο
593 2423 794 2482 Mulier
839 2424 1087 2498 quidem
1136 2439 1268 2479 esse
1316 2428 1507 2495 potest
1534 2424 1801 2481 humana
1844 2428 2099 2481 natura:

434 2518 664 2586 septem
703 2518 905 2570 autem
950 2513 1079 2579 viri,
1127 2518 1353 2585 septem
1399 2514 1560 2583 leges
1604 2513 1782 2571 variis
1828 2514 2105 2587 tempori-

430 2601 548 2659 bus
592 2619 629 2659 a
658 2606 778 2658 Deo
821 2603 875 2658 ei
918 2603 1146 2660 traditae
1178 2603 1256 2658 ad
1286 2603 1735 2659 instructionem
1779 2608 1836 2660 et
1882 2604 2104 2674 produ-

433 2692 689 2748 ctionem
729 2692 1030 2748 fructuum
1056 2693 1336 2763 justitiee;
1376 2708 1521 2749 nam
1560 2694 1740 2750 dictio
1777 2697 1927 2766 νόμος
1968 2709 2102 2767 quae

430 2781 626 2851 legem
664 2781 975 2851 signiﬁcat,
1021 2783 1181 2853 apud
1208 2784 1437 2840 Graecos
1466 2783 1796 2840 masculina
1827 2789 1933 2855 est,
1963 2783 2099 2840 ideo

431 2871 853 2927 convenienter
882 2870 996 2927 illis
1024 2870 1182 2927 viros
1213 2872 1477 2939 denotat,
1508 2889 1645 2928 cum
1678 2873 1901 2945 quibus
1927 2873 2098 2945 quasi

430 2975 569 3014 cum
614 2959 753 3015 viris
783 2962 1115 3017 successive
1146 2967 1497 3018 conversata
1538 2966 1625 3017 est
1652 2977 1759 3018 nec
1786 2968 1988 3019 tamen
2017 2962 2096 3019 ab

430 3047 549 3104 ulla
576 3064 781 3106 verum
802 3050 1008 3107 habuit
1024 3050 1299 3107 fructum.
1332 3052 1565 3109 Harum
1589 3054 1782 3123 prima
1804 3052 1934 3117 fuit,
1957 3069 2095 3125 quae

425 3137 568 3194 Adte
587 3138 648 3195 in
672 3139 958 3211 paradiso
983 3140 1199 3197 tradita
1224 3145 1334 3197 est.
1360 3140 1640 3197 Secunda
1663 3157 1871 3198 rursus
1898 3142 2095 3199 eidem

2229 597 2321 641 τοῦ
2376 590 2715 665 πλάπσματος
2769 591 3144 665 λαμϐάνουσιν,
3226 595 3362 655 ὅπως
3420 592 3690 666 ἀξιόλογον
3749 614 3845 668 φα-

2228 684 2334 739 νείη
2384 684 2440 733 τό
2491 682 2723 755 ζήτημα.
2790 687 2892 736 Καὶ
2942 685 3044 757 γὰρ
3078 682 3126 735 ἐν
3167 691 3230 756 τῇ
3261 690 3433 757 γραφῇ
3465 692 3557 737 τοῦ
3598 691 3842 759 Δευτερο-

2224 776 2403 843 νομίου
2480 772 2798 845 παρήγγειλε
2866 779 3119 840 Μωῦσῆς,
3177 773 3260 826 ἵνα
3314 777 3406 832 τὴν
3462 781 3691 844 γυναῖκα
3743 781 3841 827 τοῦ

2223 859 2644 925 τετελευτηκότος
2719 858 2948 925 ἄπαιδος
3025 867 3244 936 γαμήσῃ
3326 862 3481 915 πάλιν
3539 866 3564 916 ό
3619 860 3841 937 ἁδελφὸς

2216 949 2383 1002 αὐτοῦ
2440 969 2451 982 ·
2508 960 2660 1007 τοῦτο
2704 955 2805 1028 γὰρ
2860 949 3033 1019 δηλοῖ,
3088 956 3145 1006 τὸ
3194 952 3639 1027 Ἐπιγαμϐρεύσει
3701 970 3714 984 ·
3744 958 3840 1007 καὶ

2222 1040 2248 1091 ὅ
2296 1042 2356 1092 ἄν
2408 1048 2632 1117 γεννήσῃ
2706 1052 2927 1119 πρῶτον,
2985 1043 3219 1117 ὀνομάσῃ
3306 1050 3460 1096 τοῦτο
3517 1049 3692 1097 τέκνον
3739 1050 3838 1098 τοῦ

2224 1132 2458 1193 θανόντος
2510 1130 2759 1206 ἀδελφοῦ,
2812 1139 2943 1207 πρὸς
2987 1138 3319 1207 μνημόσυνον
3385 1132 3602 1191 ἐκείνου.
3655 1140 3839 1188 Ταῦτα

2220 1224 2310 1293 μὲν
2342 1221 2429 1273 οὖν
2474 1230 2565 1275 τοῦ
2623 1227 2803 1295 νόμου.
2847 1229 3031 1279 Σκόπει
3080 1221 3161 1291 δε,
3220 1228 3272 1276 τί
3330 1223 3475 1277 οὗτοι
3503 1226 3837 1278 κατασκευά-

2222 1311 2404 1371 ζουσιν
2426 1330 2439 1381 ;

2288 1399 2459 1454 Ἦσαν
2521 1433 2591 1443 -
2638 1401 2820 1460 αὐτήν.
2894 1401 3055 1456 Ἑπτὰ
3109 1399 3169 1456 δι
3220 1406 3435 1464 τούτους
3467 1403 3827 1474 ὑποτιθέασιν,

2218 1490 2351 1542 ὥστε
2404 1488 2576 1544 δοκεῖν
2630 1490 2951 1567 ἀπορώτερον
3022 1496 3080 1545 τὸ
3167 1492 3465 1568 πρόϐλημα.
3528 1495 3721 1553 Σκοπὸς
3772 1490 3835 1546 δὲ

2216 1587 2325 1641 τοῖς
2358 1577 2756 1649 Σαδδουκαίοις,
2814 1584 2897 1634 ἶνα
2948 1585 3048 1635 εἶτε
3097 1582 3223 1649 ἰνὸς,
3287 1586 3387 1635 εἴτε
3450 1584 3653 1636 παντων
3705 1579 3831 1635 ἀπο·

2216 1672 2441 1745 κριθείη,
2485 1676 2687 1744 ταχέως
2736 1670 3127 1742 ἁντιθήσουσιν,
3178 1675 3247 1735 ὡς
3299 1671 3408 1725 ἐπεὶ
3458 1675 3622 1745 γάμοι
3649 1670 3828 1739 πάλιν,

2216 1759 2319 1832 ἆρα
2365 1766 2454 1813 καὶ
2499 1765 2820 1833 τέκνογονίαι
2876 1768 2966 1814 καὶ
3021 1758 3396 1837 παιδοτροφίαι
3445 1766 3534 1814 καὶ
3575 1766 3832 1837 πορισμοὶ

2136 1852 2181 1910 Β
2214 1852 2507 1924 χρημάτων
2550 1855 2639 1903 καὶ
2680 1848 2829 1904 δίκαι
2872 1858 2961 1904 καὶ
3013 1852 3226 1923 πόλεμοι
3286 1857 3378 1905 καὶ
3420 1855 3567 1904 νόσοι
3601 1857 3695 1905 καὶ
3739 1853 3831 1905 θά-

2214 1960 2360 1992 νατοι
2402 1940 2576 2007 πάλιν,
2628 1946 2717 1993 καὶ
2774 1943 2945 1994 πάντα
2997 1944 3063 1994 τὰ
3112 1949 3202 1994 τοῦ
3260 1946 3513 2015 παρόντος
3540 1940 3685 2014 βίου,
3736 1943 3832 1994 καὶ

2214 2028 2308 2081 οὐκ
2339 2031 2487 2082 ἔσται
2523 2028 2702 2083 λοιπον
2751 2032 2776 2083 6
2809 2030 2927 2104 βίος
2977 2031 3163 2091 ἐκεῖνος
3212 2032 3381 2107 ἕτερος
3429 2033 3575 2104 παρὰ
3622 2036 3824 2087 τοῦτον.

2212 2119 2273 2172 Εἰ
2314 2118 2366 2171 δ’
2421 2121 2447 2171 6
2487 2119 2644 2181 αὐτὸς
2705 2124 2873 2187 ἔσται,
2933 2126 3068 2182 τίνος
3119 2123 3283 2197 χάριν
3338 2123 3486 2175 ἔσται
3539 2118 3831 2184 ἀνάστασις

2210 2206 2369 2281 ’ῼστι
2395 2209 2489 2261 οὐκ
2514 2211 2663 2262 ἔσται
2692 2212 3002 2272 ἀνάστασις.
3035 2214 3100 2263 Τί
3126 2207 3212 2263 οὖν
3239 2212 3265 2262 6
3297 2215 3565 2285 Χριστός;

2285 2416 2440 2487 [Γυνὴ
2503 2416 2618 2490 (81)
2668 2420 2758 2490 μὲν
2805 2421 2880 2475 εἴη
2936 2418 2996 2468 ἄν
3042 2419 3071 2476 ἡ
3131 2416 3426 2490 ἀνθρωπίνη
3480 2418 3654 2490 φύσις·
3695 2415 3829 2471 έπτὰ

2213 2501 2272 2557 δὲ
2326 2502 2559 2578 ἀδελφοὶ,
2631 2508 2680 2558 οἱ
2750 2509 2885 2559 κατά
2936 2510 3151 2581 καιροὺς
3203 2509 3349 2581 παρὰ
3406 2511 3533 2560 Θεοῦ
3590 2502 3828 2570 δοθέντες

2210 2594 2341 2667 αὐτῇ
2398 2598 2528 2668 πρὸς
2552 2591 2923 2668 παιδαγωγίαν
2977 2601 3066 2648 καὶ
3117 2601 3314 2668 γένεσιν
3364 2604 3574 2670 καρπῶν
3623 2591 3826 2648 δίκαιο-

2213 2687 2374 2748 σύνης
2430 2690 2598 2758 νόμοι,
2650 2686 2745 2752 οἷς,
2800 2688 2868 2746 ὡς
2912 2682 3160 2760 ἀνδράσι,
3218 2688 3352 2739 κατὰ
3406 2681 3678 2758 διαδοχὴν
3710 2685 3827 2758 ὁμι-

2207 2774 2441 2846 λήσασα,
2508 2775 2629 2848 παρ’
2675 2771 2881 2837 οὐδενός
2947 2778 3077 2847 ἔσχε
3135 2779 3333 2850 καρπὸν
3394 2773 3657 2833 ἀληθινόν.
3707 2774 3825 2828 Ὠν

2207 2872 2408 2938 πρῶτος
2454 2868 2566 2937 μὲν,
2618 2866 2644 2916 6
2698 2864 2747 2916 ἓν
2794 2872 2867 2935 τῷ
2924 2861 3233 2939 παραδείσῳ
3265 2861 3439 2928 δοθεὶς
3491 2873 3563 2917 τῶ
3620 2860 3822 2938 Ἀδάμο

2208 2950 2442 3027 δεύτερος
2497 2950 2576 3022 δὲ,
2635 2954 2660 3004 ὁ
2709 2962 2780 3025 τῷ
2831 2954 2971 3025 αὐτῷ
3014 2950 3187 3016 δοθεὶς
3218 2954 3370 3017 αὖθις
3400 2954 3495 3017 ἔξω
3530 2960 3623 3006 τοῦ
3654 2974 3823 3027 παρα-

2208 3040 2409 3111 δείσου,
2444 3042 2492 3094 ἐν
2533 3043 2676 3106 τάξει
2706 3042 2996 3117 ἐπιτιμίων·
3032 3048 3226 3119 τρίτος,
3282 3045 3308 3096 6
3356 3046 3491 3096 κατά
3526 3047 3617 3102 τὴν
3661 3042 3823 3097 κιϐω-

2205 3137 2291 3185 τὸν
2336 3140 2408 3203 τῷ
2452 3139 2567 3186 Νῶε
2620 3129 2807 3193 δοθεὶς·
2854 3138 3121 3208 τέταρτος,
3170 3134 3195 3185 6
3225 3140 3298 3205 τῷ
3337 3132 3576 3208 Ἀϐραὰμ
3622 3129 3817 3206 δοθεὶς³

426 3227 567 3284 data
592 3233 753 3283 extra
783 3229 1133 3301 paradisum
1162 3230 1224 3286 in
1256 3235 1413 3286 statu
1439 3247 1757 3302 poenarum
1786 3231 1921 3304 (zz).
1962 3232 2095 3289 Ter-

2205 3227 2321 3297 περὶ
2377 3230 2469 3282 τῆς
2520 3230 2826 3295 περιτομῆς·
2909 3227 3160 3295 πέμπτος,
3239 3224 3264 3274 6
3308 3230 3377 3293 τῷ
3462 3222 3604 3294 αὐτῷ
3662 3221 3817 3275 πάλιν

425 3316 511 3373 tia
530 3332 667 3389 quae
688 3320 807 3373 Noe
834 3317 976 3374 data
996 3323 1085 3374 est
1109 3320 1184 3375 de
1208 3335 1366 3376 area.
1392 3321 1615 3385 Quarta
1635 3336 1766 3393 quae
1787 3321 2093 3378 Abraham

424 3405 569 3462 data
619 3410 708 3463 est
746 3407 819 3462 de
857 3406 1337 3467 circumcisione.
1385 3407 1600 3476 Quinta
1635 3426 1769 3482 quae
1801 3410 1996 3467 eidem
2023 3412 2094 3467 de

423 3498 588 3553 Isaac
616 3494 1055 3553 immolatione.
1096 3496 1267 3553 Sexta
1296 3513 1430 3571 quae
1462 3499 1636 3555 Mosi.
1677 3501 1936 3571 Septima
1962 3518 2092 3575 quae

420 3600 530 3655 per
576 3586 911 3656 prophetas.
957 3588 1164 3659 Itaque
1212 3586 1521 3645 daemones
1566 3589 1665 3661 qui
1704 3590 1921 3647 docent
1966 3606 2091 3647 non

422 3673 664 3729 credere
706 3676 1222 3743 resurrectionem,
1264 3677 1633 3748 interrogant
1681 3679 1944 3750 maligne
1983 3695 2091 3753 per

420 3762 833 3833 cogitationes.
881 3765 956 3835 Si,
1008 3766 1299 3838 inquiunt,
1346 3766 1547 3824 futura
1586 3773 1677 3826 est
1715 3774 2085 3828 mortuorum

417 3852 788 3919 resurrectio,
819 3854 991 3924 juxta
1020 3871 1197 3927 quam
1226 3856 1445 3912 harum
1476 3862 1705 3931 septem
1744 3859 1949 3931 legum
1978 3861 2086 3918 hu-

417 3956 601 4006 mana
629 3945 770 3999 tunc
800 3947 1015 4001 natura
1044 3945 1488 4003 conversabitur
1514 3946 1543 4001 ?
1576 3953 1638 4005 ut
1668 3947 1716 4004 si
1749 3952 2085 4009 secundum

416 4029 683 4112 aliquam
734 4033 951 4089 harum
1001 4034 1351 4103 dixerimus,
1410 4036 1713 4095 inferant:
1765 4055 1907 4112 ergo
1956 4042 2083 4100 sine

413 4118 609 4177 fructu
634 4120 717 4177 ibi
746 4122 855 4179 erit
881 4126 986 4179 aut
1011 4139 1168 4181 vana
1192 4125 1461 4182 humana
1486 4125 1605 4183 vita
1628 4127 1931 4199 prioribus
1958 4147 2085 4188 rur—

412 4223 515 4264 sus
569 4208 835 4269 obnoxia
882 4212 1078 4271 malis.
1130 4213 1247 4269 Sed
1288 4230 1440 4276 vera
1490 4231 1557 4271 ac
1612 4217 1886 4275 salutaris
1931 4222 2083 4278 ratio

410 4298 643 4370 pietatis
670 4302 973 4359 silentium
1006 4303 1095 4358 his
1120 4302 1397 4375 imponit,
1423 4304 1645 4363 docens
1674 4307 1925 4367 alteram
1949 4328 2081 4369 esse
2128 4342 2131 4343 ν

2113 4447 2161 4503 D

408 4388 598 4446 vitam
650 4395 788 4463 post
830 4392 1344 4452 resurrectionem.
1402 4396 1574 4462 Quod
1618 4398 1667 4455 si
1714 4401 1849 4473 quis
1901 4403 2079 4460 etiam

412 4483 638 4549 septem
673 4480 858 4538 millia
884 4497 1183 4539 annorum
1226 4487 1532 4556 praesentis
1563 4490 1774 4546 mundi
1806 4494 2079 4567 accipiat,

409 4566 533 4622 sive
559 4572 792 4639 septem
826 4571 1046 4628 saecula
1074 4574 1295 4644 quibus
1325 4576 1465 4633 vixit
1494 4578 1813 4637 hominnm
1843 4566 2077 4651 natura,

409 4672 445 4713 a
474 4656 779 4713 verisimili
807 4674 931 4715 non
964 4660 1279 4721 aberrabit.
1314 4666 1539 4723 Nullius
1571 4675 1772 4726 autem
1804 4671 1913 4729 erit
1932 4689 2082 4731 uxor

408 4750 545 4818 post
573 4749 1088 4817 resurrectionem,
1121 4770 1258 4811 cum
1284 4756 1408 4812 haec
1445 4758 1627 4815 ﬁuem
1656 4760 1936 4831 habeant,
1975 4763 2079 4819 sed

407 4834 567 4893 aliud
598 4838 886 4896 saeculum
916 4849 1197 4901 octavum
1220 4849 1387 4918 quod
1408 4847 1591 4905 ﬁnem
1609 4864 1732 4906 non
1753 4850 1955 4919 habet,
1981 4870 2081 4911 ac-

408 4925 584 4999 cipiet
608 4927 792 4986 illam.

474 5018 633 5074 Vers.
669 5021 757 5076 29.
804 5022 1166 5093 Respondens
1210 5056 1279 5067 —
1317 5027 1447 5083 Dei.
1500 5027 1816 5098 Fallimiui,
1860 5036 1925 5090 ut
1969 5034 2073 5107 qui

473 5143 494 5177 ⁷
528 5143 697 5201 Deut.
723 5160 856 5213 xxv,
889 5149 920 5200 5

2202 3316 2320 3386 περὶ
2371 3320 2465 3374 τῆς
2518 3314 2653 3364 κατὰ
2704 3314 2791 3364 τὸν
2844 3312 3030 3366 Ἰσαὰκ
3101 3314 3308 3373 θυσίας·
3370 3312 3539 3385 ἕκτος,
3597 3313 3623 3363 ὁ
3682 3331 3821 3366 κατα

2204 3405 2449 3469 Μωϋσέα,
2484 3406 2574 3453 καὶ
2604 3397 2846 3475 ἕϐδομος,
2890 3403 2915 3454 6
2961 3399 3056 3455 διὰ
3092 3409 3193 3455 τῶν
3223 3410 3517 3477 προφητῶν.
3550 3402 3615 3453 Οἱ
3645 3405 3819 3454 τοίνυν

2200 3492 2295 3547 τὴν
2326 3488 2611 3543 ἀνάστασιν
2656 3488 2852 3543 ἀθετεῖν
2880 3487 3248 3557 διδάσκοντες,
3285 3487 3548 3564 δαίμονες,
3582 3488 3820 3566 ἐρωτῶσι

2199 3580 2470 3641 κακοήθως
2526 3575 2621 3632 διὰ
2658 3587 2757 3631 τῶν
2808 3578 3100 3653 λογισμῶν,
3142 3582 3207 3641 ὡς
3258 3582 3396 3654 εἴπερ
3462 3587 3652 3655 νεκρῶν
3684 3579 3815 3633 ἀνά-

2202 3686 2389 3731 στασις
2429 3671 2595 3739 ἔσται,
2627 3670 2761 3722 κατὰ
2819 3674 2937 3722 τίνα
2990 3678 3089 3723 τῶν
3134 3670 3412 3746 εἰρημένων
3462 3669 3589 3723 έπτὰ
3645 3673 3815 3743 νόμων

2198 3759 2227 3816 ἡ
2310 3757 2605 3831 ἀνθρωπίνη
2692 3761 2846 3831 φύσις
2926 3764 3039 3814 τότε
3118 3759 3597 3829 πολιτευθήσεται;
3676 3757 3810 3827 Ἵνα,

2197 3850 2301 3919 εἴγε
2330 3850 2465 3901 κατά
2520 3867 2635 3901 τινα
2685 3852 2880 3901 τούτων
2939 3858 3129 3922 φῶμεν,
3189 3848 3545 3922 ἐπαγάγωσιν,
3606 3841 3821 3902 Οὐκοῦν⁴

2196 3934 2429 4011 ἄκαρπος
2474 3940 2621 3991 ἔσται
2682 3938 2835 3991 πάλιν
2885 3943 2974 3991 καὶ
3029 3944 3231 4011 ματαία
3273 3940 3303 3997 ἡ
3343 3937 3637 4017 ἀνθρωπίνη
3673 3939 3809 4006 ζωὴ,

2192 4034 2296 4088 τοῖς
2319 4031 2588 4101 προτέροις
2618 4026 2769 4091 αὖθις
2811 4026 3123 4101 ἓνσχεθεῖσα
3152 4034 3353 4092 κακοῖς.
3385 4028 3523 4082 Ἀλλ’
3554 4029 3580 4081 6
3608 4027 3811 4092 ἀληθὴς

2193 4121 2283 4169 καὶ
2334 4122 2588 4191 σωτήριος
2634 4125 2731 4179 τῆς
2789 4110 3050 4179 εὐσεϐείας
3106 4116 3258 4191 λόγος
3308 4106 3634 4192 ἐπιστομίζει
3686 4120 3810 4171 τοὺ-

2193 4225 2330 4275 τους,
2382 4206 2556 4282 ἑτέραν
2614 4207 2743 4260 εἶναι
2798 4208 2931 4268 ζωὴν
2986 4210 3117 4281 μετά
3171 4213 3266 4267 τὴν
3315 4208 3607 4262 ἀνάστασιν
3643 4203 3810 4260 διδά-

2196 4316 2352 4349 σκων.
2385 4297 2446 4349 Εἰ
2477 4292 2537 4349 δὲ
2569 4301 2659 4351 καὶ
2688 4299 2783 4359 τὰς
2826 4297 2954 4351 ἔπτά
2982 4294 3243 4371 χιλιάδας
3281 4307 3380 4351 τῶν
3426 4297 3547 4352 ἐτῶν
3579 4304 3672 4351 τοῦ
3702 4317 3802 4350 πα-

2192 4391 2371 4460 ρόντος
2426 4391 2628 4460 κόσμου
2682 4385 2833 4440 λάϐοι
2892 4408 2994 4454 τις,
3050 4392 3188 4455 ἤτοι,
3247 4393 3363 4450 τοὺς
3416 4389 3543 4442 ἐπτά
3596 4387 3801 4454 αἰῶνας,

2194 4476 2271 4539 οἷς
2324 4476 2557 4550 ὡμίλησε
2608 4485 2708 4529 τῶν
2740 4476 3022 4551 ἀνθρώπων
3077 4480 3106 4537 ἡ
3146 4480 3322 4551 φύσις,
3366 4477 3471 4551 οὐχ
3512 4479 3806 4554 ἁμαρτήσει

2191 4574 2284 4619 τοῦ
2315 4567 2509 4628 εἰκότος
2562 4567 2702 4641 (82),
2772 4568 2839 4620 ὧν
2899 4564 3112 4630 οὐδενὸς
3168 4571 3318 4622 ἔσται
3375 4573 3501 4642 γυνὴ
3551 4570 3683 4643 μετὰ
3707 4573 3803 4628 τὴν

2193 4652 2504 4727 ἀνάστασιν,
2560 4660 2756 4710 τούτων
2812 4660 2903 4732 μὲν
2958 4662 3115 4734 πέρας
3167 4656 3445 4726 λαϐόντων,
3514 4658 3686 4734 ἑτέρου
3742 4655 3803 4711 δὲ

2192 4744 2531 4806 ἀτελευτήτου
2606 4755 2697 4801 τοῦ
2782 4744 2975 4820 ὀγδόου
3060 4748 3240 4811 αἰῶνος
3309 4747 3799 4823 παραλαμϐάνοντος

2191 4836 2402 4911 αὐτὴν.]

2263 5033 2591 5107 Ἀποκριθεὶς
2645 5064 2713 5077 -—
2754 5042 2908 5092 Θεοῦ.
2970 5035 3261 5103 Πλανᾶσθε,
3320 5033 3386 5096 ὡς
3439 5038 3511 5107 μὴ
3569 5042 3796 5098 νοοῦντες

1615 5332 1843 5406 Variae
1889 5335 2219 5411 lectiones
2246 5348 2327 5408 et
2371 5346 2575 5409 noto".

474 5517 591 5590 (81)
621 5521 763 5600 Quae
924 5520 1290 5605 inclusimus.
1323 5540 1395 5581 ea
1433 5524 1658 5605 incod.
1707 5534 1755 5588 Α
1790 5530 2073 5605 leguntur

795 5591 1259 5677 tribpunturque
1283 5601 1496 5677 sancto
1509 5587 2069 5677 Maximo,ctijusin:

405 5663 854 5731 terpretationes
874 5663 1181 5737 pleneque
1195 5682 1401 5723 omnes
1423 5663 1787 5743 allegoricae;
1801 5663 2070 5734 obscurae

471 5786 586 5859 (zz)
610 5786 684 5842 In
712 5792 876 5845 statu
900 5804 1235 5860 poenarum.
1268 5787 1640 5853 Pcenae'loco.

2181 5540 2358 5620 atque
2386 5538 2670 5620 tortuosae
2695 5539 2853 5620 sunt.
2882 5537 3121 5620 _Avertat
3146 5538 3306 5594 Deus
3333 5538 3395 5594 in
3420 5544 3733 5610 posterum
3761 5555 3799 5595 a

2179 5607 2386 5679 litteris
2421 5608 2607 5665 sacris
2634 5607 2785 5665 tales
2810 5607 3189 5679 interpretes.

2251 5676 2367 5751 (82)
2399 5684 2622 5745 Σκοποῦ,
2658 5695 2762 5751 pro
2795 5676 3007 5748 εἰκότος,
3039 5680 3104 5734 Α.
