4178 6386
256 410 358 469 581

255 539 347 597 τὰς
403 533 609 608 Γραφὰς
666 532 762 593 τὰς
831 531 1175 603 προφητικὸις,
1238 529 1430 589 αἵτινες
1496 524 1554 577 ού
1604 523 1871 585 τοιαύτην,
1909 524 1949 571 Α

256 626 373 679 οἷαν
427 619 836 694 ὑπολαμϐάνετε,
898 617 1313 692 δογματίζουσιν
1368 616 1677 669 ἀνάστασιν.
1739 610 1873 665 Πλα-

254 716 418 768 νασθε
466 707 526 764 δε
570 716 683 777 καὶ,
736 712 802 771 ὡς
845 714 916 782 μὴ
971 705 1167 771 εἰδότες
1198 714 1285 767 τὴν
1319 704 1541 778 δύναμιν
1572 711 1664 756 τοῦ
1716 709 1872 762 Θεοῦ,

258 808 354 861 τὴν
407 802 707 873 ἰσχύουσαν
754 799 1057 858 ἀναστῆσαι
1104 802 1229 860 τοὺς
1284 800 1494 871 νεκροὺς
1553 798 1718 866 χωρὶς
1774 790 1875 843 τῶν

260 895 526 967 προτέρων
548 893 786 962 σχέσεων
817 895 907 942 καὶ
927 891 1105 941 παθῶν
1120 934 1132 945 .

336 982 422 1034 Ἐν
471 1010 545 1023 -
602 980 998 1053 ἐκγαμίζονται,
1076 982 1209 1031 Οὔτε
1259 984 1523 1049 γαμοῦσιν
1571 976 1621 1026 οἱ
1669 967 1874 1045 ἄνδρες,

264 1070 380 1125 ούτε
444 1070 822 1143 ὶκγαμίζονται
874 1071 929 1121 αἱ
974 1076 1235 1141 γυναῖκες,
1280 1069 1544 1119 τουτέστιν
1604 1062 1662 1115 ού
1723 1061 1877 1113 συνά-

262 1180 479 1214 πτονται
536 1156 816 1234 ἀνδράσιν,
876 1161 945 1221 ὡς
998 1163 1070 1232 μὴ
1103 1161 1269 1219 οῦσης
1307 1155 1411 1208 ἐκεῖ
1450 1158 1682 1227 σχέσεως
1710 1169 1875 1223 γαμι-

262 1259 380 1313 κῆς.
429 1252 582 1323 Παρὰ
612 1247 673 1303 δε
718 1258 791 1302 τῶ
850 1254 1031 1319 Λουκᾷ
1074 1249 1415 1323 προσέθηκεν,
1462 1246 1541 1297 ὃτι
1572 1245 1703 1295 Οὔτε
1748 1241 1873 1293 ἀπο»

264 1343 434 1393 θανεῖν
486 1343 562 1393 ἔτι
606 1336 879 1407 δύνοὶνται,
934 1335 1208 1405 δεικτύων,
1254 1339 1324 1398 ὡς
1372 1337 1397 1387 6
1446 1336 1609 1407 γάμος
1657 1327 1752 1383 διὰ
1790 1331 1874 1381 τὸν

262 1433 486 1483 θάνατον
567 1433 789 1502 γειονεν,
884 1427 995 1481 ἀντὶ
1072 1436 1172 1481 τῶν
1254 1425 1601 1478 τελευτώντων
1678 1420 1875 1493 ἐτέρους

260 1520 694 1575 ύποϐλαστάνων.
744 1518 917 1571 "On-ou
976 1515 1037 1571 δε
1094 1519 1311 1579 θάνατος
1364 1514 1459 1567 οῦκ
1520 1516 1681 1579 ἔστιν,

256 1612 433 1683 γάμος
456 1610 658 1665 λοιπὸν.

329 1699 471 1753 Ἀλλ’
524 1730 594 1741 —
642 1697 772 1755 εἰσι.
841 1702 967 1773 Περὶ
1016 1700 1184 1770 μόνων
1230 1704 1331 1748 τῶν
1382 1691 1603 1748 δικαίων
1654 1691 1876 1745 ἐνταῦθα

259 1790 424 1861 λέγει,
471 1791 554 1841 ὅτι
599 1796 691 1841 τοῦ
741 1787 925 1841 λοιποῦ
967 1790 1033 1848 ὡς
1084 1785 1295 1858 ἄγγελοί
1344 1785 1495 1850 εἰσιν,
1538 1785 1674 1836 κατὰ
1715 1784 1773 1834 τὸ
1819 1779 1873 1832 r2-

261 1882 420 1940 n'ae‘e;
461 1884 554 1931 καὶ
593 1874 927 1950 ἀφιλήδονον,
974 1879 1049 1929 ἔτι
1091 1872 1150 1930 δε
1191 1880 1281 1927 καὶ
1328 1877 1462 1927 κατὰ
1510 1877 1567 1925 τὸ
1616 1870 1875 1946 ἀκήρατον

263 1974 355 2022 καὶ
414 1964 715 2040 φωτοειδές.
769 1970 839 2022 Τὸ
916 1963 996 2035 δε,
1053 1965 1142 2027 Ὡς
1213 1964 1424 2037 ἄγγελοι
1478 1971 1570 2017 τοῦ
1628 1969 1762 2017 Θεοῦ
1829 1959 1877 2013 ἄν

263 2058 491 2131 οὐρανῷ,
544 2055 657 2110 ἀντὶ
708 2064 823 2126 τοῦ,
854 2058 920 2117 ὡς
969 2054 1181 2128 ἄγγελοι
1227 2063 1319 2107 τοῦ
1379 2061 1536 2120 Θεοῦ,
1592 2054 1643 2105 οἱ
1693 2051 1741 2104 ἄν
1793 2050 1879 2103 ού-

264 2156 431 2223 ρανῷ.
474 2150 626 2199 Οὕτω
656 2146 770 2218 (83)
818 2147 918 2218 γὰρ
949 2142 1084 2198 εἶπεν
1128 2146 1154 2197 6
1194 2147 1427 2218 Μάρκος.
1481 2147 1689 2203 Λουκᾶς
1720 2136 1781 2192 6":
1819 2141 1877 2190 τὸ

273 2237 454 2307 μεῖζὸν
502 2256 677 2309 φησιν,
750 2237 832 2288 ὃτι
876 2240 977 2289 Καὶ
1039 2237 1145 2287 υἱοί
1211 2236 1341 2287 εἶσιν
1412 2240 1505 2286 τοῦ
1570 2239 1725 2297 Θεοῦ,
1785 2236 1880 2288 τῆς

276 2323 599 2387 ἀναστάσεως
684 2326 792 2378 υἱοί
882 2328 1043 2393 ὄντες,
1134 2327 1424 2389 τουτέστιν,
1520 2321 1881 2393 ἀναγεννηθέν-

268 2433 346 2475 τις
402 2412 497 2468 διὰ
559 2412 651 2475 τῆς
721 2416 1075 2481 ἀναστάσεως,
1141 2415 1259 2476 ἣτις
1324 2413 1436 2466 ἐστὶ
1488 2411 1876 2483 παλιγγενεσία.

264 2510 393 2579 Περὶ
433 2514 533 2556 τῶν
567 2503 788 2557 δικαίων
832 2506 932 2579 γὰρ
970 2507 1173 2577 εἴρηται
1214 2503 1334 2575 παρ’
1390 2502 1531 2573 αύτῷ
1571 2506 1662 2554 καὶ
1701 2504 1781 2569 τὸ,
1814 2501 1880 2552 Οὶ

266 2590 327 2646 δὲ
378 2593 786 2656 καταξιωθέντες
833 2602 927 2645 τοῦ
957 2595 1137 2655 αἰῶνος
1186 2591 1378 2645 ἐκείνου
1420 2598 1604 2664 τυχεῖν
1652 2595 1743 2643 καὶ
1785 2597 1880 2651 τῆς

262 2682 601 2744 ἀναστάσεως
626 2691 720 2747 τῆς
752 2683 809 2736 ἐκ
836 2691 1045 2757 νεκρῶν,
1069 2687 1159 2735 καὶ
1186 2686 1253 2736 τὰ
1282 2682 1420 2745 ἑξῆς.

1751 1506 1873 1562 οὐδὲ

1906 1832 1948 1886 Β

750 2237 832 2288 ὃτι
876 2240 977 2289 Καὶ
1039 2237 1145 2287 υἱοί

1134 2327 1424 2389 τουτέστιν,

337 2932 379 3008 [’
409 2940 453 2986 Η
499 2932 613 3005 (84)
670 2942 771 2985 τῶν
842 2931 1069 3006 ἀγγέλων
1116 2936 1273 3007 φύσις
1327 2937 1421 2993 τὴν
1470 2932 1541 2996 εἰς
1590 2932 1740 3008 ἄρρεν
1786 2933 1877 2983 καὶ

271 3023 404 3081 θῆλυ
475 3020 735 3098 ὃιαιρεσιν
792 3021 885 3075 οῦκ
940 3019 1265 3096 ἐπιδέχεται,
1333 3020 1470 3076 διότι
1531 3030 1626 3084 τῆς
1694 3024 1879 3082 θνητῆς

272 3114 480 3186 φύσεως
530 3114 560 3171 ἡ
611 3114 830 3172 τοιαύτη
886 3108 1169 3186 διαίρεσις,
1220 3113 1304 3165 οἷα
1345 3120 1441 3175 τῆς
1486 3111 1599 3185 (85)
1650 3107 1745 3164 διὰ
1786 3118 1878 3164 τοῦ

264 3203 442 3275 γάμου
500 3198 847 3265 παιδοποιΐας
898 3206 957 3255 τὸ
1020 3199 1113 3255 διὰ
1166 3210 1259 3255 τοῦ
1310 3204 1531 3256 θανάτον
1580 3205 1878 3274 κενούμενον

267 3290 696 3366 ἀναπληρούσης]
709 3334 723 3348 .

338 3385 467 3453 Περὶ
530 3411 601 3419 —
660 3377 887 3445 Ἰακώϐ,·
930 3376 1242 3453 Ἐπειδηπερ
1306 3378 1489 3432 ἐκεῖνοι
1564 3381 1650 3432 τὸν
1722 3386 1881 3432 Mani-

267 3474 361 3522 σέα
397 3468 767 3544 προεϐάλοντο,
813 3468 993 3521 λοιπὸν
1036 3474 1126 3521 καὶ
1170 3468 1327 3532 αὐτὸς
1371 3468 1472 3521 ἀπὸ
1516 3477 1612 3531 τῆς
1654 3477 1878 3523 Μωσαῑ-

263 3568 361 3622 κῆς
406 3569 614 3632 γραφῆς
670 3562 881 3620 τούτους
929 3557 1276 3632 ἕπιστομίζει.
1333 3559 1414 3611 Ἐν
1456 3568 1517 3633 τῇ
1565 3558 1730 3632 βίϐλῳ
1774 3562 1875 3636 γὰρ

260 3658 358 3711 τῆς
407 3645 631 3711 Ἐξὸδου
679 3652 745 3701 τὰ
790 3650 1015 3723 ῥηθέντα
1056 3654 1368 3724 γέγραπται.
1421 3654 1520 3703 Καὶ
1573 3654 1755 3702 σκόπει
1789 3654 1877 3703 τὸν

260 3738 435 3810 λόγον⁹
474 3739 607 3811 Ἐγώ
639 3738 746 3810 εἰμι
790 3740 816 3790 6
844 3742 975 3801 Θεὸς
1005 3737 1264 3813 Ἀϐραὰμ,
1315 3744 1405 3791 καὶ
1444 3740 1469 3791 6
1520 3743 1647 3801 Θεὸς
1674 3740 1874 3810 Ἰσαὰκ,

260 3833 353 3893 καὶ
410 3831 437 3879 6
491 3827 857 3899 ΘεὸςἹακὼϐ,
920 3828 979 3881 ού
1032 3838 1132 3881 τῶν
1183 3832 1349 3888 πάντη
1406 3838 1615 3904 νεκρῶν·
1680 3830 1723 3883 εἰ
1775 3833 1875 3904 γὰρ

263 3920 432 3976 πάντη
476 3923 648 3993 νεκροὶ
692 3914 847 3987 ἦσαν,
900 3916 1035 3971 εἶπεν
1086 3921 1168 3984 ἄν,
1222 3921 1302 3971 ὅτι
1332 3919 1462 3991 Ἐγὼ
1496 3920 1633 3993 ἢμην
1664 3922 1690 3972 6
1735 3925 1871 3980 Θεὸς·

261 4006 371 4060 ἐπεὶ
405 4004 466 4060 δε
498 4004 657 4077 εἶπεν,
709 4008 945 4080 ὅτιἘγώ
994 4009 1099 4081 εἰμι
1145 4011 1172 4061 ό
1217 4012 1361 4079 Θεὸς,
1394 4005 1604 4077 ἔδειξεν,
1656 4011 1735 4063 ὅτι
1778 4018 1877 4061 τῶν

263 4096 558 4156 ἀναστῆναι
627 4096 931 4169 μελλόντων.
999 4096 1199 4173 Ὠσπερ
1282 4101 1383 4172 γὰρ
1467 4100 1494 4150 6
1565 4096 1760 4172 Ἀδὰμ,
1836 4100 1879 4152 εἰ

259 4192 350 4240 καὶ
405 4186 527 4260 (86)
568 4188 658 4250 ἔζη
702 4189 835 4259 μετὰ
872 4192 967 4245 τὴν
1017 4186 1118 4240 ἀπὸ
1168 4196 1259 4240 τοῦ
1313 4188 1464 4251 ξύλου
1496 4187 1688 4241 ἐκείνου
1731 4188 1877 4265 βρῶ-

262 4296 367 4348 σιν,
411 4275 524 4328 ἀλλ’
569 4272 657 4329 οὖν
702 4275 751 4328 έν
848 4279 1018 4351 ἡμέρᾳ
1052 4280 1224 4351 ἔφαγε,
1263 4280 1476 4337 τέθνηκε
1520 4287 1582 4351 τῇ
1620 4278 1878 4351 ἀποφάσει

1211 396 1581 459 COMMENT.
1625 394 1694 452 IN
1732 374 2167 449 MA'I'I'I'i/EUM.
2211 421 2279 431 —
2318 386 2471 447 CAP.
2516 374 2689 445 XXII.

1912 3030 2277 3113 Cfeminam
2347 3045 2471 3085 non
2540 3028 2813 3100 suscipit,

3535 379 3642 443 582

1984 533 2106 575 non
2138 516 2459 587 intelligitis
2512 514 2887 589 propheticas
2937 514 3268 587 Scripturas
3320 531 3457 588 quas
3517 531 3641 572 non

1984 607 2186 677 talem,
2242 606 2486 679 qualem
2534 622 2635 662 vos
2693 604 3105 677 suspicamini,
3172 605 3390 661 docent
3453 622 3644 663 resur-

1985 699 2351 754 rectionem:
2410 702 2467 752 et
2528 696 2707 753 veluti
2775 696 3121 765 ignorantes
3188 695 3467 752 virtutem
3520 698 3639 763 Dei,

1985 804 2115 860 quae
2169 784 2837 843 mortuos'resuscitare
2896 790 3109 858 potest,
3163 787 3290 841 sine
3340 786 3641 859 prioribus

1984 876 2295 933 habilibus
2319 880 2375 932 et
2395 874 2727 932 affectibus.

2062 969 2217 1022 Vers.
2270 970 2358 1021 30.
2420 966 2485 1020 In
2520 996 2587 1005 —
2634 966 2855 1034 nuptui
2912 964 3250 1022 tradentur.
3285 968 3485 1039 Neque
3538 966 3644 1023 viri

1987 1054 2442 1113 matrimonium
2513 1053 2882 1118 contrahent,
2943 1070 3139 1127 neque
3200 1054 3477 1111 mulieres
3536 1072 3645 1112 nu-

1986 1146 2115 1219 ptui
2137 1144 2462 1209 tradentur,
2491 1143 2604 1200 hoc
2633 1148 2869 1210 est,non
2901 1144 3345 1216 conjungentur
3371 1145 3532 1212 viris,
3560 1150 3646 1202 ut-

1987 1239 2123 1308 pote
2141 1250 2262 1291 non
2284 1232 2691 1291 exsistenteibi
2704 1232 2920 1290 affectu
2936 1233 3207 1306 nuptiali.
3228 1234 3398 1307 Apud
3423 1237 3642 1291 Lucam

1985 1330 2187 1383 autem
2226 1323 2499 1380 addidit:
2540 1323 2742 1395 Neque
2788 1323 3048 1392 amplius
3078 1326 3231 1379 mori
3254 1328 3532 1393 poterunt
3581 1326 3642 1392 II;

1983 1414 2303 1471 ostendens
2351 1413 2517 1486 quod
2578 1413 2799 1485 nuptiae
2842 1418 3086 1485 propter
3146 1419 3399 1470 mortem
3474 1414 3644 1471 factas

1985 1509 2142 1569 sunt,
2202 1508 2264 1559 ut
2303 1502 2435 1558 loco
2493 1507 2863 1559 mortuorum
2915 1502 3017 1559 alii
3074 1509 3482 1573 generentur;
3544 1503 3646 1559 ubi

1985 1599 2184 1649 autem
2226 1608 2349 1648 non
2403 1596 2493 1647 est
2547 1608 2728 1660 mors,
2785 1592 2913 1662 jam
2977 1608 3173 1665 neque
3216 1592 3442 1666 nuptiae
3488 1598 3644 1649 sunt.

2059 1685 2215 1739 Vers.
2250 1686 2338 1739 30.
2365 1682 2486 1738 Sed
2514 1713 2578 1722 —
2610 1687 2799 1739 erunt.
2849 1684 2924 1736 De
2958 1681 3295 1753 solisjustis
3343 1682 3482 1739 dicit
3528 1681 3645 1751 hic,

1985 1774 2144 1845 quod
2172 1772 2456 1844 deinceps
2498 1770 2677 1844 quasi
2737 1771 2935 1841 angeli
2994 1776 3184 1838 erunt,
3240 1779 3536 1844 quantum
3568 1771 3647 1829 ad

1985 1860 2369 1918 aﬂ‘ectionum
2395 1877 2465 1916 ac
2509 1859 2884 1931 voluptatum
2928 1860 3251 1916 carentium
3283 1879 3300 1932 ;
3360 1865 3650 1934 praeterea

1986 1951 2166 2007 etiam
2215 1950 2421 2023 quoad
2477 1949 2990 2006 immortalitatem
3056 1950 3374 2023 lucemque
3444 1966 3651 2022 perpe-

1987 2044 2152 2097 tuam
2227 2040 2327 2112 (a).
2387 2040 2557 2105 Quod
2641 2043 2840 2095 autem
2927 2039 3110 2094 dicit:
3198 2039 3371 2111 quasi
3452 2038 3648 2111 angeli

1990 2131 2090 2185 Dei
2120 2131 2178 2185 in
2212 2129 2382 2198 cmlo,
2413 2129 2529 2185 hoc
2572 2133 2681 2195 est,
2716 2127 2892 2200 quasi
2959 2129 3157 2197 angeli
3193 2128 3311 2199 Dei,
3368 2128 3472 2199 qui
3512 2132 3651 2183 sunt

1987 2218 2049 2275 in
2099 2218 2268 2275 ccelo.
2331 2218 2418 2273 Ita
2471 2217 2631 2272 enim
2697 2216 2846 2272 dixit
2898 2216 3133 2271 Marcus
3185 2219 3228 2268 ο.
3275 2216 3463 2273 Lucas
3509 2232 3650 2272 vero

1987 2308 2154 2382 quod
2244 2307 2443 2379 majus
2503 2311 2588 2362 est
2650 2305 2834 2361 dicit:
2894 2305 2967 2362 Et
3014 2307 3131 2375 filii
3178 2312 3343 2361 erunt
3402 2308 3508 2363 Dei
3578 2307 3646 2375 ¹⁰,

1988 2414 2126 2453 cum
2160 2398 2424 2453 futurum
2466 2396 2556 2461 sit,
2604 2399 2667 2450 ut
2706 2394 2823 2450 sint
2858 2394 2964 2451 ﬁlii
3010 2395 3476 2461 resurrectionis,
3535 2394 3651 2451 hoc

1989 2492 2095 2552 est,
2151 2485 2483 2557 regenerati
2534 2500 2637 2556 per
2693 2486 3185 2540 resurrectionem
3229 2502 3361 2558 qua:
3420 2489 3506 2540 est
3548 2485 3651 2540 ite-

1988 2581 2120 2633 rata
2167 2575 2492 2647 generatio.
2538 2577 2616 2630 De
2660 2573 2841 2645 justis
2879 2574 3041 2630 enim
3091 2574 3273 2630 etiam
3318 2574 3395 2630 ab
3444 2590 3516 2630 eo
3569 2574 3653 2630 di-

1987 2672 2148 2722 ctum
2179 2671 2270 2721 est
2316 2687 2328 2719 :
2366 2666 2480 2732 Qui
2522 2679 2658 2721 vero
2689 2663 2856 2735 digni
2911 2664 3308 2732 habebuntur,
3364 2668 3428 2720 ut
3478 2680 3649 2721 saecu-

1989 2756 2113 2811 lum
2135 2755 2289 2811 illud
2318 2760 2756 2825 consequantur
2781 2759 2835 2809 et
2866 2754 3357 2811 resurrectionem
3402 2769 3476 2812 ex
3495 2770 3649 2810 mor-

1987 2844 2103 2900 tuis
2129 2845 2195 2910 υ,
2228 2848 2334 2901 etc.

2058 2943 2101 3011 -ιι
2131 2940 2485 3012 Angelorum
2516 2944 2731 2996 natura
2751 2938 3109 2995 divisionem
3141 2939 3199 2995 in
3231 2939 3571 2996 masculum
3596 2945 3654 2997 et

2899 3028 3037 3099 quia
3089 3028 3358 3084 mortalis
3416 3034 3651 3085 naturae

1987 3124 2076 3176 est
2109 3118 2447 3190 hujusmodi
2495 3117 2731 3182 divisio,
2792 3121 2854 3173 ut
2911 3132 3016 3189 per
3064 3116 3322 3173 ﬁliorum
3376 3133 3649 3189 procrea-

1985 3210 2230 3275 tionem,
2263 3224 2399 3282 qum
2424 3208 2483 3264 in
2513 3207 2737 3280 nuptiis
2761 3210 2866 3272 est,
2908 3205 3134 3279 repleat
3180 3206 3241 3262 id
3264 3206 3429 3280 quod
3453 3211 3642 3264 morte

1987 3303 2333 3357 evacuatur.

2058 3409 2219 3463 Vers.
2247 3410 2332 3463 31.
2365 3407 2443 3463 De
2470 3436 2538 3445 —
2568 3404 2735 3461 Vers.
2776 3406 2864 3460 32.
2892 3405 3070 3462 Jacob
3101 3404 3129 3460 ‘l
3154 3402 3309 3472 Quia
3338 3404 3419 3460 illi
3445 3407 3646 3462 Mosen

1985 3496 2351 3569 objecerunt,
2373 3496 2503 3567 jam
2532 3496 2711 3551 etiam
2770 3494 3037 3550 Mosaica
3082 3494 3383 3566 Scriptura
3442 3510 3651 3551 eorum

1986 3586 2250 3642 obdurat
2269 3601 2394 3642 ora.
2426 3586 2491 3640 In
2517 3584 2671 3641 libro
2704 3584 2863 3641 enim
2914 3584 3100 3640 Exodi
3130 3584 3350 3655 scripta
3380 3588 3521 3640 sunt
3578 3586 3646 3651 1³,

1984 3692 2121 3749 quas
2177 3675 2271 3730 hic
2327 3674 2629 3731 dicuntur.
2678 3677 2746 3730 Et
2795 3674 3107 3730 considera
3152 3674 3472 3739 rationem,
3521 3674 3652 3745 Ego

1982 3781 2110 3822 sum
2144 3767 2302 3822 Deus
2329 3765 2663 3829 Abraham,
2697 3768 2749 3822 et
2790 3764 2943 3822 Deus
2982 3765 3146 3821 Isaac
3175 3770 3229 3820 et
3260 3765 3416 3820 Deus
3442 3764 3649 3832 Jacob,

1985 3871 2108 3910 non
2149 3856 2384 3927 penitus
2434 3860 2843 3923 mortuorum;
2872 3870 3015 3910 nam
3047 3854 3095 3908 si
3141 3853 3381 3926 penitus
3432 3853 3654 3913 mortui

1984 3944 2255 4008 fuissent,
2297 3944 2542 4000 dixisset
2580 3946 2783 4015 utique
2826 3960 2839 3999 :
2886 3944 3007 4012 Ego
3052 3957 3217 3999 eram
3258 3943 3450 4014 Deus;
3489 3958 3653 4000 nunc

1986 4038 2188 4090 autem
2230 4032 2375 4104 quia
2412 4032 2583 4096 dixit,
2618 4032 2748 4104 Ego
2777 4046 2907 4086 sum
2935 4031 3089 4088 Deus
3132 4030 3468 4101 Abraham,
3513 4036 3650 4098 etc.,

1987 4122 2249 4180 ostendit
2289 4121 2456 4194 quod
2486 4138 2696 4178 eorum
2727 4120 2832 4194 qui
2862 4120 3253 4176 resurrecturi
3281 4122 3468 4187 erant,
3510 4124 3650 4177 tan-

1988 4229 2168 4285 quam
2195 4211 2487 4279 vivorum,
2514 4211 2669 4267 Deus
2695 4213 2876 4267 esset.
2905 4210 3071 4265 Sicut
3090 4208 3250 4265 enim
3270 4209 3486 4276 Adam,
3514 4209 3656 4267 licet

1985 4302 2226 4358 vivebat
2288 4306 2422 4374 post
2470 4300 2617 4370 ligni
2670 4300 2828 4356 illius
2880 4315 3070 4365 esum,
3127 4302 3393 4354 attamen
3443 4298 3506 4353 in
3554 4298 3652 4357 die

257 4376 349 4427 τῆς
378 4366 647 4428 τελευτῆς.
693 4366 828 4419 οὓτω
877 4372 966 4419 καὶ
1012 4367 1177 4435 οὗτοι,
1230 4368 1272 4420 εἰ
1320 4373 1409 4421 καὶ
1449 4367 1722 4439 ἀπέθανον,
1768 4368 1875 4422 ἀλλ’

1995 4408 2109 4465 quo
2137 4392 2419 4459 comedit,
2454 4396 2727 4447 mortuus
2755 4395 2844 4446 est
2870 4404 2976 4461 per
3004 4388 3214 4445 mortis
3245 4389 3602 4445 sententiam
3635 4407 3648 4447 :

256 4453 345 4508 οὖν
373 4457 530 4526 rem,
552 4463 616 4528 τῇ
646 4457 941 4528 ὑποσχέσει
971 4465 1065 4520 τῆς
1097 4455 1453 4521 ἀναστάσεως.

326 4654 444 4712 Ούκ
499 4685 569 4694 -
622 4654 847 4715 ζώντων.
902 4653 960 4707 Ὀ
1004 4658 1093 4727 μὲν
1146 4656 1249 4728 γὰρ
1308 4660 1446 4721 Θεὸς,
1503 4664 1570 4708 ῶν
1618 4662 1709 4708 καὶ
1752 4656 1874 4717 ζῶν·

256 4746 280 4796 6
337 4741 398 4797 δὲ
447 4748 649 4818 νεκρὸς,
710 4745 804 4797 οὐκ
834 4749 902 4797 ὧν
955 4750 1044 4798 καὶ
1092 4745 1151 4797 οῦ
1198 4744 1317 4806 ζῶν.
1356 4750 1456 4799 Καὶ
1504 4751 1607 4819 μὴν
1644 4746 1878 4821 ἀλλαχοῦ

254 4839 572 4909 γέγραπται,
645 4833 755 4888 Ἵνα
810 4839 902 4887 καὶ
962 4843 1149 4911 νεκρῶν
1199 4841 1289 4887 καὶ
1339 4835 1542 4897 ζώντων
1599 4841 1876 4913 κυριεύσῃ.

258 4924 418 4978 Ἀλλὰ
475 4923 632 4978 κίικεί
681 4928 897 5001 νεκροὺς
949 4930 1074 4993 νόει,
1112 4930 1242 4989 τοὺς
1301 4925 1639 5000 μὰναστῆναι
1703 4926 1878 4983 έλλονὲ

326 5135 349 5168 ⁸
390 5134 534 5189 an.
558 5148 661 5200 xx,
694 5136 783 5190 36.
899 5135 919 5169 ³
945 5134 1120 5191 Marc.
1150 5149 1251 5200 xu,
1278 5138 1366 5193 25.

1482 5136 1531 5205 ἕο
1559 5136 1700 5193 Luc.
1732 5153 1823 5203 xx,
1862 5137 1956 5196 36.

1988 4482 2070 4537 sic
2102 4486 2158 4538 et
2184 4481 2279 4538 isti
2309 4496 2667 4553 quanquam
2715 4480 2932 4536 mortui
2963 4484 3150 4545 erant,
3191 4483 3456 4535 attamen
3488 4479 3658 4537 vive-

1988 4573 2134 4629 bant
2163 4588 2267 4643 per
2291 4569 2739 4626 resurrectionis
2769 4569 3257 4643 promissionem.

2062 4663 2219 4717 Vers.
2246 4665 2332 4717 3'2.
2356 4661 2487 4717 Non
2511 4690 2579 4701 -—
2602 4661 2943 4717 viventium.
2968 4662 3120 4715 Deus
3142 4658 3441 4731 siquidem
3464 4664 3650 4725 etest,

1989 4757 2046 4809 et
2097 4750 2237 4807 vivit
2282 4767 2295 4806 :
2351 4756 2621 4807 mortuus
2666 4766 2803 4806 vero
2830 4766 2938 4806 nec
2965 4754 3073 4817 est,
3107 4765 3217 4805 nec
3260 4749 3421 4805 vivit.
3475 4749 3653 4821 Atqui

1990 4840 2129 4899 alibi
2168 4840 2453 4913 scriptum
2503 4844 2589 4896 est
2624 4861 2635 4893 :
2677 4840 2749 4897 Ut
2778 4848 2831 4896 et
2859 4846 3234 4897 marmorum
3279 4842 3333 4894 et
3382 4838 3652 4896 vivorum

1989 4931 2328 4989 dominetur
2348 4932 2416 4984 1³.
2442 4929 2561 4986 Sed
2579 4929 2663 4986 ibi
2683 4946 2926 5003 quoque
2948 4934 3219 4986 mortuos
3242 4927 3501 4999 intelligo
3522 4943 3651 4995 eos,

2024 5174 2029 5179 .
2070 5138 2113 5173 υ
2157 5136 2303 5194 Ibid.
2334 5138 2427 5192 35.
2542 5137 2589 5172 ¹²
2623 5135 2804 5194 Exod.
2838 5152 2916 5208 in,
2952 5138 3005 5192 6.
3115 5135 3163 5173 ¹³
3195 5137 3363 5191 Rom:
3394 5146 3517 5189 xlv.
3590 5132 3647 5186 9.

1480 5314 1711 5384 Variae
1739 5300 2069 5384 lectiones
2106 5323 2179 5383 et
2210 5324 2416 5383 notae.

320 5539 438 5680 283)
473 5540 650 5610 Urget
676 5553 822 5608 ergo
848 5537 1169 5596 articulum
1190 5541 1240 5592 οἱ
1268 5540 1431 5611 apud
1452 5542 1733 5597 Marcum.

347 5610 440 5680 84)
482 5610 718 5668 Inclusa
761 5608 955 5668 codex
984 5620 1234 5680 uterque
1265 5612 1329 5668 in
1359 5613 1631 5680 margine
1670 5613 1733 5668 ha

347 5608 440 5682 84)
482 5608 718 5668 Inclusa
761 5608 955 5668 codex
984 5620 1234 5684 uterque
1265 5608 1329 5668 in
1359 5613 1631 5683 margine
1670 5612 1867 5669 habet.

322 5792 428 5863 (a).
444 5788 728 5855 Φωτοειδές
744 5806 873 5849 non
896 5795 987 5848 est
1004 5792 1116 5848 lux
1128 5797 1435 5863 perpetua,
1456 5794 1563 5847 sed
1598 5762 1883 5847 iucidum.
1932 5759 1937 5763 ε

2049 5540 2166 5682 ἱ85)
2198 5538 2421 5609 Malim,
2463 5535 2548 5592 οἶα
2588 5534 2681 5593 διὰ
2710 5548 2818 5599 τῆς.

2075 5614 2166 5682 86)
2208 5612 2383 5676 Εἰκὸς,
2438 5628 2547 5682 pro
2602 5611 2644 5663 εἰ
2693 5616 2782 5663 καί

2075 5614 2166 5682 86)
2208 5612 2383 5676 Εἰκὸς,
2438 5628 2547 5683 pro
2602 5611 2644 5663 εἰ
2693 5616 2782 5663 καί
2826 5612 2895 5663 Α.
