4178 6380
517 338 623 397 583

1842 305 2194 372 EUTHYMII
2235 304 2572 362 ZIGABENI

3794 294 3904 348 584

519 466 624 538 qui
673 458 1067 519 resuscitandi
1121 460 1279 512 sunt.
1336 455 1520 508 Lucas
1578 451 1778 503 autem
1832 437 2063 496 addidit
2113 434 2181 500 1⁸,

2311 450 2409 492 τας,
2442 430 2501 482 '0
2529 427 2587 482 δὲ
2614 434 2821 490 Λουκᾶς
2851 427 3193 500 προσέθηκεν,
3222 425 3301 476 ὃτι
3329 422 3511 483 πάντες
3541 418 3682 491 αὐτῷ
3714 418 3902 479 ζῶσιν,

2311 523 2323 538 .
2625 519 2636 536 ,
2714 519 2726 532 .
2777 526 2797 534 -

523 533 689 628 quod
732 566 940 606 omnes
975 548 1055 604 illi
1086 547 1315 612 vivunt,
1350 543 1469 597 sive
1505 537 1667 611 apud
1709 533 1897 628 illu_m.

596 645 758 698 Vers.
794 645 882 698 33.
916 641 1174 709 Cumque
1202 635 1507 692 audissent
1531 659 1597 669 -—
1626 628 1776 696 ejus.
1802 619 2012 709 Turbae
2045 613 2182 709 sim-

525 732 708 806 plices
733 735 788 787 et
814 702 1193 800 incorruptae.
1227 725 1293 780 Ut
1325 727 1526 778 autem
1557 715 1707 772 dixit
1738 715 1928 806 Lucas
1961 706 2028 770 1⁵,
2061 702 2184 806 ξψξ-

527 791 668 876 dam
683 821 861 876 etiam
875 791 1216 873 Scribarum
1231 813 1536 868 dixerunt:
1554 803 1858 874 Magister,
1878 797 2019 854 bene
2035 791 2186 848 dixi-

526 913 603 967 sti
630 927 642 977 ;
669 911 725 965 hi
753 908 911 965 enim
938 903 1429 962 resurrectionem
1453 895 1699 970 quidem
1727 886 2186 977 conﬁtebantur,

527 972 790 1056 attamen
823 994 1097 1054 admirati
1133 996 1270 1047 sunt
1299 995 1355 1045 et
1393 988 1506 1060 ipsi
1540 978 1882 1054 argumenti
1913 972 2186 1035 modum,

528 1095 583 1145 et
611 1086 1160 1160 interpretationem
1195 1081 1350 1135 illius
1382 1074 1695 1138 sermonis,
1729 1071 1845 1139 Ego
1875 1081 2005 1121 sum
2038 1061 2190 1160 Deus

527 1149 854 1240 Abraham,
897 1180 1028 1243 etc.,
1073 1186 1180 1228 nec
1209 1169 1471 1238 amplius
1502 1162 1801 1220 audebant
1848 1171 1978 1212 eum
2024 1149 2193 1243 quid-

524 1282 703 1340 quam
765 1241 1159 1334 interrogare.
1232 1261 1379 1316 Nam
1454 1255 1631 1311 etiam
1697 1249 1812 1305 hoc
1879 1243 2020 1300 dicit
2088 1241 2190 1296 Lu-

527 1372 629 1412 cas
665 1354 734 1408 ὀ.

899 1546 1043 1619 Cap.
1090 1542 1222 1599 LIV.
1265 1544 1341 1598 De
1381 1539 1525 1610 legis
1565 1537 1827 1593 doctore.

607 1639 764 1694 Vers.
798 1639 885 1692 34.
919 1615 1216 1691 Pharisaei
1255 1637 1452 1688 autem
1484 1660 1550 1667 —
1590 1625 1751 1680 Vers.
1786 1624 1870 1678 36.
1908 1619 2080 1691 lege?
2109 1615 2196 1674 Si-

531 1727 714 1785 lentio
756 1725 867 1782 illis
909 1723 1188 1796 imposito
1233 1735 1471 1776 rursum
1522 1716 1754 1771 irruunt
1799 1712 1882 1778 hi,
1935 1727 2004 1766 ac
2045 1708 2193 1779 legis
2227 1734 2272 1788 Β

534 1817 838 1874 doctorem
896 1812 1227 1886 proferunt,
1277 1824 1400 1865 non
1459 1807 1687 1861 discere
1737 1801 2030 1869 volentes,
2087 1797 2193 1853 sed

531 1905 735 1963 dolose
776 1907 1039 1975 agentes.
1074 1901 1224 1966 Quia
1263 1898 1420 1954 enim
1472 1896 1531 1952 id
1573 1899 1697 1950 erat
1732 1893 1996 1965 primum
2037 1904 2194 1961 prie-

533 1999 776 2068 ceptum
802 2012 815 2049 :
835 1992 1051 2063 Diliges
1068 1991 1384 2046 Dominum
1402 1988 1586 2042 Deum
1605 1990 1793 2046 tuum,
1809 1987 1940 2045 etc.,
1971 1978 2195 2052 opinati

534 2089 674 2140 sunt
715 2082 880 2156 quod
925 2079 1152 2153 aliquid
1181 2079 1361 2134 etiam
1391 2077 1465 2132 de
1497 2075 1696 2147 seipso
1744 2070 2060 2127 additurus
2107 2084 2198 2122 es-

534 2181 642 2241 set,
697 2189 767 2228 eo
819 2170 985 2244 quod
1039 2186 1101 2224 se
1161 2183 1402 2241 quoque
1466 2167 1652 2220 Deum
1704 2162 1947 2225 diceret,
2002 2163 2059 2214 et
2113 2158 2198 2214 ita

537 2267 829 2335 tanquam
881 2258 1300 2331 blasphemus,
1352 2255 1730 2312 occasionem
1779 2250 1926 2324 ipsis
1975 2247 2199 2305 calum-

535 2352 745 2410 niandi
785 2351 1090 2423 prieberet.

605 2443 766 2498 Vers.
808 2445 896 2496 37.
923 2441 1092 2495 Jesus
1122 2443 1320 2494 autem
1347 2467 1414 2476 —-—
1453 2436 1615 2490 Vers.
1651 2433 1738 2486 39.
1776 2431 2045 2498 leipsum.
2088 2429 2199 2484 Co-

535 2532 699 2604 gnita
747 2545 954 2586 eorum
983 2526 1249 2604 _malitia,
1299 2523 1611 2597 respondit
1658 2521 1900 2594 quidem
1948 2521 2197 2592 irrcpre-

535 2620 924 2685 hensibiliter,
970 2617 1132 2689 quod
1177 2613 1675 2685 interrogabatur,
1719 2610 1824 2666 sed
1865 2609 2100 2666 addidit
2142 2611 2201 2663 et

537 2708 870 2765 secundum
921 2710 1302 2780 praeceptum,
1356 2719 1460 2775 per
1507 2703 1621 2758 hoc
1666 2700 1796 2756 illos
1845 2700 2196 2770 obiurgans,

536 2803 740 2870 utpote
783 2797 884 2869 qui
935 2812 998 2851 se
1041 2811 1161 2851 non
1209 2793 1518 2856 amabant,
1567 2790 1670 2845 sed
1725 2789 1950 2844 invidia
2000 2804 2069 2843 ac
2110 2787 2202 2843 in-

539 2887 705 2943 sidiis
754 2884 1268 2959 prosequebantur
1325 2904 1337 2937 :
1401 2897 1593 2952 eoque
1646 2879 1764 2934 ﬁne
1811 2881 1987 2934 etiam
2040 2893 2200 2933 nunc

537 2977 838 3046 rogabant
889 2993 902 3028 :
951 2990 1090 3030 nam
1139 2973 1187 3028 si
1218 2972 1526 3044 diligerent
1563 2985 1682 3026 non
1728 2973 2041 3024 tentarent.
2102 2967 2195 3024 Si-

2293 796 2395 839 τῶν
2454 789 2802 860 Γραμματέων
2868 791 3029 850 εἶπον,

2295 523 2477 592 ἤγουν,
2512 519 2636 593 παρ’
2666 519 2825 588 αὐτῷ.

2370 613 2469 662 Καὶ
2553 607 2868 668 ἀκούσαντες
2937 635 3006 644 —-
3084 603 3264 655 αὐτοῦ.
3354 603 3421 653 Οἱ
3487 599 3740 674 ἀπόνηροι
3813 599 3907 646 καὶ

2297 694 2582 750 ἀδέκαστοι
2639 696 2810 768 ὄχλοι.
2860 695 2948 756 Ὠς
3007 691 3066 746 δὲ
3119 694 3254 745 εἶπεν
3308 693 3332 743 6
3381 695 3606 757 Λουκᾶς,
3641 691 3733 738 καί
3776 703 3907 745 τινες

3104 787 3145 834 Λ
3157 779 3431 844 ιδάσκα).ε,
3485 776 3656 838 καλῶς
3735 771 3852 826 εἶπα
3861 794 3904 835 ς.

2298 877 2459 930 Οὗτοι
2530 879 2629 950 γὰρ
2707 873 3003 946 ὡμολόγουν
3087 875 3177 945 μὲν
3259 874 3354 928 τήν
3427 867 3736 930 ἀνάστασιν,
3793 861 3907 914 ἀλλ’

2298 968 2433 1038 ὅμως
2501 963 2803 1036 ἐθαύμασαν
2869 967 2959 1014 καὶ
3015 960 3166 1014 αὐτοὶ
3236 963 3330 1017 τὴν
3394 956 3727 1028 ἐπιχείρησιν
3814 950 3908 1003 καὶ

2301 1055 2564 1128 ἑρμηνείαν
2618 1060 2728 1120 τοῦ,
2780 1054 2914 1123 Ἐγώ
2968 1051 3074 1124 εἰμι
3135 1051 3161 1102 6
3213 1053 3350 1108 Θεός·
3417 1047 3590 1099 οὐκέτι
3650 1040 3708 1096 δε
3770 1039 3911 1093 ἐτόλ-

2299 1165 2407 1218 μων
2478 1145 2736 1215 ἐπερωτᾷν
2813 1140 2968 1192 αὐτὸν
3042 1136 3214 1194 οὐδέν.
3287 1141 3387 1191 Καὶ
3471 1141 3623 1188 τοῦτο
3697 1134 3913 1191 Λουκᾶς

2303 1253 2482 1307 φησιν.

2466 1486 2610 1545 ΚΕΦ,
2643 1478 2763 1533 ΝΔ’.
2798 1482 2922 1553 Περὶ
2952 1485 3044 1530 τοῦ
3074 1475 3495 1550 ἐπερωτήσαντος
3522 1477 3759 1544 νομικοῦ.

2377 1590 2442 1641 Οἱ
2481 1585 2541 1640 δὲ
2590 1593 2868 1662 Φαρισαῖοι
2919 1616 2978 1624 -
3025 1589 3203 1656 νόμῳς
3237 1580 3744 1653 Ἐπιστομισθέντων
3775 1575 3912 1628 ἐκεί-

2301 1699 2419 1744 νων,
2481 1678 2626 1730 οὗτοι
2674 1675 2828 1729 πάλιν
2877 1673 3212 1740 ἐπιτίθενται,
3261 1677 3352 1724 καὶ
3394 1668 3772 1744 προϐάλλονται
3822 1668 3914 1718 τὸν

2407 1721 2419 1745 3

2302 1771 2534 1841 νομικὸν,
2581 1766 2639 1818 οὐ
2691 1764 2997 1838 βουλόμενοι
3046 1764 3249 1836 μαθεῖν,
3305 1760 3434 1813 ἀ).λά
3477 1764 3910 1833 κακουργοῦντες.

2306 1858 2449 1910 Ἐπεὶ
2504 1859 2606 1931 γὰρ
2663 1860 2843 1924 πρώτη
2901 1851 3074 1910 ἐντολὴ
3118 1852 3249 1909 αὕτη
3303 1848 3384 1919 ἦν,
3430 1847 3749 1921 Ἀγαπήσεις
3807 1847 3915 1897 K13-

2305 1952 2416 2022 ρίον
2471 1949 2557 1999 τόν
2633 1949 2761 1998 Θεὸν
2830 1962 2946 2009 σου,
3029 1947 3118 1993 καὶ
3171 1943 3236 1993 τὰ
3291 1939 3426 2008 ἑξῆς,
3479 1931 3917 2010 προσεδόκησαν,

2307 2038 2386 2088 ὃτι
2432 2037 2727 2110 προσθήσει
2776 2053 2828 2084 τι
2869 2037 2958 2083 καὶ
2987 2036 3105 2106 περὶ
3141 2029 3343 2094 ἑαυτοῦ,
3392 2025 3487 2080 διὰ
3530 2029 3586 2079 τό
3614 2024 3780 2096 λέγειν
3822 2028 3921 2076 καὶ

2308 2126 2487 2178 ἑαυτὸν
2555 2128 2704 2190 Θεὸν,
2777 2128 2867 2174 καὶ
2925 2120 3133 2194 παρέξει
3213 2121 3418 2180 τούτοις
3498 2114 3755 2188 ἀφορμὴν,
3845 2116 3920 2175 ὡς

2309 2213 2644 2287 βλάσφημος.

2377 2413 2435 2465 Ὀ
2500 2408 2558 2464 δε
2605 2411 2814 2472 Ἰησοῦς
2869 2439 2937 2448 -
2987 2409 3222 2460 σεαυτόν.
3281 2406 3432 2462 Γνοὺς
3495 2406 3590 2460 τήν
3659 2404 3920 2474 πονηρίαν

2308 2503 2495 2566 αὐτῶν,
2569 2499 2822 2573 ἀπεκρίθη
2905 2499 2994 2570 μὲν
3072 2494 3450 2556 ἀνεπιλήπτως,
3529 2493 3554 2544 ὃ
3636 2491 3918 2564 ἠρωτήθη.

2310 2592 2608 2666 Προσέθηκε
2657 2585 2716 2642 δε
2767 2591 2858 2640 καὶ
2907 2590 2996 2643 τήν
3056 2581 3302 2658 δευτέραν
3356 2580 3577 2648 ἐντολήν,
3647 2580 3919 2631 καθαπτό-

2308 2699 2456 2754 μενος
2513 2679 2680 2731 αὐτῶν
2730 2673 2825 2730 διὰ
2870 2677 3084 2736 ταύτης,
3116 2675 3186 2735 ὡς
3225 2672 3318 2725 οὐκ
3366 2669 3682 2742 ἀγαπώντων
3733 2667 3916 2737 αὐτόν⁷

2309 2769 2436 2822 ἀλλά
2489 2771 2802 2841 φθονούντων
2833 2770 2923 2818 καὶ
2971 2761 3422 2828 ἐπιϐουλευόντων,
3479 2763 3568 2811 καὶ
3627 2755 3722 2810 διὰ
3758 2764 3920 2809 τοῦτο

2309 2865 2398 2912 καὶ
2445 2867 2532 2910 νῦν
2564 2856 2886 2931 ἐρωτώντων.
2933 2853 2992 2907 Εἰ
3038 2855 3140 2928 γὰρ
3186 2852 3426 2923 ἠγάπων,
3477 2848 3570 2900 οὐκ
3617 2849 3678 2898 οἷν
3711 2845 3922 2919 ἐμείρα-

2312 2949 2421 3010 ζον.
2466 2947 2680 3021 Ὀμοίαν
2738 2941 2796 2998 δὲ
2841 2952 2901 3017 τῇ
2952 2949 3133 3016 πρώτῃ
3181 2945 3273 3000 τήν
3324 2936 3567 3013 δευτέραν
3602 2935 3727 3002 εἶπε,
3779 2937 3925 2986 κατὰ

541 3023 837 3046 ,νο-.-.μη
889 3023 901 3028 -
952 3023 1090 3030 --__
1140 3023 1187 3028 _-
1224 3023 1524 3044 ---Ὅ---ψ
1738 3023 1744 3024 ,
2119 3023 2122 3024 ν

541 3066 676 3121 mile
719 3072 915 3120 autem
968 3063 1165 3137 primo
1217 3062 1366 3117 dixit
1419 3060 1772 3126 secundum,
1819 3058 2021 3132 quoad
2074 3074 2198 3113 ma-

2311 3045 2404 3098 τήν
2453 3037 2843 3111 μεγαλειότητα.
2890 3032 3102 3104 Μεγάλη
3140 3033 3241 3105 γὰρ
3274 3034 3364 3081 καὶ
3407 3028 3563 3093 αὕτη,
3622 3029 3711 3078 καὶ
3759 3023 3923 3082 ἀλλη-

2311 3128 2326 3137 ι
2491 3135 2507 3137 μ
2747 3130 2755 3137 .
2933 3121 2992 3137 0“
3040 3121 3059 3137 κ
3111 3125 3120 3137 ρ
3199 3120 3210 3130 ⁵
3385 3121 3397 3132 θ’
3459 3113 3532 3137 θ’.
3611 3119 3703 3137 πμ*
3759 3116 3855 3137 _,f__
3903 3115 3921 3137 Σ

538 3155 911 3227 gnitudinem
947 3169 959 3208 :
1001 3168 1294 3224 magnum
1361 3156 1453 3205 est
1515 3150 1672 3205 enim
1739 3156 1792 3204 et
1853 3149 1986 3206 hoc.
2055 3150 2199 3204 Nam

539 3245 654 3300 sibi
716 3248 924 3299 mutuo
989 3241 1217 3297 harent
1269 3256 1340 3296 ac
1389 3255 1450 3295 se
1501 3239 1758 3295 invicem
1817 3239 2013 3293 ferunt
2074 3237 2202 3292 haec

540 3333 662 3390 duo
705 3335 1027 3406 praecepta.
1066 3329 1378 3402 Siquidem
1409 3330 1512 3401 qui
1548 3329 1731 3384 Deum
1774 3327 1980 3397 diligit,
2025 3327 2202 3382 etiam

540 3422 882 3495 proximum
929 3419 1137 3489 diligit,
1171 3434 1419 3473 servans
1453 3416 1607 3472 illius
1642 3420 2010 3489 praeceptum
2043 3433 2056 3469 :
2102 3417 2207 3488 qui

541 3517 742 3568 autem
794 3509 1140 3582 proximum
1184 3522 1308 3562 non
1357 3506 1564 3578 diligit,
1620 3521 1731 3562 nec
1784 3506 1970 3560 Deum
2019 3503 2209 3575 diligit

543 3597 996 3670 transgrediens
1035 3595 1168 3666 ejus
1202 3601 1598 3668 praeceptum.

619 3685 984 3754 Secundum,
1033 3699 1157 3740 non
1210 3685 1418 3740 ordine
1468 3683 1873 3756 legislationis,
1944 3685 2049 3740 sed
2095 3685 2209 3740 vir-

545 3779 688 3833 tute.
770 3778 834 3830 ln
909 3772 1025 3829 alia
1089 3773 1250 3828 enim
1326 3778 1494 3846 parte
1564 3774 1807 3847 ponitur
1871 3774 1987 3830 hoc
2062 3789 2207 3847 prse-

545 3869 811 3937 ceptum.

622 3954 781 4008 Vers.
834 3952 922 4007 40.
975 3953 1047 4008 In
1097 3981 1167 3992 —-
1212 3951 1491 4021 pendent.
1543 3952 1772 4009 Dictum
1823 3959 1914 4009 est
1964 3953 2040 4010 de
2090 3954 2207 4010 hoc

548 4041 862 4098 manifeste
899 4041 1108 4114 quinto
1157 4041 1370 4114 capite.
1424 4043 1632 4108 Qua-re
1680 4059 1820 4114 ergo
1861 4043 1941 4099 ibi
1983 4044 2206 4100 dictum

547 4131 690 4187 illud
733 4149 745 4187 :
788 4133 883 4188 Ita
922 4131 1075 4188 enim
1107 4138 1189 4187 est
1223 4133 1322 4188 lea:
1352 4137 1405 4188 et
1431 4133 1736 4202 prophetae
1775 4135 1844 4184 1⁷.
1889 4134 2002 4190 Sed
2042 4132 2210 4205 apud

450 4223 455 4226 ’
545 4221 879 4280 Matthteum
914 4225 1169 4277 tentator
1199 4221 1416 4276 dicitur
1443 4221 1539 4277 hic
1583 4221 1729 4290 legis
1762 4222 2008 4289 doctor;
2045 4223 2210 4296 apud

545 4312 810 4368 Marcum
835 4325 978 4366 vero
998 4310 1198 4382 potius
1219 4309 1398 4365 laude
1425 4309 1645 4380 dignus
1670 4311 1942 4367 habetur.
1975 4312 2211 4378 Quare?

550 4401 701 4466 Quia
755 4399 1022 4472 primum
1074 4405 1228 4455 certe
1287 4400 1550 4465 tentavit,
1615 4405 1677 4456 ut
1729 4401 1955 4458 dictum
2011 4407 2119 4473 est,
2174 4419 2212 4459 a

549 4487 860 4544 Pharisaeis
899 4487 1160 4544 directus
1207 4487 1290 4560 (b)
1341 4505 1354 4543 :
1406 4490 1830 4547 animadversa
1879 4496 2081 4548 autem
2121 4509 2214 4550 re-

553 4578 882 4649 sponsione
914 4577 1174 4648 suscepit
1203 4592 1358 4644 eam,
1405 4584 1463 4635 et
1500 4595 1846 4647 conversus,
1879 4599 2005 4638 rem
2039 4583 2120 4639 ita
2151 4599 2213 4639 se

551 4666 774 4723 habere
796 4665 1106 4722 confessus
1131 4672 1217 4722 est
1241 4685 1253 4722 :
1273 4672 1330 4725 et
1350 4668 1565 4724 deinde
1586 4672 1760 4726 Jesus
1779 4672 2026 4727 intuitus
2047 4689 2210 4741 eum,

551 4755 718 4829 quod
741 4755 1011 4812 adhibita
1041 4757 1254 4813 mentis
1275 4758 1506 4814 ratione
1527 4759 1950 4831 desponderet,
1979 4761 2058 4818 ait
2084 4762 2170 4821 illi
2196 4781 2209 4820 :

551 4844 690 4902 Non
711 4847 886 4916 longe
898 4861 956 4902 es
971 4861 1009 4903 a
1023 4861 1209 4917 regno
1221 4847 1328 4904 Dei
1343 4847 1529 4914 “,hoc
1541 4853 1627 4904 est
1643 4850 2037 4922 approximas
2049 4851 2210 4920 ﬁdei,

554 4936 660 5009 qui
680 4934 976 4992 invidiam
990 4935 1257 5008 abjecisti
1275 4941 1332 4994 et
1342 4937 1650 4994 veritatem
1669 4938 1976 4997 confessus
1994 4957 2056 4998 es
2072 4941 2215 5008 ;hoc

627 5117 674 5152 “
706 5115 858 5175 Luc.
888 5131 990 5184 xx,
1022 5113 1111 5171 38.

1227 5115 1275 5151 ¹⁸
1298 5113 1446 5174 ibid.
1471 5114 1562 5171 39.
1678 5118 1727 5153 ¹⁶
1756 5116 1904 5176 ibid.
1939 5120 2029 5176 40.

2240 4363 2288 4420 D

2144 5122 2192 5160 ¹⁷
2242 5123 2444 5181 Matth.
2499 5139 2597 5189 vn,
2635 5125 2720 5179 t2.

2309 3128 2628 3200 λουχοῦνται
2674 3130 2764 3176 καὶ
2817 3121 3120 3196 φεράλληὶοί
3169 3120 3300 3172 εἰσιν
3345 3121 3400 3170 αἱ
3448 3113 3564 3171 δύο.
3611 3119 3712 3168 Καὶ
3756 3116 3861 3186 γὰρ
3900 3115 3925 3164 6

2313 3223 2402 3292 μὲν
2454 3217 2667 3288 ἀγαπῶν
2710 3218 2796 3266 τὸν
2850 3215 2996 3277 Θεὸν,
3052 3211 3230 3282 ἀγαπᾷ
3277 3213 3365 3261 καὶ
3411 3211 3498 3261 τὸν
3538 3206 3779 3271 πλησίον,
3829 3224 3928 3276 φυ-

2312 3308 2510 3360 λάττων
2540 3309 2633 3364 τήν
2665 3303 2870 3361 ἐντολὴν
2912 3302 3091 3354 αὑτοῦ·
3126 3301 3152 3352 6
3185 3295 3243 3352 δὲ
3287 3302 3356 3371 μή
3412 3297 3625 3369 ἀγαπῶν
3664 3297 3752 3347 τὸν
3792 3292 3929 3351 πλη-

2319 3402 2429 3449 σίον
2476 3391 2599 3448 οὐδὲ
2649 3397 2734 3446 τόν
2775 3395 2902 3446 Θεὸν
2952 3390 3148 3463 ἀγαπᾷ,
3199 3385 3532 3461 παραϐαίνων
3575 3390 3670 3444 τήν
3719 3381 3932 3441 ἐντολὴν

2317 3485 2494 3539 αὐτοῦ.

2387 3696 2635 3770 [Δευτίρα
2693 3694 2806 3765 (87)
2863 3688 2942 3760 δὲ,
3003 3690 3062 3744 οὐ
3119 3697 3181 3763 τῇ
3240 3688 3384 3751 τάξει
3440 3696 3537 3748 τῆς
3590 3686 3929 3758 νομοθεσίας,

2320 3784 2447 3838 ἀλλὰ
2493 3793 2554 3856 τῇ
2592 3780 2831 3855 δυνάμει·
2871 3783 2953 3835 Ἐν
2985 3779 3138 3853 ἑτέρῳ
3165 3780 3268 3852 γὰρ
3311 3780 3454 3852 μέρει
3507 3783 3676 3828 κεῖται
3706 3772 3846 3850 αὕτη,
3898 3775 3929 3830 ἡ

2319 3873 2530 3944 ἐντολή]

2391 3964 2476 4016 Ἐν
2543 3993 2608 4002 -
2666 3964 2968 4033 κρέμανται·
3043 3961 3264 4031 Εἴρηται
3319 3960 3435 4028 περὶ
3499 3954 3686 4005 τούτου
3748 3958 3936 4022 σαφῶς

2320 4053 2368 4105 ἐν
2415 4061 2487 4123 τῷ
2533 4054 2749 4124 πέμπτῳ
2797 4048 3076 4121 κεφαλαίῳ,
3125 4051 3214 4098 καὶ
3270 4046 3509 4106 ζήτησον
3561 4041 3664 4094 ἐκεῖ
3715 4043 3795 4106 τό,
3829 4040 3937 4091 Οὗ-

2318 4162 2416 4202 τως
2459 4142 2570 4213 (88)
2619 4142 2720 4212 γάρ
2773 4138 2911 4191 ἐστιν
2956 4139 2981 4190 6
3026 4143 3185 4209 νόμος
3225 4139 3315 4187 καὶ
3358 4136 3406 4186 οἱ
3437 4139 3720 4208 προφῆται.
3770 4127 3940 4184 Α’λλὰ

2319 4232 2464 4305 παρὰ
2519 4233 2608 4302 μὲν
2671 4237 2743 4300 τῷ
2795 4229 3049 4298 Ματθαίῳ
3103 4229 3395 4300 πειραστής
3448 4221 3590 4275 ἐστιν
3636 4221 3661 4272 6
3718 4222 3936 4291 νόμικὸς

2321 4320 2490 4385 οὗτος,
2551 4321 2694 4392 παρά
2759 4314 2818 4370 δὲ
2866 4325 2936 4388 τῷ
3014 4323 3210 4388 Μαρκῳ
3261 4312 3451 4386 μᾶλλον
3505 4309 3716 4362 ἐπαίνου
3783 4309 3937 4360 τετύ-

2321 4413 2479 4480 χήκε.
2542 4412 2731 4475 Aturi;
2783 4411 2924 4460 Διότι
3002 4413 3200 4478 πρῶτον
3271 4405 3359 4475 μὶν
3430 4399 3718 4472 ἐπείραζεν,
3787 4400 3939 4472 παρὰ

2319 4505 2422 4550 τῶν
2481 4501 2776 4571 Φαρισαίων
2835 4493 3165 4554 ἀποσταλείς
3209 4491 3504 4551 ἐνωτισθεὶς
3554 4484 3614 4540 δὲ
3657 4492 3751 4545 τήν
3804 4484 3938 4538 ἀπό-

2321 4606 2518 4660 κρισιν,
2575 4582 2861 4648 ἀπεδέξατο
2908 4587 3120 4654 ταύτην,
3184 4587 3274 4633 καὶ
3313 4578 3648 4637 πεταϐληθεὶς
3701 4595 3940 4647 συνωμο-

2320 4675 2563 4748 λόγησεν,
2628 4676 2789 4738 οὕτως
2845 4677 3007 4746 ἔχειν,
3074 4677 3164 4725 καὶ
3218 4671 3398 4723 λοιπόν
3473 4671 3498 4720 6
3555 4668 3756 4725 Ἰησοῦς
3807 4659 3937 4716 ἰδὼν

2323 4766 2499 4835 αὐτὸν,
2548 4768 2627 4818 ὅτι
2664 4785 2921 4838 νουνεχως
2969 4762 3244 4836 ἀπεκρίθη,
3307 4756 3442 4812 εἶπεν
3492 4757 3652 4827 αὐτῷ·
3709 4752 3786 4804 Οὗ
3836 4771 3939 4824 μα-

2323 4858 2451 4932 κρὰν
2507 4852 2555 4908 εἶ
2619 4854 2719 4908 ἀπὸ
2771 4863 2866 4918 τῆς
2927 4852 3197 4927 βασιλείας
3256 4857 3348 4903 τοῦ
3428 4854 3582 4912 Θεοῦ,
3640 4846 3934 4914 τουτέστιν,

2326 4949 2555 5017 εγγίζεις
2613 4944 2727 5017 (89)
2775 4952 2837 5016 τῇ
2884 4947 3080 5011 πίστει,
3131 4944 3218 4994 τὸν
3271 4941 3454 5013 φθόνον
3502 4933 3791 5005 ἀποϐαλὼν,
3843 4935 3939 4984 καὶ

2839 5123 2886 5159 ³⁸
2918 5123 3094 5179 Marc.
3127 5135 3224 5186 xu,
3255 5121 3345 5176 34-

1782 5269 1999 5339 Variae
2026 5271 2357 5344 lectiones
2388 5282 2458 5342 et
2487 5283 2693 5343 notae.

627 5411 744 5554 £87;
772 5412 909 5469 Hinc
941 5416 1189 5486 uterque
1215 5413 1402 5495 codex
1441 5413 1503 5469 in
1533 5415 1804 5484 margine
1834 5414 2034 5474 habet.

652 5488 718 5540 88
788 5486 869 5540 Ex
909 5501 999 5554 eo,
1051 5485 1216 5554 quod
1258 5485 1495 5541 codices
1538 5485 1806 5554 plerique
1852 5489 2034 5546 etiam

652 5484 742 5555 88)
788 5486 869 5540 Ex
909 5501 999 5559 eo,
1038 5484 1216 5559 quod
1258 5484 1495 5541 codices
1528 5485 1806 5559 plerique
1852 5489 2034 5546 etiam
2078 5495 2216 5548 ante

557 5569 911 5626 consonam,
951 5555 1178 5613 habent
1214 5560 1392 5624 οὕτως,
1431 5561 1493 5613 ut
1528 5555 1626 5613 hic
1655 5555 1853 5614 videre
1892 5561 2047 5631 licet,
2087 5569 2216 5620 orta

2325 5425 2417 5477 est
2444 5419 2655 5477 vitiosa
2680 5417 2854 5475 lectio
2883 5418 3054 5480 οὗτος.

2398 5492 2512 5564 (89)
2535 5491 2685 5549 Dedi
2709 5490 2956 5562 ἐγγίζεις,
2994 5489 3126 5546 loco
3147 5488 3399 5561 ἐγγίζειν.

629 5682 714 5754 (b)
743 5683 1014 5739 Directus
1042 5683 1371 5742 Missus.....
1406 5683 1579 5742 Forte
1605 5683 1666 5740 in
1698 5684 1902 5742 codice
1930 5679 2200 5747 invenere

2311 5691 2626 5749 πευθυνθιίς·
