4178 6382
151 358 261 417 585
1064 344 1437 410 COMMENT.
1481 349 1548 405 IN
1587 334 2033 406 MATTHEUM.
2076 374 2145 387 —
2184 344 2341 401 CAP.
2382 340 2559 400 XXII.
3425 340 3531 401 586

152 489 248 544 τήν
302 482 547 542 ἀλήθειαν
593 478 979 554 συνομολογῶν.
1054 483 1216 531 Τοῦτο
1270 473 1329 530 δὶ
1387 473 1493 530 εἶπε
1546 490 1761 549 προτρε-
1793 470 1821 526 Α

1934 471 2077 523 item
2123 466 2274 525 dixit
2310 466 2643 525 adhortans
2672 465 2840 525 illum
2866 465 2943 527 ad
2973 466 3296 542 perfectam
3324 467 3532 529 ﬁdem.

157 580 374 648 πὸμενος
423 572 582 625 αὐτὸν
636 569 721 623 ἐπὶ
784 574 877 628 τὴν
937 567 1131 622 τελείαν
1195 571 1403 623 πίστιν.
1470 572 1649 619 Ταῦτα
1707 559 1766 615 δὲ

1934 556 2101 615 thasc
2130 558 2294 632 apud
2322 560 2584 616 Marcum
2614 557 2906 617 invenies.

161 666 403 740 εὑρήσεις
438 664 583 736 παρὰ
606 668 681 731 τῷ
710 661 930 735 Μάρκῳ.

233 794 385 844 ΚΕΦ.
417 786 537 842 ΝΕ.
580 789 709 861 Περὶ
760 793 855 847 τῆς
886 791 978 838 τοῦ
1012 787 1205 858 Κυρίου
1237 782 1603 858 ἐπερωτήσεως
1642 781 1773 855 πρὸς

1952 790 2107 849 CAP.
2140 793 2249 852 LV.
2274 823 2343 835 -
2371 794 2458 851 De
2482 793 2946 867 interrogatione
2968 792 3209 854 Domini
3233 794 3313 853 ad
3333 793 3545 856 Phari-

728 879 847 937 τοὺς
877 879 1213 947 Φαρισαίους.
1879 897 2042 940 szos.

236 989 575 1060 Συνηγμένων
632 1015 699 1028 -
740 982 855 1037 ἐστί
878 1001 892 1052 ;
936 988 1060 1058 Περὶ
1090 990 1182 1037 τοῦ
1220 990 1457 1057 Χριστοῦ
1489 1000 1639 1055 φησι,
1684 986 1776 1034 τοῦ

1954 972 2118 1030 Vers.
2149 974 2239 1030 41.
2273 974 2658 1047 Congregatis
2695 1002 2752 1019 -
2785 982 2869 1034 est
2896 975 3026 1035 iDe
3056 976 3305 1046 Christo,
3353 976 3547 1049 inquit

166 1076 643 1149 καταγγελλομένου
693 1078 783 1149 μεν
814 1076 913 1128 ὑπὸ
944 1082 1040 1127 τῶν
1076 1082 1375 1147 προφητῶν,
1408 1077 1560 1147 μήπω
1593 1068 1651 1125 δε
1680 1090 1780 1124 παο

1934 1063 1987 1120 ui
2030 1064 2417 1121 annuntiatus
2449 1071 2538 1124 est
2579 1082 2616 1123 a
2648 1066 2992 1139 prophetis:
3021 1067 3299 1126 nondum
3342 1072 3548 1125 autem

168 1173 530 1243 ραγεγονὸτος,
577 1169 645 1228 ὡς
677 1167 826 1238 ὑμεῖς
863 1164 1051 1237 λέγετε,
1092 1160 1535 1240 προσδοκωμένου
1567 1159 1627 1215 δὲ
1655 1161 1777 1234 παρ’

1934 1154 2146 1221 dvenit,
2175 1160 2239 1210 ut
2260 1171 2369 1212 vos
2394 1156 2611 1222 dicitis,
2646 1156 2751 1213 sed
2773 1163 3154 1230 exspectatur
3184 1174 3221 1216 a
3249 1158 3446 1216 vobis.
3480 1160 3549 1215 Et

171 1261 310 1332 ύμῖν.
362 1262 463 1311 Καὶ
512 1256 608 1330 ὸρα
639 1260 851 1329 σοφίαν.
900 1254 1059 1309 Δύτοὶ
1083 1257 1172 1327 μὲν
1203 1256 1304 1329 γὰρ
1338 1261 1515 1324 ῷοντο,
1548 1254 1779 1325 προσθή-

1934 1243 2020 1300 ide
2070 1244 2428 1316 sapentiam.
2488 1246 2789 1303 Putabant
2855 1247 2958 1313 illi,
3018 1252 3081 1304 ut
3151 1248 3375 1306 dictum
3438 1251 3548 1317 est,

175 1368 279 1403 σειν
321 1348 481 1401 αὐτὸν
526 1346 594 1409 εἰς
636 1350 727 1405 τὴν
773 1350 984 1421 πρώτην
1033 1342 1258 1411 ἐντολὴν,
1301 1346 1369 1405 ὡς
1422 1346 1644 1419 εἴρηται,
1692 1345 1783 1394 καὶ

1934 1334 2188 1391 hristum
2236 1335 2586 1393 additurum
2638 1335 2954 1409 quidpiam
3013 1340 3069 1394 et
3121 1336 3196 1393 de
3246 1337 3442 1410 seipso
3486 1338 3552 1393 in

173 1445 287 1514 περὶ
340 1438 530 1491 ἑαυτοῦ
581 1456 656 1507 τι,
714 1438 847 1511 πρὸς
896 1436 1119 1508 ἔμφασιν
1169 1441 1262 1486 τοῦ
1312 1439 1403 1486 καὶ
1450 1433 1606 1486 αὐτὸν
1654 1433 1784 1485 εἶναι

1934 1425 2091 1481 rimo
2116 1430 2436 1498 praecepto,
2463 1430 2525 1483 ut
2549 1442 2611 1483 se
2640 1442 2886 1501 quoque
2929 1429 3116 1484 Deum
3145 1443 3275 1485 esse
3304 1427 3556 1485 demon-

174 1535 314 1583 Θεὸν·
369 1528 529 1589 αὐτὸς
580 1523 641 1580 δὲ
687 1533 841 1579 τοῦτο
870 1527 961 1598 μὲν
990 1524 1085 1577 ούκ
1115 1522 1374 1591 ἐποίησεν,
1417 1523 1658 1577 ἐκκλίνων
1688 1527 1783 1581 την

1934 1519 2125 1573 traret.
2149 1515 2268 1573 Hoc
2297 1522 2499 1573 autem
2519 1517 2643 1589 ipse
2659 1532 2783 1574 non
2799 1516 2936 1574 fecit
2964 1520 3028 1574 ut
3057 1518 3295 1575 evitarei
3315 1516 3555 1575 illorum

177 1622 501 1693 πανουργίαν
550 1616 736 1683 αὐτῶν,
787 1611 898 1688 ἰδίᾳ
937 1610 996 1667 δὲ
1050 1618 1169 1687 περὶ
1232 1622 1329 1675 τῆς
1376 1613 1562 1666 ἑαυτοῦ
1614 1615 1788 1672 θεότη-

1934 1604 2206 1673 afritiem,
2249 1605 2356 1663 sed
2386 1606 2634 1663 seorsim
2671 1606 2746 1664 de
2793 1623 2904 1665 sua
2932 1607 3201 1681 disputat
3228 1607 3555 1674 divinitate,

178 1728 258 1770 τος
320 1705 645 1779 διαλέγεται,
714 1708 805 1757 καὶ
872 1704 966 1757 οὐκ
1018 1702 1073 1756 ἐκ
1128 1711 1220 1757 τοῦ
1280 1710 1590 1778 προφανοῦς,
1659 1702 1821 1757 ἀλλὰη

1938 1711 2001 1751 ec
2031 1695 2094 1751 id
2124 1712 2191 1752 ex
2220 1696 2543 1754 manifesto
2585 1695 2693 1752 sed
2731 1695 2997 1770 oblique,
3031 1700 3098 1753 ut
3125 1698 3293 1754 omni
3334 1700 3562 1755 careret

187 1750 257 1770 ’νυν
323 1750 645 1779 "'"--l--'",
715 1750 805 1757 ""-
874 1750 966 1757 *νη
1018 1750 1073 1756 νη
1137 1750 1215 1757 HV
1281 1750 1590 1778 --ιν-ινν-ννννι
1661 1750 1821 1757 νν--τ---η

181 1797 435 1870 πλαγίως,
479 1793 515 1849 δ
522 1800 577 1849 ιὰ
618 1799 676 1848 τὸ
709 1793 1022 1849 ἀνύποπτον.
1058 1798 1158 1848 Καὶ
1189 1802 1260 1865 τῷ
1311 1790 1483 1846 δοκεῖν
1513 1796 1623 1867 μὲν,
1670 1798 1789 1868 περὶ

1934 1750 2282 1857 ιιερίοίοὲιᾶ
2294 1750 2692 1858 ‘..‘q'u.;.m..
2738 1750 2817 1842 ra
2837 1750 2942 1842 id
2953 1750 3561 1860 't'luwdd'ZSpaiéifdé

181 1896 269 1940 τοῦ
308 1883 752 1961 προσδοκωμένου
802 1890 1037 1960 Χριστοῦ
1085 1888 1173 1937 καὶ
1211 1881 1377 1957 ἔρωτᾴ
1428 1888 1517 1937 καὶ
1571 1882 1791 1957 ἀποφαί-

1934 1875 2130 1932 :hristo
2155 1875 2260 1948 qui
2290 1874 2749 1948 exspectabatur
2765 1880 2823 1933 et
2843 1876 3170 1948 interrogat
3187 1881 3245 1935 et
3266 1876 3560 1946 enuntiat,

181 1997 340 2041 νεται,
374 1973 650 2046 δεικνύων,
681 1977 760 2029 ὅτι
793 1978 979 2050 Κύριος
1006 1979 1097 2028 καὶ
1137 1977 1261 2036 Θεὸς
1305 1972 1436 2027 ἐστι·
1470 1982 1533 2047 τῇ
1583 1970 1631 2027 δ’
1658 1973 1791 2034 ἁλη-

1934 1982 1956 2020 1
1976 1964 2061 2022 rei
2087 1964 2330 2023 veritate
2359 1968 2563 2023 autem
2587 1964 2717 2023 haec
2746 1965 2822 2024 de
2854 1966 3054 2040 seipso
3083 1966 3251 2025 dicit.

186 2070 293 2141 Θείᾳ
316 2072 438 2143 περὶ
464 2066 649 2119 ἑαυτοῦ
679 2072 847 2119 ταῦτα
875 2064 1025 2137 λέγει.

252 2162 517 2230 Λέγουσιν
568 2155 731 2227 αὐτῷ,
791 2162 896 2210 Τοῦ
956 2151 1143 2213 Δαυίδ.
1203 2152 1331 2209 Ἀπὸ
1386 2162 1484 2207 τῶν
1535 2174 1791 2231 προφητιο

185 2256 290 2300 κῶν
369 2248 533 2318 λόγων
594 2253 750 2299 τοῦτο
802 2247 1109 2318 ἑγίνωσκον.
1166 2243 1367 2307 Ἀπλῶς
1428 2241 1487 2298 δὲ
1538 2248 1649 2298 υἱὸν
1703 2253 1796 2299 τοῦ

192 2333 387 2408 Δαυίδ,
423 2338 600 2404 εἷτουν,
655 2334 808 2407 ψιλὸν
856 2334 1123 2411 ἄνθρωπον
1175 2338 1260 2387 τὸν
1300 2337 1532 2407 Χριστὸν
1574 2335 1799 2409 ὑπελάμ-

191 2427 367 2493 ϐανον,
432 2431 604 2479 καίτοι
672 2433 772 2478 τῶν
830 2432 1107 2498 προφητῶν
1154 2424 1261 2497 ούχ
1319 2424 1488 2487 ἁπλῶς
1549 2428 1661 2478 υἱὸν
1708 2433 1800 2479 τοῦ

192 2514 382 2584 Δανῖδ,
426 2516 557 2569 ἀλλὰ
585 2516 700 2589 (90)
730 2519 821 2569 καὶ
846 2517 967 2568 Θεὸν
990 2522 1170 2568 τοῦτον
1202 2512 1677 2589 ἀνακηρυττόντων.

262 2612 421 2679 Λέγει
480 2637 552 2648 -
606 2624 738 2674 σου;
774 2605 857 2657 Ἐν
921 2607 1201 2679 Πνεύματι,
1252 2600 1488 2676 δηλαδή,
1533 2613 1606 2677 τῷ
1646 2604 1799 2678 ἁγίῳ,

194 2700 363 2761 καθὼς
396 2693 507 2750 εἷπε
536 2697 768 2773 Μάρκος,
801 2699 891 2748 καὶ
924 2695 1017 2748 οὐκ
1040 2693 1123 2769 ἀφ’
1154 2694 1361 2748 ἑαυτοῦ.

1975 2198 2138 2255 Vers.
2159 2197 2229 2254 42
2256 2198 2463 2257 Dicunt
2526 2199 2581 2257 ei
2608 2198 2819 2257 David.
2855 2200 2903 2256 A
2942 2198 3311 2274 Propheticis
3341 2215 3569 2259 sermo-

1905 2288 2084 2345 nibus
2114 2288 2225 2345 hoc
2264 2289 2733 2363 cognoscebant.
2769 2289 3125 2363 Simpliciter
3148 2297 3349 2349 autem
3375 2290 3571 2347 ﬁlium

1909 2379 2121 2450 David,
2144 2378 2267 2436 sive
2280 2384 2514 2436 nndum
2530 2379 2840 2437 hominem
2858 2380 3155 2437 Christum
3180 2380 3573 2454 suspicaban-

1908 2473 2047 2538 tur;
2076 2485 2215 2526 eum
2257 2472 2462 2526 tamen
2504 2469 2805 2542 prophetas
2846 2469 3007 2527 hunc
3050 2486 3174 2528 non
3230 2469 3574 2545 simpliciter

1910 2559 2104 2616 ﬁlium
2138 2559 2343 2627 David,
2371 2560 2475 2617 sed
2505 2565 2561 2617 et
2580 2560 2767 2618 Deum
2798 2560 3212 2634 prmdicarent.

1985 2651 2145 2705 Vers.
2184 2651 2274 2706 43.
2331 2650 2434 2706 Ait
2467 2681 2532 2692 —
2562 2650 2728 2708 Vers.
2784 2655 2872 2708 44.
2927 2663 3161 2710 tuorum
3192 2658 3215 2706 ?
3242 2652 3309 2710 In
3353 2651 3577 2726 Spiritu

1914 2739 2185 2797 videlicet
2246 2745 2475 2808 sancto,
2536 2741 2691 2801 sicut
2747 2742 2897 2800 dixit
2962 2746 3212 2813 Marcus,
3269 2748 3328 2802 et
3373 2760 3496 2802 non
3541 2759 3580 2801 a

1918 2830 2117 2903 seipso
2143 2832 2213 2883 η.

1987 2920 2150 2976 Vers.
2174 2920 2264 2975 45.
2288 2920 2358 2977 Si
2386 2952 2454 2961 —-
2470 2924 2717 2978 est‘IHoc
2739 2922 2885 2979 dixit
2908 2938 3028 2980 non
3043 2923 3257 2981 tollens
3278 2924 3577 2981 Christum

1835 3032 1875 3088 ρ
1916 3009 2107 3066 ﬁlium
2157 3026 2287 3066 esse
2346 3010 2550 3081 David,
2612 3011 2721 3068 sed
2773 3028 3083 3070 erroneam
3132 3029 3391 3086 arguens
3452 3013 3577 3085 opi-

1915 3100 2181 3167 nionem,
2232 3100 2376 3172 quia
2423 3115 2546 3156 non
2595 3104 2686 3157 est
2732 3100 2859 3173 ejus
2916 3101 3077 3158 ﬁlius
3127 3102 3285 3172 talis,
3339 3102 3579 3175 qualem

1916 3190 2028 3263 ipsi
2046 3189 2653 3263 suspicabantur,hoc
2676 3191 2977 3248 estnudus
3002 3192 3186 3251 homo
3210 3212 3223 3253 :
3255 3193 3360 3250 sed
3385 3198 3444 3250 et
3470 3196 3580 3250 Do-

1919 3279 2120 3336 minus
2175 3280 2325 3351 ejus.
2381 3279 2603 3337 Dicitur
2653 3281 2812 3337 enim
2860 3280 3017 3337 ﬁlius
3056 3282 3206 3354 ejus,
3256 3287 3461 3356 utpote
3513 3298 3583 3338 ex

1918 3368 2120 3427 radice
2158 3370 2306 3441 ejus,
2340 3369 2513 3441 juxta
2551 3369 2947 3437 humanitem,
2986 3374 3303 3441 generatus
3338 3388 3351 3439 ;
3383 3371 3585 3428 Domi-

1921 3476 2038 3517 nus
2060 3464 2262 3517 autem
2292 3459 2421 3531 ejus
2459 3464 2754 3532 tanquam
2783 3462 2935 3516 Deus
2960 3460 3135 3517 illius.
3169 3460 3256 3518 Oh
3287 3461 3349 3518 id
3384 3460 3587 3534 itaque

1924 3568 2075 3607 usus
2106 3555 2195 3607 est
2216 3550 2494 3607 Davidico
2525 3551 2710 3608 verbo
2741 3549 2821 3607 ad
2850 3550 3291 3609 Pharisaeorum
3321 3551 3589 3609 confuta-

1925 3642 2172 3708 tionem,
2219 3647 2542 3698 ostendens
2567 3641 2731 3714 quod
2753 3656 2875 3697 non
2898 3641 3094 3698 solum
3122 3642 3277 3698 ﬁlius
3295 3647 3450 3699 esset
3476 3643 3591 3699 Da-

1928 3731 2052 3797 vid,
2081 3730 2189 3787 sed
2219 3735 2276 3787 et
2308 3731 2595 3787 Dominus
2634 3730 2788 3802 ejus.
2824 3733 2938 3787 Nos
2972 3747 3113 3788 vero
3148 3731 3328 3789 etiam
3359 3732 3472 3788 hoc
3505 3732 3593 3788 in-

1930 3820 2235 3893 terpretari
2286 3827 2537 3893 oportet.
2583 3820 2675 3876 Ait
2712 3819 2873 3876 enim
2922 3821 3156 3877 David:
3193 3821 3344 3878 Dixit
3394 3820 3596 3878 Domi-

1929 3927 2044 3968 nus
2098 3910 2290 3977 Pater,
2334 3910 2589 3967 Domino
2641 3926 2775 3966 meo
2834 3909 2981 3967 Filio
3028 3926 3138 3967 suo
3164 3911 3413 3983 Christo,
3466 3915 3600 3983 post

1932 4002 2409 4073 assumptionem
2435 4001 2495 4055 in
2517 4000 2735 4056 coelum
2760 4018 2773 4056 :
2802 4000 2949 4055 Sede
2971 4016 3007 4057 a
3027 4000 3247 4057 dextris
3277 4001 3449 4067 meis,
3472 4001 3599 4059 sive

1936 4091 2128 4148 fruere
2156 4107 2292 4147 meo
2321 4106 2526 4163 regno,
2566 4089 2698 4163 pari
2736 4089 2798 4145 in
2838 4089 3074 4158 throno,
3102 4091 3234 4163 pari
3273 4092 3334 4147 in
3368 4091 3599 4149 honore

1938 4198 2179 4239 mecum
2206 4197 2570 4255 permanens
2597 4181 2665 4234 ²⁰.
2700 4179 2932 4236 Inimici
2970 4184 3171 4237 autem
3202 4179 3418 4239 Christi
3447 4182 3603 4239 inter

1942 4271 2260 4329 sensibiles
2286 4271 2534 4345 quidem
2550 4268 2728 4343 primi
2756 4274 2893 4326 sunt
2912 4268 3126 4337 Judaei,
3159 4269 3375 4327 deinde
3397 4274 3604 4343 gentes

1944 4379 2013 4419 ac
2068 4361 2347 4418 haeretici.
2410 4360 2811 4430 Intelligibiles
2878 4376 3015 4416 vero
3073 4366 3211 4418 sunt
3266 4361 3601 4418 daemones.

1943 4456 2170 4512 Marcus
2188 4457 2390 4509 autem
2412 4450 2494 4508 ait
2513 4451 2582 4516 ²¹,
2605 4449 2761 4522 quod
2778 4451 2890 4506 hoc
2911 4450 3123 4508 dixerit
3142 4452 3363 4509 docens
3382 4451 3442 4509 in
3464 4457 3608 4509 tem-

1945 4543 2067 4618 plo,
2084 4546 2141 4598 et
2152 4542 2317 4615 quod
2333 4540 2522 4597 multa
2536 4541 2708 4597 turba
2722 4539 2969 4598 libenter
2981 4558 3119 4599 eum
3133 4542 3435 4601 audiebat.
3452 4542 3611 4600 Veri-

1950 4632 2142 4689 simile
2169 4637 2260 4689 est
2289 4632 2449 4687 enim
2478 4631 2549 4687 de
2575 4630 2689 4688 hoc
2710 4632 2973 4704 primum
2996 4632 3392 4705 interrogasse
3418 4633 3615 4691 Phari-

1952 4722 2332 4781 seoszdeinde
2344 4721 2522 4779 etiam
2535 4720 2609 4779 de
2622 4721 2808 4779 hocin
2824 4720 3043 4795 templo
3057 4722 3334 4780 docuisse
3350 4723 3615 4783 turbam.

268 2878 327 2934 Εἰ
373 2910 445 2920 -—
495 2876 656 2947 ἕστί;
708 2883 870 2931 Τοῦτο
919 2878 1139 2950 εἴρηκεν,
1196 2876 1290 2930 οὐκ
1331 2874 1551 2954 ἀναιρῶν
1591 2880 1649 2930 τὸ
1679 2874 1809 2930 εἶναι

200 2971 305 3022 υἱὸν
346 2969 511 3021 αύτοῦ
540 2971 626 3020 τὸν
674 2970 927 3041 Χριστὸν,
988 2966 1115 3019 ἀλλά
1159 2962 1443 3039 διελέγχων
1478 2972 1570 3025 τὴν
1624 2966 1807 3041 ἐσφαλ-

197 3064 355 3132 μένην
416 3058 582 3110 αὐτῶν
640 3055 923 3127 ύπὸληψιν,
985 3058 1065 3108 ὅτι
1136 3055 1231 3109 ούκ
1280 3059 1417 3109 ἔστιν
1478 3059 1590 3118 υἱὸς
1647 3058 1807 3110 αὐτοῦ

197 3156 453 3213 τοιοῦτος,
511 3148 617 3201 οἷον
672 3145 1147 3219 ὑπολαμϐάνουσιν,
1206 3150 1465 3213 τουτέστι,
1515 3147 1664 3219 ψιλὸς
1716 3149 1805 3201 οἶν-

204 3243 421 3315 θρωπος,
644 3242 736 3289 καὶ
788 3238 974 3311 Κύριος
1026 3236 1205 3292 αὐτοῦ.
1263 3241 1485 3309 Λέγεται
1549 3240 1650 3312 γὰρ
1695 3240 1807 3301 υἱὸς

200 3334 285 3403 μιν
317 3330 505 3398 οτὸτοῦ,
555 3329 626 3389 ὡς
665 3324 721 3379 ἐκ
766 3334 863 3388 τῆς
911 3326 1065 3401 ῥίζης
1110 3325 1271 3380 αὐτοῦ
1302 3325 1635 3401 βλαστήσας,
1678 3331 1810 3382 κατὰ

201 3424 291 3478 τήν
346 3417 759 3493 ἐνανθρώπησιν⁶
809 3418 996 3491 Κύριος
1052 3412 1111 3469 δὲ
1159 3416 1340 3486 αὐτοῦ,
1406 3420 1474 3480 ὡς
1532 3422 1657 3480 Θεὸς
1714 3418 1814 3471 αύ-

206 3518 315 3564 τοῦ.
366 3510 549 3578 Τούτῳ
628 3510 718 3580 μὲν
771 3506 832 3559 οὖ
891 3505 1161 3579 ἐχρήσατο
1227 3515 1299 3579 τῷ
1358 3504 1624 3579 Δαυῑδικῷ
1671 3509 1814 3584 ῥητῷ

208 3603 335 3675 πρὸς
386 3598 603 3670 ἔλεγχον
656 3605 756 3649 τῶν
815 3601 1133 3669 Φαρισαίων,
1194 3593 1462 3665 δεικνύων,
1496 3600 1577 3651 ὅτι
1624 3598 1682 3651 ού
1722 3603 1817 3672 μὸ-

210 3710 289 3742 νον
348 3690 459 3749 υίὸς
510 3685 623 3739 ἔστι
670 3692 762 3738 τοῦ
818 3682 1007 3754 Δαυίδ,
1066 3685 1195 3739 ἀλλὰ
1253 3691 1342 3739 καὶ
1390 3690 1582 3761 Κύριος
1634 3688 1815 3744 αὐτοῦ.

212 3785 323 3856 Χρὴ
392 3773 454 3830 δὲ
502 3778 638 3850 ἡμᾶς
692 3775 1008 3851 ἑρμηνεῦσαι
1061 3780 1149 3828 καὶ
1200 3784 1375 3831 τοῦτο.
1446 3783 1583 3836 Φησὶ
1638 3781 1740 3854 γὰρ
1794 3781 1819 3832 6

212 3864 382 3922 Δανῑδ
428 3867 512 3919 ὁτι
571 3887 584 3900 ·
620 3867 770 3919 Εἶπεν
818 3866 844 3917 6
904 3868 1092 3932 Κύριος
1140 3871 1229 3919 καὶ
1290 3871 1468 3943 Πατὴρ
1522 3876 1595 3939 τῷ
1647 3874 1821 3943 Κυρίῳ

210 3980 309 4032 μου
365 3961 457 4011 καὶ
508 3958 613 4027 Υἰῷ
666 3955 849 4026 αύτοῦ,
892 3963 964 4026 τῷ
1008 3963 1243 4028 Χριστῷ,
1291 3959 1423 4029 μετὰ
1465 3962 1558 4017 τὴν
1608 3959 1678 4022 εἰς
1740 3959 1823 4011 ού-

211 4052 369 4125 ρανὸν
423 4045 702 4117 ἀνάληψιν,
763 4046 843 4098 ὅτι
903 4046 1077 4098 Κάθου
1130 4043 1183 4098 ἔκ
1233 4042 1415 4109 δεξιῶν
1461 4068 1585 4121 μου,
1636 4052 1821 4120 ἤγουν,

216 4138 445 4193 ἀπόλαυε
498 4144 595 4198 τῆς
642 4134 770 4208 ἐμῆς
827 4133 1123 4209 βασιλείας,
1178 4136 1453 4211 ὁμόθρονος
1502 4144 1588 4192 καὶ
1647 4140 1825 4212 ὁμότι-

217 4250 305 4303 μος
354 4227 475 4301 ἐμοὶ
526 4222 742 4297 διοίγων.
804 4224 1026 4297 Ἐχθροὶ
1100 4220 1158 4277 δε
1222 4233 1313 4278 τοῦ
1357 4233 1594 4300 Χριστοῦ
1659 4227 1707 4281 ἄν
1738 4232 1829 4302 μὲν

221 4320 501 4379 αἰσθητοῖς
581 4318 979 4391 προηγουμένως
1053 4310 1325 4385 Ἰουδαῖοι,
1432 4314 1544 4371 εἶτα
1592 4318 1831 4383 Έλληνες
1863 4338 1910 4396 D

221 4416 309 4463 καί
368 4409 647 4484 αἱρετικοίο
728 4402 778 4457 ἐν
852 4399 911 4457 δὲ
968 4411 1172 4467 νοητοῖς
1244 4407 1293 4458 οἱ
1350 4401 1617 4479 δαίμονες.
1667 4408 1725 4462 '0
1775 4406 1834 4463 δε

224 4502 437 4574 Μάρκος
496 4500 679 4567 φησὶν,
746 4494 828 4546 ὅτι
874 4500 1027 4547 τοῦτο
1078 4494 1234 4568 ἔλεγε,
1317 4490 1593 4551 διδάσκων
1663 4497 1712 4552 ἐν
1763 4508 1835 4572 τῷ

229 4593 365 4663 ἱερῷ,
439 4589 536 4638 καὶ
588 4585 669 4637 ὅτι
729 4585 756 4635 6
816 4582 973 4644 πολὺς
1038 4583 1148 4657 (91)
1226 4584 1382 4658 ὄχλος
1439 4587 1621 4647 ἦκουεν
1674 4589 1836 4644 αὐτοῦ

229 4675 417 4740 ἡδέως.
476 4674 639 4737 Εἰκὸς
684 4676 809 4747 γὰρ,
878 4673 1033 4726 αὐτὸν
1087 4682 1291 4748 πρῶτον
1367 4679 1459 4749 μὲν
1512 4676 1840 4752 ἐπερωτῆσαι

232 4772 345 4841 περὶ
403 4767 596 4818 τούτου
672 4766 790 4825 τοὺς
859 4768 1198 4837 Φαρισαίους,
1262 4761 1374 4819 εἶτα
1449 4764 1672 4832 διδάξαι
1721 4775 1841 4845 περὶ

236 4860 419 4909 τούτου
444 4858 536 4908 καὶ
562 4853 611 4907 ἕν
637 4862 709 4924 τῷ
737 4855 855 4927 ἱερῷ
881 4856 968 4906 τὸν
990 4854 1167 4927 ὄχλον.

300 4950 411 5003 Καὶ
465 4977 540 4986 --
595 4943 787 4999 ούκέτι.
870 4942 1078 4998 Μελλων
1164 4946 1266 5022 γὰρ
1327 4944 1411 5001 ἐπὶ
1473 4949 1558 5002 τὸν
1630 4950 1821 5006 Θάνατοπ

2030 4948 2213 5009 Vers.
2260 4951 2349 5005 46.
2395 4947 2476 5004 Et
2503 4977 2572 4989 —
2597 4947 2877 5018 amplius.
2916 4948 3002 5004 Ad
3035 4952 3285 5006 mortem
3316 4948 3476 5006 enim
3505 4964 3619 5022 ap-

236 5036 415 5107 ἓλθιῖν,
454 5038 528 5089 τὰ
557 5033 829 5089 τελευταῖα
872 5036 1079 5099 τούτοις
1128 5032 1403 5110 διελέχθη,
1461 5043 1551 5093 καὶ
1596 5039 1657 5094 ού
1695 5045 1821 5116 μόνο

1962 5040 2380 5116 propinquans
2414 5037 2489 5094 de
2524 5037 2801 5111 perfectis
2840 5038 3119 5095 disseruit
3156 5054 3296 5097 cum
3330 5038 3464 5110 illis,
3508 5053 3621 5096 nec

306 5220 354 5258 η
382 5220 589 5291 Marc.,
620 5232 695 5311 xu
722 5217 816 5273 36.
893 5216 943 5253 ³ο
968 5214 1126 5276 Psal.
1156 5232 1271 5294 arx,
1306 5218 1363 5279 1.
1450 5220 1497 5258 ²¹
1532 5223 1707 5281 Marc.
1731 5228 1839 5296 x11,
1872 5220 1962 5291 33,
1993 5223 2082 5280 37.

1418 5396 1643 5473 Variae
1694 5401 2021 5474 lectiones
2060 5413 2127 5472 et
2164 5411 2369 5472 note.

317 5596 433 5673 (90)
461 5602 577 5656 Υίὸν
608 5607 700 5654 τοῦ
741 5605 901 5669 Θεοῦ,
942 5595 1089 5668 ἀλλά,
1120 5604 1185 5656 Α.
2049 5601 2165 5675 (91)
2186 5599 2306 5654 Ὀτι
2344 5598 2522 5664 πολύς,
2558 5601 2624 5654 Α.

326 5778 408 5851 (ς)
439 5780 522 5837 De
540 5779 826 5852 perfectis.
865 5777 1099 5838 Ultimo.
1130 5781 1300 5836 Forte
1329 5780 1398 5834 τὰ
1424 5780 1592 5835 τέλεια
1619 5779 1863 5853 legerat.

504 5877 720 5935 Parnm.
764 5878 875 5935 Gn.
924 5875 1177 5935 CXXIX.
3288 5876 3356 5930 19
