4178 6410
559 316 663 371 587
1889 290 2237 356 EUTHYMII
2276 288 2607 349 ZIGABENI
3846 290 3948 347 588

562 441 763 500 solum
792 454 862 497 os
886 438 971 496 eis
995 434 1335 505 obduravit,
1360 432 1467 491 sed
1487 436 1543 490 et
1567 432 1841 489 timorem
1873 428 1931 485 in
1959 426 2212 481 futurum

2295 418 2590 492 .ἐφιμωσεν
2635 421 2845 486 αὐτοὺς,
2899 418 3027 471 ἀλλὰ
3055 422 3141 470 καὶ
3189 415 3260 476 εἰς
3307 419 3366 467 τό
3419 416 3535 479 ἑξῆς
3586 414 3740 488 φόϐον
3775 414 3945 478 αὐτοῖς

561 531 714 605 ipsis
740 528 1010 587 incussit.

908 528 1010 586 sit.
2337 509 2558 568 ἐνέϐαλε,

637 621 795 680 CAP.
825 622 1019 677 XXIII.
1042 618 1208 675 Vers.
1244 612 1260 673 ἰ
1298 618 1456 672 Tunc
1475 646 1543 657 —
1571 614 1708 669 suis.
1732 614 1915 677 Tunc,
1934 606 2183 680 quando
2203 611 2227 656 ?

2408 620 2555 672 ΚΕΦ.
2622 616 2739 673 ΛΓ’.
2821 624 2948 671 Τότε
3038 648 3105 657 —
3166 615 3344 668 αὐτοῦ.
3417 619 3564 681 Τότε,
3646 617 3786 680 πότε,
3824 612 3944 666 Ὅτε

560 711 887 784 Postquam
904 714 1193 766 tentantes
1210 705 1553 763 refrenavit:
1580 709 1906 776 postquam
1932 698 2141 763 eﬁ‘ecit,
2164 713 2210 751 u‘

2335 722 2623 795 ἐχαλίνωσε
2670 729 2789 786 τοὺς
2837 725 3192 798 τειράζοντας,
3243 724 3323 774 ὅτε
3372 724 3606 787 ἔστησεν,
3657 723 3791 773 ὥστε
3831 720 3940 792 (92)

563 802 824 874 amplius
836 815 954 857 non
974 799 1262 856 auderent
1278 796 1447 852 illum
1473 796 1839 863 interrogare
1866 810 1877 849 :
1898 794 2213 862 postquam

2333 819 2520 887 μηκέτι
2607 816 2797 888 τολμᾷν
2877 816 3200 889 ἐπερωτῆσαι
3278 812 3455 878 αὐτόν,
3516 812 3598 864 ὅτε
3682 806 3941 873 ἀπέδειξεν

562 890 994 948 demonstravit
1023 904 1125 945 eos
1153 884 1674 943 immedicabiliter
1693 886 2003 951 aegrotare.

1200 884 1674 942 nmedicabililel‘
1693 886 2003 951 θῗιὲτοίδσΓθθ
2333 884 2520 957 ανίατα
2550 884 2850 967 νόσονντας.

631 998 794 1056 Vers.
845 1001 899 1054 2.
952 998 1286 1054 Dicens:-
1321 994 1483 1049 Vers.
1546 991 1598 1045 3.
1649 1006 1724 1047 ne
1770 988 2048 1061 feceritis.
2108 988 2225 1043 Mo-

2406 998 2583 1065 Λέγων
2615 1027 2680 1036 —
2723 999 2794 1067 μὴ
2826 1001 3037 1047 ποιεῖτε.
3094 1000 3196 1045 Τοῦ
3249 998 3561 1055 Μωσαῑκοῦ,
3610 994 3762 1062 φησὶ,
3824 992 3942 1065 θρό-

562 1090 759 1155 ειιὶοω,
801 1087 1011 1159 inquit,
1045 1086 1219 1154 sedis,
1249 1100 1383 1157 quas
1424 1082 1737 1138 doctorum
1772 1085 1877 1143 est,
1912 1078 2047 1133 facti
2087 1083 2212 1132 sunt

2332 1088 2440 1150 νου,
2469 1092 2558 1137 τοῦ
2589 1082 2995 1147 διδασκαλικοῦ,
3050 1079 3309 1154 διάδοχοι
3337 1086 3607 1153 γεγόνασι.
3661 1082 3755 1132 Δια
3791 1086 3941 1131 τοῦτο

561 1192 939 1235 successores
974 1193 985 1231 :
1015 1176 1150 1231 ideo
1181 1188 1519 1245 quaecunque
1545 1172 1798 1225 dixerint
1829 1169 1982 1225 vobis
2013 1175 2075 1223 ut
2107 1184 2211 1223 ser-

2333 1176 2523 1238 πάντα,
2607 1177 2707 1227 ὅσα
2790 1176 2850 1225 ἄν
2944 1176 3156 1225 εἴπωσιν
3258 1173 3378 1243 ὑμῖν
3466 1178 3659 1244 τηρεῖν,
3744 1177 3943 1243 τηρεῖτε

558 1269 712 1332 vctis,
746 1274 973 1324 servate
1002 1272 1056 1322 et
1082 1265 1304 1335 facile;
1337 1278 1457 1318 non
1484 1261 1643 1317 enim
1676 1276 1810 1333 quae
1843 1274 1952 1314 sua
1985 1263 2121 1312 sunt
2146 1258 2208 1312 di-

2332 1268 2421 1315 καὶ
2478 1270 2688 1318 ποιεῖτε.
2746 1263 2820 1314 Οὐ
2852 1264 2950 1335 γὰρ
2985 1264 3048 1313 τὰ
3098 1262 3289 1314 ἑαυτῶν
3338 1261 3600 1332 λέγουσιν,
3660 1261 3742 1311 ὅτε
3789 1255 3942 1311 ὸιδά-

559 1360 700 1413 cunt
740 1355 989 1428 quando
1027 1355 1267 1421 docent,
1310 1352 1416 1408 sed
1463 1366 1599 1423 quae
1654 1349 1774 1414 Dei,
1821 1354 1877 1403 et
1925 1364 2059 1419 qua:
2118 1364 2209 1418 pe]

2335 1372 2572 1423 σκουσιν,
2644 1352 2770 1405 ἀλλὰ
2827 1361 2916 1404 τοῦ
2974 1360 3126 1408 Θεοῦ,
3209 1355 3299 1402 καὶ
3351 1352 3450 1402 ὅσα
3509 1346 3603 1401 διὰ
3682 1352 3943 1410 Μωυσέως

558 1447 784 1502 Mosem
810 1448 1031 1501 statuta
1060 1446 1215 1499 sunt.
1252 1444 1396 1497 Cum
1430 1445 1631 1496 autem
1663 1439 1802 1494 dicit
1844 1438 2065 1503 omnia,
2098 1453 2208 1493 non

2333 1442 2689 1514 ἐνομοθέτησε.
2754 1444 2931 1495 Πάντα
2989 1438 3048 1494 δέ
3105 1441 3279 1509 εἰπὼν,
3343 1440 3401 1491 οὗ
3450 1445 3625 1491 πᾶσαν
3673 1438 3808 1509 λέγει
3853 1442 3941 1496 τὴν

561 1551 742 1592 omne
763 1534 1034 1604 intelligit
1051 1537 1357 1599 statutum,
1383 1537 1528 1604 puta
1548 1531 1623 1585 de
1651 1529 1958 1585 sacriﬁciis
1980 1544 2211 1601 quoque

2331 1536 2661 1605 νομοθεσίαν,
2720 1534 2824 1585 οἷον
2877 1537 2966 1584 καὶ
3042 1534 3109 1583 τὰ
3186 1535 3304 1606 περὶ
3358 1531 3551 1582 θυσιῶν
3596 1530 3780 1580 καὶτά
3827 1534 3942 1601 περὶ

563 1640 635 1682 ac
675 1624 847 1690 cibis,
890 1623 1147 1695 aliisque
1190 1621 1517 1677 similibus.
1567 1622 1697 1685 Quo
1741 1619 1900 1675 enim
1945 1624 2122 1690 pacto
2160 1618 2213 1674 id

2333 1621 2624 1695 βρωμάτων
2686 1627 2774 1674 καὶ
2830 1624 2896 1673 τὰ
2940 1628 3171 1673 τοιαῦτα’
3250 1628 3360 1681 πῶς
3428 1621 3529 1691 γὰρ
3584 1618 3617 1670 οἶ
3671 1616 3941 1691 προλαϐὼν

553 1712 809 1787 juberet,
838 1729 976 1769 cum
1008 1713 1069 1768 in
1099 1710 1569 1785 praecedentibus
1596 1710 1780 1765 ﬁnem
1801 1708 1891 1763 his
1918 1708 2203 1780 imposue'

2328 1714 2549 1764 ἔπαυσεν
2604 1728 2617 1777 ς
2678 1711 2804 1763 ἀλλά
2850 1713 3021 1763 πάντα
3077 1711 3276 1770 πάντως
3336 1712 3400 1761 τὰ
3456 1704 3769 1782 διορθοῦντα
3818 1704 3943 1769 ἦθος

559 1804 688 1861 rit?
727 1803 831 1859 sed
867 1802 1071 1859 omnia
1110 1801 1458 1873 simpliciter
1496 1816 1631 1872 quee
1672 1815 1871 1855 mores
1912 1799 2209 1870 corrigunt

2291 1808 2416 1853 ’καὶ
2462 1801 2767 1874 βελτιουντα
2824 1804 3034 1875 τρόπον,
3117 1804 3207 1851 καὶ
3269 1803 3340 1871 μὴ
3411 1796 3783 1850 ἀντιπίπτοντα
3838 1804 3941 1859 τοῖς

561 1908 631 1950 ac
661 1891 938 1949 meliores
972 1891 1250 1958 reddunt,
1284 1907 1392 1946 nec
1424 1889 1785 1960 evangelicis
1831 1889 2211 1959 dogmatibus

2330 1891 2683 1963 εὖαγγελικοῖς
2752 1887 3104 1962 διατάγμασι.
3177 1891 3323 1941 Κατὰ
3378 1884 3436 1940 δὲ
3482 1890 3547 1940 τὰ
3597 1889 3726 1961 ἔργα
3776 1886 3942 1939 αὐτῶν

558 1984 858 2040 contraria
874 1986 1033 2038 sunt.
1057 1982 1234 2037 Juxta
1255 1995 1437 2051 opera
1455 1996 1592 2037 vero
1610 1994 1812 2036 eorum
1835 1994 1909 2035 ne
1919 1980 2208 2048 feceritis;

2328 1985 2399 2053 μὴ
2467 1989 2679 2034 ποιεῖτε.
2744 1981 3005 2032 Ἀνοίκεια
3064 1980 3164 2054 γάρ
3227 1978 3331 2029 εἰσι
3394 1984 3504 2037 ταῖς
3564 1972 3942 2035 διδασκαλίαις

560 2071 687 2128 suis
720 2087 987 2144 namque
1024 2071 1311 2127 doctrinis
1347 2070 1767 2136 adversantur,
1801 2084 2024 2139 easque
2055 2084 2210 2124 coar-

2328 2070 2518 2138 αὐτῶν,
2571 2075 2661 2122 καὶ
2716 2066 3085 2142 διεφθαρμένα.
3175 2064 3422 2129 Ἐδίδαξε
3496 2070 3687 2128 τοίνυν,
3743 2066 3825 2116 ὅτι
3886 2062 3941 2115 οὐ

560 2166 771 2233 guunt.
791 2160 1001 2218 Docuit
1026 2175 1167 2231 ergo
1188 2175 1310 2217 non
1332 2163 1604 2231 oportere
1626 2159 1685 2214 in
1712 2162 2109 2230 praeceptores
2136 2159 2210 2214 in-

2329 2163 2437 2234 χρὴ
2488 2159 2963 2221 κατεξανίστασθαι
3017 2165 3113 2209 τῶν
3156 2153 3513 2222 διδασκάλων,
3570 2156 3612 2207 εἰ
3668 2159 3758 2207 καὶ
3816 2156 3944 2226 φαύ-

560 2266 823 2322 surgere,
851 2250 1348 2322 etiamsipravam
1371 2248 1636 2304 habeant
1656 2249 2173 2304 conversationem
2203 2264 2210 2305 :

2328 2248 2420 2307 λην
2472 2252 2661 2321 ἔχουσι
2717 2248 2999 2315 πολιτείαν,
3062 2246 3189 2297 ἀλλὰ
3234 2248 3506 2299 πείθεσθαι
3538 2248 3626 2317 μεν
3670 2252 3731 2317 τῇ
3782 2240 3943 2296 διδα-

559 2340 665 2396 sed
689 2339 972 2396 doctrinae
996 2339 1242 2412 quidem
1270 2354 1477 2395 eorum
1504 2337 1769 2402 obedire,
1802 2337 1985 2393 vitam
2018 2343 2209 2393 autem

2332 2337 2523 2410 σκαλίᾳ
2569 2341 2784 2405 τούτων,
2859 2342 2927 2409 μη
2988 2338 3263 2409 μιμεῖσθαι
3314 2332 3372 2388 δὲ
3419 2338 3507 2388 τόν
3565 2332 3767 2396 ἀνάξιον
3826 2333 3944 2407 βίον

558 2432 768 2487 eOrum
815 2429 1131 2499 indignam
1171 2444 1295 2484 non
1334 2427 1566 2483 imitari.
1620 2426 1903 2483 Doeentes
1954 2443 2208 2500 namque

2329 2428 2517 2481 αὐτῶν.
2572 2428 2900 2490 Ἀξιόπιστοι
2970 2430 3058 2498 μὲν
3115 2428 3217 2500 γάρ
3280 2425 3382 2478 εἰσι
3443 2421 3810 2493 διδάσκοντες,
3852 2423 3943 2476 οὐκ

556 2519 677 2576 ﬁde
708 2519 875 2591 digni
907 2524 1063 2585 sunt,
1098 2523 1157 2575 at
1187 2534 1310 2574 non
1350 2522 1490 2573 sunt
1519 2517 1844 2573 imitatione
1875 2515 2041 2587 digni
2074 2533 2206 2573 con-

1543 2517 1844 2573 mitationc
1875 2515 2041 2587 digni
2074 2533 2211 2573 con-
2330 2516 2671 2580 ἀξιοζηλωτοι
2695 2514 2754 2569 δὲ
2779 2516 3186 2588 πολιτευόμενοι,

556 2615 880 2667 versantes.
968 2620 971 2623 '

629 2698 827 2756 Potest
846 2703 1046 2755 autem
1076 2702 1133 2755 et
1163 2697 1331 2754 aliter
1350 2696 1487 2763 dici,
1511 2695 1674 2769 quod
1702 2696 1846 2769 quia
1868 2696 1947 2752 ad
1971 2712 2215 2755 servan-

2398 2712 2551 2765 ’Ἑστι
2612 2710 2670 2766 δὲ
2721 2716 2809 2765 καὶ
2871 2713 3036 2786 ἕτερον
3083 2711 3262 2777 εἰπεῖν,
3327 2713 3396 2773 ὡς
3451 2710 3558 2764 ἐπεὶ
3617 2710 3785 2784 ἔμελλε
3851 2708 3942 2764 διὰ

558 2787 701 2845 dam
719 2788 979 2855 turbam,
1006 2789 1247 2845 tandem
1267 2787 1582 2844 manifeste
1604 2786 2074 2858 reprehensurus
2092 2795 2208 2844 erat

2328 2802 2557 2875 φυλακην
2604 2811 2696 2855 τοῦ
2749 2801 2911 2873 ὄχλου
2947 2804 3012 2853 τὰ
3078 2801 3345 2853 τελευταῖα
3390 2797 3668 2873 προδήλως
3723 2799 3942 2871 ἀπελέγ-

556 2879 751 2936 malas
780 2879 1022 2936 illorum
1058 2878 1439 2950 operationes
1473 2893 1485 2933 :
1522 2893 1598 2933 ne
1627 2882 1903 2949 putarent
1940 2878 2206 2950 quidam,

2324 2912 2440 2965 χειν
2471 2895 2565 2954 τὰς
2626 2895 2857 2964 πονηρὰς
2933 2891 3147 2965 πράξεις
3200 2891 3387 2955 αὐτῶν,
3452 2892 3534 2941 ἳνα
3565 2894 3653 2963 μὲν
3697 2895 3767 2963 μή
3802 2910 3940 2952 τινες

556 2969 723 3041 quod
739 2985 944 3026 amore
961 2968 1328 3041 principatus
1342 2984 1549 3025 eorum
1572 2968 2040 3024 calumniaretur
2054 2969 2206 3035 illos,

2324 2983 2593 3049 οὶηθώσιν,
2648 2984 2727 3034 ὅτι
2794 2984 2945 3056 ἔρωτι
3002 2990 3096 3043 τῆς
3173 2980 3350 3055 ἀρχῆς
3428 2980 3595 3032 αὐτῶν
3666 2976 3943 3031 διαϐάλλει

551 3057 900 3131 hujusmodi
946 3058 1209 3131 primum
1251 3064 1419 3114 curat
1468 3059 1896 3130 suspicionem,
1948 3059 2153 3114 dicens
2197 3076 2201 3116 :

2290 3075 2557 3145 τούτους,
2656 3072 3071 3145 προεθεράπευσε
3176 3074 3270 3127 τὴν
3390 3072 3637 3126 τοιαύτην
3739 3071 3940 3127 ὑπόλη-

557 3148 771 3205 Omnia
788 3163 1139 3221 quaecunque
1156 3148 1422 3205 dixerint
1440 3148 1598 3204 vobis
1622 3154 1685 3203 ut
1702 3148 1965 3216 servetis,
1988 3158 2207 3207 servate

2319 3162 2409 3233 φιν
2476 3160 2610 3234 (93),
2663 3161 2813 3212 εἰπών
2870 3177 2883 3189 ⁵
2974 3161 3169 3226 Πάντα,
3228 3161 3328 3211 ὅσα
3382 3157 3467 3211 ἐὰν
3547 3162 3762 3211 εἴπωσιν
3814 3160 3942 3231 ὑμῖν

552 3243 609 3294 et
626 3238 833 3307 facite,
865 3238 973 3294 etsi
1000 3254 1123 3293 non
1156 3243 1393 3309 propter
1435 3238 1619 3293 vitam
1659 3237 1921 3306 illorum,
1967 3244 2025 3293 at
2064 3255 2202 3311 pro-

2318 3258 2513 3322 τηρεῖν,
2573 3258 2775 3323 τηρεῖτε
2830 3254 2920 3301 καὶ
2968 3256 3178 3312 ποιεῖτε,
3220 3248 3261 3299 εἰ
3312 3252 3511 3320 καὶμὴ
3571 3244 3663 3300 διὰ
3692 3252 3776 3300 τόν
3824 3248 3944 3321 βίον

551 3331 682 3399 pter
731 3327 1081 3398 dignitatem
1136 3343 1206 3383 ac
1254 3326 1543 3382 doctrinae
1599 3328 1826 3382 sedem.
1877 3329 1960 3383 Ne
2004 3332 2201 3383 tamen

2321 3339 2509 3404 αὐτῶν,
2566 3337 2691 3391 ἀλλά
2735 3358 2792 3411 γε
2852 3336 2945 3391 διὰ
2997 3342 3081 3390 τόν
3130 3336 3357 3411 ἀρχικόν
3407 3342 3496 3390 καὶ
3552 3334 3944 3390 διδασκαλικόν

550 3416 802 3489 quidam
831 3410 1205 3472 adhaerentes
1240 3415 1525 3471 doctrinis
1557 3432 1784 3483 eorum,
1835 3416 2200 3474 imitarentur

2322 3431 2517 3503 θρόνον·
2600 3430 2681 3480 ἵνα
2749 3425 2807 3481 δὲ
2862 3434 2931 3500 μή
3005 3447 3155 3493 τινες,
3215 3429 3509 3499 πειθόμενοι
3567 3434 3685 3488 ταῖς
3742 3429 3946 3482 τούτων

550 3520 794 3577 quoque
818 3505 1088 3576 ipsorum
1117 3504 1324 3569 vitam,
1354 3504 1581 3560 addidit
1611 3521 1623 3560 :
1654 3506 1841 3561 Juxta
1867 3520 2041 3573 opera
2073 3520 2200 3561 vere

2322 3513 2718 3582 διδασκαλίαις,
2772 3518 3055 3578 ζηλὼσωσι
3110 3521 3195 3568 καὶ
3248 3520 3334 3568 τόν
3386 3515 3499 3589 βίον
3531 3516 3718 3587 αὐτῶν,
3773 3537 3943 3591 προσ-

550 3600 750 3650 acrum
780 3609 852 3648 ne
876 3593 1147 3663 feceritis.
1190 3596 1255 3649 Et
1284 3594 1365 3650 ita
1397 3594 1499 3650 ubi
1531 3611 1656 3650 sese
1690 3595 2030 3667 suspicione
2060 3594 2200 3650 libe-

2320 3608 2490 3675 έθηκε,
2553 3610 2697 3659 Κατά
2751 3604 2809 3659 δε
2853 3605 2918 3659 τὰ
2988 3610 3115 3679 ἔργα
3176 3605 3343 3657 αὐτῶν
3420 3610 3490 3677 μὴ
3560 3612 3768 3659 ποιεῖτε,
3838 3608 3945 3661 Καὶ

550 3684 721 3751 ravit,
753 3683 961 3755 incipit
990 3683 1540 3757 reprehensionem.

2320 3695 2477 3757 οὕτως
2544 3695 2835 3748 ἀνύποπτον
2908 3701 3247 3756 καταστήσας
3305 3695 3504 3761 ἑαυτὸν,
3570 3697 3798 3771 ἄρχεται
3852 3704 3944 3758 τῆς

2318 3791 2659 3861 κατηγορίας,

602 3864 786 3921 'Vers.
829 3863 882 3920 3.
923 3864 1516 3935 Dicunt—faciunt.
1555 3864 1696 3921 Vide
1732 3864 1891 3921 unde
1940 3864 2204 3937 incipiat.

2389 3879 2621 3946 Λέγουσι
2673 3906 2742 3915 --
2794 3882 3055 3931 ποιοῦσιν.
3120 3870 3254 3941 Ἴδε,
3313 3876 3467 3926 πόθεν
3513 3874 3759 3948 ἄρχεται.
3826 3882 3942 3937 Πᾶς

551 3954 901 4027 Quicunque
954 3960 1109 4011 certe
1154 3954 1348 4025 legem
1406 3953 1861 4025 transgreditur,
1920 3957 2201 4014 condem-

2316 3966 2405 4037 μὲν
2461 3968 2562 4037 γάρ
2629 3963 2961 4037 παραϐαίνων
3035 3967 3122 4017 τὸν
3206 3968 3359 4036 νόμον
3436 3959 3726 4024 καταδίκης
3788 3962 3939 4018 ἐστὶν

548 4044 790 4100 natione
804 4044 1021 4114 dignus
1042 4049 1161 4111 est;
1186 4049 1518 4117 praeceptor
1537 4050 1737 4099 tamen
1756 4046 1963 4117 triplici
1984 4048 2198 4117 dignus

2316 4053 2532 4116 ἆξιος·ὁ
2583 4051 2641 4106 δὲ
2678 4050 3004 4115 διδάσκαλος
3058 4052 3298 4129 τριπλῆς,
3352 4056 3431 4105 ὅτι
3491 4072 3545 4105 τε
3592 4052 3933 4128 παραϐαίνει,

549 4138 639 4190 est
670 4153 683 4193 :
712 4137 839 4190 tum
891 4134 1033 4207 quia
1072 4139 1478 4204 transgressor
1526 4138 1631 4199 est,
1684 4139 1809 4189 tum
1862 4136 2006 4207 quia
2054 4139 2199 4196 alios

2314 4148 2399 4195 καὶ
2455 4146 2535 4195 ὅτι
2589 4145 2613 4194 ό
2645 4148 2731 4195 καὶ
2779 4147 2898 4205 τοὺς
2950 4142 3130 4203 ἄλλους
3163 4140 3373 4214 ὀφείλων
3408 4139 3674 4215 διορθοῦν,
3726 4147 3816 4194 καὶ
3853 4145 3939 4197 ὅτι

546 4223 726 4281 debet
759 4226 1071 4295 corrigere,
1106 4229 1232 4280 tum
1272 4224 1409 4295 quia
1442 4230 1613 4279 nocet
1646 4224 1823 4279 etiam
1868 4226 2196 4299 discipulis.

1320 4224 1409 4278 uia
1442 4230 1613 4279 nocet
1646 4224 1823 4279 etiam
1868 4226 2203 4299 discipulis.
2317 4231 2538 4304 βλάπτει
2568 4235 2682 4292 τοὺς
2712 4234 2970 4303 μαθητάς.

615 4315 781 4372 Vers.
812 4315 864 4369 4.
888 4315 1165 4385 Alligant
1186 4346 1255 4353 —
1283 4314 1608 4370 hominum.
1633 4316 1824 4370 Onera
1846 4318 2049 4385 gravia
2064 4335 2204 4390 por-

2386 4324 2733 4393 Δεσμεύουσιν
2813 4352 2882 4363 —-
2956 4320 3260 4395 ἀνθρώπων.
3343 4325 3536 4392 Φορτία
3610 4322 3701 4393 μὲν
3759 4317 3938 4394 βαρέα

541 4409 795 4477 tatuque
819 4404 1105 4475 difﬁcilia,
1135 4409 1309 4461 vocat
1330 4404 1622 4461 altissima
1643 4409 1698 4460 et
1724 4406 2023 4479 exquisita
2053 4424 2191 4480 prae-

2311 4415 2401 4462 καὶ
2455 4407 2839 4463 δυσϐάστακτα
2884 4410 3021 4483 λέγει
3078 4412 3143 4461 τὰ
3219 4408 3483 4482 ἁκρότατα
3567 4415 3657 4462 καὶ
3735 4406 3932 4484 ἀκριϐῆ

542 4500 716 4567 cepta
744 4494 903 4549 circa
932 4495 1470 4550 conversationem.
1503 4496 1792 4552 Humeros
1821 4513 1961 4554 vero
1992 4514 2192 4570 opera-

2311 4500 2639 4572 ἐπιτάγματα
2707 4508 2797 4560 τῆς
2870 4500 3151 4560 πολιτείας·
3237 4498 3407 4572 ὤμους
3467 4495 3545 4563 δὲ,
3619 4502 3714 4557 τὴν
3791 4496 3938 4573 ἐνέρ-

542 4583 766 4639 tionem
821 4582 1157 4638 hominum.
1213 4585 1473 4654 Apparet
1516 4590 1715 4641 autem
1765 4585 1931 4658 quod
1984 4592 2192 4660 praeter

2309 4610 2452 4663 γειαν
2502 4600 2600 4643 τῶν
2654 4589 2957 4665 ἀνθρώπων.
3015 4592 3254 4643 Φαίνεται
3313 4585 3391 4655 δὲ,
3432 4591 3508 4641 ὅτι
3562 4593 3651 4641 καὶ
3681 4590 3746 4641 τὰ
3797 4590 3934 4665 ὑπὲρ

538 4672 735 4744 legem
765 4687 1008 4745 quoque
1035 4672 1237 4744 aliqua
1257 4672 1571 4743 jubebant.

1257 4672 1571 4743 jubebant.
2309 4684 2396 4733 τόν
2423 4689 2574 4753 νόμον
2608 4679 2897 4736 ἐπέταττον.

595 4762 779 4818 'Vers.
808 4762 863 4817 4.
894 4761 1089 4833 Digito
1122 4769 1319 4820 autem
1339 4795 1407 4803 —
1438 4780 1521 4820 ea.
1558 4768 1683 4821 Non
1709 4764 1904 4820 solnm
1932 4766 2196 4824 humeris

2378 4778 2461 4843 Τῷ
2491 4768 2549 4823 δὲ
2599 4766 2838 4842 δακτύλῳ
2896 4802 2965 4811 —
3018 4768 3172 4822 αὐτά.
3237 4768 3313 4820 Οὖ
3362 4771 3514 4840 μόνον
3574 4774 3681 4830 τοῖς
3722 4765 3930 4823 ἑαυτῶν

539 4851 664 4909 suis
688 4857 927 4925 portare
954 4852 1183 4923 nolunt,
1217 4870 1351 4926 quae
1377 4854 1629 4909 aliorum
1652 4855 1921 4909 humeris
1952 4857 2189 4914 ferenda

2308 4864 2469 4933 ὤμοις
2544 4860 2601 4912 οὗ
2676 4858 2953 4933 βούλονται
3054 4856 3348 4930 βαστάσαι,
3433 4857 3467 4909 οἷ
3554 4866 3663 4919 τοῖς
3739 4856 3930 4929 ἐτέρων

532 4946 873 5018 imponunt,
906 4948 969 5000 ut
1007 4960 1115 4999 suo
1156 4944 1430 5016 exemplo
1463 4945 1861 5016 promptiores
1899 4945 2030 5001 illos
2068 4948 2182 5003 red-

2306 4955 2469 5023 ὤμοις
2515 4949 2936 5024 ἐπιφορτίζουσιν
3023 4948 3158 5020 (94),
3222 4948 3303 4999 ἳνα
3350 4952 3439 4999 καὶ
3490 4956 3560 5017 τῷ
3618 4944 3929 5022 παραδείγ-

534 5036 700 5103 dant,
734 5036 838 5092 sed
883 5050 992 5090 nec
1032 5034 1216 5105 digito
1257 5050 1367 5090 suo
1407 5050 1477 5090 ea
1522 5050 1763 5090 movere
1806 5034 2028 5099 volunt,
2079 5038 2184 5095 hoc

2303 5060 2431 5113 ματι
2482 5042 2901 5114 προθυμοτέρους
2979 5038 3167 5097 αὐτοὺς
3242 5042 3559 5096 ποιήσωσιν*
3641 5035 3750 5088 ἀλλ’
3795 5035 3932 5091 οὐδέ

532 5131 637 5189 est,
668 5127 729 5182 in
759 5129 949 5199 parte,
974 5128 1030 5180 et
1051 5125 1323 5189 summis,
1354 5128 1418 5179 ut
1445 5125 1631 5190 aiunt,
1660 5124 1853 5195 digitis
1876 5127 2182 5198 attingere.

2300 5139 2373 5203 τῷ
2426 5127 2667 5203 δακτύλῳ
2749 5130 2918 5182 αὐτῶν
2981 5128 3190 5181 θέλουσι
3259 5135 3475 5186 κινῆσαι
3524 5127 3680 5193 αὐτὰ,
3750 5130 3937 5182 τουτὶ-

532 5216 680 5275 Dicit
726 5217 889 5273 enim
922 5220 978 5271 et
1014 5215 1205 5272 Lucas
1252 5232 1264 5273 :
1318 5216 1439 5272 Uno
1490 5215 1804 5287 digitorum
1852 5221 2181 5277 vestrorum

2302 5239 2438 5288 στιν,
2509 5217 2633 5275 οὐδε
2678 5228 2903 5295 μερικῶς
2958 5223 3047 5272 καὶ
3106 5216 3400 5296 ἁκροθιγῶς
3462 5216 3724 5291 ἅψασθαι.
3782 5220 3935 5279 Φησὶ

1706 5421 1934 5493 Variae
1968 5424 2309 5496 lectiones
2351 5433 2419 5495 et
2456 5434 2661 5495 notae.

602 5621 712 5701 (.92)
763 5621 863 5701 Pro
908 5620 1067 5701 ᾧστε,
1116 5622 1275 5693 apud
1334 5621 1637 5694 CilI‘ySOSi.
1696 5619 1814 5695 VII,
1878 5640 1936 5697 p.
1990 5624 2094 5679 700
2148 5625 2187 5680 E

1714 5619 1814 5695 ΠΙ,
1878 5640 1936 5697 p.
1990 5624 2094 5679 700
2148 5625 2187 5680 E
2509 5625 2812 5701 _’1‘7r66eo'w,
2843 5638 2950 5695 pro
2982 5622 3277 5701 ὑπόληψιν,
3301 5626 3364 5680 Α.

526 5688 739 5759 legitur
768 5697 837 5753 εὶς
865 5697 945 5747 τό.
1156 5688 1173 5693 “
1449 5688 1464 5694 ⁷
1801 5688 1811 5695 ’
1881 5688 1894 5697 ’

2370 5688 2483 5768 (94)
2508 5688 2863 5762 Ἐπιτιθέασι,⁵
2880 5710 2990 5768 pro
3022 5688 3464 5769 ἐπιφορτίζουσιν,
3500 5702 3561 5752 Α.
