4178 6434
205 340 303 396 589
1166 332 1533 392 COMMENT.
1576 329 1646 386 IN
1686 323 2118 385 MATTHAEUM.
2158 359 2225 368 —-
2256 328 2414 387 CAP.
2459 328 2665 386 XXIII.
3493 329 3602 385 590

205 469 299 540 γὰρ
349 468 445 517 καὶ
484 464 510 516 ὁ
541 466 771 528 Λουκᾶς,
808 462 888 515 ὅτι
926 460 1027 516 Ἑνὶ
1071 469 1170 513 τῶν
1230 459 1500 514 δακτύλων
1536 459 1676 531 ὑμῶν
1704 453 1815 527 (95)

1949 468 2116 511 mera
2150 471 2271 513 non
2303 457 2600 527 attingitis
2646 458 2713 511 ³³.
2768 454 3033 529 subditis
3062 453 3603 528 siquidemjubent

206 557 261 609 οὗ
313 553 651 630 προσψαύετε
699 559 811 613 τοῖς
859 556 1111 628 φορτίοις.
1156 556 1259 605 Καὶ
1289 558 1393 612 τοῖς
1446 553 1533 622 μὲν
1572 548 1820 604 ὑπηκόοις

1949 544 2338 618 exactissima,
2376 548 2487 603 sibi
2518 547 2667 619 ipsis
2719 550 2923 603 autem
2974 562 3221 603 omnem
3249 545 3604 618 permittunt

208 646 574 698 ἐπιτάττουσιν
604 641 876 716 ἰαρότητα
915 640 1058 715 βίον,
1093 641 1294 704 ἑαυτοῖς
1335 638 1394 694 δὲ
1423 646 1596 693 πᾶσαν
1636 633 1818 689 ἄδειαν

1949 633 2251 703 icentiam,
2288 654 2423 693 cum
2458 638 2827 694 contrarium
2859 636 2986 693 ﬁeri
3016 639 3320 709 oporteret
3353 658 3365 690 :
3394 639 3460 692 ut
3489 634 3604 691 sei-

208 740 564 811 ἐπιτρέπουσι,
612 729 728 786 δέον
761 732 1061 785 τοῦναντίον
1094 738 1282 801 ποιεῖν,
1337 734 1426 783 καὶ
1478 729 1690 788 ἑαυτοὺς
1728 727 1818 799 μὲν

1949 740 2093 795 psos
2115 726 2319 797 potius
2340 726 2794 793 arctarent,aliis
2825 743 2963 783 vero
2988 727 3181 782 multa
3204 726 3605 797 ignoscerent.

208 824 393 900 μᾶλλον
451 828 795 893 κατατείνειν,
851 821 1069 882 ἐκείνοις
1129 818 1187 875 δὲ
1257 824 1321 874 τὰ
1367 819 1529 873 πολλὰ
1586 836 1820 888 συγγνω-

2001 813 2172 870 Vers.
2206 820 2256 870 5.
2291 817 2501 873 Omnia
2524 850 2593 856 —
2618 818 2977 874 hominibus.
3013 816 3240 882 Omnia,
3272 832 3555 889 quaenam
3577 815 3606 870 ?

209 923 395 988 μονεῖν.
1932 905 2074 969 Quae
2101 905 2217 961 sibi
2241 907 2405 963 bona
2430 908 2724 964 videntur.
2752 911 2816 963 Et
2836 908 3093 963 observa
3113 908 3279 980 quod
3304 906 3605 977 praedictae

275 1008 458 1059 Πάντα
495 1036 567 1044 -
598 1002 914 1077 ἀνθρώποις,
978 1003 1175 1067 Πάντα,
1233 1007 1360 1054 ποῖα
1392 1017 1406 1068 ;
1437 1002 1514 1053 Τὰ
1568 994 1823 1050 δοκοῦντα

1949 995 2352 1051 ιοουεειῐίοῃθε
2384 997 2456 1053 de
2487 997 2833 1053 crudelitate
2879 1002 2935 1053 et
2974 997 3223 1068 segnitie
3254 1000 3461 1062 erant;
3489 995 3606 1051 hoc

212 1096 381 1157 αὐτοῖς
402 1093 565 1151 καλὰ.
606 1098 995 1168 Παρατὴρησον
1038 1087 1115 1162 δε,
1150 1094 1230 1144 ὅτι
1256 1094 1323 1144 τὰ
1351 1089 1708 1167 προρρηθέντα
1734 1087 1822 1158 μὲν

1949 1099 2073 1140 vero
2130 1085 2358 1142 crimen
2416 1091 2504 1143 est
2555 1087 2981 1143 insanientium
3036 1087 3115 1143 ob
3170 1103 3346 1143 vanae
3402 1085 3607 1157 glorias

212 1186 477 1260 ὠμότητος
512 1180 649 1242 ἦσαν
675 1187 765 1235 καὶ
802 1182 1069 1256 ῥᾳθυμίας
1108 1179 1429 1254 ἐγκλήματα,
1458 1186 1610 1231 τοῦτο
1642 1173 1700 1229 δὲ
1732 1171 1827 1227 δο-

1949 1174 2289 1245 ιρρθιὶῐυω.
2320 1175 2543 1232 Deinde
2570 1178 2831 1233 ostendit
2851 1177 3018 1250 quod
3046 1192 3242 1249 neque
3268 1177 3342 1231 de
3369 1174 3608 1245 magnis

212 1278 455 1349 ξομανίας
498 1270 533 1326 δ
541 1272 748 1331 meam.
799 1267 929 1324 Εἶτα
958 1267 1243 1337 δείκνυσιν,
1277 1273 1357 1323 ὅτι
1387 1265 1501 1322 οὐδ’
1533 1272 1616 1320 ἐπὶ
1663 1266 1829 1339 μεγά-

1949 1262 2280 1333 glorientur,
2316 1269 2520 1337 utpote
2561 1266 2816 1336 egregiis
2861 1266 3148 1338 operibus
3189 1265 3469 1329 destituti,
3501 1263 3609 1319 sed

209 1366 311 1429 λοις
368 1360 772 1438 φιλοδοξοῦσιν,
829 1363 1014 1436 ἔρημοι
1052 1362 1468 1435 κατορθωμάτων
1508 1362 1666 1419 ὄντες·
1719 1353 1825 1407 ἀλλ’

1949 1352 2011 1408 ie
2038 1354 2241 1425 parvis
2271 1355 2647 1427 quibusdam
2673 1361 2729 1413 et
2749 1356 2991 1423 vilibus,
3016 1356 3181 1429 quod
3206 1357 3405 1429 ipsum
3428 1369 3610 1426 auget

211 1453 293 1508 ἐπὶ
322 1460 543 1528 μικροῖς
570 1471 682 1505 τισι
730 1456 821 1503 καὶ
855 1450 1129 1521 εὐτελέσιν,
1180 1449 1205 1503 ὃ
1259 1455 1349 1503 καὶ
1390 1449 1516 1503 αὐτὸ
1547 1446 1823 1521 προσθήκη

1949 1442 2121 1500 etiam
2158 1444 2627 1503 accusationem.

210 1548 410 1616 γίνεται
441 1550 540 1606 τῆς
569 1538 604 1594 δ
610 1540 840 1602 ιαϐολῆς.

2009 1668 2176 1724 Vers.
2200 1674 2250 1725 5.
2275 1670 2554 1727 Dilatant
2574 1701 2643 1710 —-
2668 1686 2932 1727 suorum.
2951 1671 3085 1727 Haec
3106 1673 3274 1727 erant
3293 1670 3367 1727 de
3388 1670 3609 1745 quibus

1864 1786 1910 1843 Β
1939 1760 2232 1830 tanquam
2263 1759 2339 1815 de
2370 1760 2625 1831 egregiis
2663 1760 2951 1833 operibus
2988 1777 3141 1818 vane
3172 1761 3605 1833 gloriabantur.

1942 1848 2183 1919 Oportet
2215 1852 2417 1905 autem
2451 1856 2506 1905 et
2535 1850 2611 1905 de
2640 1850 2738 1906 his
2769 1849 2987 1906 dicere.
3021 1850 3168 1916 Quia
3194 1850 3476 1906 continue
3508 1850 3613 1906 Dei

1939 1936 2375 1994 beneﬁciorum
2392 1938 2920 2005 obliviscebantur,
2939 1940 3115 2011 jussit
3133 1956 3203 1997 ea
3225 1939 3381 1996 Deus
3397 1939 3612 1996 libellis

1942 2025 2213 2092 inscribi,
2274 2033 2330 2084 et
2382 2029 2804 2101 magistrorum
2864 2030 3125 2102 appendi
3185 2030 3493 2099 manibus,
3547 2034 3613 2084 ut

1945 2132 2182 2188 semper
2210 2118 2571 2189 viderentur,
2598 2123 2654 2175 et
2675 2118 2736 2174 in
2764 2120 3059 2175 memoria
3078 2118 3459 2175 haberentur.
3492 2119 3613 2173 Hu-

1937 2205 2202 2278 jusmodi
2242 2223 2382 2263 vero
2421 2207 2671 2263 libelluli
2719 2208 3089 2280 phylacteria
3126 2208 3502 2278 dicebantur,
3542 2224 3615 2264 eo

1944 2296 2111 2369 quod
2134 2296 2212 2352 ab
2230 2296 2534 2353 oblivione
2557 2303 2860 2353 servarent
2882 2314 2951 2354 ac
2980 2303 3373 2370 protegerent,
3396 2297 3429 2349 ἀ
3445 2301 3509 2350 πὸ
3525 2304 3616 2350 τοῦ

1946 2385 2203 2459 φυλάττω.
2278 2387 2536 2442 Rursum
2601 2403 2676 2443 ne
2742 2392 3185 2459 praeceptorum
3251 2388 3347 2443 Dei
3407 2387 3615 2443 oblivi-

1948 2481 2275 2543 scerentur,
2305 2476 2481 2547 jussit
2517 2480 2669 2533 Deus
2713 2478 3120 2549 fragmentum
3153 2477 3615 2551 hyacinthinum

1946 2566 2109 2622 assui
2134 2566 2306 2637 juxta
2336 2566 2521 2638 pedes
2552 2583 2672 2623 orte
2699 2567 3039 2640 palliorum,
3069 2573 3133 2623 ut
3165 2584 3405 2640 semper
3432 2583 3620 2640 appa-

1946 2672 2105 2723 rens,
2145 2655 2258 2712 hos
2288 2662 2729 2729 praeceptorum
2768 2658 2869 2713 Dei
2909 2673 3210 2714 memores
3242 2656 3520 2729 efﬁceret,
3564 2661 3621 2714 et

1946 2744 2077 2800 haec
2114 2745 2416 2801 vocabant
2458 2744 2758 2821 κράσπεδα,
2790 2747 2906 2804 hoc
2938 2753 3025 2803 est
3063 2747 3350 2816 ﬁmbrias.
3400 2747 3617 2803 Scrist

1947 2834 2145 2904 itaque
2185 2838 2241 2890 et
2272 2835 2552 2906 phariseei
2592 2842 2893 2907 praecepta
2923 2836 3168 2908 quidem
3210 2838 3617 2907 negligebant,

1946 2923 2299 2995 hujusmodi
2326 2928 2526 2980 autem
2553 2924 2689 2980 latis
2716 2925 3103 2997 phylacteriis
3139 2942 3269 2981 sese
3295 2926 3617 2991 ornabant,

1948 3013 2259 3084 dictasque
2306 3012 2578 3069 ﬁmbrias
2628 3014 2950 3084 palliorum
3001 3032 3245 3070 suorum
3288 3016 3619 3086 plurimum

1948 3102 2371 3158 distendebant
2396 3119 2406 3156 :
2428 3102 2521 3157 his
2537 3102 2857 3173 gloriantes
2872 3120 2941 3159 ac
2962 3105 3137 3159 stulte
3156 3121 3286 3159 sese
3299 3106 3616 3175 jactantes.

1950 3192 2086 3247 Haec
2100 3195 2298 3248 autem
2325 3193 2550 3248 Marcus
2562 3194 2748 3249 stolas
2762 3193 3085 3264 appellavit
3102 3193 3327 3257 ,dicens
3355 3193 3621 3261 :Prospi—

1950 3280 2081 3349 cite,
2107 3280 2225 3335 sive
2253 3288 2453 3337 cavete
2480 3297 2515 3337 a
2542 3282 2761 3338 Scribis
2784 3283 2890 3353 qui
2913 3288 3119 3339 amant
3141 3283 3202 3337 in
3229 3284 3394 3338 stolis
3417 3270 3639 3338 ambu-A

1953 3370 2078 3427 lare
2122 3373 2190 3423 ³³.
2239 3370 2522 3427 Similiter
2551 3376 2754 3428 autem
2785 3372 2932 3427 dixit
2977 3376 3033 3427 et
3061 3372 3255 3427 Lucas
3289 3374 3356 3425 ’3.
3401 3375 3515 3427 Nec
3559 3370 3622 3425 in

1951 3459 2045 3515 his
2085 3464 2323 3517 tantum
2361 3461 2449 3533 (ά)
2490 3477 2697 3518 amore
2735 3460 2944 3531 gloriae
2976 3460 3199 3518 inﬁrmi
3239 3467 3428 3519 erant.
3468 3460 3621 3517 Audi

281 1723 622 1778 Πλατύνουσι
668 1752 742 1763 —
794 1720 983 1775 αὐτῶν.
1048 1726 1227 1773 Ταῦτα
1281 1720 1370 1793 μὲν
1417 1714 1571 1786 ἦσαν,
1624 1716 1701 1790 ἐφ’
1758 1718 1831 1778 οἷς

214 1810 571 1881 ὶκενοδόξουν,
606 1814 675 1875 ὡς
733 1814 818 1864 ἐπὶ
847 1812 1246 1884 κατορθώμασι.
1316 1812 1430 1883 Χρὴ
1486 1804 1545 1861 δὲ
1594 1812 1683 1861 καὶ
1712 1812 1832 1882 περὶ

213 1908 410 1957 τούτων
447 1899 657 1956 ἐίπεῖν.
709 1902 854 1953 Ἐπεὶ
900 1902 1000 1976 γὰρ
1036 1908 1271 1972 συνεχῶς
1310 1898 1702 1951 ἐπελανθάνοντο
1732 1906 1831 1950 τῶν

216 1995 524 2070 εὐεργεσιῶν
579 1998 674 2044 τοῦ
732 1997 890 2057 Θεοῦ,
936 1989 1249 2064 προσέταξεν
1298 1990 1480 2049 όΘεὸς
1510 1987 1833 2062 ἐγγραφῆναι

216 2088 409 2144 ταύτας
451 2076 747 2156 βιϐλιδὼις
796 2084 888 2132 καὶ
935 2078 1284 2153 ἐξαρτηθῆναι
1339 2086 1434 2139 τῆς
1494 2080 1671 2152 χειρὸς
1733 2084 1832 2128 τῶν

218 2170 586 2237 διδασκάλων,
648 2172 784 2223 ὥστε
840 2166 934 2222 διὰ
978 2172 1171 2230 παντὸς
1222 2170 1449 2244 ὁρᾶσθαι
1506 2173 1596 2219 καὶ
1634 2186 1833 2240 μνημο-

219 2265 486 2318 νεῦεσθαι.
519 2266 619 2315 Καὶ
651 2262 958 2313 τὰτοιαῦτα
988 2256 1174 2332 βιϐλίδ
1180 2279 1233 2311 ια
1264 2258 1531 2331 ὠνόμαζον
1576 2257 1835 2330 φυλακτή-

222 2374 337 2429 ρια,
374 2349 470 2405 διὰ
514 2355 569 2404 τὸ
601 2350 878 2423 φυλάττειν
908 2354 997 2402 καὶ
1023 2351 1262 2424 ῥύεσθαι.
1298 2353 1396 2402 Καὶ
1430 2347 1605 2413 πάλιν,
1641 2348 1722 2399 ἵνα
1760 2349 1831 2417 μὴ

222 2442 666 2497 ἐπιλανθάνωνται
692 2448 793 2492 τῶν
824 2438 1037 2491 ἐντολῶν
1065 2445 1156 2491 τοῦ
1186 2443 1334 2505 Θεοῦ,
1360 2436 1589 2490 ἐκέλευσε
1618 2436 1838 2507 κλῶσμα

220 2535 517 2585 ὑακίνθινον
549 2530 988 2605 προσράπτεσθαι
1018 2536 1078 2602 τῇ
1112 2531 1247 2581 κατὰ
1291 2531 1410 2590 τοὺς
1449 2524 1615 2587 πόδας
1645 2531 1721 2600 ὥᾳ
1745 2531 1836 2577 τοῦ

226 2626 438 2691 ἱματίου
476 2621 672 2692 αὐτῶν,
723 2621 826 2687 ἶνα,
861 2621 1075 2673 πάντοτε
1104 2622 1427 2692 φαινόμενον,
1458 2618 1835 2691 ὑπομιμνήσκῃ

223 2718 443 2775 τούτους
496 2719 599 2765 τῶν
651 2709 882 2763 ἐντολῶν.
939 2714 1037 2763 Καὶ
1080 2711 1147 2762 τὰ
1180 2718 1399 2762 τοιαῦτα
1440 2706 1652 2760 ἐκάλουν
1678 2710 1839 2783 κράσ-

226 2799 379 2858 πεδα.
444 2804 513 2855 Οἱ
564 2808 691 2874 γοῦν
744 2806 1072 2874 Γραμματεῖς
1122 2805 1211 2852 καὶ
1263 2805 1541 2873 Φαρισαῖοι
1591 2807 1691 2850 τῶν
1749 2801 1838 2869 μὲν

226 2892 437 2946 ἰντολῶν
476 2891 722 2963 ἠμέλουν,
773 2893 838 2942 τὰ
888 2886 947 2942 δὲ
999 2897 1217 2943 τοιαῦτα
1274 2888 1601 2963 φυλακτήρια
1646 2886 1841 2940 πλατέα

224 2981 614 3041 κατεσκεύαζον
682 2979 907 3045 ἑαυτοῖς,
964 2984 1053 3031 καὶ
1126 2981 1193 3031 τὰ
1264 2979 1488 3054 ῥηθέντα
1561 2973 1840 3052 κράσπεδα

223 3081 329 3126 τῶν
394 3074 611 3143 ἱματίων
694 3070 864 3122 αὐτῶν
928 3068 1132 3141 μεγάλα
1206 3067 1503 3143 ἀπῃωρουν,
1568 3067 1837 3141 ἐναϐρυνόο

222 3179 377 3234 μενοι
432 3163 632 3221 τούτοις
661 3164 752 3212 καὶ
785 3158 1013 3221 ἀνοήτως
1060 3157 1500 3232 ἐνσεμνυνόμενοι,
1560 3165 1738 3211 Ταῖτα
1782 3154 1840 3210 δὲ
1872 3142 1915 3200 C

231 3251 421 3313 στολὰς
479 3253 505 3303 ὁ
566 3252 784 3325 Μάρκος
850 3248 1107 3315 ἐκάλεσεν,
1168 3249 1322 3301 εἰπών
1382 3269 1396 3283 ο
1473 3247 1682 3301 Βλέπετε
1739 3246 1838 3300 ἀπὸ

228 3349 331 3392 τῶν
387 3343 766 3414 γραμματέων,
821 3340 1005 3413 ἡγουν,
1066 3338 1403 3411 φυλάττεσθε,
1451 3348 1551 3391 τῶν
1598 3338 1840 3392 θελόντων

227 3428 275 3481 ἐν
379 3430 597 3493 στολαῖς
694 3436 1017 3504 περιπατεῖν.
1117 3429 1343 3502 Ὁμοίως
1428 3426 1487 3481 δὲ
1573 3426 1680 3481 εἶπε
1752 3433 1842 3481 καὶ

228 3521 253 3571 ὁ
306 3527 547 3582 Λουκᾶς.
612 3524 712 3573 Καὶ
778 3520 877 3575 οὐκ
949 3519 1000 3572 ἐν
1061 3522 1265 3582 τούτοις
1320 3524 1492 3592 μόνον,
1549 3518 1676 3571 ἀλλὰ
1754 3523 1843 3571 καὶ
1955 3548 2163 3622 itaque

236 3609 247 3622 ν
367 3610 379 3619 ρ
426 3615 436 3622 ι
800 3618 812 3622 _
929 3608 941 3621 ἱ
985 3612 995 3622 ι
1241 3614 1249 3622 1
1410 3608 1427 3622 \
1484 3605 1507 3622 ﬂ
1544 3609 1591 3622 ν.
1744 3615 1780 3622 --
1828 3614 1836 3622 ι
2176 3592 2189 3605 .

229 3609 275 3662 ἐν
356 3610 554 3685 ἑτέροις
630 3618 845 3684 μικροῖς
920 3608 1130 3665 ἐνόσουν
1193 3614 1289 3668 τὴν
1354 3605 1674 3683 φιλοδοξίαν.
1744 3614 1845 3662 Καὶ

230 3702 413 3756 ιὶκουε.

302 3790 528 3845 Φιλοῦσί
655 3810 711 3843 τε
796 3820 867 3832 -
981 3796 1330 3862 συναγωγαῖς.
1453 3789 1840 3865 Πρωτοκλισίαν

2028 3769 2192 3826 Vers.
2234 3774 2285 3827 6.
2318 3771 2661 3844 Amantque
2698 3804 2767 3812 ——
2801 3772 3145 3844 synagogis.
3175 3773 3409 3830 Primos
3449 3790 3629 3833 accu-

232 3879 343 3933 εἷπε
396 3886 489 3933 καὶ
550 3876 1035 3956 πρωτοκαθεδρίαν,
1087 3876 1228 3933 διότι
1290 3877 1339 3931 ἐν
1410 3882 1500 3952 μὲν
1570 3887 1675 3941 τοῖς
1733 3877 1840 3933 δεί-

1960 3859 2132 3927 bitus,
2158 3860 2325 3925 dixit,
2347 3860 2405 3916 in
2424 3862 2632 3926 omnis,
2652 3877 2724 3919 ac
2744 3862 2943 3932 prima
2961 3862 3173 3919 sedilia
3192 3862 3254 3919 in
3276 3866 3625 3935 synagogis.

228 3990 381 4033 mea;
466 3969 810 4041 ἁνεκλίνοντο,
884 3967 932 4021 ἐν
1004 3966 1064 4023 δὲ
1126 3977 1243 4031 ταῖς
1329 3978 1658 4042 συναγωγαῖς
1734 3969 1840 4022 ἐκά-

1959 3952 2110 4005 Nam
2138 3949 2199 4006 in
2226 3951 2412 4006 caenis
2436 3951 2894 4018 accumbebant,
2927 3952 2989 4007 in
3017 3954 3343 4025 synagogis
3370 3969 3510 4011 vero
3536 3972 3632 4011 se-

231 4063 413 4121 θςντο.
790 4038 801 4041 -
1469 4038 1478 4042 ⁷
1548 4038 1557 4041 ’
1963 4038 2217 4097 debant.

300 4154 410 4205 Καὶ
441 4148 737 4203 -Ῥαϐϐί.
794 4148 1011 4202 Φιλοῦσι
1067 4152 1158 4201 καὶ
1204 4151 1326 4211 τοὺς
1378 4147 1714 4222 ἀσπασμοὺς,
1756 4152 1840 4202 εἶτε

2034 4132 2195 4185 Vers.
2236 4134 2289 4186 7.
2326 4131 2417 4187 Ac
2446 4162 2515 4172 —
2546 4132 2753 4189 Rabbi.
2790 4135 3010 4187 Amant
3050 4131 3457 4199 salutationes,
3503 4136 3629 4192 sive

228 4245 348 4301 τοὺς
402 4243 764 4312 σωματικοὺς,
806 4241 905 4291 εἴτε
951 4242 1041 4291 καὶ
1090 4242 1214 4301 τοὺς
1268 4235 1362 4291 διὰ
1408 4244 1840 4315 προσφωνήσεως.

1962 4234 2208 4289 corpore
2246 4218 2412 4287 ﬁant,
2453 4222 2571 4277 sive
2612 4220 3035 4293 appellatione.
3068 4222 3285 4277 Amant
3335 4227 3390 4278 et
3426 4225 3632 4280 vocari

231 4331 455 4383 Φιλοῦσι
496 4333 587 4381 καὶ
608 4328 884 4381 καλεῖσθαι
913 4330 1012 4380 ὑπὸ
1051 4337 1151 4380 τῶν
1174 4326 1458 4401 ἀνθρώπων
1505 4325 1840 4385 διδάσκαλοι.

1962 4308 2041 4365 ab
2096 4309 2446 4367 hominibus
2508 4310 2807 4381 magistri,
2860 4310 3028 4383 quod
3081 4311 3362 4368 Hebraice
3414 4312 3633 4370 dicitur

227 4418 412 4473 Ῥαϐϐὶ
443 4421 550 4493 γὰρ
578 4415 855 4491 Ἐϐραϊστὶ
888 4418 913 4470 ὁ
945 4397 1297 4478 διδάσκαλος..
1966 4397 2180 4493 Βᾶ-Ῑξὺί-

298 4508 475 4582 Ὑμεῖς
505 4539 575 4549 --
597 4506 730 4560 ἕστε.
754 4509 831 4561 Τὰ
859 4509 949 4580 μὲν
982 4506 1109 4559 ἀλλα
1134 4510 1296 4581 μέχρι
1329 4514 1423 4569 τῆς
1464 4504 1662 4561 ἐκείνων
1694 4528 1840 4569 κατη·

2044 4488 2213 4544 Vers.
2246 4493 2297 4546 8.
2341 4491 2450 4546 Vos
2481 4520 2549 4534 —
2580 4490 2733 4547 estis.
2767 4492 2990 4548 Caetera
3021 4491 3290 4563 quidem,
3324 4508 3520 4565 usque
3554 4494 3634 4550 ad

230 4605 415 4675 γορίας
475 4597 721 4663 ἔστησεν,
773 4600 838 4658 ὡς
906 4596 1077 4656 εὐτελῆ
1146 4602 1236 4650 καὶ
1302 4600 1371 4670 μὴ
1431 4592 1648 4671 δεόμενα
1699 4598 1840 4672 λόγοι

1965 4585 2209 4642 illorum
2238 4580 2528 4636 duntaxat
2553 4580 2836 4652 perduxit
2867 4582 3313 4637 accusationem
3338 4586 3634 4655 tanquam

233 4670 469 4752 πλείονος
500 4688 575 4750 εἰς
604 4683 891 4762 διόρθωσιν
922 4703 937 4717 ⁸
966 4691 1060 4745 τὴν
1110 4683 1169 4740 δὲ
1204 4686 1508 4760 φιλαρχίαν,
1552 4691 1620 4750 ὡς
1658 4670 1840 4742 πολλῶι

1965 4673 2128 4739 vilia,
2158 4687 2268 4727 nec
2290 4671 2367 4726 ad
2392 4670 2481 4725 sui
2506 4670 2933 4726 correctionem
2964 4670 3298 4741 longiorem
3329 4674 3637 4745 requiren-

237 4782 410 4833 αἰτίαιν
445 4786 647 4846 κακῶν,
683 4777 754 4840 εἰς
784 4781 945 4850 μέσον
961 4777 1096 4850 ἄγει,
1129 4782 1219 4830 καὶ
1242 4773 1548 4853 διορθοῦται
1576 4776 1836 4832 σπουδαιό

1969 4764 2052 4822 tia
2080 4776 2442 4819 sermonem.
2468 4761 2850 4832 Principalus
2884 4766 3083 4817 autem
3110 4778 3399 4830 amorem,
3432 4768 3639 4836 utpote

237 4889 403 4946 τερον.
435 4873 530 4928 Μὴ
586 4867 812 4927 κληθῆτε
844 4863 926 4939 δὲ,
959 4865 1071 4920 ἀντὶ
1098 4874 1210 4939 τοῦ,
1242 4850 1619 4941 μὴήζητὴσητε
1668 4869 1834 4929 κληθῆ

1971 4853 2303 4911 multorum
2337 4867 2583 4907 causam
2617 4850 2940 4917 malorum,
2977 4850 3033 4905 in
3066 4851 3334 4907 medium
3371 4852 3637 4921 adducit,

237 4980 338 5017 ναι.
373 4960 440 5014 Εἰ
465 4961 574 5033 γὰρ
626 4959 788 5034 ἕτεροι
817 4963 972 5011 τοῦτο
1006 4957 1254 5012 καλοῦσιν
1302 4958 1456 5031 ὑμᾶς,
1506 4958 1612 5033 οὐχ
1643 4960 1840 5036 ὑμετέρε

1977 4959 2047 5002 ac
2092 4942 2435 5013 diligentius
2480 4940 2750 5010 castigat.
2798 4940 2888 4999 Ne
2937 4940 3245 5006 vocemz‘m‘,
3298 4941 3361 4997 id
3405 4946 3513 5009 est,
3559 4946 3642 4999 Ne

238 5059 391 5105 τοῦτο
430 5050 791 5122 κατάγνωσις.

1975 5033 2180 5090 vocari
2197 5047 2431 5105 cupias.
2450 5033 2599 5087 Nam
2638 5031 2686 5085 si
2718 5047 2829 5086 vos
2849 5031 2933 5087 ita
2948 5034 3166 5087 vocent
3181 5030 3298 5100 alii,
3318 5046 3441 5088 non
3458 5032 3565 5087 erit
3580 5032 3643 5089 id

1979 5122 2062 5180 ad
2096 5126 2360 5180 vestram
2397 5119 2993 5178 condemnationem.

308 5306 363 5343 ’ί
399 5306 541 5362 Luc.
584 5318 666 5370 xx,
710 5305 800 5359 46.
916 5303 962 5338 ³³
1002 5302 1177 5359 Marc.
1216 5315 1319 5372 xu,
1362 5303 1454 5360 38.
1568 5302 1617 5338 ’⁵
1662 5304 1799 5360 Luc.
1840 5318 1941 5371 xx,
1985 5305 2074 5360 46.

1490 5428 1717 5500 Variae
1736 5428 2070 5498 lectiones
2101 5435 2167 5497 et
2198 5437 2401 5496 notae.

319 5577 429 5650 (93)
453 5575 655 5645 Ᾱῦτῶν,
691 5588 809 5649 pro
840 5572 1008 5646 ὑμῶν,
1033 5577 1098 5631 Α.

321 5758 407 5833 (d)
449 5760 731 5839 Tantum.
772 5754 844 5811 In
886 5751 1093 5810 Graeco
1134 5753 1376 5811 additur
1420 5770 1434 5811 :
1475 5751 1588 5811 Sed
1632 5759 1686 5810 et
1728 5752 1789 5810 in
1830 5752 1968 5812 aliis
2008 5750 2242 5826 exiguis
2281 5753 2479 5812 rebus.
