4178 6410
277 388 393 445 593

1181 391 1547 451 COMMENT.
1594 392 1662 449 IN
1702 384 2149 449 MATTHEUM.
2188 421 2259 434 —
2297 392 2457 452 CAP.
2496 398 2702 456 XXIII.

3563 406 3671 465 594

280 516 357 581 ὡς
414 521 551 590 μήτε
595 515 745 570 αὐτοὶ
791 515 1154 591 εἰσερχόμενοι
1202 519 1276 583 εἰς
1314 519 1497 589 αὐτὴν,
1551 517 1645 574 διὰ
1720 526 1812 580 τῆς
1861 535 1889 569 εκ

2011 518 2069 572 et
2107 532 2212 574 eos
2238 520 2343 593 qui
2382 523 2556 581 vobis
2588 525 2880 584 subsunt:
2907 529 2971 583 ut
2994 542 3186 601 neque
3215 527 3333 602 ipsi
3372 528 3673 605 ingrepia-

278 607 375 680 ἐμὲ
450 612 694 677 πίστεως,
765 612 898 679 μήτε
985 608 1166 669 ἄλλους
1231 608 1429 671 ἐῶντες.
1489 610 1900 686 Εἰσερχομένους

280 693 346 750 δὲ
401 695 544 769 λέγει
601 701 722 758 τοὺς
779 693 1129 767 ἐπιτηδείους,
1180 702 1297 760 τοὺς
1360 696 1676 774 δυναμένους
1738 699 1900 772 εἰσέρ-

278 788 512 859 χεσθαι.
584 788 777 859 Βαρεῖα
847 784 907 841 δε
971 796 1123 841 τοῦτο
1180 795 1494 861 κατηγορία.
1564 790 1622 844 Εἰ
1677 792 1777 863 γὰρ
1840 788 1898 839 τὸ

281 873 495 950 μηδένα
552 876 759 949 ὠφελεῖν
820 874 1107 949 καταδίκη,
1160 882 1216 932 τό
1275 884 1364 933 καὶ
1421 879 1667 954 βλάπτειν
1736 876 1901 948 ἀσύγ-

280 986 542 1039 γνωστον,
592 972 680 1020 καὶ
735 963 921 1042 ἀνδρὸς
982 967 1190 1041 λοιμοῦ.
1250 972 1399 1045 Παρά
1465 967 1524 1023 δὲ
1587 978 1658 1042 τῷ
1721 973 1901 1024 Λουκᾶ

285 1076 469 1129 φησιν,
518 1058 601 1110 ὅτι
648 1056 844 1131 ’Ἡρατε
894 1063 988 1117 τήν
1041 1056 1225 1113 κλεῖδα
1290 1068 1385 1122 τῆς
1444 1064 1703 1133 γνώσεως·
1766 1061 1899 1110 οὔτι-δ

280 1146 508 1209 καλέσας
566 1151 661 1207 τὴν
716 1147 786 1211 εἰς
848 1148 1004 1202 αὐτὸν
1062 1154 1261 1221 πίστιν,
1320 1152 1389 1213 ὡς
1455 1150 1772 1222 εἰσάγουσαν
1829 1147 1901 1208 εἰς

279 1240 379 1295 τὴν
426 1245 625 1310 γνῶσιν
670 1246 770 1291 τῶν
820 1237 984 1314 ὀρθῶν
1031 1235 1309 1313 δογμάτων
1353 1244 1441 1293 καὶ
1478 1247 1568 1301 τῆς
1599 1238 1896 1314 ἀπορρήτου

284 1331 496 1399 σοφίας,
574 1330 757 1388 ἥντινα
816 1324 999 1382 κλεῖδα
1056 1326 1207 1404 ἦραν,
1267 1330 1450 1403 ἣγουν,
1520 1327 1719 1403 ἀφεῖλον
1795 1326 1895 1380 ἀπὸ

278 1424 376 1471 τοῦ
404 1416 556 1471 λαοῦ.

354 1599 493 1653 Οὐαὶ
536 1630 607 1639 --
654 1601 816 1671 ὑμῶν.
867 1602 1163 1675 Περιάγετε,
1212 1599 1326 1654 ἀντὶ
1369 1607 1480 1667 τοῦ,
1532 1600 1891 1675 περιέρχεσθε,

279 1687 618 1763 διατρέχετε.
680 1690 1014 1763 Προσὴλυτον
1074 1689 1132 1743 δὲ
1190 1691 1451 1763 ὠνόμασεν
1516 1691 1541 1741 ό
1602 1693 1756 1761 νόμος
1808 1691 1893 1741 τόν

278 1780 336 1843 ἐξ
402 1776 807 1851 εἰδωλολατρίας
867 1779 1293 1855 προσεληλυθὸτα
1358 1787 1420 1854 τῇ
1482 1782 1736 1853 θρησκείᾳ
1794 1786 1894 1831 τῶν

2009 606 2155 662 mini
2186 625 2292 681 per
2317 612 2498 670 ﬁdem
2525 632 2662 689 qnae
2692 622 2780 673 est
2819 618 2878 673 in
2902 634 3016 683 me,
3046 633 3243 691 neque
3273 619 3424 677 alios
3463 621 3672 680 sinatis

2008 694 2263 766 ingredi.
2296 701 2699 773 lngredientes
2739 712 2942 764 autem
2994 707 3139 765 dicit
3183 724 3286 766 eos
3329 711 3439 783 qui
3479 713 3670 783 parati

2011 790 2151 841 sunt
2175 802 2244 845 ac
2268 799 2519 862 possunt
2542 796 2790 869 ingredi.
2840 797 3043 854 Gravis
3069 803 3155 854 est
3174 803 3378 857 autem
3407 800 3537 859 haec
3576 817 3673 861 ac-

2010 877 2254 933 cusatio.
2294 880 2446 939 Nam
2466 884 2513 939 si
2535 885 2680 941 nulli
2702 888 3003 958 prodesse,
3051 887 3269 946 sufﬁcit
3288 888 3365 945 ad
3387 890 3667 950 condem-

2010 965 2334 1037 nationem,
2404 973 2508 1045 qui
2541 975 2718 1031 etiam
2759 981 2948 1043 nocet,
3008 992 3401 1052 nequaquam
3431 982 3669 1039 veniam

2011 1056 2305 1128 percipiet,
2352 1074 2491 1117 cum
2518 1063 2592 1119 sit
2620 1063 2937 1123 hominum
2967 1066 3173 1138 pestis.
3226 1069 3403 1141 Apud
3442 1072 3668 1128 Lucam

2009 1159 2149 1199 vero
2197 1146 2310 1203 ait:
2356 1149 2593 1209 Tulistis
2643 1154 2859 1211 clavem
2900 1156 3156 1214 scientiae
3198 1158 3267 1224 ³⁵,
3313 1158 3395 1216 ita
3440 1175 3667 1219 vocans

2006 1234 2181 1290 tidem
2233 1252 2369 1311 quae
2431 1240 2492 1296 in
2541 1258 2603 1299 se
2643 1248 2749 1311 est,
2794 1248 2994 1318 utpote
3058 1246 3537 1307 introducentem
3585 1249 3668 1309 ad

2008 1325 2317 1383 scientiam
2330 1335 2628 1389 rectorum
2643 1333 2999 1405 dogmatum
3013 1350 3083 1393 ac
3098 1336 3420 1395 ineffabilis
3434 1340 3666 1414 sapien-

2006 1413 2118 1480 tiae,
2150 1431 2337 1488 quam
2368 1418 2599 1478 clavem
2627 1423 2887 1480 tulerunt
2915 1425 3041 1482 sive
3083 1425 3461 1486 abstulerunt
3489 1444 3527 1487 a
3560 1444 3668 1503 po-

2004 1504 2169 1577 pulo.

2077 1596 2233 1652 Vers.
2281 1601 2363 1653 15.
2410 1599 2505 1657 Va:
2544 1632 2612 1642 —-
2647 1620 2821 1676 quam
2860 1620 2979 1663 vos.
3027 1606 3390 1675 Circumitis,
3425 1622 3668 1681 percur-

2003 1685 2146 1742 ritis.
2166 1686 2316 1743 Nam
2342 1689 2402 1745 id
2435 1691 2731 1762 signiﬁcat
2759 1694 2874 1751 hoc
2904 1696 3036 1753 loco
3065 1699 3359 1773 περιάγετε.
3395 1698 3666 1774 Prosely—

2005 1781 2132 1834 tum
2164 1780 2364 1833 autem
2395 1781 2743 1857 appellabat
2766 1784 2863 1841 ilex
2894 1801 3054 1853 eum,
3084 1787 3188 1860 qui
3229 1789 3300 1843 ab
3330 1788 3667 1849 idololatria

274 1866 575 1924 Ἰουδαίων.
649 1874 802 1942 Λέγει
849 1874 1023 1922 τοίνυν
1078 1871 1102 1922 ό
1156 1873 1404 1944 Χριστὸς,
1455 1872 1535 1922 ὅτι
1586 1873 1751 1941 Μόγις
1805 1871 1889 1920 καὶ

2004 1865 2082 1921 ad
2128 1865 2481 1938 religionem
2525 1872 2849 1930 accedebat
2896 1875 3263 1932 Iudaeorum.
3318 1876 3466 1934 Dicit
3520 1894 3662 1952 ergo

276 1962 410 2033 μετά
478 1965 681 2034 μυρίων
738 1964 904 2013 πόνων
966 1967 1160 2014 ποιεῖτε
1224 1962 1310 2013 ἕνα
1389 1958 1740 2035 προσήλυτον,
1803 1962 1892 2011 καὶ

274 2047 396 2103 οὐδ’
446 2051 612 2112 οὕτως
651 2049 812 2103 αὐτοῦ
857 2046 1115 2122 φείδεσθε.
1159 2051 1422 2103 Τοσοῡτόν
1474 2048 1588 2103 ἐστε
1630 2053 1718 2102 καὶ
1766 2051 1891 2123 πρὸς

276 2144 549 2213 σωτηρίαν
594 2147 693 2192 τῶν
745 2137 1252 2215 εἰδωλολατρούντων
1300 2141 1594 2213 ἄχρηστοι,
1642 2140 1890 2212 καὶπρὸς

807 2230 1252 2303 προσεληλυθότος
1344 2231 1597 2305 ,όοίθυμοι⁹
1700 2228 1890 2301 μᾶλλον

286 2316 348 2373 δὲ
418 2316 687 2393 προδόται,
763 2316 1149 2393 διαφθείροντες
1224 2319 1375 2373 αὐτόν
1446 2328 1507 2393 τῇ
1588 2322 1721 2372 κατά
1803 2321 1890 2371 τὸν

283 2230 521 2303 φυλακὴν
616 2234 710 2282 τόῦ

276 2409 402 2483 βίον
453 2411 592 2482 ὑμῶν
638 2415 882 2483 πονηρίᾳ,
916 2415 1007 2463 καὶ
1052 2418 1318 2472 ποιοῦντες
1366 2412 1477 2462 υἱὸν
1509 2409 1621 2481 (96)
1665 2412 1886 2481 γεέννης,

274 2505 571 2567 τουτέστιν,
633 2500 819 2553 οἰκεῖον
866 2503 1073 2572 γεέννης
1129 2506 1219 2554 καὶ
1266 2500 1409 2564 οἰξιον
1459 2500 1642 2562 αὐτῆς.
1703 2498 1890 2552 Διπλό-

273 2610 421 2665 τερον
476 2587 537 2643 δὲ
586 2586 715 2657 εἶπε,
768 2587 909 2643 διότι
946 2596 1049 2654 πᾶς
1098 2593 1233 2662 ἔχων
1271 2587 1597 2643 διδάσκαλον
1641 2592 1884 2662 πονηρόν,

275 2681 334 2734 οὐ
380 2684 551 2755 μέχρι
589 2689 685 2743 τῆς
727 2683 911 2734 τούτου
960 2685 1146 2744 κακίας
1201 2681 1433 2733 ἵσταται·
1482 2675 1889 2753 παραδείγματι

276 2766 336 2824 δε
419 2773 590 2845 τούτῳ
680 2775 952 2845 χρώμενος
1040 2768 1123 2824 ἐπὶ
1214 2773 1273 2825 τὸ
1343 2776 1524 2844 χεῖρον
1592 2767 1888 2846 προϐαίνειν

276 2861 472 2917 εἴωθεν.
1726 2928 1729 2931 _

349 2950 486 3002 Οόαὶ
548 2981 614 2990 -
686 2949 889 3022 τυφλοί.
960 2954 1115 3010 Ζήτει
1174 2948 1222 3003 ἐν
1290 2957 1362 3022 τῷ
1426 2948 1646 3021 εἰκοστῷ
1713 2946 1887 3022 ὀγδόῳ

276 3044 533 3113 κεφαλαίῳ
598 3043 694 3099 τὴν
766 3039 1016 3112 ἐξήγησιν
1090 3047 1203 3107 τοῦ,
1280 3036 1505 3112 Ὀδηγοί
1554 3039 1657 3093 εἰσι
1705 3037 1885 3111 τυφλοὶ

274 3130 498 3203 τυφλῶν.

340 3228 437 3284 ’ος
467 3253 533 3263 -
566 3220 773 3295 ὀφείλει.
817 3217 985 3275 Οὐδέν
1018 3221 1154 3289 ἐστι,
1197 3218 1459 3288 δηλονότι,
1500 3227 1672 3275 τοῦτο.
1712 3218 1883 3292 Ὀφεί-
1924 3241 1965 3300 C

268 3312 343 3367 λει
374 3309 456 3377 δε,
488 3310 605 3365 ἀντὶ
652 3319 762 3380 τοῦ,
810 3321 1092 3387 χρεωστεῖ.
1140 3313 1199 3365 Εἰ
1232 3313 1334 3385 γάρ
1372 3331 1448 3373 τις
1482 3311 1655 3385 ὤμοσε
1699 3307 1884 3363 δοῦναί

266 3423 337 3467 τι,
384 3402 428 3455 εἰ
471 3405 563 3475 μέν
608 3404 743 3454 κατά
783 3410 876 3455 τοῦ
922 3410 1045 3455 ναοῦ
1096 3406 1319 3475 ὤμοσεν,
1369 3400 1559 3473 ἔλεγον,
1606 3402 1686 3453 ὃτι
1730 3396 1881 3453 οὐδέν

268 3492 377 3546 ἔστι
408 3500 583 3545 τοῦτο·
619 3491 663 3545 εἰ
693 3487 753 3545 δε
797 3493 935 3544 κατά
977 3512 1109 3553 τινος
1152 3499 1364 3567 χρυσοῦ
1404 3494 1636 3560 σκεύους,
1685 3489 1878 3561 ἔλεγον,

269 3582 347 3634 ὁτι
383 3588 671 3655 χρεωστεῖ.
720 3588 896 3635 Ταῦτα
948 3578 1007 3635 δὲ
1056 3578 1404 3655 ἐδογμάτιζον
1450 3580 1502 3645 ἐξ
1556 3579 1749 3642 ἀνοίας.
1794 3582 1880 3632 Διό

268 3677 357 3725 καὶ
390 3678 622 3726 σκώπτει
651 3674 869 3735 τούτους
899 3671 968 3736 εἰς
998 3675 1219 3749 μωρίαν.

342 3856 522 3925 Μωροὶ
578 3881 641 3891 -
690 3854 896 3925 χρυσόν
942 3867 955 3919 ;
1000 3850 1312 3925 Τυφλότητα
1358 3852 1566 3915 τούτοις
1611 3846 1878 3919 ὀνειδίζει,

268 3945 363 3999 τὴν
392 3949 491 4003 τῆς
523 3940 738 4013 ψυχῆς.

343 4036 443 4086 Καὶ
482 4062 550 4073 -
587 4027 777 4106 δῶρον,
821 4035 1217 4106 Θυσιαστήριόν
1265 4051 1443 4107 φησιν,
1494 4028 1568 4105 ἐφ’
1620 4030 1679 4084 οὗ
1724 4031 1878 4104 ἔσφα-

266 4123 353 4183 ζον
384 4123 453 4173 τά
482 4125 852 4197 προσαγόμενα
884 4123 1109 4194 θύματα.

330 4210 390 4265 Ὀ
433 4241 505 4252 —
564 4213 729 4264 ἐπάνω
780 4211 960 4265 αὑτοῦ.
1019 4213 1196 4266 Ταῦτά
1235 4231 1414 4286 φησιν,
1484 4211 1589 4285 οὐχ
1643 4213 1709 4274 ὡς
1765 4209 1874 4264 ἐπι-

260 4306 460 4376 τρέπων
542 4300 765 4372 ὀμνύειν·
864 4300 914 4355 ἐν
982 4305 1081 4375 γὰρ
1160 4311 1233 4374 τῷ
1316 4306 1532 4376 πέμπτῳ
1617 4301 1876 4375 κεφαλαίῳ

260 4391 515 4453 παντελῷς
567 4395 651 4445 τόν
698 4393 849 4465 ὅρκον
899 4390 1170 4445 ἐκώλυσενο
1220 4391 1327 4445 ἀλλ’
1366 4395 1435 4454 ὡς
1465 4399 1564 4445 τῶν
1605 4389 1876 4446 Ἰουδαίων

262 4483 557 4557 ὀμνυόντων
588 4484 725 4535 κατά
753 4491 852 4534 τῶν
876 4485 1143 4537 τοιούτων.

2004 1958 2266 2018 Christus
2313 1979 2325 2019 :
2379 1961 2624 2020 lnﬁnitis
2672 1962 2772 2018 vix
2822 1964 3065 2021 tandem
3114 1964 3422 2022 laboribus
3469 1982 3662 2025 unum

1999 2050 2232 2109 efﬁcitis
2266 2053 2656 2126 proselytum,
2686 2056 2743 2110 et
2779 2069 2889 2110 nec
2922 2054 3058 2112 ideo
3084 2054 3165 2111 illi
3194 2056 3455 2128 parcitis,
3507 2057 3662 2116 adeo

2000 2141 2139 2197 estis
2173 2146 2232 2199 et
2283 2145 2359 2201 ad
2410 2143 2668 2201 salutem
2707 2143 3157 2202 idololatrarum
3200 2144 3463 2216 inutiles,
3494 2150 3551 2203 et
3582 2148 3660 2206 ad

2001 2231 2131 2301 ejus
2147 2232 2257 2307 qui
2270 2233 2398 2306 jam
2418 2233 2660 2291 advenit
2682 2248 2920 2305 segnes,
2939 2234 3062 2292 imo
3084 2234 3288 2308 potius
3319 2235 3661 2308 proditores

2001 2328 2451 2396 corrumpentes
2490 2338 2625 2379 eum
2654 2322 2791 2379 vitae
2822 2327 3033 2381 vestra;
3065 2323 3331 2398 nequitia
3358 2331 3413 2383 et
3440 2325 3664 2385 facien-

2003 2413 2089 2467 tes
2121 2428 2262 2470 eum
2292 2413 2483 2470 ﬁlium
2514 2413 2828 2484 gehennae,
2859 2412 2921 2469 id
2944 2418 3051 2484 est,
3079 2413 3441 2472 familiarem
3464 2415 3660 2486 gehen

2000 2517 2116 2571 nas,
2144 2507 2201 2560 et
2228 2519 2300 2560 ea
2325 2503 2597 2576 dignum.
2634 2505 2698 2559 In
2723 2501 2913 2581 duplo
2943 2507 3147 2560 autem
3169 2502 3341 2561 dixit.
3378 2503 3658 2579 Quisquis

2000 2592 2160 2648 enim
2187 2597 2614 2666 praeceptorem
2638 2586 2835 2650 habet}
2855 2608 3128 2666 pravum,
3160 2608 3284 2650 non
3318 2592 3477 2650 illius
3508 2594 3661 2653 sistit

1999 2682 2246 2753 malitia,
2288 2683 2393 2741 sed
2432 2684 2561 2757 ejus
2619 2686 2794 2740 utens
2851 2683 3149 2757 exemplo,
3214 2682 3364 2742 solet
3413 2683 3658 2742 ulterius

1978 2838 1981 2841 _
1998 2772 2340 2845 procedere.

2068 2954 2226 3009 Vers.
2265 2951 2355 3011 16.
2404 2951 2595 3011 νω-
2644 2952 2803 3009 caci.
2850 2951 3059 3017 Quaere
3108 2950 3394 3010 vicesimo
3443 2955 3658 3033 octavo

1996 3042 2187 3115 capite
2218 3041 2361 3099 dicti
2389 3040 2546 3099 illius
2571 3040 3015 3100 enarrationem
3066 3057 3081 3098 ε
3116 3040 3264 3099 Caci
3299 3047 3440 3100 sunt
3483 3043 3660 3102 duces

1996 3148 2279 3189 σκεονιιηι
2290 3174 2303 3188 .

2090 3223 2253 3279 Vers.
2296 3222 2383 3279 l6.
2414 3222 2525 3288 Qui
2555 3251 2618 3263 —
2671 3237 2796 3277 reus
2836 3225 2939 3278 est.
2976 3219 3148 3278 Nihil
3188 3226 3272 3278 est
3325 3224 3473 3294 puta
3516 3221 3656 3283 hoc.

1991 3316 2147 3371 Reus
2176 3317 2281 3380 est,
2310 3311 2585 3369 videlicet
2613 3310 2815 3368 debiti.
2853 3311 2911 3368 Si
2954 3311 3090 3385 quis
3142 3312 3298 3369 enim
3338 3311 3565 3387 aliquid
3593 3327 3657 3371 se

1991 3404 2349 3460 donaturum
2393 3402 2730 3473 juraverat:
2764 3401 2811 3456 si
2842 3401 3090 3475 quidem
3126 3417 3234 3473 per
3273 3402 3567 3475 templum
3592 3403 3658 3460 id

1984 3494 2268 3567 jurasset,
2300 3491 2583 3548 dicebant
2609 3490 2771 3547 hunc
2799 3491 2879 3547 ad
2909 3490 3051 3546 nihil
3085 3490 3362 3562 obligari.
3396 3491 3569 3557 Quod
3603 3490 3656 3549 si

1990 3599 2097 3658 per
2117 3600 2223 3640 vas
2241 3582 2489 3655 aliquod
2506 3597 2757 3639 aureum
2779 3580 2839 3636 id
2857 3581 3135 3653 jurasset,
3169 3580 3453 3638 dicebant
3478 3580 3653 3638 illum

1992 3673 2192 3731 debito
2241 3672 2453 3731 teneri.
2513 3672 2655 3729 Hmc
2709 3675 2911 3728 autem
2950 3674 3196 3743 propter
3242 3670 3654 3745 insipientiam

1964 3763 2321 3831 .docebant;
2350 3761 2483 3818 ideo
2513 3762 2692 3818 etiam
2720 3762 2938 3817 horum
2964 3760 3169 3818 irridet
3187 3760 3544 3819 fatuitatem.

2061 3856 2198 3910 Vers
2218 3854 2281 3909 l7
2296 3896 2309 3910 .
2342 3851 2525 3909 Stulti
2538 3883 2607 3893 -—
2633 3868 2853 3910 aurum
2876 3852 2903 3906 ?
2921 3850 3263 3909 Caecitatem
3290 3850 3410 3908 illis
3434 3866 3652 3926 expro-

1986 3944 2141 4012 brat,
2176 3958 2297 4000 non
2324 3942 2612 4015 corporis,
2656 3941 2762 3998 sed
2789 3942 3028 3999 animae.

2060 4037 2217 4091 Vers.
2243 4034 2331 4089 t8.
2357 4033 2514 4088 Et—
2533 4033 2695 4088 Vers.
2722 4034 2801 4086 19.
2830 4032 3070 4088 donum.
3091 4030 3286 4089 Altare
3308 4030 3449 4090 dicit
3469 4046 3655 4106 super

1986 4123 2153 4197 quod
2175 4121 2541 4197 jugulabant
2570 4120 2865 4178 adductas
2897 4120 3196 4179 victimas.

2062 4212 2223 4269 Vers.
2255 4213 2345 4270 20.
2380 4212 2494 4281 Qui
2526 4241 2590 4251 —
2620 4210 2786 4266 Vers.
2811 4211 2901 4265 22.
2932 4208 2996 4265 in
3028 4209 3157 4265 illo.
3189 4208 3325 4265 Hac
3355 4209 3498 4267 dicit
3524 4225 3651 4268 non

1987 4301 2153 4377 quod
2178 4302 2380 4374 jurare
2421 4298 2759 4374 permittat:
2794 4297 3002 4370 quinto
3033 4297 3193 4353 enim
3228 4296 3413 4370 capite
3452 4298 3651 4370 prohi-

1986 4391 2119 4448 buit
2147 4406 2327 4447 omne
2351 4390 2784 4462 juramentum:
2816 4386 2920 4443 sed
2952 4386 3119 4461 quod
3142 4386 3340 4444 Judaei
3367 4401 3476 4461 per
3503 4386 3650 4447 talia

1981 4482 2271 4554 jurarent.

332 4574 471 4627 Οὐαὶ
538 4604 609 4612 —
666 4577 871 4642 πίστιν,
926 4579 1028 4626 Τοῦ
1084 4576 1243 4646 νόμου
1302 4581 1373 4624 τῶ
1427 4572 1533 4644 λαῷ
1588 4572 1879 4636 κελεύοντος

2058 4573 2221 4626 Vers.
2261 4572 2350 4626 23.
2394 4567 2489 4625 Vw
2517 4597 2586 4608 —-
2614 4566 2806 4637 ﬁdem.
2832 4566 2982 4623 Cum
3008 4566 3104 4623 lex
3133 4566 3360 4640 populo
3386 4566 3647 4640 juberet,

265 4661 494 4724 δεκάτπς
554 4667 800 4737 παρέχειν
860 4664 1060 4716 πάντων
1122 4672 1222 4715 τῶν
1277 4671 1509 4736 καρπῶν,
1580 4663 1728 4716 αὐτοὶ
1789 4668 1878 4716 καὶ

266 4760 381 4826 περὶ
432 4754 531 4814 τάς
571 4748 790 4814 δεκάτας
821 4760 911 4805 τοῦ
963 4749 1241 4825 ἡδυόσμου
1286 4758 1375 4805 καὶ
1415 4760 1505 4805 τοῦ
1552 4752 1744 4812 ἀνήθου
1790 4758 1878 4807 καὶ

267 4852 356 4896 τοῦ
440 4847 683 4915 κυμίνου,
770 4851 870 4896 τῶν
951 4842 1343 4908 εὐτελεστάτων,
1421 4842 1875 4919 ὴκριϐολογοῡντο,

269 4932 677 5006 προϐαλλόμενοι
740 4936 827 4985 τόν
884 4937 1054 5005 νόμον.
1121 4936 1367 5008 Διασύρει
1431 4938 1603 4986 τοίνυν
1669 4933 1875 5005 αὐτοὺς,

268 5028 330 5085 ὡς
368 5028 489 5097 περὶ
540 5026 608 5076 τά
652 5022 913 5097 ἐλάχιστα
968 5026 1057 5097 μὲν
1106 5030 1196 5076 τοῦ
1253 5029 1411 5097 νόμου
1464 5022 1878 5098 παραγγέλματα

267 5114 377 5166 λίαν
446 5111 994 5185 ἀκριϐολογουμένους,
1057 5121 1157 5165 τῶν
1218 5109 1277 5165 δὲ
1338 5112 1572 5186 μεγάλων
1631 5112 1878 5186 ἀμελοῦν-

268 5224 374 5266 τας.
434 5208 622 5277 Κρίσιν
681 5199 741 5256 δὲ
796 5202 933 5276 λέγει
979 5207 1072 5262 τὴν
1128 5205 1254 5278 ὑπὲρ
1311 5211 1408 5256 τῶν
1480 5199 1873 5276 ἀδικουμένων;

269 5300 351 5349 καὶ
398 5293 557 5363 ἔλεον,
601 5296 689 5347 τόν
744 5292 817 5355 εἰς
864 5296 985 5356 τοὺς
1024 5290 1317 5368 δεομένους,
1364 5298 1454 5347 καὶ
1510 5298 1688 5347 πίστιν
1736 5292 1872 5367 (97),

333 5476 399 5529 ’⁵.
434 5474 579 5533 Luc.
616 5487 699 5541 ιι,
733 5475 821 5529 52.

1993 4666 2053 4718 ut
2090 4661 2261 4717 daret
2307 4658 2570 4716 decimas
2601 4657 2878 4714 omnium
2918 4657 3243 4725 fructuum,
3307 4657 3423 4730 ipsi
3463 4657 3648 4715 etiam

1988 4753 2146 4809 circa
2175 4750 2452 4815 menthaa,
2476 4748 2702 4817 anethi,
2728 4764 2798 4806 ac
2816 4748 3040 4821 cymini
3068 4746 3495 4805 vilissimarum
3516 4747 3651 4805 her-

1986 4842 2199 4899 barum
2243 4840 2531 4907 decimas,
2566 4843 2838 4896 exactam
2874 4837 3298 4896 snbducebant
3326 4837 3645 4905 rationem,

1984 4934 2179 5004 legem
2204 4930 2656 5004 praetendentes.
2680 4932 2796 4985 Hos
2814 4945 2955 5000 ergo
2976 4928 3476 5000 irridettanquam
3490 4927 3650 4986 circa

1987 5022 2240 5079 minima
2290 5019 2437 5090 legis
2492 5023 2794 5092 praecepta
2845 5017 3216 5076 exactissime
3283 5019 3645 5083 scrutantes,

1987 5127 2212 5182 magna
2262 5124 2403 5166 vero
2451 5108 2838 5180 negligentes.
2888 5107 3192 5163 Judicium
3228 5110 3431 5162 autem
3480 5100 3646 5173 dicit,

1985 5202 2150 5275 quod
2166 5198 2495 5277 ﬁeridebet
2503 5213 2614 5278 pro
2644 5197 2740 5255 his
2753 5198 2855 5271 qui
2882 5197 3101 5283 injuste
3120 5194 3461 5253 afﬁciuntur
3487 5194 3645 5266 inju-

1986 5292 2103 5349 ria:
2134 5287 2619 5355 misericordiam,
2644 5290 2833 5360 quam
2845 5286 2974 5346 ﬁeri
2994 5284 3271 5347 convenit
3294 5284 3356 5344 in
3379 5297 3644 5359 egenos:

1500 5571 1723 5643 Variae
1747 5571 2074 5643 lectiones
2106 5577 2172 5639 et
2206 5576 2408 5638 notae.

328 5746 447 5834 £96)
486 5744 715 5819 Οἰκεῖον,
764 5758 877 5819 pro
916 5743 1046 5801 υἱόν.
1100 5747 1162 5799 Α.
1209 5746 1265 5801 et
1313 5758 1452 5802 mox
1491 5743 1626 5817 υἱόν,
1657 5758 1762 5816 pro
1807 5743 1880 5797 οἱ-

273 5837 419 5878 κειον,

2063 5742 2177 5815 (97)
2208 5746 2309 5796 Kau
2336 5742 2431 5801 τὴν
2460 5739 2661 5809 πίστιν,
2696 5741 2760 5794 Δ.
