4178 6420
515 413 621 468 595

1841 398 2209 462 ΕΠΤΗΥΜΠ
2233 398 2572 463 ZIGABENI

3789 415 3897 471 596

496 544 567 619 ‘et
596 540 803 607 ﬁdem,
838 554 973 611 quae
1003 538 1163 594 estin
1195 540 1405 594 Deum.
1435 540 1618 595 Lucas
1658 537 1865 593 autem
1907 530 2173 588 dilectio-

2301 532 2376 588 ’ὴν
2418 530 2484 592 εἰς
2528 534 2614 585 τὸν
2662 535 2808 587 Θεόν.
2846 532 2904 587 Ὀ
2947 531 3004 588 δὲ
3042 539 3246 597 Λουκᾶς
3284 539 3375 589 καὶ
3421 538 3515 595 τὴν
3556 533 3763 609 ἀγάπην
3802 547 3896 594 τοῦ

500 646 651 687 'ucm
681 631 858 685 etiam
888 629 987 684 Dei
1020 629 1188 700 ponit
1219 630 1265 664 ³⁵

577 722 619 791 -ξ-
639 720 885 791 Oportet
913 734 1398 791 unumquemque
1421 719 1735 773 doctorum
1760 731 1795 770 a
1815 712 2043 787 populo
2066 725 2175 766 suo

496 809 835 874 'decimare,
871 808 982 863 hoc
1019 815 1124 872 est,
1168 812 1363 880 petere
1396 824 1429 861 a
1456 808 1666 861 decem
1701 803 2004 871 sensibus,
2029 804 2178 873 puta

506 899 785 972 quinque
812 897 1246 971 corporalibus,
1280 902 1335 952 et
1355 897 1622 969 quinque
1649 895 1753 966 qui
1787 896 1925 949 sunt
1956 891 2176 949 animm

512 988 829 1061 judicium,
865 987 1329 1044 misericordiam
1358 1001 1427 1043 ac
1469 984 1674 1041 ﬁdem.

593 1171 751 1225 Vers.
793 1168 883 1226 23.
946 1169 1076 1225 Haec
1119 1199 1188 1208 —
1236 1166 1524 1223 omittere.
1562 1164 1698 1219 Hmc
1745 1162 2003 1237 primum
2043 1174 2177 1233 qum

518 1259 791 1332 graviora
818 1265 971 1323 sunt,
994 1257 1237 1331 exsequi
1267 1256 1558 1327 oportuit:
1602 1258 1659 1310 et
1689 1269 1928 1309 rursum
1958 1250 2180 1307 leviora

497 1350 617 1408 'illa
644 1365 768 1407 non
796 1348 1154 1421 relinquere,
1188 1348 1237 1402 si
1266 1350 1471 1404 exacte
1500 1344 1695 1416 legem
1722 1358 1955 1399 servare
1982 1340 2175 1397 vultis.

590 1531 756 1587 Vers.
783 1530 872 1583 24.
899 1528 1082 1584 Duces
1116 1559 1184 1567 —
1209 1526 1546 1597 glutz’entes.
1574 1524 1687 1590 Qui
1712 1537 1901 1596 parva
1935 1518 2183 1593 quidem

498 1620 757 1678 ‘curiose
790 1617 1058 1683 servatis,
1087 1617 1150 1673 in
1180 1614 1416 1686 magnis
1438 1629 1575 1670 vero
1609 1612 1870 1686 peccatis
1903 1610 2185 1666 connive-

504 1711 617 1769 'tis.

590 1802 869 1855 Vers.25.
914 1799 1009 1854 Vae
1036 1827 1104 1839 -—
1146 1794 1456 1866 injustitiu.
1510 1788 1798 1868 Παροψίὸα
1850 1790 2037 1847 lancis
2084 1791 2187 1846 aut

2286 628 2418 673 Θεοῦ
2442 643 2590 694 φησι.

2354 712 2397 781 -Ῑ-
2443 714 2483 783 -ι-
2527 710 2613 765 Δεῖ
2657 713 2770 787 (98)
2826 716 3042 768 ἕκαστον
3090 723 3190 767 τῶν
3246 712 3586 769 διδασκάλων
3638 716 3897 774 ἀποδεκα-

2284 807 2402 851 τοῠν
2482 801 2581 854 ἀπὸ
2656 812 2747 856 τοῦ
2818 803 2945 857 λαοῦ
3022 805 3203 874 αὐτοῦ,
3289 810 3581 873 τουτέσκιν,
3660 807 3899 863 ἀπαιτεῖν

2287 887 2387 941 ἀπὸ
2443 899 2542 942 τῶν
2617 890 2745 946 δέκα
2802 894 3121 960 αἰσθήσεων,
3186 903 3285 948 τῶν
3355 900 3503 949 πέντε
3586 909 3900 972 σωματικῶν

2284 983 2373 1030 καὶ
2421 988 2521 1031 τῶν
2577 986 2720 1035 πέντε
2778 982 3044 1057 ψυχικῶν,
3096 988 3189 1044 τὴν
3246 990 3421 1059 κρίσιν
3480 991 3570 1040 καὶ
3619 992 3705 1041 τὸν
3763 989 3900 1044 ἔλεον

2286 1072 2375 1121 καὶ
2407 1074 2500 1128 τὴν
2533 1071 2733 1129 πίστιν.

2356 1165 2533 1212 Ταῦτα
2598 1194 2666 1203 —
2738 1163 2960 1236 ἀφιέναι.
3038 1172 3218 1218 Ταῦτα
3296 1170 3698 1240 προηγουμένως
3790 1165 3904 1222 ἔδει

2285 1252 2641 1324 κατορθῶσαι,
2694 1256 2760 1305 τὰ
2814 1252 3098 1329 βαρύτερα,
3156 1254 3369 1309 κάκεῖνα
3426 1256 3599 1327 πάλιν,
3666 1260 3733 1311 τὰ
3789 1257 3906 1312 ἔλα-

2290 1341 2409 1411 φρὰ,
2452 1346 2523 1412 μὴ
2557 1340 2941 1418 παραδραμεῖν,
2997 1348 3103 1417 εἶγι
3146 1350 3239 1405 τὴν
3290 1345 3555 1421 ἀκρίϐειαν
3607 1355 3700 1401 τοῦ
3739 1353 3905 1423 νόμου

2288 1426 2463 1503 τηρεῖν
2494 1429 2780 1488 ἐϐούλεσθε.

2360 1516 2579 1592 Ὁὸηγοὶ
2640 1554 2711 1563 -
2762 1528 3141 1587 καταπίνοντες.
3204 1527 3270 1579 Oi
3325 1528 3392 1579 τὰ
3439 1529 3604 1604 μικρὰ
3654 1530 3745 1602 μὲν
3798 1549 3907 1583 πο-

2291 1607 2792 1685 λυπραγμονοῦντες,
2844 1616 2911 1667 τὰ
2956 1619 3185 1688 μέγιστα
3229 1616 3341 1689 (99)
3385 1614 3443 1670 δὲ
3485 1616 3909 1693 ἀπαρατηρήτως

2293 1697 2691 1772 ἁμαρτάνοντες.

2366 1789 2500 1842 Οὐαὶ
2561 1822 2629 1831 —
2679 1788 2907 1854 ἀδικίας.
2968 1798 3072 1852 Τὴν
3126 1793 3423 1868 παροψίδα,
3483 1802 3698 1859 πίνακος
3761 1797 3911 1863 εἶόὸς

517 1891 739 1965 patinm
770 1904 961 1959 genus
995 1902 1127 1944 esse
1159 1886 1384 1941 dicunt.
1416 1884 1582 1941 Unde
1615 1884 1805 1939 Lucas
1832 1882 2014 1951 hujus
2046 1881 2183 1936 loco

2301 1875 2424 1931 εἶναι
2471 1901 2618 1952 φασι.
2678 1888 2880 1935 Πίνακα
2925 1886 3025 1958 γὰρ
3073 1888 3269 1943 ταύτην
3320 1882 3428 1938 εἷπε
3475 1890 3565 1939 καὶ
3621 1888 3647 1940 ὁ
3696 1894 3911 1952 Λουκᾶς

517 1986 731 2047 πίνακα,
775 1980 889 2035 hoc
955 1982 1064 2042 est,
1116 1977 1377 2032 catinum
1454 1974 1655 2047 posuit
1716 1971 2183 2045 quadragesimo

516 2073 685 2130 tertio
714 2069 990 2142 capite-’7.
1021 2070 1117 2122 Est
1147 2071 1347 2122 autem
1395 2064 1489 2120 hic
1520 2079 1717 2119 sermo
1745 2062 2180 2132 mnigmalicus,

517 2162 581 2218 id
611 2162 899 2217 innuens:
927 2158 1189 2228 Corpora
1221 2156 1465 2228 quidem
1494 2158 1691 2209 vestra
1735 2152 2027 2224 purgatis,
2088 2149 2187 2207 illa

524 2251 683 2307 enim
714 2252 887 2304 vocat
929 2246 1279 2302 exteriorem
1319 2243 1517 2315 poculi
1558 2259 1627 2298 ac
1666 2242 1885 2314 patinm
1926 2245 2181 2313 partem,

503 2340 832 2396 'interiores
865 2340 1067 2393 autem
1099 2335 1311 2390 animm
1335 2333 1525 2405 plenm
1542 2336 1679 2387 sunt
1705 2331 1921 2403 rapina
1947 2335 2004 2386 et
2034 2330 2187 2401 inju-

524 2431 680 2487 stitia
710 2427 1110 2491 affectionum,
1143 2425 1257 2479 hoc
1279 2428 1382 2488 est,
1409 2421 1739 2495 corporalis
1761 2420 2007 2494 quidem
2028 2419 2188 2492 puri-

521 2517 819 2576 ﬁcationis
850 2532 1052 2572 curam
1086 2513 1336 2578 habetis,
1371 2528 1506 2568 eam
1540 2527 1677 2568 vero
1696 2527 1833 2583 quae
1856 2509 2073 2565 animm
2100 2512 2188 2565 est

524 2607 843 2679 negligitis.
878 2604 1236 2677 Injustitiam
1269 2607 1471 2659 autem
1513 2617 1675 2657 nunc
1720 2600 1979 2656 dicimus
2007 2599 2187 2654 etiam

528 2714 707 2755 omne
745 2701 1082 2769 peccatum,
1114 2709 1183 2749 eo
1214 2691 1633 2765 quodjustitia
1672 2705 1913 2762 quoque
1955 2689 2191 2744 dicatur

529 2787 726 2844 omnis
784 2786 987 2842 virtus.
1040 2786 1230 2839 Lucas
1307 2784 1503 2836 autem
1570 2779 1950 2835 manifestius
2020 2777 2186 2833 dixit:

534 2877 701 2945 Quod
729 2879 888 2933 intus
931 2880 1013 2931 est
1059 2872 1257 2940 vestri,
1286 2872 1529 2942 plenum
1562 2876 1643 2927 est
1675 2870 1889 2943 rapina
1928 2874 1984 2925 et
2032 2868 2193 2923 mali-

520 2969 699 3025 tia".
900 3032 903 3035 _

508 3078 523 3084 ὀ
603 3058 765 3114 Vers.
793 3062 877 3114 26.
906 3055 1210 3114 Pharz’sme
1241 3086 1312 3099 —-
1362 3053 1610 3109 munda.
1653 3052 1799 3106 Cum
1842 3050 2003 3106 enim
2039 3048 2195 3122 puri-

532 3150 740 3206 ficatur
764 3149 979 3215 anima,
1018 3150 1197 3205 simul
1235 3150 1417 3206 etiam
1444 3150 1499 3202 et
1544 3158 1766 3214 corpus
1799 3140 2191 3213 puriﬁcatur;

2294 1968 2341 2020 ἐν
2404 1978 2475 2041 τῷ
2532 1981 2940 2047 τεσσαρακοστῷ
3011 1979 3171 2048 τρίτω
3228 1975 3505 2048 κεφαλαίῳ.
3573 1977 3909 2051 Αἰνιγματὼ-

2296 2054 2397 2121 δης
2447 2065 2536 2113 καὶ
2585 2061 2730 2123 οὗτος
2778 2064 2802 2114 ὁ
2849 2063 3020 2135 λόγος,
3070 2070 3356 2136 σημαίνων,
3411 2067 3489 2119 ὅτι
3534 2069 3612 2120 Τὰ
3664 2071 3753 2141 μὲν
3798 2074 3911 2121 σώ-

2294 2169 2436 2221 ματα
2488 2151 2629 2222 ὑμῶν
2687 2153 3016 2227 καθαρίζετεο
3072 2162 3241 2207 ταῦτα
3290 2156 3390 2229 γὰρ
3448 2163 3643 2210 νοεῖται
3699 2159 3758 2209 τὸ
3810 2158 3913 2222 ἔξω

2295 2245 2386 2291 τοῦ
2438 2245 2693 2314 ποτηρίου
2729 2246 2818 2294 καὶ
2868 2251 2957 2304 τῆς
3004 2241 3324 2318 παροψίδος
3373 2248 3473 2298 ἔσω
3521 2242 3580 2298 δὲ
3629 2247 3683 2297 αἱ
3726 2245 3916 2318 ψυχαὶ

2295 2332 2545 2401 γέμουσιν
2606 2329 2658 2394 ἐξ
2708 2331 2949 2407 ἁρπαγῆς
2988 2339 3077 2386 καὶ
3132 2331 3346 2398 ἀδικίας
3380 2337 3578 2391 παθῶν.
3632 2337 3914 2403 Τὸυτέστι,

2294 2426 2405 2472 Τῶν
2453 2423 2541 2492 μὲν
2607 2430 2699 2474 τοῦ
2767 2428 3009 2496 σώματος
3070 2426 3372 2500 καθαρσίων
3428 2428 3740 2500 φροντίζετε·
3806 2435 3916 2478 τῶν

2299 2506 2357 2561 δὲ
2414 2519 2504 2570 τῆς
2567 2509 2756 2583 ψυχῆς
2828 2512 3073 2586 ἁμελεῖτε.
3138 2512 3379 2569 Ἀδικίαν
3440 2512 3498 2569 δὲ
3552 2523 3639 2567 νῦν
3696 2515 3916 2589 λέγομεν

2297 2603 2387 2651 καὶ
2433 2605 2607 2652 πᾶσαν
2656 2608 2939 2677 ἁμαρτίαν,
2992 2603 3164 2676 ὣσπερ
3218 2609 3308 2657 καὶ
3370 2601 3711 2664 δικαιοσύνην
3771 2608 3916 2659 ἔστιν

2299 2689 2382 2741 ὅτε
2442 2695 2616 2743 πᾶσαν
2676 2690 2880 2764 ἀρετὴν.
2945 2699 3150 2756 Λουκᾶς
3209 2692 3267 2747 δὲ
3333 2701 3676 2771 φανερώτερον
3748 2692 3913 2765 εἶπεν,

2301 2777 2382 2830 ὃτι
2452 2786 2520 2832 Το
2577 2783 2765 2834 ἔσωθεν
2825 2784 2967 2857 ὑμῶν
3038 2788 3183 2858 γέμει
3271 2784 3514 2860 ἁρπαγῆς
3587 2790 3676 2839 καὶ
3740 2805 3916 2845 πονη-

2300 2888 2438 2945 ριας.

2376 3056 2627 3123 Φαρισαῖε
2678 3082 2746 3093 -
2798 3055 3050 3127 καθαρόν.
3118 3060 3225 3115 Τῆς
3276 3057 3365 3128 μὲν
3414 3058 3515 3129 γὰρ
3574 3054 3758 3129 ψυχῆς
3812 3076 3923 3110 κα-

2308 3141 2673 3213 θαριζομένης,
2754 3144 3204 3218 συγκαθαρίζεται
3282 3150 3371 3197 καὶ
3436 3148 3494 3198 τὸ
3568 3154 3736 3218 σῶμα·
3823 3154 3925 3201 τοῦ

507 3252 671 3295 “cum
702 3246 902 3295 autem
928 3238 1279 3311 puriﬁcatur
1307 3248 1679 3309 corpus,non
1714 3230 1893 3285 simul
1924 3229 2193 3302 puriﬁca-

2310 3235 2546 3302 σώματος
2598 3228 2657 3283 δὲ
2702 3233 3138 3308 καθαριζομένου,
3198 3235 3256 3287 οὐ
3328 3237 3773 3309 συγκαθαρίζεται
3829 3242 3929 3291 καὶ

530 3334 629 3385 tur
660 3332 715 3384 et
745 3328 967 3384 anima.
999 3329 1269 3384 Animam
1304 3328 1504 3397 itaque
1541 3320 1865 3394 puriﬁcare
1900 3318 2193 3387 convenit,

535 3422 599 3473 ut
627 3416 849 3489 pariter
876 3415 1222 3488 puriﬁcetur
1248 3419 1305 3471 et
1340 3428 1582 3485 corpus.

605 3508 769 3562 Vers.
802 3510 890 3561 27.
936 3506 1030 3562 Vae
1060 3536 1128 3547 —
1179 3502 1488 3575 spurcitia.
1542 3502 1588 3572 -ι-
1644 3500 1686 3569 -ι·
1740 3500 1900 3551 Κονία
1951 3496 2199 3570 quidem

537 3601 626 3653 est
656 3596 815 3660 calx,
845 3610 968 3667 quo
987 3595 1223 3665 tingunt
1248 3611 1319 3651 ac
1340 3592 1626 3649 dealbant
1646 3588 1919 3661 parietes.
1952 3587 2200 3660 Impuri—

512 3688 718 3743 ‘tatem
745 3688 946 3740 autem
974 3683 1235 3756 appellat
1259 3681 1666 3756 putredinem.

610 3773 779 3829 Vers.
820 3777 907 3829 28.
951 3774 1043 3830 Sic
1073 3805 1140 3813 —
1168 3774 1496 3845 iniquitate.
1536 3771 1725 3825 Lucas
1769 3770 1963 3823 autem
2002 3766 2198 3825 dixit:

509 3872 523 3881 ’
542 3864 690 3933 Quia
707 3865 838 3920 estis
855 3868 915 3919 ut
941 3870 1307 3920 monumenta
1335 3877 1464 3935 quae
1481 3877 1599 3918 non
1622 3856 1932 3929 appareni,
1961 3862 2016 3913 et
2032 3858 2205 3914 homi-

540 3971 644 4012 nes
668 3954 1033 4010 ambulantes
1053 3970 1230 4024 super
1254 3969 1322 4011 ea
1349 3952 1703 4009 nesciunt”.
1739 3947 2024 4019 Sepulcra
2042 3948 2204 4006 enim

510 4048 680 4118 quae
729 4059 851 4099 non
912 4048 1223 4117 apparent,
1266 4044 1425 4100 intus:
1484 4040 1664 4114 plena
1708 4043 1846 4095 sunt
1900 4037 2199 4109 spurcitia,

544 4134 687 4191 foris
735 4139 935 4190 autem
963 4138 1256 4207 apparent
1286 4138 1443 4189 terra
1474 4131 1696 4187 munda
1726 4148 1795 4188 ac
1820 4134 1915 4190 via
1944 4131 2200 4205 publica.

619 4228 781 4281 Vers.
850 4224 935 4281 29.
1005 4224 1095 4282 Vm
1135 4257 1202 4267 —
1251 4226 1410 4279 Vers.
1470 4223 1557 4277 30.
1613 4225 2027 4293 prophearum.
2089 4224 2202 4288 Vm,

516 4317 759 4389 inquit,
801 4315 994 4383 vobis,
1030 4330 1155 4370 non
1191 4314 1356 4387 quod
1389 4313 1517 4369 haec
1545 4311 1731 4368 facitis
1773 4319 1829 4370 et
1857 4314 1983 4370 hmo
2014 4312 2207 4368 dicitis

546 4424 687 4464 cum
716 4406 879 4463 bona
912 4404 1048 4469 sint,
1086 4403 1193 4459 sed
1243 4403 1409 4475 quod
1462 4402 1592 4459 haec
1644 4402 1930 4461 facientes
1966 4413 2021 4459 et
2078 4403 2208 4458 hmc

548 4498 829 4559 dicentes,
866 4510 934 4550 ac
976 4494 1249 4566 utrinque
1286 4497 1527 4565 patrum
1578 4499 1913 4550 vestrorum
1961 4492 2209 4551 homici-

2307 3320 2336 3377 ἡ
2392 3318 2569 3392 ψυχή.
2623 3325 2709 3373 Διό
2768 3327 3026 3396 προσήκει
3080 3328 3174 3382 τὴν
3227 3323 3414 3396 ψυχὴν
3462 3326 3786 3400 καθαρίζειν,
3837 3327 3930 3381 ἵνα

2306 3412 2521 3481 γένηται
2547 3414 2634 3463 καὶ
2659 3414 2717 3464 τὸ
2757 3421 2910 3485 σῶμα
2939 3415 3188 3486 καθαρόν.

2381 3499 2517 3553 Οὐαὶ
2570 3532 2637 3541 -
2696 3500 3045 3577 ἀκαθαρσίας.
3104 3508 3340 3577 Κονίαμα
3392 3503 3474 3575 (1)
3534 3507 3623 3578 μέν
3678 3502 3840 3571 ἔστιν,
3896 3506 3928 3559 ὁ

2310 3609 2534 3653 τιτανος,
2569 3591 2607 3660 ᾧ
2656 3596 2880 3663 χρίουσι
2923 3597 3013 3644 καὶ
3044 3596 3325 3666 χρώζουσι
3364 3596 3484 3655 τοὺς
3513 3598 3727 3667 τοίχους
3764 3595 3927 3649 Ἀκα-

2313 3681 2532 3752 θαρσίαν
2566 3676 2624 3732 δὲ
2654 3680 2789 3752 λέγει
2819 3686 2908 3740 τὴν
2948 3686 3203 3755 σαπρίαν,

2383 3769 2561 3830 Οὕτως
2607 3802 2676 3811 ——
2740 3768 2972 3844 ἀνομίας.
3022 3772 3080 3825 Ὀ
3130 3772 3210 3844 (2)
3266 3769 3325 3825 δὲ
3375 3779 3585 3837 Λουκᾶς
3644 3771 3797 3842 εἶπεν,
3842 3777 3934 3830 ὅτε

2311 3862 2459 3913 Ἐστε
2520 3862 2583 3920 ὡς
2634 3862 2701 3912 τὰ
2764 3868 2991 3934 μνημεῖα
3043 3865 3108 3913 τὰ
3184 3859 3379 3928 ἄδηλα,
3442 3869 3531 3917 καὶ
3581 3866 3932 3940 οἰ-ᾱίνθρωποι

2312 3953 2706 4025 περιποτὸῦντες
2769 3950 2955 4018 ἐπάνω,
3032 3951 3125 4004 οὐκ
3188 3949 3390 4008 οἴδασι.
3452 3956 3529 4007 Τὰ
3580 3957 3680 4028 γὰρ
3751 3954 3928 4027 ἀφανῆ

2312 4047 2540 4113 μνημεῖα
2574 4036 2718 4093 ἔνδον
2749 4043 2838 4113 μὲν
2867 4045 3090 4115 γέμουσι
3136 4046 3381 4117 σαπρίας,
3416 4042 3519 4096 ἂνω
3565 4041 3624 4097 δὲ
3656 4048 3931 4117 φαίνονται

2312 4139 2379 4201 γῆ
2414 4132 2620 4203 καθαρὰ
2648 4135 2736 4183 καὶ
2761 4131 3030 4205 λεωφόρος,

2386 4219 2521 4273 Οὐαὶ
2580 4251 2649 4260 -
2693 4230 2989 4293 προφητῶν.
3048 4222 3204 4287 Οὐαὶ,
3256 4226 3430 4295 φησὶν,
3488 4225 3629 4296 ὑμῖν,
3690 4224 3795 4297 οὐχ
3845 4227 3935 4281 ὅτι

2314 4316 2481 4361 ταῦτα
2538 4316 2750 4381 ποιεῖτε,
2802 4316 2889 4364 καὶ
2928 4320 3097 4365 ταῦτα
3144 4312 3310 4383 λέγετε
3363 4312 3521 4386 [καλὰ
3565 4313 3645 4384 (3)
3704 4317 3802 4388 γάρ
3844 4316 3931 4369 εἰ-

2319 4399 2447 4473 σιν]
2492 4397 2598 4451 ἀλλ’
2644 4402 2724 4452 ὅτι
2770 4408 2935 4454 ταῦτα
2982 4410 3265 4467 ποιοῦντες,
3316 4407 3405 4455 καὶ
3453 4410 3619 4457 ταῦτα
3674 4409 3929 4480 λέγοντες,

2316 4494 2405 4541 καὶ
2505 4490 2858 4565 ἀμφοτέρωθεν

2966 4500 3373 4567 κατηγοροῦντες
3457 4501 3548 4553 τῆς
3633 4499 3937 4566 μιαιφονίας

520 4600 525 4607 '
549 4586 720 4641 dium
752 4582 1211 4646 accusantes,ad
1226 4581 1371 4637 illud
1393 4598 1493 4639 vos
1510 4599 1749 4656 quoque
1765 4583 2021 4651 curritis,
2056 4581 2200 4637 festi-

2318 4587 2416 4631 τῶν
2469 4583 2701 4651 πατέρων
2750 4582 2910 4651 ὑμῶν,
2972 4580 3053 4634 ἐπὶ
3093 4584 3286 4641 ταύτην
3344 4587 3431 4635 καὶ
3492 4582 3641 4635 αὐτοὶ
3692 4588 3934 4658 τρέχετε,

549 4680 763 4731 nantes
792 4676 845 4728 et
876 4688 962 4728 me
1018 4676 1073 4728 et
1102 4671 1425 4744 discipulos
1457 4688 1627 4727 meos
1657 4673 1948 4739 occidere,
1982 4676 2039 4728 et
2068 4672 2212 4744 quia

553 4779 705 4819 vane
744 4765 801 4819 et
843 4761 905 4817 in
938 4761 1174 4818 ﬁctione
1215 4762 1342 4817 haec
1390 4762 1592 4818 facitis.
1627 4778 1697 4818 ac
1736 4762 1948 4833 dicitis;
1982 4778 2125 4817 nam
2157 4767 2213 4818 et

518 4864 525 4869 ‘
551 4869 661 4910 vos
691 4868 899 4911 eorum
930 4868 1084 4926 quos
1129 4851 1423 4909 accusatis
1454 4850 1842 4907 homicidium
1868 4851 2209 4908 imitamini.

628 5036 789 5093 Vers.
837 5036 923 5093 31.
978 5034 1286 5105 Itaque—
1324 5030 1667 5103 prophetas.
1720 5030 1948 5103 Itaque,
2010 5046 2081 5087 ex
2141 5045 2212 5089 eo

2294 4908 2299 4917 ,
2320 4858 2487 4903 ταῦτα
2559 4850 2749 4923 λέγετε.

2323 4666 2633 4732 σπεύδοντες
2705 4668 2890 4722 ἀνελεῖν
2965 4670 3096 4744 κάμὲ
3160 4676 3250 4725 καὶ
3319 4676 3441 4734 τοὺς
3498 4674 3735 4745 μαθητάς
3787 4690 3923 4745 μου⁶

2320 4764 2405 4811 καὶ
2458 4760 2537 4812 ὅτι
2588 4762 2758 4832 μάτην
2802 4765 2891 4813 καὶ
2948 4759 2995 4813 ἐν
3048 4763 3327 4838 ὑποκρίσει
3382 4770 3550 4815 ταῦτα
3594 4769 3781 4816 ποιεῖτε
3830 4767 3932 4815 καὶ

2832 4855 2931 4904 Καὶ
2997 4854 3095 4924 γὰρ
3165 4856 3255 4904 καὶ
3319 4852 3468 4905 αὐτοὶ
3516 4854 3761 4927 μιμεῖσθε
3828 4857 3934 4912 τὴν

2322 4944 2619 5013 μιαιφονίαν
2660 4948 2759 4993 τῶν
2798 4944 3282 5015 κατηγορουμένων.

2392 5030 2551 5085 Ὠστε
2595 5062 2661 5073 -
2706 5035 2994 5108 προφήτας.
3045 5032 3226 5105 Ὠστε,
3277 5031 3361 5107 ἀφ’
3404 5033 3471 5087 ὧν
3508 5032 3801 5107 ὁμολογεῖτε
3834 5037 3935 5095 τήν

627 5218 694 5272 2‘.
726 5218 862 5283 Luc,
896 5230 974 5282 ιι,
1003 5214 1093 5272 42.
1120 5214 1165 5250 ³⁷
1197 5214 1334 5270 Luc.
1367 5227 1448 5278 x1,
1482 5210 1573 5267 39.
1607 5211 1676 5266 εδ.
1714 5209 1864 5267 Ibid.
1898 5212 1945 5246 29
1978 5210 2116 5266 Luc.
2148 5226 2224 5277 xi,
2261 5210 2350 5267 44.

1783 5337 2003 5406 Variae
2033 5336 2365 5407 lectiones
2398 5346 2462 5405 et
2504 5344 2709 5405 notae.

636 5537 927 5610 (98)7Haec
971 5538 1034 5594 in
1074 5538 1288 5593 neutro
1334 5548 1609 5591 meorum
1656 5538 2027 5607 comparent.
2079 5537 2222 5594 Sunt

562 5609 1004 5680 Theophylacti,
1034 5626 1094 5681 p.
1129 5612 1226 5665 139
1267 5610 1326 5664 Β.
1760 5612 1763 5615 ‘

637 5680 748 5753 (99)
775 5684 851 5734 Τὰ
880 5680 1096 5753 μεγάλα,
1130 5686 1189 5733 Α.

664 5728 1321 5822 ἰῖἳςὲῥὶᾶἔέὲἰᾙθῌᾶυω
1377 5728 1643 5822 videtur.
1688 5748 1926 5820 Syllaba
1974 5772 2048 5822 μα
2095 5756 2223 5810 orta
2280 5763 2293 5771 δ

567 5821 800 5885 videtur
845 5842 918 5885 ex
954 5825 1221 5902 proximo
1260 5827 1372 5897 μέν.
1399 5821 1577 5881 Aliud
1607 5825 1693 5880 est
1717 5827 1882 5892 κονία,
1922 5821 2087 5882 aliud
2138 5844 2223 5878 κο-

2330 5540 2511 5592 νίαμα.

2402 5586 2830 5680 (ﬁlilentenius
2858 5606 3129 5680 anteihoc
3154 5607 3453 5680 scholium
3475 5608 3662 5666 habet
3677 5607 3945 5680 junctim

2331 5678 2575 5735 versum
2635 5680 2702 5734 2'7
2749 5684 2804 5733 et
2852 5678 2938 5733 28.
2992 5679 3266 5736 Proxime
3325 5686 3527 5739 autem
3578 5678 3946 5740 antecedens

2333 5752 2649 5816 scholium,
2682 5755 2829 5803 κονία
2859 5782 2927 5791 —-
2960 5756 3205 5818 σαπρίαν,
3241 5753 3462 5809 omisit.

2406 5824 2483 5897 (3)
2510 5824 2644 5882 Tria
2672 5823 2803 5881 haec
2832 5823 3130 5883 vocabula
3155 5824 3371 5885 omittit
3400 5828 3471 5883 A.
