4178 6444
309 440 424 496 59Ἱ

1226 441 1605 499 COMMENT.
1655 441 1726 498 IN
1772 437 2220 532 MATTlH/EUM.
2267 470 2336 481 —
2375 439 2535 496 CAP.
2575 439 2778 496 XXIlI.

3611 445 3718 501 598

310 567 619 638 μιαιφονίαν
672 571 774 616 τῶν
831 569 1064 642 πατέρων
1119 569 1283 642 ὑμῶν,
1344 572 1420 623 ἔτι
1465 566 1524 624 δε
1560 575 1669 642 καὶ,
1731 567 1816 642 ἀφ’
1869 567 1899 618 ἆ

2013 618 2014 621 η
2046 565 2213 640 quod
2226 567 2592 624 conﬁtemini
2611 566 3000 624 homicidium
3020 570 3262 640 patrum
3274 571 3609 627 vestrorum
3621 589 3638 644 ;
3661 575 3718 630 et

308 655 566 728 μιμεῖσθε
623 657 838 721 ταύτην,
901 653 1265 712 ἀποδεικνύετε
1346 660 1558 723 ἑαυτούς
1616 662 1762 722 υἱοὺς
1835 665 1934 711 τῶν

865 752 1070 808 Λουκᾶς
1132 745 1191 802 δὲ
1278 753 1618 826 προσέθηκεν,
1697 750 1774 802 ὅτι
1846 752 1934 800 καὶ

311 830 685 887 Συνενδοκεῖτε
741 841 847 897 τοῖς
902 839 1068 910 ἔργοις
1122 847 1222 890 τῶν
1279 845 1511 913 πατέρων
1565 841 1726 912 ὑμῶν,
1785 858 1934 892 τουτ-

307 748 775 818 προφητοκτόνων.

309 923 480 989 ἔστιν,
530 922 868 997 ἀποδέχεσθε
917 935 1081 980 ταῦτα
1129 933 1319 1002 τρόπον
1363 932 1498 995 τινὰ,
1552 929 1642 982 άτε
1695 925 1788 982 διὰ
1841 935 1932 981 τοῦ

305 1015 732 1075 κατασκευάζειν
821 1018 1014 1090 τάφους
1097 1017 1364 1095 λαμπρούς
1449 1026 1553 1080 τοῖς
1642 1021 1930 1092 φονευθεῖσι

305 1107 653 1178 κηρύττοντες
722 1109 818 1164 τὴν
890 1107 1082 1181 τόλμαν
1150 1117 1250 1160 τῶν
1323 1113 1529 1182 φονέων,
1612 1111 1732 1184 ὅπερ
1791 1108 1926 1160 ἐστιν

303 1192 860 1268 έγκαλλωπιζομένων,
945 1203 1034 1250 καὶ
1090 1199 1195 1252 οἷον
1263 1196 1667 1272 ἀποδεχομένων
1742 1199 1924 1257 αύτὴν.

303 1281 574 1338 Ἐδοκεῖτε
623 1288 725 1360 γὰρ
780 1285 841 1338 ἂν
873 1287 940 1348 εἰς
990 1293 1149 1360 τιμήν
1179 1297 1278 1342 τῶν
1327 1292 1660 1362 φονευθέντων
1713 1295 1925 1362 κοσμεῖν

300 1378 371 1426 τὰ
427 1383 666 1449 μνημεῖα
716 1379 932 1446 τούτων,
973 1384 1064 1432 καὶ
1116 1380 1189 1443 εἰς
1238 1385 1561 1454 κατηγορίαν
1611 1388 1709 1432 τῶν
1762 1383 1925 1433 πατέ-

297 1482 406 1538 ρων
471 1466 618 1538 ὑμῶν
673 1467 738 1518 τὰ
793 1467 1018 1542 ῥηθέντα
1067 1468 1250 1543 λέγειν,
1305 1470 1350 1522 εἰ
1395 1474 1466 1543 μὴ
1522 1469 1792 1543 ἐμιμεῑσθε
1830 1473 1924 1529 τὴν

295 1559 612 1628 μιαιφονίαν
656 1555 847 1611 αὐτῶν.

375 1648 481 1698 Καὶ
513 1677 586 1686 -
613 1646 777 1718 ὑμῶν.
808 1649 878 1700 Τό
923 1651 1108 1723 μέτρον
1154 1655 1251 1712 τῆς
1301 1653 1510 1712 κακίας.
1559 1649 1670 1702 Ούκ
1714 1648 1922 1702 ἐπιτάτ-

295 1753 398 1785 των
444 1733 525 1806 (4)
583 1731 643 1788 δὲ
674 1743 827 1788 τοῦτο
886 1732 1040 1805 εἶπεν,
1097 1736 1225 1791 ἀλλὰ
1271 1747 1648 1813 προαναφωνῶν
1705 1742 1762 1791 τὸ
1808 1738 1922 1792 ἐσό-

294 1843 472 1896 μενον.

2046 672 2118 712 ex
2139 673 2209 713 eo
2240 662 2526 730 praeterea
2542 657 2706 732 quod
2738 657 2886 713 illud
2921 657 3262 726 imitamini,
3286 659 3714 719 demonstratis

2043 761 2151 801 vos
2181 745 2346 819 ipsos
2373 747 2526 804 ﬁlios
2557 763 2684 804 esse
2716 763 2946 813 eorum,
2979 748 3079 821 qui
3108 749 3436 822 prophetas
3477 751 3716 809 occide-

2041 842 2198 892 runt.
2216 838 2403 893 Lucas
2418 854 2557 894 vero
2572 838 2805 894 addidit
2832 840 2989 896 :Com
2993 839 3263 908 probatis
3277 840 3448 909 facta
3469 848 3711 911 patrum

2041 932 2367 984 vestrorum
2391 929 2460 994 ³ο,
2498 929 2614 984 hoc
2639 933 2743 994 est,
2779 944 2850 984 ea
2880 928 3149 1000 quodam
3171 930 3353 986 modo
3386 931 3706 1004 suscipitis,

2039 1023 2242 1087 utpote
2271 1018 2632 1074 aediﬁcando
2684 1019 2777 1074 his
2837 1019 2934 1090 qui
2969 1019 3149 1075 occisi
3206 1023 3344 1075 sunt
3389 1019 3709 1091 splendida

2042 1112 2423 1163 monumenta
2448 1123 2461 1174 ;
2499 1107 2831 1180 praedicatis
2854 1106 3172 1164 audaciam
3203 1107 3650 1166 homicidarum
3679 1125 3694 1167 :

2035 1194 2278 1252 idenim
2310 1197 2383 1252 de
2418 1212 2486 1252 ea
2518 1194 2901 1266 gloriantium
2941 1200 3028 1253 est
3058 1212 3310 1269 eamque
3362 1198 3706 1271 approban-

2035 1285 2212 1342 tium.
2253 1285 2613 1342 Videremini
2633 1285 2932 1358 siquidem
2961 1285 3023 1341 in
3044 1286 3339 1343 honorem
3366 1303 3576 1346 eorum
3595 1288 3702 1362 qui

2033 1375 2216 1431 occisi
2262 1379 2424 1441 sunt,
2457 1391 2672 1432 ornare
2733 1381 3128 1432 monumenta
3183 1377 3480 1448 ipsorum,
3514 1382 3570 1434 et
3619 1377 3700 1435 ad

2033 1465 2479 1522 accusationem
2505 1471 2746 1537 patrum
2786 1469 3116 1522 vestrorum
3146 1465 3433 1537 praedicta
3478 1465 3698 1534 facere,

2031 1554 2145 1610 nisi
2183 1555 2577 1612 homicidium
2604 1570 2814 1611 eorum
2852 1553 3263 1612 imitaremini.

2101 1644 2269 1701 Vers.
2303 1648 2390 1701 32.
2443 1646 2520 1700 Et
2545 1675 2616 1686 —
2648 1650 3002 1701 vestrorum.
3045 1643 3376 1702 Mensuram
3430 1644 3694 1706 malitiae.

2029 1737 2157 1791 Non
2188 1734 2338 1790 dixit
2365 1738 2566 1790 autem
2591 1733 2706 1791 hoc
2739 1733 3161 1807 praecipiendo,
3192 1733 3298 1791 sed
3335 1734 3504 1808 quod
3530 1734 3691 1794 futu-

2026 1839 2161 1880 rum
2194 1828 2320 1880 erat
2348 1823 2752 1896 praedicendo.

368 1919 572 1987 Ὀφεις,
623 1945 694 1955 -
733 1919 978 1988 γεέννης;
1016 1916 1193 1991 ³Ὀφεις
1246 1921 1337 1991 μὲν
1382 1919 1572 1982 αύτούς
1617 1919 1899 1990 ὠνόμασεν.

2100 1914 2261 1970 Vers.
2292 1918 2380 1971 33.
2408 1913 2715 1984 Serpentes
2741 1944 2808 1955 —
2824 1913 3102 1984 gehennae
3132 1913 3158 1970 ?
3189 1914 3502 1987 Serpentes
3522 1915 3689 1989 ipsos

297 2006 368 2066 ὡς
415 2008 683 2078 πονηρούς
726 2012 818 2059 καὶ
871 2007 1172 2071 ἐπιϐούλους
1229 2014 1318 2062 καὶ
1374 2009 1719 2082 λυμαντικούς
1747 2026 1760 2040 ·
1807 2029 1917 2081 γεν-

294 2098 512 2166 νήματα
587 2091 646 2148 δε
712 2092 961 2168 ἐχιδνῶν,
1017 2101 1086 2160 ὡς
1160 2098 1397 2161 ἐοικότας
1469 2107 1578 2162 τοῖς
1650 2101 1913 2175 πατράσιν

296 2183 473 2235 αὐτῶν
510 2187 643 2238 κατὰ
671 2188 756 2238 τόν
795 2186 870 2238 ἰόν
909 2195 1001 2249 τῆς
1047 2193 1236 2251 κακίας
1287 2191 1542 2242 καὶκοιτά
1582 2193 1640 2242 τὸ
1684 2193 1908 2262 φονικόν,

305 2279 602 2346 Γεννήματα
654 2272 714 2329 δὲ
771 2273 998 2349 ἐχιδνῶν
1081 2283 1172 2332 καὶ
1226 2281 1253 2332 6
1319 2283 1618 2341 Βαπτιστής
1669 2281 1911 2342 Ἰωάννης

298 2361 494 2424 αὐτούς
540 2370 964 2440 προσηγόρευσεν
1020 2366 1068 2420 ἐν
1102 2377 1174 2440 τῷ
1220 2373 1379 2441 τρίτῳ
1409 2368 1689 2442 κεφαλαίῳ,
1725 2369 1767 2422 εἰ
1823 2374 1910 2423 καὶ

291 2452 416 2506 καθ’
477 2452 649 2528 ἑτέραν
716 2458 931 2512 ἔννοιαν.
991 2462 1176 2530 Κρίσιν
1234 2456 1292 2512 δὲ
1350 2463 1557 2531 γεέννης
1609 2459 1746 2532 λέγει
1813 2464 1906 2520 τὴν

286 2547 607 2618 κατάκρισιν
679 2551 768 2599 καὶ
842 2552 1096 2624 τιμωρίαν
1151 2558 1248 2611 τῆς
1319 2554 1539 2622 γεέννης,
1605 2553 1742 2619 ἤτοι,
1812 2555 1906 2611 τὴν

287 2639 746 2708 παραπέμπουσα-δ
773 2637 841 2699 εἰς
869 2641 963 2696 την
992 2642 1214 2711 γέενναν.

357 2728 456 2778 Διὰ
507 2755 581 2767 -
627 2725 801 2784 πόλιν,
868 2729 965 2780 Διὰ
1021 2735 1195 2796 τοῦτο,
1244 2735 1425 2799 ποῖον;
1485 2733 1628 2782 Διότι
1698 2729 1904 2804 μέλλετε

285 2813 569 2886 πληρῶσαι
598 2819 656 2867 τό
703 2820 888 2892 μέτρον
926 2826 1023 2880 τῆς
1081 2823 1269 2880 κακίας
1296 2827 1394 2871 τῶν
1449 2823 1682 2895 πατέρων
1734 2821 1900 2892 ὑμῶν.

285 2903 618 2957 Ἀποστελλω
683 2901 742 2958 δε
800 2902 925 2975 εἷπε,
981 2905 1374 2982 παραδεικνύων
1432 2912 1490 2962 τὸ
1552 2908 1757 2982 ἀξίωμα
1805 2917 1901 2972 τῆς

289 2995 556 3056 θεότητος.
617 3001 886 3070 Προφήτας
938 2992 997 3050 δε
1047 3003 1136 3050 καὶ
1195 3003 1387 3071 σοφούς
1433 3004 1521 3052 καὶ
1568 3005 1896 3074 γραμαατεῐς

287 3087 411 3145 τοὺς
465 3083 780 3146 ἀποστόλους
830 3091 962 3159 φησι
1017 3093 1107 3140 καὶ
1163 3092 1284 3150 τοὺς
1339 3088 1448 3161 μετ’
1508 3089 1729 3150 ἐκείνους
1783 3109 1897 3141 ποι-

285 3177 444 3246 μένας
493 3180 585 3228 καὶ
634 3172 996 3239 διδασκάλους
1047 3185 1145 3231 τῶν
1213 3177 1530 3237 Ἐκκλησιῶν
1597 3181 1665 3241 ὡς
1740 3179 1894 3242 ἠξιω-

2027 2003 2375 2071 nominavit,
2409 2009 2704 2076 tanquam
2732 2003 2981 2059 nocivos
3000 2007 3056 2060 et
3081 2003 3460 2061 insidiatores
3492 2019 3564 2061 ac
3587 2021 3690 2079 pe-

2023 2092 2278 2149 stiferos.
2313 2093 2626 2165 Progenies
2657 2096 2854 2149 autem
2876 2093 3243 2166 viperarum,
3285 2098 3492 2167 utpote
3524 2094 3690 2152 simi-

2018 2180 2103 2238 les
2135 2182 2402 2255 patribus
2430 2183 2556 2238 suis
2581 2183 2645 2238 in
2665 2197 2901 2239 veneno
2925 2183 3162 2239 malitiae
3211 2187 3268 2240 et
3295 2183 3358 2240 in
3391 2184 3686 2242 truculen-

2019 2273 2122 2328 tia.
2153 2273 2474 2343 Progenies
2494 2288 2731 2346 quoque
2765 2272 3102 2344 viperarum
3127 2273 3455 2346 appellavit
3475 2291 3577 2332 eos
3596 2278 3684 2333 Jo-

2018 2377 2206 2419 annes
2229 2363 2490 2435 Baptista
2522 2363 2688 2419 tertio
2728 2362 2932 2434 capite,
2961 2363 3068 2418 sed
3089 2362 3262 2434 juxta
3293 2363 3482 2421 alium
3516 2365 3684 2423 intel-

2014 2451 2255 2509 lectum.
2277 2454 2305 2507 J
2315 2452 2583 2510 udicium
2605 2467 2746 2508 vero
2769 2452 3056 2524 gehennae
3079 2452 3684 2512 dicitcondemnatio-

1999 2557 2155 2599 ‘nem
2183 2547 2237 2600 et
2281 2542 2643 2616 supplicium
2676 2542 2961 2613 gehennae
2991 2543 3136 2609 sive,
3177 2543 3344 2617 quod
3387 2543 3565 2602 mittit
3615 2545 3680 2602 in

2013 2633 2350 2704 gehennam
2365 2676 2378 2691 .

2085 2725 2241 2779 Vers.
2287 2722 2376 2778 34.
2413 2724 2750 2792 Propter—
2780 2722 3102 2780 civitatem.
3134 2753 3205 2764 —
3236 2722 3490 2794 Propter
3527 2725 3638 2784 hoc
3656 2742 3675 2798 ;

1993 2817 2254 2885 propter
2281 2811 2429 2884 quid
2452 2813 2479 2866 ?
2502 2812 2652 2878 Quia
2673 2811 2976 2884 impleturi
3005 2811 3146 2869 estis
3175 2828 3521 2872 mensuram
3551 2833 3680 2875 ma-

2007 2899 2146 2957 litiae
2161 2905 2403 2973 patrum
2421 2907 2774 2958 vestrorum.
2788 2903 2958 2959 Mitto
2971 2907 3162 2959 autem
3178 2903 3336 2969 dixit,
3353 2907 3678 2965 ostendens

2007 2989 2335 3046 divinitatis
2351 2990 2719 3062 dignitatem.
2741 2991 3072 3064 Prophetas
3088 2996 3289 3048 autem
3305 2997 3363 3048 et
3375 2995 3673 3067 sapientes

1987 3090 2078 3136 ‘ac
2122 3079 2352 3136 scribas
2383 3080 2527 3136 dicit
2557 3080 2885 3153 apostolos,
2932 3085 2988 3137 et
3015 3081 3248 3154 quieos
3294 3084 3479 3140 secuti
3535 3090 3677 3144 sunt

1985 3174 2281 3240 'pastores
2311 3186 2380 3226 ac
2421 3170 2690 3226 doctores
2744 3169 3159 3234 Ecclesiarum,
3194 3175 3398 3243 utpote
3457 3173 3673 3245 dignos

284 3269 465 3336 μένους
525 3274 853 3340 προφητικοῦ
914 3270 1251 3342 χαρίσματος
1298 3273 1387 3320 καὶ
1425 3271 1521 3330 ὡς·
1555 3268 1890 3343 [σεσοφισμέ-

2013 3259 2242 3316 habitos
2268 3259 2616 3332 prophetica
2637 3259 2849 3329 gratia,
2873 3264 2930 3315 et
2949 3260 3126 3333 quasi
3148 3259 3224 3316 ab
3253 3277 3324 3318 eo
3350 3261 3591 3321 edoctos
3615 3269 3674 3323 et

282 3373 395 3415 νονς
446 3355 527 3425 (5)
569 3356 656 3407 ὑπ’
689 3356 850 3408 αὐτοῦ
879 3363 969 3410 καὶ
1021 3359 1108 3429 ὡς]
1161 3362 1254 3417 τὴν
1308 3364 1508 3433 Γραφὴν
1561 3356 1787 3422 εἰδότας.
1821 3363 1891 3413 Τὸ

282 3440 340 3496 δὲ
368 3443 422 3507 ἐξ
450 3444 619 3496 αὐτῶν
661 3443 834 3516 δηλοῖ,
866 3449 947 3500 ὅτι
985 3447 1043 3500 ού
1090 3449 1283 3510 πάντας
1331 3447 1719 3515 ἀποκτενοῦσιν,
1767 3445 1891 3502 ούδε

277 3535 478 3598 πάντας
500 3543 958 3608 μαστιγώσουσιν.

344 3623 527 3688 Ὅπως
554 3657 624 3667 -—
654 3635 721 3698 γῆ
735 3647 773 3688 ς.
808 3623 950 3699 Αἷμα
991 3631 1095 3680 νόει
1139 3632 1232 3688 τὴν
1285 3625 1576 3688 καταδίκην
1607 3636 1696 3682 τοῦ
1728 3630 1890 3703 αἵμα-

272 3733 377 3784 τος,
404 3719 525 3774 ἦτοι
552 3723 645 3768 τοῦ
677 3706 851 3789 φόνου.
895 3715 1071 3780 Ὅπως
1123 3717 1265 3792 ἔλθη,
1313 3724 1491 3791 φησὶν,
1526 3719 1599 3792 ἐφ’
1631 3721 1766 3794 ὑμᾶς
1796 3741 1888 3774 κα-

273 3801 466 3863 ταδίκη
506 3808 704 3867 παντὸς
741 3807 958 3879 αἵματος
1011 3805 1222 3860 δικαίου
1275 3807 1624 3882 ἐκχυνομένου
1677 3809 1761 3864 ἐπὶ
1791 3820 1886 3875 τῆς

272 3902 408 3965 γῆς.
445 3896 470 3946 ὁ
528 3891 590 3949 δε
652 3900 862 3958 Λουκᾶς
932 3893 1086 3966 εἶπεν)
1172 3899 1253 3950 δτι
1313 3897 1425 3952 Ἶνα
1499 3898 1762 3973 ἐκζητηθῇ
1823 3905 1882 3953 τὸ

274 3985 405 4055 αἱμα
463 3988 672 4038 πάντων
742 3994 842 4038 τῶν
895 3996 1191 4060 προφητῶν,
1247 3992 1306 4041 τὸ
1365 3988 1706 4063 ἐκχυνόμενον
1781 3989 1882 4044 ἀπὸ

270 4073 566 4137 καταϐολῆς
628 4079 852 4148 κόσμου,
909 4076 1009 4129 ἀπὸ
1073 4084 1168 4139 τῆς
1223 4085 1400 4150 γενεᾶς
1444 4082 1660 4143 ταύτης.
1717 4078 1883 4135 Διδά-

273 4183 384 4216 σκει
457 4161 518 4217 δέ
576 4185 626 4217 τι
684 4165 897 4240 φοϐερόν
952 4169 977 4219 6
1028 4166 1203 4240 λόγος,
1252 4169 1331 4221 ὃτι
1379 4171 1404 4222 ὁ
1471 4175 1738 4241 γινώσκων
1790 4173 1881 4235 τὰς

270 4263 367 4305 τῶν
419 4254 929 4327 πεπλημμεληκότων
981 4262 1256 4331 τιμωρίας,
1316 4259 1443 4330 [καὶ
1500 4259 1577 4333 (6)
1640 4262 1881 4334 μιμησά-

268 4362 413 4414 μενος
467 4343 676 4410 αύτούς,
734 4347 918 4418 ἔνοχός
969 4345 1110 4399 ἐστιν
1149 4346 1507 4407 ἁπαιτηθῆναι
1546 4351 1748 4403 πάντων
1792 4355 1881 4414 τὰς

267 4433 879 4509 τιψ›ρίας,]τουτέστι,
940 4432 1126 4489 δοῦναι
1183 4435 1257 4510 ἐφ’
1317 4437 1520 4510 ἑκάστῳ
1577 4436 1753 4508 δίκην,
1811 4444 1881 4505 ὡς

264 4527 334 4594 μὴ
394 4526 771 4596 σωφρονισθείς
823 4532 930 4587 τοῖς
981 4522 1410 4599 παραδείγμασι.
1468 4533 1567 4582 Καὶ
1614 4528 1668 4592 ἐξ
1711 4530 1878 4583 αὐτῶν

715 4619 895 4687 φησὶν,

265 4705 452 4763 παντὸς
509 4706 662 4775 φόνου
722 4703 1206 4780 προτετολμημένου
1275 4710 1412 4760 κατὰ
1463 4716 1562 4760 τῶν
1631 4706 1871 4764 δικαίων.

265 4611 609 4683 ἀποκτενεῖτε,

265 4789 536 4844 Ἤκουσαν
585 4795 707 4866 γὰρ,
767 4795 848 4846 ὅτι
901 4795 926 4844 6
975 4797 1065 4866 μὲν
1127 4797 1260 4850 Κάῑν
1318 4795 1446 4849 ἑπτα
1500 4807 1764 4871 τιμωριῶν
1813 4797 1873 4858 ἦν

265 4881 406 4943 ἄξιος
434 4899 446 4909 ·
480 4883 508 4933 6
541 4878 600 4934 δὲ
655 4884 848 4955 Λάμεχ
878 4879 1322 4954 ἑϐδομηκοντάκις
1354 4885 1502 4950 ἑπτὰ,
1559 4883 1653 4940 διὰ
1690 4893 1747 4942 τὸ
1797 4894 1869 4962 μὴ

268 4971 689 5044 σωιρρονισθῆναι
741 4980 813 5043 τῷ
859 4969 1278 5045 παραδείγματι.
1339 4977 1408 5027 Τὸ
1460 4972 1518 5028 δὲ
1570 4977 1727 5045 ὅπως,
1781 4984 1870 5032 καὶ

266 5064 320 5111 τό
361 5063 464 5128 ἱνα,
499 5059 594 5111 οὐκ
645 5060 970 5134 αἰτιολογικά
1015 5069 1104 5114 νῦν
1152 5068 1282 5136 φασί
1328 5083 1477 5132 τινες,
1520 5064 1646 5119 ἀλλὰ
1704 5065 1872 5127 δηλω-

266 5151 383 5201 τικόι
410 5156 504 5202 τοῦ
535 5149 822 5223 μέλλοντος.

331 5239 462 5293 Ἀπὸ
519 5270 589 5284 —
649 5242 1058 5315 θυσιαστηρίου.
1121 5242 1384 5317 Εύκαίρως
1435 5252 1528 5299 τοῦ
1595 5244 1748 5301 Ἀϐελ
1821 5247 1874 5302 ἒ-

265 5332 604 5404 μνημόνευσε,
655 5326 926 5400 δεικνύων,
987 5332 1068 5386 ὅτι
1115 5336 1206 5386 καὶ
1254 5334 1280 5386 ό
1339 5333 1531 5390 ἑκείνοῡ
1579 5340 1722 5412 φόνος
1775 5335 1871 5396 διὰ

330 5511 374 5548 ³ο
413 5511 553 5571 Luc.
585 5527 669 5570 x1.
700 5512 792 5569 48.
874 5513 918 5548 ³¹
942 5512 1081 5570 Luc.
1109 5529 1190 5583 x1,
1225 5518 1312 5572 50.

2003 3349 2690 3423 tanquamlScripturam
2716 3349 3127 3420 intelligentes.
3161 3351 3334 3416 Quod
3359 3356 3563 3411 autem
3585 3354 3674 3412 di-

2000 3440 2171 3510 citur,
2204 3455 2276 3496 ex
2303 3441 2448 3503 illis,
2485 3440 2781 3512 signiﬁcat
2809 3440 2976 3512 quod
3005 3455 3129 3497 non
3159 3456 3372 3500 omnes
3415 3443 3670 3504 occisuri

1984 3535 2185 3595 erant,
2221 3546 2416 3602 neque
2446 3545 2659 3586 omnes
2684 3529 3062 3600 ﬂagellaturi.

2069 3621 2230 3677 Vers.
2256 3624 2346 3678 35.
2385 3621 2457 3677 Ut
2475 3651 2542 3660 —
2569 3625 2815 3676 terram.
2837 3620 3213 3694 Sanguinem,
3241 3621 3499 3694 intellige
3530 3638 3668 3682 san-

1996 3710 2193 3781 guinis
2232 3711 2355 3766 sive
2387 3710 2568 3766 cmdis
2606 3709 3192 3768 condemnationem.
3230 3713 3298 3769 Ut
3320 3714 3541 3784 veniat,
3579 3713 3667 3771 in-

1995 3801 2139 3873 quit,
2170 3816 2352 3873 super
2389 3816 2498 3856 vos
2539 3799 2968 3857 condemnatio
2998 3800 3319 3872 cujuslibet
3361 3802 3504 3875 justi
3530 3819 3666 3861 san-

1993 3890 2187 3961 guinis
2215 3890 2318 3962 qui
2340 3889 2567 3946 eﬁ‘usus
2600 3894 2688 3946 est
2713 3906 2894 3962 super
2926 3894 3162 3947 terram.
3226 3893 3414 3949 Lucas
3462 3899 3665 3951 autem

1992 3980 2140 4037 dixit
2157 3997 2168 4034 :
2188 3982 2255 4038 Ut
2269 3981 2619 4052 exquiratur
2628 3982 2872 4051 sanguis
2884 3983 3143 4038 omnium
3163 3982 3572 4053 prophetarum
3589 3985 3660 4052 ³¹,

1990 4070 2095 4142 qui
2126 4069 2351 4126 effusus
2375 4074 2463 4126 est
2483 4069 2953 4126 aconstitutione
2984 4070 3197 4126 mundi
3220 4086 3256 4128 a
3281 4072 3663 4143 generatione

1989 4159 2120 4215 ista.
2153 4159 2336 4215 Docet
2353 4164 2555 4215 autem
2578 4158 2870 4231 quiddam
2896 4159 3275 4217 tremendum
3299 4177 3497 4219 sermo
3523 4163 3659 4221 iste.

1991 4248 2098 4315 Qui
2130 4249 2282 4305 enim
2304 4253 2688 4321 peccatorum
2720 4247 2886 4304 novit
2918 4263 3151 4320 poenas,
3183 4253 3238 4305 et
3268 4250 3658 4309 nihilominus

1989 4353 2090 4396 eos
2129 4338 2415 4404 imitatur,
2442 4354 2580 4394 reus
2614 4342 2704 4395 est
2727 4342 2790 4394 ut
2820 4337 2899 4394 ab
2940 4353 3012 4394 eo
3043 4338 3358 4410 exigantur
3380 4341 3659 4401 omnium

1995 4427 2310 4500 supplicia,
2339 4428 2453 4484 hoc
2481 4433 2572 4484 est
2597 4443 2708 4499 pro
2741 4442 3108 4499 unoquoque
3139 4443 3385 4501 poenam
3405 4428 3550 4496 luat,
3583 4447 3656 4491 eo

1987 4518 2152 4590 quod
2185 4517 2458 4590 exemplo
2491 4517 2619 4589 ejus
2643 4532 2773 4573 sese
2799 4531 2922 4572 non
2951 4515 3359 4575 refrenaverit.
3399 4522 3465 4577 Et
3495 4535 3567 4578 ex
3592 4521 3658 4580 il-

999 4616 1140 4679 ὅπως
1238 4615 1433 4676 ἀπαιτη
1443 4619 1566 4677 θῆτε
1663 4621 1875 4674 κόλασιν

2013 4607 2057 4662 is
2084 4607 2384 4672 occidetis,
2416 4607 2629 4680 inquit,
2667 4611 2728 4662 ut
2758 4611 3067 4679 expetatur
3105 4622 3142 4664 a
3181 4607 3354 4665 vobis
3385 4609 3530 4668 ultio
3558 4627 3660 4668 cu-

1979 4697 2224 4769 juslibet
2254 4697 2459 4766 caedis,
2491 4713 2628 4770 quae
2661 4696 2827 4769 prius
2857 4702 3067 4753 contra
3087 4697 3285 4768 justos
3303 4699 3496 4758 fuerat
3526 4718 3658 4776 per-

1985 4793 2232 4858 petrata.
2267 4786 2596 4843 Audierant
2621 4787 2772 4842 enim
2799 4786 2965 4859 quod
2995 4787 3141 4844 Cain
3162 4793 3394 4861 septem
3428 4792 3654 4865 suppli-

1982 4876 2088 4932 ciis
2103 4877 2317 4948 dignus
2331 4876 2523 4932 fuerat
2541 4894 2552 4945 ;
2573 4876 2823 4932 Lamech
2843 4891 2980 4933 vero
3004 4879 3386 4949 septuaginta
3399 4886 3653 4953 septem,

1981 4981 2052 5022 eo
2082 4966 2244 5039 quod
2285 4982 2412 5021 sese
2445 4981 2560 5022 non
2599 4965 2956 5022 refrenasset
2987 4967 3280 5038 exemplo.
3326 4969 3654 5028 Dictionem

1981 5062 2184 5112 autem
2207 5058 2367 5124 ὅπως,
2412 5060 2495 5125 ut,
2522 5055 2690 5110 aiunt
2715 5055 2966 5127 quidam
3002 5053 3283 5130 non'capi
3310 5058 3649 5130 causaliter,

1980 5145 2082 5201 sed
2106 5150 2165 5201 ut
2203 5144 2504 5215 signiﬁcet
2526 5144 2587 5200 id
2617 5144 2781 5217 quod
2812 5145 3076 5200 futurum
3092 5149 3200 5202 est.

2051 5254 2208 5309 Vers.
2245 5257 2311 5310 35
2351 5253 2400 5309 Α
2437 5253 2745 5310 ——attare.
2800 5251 3140 5324 Opportune
3183 5252 3330 5310 Abel
3360 5254 3646 5328 meminit,

1979 5342 2300 5401 ostendens
2313 5342 2482 5416 quod
2505 5341 2688 5403 etiam
2701 5341 2894 5400 caedes
2906 5341 3069 5402 illius
3085 5357 3193 5418 per
3217 5342 3500 5408 invidiam
3520 5361 3652 5422 per-

1461 5640 1681 5713 Variae
1729 5644 2059 5717 lectiones
2091 5654 2160 5717 et
2206 5655 2386 5718 notae

439 5781 554 5836 Ἐπὶ
581 5783 812 5849 πάντων,
847 5795 956 5854 pro
982 5782 1288 5852 ἐπιτάττων,
1323 5789 1386 5840 Α.

439 5782 554 5836 Ἐπὶ
581 5783 812 5849 πάντων,
847 5795 956 5854 pro
982 5782 1002 5836 ἐ

381 5782 402 5928 ζ
425 5854 661 5914 Inclusa
687 5854 908 5914 absunt
924 5855 1002 5910 -A.

327 5783 378 5928 li

353 5859 380 5910 5

2043 5792 2121 5868 (6)
2154 5792 2388 5853 Inclusa
2417 5792 2634 5853 absunt
2657 5795 2728 5852 A.
