4178 6456
489 388 596 447 599

1805 383 2151 444 EUTHYMII
2201 382 2556 442 ZAGABENI

3810 385 3937 443 600

490 517 725 591 petrata
748 517 855 574 est.
898 513 1239 574 Zachariam
1268 518 1471 574 autem
1497 514 1749 591 quidam
1770 514 1979 573 dicunt
2006 527 2146 570 eum
2173 542 2183 566 Α

2297 513 2438 565 θόνον
2501 512 2716 585 ἐγένετο.
2789 515 3065 588 Ζαχαρίαν
3124 508 3184 567 δὲ
3260 513 3309 567 οἱ
3374 513 3465 586 μὲν
3520 511 3769 587 λέγουσι
3831 513 3932 564 τὸν

492 605 600 681 qui
626 606 736 663 fuit
758 621 915 662 unus
937 606 1255 663 duodecim
1274 607 1693 681 prophetarum
1716 625 1727 663 :
1748 605 1988 680 quidam
2005 619 2147 661 vero

495 713 657 766 eum,
671 696 775 769 qui
790 695 950 751 ﬁlius
961 696 1161 753 Joadae
1174 696 1504 765 dicebatur,
1518 698 1621 770 qui
1636 698 1814 753 etiam
1830 695 2148 752 Zacharias

457 772 469 781 ⁸
496 785 913 860 appellabatur
937 810 948 841 :
980 785 1180 858 plures
1209 774 1407 843 autem
1426 793 1657 860 patrem
1684 786 1979 859 Baptistae.
2001 786 2147 843 Scri-

495 875 819 933 buntenim
862 891 927 931 se
961 877 1267 949 accepisse
1308 882 1599 949 apatrum
1636 877 1974 941 traditione,
2011 892 2149 949 quae

498 967 643 1024 citra
661 966 945 1041 scriptum
967 983 1073 1040 per
1087 983 1305 1023 manus
1324 967 1593 1040 pervenit
1617 968 1693 1024 ad
1708 972 2002 1041 posteros,
2018 982 2150 1039 qum

482 1055 883 1119 traditionum
915 1072 1134 1130 genera
1160 1058 1370 1131 ἄγραφα
1398 1058 1805 1124 nominantur,
1837 1057 2003 1130 quod
2030 1060 2155 1113 erat

480 1141 561 1204 'in
586 1145 810 1220 templo
830 1146 991 1203 locus
1020 1146 1351 1220 virginibus
1378 1148 1705 1205 destinatus
1735 1165 1747 1203 :
1779 1164 1816 1204 a
1840 1163 1963 1220 quo
1998 1151 2157 1204 stan-

501 1241 621 1295 tem
651 1237 962 1310 quondam
991 1236 1052 1293 in
1078 1253 1149 1294 eo
1170 1238 1270 1293 Dei
1305 1240 1543 1295 Matrem
1571 1242 1711 1310 post
1740 1245 2000 1311 partum,
2034 1253 2158 1295 non

499 1327 690 1399 ejecit,
722 1326 928 1383 dicens
955 1326 1252 1399 virginem
1284 1343 1433 1393 esse,
1464 1331 1521 1385 et
1539 1327 1677 1385 ideo
1707 1328 1941 1385 occisus
1959 1332 2047 1385 est
2073 1328 2163 1384 in-

498 1418 589 1474 ter
618 1415 905 1489 templum
937 1419 995 1472 et
1025 1415 1210 1473 altare
1240 1416 1518 1473 exterius.

475 1495 481 1502 ’
573 1504 739 1562 Vers.
771 1508 859 1562 36.
897 1506 1088 1562 Amen
1117 1537 1182 1547 —
1205 1506 1388 1563 istam.
1426 1505 1579 1573 Quia
1609 1507 1821 1564 timore
1871 1506 2161 1577 gehennae

503 1610 640 1670 quas
684 1594 769 1651 eis
807 1593 1194 1667 impendebat
1235 1611 1306 1652 eo
1336 1596 1503 1669 quod
1530 1600 1784 1655 ventura
1842 1601 2017 1665 esset,
2049 1596 2164 1653 hos

480 1677 632 1742 'non
658 1684 1079 1742 commovebat
1105 1684 1202 1757 (ε),
1230 1690 1478 1743 exterret
1504 1702 1574 1743 ac
1604 1686 1922 1760 propulsat
1943 1704 2043 1744 eos
2069 1700 2165 1745 ca-

506 1773 897 1842 lamitatibus,
921 1790 1058 1848 quas
1079 1791 1200 1832 non
1221 1775 1397 1848 longe
1419 1780 1557 1850 post
1579 1775 1791 1835 futurae
1811 1782 2007 1835 erant:
2031 1777 2164 1833 ideo

508 1863 999 1938 conﬁrmatquod
1024 1865 1205 1923 etiam
1234 1870 1481 1924 ventura
1513 1872 1653 1924 sunt
1674 1868 1882 1924 omnia
1911 1868 2057 1936 haec,
2082 1867 2163 1923 vi-

484 1952 721 2027 delicet
745 1968 880 2026 quae
907 1954 1253 2012 miserrimae
1299 1962 1436 2014 sunt
1486 1956 1754 2023 ultionis,
1786 1973 1968 2030 super
1994 1973 2169 2028 gene-

482 2043 799 2121 _rationem
827 2042 1028 2111 istam,
1066 2044 1189 2102 sive
1213 2062 1393 2119 super
1417 2046 1529 2103 hos
1558 2047 1748 2121 ipsos.
1785 2047 1907 2105 Sub
1955 2050 2171 2120 Vespa-

488 2133 681 2211 Isiano
734 2133 894 2189 enim
941 2138 999 2190 et
1043 2134 1169 2191 Tito
1229 2136 1759 2208 apprehenderunt
1808 2152 1911 2194 eos
1959 2153 2095 2211 quae
2134 2154 2172 2196 a

510 2221 798 2279 Romanis
828 2236 1156 2294 provenere
1187 2225 1369 2282 mala.

585 2314 751 2371 Vers.
792 2311 878 2369 37.
910 2311 1237 2370 Jerusalem
1265 2346 1331 2355 -
1361 2315 1443 2373 ad
1471 2321 1544 2374 te.
1579 2316 1665 2373 Ad
1697 2316 2001 2374 civitatem
2033 2333 2173 2375 con-

490 2406 749 2479 .vertens
772 2417 1115 2459 sermonem
1133 2402 1406 2476 deplorat
1425 2405 1604 2465 hanc.
1633 2406 2045 2480 Reduplicatio
2073 2425 2172 2465 au-

514 2498 636 2548 tem
684 2491 1117 2565 appellationis,
1156 2493 1592 2552 demonstratio
1641 2502 1728 2553 est
1758 2497 2175 2554 miserationis.

517 2583 657 2654 Ejus
689 2581 904 2637 etenim
926 2581 1257 2649 miseretur,
1290 2588 1355 2638 ut
1386 2600 1519 2657 quas
1563 2585 1707 2642 olim
1757 2586 1977 2645 dilecta
2030 2592 2172 2657 erat,

502 2686 682 2735 nunc
705 2686 843 2727 vero
873 2674 1141 2729 extrema
1170 2688 1422 2744 passura
1460 2679 1569 2740 est,
1600 2680 1843 2749 propter
1895 2676 2177 2751 iniquita-

521 2766 608 2820 tes
635 2759 1097 2818 inhabitantium
1130 2762 1191 2818 in
1235 2778 1324 2820 ea.
1354 2763 1793 2839 Consequenter
1824 2771 2027 2824 autem
2075 2783 2180 2824 ex-

516 2850 766 2926 probrat
794 2849 865 2914 ei,
916 2851 1081 2924 quod
1112 2851 1475 2912 interemerit
1504 2857 1829 2929 prophetas
1859 2873 2013 2930 quos
2049 2858 2179 2931 ipse

520 2940 601 2999 ad
632 2957 765 2998 eam
796 2941 1059 2998 miserat.

591 3034 750 3088 Vers.
779 3032 868 3087 37.
905 3032 1135 3100 Quoties
1164 3063 1232 3075 ——
1253 3034 1543 3092 noluistis.
1570 3036 1765 3104 Volui,
1800 3037 2011 3112 inquit,
2043 3054 2184 3095 con-

522 3137 771 3195 gregare
787 3120 942 3178 ﬁlios
973 3125 1107 3179 tuos
1140 3123 1252 3180 sub
1286 3141 1421 3181 mea
1450 3127 1837 3198 protectione,
1866 3145 2021 3202 quos
2050 3145 2186 3202 pec-

2256 603 2341 657 ἕνα
2368 611 2465 655 τῶν
2500 600 2710 657 δώδεκα
2752 611 3049 678 προφητῶν,
3085 606 3134 657 οἱ
3199 600 3258 657 δε
3310 607 3396 657 τόν
3439 608 3530 657 καὶ
3577 604 3669 677 (7)
3714 599 3933 665 Ἰωδας

2257 693 2603 767 καλούμενον·
2651 694 2813 769 ἕτεροι
2853 691 2912 748 δὲ
2960 696 3046 747 τὸν
3106 695 3181 767 (8)
3240 695 3487 770 Ἀζαρίαν
3517 712 3530 726 ⁸
3567 696 3626 747 οἱ
3689 693 3930 756 πλείους

2261 779 2340 847 δὲ,
2381 787 2468 835 τὸν
2523 788 2722 861 πατέρα
2774 792 2867 837 τοῦ
2925 792 3245 843 Βαπτιστοῦ,
3302 786 3571 859 Γράφουσι
3630 786 3779 858 γὰρ,
3837 785 3930 838 ὃτι

2259 873 2546 948 παρέλαϐον
2622 873 2675 938 ἐξ
2754 874 2989 950 ἀγράφου
3048 871 3400 946 παραδόσεως
3456 882 3555 928 τῶν
3622 878 3925 947 πατέρων,

2261 965 2324 1024 ὡς
2383 960 2442 1022 ἧν
2498 968 2654 1028 τόπος
2710 963 2759 1017 ἐν
2812 973 2885 1036 τῷ
2941 973 3045 1037 ναῷ
3096 972 3213 1027 ταῖς
3271 967 3548 1040 παρθένοις
3598 963 3925 1037 ἀποτεταγι

2262 1056 2431 1127 μένος,
2464 1053 2511 1106 ἐν
2616 1056 2815 1108 στᾶσάν
2846 1075 2969 1109 ποτε
3004 1060 3095 1115 τήν
3146 1060 3399 1109 Θεοτόκον
3442 1056 3576 1128 μετὰ
3618 1058 3719 1107 τόν
3754 1059 3929 1108 τόκον

2266 1143 2360 1196 οῦκ
2406 1143 2631 1208 ἐξέϐαλεν
2662 1145 2827 1213 οὗτος,
2862 1146 3037 1213 εἰπὼν,
3085 1147 3167 1199 ὅτι
3214 1148 3467 1221 παρθένος
3505 1145 3649 1200 ἐστί.
3688 1147 3790 1198 Διό
3824 1148 3929 1198 καὶ

2267 1230 2510 1306 ἓφονεύθη
2560 1234 2752 1308 μεταξὺ
2792 1242 2882 1290 τοῦ
2911 1243 3036 1289 ναοῦ
3066 1241 3155 1289 καὶ
3194 1243 3288 1291 τοῦ
3325 1236 3420 1301 ἔξω
3468 1238 3925 1312 θυσιαστηρίου.

2347 1466 2510 1541 Ἀμήν
2565 1499 2634 1508 —
2684 1470 2897 1528 ταύτην.
2941 1469 3104 1534 Ἐπεὶ,
3184 1470 3271 1522 τὸν
3334 1468 3487 1543 φόϐον
3544 1477 3645 1531 τῆς
3697 1472 3932 1542 γεέννης

2274 1555 2623 1632 ἐτι-[κρεμάσας
2677 1559 2873 1625 αὐτοῖς,
2936 1559 2993 1612 οὗ
3058 1562 3303 1613 καθίκετο
3360 1561 3576 1631 τούτων,
3674 1556 3784 1613 διὰ
3864 1562 3929 1614 τὸ

2274 1646 2469 1720 μέλλειν
2512 1647 2695 1716 αὐτὴν,
2756 1648 2958 1722 ἐκφοϐεῖ
3018 1654 3104 1703 καὶ
3163 1649 3612 1723 κατασφαλίζεται
3683 1652 3930 1713 τούτους

2276 1736 2376 1789 ἀπὸ
2421 1746 2520 1790 τῶν
2564 1738 2657 1792 οὐκ
2701 1739 2773 1801 εἰς
2819 1742 3023 1814 μακρὰν
3084 1749 3381 1815 συμφορῶν.
3440 1743 3527 1793 Διό
3580 1745 3681 1794 καὶ
3729 1737 3927 1794 διαϐε-

2190 1860 2234 1919 B
2277 1826 2539 1897 ϐαιοῦται,
2574 1829 2711 1892 ήξειν
2740 1837 2906 1883 ταῦτα
2956 1833 3145 1897 πάντα,
3203 1827 3437 1899 δηλαδή,
3489 1833 3554 1883 τὰ
3609 1838 3715 1892 τῆς
3775 1851 3926 1904 παγ-

2275 1917 2510 1990 χαλέπου
2562 1923 2837 1993 τιμωρίας,
2897 1918 2979 1973 ἐπὶ
3035 1924 3128 1978 τήν
3194 1922 3368 1991 γενεὰν
3423 1922 3642 1987 ταύτην,
3714 1924 3921 1993 ἤγουν,

2278 2004 2354 2058 ἐπ’
2404 2006 2590 2068 αὐτοὺς
2640 2005 2706 2066 δή
2756 2011 2989 2070 τούτους.
3050 2009 3165 2062 Ἐπὶ
3206 2009 3612 2062 Οὐεσπασιανοῦ
3654 2012 3768 2087 γὰρ
3823 2014 3923 2064 καὶ

2277 2100 2435 2149 Τίτου
2464 2097 2742 2150 κατελαϐον
2765 2098 2953 2161 αὐτοὺς
2983 2101 3047 2152 τὰ
3072 2097 3125 2151 ἐκ
3163 2099 3426 2173 Ῥωμαίων
3451 2102 3608 2155 κακά.

2349 2184 2689 2262 Ἰερουσαλὴμ
2736 2219 2803 2229 —
2853 2188 3035 2247 αὐτὴν,
3097 2192 3235 2262 Πρὸς
3291 2194 3384 2249 τὴν
3434 2189 3580 2243 πόλιν
3641 2188 3927 2266 ἀποστρέ-

2280 2274 2387 2347 ψας
2420 2278 2505 2328 τὸν
2535 2277 2706 2349 λόγον,
2741 2278 3004 2340 ταλανίξει
3045 2282 3240 2338 ταύτην
3270 2296 3282 2309 ·
3318 2281 3343 2332 ό
3394 2276 3814 2353 διπλασιασμὸς
3862 2276 3927 2333 δε

2283 2374 2373 2426 τῆς
2411 2366 2643 2429 κλήσεως
2692 2365 3005 2441 ἐμφαντικὸς
3060 2367 3223 2430 ἐλέους
3272 2367 3429 2421 ἐστίν.
3489 2368 3761 2442 Οἰκτείρει
3810 2372 3922 2443 γὰρ

2285 2459 2500 2524 ταύτην,
2572 2460 2635 2518 ὼς
2688 2457 2847 2509 πάλαι
2899 2460 2989 2531 μὲν
3046 2459 3409 2530 ἠγαπημένην,
3469 2464 3555 2509 νῦν
3603 2454 3663 2509 δὲ
3719 2462 3925 2513 παθεῖν

2285 2549 2352 2599 τὰ
2400 2550 2608 2619 ἔσχατα
2661 2546 2969 2620 μέλλουσαν,
3033 2544 3127 2600 διὰ
3169 2550 3259 2609 τὰς
3298 2551 3625 2620 παρανομίας
3670 2554 3782 2599 τῶν
3824 2569 3927 2601 κα-

2286 2639 2594 2689 τοικούντων
2638 2635 2686 2687 ἓν
2740 2637 2899 2710 αὐτῇ.
2939 2640 3008 2691 Τό
3042 2633 3215 2700 δ’έξῆς
3269 2633 3515 2698 ὀνειδίζει
3559 2638 3787 2702 ταύτην,
3850 2638 3927 2698 ὡς

2288 2723 2695 2800 διαφθείρουσαν
2740 2730 2859 2789 τοὺς
2911 2731 3202 2803 προφήτας,
3262 2726 3351 2791 οῦς
3409 2725 3560 2788 αὐτὸς
3628 2723 3922 2779 ἀπέστελλε

2287 2820 2413 2893 πρὸς
2443 2816 2623 2877 αὐτήν.

2366 3052 2598 3115 Ποσάκις
2642 3082 2709 3092 -
2758 3050 3071 3111 ἠθελήσατε.
3125 3050 3407 3118 Ἥθελησα,
3464 3052 3641 3123 φησὶν,
3697 3049 3926 3103 ἐπισυν-

2297 3148 2511 3216 αγαγεῖν
2552 3143 2620 3195 τὰ
2665 3143 2816 3194 τέκνα
2877 3161 2971 3195 σου
3025 3142 3125 3194 ὑπὸ
3169 3145 3264 3201 τὴν
3310 3140 3438 3213 ἐμήν
3481 3143 3703 3207 σκέπην,
3767 3140 3929 3193 ἅτινα

522 3215 655 3271 cata
670 3210 1115 3285 disperseranta
1137 3214 1339 3271 divina
1360 3216 1654 3273 custodia.
1685 3219 1970 3290 Exemplo
1984 3223 2183 3275 autem

2299 3234 2355 3286 αἱ
2392 3230 2642 3307 ἁμαρτίαι
2686 3228 3065 3306 διεσκόρπισαν
3103 3230 3204 3283 ἀπὸ
3253 3239 3349 3293 τῆς
3403 3231 3546 3293 θείας
3594 3227 3935 3290 ἐπισκοπῆς.

523 3300 761 3374 gallina;
793 3318 971 3358 suum
997 3302 1059 3359 in
1079 3302 1107 3358 J
1118 3304 1315 3361 udaeos
1333 3321 1605 3363 amorem
1617 3308 1901 3364 ostendit.
1930 3308 2189 3375 Quidam

525 3396 727 3451 autem
757 3407 1099 3449 sermonem
1139 3393 1470 3465 intelligunt
1497 3395 1572 3453 de
1601 3397 1816 3454 Judaeis
1847 3413 1954 3470 per
2000 3398 2191 3455 varias

528 3482 799 3554 regiones
855 3482 1143 3555 dispersis
1194 3484 1307 3540 sub
1356 3484 1659 3556 prioribus
1724 3488 2191 3561 captivitatibus.

528 3603 599 3618 —-
627 3573 711 3629 Et
735 3572 1031 3640 noluistis,
1062 3588 1158 3629 me
1172 3588 1295 3630 non
1310 3575 1682 3648 recipientes,
1713 3577 1819 3633 sed
1836 3594 2196 3652 persequen-

532 3666 620 3722 tes
649 3665 708 3719 et
737 3660 1010 3718 occidere
1031 3662 1403 3721 festinantes.
1434 3664 1525 3722 Ad
1550 3665 1802 3725 civitatis
1824 3668 2195 3727 habitatores

534 3767 747 3811 rursus
780 3766 1120 3809 sermonem
1150 3753 1454 3813 convertit.

518 4012 521 4015 _
611 3949 785 4009 Vers.
841 3952 930 4007 38.
958 3948 1105 4008 Ecce
1145 3981 1215 3991 —
1244 3948 1498 4009 deserta.
1542 3951 1768 4010 Domus
1826 3959 2022 4013 vestra
2076 3957 2200 4015 sive

539 4039 830 4113 templum
843 4039 1199 4112 relinquitur
1211 4040 1384 4097 vobis
1407 4041 1712 4100 desertum
1732 4044 1811 4101 ab
1824 4046 2200 4106 inhabitants

518 4130 603 4201 .in
634 4144 705 4187 ea
733 4128 933 4185 divina
958 4128 1170 4199 gratia.
1202 4130 1323 4186 Hoc
1350 4135 1552 4188 autem
1574 4132 1793 4190 domus
1812 4134 2040 4193 illorum
2053 4141 2198 4205 erat,

541 4223 746 4293 utpote
775 4219 838 4276 in
864 4218 1098 4276 civitate
1127 4234 1337 4276 eorum
1370 4221 1748 4279 aediﬁcatum.

613 4311 772 4366 Vers.
806 4310 894 4365 39.
931 4309 1073 4367 Dico
1093 4340 1162 4350 -—
1189 4310 1449 4367 Domini.
1483 4312 1815 4384 thuando
1844 4314 1960 4372 hoc
1989 4315 2201 4375 dicturi

546 4400 726 4457 sunt?
748 4399 1023 4457 Volentes
1051 4399 1309 4473 quidem,
1343 4416 1659 4475 nunquam
1684 4418 1697 4458 :
1728 4404 1999 4463 nolentes
2013 4412 2206 4464 autem

545 4494 813 4559 tempore
841 4489 1090 4545 secundi
1126 4490 1414 4547 adventus
1443 4492 1595 4563 ejus,
1636 4494 1884 4566 quando
1915 4501 2205 4554 venturus

2301 3323 2397 3376 Διὰ
2446 3317 2503 3375 δὲ
2536 3327 2630 3374 τοῦ
2660 3318 3087 3395 παραδείγματος
3135 3328 3226 3382 τῆς
3280 3321 3482 3394 ὄρνιθος
3531 3320 3590 3371 τὸ
3636 3323 3773 3396 περὶ
3811 3321 3939 3380 τοὺς

2303 3407 2599 3474 Ἰουδαίους
2668 3410 3005 3486 φιλόστοργον
3073 3410 3258 3463 ἑαυτοῦ
3336 3405 3595 3462 δείκνυσι.
3660 3410 3819 3471 Τινὲς
3878 3404 3938 3462 δε

2302 3509 2483 3555 νοοῦσι
2510 3504 2596 3554 τόν
2629 3500 2779 3574 λόγόν
2810 3506 2926 3575 περὶ
2956 3508 3055 3553 τῶν
3102 3497 3494 3573 διεσπαρμένων
3528 3493 3816 3552 Ἰουδαίων
3867 3498 3937 3559 εἰς

2307 3588 2592 3664 διαφόρους
2630 3597 2814 3664 χώρας
2857 3592 2957 3644 ὑπὸ
2988 3598 3088 3642 τῶν
3136 3592 3587 3663 προγεγενημένων
3642 3587 3934 3662 αἰχμαλω-

2306 3689 2457 3738 σιῶν.
2522 3685 2623 3734 Καὶ
2688 3680 2782 3733 οὐκ
2830 3679 3139 3747 ἠθελήσατε,
3212 3684 3283 3751 μὴ
3350 3675 3783 3753 παραδεξάμενοί
3845 3696 3928 3751 με,

2307 3769 2435 3823 ἀλλὰ
2483 3766 2757 3833 διώκοντες
2815 3774 2904 3822 καὶ
2959 3767 3258 3822 ἀποκτεῖναι
3317 3763 3734 3830 σπουδάζοντες.
3794 3758 3932 3841 Πρὸς

2305 3864 2426 3924 τοὺς
2452 3859 2771 3921 ἐνοικοῦντας
2802 3855 2861 3913 δε
2890 3867 2951 3933 τῇ
2981 3858 3123 3913 πόλει
3156 3856 3450 3931 διαλέγεται
3479 3857 3654 3915 πάλιν.

2380 3948 2522 4005 Ἰδοὺ
2557 3982 2626 3992 —
2678 3953 2887 4026 ἔρημος.
2941 3948 2999 4001 Ὀ
3056 3945 3192 4010 οἶκος
3241 3949 3402 4021 ὑμῶν,
3449 3950 3633 4019 ἤγουν,
3693 3947 3718 3997 ό
3782 3949 3928 4013 ναὸς,

2312 4041 2513 4115 ἀφίεται
2560 4042 2680 4114 ὑμῖν
2711 4042 2900 4114 ἔρημος
2944 4047 3039 4102 τῆς
3088 4038 3389 4102 ἐνοικουσης
3435 4037 3576 4108 αὐτῷ
3631 4038 3769 4099 θείας
3825 4038 3931 4109 χά-

2310 4153 2470 4210 ριτος.
2522 4130 2676 4192 Οἶκος
2725 4129 2783 4184 ὸε
2867 4129 3032 4182 αὐτῶν
3089 4128 3254 4195 οὗτος,
3302 4131 3368 4190 ὡς
3429 4125 3702 4203 ἱδρυμένος
3751 4125 3800 4179 έν
3862 4132 3926 4199 τῇ

2315 4224 2457 4278 πόλει
2483 4222 2672 4278 αὐτῶν.

2385 4318 2538 4387 Λέγω
2578 4343 2642 4354 -—
2688 4315 2903 4384 Κυρίου.
2951 4314 3051 4364 Καὶ
3108 4313 3232 4363 πότε
3289 4314 3442 4360 τοῦτο
3479 4308 3729 4369 εἴπωσιν;
3761 4302 3932 4357 Ἐκόν-

2317 4424 2399 4468 τες
2427 4407 2538 4477 μὲν,
2589 4397 2858 4468 οὐδέποτε,
2918 4402 3128 4463 ἄκοντες
3178 4395 3257 4465 δε,
3291 4399 3423 4449 κατὰ
3476 4394 3562 4447 τόν
3601 4395 3783 4467 καιρὸν
3833 4400 3931 4455 τῆς

2321 4491 2568 4567 δευτέρας
2615 4491 2775 4544 αὐτοῦ
2827 4495 3140 4565 παρουσίας,
3196 4490 3316 4541 ὅταν
3372 4485 3484 4549 ἣξει
3513 4486 3592 4557 (9)
3647 4485 3780 4557 μετὰ
3838 4479 3929 4535 δυ-

518 4580 639 4639 .est
665 4593 802 4633 cum
834 4581 1126 4650 potestate
1156 4582 1212 4634 et
1241 4578 1432 4649 gloria
1460 4597 1684 4654 magna
1720 4601 1733 4651 ;
1762 4585 2011 4657 quando
2044 4586 2183 4643 nulla

2320 4588 2519 4659 νάμεως
2564 4585 2655 4635 καὶ
2696 4578 2853 4644 δόξης
2891 4580 3102 4651 πολλῆς,
3159 4580 3275 4631 ὅταν
3318 4572 3467 4630 οὐδὲν
3526 4575 3699 4635 αὐτοῖς
3757 4572 3932 4646 ὄφελος

550 4666 659 4722 erit
684 4666 769 4722 eis
798 4665 1016 4722 utilitas
1045 4666 1422 4737 cognitionis.
1465 4672 1739 4727 Amantis
1799 4688 1939 4730 vero
1983 4675 2210 4733 dictum

552 4760 645 4814 est
678 4777 690 4809 ε
722 4754 1106 4827 Nequaquam
1121 4771 1210 4813 me
1235 4758 1487 4826 posthac
1501 4760 1791 4831 videbitis.
1827 4763 2214 4824 Vehementer

557 4844 861 4918 siquidem
881 4845 1155 4914 amabat;
1184 4861 1393 4903 verum
1425 4846 1881 4920 despiciebatur,
1910 4858 1965 4910 et
1991 4854 2214 4914 idcirco

554 4934 822 4995 maxime
846 4935 1377 4995 dolebat.Posthac
1393 4941 1593 4995 autem
1615 4938 1840 5009 dicens,
1870 4957 1989 5000 non
2018 4946 2217 5003 solum

534 5029 800 5107 tempus
820 5025 971 5086 illud
997 5026 1370 5101 signiﬁcavit,
1398 5028 1506 5086 sed
1525 5032 1718 5089 totum
1748 5047 1940 5107 usque
1972 5035 2049 5091 ad
2079 5035 2217 5093 Pas-

2322 4684 2417 4738 τῆς
2484 4673 2829 4746 ἐπιγνώσεως.
2888 4670 3142 4745 Ἐραστοῦ
3198 4664 3257 4720 δε
3305 4670 3384 4735 τὸ,
3437 4665 3511 4719 Οὐ
3559 4670 3630 4739 μή
3674 4683 3737 4737 με
3778 4660 3931 4722 ἴδητε

2324 4766 2541 4841 ἄπαρτι,
2584 4758 2792 4838 σφόδρα
2836 4763 2926 4834 μὲν
2980 4758 3212 4835 ἐρῶντος,
3266 4756 3648 4831 ἀτιμαζομένου
3704 4750 3783 4820 δὲ,
3839 4755 3929 4805 καὶ

2326 4854 2421 4911 διὰ
2456 4862 2604 4908 τοῦτο
2652 4850 3078 4928 περιαλγόῦντος.
3134 4848 3357 4922 Ἀπάρτι
3406 4843 3465 4898 δὲ
3523 4844 3696 4914 εἰπὼν,
3732 4842 3790 4895 οὐ
3838 4846 3929 4900 τήν

2328 4948 2464 5021 ὥραν
2526 4943 2720 5002 ἐκείνην
2777 4945 2937 5014 μόνην
2989 4936 3271 5004 ἐδήλωσεν,
3325 4934 3430 4988 ἀλλ’
3479 4933 3592 4987 ὅλον
3641 4935 3729 4986 τόν
3798 4933 3933 5006 ἄχρι

2327 5018 2424 5099 τής
2455 5037 2799 5108 σταυρώσεως
2827 5031 3030 5103 καιρόν,
3072 5026 3182 5102 μεθ’
3215 5027 3269 5079 ὃν
3294 5025 3389 5079 οῦκ
3437 5025 3513 5077 ἔτι
3560 5018 3699 5077 εἶδον
3747 5020 3925 5079 αὐτόν.

1770 5186 1993 5257 Variae
2032 5188 2361 5271 lectiones
2392 5196 2455 5256 et
2484 5195 2686 5255 nota.

662 5377 720 5443 7)
743 5378 848 5434 Καὶ
877 5376 985 5443 τόν,
1010 5373 1217 5434 ordine
1256 5372 1515 5443 inverso,
1548 5371 1615 5428 B.

662 5384 693 5436 ’7
743 5378 848 5434 Καὶ
877 5377 985 5443 τόν,
1010 5377 1217 5434 ordine
1256 5377 1315 5431 in

636 5377 720 5525 is;
746 5453 868 5518 Καί,
890 5446 1215 5522 interponit
1242 5448 1315 5503 A.

644 5598 737 5683 (cf).
781 5601 1075 5683 Interpres
1115 5614 1241 5683 non
1294 5598 1451 5671 cepit
1500 5597 1849 5683 ἐπικρεμᾶσαι
1896 5604 1998 5655 τινὶ
2051 5602 2224 5676 φόϐον.

572 5670 809 5729 Redde:
831 5670 1104 5738 Quo—niam
1126 5670 1396 5742 gehennae
1418 5676 1576 5727 metu
1600 5670 1808 5740 injecto
1826 5687 1919 5730 eos
1946 5670 2067 5731 non'
2082 5692 2230 5733 com-

574 5748 855 5815 moverat,
883 5744 1030 5815 quod
1052 5745 1237 5801 silicet
1257 5744 1476 5814 futura
1489 5748 1594 5811 est,
1620 5751 1792 5801 terret
1821 5760 1910 5802 eos
1950 5762 2021 5805 ac
2044 5755 2229 5807 certos

577 5812 768 5875 reddit
797 5830 836 5875 a
865 5812 1326 5875 calamitatibus.
1354 5815 1660 5876 Sententia
1686 5820 1809 5875 est:
1841 5819 2136 5887 Quoniam
2158 5837 2231 5879 ea

2408 5378 2482 5452 (9)
2506 5375 2664 5450 Ἠξῃ,
2699 5381 2760 5433 Β.

2337 5590 3944 5687 ίίυεε.ςθω.οςι.ευηί¹ιίψᾴξάςρωείυιξιξέὴςφίρθενιὶεῑ

2336 5660 2537 5733 riculis
2569 5673 2779 5729 vicinis
2812 5687 2914 5727 eos
2942 5674 3136 5725 terret.
3174 5666 3672 5741 Κατασφα).ίζεσθαι
3700 5662 3846 5741 h..._._
3862 5660 3944 5715 est

2338 5732 2584 5805 omnem
2603 5744 3039 5801 dubitationem
3065 5732 3388 5800 futurarum
3403 5752 3721 5813 poenarum
3748 5732 3943 5794 tollere

2339 5836 2440 5894 per
2471 5834 2679 5894 poenas
2701 5816 2971 5890 proxime
3002 5813 3253 5884 futuras.
