4178 6380
265 395 371 453 601

1226 394 1606 454 COMMENT.
1655 395 1725 451 IN
1765 392 2218 451 MATTHIEUM.
2262 423 2323 434 —
2370 392 2532 451 CAP.
2582 392 2784 453 XXIV.

3545 388 3653 445 602

267 520 335 575 Εἰ
373 520 475 596 γὰρ
520 521 613 573 καὶ
662 519 812 593 ὤφθη
858 524 975 574 τισὶ
1015 520 1147 593 μετὰ
1191 524 1286 580 τὴν
1324 520 1630 593 ἀνάστασιν,
1666 520 1775 575 ἀλλ’
1820 520 1878 575 οὐ

2008 518 2180 576 tionis
2204 523 2439 593 tempus
2472 537 2485 577 :
2519 525 2654 595 post
2710 518 2877 595 quod
2906 518 3169 593 amplius
3205 532 3331 575 non
3379 515 3654 575 viderunt

266 619 379 676 τοίς
436 608 683 671 ἀπίστοις
732 606 1036 675 Ἰουδαίοις.
1083 616 1152 665 Τό
1206 608 1265 665 δὲ
1313 612 1665 686 Εὐλογημένος
1710 613 1736 665 ὁ
1799 611 1885 685 ἰρ-

266 706 498 777 χόμενος
556 699 605 753 ἓν
684 700 798 773 (10)
866 700 1081 775 ὀνόματι
1149 706 1365 779 Κυρίου,
1436 698 1718 756 Δαυῑδικὸν
1792 706 1882 775 μέν

268 792 438 859 ἐστιν,
492 792 795 866 ἠρμηνεύθη
854 788 913 845 δὶ
959 794 1008 845 ἂν
1063 800 1135 865 τῷ
1192 801 1601 869 τεσσαρακοστῷ
1666 796 1883 867 πέμπτῳ

269 880 558 957 κεφαλαίῳ.

350 1065 453 1116 Καὶ
496 1090 568 1105 —
600 1062 758 1137 ἱεροῦ.
802 1061 1164 1131 ’Δκούσαντες,
1205 1062 1285 1116 ὅτι
1335 1060 1474 1118 Ἰδοὺ
1519 1062 1721 1138 ἀφίεται
1764 1065 1884 1137 ὑμῖν

268 1154 296 1206 ό
330 1149 475 1214 οἶκος
505 1152 651 1225 ὑμῶν
678 1151 725 1224 (1
744 1150 791 1223 1)
837 1154 1048 1228 ἔρημος,
1081 1151 1404 1226 ἐθαύμασαν,
1434 1154 1478 1208 εἰ
1506 1162 1740 1218 τοιοῦτος
1768 1157 1885 1215 ναὸς

270 1242 697 1317 ἑρημωθήσεται·
734 1237 820 1294 διὸ
854 1246 945 1295 καὶ
969 1242 1266 1315 προσῆλθον
1304 1240 1563 1310 ἐπιδεῖξαι
1607 1245 1748 1317 αὐτῷ
1791 1247 1885 1309 τὰς

269 1328 566 1405 οἰκοδομὰς
594 1338 688 1385 τοῦ
720 1332 882 1409 ἱεροῦ,
908 1333 977 1396 ὡς
1001 1334 1330 1409 θαυμαστάς.

342 1509 401 1564 Ὀ
456 1506 518 1567 δι
578 1511 787 1574 Ἰησοῦς
846 1542 914 1553 -
976 1512 1416 1574 καταλυθήσεται.
1478 1514 1677 1590 Ἐρωτᾷ
1736 1521 1883 1589 πρῶ-

269 1621 359 1655 τον
406 1600 617 1663 αὐτούς’
663 1602 739 1656 Οὐ
784 1600 998 1676 βλέπετε
1042 1610 1208 1657 ταῦτα
1244 1606 1412 1658 πάντα
1457 1606 1525 1658 τὰ
1566 1606 1881 1678 θαυμαστά;

272 1689 385 1745 εἶτα
453 1700 811 1767 προαναφωνεῑ
876 1697 963 1746 τὸν
1027 1693 1229 1770 ὄλεθρον
1302 1695 1490 1763 αὐτῶν,
1558 1699 1649 1748 καὶ
1712 1694 1885 1748 οὐκέτι

270 1782 454 1835 λοιπόν
514 1788 633 1857 περὶ
681 1782 1013 1858 ἐρημώσεως,
1062 1781 1190 1837 ἀλλά
1248 1788 1363 1861 περὶ
1418 1784 1693 1846 παντελοῦς
1754 1784 1881 1858 ἀφα-

1994 625 2153 667 eum.
2183 612 2533 685 Quanquam
2579 611 2739 669 enim
2769 610 2933 667 visus
2962 615 3051 666 est
3100 608 3466 682 quibusdam
3518 608 3654 679 post

1991 700 2505 770 resurrectionem,
2539 707 2600 759 at
2620 717 2738 758 non
2757 700 3096 758 inﬁdelibus
3112 698 3347 755 Judaeis.
3373 696 3544 764 Quod
3560 713 3655 754 ve-

1992 805 2056 846 ro
2083 789 2363 848 additur:
2399 793 2737 849 Benedictus
2767 792 2870 865 qui
2894 792 3053 850 venit
3079 790 3142 845 in
3191 789 3426 845 nomine
3461 786 3654 844 Domi—

1994 881 2077 950 ni,
2132 880 2479 937 Davidicum
2511 888 2618 948 est,
2660 886 2718 938 et
2772 881 2902 952 ejus
2958 882 3097 938 data
3134 884 3225 935 est
3252 877 3652 950 interpretatio

1995 970 2465 1046 quadragesimo
2502 972 2714 1046 quinto
2744 972 2963 1044 capite.

2068 1064 2206 1135 Cap.
2240 1062 2436 1119 XXIV.
2474 1063 2637 1119 Vers.
2692 1064 2743 1117 1.
2784 1063 2860 1118 Et
2885 1091 2953 1103 —
3000 1058 3220 1131 templi.
3256 1058 3405 1115 Cum
3458 1056 3655 1113 audis-

1996 1157 2125 1211 sent
2155 1169 2168 1209 :
2196 1154 2349 1211 Ecce
2369 1153 2733 1225 relinquitur
2755 1152 2907 1210 vobis
2935 1152 3145 1209 domus
3171 1157 3361 1208 vestra
3392 1149 3653 1217 deserta,

1995 1243 2453 1302 admirabantur
2478 1244 2528 1299 si
2556 1243 2666 1300 tale
2707 1242 2994 1314 templum
3021 1239 3415 1299 desolandum
3448 1244 3604 1296 esset
3636 1253 3649 1294 :

1993 1338 2050 1392 et
2072 1334 2208 1391 ideo
2230 1338 2604 1391 accesserunt
2622 1337 2684 1390 ut
2698 1332 3075 1390 ostenderent
3096 1332 3148 1388 ei
3166 1333 3491 1387 structuras
3506 1332 3654 1386 tem-

1994 1424 2071 1498 pli
2101 1416 2380 1497 tanquam
2401 1423 2815 1481 admirandas.

2065 1516 2233 1573 Vers.
2269 1519 2320 1571 2.
2353 1516 2517 1572 Jesus
2534 1521 2728 1572 autem
2756 1544 2826 1555 —
2848 1511 3151 1569 diruatur.
3189 1510 3513 1579 Interrogat
3535 1507 3651 1580 pri-

1994 1620 2163 1662 mum
2190 1620 2293 1660 eos
2320 1623 2339 1677 ;
2368 1607 2531 1661 Nunc
2560 1604 2691 1659 haec
2729 1602 2932 1669 omnia
2963 1600 3174 1658 videtis
3206 1602 3328 1657 tam
3356 1597 3657 1656 admiran-

1994 1694 2073 1752 da
2096 1696 2124 1750 ‘I
2158 1693 2381 1751 Deinde
2406 1692 2672 1766 praedicit
2719 1707 2930 1749 eorum
2983 1689 3411 1763 perditionem:
3445 1693 3502 1744 et
3527 1688 3657 1759 jam

1992 1801 2117 1843 non
2154 1783 2416 1857 amplius
2445 1783 2519 1840 de
2549 1782 2930 1848 desolatione,
2951 1780 3057 1837 sed
3082 1780 3152 1836 de
3177 1778 3530 1836 omnimoda
3561 1779 3659 1834 de-

272 1880 468 1946 νισμοῦ
526 1876 861 1948 προφητεύει.
917 1875 1131 1949 Μάρκος
1183 1870 1244 1929 δέ
1293 1895 1473 1948 φησιν,
1518 1876 1595 1928 ὅτι
1654 1880 1754 1929 Καὶ
1806 1873 1883 1927 ἐκ·

2008 1874 2298 1932 molitione
2324 1873 2654 1947 prOphetat.
2688 1874 2916 1928 Marcus
2962 1875 3164 1927 autem
3187 1869 3369 1925 dicit:
3395 1869 3473 1925 Et
3505 1882 3659 1940 egre-

274 1966 627 2037 πορευομένου
693 1962 853 2015 αὐτοῦ
915 1961 970 2016 ἐκ
1028 1971 1119 2017 τοῦ
1188 1966 1344 2040 ἱεροῦ,
1409 1965 1546 2038 λέγει
1606 1965 1747 2036 αὐτῷ
1814 1964 1886 2026 εἷς

275 2062 377 2105 τῶν
437 2055 687 2125 μαθητῶν
738 2052 921 2108 αὐτοῦ.
954 2050 1266 2122 Διδάσκαλε,
1326 2051 1430 2123 ἴδε,
1486 2059 1713 2108 ποταποὶ
1751 2054 1887 2107 λίθοι

274 2146 370 2194 καὶ
424 2146 658 2194 ποταπαὶ
719 2139 1022 2215 οἰκοδομαί.
1090 2142 1148 2195 Ὀ
1189 2140 1248 2197 δὲ
1312 2144 1518 2206 Ἰησοῦς
1587 2143 1888 2221 ἀποκριθεὶς

284 2229 425 2285 εἶπεν
480 2232 630 2303 αὐτῷ·
703 2231 909 2295 Βλέπεις
968 2235 1160 2295 ταύτας
1224 2236 1317 2296 τὰς
1382 2234 1611 2308 μεγάλας
1668 2230 1889 2287 αἰκοδο-

281 2323 431 2395 μάς;
481 2321 551 2375 Οὐ
600 2326 671 2395 μὴ
727 2323 890 2396 ἀφεθῇ
942 2322 1085 2386 λίθος
1145 2322 1228 2377 ἐπὶ
1276 2324 1404 2397 λίθῳ
1452 2326 1507 2389 ὃς
1557 2325 1614 2377 οὐ
1668 2330 1737 2397 μὴ
1799 2344 1890 2377 κα-

274 2413 502 2485 ταλυθῇ.
548 2419 591 2465 0
650 2408 709 2466 δὲ
762 2419 971 2475 Λουκᾶς
1016 2413 1256 2487 ἔγραψεν,
1307 2416 1387 2467 ὅτι
1442 2420 1543 2470 Καί
1598 2435 1747 2468 τινων
1803 2414 1889 2468 λε-

273 2506 477 2574 γόντων
535 2507 650 2576 περὶ
697 2510 789 2556 τοῦ
860 2505 999 2577 ἱεροῦ
1063 2504 1143 2556 ὅτι
1172 2504 1331 2566 λίθοις
1396 2504 1571 2568 καλοῖς
1623 2510 1713 2559 καὶ
1761 2504 1891 2559 ἀνα-

276 2594 488 2666 θήμασι
580 2596 926 2666 κεκόσμηται,
1026 2590 1151 2648 εἰπε·
1231 2601 1427 2661 Ταῦτα,
1513 2596 1547 2648 οἱ
1637 2598 1887 2671 θεωρεῖτε,

277 2682 580 2736 ἐλεύσονται
640 2684 852 2757 ἡμέραι,
941 2681 990 2736 ἕν
1074 2683 1156 2747 αἶς
1215 2684 1310 2737 οὐκ
1371 2684 1685 2758 ἀφεθήσεται
1754 2685 1893 2747 λίθος

277 2776 365 2827 ἐπὶ
410 2772 543 2845 λίθῳ
591 2774 645 2836 ὃς
694 2772 753 2825 οὐ
802 2771 1243 2832 καταλυθήσεται.
1299 2780 1399 2828 Καὶ
1445 2778 1547 2851 γὰρ
1593 2775 1890 2850 προσῆλθον

276 2866 372 2936 μὲν
431 2864 482 2915 οἱ
519 2864 755 2936 μαθηταὶ
807 2864 995 2926 πάντες
1047 2861 1305 2929 ἐπιδεῖξαι
1351 2865 1494 2937 αὐτῷ
1540 2869 1628 2928 τὰς
1680 2863 1891 2919 οἰκοδο-

276 2954 405 3025 μάς
472 2961 621 3005 τινῶν
676 2949 734 3006 δε
801 2951 854 3016 ἐξ
914 2952 1078 3007 αὐτῶν
1134 2953 1380 3027 λεγόντων
1429 2960 1547 3031 περὶ
1600 2964 1690 3009 τοῦ
1753 2959 1890 3030 ἱεροῦ

278 3041 405 3095 καθ’
456 3041 689 3106 ἑαυτοὺς,
749 3043 829 3095 ὅτι
885 3042 1051 3106 λίθοις
1102 3043 1278 3106 καλοῖς
1329 3048 1418 3098 καὶ
1467 3044 1771 3119 ἀναθήμασι
1812 3066 1893 3100 κε-

276 3137 573 3205 κόσμηται,
628 3132 696 3193 εἷς
743 3141 843 3185 τῶν
886 3135 1134 3206 μαθητῶν
1180 3131 1288 3187 εἶπε
1321 3142 1394 3206 τῷ
1441 3140 1677 3210 Χρίστῷ,
1732 3133 1892 3190 Διδά-

1994 1966 2185 2023 dienle
2208 1980 2269 2021 eo
2298 1964 2366 2021 de
2395 1965 2612 2034 templo
2632 1963 2777 2018 dicit
2796 1963 2850 2018 ei
2891 1976 3041 2017 unus
3061 1960 3483 2030 discipulorum
3532 1972 3659 2013 suo-

1996 2072 2127 2113 rum
2160 2075 2173 2114 :
2206 2056 2544 2126 Praeceptor,
2569 2052 2701 2110 vide
2720 2051 2923 2125 quales
2947 2050 3194 2121 lapides,
3229 2055 3279 2105 et
3298 2048 3487 2120 quales
3504 2052 3657 2104 stru-

1997 2153 2199 2204 cturae.
2231 2145 2388 2201 Jesus
2418 2149 2611 2201 autem
2634 2143 2993 2213 respondens
3042 2141 3124 2198 ait
3148 2140 3287 2195 illi:
3328 2138 3492 2195 Vides
3536 2152 3660 2193 ma-

1995 2251 2137 2309 gnas
2195 2234 2302 2291 has
2331 2233 2796 2291 substructiones
2836 2230 2863 2286 ?
2908 2231 3044 2287 Non
3088 2229 3455 2301 relinquetur
3508 2226 3659 2294 lapis

1997 2340 2167 2398 super
2190 2324 2445 2394 lapidem
2473 2323 2579 2396 qui
2600 2339 2713 2379 non
2735 2320 3022 2378 diruatur
3041 2320 3108 2374 ³³.
3139 2319 3326 2374 Lucas
3355 2332 3492 2373 vero
3520 2315 3658 2371 scri-

1998 2416 2118 2489 psit
2151 2432 2164 2472 :
2196 2415 2273 2471 Et
2297 2413 2629 2487 quibusdam
2651 2410 2969 2468 dicentibus
2998 2410 3069 2467 de
3093 2410 3325 2480 templo,
3357 2406 3509 2478 quod
3525 2406 3662 2476 pul~

1999 2505 2159 2565 chris
2203 2504 2491 2575 lapidibus
2521 2509 2574 2561 et
2599 2503 2765 2559 donis
2804 2507 3086 2558 ornatum
3130 2504 3294 2565 esset,
3325 2497 3480 2554 dixit
3511 2514 3527 2551 :
3560 2496 3660 2553 Ea:

2000 2599 2091 2655 his
2120 2611 2248 2670 quis
2273 2595 2481 2653 videtis
2511 2593 2743 2651 venient
2772 2592 2890 2649 dies
2915 2589 3155 2665 quando
3184 2604 3301 2646 non
3342 2587 3663 2659 reliquetur

2004 2687 2154 2758 lapis
2170 2701 2348 2756 super
2379 2684 2637 2755 lapidem
2661 2684 2767 2756 qui
2792 2698 2913 2739 non
2940 2681 3219 2737 dirualur
3248 2682 3313 2734 ³³.
3348 2675 3663 2750 Siquidem

2000 2782 2377 2835 accesserunt
2423 2773 2705 2846 discipuli
2771 2788 3006 2837 omnes,
3060 2774 3121 2827 ut
3176 2767 3558 2827 ostenderent
3612 2764 3666 2823 ei

2002 2871 2365 2924 structuras:
2407 2864 2779 2938 quibusdam
2812 2867 3013 2919 autem
3042 2860 3372 2918 dicentibus
3393 2857 3557 2931 apud
3577 2872 3665 2915 se-

2001 2973 2067 3015 se
2097 2957 2171 3014 de
2201 2956 2438 3029 templo,
2470 2954 2635 3028 quod
2666 2952 2931 3027 pulchris
2950 2950 3253 3024 lapidibus
3279 2948 3358 3006 ad
3374 2948 3549 3004 donis
3573 2961 3667 3003 or-

2000 3051 2213 3105 natum
2242 3050 2419 3115 esset,
2442 3060 2597 3100 unus
2627 3042 3062 3115 discipulorum
3089 3041 3170 3097 ait
3201 3039 3429 3096 Christo
3464 3057 3478 3098 :
3503 3037 3663 3095 Prte-

2002 3143 2214 3211 ceptor,
2238 3136 2370 3194 vide
2397 3135 2595 3208 quales
2628 3132 2853 3203 lapides
2897 3137 2952 3188 et
2997 3131 3198 3202 quales
3224 3133 3550 3185 structurae.
3595 3128 3668 3184 At

276 3222 465 3292 σκαλε,
526 3218 625 3294 ἴδε,
688 3228 917 3276 ποταποὶ
966 3222 1103 3277 λίθοι
1155 3228 1245 3277 καὶ
1302 3230 1535 3279 ποταπαὶ
1589 3223 1889 3299 οἰκοδομαι·

2008 3227 2094 3284 ille
2122 3227 2299 3285 etiam
2329 3225 2404 3283 ad
2434 3230 2682 3282 caeteros
2706 3236 2921 3280 omnes
2946 3220 3093 3279 dixit
3117 3235 3189 3278 ea
3237 3235 3372 3292 quae
3419 3232 3666 3291 respon-

275 3314 303 3366 ὁ
359 3308 420 3365 δε
468 3317 559 3367 καὶ
606 3315 733 3389 πρὸς
776 3313 931 3367 αὐτὸν
977 3318 1067 3367 καὶ
1118 3317 1248 3391 πρὸς
1303 3319 1424 3379 τοὺς
1468 3315 1654 3379 ἄλλους
1696 3317 1895 3378 πάντας

276 3399 439 3467 εἶπεν,
477 3401 513 3453 ἄ
542 3397 670 3457 εἷπε.

358 3494 595 3563 Λέγουσι
646 3488 707 3545 δέ
763 3512 910 3559 τινες,
966 3494 1047 3547 ὅτι
1098 3499 1189 3547 καὶ
1242 3499 1347 3566 μὴν
1398 3496 1445 3549 ἓν
1498 3515 1611 3549 τισι
1662 3496 1891 3571 μέρεσιν,

280 3579 475 3654 ἀφείθη
524 3580 663 3643 λίθος
720 3580 804 3636 ἐπὶ
872 3582 1019 3656 λίθῳ,
1068 3584 1119 3646 ὃς
1180 3588 1239 3638 οὺ
1284 3584 1559 3645 κατελύθη.
1626 3590 1757 3660 Πρός
1812 3587 1897 3647 οὖς

280 3670 637 3744 ἀντιλέγομεν,
670 3672 752 3726 ὅτι
796 3675 860 3726 τά
902 3670 1270 3748 ἕπιδειχθίντα
1318 3677 1507 3742 πάντα,
1551 3679 1617 3729 τὰ
1648 3674 1897 3740 ἀξιοθαύ-

278 3779 472 3835 μαστα
534 3764 703 3834 μέχρι
751 3762 992 3836 θεμελίων
1049 3763 1408 3824 κατελύθησαν
1473 3769 1609 3819 κατά
1655 3771 1748 3825 τὴν
1816 3762 1900 3820 δε-

284 3854 551 3910 σποτικὴν
600 3849 883 3925 ἀπόφασιν,
944 3852 1073 3907 ἀλλά
1100 3860 1212 3923 καὶ,
1271 3859 1396 3909 εἴτι
1437 3856 1672 3929 λείψανον
1712 3856 1894 3931 ἀφείθη

278 3944 433 4017 ποιρά
478 3940 759 4015 Ῥωμαίων,
827 3949 918 3999 καὶ
980 3954 1131 3999 τοῦτο
1191 3949 1336 4023 παρὰ
1398 3954 1500 4000 τῶν
1540 3948 1752 4022 ὕστερον
1809 3969 1899 4002 κα-

278 4031 555 4101 ταλύεται,
583 4034 713 4107 πρὸς
748 4031 1030 4109 οἰκοδομὰς
1049 4035 1226 4111 ἐτέρας
1250 4042 1655 4113 μεταφερόμενον
1688 4038 1823 4112 (l2).

638 4223 786 4274 ΚΕΦ.
812 4215 933 4271 ΝΖ’.
965 4221 1090 4290 Περὶ
1120 4226 1215 4281 τῆς
1243 4217 1555 4281 συντελείας.

360 4308 672 4380 Καθημένου
729 4338 798 4349 --
862 4307 1084 4374 αἰῶνοςς
1152 4307 1210 4361 Ὀ
1260 4304 1320 4362 δὲ
1367 4312 1577 4385 Μάρκος
1646 4307 1753 4364 εἶπε
1808 4314 1899 4363 καὶ

280 4400 351 4450 τὰ
409 4397 645 4470 ὀνόματα
694 4406 795 4451 τῶν
843 4399 1233 4473 ἐρωτησάντων,
1289 4400 1369 4451 ὅτι
1418 4404 1612 4475 Πέτρος
1653 4405 1743 4454 καὶ
1792 4401 1901 4455 Ἰά-

281 4486 455 4551 κωϐος
507 4492 599 4540 καὶ
666 4488 907 4550 Ἰωάννης
968 4492 1058 4541 καὶ
1116 4484 1387 4562 Ἀνδρέας.
1451 4490 1755 4564 Προσῆλθον
1812 4494 1901 4563 μεν

2000 3316 2107 3374 dit.

2074 3498 2251 3554 Aiunt
2280 3499 2481 3554 autem
2509 3493 2759 3569 quidam
2790 3510 2801 3549 :
2829 3491 3007 3567 Atqui
3045 3492 3105 3548 in
3150 3491 3241 3548 his
3268 3505 3416 3563 quos
3444 3488 3669 3559 signiﬁ-

2002 3588 2159 3646 cavit
2187 3588 2400 3644 diebus
2442 3586 2683 3643 relictus
2724 3588 2812 3641 est
2841 3583 2996 3656 lapis
3040 3597 3219 3655 super
3250 3580 3517 3654 lapidem
3569 3578 3669 3651 qui

2004 3694 2125 3736 non
2154 3684 2242 3736 est
2280 3678 2532 3735 dirutus.
2566 3675 2794 3743 Quibus
2824 3673 3285 3747 respondemus,
3339 3670 3506 3744 quod
3544 3685 3671 3726 om-

2004 3771 2106 3827 nia
2134 3785 2269 3843 quas
2299 3768 2712 3825 demonstrata
2750 3770 2908 3831 sunt,
2942 3770 2999 3821 et
3041 3761 3436 3821 admiratione
3487 3759 3672 3829 digna

2004 3864 2192 3926 erant,
2226 3874 2417 3933 usque
2438 3857 2517 3914 ad
2542 3856 2932 3913 fundamenta
2956 3854 3161 3913 diruta
3191 3857 3332 3908 sunt
3365 3851 3536 3924 juxta
3562 3852 3671 3907 Do-

2005 3949 2153 4006 mini
2183 3950 2559 4005 sententiam.
2603 3946 2773 4013 Quod
2832 3944 2883 4001 si
2931 3944 3077 4018 quid
3116 3943 3315 4001 adhuc
3364 3941 3671 3998 residuum

2007 4056 2044 4096 a
2074 4039 2353 4097 Romanis
2383 4036 2655 4094 relictum
2696 4039 2803 4101 est,
2848 4033 3029 4091 etiam
3070 4033 3184 4089 hoc
3229 4049 3265 4089 a
3293 4030 3547 4105 posteris
3585 4029 3673 4087 di-

2006 4129 2215 4195 ruitur,
2244 4133 2310 4185 ut
2333 4127 2413 4183 ad
2440 4126 2588 4183 alias
2610 4129 2940 4181 structuras
2972 4121 3381 4180 transferatur.

2329 4215 2488 4272 CAP.
2522 4215 2677 4271 LVII.
2723 4216 2809 4271 De
2838 4210 3342 4271 consummatione.

2084 4308 2249 4367 Vers.
2267 4308 2321 4364 3.
2344 4306 2575 4363 Sedente
2594 4336 2660 4348 —
2674 4306 2884 4363 saeculi
2902 4305 2931 4359 7
2953 4305 3182 4360 Marcus
3203 4305 3399 4357 autem
3420 4297 3672 4356 nomine.

2007 4414 2249 4471 quoque
2261 4396 2625 4453 dixiteorum
2648 4394 2751 4468 qui
2764 4394 3284 4463 interrogaverunt
3303 4392 3569 4460 :jPetrus,
3587 4388 3675 4444 in-

2009 4489 2151 4563 quit,
2184 4494 2234 4544 et
2274 4487 2546 4555 Iacobus,
2577 4487 2829 4542 Joannes
2858 4491 2907 4540 et
2940 4482 3211 4540 Andreas
3234 4482 3303 4538 3‘.
3337 4482 3557 4538 Omnes
3600 4478 3675 4536 si-

283 4581 390 4653 γάρ
440 4579 803 4650 μαθησόμενοι
857 4579 1062 4640 πάντ-ις’
1115 4578 1396 4652 ἠρώτησαν
1429 4576 1487 4632 δε
1532 4582 1581 4633 οἱ
1628 4584 1893 4655 τέσσαρες1

2010 4578 2261 4653 quidem
2304 4579 2689 4633 accesserunt
2745 4577 2807 4630 ut
2832 4573 3130 4630 discerent
3162 4595 3172 4640 ;
3202 4572 3263 4629 hi
3294 4575 3494 4628 autem
3526 4585 3676 4643 qua-

286 4671 362 4730 ὡς
405 4666 622 4720 πλείονα
664 4667 964 4743 παρρησίαν
1020 4670 1248 4740 ἔχοντες.
1284 4669 1551 4742 Ἐρω-ῶσι
1587 4667 1665 4737 δὲ,
1721 4670 1904 4743 γλιχό-

286 4777 439 4832 μενοι
488 4759 670 4831 μαθεῖν
726 4757 786 4811 οὐ
833 4766 1083 4812 τοσοῦτον
1139 4762 1256 4834 περὶ
1324 4767 1413 4813 τοῦ
1466 4758 1761 4834 ἀφανισμοῦ
1812 4768 1902 4815 τοῦ

372 4940 418 4973 ³²
442 4937 625 4995 Marc.
656 4953 781 5008 xm,
819 4943 866 5005 1,
898 4939 951 4997 2.
1058 4942 1105 4976 ³³
1131 4940 1269 4998 Luc.
1303 4956 1425 5008 nn,
1458 4944 1509 4997 5.

2015 4674 2147 4726 tuor
2171 4668 2706 4738 inierrogaverunt,
2725 4669 2929 4738 utpote
2950 4664 3246 4736 majorem
3289 4662 3581 4718 habentes
3608 4659 3676 4715 ﬁ-

1994 4760 2277 4817 duciam.
2312 4760 2682 4829 Interrogant
2710 4760 2914 4815 autem
2944 4770 3069 4812 non
3104 4757 3338 4812 tantum
3369 4751 3444 4809 de
3473 4748 3677 4823 templi

1616 4941 1663 4975 ³⁸
1694 4939 1878 4998 Marc.
1910 4956 2024 5006 xm,
2055 4943 2106 4997 3.

1554 5118 2123 5190 Variaelecliones
2146 5127 2425 5186 etnotae.

367 5316 488 5532 $10;
529 5315 610 5404 ξεν
636 5314 851 5389 ὀνόματι
867 5322 1101 5449 βυρίου,
1127 5316 1347 5375 omittit
1374 5317 1441 5375 A.

397 5394 451 5445 Η
551 5396 719 5462 Υμῶν,
758 5393 948 5450 omitti
999 5394 1065 5448 A.

398 5464 489 5532 t2)
525 5462 665 5518 Post
694 5460 809 5517 ista
837 5460 899 5517 in
931 5460 1203 5531 margine
1227 5459 1441 5518 codicis

397 5388 487 5461 ll)
533 5388 731 5462 ‘rpev.
758 5388 976 5462 omittit
999 5394 1065 5448 A.

398 5459 489 5534 t2)
525 5459 809 5534 Postista
837 5460 899 5517 in
931 5460 1203 5531 margine
1227 5459 1447 5518 codicis
1471 5460 1516 5515 A
1549 5477 1586 5534 a
1612 5476 1800 5519 manu
1822 5476 1909 5534 re-

291 5530 543 5615 centiori
573 5532 781 5615 addita
811 5541 950 5615 sunt
977 5530 1106 5593 haec
1156 5549 1168 5589 :
1202 5537 1499 5615 Γέγραπται
1548 5530 1625 5605 δὲ,
1669 5536 1767 5615 ότι.
1808 5532 1905 5615 βρι-

294 5604 586 5679 σιλεύοντος
639 5604 922 5661 Ἰουλιανοῦ
976 5616 1070 5663 τοῦ
1123 5604 1588 5679 τρισκαταράτου,
1611 5604 1705 5658 καὶ
1747 5604 1909 5659 ἀπελ-

298 5680 474 5739 θόντος
533 5678 602 5741 εἰς
641 5679 996 5753 *Ἀντιόχειαν
1060 5675 1219 5753 eam
1276 5675 1412 5753 rcis
1454 5675 1684 5739 εἰδώλοις
1737 5677 1788 5731 ἐν
1836 5686 1907 5749 τῷ

297 5758 449 5826 σηκῷ
504 5759 597 5826 τοῦ
640 5749 980 5826 ’Λπόλλωνος
1032 5750 1323 5826 προσῆλθεν
1355 5751 1504 5826 αὐτῇ
1554 5752 1580 5801 ό
1618 5759 1718 5803 τῶν
1777 5751 1910 5804 Ἰου-

301 5818 468 5877 δαίων
524 5822 663 5892 λαός,
718 5818 1089 5891 δυσωποῦντες
1134 5821 1291 5887 αὐτόν
1337 5826 1426 5877 καὶ
1468 5818 1727 5898 δεόμενοι,
1770 5823 1909 5888 ὅπως

2016 5316 2269 5392 επιτρέψη
2300 5315 2559 5392 ἀνεγεῖραι
2586 5315 2894 5392 τὸνΔέαυτῷν
2921 5312 3059 5392 ναόν,
3074 5309 3101 5361 ὃ
3116 5312 3205 5361 καὶ
3223 5310 3447 5392 γέγιονενξ
3464 5304 3679 5380 Ἀρξάν-

2018 5377 2327 5477 τῳνξετῶν
2366 5377 2799 5477 τρισκαταράτων
2843 5379 3111 5438 Ἰουδαίων
3148 5377 3247 5435 των
3292 5377 3545 5477 ἑθεμελίων
3590 5385 3681 5466 τῇς

2018 5458 2272 5535 οὶκίοδομῆ
2285 5483 2325 5525 ς,
2384 5450 2564 5535 ὧγτῶν
2590 5450 2862 5535 ,χριμάτων
2911 5460 3029 5508 τοῦ.
3053 5499 3066 5535 τ
3088 5498 3101 5512 .
3125 5499 3136 5510 .
3160 5497 3172 5509 .
3195 5494 3207 5508 .
3230 5495 3244 5508 .
3292 5450 3471 5535 Ἰησοῦ
3528 5450 3540 5506 l
3574 5456 3678 5535 πῦρ

2019 5523 2232 5605 ἐξελθὸν
2274 5523 2373 5585 τῶν
2432 5523 2693 5605 θεμελίων,
2760 5526 2930 5604 ἄρδην
2991 5528 3198 5605 πάντας.
3228 5528 3574 5605 κατέκαυσεζ·
3613 5523 3680 5575 τά

2017 5596 2071 5659 τε
2103 5604 2428 5679 θεμέλιακαὶ
2476 5596 2592 5679 τους
2644 5596 3106 5679 ἐπιχειρήσαντας,
3157 5597 3348 5679 Garat“
3377 5596 3471 5652 his
3532 5596 3680 5676 Hen-

2022 5665 2212 5808 teniigs
2261 5678 2466 5736 etiam.
2504 5665 2789 5735 Narratur
2815 5665 2945 5731 haec
2982 5686 3077 5731 res
3110 5688 3148 5731 a
3177 5669 3447 5744 pluribus
3498 5665 3675 5739 scrip-

2042 5765 2110 5806 or
2180 5765 2264 5806 us.

2020 5750 2264 5806 toribus.
