4178 6410
544 421 651 476 603

1872 412 2219 469 EUTHYMII
2263 413 2597 470 ZlGABENI

3830 416 3941 472 604

542 544 876 601 vastatione
904 542 1133 599 discere
1163 543 1488 615 cupientes,
1522 546 1811 613 quantum
1829 540 1903 597 de
1937 542 2203 612 tempore

2325 547 2453 607 ιαοῦ,
2501 542 2621 593 ὅσον
2656 545 2774 615 περὶ
2810 547 2902 593 τοῦ
2956 546 3141 615 καιροῦ
3200 548 3289 602 τῆς
3334 536 3574 613 δευτέρας
3628 544 3939 614 παρουσίας

540 634 797 691 secundi
818 633 1108 689 adventus
1137 634 1266 705 ejus
1300 650 1315 701 ;
1348 631 1480 687 ideo
1512 632 1690 687 etiam
1718 631 1966 687 seorsim
1998 646 2203 685 acces-

545 728 748 781 serunt
787 739 858 778 ne
888 723 1109 777 Judaeis
1139 723 1252 777 hoc
1278 722 1662 777 manifestum
1690 722 1875 777 ﬁeret.
1913 721 2031 776 Sed
2064 722 2202 775 Mat-

548 815 735 872 theeus
763 814 882 868 duo
914 813 1036 868 haec
1060 829 1159 868 eos
1178 814 1574 879 interrogasse
1606 811 1762 876 dicit,
1793 815 1936 883 puta
1968 828 1980 865 :
2012 810 2202 877 Quan-

547 906 621 961 do
663 905 788 961 haec
818 910 989 961 erunt
1018 904 1046 959 ‘2
1077 920 1210 975 quae
1237 902 1509 958 videlicet
1540 902 1613 957 de
1643 901 1850 973 templi
1900 901 2206 956 eversione

547 995 744 1050 dixisti
776 1012 788 1063 ;
822 998 878 1048 et
919 994 1081 1059 Quod
1099 993 1313 1064 signum
1344 994 1624 1048 adventus
1655 992 1740 1047 tui
1765 998 1815 1047 et
1839 1005 2209 1047 consumma-

548 1086 721 1141 tionis
744 1085 953 1141 scecnli
979 1089 1002 1134 ?
1028 1085 1254 1139 Marcus
1294 1098 1434 1138 vero
1458 1083 1697 1137 unicam
1740 1081 1920 1136 fuisse
1952 1080 2095 1135 dicit
2124 1080 2209 1135 in-

534 1174 1023 1246 terrogationem,
1052 1172 1126 1228 de
1156 1174 1383 1245 templo
1412 1172 1630 1228 solum.
1656 1170 1752 1227 Ait
1776 1169 1969 1225 enim:
2004 1169 2092 1225 die
2110 1184 2210 1224 no-

536 1265 633 1320 -bis
653 1263 885 1335 quando
906 1264 1025 1319 haec
1041 1271 1237 1331 erunt,
1262 1270 1315 1319 et
1361 1263 1520 1333 quod
1538 1263 1768 1332 signum
1799 1260 2032 1331 quando
2093 1260 2209 1316 hac

536 1354 739 1410 omnia
766 1353 1223 1409 consummanda
1248 1358 1386 1408 sunt
1411 1354 1458 1387 ³⁵
1478 1357 1502 1404 ?
1528 1350 1805 1407 Similiter
1842 1354 2039 1405 autem
2073 1350 2210 1404 scri-

544 1443 663 1516 psit
692 1447 749 1498 et
768 1443 954 1497 Lucas
982 1442 1050 1496 3°.
1109 1442 1262 1507 Quid
1302 1458 1442 1512 ergo
1490 1441 1811 1497 dicendum
1848 1446 1987 1495 est?
2036 1438 2210 1505 Quod

544 1548 668 1590 una
679 1532 927 1605 quidem
952 1530 1064 1587 fuit
1084 1532 1486 1603 interrogatio,
1523 1532 1669 1587 sicut
1686 1531 2049 1602 scripserunt
2069 1529 2208 1585 Mar-

548 1639 652 1679 cus
681 1628 736 1677 et
758 1622 969 1677 Lucas.
1004 1622 1250 1677 Intentio
1283 1626 1477 1678 autem
1502 1621 1932 1693 discipulorum
1973 1624 2118 1686 erat,
2149 1623 2211 1674 ut

549 1713 624 1769 de
654 1712 744 1767 his
775 1712 1009 1767 duobus
1030 1712 1307 1767 certiores
1347 1712 1553 1767 ﬁerent
1586 1727 1599 1766 :
1628 1715 1773 1782 puta
1803 1711 1876 1766 de
1908 1710 2210 1765 eversione

534 1801 755 1874 templi
782 1801 930 1857 etde
953 1801 1218 1857 secundo
1239 1801 1450 1856 Christi
1480 1800 1753 1856 adventu.
1798 1801 2210 1856 Existimantes

2310 727 2417 781 τοῖς

2312 628 2493 682 αὐτοῦ.
2551 634 2636 682 Διὸ
2682 636 2771 683 καὶ
2817 632 2931 683 κατ’
2976 628 3115 683 ἰδίαν
3147 632 3464 706 προσῆλθον,
3518 632 3602 683 ἶνα
3655 635 3732 703 μὴ
3783 638 3940 683 τοῦτο

2496 716 2776 782 Ἰουδαίοις
2821 724 3078 774 ἔκπυστον
3134 726 3367 792 γένηται,
3426 720 3583 774 Ἀλλὰ
3649 722 3940 782 Ματθαίπ

2314 814 2403 881 μέν
2435 831 2614 881 φησιν,
2666 811 2848 872 αὐτοὺς
2903 808 2998 864 δύο
3043 819 3207 864 ταῦτα
3236 811 3517 885 ἐρωτῆσαι,
3572 815 3710 864 Πότε
3768 818 3944 862 ταῦτα

2316 900 2484 965 ἔσται,
2543 896 2776 967 δηλαδὴ,
2833 905 2898 953 τὰ
2944 909 3035 954 τοῦ
3065 910 3190 953 ναοῦ
3222 909 3316 962 τῆς
3366 902 3483 973 (l3)
3527 906 3940 973 καταστροφῆς,

2315 992 2423 1053 καὶ,
2485 993 2548 1041 Τί
2603 994 2659 1042 τὸ
2718 999 2931 1063 σημεῖον
2988 999 3084 1053 τῆς
3155 1000 3253 1053 σῆς
3303 995 3619 1065 παρουσίας,
3678 993 3774 1041 καὶ
3843 996 3943 1048 τῆς

2320 1077 2613 1141 συντελείας
2652 1088 2743 1132 τοῦ
2785 1080 2988 1143 αἰῶνος
3046 1082 3071 1132 6
3122 1077 3181 1133 δὲ
3236 1083 3444 1155 Μάρκος
3502 1081 3549 1132 ἓν
3610 1078 3749 1131 εἶναι
3804 1077 3943 1148 λέγει

2316 1170 2373 1218 τὸ
2426 1167 2687 1243 ἐρώτημα,
2754 1176 2872 1244 περὶ
2928 1178 3020 1223 τοῦ
3078 1177 3202 1223 ναοῦ
3264 1175 3436 1243 μόνον.
3491 1168 3740 1243 Ἔγραψε
3807 1168 3939 1240 γάρ,

2317 1257 2443 1310 Εἰπὲ
2487 1261 2631 1331 ἡμῖν,
2690 1264 2814 1313 πότε
2864 1268 3031 1313 ταῦτα
3082 1263 3252 1326 ἔσται,
3302 1264 3391 1313 καὶ
3464 1265 3514 1313 τί
3567 1264 3624 1313 τὸ
3692 1262 3938 1330 σημεῖον,

2318 1350 2435 1401 ὅταν
2506 1350 2663 1423 μέλλῃ
2767 1358 2933 1403 ταῦτα
3016 1353 3186 1404 πάντα
3290 1350 3670 1403 συντελεῖσθαι.
3762 1354 3945 1421 Παρα-

2317 1439 2553 1501 πλησίως
2600 1437 2657 1493 δὲ
2692 1440 2823 1513 λέγει
2855 1446 2941 1494 καὶ
2974 1443 2999 1494 6
3042 1443 3268 1504 Λουκάς.
3302 1445 3365 1493 Τί
3412 1437 3499 1493 οὖν
3530 1443 3676 1493 ἔστιν
3736 1437 3938 1505 εἰπεῖν,

2767 1358 2933 1403 ταῦτα
3016 1353 3186 1404 πάντα

2317 1528 2437 1582 Ὂτι
2487 1535 2584 1602 μία
2637 1532 2725 1603 μὲν
2777 1528 2806 1589 ἦ
2850 1530 3126 1605 ἐρώτησις,
3181 1534 3249 1592 ὡς
3300 1530 3533 1603 ἔγραψαν
3572 1532 3803 1604 Μάρκος
3851 1528 3943 1579 καὶ

2322 1626 2546 1682 Λουκᾶς·
2604 1623 2799 1681 σκοπὸς
2877 1618 2936 1674 δε
2985 1629 3095 1683 τοῖς
3166 1623 3425 1695 μαθηταῖς
3482 1625 3600 1695 περὶ
3661 1627 3769 1671 τῶν
3844 1613 3942 1669 δύο

2318 1711 2512 1761 τούτων
2563 1712 2764 1782 μαθεῖν,
2820 1718 2915 1771 τῆς
2980 1730 3033 1763 τε
3083 1718 3175 1763 τοῦ
3224 1718 3349 1763 ναοῦ
3387 1716 3787 1784 καταστροφῆς,
3851 1707 3944 1756 καὶ

2320 1808 2415 1861 τῆς
2438 1807 2529 1851 τοῦ
2556 1808 2792 1873 Χριστοῦ
2835 1797 3080 1875 δευτέρας
3110 1806 3425 1874 παρουσίας.
3454 1796 3943 1869 Ὑπολαμϐάνοντες

550 1896 747 1948 autem
778 1890 939 1962 quod
969 1891 1145 1945 simul
1172 1892 1299 1946 haec
1320 1892 1440 1945 duo
1466 1892 1893 1959 contingerent,
1946 1890 2211 1946 fecerunt

2325 1892 2440 1963 γὰρ,
2475 1892 2549 1942 ὅτι
2578 1891 2687 1962 ἅμα
2716 1893 2781 1943 τὰ
2808 1887 2906 1943 δύο
2931 1896 3255 1963 γενήσονται,
3282 1896 3405 1964 μίαν
3436 1896 3553 1965 περὶ
3579 1898 3681 1942 τῶν
3713 1884 3817 1941 δύο
3844 1887 3940 1942 τὴν

547 1996 735 2037 unam
757 1980 831 2035 de
851 1978 1660 2051 utroqueinterrogationem.
1677 1981 1887 2035 Verum
1910 1980 2212 2037 Matthmus

550 2070 943 2127 intentionem
976 2085 1185 2125 eorum
1218 2069 1633 2140 manifestans,
1660 2069 1824 2127 illam
1856 2070 1917 2126 in
1948 2069 2102 2126 duas
2128 2069 2212 2126 di-

546 2160 713 2217 visit.
1976 2211 1985 2220 .

621 2250 783 2305 Vers.
818 2251 870 2303 4.
894 2247 978 2303 Et
1007 2280 1073 2288 —
1096 2248 1257 2304 Vers.
1285 2248 1565 2306 seducent.
1621 2250 1771 2306 Nihil
1796 2250 1875 2307 ad
1902 2250 2008 2307 has
2038 2251 2213 2307 inter-

548 2340 891 2410 rogationes
938 2339 1267 2411 respondit,
1301 2339 1405 2395 sed
1462 2342 1726 2412 primum
1783 2341 1885 2397 illa
1911 2341 2054 2397 dicit
2100 2341 2206 2408 eis,

532 2446 683 2502 quae
734 2430 998 2500 primum
1038 2444 1140 2485 eos
1174 2429 1321 2485 scire
1370 2431 1679 2501 Oportebat
1712 2449 1725 2487 :
1754 2448 1885 2503 quae
1940 2430 2213 2487 videlicet

548 2519 814 2575 futurum
838 2523 962 2573 erat
984 2524 1048 2573 ut
1076 2525 1212 2575 ante
1237 2519 1337 2575 illa
1358 2524 1753 2577 occurrerent.
1789 2521 1979 2577 Lucas
2012 2527 2212 2576 autem

549 2608 695 2665 dicit
731 2626 743 2664 :
788 2608 980 2664 Videte
1008 2624 1083 2665 ne
1131 2610 1506 2665 seducamini.
1559 2610 1744 2665 Multi
1789 2612 1946 2667 enim
1988 2612 2214 2666 venient

547 2698 615 2754 in
668 2698 893 2754 nomine
940 2715 1057 2755 mes
1106 2700 1354 2756 dicentes
1407 2702 1551 2771 :Ego
1576 2716 1755 2766 sum;
1808 2704 1905 2757 et:
1973 2702 2214 2772 Tempus

550 2789 748 2844 instat.
774 2789 860 2845 Ne
890 2789 1411 2861 igitursequamini
1432 2791 1562 2846 illos
1590 2792 1658 2847 ⁸⁷.
1688 2790 1958 2858 Venient,
1988 2792 2211 2864 linquit,

553 2879 797 2934 nomine
854 2895 989 2935 meo
1020 2886 1249 2936 utentes
1290 2881 1359 2935 ad
1398 2880 1811 2953 deceptionem
1841 2897 2067 2948 eorum,
2112 2882 2216 2954 qui

553 2967 667 3024 illis
707 2968 984 3024 credituri
1015 2973 1172 3036 sunt,
1224 2974 1281 3025 et
1309 2970 1590 3036 dicentes,
1648 2970 1905 3043 quisque
1943 2971 2217 3027 videlicet

553 3074 761 3114 eorum
792 3078 805 3117 :
832 3060 961 3129 Ego
979 3075 1130 3124 sum,
1155 3075 1372 3130 nempe
1393 3059 1670 3115 Christus.
1696 3063 1794 3117 Et:
1832 3063 2076 3132 Tempus
2098 3062 2214 3117 ins-

2321 1978 2575 2053 ἐρώτησιν
2628 1979 2961 2038 ἐποιήσαντο*
3020 1983 3283 2041 Ματθαῖος
3350 1978 3409 2034 δὲ
3473 1978 3781 2052 σαφηνίζων
3851 1975 3940 2025 τὸν

2323 2073 2517 2122 σκοπὸν
2547 2069 2737 2136 αὐτῶν,
2772 2067 2957 2123 διεῖλεν
2989 2070 3168 2136 αὐτὴν,
3199 2070 3270 2133 εἰς
3296 2072 3361 2123 τὰ
3392 2066 3510 2125 δύο.

2393 2253 2494 2302 Καὶ
2547 2281 2615 2290 -
2677 2249 3028 2309 πλανήσουσι.
3086 2247 3253 2304 Οὐδὲν
3309 2252 3439 2325 πρὸς
3503 2251 3597 2312 τὰς
3652 2248 3942 2323 ἐρωτήσεις

2322 2340 2575 2415 ἀπεκρίθη
2632 2344 2844 2407 ταύτας,
2908 2340 3038 2394 ἀλλὰ
3094 2346 3338 2414 πρότερον
3396 2344 3561 2393 ἐκεῖνα
3616 2340 3758 2411 λέγει
3817 2336 3946 2387 τού-

2320 2450 2449 2495 τοις,
2501 2430 2534 2481 ἆ
2584 2440 2767 2505 πρῶτοι
2812 2434 3024 2492 τούτους
3086 2427 3193 2483 ἔδει
3222 2433 3422 2502 μαθεῖν,
3467 2433 3535 2491 ὡς
3577 2432 3678 2501 πρὸ
3732 2426 3941 2479 ἐκείνων

2322 2512 2925 2592 ἀπαντῆσαιμελλοντα.
2983 2526 3192 2580 Λουκᾶς
3246 2517 3305 2573 δέ
3352 2539 3528 2592 φησιν,
3588 2519 3832 2587 Βλέπετε,
3865 2516 3940 2587 μὴ

2322 2610 2634 2668 πλανηθῆτε.
2717 2610 2900 2663 Πολλοί
2974 2613 3074 2685 γὰρ
3148 2609 3442 2663 ἐλεύσονται
3512 2609 3595 2663 ἐπὶ
3663 2614 3738 2679 τῷ
3830 2605 3941 2657 ὀνό-

2323 2705 2449 2772 ματί
2499 2720 2621 2773 μου,
2675 2700 2923 2771 λέγοντες,
2986 2702 3066 2753 ὅτι
3128 2701 3258 2772 Ἐγὼ
3312 2700 3440 2773 εἰμι,
3496 2706 3604 2768 καὶ,
3637 2699 3697 2753 Ὀ
3754 2696 3942 2769 καιρὸς

2325 2795 2529 2862 ἤγγικε.
2577 2795 2662 2849 Μὴ
2700 2788 2787 2843 οὖν
2824 2793 3111 2867 πορευθῆτε
3142 2790 3311 2843 ὀπίσω
3352 2791 3539 2846 αὐτῶν.
3578 2792 3937 2849 Ἐλεύσονται,

2326 2885 2477 2952 φησὶ,
2536 2888 2607 2951 τῷ
2660 2881 2873 2953 ὀνόματί
2920 2901 3020 2953 μου
3073 2901 3337 2957 χρῳμενοι
3390 2884 3514 2955 πρὸς
3569 2879 3779 2937 ἀπάτην
3842 2881 3942 2927 τῶν

2325 2973 2639 3044 πειθομένων
2693 2971 2884 3037 αὐτοῖς,
2937 2977 3025 3023 καὶ
3081 2971 3307 3043 λέγοντες
3355 2971 3593 3035 ἕκαστος,
3661 2971 3744 3022 ὅτι
3806 2965 3939 3034 Ἐ’γὼ

2327 3060 2449 3133 εἰμι,
2502 3064 2792 3129 τουτέστιν,
2835 3062 2947 3131 (Ue)
2997 3062 3021 3112 6
3072 3064 3321 3136 Χριστὸς,
3379 3065 3469 3112 καὶ
3512 3062 3591 3113 ὅτι
3642 3059 3703 3113 Ὀ
3735 3055 3936 3127 καιρὸς.

555 3154 660 3213 tat,
694 3154 840 3220 puta
881 3149 997 3204 mei
1027 3150 1272 3205 secundi
1304 3149 1597 3205 adventus
1636 3152 1723 3208 Ne
1743 3168 1874 3224 ergo
1900 3153 2216 3225 sequamini

2327 3154 2561 3223 ἤγγικεν,
2623 3153 2647 3203 6
2706 3160 2799 3213 τῆς
2844 3148 3084 3225 δευτέρας
3143 3171 3242 3224 μου
3307 3148 3549 3209 δηλονότι
3613 3149 3934 3225 παρουσίας.

555 3255 669 3303 eos,
700 3238 820 3294 sive
868 3238 1134 3310 aliquem
1187 3238 1447 3295 illorum.
1481 3240 1714 3297 Marcus
1745 3247 1946 3298 autem
2007 3242 2157 3298 dixit
2201 3261 2214 3297 :

555 3330 631 3384 Et
658 3329 864 3384 multos
893 3329 1160 3385 seducent
1196 3331 1268 3384 ³⁸.
1330 3329 1588 3386 Fuerunt
1639 3336 1835 3387 autem
1875 3331 2221 3404 hujusmodi

557 3419 921 3486 seductores,
980 3418 1185 3475 Simon
1243 3422 1301 3474 et
1347 3421 1666 3478 Menander
1735 3422 2114 3487 Samaritani,
2166 3427 2223 3479 et

555 3508 679 3566 alii.

627 3600 785 3655 Vers.
815 3603 872 3655 6.
910 3599 1206 3654 Futurum
1238 3605 1321 3656 est
1371 3630 1437 3642 —
1486 3600 1797 3659 bellorum.
1852 3601 2015 3660 Bella
2061 3603 2225 3665 dicit,

556 3703 693 3760 quae
716 3694 879 3742 mota
895 3692 1033 3743 sunt
1050 3695 1253 3744 contra
1271 3690 1677 3763 Hierosolyma
1701 3708 2001 3749 :rumores
2025 3700 2226 3751 autem

556 3775 875 3841 bellorum,
928 3793 1060 3848 quae
1115 3784 1323 3835 contra
1370 3779 1520 3836 alias
1558 3781 1910 3839 Judeeorum
1963 3784 2225 3840 civitates

558 3883 713 3939 quos
736 3867 921 3922 factos
938 3866 1119 3924 fuisse
1152 3870 1355 3926 scribit
1382 3872 1672 3943 Josephus
1695 3880 2021 3946 antequam
2054 3891 2225 3947 cape~

559 3962 722 4012 retur
750 3958 1098 4015 Jerusalem.
1152 3960 1450 4031 Siquidem
1477 3963 1655 4017 erexit
1685 3979 1746 4019 se
1805 3965 1878 4037 (Γ)
1933 3966 2094 4021 natio
2131 3967 2227 4022 Ju-

560 4045 846 4112 deeorum,
862 4047 1258 4105 nectributum
1273 4050 1631 4108 exsolvebat.
1658 4053 1911 4109 Romani
1933 4071 2069 4111 vero
2101 4070 2224 4112 non

560 4135 812 4192 ferentes
826 4138 888 4193 in
892 4138 913 4209 j
925 4138 1136 4204 uriam,
1152 4140 1596 4211 expeditionem
1617 4143 1679 4198 in
1697 4142 1827 4199 illos
1843 4150 2220 4217 paraverunt.

632 4229 787 4283 Vers.
823 4232 853 4284 6
892 4228 1089 4286 Videte
1135 4260 1204 4270 —
1254 4230 1405 4299 ﬁnis.
1463 4234 1543 4287 Ne
1596 4234 1958 4303 terreamini,
2010 4234 2224 4307 inquit,

560 4316 733 4389 quasi
762 4318 1106 4389 praedicatio
1145 4318 1257 4375 sub
1297 4320 1583 4377 seditione
1613 4326 1669 4378 et
1697 4323 2035 4379 turbatione
2082 4324 2225 4379 diri-

532 4406 783 4463 -menda
816 4408 913 4465 sit.
955 4408 1249 4480 Siquidem
1274 4414 1522 4467 ventura
1546 4416 1684 4467 sunt
1708 4411 1835 4468 haec
1861 4412 2068 4469 omnia
2093 4430 2225 4486 quae

560 4496 634 4552 de
661 4497 752 4551 his
787 4495 955 4552 bellis
982 4498 1122 4568 dixi,
1180 4500 1264 4555 sic
1293 4504 1493 4556 tamen
1524 4505 1588 4557 ut
1618 4502 1762 4557 nihil
1808 4501 1891 4558 illi
1945 4508 2221 4561 noceant.

566 4589 692 4639 Ant.
726 4588 805 4640 Ne
833 4589 1195 4658 terreamini,
1230 4591 1399 4660 quasi
1421 4590 1547 4661 jam
1574 4592 1751 4647 instet
1780 4591 1919 4647 ﬁnis
1948 4594 2070 4648 sive
2096 4610 2225 4666 per-

563 4673 707 4730 ditio
735 4676 939 4748 templi
972 4693 1040 4732 ac
1093 4678 1364 4735 civitatis.
1396 4682 1637 4753 Oportet
1663 4682 1823 4738 enim
1850 4684 1977 4739 haec
2020 4685 2225 4742 omnia

565 4764 693 4820 ﬁeri
717 4781 735 4830 ,'
767 4766 873 4821 sed
900 4767 1171 4823 nondum
1227 4775 1314 4825 est
1351 4770 1489 4826 ﬁnis
1544 4772 1663 4828 sive
1696 4773 1940 4843 perditio
1967 4790 2175 4829 eorum
2207 4793 2221 4834 :

568 4870 709 4911 nam
745 4858 1128 4928 postmodum
1162 4864 1339 4932 capta
1401 4866 1541 4916 sunt
1600 4862 2024 4934 Hierosolyma.
2085 4864 2227 4921 Dicit

565 4950 766 5000 autem
790 4945 1271 5018 Chrysostomus,
1296 4950 1462 5021 quod
1483 4950 1754 5023 discipuli
1777 4968 1911 5007 cum
1930 4952 1987 5007 in
2012 4968 2228 5023 praece-

567 5036 849 5093 dentibus
879 5037 953 5093 de
976 5044 1233 5097 extrema
1258 5039 1602 5096 Iudaeorum
1644 5042 1870 5099 ultione
1896 5042 2222 5109 audissent,

642 5218 687 5252 ³⁵
717 5220 897 5274 Marc.
937 5234 1059 5283 xm,
1088 5220 1142 5286 4,

1250 5223 1297 5256 ³⁸
1328 5222 1469 5277 Luc.
1502 5238 1625 5288 XXI,
1654 5227 1705 5277 7.
1812 5225 1856 5257 ³⁷
1881 5223 2026 5279 ibid.
2059 5228 2109 5280 8.

2328 3246 2412 3299 Μὴ
2478 3238 2565 3294 οὖν
2627 3240 3016 3300 ἀκολουθήσητε
3066 3241 3260 3309 αὐτοῖς,
3323 3244 3507 3312 ἤγουν,
3561 3245 3665 3293 τινὶ
3743 3236 3936 3290 αὐτῶν.

2326 3331 2385 3384 Ὀ
2450 3328 2508 3384 δὲ
2565 3334 2773 3404 Μάρκος
2844 3330 2997 3396 εἶπεν,
3051 3332 3130 3383 ὅτι
3210 3334 3309 3383 Καὶ
3366 3330 3579 3389 πολλοὺς
3634 3329 3939 3385 πλανήσου-

2336 3441 2437 3476 σιν.
2500 3422 2758 3493 Ἐγένοντο
2820 3418 2878 3474 δὲ
2928 3428 3155 3474 τοιοῦτοι
3204 3420 3387 3473 πλάνοι
3445 3425 3616 3493 Ξίμων
3675 3419 3793 3493 (15)
3852 3413 3942 3465 καὶ

2335 3508 2654 3587 Μένανδρος,
2688 3514 2736 3564 οἱ
2762 3518 3096 3586 Σαμαρεῖται,
3130 3516 3220 3563 καὶ
3250 3511 3431 3586 ἕτεροι.

2406 3602 2694 3660 Μελλὴσετε
2725 3632 2791 3642 --
2844 3600 3097 3673 πολέμων.
3156 3600 3413 3673 Πολέμους
3461 3599 3598 3672 λέγει
3639 3603 3759 3659 τοὺς
3807 3590 3946 3647 κατὰ

2336 3701 2433 3745 τῶν
2463 3691 2851 3767 Ἰεροσολύμων·
2888 3690 3042 3751 ἀκοὰς
3073 3688 3131 3743 δὲ
3160 3690 3395 3762 πολέμων
3421 3693 3513 3751 τὰς
3553 3698 3654 3742 τῶν
3679 3691 3807 3765 πρὸς
3852 3682 3945 3740 τὰς

2334 3781 2488 3842 οἶλλας
2517 3781 2687 3843 πόλεις
2734 3790 2834 3833 τῶν
2862 3778 3158 3847 Ἰουδαίων,
3202 3779 3291 3842 οὕς
3325 3780 3580 3840 Ἰώσηπος
3627 3781 3829 3853 ἱστορεῖ
3864 3788 3946 3843 γε·

2334 3874 2513 3925 νέσθαι
2552 3875 2650 3947 πρὸ
2691 3880 2781 3932 τῆς
2811 3871 3046 3932 ἁλώσεως
3089 3879 3180 3931 τῆς
3226 3870 3586 3945 Ἰερουσαλήμ.
3625 3875 3726 3922 Καὶ
3756 3868 3858 3939 γὰρ
3887 3860 3944 3912 τὸ

2333 3972 2431 4015 τῶν
2478 3959 2747 4015 Ἰουδαίων
2802 3964 2942 4022 ἔθνος
2998 3960 3203 4033 ἀντῆρε,
3258 3965 3345 4012 καὶ
3377 3960 3469 4012 οὐκ
3510 3956 3774 4012 ἀπεδίδου
3827 3951 3944 4007 τοὺς

2334 4057 2542 4127 φόρους·
2580 4052 2822 4124 Ῥωμαῖοι
2874 4048 2951 4117 δὲ,
3003 4055 3075 4123 μὴ
3128 4050 3411 4122 ἐνεγκοντες
3464 4054 3557 4109 τὴν
3588 4048 3759 4123 ὕϐριν,
3795 4047 3943 4098 ὲπεσσ

2332 4144 2623 4216 τράτευσαν
2656 4142 2850 4202 αὐτοῖς.

2402 4231 2586 4307 Ὁρᾶτε
2651 4263 2719 4273 --
2770 4231 2930 4293 τέλος.
2988 4234 3074 4289 Μὴ
3146 4231 3429 4300 πτοηθῆτε,
3488 4232 3668 4301 φησὶν,
3728 4228 3797 4286 ὡς
3848 4222 3939 4273 τοῦ

2332 4328 2665 4399 κηρύγματος
2744 4324 2842 4375 ὑπὸ
2909 4329 3004 4384 τῆς
3064 4321 3456 4381 ἀκαταστασίας
3525 4323 3615 4371 καὶ
3690 4315 3938 4387 ταραχῆς

2338 4412 2811 4485 διακοπησομένου.
2877 4411 3133 4468 Μέλλουσι
3200 4415 3299 4484 γὰρ
3353 4412 3523 4463 πάντα
3579 4410 3644 4460 τά
3693 4413 3795 4460 τῶν
3847 4416 3939 4453 πο-

2334 4505 2497 4578 λέμων
2552 4506 2745 4555 τούτων
2797 4503 3057 4573 γενέσθαι,
3119 4498 3283 4573 μηδὲν
3342 4500 3468 4552 αὐτὸ
3528 4498 3847 4572 βλάπτοντα⁰
3903 4489 3933 4545 ἥ

2335 4598 2406 4666 μή
2462 4594 2743 4660 πτοηθῆτε,
2794 4594 2857 4653 ὡς
2896 4588 3003 4649 ἤδη
3035 4598 3127 4643 τοῦ
3174 4590 3342 4650 τελους
3374 4589 3700 4653 ἐπιστάντος,
3757 4588 3934 4654 ἤγουν»

2334 4691 2425 4736 τοῦ
2458 4683 2666 4757 ὀλέθρου
2724 4689 2813 4735 τοῦ
2869 4688 2993 4733 ναοῦ
3024 4685 3114 4733 καὶ
3145 4689 3237 4743 τῆς
3268 4681 3475 4740 πόλεως.
3524 4685 3609 4732 Δεῖ
3635 4680 3735 4751 γὰρ
3771 4673 3940 4727 πάντα

2335 4781 2502 4826 ταῦτα
2543 4774 2803 4845 γενέσθαι,
2863 4771 2970 4824 ἀλλ’
3022 4775 3165 4823 οὔπω
3221 4773 3279 4822 τὸ
3320 4769 3478 4837 τέλος,
3524 4772 3708 4833 εῖτουν,
3762 4766 3786 4817 6
3841 4758 3938 4813 ὄλε-

2338 4865 2458 4939 θρος
2506 4863 2692 4918 αὐτῶν.
2747 4861 2990 4935 Ὕστερον
3037 4864 3138 4936 γὰρ
3196 4859 3425 4913 ἑάλωσαν
3485 4861 3550 4911 τά
3582 4855 3934 4930 Ἰεροσόλυμα.

2336 4957 2471 5011 Φησὶ
2500 4950 2558 5005 δὲ
2603 4954 2626 5005 6
2660 4957 3038 5026 Χρυσὸστομος
3068 4951 3202 5023 (16),
3237 4951 3316 5000 ὅτι
3346 4950 3394 5000 οἱ
3424 4951 3513 5020 μεν
3557 4950 3791 5021 μαθηταὶ
3822 4939 3937 5012 περὶ

2335 5051 2431 5105 τῆς
2494 5042 2841 5115 παγχαλέπου
2908 5045 3163 5118 τιμωρίας
3214 5047 3313 5091 τῶν
3383 5034 3651 5092 Ἰουδαίων
3703 5034 3935 5105 ἀνωτέρω

2225 5224 2270 5259 ³⁸
2302 5227 2474 5281 Marc.
2503 5240 2603 5295 x11,
2639 5227 2696 5279 6.

1805 5402 2021 5471 Variae
2055 5402 2383 5472 lectiones
2424 5413 2489 5471 et
2530 5411 2734 5471 notae.

785 5593 975 5649 Malim
1006 5602 1099 5657 τῆς
1130 5603 1223 5648 τοῦ
1252 5601 1395 5661 ναοῦ,
1434 5601 1498 5652 ut
1526 5611 1686 5655 mox.

644 5665 754 5736 (14)
785 5670 1062 5719 Τουτέστιν
1094 5669 1118 5721 6
1152 5672 1397 5744 Χριστός.
1432 5669 1665 5727 Absunt
1692 5672 1758 5726 A.

2446 5602 2494 5673 l)
2538 5604 2616 5657 De
2654 5603 2908 5672 utroque
2925 5599 3138 5656 Justin.
3167 5599 3333 5657 Mart.
3365 5601 3517 5672 p.69
3550 5599 3615 5664 Ι),
3650 5599 3710 5653 Ε.

2416 5602 2533 5747 ίίϐ)
2572 5675 2737 5730 Tom.
2770 5673 2879 5739 VII,
2913 5688 2974 5745 p.
3008 5674 3109 5729 723
3142 5675 3208 5729 D.

2445 5675 2533 5746 16)
2572 5675 2737 5730 Tom.
2770 5673 2879 5739 VII,
2913 5688 2974 5745 p.
3008 5674 3109 5729 723
3142 5675 3208 5729 D.

654 5842 732 5917 (Γ)
757 5846 969 5906 Erexit
1000 5863 1077 5906 se.
1106 5847 1465 5908 Seditionem
1503 5850 1715 5922 movit,
1746 5851 2078 5914 rebellavit.
2110 5856 2216 5915 Not

2325 5901 2329 5914 .
2358 5856 2446 5915 est
2466 5852 2584 5915 hoc
2608 5868 2790 5915 sensu
2820 5852 3075 5935 ἀνταίρειν
3106 5857 3164 5915 et
3192 5853 3476 5931 ᾀντάρτης.
