  <div class='ocr_page' id='page_1' title='image "/cluster/home/n/w/nwhite01/storage/ocr_20150623/129/coo.31924054870344/312.png"; bbox 0 0 4178 6388; ppageno 0'>
   <div class='ocr_carea' id='block_1_1' title="bbox 266 429 375 489">
    <p class='ocr_par' dir='ltr' id='par_1_1' title="bbox 266 429 375 489">
     <span class='ocr_line' id='line_1_1' title="bbox 266 429 375 489; baseline 0.018 -2"><span class='ocrx_word' id='word_1_1' title='bbox 266 429 375 489; x_wconf 86' lang='grc'>605</span> 
     </span>
    </p>
   </div>
   <div class='ocr_carea' id='block_1_2' title="bbox 268 546 1959 636">
    <p class='ocr_par' dir='ltr' id='par_1_2' title="bbox 268 546 1959 636">
     <span class='ocr_line' id='line_1_2' title="bbox 268 546 1959 636; baseline -0.012 -13"><span class='ocrx_word' id='word_1_2' title='bbox 268 558 536 631; x_wconf 74' lang='grc' dir='ltr'>μαθόντες.</span> <span class='ocrx_word' id='word_1_3' title='bbox 616 559 683 619; x_wconf 78' lang='grc' dir='ltr'>ὡς</span> <span class='ocrx_word' id='word_1_4' title='bbox 740 563 862 635; x_wconf 84' lang='grc' dir='ltr'>περὶ</span> <span class='ocrx_word' id='word_1_5' title='bbox 942 557 1212 636; x_wconf 77' lang='grc' dir='ltr'>ἀλλοτρίας</span> <span class='ocrx_word' id='word_1_6' title='bbox 1290 562 1575 631; x_wconf 74' lang='grc' dir='ltr'>συμφορᾶς,</span> <span class='ocrx_word' id='word_1_7' title='bbox 1646 553 1881 628; x_wconf 73' lang='grc' dir='ltr'>ἀφροντίο</span> <span class='ocrx_word' id='word_1_8' title='bbox 1913 546 1959 602; x_wconf 85' lang='grc' dir='ltr'><strong>Α</strong></span> 
     </span>
    </p>
   </div>
   <div class='ocr_carea' id='block_1_3' title="bbox 272 644 1882 723">
    <p class='ocr_par' dir='ltr' id='par_1_3' title="bbox 272 644 1882 723">
     <span class='ocr_line' id='line_1_3' title="bbox 272 644 1882 723; baseline -0.004 -21"><span class='ocrx_word' id='word_1_9' title='bbox 272 666 403 709; x_wconf 84' lang='grc' dir='ltr'>στως</span> <span class='ocrx_word' id='word_1_10' title='bbox 459 645 733 718; x_wconf 76' lang='grc' dir='ltr'>διέκειντο,</span> <span class='ocrx_word' id='word_1_11' title='bbox 784 655 875 703; x_wconf 78' lang='grc' dir='ltr'>καὶ</span> <span class='ocrx_word' id='word_1_12' title='bbox 933 653 1065 723; x_wconf 88' lang='grc' dir='ltr'>μόνα</span> <span class='ocrx_word' id='word_1_13' title='bbox 1123 656 1408 710; x_wconf 86' lang='grc' dir='ltr'>τηνικαῦτα</span> <span class='ocrx_word' id='word_1_14' title='bbox 1467 644 1605 719; x_wconf 68' lang='grc' dir='ltr'>δίχα</span> <span class='ocrx_word' id='word_1_15' title='bbox 1653 645 1882 719; x_wconf 86' lang='grc' dir='ltr'>θορύϐων</span> 
     </span>
    </p>
   </div>
   <div class='ocr_carea' id='block_1_4' title="bbox 271 735 1886 816">
    <p class='ocr_par' dir='ltr' id='par_1_4' title="bbox 271 735 1886 816">
     <span class='ocr_line' id='line_1_4' title="bbox 271 735 1886 816; baseline -0.001 -25"><span class='ocrx_word' id='word_1_16' title='bbox 271 738 640 812; x_wconf 78' lang='grc' dir='ltr'>ὠνειροπόλουν</span> <span class='ocrx_word' id='word_1_17' title='bbox 685 742 753 792; x_wconf 77' lang='grc' dir='ltr'>τὰ</span> <span class='ocrx_word' id='word_1_18' title='bbox 800 748 893 801; x_wconf 85' lang='grc' dir='ltr'>τῆς</span> <span class='ocrx_word' id='word_1_19' title='bbox 947 747 1036 793; x_wconf 84' lang='grc' dir='ltr'>τοῦ</span> <span class='ocrx_word' id='word_1_20' title='bbox 1096 746 1331 816; x_wconf 80' lang='grc' dir='ltr'>Χριστοῦ</span> <span class='ocrx_word' id='word_1_21' title='bbox 1388 735 1629 813; x_wconf 80' lang='grc' dir='ltr'>δευτέρας</span> <span class='ocrx_word' id='word_1_22' title='bbox 1685 756 1886 810; x_wconf 86' lang='grc' dir='ltr'>παρου-</span> 
     </span>
    </p>
   </div>
   <div class='ocr_carea' id='block_1_5' title="bbox 273 825 1879 903">
    <p class='ocr_par' dir='ltr' id='par_1_5' title="bbox 273 825 1879 903">
     <span class='ocr_line' id='line_1_5' title="bbox 273 825 1879 903; baseline -0.003 -20"><span class='ocrx_word' id='word_1_23' title='bbox 273 830 387 891; x_wconf 80' lang='grc' dir='ltr'>σίας</span> <span class='ocrx_word' id='word_1_24' title='bbox 442 828 633 901; x_wconf 80' lang='grc' dir='ltr'>ἀγαθὰ,</span> <span class='ocrx_word' id='word_1_25' title='bbox 670 825 746 882; x_wconf 78' lang='grc' dir='ltr'>δι’</span> <span class='ocrx_word' id='word_1_26' title='bbox 814 829 965 883; x_wconf 83' lang='grc' dir='ltr'>ἅκαὶ</span> <span class='ocrx_word' id='word_1_27' title='bbox 1038 833 1133 888; x_wconf 81' lang='grc' dir='ltr'>τὴν</span> <span class='ocrx_word' id='word_1_28' title='bbox 1180 828 1433 903; x_wconf 81' lang='grc' dir='ltr'>ἐρώτησιν</span> <span class='ocrx_word' id='word_1_29' title='bbox 1486 832 1824 903; x_wconf 74' lang='grc' dir='ltr'>προσήγαγον</span> <span class='ocrx_word' id='word_1_30' title='bbox 1866 844 1879 858; x_wconf 89' lang='grc'><strong>·</strong></span> 
     </span>
    </p>
   </div>
   <div class='ocr_carea' id='block_1_6' title="bbox 273 917 1882 995">
    <p class='ocr_par' dir='ltr' id='par_1_6' title="bbox 273 917 1882 995">
     <span class='ocr_line' id='line_1_6' title="bbox 273 917 1882 995; baseline -0.002 -22"><span class='ocrx_word' id='word_1_31' title='bbox 273 922 298 973; x_wconf 86' lang='grc' dir='ltr'>ό</span> <span class='ocrx_word' id='word_1_32' title='bbox 326 917 385 972; x_wconf 68' lang='grc' dir='ltr'>δὲ</span> <span class='ocrx_word' id='word_1_33' title='bbox 416 923 644 995; x_wconf 76' lang='grc' dir='ltr'>Χριστός</span> <span class='ocrx_word' id='word_1_34' title='bbox 684 919 838 972; x_wconf 86' lang='grc' dir='ltr'>πάλιν</span> <span class='ocrx_word' id='word_1_35' title='bbox 895 919 1113 973; x_wconf 79' lang='grc' dir='ltr'>ἐπίπονα</span> <span class='ocrx_word' id='word_1_36' title='bbox 1169 918 1281 993; x_wconf 89' lang='grc'>(17)</span> <span class='ocrx_word' id='word_1_37' title='bbox 1329 921 1531 982; x_wconf 76' lang='grc' dir='ltr'>τούτοις</span> <span class='ocrx_word' id='word_1_38' title='bbox 1574 920 1882 992; x_wconf 87' lang='grc' dir='ltr'>προμηνύει,</span> 
     </span>
    </p>
   </div>
   <div class='ocr_carea' id='block_1_7' title="bbox 274 1005 1884 1082">
    <p class='ocr_par' dir='ltr' id='par_1_7' title="bbox 274 1005 1884 1082">
     <span class='ocr_line' id='line_1_7' title="bbox 274 1005 1884 1082; baseline -0.001 -20"><span class='ocrx_word' id='word_1_39' title='bbox 274 1010 435 1062; x_wconf 80' lang='grc' dir='ltr'>ποιῶν</span> <span class='ocrx_word' id='word_1_40' title='bbox 494 1009 684 1070; x_wconf 79' lang='grc' dir='ltr'>αύτούς</span> <span class='ocrx_word' id='word_1_41' title='bbox 764 1008 876 1082; x_wconf 85' lang='grc'>(18)</span> <span class='ocrx_word' id='word_1_42' title='bbox 930 1007 1253 1082; x_wconf 76' lang='grc' dir='ltr'>ἐναγωνίους,</span> <span class='ocrx_word' id='word_1_43' title='bbox 1340 1013 1429 1062; x_wconf 87' lang='grc' dir='ltr'>καὶ</span> <span class='ocrx_word' id='word_1_44' title='bbox 1493 1005 1651 1081; x_wconf 76' lang='grc' dir='ltr'>διπλῇ</span> <span class='ocrx_word' id='word_1_45' title='bbox 1711 1012 1884 1080; x_wconf 62' lang='grc' dir='ltr'>νήφειν</span> 
     </span>
    </p>
   </div>
   <div class='ocr_carea' id='block_1_8' title="bbox 274 1097 1884 1172">
    <p class='ocr_par' dir='ltr' id='par_1_8' title="bbox 274 1097 1884 1172">
     <span class='ocr_line' id='line_1_8' title="bbox 274 1097 1884 1172; baseline 0 -21"><span class='ocrx_word' id='word_1_46' title='bbox 274 1098 510 1167; x_wconf 85' lang='grc' dir='ltr'>κελεύων,</span> <span class='ocrx_word' id='word_1_47' title='bbox 587 1101 656 1160; x_wconf 85' lang='grc' dir='ltr'>ὡς</span> <span class='ocrx_word' id='word_1_48' title='bbox 734 1104 864 1172; x_wconf 82' lang='grc' dir='ltr'>μήτε</span> <span class='ocrx_word' id='word_1_49' title='bbox 943 1100 1042 1151; x_wconf 85' lang='grc' dir='ltr'>ὑπὸ</span> <span class='ocrx_word' id='word_1_50' title='bbox 1098 1107 1197 1151; x_wconf 86' lang='grc' dir='ltr'>τῶν</span> <span class='ocrx_word' id='word_1_51' title='bbox 1258 1098 1459 1152; x_wconf 86' lang='grc' dir='ltr'>πλάνων</span> <span class='ocrx_word' id='word_1_52' title='bbox 1533 1097 1884 1168; x_wconf 78' lang='grc' dir='ltr'>ἀπατηθῆναι,</span> 
     </span>
    </p>
   </div>
   <div class='ocr_carea' id='block_1_9' title="bbox 272 1187 1887 1264">
    <p class='ocr_par' dir='ltr' id='par_1_9' title="bbox 272 1187 1887 1264">
     <span class='ocr_line' id='line_1_9' title="bbox 272 1187 1887 1264; baseline -0.001 -23"><span class='ocrx_word' id='word_1_53' title='bbox 272 1194 404 1264; x_wconf 82' lang='grc' dir='ltr'>μήτε</span> <span class='ocrx_word' id='word_1_54' title='bbox 448 1190 549 1241; x_wconf 88' lang='grc' dir='ltr'>ύπό</span> <span class='ocrx_word' id='word_1_55' title='bbox 581 1197 675 1251; x_wconf 86' lang='grc' dir='ltr'>τῆς</span> <span class='ocrx_word' id='word_1_56' title='bbox 752 1187 915 1252; x_wconf 77' lang='grc' dir='ltr'>ἀκοῆς</span> <span class='ocrx_word' id='word_1_57' title='bbox 969 1198 1067 1242; x_wconf 83' lang='grc' dir='ltr'>τῶν</span> <span class='ocrx_word' id='word_1_58' title='bbox 1122 1189 1355 1262; x_wconf 87' lang='grc' dir='ltr'>πολέμων</span> <span class='ocrx_word' id='word_1_59' title='bbox 1440 1191 1743 1264; x_wconf 78' lang='grc' dir='ltr'>θροηθῆναι,</span> <span class='ocrx_word' id='word_1_60' title='bbox 1806 1195 1887 1242; x_wconf 88' lang='grc' dir='ltr'>Δι-</span> 
     </span>
    </p>
   </div>
   <div class='ocr_carea' id='block_1_10' title="bbox 276 1277 1883 1355">
    <p class='ocr_par' dir='ltr' id='par_1_10' title="bbox 276 1277 1883 1355">
     <span class='ocr_line' id='line_1_10' title="bbox 276 1277 1883 1355; baseline -0.001 -24"><span class='ocrx_word' id='word_1_61' title='bbox 276 1280 431 1332; x_wconf 82' lang='grc' dir='ltr'>πλοῦν</span> <span class='ocrx_word' id='word_1_62' title='bbox 484 1281 585 1355; x_wconf 79' lang='grc' dir='ltr'>γὰρ</span> <span class='ocrx_word' id='word_1_63' title='bbox 640 1277 771 1331; x_wconf 83' lang='grc' dir='ltr'>εἶναι</span> <span class='ocrx_word' id='word_1_64' title='bbox 812 1282 900 1332; x_wconf 86' lang='grc' dir='ltr'>τὸν</span> <span class='ocrx_word' id='word_1_65' title='bbox 942 1278 1181 1352; x_wconf 85' lang='grc' dir='ltr'>πόλεμον,</span> <span class='ocrx_word' id='word_1_66' title='bbox 1245 1277 1347 1332; x_wconf 80' lang='grc' dir='ltr'>ἀπό</span> <span class='ocrx_word' id='word_1_67' title='bbox 1399 1299 1453 1332; x_wconf 84' lang='grc' dir='ltr'>τε</span> <span class='ocrx_word' id='word_1_68' title='bbox 1505 1288 1605 1332; x_wconf 85' lang='grc' dir='ltr'>τῶν</span> <span class='ocrx_word' id='word_1_69' title='bbox 1662 1279 1883 1345; x_wconf 86' lang='grc' dir='ltr'>πλάνων,</span> 
     </span>
    </p>
   </div>
   <div class='ocr_carea' id='block_1_11' title="bbox 273 1368 1887 1442">
    <p class='ocr_par' dir='ltr' id='par_1_11' title="bbox 273 1368 1887 1442">
     <span class='ocr_line' id='line_1_11' title="bbox 273 1368 1887 1442; baseline -0.001 -21"><span class='ocrx_word' id='word_1_70' title='bbox 273 1368 373 1422; x_wconf 75' lang='grc' dir='ltr'>ἀπὸ</span> <span class='ocrx_word' id='word_1_71' title='bbox 423 1389 480 1422; x_wconf 83' lang='grc' dir='ltr'>τε</span> <span class='ocrx_word' id='word_1_72' title='bbox 520 1376 622 1422; x_wconf 82' lang='grc' dir='ltr'>τῶν</span> <span class='ocrx_word' id='word_1_73' title='bbox 663 1368 947 1442; x_wconf 87' lang='grc' dir='ltr'>Ῥωμαίων,</span> <span class='ocrx_word' id='word_1_74' title='bbox 1007 1374 1098 1422; x_wconf 82' lang='grc' dir='ltr'>καὶ</span> <span class='ocrx_word' id='word_1_75' title='bbox 1141 1368 1332 1429; x_wconf 86' lang='grc' dir='ltr'>πολλὴν</span> <span class='ocrx_word' id='word_1_76' title='bbox 1378 1374 1469 1423; x_wconf 85' lang='grc' dir='ltr'>καὶ</span> <span class='ocrx_word' id='word_1_77' title='bbox 1524 1368 1764 1428; x_wconf 80' lang='grc' dir='ltr'>ποικίλην</span> <span class='ocrx_word' id='word_1_78' title='bbox 1795 1373 1887 1428; x_wconf 82' lang='grc' dir='ltr'>τὴν</span> 
     </span>
    </p>
   </div>
   <div class='ocr_carea' id='block_1_12' title="bbox 274 1457 1074 1530">
    <p class='ocr_par' dir='ltr' id='par_1_12' title="bbox 274 1457 1074 1530">
     <span class='ocr_line' id='line_1_12' title="bbox 274 1457 1074 1530; baseline 0.004 -19"><span class='ocrx_word' id='word_1_79' title='bbox 274 1459 463 1530; x_wconf 77' lang='grc' dir='ltr'>ζάλην,</span> <span class='ocrx_word' id='word_1_80' title='bbox 489 1463 580 1513; x_wconf 84' lang='grc' dir='ltr'>καὶ</span> <span class='ocrx_word' id='word_1_81' title='bbox 610 1457 753 1523; x_wconf 77' lang='grc' dir='ltr'>ἐντὸς</span> <span class='ocrx_word' id='word_1_82' title='bbox 784 1464 876 1512; x_wconf 87' lang='grc' dir='ltr'>καὶ</span> <span class='ocrx_word' id='word_1_83' title='bbox 907 1458 1074 1523; x_wconf 85' lang='grc' dir='ltr'>ἐκτός.</span> 
     </span>
    </p>
   </div>
   <div class='ocr_carea' id='block_1_13' title="bbox 344 1656 1889 1733">
    <p class='ocr_par' dir='ltr' id='par_1_13' title="bbox 344 1656 1889 1733">
     <span class='ocr_line' id='line_1_13' title="bbox 344 1656 1889 1733; baseline -0.001 -21"><span class='ocrx_word' id='word_1_84' title='bbox 344 1656 719 1733; x_wconf 79' lang='grc' dir='ltr'>Ἐγερθήσεται</span> <span class='ocrx_word' id='word_1_85' title='bbox 768 1688 836 1698; x_wconf 96' lang='grc'><strong><em>-</em></strong></span> <span class='ocrx_word' id='word_1_86' title='bbox 907 1657 1199 1731; x_wconf 79' lang='grc' dir='ltr'>βασιλείαν.</span> <span class='ocrx_word' id='word_1_87' title='bbox 1250 1661 1328 1713; x_wconf 81' lang='grc' dir='ltr'>Τὰ</span> <span class='ocrx_word' id='word_1_88' title='bbox 1383 1660 1499 1718; x_wconf 80' lang='grc' dir='ltr'>ἔθνη</span> <span class='ocrx_word' id='word_1_89' title='bbox 1556 1660 1622 1711; x_wconf 79' lang='grc' dir='ltr'>τὰ</span> <span class='ocrx_word' id='word_1_90' title='bbox 1681 1678 1889 1732; x_wconf 88' lang='grc' dir='ltr'>συμμα-</span> 
     </span>
    </p>
   </div>
   <div class='ocr_carea' id='block_1_14' title="bbox 271 1746 1891 1822">
    <p class='ocr_par' dir='ltr' id='par_1_14' title="bbox 271 1746 1891 1822">
     <span class='ocr_line' id='line_1_14' title="bbox 271 1746 1891 1822; baseline 0.001 -23"><span class='ocrx_word' id='word_1_91' title='bbox 271 1755 479 1820; x_wconf 85' lang='grc' dir='ltr'>χοῦντα</span> <span class='ocrx_word' id='word_1_92' title='bbox 548 1746 825 1820; x_wconf 84' lang='grc' dir='ltr'>Ῥωμαίοις</span> <span class='ocrx_word' id='word_1_93' title='bbox 872 1747 959 1802; x_wconf 74' lang='grc' dir='ltr'>ἐπὶ</span> <span class='ocrx_word' id='word_1_94' title='bbox 1017 1751 1083 1802; x_wconf 82' lang='grc' dir='ltr'>τὰ</span> <span class='ocrx_word' id='word_1_95' title='bbox 1159 1751 1276 1808; x_wconf 80' lang='grc' dir='ltr'>ἔθνη</span> <span class='ocrx_word' id='word_1_96' title='bbox 1364 1751 1431 1801; x_wconf 80' lang='grc' dir='ltr'>τὰ</span> <span class='ocrx_word' id='word_1_97' title='bbox 1501 1756 1891 1822; x_wconf 76' lang='grc' dir='ltr'>συμμαχοῦντα</span> 
     </span>
    </p>
   </div>
   <div class='ocr_carea' id='block_1_15' title="bbox 276 1834 1890 1915">
    <p class='ocr_par' dir='ltr' id='par_1_15' title="bbox 276 1834 1890 1915">
     <span class='ocr_line' id='line_1_15' title="bbox 276 1834 1890 1915; baseline -0.001 -24"><span class='ocrx_word' id='word_1_98' title='bbox 276 1834 581 1903; x_wconf 78' lang='grc' dir='ltr'>Ἰουδαίοις,</span> <span class='ocrx_word' id='word_1_99' title='bbox 646 1841 735 1891; x_wconf 84' lang='grc' dir='ltr'>καὶ</span> <span class='ocrx_word' id='word_1_100' title='bbox 788 1839 843 1890; x_wconf 82' lang='grc' dir='ltr'>αἱ</span> <span class='ocrx_word' id='word_1_101' title='bbox 900 1836 1188 1911; x_wconf 82' lang='grc' dir='ltr'>βασιλεῖαι,</span> <span class='ocrx_word' id='word_1_102' title='bbox 1233 1840 1288 1892; x_wconf 84' lang='grc' dir='ltr'>αἱ</span> <span class='ocrx_word' id='word_1_103' title='bbox 1342 1842 1710 1915; x_wconf 83' lang='grc' dir='ltr'>συναιρόμεναι</span> <span class='ocrx_word' id='word_1_104' title='bbox 1766 1840 1890 1892; x_wconf 75' lang='grc' dir='ltr'>Ῥω-</span> 
     </span>
    </p>
   </div>
   <div class='ocr_carea' id='block_1_16' title="bbox 274 1912 1964 2002">
    <p class='ocr_par' dir='ltr' id='par_1_16' title="bbox 274 1912 1964 2002">
     <span class='ocr_line' id='line_1_16' title="bbox 274 1912 1964 2002; baseline 0.002 -23"><span class='ocrx_word' id='word_1_105' title='bbox 274 1931 470 1999; x_wconf 81' lang='grc' dir='ltr'>μαίοις,</span> <span class='ocrx_word' id='word_1_106' title='bbox 513 1926 598 1980; x_wconf 78' lang='grc' dir='ltr'>ἐπὶ</span> <span class='ocrx_word' id='word_1_107' title='bbox 674 1929 769 1988; x_wconf 82' lang='grc' dir='ltr'>τὰς</span> <span class='ocrx_word' id='word_1_108' title='bbox 852 1933 1226 2002; x_wconf 84' lang='grc' dir='ltr'>συναιρομένας</span> <span class='ocrx_word' id='word_1_109' title='bbox 1284 1912 1587 1992; x_wconf 73' lang='grc' dir='ltr'>Ἰουδαίοις.</span> <span class='ocrx_word' id='word_1_110' title='bbox 1647 1934 1747 1983; x_wconf 83' lang='grc' dir='ltr'>Καὶ</span> <span class='ocrx_word' id='word_1_111' title='bbox 1797 1912 1964 1982; x_wconf 75' lang='grc' dir='ltr'>ὃιὰΒ</span> 
     </span>
    </p>
   </div>
   <div class='ocr_carea' id='block_1_17' title="bbox 276 2017 1494 2093">
    <p class='ocr_par' dir='ltr' id='par_1_17' title="bbox 276 2017 1494 2093">
     <span class='ocr_line' id='line_1_17' title="bbox 276 2017 1494 2093; baseline 0.004 -24"><span class='ocrx_word' id='word_1_112' title='bbox 276 2024 429 2070; x_wconf 81' lang='grc' dir='ltr'>τοῦτο</span> <span class='ocrx_word' id='word_1_113' title='bbox 466 2017 686 2092; x_wconf 85' lang='grc' dir='ltr'>ἰσχυροὶ</span> <span class='ocrx_word' id='word_1_114' title='bbox 712 2021 1021 2090; x_wconf 84' lang='grc' dir='ltr'>γενήσονται</span> <span class='ocrx_word' id='word_1_115' title='bbox 1047 2021 1240 2072; x_wconf 88' lang='grc' dir='ltr'>τούτων</span> <span class='ocrx_word' id='word_1_116' title='bbox 1260 2019 1494 2093; x_wconf 87' lang='grc' dir='ltr'>πόλεμοι.</span> 
     </span>
    </p>
   </div>
   <div class='ocr_carea' id='block_1_18' title="bbox 350 2107 1892 2184">
    <p class='ocr_par' dir='ltr' id='par_1_18' title="bbox 350 2107 1892 2184">
     <span class='ocr_line' id='line_1_18' title="bbox 350 2107 1892 2184; baseline 0.001 -23"><span class='ocrx_word' id='word_1_117' title='bbox 350 2112 455 2161; x_wconf 79' lang='grc' dir='ltr'>Καὶ</span> <span class='ocrx_word' id='word_1_118' title='bbox 504 2138 577 2147; x_wconf 90' lang='grc'><strong><em>-</em></strong></span> <span class='ocrx_word' id='word_1_119' title='bbox 603 2111 812 2171; x_wconf 82' lang='grc' dir='ltr'>τόπους.</span> <span class='ocrx_word' id='word_1_120' title='bbox 868 2110 1014 2162; x_wconf 82' lang='grc' dir='ltr'>Κατὰ</span> <span class='ocrx_word' id='word_1_121' title='bbox 1040 2114 1231 2173; x_wconf 84' lang='grc' dir='ltr'>τόπους</span> <span class='ocrx_word' id='word_1_122' title='bbox 1272 2119 1371 2163; x_wconf 85' lang='grc' dir='ltr'>τῶν</span> <span class='ocrx_word' id='word_1_123' title='bbox 1414 2107 1703 2166; x_wconf 70' lang='grc' dir='ltr'>Ἰουδαίων.</span> <span class='ocrx_word' id='word_1_124' title='bbox 1740 2112 1892 2184; x_wconf 83' lang='grc' dir='ltr'>Παρὰ</span> 
     </span>
    </p>
   </div>
   <div class='ocr_carea' id='block_1_19' title="bbox 277 2193 1892 2274">
    <p class='ocr_par' dir='ltr' id='par_1_19' title="bbox 277 2193 1892 2274">
     <span class='ocr_line' id='line_1_19' title="bbox 277 2193 1892 2274; baseline 0.002 -25"><span class='ocrx_word' id='word_1_125' title='bbox 277 2205 355 2268; x_wconf 74' lang='grc' dir='ltr'>τῷ</span> <span class='ocrx_word' id='word_1_126' title='bbox 433 2203 611 2269; x_wconf 80' lang='grc' dir='ltr'>Λουκᾷ</span> <span class='ocrx_word' id='word_1_127' title='bbox 686 2193 745 2251; x_wconf 71' lang='grc' dir='ltr'>δὲ</span> <span class='ocrx_word' id='word_1_128' title='bbox 816 2202 1149 2273; x_wconf 86' lang='grc' dir='ltr'>πρόσκειται,</span> <span class='ocrx_word' id='word_1_129' title='bbox 1226 2202 1308 2253; x_wconf 88' lang='grc' dir='ltr'>ὃτι</span> <span class='ocrx_word' id='word_1_130' title='bbox 1365 2200 1605 2274; x_wconf 83' lang='grc' dir='ltr'>Φόϐητρά</span> <span class='ocrx_word' id='word_1_131' title='bbox 1687 2222 1741 2255; x_wconf 84' lang='grc' dir='ltr'>τε</span> <span class='ocrx_word' id='word_1_132' title='bbox 1802 2206 1892 2253; x_wconf 85' lang='grc' dir='ltr'>καὶ</span> 
     </span>
    </p>
   </div>
   <div class='ocr_carea' id='block_1_20' title="bbox 290 2287 1892 2365">
    <p class='ocr_par' dir='ltr' id='par_1_20' title="bbox 290 2287 1892 2365">
     <span class='ocr_line' id='line_1_20' title="bbox 290 2287 1892 2365; baseline 0.004 -28"><span class='ocrx_word' id='word_1_133' title='bbox 290 2292 488 2358; x_wconf 80' lang='grc' dir='ltr'>σημεῖα</span> <span class='ocrx_word' id='word_1_134' title='bbox 558 2287 758 2358; x_wconf 80' lang='grc' dir='ltr'>μεγάλα</span> <span class='ocrx_word' id='word_1_135' title='bbox 845 2287 935 2341; x_wconf 76' lang='grc' dir='ltr'>ἀπ’</span> <span class='ocrx_word' id='word_1_136' title='bbox 1039 2290 1259 2365; x_wconf 81' lang='grc' dir='ltr'>ούρανοῦ</span> <span class='ocrx_word' id='word_1_137' title='bbox 1315 2294 1485 2358; x_wconf 82' lang='grc' dir='ltr'>ἔσται,</span> <span class='ocrx_word' id='word_1_138' title='bbox 1539 2293 1622 2344; x_wconf 83' lang='grc' dir='ltr'>ἵνα</span> <span class='ocrx_word' id='word_1_139' title='bbox 1701 2299 1892 2364; x_wconf 85' lang='grc' dir='ltr'>γνῶσιν</span> 
     </span>
    </p>
   </div>
   <div class='ocr_carea' id='block_1_21' title="bbox 284 2372 1890 2454">
    <p class='ocr_par' dir='ltr' id='par_1_21' title="bbox 284 2372 1890 2454">
     <span class='ocr_line' id='line_1_21' title="bbox 284 2372 1890 2454; baseline 0.002 -24"><span class='ocrx_word' id='word_1_140' title='bbox 284 2372 538 2430; x_wconf 74' lang='grc' dir='ltr'>Ἰουδαῖοι</span> <span class='ocrx_word' id='word_1_141' title='bbox 586 2379 862 2450; x_wconf 87' lang='grc' dir='ltr'>θεομηνίαν</span> <span class='ocrx_word' id='word_1_142' title='bbox 921 2374 1048 2432; x_wconf 80' lang='grc' dir='ltr'>εἶναι</span> <span class='ocrx_word' id='word_1_143' title='bbox 1090 2383 1156 2433; x_wconf 81' lang='grc' dir='ltr'>τὰ</span> <span class='ocrx_word' id='word_1_144' title='bbox 1206 2385 1470 2454; x_wconf 84' lang='grc' dir='ltr'>γινόμενα,</span> <span class='ocrx_word' id='word_1_145' title='bbox 1511 2388 1601 2434; x_wconf 86' lang='grc' dir='ltr'>καὶ</span> <span class='ocrx_word' id='word_1_146' title='bbox 1642 2390 1890 2449; x_wconf 82' lang='grc' dir='ltr'>συνῶσιν,</span> 
     </span>
    </p>
   </div>
   <div class='ocr_carea' id='block_1_22' title="bbox 274 2462 1894 2548">
    <p class='ocr_par' dir='ltr' id='par_1_22' title="bbox 274 2462 1894 2548">
     <span class='ocr_line' id='line_1_22' title="bbox 274 2462 1894 2548; baseline 0.003 -28"><span class='ocrx_word' id='word_1_147' title='bbox 274 2468 359 2520; x_wconf 83' lang='grc' dir='ltr'>ὅτι</span> <span class='ocrx_word' id='word_1_148' title='bbox 422 2462 517 2521; x_wconf 77' lang='grc' dir='ltr'>διὰ</span> <span class='ocrx_word' id='word_1_149' title='bbox 576 2471 667 2527; x_wconf 85' lang='grc' dir='ltr'>τήν</span> <span class='ocrx_word' id='word_1_150' title='bbox 742 2476 837 2521; x_wconf 88' lang='grc' dir='ltr'>τοῦ</span> <span class='ocrx_word' id='word_1_151' title='bbox 895 2476 1132 2544; x_wconf 80' lang='grc' dir='ltr'>Σωτῆρτς</span> <span class='ocrx_word' id='word_1_152' title='bbox 1214 2470 1476 2548; x_wconf 81' lang='grc' dir='ltr'>ἀναίρεσιν</span> <span class='ocrx_word' id='word_1_153' title='bbox 1552 2479 1721 2525; x_wconf 90' lang='grc' dir='ltr'>ταῦτα</span> <span class='ocrx_word' id='word_1_154' title='bbox 1797 2473 1894 2525; x_wconf 87' lang='grc' dir='ltr'>πά-</span> 
     </span>
    </p>
   </div>
   <div class='ocr_carea' id='block_1_23' title="bbox 274 2575 507 2629">
    <p class='ocr_par' dir='ltr' id='par_1_23' title="bbox 274 2575 507 2629">
     <span class='ocr_line' id='line_1_23' title="bbox 274 2575 507 2629; baseline 0.009 -20"><span class='ocrx_word' id='word_1_155' title='bbox 274 2575 421 2629; x_wconf 80' lang='grc' dir='ltr'>σχον</span> <span class='ocrx_word' id='word_1_156' title='bbox 430 2575 507 2611; x_wconf 82' lang='grc' dir='ltr'>σι.</span> 
     </span>
    </p>
   </div>
   <div class='ocr_carea' id='block_1_24' title="bbox 349 2644 1896 2729">
    <p class='ocr_par' dir='ltr' id='par_1_24' title="bbox 349 2644 1896 2729">
     <span class='ocr_line' id='line_1_24' title="bbox 349 2644 1896 2729; baseline 0.005 -30"><span class='ocrx_word' id='word_1_157' title='bbox 349 2649 535 2700; x_wconf 81' lang='grc' dir='ltr'>Πάντα</span> <span class='ocrx_word' id='word_1_158' title='bbox 590 2677 657 2689; x_wconf 93' lang='grc'><strong><em>-</em></strong></span> <span class='ocrx_word' id='word_1_159' title='bbox 710 2644 934 2705; x_wconf 79' lang='grc' dir='ltr'>ὠδίνων.</span> <span class='ocrx_word' id='word_1_160' title='bbox 1005 2650 1175 2726; x_wconf 81' lang='grc' dir='ltr'>Ἀρχὴ</span> <span class='ocrx_word' id='word_1_161' title='bbox 1235 2659 1334 2705; x_wconf 84' lang='grc' dir='ltr'>τῶν</span> <span class='ocrx_word' id='word_1_162' title='bbox 1395 2660 1588 2718; x_wconf 86' lang='grc' dir='ltr'>κακῶν,</span> <span class='ocrx_word' id='word_1_163' title='bbox 1643 2657 1896 2729; x_wconf 88' lang='grc' dir='ltr'>προοίμια</span> 
     </span>
    </p>
   </div>
   <div class='ocr_carea' id='block_1_25' title="bbox 278 2739 1891 2819">
    <p class='ocr_par' dir='ltr' id='par_1_25' title="bbox 278 2739 1891 2819">
     <span class='ocr_line' id='line_1_25' title="bbox 278 2739 1891 2819; baseline 0.005 -29"><span class='ocrx_word' id='word_1_164' title='bbox 278 2745 377 2790; x_wconf 77' lang='grc' dir='ltr'>τῶν</span> <span class='ocrx_word' id='word_1_165' title='bbox 449 2746 751 2813; x_wconf 68' lang='grc' dir='ltr'>συμφορῶν,</span> <span class='ocrx_word' id='word_1_166' title='bbox 829 2747 929 2792; x_wconf 85' lang='grc' dir='ltr'>τῶν</span> <span class='ocrx_word' id='word_1_167' title='bbox 1016 2746 1120 2802; x_wconf 85' lang='grc' dir='ltr'>τοῖς</span> <span class='ocrx_word' id='word_1_168' title='bbox 1167 2739 1448 2805; x_wconf 83' lang='grc' dir='ltr'>Ἰουδαίοις</span> <span class='ocrx_word' id='word_1_169' title='bbox 1514 2741 1891 2819; x_wconf 73' lang='grc' dir='ltr'>ἐπερχομενων.</span> 
     </span>
    </p>
   </div>
   <div class='ocr_carea' id='block_1_26' title="bbox 352 2827 1896 2906">
    <p class='ocr_par' dir='ltr' id='par_1_26' title="bbox 352 2827 1896 2906">
     <span class='ocr_line' id='line_1_26' title="bbox 352 2827 1896 2906; baseline 0.005 -27"><span class='ocrx_word' id='word_1_170' title='bbox 352 2832 483 2880; x_wconf 83' lang='grc' dir='ltr'>Τότε</span> <span class='ocrx_word' id='word_1_171' title='bbox 528 2858 599 2869; x_wconf 86' lang='grc'><strong>-</strong></span> <span class='ocrx_word' id='word_1_172' title='bbox 649 2827 846 2900; x_wconf 73' lang='grc' dir='ltr'>θλίψιν.</span> <span class='ocrx_word' id='word_1_173' title='bbox 903 2833 1049 2895; x_wconf 86' lang='grc' dir='ltr'>Τότε,</span> <span class='ocrx_word' id='word_1_174' title='bbox 1102 2835 1226 2885; x_wconf 88' lang='grc' dir='ltr'>πότε</span> <span class='ocrx_word' id='word_1_175' title='bbox 1272 2848 1285 2899; x_wconf 91' lang='grc'><strong>;</strong></span> <span class='ocrx_word' id='word_1_176' title='bbox 1340 2836 1448 2906; x_wconf 87' lang='grc' dir='ltr'>Ι]ρό</span> <span class='ocrx_word' id='word_1_177' title='bbox 1501 2841 1596 2895; x_wconf 84' lang='grc' dir='ltr'>τῆς</span> <span class='ocrx_word' id='word_1_178' title='bbox 1655 2831 1896 2885; x_wconf 84' lang='grc' dir='ltr'>ἀπόστα-</span> 
     </span>
    </p>
   </div>
   <div class='ocr_carea' id='block_1_27' title="bbox 288 2914 1896 2996">
    <p class='ocr_par' dir='ltr' id='par_1_27' title="bbox 288 2914 1896 2996">
     <span class='ocr_line' id='line_1_27' title="bbox 288 2914 1896 2996; baseline 0.004 -27"><span class='ocrx_word' id='word_1_179' title='bbox 288 2920 438 2978; x_wconf 85' lang='grc' dir='ltr'>σίας.</span> <span class='ocrx_word' id='word_1_180' title='bbox 478 2914 568 2980; x_wconf 82' lang='grc' dir='ltr'>Εἷς</span> <span class='ocrx_word' id='word_1_181' title='bbox 598 2916 784 2971; x_wconf 85' lang='grc' dir='ltr'>ἐκεῖνον</span> <span class='ocrx_word' id='word_1_182' title='bbox 812 2921 915 2993; x_wconf 81' lang='grc' dir='ltr'>γὰρ</span> <span class='ocrx_word' id='word_1_183' title='bbox 955 2923 1042 2973; x_wconf 90' lang='grc' dir='ltr'>τὸν</span> <span class='ocrx_word' id='word_1_184' title='bbox 1074 2925 1253 2996; x_wconf 87' lang='grc' dir='ltr'>καιρὸν</span> <span class='ocrx_word' id='word_1_185' title='bbox 1298 2928 1565 2995; x_wconf 77' lang='grc' dir='ltr'>μετήγαγε</span> <span class='ocrx_word' id='word_1_186' title='bbox 1594 2927 1680 2976; x_wconf 90' lang='grc' dir='ltr'>τόν</span> <span class='ocrx_word' id='word_1_187' title='bbox 1723 2923 1896 2995; x_wconf 88' lang='grc' dir='ltr'>λόγον,</span> 
     </span>
    </p>
   </div>
   <div class='ocr_carea' id='block_1_28' title="bbox 286 3005 1894 3089">
    <p class='ocr_par' dir='ltr' id='par_1_28' title="bbox 286 3005 1894 3089">
     <span class='ocr_line' id='line_1_28' title="bbox 286 3005 1894 3089; baseline 0.004 -30"><span class='ocrx_word' id='word_1_188' title='bbox 286 3008 316 3059; x_wconf 81' lang='grc' dir='ltr'><strong>ὁ</strong></span> <span class='ocrx_word' id='word_1_189' title='bbox 372 3012 464 3060; x_wconf 78' lang='grc' dir='ltr'>καὶ</span> <span class='ocrx_word' id='word_1_190' title='bbox 539 3014 750 3072; x_wconf 84' lang='grc' dir='ltr'>Λουκᾶς</span> <span class='ocrx_word' id='word_1_191' title='bbox 816 3005 1076 3069; x_wconf 79' lang='grc' dir='ltr'>ἐδήλωσεν</span> <span class='ocrx_word' id='word_1_192' title='bbox 1156 3013 1330 3080; x_wconf 81' lang='grc' dir='ltr'>εἰπὼν,</span> <span class='ocrx_word' id='word_1_193' title='bbox 1386 3015 1466 3066; x_wconf 86' lang='grc' dir='ltr'>ὅτι</span> <span class='ocrx_word' id='word_1_194' title='bbox 1520 3017 1627 3089; x_wconf 89' lang='grc' dir='ltr'>Πρὸ</span> <span class='ocrx_word' id='word_1_195' title='bbox 1679 3016 1894 3082; x_wconf 81' lang='grc' dir='ltr'>τούτων,</span> 
     </span>
    </p>
   </div>
   <div class='ocr_carea' id='block_1_29' title="bbox 289 3097 1897 3178">
    <p class='ocr_par' dir='ltr' id='par_1_29' title="bbox 289 3097 1897 3178">
     <span class='ocr_line' id='line_1_29' title="bbox 289 3097 1897 3178; baseline 0.004 -29"><span class='ocrx_word' id='word_1_196' title='bbox 289 3098 495 3150; x_wconf 82' lang='grc' dir='ltr'>πάντων</span> <span class='ocrx_word' id='word_1_197' title='bbox 577 3097 911 3153; x_wconf 77' lang='grc' dir='ltr'>ἐπιϐαλοῦσιν</span> <span class='ocrx_word' id='word_1_198' title='bbox 978 3101 1051 3174; x_wconf 81' lang='grc' dir='ltr'>ἐφ’</span> <span class='ocrx_word' id='word_1_199' title='bbox 1114 3103 1251 3173; x_wconf 78' lang='grc' dir='ltr'>ὑμᾶς</span> <span class='ocrx_word' id='word_1_200' title='bbox 1318 3105 1412 3165; x_wconf 82' lang='grc' dir='ltr'>τὰς</span> <span class='ocrx_word' id='word_1_201' title='bbox 1465 3111 1649 3178; x_wconf 86' lang='grc' dir='ltr'>χεῖρας</span> <span class='ocrx_word' id='word_1_202' title='bbox 1707 3103 1897 3173; x_wconf 69' lang='grc' dir='ltr'>αὐτων,</span> 
     </span>
    </p>
   </div>
   <div class='ocr_carea' id='block_1_30' title="bbox 282 3185 1901 3266">
    <p class='ocr_par' dir='ltr' id='par_1_30' title="bbox 282 3185 1901 3266">
     <span class='ocr_line' id='line_1_30' title="bbox 282 3185 1901 3266; baseline 0.004 -27"><span class='ocrx_word' id='word_1_203' title='bbox 282 3191 376 3240; x_wconf 76' lang='grc' dir='ltr'>καὶ</span> <span class='ocrx_word' id='word_1_204' title='bbox 503 3185 800 3256; x_wconf 79' lang='grc' dir='ltr'>διώξουσι,</span> <span class='ocrx_word' id='word_1_205' title='bbox 942 3188 1326 3265; x_wconf 77' lang='grc' dir='ltr'>παραδιδόντες</span> <span class='ocrx_word' id='word_1_206' title='bbox 1432 3194 1501 3257; x_wconf 81' lang='grc' dir='ltr'>εἰς</span> <span class='ocrx_word' id='word_1_207' title='bbox 1594 3196 1901 3266; x_wconf 80' lang='grc' dir='ltr'>συναγωγὰς</span> 
     </span>
    </p>
   </div>
   <div class='ocr_carea' id='block_1_31' title="bbox 1242 417 2774 505">
    <p class='ocr_par' dir='ltr' id='par_1_31' title="bbox 1242 417 2774 505">
     <span class='ocr_line' id='line_1_31' title="bbox 1242 417 2774 505; baseline -0.002 -19"><span class='ocrx_word' id='word_1_208' title='bbox 1242 427 1605 486; x_wconf 89' lang='lat' dir='ltr'>COMNENT.</span> <span class='ocrx_word' id='word_1_209' title='bbox 1654 423 1725 480; x_wconf 89' lang='lat' dir='ltr'><strong>IN</strong></span> <span class='ocrx_word' id='word_1_210' title='bbox 1776 417 2223 505; x_wconf 73' lang='lat' dir='ltr'>MATTH/EUM.</span> <span class='ocrx_word' id='word_1_211' title='bbox 2270 456 2332 465; x_wconf 90' lang='lat'><strong>—</strong></span> <span class='ocrx_word' id='word_1_212' title='bbox 2377 424 2532 481; x_wconf 85' lang='lat' dir='ltr'>CAP.</span> <span class='ocrx_word' id='word_1_213' title='bbox 2577 427 2774 485; x_wconf 88' lang='lat' dir='ltr'>XXIV.</span> 
     </span>
    </p>
   </div>
   <div class='ocr_carea' id='block_1_32' title="bbox 3549 432 3655 487">
    <p class='ocr_par' dir='ltr' id='par_1_32' title="bbox 3549 432 3655 487">
     <span class='ocr_line' id='line_1_32' title="bbox 3549 432 3655 487; baseline 0.019 -2"><span class='ocrx_word' id='word_1_214' title='bbox 3549 432 3655 487; x_wconf 86' lang='lat'>606</span> 
     </span>
    </p>
   </div>
   <div class='ocr_carea' id='block_1_33' title="bbox 1996 552 3652 631">
    <p class='ocr_par' dir='ltr' id='par_1_33' title="bbox 1996 552 3652 631">
     <span class='ocr_line' id='line_1_33' title="bbox 1996 552 3652 631; baseline 0.006 -28"><span class='ocrx_word' id='word_1_215' title='bbox 1996 552 2287 621; x_wconf 80' lang='lat' dir='ltr'>tanquam</span> <span class='ocrx_word' id='word_1_216' title='bbox 2315 552 2395 608; x_wconf 90' lang='lat' dir='ltr'>ad</span> <span class='ocrx_word' id='word_1_217' title='bbox 2426 553 2685 611; x_wconf 89' lang='lat' dir='ltr'>alienam</span> <span class='ocrx_word' id='word_1_218' title='bbox 2744 555 3168 623; x_wconf 85' lang='lat' dir='ltr'>calamitatem,</span> <span class='ocrx_word' id='word_1_219' title='bbox 3202 572 3337 631; x_wconf 62' lang='lat' dir='ltr'>quas</span> <span class='ocrx_word' id='word_1_220' title='bbox 3367 556 3517 614; x_wconf 84' lang='lat' dir='ltr'>nihil</span> <span class='ocrx_word' id='word_1_221' title='bbox 3549 573 3652 615; x_wconf 91' lang='lat' dir='ltr'>eos</span> 
     </span>
    </p>
   </div>
   <div class='ocr_carea' id='block_1_34' title="bbox 1994 643 3656 715">
    <p class='ocr_par' dir='ltr' id='par_1_34' title="bbox 1994 643 3656 715">
     <span class='ocr_line' id='line_1_34' title="bbox 1994 643 3656 715; baseline 0.007 -21"><span class='ocrx_word' id='word_1_222' title='bbox 1994 643 2280 709; x_wconf 85' lang='lat' dir='ltr'>tangeret,</span> <span class='ocrx_word' id='word_1_223' title='bbox 2320 644 2690 714; x_wconf 81' lang='lat' dir='ltr'>negligenter</span> <span class='ocrx_word' id='word_1_224' title='bbox 2721 662 2782 702; x_wconf 92' lang='lat' dir='ltr'>se</span> <span class='ocrx_word' id='word_1_225' title='bbox 2814 647 2892 703; x_wconf 91' lang='lat' dir='ltr'>ad</span> <span class='ocrx_word' id='word_1_226' title='bbox 2923 663 3057 703; x_wconf 89' lang='lat' dir='ltr'>eam</span> <span class='ocrx_word' id='word_1_227' title='bbox 3092 648 3415 715; x_wconf 84' lang='lat' dir='ltr'>habebant,</span> <span class='ocrx_word' id='word_1_228' title='bbox 3447 654 3502 705; x_wconf 91' lang='lat' dir='ltr'>et</span> <span class='ocrx_word' id='word_1_229' title='bbox 3527 649 3656 705; x_wconf 88' lang='lat' dir='ltr'>sola</span> 
     </span>
    </p>
   </div>
   <div class='ocr_carea' id='block_1_35' title="bbox 1992 734 3656 811">
    <p class='ocr_par' dir='ltr' id='par_1_35' title="bbox 1992 734 3656 811">
     <span class='ocr_line' id='line_1_35' title="bbox 1992 734 3656 811; baseline 0.006 -26"><span class='ocrx_word' id='word_1_230' title='bbox 1992 744 2064 785; x_wconf 89' lang='lat' dir='ltr'>ea</span> <span class='ocrx_word' id='word_1_231' title='bbox 2096 734 2237 786; x_wconf 89' lang='lat' dir='ltr'>tunc</span> <span class='ocrx_word' id='word_1_232' title='bbox 2265 734 2849 802; x_wconf 89' lang='lat' dir='ltr'>somniabantbona,</span> <span class='ocrx_word' id='word_1_233' title='bbox 2876 753 3013 809; x_wconf 79' lang='lat' dir='ltr'>quae</span> <span class='ocrx_word' id='word_1_234' title='bbox 3044 738 3274 811; x_wconf 87' lang='lat' dir='ltr'>absque</span> <span class='ocrx_word' id='word_1_235' title='bbox 3309 739 3565 795; x_wconf 83' lang='lat' dir='ltr'>tumultu</span> <span class='ocrx_word' id='word_1_236' title='bbox 3595 740 3656 795; x_wconf 90' lang='lat' dir='ltr'>in</span> 
     </span>
    </p>
   </div>
   <div class='ocr_carea' id='block_1_36' title="bbox 1993 820 3657 901">
    <p class='ocr_par' dir='ltr' id='par_1_36' title="bbox 1993 820 3657 901">
     <span class='ocr_line' id='line_1_36' title="bbox 1993 820 3657 901; baseline 0.007 -27"><span class='ocrx_word' id='word_1_237' title='bbox 1993 820 2260 877; x_wconf 89' lang='lat' dir='ltr'>secundo</span> <span class='ocrx_word' id='word_1_238' title='bbox 2311 822 2515 879; x_wconf 78' lang='lat' dir='ltr'>Christi</span> <span class='ocrx_word' id='word_1_239' title='bbox 2560 825 2820 882; x_wconf 87' lang='lat' dir='ltr'>adventu</span> <span class='ocrx_word' id='word_1_240' title='bbox 2872 832 3124 883; x_wconf 88' lang='lat' dir='ltr'>ventura</span> <span class='ocrx_word' id='word_1_241' title='bbox 3154 832 3325 883; x_wconf 89' lang='lat' dir='ltr'>erant</span> <span class='ocrx_word' id='word_1_242' title='bbox 3362 845 3383 885; x_wconf 82' lang='lat'>.&#39;</span> <span class='ocrx_word' id='word_1_243' title='bbox 3414 833 3657 901; x_wconf 85' lang='lat' dir='ltr'>propter</span> 
     </span>
    </p>
   </div>
   <div class='ocr_carea' id='block_1_37' title="bbox 1994 911 3655 989">
    <p class='ocr_par' dir='ltr' id='par_1_37' title="bbox 1994 911 3655 989">
     <span class='ocr_line' id='line_1_37' title="bbox 1994 911 3655 989; baseline 0.006 -25"><span class='ocrx_word' id='word_1_244' title='bbox 1994 925 2125 981; x_wconf 70' lang='lat' dir='ltr'>quas</span> <span class='ocrx_word' id='word_1_245' title='bbox 2154 911 2333 967; x_wconf 86' lang='lat' dir='ltr'>etiam</span> <span class='ocrx_word' id='word_1_246' title='bbox 2365 913 2892 985; x_wconf 84' lang='lat' dir='ltr'>interrogationem</span> <span class='ocrx_word' id='word_1_247' title='bbox 2924 917 3353 989; x_wconf 82' lang='lat' dir='ltr'>produxerant.</span> <span class='ocrx_word' id='word_1_248' title='bbox 3387 918 3655 974; x_wconf 86' lang='lat' dir='ltr'>Christus</span> 
     </span>
    </p>
   </div>
   <div class='ocr_carea' id='block_1_38' title="bbox 1993 1003 3655 1079">
    <p class='ocr_par' dir='ltr' id='par_1_38' title="bbox 1993 1003 3655 1079">
     <span class='ocr_line' id='line_1_38' title="bbox 1993 1003 3655 1079; baseline 0.006 -25"><span class='ocrx_word' id='word_1_249' title='bbox 1993 1014 2137 1055; x_wconf 87' lang='lat' dir='ltr'>vero</span> <span class='ocrx_word' id='word_1_250' title='bbox 2166 1016 2409 1059; x_wconf 90' lang='lat' dir='ltr'>rursum</span> <span class='ocrx_word' id='word_1_251' title='bbox 2430 1003 2543 1059; x_wconf 84' lang='lat' dir='ltr'>illis</span> <span class='ocrx_word' id='word_1_252' title='bbox 2567 1007 2873 1063; x_wconf 90' lang='lat' dir='ltr'>laboriosa</span> <span class='ocrx_word' id='word_1_253' title='bbox 2885 1007 3254 1079; x_wconf 86' lang='lat' dir='ltr'>pronuntiat,</span> <span class='ocrx_word' id='word_1_254' title='bbox 3287 1008 3655 1065; x_wconf 88' lang='lat' dir='ltr'>constituens</span> 
     </span>
    </p>
   </div>
   <div class='ocr_carea' id='block_1_39' title="bbox 1971 1092 3659 1170">
    <p class='ocr_par' dir='ltr' id='par_1_39' title="bbox 1971 1092 3659 1170">
     <span class='ocr_line' id='line_1_39' title="bbox 1971 1092 3659 1170; baseline 0.007 -27"><span class='ocrx_word' id='word_1_255' title='bbox 1971 1104 2098 1170; x_wconf 24' lang='lat' dir='ltr'>.eos</span> <span class='ocrx_word' id='word_1_256' title='bbox 2122 1092 2514 1149; x_wconf 90' lang='lat' dir='ltr'>certaminum</span> <span class='ocrx_word' id='word_1_257' title='bbox 2542 1096 2847 1167; x_wconf 83' lang='lat' dir='ltr'>praefectos</span> <span class='ocrx_word' id='word_1_258' title='bbox 2866 1096 2947 1169; x_wconf 85' lang='lat' dir='ltr'>(g)</span> <span class='ocrx_word' id='word_1_259' title='bbox 2981 1114 2996 1152; x_wconf 93' lang='lat'><strong><em>:</em></strong></span> <span class='ocrx_word' id='word_1_260' title='bbox 3021 1102 3077 1153; x_wconf 93' lang='lat' dir='ltr'>et</span> <span class='ocrx_word' id='word_1_261' title='bbox 3097 1098 3494 1170; x_wconf 90' lang='lat' dir='ltr'>duplicemob</span> <span class='ocrx_word' id='word_1_262' title='bbox 3525 1115 3659 1154; x_wconf 89' lang='lat' dir='ltr'>cau-</span> 
     </span>
    </p>
   </div>
   <div class='ocr_carea' id='block_1_40' title="bbox 1970 1181 3656 1261">
    <p class='ocr_par' dir='ltr' id='par_1_40' title="bbox 1970 1181 3656 1261">
     <span class='ocr_line' id='line_1_40' title="bbox 1970 1181 3656 1261; baseline 0.005 -27"><span class='ocrx_word' id='word_1_263' title='bbox 1970 1193 2125 1261; x_wconf 27' lang='lat' dir='ltr'>osam</span> <span class='ocrx_word' id='word_1_264' title='bbox 2151 1181 2397 1251; x_wconf 75' lang='lat' dir='ltr'>vigilare</span> <span class='ocrx_word' id='word_1_265' title='bbox 2414 1184 2604 1255; x_wconf 89' lang='lat' dir='ltr'>jubet,</span> <span class='ocrx_word' id='word_1_266' title='bbox 2621 1190 2744 1241; x_wconf 87' lang='lat' dir='ltr'>tum</span> <span class='ocrx_word' id='word_1_267' title='bbox 2772 1201 2846 1241; x_wconf 91' lang='lat' dir='ltr'>ne</span> <span class='ocrx_word' id='word_1_268' title='bbox 2864 1202 2899 1243; x_wconf 91' lang='lat' dir='ltr'>a</span> <span class='ocrx_word' id='word_1_269' title='bbox 2924 1187 3337 1243; x_wconf 90' lang='lat' dir='ltr'>seductoribus</span> <span class='ocrx_word' id='word_1_270' title='bbox 3354 1186 3656 1255; x_wconf 77' lang='lat' dir='ltr'>fallantur,</span> 
     </span>
    </p>
   </div>
   <div class='ocr_carea' id='block_1_41' title="bbox 1997 1270 3657 1350">
    <p class='ocr_par' dir='ltr' id='par_1_41' title="bbox 1997 1270 3657 1350">
     <span class='ocr_line' id='line_1_41' title="bbox 1997 1270 3657 1350; baseline 0.005 -27"><span class='ocrx_word' id='word_1_271' title='bbox 1997 1270 2116 1323; x_wconf 87' lang='lat' dir='ltr'>tum</span> <span class='ocrx_word' id='word_1_272' title='bbox 2142 1286 2216 1325; x_wconf 93' lang='lat' dir='ltr'>ne</span> <span class='ocrx_word' id='word_1_273' title='bbox 2243 1288 2278 1328; x_wconf 91' lang='lat' dir='ltr'>a</span> <span class='ocrx_word' id='word_1_274' title='bbox 2304 1272 2601 1330; x_wconf 90' lang='lat' dir='ltr'>bellorum</span> <span class='ocrx_word' id='word_1_275' title='bbox 2628 1291 2869 1332; x_wconf 90' lang='lat' dir='ltr'>rumore</span> <span class='ocrx_word' id='word_1_276' title='bbox 2923 1276 3252 1333; x_wconf 88' lang='lat' dir='ltr'>turbentur.</span> <span class='ocrx_word' id='word_1_277' title='bbox 3308 1277 3547 1350; x_wconf 82' lang='lat' dir='ltr'>Duplex</span> <span class='ocrx_word' id='word_1_278' title='bbox 3580 1277 3657 1332; x_wconf 88' lang='lat' dir='ltr'>si-</span> 
     </span>
    </p>
   </div>
   <div class='ocr_carea' id='block_1_42' title="bbox 1997 1359 3659 1434">
    <p class='ocr_par' dir='ltr' id='par_1_42' title="bbox 1997 1359 3659 1434">
     <span class='ocr_line' id='line_1_42' title="bbox 1997 1359 3659 1434; baseline 0.005 -21"><span class='ocrx_word' id='word_1_279' title='bbox 1997 1359 2244 1432; x_wconf 87' lang='lat' dir='ltr'>quidem</span> <span class='ocrx_word' id='word_1_280' title='bbox 2283 1362 2365 1419; x_wconf 90' lang='lat' dir='ltr'>ait</span> <span class='ocrx_word' id='word_1_281' title='bbox 2390 1363 2613 1421; x_wconf 90' lang='lat' dir='ltr'>instare</span> <span class='ocrx_word' id='word_1_282' title='bbox 2644 1364 2888 1434; x_wconf 89' lang='lat' dir='ltr'>bellum,</span> <span class='ocrx_word' id='word_1_283' title='bbox 2916 1369 2972 1421; x_wconf 90' lang='lat' dir='ltr'>et</span> <span class='ocrx_word' id='word_1_284' title='bbox 3015 1382 3051 1422; x_wconf 92' lang='lat' dir='ltr'>a</span> <span class='ocrx_word' id='word_1_285' title='bbox 3079 1366 3510 1432; x_wconf 84' lang='lat' dir='ltr'>seductoribus,</span> <span class='ocrx_word' id='word_1_286' title='bbox 3537 1370 3593 1422; x_wconf 93' lang='lat' dir='ltr'>et</span> <span class='ocrx_word' id='word_1_287' title='bbox 3622 1381 3659 1422; x_wconf 89' lang='lat' dir='ltr'>a</span> 
     </span>
    </p>
   </div>
   <div class='ocr_carea' id='block_1_43' title="bbox 1999 1450 3661 1528">
    <p class='ocr_par' dir='ltr' id='par_1_43' title="bbox 1999 1450 3661 1528">
     <span class='ocr_line' id='line_1_43' title="bbox 1999 1450 3661 1528; baseline 0.002 -20"><span class='ocrx_word' id='word_1_288' title='bbox 1999 1450 2307 1522; x_wconf 80' lang='lat' dir='ltr'>Romanis,</span> <span class='ocrx_word' id='word_1_289' title='bbox 2340 1452 2710 1528; x_wconf 89' lang='lat' dir='ltr'>multamque</span> <span class='ocrx_word' id='word_1_290' title='bbox 2736 1471 2804 1511; x_wconf 88' lang='lat' dir='ltr'>ac</span> <span class='ocrx_word' id='word_1_291' title='bbox 2833 1454 3059 1512; x_wconf 87' lang='lat' dir='ltr'>variam</span> <span class='ocrx_word' id='word_1_292' title='bbox 3080 1456 3572 1519; x_wconf 90' lang='lat' dir='ltr'>commotionem,</span> <span class='ocrx_word' id='word_1_293' title='bbox 3602 1458 3661 1511; x_wconf 91' lang='lat' dir='ltr'>et</span> 
     </span>
    </p>
   </div>
   <div class='ocr_carea' id='block_1_44' title="bbox 1996 1544 2636 1603">
    <p class='ocr_par' dir='ltr' id='par_1_44' title="bbox 1996 1544 2636 1603">
     <span class='ocr_line' id='line_1_44' title="bbox 1996 1544 2636 1603; baseline -0.003 -1"><span class='ocrx_word' id='word_1_294' title='bbox 1996 1546 2243 1603; x_wconf 91' lang='lat' dir='ltr'>interius</span> <span class='ocrx_word' id='word_1_295' title='bbox 2274 1548 2331 1602; x_wconf 91' lang='lat' dir='ltr'>et</span> <span class='ocrx_word' id='word_1_296' title='bbox 2360 1544 2636 1601; x_wconf 87' lang='lat' dir='ltr'>exterius.</span> 
     </span>
    </p>
   </div>
   <div class='ocr_carea' id='block_1_45' title="bbox 2068 1635 3664 1707">
    <p class='ocr_par' dir='ltr' id='par_1_45' title="bbox 2068 1635 3664 1707">
     <span class='ocr_line' id='line_1_45' title="bbox 2068 1635 3664 1707; baseline 0.001 -16"><span class='ocrx_word' id='word_1_297' title='bbox 2068 1638 2228 1691; x_wconf 88' lang='lat' dir='ltr'>Vers.</span> <span class='ocrx_word' id='word_1_298' title='bbox 2265 1642 2316 1691; x_wconf 91' lang='lat'>7.</span> <span class='ocrx_word' id='word_1_299' title='bbox 2338 1636 2638 1707; x_wconf 74' lang='lat' dir='ltr'>Exsurget</span> <span class='ocrx_word' id='word_1_300' title='bbox 2664 1668 2733 1677; x_wconf 89' lang='lat'><strong>—</strong></span> <span class='ocrx_word' id='word_1_301' title='bbox 2760 1650 3031 1707; x_wconf 80' lang='lat' dir='ltr'>regnum.</span> <span class='ocrx_word' id='word_1_302' title='bbox 3083 1636 3297 1693; x_wconf 88' lang='lat' dir='ltr'>Gentes</span> <span class='ocrx_word' id='word_1_303' title='bbox 3347 1635 3523 1692; x_wconf 78' lang='lat' dir='ltr'>sociae</span> <span class='ocrx_word' id='word_1_304' title='bbox 3554 1637 3664 1692; x_wconf 87' lang='lat' dir='ltr'>Ro-</span> 
     </span>
    </p>
   </div>
   <div class='ocr_carea' id='block_1_46' title="bbox 1999 1726 3663 1799">
    <p class='ocr_par' dir='ltr' id='par_1_46' title="bbox 1999 1726 3663 1799">
     <span class='ocr_line' id='line_1_46' title="bbox 1999 1726 3663 1799; baseline 0 -16"><span class='ocrx_word' id='word_1_305' title='bbox 1999 1742 2323 1783; x_wconf 90' lang='lat' dir='ltr'>manorum</span> <span class='ocrx_word' id='word_1_306' title='bbox 2382 1727 2439 1781; x_wconf 90' lang='lat' dir='ltr'>in</span> <span class='ocrx_word' id='word_1_307' title='bbox 2491 1730 2697 1796; x_wconf 87' lang='lat' dir='ltr'>gentes</span> <span class='ocrx_word' id='word_1_308' title='bbox 2736 1727 2953 1783; x_wconf 75' lang='lat' dir='ltr'>Iudaeis</span> <span class='ocrx_word' id='word_1_309' title='bbox 3001 1726 3364 1794; x_wconf 73' lang='lat' dir='ltr'>fmderatas;</span> <span class='ocrx_word' id='word_1_310' title='bbox 3400 1732 3456 1782; x_wconf 90' lang='lat' dir='ltr'>et</span> <span class='ocrx_word' id='word_1_311' title='bbox 3479 1742 3663 1799; x_wconf 84' lang='lat' dir='ltr'>regna.</span> 
     </span>
    </p>
   </div>
   <div class='ocr_carea' id='block_1_47' title="bbox 1999 1816 3663 1886">
    <p class='ocr_par' dir='ltr' id='par_1_47' title="bbox 1999 1816 3663 1886">
     <span class='ocr_line' id='line_1_47' title="bbox 1999 1816 3663 1886; baseline -0.001 -12"><span class='ocrx_word' id='word_1_312' title='bbox 1999 1816 2309 1874; x_wconf 82' lang='lat' dir='ltr'>auxiliaria</span> <span class='ocrx_word' id='word_1_313' title='bbox 2340 1816 2638 1883; x_wconf 84' lang='lat' dir='ltr'>Romanis,</span> <span class='ocrx_word' id='word_1_314' title='bbox 2670 1817 2727 1872; x_wconf 89' lang='lat' dir='ltr'>in</span> <span class='ocrx_word' id='word_1_315' title='bbox 2752 1832 2940 1886; x_wconf 89' lang='lat' dir='ltr'>regna</span> <span class='ocrx_word' id='word_1_316' title='bbox 2984 1816 3296 1873; x_wconf 82' lang='lat' dir='ltr'>auxiliaria</span> <span class='ocrx_word' id='word_1_317' title='bbox 3323 1816 3542 1872; x_wconf 72' lang='lat' dir='ltr'>Juda-is</span> <span class='ocrx_word' id='word_1_318' title='bbox 3569 1832 3583 1883; x_wconf 90' lang='lat'><strong>;</strong></span> <span class='ocrx_word' id='word_1_319' title='bbox 3607 1818 3663 1874; x_wconf 86' lang='lat' dir='ltr'>et</span> 
     </span>
    </p>
   </div>
   <div class='ocr_carea' id='block_1_48' title="bbox 2001 1905 3170 1979">
    <p class='ocr_par' dir='ltr' id='par_1_48' title="bbox 2001 1905 3170 1979">
     <span class='ocr_line' id='line_1_48' title="bbox 2001 1905 3170 1979; baseline 0 -18"><span class='ocrx_word' id='word_1_320' title='bbox 2001 1912 2316 1979; x_wconf 89' lang='lat' dir='ltr'>propterea</span> <span class='ocrx_word' id='word_1_321' title='bbox 2345 1906 2522 1963; x_wconf 86' lang='lat' dir='ltr'>fortia</span> <span class='ocrx_word' id='word_1_322' title='bbox 2548 1909 2720 1963; x_wconf 88' lang='lat' dir='ltr'>erunt</span> <span class='ocrx_word' id='word_1_323' title='bbox 2750 1906 2968 1962; x_wconf 87' lang='lat' dir='ltr'>horum</span> <span class='ocrx_word' id='word_1_324' title='bbox 2994 1905 3170 1962; x_wconf 91' lang='lat' dir='ltr'>bella.</span> 
     </span>
    </p>
   </div>
   <div class='ocr_carea' id='block_1_49' title="bbox 2073 2101 3661 2172">
    <p class='ocr_par' dir='ltr' id='par_1_49' title="bbox 2073 2101 3661 2172">
     <span class='ocr_line' id='line_1_49' title="bbox 2073 2101 3661 2172; baseline 0.001 -14"><span class='ocrx_word' id='word_1_325' title='bbox 2073 2105 2231 2160; x_wconf 89' lang='lat' dir='ltr'>Vers.</span> <span class='ocrx_word' id='word_1_326' title='bbox 2260 2108 2315 2158; x_wconf 87' lang='grc'>7.</span> <span class='ocrx_word' id='word_1_327' title='bbox 2341 2104 2421 2159; x_wconf 90' lang='lat' dir='ltr'>Et</span> <span class='ocrx_word' id='word_1_328' title='bbox 2442 2132 2512 2143; x_wconf 91' lang='lat'>—</span> <span class='ocrx_word' id='word_1_329' title='bbox 2548 2104 2698 2159; x_wconf 81' lang='lat' dir='ltr'>loca.</span> <span class='ocrx_word' id='word_1_330' title='bbox 2740 2105 2859 2159; x_wconf 89' lang='lat' dir='ltr'>Hoc</span> <span class='ocrx_word' id='word_1_331' title='bbox 2904 2106 2991 2159; x_wconf 90' lang='lat' dir='ltr'>est</span> <span class='ocrx_word' id='word_1_332' title='bbox 3036 2101 3286 2172; x_wconf 87' lang='lat' dir='ltr'>singulis</span> <span class='ocrx_word' id='word_1_333' title='bbox 3314 2101 3661 2159; x_wconf 82' lang='lat' dir='ltr'>Judaeorum</span> 
     </span>
    </p>
   </div>
   <div class='ocr_carea' id='block_1_50' title="bbox 2001 2192 3663 2267">
    <p class='ocr_par' dir='ltr' id='par_1_50' title="bbox 2001 2192 3663 2267">
     <span class='ocr_line' id='line_1_50' title="bbox 2001 2192 3663 2267; baseline 0 -17"><span class='ocrx_word' id='word_1_334' title='bbox 2001 2193 2164 2250; x_wconf 92' lang='lat' dir='ltr'>locis.</span> <span class='ocrx_word' id='word_1_335' title='bbox 2192 2193 2369 2267; x_wconf 79' lang='lat' dir='ltr'>Apud</span> <span class='ocrx_word' id='word_1_336' title='bbox 2400 2195 2618 2249; x_wconf 87' lang='lat' dir='ltr'>Lucam</span> <span class='ocrx_word' id='word_1_337' title='bbox 2648 2192 2887 2265; x_wconf 90' lang='lat' dir='ltr'>ponitur</span> <span class='ocrx_word' id='word_1_338' title='bbox 2924 2209 2935 2249; x_wconf 88' lang='lat'><strong>:</strong></span> <span class='ocrx_word' id='word_1_339' title='bbox 2969 2194 3362 2264; x_wconf 85' lang='lat' dir='ltr'>Terroresque</span> <span class='ocrx_word' id='word_1_340' title='bbox 3386 2198 3440 2249; x_wconf 91' lang='lat' dir='ltr'>et</span> <span class='ocrx_word' id='word_1_341' title='bbox 3494 2194 3663 2264; x_wconf 81' lang='lat' dir='ltr'>signa</span> 
     </span>
    </p>
   </div>
   <div class='ocr_carea' id='block_1_51' title="bbox 2002 2281 3662 2356">
    <p class='ocr_par' dir='ltr' id='par_1_51' title="bbox 2002 2281 3662 2356">
     <span class='ocr_line' id='line_1_51' title="bbox 2002 2281 3662 2356; baseline -0.002 -15"><span class='ocrx_word' id='word_1_342' title='bbox 2002 2300 2039 2341; x_wconf 89' lang='lat' dir='ltr'>a</span> <span class='ocrx_word' id='word_1_343' title='bbox 2068 2285 2198 2340; x_wconf 73' lang='lat' dir='ltr'>melo</span> <span class='ocrx_word' id='word_1_344' title='bbox 2229 2298 2444 2355; x_wconf 87' lang='lat' dir='ltr'>magna</span> <span class='ocrx_word' id='word_1_345' title='bbox 2465 2288 2641 2340; x_wconf 85' lang='lat' dir='ltr'>erunt</span> <span class='ocrx_word' id='word_1_346' title='bbox 2672 2285 2742 2354; x_wconf 71' lang='grc'>³9,</span> <span class='ocrx_word' id='word_1_347' title='bbox 2769 2281 3420 2353; x_wconf 70' lang='lat' dir='ltr'>utcognoscantJudeei</span> <span class='ocrx_word' id='word_1_348' title='bbox 3443 2298 3662 2356; x_wconf 69' lang='lat' dir='ltr'>eaquae</span> 
     </span>
    </p>
   </div>
   <div class='ocr_carea' id='block_1_52' title="bbox 2002 2372 3663 2445">
    <p class='ocr_par' dir='ltr' id='par_1_52' title="bbox 2002 2372 3663 2445">
     <span class='ocr_line' id='line_1_52' title="bbox 2002 2372 3663 2445; baseline 0 -16"><span class='ocrx_word' id='word_1_349' title='bbox 2002 2373 2148 2429; x_wconf 89' lang='lat' dir='ltr'>ﬁent</span> <span class='ocrx_word' id='word_1_350' title='bbox 2185 2374 2403 2429; x_wconf 67' lang='lat' dir='ltr'>divinae</span> <span class='ocrx_word' id='word_1_351' title='bbox 2434 2389 2563 2428; x_wconf 89' lang='lat' dir='ltr'>esse</span> <span class='ocrx_word' id='word_1_352' title='bbox 2592 2373 2714 2439; x_wconf 84' lang='lat' dir='ltr'>irae,</span> <span class='ocrx_word' id='word_1_353' title='bbox 2763 2378 2820 2429; x_wconf 91' lang='lat' dir='ltr'>et</span> <span class='ocrx_word' id='word_1_354' title='bbox 2862 2372 3193 2441; x_wconf 89' lang='lat' dir='ltr'>intelligant</span> <span class='ocrx_word' id='word_1_355' title='bbox 3224 2372 3387 2443; x_wconf 91' lang='lat' dir='ltr'>quod</span> <span class='ocrx_word' id='word_1_356' title='bbox 3419 2377 3663 2445; x_wconf 87' lang='lat' dir='ltr'>propter</span> 
     </span>
    </p>
   </div>
   <div class='ocr_carea' id='block_1_53' title="bbox 2006 2460 3409 2535">
    <p class='ocr_par' dir='ltr' id='par_1_53' title="bbox 2006 2460 3409 2535">
     <span class='ocr_line' id='line_1_53' title="bbox 2006 2460 3409 2535; baseline -0.003 -15"><span class='ocrx_word' id='word_1_357' title='bbox 2006 2460 2329 2520; x_wconf 85' lang='lat' dir='ltr'>Salvatoris</span> <span class='ocrx_word' id='word_1_358' title='bbox 2362 2462 2884 2535; x_wconf 86' lang='lat' dir='ltr'>interemptionem</span> <span class='ocrx_word' id='word_1_359' title='bbox 2932 2461 3054 2517; x_wconf 80' lang='lat' dir='ltr'>haec</span> <span class='ocrx_word' id='word_1_360' title='bbox 3084 2460 3409 2533; x_wconf 86' lang='lat' dir='ltr'>patiantur.</span> 
     </span>
    </p>
   </div>
   <div class='ocr_carea' id='block_1_54' title="bbox 2076 2660 3666 2734">
    <p class='ocr_par' dir='ltr' id='par_1_54' title="bbox 2076 2660 3666 2734">
     <span class='ocr_line' id='line_1_54' title="bbox 2076 2660 3666 2734; baseline 0 -16"><span class='ocrx_word' id='word_1_361' title='bbox 2076 2663 2238 2719; x_wconf 84' lang='lat' dir='ltr'>Vers.</span> <span class='ocrx_word' id='word_1_362' title='bbox 2269 2662 2322 2715; x_wconf 91' lang='lat'>8.</span> <span class='ocrx_word' id='word_1_363' title='bbox 2350 2660 2640 2717; x_wconf 84' lang='lat' dir='ltr'>Omnia—</span> <span class='ocrx_word' id='word_1_364' title='bbox 2660 2660 2955 2718; x_wconf 84' lang='lat' dir='ltr'>dolorum.</span> <span class='ocrx_word' id='word_1_365' title='bbox 2982 2660 3346 2734; x_wconf 90' lang='lat' dir='ltr'>Principium</span> <span class='ocrx_word' id='word_1_366' title='bbox 3365 2660 3666 2718; x_wconf 88' lang='lat' dir='ltr'>malorum</span> 
     </span>
    </p>
   </div>
   <div class='ocr_carea' id='block_1_55' title="bbox 2004 2750 3658 2824">
    <p class='ocr_par' dir='ltr' id='par_1_55' title="bbox 2004 2750 3658 2824">
     <span class='ocr_line' id='line_1_55' title="bbox 2004 2750 3658 2824; baseline -0.001 -15"><span class='ocrx_word' id='word_1_367' title='bbox 2004 2757 2062 2810; x_wconf 91' lang='lat' dir='ltr'>et</span> <span class='ocrx_word' id='word_1_368' title='bbox 2092 2751 2422 2824; x_wconf 88' lang='lat' dir='ltr'>primordia</span> <span class='ocrx_word' id='word_1_369' title='bbox 2443 2751 2853 2807; x_wconf 88' lang='lat' dir='ltr'>calamitatum</span> <span class='ocrx_word' id='word_1_370' title='bbox 2884 2767 3020 2823; x_wconf 74' lang='lat' dir='ltr'>quae</span> <span class='ocrx_word' id='word_1_371' title='bbox 3050 2750 3274 2806; x_wconf 80' lang='lat' dir='ltr'>Judaeis</span> <span class='ocrx_word' id='word_1_372' title='bbox 3314 2750 3658 2808; x_wconf 88' lang='lat' dir='ltr'>imminent.</span> 
     </span>
    </p>
   </div>
   <div class='ocr_carea' id='block_1_56' title="bbox 2076 2838 3668 2912">
    <p class='ocr_par' dir='ltr' id='par_1_56' title="bbox 2076 2838 3668 2912">
     <span class='ocr_line' id='line_1_56' title="bbox 2076 2838 3668 2912; baseline 0.001 -17"><span class='ocrx_word' id='word_1_373' title='bbox 2076 2841 2246 2897; x_wconf 84' lang='lat' dir='ltr'>Vers.</span> <span class='ocrx_word' id='word_1_374' title='bbox 2286 2846 2336 2897; x_wconf 92' lang='lat'>9.</span> <span class='ocrx_word' id='word_1_375' title='bbox 2384 2842 2532 2896; x_wconf 81' lang='lat' dir='ltr'>Tunc</span> <span class='ocrx_word' id='word_1_376' title='bbox 2580 2872 2650 2880; x_wconf 94' lang='lat'><strong><em>—</em></strong></span> <span class='ocrx_word' id='word_1_377' title='bbox 2674 2841 3082 2911; x_wconf 78' lang='lat' dir='ltr'>afﬂictionem.</span> <span class='ocrx_word' id='word_1_378' title='bbox 3116 2843 3273 2896; x_wconf 82' lang='lat' dir='ltr'>Tunc</span> <span class='ocrx_word' id='word_1_379' title='bbox 3296 2858 3313 2911; x_wconf 86' lang='lat'><em>;</em></span> <span class='ocrx_word' id='word_1_380' title='bbox 3359 2838 3607 2912; x_wconf 87' lang='lat' dir='ltr'>quando</span> <span class='ocrx_word' id='word_1_381' title='bbox 3639 2841 3668 2898; x_wconf 85' lang='lat'><strong><em>?</em></strong></span> 
     </span>
    </p>
   </div>
   <div class='ocr_carea' id='block_1_57' title="bbox 2005 2930 3668 3003">
    <p class='ocr_par' dir='ltr' id='par_1_57' title="bbox 2005 2930 3668 3003">
     <span class='ocr_line' id='line_1_57' title="bbox 2005 2930 3668 3003; baseline -0.001 -16"><span class='ocrx_word' id='word_1_382' title='bbox 2005 2933 2152 2987; x_wconf 80' lang='lat' dir='ltr'>Ante</span> <span class='ocrx_word' id='word_1_383' title='bbox 2183 2930 2577 2986; x_wconf 85' lang='lat' dir='ltr'>defectionem</span> <span class='ocrx_word' id='word_1_384' title='bbox 2606 2947 2620 2996; x_wconf 88' lang='lat'><strong>;</strong></span> <span class='ocrx_word' id='word_1_385' title='bbox 2644 2946 2786 2986; x_wconf 89' lang='lat' dir='ltr'>nam</span> <span class='ocrx_word' id='word_1_386' title='bbox 2810 2930 3023 2986; x_wconf 90' lang='lat' dir='ltr'>inillud</span> <span class='ocrx_word' id='word_1_387' title='bbox 3046 2934 3288 3003; x_wconf 89' lang='lat' dir='ltr'>tempus</span> <span class='ocrx_word' id='word_1_388' title='bbox 3324 2946 3668 2986; x_wconf 91' lang='lat' dir='ltr'>sermonem</span> 
     </span>
    </p>
   </div>
   <div class='ocr_carea' id='block_1_58' title="bbox 2011 3019 3671 3092">
    <p class='ocr_par' dir='ltr' id='par_1_58' title="bbox 2011 3019 3671 3092">
     <span class='ocr_line' id='line_1_58' title="bbox 2011 3019 3671 3092; baseline -0.001 -14"><span class='ocrx_word' id='word_1_389' title='bbox 2011 3021 2284 3086; x_wconf 82' lang='lat' dir='ltr'>traduxit,</span> <span class='ocrx_word' id='word_1_390' title='bbox 2314 3020 2479 3092; x_wconf 92' lang='lat' dir='ltr'>quod</span> <span class='ocrx_word' id='word_1_391' title='bbox 2510 3026 2565 3075; x_wconf 91' lang='lat' dir='ltr'>et</span> <span class='ocrx_word' id='word_1_392' title='bbox 2594 3019 2781 3075; x_wconf 89' lang='lat' dir='ltr'>Lucas</span> <span class='ocrx_word' id='word_1_393' title='bbox 2826 3019 3180 3090; x_wconf 82' lang='lat' dir='ltr'>signiﬁcavit</span> <span class='ocrx_word' id='word_1_394' title='bbox 3234 3019 3440 3075; x_wconf 88' lang='lat' dir='ltr'>dicens</span> <span class='ocrx_word' id='word_1_395' title='bbox 3478 3036 3490 3075; x_wconf 91' lang='lat'><strong>:</strong></span> <span class='ocrx_word' id='word_1_396' title='bbox 3519 3020 3671 3076; x_wconf 87' lang='lat' dir='ltr'>Ante</span> 
     </span>
    </p>
   </div>
   <div class='ocr_carea' id='block_1_59' title="bbox 2010 3109 3671 3181">
    <p class='ocr_par' dir='ltr' id='par_1_59' title="bbox 2010 3109 3671 3181">
     <span class='ocr_line' id='line_1_59' title="bbox 2010 3109 3671 3181; baseline -0.004 -12"><span class='ocrx_word' id='word_1_397' title='bbox 2010 3113 2134 3169; x_wconf 67' lang='lat' dir='ltr'>haec</span> <span class='ocrx_word' id='word_1_398' title='bbox 2153 3113 2343 3167; x_wconf 76' lang='lat' dir='ltr'>omnia</span> <span class='ocrx_word' id='word_1_399' title='bbox 2362 3109 2629 3179; x_wconf 77' lang='lat' dir='ltr'>injicient</span> <span class='ocrx_word' id='word_1_400' title='bbox 2650 3125 2854 3165; x_wconf 83' lang='lat' dir='ltr'>manus</span> <span class='ocrx_word' id='word_1_401' title='bbox 2878 3126 3013 3165; x_wconf 86' lang='lat' dir='ltr'>suas</span> <span class='ocrx_word' id='word_1_402' title='bbox 3036 3111 3093 3164; x_wconf 77' lang='lat' dir='ltr'>in</span> <span class='ocrx_word' id='word_1_403' title='bbox 3114 3125 3223 3176; x_wconf 86' lang='lat' dir='ltr'>vos,</span> <span class='ocrx_word' id='word_1_404' title='bbox 3254 3115 3311 3166; x_wconf 83' lang='lat' dir='ltr'>et</span> <span class='ocrx_word' id='word_1_405' title='bbox 3328 3124 3671 3181; x_wconf 83' lang='lat' dir='ltr'>persequen-</span> 
     </span>
    </p>
   </div>
   <div class='ocr_carea' id='block_1_60' title="bbox 2012 3199 3672 3272">
    <p class='ocr_par' dir='ltr' id='par_1_60' title="bbox 2012 3199 3672 3272">
     <span class='ocr_line' id='line_1_60' title="bbox 2012 3199 3672 3272; baseline -0.002 -15"><span class='ocrx_word' id='word_1_406' title='bbox 2012 3208 2133 3270; x_wconf 88' lang='lat' dir='ltr'>tur,</span> <span class='ocrx_word' id='word_1_407' title='bbox 2164 3201 2450 3257; x_wconf 80' lang='lat' dir='ltr'>tradentes</span> <span class='ocrx_word' id='word_1_408' title='bbox 2480 3200 2544 3256; x_wconf 81' lang='lat' dir='ltr'>in</span> <span class='ocrx_word' id='word_1_409' title='bbox 2596 3215 2911 3272; x_wconf 85' lang='lat' dir='ltr'>synagogas</span> <span class='ocrx_word' id='word_1_410' title='bbox 2940 3208 2992 3255; x_wconf 83' lang='lat' dir='ltr'>et</span> <span class='ocrx_word' id='word_1_411' title='bbox 3019 3214 3305 3264; x_wconf 87' lang='lat' dir='ltr'>carceres,</span> <span class='ocrx_word' id='word_1_412' title='bbox 3338 3205 3561 3255; x_wconf 77' lang='lat' dir='ltr'>tractos</span> <span class='ocrx_word' id='word_1_413' title='bbox 3590 3199 3672 3254; x_wconf 87' lang='lat' dir='ltr'>ad</span> 
     </span>
    </p>
   </div>
   <div class='ocr_carea' id='block_1_61' title="bbox 282 3275 1906 3364">
    <p class='ocr_par' dir='ltr' id='par_1_61' title="bbox 282 3276 1903 3357">
     <span class='ocr_line' id='line_1_61' title="bbox 282 3276 1903 3357; baseline 0.005 -29"><span class='ocrx_word' id='word_1_414' title='bbox 282 3281 376 3329; x_wconf 80' lang='grc' dir='ltr'>καὶ</span> <span class='ocrx_word' id='word_1_415' title='bbox 436 3276 685 3350; x_wconf 75' lang='grc' dir='ltr'>φυλακὰς,</span> <span class='ocrx_word' id='word_1_416' title='bbox 766 3277 1050 3352; x_wconf 78' lang='grc' dir='ltr'>ἀγομένους</span> <span class='ocrx_word' id='word_1_417' title='bbox 1129 3280 1210 3335; x_wconf 78' lang='grc' dir='ltr'>ἐπὶ</span> <span class='ocrx_word' id='word_1_418' title='bbox 1286 3282 1525 3357; x_wconf 82' lang='grc' dir='ltr'>βασιλεῖς</span> <span class='ocrx_word' id='word_1_419' title='bbox 1612 3289 1703 3336; x_wconf 87' lang='grc' dir='ltr'>καὶ</span> <span class='ocrx_word' id='word_1_420' title='bbox 1777 3285 1903 3356; x_wconf 80' lang='grc' dir='ltr'>ἡγε-</span> 
     </span>
    </p>
   </div>
   <div class='ocr_carea' id='block_1_62' title="bbox 2016 3275 3672 3364">
    <p class='ocr_par' dir='ltr' id='par_1_62' title="bbox 2016 3288 3672 3364">
     <span class='ocr_line' id='line_1_62' title="bbox 2016 3288 3672 3364; baseline -0.004 -15"><span class='ocrx_word' id='word_1_421' title='bbox 2016 3309 2173 3364; x_wconf 85' lang='lat' dir='ltr'>reges</span> <span class='ocrx_word' id='word_1_422' title='bbox 2199 3309 2266 3347; x_wconf 81' lang='lat' dir='ltr'>uc</span> <span class='ocrx_word' id='word_1_423' title='bbox 2295 3290 2816 3363; x_wconf 73' lang='lat' dir='ltr'>praesidespropter</span> <span class='ocrx_word' id='word_1_424' title='bbox 2829 3305 3039 3346; x_wconf 87' lang='lat' dir='ltr'>nomen</span> <span class='ocrx_word' id='word_1_425' title='bbox 3065 3305 3254 3346; x_wconf 86' lang='lat' dir='ltr'>meum</span> <span class='ocrx_word' id='word_1_426' title='bbox 3282 3289 3350 3343; x_wconf 74' lang='lat'>‘0.</span> <span class='ocrx_word' id='word_1_427' title='bbox 3375 3288 3672 3344; x_wconf 88' lang='lat' dir='ltr'>Plurimas</span> 
     </span>
    </p>
   </div>
   <div class='ocr_carea' id='block_1_63' title="bbox 282 3370 1902 3448">
    <p class='ocr_par' dir='ltr' id='par_1_63' title="bbox 282 3370 1902 3448">
     <span class='ocr_line' id='line_1_63' title="bbox 282 3370 1902 3448; baseline 0.006 -30"><span class='ocrx_word' id='word_1_428' title='bbox 282 3374 470 3440; x_wconf 74' lang='grc' dir='ltr'>μόνας,</span> <span class='ocrx_word' id='word_1_429' title='bbox 530 3370 690 3422; x_wconf 81' lang='grc' dir='ltr'>ἕνεκεν</span> <span class='ocrx_word' id='word_1_430' title='bbox 746 3378 839 3423; x_wconf 86' lang='grc' dir='ltr'>τοῦ</span> <span class='ocrx_word' id='word_1_431' title='bbox 900 3370 1148 3444; x_wconf 85' lang='grc' dir='ltr'>ὀνόματός</span> <span class='ocrx_word' id='word_1_432' title='bbox 1204 3393 1332 3446; x_wconf 87' lang='grc' dir='ltr'>μου.</span> <span class='ocrx_word' id='word_1_433' title='bbox 1398 3374 1570 3427; x_wconf 74' lang='grc' dir='ltr'>Πολλὰ</span> <span class='ocrx_word' id='word_1_434' title='bbox 1627 3377 1727 3448; x_wconf 80' lang='grc' dir='ltr'>γὰρ</span> <span class='ocrx_word' id='word_1_435' title='bbox 1786 3379 1902 3428; x_wconf 86' lang='grc' dir='ltr'>τότε</span> 
     </span>
    </p>
   </div>
   <div class='ocr_carea' id='block_1_64' title="bbox 285 3453 1903 3536">
    <p class='ocr_par' dir='ltr' id='par_1_64' title="bbox 285 3453 1903 3536">
     <span class='ocr_line' id='line_1_64' title="bbox 285 3453 1903 3536; baseline 0.006 -27"><span class='ocrx_word' id='word_1_436' title='bbox 285 3453 452 3521; x_wconf 78' lang='grc' dir='ltr'>δεινὰ,</span> <span class='ocrx_word' id='word_1_437' title='bbox 508 3461 639 3530; x_wconf 80' lang='grc' dir='ltr'>μετὰ</span> <span class='ocrx_word' id='word_1_438' title='bbox 694 3463 788 3519; x_wconf 81' lang='grc' dir='ltr'>τὴν</span> <span class='ocrx_word' id='word_1_439' title='bbox 837 3466 929 3513; x_wconf 86' lang='grc' dir='ltr'>τοῦ</span> <span class='ocrx_word' id='word_1_440' title='bbox 985 3469 1217 3535; x_wconf 81' lang='grc' dir='ltr'>Σωτῆρος</span> <span class='ocrx_word' id='word_1_441' title='bbox 1262 3462 1540 3536; x_wconf 70' lang='grc' dir='ltr'>ἀνάληψιν,</span> <span class='ocrx_word' id='word_1_442' title='bbox 1574 3466 1623 3517; x_wconf 84' lang='grc' dir='ltr'>οἱ</span> <span class='ocrx_word' id='word_1_443' title='bbox 1651 3461 1903 3518; x_wconf 75' lang='grc' dir='ltr'>Ἰουδαῖοι</span> 
     </span>
    </p>
   </div>
   <div class='ocr_carea' id='block_1_65' title="bbox 285 3545 1904 3630">
    <p class='ocr_par' dir='ltr' id='par_1_65' title="bbox 285 3545 1904 3630">
     <span class='ocr_line' id='line_1_65' title="bbox 285 3545 1904 3630; baseline 0.004 -31"><span class='ocrx_word' id='word_1_444' title='bbox 285 3554 393 3608; x_wconf 85' lang='grc' dir='ltr'>τοῖς</span> <span class='ocrx_word' id='word_1_445' title='bbox 453 3545 761 3611; x_wconf 80' lang='grc' dir='ltr'>ἀποστόλοις</span> <span class='ocrx_word' id='word_1_446' title='bbox 820 3548 1102 3624; x_wconf 76' lang='grc' dir='ltr'>ἐπήγαγονο</span> <span class='ocrx_word' id='word_1_447' title='bbox 1158 3557 1281 3606; x_wconf 72' lang='grc' dir='ltr'>ποτε</span> <span class='ocrx_word' id='word_1_448' title='bbox 1345 3558 1435 3627; x_wconf 70' lang='grc' dir='ltr'>μὲν</span> <span class='ocrx_word' id='word_1_449' title='bbox 1492 3562 1595 3617; x_wconf 88' lang='grc' dir='ltr'>τοῖς</span> <span class='ocrx_word' id='word_1_450' title='bbox 1646 3554 1904 3630; x_wconf 82' lang='grc' dir='ltr'>ἀρχισυν-</span> 
     </span>
    </p>
   </div>
   <div class='ocr_carea' id='block_1_66' title="bbox 287 3635 1904 3718">
    <p class='ocr_par' dir='ltr' id='par_1_66' title="bbox 287 3635 1904 3718">
     <span class='ocr_line' id='line_1_66' title="bbox 287 3635 1904 3718; baseline 0.005 -30"><span class='ocrx_word' id='word_1_451' title='bbox 287 3642 519 3709; x_wconf 80' lang='grc' dir='ltr'>αγώγοις</span> <span class='ocrx_word' id='word_1_452' title='bbox 555 3635 938 3713; x_wconf 76' lang='grc' dir='ltr'>παραδιδόντες</span> <span class='ocrx_word' id='word_1_453' title='bbox 979 3641 1050 3704; x_wconf 88' lang='grc' dir='ltr'>εἰς</span> <span class='ocrx_word' id='word_1_454' title='bbox 1092 3643 1345 3711; x_wconf 87' lang='grc' dir='ltr'>κάκωσιν,</span> <span class='ocrx_word' id='word_1_455' title='bbox 1390 3648 1509 3697; x_wconf 75' lang='grc' dir='ltr'>ποτε</span> <span class='ocrx_word' id='word_1_456' title='bbox 1543 3642 1601 3698; x_wconf 67' lang='grc' dir='ltr'>δὲ</span> <span class='ocrx_word' id='word_1_457' title='bbox 1627 3643 1712 3697; x_wconf 83' lang='grc' dir='ltr'>ἐπὶ</span> <span class='ocrx_word' id='word_1_458' title='bbox 1745 3644 1904 3718; x_wconf 81' lang='grc' dir='ltr'>βασι-</span> 
     </span>
    </p>
   </div>
   <div class='ocr_carea' id='block_1_67' title="bbox 284 3727 1902 3809">
    <p class='ocr_par' dir='ltr' id='par_1_67' title="bbox 284 3727 1902 3809">
     <span class='ocr_line' id='line_1_67' title="bbox 284 3727 1902 3809; baseline 0.005 -30"><span class='ocrx_word' id='word_1_459' title='bbox 284 3727 396 3789; x_wconf 84' lang='grc' dir='ltr'>λεῖς</span> <span class='ocrx_word' id='word_1_460' title='bbox 492 3729 715 3800; x_wconf 75' lang='grc' dir='ltr'>ἄγοντες,</span> <span class='ocrx_word' id='word_1_461' title='bbox 805 3730 910 3783; x_wconf 82' lang='grc' dir='ltr'>οἷον</span> <span class='ocrx_word' id='word_1_462' title='bbox 990 3730 1076 3785; x_wconf 85' lang='grc' dir='ltr'>ἐπὶ</span> <span class='ocrx_word' id='word_1_463' title='bbox 1174 3730 1412 3808; x_wconf 78' lang='grc' dir='ltr'>Ἡρώδην</span> <span class='ocrx_word' id='word_1_464' title='bbox 1462 3739 1551 3788; x_wconf 80' lang='grc' dir='ltr'>καὶ</span> <span class='ocrx_word' id='word_1_465' title='bbox 1609 3734 1902 3809; x_wconf 88' lang='grc' dir='ltr'>Ἀγρίππαν</span> 
     </span>
    </p>
   </div>
   <div class='ocr_carea' id='block_1_68' title="bbox 294 3815 1907 3899">
    <p class='ocr_par' dir='ltr' id='par_1_68' title="bbox 294 3815 1907 3899">
     <span class='ocr_line' id='line_1_68' title="bbox 294 3815 1907 3899; baseline 0.007 -32"><span class='ocrx_word' id='word_1_466' title='bbox 294 3815 416 3891; x_wconf 85' lang='grc' dir='ltr'>[καὶ</span> <span class='ocrx_word' id='word_1_467' title='bbox 468 3818 577 3890; x_wconf 80' lang='grc'>(19)</span> <span class='ocrx_word' id='word_1_468' title='bbox 629 3823 751 3880; x_wconf 82' lang='grc' dir='ltr'>τούς</span> <span class='ocrx_word' id='word_1_469' title='bbox 798 3821 1140 3896; x_wconf 86' lang='grc' dir='ltr'>τοιουτους,]</span> <span class='ocrx_word' id='word_1_470' title='bbox 1189 3828 1278 3875; x_wconf 84' lang='grc' dir='ltr'>καὶ</span> <span class='ocrx_word' id='word_1_471' title='bbox 1330 3822 1413 3877; x_wconf 84' lang='grc' dir='ltr'>ἐπὶ</span> <span class='ocrx_word' id='word_1_472' title='bbox 1470 3829 1589 3888; x_wconf 81' lang='grc' dir='ltr'>τούς</span> <span class='ocrx_word' id='word_1_473' title='bbox 1648 3827 1907 3899; x_wconf 77' lang='grc' dir='ltr'>ἡγεμόνας</span> 
     </span>
    </p>
   </div>
   <div class='ocr_carea' id='block_1_69' title="bbox 291 3912 1907 3983">
    <p class='ocr_par' dir='ltr' id='par_1_69' title="bbox 291 3912 1907 3983">
     <span class='ocr_line' id='line_1_69' title="bbox 291 3912 1907 3983; baseline 0.006 -25"><span class='ocrx_word' id='word_1_474' title='bbox 291 3912 384 3960; x_wconf 78' lang='grc' dir='ltr'>καὶ</span> <span class='ocrx_word' id='word_1_475' title='bbox 474 3912 802 3983; x_wconf 79' lang='grc' dir='ltr'>στρατηγοὺς</span> <span class='ocrx_word' id='word_1_476' title='bbox 857 3919 956 3963; x_wconf 88' lang='grc' dir='ltr'>τῶν</span> <span class='ocrx_word' id='word_1_477' title='bbox 1000 3912 1213 3982; x_wconf 84' lang='grc' dir='ltr'>πόλεων,</span> <span class='ocrx_word' id='word_1_478' title='bbox 1259 3918 1349 3967; x_wconf 88' lang='grc' dir='ltr'>καὶ</span> <span class='ocrx_word' id='word_1_479' title='bbox 1404 3918 1525 3975; x_wconf 79' lang='grc' dir='ltr'>τούς</span> <span class='ocrx_word' id='word_1_480' title='bbox 1580 3913 1907 3978; x_wconf 81' lang='grc' dir='ltr'>ἀνθυπάτους</span> 
     </span>
    </p>
   </div>
   <div class='ocr_carea' id='block_1_70' title="bbox 289 3996 1907 4075">
    <p class='ocr_par' dir='ltr' id='par_1_70' title="bbox 289 3996 1907 4075">
     <span class='ocr_line' id='line_1_70' title="bbox 289 3996 1907 4075; baseline 0.006 -26"><span class='ocrx_word' id='word_1_481' title='bbox 289 3996 386 4049; x_wconf 80' lang='grc' dir='ltr'>καὶ</span> <span class='ocrx_word' id='word_1_482' title='bbox 460 3997 810 4071; x_wconf 79' lang='grc' dir='ltr'>πολιτάρχας,</span> <span class='ocrx_word' id='word_1_483' title='bbox 872 4002 938 4063; x_wconf 87' lang='grc' dir='ltr'>ὡς</span> <span class='ocrx_word' id='word_1_484' title='bbox 1019 4003 1049 4060; x_wconf 83' lang='grc' dir='ltr'><strong>ἠ</strong></span> <span class='ocrx_word' id='word_1_485' title='bbox 1133 4000 1317 4075; x_wconf 80' lang='grc' dir='ltr'>βίϐλος</span> <span class='ocrx_word' id='word_1_486' title='bbox 1384 4012 1482 4057; x_wconf 82' lang='grc' dir='ltr'>τῶν</span> <span class='ocrx_word' id='word_1_487' title='bbox 1550 4003 1907 4058; x_wconf 77' lang='grc' dir='ltr'>ἀποστολικῶν</span> 
     </span>
    </p>
   </div>
   <div class='ocr_carea' id='block_1_71' title="bbox 292 4086 783 4163">
    <p class='ocr_par' dir='ltr' id='par_1_71' title="bbox 292 4086 783 4163">
     <span class='ocr_line' id='line_1_71' title="bbox 292 4086 783 4163; baseline 0.008 -24"><span class='ocrx_word' id='word_1_488' title='bbox 292 4086 538 4162; x_wconf 86' lang='grc' dir='ltr'>Πράξεων</span> <span class='ocrx_word' id='word_1_489' title='bbox 568 4089 783 4163; x_wconf 86' lang='grc' dir='ltr'>ἱστορεῖ.</span> 
     </span>
    </p>
   </div>
   <div class='ocr_carea' id='block_1_72' title="bbox 368 4185 1908 4269">
    <p class='ocr_par' dir='ltr' id='par_1_72' title="bbox 368 4185 1908 4269">
     <span class='ocr_line' id='line_1_72' title="bbox 368 4185 1908 4269; baseline 0.006 -30"><span class='ocrx_word' id='word_1_490' title='bbox 368 4191 471 4240; x_wconf 77' lang='grc' dir='ltr'>Καὶ</span> <span class='ocrx_word' id='word_1_491' title='bbox 561 4185 931 4240; x_wconf 80' lang='grc' dir='ltr'>ἀποκτενοῦσιν</span> <span class='ocrx_word' id='word_1_492' title='bbox 1043 4191 1194 4263; x_wconf 79' lang='grc' dir='ltr'>ὑμᾶς.</span> <span class='ocrx_word' id='word_1_493' title='bbox 1304 4198 1468 4245; x_wconf 85' lang='grc' dir='ltr'>Τοῦτο</span> <span class='ocrx_word' id='word_1_494' title='bbox 1542 4192 1678 4267; x_wconf 84' lang='grc' dir='ltr'>λέγει</span> <span class='ocrx_word' id='word_1_495' title='bbox 1778 4198 1908 4269; x_wconf 90' lang='grc' dir='ltr'>πρός</span> 
     </span>
    </p>
   </div>
   <div class='ocr_carea' id='block_1_73' title="bbox 290 4275 1907 4353">
    <p class='ocr_par' dir='ltr' id='par_1_73' title="bbox 290 4275 1907 4353">
     <span class='ocr_line' id='line_1_73' title="bbox 290 4275 1907 4353; baseline 0.004 -25"><span class='ocrx_word' id='word_1_496' title='bbox 290 4280 488 4346; x_wconf 82' lang='grc' dir='ltr'>μόνους</span> <span class='ocrx_word' id='word_1_497' title='bbox 550 4280 673 4340; x_wconf 83' lang='grc' dir='ltr'>τούς</span> <span class='ocrx_word' id='word_1_498' title='bbox 766 4275 1097 4348; x_wconf 78' lang='grc' dir='ltr'>ἀναιρεθῆναι</span> <span class='ocrx_word' id='word_1_499' title='bbox 1170 4280 1441 4353; x_wconf 82' lang='grc' dir='ltr'>μέλλοντας</span> <span class='ocrx_word' id='word_1_500' title='bbox 1501 4279 1595 4337; x_wconf 82' lang='grc' dir='ltr'>διὰ</span> <span class='ocrx_word' id='word_1_501' title='bbox 1652 4292 1746 4346; x_wconf 82' lang='grc' dir='ltr'>τῆς</span> <span class='ocrx_word' id='word_1_502' title='bbox 1810 4291 1907 4335; x_wconf 87' lang='grc' dir='ltr'>τῶν</span> 
     </span>
    </p>
   </div>
   <div class='ocr_carea' id='block_1_74' title="bbox 293 4361 1908 4447">
    <p class='ocr_par' dir='ltr' id='par_1_74' title="bbox 293 4361 1908 4447">
     <span class='ocr_line' id='line_1_74' title="bbox 293 4361 1908 4447; baseline 0.005 -29"><span class='ocrx_word' id='word_1_503' title='bbox 293 4361 570 4418; x_wconf 78' lang='grc' dir='ltr'>Ἰουδαίων</span> <span class='ocrx_word' id='word_1_504' title='bbox 636 4373 1053 4443; x_wconf 81' lang='grc' dir='ltr'>κακεντρεχείας,</span> <span class='ocrx_word' id='word_1_505' title='bbox 1115 4367 1223 4433; x_wconf 83' lang='grc' dir='ltr'>οἷος</span> <span class='ocrx_word' id='word_1_506' title='bbox 1321 4369 1381 4431; x_wconf 75' lang='grc' dir='ltr'>ἦν</span> <span class='ocrx_word' id='word_1_507' title='bbox 1480 4377 1731 4447; x_wconf 74' lang='grc' dir='ltr'>Στέφανος</span> <span class='ocrx_word' id='word_1_508' title='bbox 1820 4378 1908 4426; x_wconf 89' lang='grc' dir='ltr'>καὶ</span> 
     </span>
    </p>
   </div>
   <div class='ocr_carea' id='block_1_75' title="bbox 291 4453 1679 4539">
    <p class='ocr_par' dir='ltr' id='par_1_75' title="bbox 291 4453 1679 4539">
     <span class='ocr_line' id='line_1_75' title="bbox 291 4453 1679 4539; baseline 0.006 -30"><span class='ocrx_word' id='word_1_509' title='bbox 291 4453 565 4525; x_wconf 82' lang='grc' dir='ltr'>Ἰάκωϐος,</span> <span class='ocrx_word' id='word_1_510' title='bbox 599 4456 624 4508; x_wconf 89' lang='grc' dir='ltr'>ό</span> <span class='ocrx_word' id='word_1_511' title='bbox 656 4454 879 4530; x_wconf 73' lang='grc' dir='ltr'>ἀδελφὸς</span> <span class='ocrx_word' id='word_1_512' title='bbox 910 4458 1168 4525; x_wconf 88' lang='grc' dir='ltr'>Ἰωάννου,</span> <span class='ocrx_word' id='word_1_513' title='bbox 1202 4466 1292 4513; x_wconf 81' lang='grc' dir='ltr'>καὶ</span> <span class='ocrx_word' id='word_1_514' title='bbox 1318 4465 1361 4515; x_wconf 82' lang='grc' dir='ltr'>εἴ</span> <span class='ocrx_word' id='word_1_515' title='bbox 1389 4483 1470 4525; x_wconf 85' lang='grc' dir='ltr'>τις</span> <span class='ocrx_word' id='word_1_516' title='bbox 1491 4464 1679 4539; x_wconf 81' lang='grc' dir='ltr'>ἕτερος.</span> 
     </span>
    </p>
   </div>
   <div class='ocr_carea' id='block_1_76' title="bbox 367 4546 1986 4625">
    <p class='ocr_par' dir='ltr' id='par_1_76' title="bbox 367 4546 1986 4625">
     <span class='ocr_line' id='line_1_76' title="bbox 367 4546 1986 4625; baseline 0.004 -25"><span class='ocrx_word' id='word_1_517' title='bbox 367 4552 471 4600; x_wconf 79' lang='grc' dir='ltr'>Καὶ</span> <span class='ocrx_word' id='word_1_518' title='bbox 528 4576 599 4587; x_wconf 91' lang='lat'>——</span> <span class='ocrx_word' id='word_1_519' title='bbox 658 4566 778 4619; x_wconf 89' lang='grc' dir='ltr'>μου.</span> <span class='ocrx_word' id='word_1_520' title='bbox 851 4546 972 4603; x_wconf 82' lang='grc' dir='ltr'>Ὑπό</span> <span class='ocrx_word' id='word_1_521' title='bbox 1038 4554 1241 4622; x_wconf 86' lang='grc' dir='ltr'>γονέων,</span> <span class='ocrx_word' id='word_1_522' title='bbox 1303 4552 1403 4605; x_wconf 88' lang='grc' dir='ltr'>ύπὸ</span> <span class='ocrx_word' id='word_1_523' title='bbox 1465 4562 1748 4625; x_wconf 84' lang='grc' dir='ltr'>συγγενῶν,</span> <span class='ocrx_word' id='word_1_524' title='bbox 1808 4554 1907 4606; x_wconf 79' lang='grc' dir='ltr'>ὑπὸ</span> <span class='ocrx_word' id='word_1_525' title='bbox 1982 4552 1986 4558; x_wconf 75' lang='grc'><em>’</em></span> 
     </span>
    </p>
   </div>
   <div class='ocr_carea' id='block_1_77' title="bbox 290 4632 1987 4713">
    <p class='ocr_par' dir='ltr' id='par_1_77' title="bbox 290 4632 1987 4713">
     <span class='ocr_line' id='line_1_77' title="bbox 290 4632 1987 4713; baseline 0.005 -27"><span class='ocrx_word' id='word_1_526' title='bbox 290 4634 474 4708; x_wconf 66' lang='grc' dir='ltr'>φίλων,</span> <span class='ocrx_word' id='word_1_527' title='bbox 534 4636 633 4688; x_wconf 78' lang='grc' dir='ltr'>ὑπὸ</span> <span class='ocrx_word' id='word_1_528' title='bbox 724 4637 1013 4710; x_wconf 77' lang='grc' dir='ltr'>ὁμοφύλων,</span> <span class='ocrx_word' id='word_1_529' title='bbox 1095 4641 1195 4691; x_wconf 83' lang='grc' dir='ltr'>ὑπὸ</span> <span class='ocrx_word' id='word_1_530' title='bbox 1279 4641 1498 4713; x_wconf 79' lang='grc' dir='ltr'>οἰκείων,</span> <span class='ocrx_word' id='word_1_531' title='bbox 1582 4645 1681 4696; x_wconf 85' lang='grc' dir='ltr'>ύπό</span> <span class='ocrx_word' id='word_1_532' title='bbox 1738 4643 1902 4706; x_wconf 81' lang='grc' dir='ltr'>ξένων,</span> <span class='ocrx_word' id='word_1_533' title='bbox 1942 4632 1987 4689; x_wconf 78' lang='lat' dir='ltr'><strong>D</strong></span> 
     </span>
    </p>
   </div>
   <div class='ocr_carea' id='block_1_78' title="bbox 292 4724 1908 4802">
    <p class='ocr_par' dir='ltr' id='par_1_78' title="bbox 292 4724 1908 4802">
     <span class='ocr_line' id='line_1_78' title="bbox 292 4724 1908 4802; baseline 0.004 -25"><span class='ocrx_word' id='word_1_534' title='bbox 292 4728 395 4778; x_wconf 72' lang='grc' dir='ltr'>ύπό</span> <span class='ocrx_word' id='word_1_535' title='bbox 447 4724 739 4799; x_wconf 78' lang='grc' dir='ltr'>ἀρχόντων,</span> <span class='ocrx_word' id='word_1_536' title='bbox 797 4730 897 4781; x_wconf 85' lang='grc' dir='ltr'>ύπό</span> <span class='ocrx_word' id='word_1_537' title='bbox 949 4727 1272 4802; x_wconf 81' lang='grc' dir='ltr'>ἀρχομένων,</span> <span class='ocrx_word' id='word_1_538' title='bbox 1346 4737 1434 4784; x_wconf 81' lang='grc' dir='ltr'>καὶ</span> <span class='ocrx_word' id='word_1_539' title='bbox 1500 4733 1674 4795; x_wconf 77' lang='grc' dir='ltr'>ἁπλῶς</span> <span class='ocrx_word' id='word_1_540' title='bbox 1732 4736 1908 4802; x_wconf 77' lang='grc' dir='ltr'>εἰπεῖν,</span> 
     </span>
    </p>
   </div>
   <div class='ocr_carea' id='block_1_79' title="bbox 294 4815 1909 4897">
    <p class='ocr_par' dir='ltr' id='par_1_79' title="bbox 294 4815 1909 4897">
     <span class='ocr_line' id='line_1_79' title="bbox 294 4815 1909 4897; baseline 0.005 -30"><span class='ocrx_word' id='word_1_541' title='bbox 294 4816 398 4867; x_wconf 70' lang='grc' dir='ltr'>ὑπὸ</span> <span class='ocrx_word' id='word_1_542' title='bbox 444 4816 653 4868; x_wconf 80' lang='grc' dir='ltr'>πάντων</span> <span class='ocrx_word' id='word_1_543' title='bbox 710 4825 810 4869; x_wconf 86' lang='grc' dir='ltr'>τῶν</span> <span class='ocrx_word' id='word_1_544' title='bbox 871 4815 1148 4892; x_wconf 78' lang='grc' dir='ltr'>ἀλλοτρίων</span> <span class='ocrx_word' id='word_1_545' title='bbox 1207 4828 1299 4872; x_wconf 88' lang='grc' dir='ltr'>τοῦ</span> <span class='ocrx_word' id='word_1_546' title='bbox 1345 4825 1695 4895; x_wconf 77' lang='grc' dir='ltr'>κηρύγματος.</span> <span class='ocrx_word' id='word_1_547' title='bbox 1732 4831 1909 4897; x_wconf 87' lang='grc' dir='ltr'>ΙΙροει-</span> 
     </span>
    </p>
   </div>
   <div class='ocr_carea' id='block_1_80' title="bbox 296 4901 1913 4983">
    <p class='ocr_par' dir='ltr' id='par_1_80' title="bbox 296 4901 1913 4983">
     <span class='ocr_line' id='line_1_80' title="bbox 296 4901 1913 4983; baseline 0.006 -27"><span class='ocrx_word' id='word_1_548' title='bbox 296 4910 406 4957; x_wconf 75' lang='grc' dir='ltr'>πων</span> <span class='ocrx_word' id='word_1_549' title='bbox 437 4901 499 4957; x_wconf 70' lang='grc' dir='ltr'>δὲ</span> <span class='ocrx_word' id='word_1_550' title='bbox 561 4908 627 4959; x_wconf 81' lang='grc' dir='ltr'>τὰ</span> <span class='ocrx_word' id='word_1_551' title='bbox 680 4908 988 4983; x_wconf 81' lang='grc' dir='ltr'>σκυθρωπὰ,</span> <span class='ocrx_word' id='word_1_552' title='bbox 1049 4907 1225 4962; x_wconf 86' lang='grc' dir='ltr'>λοιπόν</span> <span class='ocrx_word' id='word_1_553' title='bbox 1258 4908 1486 4983; x_wconf 85' lang='grc' dir='ltr'>ἐπήγαγε</span> <span class='ocrx_word' id='word_1_554' title='bbox 1538 4918 1626 4964; x_wconf 76' lang='grc' dir='ltr'>καὶ</span> <span class='ocrx_word' id='word_1_555' title='bbox 1669 4917 1762 4971; x_wconf 86' lang='grc' dir='ltr'>τὴν</span> <span class='ocrx_word' id='word_1_556' title='bbox 1811 4933 1913 4966; x_wconf 82' lang='grc' dir='ltr'>πα-</span> 
     </span>
    </p>
   </div>
   <div class='ocr_carea' id='block_1_81' title="bbox 296 4996 1913 5076">
    <p class='ocr_par' dir='ltr' id='par_1_81' title="bbox 296 4996 1913 5076">
     <span class='ocr_line' id='line_1_81' title="bbox 296 4996 1913 5076; baseline 0.007 -31"><span class='ocrx_word' id='word_1_557' title='bbox 296 4997 586 5067; x_wconf 83' lang='grc' dir='ltr'>ραμυθίαν,</span> <span class='ocrx_word' id='word_1_558' title='bbox 622 4997 699 5049; x_wconf 83' lang='grc' dir='ltr'>ὅτι</span> <span class='ocrx_word' id='word_1_559' title='bbox 751 4998 826 5049; x_wconf 85' lang='grc' dir='ltr'>Δι’</span> <span class='ocrx_word' id='word_1_560' title='bbox 884 4996 990 5070; x_wconf 73' lang='grc' dir='ltr'>ἐμέ.</span> <span class='ocrx_word' id='word_1_561' title='bbox 1046 5005 1211 5053; x_wconf 87' lang='grc' dir='ltr'>Τοῦτο</span> <span class='ocrx_word' id='word_1_562' title='bbox 1268 5003 1369 5076; x_wconf 80' lang='grc' dir='ltr'>γὰρ</span> <span class='ocrx_word' id='word_1_563' title='bbox 1402 4999 1557 5060; x_wconf 77' lang='grc' dir='ltr'>δηλοῖ</span> <span class='ocrx_word' id='word_1_564' title='bbox 1604 5006 1661 5055; x_wconf 87' lang='grc' dir='ltr'>τὸ</span> <span class='ocrx_word' id='word_1_565' title='bbox 1721 4999 1815 5056; x_wconf 74' lang='grc' dir='ltr'>διὰ</span> <span class='ocrx_word' id='word_1_566' title='bbox 1857 5008 1913 5057; x_wconf 83' lang='grc' dir='ltr'>τὸ</span> 
     </span>
    </p>
   </div>
   <div class='ocr_carea' id='block_1_82' title="bbox 299 5088 1914 5166">
    <p class='ocr_par' dir='ltr' id='par_1_82' title="bbox 299 5088 1914 5166">
     <span class='ocr_line' id='line_1_82' title="bbox 299 5088 1914 5166; baseline 0.007 -30"><span class='ocrx_word' id='word_1_567' title='bbox 299 5088 465 5159; x_wconf 77' lang='grc' dir='ltr'>ὄνομά</span> <span class='ocrx_word' id='word_1_568' title='bbox 557 5105 680 5159; x_wconf 87' lang='grc' dir='ltr'>μου.</span> <span class='ocrx_word' id='word_1_569' title='bbox 742 5091 846 5141; x_wconf 81' lang='grc' dir='ltr'>Καὶ</span> <span class='ocrx_word' id='word_1_570' title='bbox 896 5091 1048 5150; x_wconf 81' lang='grc' dir='ltr'>ὅντως</span> <span class='ocrx_word' id='word_1_571' title='bbox 1125 5090 1325 5162; x_wconf 81' lang='grc' dir='ltr'>μεγάλη</span> <span class='ocrx_word' id='word_1_572' title='bbox 1380 5099 1490 5155; x_wconf 87' lang='grc' dir='ltr'>τοῖς</span> <span class='ocrx_word' id='word_1_573' title='bbox 1545 5095 1806 5166; x_wconf 84' lang='grc' dir='ltr'>μαθηταῖς</span> <span class='ocrx_word' id='word_1_574' title='bbox 1854 5091 1914 5154; x_wconf 80' lang='grc' dir='ltr'>ἦν</span> 
     </span>
    </p>
   </div>
   <div class='ocr_carea' id='block_1_83' title="bbox 295 5174 1272 5253">
    <p class='ocr_par' dir='ltr' id='par_1_83' title="bbox 295 5174 1272 5253">
     <span class='ocr_line' id='line_1_83' title="bbox 295 5174 1272 5253; baseline 0.008 -25"><span class='ocrx_word' id='word_1_575' title='bbox 295 5177 613 5251; x_wconf 81' lang='grc' dir='ltr'>παραμυθία</span> <span class='ocrx_word' id='word_1_576' title='bbox 640 5180 698 5231; x_wconf 88' lang='grc' dir='ltr'>τὸ</span> <span class='ocrx_word' id='word_1_577' title='bbox 728 5179 960 5253; x_wconf 79' lang='grc' dir='ltr'>πάσχειν</span> <span class='ocrx_word' id='word_1_578' title='bbox 991 5174 1027 5232; x_wconf 80' lang='grc' dir='ltr'><em>δ</em></span> <span class='ocrx_word' id='word_1_579' title='bbox 1033 5177 1068 5233; x_wconf 88' lang='grc' dir='ltr'>ι’</span> <span class='ocrx_word' id='word_1_580' title='bbox 1096 5177 1272 5237; x_wconf 75' lang='grc' dir='ltr'>αὐτὸν.</span> 
     </span>
    </p>
   </div>
   <div class='ocr_carea' id='block_1_84' title="bbox 369 5354 1297 5423">
    <p class='ocr_par' dir='ltr' id='par_1_84' title="bbox 369 5354 1297 5423">
     <span class='ocr_line' id='line_1_84' title="bbox 369 5354 1297 5423; baseline 0.002 -10"><span class='ocrx_word' id='word_1_581' title='bbox 369 5354 416 5391; x_wconf 74' lang='grc'><strong><em>³⁸</em></strong></span> <span class='ocrx_word' id='word_1_582' title='bbox 448 5354 588 5413; x_wconf 85' lang='lat' dir='ltr'>Luc.</span> <span class='ocrx_word' id='word_1_583' title='bbox 618 5371 741 5423; x_wconf 75' lang='lat' dir='ltr'>xxx,</span> <span class='ocrx_word' id='word_1_584' title='bbox 778 5359 867 5412; x_wconf 80' lang='grc'>11.</span> <span class='ocrx_word' id='word_1_585' title='bbox 944 5354 993 5394; x_wconf 79' lang='grc' dir='ltr'>⁴ο</span> <span class='ocrx_word' id='word_1_586' title='bbox 1022 5354 1172 5415; x_wconf 90' lang='lat' dir='ltr'>Ibid.</span> <span class='ocrx_word' id='word_1_587' title='bbox 1210 5360 1297 5415; x_wconf 83' lang='grc'>12.</span> 
     </span>
    </p>
   </div>
   <div class='ocr_carea' id='block_1_85' title="bbox 2012 3379 3671 3452">
    <p class='ocr_par' dir='ltr' id='par_1_85' title="bbox 2012 3379 3671 3452">
     <span class='ocr_line' id='line_1_85' title="bbox 2012 3379 3671 3452; baseline -0.003 -12"><span class='ocrx_word' id='word_1_588' title='bbox 2012 3384 2175 3441; x_wconf 89' lang='lat' dir='ltr'>enim</span> <span class='ocrx_word' id='word_1_589' title='bbox 2215 3381 2584 3439; x_wconf 90' lang='lat' dir='ltr'>calamitates</span> <span class='ocrx_word' id='word_1_590' title='bbox 2633 3384 2771 3452; x_wconf 90' lang='lat' dir='ltr'>post</span> <span class='ocrx_word' id='word_1_591' title='bbox 2814 3380 3134 3437; x_wconf 86' lang='lat' dir='ltr'>Salvatoris</span> <span class='ocrx_word' id='word_1_592' title='bbox 3182 3379 3671 3451; x_wconf 86' lang='lat' dir='ltr'>Assumptionem</span> 
     </span>
    </p>
   </div>
   <div class='ocr_carea' id='block_1_86' title="bbox 2011 3468 3675 3542">
    <p class='ocr_par' dir='ltr' id='par_1_86' title="bbox 2011 3468 3675 3542">
     <span class='ocr_line' id='line_1_86' title="bbox 2011 3468 3675 3542; baseline -0.004 -12"><span class='ocrx_word' id='word_1_593' title='bbox 2011 3473 2201 3530; x_wconf 77' lang='lat' dir='ltr'>Judaei</span> <span class='ocrx_word' id='word_1_594' title='bbox 2227 3472 2588 3528; x_wconf 87' lang='lat' dir='ltr'>induxerunt</span> <span class='ocrx_word' id='word_1_595' title='bbox 2614 3468 2903 3542; x_wconf 89' lang='lat' dir='ltr'>apostolis</span> <span class='ocrx_word' id='word_1_596' title='bbox 2926 3486 2939 3536; x_wconf 92' lang='lat'>;</span> <span class='ocrx_word' id='word_1_597' title='bbox 2959 3469 3258 3525; x_wconf 92' lang='lat' dir='ltr'>interdum</span> <span class='ocrx_word' id='word_1_598' title='bbox 3289 3469 3534 3542; x_wconf 90' lang='lat' dir='ltr'>quidem</span> <span class='ocrx_word' id='word_1_599' title='bbox 3569 3470 3675 3541; x_wconf 83' lang='lat' dir='ltr'>Sy-</span> 
     </span>
    </p>
   </div>
   <div class='ocr_carea' id='block_1_87' title="bbox 2012 3557 3674 3635">
    <p class='ocr_par' dir='ltr' id='par_1_87' title="bbox 2012 3557 3674 3635">
     <span class='ocr_line' id='line_1_87' title="bbox 2012 3557 3674 3635; baseline -0.005 -14"><span class='ocrx_word' id='word_1_600' title='bbox 2012 3579 2265 3635; x_wconf 71' lang='lat' dir='ltr'>nagogaa</span> <span class='ocrx_word' id='word_1_601' title='bbox 2296 3559 2669 3634; x_wconf 89' lang='lat' dir='ltr'>principibus</span> <span class='ocrx_word' id='word_1_602' title='bbox 2704 3561 3020 3627; x_wconf 87' lang='lat' dir='ltr'>tradentes,</span> <span class='ocrx_word' id='word_1_603' title='bbox 3064 3566 3130 3615; x_wconf 92' lang='lat' dir='ltr'>ut</span> <span class='ocrx_word' id='word_1_604' title='bbox 3158 3558 3515 3631; x_wconf 88' lang='lat' dir='ltr'>punirentur</span> <span class='ocrx_word' id='word_1_605' title='bbox 3544 3575 3558 3625; x_wconf 89' lang='lat'><strong>;</strong></span> <span class='ocrx_word' id='word_1_606' title='bbox 3590 3557 3674 3613; x_wconf 89' lang='lat' dir='ltr'>iu-</span> 
     </span>
    </p>
   </div>
   <div class='ocr_carea' id='block_1_88' title="bbox 2014 3647 3675 3721">
    <p class='ocr_par' dir='ltr' id='par_1_88' title="bbox 2014 3647 3675 3721">
     <span class='ocr_line' id='line_1_88' title="bbox 2014 3647 3675 3721; baseline -0.004 -11"><span class='ocrx_word' id='word_1_607' title='bbox 2014 3653 2246 3711; x_wconf 90' lang='lat' dir='ltr'>terdum</span> <span class='ocrx_word' id='word_1_608' title='bbox 2261 3668 2399 3709; x_wconf 89' lang='lat' dir='ltr'>vero</span> <span class='ocrx_word' id='word_1_609' title='bbox 2422 3650 2501 3708; x_wconf 89' lang='lat' dir='ltr'>ad</span> <span class='ocrx_word' id='word_1_610' title='bbox 2528 3649 3031 3721; x_wconf 84' lang='lat' dir='ltr'>regestrahentes,</span> <span class='ocrx_word' id='word_1_611' title='bbox 3050 3647 3232 3705; x_wconf 87' lang='lat' dir='ltr'>veluti</span> <span class='ocrx_word' id='word_1_612' title='bbox 3264 3648 3341 3705; x_wconf 90' lang='lat' dir='ltr'>ad</span> <span class='ocrx_word' id='word_1_613' title='bbox 3377 3648 3675 3704; x_wconf 87' lang='lat' dir='ltr'>Herodem</span> 
     </span>
    </p>
   </div>
   <div class='ocr_carea' id='block_1_89' title="bbox 2015 3738 3675 3815">
    <p class='ocr_par' dir='ltr' id='par_1_89' title="bbox 2015 3738 3675 3815">
     <span class='ocr_line' id='line_1_89' title="bbox 2015 3738 3675 3815; baseline -0.004 -15"><span class='ocrx_word' id='word_1_614' title='bbox 2015 3748 2071 3801; x_wconf 87' lang='lat' dir='ltr'>et</span> <span class='ocrx_word' id='word_1_615' title='bbox 2092 3743 2437 3815; x_wconf 85' lang='lat' dir='ltr'>Agrippam,</span> <span class='ocrx_word' id='word_1_616' title='bbox 2472 3756 2540 3797; x_wconf 91' lang='lat' dir='ltr'>ac</span> <span class='ocrx_word' id='word_1_617' title='bbox 2577 3738 2816 3796; x_wconf 90' lang='lat' dir='ltr'>similes.</span> <span class='ocrx_word' id='word_1_618' title='bbox 2860 3741 3153 3796; x_wconf 78' lang='lat' dir='ltr'>Praeterea</span> <span class='ocrx_word' id='word_1_619' title='bbox 3193 3739 3271 3795; x_wconf 89' lang='lat' dir='ltr'>ad</span> <span class='ocrx_word' id='word_1_620' title='bbox 3300 3738 3583 3811; x_wconf 84' lang='lat' dir='ltr'>praesides</span> <span class='ocrx_word' id='word_1_621' title='bbox 3604 3753 3675 3794; x_wconf 90' lang='lat' dir='ltr'>ac</span> 
     </span>
    </p>
   </div>
   <div class='ocr_carea' id='block_1_90' title="bbox 2016 3829 3680 3903">
    <p class='ocr_par' dir='ltr' id='par_1_90' title="bbox 2016 3829 3680 3903">
     <span class='ocr_line' id='line_1_90' title="bbox 2016 3829 3680 3903; baseline -0.005 -12"><span class='ocrx_word' id='word_1_622' title='bbox 2016 3834 2318 3891; x_wconf 89' lang='lat' dir='ltr'>civitatum</span> <span class='ocrx_word' id='word_1_623' title='bbox 2350 3830 2686 3903; x_wconf 62' lang='lat' dir='ltr'>praefectos,</span> <span class='ocrx_word' id='word_1_624' title='bbox 2720 3836 2775 3886; x_wconf 91' lang='lat' dir='ltr'>et</span> <span class='ocrx_word' id='word_1_625' title='bbox 2800 3830 3068 3886; x_wconf 90' lang='lat' dir='ltr'>consulis</span> <span class='ocrx_word' id='word_1_626' title='bbox 3097 3834 3200 3886; x_wconf 91' lang='lat' dir='ltr'>aut</span> <span class='ocrx_word' id='word_1_627' title='bbox 3230 3829 3515 3901; x_wconf 89' lang='lat' dir='ltr'>principis</span> <span class='ocrx_word' id='word_1_628' title='bbox 3541 3844 3680 3883; x_wconf 90' lang='lat' dir='ltr'>mu-</span> 
     </span>
    </p>
   </div>
   <div class='ocr_carea' id='block_1_91' title="bbox 2016 3919 3677 3993">
    <p class='ocr_par' dir='ltr' id='par_1_91' title="bbox 2016 3919 3677 3993">
     <span class='ocr_line' id='line_1_91' title="bbox 2016 3919 3677 3993; baseline -0.005 -12"><span class='ocrx_word' id='word_1_629' title='bbox 2016 3941 2156 3982; x_wconf 91' lang='lat' dir='ltr'>nere</span> <span class='ocrx_word' id='word_1_630' title='bbox 2171 3923 2506 3993; x_wconf 87' lang='lat' dir='ltr'>fungentes,</span> <span class='ocrx_word' id='word_1_631' title='bbox 2523 3920 3039 3993; x_wconf 88' lang='lat' dir='ltr'>quemadmodum</span> <span class='ocrx_word' id='word_1_632' title='bbox 3056 3920 3204 3976; x_wconf 90' lang='lat' dir='ltr'>liber</span> <span class='ocrx_word' id='word_1_633' title='bbox 3216 3919 3677 3992; x_wconf 88' lang='lat' dir='ltr'>apostolicarum</span> 
     </span>
    </p>
   </div>
   <div class='ocr_carea' id='block_1_92' title="bbox 2016 4014 2638 4071">
    <p class='ocr_par' dir='ltr' id='par_1_92' title="bbox 2016 4014 2638 4071">
     <span class='ocr_line' id='line_1_92' title="bbox 2016 4014 2638 4071; baseline -0.01 0"><span class='ocrx_word' id='word_1_634' title='bbox 2016 4014 2331 4071; x_wconf 88' lang='lat' dir='ltr'>Actionum</span> <span class='ocrx_word' id='word_1_635' title='bbox 2372 4014 2638 4068; x_wconf 89' lang='lat' dir='ltr'>testatur.</span> 
     </span>
    </p>
   </div>
   <div class='ocr_carea' id='block_1_93' title="bbox 2090 4186 3679 4258">
    <p class='ocr_par' dir='ltr' id='par_1_93' title="bbox 2090 4186 3679 4258">
     <span class='ocr_line' id='line_1_93' title="bbox 2090 4186 3679 4258; baseline -0.007 -4"><span class='ocrx_word' id='word_1_636' title='bbox 2090 4196 2328 4254; x_wconf 89' lang='lat' dir='ltr'>Vers.9.</span> <span class='ocrx_word' id='word_1_637' title='bbox 2362 4194 2438 4250; x_wconf 87' lang='lat' dir='ltr'>Et</span> <span class='ocrx_word' id='word_1_638' title='bbox 2468 4193 2719 4250; x_wconf 77' lang='lat' dir='ltr'>occident</span> <span class='ocrx_word' id='word_1_639' title='bbox 2767 4206 2881 4247; x_wconf 87' lang='lat' dir='ltr'>vos.</span> <span class='ocrx_word' id='word_1_640' title='bbox 2916 4189 3037 4245; x_wconf 89' lang='lat' dir='ltr'>Hoc</span> <span class='ocrx_word' id='word_1_641' title='bbox 3080 4187 3222 4243; x_wconf 89' lang='lat' dir='ltr'>solis</span> <span class='ocrx_word' id='word_1_642' title='bbox 3264 4188 3347 4244; x_wconf 92' lang='lat' dir='ltr'>eis</span> <span class='ocrx_word' id='word_1_643' title='bbox 3373 4187 3533 4252; x_wconf 89' lang='lat' dir='ltr'>dicit,</span> <span class='ocrx_word' id='word_1_644' title='bbox 3574 4186 3679 4258; x_wconf 88' lang='lat' dir='ltr'>qui</span> 
     </span>
    </p>
   </div>
   <div class='ocr_carea' id='block_1_94' title="bbox 2018 4277 3680 4361">
    <p class='ocr_par' dir='ltr' id='par_1_94' title="bbox 2018 4277 3680 4361">
     <span class='ocr_line' id='line_1_94' title="bbox 2018 4277 3680 4361; baseline -0.008 -17"><span class='ocrx_word' id='word_1_645' title='bbox 2018 4302 2126 4361; x_wconf 85' lang='lat' dir='ltr'>per</span> <span class='ocrx_word' id='word_1_646' title='bbox 2162 4286 2511 4342; x_wconf 73' lang='lat' dir='ltr'>Iudaeorum</span> <span class='ocrx_word' id='word_1_647' title='bbox 2550 4280 2996 4355; x_wconf 87' lang='lat' dir='ltr'>improbitatem</span> <span class='ocrx_word' id='word_1_648' title='bbox 3033 4295 3103 4335; x_wconf 91' lang='lat' dir='ltr'>ac</span> <span class='ocrx_word' id='word_1_649' title='bbox 3160 4278 3483 4333; x_wconf 87' lang='lat' dir='ltr'>versutiam</span> <span class='ocrx_word' id='word_1_650' title='bbox 3522 4277 3680 4333; x_wconf 86' lang='lat' dir='ltr'>occi-</span> 
     </span>
    </p>
   </div>
   <div class='ocr_carea' id='block_1_95' title="bbox 2018 4367 3679 4445">
    <p class='ocr_par' dir='ltr' id='par_1_95' title="bbox 2018 4367 3679 4445">
     <span class='ocr_line' id='line_1_95' title="bbox 2018 4367 3679 4445; baseline -0.007 -12"><span class='ocrx_word' id='word_1_651' title='bbox 2018 4375 2196 4433; x_wconf 91' lang='lat' dir='ltr'>dendi</span> <span class='ocrx_word' id='word_1_652' title='bbox 2225 4379 2393 4432; x_wconf 87' lang='lat' dir='ltr'>erant</span> <span class='ocrx_word' id='word_1_653' title='bbox 2417 4393 2429 4433; x_wconf 94' lang='lat'><strong>:</strong></span> <span class='ocrx_word' id='word_1_654' title='bbox 2460 4376 2605 4445; x_wconf 91' lang='lat' dir='ltr'>puta</span> <span class='ocrx_word' id='word_1_655' title='bbox 2631 4370 2988 4444; x_wconf 90' lang='lat' dir='ltr'>Stephanus,</span> <span class='ocrx_word' id='word_1_656' title='bbox 3026 4368 3287 4425; x_wconf 88' lang='lat' dir='ltr'>Jacobus</span> <span class='ocrx_word' id='word_1_657' title='bbox 3309 4367 3488 4425; x_wconf 85' lang='lat' dir='ltr'>frater</span> <span class='ocrx_word' id='word_1_658' title='bbox 3508 4368 3679 4423; x_wconf 88' lang='lat' dir='ltr'>Joan-</span> 
     </span>
    </p>
   </div>
   <div class='ocr_carea' id='block_1_96' title="bbox 2019 4462 2673 4536">
    <p class='ocr_par' dir='ltr' id='par_1_96' title="bbox 2019 4462 2673 4536">
     <span class='ocr_line' id='line_1_96' title="bbox 2019 4462 2673 4536; baseline -0.014 -14"><span class='ocrx_word' id='word_1_659' title='bbox 2019 4466 2132 4531; x_wconf 90' lang='lat' dir='ltr'>nis,</span> <span class='ocrx_word' id='word_1_660' title='bbox 2158 4469 2213 4522; x_wconf 90' lang='lat' dir='ltr'>et</span> <span class='ocrx_word' id='word_1_661' title='bbox 2254 4465 2305 4520; x_wconf 87' lang='lat' dir='ltr'>si</span> <span class='ocrx_word' id='word_1_662' title='bbox 2345 4462 2481 4536; x_wconf 92' lang='lat' dir='ltr'>quis</span> <span class='ocrx_word' id='word_1_663' title='bbox 2504 4462 2673 4518; x_wconf 87' lang='lat' dir='ltr'>alius.</span> 
     </span>
    </p>
   </div>
   <div class='ocr_carea' id='block_1_97' title="bbox 2091 4545 3681 4622">
    <p class='ocr_par' dir='ltr' id='par_1_97' title="bbox 2091 4545 3681 4622">
     <span class='ocr_line' id='line_1_97' title="bbox 2091 4545 3681 4622; baseline -0.007 -9"><span class='ocrx_word' id='word_1_664' title='bbox 2091 4556 2261 4613; x_wconf 88' lang='lat' dir='ltr'>Vers.</span> <span class='ocrx_word' id='word_1_665' title='bbox 2285 4558 2335 4611; x_wconf 89' lang='lat'>9.</span> <span class='ocrx_word' id='word_1_666' title='bbox 2375 4554 2532 4609; x_wconf 85' lang='lat' dir='ltr'>Et—</span> <span class='ocrx_word' id='word_1_667' title='bbox 2556 4567 2759 4608; x_wconf 87' lang='lat' dir='ltr'>meum.</span> <span class='ocrx_word' id='word_1_668' title='bbox 2786 4547 3216 4622; x_wconf 88' lang='lat' dir='ltr'>Aparentibus,</span> <span class='ocrx_word' id='word_1_669' title='bbox 3235 4563 3271 4603; x_wconf 88' lang='lat' dir='ltr'>a</span> <span class='ocrx_word' id='word_1_670' title='bbox 3297 4545 3681 4619; x_wconf 87' lang='lat' dir='ltr'>cognatis,ab</span> 
     </span>
    </p>
   </div>
   <div class='ocr_carea' id='block_1_98' title="bbox 2021 4636 3684 4711">
    <p class='ocr_par' dir='ltr' id='par_1_98' title="bbox 2021 4636 3684 4711">
     <span class='ocr_line' id='line_1_98' title="bbox 2021 4636 3684 4711; baseline -0.007 -8"><span class='ocrx_word' id='word_1_671' title='bbox 2021 4645 2249 4711; x_wconf 90' lang='lat' dir='ltr'>amicis,</span> <span class='ocrx_word' id='word_1_672' title='bbox 2278 4661 2313 4701; x_wconf 91' lang='lat' dir='ltr'>a</span> <span class='ocrx_word' id='word_1_673' title='bbox 2340 4641 2795 4709; x_wconf 88' lang='lat' dir='ltr'>contribulibus,</span> <span class='ocrx_word' id='word_1_674' title='bbox 2827 4656 2859 4694; x_wconf 92' lang='lat' dir='ltr'>a</span> <span class='ocrx_word' id='word_1_675' title='bbox 2886 4636 3398 4705; x_wconf 86' lang='lat' dir='ltr'>familiaribus,ab</span> <span class='ocrx_word' id='word_1_676' title='bbox 3428 4636 3684 4709; x_wconf 89' lang='lat' dir='ltr'>hospiti-</span> 
     </span>
    </p>
   </div>
   <div class='ocr_carea' id='block_1_99' title="bbox 2022 4726 3679 4807">
    <p class='ocr_par' dir='ltr' id='par_1_99' title="bbox 2022 4726 3679 4807">
     <span class='ocr_line' id='line_1_99' title="bbox 2022 4726 3679 4807; baseline -0.005 -17"><span class='ocrx_word' id='word_1_677' title='bbox 2022 4736 2152 4806; x_wconf 87' lang='lat' dir='ltr'>bus,</span> <span class='ocrx_word' id='word_1_678' title='bbox 2178 4733 2621 4807; x_wconf 87' lang='lat' dir='ltr'>aprincipibus,</span> <span class='ocrx_word' id='word_1_679' title='bbox 2670 4748 2706 4787; x_wconf 89' lang='lat' dir='ltr'>a</span> <span class='ocrx_word' id='word_1_680' title='bbox 2738 4729 2993 4786; x_wconf 90' lang='lat' dir='ltr'>subditis</span> <span class='ocrx_word' id='word_1_681' title='bbox 3039 4733 3093 4784; x_wconf 93' lang='lat' dir='ltr'>et</span> <span class='ocrx_word' id='word_1_682' title='bbox 3128 4732 3192 4783; x_wconf 91' lang='lat' dir='ltr'>ut</span> <span class='ocrx_word' id='word_1_683' title='bbox 3234 4726 3420 4784; x_wconf 94' lang='lat' dir='ltr'>semel</span> <span class='ocrx_word' id='word_1_684' title='bbox 3460 4727 3679 4793; x_wconf 91' lang='lat' dir='ltr'>dicam,</span> 
     </span>
    </p>
   </div>
   <div class='ocr_carea' id='block_1_100' title="bbox 2024 4816 3684 4896">
    <p class='ocr_par' dir='ltr' id='par_1_100' title="bbox 2024 4816 3684 4896">
     <span class='ocr_line' id='line_1_100' title="bbox 2024 4816 3684 4896; baseline -0.007 -13"><span class='ocrx_word' id='word_1_685' title='bbox 2024 4825 2101 4883; x_wconf 88' lang='lat' dir='ltr'>ab</span> <span class='ocrx_word' id='word_1_686' title='bbox 2133 4824 2415 4881; x_wconf 91' lang='lat' dir='ltr'>omnibus</span> <span class='ocrx_word' id='word_1_687' title='bbox 2438 4822 2539 4896; x_wconf 88' lang='lat' dir='ltr'>qui</span> <span class='ocrx_word' id='word_1_688' title='bbox 2567 4819 2807 4878; x_wconf 86' lang='lat' dir='ltr'>alienati</span> <span class='ocrx_word' id='word_1_689' title='bbox 2853 4823 2991 4875; x_wconf 92' lang='lat' dir='ltr'>sunt</span> <span class='ocrx_word' id='word_1_690' title='bbox 3031 4834 3066 4874; x_wconf 90' lang='lat' dir='ltr'>a</span> <span class='ocrx_word' id='word_1_691' title='bbox 3095 4818 3541 4890; x_wconf 75' lang='lat' dir='ltr'>praedicatione.</span> <span class='ocrx_word' id='word_1_692' title='bbox 3575 4816 3684 4872; x_wconf 91' lang='lat' dir='ltr'>Ubi</span> 
     </span>
    </p>
   </div>
   <div class='ocr_carea' id='block_1_101' title="bbox 2025 4906 3684 4986">
    <p class='ocr_par' dir='ltr' id='par_1_101' title="bbox 2025 4906 3684 4986">
     <span class='ocr_line' id='line_1_101' title="bbox 2025 4906 3684 4986; baseline -0.007 -13"><span class='ocrx_word' id='word_1_693' title='bbox 2025 4920 2225 4973; x_wconf 87' lang='lat' dir='ltr'>autem</span> <span class='ocrx_word' id='word_1_694' title='bbox 2279 4914 2464 4970; x_wconf 88' lang='lat' dir='ltr'>tristia</span> <span class='ocrx_word' id='word_1_695' title='bbox 2534 4911 2822 4986; x_wconf 61' lang='lat' dir='ltr'>praedixit,</span> <span class='ocrx_word' id='word_1_696' title='bbox 2879 4908 3351 4965; x_wconf 86' lang='lat' dir='ltr'>consolationem</span> <span class='ocrx_word' id='word_1_697' title='bbox 3406 4906 3684 4977; x_wconf 89' lang='lat' dir='ltr'>deinceps</span> 
     </span>
    </p>
   </div>
   <div class='ocr_carea' id='block_1_102' title="bbox 2027 4996 3677 5077">
    <p class='ocr_par' dir='ltr' id='par_1_102' title="bbox 2027 4996 3677 5077">
     <span class='ocr_line' id='line_1_102' title="bbox 2027 4996 3677 5077; baseline -0.004 -16"><span class='ocrx_word' id='word_1_698' title='bbox 2027 5004 2356 5077; x_wconf 84' lang='lat' dir='ltr'>subjunxit,</span> <span class='ocrx_word' id='word_1_699' title='bbox 2389 5002 2595 5059; x_wconf 91' lang='lat' dir='ltr'>dicens</span> <span class='ocrx_word' id='word_1_700' title='bbox 2630 5020 2647 5056; x_wconf 84' lang='lat'><strong>:</strong></span> <span class='ocrx_word' id='word_1_701' title='bbox 2679 5001 2923 5073; x_wconf 89' lang='lat' dir='ltr'>Pr0pter</span> <span class='ocrx_word' id='word_1_702' title='bbox 2951 5014 3063 5054; x_wconf 91' lang='lat' dir='ltr'>me.</span> <span class='ocrx_word' id='word_1_703' title='bbox 3086 5000 3236 5053; x_wconf 86' lang='lat' dir='ltr'>Nam</span> <span class='ocrx_word' id='word_1_704' title='bbox 3266 4996 3327 5053; x_wconf 89' lang='lat' dir='ltr'>id</span> <span class='ocrx_word' id='word_1_705' title='bbox 3351 4996 3677 5068; x_wconf 84' lang='lat' dir='ltr'>signiﬁcat:</span> 
     </span>
    </p>
   </div>
   <div class='ocr_carea' id='block_1_103' title="bbox 2024 5085 3684 5168">
    <p class='ocr_par' dir='ltr' id='par_1_103' title="bbox 2024 5085 3684 5168">
     <span class='ocr_line' id='line_1_103' title="bbox 2024 5085 3684 5168; baseline -0.007 -15"><span class='ocrx_word' id='word_1_706' title='bbox 2024 5102 2271 5168; x_wconf 81' lang='lat' dir='ltr'>propter</span> <span class='ocrx_word' id='word_1_707' title='bbox 2281 5109 2490 5151; x_wconf 84' lang='lat' dir='ltr'>nomen</span> <span class='ocrx_word' id='word_1_708' title='bbox 2506 5108 2717 5150; x_wconf 86' lang='lat' dir='ltr'>meum.</span> <span class='ocrx_word' id='word_1_709' title='bbox 2738 5094 2806 5147; x_wconf 89' lang='lat' dir='ltr'>Et</span> <span class='ocrx_word' id='word_1_710' title='bbox 2834 5103 2965 5146; x_wconf 89' lang='lat' dir='ltr'>vere</span> <span class='ocrx_word' id='word_1_711' title='bbox 2983 5102 3210 5159; x_wconf 87' lang='lat' dir='ltr'>magna</span> <span class='ocrx_word' id='word_1_712' title='bbox 3221 5085 3527 5161; x_wconf 84' lang='lat' dir='ltr'>discipulis</span> <span class='ocrx_word' id='word_1_713' title='bbox 3557 5088 3684 5143; x_wconf 85' lang='lat' dir='ltr'>erat</span> 
     </span>
    </p>
   </div>
   <div class='ocr_carea' id='block_1_104' title="bbox 2027 5178 3036 5259">
    <p class='ocr_par' dir='ltr' id='par_1_104' title="bbox 2027 5178 3036 5259">
     <span class='ocr_line' id='line_1_104' title="bbox 2027 5178 3036 5259; baseline -0.009 -14"><span class='ocrx_word' id='word_1_714' title='bbox 2027 5185 2355 5245; x_wconf 89' lang='lat' dir='ltr'>consolatio</span> <span class='ocrx_word' id='word_1_715' title='bbox 2385 5184 2508 5259; x_wconf 87' lang='lat' dir='ltr'>pati</span> <span class='ocrx_word' id='word_1_716' title='bbox 2534 5186 2777 5257; x_wconf 91' lang='lat' dir='ltr'>propter</span> <span class='ocrx_word' id='word_1_717' title='bbox 2813 5178 3036 5254; x_wconf 89' lang='lat' dir='ltr'>ipsum.</span> 
     </span>
    </p>
   </div>
   <div class='ocr_carea' id='block_1_105' title="bbox 1514 5487 2414 5559">
    <p class='ocr_par' dir='ltr' id='par_1_105' title="bbox 1514 5487 2414 5559">
     <span class='ocr_line' id='line_1_105' title="bbox 1514 5487 2414 5559; baseline -0.002 -2"><span class='ocrx_word' id='word_1_718' title='bbox 1514 5487 1739 5557; x_wconf 67' lang='lat' dir='ltr'>Varia:</span> <span class='ocrx_word' id='word_1_719' title='bbox 1760 5488 2090 5559; x_wconf 90' lang='lat' dir='ltr'>lectiones</span> <span class='ocrx_word' id='word_1_720' title='bbox 2120 5499 2187 5558; x_wconf 91' lang='lat' dir='ltr'>et</span> <span class='ocrx_word' id='word_1_721' title='bbox 2209 5494 2414 5558; x_wconf 76' lang='lat' dir='ltr'>notae.</span> 
     </span>
    </p>
   </div>
   <div class='ocr_carea' id='block_1_106' title="bbox 296 5625 1913 5752">
    <p class='ocr_par' dir='ltr' id='par_1_106' title="bbox 296 5625 1913 5752">
     <span class='ocr_line' id='line_1_106' title="bbox 296 5625 1913 5752; baseline -0.001 -63"><span class='ocrx_word' id='word_1_722' title='bbox 296 5626 489 5752; x_wconf 31' lang='grc' dir='ltr'>ΑΨ)</span> <span class='ocrx_word' id='word_1_723' title='bbox 513 5626 767 5702; x_wconf 82' lang='grc' dir='ltr'>Ἐπίμονα</span> <span class='ocrx_word' id='word_1_724' title='bbox 791 5626 867 5685; x_wconf 89' lang='grc' dir='ltr'><strong>Β.</strong></span> <span class='ocrx_word' id='word_1_725' title='bbox 891 5625 1348 5699; x_wconf 86' lang='lat' dir='ltr'>Chrysostomus</span> <span class='ocrx_word' id='word_1_726' title='bbox 1368 5627 1501 5687; x_wconf 90' lang='lat' dir='ltr'>loco</span> <span class='ocrx_word' id='word_1_727' title='bbox 1525 5628 1773 5690; x_wconf 87' lang='lat' dir='ltr'>laudato</span> <span class='ocrx_word' id='word_1_728' title='bbox 1810 5654 1913 5707; x_wconf 79' lang='grc' dir='ltr'>χα-</span> 
     </span>
     <span class='ocr_line' id='line_1_107' title="bbox 392 5720 443 5752; baseline -0.039 0"><span class='ocrx_word' id='word_1_729' title='bbox 392 5720 443 5752; x_wconf 86' lang='grc' dir='ltr'>α.</span> 
     </span>
    </p>
   </div>
   <div class='ocr_carea' id='block_1_107' title="bbox 392 5720 443 5752">
    <p class='ocr_par' dir='ltr' id='par_1_107' title="bbox 392 5720 443 5752">
     <span class='ocr_line' id='line_1_108' title="bbox 392 5720 443 5752; baseline -0.039 0"><span class='ocrx_word' id='word_1_730' title='bbox 392 5720 443 5752; x_wconf 87' lang='grc' dir='ltr'>α.</span> 
     </span>
    </p>
   </div>
   <div class='ocr_carea' id='block_1_108' title="bbox 375 5844 1985 5919">
    <p class='ocr_par' dir='ltr' id='par_1_108' title="bbox 375 5844 1985 5919">
     <span class='ocr_line' id='line_1_109' title="bbox 375 5844 1985 5919; baseline 0.004 -14"><span class='ocrx_word' id='word_1_731' title='bbox 375 5844 447 5919; x_wconf 79' lang='lat'>(9)</span> <span class='ocrx_word' id='word_1_732' title='bbox 487 5844 897 5907; x_wconf 76' lang='lat' dir='ltr'>Certaminum</span> <span class='ocrx_word' id='word_1_733' title='bbox 907 5844 1244 5916; x_wconf 70' lang='lat' dir='ltr'>praefectos.</span> <span class='ocrx_word' id='word_1_734' title='bbox 1266 5846 1354 5905; x_wconf 85' lang='lat' dir='ltr'>Ad</span> <span class='ocrx_word' id='word_1_735' title='bbox 1365 5846 1686 5910; x_wconf 84' lang='lat' dir='ltr'>certamina</span> <span class='ocrx_word' id='word_1_736' title='bbox 1714 5849 1985 5912; x_wconf 87' lang='lat' dir='ltr'>idoneos.</span> 
     </span>
    </p>
   </div>
   <div class='ocr_carea' id='block_1_109' title="bbox 2124 5631 2658 5706">
    <p class='ocr_par' dir='ltr' id='par_1_109' title="bbox 2124 5631 2658 5706">
     <span class='ocr_line' id='line_1_110' title="bbox 2124 5631 2658 5706; baseline -0.013 -16"><span class='ocrx_word' id='word_1_737' title='bbox 2124 5634 2206 5706; x_wconf 87' lang='grc'>18)</span> <span class='ocrx_word' id='word_1_738' title='bbox 2229 5631 2312 5706; x_wconf 82' lang='grc' dir='ltr'>Ἐν</span> <span class='ocrx_word' id='word_1_739' title='bbox 2340 5631 2558 5706; x_wconf 80' lang='grc' dir='ltr'>ἀγωνίᾳ,</span> <span class='ocrx_word' id='word_1_740' title='bbox 2593 5632 2658 5684; x_wconf 86' lang='grc' dir='ltr'>Α.</span> 
     </span>
    </p>
   </div>
   <div class='ocr_carea' id='block_1_110' title="bbox 2094 5634 3214 5781">
    <p class='ocr_par' dir='ltr' id='par_1_110' title="bbox 2094 5634 3214 5781">
     <span class='ocr_line' id='line_1_111' title="bbox 2124 5634 2658 5706; baseline -0.011 -17"><span class='ocrx_word' id='word_1_741' title='bbox 2124 5634 2206 5706; x_wconf 87' lang='grc'>18)</span> <span class='ocrx_word' id='word_1_742' title='bbox 2229 5634 2312 5687; x_wconf 83' lang='grc' dir='ltr'>Ἐν</span> <span class='ocrx_word' id='word_1_743' title='bbox 2340 5634 2372 5685; x_wconf 80' lang='grc' dir='ltr'>ἀ</span> <span class='ocrx_word' id='word_1_744' title='bbox 2412 5636 2558 5704; x_wconf 80' lang='grc' dir='ltr'>ωνίᾳ,</span> <span class='ocrx_word' id='word_1_745' title='bbox 2593 5634 2658 5684; x_wconf 85' lang='grc' dir='ltr'>Α.</span> 
     </span>
     <span class='ocr_line' id='line_1_112' title="bbox 2094 5634 3214 5781; baseline -0.004 -20"><span class='ocrx_word' id='word_1_746' title='bbox 2094 5634 2344 5781; x_wconf 48' lang='grc' dir='ltr'>ξι19)Τι“ἰίι</span> <span class='ocrx_word' id='word_1_747' title='bbox 2373 5654 2508 5761; x_wconf 45' lang='lat' dir='ltr'>iure</span> <span class='ocrx_word' id='word_1_748' title='bbox 2564 5700 2862 5761; x_wconf 82' lang='lat' dir='ltr'>vocabula</span> <span class='ocrx_word' id='word_1_749' title='bbox 2888 5698 3107 5759; x_wconf 87' lang='lat' dir='ltr'>absunt</span> <span class='ocrx_word' id='word_1_750' title='bbox 3150 5703 3214 5756; x_wconf 82' lang='grc' dir='ltr'>Α.</span> 
     </span>
    </p>
   </div>
  </div>
