4178 6378
559 346 666 403 607

1919 340 2271 402 EUTHYMII
2311 340 2649 409 ZIGABENI

3822 355 3944 412 608

632 473 795 529 Vers.
836 474 924 529 10.
954 473 1032 529 Et
1085 476 1377 533 —multi.
1430 479 1613 533 Erunt
1639 475 1897 533 invicem
1956 471 2215 546 suspecti

2398 478 2497 528 Kal
2546 504 2615 518 —
2662 476 2861 537 πολλοί.
2927 477 3185 532 ’Υποπτοι
3234 478 3444 531 ἔσονται
3491 482 3622 554 πρὸς
3667 479 3939 551 ἀλλήλους,

561 567 801 635 propter
850 562 989 619 ﬁdei
1050 564 1443 623 diversitatem
1487 567 1670 637 ;sive,
1724 581 1850 623 non
1907 563 2214 621 credentes

564 653 729 725 apud
766 670 868 709 eos
894 654 995 727 qui
1027 656 1285 712 credent.

635 743 794 798 Vers.
823 745 1083 801 10.Ει-
1102 746 1348 804 invicem
1364 747 1826 804 habebuntodio.
1857 746 2089 801 Marcus
2116 759 2216 799 au-

564 835 681 887 tem
696 834 1068 890 manifestius
1084 834 1245 902 dixit,
1262 838 1424 908 quod
1454 838 1650 895 tradet
1674 838 1866 907 frater
1888 838 2141 907 fratrem
2158 832 2217 887 in

559 929 824 989 mortem,
840 930 893 980 et
920 930 1091 994 pater
1108 926 1352 983 Filium:
1381 929 1685 999 insurgent
1704 927 1817 997 ﬁlii
1840 927 1902 981 in
1917 930 2214 996 parentes,

559 1019 613 1069 et
639 1013 832 1072 morte
855 1030 947 1071 eos
973 1016 1317 1087 afﬁcient“.
1346 1017 1669 1073 Verisimile
1692 1016 1986 1088 estitaque
2013 1014 2218 1071 omnia

559 1104 719 1161 facta
744 1120 891 1171 esse,
921 1106 1024 1161 etsi
1046 1106 1195 1163 liber
1232 1111 1511 1164 Actorum
1542 1106 1971 1181 particulariter
2000 1105 2073 1160 de
2102 1120 2219 1161 om-

561 1194 740 1249 nibus
771 1210 892 1251 non
918 1196 1194 1254 disserat.
1225 1199 1415 1254 Lucas
1442 1213 1584 1253 vero
1607 1197 1788 1253 etiam
1837 1196 1972 1251 dicit
2007 1215 2019 1254 :
2070 1196 2218 1251 Tra-

561 1284 784 1342 demim'
796 1291 991 1343 autem
1020 1302 1055 1343 a
1065 1289 1408 1359 parentibus
1420 1295 1473 1345 et
1494 1288 1777 1358 cognatis,
1792 1286 1993 1342 amicis
2006 1301 2076 1342 ac
2096 1286 2219 1356 fra-

561 1376 771 1441 tribus,
799 1383 851 1433 et
871 1383 1059 1434 morte
1089 1379 1350 1448 afﬁciant
1374 1378 1653 1451 quosdam
1686 1393 1759 1435 ex
1788 1378 1943 1434 vobis
1970 1378 2037 1433 ‘3.
2073 1378 2216 1431 Prae-

560 1466 709 1524 dixit
731 1468 880 1523 enim
908 1468 1093 1524 ethoc
1119 1468 1381 1525 Christus
1403 1468 1726 1541 discipulis,
1748 1466 1913 1541 quod
1943 1466 2216 1523 omnium

559 1561 647 1613 est
674 1557 1559 1632 miserrimum,videlicetquod
1578 1559 1754 1615 etiam
1779 1556 2216 1615 afamiliarissi-

535 1648 541 1655 “
560 1646 672 1701 mis
693 1647 1093 1719 impugnandi
1125 1653 1325 1720 erant;
1344 1656 1404 1704 ut
1419 1648 1788 1720 praescientes
1805 1648 1997 1720 parati
2020 1650 2218 1703 essent

561 1738 633 1793 ad
666 1738 1060 1803 tolerantiam,
1096 1743 1150 1794 et
1188 1739 1270 1795 ita
1318 1738 1643 1811 periculum
1690 1738 1922 1795 facilius
1972 1738 2218 1794 sustine-

556 1833 707 1885 rent.
740 1828 875 1884 Haec
906 1834 1105 1884 autem
1133 1828 1339 1885 omnia
1365 1829 1638 1902 praedixit
1674 1829 1757 1885 eis
1788 1828 2023 1884 decimo
2054 1843 2218 1884 nono

557 1919 773 1992 capite.
807 1920 1015 1985 Quaere
1046 1935 1187 1991 ergo
1220 1924 1275 1977 et
1297 1919 1380 1976 ibi
1409 1920 1628 1975 horum
1655 1919 2108 1992 expositionem.

628 2122 791 2176 Vers.
827 2120 913 2175 11.
942 2121 1021 2175 Et
1049 2151 1115 2160 —
1135 2120 1375 2176 multos.
1409 2118 1694 2191 Superius
1716 2117 1790 2173 de
1820 2117 1892 2173 iis
1918 2116 2080 2183 dixit,
2117 2116 2221 2190 qui

562 2226 626 2267 se
642 2210 899 2266 Christos
932 2226 1061 2266 esse
1086 2209 1353 2281 ﬁngent:
1389 2225 1549 2266 nunc
1577 2213 1781 2265 autem
1830 2208 1903 2263 de
1930 2206 2025 2263 his
2058 2207 2218 2275 dicit,

562 2301 665 2375 qui
683 2317 744 2356 se
759 2300 1114 2373 prophetare
1129 2299 1523 2355 simulabunt.
1540 2299 1703 2355 Tunc
1716 2297 1879 2354 enim
1896 2297 2061 2353 multi
2077 2296 2220 2354 tales

562 2391 819 2457 fuerunt,
841 2406 979 2446 cum
1010 2389 1206 2446 adhuc
1228 2390 1395 2447 initia
1420 2393 1621 2446 essent
1650 2387 2110 2462 praedicationis.

635 2588 800 2644 Vers.
838 2588 1031 2643 i2.Et
1061 2588 1482 2643 —multorum.
1536 2589 1603 2643 Et
1648 2586 1763 2643 hoc
1811 2586 2220 2643 miserrimum

564 2681 674 2745 est,
707 2677 872 2750 quod
902 2693 1091 2751 neque
1133 2677 1211 2733 ab
1251 2677 1580 2734 amicorum
1610 2677 1924 2734 dilectione
1952 2676 2221 2733 consola-

544 2768 789 2824 tionem
818 2766 1081 2824 habituri
1127 2771 1285 2823 sunt.
1338 2768 1592 2834 Quidam
1632 2772 1831 2824 autem
1861 2766 2091 2839 ἀγάπην,
2133 2766 2218 2822 di-

565 2857 896 2925 lectionem,
936 2858 1235 2914 nominari
1274 2857 1549 2915 dixerunt
1594 2856 2081 2930 hospitalitatem,
2122 2856 2221 2913 alii

562 2964 706 3004 vero
759 2948 1241 3021 compassionem
1300 2965 1313 3004 :
1372 2948 1508 3005 vide
1588 2952 1736 3021 quot
1815 2947 2079 3021 pericula
2137 2946 2221 3003 eis

562 3038 920 3113 praedixerit,
943 3040 1018 3095 ad
1051 3039 1256 3095 omnia
1285 3055 1603 3109 exacuens,
1628 3043 1685 3095 et
1715 3038 1793 3095 ad
1822 3036 2221 3108 magnanimi-

560 3133 741 3186 tatem
768 3129 1082 3199 roborans,
1116 3145 1186 3186 ac
1217 3127 1753 3186 confortationibus
1797 3128 2221 3186 adamantinos

560 3219 841 3277 reddens.

631 3308 798 3367 Vers.
835 3312 928 3367 13.
997 3308 1106 3377 Qui
1151 3313 1349 3367 autem
1384 3340 1452 3350 —
1482 3310 1676 3365 salvus
1708 3309 1841 3364 erit.
1872 3309 2004 3367 Hoc
2041 3308 2219 3365 etiam

563 3399 791 3456 dictum
820 3403 907 3456 est
953 3399 1188 3455 decimo
1230 3415 1390 3455 nono
1439 3400 1650 3471 capite,
1700 3403 1755 3455 et
1785 3398 1868 3454 ibi
1902 3398 2222 3456 manifesta

563 3490 893 3547 admodum
921 3489 1062 3545 data
1091 3494 1176 3544 est
1202 3489 1626 3562 interpretatio.

634 3581 802 3635 Vers.
831 3580 915 3635 14.
948 3580 1025 3635 Ει
1054 3579 1484 3651 prcedicabitur
1513 3610 1579 3620 —
1609 3580 1771 3637 orbe.
1807 3578 1950 3635 Hinc
1974 3578 2222 3635 demon-

565 3668 953 3742 stravitquod
966 3669 1129 3724 nulla
1159 3669 1424 3741 pericula
1449 3669 1943 3741 praedicationem
1980 3684 2221 3740 supera-

564 3759 734 3831 bunt,
760 3763 816 3815 et
844 3758 927 3814 ita
958 3775 1242 3830 magnam
1273 3760 1760 3831 praedicatoribus
1788 3759 1983 3830 injecit
2015 3774 2223 3815 conso-

526 3842 528 3845 ’
564 3848 873 3913 lationem,
901 3850 1061 3919 quod
1087 3850 1313 3905 votisui
1341 3855 1644 3922 compotes
1672 3853 1845 3904 erunt
1873 3864 1884 3904 :
1910 3848 2051 3921 quia
2076 3847 2223 3904 nihil

567 3939 654 3996 eis
708 3939 813 3995 erit
855 3939 1163 3996 obstaculo
1205 3940 1253 3995 si
1308 3940 1491 3996 modo
1526 3938 1935 3996 toleraverint.
1995 3942 2223 3996 Marcus

567 4033 767 4087 autem
782 4029 1155 4087 manifestius
1169 4030 1312 4086 dixit
1326 4048 1342 4087 :
1357 4031 1432 4086 Et
1444 4031 1507 4086 in
1538 4046 1734 4087 omnes
1745 4037 1944 4102 gentes
1960 4030 2223 4101 primum

567 4125 795 4191 oportet
821 4119 1149 4189 praedicare
1173 4120 1555 4191 Evangelium
1583 4121 1650 4176 ‘3.

636 4210 804 4266 Vers.
850 4212 932 4264 14.
961 4208 1034 4265 In
1057 4240 1125 4249 -—
1150 4209 1437 4280 gentibus.
1472 4208 1560 4264 Ad
1590 4208 2093 4280 redargutionem,
2144 4209 2224 4266 ad

567 4300 1008 4357 accusationem
1029 4315 1235 4355 eorum
1252 4297 1355 4371 qui
1374 4313 1495 4353 non
1514 4297 1869 4355 crediderint
1896 4317 1908 4366 ;
1926 4315 2001 4355 ne
2024 4299 2223 4357 dicere

566 4390 792 4462 possint
819 4389 880 4444 in
911 4389 1007 4444 die
1037 4387 1246 4459 judicii
1276 4406 1288 4444 :
1320 4387 1809 4446 Praedicationem
1834 4405 1957 4446 non
1988 4389 2224 4447 audivi-

2328 557 2420 614 διά
2503 569 2595 623 τὴν
2682 565 2935 645 διαφορὰν
3014 577 3103 629 τῆς
3191 572 3441 637 πίστεως,
3491 573 3670 644 ἤγουν,
3755 573 3803 626 οἱ
3864 578 3939 648 μή

2326 656 2656 717 πιστεύοντες
2680 662 2809 733 πρὸς
2834 662 2955 721 τοὺς
2983 660 3344 721 πιστεύοντας.

2400 749 2499 795 Καὶ
2564 778 2631 786 -
2680 754 3001 819 μισήσουσιν
3056 747 3314 809 ἀλλήλους.

2324 837 2545 907 ρώτερον

3403 752 3617 824 Μάρκος
3675 748 3733 804 δὲ
3792 772 3943 824 φανε-

2643 834 2798 905 εἵπεν,
2858 840 2936 891 ὅτι
3018 835 3334 912 Παραδώσει
3414 836 3637 912 ἀδελφὸς
3717 838 3943 915 ἀδελφόν

2328 922 2395 984 εἰς
2480 925 2715 992 θάνατον,
2825 933 2915 980 καὶ
2988 933 3161 993 πατὴρ
3212 932 3403 993 τέκνον,
3482 934 3570 983 καὶ
3644 930 3945 993 ἐπαναστή-

2330 1031 2509 1065 σονται
2592 1019 2745 1069 τέκνα
2802 1018 2885 1070 ἐπὶ
2960 1026 3125 1090 γονεῖς
3204 1023 3293 1071 καὶ
3374 1020 3765 1074 θανατώσουσιν
3848 1023 3946 1075 αύ-

2825 933 2915 980 καὶ
2988 933 3161 1003 πατὴρ
3212 932 3403 997 τέκνον,

2326 1105 2472 1166 τούς.
2530 1105 2679 1169 Εἰκὸς
2734 1110 2834 1181 γὰρ
2893 1110 3064 1161 πάντα
3139 1110 3401 1181 γενέσθαι,
3462 1110 3505 1162 εἰ
3562 1116 3764 1184 καὶμὴ
3821 1117 3947 1189 περὶ

2328 1195 2530 1246 πάντων
2606 1195 2930 1271 λεπτομεροῦς
3033 1200 3062 1257 ἡ
3147 1197 3332 1271 βίϐλος
3422 1195 3766 1271 διαλαμϐάνει
3838 1209 3947 1254 τῶν

2330 1284 2590 1357 Πράξεων.
2666 1292 2765 1340 Καὶ
2839 1290 2864 1340 ὁ
2919 1293 3124 1349 Λουκᾶς
3196 1285 3256 1341 δέ
3318 1309 3497 1362 φησιν,
3558 1292 3635 1343 ὅτι
3697 1287 3951 1365 Παραδο-

2330 1377 2556 1434 θήσεσθε
2630 1382 2717 1430 καὶ
2773 1379 2871 1429 ύπὸ
2951 1382 3137 1448 γονέων
3222 1383 3310 1431 καὶ
3373 1388 3635 1452 συγγενῶν
3726 1386 3817 1434 καὶ
3853 1386 3950 1454 φί-

2326 1465 2425 1518 λων
2462 1472 2551 1519 καὶ
2606 1468 2717 1539 (20)
2774 1464 3029 1541 ἀδελφῶν,
3096 1472 3185 1521 καὶ
3227 1471 3621 1523 θανατώσουσιν
3676 1470 3729 1535 ἐξ
3775 1473 3948 1545 ὑμῶν.

2332 1562 2546 1628 Προεῖπε
2589 1560 2685 1629 γὰρ
2745 1564 2850 1620 τοῖς
2898 1560 3216 1630 μαθηταίςὸ
3263 1562 3497 1634 Χριστὸς
3552 1565 3642 1613 καὶ
3687 1566 3833 1614 τουτὶ
3883 1566 3948 1615 τὸ

2327 1647 2530 1697 πάντων
2581 1642 2895 1716 δεινότατον,
2957 1650 3033 1699 ὅτι
3087 1652 3171 1700 καὶ
3254 1650 3355 1701 ύπὸ
3437 1656 3535 1702 τῶν
3610 1651 3947 1703 οἰκειοτάτων

2329 1736 2803 1809 πολεμηθήσονται,
2872 1738 2954 1790 ἶνα
3009 1740 3365 1811 προμαθόντες
3434 1739 3819 1813 ἑτοιμασθῶσιν
3870 1741 3950 1805 εἰς

2330 1827 2613 1899 ὑπομονὴν,
2646 1830 2733 1879 καὶ
2776 1827 2953 1880 λοιπὸν
2999 1832 3304 1903 κουφότερον
3348 1831 3407 1880 τὸ
3456 1826 3625 1883 δεινὸν
3666 1829 3941 1902 ἐνέγκοιεν.

2328 1924 2508 1969 Ταῦτα
2560 1914 2618 1970 δὲ
2656 1919 2827 1970 πάντα
2882 1925 3121 1991 προεῖπεν
3176 1919 3350 1981 αύτοῖς
3393 1923 3483 1971 καὶ
3536 1918 3583 1971 ἓν
3645 1928 3716 1991 τῷ
3777 1920 3941 1973 ἐννεα-

2330 2004 2625 2078 καιδεκάτῳ
2679 2007 2958 2080 κεφαλαίῳ,
3016 2012 3106 2060 καὶ
3166 2008 3397 2070 ζήτησον
3455 2007 3607 2062 κάκεῖ
3679 2014 3773 2069 τὴν
3821 2016 3948 2085 περὶ

2331 2098 2524 2149 τούτων
2552 2096 2821 2170 ἐξήγησιν.

2406 2193 2506 2240 Καὶ
2560 2220 2625 2228 -
2670 2187 2911 2251 πολλούς.
3010 2188 3267 2259 Ἀνωτέρω
3345 2190 3435 2261 μὲν
3496 2187 3615 2263 περί
3670 2197 3770 2242 τῶν
3814 2191 3952 2244 ὑπο-

2331 2280 2638 2351 κρινομένων
2707 2281 2791 2330 τὸν
2892 2281 3119 2353 Χριστὸν
3179 2274 3333 2330 εἶπεν·
3406 2278 3631 2331 ἐνταῦθα
3696 2275 3755 2332 δὲ
3811 2279 3955 2353 λέγει

2330 2373 2448 2442 περὶ
2495 2378 2594 2421 τῶν
2672 2368 3083 2442 ὑποκρινομένων
3158 2371 3518 2443 προφητεύειν.
3602 2368 3789 2422 Πολλοὶ
3842 2373 3953 2446 γὰρ

2330 2465 2559 2511 τοιοῦτοι
2601 2462 2719 2512 τότε
2766 2464 3063 2532 γεγόνασιν,
3120 2457 3295 2532 ἀρχὴν
3350 2461 3428 2512 ἔτι
3480 2466 3571 2513 τοῦ
3614 2462 3956 2534 κηρύγματος

2332 2549 2519 2620 ἔχοντο
2530 2569 2569 2611 ς.

2404 2643 2506 2691 Καὶ
2563 2668 2631 2680 —-
2705 2637 2925 2693 πολλῶν.
3008 2642 3108 2692 Καὶ
3173 2645 3325 2691 τοῦτο
3384 2637 3776 2695 γαλεπώτατον.
3866 2641 3952 2695 ὅτι

2332 2724 2455 2781 ούδε
2498 2732 2592 2787 τὴν
2642 2726 2743 2781 ἀπὸ
2798 2737 2888 2790 τῆς
2926 2727 3134 2801 ἀγάπης
3184 2730 3519 2803 παραμυθίαν
3573 2728 3769 2792 ἕξουσι.
3801 2733 3949 2795 Τινὲς

2334 2813 2392 2870 δὲ
2465 2815 2673 2889 ἀγάπην
2776 2816 2995 2871 ἐνταῦθα
3094 2822 3188 2877 τὴν
3278 2817 3561 2890 φιλοξενίαν
3641 2820 3943 2891 ὠνόμασαν·

2332 2907 2495 2981 ἕτεροι
2546 2904 2626 2975 δε,
2675 2912 2769 2967 τὴν
2820 2909 3167 2981 συμπάθειαν.
3217 2906 3371 2983 Ὅρα,
3405 2912 3546 2959 πόσα
3583 2901 3729 2959 δεινά
3766 2913 3948 2979 προεὶ-

2260 3008 2301 3066 C
2332 3017 2420 3049 πεν
2505 2997 2699 3066 αύτοῖς,

3008 2642 3108 2692 Καὶ
3173 2645 3325 2691 τοῦτο
3382 2637 3776 2711 χαλεπώτατον,

2775 3000 3097 3071 παραθήγων
3168 2998 3237 3060 εἰς
3322 3001 3508 3063 πάντα,
3578 3002 3668 3049 καὶ
3736 3004 3948 3070 στομῶν

2334 3087 2400 3148 εἰς
2457 3087 2742 3159 εὐψυχίαν,
2825 3093 2914 3140 καὶ
2971 3094 3084 3151 ταῖς
3142 3086 3484 3163 ἐπιρρώσεσιν
3559 3083 3951 3161 ἀδαμαντίνους

2332 3176 2783 3251 ἀπεργαζόμενος.

2401 3304 2461 3357 Ὀ
2507 3301 2565 3358 δε
2612 3335 2681 3345 -
2735 3305 3056 3363 σωθήσεται.
3112 3305 3331 3377 Εἴρηται
3398 3307 3482 3356 καὶ
3560 3309 3710 3355 τοῦτο
3778 3300 3825 3355 ἐν
3872 3312 3950 3376 τῷ

2333 3390 2790 3466 ἐννεακαιδεκάτῳ,
2878 3392 3158 3466 κεφαλαίῳ,
3223 3397 3313 3445 καὶ
3391 3390 3752 3468 διηρμηνεύθη
3808 3395 3948 3447 πάνυ

2336 3494 2507 3557 σαφῶς
2533 3483 2654 3538 ἐκεῖ.

2406 3580 2507 3628 Καὶ
2607 3574 3013 3628 κηουγθήσεται
3124 3602 3193 3612 -
3294 3573 3590 3628 οἰκουμένη.
3687 3573 3947 3626 Ἐντεῦθεν

2333 3661 2543 3733 ἔδειξεν,
2602 3665 2682 3715 ὃτι
2760 3658 2909 3715 οὐδὲν
2987 3670 3086 3715 τῶν
3168 3657 3346 3715 δεινῶν
3406 3668 3799 3738 περιγενήσεται
3849 3669 3947 3715 τοῦ

2607 3574 2855 3648 κηρυχθή
2868 3592 3013 3625 σεται
3124 3602 3193 3612 -
3294 3571 3565 3647 οἰκουμένῃ
3579 3614 3590 3628 .

2332 3757 2683 3828 κηρύγματος,
2738 3757 2827 3805 καὶ
2883 3751 3073 3811 πολλὴν
3123 3752 3257 3805 ούτω
3296 3760 3401 3815 τοῖς
3458 3752 3647 3826 κήρυξι
3699 3771 3943 3827 παραμυ-

2335 3847 2449 3898 θίαν
2506 3842 2725 3910 ἐνέϐαλε,
2803 3842 3297 3919 πληροφορηθείσιν,
3383 3844 3463 3895 ὄτι
3543 3840 3693 3897 οὐδὲν
3770 3842 3946 3904 αὐτοῖς

2335 3932 2633 4008 ἐμποδίσει,
2688 3932 2771 3986 ἐὰν
2833 3938 2984 4005 μόνον
3062 3928 3162 3984 ὦσι
3246 3936 3562 4008 καρτερικοί.
3614 3934 3827 4005 Μάρκος
3886 3929 3947 3987 δὲ

2336 4030 2674 4099 φανερώτερον
2730 4022 2885 4089 εἶπεν,
2938 4024 3019 4075 ὅτι
3083 4027 3184 4076 Καὶ
3234 4023 3306 4084 εἰς
3358 4024 3529 4075 πάντα
3578 4024 3643 4075 τὰ
3705 4024 3822 4081 ἔθνη
3863 4018 3952 4076 δεῖ

2333 4125 2535 4191 πρῶτον
2567 4116 2906 4190 κηρυχθῆναι
2936 4117 2993 4166 τὸ
3019 4111 3350 4185 Εύαγγίλιον.

2406 4215 2496 4275 Εἰς
2546 4244 2614 4254 —
2664 4214 2879 4266 ἓθνεσιν.
2937 4211 3021 4273 Εἰς
3061 4211 3295 4284 ἔλεγχον,
3362 4211 3427 4274 εἰς
3474 4215 3794 4285 κατηγορίαν
3845 4219 3952 4263 τῶν

2333 4310 2404 4380 μὴ
2463 4305 2877 4371 πιστευσάντων,
2936 4303 3018 4354 ἵνα
3064 4306 3137 4375 μὴ
3183 4298 3442 4355 δύνωνται
3487 4301 3648 4375 λέγειν
3698 4300 3745 4352 ἐν
3775 4302 3951 4374 ἡμέρᾳ

2335 4400 2572 4472 κρίσεως,
2635 4395 2715 4446 ὅτι
2759 4392 2853 4445 ούκ
2905 4396 3139 4452 ἤκουσαν
3192 4399 3284 4444 τοῦ
3334 4394 3693 4466 κηρύγματος.
3725 4393 3952 4464 Εἴρηται

566 4495 723 4534 mus.
759 4478 986 4533 Dictum
1017 4482 1104 4532 est
1128 4477 1307 4532 etiam
1329 4478 1397 4532 de
1420 4478 1534 4533 hoc
1560 4478 1795 4535 decimo
1822 4494 1983 4535 nono
2015 4479 2221 4551 capite.

2368 4454 2377 4472 ι
2543 4454 2570 4460 η
3405 4454 3414 4466 .
3480 4454 3491 4464 .
3509 4454 3519 4465 .

2339 4483 2397 4540 δὲ
2424 4490 2513 4537 καὶ
2536 4490 2689 4537 τοῦτο
2712 4481 2758 4534 ἐν
2790 4491 2862 4554 τῷ
2892 4478 3328 4553 ἐννεακαιδεκάτῳ
3358 4481 3643 4554 κεφαλαίῳ,

640 4570 796 4623 Vers.
830 4570 911 4623 14.
942 4568 1018 4622 Et
1046 4569 1564 4624 —consummatio.
1598 4568 2055 4625 Consummatio
2083 4575 2227 4624 tem-

568 4657 648 4731 pli
690 4661 745 4712 et
773 4656 1124 4726 Jerusalem,
1149 4661 1211 4713 ut
1236 4658 1643 4729 praediximus.
1676 4659 1831 4717 Dicit
1852 4674 2030 4731 ergo:
2065 4661 2227 4715 Post-

570 4763 755 4821 quam
805 4746 963 4803 facta
1014 4746 1231 4803 fuerint
1288 4749 1567 4806 universa
1602 4764 1758 4821 qum
1790 4749 1950 4805 dicta
1982 4754 2139 4817 sunt,
2172 4754 2229 4807 et

568 4842 884 4911 postquam
903 4838 1281 4910 praedicatum
1295 4838 1861 4909 fueritEvangelium
1876 4840 1936 4895 in
1952 4839 2227 4897 universo

570 4928 735 4999 orbe,
768 4934 910 4985 tunc
933 4928 1127 4985 veniet
1142 4929 1368 4985 Judteis
1384 4928 1737 4986 omnimoda
1755 4930 2028 5002 perditio.
2056 4932 2227 4997 Quod

568 5024 770 5077 autem
801 5020 1140 5093 priusquam
1165 5026 1515 5094 caperentur
1542 5020 1960 5093 Hierosolyma
2012 5022 2226 5095 praedi-

569 5116 767 5168 catum
798 5110 871 5167 sit
898 5110 1291 5180 Evangelium
1323 5126 1430 5184 per
1481 5114 1671 5167 totum
1720 5112 2040 5177 mundum,
2081 5112 2228 5171 dixit

569 5202 795 5259 Paulus
819 5201 1271 5271 :Fructiﬁcavit,
1290 5201 1501 5275 inquit,
1526 5217 1597 5260 ac
1613 5202 1798 5261 crevit
1813 5203 1877 5260 in
1894 5204 2050 5260 omni
2071 5219 2227 5261 crea-

646 5380 691 5415 ⁴¹
725 5380 897 5436 Marc.
929 5396 1052 5445 xiii,
1085 5381 1171 5435 12.
1254 5381 1299 5417 ⁴²
1326 5383 1467 5439 Luc.
1506 5399 1627 5449 xxi,
1667 5387 1747 5439 16.

2411 4579 2511 4629 Καὶ
2548 4606 2617 4614 -
2663 4572 2822 4634 τέλος.
2880 4575 2949 4624 Τὸ
3003 4571 3139 4633 τέλος
3186 4578 3280 4623 τοῦ
3332 4580 3457 4623 ναοῦ
3496 4576 3587 4624 καὶ
3629 4580 3720 4631 τῆς
3764 4570 3951 4645 Ἰερου-

2341 4665 2536 4737 σαλὴμ,
2584 4667 2647 4724 ὡς
2675 4666 2987 4736 προέφημεν.
3046 4666 3200 4733 Λέγει
3248 4666 3440 4730 τοίνυν,
3483 4663 3562 4714 ὅτι
3615 4659 3746 4734 μετά
3776 4664 3833 4711 τὸ
3864 4680 3953 4731 γε-

2337 4758 2516 4809 νέσθαι
2564 4756 2629 4808 τὰ
2675 4754 2898 4829 ῥηθέντα
2954 4754 3143 4820 πάντα,
3210 4756 3299 4803 καὶ
3337 4753 3468 4824 μετά
3508 4753 3565 4803 τὸ
3606 4750 3950 4824 κηρυχθῆναι

2338 4850 2395 4899 τὸ
2440 4843 2749 4917 Εύαγγέλιον
2800 4840 2848 4894 ἐν
2902 4841 2991 4915 ὅλῃ
3054 4850 3115 4915 τῇ
3173 4841 3470 4915 οἰκουμένῃ,
3518 4846 3635 4893 τότε
3680 4840 3789 4904 ἡξει
3836 4847 3952 4904 τοῖς

2338 4934 2614 4994 Ἰουδαίοις
2689 4934 2714 4985 ὁ
2793 4932 3044 4994 παντελὴς
3123 4930 3348 5006 ὄλεθρος.
3419 4929 3539 4983 ’Ότι
3597 4927 3655 4983 δὲ
3706 4932 3805 5005 πρὸ
3850 4938 3951 4991 τῆς

2338 5027 2574 5088 ἁλώσεως
2649 5031 2744 5084 τῆς
2810 5021 3152 5098 Ἰερουσαλὴμ
3200 5021 3472 5095 ἐκηρύχθη
3520 5022 3577 5071 rb
3633 5017 3952 5091 Εὗαγγέλιον

2340 5116 2409 5179 εἰς
2458 5114 2572 5169 ὅλον
2627 5116 2712 5167 τὸν
2771 5116 2989 5185 κόσμον,
3047 5115 3246 5187 εἴρηκεν
3295 5112 3321 5163 ὁ
3381 5108 3605 5180 Παῦλος,
3667 5110 3748 5162 ὅτι
3797 5107 3956 5161 ⁴Εςῒτι

2337 5206 2820 5280 καρποφορούμενον
2898 5199 3011 5275 (21)
3099 5206 3189 5255 καί
3264 5198 3604 5275 αύξανόμενον
3690 5196 3738 5251 ἐν
3798 5198 3951 5273 πάσῃ

1828 5384 1876 5419 ⁴³
1916 5386 2086 5441 Marc.
2120 5402 2245 5456 xm,
2277 5388 2360 5442 10.

1690 5554 1914 5623 Variae
1945 5554 2271 5625 lectiones
2300 5565 2366 5624 et
2404 5563 2607 5623 notae.

578 5720 761 5851 ng)
785 5722 871 5781 Ita
900 5720 1077 5781 etiam
1096 5726 1343 5799 uterque
1369 5723 1556 5783 codex
1598 5724 1837 5784 ordinat
1857 5726 1919 5785 in
1949 5731 2228 5786 contextu

2411 5726 2519 5855 821)
2566 5723 3019 5807 Chrysostomus
3056 5720 3185 5804 hinc
3211 5721 3421 5779 tractat
3458 5725 3499 5777 t.
3533 5722 3647 5777 Vll.
3676 5734 3736 5792 p.
3770 5721 3873 5800 725
3907 5720 3958 5776 D

2442 5812 2556 5855 oca
2586 5794 2802 5855 similia
2826 5792 3157 5855 confundit.
3176 5795 3342 5853 Hunc
3362 5807 3525 5855 ergo.
3560 5807 3681 5851 non
3708 5790 3956 5849 codices

2342 5803 2398 5858 et
2420 5790 2556 5859 loca
2586 5790 2802 5856 similia
2826 5792 3157 5856 confundit.
3176 5795 3342 5853 Hunc
3362 5807 3525 5866 ergo,
3560 5790 3693 5851 non'
3708 5790 3956 5877 codices
