4178 6382
236 310 337 369 609

235 448 294 512 τῇ
355 440 526 490 κτίσει
601 442 663 509 τῇ
746 435 836 489 ὑπ’
894 434 1126 510 ούρανόν.
1200 436 1260 491 Εἰ
1330 438 1431 512 γὰρ
1504 434 1652 495 αύτὸς
1736 431 1836 485 ἀπὸ
1868 430 1915 485 Α

234 526 575 604 Ἰερουσαλὴμ
624 525 697 588 εἰς
769 525 1037 581 Ἱσπανίαν
1114 525 1379 601 ἐκήρυξεν,
1448 525 1684 583 ἐννόησον
1751 528 1840 575 καὶ

236 621 345 693 περὶ
389 626 490 670 τῶν
547 615 715 668 ἄλλων
747 614 1069 686 ἀποστόλων,
1102 617 1235 691 ἄχρι
1293 622 1458 669 πόσου
1532 611 1838 689 διέδραμον.

237 710 329 761 Διά
375 714 531 759 τοῦτο
592 702 651 758 δε
702 709 833 779 μετά
880 708 938 758 τό
997 707 1337 779 κηρυχθῆναι
1412 708 1470 758 τὸ
1534 702 1843 776 Εύαγγέλιον

238 803 515 868 πανταχοῦ
548 804 643 857 τῆς
672 798 976 867 οἰκουμένης
1036 793 1347 847 ἀπόλλυνται
1375 798 1440 847 τὰ
1492 793 1842 868 Ἰεροσόλυμα,

241 889 321 939 ἶνα
347 882 491 959 μηδὲ
527 888 679 938 σκιὰν
741 883 1028 957 ἀπολογίας
1080 887 1276 957 ἔχωσιν
1337 881 1606 951 Ἰουδαῖοι,
1657 884 1847 935 τοσαύο

239 980 327 1034 τήν
358 972 563 1037 ἰδόντες
603 979 698 1033 την
750 971 974 1048 δύναμιν
1013 983 1104 1027 τοῦ
1161 978 1514 1048 κηρύγματος,
1548 976 1612 1035 ὡς
1643 972 1690 1025 ἐν
1719 972 1849 1047 βρα-

238 1073 327 1138 χιί
379 1071 558 1118 πᾶσαν
590 1062 899 1138 ἐπιδραμεῖν
950 1068 1043 1124 τὴν
1089 1064 1413 1137 οἰκουμένην,
1457 1069 1546 1116 καὶ
1572 1070 1846 1136 πανταχοῦ

240 1155 464 1229 λάμψαι,
498 1158 590 1207 καὶ
634 1159 979 1229 μεμενηκότες
1026 1152 1109 1208 ἐπὶ
1166 1163 1256 1217 τῆς
1283 1155 1447 1216 αὐτῆς
1480 1154 1731 1216 ἀπιστίας
1759 1157 1847 1206 καὶ

240 1246 587 1321 ἀγνωμοσύνη
600 1266 640 1309 ς.

306 1336 472 1390 Ὀταν
550 1332 637 1389 οὖν
743 1367 812 1377 -
896 1340 1091 1390 νοείτω.
1171 1332 1447 1412 Βδέλυγμα
1535 1343 1622 1388 νῦν
1714 1334 1848 1408 λέγει

238 1430 325 1479 τόν
378 1422 670 1501 ἀνδριάντα
697 1433 788 1479 τοῦ
836 1430 1014 1493 Τίτου,
1066 1426 1140 1494 ὃν,
1178 1425 1298 1479 ἑλὼν
1336 1431 1427 1486 τὴν
1482 1424 1649 1493 πόλιν,
1698 1427 1850 1483 ἔστη-

243 1536 328 1571 σεν
408 1516 459 1569 ἐν
532 1524 645 1579 τοῖς
708 1512 924 1579 ἀδύτοις
989 1524 1080 1570 τοῦ
1142 1525 1287 1574 ναοῦ.
1356 1513 1698 1589 Βδελύγματα
1745 1518 1847 1591 γὰρ

241 1609 265 1659 ὁ
321 1611 477 1680 νόμος
546 1605 781 1679 ὠνόμαζε
855 1609 923 1660 τὰ
995 1614 1216 1661 τοιαῦτα
1293 1609 1695 1680 άφομοιὼματα.
1747 1613 1850 1667 Τῆς

242 1697 555 1771 ἐρημώσεως
621 1693 679 1750 δε
735 1704 892 1750 τούτο
960 1696 1194 1769 κέκληκε,
1262 1693 1422 1764 διότι,
1497 1696 1849 1770 ἐρημουμένου

1611 1790 1642 1845 ἦ
1710 1784 1852 1839 διότι
1888 1803 1926 1856 Β

244 1885 332 1930 τοῦ
404 1876 774 1953 ἐρημώσαντος
847 1876 980 1930 αὐτὰ
1044 1873 1105 1935 ἧν
1172 1878 1201 1935 ἡ
1262 1876 1407 1929 εἰκών
1462 1874 1617 1949 (22).
1659 1880 1727 1928 Τὸ
1770 1872 1847 1947 δὲ,

244 1796 333 1840 τοῦ
389 1795 520 1840 ναοῦ
586 1792 677 1840 καὶ
726 1796 818 1848 τῆς
868 1787 1083 1857 πόλεως,
1143 1790 1267 1846 ἔστη
1318 1794 1471 1839 τοῦτο
1529 1804 1541 1816 ·

243 1965 437 2040 Ὀτανξ
470 1963 645 2038 ἴδητε,
678 1963 825 2019 δοκεί
875 1969 965 2038 μὲν
1011 1966 1237 2041 ῥηθῆναι
1294 1969 1425 2039 πρὸς
1474 1969 1590 2026 τοὺς
1631 1964 1854 2019 ἀποστό-

244 2055 365 2119 λους
394 2072 408 2086 ·
446 2060 651 2131 φέρεται
695 2051 755 2109 δὲ
798 2059 928 2128 πρὸς
950 2059 1073 2119 τούς
1114 2051 1429 2120 Ἰουδαίους,
1479 2056 1560 2107 ἵνα
1590 2058 1850 2128 μάθωσιν,

243 2148 325 2199 ὅτι
351 2145 449 2199 όύκ
492 2146 558 2207 εἰς
584 2148 810 2222 μακρὰν,
865 2144 994 2197 ἀλλὰ
1025 2145 1227 2207 ζώντων
1267 2145 1436 2197 αὐτῶν
1486 2148 1543 2197 τό
1577 2142 1857 2219 βδέλυγμα

250 2241 527 2293 στήσεται.
590 2238 657 2288 Οἱ
717 2235 1001 2288 απόστολοι
1078 2237 1177 2310 γὰρ
1257 2237 1486 2308 ἔφθασαν
1556 2238 1852 2308 προαποθα-

248 2330 423 2387 νόντες
510 2327 556 2378 οἱ
632 2324 864 2393 πλείους,
941 2329 1031 2378 καὶ
1097 2328 1211 2378 ὅσοι
1280 2321 1339 2378 δὲ
1401 2324 1854 2398 περιελίεφθησαν,

240 2414 290 2467 ίν
329 2415 505 2476 ἄλλοις
538 2422 827 2474 τηνικαῦτα
868 2419 1050 2491 μέρεσι
1096 2422 1186 2477 τῆς
1212 2415 1518 2488 οἰκουμένης
1571 2411 1851 2491 διέτριϐον.

241 2505 560 2580 Παρέπεμψε
590 2502 648 2558 δε
688 2505 880 2567 αύτούς
929 2506 1014 2558 ἐπὶ
1046 2508 1130 2558 τὸν
1179 2505 1391 2568 Δανιὴλ,
1424 2508 1858 2580 προφητεύσαντα

240 2601 357 2671 περὶ
410 2602 505 2647 τοῦ
559 2597 799 2648 τοιούτου
870 2591 1258 2668 βδελύγματος,
1310 2599 1401 2647 καὶ
1466 2602 1557 2647 τοῦ
1611 2594 1847 2669 ὀλέθρου.

240 2690 385 2751 Τότε,
436 2688 623 2756 γησὶν,
658 2686 682 2737 ό
720 2683 1092 2757 ἀναγινώσκων
1144 2689 1239 2744 τὴν
1298 2682 1479 2757 βίϐλον
1520 2692 1611 2737 τοῦ
1645 2685 1853 2750 Δανιὴλ,

242 2780 417 2827 νοείτω
468 2773 755 2827 ἐπιστάντα
803 2777 891 2827 τὸν
949 2774 1173 2850 ὄλεθρον.
1230 2773 1288 2825 ’()
1331 2770 1389 2827 δὲ
1436 2778 1640 2835 Λουκᾶς
1688 2775 1857 2848 ἕτερον

251 2870 467 2937 σημεῖόν
497 2884 675 2936 φησιν,
705 2866 782 2917 ὃτι
810 2864 972 2917 Ὅταν
1002 2861 1155 2923 ἴδητε
1180 2863 1532 2937 κυκλουμένην
1572 2868 1671 2917 ὑπὸ
1702 2884 1853 2938 στρα-

248 2950 483 3007 τοπέδων
509 2958 604 3013 τὴν
632 2953 996 3029 Ἰερουσαλὴμ,
1043 2958 1159 3007 τότε
1184 2962 1366 3026 γνῶτε,
1399 2955 1479 3006 ὃτι
1505 2954 1623 3012 ἧκεν
1663 2956 1691 3012 ἡ
1737 2953 1855 3028 ἐρή-

248 3062 421 3116 μπσις
466 3044 654 3106 αὐτῆς.
703 3048 944 3097 Φαίνεται
974 3040 1083 3109 οὖν,
1116 3045 1199 3097 ὅτι
1228 3049 1318 3097 καὶ
1371 3045 1639 3119 ἀμφότερα
1667 3045 1802 3098 εἶπεν
1831 3046 1856 3098 ὁ

250 3137 498 3206 Χριστός.

318 3227 447 3275 Τότε
478 3254 546 3263 -
575 3221 660 3276 ἐπὶ
707 3224 775 3276 τὰ
821 3226 940 3299 ὄρη.
986 3222 1156 3277 Εἰπὼν
1199 3228 1318 3299 περὶ
1376 3230 1475 3276 τῶν
1526 3232 1698 3276 κακῶν
1758 3232 1857 3277 τῶν

245 3310 688 3386 καταληψομένων
745 3315 813 3366 τὰ
859 3312 1210 3387 Ἰεροσόλυμα,
1271 3318 1356 3366 ναὶ
1421 3318 1525 3386 μὴν
1586 3318 1676 3366 καὶ
1739 3318 1858 3389 περὶ

245 3410 346 3454 τῶν
375 3401 577 3454 πολλῶν
611 3407 703 3455 καὶ
732 3403 981 3456 ποικίλων
1035 3412 1342 3478 πειρασμῶν
1387 3412 1485 3456 τῶν
1531 3402 1853 3472 ἀποστόλων,

245 3494 323 3544 ἔτι
352 3488 412 3545 δε
444 3496 535 3544 καὶ
582 3497 702 3566 περὶ
748 3500 841 3553 τῆς
889 3490 1191 3554 εύοδώσεως
1240 3500 1332 3546 τοῦ
1371 3496 1729 3569 κηρύγματος,
1777 3495 1858 3547 ὅτι

246 3578 649 3653 ἀνεμποδίστως
712 3588 888 3635 πᾶσαν
946 3577 1319 3657 ἐπιδραμεῖται
1383 3602 1476 3642 την
1533 3583 1854 3657 οἰκουμένην,

244 3670 384 3742 λέγει
450 3672 605 3725 πάλιν
670 3678 789 3745 περὶ
848 3681 949 3725 τῶν
1017 3669 1321 3726 Ἰουδαϊκῶν
1389 3682 1685 3748 συμφορῶν,
1754 3670 1860 3726 δει-

244 3764 433 3832 κνύων,
495 3763 577 3814 ὅτι
631 3763 753 3815 ὅταν
798 3762 951 3824 αὐτὸς
1003 3767 1093 3815 καὶ
1124 3765 1173 3815 οἱ
1204 3765 1438 3835 μαθηταὶ
1472 3763 1632 3815 αύτού
1663 3784 1859 3817 παντα-

244 3858 356 3922 χοῦ
387 3847 737 3918 δοξάζωνται,
792 3855 908 3904 τότε
965 3852 1108 3905 οὗτοι
1153 3854 1481 3924 πανταχόθεν
1537 3848 1860 3926 διαφθείρον-

245 3960 356 3995 ται.
413 3945 509 3994 Διά
550 3938 609 3995 δε
666 3950 763 3994 τῶν
831 3938 1122 3995 δοκούντων
1180 3951 1380 4017 μικρῶν
1410 3942 1642 4015 ἐμφαίνει
1671 3946 1730 3995 τό
1762 3952 1860 3996 τῶν

246 4030 461 4102 πληγῶν
525 4033 727 4083 ἐκείνων
785 4029 1063 4107 ἀφόρητον.
1116 4036 1302 4085 Σκόπει
1367 4034 1497 4107 γάρ,
1562 4036 1709 4104 Τότε,
1765 4054 1862 4106 φη-

248 4126 354 4189 σὶν,
387 4123 513 4173 ὅταν
569 4124 627 4172 τό
660 4117 942 4193 βδέλυγμα
1011 4130 1129 4194 στῇ,
1163 4124 1212 4174 οἰ
1263 4120 1310 4173 ἰν
1336 4129 1399 4193 τῇ
1444 4120 1684 4195 Ἰουδαίᾳ
1744 4126 1862 4177 ἔνθα

245 4209 699 4283 τάἹεροσόλυμα,
759 4215 1088 4283 φευγέτωσαν
1142 4209 1224 4263 ἐπὶ
1290 4213 1359 4263 τὰ
1416 4215 1532 4285 ὄρη,
1597 4209 1862 4286 μηδεμίαν

246 4296 439 4352 ἐλπίδα
499 4304 760 4374 σωτηρίας
810 4299 912 4352 ἀπὸ
965 4307 1057 4353 τού
1116 4304 1422 4376 προσμένειν
1471 4303 1700 4374 ἔχοντες.
1750 4304 1862 4355 Ούκ

246 4392 398 4441 ἕσται
450 4391 554 4462 γὰρ
583 4388 870 4452 ἀνάκλησις
916 4389 1060 4460 ὅλως,
1088 4386 1212 4443 ούδὲ
1259 4390 1516 4462 μεταϐολὴ
1550 4399 1642 4445 τοῦ
1672 4401 1858 4449 κακοῦ.

247 4484 435 4552 Διόπερ
470 4483 743 4550 ἀγαπητόν
772 4482 831 4532 τὸ
864 4484 955 4533 καὶ
980 4488 1158 4554 γυμνῷ
1186 4488 1257 4552 τῷ
1284 4485 1489 4553 σώματι
1511 4484 1713 4556 φεύγειν
1736 4482 1862 4556 ἀμε-

404 4537 414 4552 .
512 4537 524 4550 .
987 4537 1059 4554 ι.
1129 4537 1138 4553 .
1228 4537 1237 4552 .
1362 4537 1372 4553 ι
1517 4537 1528 4555 .
1612 4537 1626 4556 .
1770 4538 1779 4556 .

247 4574 567 4644 ταστρεπτί.
1893 4537 1939 4593 D

320 4659 379 4711 Ὀ
414 4690 479 4699 --
510 4665 601 4719 τῆς
650 4658 841 4720 οἰκείας
883 4658 1070 4718 αὐτοῦ,
1130 4662 1225 4713 Διά
1266 4663 1351 4714 τὸν
1384 4659 1671 4735 ἀφύλακτον
1723 4664 1863 4717 κάτω

247 4744 511 4814 κίνδυνον,
548 4750 631 4801 ἶνα
659 4752 730 4819 μὴ
764 4748 999 4821 ἐμπεσὼν
1031 4748 1314 4810 ἀπόληται.

324 4843 530 4892 Καὶ-
576 4839 643 4890 τὰ
692 4840 878 4911 ἱμάτια
928 4838 1114 4897 αὐτοῦ,
1180 4844 1239 4892 E‘:
1265 4842 1367 4916 γὰρ
1435 4842 1484 4894 εἰ
1527 4841 1577 4895 ἓν
1619 4850 1682 4915 τῇ
1718 4843 1863 4897 πόλει

251 4932 507 5001 φεύγουσι
533 4930 621 4980 τόν
679 4924 825 4982 ἔνδον
865 4928 978 5001 (23)
1029 4928 1257 5004 ὄλεθρον,
1305 4930 1477 5003 πολλῷ
1515 4931 1705 5005 μᾶλλον
1735 4936 1784 4986 οἱ
1813 4933 1861 4987 ἐν

246 5027 361 5081 τοῖς
438 5014 636 5093 ἀγροῖς.
708 5021 860 5093 Παρά
922 5014 981 5072 δε
1038 5028 1109 5092 τῷ
1172 5025 1354 5094 Λουκᾴ
1415 5020 1553 5095 λέγει
1616 5027 1707 5076 καὶ
1766 5028 1861 5083 τὴν

249 5110 425 5163 αἰτίαν
487 5116 583 5170 τῆς
657 5104 1021 5183 σφοδρότητος
1070 5118 1172 5163 τῶν
1221 5109 1453 5185 πληγῶν,
1533 5107 1633 5166 ὅτι
1674 5114 1863 5191 ἡμέραι

320 5290 370 5327 ⁵⁸
398 5287 632 5347 Coloss.
668 5304 707 5357 ι,
734 5292 802 5347 23
847 5307 861 5361 ;
892 5304 971 5359 Vi,
1014 5293 1095 5349 to.
1206 5292 1253 5329 ³⁸
1286 5292 1434 5371 Dan.
1476 5308 1558 5366 ix,
1599 5296 1697 5353 27.

1187 308 1553 367 COMMENT.
1597 307 1668 363 IN
1712 296 2156 364 MATTHXEUM.
2198 341 2266 352 —
2306 308 2466 367 CAP.
2500 302 2704 365 XXIV.

1820 5292 1868 5331 ⁸⁵
1901 5295 2048 5353 Luc.
2082 5311 2209 5363 xxx,
2235 5297 2324 5351 20.

3510 313 3615 369 610

1949 434 2086 490 tura
2116 451 2243 507 qua:
2263 436 2371 493 sub
2403 436 2541 492 caelo
2572 441 2652 493 est
2681 436 2751 491 “.
2809 434 2864 492 Si
2898 432 3059 491 enim
3108 432 3239 507 ipse
3274 451 3310 492 a
3340 436 3614 494 Hieroso-

1948 520 2365 599 lymis.usque
2419 526 2497 581 ad
2548 524 2894 598 Hispaniam
2942 523 3302 595 praedicavit,
3366 526 3616 599 concipe

1952 613 2126 669 etiam
2170 615 2245 671 de
2276 616 2502 671 caeteris
2528 614 2818 688 apostolis
2854 630 3171 687 quousque
3203 616 3614 686 percurrerint.

1956 700 2178 758 Idcirco
2196 704 2352 760 enim
2378 709 2694 777 postquam
2715 705 3102 776 praedicatum
3126 710 3212 760 est
3232 705 3618 776 Evangelium

1954 790 2499 865 ubiqueterrarum,
2515 800 2760 867 pereunt
2782 793 3217 867 Hierosolyma,
3242 810 3317 851 ne
3336 794 3618 852 umbram

1954 881 2197 953 quidem
2211 884 2619 958 responsionis
2636 884 2936 941 habeantJ
2946 885 3126 941 udaei:
3171 891 3395 942 tantam
3418 885 3620 942 viden-

1957 974 2043 1026 tes
2066 972 2508 1045 praedicationis
2544 976 2839 1045 virtutem,
2877 979 2938 1031 ut
2967 975 3320 1032 brevissimo
3354 980 3618 1049 tempore

1959 1056 2304 1114 universum
2337 1062 2685 1131 percurrerit
2726 1061 2954 1127 orbem,
2991 1065 3046 1117 et
3091 1061 3307 1134 ubique
3335 1062 3621 1135 splendo—

1955 1162 2083 1203 rem
2110 1147 2338 1207 dederit
2371 1168 2382 1206 :
2418 1166 2557 1206 cum
2590 1156 2789 1207 tamen
2820 1151 2928 1223 ipsi
2958 1152 3397 1225 permanserint
3435 1152 3495 1209 in
3527 1152 3622 1209 in-

1955 1236 2236 1295 ﬁdelitate
2267 1245 2321 1297 et
2343 1240 2767 1311 ingratitudine
2790 1257 2918 1297 sua.

2028 1329 2190 1384 Vers.
2227 1330 2310 1386 15.
2345 1328 2490 1387 Cum
2521 1347 2651 1403 ergo
2682 1330 3078 1403 —'_inteltigat.
3099 1331 3620 1391 Abominationem

1956 1416 2100 1473 dicit
2122 1418 2228 1475 Titi
2255 1423 2537 1489 statuam,
2569 1436 2759 1493 quam
2814 1426 2991 1493 capta
3042 1420 3278 1479 civitate
3310 1423 3517 1479 statuit
3557 1423 3620 1479 in

1957 1506 2154 1579 adytis
2177 1508 2401 1583 templi.
2430 1510 2737 1584 Siquidem
2759 1509 3248 1568 abominationes
3280 1512 3626 1585 appellabat

1955 1598 2047 1654 lex
2076 1598 2433 1669 hujusmodi
2485 1600 2800 1671 imagines.
2848 1600 3229 1657 Desolationis
3273 1618 3411 1657 vero
3453 1602 3620 1668 dixit,

1958 1688 2103 1761 quia
2132 1688 2231 1744 illa
2255 1690 2491 1747 deserto
2520 1690 2744 1761 templo
2776 1706 2846 1747 ac
2868 1691 3098 1747 civitate
3142 1695 3337 1748 erecta
3361 1697 3446 1749 est
3476 1708 3489 1747 :
3524 1696 3626 1748 aut

1958 1779 2102 1851 quia
2127 1778 2256 1849 ejus
2282 1783 2409 1835 erat
2455 1778 2654 1849 imago
2690 1780 2795 1852 qui
2825 1779 2950 1835 haec
2981 1780 3212 1837 deserta
3260 1781 3414 1838 fecit.
3449 1781 3622 1847 Quod

1960 1872 2161 1925 autem
2185 1868 2302 1927 ait:
2345 1868 2488 1924 Cum
2520 1868 2797 1932 videritis,
2832 1869 3064 1925 videtur
3104 1868 3345 1941 quidem
3386 1870 3622 1937 Idictum

1960 1974 2097 2014 esse
2124 1958 2203 2014 ad
2233 1959 2555 2030 apostolos,
2581 1958 2687 2014 sed
2715 1962 2914 2015 tamen
2946 1958 3129 2014 fertur
3158 1958 3237 2015 ad
3266 1958 3530 2025 Judaeos,
3558 1964 3622 2018 ut

1961 2048 2339 2121 sciantquod
2360 2064 2483 2104 non
2518 2047 2693 2120 longe
2730 2052 2885 2121 post,
2918 2048 3018 2103 sed
3058 2049 3142 2105 eis
3189 2048 3388 2105 adhuc
3423 2050 3624 2105 viven-

1960 2138 2121 2195 tibus
2152 2138 2523 2195 abominatio
2553 2138 2752 2194 stabit.
2779 2138 2981 2194 Plures
3004 2138 3302 2211 siquidem
3330 2140 3620 2210 apostolo-

1960 2245 2096 2285 rum
2119 2233 2255 2285 aute
2286 2228 2345 2283 id
2386 2236 2623 2301 tempus
2665 2228 2877 2284 mortui
2912 2234 3051 2284 sunt
3077 2245 3091 2284 :
3123 2229 3322 2285 caeteri
3353 2245 3491 2285 vero
3518 2230 3625 2302 qui

1960 2326 2374 2374 remanserant
2392 2318 2454 2373 in
2485 2317 2614 2375 aliis
2642 2322 2784 2373 tunc
2810 2318 2968 2373 orbis
3008 2318 3273 2390 partibus
3304 2319 3626 2376 versaban-

1960 2412 2081 2464 tur.
2118 2406 2269 2463 Misit
2296 2413 2495 2463 autem
2522 2422 2626 2464 eos
2672 2408 2751 2464 ad
2777 2407 3109 2473 Danielem,
3166 2408 3267 2481 qui
3303 2408 3377 2464 de
3410 2408 3624 2480 hujus-

1962 2497 2130 2552 modi
2160 2496 2605 2553 abominatione
2630 2501 2686 2553 et
2716 2503 2911 2567 strage
2940 2497 3411 2569 prophetaverat.
3439 2498 3624 2569 Tunc,

1963 2585 2165 2659 inquit,
2225 2586 2331 2659 qui
2380 2586 2523 2656 legit
2553 2586 2808 2643 Danielis
2856 2587 3075 2642 librum
3126 2588 3192 2652 ιδ,
3232 2586 3517 2657 intelligat
3557 2604 3627 2644 ac

1964 2675 2303 2733 consideret
2357 2682 2617 2732 erectam
2674 2676 3200 2733 abominationem.
3266 2680 3451 2734 Lucas
3486 2694 3626 2735 vero

1966 2765 2131 2821 aliud
2169 2766 2312 2822 dicit
2362 2767 2603 2836 signum
2638 2782 2650 2820 :
2688 2765 2826 2822 Cum
2854 2767 3111 2823 videritis
3163 2766 3518 2824 circumdari
3559 2768 3629 2824 ab

1968 2856 2321 2912 exercitibus
2350 2858 2699 2923 Jerusalem,
2737 2863 2877 2913 tunc
2928 2858 3121 2913 scitote
3162 2857 3315 2928 quod
3376 2857 3627 2914 imminet

1965 2944 2238 3002 desolatio
2269 2947 2391 3015 ejus
2423 2947 2495 3003 ⁸⁵.
2531 2948 2795 3019 Apparet
2824 2961 2966 3017 ergo
2988 2946 3152 3019 quod
3189 2951 3508 3020 utrumque
3538 2946 3631 3003 di-

1964 3035 2115 3092 xerit
2144 3036 2429 3091 Christus.

2038 3218 2199 3273 Vers.
2229 3220 2310 3273 16.
2353 3216 2517 3272 Tunc
2541 3245 2611 3255 —
2640 3214 2721 3271 ad
2750 3221 2982 3271 montes.
3032 3213 3361 3289 Postquam
3401 3216 3475 3273 de
3506 3234 3633 3276 ma-

1964 3306 2035 3363 lis
2056 3306 2223 3375 dixit,
2251 3322 2388 3379 quas
2434 3305 2945 3378 comprehensum
2975 3309 3145 3361 erant
3193 3307 3626 3381 Hierosolyma,

1965 3396 2038 3453 de
2062 3397 2265 3453 multis
2288 3401 2570 3469 prmterea
2599 3411 2667 3451 ac
2701 3395 2882 3452 variis
2910 3395 3325 3467 apostolorum
3353 3398 3634 3455 tentatio-

1969 3486 2168 3556 nibus,
2194 3487 2443 3558 insuper
2458 3491 2512 3543 et
2528 3485 2596 3541 de
2608 3500 2897 3559 prospero
2914 3484 3359 3558 praedicationis
3397 3505 3629 3545 succes-

1966 3593 2056 3644 su,
2085 3577 2252 3650 quod
2282 3577 2512 3649 absque
2537 3575 3110 3649 ulloimpedimento
3135 3577 3467 3634 universum
3503 3594 3633 3651 per-

1967 3672 2162 3725 curret
2192 3668 2403 3723 orbem
2435 3685 2447 3720 :
2478 3666 2742 3740 loquitur
2767 3666 2981 3723 iterum
3005 3667 3078 3722 de
3108 3667 3453 3724 Iudaeorum
3484 3669 3635 3724 cala-

1968 3758 2294 3825 mitatibus,
2327 3758 2649 3813 ostendens
2678 3756 2846 3829 quod
2876 3762 3191 3829 postquam
3217 3758 3344 3830 ipse
3368 3765 3423 3815 et
3461 3759 3635 3815 disci-

1968 3848 2095 3922 puli
2132 3850 2225 3905 sui
2280 3848 2501 3921 ubique
2527 3848 2589 3904 in
2620 3848 2899 3921 opinione
2930 3848 3145 3903 celebri
3185 3848 3367 3905 habiti
3392 3849 3630 3917 fuerint,

1970 3938 2185 3995 tunchi
2214 3939 2478 4011 undique
2527 3937 2875 4010 perdentur.
2947 3938 3058 3993 Per
3089 3954 3161 3995 ea
3191 3956 3328 3996 vero
3352 3956 3477 4013 qua:
3505 3956 3636 4013 par-

1969 4044 2047 4086 va
2074 4028 2375 4095 videntur,
2418 4028 2790 4085 demonstrat
2818 4028 3134 4101 plagarum
3164 4028 3403 4085 illarum
3428 4030 3637 4086 intole-

1970 4118 2353 4176 rabilitatem.
2388 4117 2711 4174 Considera
2747 4118 2929 4173 enim.
2976 4121 3162 4183 Tunc,
3194 4118 3413 4191 inquit,
3441 4120 3544 4192 qui
3575 4120 3637 4176 in

1969 4208 2173 4265 Judaea
2203 4213 2360 4274 sunt,
2396 4207 2500 4263 ubi
2526 4206 2937 4279 Hierosolyma
2958 4208 3069 4263 sita
3094 4212 3252 4275 sunt,
3292 4206 3528 4275 fugiant
3557 4208 3638 4263 ad

1971 4302 2225 4365 montes,
2255 4297 2483 4354 nullam
2510 4297 2714 4353 salutis
2743 4313 2912 4369 spem
2934 4297 2997 4353 in
3025 4296 3397 4353 remanendo
3413 4296 3637 4353 haben-

1971 4394 2057 4445 tes
2085 4405 2099 4455 ;
2127 4404 2324 4461 neque
2343 4387 2507 4443 enim
2526 4388 2632 4443 erit
2648 4388 2897 4443 omnino
2916 4388 3214 4443 revocatio
3228 4391 3329 4444 aut
3347 4386 3490 4442 mali
3510 4403 3639 4443 mu-

1972 4480 2113 4537 tatio
2156 4493 2170 4545 ;
2201 4477 2338 4535 ideo
2367 4478 2430 4533 id
2460 4476 2951 4549 amplectendam
2993 4477 3119 4543 erit,
3154 4482 3218 4534 ut
3247 4477 3413 4533 nudo
3454 4477 3638 4535 etiam

1970 4584 2243 4643 corpore,
2275 4585 2386 4625 nec
2415 4584 2593 4625 versa
2622 4572 2933 4624 retrorsum
2959 4567 3105 4625 facie
3134 4567 3386 4638 fugiant.

2047 4661 2205 4718 Vers.
2234 4660 2328 4716 17.
2360 4658 2550 4726 Qui—
2578 4659 2751 4716 domo
2773 4675 2895 4714 sua.
2924 4657 3507 4730 Propterinevitabile
3540 4673 3641 4731 pe.

1972 4751 2248 4818 riculum,
2269 4766 2343 4807 ne
2369 4749 2595 4807 incidat
2618 4750 2679 4805 in
2708 4748 3124 4821 perditionem.

2044 4842 2324 4899 Vers.18.
2350 4840 2428 4897 Et
2457 4870 2527 4881 -—
2566 4839 2913 4897 vestimenta
2941 4855 3072 4897 sua.
3112 4838 3170 4893 Si
3225 4837 3387 4895 enim
3443 4838 3549 4911 qui
3577 4838 3641 4895 in

1974 4932 2215 4989 civitate
2254 4936 2411 4999 sunt,
2445 4930 2682 5004 fugiunt
2710 4946 2848 4987 eam
2872 4944 3007 5003 quas
3034 4928 3192 4985 intus
3220 4933 3311 4985 est
3351 4932 3638 4999 stragem,

1974 5023 2165 5079 multo
2195 5023 2389 5094 magis
2420 5021 2526 5095 qui
2556 5021 2616 5077 in
2647 5020 2834 5092 agris.
2860 5018 3039 5093 Apud
3062 5020 3285 5075 Lucam
3316 5032 3458 5073 vero
3496 5016 3642 5075 dicit

1973 5114 2153 5171 etiam
2183 5128 2430 5169 causam
2453 5110 2842 5168 vehementia;
2872 5110 3194 5183 plagarum
3220 5107 3268 5143 ιτ
3296 5121 3309 5163 :
3335 5106 3484 5173 Quia
3512 5104 3640 5163 dies

2439 5294 2487 5332 ⁴τ
2520 5294 2666 5355 Luc.
2702 5308 2825 5361 ni,
2844 5295 2933 5350 22.

1492 5469 1715 5543 Varia
1747 5473 2076 5543 lectiones
2107 5486 2173 5542 et
2203 5486 2406 5542 notae.

255 5666 398 5723 Novi
443 5664 829 5742 Testamenti.
868 5668 1130 5742 sequitur
1164 5671 1536 5742 Euthymius.
1579 5672 1747 5729 Hunc
1779 5688 1864 5729 er-

257 5755 452 5795 on'em
481 5740 735 5796 correxit
758 5739 1088 5813 Theop'hyl.
1123 5756 1183 5815 p.
1216 5739 1411 5800 143Ἐ.

2194 5670 2291 5724 Ἢν
2321 5670 2491 5734 εἰκών,
2525 5674 2592 5725 Α.

2196 5740 2375 5797 Ἐνδον
2402 5742 2573 5799 abest
2595 5742 2661 5798 Α.

2046 5670 2163 5818 ἓἓέ
