4096 6416
444 276 539 331 611

1768 262 2113 323 EUTHYMII
2156 258 2484 321 ZIGABENI

3720 266 3827 325 612

444 400 685 457 ultionis
714 397 778 454 hi
803 399 960 463 sunt,
996 398 1060 452 ut
1085 394 1501 468 compleantur
1543 395 1749 454 omnia
1774 409 1911 467 quae
1956 393 2102 448 scri-

2228 386 2534 453 ἓκδικήσεως
2560 388 2716 446 αὗταί
2742 392 2866 462 εἰσι,
2907 398 3000 445 τοῦ
3048 390 3349 450 πλησθῆναι
3397 390 3508 464 (24)
3548 392 3716 445 πάντα
3765 394 3833 445 τὰ

443 497 550 564 pta
573 495 730 555 sunt,
751 489 809 544 in
834 488 999 543 libris
1026 486 1297 542 videlicet
1332 487 1585 542 Danielis
1604 492 1661 542 et
1687 486 1939 542 aliorum
1970 499 2103 556 pro-

443 580 786 652 phetarum,
829 577 902 631 de
933 576 1282 646 hujusmodi
1314 576 1778 648 expugnatione.
1840 574 1972 629 Dies
2005 590 2105 630 au-

443 672 565 723 tem
588 667 822 723 ultionis
837 666 1012 721 caedis
1028 666 1351 721 Dominicaa
1375 674 1567 722 erunt.
1588 668 1702 723 Sed
1717 667 1840 721 haec
1862 664 2102 738 quidem

440 758 615 830 juxta
643 756 970 812 historiam.

516 848 690 902 Juxta
717 861 1032 916 anagogen
1054 861 1213 909 vero,
1241 845 1412 917 quiin
1428 846 1637 902 Judaea
1663 848 1821 913 sunt,
1849 844 1965 900 hoc
1997 846 2104 909 est,

443 936 501 992 in
532 935 734 992 divino
765 936 927 991 cultu
961 952 973 990 :
1008 950 1147 990 nam
1180 934 1238 990 id
1268 934 1565 1005 signiﬁcat
1588 934 1802 990 Judaeaa
1833 948 2055 989 nomen
2089 948 2102 987 :

444 1025 679 1095 fugiant
704 1025 781 1081 ad
814 1029 1064 1089 montes,
1108 1023 1167 1079 id
1201 1029 1304 1087 est,
1351 1024 1428 1080 ad
1466 1024 1772 1080 excelsum
1812 1023 1911 1078 Dei
1944 1020 2105 1077 auxi-

442 1114 724 1181 lium,aut
741 1114 817 1169 ad
842 1113 1077 1169 excelsa
1102 1113 1411 1169 virtutum.
1434 1114 1691 1179 Quivero
1715 1114 1774 1168 in
1796 1117 1969 1176 tecto,
1987 1113 2105 1166 sive

444 1206 549 1277 qui
574 1204 1024 1260 conversatione
1056 1202 1341 1271 elevatus,
1378 1208 1434 1260 et
1477 1203 1766 1259 excelsior
1791 1219 1895 1275 per
1921 1203 2106 1256 vitam

443 1292 686 1349 effectus
716 1292 910 1358 fuerit,
939 1308 1061 1348 non
1083 1293 1424 1359 descendat,
1469 1298 1533 1348 ut
1563 1293 1726 1348 tollat
1779 1292 1988 1347 mundi
2025 1290 2107 1346 af-

443 1382 631 1439 fectus
664 1398 816 1455 quos
848 1382 1188 1454 reliquerat.
1219 1383 1285 1438 Et
1310 1383 1412 1455 qui
1442 1381 1499 1437 in
1534 1398 1679 1453 agro
1709 1383 1831 1438 sive
1862 1382 1923 1437 in
1964 1380 2106 1436 soli-

443 1473 593 1529 taria
621 1473 757 1542 vita,
788 1489 911 1529 non
938 1476 1263 1529 revertatur
1291 1478 1352 1528 ut
1391 1471 1559 1528 tollat
1588 1473 1944 1528 vestimenta
1975 1487 2104 1536 sua,

446 1578 583 1634 quae
624 1567 763 1618 sunt
792 1563 1163 1635 operimenta
1201 1566 1608 1636 peccatorum,
1642 1562 1720 1619 ab
1749 1578 1819 1619 eo
1841 1562 1971 1634 jam
2002 1560 2103 1616 du-

447 1653 596 1709 dum
625 1651 846 1709 relicta.

518 1852 675 1907 Vers.
697 1852 785 1908 19.
832 1851 929 1908 Vw
961 1880 1025 1891 -—
1044 1850 1261 1906 diebus.
1287 1850 1404 1907 Illis
1421 1850 1669 1924 quidem
1696 1852 1935 1923 propter
1954 1863 2109 1905 onus

445 1940 709 2005 interius,
744 1940 837 1995 his
868 1956 1009 1995 vero
1040 1948 1281 2012 propter
1307 1940 1580 1997 exterius.
1617 1939 1737 1995 Illae
1770 1940 1930 1995 enim
1965 1953 2115 2010 pon-

446 2031 586 2087 dere
616 2030 1022 2103 embryonum
1051 2036 1393 2099 gravantur,
1427 2031 1520 2087 hae
1554 2038 1756 2088 autem
1788 2046 1967 2086 onere
1998 2028 2115 2085 lac-

448 2121 720 2176 tentium.
747 2119 1056 2192 Siquidem
1078 2120 1250 2176 facile
1282 2126 1497 2193 estpro
1530 2122 1717 2178 salute
1747 2119 2035 2193 pecunias
2060 2122 2116 2174 et

447 2210 806 2265 vestimenta
848 2214 1229 2264 contemnere
1261 2224 1272 2263 :
1308 2210 1435 2265 ﬁeri
1489 2216 1686 2266 autem
1720 2209 1907 2265 levem
1938 2213 1992 2263 et
2025 2207 2114 2262 fu-

449 2315 591 2371 gam
618 2299 957 2370 expeditam
986 2315 1119 2354 eam
1157 2299 1245 2369 (h)
1278 2315 1415 2371 quae
1465 2300 1524 2355 in
1557 2304 1724 2355 utero
1768 2297 1969 2362 habet,
2013 2301 2115 2353 aut

449 2388 705 2459 abjicere
735 2388 1023 2444 infantem
1052 2405 1188 2444 eam
1210 2405 1345 2460 quae
1375 2388 1575 2453 lactat,
1616 2405 1862 2462 prorsus
1892 2388 2114 2459 impos-

448 2477 613 2534 sibile
643 2483 730 2533 est
760 2484 1002 2550 propter
1056 2483 1282 2533 naturae
1321 2478 1641 2534 vinculum.
1666 2481 1763 2534 Vae
1802 2494 1942 2547 ergo
1974 2476 2109 2543 illis,

447 2568 592 2640 quia
615 2567 788 2623 facile
818 2567 1441 2639 comprehendentur;
1477 2574 1531 2623 et
1563 2568 1829 2624 similiter
1865 2567 2114 2640 {embry-

449 2656 671 2713 onibus
699 2673 767 2712 ac
799 2656 1178 2721 lactentibus,
1214 2662 1279 2711 ut
1299 2656 1398 2727 qui
1422 2657 1597 2712 simul
1627 2658 1904 2729 peribunt
1936 2658 2030 2729 (ί).

519 2746 699 2801 Juxta
739 2762 1052 2816 anagogen
1085 2761 1224 2801 vero
1286 2752 1663 2817 praegnantes
1696 2746 1953 2803 dicimus
1991 2747 2116 2802 ani-

449 2854 596 2901 mas,
631 2852 765 2907 quia
796 2835 1073 2889 virtutem
1100 2835 1367 2891 nondum
1393 2841 1776 2908 pepererunt:
1821 2836 2110 2893 lactantes

2211 487 2563 553 γεγραμμένα,
2602 480 2834 549 δηλαδὴ,
2878 486 2926 535 ἐν
2975 489 3089 544 ταῖς
3145 480 3350 554 βίϐλοις
3391 488 3482 533 τοῦ
3531 501 3583 534 τε
3615 482 3828 550 Δανιὴλ,

2213 576 2301 621 καὶ
2327 580 2424 622 τῶν
2470 572 2630 624 ἀλλων
2661 581 2958 646 προφητῶν,
2994 577 3110 647 περὶ
3150 581 3240 632 τῆς
3280 574 3525 633 τοιαύτης
3557 569 3821 633 ἁλώσεως.

2212 659 2428 732 Ἡμέραι
2461 659 2519 714 δὲ
2572 659 2893 725 ἐκδικήσεως
2937 671 3027 715 τοῦ
3079 668 3393 715 Δεσποτικοῦ
3448 665 3627 734 φόνου,
3668 661 3832 716 Ἀλλά

2214 759 2378 802 ταῦτα
2411 755 2499 823 μὲν
2526 753 2645 804 καθ’
2688 756 2942 829 ἱστορίαν.

2290 844 2436 893 Κατά
2500 838 2558 894 δὲ
2615 842 2882 915 ἀναγωγὴν
2940 844 2988 895 οἱ
3039 840 3086 893 ἐν
3118 849 3179 914 τῇ
3213 837 3471 914 Ἰουδαίᾳ,
3533 845 3825 915 τουτέστιν,

2216 933 2264 984 οἱ
2296 929 2342 983 ἓν
2379 939 2439 1004 τῇ
2497 931 2731 1005 εὐσεϐείᾳ
2772 950 2785 963 ⁸
2838 940 2990 984 τοῦτο
3026 935 3126 1007 γὰρ
3171 936 3418 1004 σημαίνει
3457 934 3514 983 τὸ
3554 940 3648 993 τῆς
3702 932 3834 985 Ἰου-

2218 1018 2372 1082 δαὶας
2421 1025 2581 1094 ὄνομα
2618 1042 2631 1054 ·
2666 1026 2995 1093 φευγέτωσαν
3047 1021 3130 1075 ἐπὶ
3178 1025 3242 1074 τὰ
3273 1026 3365 1095 ὅρη
3401 1040 3414 1053 ο
3448 1021 3575 1092 λέγω
3617 1018 3706 1086 δὴ,
3744 1025 3832 1074 ἐπὶ

2214 1114 2308 1168 τὴν
2367 1110 2566 1181 ὑψηλὴν
2620 1110 2867 1184 βοήθειαν
2918 1118 3008 1163 τοῦ
3044 1118 3196 1181 Θεοῦ,
3233 1111 3261 1169 ἦ
3317 1109 3401 1163 ἐπὶ
3450 1112 3516 1162 τὰ
3562 1109 3670 1181 ὕψη
3725 1119 3831 1163 τῶν

2217 1198 2407 1274 ἀρετῶν
2443 1218 2454 1229 ’
2499 1203 2523 1252 6
2573 1200 2656 1254 ἐπὶ
2710 1209 2800 1254 τοῦ
2833 1198 3079 1273 δώματος
3111 1197 3189 1266 δε,
3242 1204 3425 1272 ἤγουν,
3466 1201 3490 1252 6
3546 1207 3639 1261 τῆς
3689 1203 3835 1253 κάτω

2220 1285 2498 1364 διατριϐῆς
2527 1292 2835 1366 ὑπεραρθεὶς
2895 1296 2985 1343 καὶ
3016 1289 3216 1361 ὑψηλός
3277 1298 3349 1360 τῷ
3382 1288 3484 1362 βίῳ
3536 1293 3831 1363 γενόμενος,

2219 1383 2288 1452 μὴ
2319 1379 2669 1433 καταϐαινέτω
2700 1375 2823 1457 ἆραι
2852 1380 2989 1433 rei:
3018 1388 3110 1433 τοῦ
3131 1384 3331 1452 κόσμου
3360 1382 3524 1444 πάθη,
3555 1380 3683 1454 άπερ
3706 1378 3836 1433 ἀπο-

2217 1469 2416 1522 λέλοιπε
2449 1488 2460 1501 ⁸
2505 1475 2594 1523 καὶ
2621 1472 2646 1522 ό
2668 1469 2715 1523 ἐν
2746 1480 2818 1542 τῷ
2845 1470 2989 1545 ἀγρῷ
3029 1468 3108 1537 δὲ,
3132 1474 3319 1538 ἰῖτουν,
3348 1470 3373 1521 6
3395 1470 3443 1523 ἐν
3464 1478 3535 1540 τῷ
3560 1469 3833 1542 ἀνακεχω-

2219 1565 2423 1633 ρημένῳ
2456 1558 2581 1633 βίῳ,
2613 1566 2684 1632 μὴ
2719 1560 3086 1635 ἐπιστρεψάτω
3140 1555 3265 1637 ἆραι
3302 1562 3369 1613 τὰ
3432 1562 3619 1633 ἱμάτια
3670 1560 3832 1613 αὐτοῦ

2220 1649 2348 1723 άπερ
2382 1650 2483 1703 εἰσὶ
2542 1654 2607 1704 τὰ
2636 1649 2946 1725 περιϐόλαια
2976 1660 3074 1704 τῶν
3108 1649 3394 1726 ἁμαρτιῶν,
3445 1650 3479 1702 ἃ
3507 1649 3670 1703 πάλαι
3708 1647 3834 1703 ἀπε-

2148 1755 2190 1808 Β
2224 1736 2446 1795 δύσατο.

2297 1846 2430 1899 Ούαὶ
2462 1878 2526 1888 —
2555 1849 2796 1920 ἡμέραις.
2827 1854 2937 1900 Τῶν
2992 1849 3081 1920 μὲν
3116 1848 3251 1919 (25),
3297 1842 3393 1901 διὰ
3420 1847 3506 1900 τὸν
3531 1846 3673 1910 ἐντὸς
3704 1850 3833 1923 φόρ-

2223 1956 2331 2005 τον,
2385 1944 2486 1988 τῶν
2536 1933 2595 1990 δὲ
2654 1934 2748 1989 διὰ
2802 1941 2890 1989 τὸν
2948 1936 3088 1999 ἐκτὸς
3148 1937 3207 1989 οῦ
3263 1934 3558 2012 δυναμένων
3612 1937 3836 2000 εὐκόλως

2225 2034 2426 2099 φυγεῖν.
2464 2029 2635 2099 Αἱμεν
2660 2030 2761 2099 γὰρ
2797 2026 3117 2101 βεϐάρηνται
3142 2035 3214 2098 τῷ
3251 2028 3413 2100 οἶχθει
3444 2036 3543 2080 τῶν
3575 2026 3837 2101 ἐμϐρύων,

2226 2116 2279 2168 αἰ
2312 2113 2369 2169 δὲ
2409 2124 2480 2185 τῷ
2512 2122 2704 2190 φορτίῳ
2734 2126 2832 2168 τῶν
2890 2117 3237 2177 θηλαζόντων.
3272 2119 3571 2191 Χρημάτων
3610 2120 3701 2190 μεν
3729 2120 3837 2192 γὰρ

2223 2210 2313 2257 καὶ
2378 2208 2593 2278 ἱματίων
2658 2211 3057 2281 καταφρονῆσαί
3107 2204 3317 2282 ῥᾴδιον,
3370 2204 3465 2259 διὰ
3524 2213 3789 2282 σωτηρίαν
3822 2225 3835 2239 ⁸

2223 2298 2464 2367 γενέσθαι
2504 2293 2562 2349 δὲ
2615 2301 2707 2355 τὴν
2766 2300 2949 2368 ἔγκυον
2998 2300 3216 2369 κούφην,
3258 2303 3341 2349 καὶ
3399 2296 3690 2374 ἀπορρίψαι
3739 2302 3838 2357 τὴν

2226 2385 2580 2457 θηλάζουσαν,
2628 2388 2653 2438 ὅ
2682 2386 2916 2453 θηλάζει,
2948 2386 3211 2447 παντελῶς
3259 2383 3542 2456 ἀδύνάτον,
3604 2383 3699 2439 διὰ
3744 2391 3836 2440 τόν

2224 2472 2259 2528 δ
2264 2480 2419 2549 εσμὸν
2442 2484 2538 2537 τῆς
2577 2478 2794 2548 φύσεως.
2833 2476 2969 2528 Ούαὶ
3000 2481 3172 2529 τοίνυν
3198 2476 3406 2547 αὐταῖς,
3435 2477 3655 2537 εὐπετῶς
3675 2495 3838 2529 κατα-

2221 2564 2649 2639 )αμϐανομέναις,
2681 2571 2770 2619 καὶ
2795 2574 2907 2628 τοῖς
2933 2565 3180 2640 ἐμϐρύοις
3221 2572 3312 2619 καὶ
3347 2567 3660 2639 ύπομαζίοις
3701 2586 3835 2619 συν-

2226 2653 2697 2731 διαφθειρομέναις.

2299 2749 2444 2799 Κατά
2485 2743 2543 2798 δὲ
2593 2748 2868 2818 ἀναγωγὴν
2908 2745 2957 2798 ἐν
2985 2750 3182 2819 γαστρὶ
3229 2748 3319 2820 μὲν
3350 2745 3577 2820 ἐχούσας
3623 2752 3839 2819 νοοῦμεν

2224 2838 2316 2899 τὰς
2348 2843 2501 2909 μήπω
2532 2840 2788 2899 τεκούσας
2841 2836 3026 2910 ἀρετὴν
3054 2836 3238 2909 ψυχάς
3314 2854 3326 2867 ·
3390 2836 3728 2897 θηλαζούσας
3778 2833 3844 2889 δὲ

449 2931 647 2983 autem
686 2941 819 2997 quae
846 2930 1203 2997 pepererunt
1225 2925 1489 2997 quidem,
1522 2943 1724 2982 verum
1756 2926 1997 2999 puerilis
2022 2932 2109 2984 est

2228 2929 2317 2989 τὰς
2353 2929 2601 2988 τεκούσας
2658 2931 2769 2998 μὲν,
2810 2923 3069 2987 νηπιῶδες
3102 2923 3162 2979 δὲ
3210 2929 3391 3000 κύημα
3440 2931 3529 2979 καὶ
3560 2926 3846 3002 βραχύτα-

448 3016 602 3071 fetus
634 3019 688 3070 et
717 3013 1044 3069 admodum
1088 3014 1491 3085 pusillanimis
1524 3013 1627 3087 (j).

519 3123 689 3180 Vers.
729 3122 819 3177 20.
848 3121 1021 3178 Orate
1052 3152 1121 3161 --
1147 3122 1421 3178 Sabbato.
1458 3123 1830 3179 Manifestum
1889 3127 1944 3179 et
1974 3124 2114 3179 hinc

448 3213 633 3286 quod,
659 3228 1011 3285 quanquam
1041 3212 1116 3266 ad
1143 3212 1450 3283 apostolos
1482 3213 1880 3284 protendebat
1909 3214 2116 3285 hujus-

447 3303 613 3359 modi
653 3318 981 3367 sermones,
1011 3307 1273 3357 attamen
1306 3302 1396 3357 vel
1424 3302 1522 3357 isti
1554 3302 1633 3358 ad
1657 3303 1894 3358 Judaeos
1936 3304 2115 3375 respi-

448 3392 687 3449 ciebant
711 3409 725 3459 ;
746 3408 941 3463 neque
966 3392 1113 3447 enim
1137 3391 1399 3463 amplius
1422 3391 1830 3448 observabant
1861 3393 2116 3464 apostoli

450 3482 802 3548 Sabbatum,
831 3481 1078 3553 quando
1099 3487 1273 3551 capta
1305 3484 1446 3535 sunt
1472 3481 1895 3553 Hierosolyma.
1923 3484 2116 3548 Quare

448 3578 650 3630 autem
683 3588 803 3628 non
823 3572 1017 3627 hieme
1067 3586 1262 3641 neque
1311 3570 1570 3626 Sabbato
1594 3570 1620 3625 ?
1644 3572 1845 3629 Hieme
1868 3574 2115 3644 quidem

445 3666 689 3733 propter
717 3659 1001 3731 temporis
1030 3658 1469 3726 difﬁcultatem;
1495 3659 1758 3717 Sabbato
1783 3678 1920 3717 vero
1948 3678 2120 3734 prop-

448 3754 534 3807 ter
558 3750 754 3820 legem
787 3766 921 3822 qua:
947 3764 1069 3805 non
1099 3749 1477 3821 permittebat
1501 3748 1759 3808 Sabbato
1786 3752 1895 3808 iter
1925 3752 2119 3810 facere

446 3840 604 3896 ultra
632 3844 884 3896 statutos
915 3839 1044 3911 lege
1067 3855 1314 3911 passus.

520 3946 865 4017 Anagogice
918 3951 1118 4002 autem
1173 3945 1381 4017 fugam
1434 3947 1824 4018 intelligimus
1886 3951 2113 4007 exitum

2226 3036 2332 3070 τον.

2301 3125 2673 3197 Προσεύχεσθε
2729 3155 2798 3165 -
2834 3122 3103 3195 Σαϐϐάτῳ.
3163 3126 3382 3198 Φανερόν
3422 3122 3715 3190 κάντεῦθεν,
3762 3125 3849 3176 ὅτι

2228 3214 2270 3267 εἰ
2298 3220 2388 3266 καὶ
2419 3217 2546 3288 πρὸς
2591 3218 2712 3275 τοὺς
2752 3212 3074 3275 ἀποστόλους
3130 3212 3361 3267 ἀπέτεινε
3392 3218 3515 3275 τούς
3575 3216 3851 3277 τοιούτους

2225 3304 2428 3375 λόγους,
2463 3302 2588 3355 ἀλλά
2614 3323 2674 3375 γε
2726 3306 2857 3377 πρὸς
2902 3308 3022 3365 τοὺς
3066 3300 3361 3365 Ἰουδαίους
3396 3302 3602 3357 ἔϐλεπον
3669 3304 3843 3359 οὗτοι.

2229 3399 2329 3447 Καὶ
2362 3396 2460 3467 γὰρ
2510 3394 2683 3445 ούκέτι
2712 3393 3100 3467 παρεφύλαττον
3156 3397 3215 3447 τὸ
3274 3392 3537 3446 Σάϐϐατόν
3583 3395 3631 3445 οἱ
3674 3392 3846 3446 ἀπόσ-

2224 3484 2382 3537 τολοι.
2426 3487 2568 3536 Διατί
2623 3479 2702 3549 δε,
2754 3487 2825 3553 μὴ
2884 3491 3164 3555 χειμῶνος,
3217 3480 3355 3556 μηδὲ
3410 3481 3697 3554 Σαϐϐάτῳς
3748 3488 3841 3542 Μὴ

2226 3580 2487 3646 χειμῶνος
2516 3575 2627 3645 μὲν,
2654 3567 2747 3623 διὰ
2768 3575 2861 3630 τὴν
2891 3568 3175 3624 δυσκολίαν
3206 3576 3297 3630 τὴν
3342 3570 3443 3624 ἀπὸ
3492 3578 3584 3624 τοῦ
3614 3578 3831 3644 καιροῦ*

2228 3667 2298 3735 μὴ
2351 3660 2594 3733 Σαϐϐάτῳ
2647 3657 2726 3726 δὲ,
2787 3657 2881 3713 διὰ
2940 3664 3028 3713 τὸν
3081 3664 3257 3734 νόμον,
3340 3660 3435 3713 οὐκ
3495 3660 3840 3735 ἐπιτρέποντα

2230 3749 2474 3825 βαδίζειν
2506 3750 2553 3803 ἓν
2586 3749 2833 3823 Σαϐϐάτῳ
2858 3756 3142 3825 περαιτέρω
3193 3760 3294 3803 τῶν
3323 3755 3698 3825 νενομισμένων
3736 3748 3839 3823 βη-

2229 3863 2403 3916 ματων
2414 3884 2424 3896 .

2303 3951 2661 4021 Ἀναγωγικῶς
2715 3946 2773 4001 δὲ
2812 3953 2979 4021 φυγὴν
3011 3950 3101 4022 μεν
3130 3956 3341 4023 νοοῦμεν
3371 3952 3465 4008 τὴν
3511 3945 3689 4011 ἔξοδον
3743 3956 3842 4011 τῆς

449 4037 666 4094 animae
696 4054 732 4093 a
758 4053 1008 4108 corpore
1048 4056 1061 4105 ;
1101 4037 1360 4093 hiemem
1396 4054 1531 4094 vero
1559 4041 2022 4098 commotionem
2049 4058 2109 4098 ac

2228 4040 2411 4113 ψυχῆς
2455 4038 2555 4092 ἀπὸ
2584 4046 2673 4091 τοῦ
2728 4044 2969 4111 σώματος
3003 4059 3014 4071 ·
3050 4048 3291 4111 χειμῶνα
3320 4035 3379 4092 δὲ
3413 4043 3508 4097 τὴν
3540 4038 3703 4099 ζάλην
3750 4043 3847 4092 καὶ

446 4128 846 4185 turbationem
871 4128 1296 4197 cogitationum
1324 4128 1687 4194 ;Sabbatum
1711 4136 1909 4186 autem
1932 4132 2119 4188 otium

446 4218 736 4274 avirtute.
764 4216 933 4273 Jubet
996 4217 1198 4289 itaque
1249 4233 1447 4274 sermo
1500 4224 1565 4274 ut
1596 4235 1858 4286 oremus,
1901 4238 1976 4277 ne
2015 4221 2121 4278 ﬁat

446 4308 634 4364 exitus
651 4309 870 4365 animae
896 4311 1118 4364 nostrae
1144 4308 1204 4363 in
1228 4308 1632 4364 commotione
1655 4314 1757 4365 aut
1774 4311 2117 4368 turbatione

448 4397 891 4469 cogitationum,
934 4413 1131 4469 neque
1164 4398 1224 4453 in
1278 4399 1399 4454 otio
1434 4414 1471 4454 a
1526 4398 1862 4467 virtutibus,
1918 4402 2025 4458 sed
2055 4401 2117 4458 in

448 4487 866 4559 tranquillitate
889 4486 1318 4557 cogitationum
1347 4493 1403 4544 et
1427 4489 1774 4561 operatione
1792 4495 2107 4548 Virtutum.

2228 4135 2472 4205 ταραχὴν
2505 4138 2604 4181 τῶν
2634 4128 2903 4201 λογισμῶν
2943 4146 2955 4159 ·
2983 4128 3244 4181 Σάϐϐατον
3272 4125 3332 4181 δὲ
3361 4133 3455 4188 τὴν
3505 4128 3689 4203 ἀργίαν
3746 4137 3847 4191 τῆς

2230 4220 2432 4295 ἀρετῆς.
2487 4225 2769 4295 Παρεγγυᾷ
2813 4221 2913 4293 γὰρ
2970 4220 2995 4270 ὁ
3066 4218 3217 4290 λόγος
3282 4221 3700 4294 προσεύχεσθαι,
3763 4223 3839 4290 μὴ

2227 4312 2471 4384 γενέσθαι
2497 4315 2583 4367 τὴν
2642 4305 2822 4371 ἔξοδον
2869 4318 2960 4370 τῆς
3013 4308 3202 4381 ψυχῆς
3238 4312 3383 4381 ἡμῶν
3438 4308 3486 4361 ἐν
3555 4308 3681 4380 ζάλη
3743 4312 3839 4360 καὶ

2229 4408 2441 4476 ταραχῇ
2491 4400 2784 4471 λογισμῶν,
2840 4395 2969 4471 μηδ’
3016 4398 3065 4450 ἐν
3107 4398 3267 4473 ἀργίᾳ
3314 4409 3405 4461 τῆς
3457 4398 3660 4475 ἀρετῆς,
3705 4396 3839 4451 ἀλλὰ

2228 4490 2587 4563 γαληνιώντων
2652 4497 2751 4542 τῶν
2794 4488 3078 4563 λογισμῶν,
3150 4494 3239 4542 καὶ
3324 4488 3687 4565 ἐνεργουμένης
3740 4496 3840 4553 τῆς

2231 4600 2384 4656 αρετη
2396 4601 2438 4642 ς.

1682 4714 1910 4781 Variae
1940 4714 2271 4783 lectiones
2302 4724 2367 4781 et
2401 4722 2601 4782 notae.

522 4852 633 4928 (24)
673 4859 775 4904 Τοῦ
806 4852 1143 4928 πληρωθῆναι
1169 4855 1242 4908 Α.
1294 4855 1456 4928 Loco
1476 4854 1724 4912 laudato
1746 4860 1993 4928 uterque
2020 4874 2113 4914 co-

446 4925 562 4981 dex
593 4926 654 4979 in
686 4930 839 4979 textu
874 4925 1040 4982 Lucae
1071 4926 1248 4981 habet
1277 4926 1599 4984 πλησθῆναι.

518 4997 632 5071 (25)
667 4997 984 5054 Hentenius
1036 4997 1313 5063 reddidit,
1357 5014 1426 5054 ac
1474 4998 1523 5053 si
1554 4998 1781 5070 legerit,
1838 4998 1943 5062 τοῖς
1995 5003 2105 5074 μὲν,

515 5174 604 5247 (Ιι)
632 5177 707 5231 Et
744 5176 952 5247 fugam
985 5175 1309 5246 expeditam
1331 5191 1479 5231 eam.
1532 5176 1667 5234 Haec
1689 5195 1811 5235 non
1868 5184 2006 5237 sunt
2048 5179 2110 5236 in

444 5248 669 5321 Graeco.
694 5249 861 5304 Forte
887 5254 1087 5303 autem
1115 5248 1384 5313 voluit,et
1418 5250 1499 5304 ad
1517 5251 1745 5321 fugam.
1776 5252 1839 5307 In
1872 5252 2109 5309 codice-

444 5319 549 5407 illo
605 5318 853 5376 fortasse
902 5326 1070 5377 erat:
1110 5322 1314 5393 Κούφην
1384 5325 1476 5373 καὶ
1517 5318 1747 5384 *εὐσταλῆ
1836 5326 1969 5400 πρὸς
2011 5345 2106 5399 φυ-

445 5409 677 5587 ζέἔιὶξιι
693 5461 871 5518 simul
891 5476 1029 5518 cum
1056 5462 1491 5535 embryonibus
1511 5481 1581 5524 ac
1603 5465 1954 5524 lactentibus
1978 5483 2108 5540 per-

523 5604 588 5673 (j)
624 5604 1058 5663 Pusillam‘mis.
1101 5609 1216 5663 Hoc
1242 5624 1355 5663 non
1389 5611 1559 5665 estin
1591 5611 1813 5667 Graeco.
1841 5612 2108 5668 Similem

455 5675 809 5731 sententiam
866 5680 1096 5749 reperio
1146 5680 1203 5734 in
1253 5680 1473 5738 Catena
1526 5682 1784 5739 Corderii
1848 5684 2010 5739 adh.
2068 5684 2106 5739 l.

2220 4866 2330 4920 τοῖς
2361 4855 2440 4913 δέ.
2472 4856 2585 4914 Sed
2611 4855 2781 4927 nulla
2802 4871 2958 4927 opus
2988 4860 3080 4912 est
3114 4856 3497 4914 correctione.
3530 4858 3646 4915 Nec
3672 4857 3830 4915 enim

2221 4930 2301 4987 ad
2332 4930 2470 4998 ούαί,
2505 4928 2612 4985 sed
2636 4930 2711 4985 ad
2743 4923 2915 5001 δυνᾶμ
2935 4933 3055 4981 ἐνων
3085 4928 3353 4986 refertur.

2219 5198 2291 5239 ex
2320 5182 2542 5239 Isidoro
2584 5183 2647 5255 et
2678 5180 2843 5255 apud
2899 5180 3198 5255 Isidorum
3226 5180 3377 5255 lib.
3411 5198 3453 5250 ι,
3495 5183 3668 5255 epist.
3709 5184 3839 5249 212,

2218 5258 2399 5313 etiam
2430 5256 2491 5311 in
2522 5253 2755 5309 schedis
2804 5255 2957 5309 meis
3009 5254 3159 5310 inter
3220 5254 3444 5310 inedita
3487 5253 3718 5312 scholia
3748 5261 3846 5313 est

2219 5324 2521 5399 ejusmodi
2550 5325 2769 5399 Severi.
2804 5325 2917 5382 Sed
2970 5325 3031 5380 in
3062 5323 3531 5399 hisﬁpaxormou
3585 5342 3709 5383 non
3751 5342 3850 5399 re-

2217 5394 2447 5473 peritur
2475 5415 2487 5454 :
2515 5394 2779 5474 νηπιῶδες
2804 5403 3004 5474 autem
3051 5402 3118 5474 _e_t_
3153 5394 3342 5474 ἀτελέςξ
3377 5403 3719 5474 Βραχύτατον
3750 5398 3846 5456 in.

2220 5468 2505 5543 terpretor
2535 5468 3000 5544 ﬁpuxggta'nurov.
3033 5469 3163 5544 Alia
3209 5470 3368 5527 enim
3412 5468 3672 5528 "subesse
3705 5485 3840 5527 sen-

2217 5542 2402 5599 tentia
2432 5542 2657 5614 nequit.
2693 5542 2859 5596 Forte
2911 5542 3226 5614 Hentenius
3275 5559 3305 5598 e
3337 5558 3447 5598 suo
3498 5544 3702 5599 codice
3741 5558 3839 5600 cx-

2221 5612 2547 5688 scalpserai
2572 5612 2900 5689 βραχύνουν,
2938 5612 3109 5684 cujus
3139 5614 3418 5688 exempla
3456 5614 3691 5687 ignoro.
