4096 6396
223 238 328 296 613

1227 238 1574 296 COMMENT
1616 240 1683 296 ΙΝ
1726 236 2173 299 ΜΑΤΤΗᾹΞΗΜ.
2218 278 2284 288 -
2322 248 2479 303 ΟΑΡ.
2525 245 2721 304 XXIV.

3500 257 3610 313 614

292 373 488 429 Ἐσται
528 406 594 418 —-
633 380 866 449 γένηται.
922 378 984 430 Εἴ
1032 396 1114 439 τις
1151 374 1343 448 ἐντύχῃ
1411 380 1521 436 τοῖς
1579 373 1832 431 Ἰωσήπου

2022 370 2181 425 Vers.
2215 373 2303 429 21.
2336 373 2472 430 Erit
2500 406 2568 414 —
2604 375 2720 443 ﬁet.
2754 372 2813 431 Si
2839 374 2974 448 quis
3004 376 3065 432 in
3094 379 3339 451 Josephi
3388 382 3610 457 scripta

222 467 636 540 συγγράμμασι,
714 465 1261 539 πληροφορηθὴσεταιι
1342 470 1520 518 Καίτοι
1585 464 1685 537 γὰρ
1755 461 1839 515 Ἑ⁹

221 552 405 629 ϐραῖος
458 557 548 625 ὠν,
618 552 1010 609 διαϐεϐαιοῦται
1057 560 1175 631 περὶ
1214 563 1310 615 τῆς
1352 557 1603 613 τοιαύτης
1656 554 1843 623 θεομη·

1487 647 1576 694 καὶ
1664 648 1838 693 πᾶσαν

714 465 1261 539 πληροφορηθησεται.

219 648 353 710 νίας,
444 647 525 697 ὅτι
582 652 759 698 πᾶσαν
849 644 1053 704 ἐνίκησε
1119 646 1409 719 συμφορὰν,

222 732 448 803 ὑπερέϐη
503 731 824 809 τραγῳδίαν.
902 736 1047 788 Μετὰ
1109 736 1207 806 γὰρ
1264 742 1356 794 τῆς
1432 732 1577 795 ξένης
1648 730 1839 791 ἐκείνης

220 823 526 898 πολιορκίας
563 832 810 885 τοσοῦτος
840 826 901 883 ἧν
942 826 967 876 ὁ
1014 823 1185 897 λιμὸς,
1241 825 1306 884 ὡς
1365 827 1454 874 καὶ
1493 822 1675 883 οίύταῖς
1724 828 1839 882 ταῖς

221 915 491 985 μητράσιν
548 916 916 989 περιμάχητον
979 910 1108 966 εἶναι
1165 918 1259 972 τὴν
1326 911 1682 985 τεκνοφαγίαν,
1750 913 1839 961 καὶ

222 1005 347 1075 ὑπὲρ
417 1007 605 1057 τούτου
677 1004 926 1077 πολέμους
993 1005 1250 1076 γίνεσθαι.
1316 1007 1463 1065 Τίνος
1521 997 1608 1053 οὖν
1680 1000 1838 1052 ἕνεκεν

220 1093 568 1169 χαλεπώτερα
623 1099 713 1147 καὶ
766 1091 1160 1170 φρικωδέστερα
1207 1095 1408 1145 πάντων
1465 1100 1564 1143 τῶν
1620 1090 1706 1142 ἀπ’
1764 1088 1839 1140 αἰ-

221 1191 343 1243 ῶνος
441 1182 725 1257 ἀνθρώπων
807 1186 1169 1250 πεπόνθασι;
1265 1187 1406 1235 Διότι
1498 1179 1841 1253 χαλεπώτερα

219 1280 309 1325 καὶ
368 1270 766 1347 φρικωδέστερα
822 1276 1019 1326 πάντων
1086 1281 1183 1325 τῶν
1260 1270 1350 1324 ἀπ’
1400 1270 1583 1332 αἰῶνος
1638 1268 1837 1343 ἀνθρώ-

218 1384 327 1415 πων
398 1362 799 1436 τετολμήκασιν,
861 1363 1116 1425 ἀνελόντες
1171 1365 1259 1415 τὸν
1337 1364 1456 1414 Υἱὸν
1534 1366 1624 1412 τοῦ
1680 1366 1832 1411 Θεοῦ.

220 1458 433 1515 Λουκᾶς
489 1450 549 1505 δὲ
610 1454 921 1527 πλατύτερον
987 1473 1164 1526 φησιν,
1233 1453 1315 1504 ὅτι
1373 1449 1560 1503 Ἔσται
1632 1446 1831 1519 ἀνάγκη

218 1544 419 1615 μεγάλη
476 1542 561 1596 ἐπὶ
613 1551 704 1604 τῆς
759 1552 880 1615 γῆς,
930 1547 1018 1595 καὶ
1072 1542 1199 1616 ὀργὴ
1253 1540 1300 1592 ἐν
1355 1549 1425 1613 τῷ
1480 1539 1587 1609 λαῷ
1646 1540 1828 1607 τούτῳ,

217 1638 309 1685 καὶ
396 1640 679 1685 πεσοῦνται
758 1638 975 1705 στόματι
1034 1636 1330 1705 μαχαίρας,
1403 1634 1493 1681 καὶ
1562 1625 1835 1699 αἰχμαλω-

218 1725 573 1781 τισθήσονται
639 1723 710 1784 εἰς
756 1725 926 1775 πάντα
976 1725 1040 1775 τὰ
1105 1724 1245 1788 ἔθνη,

218 1816 370 1865 ἔσται
451 1817 748 1885 πατουμένη
851 1814 951 1866 ὑπὸ
1040 1810 1212 1876 ἐθνῶν,
1296 1811 1431 1885 ἄχρι
1516 1807 1833 1881 πληρωθῶσι

216 1908 395 1977 καιροὶ
428 1902 611 1959 ἐθνῶν.
670 1903 864 1978 Ὀργὴν
910 1904 1000 1975 μὲν
1055 1900 1212 1973 λέγων
1261 1904 1354 1959 τὴν
1396 1906 1488 1951 τοῦ
1531 1904 1687 1965 Θεοῦ,
1741 1892 1835 1947 διὰ

216 1996 303 2045 τὸν
343 1994 469 2046 Υἱόν
509 1993 689 2061 αύτοῦ,
741 1996 952 2065 καιρούς
1010 1987 1067 2044 δὲ
1112 1990 1267 2043 ἐθνῶν
1314 1993 1430 2050 τοὺς
1482 1990 1618 2063 ἄχρι
1660 2004 1831 2038 συντε-

215 2082 358 2145 λείας
390 2082 583 2154 αὐτῶν,
611 2087 702 2134 καὶ
722 2089 814 2135 τοῦ
840 2086 1041 2155 κόσμου
1071 2085 1277 2142 παντὸς.

295 2178 402 2226 Καὶ
457 2173 500 2225 εἰ
554 2177 625 2245 μὴ
686 2203 757 2213 -—
810 2171 864 2224 αἰ
916 2173 1108 2244 ἡμέραι
1182 2170 1388 2223 ἐκεῖναι.
1448 2167 1671 2241 Ἡμέρας
1740 2167 1832 2228 τὰς

224 2271 321 2315 τοῦ
380 2262 592 2335 πολέμου
640 2267 733 2315 καὶ
782 2270 879 2323 τῆς
932 2261 1234 2335 πολιορκίας
1291 2258 1485 2320 ἐκείνης
1539 2262 1691 2330 φησὶ,
1752 2255 1828 2307 λέ-

219 2368 372 2424 γων·
426 2354 502 2404 ὃτι
564 2352 606 2405 εἰ
681 2356 753 2424 μὴ
825 2350 1199 2409 ἠλαττώθησαν
1250 2351 1303 2401 αἱ
1374 2350 1566 2423 ἡμέραι
1643 2345 1832 2398 ἐκεῖναι

215 2442 333 2495 κατ’
384 2442 677 2514 οἰκονομίαν
736 2443 879 2515 παρὰ
926 2448 1018 2494 τοῦ
1088 2447 1243 2505 Θεοῦ,
1304 2438 1398 2491 οῦκ
1454 2437 1513 2489 ἂν
1572 2432 1830 2503 διεσώθη,

1779 2529 1803 2543 κ

216 2532 311 2584 ούκ
399 2532 461 2584 ἂν
536 2532 817 2604 ὑπεξέφυγε
895 2534 981 2583 τὸν
1052 2531 1269 2582 θάνατον
1323 2534 1471 2581 πᾶσα
1550 2526 1702 2600 σὰρξ,
1775 2529 1834 2584 ἤ-

216 2642 363 2693 γουν,
424 2618 551 2675 οὐδὲ
599 2626 698 2695 μία
757 2620 907 2695 σὰρξ,
966 2615 1232 2679 Ἰουδαῑκὴ
1313 2615 1571 2677 δηλονότι.
1642 2618 1833 2677 Πάντες

217 2716 317 2786 γὰρ
350 2711 413 2764 ἆν
443 2709 822 2786 διεφθάρησαν,
866 2715 953 2762 καὶ
1002 2712 1050 2761 οἱ
1088 2710 1248 2775 ἐντὸς,
1303 2712 1391 2761 καὶ
1447 2709 1495 2760 οἱ
1554 2706 1700 2768 ἐκτὸς
1728 2724 1739 2735 °
1784 2708 1832 2757 οἰ

221 2806 307 2875 μὲν
351 2803 509 2875 λιμῷ,
556 2803 605 2853 οἰ
655 2797 713 2853 δὲ
763 2800 948 2873 λοιμῷ,
991 2802 1075 2852 οἱ·
1130 2796 1189 2852 δὲ
1250 2799 1383 2871 ξίφει
1438 2802 1527 2850 καὶ
1574 2800 1832 2855 παντοίοις

224 2892 446 2945 θανάτου
496 2896 730 2963 τρόποις.
817 2892 962 2943 Κατὰ
1031 2892 1232 2941 πάντων
1285 2891 1385 2962 γὰρ
1454 2883 1725 2940 Ἰουδαίων
1784 2887 1832 2937 οἱ

220 2981 467 3054 Ῥωμαῖοι
526 2977 766 3055 σφοδρῶς
816 2977 1102 3052 ἐμάνησαν,
1178 2983 1268 3030 καὶ
1340 2980 1474 3030 κατὰ
1542 2985 1640 3029 τῶν
1697 2995 1831 3028 παν-

226 3078 369 3142 ταχῆ
444 3068 837 3145 διεσπαρμένων
896 3068 1148 3144 ἐφέροντο.
1215 3067 1513 3129 Ἐκλεκτούς
1572 3062 1631 3118 δὲ
1687 3065 1830 3118 καλεί
1863 3098 1902 3153 C

219 3165 336 3223 τοῦς
376 3160 429 3224 ἐξ
459 3157 732 3214 Ἰουδαίων
779 3162 1018 3226 πιστούς,
1072 3155 1143 3211 δι’
1192 3157 1281 3220 ούς
1328 3161 1617 3231 ταχύτερον
1677 3158 1826 3209 ἔπαυε

222 3272 279 3305 σε
346 3255 433 3305 τὸν
486 3250 726 3323 πόλεμον,
804 3251 885 3301 ἵνα
938 3254 1008 3321 μὴ
1068 3248 1458 3301 συναπὸλωνται
1532 3254 1638 3309 τοῖς
1713 3245 1832 3298 ἀπί-

219 3362 376 3408 στοις,
433 3339 561 3392 una
611 3339 801 3413 μαλλον
854 3340 935 3390 ἶνα
990 3341 1117 3399 τινες
1177 3347 1278 3390 τῶν
1328 3336 1562 3390 ἀπίστων
1616 3333 1835 3389 συνδια-

218 3433 431 3485 σωθῶσι
472 3433 695 3493 τούτοις,
750 3430 883 3481 ὥστε
934 3425 1138 3501 μηδένα
1179 3425 1470 3488 δυνηθῆναι
1518 3427 1702 3499 λέγειν,
1751 3430 1829 3481 ὅτι

216 3519 309 3575 διὰ
359 3526 482 3583 τοὺς
560 3521 945 3580 πιστεύσαντας
1010 3522 1038 3577 ἡ
1104 3519 1346 3581 θεήλατος
1424 3519 1555 3576 αὕτη
1631 3521 1828 3591 μάστιξ

214 3611 466 3672 ἐπῆλθεν·
527 3608 633 3661 ἀλλ’
668 3610 750 3661 ἱνα
807 3606 1077 3681 βλέποντες
1124 3610 1173 3661 οἰ
1226 3611 1613 3681 ὑπολειφθέντες
1666 3609 1825 3661 οἷπαν-

214 3722 306 3764 τας
332 3705 449 3762 τοὺς
505 3698 553 3752 ἐν
586 3699 760 3759 αὐτοῖς
821 3702 1041 3760 πιστούς
1099 3694 1442 3773 διαδράντας,
1503 3707 1701 3751 συνῶσι
1730 3704 1823 3759 τὴν

214 3792 409 3857 αἰτίαν,
464 3794 553 3842 καὶ
595 3786 977 3862 βεϐαιωθῶσιν,
1024 3791 1090 3851 ὡς
1139 3788 1197 3841 ού
1241 3794 1392 3861 μόνον
1438 3789 1531 3841 ούκ
1563 3788 1824 3842 ἀπώλοντο

215 3878 294 3935 δι’
341 3880 529 3942 αύτούς
579 3881 629 3932 οἱ
670 3875 1058 3952 διαφθαρέντες,
1111 3876 1239 3931 ἀλλὰ
1281 3878 1513 3951 μάλιστα
1541 3884 1631 3931 καὶ
1677 3879 1824 3932 αύτοὶ

214 3968 312 4024 διὰ
339 3973 553 4033 τούτους
583 3970 1000 4043 περιεσώθησαν.

282 4060 407 4117 Ὀτι
437 4057 497 4113 δε
526 4063 584 4111 τὸ
631 4065 780 4111 πᾶσα
808 4058 961 4131 σὰρξ,
1004 4057 1116 4111 ἀντὶ
1146 4064 1258 4124 τοῦ,
1308 4055 1432 4112 οῦδὲ
1481 4063 1596 4132 μία,
1649 4067 1825 4129 παρεί-

212 4153 429 4217 ληπται,
463 4147 621 4209 δῆλον
670 4153 761 4201 καί
810 4147 910 4202 ἀπὸ
957 4157 1046 4201 τοῦ
1097 4146 1383 4202 Δκυίδικοῦ
1417 4149 1598 4224 ῥητοῦ,
1654 4151 1823 4224 λέγον-

211 4262 331 4303 τος·
398 4246 483 4299 Μὴ
551 4241 1015 4315 κατακυριευσάτω
1072 4258 1172 4312 μου
1230 4246 1377 4292 πᾶσα
1430 4240 1637 4315 ἀνομία,
1709 4242 1822 4296 ἀντὶ

210 4340 321 4403 τοῦ,
368 4327 509 4405 μηδὲ
557 4335 672 4403 μία.
712 4333 813 4382 Καὶ
868 4336 1020 4383 τοῦτο
1078 4331 1179 4402 γὰρ
1233 4326 1431 4404 ἰδίωμα
1459 4338 1552 4393 τῆς
1600 4331 1822 4394 παλαιᾶς

210 4429 445 4517 Γραφῆς.
722 4512 730 4517 Ι
946 4516 962 4517 Π
1002 4511 1018 4517 Δ
1062 4512 1070 4517 Δ
1188 4515 1217 4517 Α
1298 4512 1307 4517 -
1576 4515 1583 4517 A
1708 4511 1721 4517 μ
1854 4462 1898 4517 D

281 4516 350 4565 Σύ
383 4507 443 4563 δέ
493 4530 582 4578 μοι
639 4512 823 4561 σκόπει
872 4516 965 4561 τοῦ
994 4511 1131 4562 θείου
1182 4512 1481 4583 Πνεύματος
1532 4515 1624 4569 τὴν
1674 4511 1818 4565 οἰκο-

208 4605 417 4673 νομίαν,
466 4608 575 4661 πῶς
633 4600 658 4652 ὁ
710 4599 801 4672 μὲν
850 4598 1106 4669 Ἰωάννης,
1152 4600 1177 4650 ὁ
1237 4599 1357 4667 ζῶν,
1407 4603 1490 4653 ὅτε
1546 4608 1711 4655 ταῦτα
1737 4606 1817 4674 γέ-

208 4709 345 4761 γονε,
404 4694 495 4741 καὶ
540 4692 671 4761 μετά
701 4693 793 4747 την
848 4689 1039 4741 ἅλωσιν
1096 4689 1253 4741 πολύν
1286 4691 1357 4742 ἔτι
1408 4691 1575 4752 ζήσας
1602 4698 1813 4767 χρόνον,

210 4776 362 4832 οὐδὲν
423 4781 618 4831 τούτων
675 4777 918 4851 ἔγραψεν,
988 4779 1070 4831 ἵνα
1115 4782 1187 4852 μὴ
1256 4775 1391 4853 δόξῃ
1458 4783 1695 4854 γράφειν,
1751 4784 1821 4845 ὡς

208 4869 373 4921 πάλαι
426 4867 686 4943 εἰρημένα,
744 4869 810 4920 τὰ
836 4864 943 4926 ἤδη
989 4871 1333 4941 γεγενημένα·
1391 4872 1440 4922 οἱ
1499 4867 1557 4923 δὲ
1602 4874 1699 4945 πρὸ
1729 4880 1819 4925 τοῦ

206 4961 452 5030 γενέσθαι
552 4965 720 5010 ταῦτα
828 4956 1258 5028 τετελευτηκότες,
1364 4958 1545 5012 ἐκεῖνοι

211 5058 387 5123 σαφῶς
439 5047 692 5124 ἔγραψαν,
741 5049 824 5101 ἱνα
872 5046 1160 5110 ἀνύποπτος
1216 5051 1245 5108 ἠ
1286 5056 1376 5103 τοῦ
1418 5057 1650 5125 Χριστοῦ
1698 5057 1818 5127 περὶ

552 4965 720 5010 ταῦτα
828 4962 1258 5015 τετελευτηκότες,
1364 4962 1545 5012 ἐκεῖνοι
1652 4962 1819 5015 πάντα

278 5256 325 5293 ⁸⁸
352 5254 495 5313 Luc.
522 5272 637 5323 χιι,
668 5256 758 5325 23,
791 5255 880 5313 24.
959 5258 1005 5294 ⁴⁹
1027 5257 1184 5317 Psal.
1216 5274 1414 5328 cxvm,
1453 5258 1544 5319 t5.

1951 457 2195 528 incidat,
2216 462 2429 518 certior
2458 464 2706 520 omnino
2737 464 2810 519 de
2839 464 2930 520 his
2956 466 3262 523 efﬁcietur.
3297 468 3609 542 Siquidem

1952 565 2090 605 cum
2116 552 2294 607 etiam
2342 553 2585 609 Judaeus
2626 560 2800 620 esset,
2837 555 3095 613 afﬁrmat
3127 559 3201 613 de
3260 559 3611 631 hujusmodi

1952 640 2051 693 Dei
2082 639 2188 705 ira,
2219 643 2381 713 quod
2414 659 2653 699 omnem
2688 647 3001 701 excesserit
3028 647 3449 717 calamitatem,
3485 666 3609 706 om-

1950 744 2211 801 nemque
2243 748 2627 804 supergressa
2678 736 2753 789 sit
2786 737 3159 806 tragoediam.
3218 740 3365 794 Nam
3398 745 3610 811 praeter

1950 820 2322 877 tremendam
2353 822 2515 879 illam
2548 823 2944 897 obsidionem,
2982 831 3144 884 tanta
3166 834 3289 885 erat
3307 829 3515 897 fames,
3547 833 3611 886 ut

1949 907 2657 983 ipsisquoquematribus
2682 930 2890 985 pugna
2910 915 3206 989 fueritpro
3222 934 3321 973 esu
3346 918 3608 975 ﬁliorum

1951 997 2038 1054 Ob
2059 1014 2246 1070 quam
2269 1016 2410 1071 ergo
2438 1018 2703 1074 causam,
2730 1004 3230 1062 miserabiliorem
3260 1023 3329 1063 ac
3356 1009 3610 1064 horribi-

1947 1085 2157 1143 liorem
2174 1090 2331 1160 passi
2353 1096 2491 1147 sunt
2511 1091 2892 1150 aﬂlictionem
2915 1096 3198 1152 omnibus
3216 1113 3351 1169 quae
3371 1097 3609 1155 fuerunt

1951 1194 1988 1234 θ.
2009 1178 2221 1235 saeculo
2247 1178 2274 1234 ?
2295 1181 2443 1246 Quia
2473 1183 2665 1252 magis
2693 1185 3131 1241 exsecrandum
3164 1202 3231 1242 ac
3261 1186 3604 1244 horribilius

1948 1276 2441 1341 perpetraverunt
2483 1272 2780 1342 ﬂagitium
2833 1275 3115 1330 omnibus
3146 1277 3249 1347 qui
3280 1276 3520 1333 fuerunt
3573 1294 3609 1333 a

1948 1359 2168 1424 seculo,
2197 1360 2297 1415 Dei
2350 1361 2559 1416 Filium
2592 1363 2945 1419 occidentes.
2990 1368 3175 1422 Lucas
3231 1372 3430 1423 autem
3476 1368 3607 1440 pla-

1946 1448 2085 1504 nius
2112 1449 2254 1506 dicit
2285 1466 2297 1505 :
2330 1450 2460 1506 Erit
2483 1451 2621 1507 enim
2640 1454 2890 1522 a/flictio
2914 1469 3131 1525 magna
3162 1471 3339 1524 super
3358 1463 3604 1525 terram,

1944 1544 1996 1593 et
2021 1538 2115 1594 ira
2143 1537 2200 1591 in
2226 1541 2440 1609 populo
2470 1540 2591 1605 hoc,
2640 1542 2965 1613 cadentque
2991 1543 3117 1599 acie
3146 1544 3352 1614 gladii,
3382 1552 3439 1601 et
3478 1562 3609 1618 cap-

1946 1626 2055 1682 tivi
2101 1628 2391 1683 ducentur
2442 1628 2500 1683 in
2556 1646 2755 1687 omnes
2800 1638 3014 1701 gentes,
3046 1640 3099 1689 et
3130 1633 3454 1691 Jerusalem
3489 1638 3609 1693 cal-

1330 1724 1419 1771 καὶ
1494 1715 1832 1792 Ἰερουσαλὴμ

1946 1715 2173 1773 cabitur
2202 1733 2238 1774 a
2261 1719 2527 1790 gentibus
2556 1719 2733 1777 donec
2754 1722 3109 1791 impleantur
3157 1730 3427 1795 tempora
3474 1741 3611 1795 gen-

1946 1807 2093 1861 tium
2124 1805 2197 1862 ‘3.
2239 1810 2394 1862 lram
2434 1808 2677 1879 quidem
2711 1811 2809 1866 Dei
2849 1811 3054 1867 dicens
3087 1831 3100 1881 ;
3153 1819 3421 1886 tempora
3472 1830 3607 1870 vero

1944 1895 2233 1966 gentium,
2258 1912 2330 1953 ea
2346 1914 2481 1970 qua:
2507 1898 3015 1974 durabuntusque
3040 1902 3119 1959 ad
3139 1904 3608 1961 consummatio-

1944 2001 2084 2042 nem
2113 2002 2345 2059 eorum,
2369 1988 2670 2061 totiusque
2693 1992 2924 2046 mundi.

2018 2167 2176 2221 Vers.
2228 2169 2315 2222 22.
2368 2167 2445 2222 Et
2483 2168 2605 2224 nisi
2643 2169 2860 2226 —dies
2904 2169 3014 2225 illi.
3067 2170 3199 2227 Dies
3230 2170 3312 2227 ait
3366 2171 3497 2227 belli
3550 2175 3607 2229 et

1944 2255 2296 2321 obsidionis,
2321 2257 2548 2329 dicens,
2573 2259 2737 2330 quod
2756 2260 2869 2315 nisi
2899 2260 3173 2317 diminuti
3202 2260 3456 2318 fuissent
3476 2263 3603 2318 dies

1945 2346 2475 2419 illidispensatione
2495 2349 2717 2415 divina,
2749 2366 3135 2423 nequaquam
3167 2352 3337 2408 salva
3368 2352 3599 2419 fuisset,

1944 2453 2325 2511 nequaquam
2368 2442 2619 2494 mortem
2671 2438 2941 2495 evitasset
2965 2440 3163 2496 omnis
3211 2458 3367 2508 caro,
3400 2442 3459 2496 id
3492 2448 3602 2508 est,

1943 2527 2108 2584 nulla
2139 2529 2528 2584 ramansisset
2570 2545 2731 2593 caro,
2762 2530 3015 2587 Iudaica
3063 2530 3357 2589 videlicet.
3388 2534 3603 2589 Omnes

1944 2618 2105 2674 enim
2132 2618 2351 2675 mortui
2382 2619 2629 2675 fuissent
2657 2619 2952 2690 homines,
2973 2626 3028 2676 et
3058 2622 3161 2694 qui
3191 2622 3369 2689 intus,
3412 2628 3469 2679 et
3498 2623 3604 2695 qui

1944 2712 2111 2765 extra
2136 2714 2307 2766 erant
2332 2727 2348 2763 :
2380 2710 2631 2782 quidam
2672 2710 2853 2781 fame,
2884 2712 3137 2784 quidam
3160 2729 3297 2769 vero
3316 2718 3478 2785 peste
3503 2717 3605 2770 aut

1945 2799 2580 2873 gladio,omnibusque
2594 2804 2799 2856 mortis
2814 2802 3463 2872 generibus.Adversus
3478 2820 3604 2861 om-

1942 2904 2044 2944 nes
2076 2889 2374 2961 siquidem
2403 2891 2635 2945 Iudaeos
2656 2892 2907 2948 Romani
2926 2891 3122 2949 furore
3156 2895 3390 2949 accensi
3410 2900 3599 2965 erant,

1941 2979 2119 3035 etiam
2152 2979 2439 3035 adversus
2479 2996 2580 3035 eos
2610 2980 2710 3051 qui
2761 2980 2977 3053 ubique
3011 2988 3303 3039 terrarum
3348 2983 3601 3055 dispersi

1941 3068 2282 3124 ferebantur
2321 3069 2402 3141 (lc)
2436 3070 2661 3125 Electos
2693 3074 2895 3126 autem
2930 3078 3100 3127 vocat
3128 3072 3355 3139 ﬁdeles,
3386 3074 3489 3144 qui
3530 3089 3603 3128 ex

1940 3159 2158 3215 Judmis
2205 3164 2391 3225 erant,
2437 3164 2677 3231 propter
2706 3176 2859 3232 quos
2892 3160 3062 3216 citius
3108 3162 3325 3233 quievit
3354 3162 3597 3230 bellum,

1940 3266 2014 3306 ne
2042 3251 2292 3321 perirent
2322 3265 2443 3305 una
2468 3266 2604 3305 cum
2638 3250 2978 3305 infidelibus
3008 3267 3021 3318 ;
3056 3252 3161 3306 sed
3193 3251 3391 3323 potius
3417 3254 3601 3309 incre-

1940 3340 2065 3396 duli
2086 3340 2268 3413 aliqui
2286 3355 2390 3412 per
2416 3339 2524 3394 hos
2545 3345 2935 3411 servarentur,
2962 3356 3035 3395 ne
3059 3346 3262 3412 posset
3288 3341 3599 3414 quispiam

1939 3429 2135 3485 dicere
2168 3429 2333 3502 quod
2388 3433 2630 3501 propter
2657 3445 2756 3485 eos
2799 3430 2900 3501 qui
2959 3431 3343 3496 crediderant,
3392 3432 3520 3487 haec
3564 3448 3601 3489 θ,

1942 3523 2058 3575 Deo
2090 3519 2363 3574 immissa
2416 3518 2561 3574 ultio
2613 3520 3083 3591 supervenisset:
3120 3520 3222 3576 sed
3255 3520 3359 3592 qui
3410 3521 3598 3578 relicti

1937 3614 2105 3675 erant
2130 3608 2392 3664 videntes
2425 3624 2632 3665 omnes
2679 3609 2777 3680 qui
2828 3608 2977 3664 inter
3024 3611 3187 3682 ipsos
3228 3610 3597 3667 crediderant

1933 3698 2356 3771 permansisse,
2413 3697 2807 3767 intelligerent
2848 3713 3120 3765 causam,
3182 3715 3251 3755 ac
3312 3699 3594 3756 certiores

1932 3789 2342 3854 redderentur,
2383 3788 2545 3861 quod
2592 3804 2714 3844 non
2744 3788 2933 3844 solum
2966 3805 3087 3844 non
3133 3790 3427 3861 perierant
3459 3806 3597 3862 pro-

1934 3885 2064 3952 pter
2093 3878 2223 3934 illos
2266 3878 2369 3950 qui
2396 3878 2617 3933 mortui
2638 3883 2823 3945 erant,
2857 3878 2961 3934 sed
2992 3878 3185 3950 potius
3216 3883 3273 3935 et
3310 3878 3425 3951 ipsi
3456 3896 3594 3951 pro-

1932 3974 2062 4042 pter
2083 3985 2186 4025 eos
2226 3969 2442 4025 servati
2473 3972 2660 4024 erant.

2006 4058 2173 4126 Quod
2203 4064 2403 4115 autem
2435 4075 2446 4112 :
2481 4075 2595 4114 non
2634 4059 2822 4114 omnis
2854 4063 3015 4123 caro,
3059 4075 3168 4130 pro
3208 4059 3375 4116 nulla
3428 4076 3591 4127 caro,

1933 4146 2226 4213 sumatur,
2273 4147 2658 4203 manifestum
2711 4153 2798 4203 est
2856 4164 3091 4219 quoque
3146 4165 3179 4203 ιι
3229 4149 3387 4205 dicto
3426 4150 3596 4206 Davi-

1932 4240 2066 4295 dico
2105 4254 2228 4312 quo
2260 4238 2472 4294 dicitur
2504 4253 2520 4292 :
2546 4238 2676 4294 Non
2707 4239 3049 4293 dominetur
3073 4237 3188 4294 mei
3227 4238 3409 4293 omnis
3440 4241 3597 4309 inju-

1931 4328 2096 4385 stitia
2110 4330 2178 4394 ",
2206 4328 2389 4394 idest,
2415 4327 2604 4385 nulla.
2636 4330 2784 4385 Nam
2807 4332 2862 4384 et
2883 4328 2991 4383 lioc
3010 4327 3235 4384 idioma
3260 4333 3347 4384 est
3372 4330 3589 4385 veteris

1933 4418 2270 4491 Scripturae.

2001 4510 2086 4565 Tu
2128 4524 2264 4565 vero
2295 4506 2610 4564 considera
2644 4507 2791 4564 mihi
2832 4506 3021 4563 divini
3076 4507 3326 4579 Spiritus
3353 4505 3595 4581 dispen-

1931 4598 2244 4668 sationem,
2276 4614 2392 4671 quo
2424 4597 2606 4654 modo
2644 4598 2903 4653 Joannes
2933 4597 3038 4670 qui
3090 4598 3150 4653 in
3202 4597 3356 4655 vivis
3395 4599 3595 4656 adhuc

1931 4693 2057 4746 erat
2082 4689 2229 4745 dum
2252 4687 2382 4744 haec
2409 4687 2559 4743 facta
2589 4691 2745 4754 sunt,
2784 4692 2841 4744 et
2866 4688 3055 4743 multo
3082 4687 3276 4744 adhuc
3323 4691 3594 4761 tempore

1929 4784 2063 4853 post
2113 4779 2621 4852 expugnationem
2668 4777 2834 4843 vixit,
2885 4777 3031 4833 nihil
3068 4778 3286 4834 horum
3335 4779 3590 4852 scripsit,

1928 4886 2004 4926 ne
2043 4868 2217 4942 quasi
2259 4869 2401 4925 olim
2434 4867 2720 4940 praedicta
2774 4867 3030 4923 scribere
3088 4868 3409 4935 videretur,
3461 4884 3593 4941 qua)

1924 4962 2047 5033 jam
2077 4960 2232 5016 facta
2262 4963 2448 5015 erant.
2484 4958 2589 5024 Qui
2635 4974 2772 5014 vero
2811 4959 3167 5031 priusquam
3216 4957 3346 5013 haec
3386 4958 3594 5015 ﬁerent

1929 5051 2146 5109 mortui
2193 5054 2346 5118 sunt,
2434 5048 2750 5108 manifeste
2826 5049 3031 5107 omnia
3094 5047 3471 5120 scripserunt,
3526 5036 3592 5105 ut

1440 5437 1660 5511 Variae
1696 5438 2027 5511 lectiones
2068 5450 2134 5510 et
2163 5449 2348 5510 notae

280 5642 361 5720 (Ir)
381 5642 581 5704 Etiam
609 5674 680 5686 —-
707 5640 1079 5712 ferebantur.
1112 5643 1176 5698 Et
1201 5646 1409 5700 contra
1438 5640 1663 5715 ubique
1707 5642 2012 5716 dispersos
2052 5640 2421 5698 ferebantur.
