4096 6418
468 280 572 342 615

1823 270 2171 337 EUTHYMII
2223 268 2563 337 ZIGABENI

3741 279 3865 338 616

466 410 810 484 suspicione
862 423 1063 466 carere
1092 404 1390 466 videretur
1432 406 1641 467 Christi
1671 407 1745 465 de
1774 406 1870 465 his
1923 402 2119 460 vatici-

2244 406 2430 456 τούτων
2458 408 2748 479 προφητεία
2782 412 2934 479 φανῇ.
2972 405 3262 481 Πληρώσας
3288 408 3459 459 τοίνυν
3495 406 3630 481 ἄχρι
3658 410 3861 461 τούτου

466 501 655 558 nium.
684 501 1004 572 Postquam
1036 515 1178 570 ergo
1209 499 1498 555 hactenus
1529 501 1605 555 ad
1636 498 1882 572 plenum
1914 493 2126 567 praedi-

466 591 572 658 xit,
642 607 777 663 quae
821 591 895 646 de
954 590 1288 663 captivitate
1322 588 1862 661 Hierosolymorum
1928 585 2126 640 futura

468 687 653 749 erant,
680 682 885 737 transit
904 680 1081 735 etiam
1111 679 1188 735 ad
1210 678 1504 750 reliquam
1535 677 1956 750 quaestionem,
1980 676 2126 745 puta

466 773 537 828 de
567 772 829 828 secundo
859 770 1113 827 adventu
1142 784 1271 837 suo,
1314 772 1367 823 et
1414 767 1591 838 hujus
1623 766 1796 837 signa
1836 762 2123 838 prtedicit,

467 878 600 934 quae
632 860 977 919 Christianis
1007 858 1204 914 futura
1244 860 1383 911 sunt
1419 856 1598 910 utilia.

538 954 580 1022 -ι-
608 949 937 1007 Decurtavit
966 952 1159 1004 autem
1215 947 1364 1002 Deus
1405 944 1752 1001 afﬂictiones
1782 946 1839 1000 et
1876 940 2123 1000 omnino

465 1040 727 1098 bellum:
762 1039 809 1095 si
841 1041 995 1095 enim
1026 1036 1251 1093 bellum
1284 1034 1541 1109 amplius
1572 1034 1865 1100 durasset,
1918 1046 2121 1088 omnes

465 1132 569 1205 qui
591 1132 749 1187 intus
780 1132 948 1185 erant
976 1127 1211 1200 penitus
1233 1125 1387 1181 fame
1405 1124 1735 1197 periissent.

536 1223 700 1276 Vers.
736 1218 822 1274 23.
858 1219 1093 1275 Tunc—
1117 1216 1302 1273 nolite
1325 1215 1576 1271 credere.
1598 1213 1785 1268 Dictio
1799 1216 1931 1277 τότε,
1959 1214 2120 1276 tunc,

463 1310 754 1368 interdum
795 1325 915 1365 non
950 1305 1250 1377 signiﬁcat
1287 1302 1780 1377 consequentiam
1819 1301 2124 1375 praedicto-

462 1400 742 1467 rum,sed
761 1399 994 1455 initium
1013 1401 1251 1453 tantum
1276 1411 1485 1451 eorum
1502 1410 1629 1466 quae
1661 1392 1921 1449 dicenda
1953 1396 2114 1447 sunt:

466 1492 618 1548 sicut
662 1490 864 1555 etiam,
896 1490 957 1544 in
982 1487 1179 1543 diebus
1236 1485 1379 1551 illis,
1428 1483 1503 1540 de
1559 1500 1681 1556 quo
1735 1482 2123 1539 disseruimus

463 1582 635 1639 tertio
662 1580 874 1651 capite.
907 1580 974 1634 Et
1004 1578 1083 1633 ita
1139 1577 1252 1632 hoc
1278 1575 1333 1631 in
1383 1576 1516 1630 loco
1556 1573 1737 1629 dictio
1770 1578 1932 1637 tunc,
1969 1571 2124 1628 ordi-

465 1686 605 1727 nem
634 1668 911 1742 temporis
936 1682 1057 1723 non
1080 1664 1394 1736 signiﬁcat,
1420 1663 1520 1719 sed
1545 1662 1793 1736 quando
1816 1662 1961 1717 ﬁent
1988 1677 2122 1734 quae

2236 495 2303 577 τινὰ
2348 500 2467 568 περὶ
2512 504 2605 556 τῆς
2650 496 2890 558 ἁλώσεως
2919 504 3018 548 τῶν
3067 495 3457 571 Ἰεροσολύμων,
3506 499 3710 569 μέτεισι
3757 502 3862 550 καὶ

2239 580 2320 635 ἐπὶ
2347 588 2402 636 τό
2431 586 2605 637 λοιπὸν
2633 588 2895 661 ἐρώτημα,
2926 589 2984 639 τό
3014 590 3132 661 περὶ
3158 595 3252 648 τῆς
3283 582 3530 660 δευτέρας
3562 586 3721 640 αὑτοῦ
3748 608 3860 640 ποι-

2235 680 2477 750 ρουσίας,
2507 681 2595 728 καὶ
2626 677 2863 752 προλέγει
2890 680 2956 731 τὰ
2988 684 3181 751 σημεῖα
3208 680 3423 743 ταύτης,
3457 682 3711 753 χρήσιμα
3734 686 3860 741 τοῖς

2239 772 2576 840 Χριστιανοῖς
2598 764 2835 839 ἐσόμενα.

2306 947 2392 1017 -Η-
2440 944 2757 999 Ἐκολόϐωσε
2790 946 2901 1018 (26)
2935 943 2994 1000 δὲ
3050 948 3074 999 ὀ
3106 949 3232 1009 Θεὸς
3269 947 3361 1009 τὰς
3393 946 3585 1019 θλίψεις
3625 951 3715 1001 καὶ
3756 949 3855 1001 τὸν

2234 1035 2474 1108 πόλεμον.
2500 1041 2557 1089 Εἰ
2581 1038 2681 1109 γὰρ
2716 1039 2999 1110 ἐκράτησεν
3042 1037 3127 1090 ἐπὶ
3155 1037 3302 1090 πλέον
3330 1039 3355 1089 ὁ
3390 1036 3626 1110 πόλεμος,
3658 1040 3855 1101 πάντες

2234 1127 2295 1177 ἄν
2316 1128 2364 1178 οἱ
2390 1122 2533 1178 ἔνδον
2566 1128 2665 1180 ὑπὸ
2695 1136 2785 1180 τοῦ
2815 1127 2968 1201 λιμοῦ
2992 1124 3370 1203 διεφθάρησαν.

2305 1220 2432 1269 Τότε
2489 1248 2555 1255 -
2607 1222 2677 1289 μῆ
2737 1220 3075 1275 πιστεύσητε.
3136 1220 3204 1269 Τὸ
3252 1222 3367 1270 τότε
3421 1220 3561 1270 ἔστιν
3611 1219 3693 1270 ὅτε
3750 1217 3857 1270 οὐκ

2235 1303 2541 1358 ἀκολουθίαν
2608 1302 2762 1364 δηλοί
2849 1315 2949 1360 τῶν
3018 1311 3417 1383 προειρημένων,
3487 1306 3595 1360 ἀλλ’
3666 1307 3858 1383 ἀρχὴν

2234 1400 2385 1469 μόνον
2444 1403 2543 1447 τῶν
2607 1396 2833 1470 ῥηθῆναι
2895 1395 3199 1469 μελλόντῶν,
3264 1399 3436 1472 ὥσπερ
3495 1401 3586 1449 καὶ
3652 1400 3733 1466 τό,
3798 1396 3855 1450 ἐν

2233 1493 2341 1547 ταῖς
2409 1487 2623 1561 ἡμέραις
2680 1484 2916 1554 ἐκείναις,
2984 1490 3103 1559 περὶ
3162 1486 3222 1539 οὗ
3291 1483 3594 1560 διελάϐομεν
3659 1484 3707 1539 ἐν
3772 1496 3857 1559 τῷ

2233 1580 2393 1651 τρίτῳ
2432 1575 2712 1648 κεφαλαίῳ.
2764 1581 2861 1629 Καὶ
2906 1583 2994 1628 νῦν
3040 1572 3126 1629 οὖν
3172 1579 3229 1629 τὸ
3274 1580 3389 1629 τότε
3436 1576 3495 1629 ού
3540 1575 3686 1639 τάξιν
3718 1596 3855 1629 και-

2232 1673 2326 1739 ροῦ
2383 1670 2646 1738 σημαίνει,
2702 1664 2807 1717 ἀλλ’
2863 1667 2943 1718 ὅτι
2992 1667 3074 1718 ὅτε
3129 1671 3441 1738 ’γενήσονται
3490 1668 3555 1719 τὰ
3609 1666 3857 1742 ῥηθησό-

464 1761 721 1817 dicenda
759 1763 915 1814 sunt.
961 1756 1237 1812 Similiter
1291 1760 1347 1811 et
1382 1754 1512 1811 haec
1538 1754 1612 1809 ad
1652 1752 1950 1825 apostolos
2004 1751 2119 1807 dici

2244 1776 2377 1811 κενα.
2433 1761 2581 1808 Δοκεῖ
2626 1758 2715 1828 μὲν
2768 1752 2855 1809 οὖν
2912 1759 2999 1809 κάξ
3058 1764 3222 1808 ταῦτα
3271 1761 3401 1832 πρός
3446 1760 3565 1819 τοὺς
3605 1755 3856 1810 ἀποσσό-

464 1849 739 1905 videntur
781 1866 794 1917 ;
827 1846 900 1904 ad
927 1862 1027 1903 eos
1060 1850 1261 1901 tamen
1295 1843 1563 1915 dirigitur
1598 1842 1982 1909 Christianos,
2016 1840 2121 1913 qui

464 1943 605 1996 tunc
625 1938 807 1995 futuri
845 1940 1031 1993 erant.

534 2031 701 2084 Vers.
733 2030 821 2083 24.
853 2028 1104 2097 Surgent
1125 2056 1193 2065 —
1210 2022 1742 2096 pseudoprophetis
1761 2053 1830 2063 —
1854 2021 2120 2092 Surgent,

462 2119 579 2176 hoc
618 2121 726 2181 est,
769 2115 1029 2172 venient.
1075 2115 1222 2169 Sunt
1256 2118 1456 2169 autem
1502 2110 1963 2183 pseudochristi,
2023 2108 2124 2182 qui

464 2223 527 2265 se
566 2206 860 2262 Christum
897 2219 1029 2259 esse
1068 2203 1344 2273 ﬁngunt:
1389 2201 1928 2275 pseudoprophetaa
1958 2215 2117 2264 vero,

463 2297 564 2372 qui
603 2312 667 2353 se
692 2296 923 2369 ﬁngunt
955 2310 1082 2350 esse
1107 2293 1453 2366 prophetas.

536 2386 700 2444 Vers.
728 2388 817 2442 24.
848 2385 929 2441 Εε
960 2416 1026 2425 -
1054 2382 1354 2454 prodigia.
1398 2381 1581 2437 Etiam
1631 2384 1767 2438 ante
1817 2395 2124 2454 expugna-

462 2479 687 2535 tionem
719 2474 1268 2548 Hierosolymorum
1295 2473 1442 2529 dixit
1463 2472 1691 2528 futuros
1716 2489 1843 2528 esse
1867 2470 2127 2545 pseudo-

463 2567 811 2642 prophetas.
850 2565 1030 2621 Multi
1062 2564 1232 2629 enim,
1267 2562 1483 2635 inquit,
1517 2563 1744 2619 venient
1774 2563 1838 2617 in
1890 2561 2126 2619 nomine

463 2673 591 2715 meo
638 2657 917 2714 dicentes.
964 2655 1088 2725 Ego
1146 2670 1274 2709 sum
1329 2652 1602 2709 Christus
1642 2654 1711 2707 ⁵ο.
1772 2653 1838 2707 Et
1872 2668 2119 2708 rursus:

464 2749 545 2804 Et
587 2747 762 2803 mulli
795 2743 1313 2816 pseudoprophetae
1354 2748 1619 2813 surgent.
1672 2742 1786 2797 Sed
1830 2742 1933 2813 qui
1987 2747 2123 2798 ante

464 2837 798 2892 secundum
830 2851 1001 2889 suum
1032 2834 1354 2889 adventum
1387 2832 1639 2897 venient,
1672 2831 1733 2887 hi
1780 2830 1957 2902 longe
1994 2846 2125 2900 gra-

463 2927 659 2983 viores
695 2929 867 2981 erunt
913 2923 1049 2989 illis,
1083 2922 1185 2995 qui
1236 2922 1473 2978 fuerunt
1526 2929 1659 2978 ante
1717 2921 2121 2993 captivitatem

464 3014 1040 3087 Hierosolymorum.
1071 3016 1218 3069 Nam
1242 3012 1301 3067 hi
1332 3012 1505 3082 signa
1530 3028 1773 3084 quoque
1806 3027 2028 3081 magna
2054 3027 2123 3067 ac

2232 1846 2347 1907 λους
2392 1846 2666 1918 λέγεσθαι’
2704 1850 2943 1919 φέρονται
2996 1842 3055 1899 δὲ
3080 1849 3205 1921 πρὸς
3252 1850 3368 1907 τοὺς
3416 1844 3691 1921 ἐσομένους
3728 1853 3858 1900 τότε

2234 1938 2602 2012 Χριστιανούς.

2306 2027 2711 2099 Ἐγερθήσονται
2775 2057 2844 2065 -
2904 2023 3361 2101 ψευδοπροφῆται.
3408 2025 3854 2104 Ἐγερθὴσονται,

2236 2115 2348 2169 ἀντὶ
2392 2124 2505 2183 τοῦ,
2558 2114 2869 2168 ἐλεύσονται.
2910 2120 3011 2168 Καὶ
3049 2112 3444 2190 ψευδόχριστοι
3481 2121 3571 2190 μέν
3619 2116 3753 2170 εἰσιν
3802 2120 3858 2172 οἰ

2234 2208 2628 2278 ὑποκρινόμενοι
2651 2208 2732 2257 τόν
2756 2209 3007 2279 Χριστόν,
3024 2202 3462 2280 ψευδοπροφῆται
3484 2203 3543 2260 δὲ
3564 2208 3611 2260 οἱ
3628 2208 3860 2284 ὐποκρι-

2233 2301 2432 2370 νόμενοι
2462 2300 2581 2358 τοὺς
2621 2301 2911 2370 προφήτας.

2309 2390 2408 2439 Καὶ
2466 2417 2533 2426 -
2562 2390 2771 2460 τέρατα.
2836 2390 2936 2438 Kal
2980 2388 3080 2451 πρὸ
3120 2394 3216 2449 τῆς
3268 2385 3505 2448 ἁλώσεως
3550 2394 3649 2439 τῶν
3687 2385 3853 2461 Ἰερο-

2239 2475 2475 2549 σολύμων
2508 2474 2641 2528 εἶπεν
2681 2477 2895 2528 ἔσεσθαι
2938 2472 3367 2550 ψευδοχρίστους
3400 2480 3490 2528 καὶ
3535 2473 3854 2551 ψευδοπρο-

2236 2571 2417 2639 φήτας.
2504 2564 2688 2617 Πολλοὶ
2769 2566 2892 2639 γὰρ,
2982 2570 3161 2638 φησιν,
3240 2564 3532 2619 έλεύσονται
3602 2565 3686 2619 ἐπὶ
3771 2576 3854 2639 τῷ

2236 2654 2451 2727 ὀνόματί
2538 2674 2658 2728 μου,
2752 2654 2999 2727 λέγοντες,
3086 2654 3220 2727 Ἐγώ
3294 2654 3402 2728 εἰμι
3488 2656 3515 2707 ὁ
3586 2660 3854 2731 Χριστός.

2688 2750 2787 2797 Καὶ
2871 2744 3047 2798 πολλοὶ
3111 2741 3547 2820 ψευδοπροφῆται
3630 2744 3858 2821 ἐγερθή-

2236 2855 2434 2891 σονται,
2503 2833 2637 2888 Ἀλλ’
2694 2836 2741 2886 οἱ
2802 2838 2902 2909 πρὸ
2968 2843 3061 2897 τῆς
3117 2831 3359 2910 δευτέρας
3419 2834 3579 2888 αὐτοῦ
3645 2856 3856 2911 παρου-

2752 2653 2999 2727 λέγοντες,

2237 2752 2333 2800 Καὶ
2408 2744 2561 2797 πάλιν
2588 2763 2599 2775 ⁸

2237 2930 2371 2991 σίας,
2407 2925 2551 2977 οὗτοι
2602 2924 2774 2995 πολλῷ
2830 2923 3113 2998 βαρύτεροι
3173 2933 3272 2977 τῶν
3324 2928 3421 2998 πρὸ
3471 2934 3565 2986 τῆς
3601 2925 3855 2991 ἁλώσεως

2232 3023 2333 3067 τῶν
2364 3013 2751 3089 Ἰεροσολύμων.
2805 3013 2965 3066 Οὗτοι
3016 3016 3118 3088 γὰρ
3176 3018 3265 3066 καὶ
3310 3019 3600 3073 ποιήσουσι
3649 3025 3857 3079 σημεῖα

463 3104 738 3178 prodigia
761 3104 978 3160 facient
1005 3121 1017 3159 :
1046 3101 1480 3175 pseudochristi
1534 3102 1780 3174 quidem
1834 3100 2119 3157 miracula

2244 3104 2433 3177 αεγάλα
2479 3109 2568 3157 καὶ
2606 3108 2832 3178 τέρατα·
2892 3105 2940 3155 οἱ
2978 3106 3067 3176 μὲν
3115 3099 3526 3179 ψευδόχριστοι,
3582 3106 3857 3178 Θαυματοο

462 3196 729 3254 edentes:
751 3193 1292 3269 pseudoprophetae
1309 3209 1450 3249 vero
1464 3192 1745 3266 quaedam
1764 3190 1962 3248 futura
1976 3207 2120 3265 prae-

462 3286 747 3343 dicentes.

532 3375 696 3431 νει-ε.
729 3377 819 3431 24.
852 3373 940 3429 Ita
990 3377 1057 3428 ut
1104 3402 1175 3413 —
1232 3371 1428 3428 electi.
1482 3368 1541 3425 Si
1598 3369 1726 3425 ﬁeri
1773 3372 1986 3443 potest,
2038 3370 2122 3425 eis

459 3463 675 3520 dicitur
704 3462 792 3535 (l).
845 3462 1000 3517 Inter
1029 3457 1515 3532 pseudochristos
1578 3462 1780 3514 autem
1840 3473 1995 3513 unus
2031 3463 2124 3513 est

458 3552 871 3615 Antichristus,
941 3550 1273 3622 pOStremus
1325 3564 1533 3604 eorum
1582 3552 1884 3614 venturus,
1944 3547 2119 3619 cujus

460 3643 768 3716 prOphetae
799 3639 902 3711 qui
941 3638 1240 3704 dicuntur,
1272 3638 1334 3693 hi
1366 3642 1505 3693 sunt
1532 3636 2078 3710 pseudoprophetae
2105 3654 2118 3694 :

460 3731 536 3787 de
566 3746 689 3803 quo
710 3731 885 3785 etiam
925 3726 1140 3783 Paulus
1158 3727 1390 3799 scripsit
1419 3743 1432 3782 :
1468 3731 1787 3800 postquam
1823 3727 1980 3783 enim
2012 3743 2123 3784 vo-

461 3820 613 3876 cavit
642 3834 781 3874 eum
827 3816 1133 3872 hominem
1180 3815 1430 3889 peccati,
1480 3815 1795 3888 ﬁliumque
1844 3816 2123 3889 perditio-

460 3911 575 3975 nis,
609 3906 840 3964 addidit
871 3924 884 3962 :
921 3906 1098 3976 Cujus
1124 3914 1205 3962 est
1250 3906 1527 3963 adventus
1575 3906 1889 3963 secundum
1917 3922 2125 3976 opera-

464 4000 681 4059 tionem
704 3999 943 4054 Salance
969 3996 1028 4051 in
1046 3996 1203 4052 omni
1228 3996 1441 4053 virtute
1466 4002 1518 4053 et
1549 3997 1721 4069 signis
1745 4013 1817 4053 ac
1832 3998 2123 4069 prodigiis

462 4090 606 4163 falsi
622 4088 688 4143 ⁵¹.
722 4087 790 4142 Hi
823 4102 964 4158 ergo
982 4085 1222 4157 signum
1254 4091 1393 4142 sunt
1414 4086 1663 4143 secundi
1694 4086 2010 4143 adventus.

532 4275 690 4329 Vers.
746 4274 834 4329 25.
890 4274 1040 4330 Ecce
1086 4269 1350 4341 praedixi
1404 4269 1587 4326 vobis.
1634 4270 1902 4325 Testatur
1954 4265 2121 4341 quod

460 4363 773 4421 manifeste
793 4360 1176 4436 praedicendo
1201 4358 1496 4414 munierit.
1513 4357 1686 4431 Apud
1701 4359 1958 4415 Marcum
1979 4374 2120 4416 vero

460 4454 541 4511 ait
574 4470 587 4507 :
627 4452 725 4510 Vos
753 4458 948 4508 autem
976 4450 1198 4506 videte:
1232 4463 1361 4505 ecce
1379 4447 1635 4519 prcedi'ri
1649 4448 1803 4504 vobis
1826 4446 2022 4503 omnia
2048 4448 2115 4514 5',
2149 4454 2195 4509 D
2235 4449 2470 4523 βλέπετε,

460 4559 599 4615 quae
652 4541 924 4597 videlicet
980 4538 1328 4611 contingent
1380 4537 1454 4594 de
1514 4537 1949 4593 seductoribus.
2010 4538 2120 4593 Per

462 4630 770 4706 apostolos
824 4646 967 4686 vero
1022 4629 1147 4685 haec
1197 4629 1374 4685 etiam
1432 4627 1573 4683 dicit
1602 4627 1679 4683 ad
1727 4634 2023 4700 posteros,
2056 4631 2120 4682 ut

461 4723 624 4796 prius
657 4719 1057 4791 signiﬁcatum
1087 4722 1192 4774 est.
1237 4718 1503 4774 Observa
1537 4715 1700 4773 enim
1748 4718 1914 4791 quod
1942 4718 2119 4773 etiam

463 4811 544 4871 ad
566 4809 868 4885 apostolos
893 4807 1307 4882 praedixeritea
1319 4822 1455 4879 quae
1482 4805 1557 4863 de
1571 4805 2119 4879 Hierosolymorum

534 4992 585 5038 ⁵ο
624 4990 818 5050 Matth.
854 4988 1008 5061 xxiv,
1036 4987 1091 5044 5.
1170 4987 1215 5023 δι
1252 4985 1297 5043 II
1330 4984 1535 5043 Thess.
1569 4998 1629 5054 ιι,
1660 4988 1713 5054 3,
1750 4988 1802 5043 9.

2232 3202 2519 3264 ποιοῦντες,
2581 3196 2631 3247 οἱ
2697 3190 2755 3247 δὲ
2820 3189 3274 3268 ψευδοπροφῆται,
3339 3194 3672 3268 προλέγοντες
3725 3215 3855 3250 τινα

2232 3282 2497 3356 μέλλοντα.

2300 3380 2462 3426 Ὥστε
2512 3404 2581 3416 --
2635 3370 2919 3436 ἐκλεκτούς.
2982 3372 3044 3428 Εἰ
3095 3369 3316 3426 δυνατὸν
3374 3372 3553 3436 αὐτοῖς
3603 3378 3850 3448 γένηται.

2230 3466 2435 3517 Τούτων
2488 3472 2586 3515 τῶν
2614 3458 3022 3538 ψευδοχρίστων
3076 3463 3149 3525 εἷς
3204 3460 3316 3516 ἔστι
3349 3467 3440 3516 καὶ
3490 3465 3514 3516 ὁ
3566 3463 3850 3538 λεγόμενος

2231 3552 2618 3629 Ἀντίχριστος,
2684 3552 2974 3612 τελευταῖος
3038 3561 3137 3604 τῶν
3185 3551 3348 3605 ἄλλων
3406 3552 3703 3627 ἓρχόμενος,
3774 3556 3851 3609 οὗ

2232 3651 2497 3717 προφῆται
2560 3643 2608 3695 οἱ
2671 3641 2907 3715 ῥηθέντες
2972 3640 3116 3694 οὗτοι
3186 3638 3640 3716 ψευδοπροφῆται.
3708 3650 3848 3718 Περὶ

2230 3736 2418 3785 τούτου
2459 3736 2545 3783 καὶ
2592 3730 2793 3792 Παῦλος
2823 3730 3053 3804 ἔγραψΓ
3116 3731 3339 3795 καλέσας
3380 3734 3480 3805 γὰρ
3512 3733 3627 3806 (27)
3681 3732 3847 3787 αύτόν

2232 3823 2501 3898 ἄνθρωπον
2560 3820 2839 3895 ἁμαρτίας,
2896 3825 2985 3873 καὶ
3051 3822 3161 3873 υἱόν
3226 3820 3500 3889 ἀπωλείας,
3553 3822 3847 3897 ἐπήγαγεν,

2233 3912 2311 3965 Οὗ
2368 3910 2504 3964 ἐστιν
2567 3911 2597 3969 ἡ
2662 3916 2929 3986 παρουσία
2993 3912 3107 3963 κατ’
3169 3909 3416 3986 ἐνέργειαν
3478 3920 3568 3965 τοῦ
3614 3917 3844 3989 Σατανᾶ,

2233 4001 2281 4055 ἒν
2347 4004 2492 4074 πασῃ
2563 3997 2784 4073 δυνάμει
2854 4006 2944 4053 καὶ
3011 4004 3251 4073 σημείοις
3319 4005 3407 4054 καὶ
3467 4007 3650 4076 τέρασι
3714 4003 3851 4076 ψεύ-

2235 4090 2373 4155 δονς.
2429 4090 2590 4144 Οὗτοι
2650 4086 2737 4143 οὖν
2782 4092 2887 4143 εἰσι
2931 4093 2991 4143 τό
3034 4098 3247 4165 σημεῖον
3290 4100 3386 4156 τῆς
3435 4088 3677 4166 δευτέρας
3706 4112 3846 4166 παρ-

2234 4186 2439 4244 ουσίας.

2309 4267 2468 4343 Ἰδοὺ,
2553 4273 2842 4346 προείρηκα
2907 4271 3047 4343 ὑμῖν.
3118 4273 3535 4348 Διαμαρτύρεται
3615 4271 3845 4345 ἐξασφα-

2232 4359 2516 4432 λιζόμενος.
2580 4362 2733 4435 Παρὰ
2786 4356 2845 4412 δὲ
2909 4367 2981 4430 τῷ
3048 4366 3244 4433 Μαρκῳ
3308 4380 3487 4434 φησιν,
3543 4359 3711 4434 Ὑμεῖς
3776 4358 3843 4416 δὲ

2563 4446 2679 4501 ἰδοὺ
2777 4453 3065 4524 προείρηκα
3142 4450 3327 4518 πάντα,
3423 4447 3684 4518 δηλονότι,
3771 4453 3846 4505 τὰ

2230 4543 2348 4614 περὶ
2394 4547 2490 4591 τῶν
2536 4538 2757 4592 πλάνων.
2818 4540 2913 4591 Διά
2972 4535 3029 4590 δὲ
3067 4546 3168 4609 τῷν
3218 4537 3538 4605 ἀποστόλων,
3590 4543 3659 4603 ὡς
3712 4559 3844 4614 προ-

2234 4624 2555 4693 δεδήλωται,
2598 4631 2727 4702 πρός
2778 4630 2895 4688 τοὺς
2951 4627 3164 4701 ὕστερον
3218 4636 3385 4683 ταῦτα
3440 4629 3593 4702 λέγει.
3656 4637 3839 4705 Παρα-

2230 4722 2464 4792 τήρησον
2503 4720 2627 4792 γὰρ,
2688 4719 2767 4770 ὅτι
2797 4719 2926 4791 πρὸς
2978 4721 3092 4778 τοὺς
3124 4716 3442 4781 ἀποστόλους
3474 4717 3583 4773 εἶπε
3625 4724 3715 4772 καὶ
3770 4722 3842 4774 τὰ

2233 4811 2349 4884 περὶ
2414 4814 2505 4869 τῆς
2562 4806 2795 4868 ἁλώσεως
2848 4815 2947 4859 τῶν
3011 4805 3398 4882 Ἱεροσολύμων,
3452 4813 3543 4862 καὶ
3600 4812 3666 4863 τὰ
3717 4815 3842 4886 περὶ

1880 4984 1927 5021 δ’
1951 4986 2125 5043 Marc.
2151 5002 2274 5052 xm,
2300 4985 2389 5045 23.

1667 5164 1901 5237 Variae
1941 5164 2273 5235 lectiones
2313 5175 2379 5236 et
2417 5176 2628 5238 notae.

533 5370 648 5444 (29)
674 5372 808 5444 Haec
837 5367 898 5425 in
928 5370 1137 5444 neutro
1161 5367 1828 5444 meoru_r_nqcompareut.
1868 5363 2123 5438 Sumpta

464 5438 605 5500 sunt
631 5438 706 5498 ex
732 5440 1162 5514 Theophylact.
1192 5454 1254 5512 p.
1284 5438 1391 5497 145
1422 5442 1492 5494 Α.

2305 5366 2417 5440 (27)
2462 5367 2584 5441 Γάρ,
2618 5364 2789 5426 abest
2816 5371 2882 5428 A.

535 5614 615 5692 (ί)
636 5619 1170 5691 Ηθιιιεηίιιςλέγεται
1190 5620 1423 5676 videtur
1456 5617 1674 5690 legisse
1718 5616 1847 5676 loco
1884 5621 2119 5691 γένηται,
2152 5616 2318 5691 quod
2356 5618 2560 5676 tamen
2607 5618 2854 5675 minime
2901 5618 3308 5692 probandum.
3360 5617 3600 5681 Redde:
3650 5620 3709 5681 Si
3758 5627 3841 5683 eis

464 5691 727 5766 possibile
748 5693 844 5748 sit.
