4096 6390
138 361 240 425 617
1052 363 1427 424 COMMENT.
1474 362 1544 419 IN
1584 354 2033 420 MATTHASUM.
2077 392 2145 404 —
2185 362 2344 419 CAP.
2386 361 2588 419 xxrv.
3419 350 3523 423 618

139 504 228 555 τῆς
268 490 517 569 δευτέρας
563 494 730 547 αὐτοῦ
773 494 1087 567 παρουσὶας,
1117 494 1188 553 ὡς
1229 493 1361 566 πρὸς
1391 486 1750 551 διδασκάλους

1889 488 2196 561 aptivitate
2225 487 2385 545 dicta
2408 491 2565 556 sunt,
2595 504 2846 562 quaeque
2877 485 2951 545 de
2987 488 3250 547 secundo
3278 506 3389 548 suo
3421 492 3525 548 ad-

141 592 232 637 τοῦ
280 588 393 637 νέου
440 582 591 651 λαοῦ,
640 588 933 656 γινώσκων,
978 584 1059 635 ὅτι
1104 587 1193 634 καὶ
1236 578 1522 645 διδάξουσι
1562 580 1750 650 ταῦτα,

1889 584 2060 644 νεηιυ,
2085 582 2376 652 tanquam
2407 579 2483 635 ad
2502 585 2891 651 praeceptores
2912 579 3047 635 novi
3066 581 3267 653 populi
3293 600 3305 637 :
3328 581 3524 637 sciens

1861 667 2026 740 quod
2057 668 2233 724 etiam
2265 670 2387 725 haec
2418 668 2648 725 docturi
2676 676 2875 725 essent
2922 685 2992 726 ac
3032 670 3326 743 scripturi,
3361 676 3416 727 et
3447 671 3527 727 ad

1864 758 2438 814 demonstrationem
2474 775 2681 815 eorum
2713 776 2847 832 qua:
2875 760 3243 832 prophetavit
3282 761 3355 817 de
3388 777 3527 834 cap-

1866 847 2103 913 tivitate,
2132 852 2188 904 et
2213 848 2290 904 ad
2313 849 2708 905 munitionem
2730 849 3021 917 ﬁdelium,
3046 850 3151 923 qui
3175 850 3359 907 futuri
3387 854 3526 907 sunt

1864 942 2000 995 ante
2047 937 2377 993 secundum
2408 939 2537 1009 ejus
2567 939 2913 995 adventum.

1935 1027 2099 1083 Vers.
2132 1030 2219 1082 26.
2254 1028 2322 1084 Si
2346 1043 2472 1099 ergo
2490 1059 2555 1068 —
2588 1029 2844 1085 credere.
2871 1028 3135 1095 Quitunc
3154 1030 3279 1086 haec
3304 1029 3522 1098 dicent,

1863 1117 2181 1190 praenuntii
2210 1123 2381 1174 erunt
2411 1134 2478 1175 ac
2510 1118 2758 1174 ministri
2802 1119 3160 1177 Antichristi.
3205 1122 3529 1179 Penetralia

1866 1213 2065 1264 autem
2096 1223 2259 1264 nunc
2280 1207 2551 1279 intelligit
2570 1208 2703 1264 loca
2720 1209 2780 1265 in
2801 1210 3085 1266 domibus
3104 1211 3296 1282 magis
3322 1226 3529 1268 recon-

1864 1296 2009 1354 dita.

1937 1388 2100 1443 Vers.
2132 1388 2221 1445 27.
2242 1386 2501 1444 Sicut—
2552 1387 2810 1445 hominis.
2847 1388 3026 1459 Sicut,
3068 1390 3280 1463 inquit,
3330 1391 3530 1462 fulgur

1866 1476 2186 1549 egreditur,
2214 1481 2269 1534 et
2297 1477 2657 1534 omnibusin
2674 1482 2996 1552 conspicuo
3021 1484 3127 1546 est,
3158 1479 3318 1536 nullo
3349 1496 3532 1551 egens

1867 1583 2143 1641 praecone
2195 1572 2298 1624 aut
2357 1568 2817 1641 praenuntiante,
2879 1569 2986 1625 sed
3044 1570 3353 1627 excessivo
3422 1586 3533 1627 suo

1868 1658 2203 1730 splendore,
2242 1658 2492 1715 minimo
2533 1658 2819 1731 temporis
2872 1666 3199 1726 momento,
3255 1659 3534 1717 universo

148 1775 286 1843 πάσῃ
352 1780 419 1843 τῇ
484 1771 780 1843 οἰκουμένῃ’
840 1776 1002 1828 οὕτως
1058 1770 1206 1820 ἔσται
1260 1771 1349 1819 καὶ
1398 1768 1428 1825 ἡ
1494 1771 1761 1841 παρουσία

1889 1752 2120 1821 ipparet
2143 1748 2270 1804 orbi
2300 1764 2311 1802 :
2336 1749 2415 1804 ita
2434 1764 2675 1821 quoque
2688 1749 2794 1804 erit
2823 1750 3114 1805 adventus
3147 1750 3264 1816 ille,
3291 1755 3536 1823 propter

149 1834 337 1917 ἐκείνου
391 1834 536 1932 ξ28),
595 1834 688 1912 διὰ
736 1834 835 1917 τὴν
900 1856 1185 1933 ὑπερϐολὴν
1232 1863 1323 1917 τῆς
1378 1834 1578 1919 οἰκείας,
1621 1856 1757 1929 λαμ-

1889 1838 2347 1909 magnitudinem
2376 1840 2462 1893 sui
2501 1838 2859 1910 splendoris,
2902 1838 3183 1895 omnibus
3234 1839 3405 1894 simul
3432 1856 3537 1911 ap-

1868 1943 2101 2001 parens,
2127 1932 2183 1984 et
2200 1927 2389 1983 factus
2405 1927 2748 1983 hominibus
2769 1928 2897 2000 ipse
2919 1928 3011 1984 sui
3041 1929 3302 1983 nuntius.
3333 1929 3534 2001 Neque

1870 2018 2032 2073 enim
2061 2016 2581 2090 quemadmodum
2605 2018 2839 2089 primus
2870 2018 3159 2074 adventus
3192 2018 3253 2073 in
3279 2032 3537 2090 pauper-

1872 2111 1988 2165 tate
2009 2112 2066 2164 et
2099 2107 2362 2164 nominis
2379 2107 2734 2164 obscuritate
2761 2106 2949 2165 factus
2966 2113 3075 2176 est,
3112 2109 3193 2165 ita
3216 2109 3324 2164 erit
3358 2113 3415 2165 et
3446 2125 3536 2164 se-

141 679 229 728 xai
280 673 574 748 γράφουσι,
638 677 774 747 πρὸς
828 692 883 726 τε
940 668 1226 738 ἀπόδειξιν,
1282 672 1349 723 ὧν
1403 676 1753 746 προεφήτευσε

142 770 261 840 περὶ
318 773 410 825 τῆς
477 763 741 834 ἁλώσεως,
794 766 882 815 καὶ
938 765 1063 835 πρὸς
1134 760 1415 835 ἀσφάλειαν
1487 770 1586 814 τῶν
1654 763 1753 836 πρὸ

143 863 234 915 τῆς
264 850 517 927 δευτέρας
544 857 844 928 παρουσίας
870 860 1091 908 πιστῶν.

212 1033 330 1087 Ἐὰν
390 1029 481 1086 οὖν
539 1063 606 1074 -
666 1034 1006 1091 πιστεύσητε.
1081 1032 1147 1083 Οἱ
1223 1037 1392 1083 ταῦτα
1465 1035 1755 1088 τηνικαῦτα

142 1124 372 1195 λέγοντες
420 1127 724 1199 προπομποὶ
777 1126 867 1174 καὶ
937 1123 1193 1195 ὑπηρέται
1235 1128 1325 1173 τοῦ
1380 1120 1754 1193 Ἀντιχρίστου

142 1218 264 1268 εἰσὶ.
296 1220 505 1286 Ταμεῖα
534 1209 595 1266 δὲ
623 1216 727 1266 νόει
750 1218 838 1264 νῦν
863 1212 930 1264 τὰ
965 1218 1065 1263 τῶν
1095 1215 1271 1264 οἰκιῶν
1302 1206 1574 1262 ἓνδὸτατα.

208 1410 416 1485 Ὠσπερ
468 1441 536 1452 —
577 1407 871 1483 ἀνθρώπου.
913 1406 1114 1481 Ὥσπερ
1162 1409 1193 1466 ἡ
1255 1405 1522 1482 ἀστραπὴ,
1575 1410 1754 1480 φησὶν,

147 1502 440 1576 ἐξέρχεται,
497 1505 589 1553 καὶ
634 1504 864 1573 φαίνεται
902 1504 1086 1566 πᾶσιν,
1134 1496 1193 1550 οὐ
1252 1493 1467 1570 δεομένη
1509 1501 1754 1570 κήρυκος,

147 1590 266 1647 οὐδε
344 1592 758 1667 προμηνύοντος,
828 1588 955 1641 ἀλλά
1020 1595 1083 1661 τῇ
1148 1586 1404 1663 ὑπερϐολῇ
1473 1595 1566 1649 τῆς
1620 1582 1758 1646 ἰδίας

146 1684 522 1758 λαμπρότητος
592 1679 639 1732 ἐν
715 1677 966 1752 ἀκαριαίᾳ
1034 1678 1167 1753 ῥοπῇ
1224 1684 1409 1751 καιροῦ
1481 1680 1756 1749 φαινομένη

150 1958 413 2027 πρὸτητος
467 1955 633 2002 πᾶσιν
680 1948 810 2022 ὁμοῦ
857 1950 1155 2021 φαινομένη,
1212 1951 1302 1999 καὶ
1354 1951 1596 2020 γινομένη
1652 1954 1760 2008 τοῖς

149 2041 444 2117 ἀνθρώποις
504 2038 820 2111 αὐτάγγελος
891 2037 1096 2098 ἑαυτῆς.
1171 2036 1247 2089 Ou’
1304 2038 1427 2110 γὰρ,
1489 2035 1662 2111 ὥσπερ
1726 2038 1756 2094 ἡ

149 2138 325 2206 πρώτη
386 2133 663 2205 παρουσία
714 2129 846 2201 μετὰ
895 2131 1159 2199 πτωχεὶας
1205 2130 1295 2179 καὶ
1348 2122 1567 2189 ἀδοξίας
1610 2130 1763 2198 γέγο-

149 2242 223 2275 νεν
291 2222 457 2281 οὕτως
521 2222 672 2272 ἔσται
724 2221 814 2270 καὶ
870 2218 900 2275 ἡ
965 2214 1212 2291 δευτέρα.
1278 2214 1407 2267 ἀλλὰ
1469 2218 1762 2269 τούναντίον

158 2311 293 2369 αὕτη
345 2312 475 2383 μετὰ
519 2306 787 2381 δυνάμεως
842 2311 934 2359 καὶ
1002 2302 1161 2369 δόξης
1217 2304 1412 2368 πολλῆς
1462 2311 1762 2378 γενήσεται,

158 2397 556 2477 δορυφορούσης
610 2398 825 2458 ἀπάσης
870 2395 1111 2465 οὐρανίου
1161 2402 1434 2469 στρατιᾶς,
1474 2399 1561 2448 Διὸ
1588 2391 1764 2459 οὐδεὶς

156 2491 417 2565 ἀγνοῆσαι
444 2491 640 2547 ταύτην
665 2492 782 2541 τότε
816 2487 929 2560 (29)
963 2482 1263 2545 δυνήσεται.

219 2581 397 2635 Ὀπου
452 2610 524 2621 -
573 2576 730 2639 ἀετοί.
784 2583 949 2631 Τοῦτο
1002 2572 1110 2630 εἷπε
1162 2572 1257 2629 διὰ
1324 2580 1416 2636 τὴν
1478 2584 1770 2636 τηνικαῦτα

160 2669 503 2748 δορυφορίαν.
584 2674 684 2723 Καὶ
767 2665 933 2728 ἀετοῖς
1007 2668 1098 2739 μὲν
1159 2669 1281 2728 τοὺς
1350 2663 1770 2743 δορυφοροῦντας

158 2768 493 2837 παρείκασεν,
560 2761 627 2820 ὡς
678 2762 769 2811 καὶ
820 2756 1042 2817 πτηνοός
1097 2761 1187 2808 καὶ
1242 2755 1575 2829 βασιλικούς
1631 2762 1767 2810 πτώ-

158 2872 284 2927 ματι
337 2849 400 2904 δε
452 2848 658 2917 ἑαυτὸν,
716 2849 782 2908 ὡς
845 2850 1144 2918 συναγωγὸν
1213 2854 1314 2899 τῶν
1381 2849 1627 2900 τοιούτων
1686 2846 1773 2898 ἀε-

159 2952 281 3008 τῶν,
335 2943 429 2993 καὶ
476 2942 541 3000 ὡς
601 2942 794 3011 τροφὴν
860 2940 1213 3009 πνευματικὴν
1272 2936 1439 2990 αὐτῶν
1483 2942 1573 2991 καὶ
1633 2938 1771 2998 ζωὴν

158 3033 394 3087 αἰώνιον.
421 3038 575 3103 Σῶμα
605 3024 665 3081 δε
684 3030 740 3080 τὸ
772 3034 964 3100 ωτῶμα
990 3025 1214 3101 ἔγραψεν
1245 3030 1268 3080 ὁ
1309 3032 1535 3090 Λουκᾶς.

1873 2197 2105 2255 cundus
2133 2215 2148 2267 ;
2177 2198 2282 2254 sed
2304 2212 2335 2253 e
2360 2197 2597 2254 diverso
2625 2197 2720 2253 hic
2770 2214 2909 2254 cum
2938 2202 3227 2271 potestate
3268 2202 3322 2254 et
3349 2198 3539 2269 gloria

1874 2304 2099 2359 magna
2130 2287 2251 2355 ﬂet,
2304 2287 2561 2361 stipante
2588 2288 2753 2345 omni
2799 2287 3019 2345 caelesti
3072 2289 3369 2345 exercitu:
3400 2287 3538 2345 ideo

1875 2378 2074 2435 nullus
2098 2378 2261 2435 hunc
2287 2376 2565 2449 ignorare
2600 2382 2741 2434 tunc
2772 2378 3009 2451 poterit.
3526 2394 3531 2399 λ

1950 2604 2115 2660 Vers.
2144 2603 2237 2659 28.
2268 2601 2605 2674 Ubicunque
2624 2631 2693 2642 —-
2718 2600 2956 2675 aquilae.
2992 2600 3112 2659 Hoc
3138 2599 3280 2659 dicit
3296 2607 3543 2675 propter

1881 2692 2220 2750 satellitium
2252 2708 2374 2765 quo
2402 2696 2542 2747 tunc
2596 2692 3084 2749 circumdabitur.
3136 2693 3202 2749 Et
3254 2698 3541 2766 stipantes

1880 2782 2120 2856 quidem
2154 2781 2512 2838 assimilavit
2544 2782 2779 2852 aquilis,
2825 2786 3115 2854 tanquam
3149 2781 3338 2838 alatos
3365 2800 3433 2839 ac
3456 2800 3543 2841 re-

1881 2872 2028 2943 gios,
2060 2873 2321 2944 seipsum
2350 2888 2492 2927 vero
2524 2872 2821 2937 cadaveri,
2850 2876 3133 2945 tanquam
3176 2888 3542 2944 congregan-

1880 2967 2002 3019 tem
2021 2960 2371 3032 hujusmodi
2390 2962 2644 3033 aquilas,
2671 2966 2725 3016 et
2750 2962 2923 3033 quasi
2944 2961 3145 3016 cibum
3166 2962 3542 3033 spiritualem

1882 3066 2109 3117 eorum,
2126 3050 2434 3122 vitamque
2457 3049 2903 3120 sempiternam.
2922 3050 3109 3105 Lucas
3128 3056 3328 3105 autem
3361 3052 3406 3085 ⁵³
3431 3065 3541 3121 pro

1886 3141 2189 3198 Cadavere
2227 3139 2425 3212 posuit
2448 3139 2700 3208 Corpus,
2728 3138 2843 3194 hoc
2873 3143 2960 3194 est
2986 3154 3093 3210 pro
3126 3146 3339 3211 Πτῶμα,
3364 3146 3537 3211 Σῶμα.

228 3230 437 3291 Εὐθέως
492 3257 560 3267 --
632 3224 873 3300 οὐρανοῦ.
953 3229 1079 3298 Περὶ
1153 3226 1347 3278 τούτων
1424 3222 1530 3279 εἶπε
1600 3232 1689 3279 καὶ
1746 3228 1771 3279 ό

1953 3233 2111 3287 Vers.
2142 3205 2247 3285 ‘29:
2278 3228 2489 3285 Statim
2526 3205 2583 3271 γέ
2609 3230 2766 3284 caelo.
2801 3230 2877 3283 De
2906 3205 3005 3283 his
3030 3228 3175 3284 dixit
3202 3205 3258 3284 et
3288 3205 3476 3284 Lucas
3524 3248 3538 3282 :

159 3326 396 3386 Λουκᾶς,
455 3319 533 3371 ὃτι
595 3322 698 3369 Και
748 3317 895 3368 ἔσται
950 3322 1143 3388 σημεῖα
1195 3315 1245 3367 ἐν
1295 3315 1425 3386 ἡλίῳ
1478 3322 1567 3369 καὶ
1622 3317 1771 3375 σελή-

156 3433 215 3485 νῃ
285 3414 377 3461 καὶ
436 3408 671 3482 οἴστροις.
737 3404 874 3478 Ὅρα
934 3401 1012 3476 δε,
1077 3413 1189 3467 πῶς
1263 3408 1482 3481 εἴρηκεν,
1544 3408 1624 3459 ὅτι
1693 3407 1773 3459 εὗ-

160 3504 311 3564 Θέως,
387 3504 658 3569 παριστῶν
716 3495 797 3547 ὅτι
872 3495 1002 3567 ὁμοῦ
1076 3490 1273 3566 σχεδόν
1349 3495 1549 3553 ἀηαντα
1605 3498 1667 3547 τά
1718 3515 1773 3549 τε

159 3591 537 3666 προειρημένα,
588 3590 678 3638 καὶ
726 3591 913 3653 ταῦτα,
965 3588 1055 3636 καὶ
1107 3586 1172 3636 τά
1224 3584 1563 3659 ῥηθησόμενα
1614 3591 1770 3658 γενή-

162 3699 368 3734 σονται.
428 3675 671 3730 Συστελεῖ
717 3676 815 3748 γὰρ
868 3678 955 3726 καὶ
1018 3680 1199 3726 τοῦτον
1252 3677 1339 3726 τόν
1398 3678 1689 3751 πειρασμὸν
1746 3678 1773 3729 ό

162 3774 294 3830 Θεὸς
364 3764 461 3820 διὰ
522 3768 647 3827 τοὺς
716 3762 981 3825 ἐκλεκτοὺς
1042 3763 1227 3819 αὐτοῦ.
1288 3762 1482 3835 Θλίψιν
1535 3768 1623 3837 μὲν
1687 3764 1776 3819 οὖν

161 3861 302 3933 λέγει
350 3862 445 3916 τήν
495 3855 597 3909 ἀπὸ
652 3860 745 3908 τοῦ
789 3853 1187 3926 Ἀντιχρίστου,
1225 3858 1315 3905 καὶ
1359 3862 1459 3905 τῶν
1513 3860 1632 3927 περὶ
1686 3856 1777 3909 αὖ·

162 3954 248 4003 τὸν
321 3946 650 4010 ἀπατεώνων,
721 3942 838 4005 ἣτις
889 3941 1119 4014 ίκθλίψει
1183 3942 1298 4014 (30)
1352 3947 1475 4005 τοὺς
1526 3944 1773 4008 εὐσεϐεῖς.

160 4040 217 4097 Ὀ
264 4038 415 4098 ἣλιος
464 4033 525 4089 δὲ
576 4033 1008 4098 σκοτισθήσεται,
1066 4031 1161 4084 οὐκ
1206 4030 1598 4106 ἀφανιζόμενος,
1650 4033 1779 4088 ἀλλά

162 4135 442 4203 νικώμενος
494 4134 567 4197 τῷ
615 4128 746 4197 φωτί
793 4131 889 4185 τῆς
936 4126 1230 4195 παρουσίας
1282 4130 1374 4175 τοῦ
1423 4131 1687 4198 Χριστοῦ⁹
1744 4126 1774 4184 ἡ

168 4217 223 4273 δέ
272 4219 470 4276 σελήνη
519 4214 577 4267 οὐ
627 4210 791 4266 δώσει
831 4215 886 4264 τὸ
936 4216 1121 4285 φέγγος
1155 4211 1329 4275 αὐτῆς,
1381 4216 1573 4266 καὶτὰ
1610 4215 1782 4289 οἷστρα

167 4318 476 4377 πεσοῦνται,
525 4306 593 4367 ὡς
645 4306 833 4376 μηκέτι
889 4306 1078 4377 χρείας
1128 4304 1293 4365 οὔσης
1341 4301 1534 4361 αὐτῶν.
1590 4304 1781 4358 Οὐκέτι

305 4402 462 4452 ἔσται
499 4394 618 4457 νύξ.
666 4392 725 4445 Ὀ
773 4388 833 4444 δε
880 4397 1087 4452 Λουκᾶς
1128 4391 1372 4466 ἔγραψεν,
1419 4392 1499 4446 ὅτι
1544 4399 1645 4448 Καὶ
1696 4394 1781 4449 επὶ

170 4498 263 4551 τῆς
332 4494 437 4559 γῆς
510 4486 713 4556 συνοχὴ
776 4478 929 4534 ἐθνῶν
984 4480 1035 4533 ἓν
1108 4479 1321 4558 ἀπορίᾳ,
1383 4483 1626 4555 ἠχούσης
1693 4487 1780 4538 θα-

1884 3322 1963 3378 Et
1991 3329 2163 3378 erunt
2188 3322 2355 3391 signa
2383 3320 2446 3374 in
2490 3320 2631 3383 sole,
2666 3324 2722 3374 et
2777 3318 2939 3389 luna,
2989 3324 3044 3375 et
3091 3317 3273 3374 stellis
3300 3319 3367 3372 5‘.
3398 3317 3542 3373 Vide

1883 3420 2085 3471 autem
2117 3410 2415 3484 quomodo
2442 3410 2673 3475 dixerit,
2693 3412 2925 3473 Statim,
2944 3408 3543 3482 demonstransquod

1883 3502 2060 3560 simul
2092 3502 2211 3558 fere
2240 3501 2465 3564 omnia,
2485 3504 2540 3555 et
2565 3516 2699 3572 qua:
2729 3499 2885 3555 dicta
2903 3499 3057 3564 sunt,
3092 3504 3147 3554 et
3174 3499 3303 3554 haec
3328 3505 3383 3555 et
3413 3514 3544 3571 quae

1883 3597 2172 3659 dicentur,
2209 3592 2363 3648 ﬁent.
2408 3589 2700 3646 Breviabit
2744 3590 3031 3662 siquidem
3064 3595 3117 3646 et
3159 3589 3316 3645 hanc
3359 3594 3546 3646 tenta-

1884 3685 2106 3742 tionem
2138 3684 2294 3738 Deus
2347 3685 2589 3753 propter
2648 3679 2867 3736 electos
2914 3678 3074 3735 suos.
3150 3673 3548 3736 Atﬂictionem

1886 3779 2087 3833 autem
2113 3772 2254 3829 dicit
2307 3787 2442 3827 eam
2496 3786 2632 3842 qu
2699 3770 2771 3825 ab
2804 3769 3159 3825 Antichristo
3214 3762 3549 3824 movebitur

1886 3864 2136 3937 ejusque
2169 3860 2600 3925 seductoribus,
2635 3864 2688 3915 et
2716 3859 2847 3932 pios
2879 3857 3119 3929 afﬂiget.
3153 3857 3241 3913 Sol
3280 3875 3418 3914 vero
3446 3859 3548 3914 ob-

1888 3952 2275 4011 scurabitur:
2324 3966 2445 4007 non
2487 3965 2517 4004 e
2564 3948 2761 4004 medio
2823 3948 3115 4013 sublatus,
3174 3946 3280 4003 sed
3343 3946 3552 4004 Christi

1887 4042 2177 4100 venientis
2205 4040 2331 4095 luce
2385 4040 2721 4110 superatus.
2766 4036 2931 4092 Luna
2975 4044 3175 4091 autem
3204 4040 3340 4105 ;non
3383 4034 3553 4091 dabit

1888 4131 2268 4206 splendorem
2302 4144 2477 4184 suum
2512 4144 2525 4193 ;
2551 4132 2605 4181 et
2635 4126 2813 4181 stellae
2840 4125 3072 4193 cadent,
3110 4130 3398 4196 tanquam
3422 4124 3553 4179 nul-

1887 4223 1927 4280 li
1957 4221 2215 4295 amplius
2247 4217 2383 4275 usui
2418 4217 2651 4274 futuree.
2688 4214 2855 4271 Nulla
2880 4215 3041 4269 enim
3083 4218 3219 4269 tunc
3246 4213 3356 4269 erit
3382 4216 3544 4285 inox.

1890 4316 2080 4369 Lucas
2104 4327 2245 4367 vero
2276 4308 2510 4381 scripsit
2543 4307 2651 4361 :Et
2681 4321 2853 4377 super
2871 4312 3081 4361 terram
3113 4302 3387 4360 anxietas
3415 4318 3551 4375 gen-

1892 4402 2060 4468 tium,
2091 4418 2198 4472 per
2218 4400 2523 4469 tle/luxum
2550 4396 3024 4452 resonantemari
3040 4410 3108 4450 ac
3130 4394 3319 4463 ﬂuctu
3343 4411 3357 4448 :
3393 4408 3557 4450 ares-

1893 4493 2148 4552 centibus
2178 4488 2517 4555 hominibus
2525 4502 2647 4556 prie
2668 4485 2873 4541 timore
2885 4492 2937 4541 et
2952 4482 3403 4553 exspectatione,
3423 4497 3558 4555 quae

171 4578 375 4639 λάσσης
457 4578 549 4626 καὶ
631 4571 812 4642 σάλου,
885 4568 1271 4643 ἀποψυχόντων
1342 4570 1621 4648 ἀνθρώπων
1681 4573 1772 4629 ἀπε

1892 4582 2299 4654 supervenient
2325 4578 2772 4648 orbi,terrarum
2801 4575 2870 4628 ⁵⁵.
2895 4575 3264 4630 Anxietatem
3292 4574 3560 4644 gentium

176 4668 328 4740 39469:;
410 4669 503 4716 καὶ
584 4657 908 4736 προσδοκίας
978 4669 1080 4713 τῶν
1151 4660 1509 4736 ἐπερχομένων
1575 4672 1637 4737 τῇ
1702 4666 1785 4717 οἰ-

176 4762 421 4830 κουμένῃ·
492 4756 727 4826 συνοχὴν
787 4753 877 4824 μεν
947 4749 1099 4804 ἐθνῶν
1156 4751 1419 4824 ὀνομάσας
1472 4758 1567 4812 τὴν
1628 4773 1789 4830 ταρα-

178 4852 301 4919 χήν,
374 4844 601 4918 ἀπορίαν
670 4840 786 4913 (31)
846 4836 904 4893 δὲ
979 4846 1072 4899 τὴν
1127 4846 1389 4914 νηνεμίαν
1459 4848 1626 4917 χωρὶς
1686 4847 1786 4918 γὰρ

182 4936 370 5010 ἀνέμων
424 4936 632 5006 ἠχήσει
679 4932 824 5005 παρά
868 4932 1021 5002 φύσιν
1060 4933 1089 4990 ἡ
1150 4931 1394 4986 θάλασσα
1440 4938 1530 4985 καὶ
1575 4936 1599 4985 ὁ
1634 4935 1790 4997 σάλος

180 5028 357 5090 αὐτῆς
390 5022 657 5095 ἀπόφυξιν
690 5018 749 5075 δὲ
777 5023 861 5075 τὸν
888 5019 1005 5094 (32)
1037 5022 1276 5077 θάνατον.

243 5128 291 5162 ⁵³
316 5128 463 5184 Luc.
493 5126 625 5192 xvii,
649 5124 737 5178 37.
854 5120 902 5156 “
934 5120 1071 5178 Luc.
1104 5137 1184 5189 xx,
1216 5126 1306 5179 25.

1897 4672 2217 4747 appellavit
2234 4668 2633 4726 turbationem
2651 4664 2979 4721 :deﬂuxum
3003 4671 3213 4729 autem,
3231 4663 3565 4736 tranquilli-

1898 4772 2083 4823 tatem
2126 4766 2459 4818 ventorum.
2520 4760 2669 4813 Nam
2714 4755 2944 4827 absque
3003 4753 3197 4809 ventis
3258 4752 3565 4810 resonabit

1900 4862 2111 4930 praeter
2132 4857 2411 4909 naturam
2440 4864 2608 4905 mare
2630 4862 2698 4904 ac
2728 4846 2947 4903 ﬂuctus
2980 4846 3125 4917 ejus.
3156 4844 3566 4902 Arescentiam

1902 4964 2041 5005 vero
2063 4944 2207 5003 dicit
2237 4945 2515 4999 mortem.

1421 5124 1469 5160 ⁸⁵
1494 5126 1631 5181 Luc.
1662 5140 1791 5200 χχι,
1831 5131 1923 5193 25,
1952 5127 2043 5180 26.

1409 5222 1635 5293 Varia
1676 5226 2005 5296 lectiones
2046 5225 2114 5287 et
2138 5222 2343 5283 notae.

248 5343 364 5416 ('28)
389 5342 593 5397 Ἐκείνη
605 5384 628 5416 ,⁸
656 5343 719 5393 Α.

250 5409 360 5489 (29)
390 5418 541 5489 Ton,
577 5411 749 5489 abest

251 5479 371 5560 (30'),
410 5483 739 5560 Hentenius
768 5479 993 5536 videtur
1019 5479 1323 5560 invenisse
1356 5483 1555 5560 enisa.
1601 5484 1801 5560 Ἐκθλι-

186 5553 562 5630 ϐῆναι’ἱωρὶὶε
595 5553 797 5627 potius
828 5557 1120 5630 convenit,
1154 5571 1341 5628 quam
1376 5553 1508 5629 piis,
1558 5558 1662 5630 qui
1695 5558 1801 5613 eli-

188 5624 467 5705 dentur}
492 5624 749 5705 numero
784 5624 1043 5705 piorum.

254 5706 362 5776 (3t)
390 5701 520 5758 Dixi
552 5696 928 5777 deAboclloco
960 5696 1021 5777 in
1049 5697 1305 5777 editione
1340 5702 1405 5777 N_.
1438 5698 1805 5777 Testamenti

196 5770 290 5833 ad.
319 5770 458 5832 Luc.
474 5790 591 5841 xxi,
610 5770 708 5825 25.
749 5770 1069 5824 Hentenius
1096 5770 1175 5826 ad
1194 5771 1357 5829 hunc
1378 5772 1581 5830 locum
1602 5774 1682 5828 ita
1702 5772 1807 5827 ha-

551 5886 731 5929 ATROL
746 5911 761 5926 .
810 5866 917 5927 Gn.
955 5865 1189 5925 CXXIX.

1907 5342 2009 5398 bet
2041 5355 2052 5394 ε
2098 5334 2239 5390 Cum
2272 5326 2485 5387 omnia,
2524 5338 2655 5396 quae
2697 5324 2971 5398 hactenus
3004 5323 3241 5398 viderim
3277 5322 3579 5398 exempta-

1911 5395 2023 5475 ria,
2056 5409 2304 5464 habeant
2339 5395 2546 5481 ἀπορίᾳ
2569 5396 2728 5477 apud
2757 5397 2992 5481 Lucani,
3024 5395 3132 5477 hoc
3162 5402 3265 5481 est,
3298 5396 3579 5481 despera-

1913 5467 2070 5540 tione
2098 5484 2197 5534 aut
2223 5467 2453 5531 consilii
2479 5467 2701 5535 inopia,
2727 5469 2894 5540 etqsic
2914 5467 3094 5540 jungi
3116 5467 3393 5540 videatur
3418 5480 3581 5540 prae-

1914 5537 2234 5613 cedentibus
2270 5565 2281 5604 :
2317 5548 2520 5600 auctor
2558 5540 2669 5613 hic
2692 5538 2884 5609 legisse
2906 5538 3144 5613 videtur
3175 5537 3452 5613 ἀπορροίᾳ,
3476 5537 3582 5593 hoc

1913 5611 2015 5692 est,
2040 5626 2302 5693 deﬂuxit,
2328 5623 2379 5670 et
2394 5612 2592 5693 jungit
2625 5611 3015 5693 segnentibus.
3052 5613 3195 5693 Qum
3226 5611 3318 5666 his
3348 5624 3586 5681 compa-

1914 5683 2157 5768 τελέσητε
2185 5683 2366 5768 habet.
2392 5685 2597 5768 Millius
2628 5686 2704 5737 ad
2740 5684 2950 5737 Lucam
2981 5683 3019 5736 l.

1986 5743 2298 5845 {filiis-cie
2321 5762 2417 5816 ita.
2452 5757 2604 5813 Nam
2635 5769 2982 5813 arescereex
3010 5754 3210 5828 aliquo
3230 5770 3354 5811 suae
3377 5752 3590 5810 aetatis-

3207 5855 3275 5913 20
