4096 6382
550 332 656 409 eis

1880 294 2243 371 EUTHYMII
2279 288 2609 365 ZIGABENI

3828 270 3934 329 6'20

622 458 781 519 νοτε.
810 453 901 521 29.
942 450 1021 511 Et
1038 442 1582 508 commovebuntur.
1612 437 1678 492 Et
1708 431 1976 491 caelestes
2002 423 2225 485 exerci-

2409 422 2509 472 Kal
2560 447 2629 457 —
2682 414 3121 472 σαλευθὴσονται,
3190 415 3293 465 Καὶ
3368 410 3423 461 αἱ
3472 407 3710 482 οὐράνιαι
3776 427 3910 483 στρα

2425 513 2434 521 ι
2574 506 2613 521 ιν
2803 503 2850 521 I‘.‘
2880 509 2888 521 ι
3172 506 3183 521 Ι
3284 520 3293 521 κ
3314 519 3321 521 Α
3366 502 3515 521 ,,’___,,
3574 505 3665 521 _.S-
3720 502 3885 521 ___!__,

553 522 994 615 tushorrebunt
1013 537 1279 596 videntes
1326 526 1679 603 hujusmodi
1726 524 2006 580 creaturae
2038 521 2224 573 muta-

552 638 779 697 tionem
807 650 821 690 :
850 612 1039 689 Deum
1069 628 1130 684 in
1160 630 1380 682 terram
1405 615 1892 677 descendentem,
1946 605 2222 664 homines

556 731 758 785 autem
790 723 1102 780 universos
1128 714 1231 790 qui
1272 712 1351 769 ab
1382 709 1547 765 initio
1603 704 1863 767 fuerunt,
1897 715 1932 755 a
1973 692 2221 753 mortuis

558 814 853 881 suscitari,
887 815 953 868 ut
1004 807 1298 865 rationem
1328 799 1585 857 reddant
1615 796 1967 851 cunctorum
1993 800 2130 858 quae
2160 782 2219 837 in

557 907 679 964 vita
708 899 937 978 operati
971 902 1128 954 sunt.

628 969 797 1053 Vers.
831 991 919 1050 30.
955 990 1031 1046 Et
1060 1018 1129 1028 -—
1154 984 1320 1043 caelo.
1347 980 1600 1050 Signum
1633 973 1762 1046 ejus
1795 969 2216 1053 dicitcrucem,

558 1051 704 1162 quis
724 1051 869 1141 tunc
896 1081 1072 1151 longe
1103 1074 1320 1133 clarius
1350 1069 1475 1125 sole
1504 1062 1752 1136 fulgebit
1786 1077 1797 1115 :
1825 1074 1967 1115 nam
1995 1055 2089 1110 ille
2122 1051 2224 1107 ob-

558 1148 913 1237 scurabitur,
946 1148 1076 1225 haec
1105 1169 1308 1224 autem
1338 1155 1662 1233 apparebit.
1688 1152 1776 1209 Ob
1806 1163 1992 1222 quam
2021 1148 2223 1237 autem

561 1279 812 1324 causam
842 1234 1203 1334 apparebit?
1230 1254 1299 1309 Ut
1323 1249 1613 1307 exterreat
1640 1241 1935 1317 praecipue
1974 1234 2222 1309 quidem

558 1354 825 1427 Judteos,
854 1325 1075 1408 deinde
1104 1345 1280 1403 etiam
1302 1337 1571 1427 gentiles,
1601 1332 1704 1407 qui
1733 1329 1959 1389 Christo
2005 1325 2226 1397 impro-

562 1416 856 1523 perabant
882 1450 1144 1500 crucem,
1176 1435 1232 1489 et
1282 1435 1345 1485 ut
1375 1425 1565 1483 sciant
1619 1419 1771 1495 quod
1806 1418 1901 1474 hic
1946 1416 2074 1489 ipse
2100 1421 2226 1469 tan-

564 1521 755 1617 quam
790 1530 947 1587 Deus
975 1521 1304 1583 descendit.

640 1640 805 1698 Vers.
835 1641 925 1695 30.
953 1635 1030 1692 Et
1066 1639 1205 1690 tunc
1229 1660 1299 1671 —
1325 1632 1514 1685 term.
1569 1622 1731 1677 Tunc
1779 1613 2003 1687 lugebit
2045 1625 2226 1669 omne

567 1725 1128 1807 genus,inﬁdelium
1150 1717 1443 1778 videlicet.
1461 1713 1532 1769 Hi
1554 1710 1822 1785 quidem,
1842 1703 2009 1780 quod
2035 1704 2223 1758 Deum

2334 513 2443 561 τιαὶ
2496 506 2755 581 φρίξουσι,
2796 503 3086 579 βλέπουσαι
3128 506 3221 560 τὴν
3272 502 3516 556 τοιαύτην
3570 505 3666 559 τῆς
3719 502 3934 558 κτίσεως

2332 597 2640 672 μεταϐολὴν,
2715 600 2804 647 καὶ
2880 598 2963 647 τὸν
3039 596 3127 667 μὲν
3202 593 3329 645 Θεὸν
3388 589 3455 650 εἰς
3510 594 3609 659 γῆν
3674 592 3932 660 κατερχό-

2332 708 2498 761 μενον,
2571 690 2692 748 τοὺς
2759 682 2817 737 δὲ
2875 683 2963 737 ἀπ’
3035 684 3214 743 αἰῶνος
3283 679 3585 755 ἀνθρώπους
3638 676 3690 729 ἐκ
3746 686 3932 753 νεκρῶν

2332 777 2723 850 ἀνισταμένους,
2796 778 2887 827 καὶ
2944 772 3219 847 μέλλοντας
3271 770 3456 842 λόγους
3515 770 3774 841 ὑποσχεῖν
3837 775 3933 819 τῶν

2335 868 2682 943 βεϐιωμένων.

2408 981 2508 1030 Καὶ
2574 1007 2641 1017 -—
2695 974 2916 1048 οὐρανῷ.
2971 978 3187 1044 Σημεῖον
3246 969 3405 1021 αὐτοῦ
3453 966 3590 1037 λέγει
3639 968 3725 1018 τὸν
3786 985 3939 1018 σταυ-

2333 1070 2442 1143 ρὸν,
2497 1066 2768 1139 λάμποντα
2818 1068 2932 1115 τότε
2986 1068 3078 1114 τοῦ
3134 1060 3282 1119 ἡλίου
3341 1056 3509 1127 πολλῷ
3567 1051 3930 1129 φαιδρότερον,

2336 1158 2553 1218 Ἐκεῖνος
2634 1157 2722 1229 μὲν
2784 1156 2886 1227 γὰρ
2960 1152 3390 1208 σκοτισθήσεται’
3450 1146 3597 1209 οὗτος
3663 1142 3722 1197 δὲ
3782 1149 3941 1217 φανή-

2339 1267 2485 1301 σεται
2528 1250 2673 1305 Τίνος
2722 1241 2781 1296 δὲ
2828 1244 2987 1297 ἕνεκεν
3033 1243 3348 1314 ostenderat;
3390 1244 3499 1291 Ἰνα
3542 1235 3741 1309 ταράξῃ
3786 1254 3939 1309 προη-

2334 1339 2595 1411 γουμένως
2647 1338 2737 1408 μὲν
2778 1336 2897 1390 τοὺς
2950 1327 3257 1395 Ἰουδαίους,
3305 1326 3417 1380 εἶτα
3458 1331 3546 1379 καὶ
3593 1328 3707 1386 τοὺς
3763 1322 3939 1382 Ἐλλη-

2334 1447 2446 1497 νας,
2494 1427 2609 1479 ὅσοι
2655 1434 2726 1497 τῷ
2770 1424 2992 1499 Χριστῷ
3040 1424 3127 1474 τὸν
3161 1422 3384 1492 σταυρὸν
3417 1413 3707 1487 ὠνείδιζον,
3740 1417 3830 1467 καὶ
3861 1416 3937 1467 ἱνα

2335 1526 2547 1593 γνῶσιν,
2577 1518 2654 1569 ὅτι
2685 1514 2835 1575 αὐτὸς
2867 1508 3013 1574 οὗτος
3050 1512 3256 1563 κάτεισι
3288 1511 3413 1570 Θεὸς
3444 1508 3531 1561 ὢν.

2408 1631 2509 1680 Καὶ
2554 1629 2669 1678 τότε
2717 1655 2783 1666 -—
2822 1631 2948 1695 γῆς.
3008 1624 3135 1674 Τότε
3187 1621 3437 1692 θρηνήσει
3478 1622 3578 1669 πᾶν
3624 1618 3791 1687 γένος,
3846 1609 3936 1671 δη-

2334 1713 2471 1776 λαὸὴ
2546 1724 2646 1769 τῶν
2706 1714 2958 1767 ἀπίστων
3035 1713 3084 1764 οἱ
3147 1713 3257 1782 μὲν,
3320 1709 3396 1761 ὅτι
3457 1706 3795 1778 ἐσταύρωσαν
3852 1708 3936 1755 τὸν

568 1787 1007 1882 Eruciﬁxerint:
1038 1813 1123 1870 illi
1145 1814 1367 1883 autem,
1399 1802 1566 1879 quod
1619 1798 1986 1859 Christianos
2026 1791 2230 1866 punie-

2338 1810 2478 1862 Θεὸν
2525 1807 2574 1859 οἱ
2631 1803 2709 1870 δὲ,
2763 1806 2843 1857 ὅτι
2891 1806 3011 1864 τοὺς
3076 1801 3419 1875 Χριστιανοὺς
3473 1796 3828 1871 ἐτιμωρησαν.
3893 1794 3937 1845 οἱ

566 1912 1001 1970 rint:rursum
1027 1903 1144 1969 isti,
1197 1897 1360 1973 quod
1412 1910 1536 1952 non
1597 1887 1968 1948 crediderint.
2026 1886 2230 1954 Neque

569 2001 731 2061 enim
757 1999 872 2057 alia
900 2000 991 2054 est
1013 1995 1099 2051 eis
1129 2007 1285 2064 opus
1317 1982 1697 2045 accusatione
1727 1981 1937 2051 praeter
1966 1988 2227 2031 crucem.

567 2092 735 2149 Tunc
764 2094 964 2147 autem
996 2083 1273 2157 planctus
1288 2077 1393 2134 erit
1421 2075 1505 2132 eis
1534 2070 1778 2129 inutilis.

641 2181 807 2237 Vers.
830 2179 921 2236 30.
950 2152 1027 2231 El
1053 2170 1318 2229 videbunt
1342 2198 1388 2209 -
1426 2164 1636 2221 multa.
1662 2156 1964 2215 Praecedet
1986 2152 2232 2226 quidem

571 2287 711 2331 eum
737 2284 903 2333 crux,
934 2270 1229 2335 tanquam
1254 2252 1601 2330 justiﬁcatio
1627 2251 1913 2306 adversus
1937 2244 2087 2309 illos,
2130 2241 2232 2315 qui

570 2377 712 2419 eum
759 2331 1209 2426 cruciﬁxerunt.
1278 2343 1608 2404 Descendet
1637 2345 1836 2396 autem
1887 2336 1943 2392 in
1974 2331 2233 2390 nubibus

571 2451 722 2508 sicut
758 2448 1106 2518 assumptus
1135 2444 1245 2497 est.

642 2557 810 2613 Vers.
844 2554 933 2613 31.
964 2552 1044 2608 Ει
1069 2548 1260 2606 mittet
1288 2575 1354 2587 —
1392 2556 1615 2600 eorum.
1646 2536 2001 2609 Priusquam
2053 2545 2237 2603 appa-

569 2650 701 2705 reat
719 2660 884 2709 crux,
918 2642 1107 2699 mittet
1134 2636 1267 2695 illos
1290 2655 1303 2694 :
1330 2646 1526 2705 neque
1561 2628 1723 2685 enim
1746 2641 1892 2681 usus
1910 2628 1997 2679 est
2025 2620 2236 2677 ordine

570 2733 956 2811 narrationis,
992 2730 1101 2786 sed
1122 2724 1466 2799 simpliciter
1486 2720 1625 2777 dicit
1654 2717 1809 2790 quod
1832 2714 2098 2770 futurum
2126 2714 2234 2766 est.

573 2810 685 2883 Per
712 2829 973 2898 quatuor
998 2823 1201 2877 autem
1252 2819 1460 2871 ventos
1485 2813 1748 2883 quatuor
1774 2804 1935 2862 orbis
1966 2801 2238 2859 extremi-

571 2896 1153 2984 tates—signiﬁcavit,
1203 2904 1512 2967 orientem,
1565 2896 1959 2958 occidentem,
2006 2896 2238 2962 septen-

571 2982 849 3083 trionem,
905 3003 962 3056 et
1004 2995 1335 3053 meridiem.
1388 2992 1476 3047 Ab
1530 3000 1889 3058 unaquaque
1939 2982 2098 3038 enim
2143 2996 2237 3035 ex-

570 3078 860 3151 tremitate
880 3087 1156 3164 proprius
1188 3084 1376 3159 spirat
1405 3084 1617 3137 ventus
1643 3094 1656 3130 :
1682 3083 1739 3131 et
1769 3073 1827 3129 bi
1862 3077 2121 3145 quatuor
2157 3070 2234 3125 di-

570 3187 787 3241 cuntur
816 3178 1054 3254 proprie
1076 3176 1253 3233 venti.
1296 3172 1410 3232 Per
1431 3174 1698 3226 extrema
1722 3180 1863 3220 vero
1890 3165 2071 3218 etiam
2115 3177 2234 3216 me-

569 3273 672 3330 dia
700 3252 1074 3343 signiﬁcavit.
1110 3262 1282 3331 Quod
1323 3265 1525 3319 autem
1569 3256 1726 3313 dicit.
1760 3255 1807 3307 A
1861 3252 2102 3308 summis
2128 3263 2233 3306 cce-

572 3341 780 3431 lorum'
793 3372 974 3432 usque
1007 3355 1085 3411 ad
1112 3351 1388 3411 terminos
1415 3363 1640 3411 eorum,
1690 3341 2120 3399 declarativum
2147 3342 2235 3394 est

571 3428 698 3525 ejus
727 3428 894 3524 quod
920 3444 1102 3504 dixit:
1134 3446 1181 3500 Α
1204 3446 1458 3515 quatuor
1483 3434 1681 3499 ventis,
1702 3430 2047 3501 signiﬁcans
2071 3428 2232 3483 idem

571 3518 889 3614 importare
939 3534 1248 3597 terminos,
1310 3530 1515 3585 Ventos
1572 3529 1628 3580 et
1679 3523 1991 3578 Extrema.
2059 3518 2232 3590 Apud

576 3631 844 3687 Marcum
871 3641 1013 3685 vero
1040 3623 1125 3681 ait
1157 3639 1169 3676 :
1202 3620 1293 3677 Ab
1324 3624 1585 3676 extremo
1615 3621 1811 3675 terra,
1839 3608 2117 3681 usquefad
2141 3624 2232 3665 ex-

576 3725 824 3776 tremum
846 3714 981 3772 cwli
1000 3715 1071 3781 ⁵⁸,
1097 3712 1320 3767 docens
1349 3707 1561 3763 eadem
1602 3718 1733 3759 esse
1775 3705 2039 3757 extrema
2071 3704 2233 3754 terrae

576 3813 635 3866 et
657 3807 810 3865 coeli.
844 3809 911 3863 Et
936 3809 1078 3862 nota
1097 3800 1263 3876 quod
1295 3798 1441 3855 tuba
1482 3800 1747 3851 mortuos
1774 3791 2051 3846 excitabit
2094 3806 2107 3857 ;
2137 3805 2235 3845 ex-

576 3898 790 3957 citatos
822 3903 1020 3955 autem
1075 3890 1533 3961 congregabunt
1578 3881 1809 3953 angeli;
1844 3883 2235 3951 congregatos

576 4003 721 4055 vero
750 3987 982 4060 rapient
1004 3982 1213 4046 nubes,
1239 3979 1390 4035 sicut
1414 3975 1561 4032 dixit
1580 3974 1816 4038 Paulus,
1842 3972 1903 4027 in
1928 3986 2234 4026 occursum

578 4077 811 4136 Domini
858 4077 922 4133 in
979 4088 1119 4131 aera
1175 4072 1246 4124 57.
1306 4067 1478 4135 Quod
1527 4070 1727 4122 autem
1774 4062 1950 4117 etiam
2025 4076 2233 4133 pecca-

576 4175 734 4227 tores
762 4163 1219 4239 congregabunt
1254 4156 1469 4228 angeli,
1505 4154 1709 4210 docuit
1757 4151 2020 4207 Christus
2065 4149 2235 4205 inter-

573 4262 840 4333 pretatus
866 4238 1143 4329 quartam
1170 4247 1524 4323 parabolam
1542 4242 1807 4300 vicesimi
1848 4241 2042 4313 quarti
2076 4238 2233 4312 capi-

577 4349 667 4407 tis.
694 4348 847 4419 Dixit
884 4346 1045 4403 enim
1078 4362 1090 4400 :
1124 4341 1315 4398 Mitte:
1338 4338 1528 4395 Filius
1548 4335 1795 4391 hominis
1820 4333 2059 4402 angelos
2076 4345 2230 4395 suos,

575 4444 629 4496 et
655 4438 935 4509 colligent
963 4435 1031 4491 de
1056 4446 1231 4503 regno
1257 4432 1380 4499 eius
1407 4427 1604 4483 omnia
1622 4422 2003 4495 o/fendicula,
2038 4426 2092 4477 et
2140 4436 2233 4476 eos

573 4527 684 4607 qui
705 4508 1032 4597 operantur
1054 4521 1427 4593 iniquitatem
1457 4517 1525 4572 ⁵⁸.
1560 4516 1758 4581 Quaere
1773 4510 2012 4583 ergoibi
2038 4508 2231 4566 decla-
2265 4514 2311 4569 D

574 4615 890 4675 rationem.

644 4865 809 4924 Vers.
839 4863 937 4923 32.
1000 4862 1052 4920 Α
1109 4891 1179 4904 --
1219 4856 1583 4930 parabolam.
1644 4850 1997 4910 Parabolam
2058 4851 2235 4907 vocat

570 4954 914 5029 exemplum
950 4951 1117 5027 quod
1144 4949 1411 5007 dicturus
1439 4949 1527 5003 est
1556 4943 1635 5001 ad
1665 4938 2229 5007 demonstrandum,

567 5045 737 5120 quod
764 5060 886 5101 non
926 5043 1001 5100 sit
1022 5055 1315 5111 magnum
1335 5035 1652 5092 discrimen
1676 5032 1826 5089 inter
1854 5030 1966 5086 hoc
1991 5029 2232 5100 signum

567 5119 1027 5207 signiﬁcativum
1058 5128 1307 5187 secundi
1345 5126 1640 5183 adventus
1673 5126 1729 5179 et
1780 5122 1981 5193 ipsum
2010 5119 2233 5176 adven-

567 5229 716 5283 tum.

638 5325 689 5363 "
717 5324 890 5381 lare.
916 5334 1037 5387 xm,
1063 5318 1159 5377 27.
1241 5315 1335 5372 ⁸⁷1
1364 5313 1565 5372 Thess.
1596 5328 1674 5380 1v,
1700 5313 1783 5369 t7.

2339 1894 2416 1962 δε,
2471 1901 2550 1949 ὅτι
2591 1896 2685 1948 οὐκ
2725 1898 3057 1947 ἐπίστευσαν.
3110 1890 3184 1941 Οὐ
3229 1894 3388 1964 χρεία
3417 1889 3515 1960 γὰρ
3546 1886 3721 1946 αὐτοῖς
3768 1885 3940 1956 ἐτέρας

2338 1992 2657 2061 κατηγορίας
2703 1988 2847 2060 παρά
2878 1987 2962 2036 τὸν
3014 1984 3257 2054 σταυρόν.
3290 1980 3561 2038 Ἀνονητος
3611 1973 3671 2029 δέ
3702 1974 3879 2035 αὐτοῖς
3914 1974 3936 2025 6

2338 2086 2627 2136 τηνικαῦτα
2661 2075 2788 2127 κλαυ
2799 2076 2943 2146 θμός.

2414 2190 2514 2238 Καὶ
2588 2183 2805 2255 ὄψονται
2870 2213 2936 2222 --
3010 2178 3221 2238 πολλῆς.
3288 2171 3567 2239 Προοδεύει
3626 2176 3718 2247 μὲν
3790 2171 3940 2225 αὑτοῦ

2341 2277 2366 2329 6
2451 2278 2696 2349 σταυρὸς,
2773 2275 2836 2333 ὡς
2913 2267 3184 2341 δικαίωμα
3246 2270 3382 2319 κατά
3439 2274 3536 2318 τῶν
3612 2263 3941 2338 σταυρωσάν-

2340 2386 2440 2419 των
2512 2365 2687 2417 αὐτόν·
2767 2361 2850 2415 ἐπὶ
2917 2359 3129 2433 νεφελῶν
3202 2354 3261 2410 δε
3323 2358 3576 2423 κάτεισιν,
3648 2356 3721 2414 ὡς
3774 2350 3938 2408 ἀνελή-

2342 2458 2466 2529 φθη.

2416 2568 2517 2617 Kal
2570 2559 2840 2615 ἀποστελεῖ
2890 2589 2959 2599 -
3024 2556 3214 2610 αὐτῶν.
3272 2556 3382 2628 Πρὸ
3433 2558 3526 2605 τοῦ
3580 2559 3805 2625 φανῆναι
3857 2550 3936 2601 τὸν

2346 2656 2592 2727 σταυρὸν,
2671 2648 2943 2703 ἀποστελεῖ
3018 2648 3254 2706 τούτους.
3327 2642 3438 2695 Οὐκ
3500 2640 3779 2714 ἐχρήσατο
3843 2640 3935 2711 γὰρ

2342 2744 2486 2808 τάξει
2539 2740 2875 2813 ἀπαγγελίας,
2925 2736 3031 2790 ἀλλ’
3082 2735 3251 2795 ἁπλῶς
3296 2733 3432 2804 λέγει
3483 2733 3549 2783 τὰ
3601 2734 3936 2803 γενησόμενα.

2344 2838 2439 2889 Διά
2483 2830 2542 2886 δὲ
2606 2841 2704 2883 τῶν
2758 2830 3026 2902 τεσσάρων
3095 2824 3289 2896 ἀνέμων
3351 2825 3415 2874 τὰ
3466 2825 3704 2892 τέσσαρα
3753 2823 3940 2891 πέρατα

2344 2933 2435 2986 τῆς
2489 2923 2797 2994 οἰκουμένης
2854 2915 3133 2981 ἐδήλωσεν,
3196 2911 3468 2977 ἀνατολὴν,
3531 2906 3709 2976 δύσιν,
3765 2908 3938 2983 ἄρκτον

2343 3019 2434 3067 καὶ
2486 3009 2832 3087 μεσημϐρίαν.
2890 3007 2977 3069 Ἐξ
3029 3006 3250 3058 ἑκάστου
3316 3004 3417 3075 γὰρ
3485 3003 3709 3072 πέρατος
3768 3000 3939 3068 ἄνεμος

2344 3102 2483 3166 ἴδιος
2536 3110 2667 3166 πνεῖ,
2724 3104 2813 3151 καὶ
2867 3098 3011 3150 οὗτοι
3058 3097 3105 3147 οἱ
3149 3095 3402 3165 τέσσαρές
3463 3090 3615 3156 εἰσιν,
3663 3090 3713 3141 oi
3762 3091 3939 3159 κυρίως

2272 3156 2313 3213 C
2360 3196 2379 3209 ιι
2605 3200 2617 3213 ι
2665 3194 2674 3207 ⁸
2742 3187 2793 3213 ὧι.
2854 3196 2950 3213 -3.-.
3005 3187 3234 3213 ---Δ-.-.υ
3281 3186 3366 3213 ...Α
3424 3182 3491 3213 ιιι).
3549 3183 3681 3213 ηέηη
3745 3196 3936 3213 munra.

2308 3190 2540 3267 ’ἄνεμοι
2594 3194 2689 3246 Διά
2736 3187 2794 3242 δὲ
2852 3196 2951 3239 τῶν
3003 3187 3234 3261 περάτων
3281 3186 3371 3234 καὶ
3424 3182 3493 3232 τὰ
3545 3183 3683 3252 μέσα
3745 3196 3936 3250 συμπα-

2342 3281 2634 3360 ρεδὴλωσε.
2695 3283 2765 3333 T6
2823 3276 2882 3331 δὲ
2939 3275 3054 3331 Ἀπ’
3118 3275 3290 3349 ἄκρων
3345 3270 3572 3345 οὐρανῶν
3629 3270 3729 3330 ἕως
3780 3268 3939 3341 ἄκρων

2344 3374 2533 3440 αὐτῶν,
2598 3370 3023 3446 ἐφερμηνευτικόν
3094 3363 3208 3417 ἐστι
3278 3369 3369 3415 τοῦ
3429 3359 3515 3413 Ἐκ
3590 3366 3688 3411 τῶν
3764 3354 3941 3410 τεσσά-

2342 3486 2443 3540 ρων
2498 3467 2712 3536 ανέμων,
2786 3465 3039 3530 σημαῖνον
3116 3454 3197 3507 ὃτι
3268 3454 3337 3504 τὰ
3390 3451 3528 3523 οἶκρα
3588 3448 3936 3520 ἕμφαίνουσιν.

2342 3555 2515 3621 Ἀκρα
2581 3549 2640 3605 δὲ
2716 3552 2781 3602 τὰ
2845 3549 3068 3623 ῥηθέντα
3144 3546 3360 3617 πέρατα.
3420 3540 3571 3614 Παρά
3635 3540 3834 3613 Μάρκῳ
3885 3528 3939 3584 δέ

2345 3664 2503 3717 φησιν
2551 3641 2667 3695 Ἀπ’
2742 3638 2900 3713 ἀκρου
2957 3644 3059 3708 γῆς
3116 3635 3209 3694 ἕως
3262 3631 3423 3706 ἀκρον
3494 3628 3735 3702 οὐρανοῦ.
3794 3620 3939 3678 διδά-

2347 3754 2482 3786 σκων
2559 3734 2639 3783 ὅτι
2708 3732 2774 3781 τά
2831 3727 2963 3779 αὐτά
3021 3725 3149 3777 εἰσιν
3223 3720 3359 3796 ἂκρα
3414 3727 3507 3790 γῆς
3565 3723 3655 3770 καὶ
3704 3717 3935 3789 οὐρανοῦ.

2345 3828 2529 3876 Σκόπει
2578 3818 2635 3873 δὲ
2700 3821 2780 3872 ὅτι
2834 3819 2864 3875 ἠ
2920 3819 3009 3889 μεν
3066 3811 3294 3884 σάλπιγξ
3347 3810 3636 3867 ἀναστήσει
3693 3811 3814 3866 τοὺς
3864 3820 3940 3854 νε-

2342 3916 2530 3984 κρούς·
2603 3909 2927 3969 ἀναστάντας
3001 3902 3060 3958 δε
3132 3901 3535 3964 ἐπισυνάξουσιν
3597 3899 3645 3950 οἰ
3711 3894 3935 3969 (ιῖγγελοι⁸

2344 4002 2747 4073 ἕπισυναγέντας
2783 3998 2897 4070 (33)
2955 3993 3014 4048 ὃε
3054 3994 3382 4068 ἀρπάσουσιν
3428 3991 3484 4041 αἱ
3512 3986 3733 4061 νεφέλαι,
3782 3986 3939 4042 καθὼς

2345 4090 2451 4147 εἷπε
2505 4092 2701 4151 Παῦλος
2759 4088 2841 4148 Εἰς
2899 4085 3191 4143 ἀπάντησιν
3262 4089 3354 4135 τοῦ
3421 4083 3615 4154 Κυρίου
3674 4083 3747 4139 είς
3802 4073 3935 4148 ἀέρα.

2341 4182 2462 4236 ’Ὁτι
2510 4179 2569 4235 δε
2621 4185 2709 4233 καὶ
2766 4181 2883 4238 τοὺς
2930 4173 3263 4249 ἁμαρτωλοὺς
3328 4169 3541 4242 ἄγγελοι
3586 4166 3938 4239 συλλέγουσιν,

2344 4268 2583 4335 ἐδίδαξεν
2637 4272 2663 4322 6
2703 4276 2951 4343 Χριστος,
3000 4265 3290 4337 ἑρμηνεύων
3332 4265 3427 4318 τὴν
3484 4260 3733 4331 τετάρτην
3778 4270 3941 4326 παρα-

2343 4361 2497 4420 ϐολὴν
2552 4367 2642 4414 τοῦ
2692 4359 2929 4412 εἰκοστοῦ
2977 4356 3225 4428 τετάρτου
3256 4348 3555 4422 κεφαλαίου.
3588 4350 3774 4421 Εῖρηκε
3816 4342 3938 4414 γὰρ,

2344 4454 2421 4506 ὅτι
2478 4445 2775 4504 Ἀποστελεῖ
2833 4448 2858 4499 6
2919 4448 3042 4505 Υἱὸς
3104 4450 3196 4495 τοῦ
3271 4439 3543 4512 ἀνθρώπου
3617 4438 3739 4496 τοὺς
3799 4430 3941 4503 ἀγγέ-

2342 4543 2464 4604 λους
2519 4540 2699 4604 αὐτοῦ,
2767 4540 2855 4590 καὶ
2916 4533 3247 4596 συλλέξουσιν
3330 4528 3431 4581 ἀπὸ
3494 4536 3590 4588 τῆς
3669 4522 3939 4600 βασιλείας

2344 4632 2501 4686 αὐτοῦ
2583 4633 2756 4684 πάντα
2823 4629 2890 4680 τὰ
2965 4619 3254 4689 σκάνδαλα,
3343 4623 3434 4671 καὶ
3483 4621 3607 4679 τοὺς
3671 4620 3937 4670 ποιοῦντας

2341 4727 2436 4783 τὴν
2468 4721 2702 4796 ἀνομίαν.
2736 4722 2837 4773 Kal
2868 4718 3016 4779 ζήτει
3051 4712 3201 4766 κάκεῖ
3227 4715 3319 4770 τὴν
3349 4708 3623 4781 ἐξήγησιν.

2413 4842 2547 4898 Ἀπὸ
2597 4871 2668 4881 --
2717 4834 3037 4913 παραϐολήν.
3113 4827 3420 4906 Παραϐολὴν
3476 4844 3606 4900 φησι
3662 4826 3722 4877 τὸ
3779 4818 3936 4896 παρά·

2343 4931 2554 5007 δειγμα,
2588 4933 2613 4985 ὃ
2661 4908 2830 5004 μέλλει
2887 4925 3034 5001 ἐρεῖν,
3075 4924 3203 4997 πρὸς
3241 4915 3508 4982 ἀπόδειξιν
3548 4922 3639 4969 τοῦ
3689 4919 3761 4989 μὴ
3814 4908 3938 4966 πολὺ

2341 5031 2471 5078 εῖναι
2528 5025 2586 5075 τὸ
2654 5017 2932 5091 διάστημα
2985 5016 3041 5067 τὸ
3099 5009 3292 5086 μεταξὺ
3349 5014 3441 5062 τοῦ
3494 5024 3551 5061 τε
3617 5002 3937 5064 δηλωθέντος

2344 5119 2563 5189 σημείου
2609 5113 2727 5184 (34)
2770 5084 2865 5170 τῆς·
2900 5084 3145 5180 δευτέρας
3189 5102 3486 5177 παρουσίας
3532 5099 3624 5150 καὶ
3680 5094 3841 5155 αὐτῆς
3872 5084 3935 5145 δὴ

2342 5209 2557 5268 ταύτης.

1858 5311 1905 5348 ⁵⁸
1937 5309 2137 5369 Matth.
2166 5325 2292 5381 xm,
2327 5309 2416 5368 41.

1816 5435 2043 5507 Variae
2072 5436 2403 5506 lectiones
2426 5441 2492 5504 et
2521 5439 2723 5499 notes.

571 5593 910 5676 Schrevelio
936 5589 1167 5676 hausit”
1192 5588 1496 5676 Vulgatqsl.
1537 5582 1888 5676 ’Anoxpﬁxauin
1903 5582 2232 5676 'est‘ex'sp’i-

566 5683 720 5732 rare,
752 5667 921 5722 mori.
974 5668 1060 5721 Ita
1108 5654 1374 5732 'l'hucyii.
1420 5659 1522 5715 lib.
1573 5674 1612 5723 ι,
1647 5654 1787 5729 cap.
1826 5656 1968 5723 t34;
2003 5654 2233 5726 ἁπέψυξε

568 5740 713 5814 ε’ίον.
754 5735 1031 5811 Sophocl.
1063 5736 1125 5793 in
1158 5736 1358 5805 Ajace,
1386 5747 1446 5804 p.
1476 5733 1564 5787 59.

2417 5576 2530 5651 (33)
2555 5576 2745 5640 Forte,
2772 5568 3143 5641 συναχθέντας.
3174 5564 3323 5621 Nam
3349 5557 3489 5617 illud
3508 5557 3739 5617 videtur
3759 5562 3945 5611 exem-

2344 5651 2459 5725 ριο,
2480 5663 2699 5725 sarcre-

2415 5720 2529 5794 (34)
2564 5722 2687 5787 Καί,
2719 5711 3041 5789 interponit
3070 5714 3136 5768 A.
