4096 6384
170 338 269 397 621

1168 342 1538 403 ΟΟΜΜΕΝΤ.
1580 341 1650 401 ΙΝ
1687 340 2135 405 ΜΑΤΤΗΑΞΗΜ.
2177 375 2245 389 -—
2283 346 2443 406 CAP.
2484 349 2687 412 XXIV.

3446 367 3554 425 622

238 466 409 520 Ὅταν
447 498 516 509 -
562 465 651 523 ὂπὶ
706 470 906 545 θύραις.
969 471 1123 546 Παρὰ
1179 467 1240 524 δε
1289 477 1363 543 τῷ
1409 474 1592 542 Λουκᾷ
1629 472 1770 543 σαψί⁴

1969 473 2128 529 Vers.
2155 472 2246 531 32.
2261 474 2413 533 Cum
2425 508 2494 519 —
2504 479 2671 537 Vers.
2687 479 2776 539 33.
2792 481 2850 539 in
2861 484 3119 555 foribus.
3136 487 3309 561 Apud
3328 491 3553 551 Lucam

173 575 356 631 στερον
433 560 657 634 εἴρηκεν,
743 560 823 613 ὅτι
881 558 1210 637 Ἀρχομένων
1274 563 1469 614 τούτων
1522 562 1781 633 γίνεσθαι,

170 642 387 707 δηλαδὴ
447 656 547 702 τῶν
604 650 744 702 κατὰ
794 653 910 713 τοὺς
963 647 1394 724 ψευδοχρίστους
1447 655 1537 704 καὶ
1591 647 1786 722 ψευδο-

166 742 462 810 προφήτας,
563 735 867 813 ἀνακύψατε
938 744 1026 793 καὶ
1098 739 1321 816 ἐπάρατε
1402 741 1496 803 τὰς
1567 740 1787 813 κεφαλὰς

164 828 332 899 ὑμῶν,
413 824 557 880 διότι
619 826 820 901 ἐγγίζει
893 829 924 888 ἡ
997 828 1359 905 ἀπολύτρωσις
1437 831 1603 903 ὑμῶν.
1656 825 1785 884 Εἶτά

165 936 317 990 φησι·
409 922 513 971 Καὶ
605 914 717 971 εἶπε
798 918 1098 995 παραϐολήν
1180 920 1373 982 αὐτοῖς·
1449 917 1612 973 Ἴδετε
1688 924 1783 979 τὴν

166 1016 334 1068 συκῆν
397 1012 492 1060 καὶ
576 1009 750 1061 πάντα
836 1011 904 1063 τὰ
958 1006 1174 1084 δένδρα,

162 1092 295 1166 ἤδη,
367 1095 641 1170 βλέποντες
718 1098 804 1172 ἀφ’
867 1099 1058 1152 ἑαυτῶν
1126 1105 1424 1172 γινώσκετε,
1510 1102 1592 1152 ὅτι
1671 1097 1779 1159 ἤδη

1257 1012 1377 1063 ὅταν
1452 1009 1782 1086 προϐάλωσιν

162 1186 322 1259 ίγγύς
404 1190 465 1240 τό
548 1190 692 1259 θέρος
759 1190 916 1241 ἐστίν·
1005 1188 1155 1242 Ούτω
1238 1193 1329 1242 καὶ
1412 1191 1575 1261 ὑμεῖς,
1660 1191 1780 1242 ὅταν

161 1274 319 1335 ἴδητε
423 1284 597 1330 ταῦτα
686 1282 952 1351 γινόμενα,
1037 1286 1336 1351 γινώσκετε,
1451 1281 1532 1332 ὅτι
1634 1279 1782 1352 ἐγγύς

161 1366 305 1421 ἔστιν
371 1367 403 1426 ἡ
474 1365 727 1441 βασιλεία
787 1376 881 1421 τοῦ
948 1376 1100 1424 Θεοῦ.
1169 1368 1327 1423 Ὀταν
1387 1366 1559 1440 ἴδητε,
1628 1374 1775 1443 φησὶ,

159 1465 332 1511 ταῦτα
394 1461 645 1532 γινόμενα
707 1455 951 1517 δηλονότι
1010 1461 1077 1513 τὰ
1140 1462 1275 1513 κατὰ
1330 1463 1453 1523 τοὺς
1518 1455 1782 1519 δηλωθέν-

156 1567 246 1609 τας
310 1547 563 1617 πλάνους,
630 1555 813 1620 γνῶτε,
882 1549 964 1601 ὅτι
1026 1547 1178 1621 ἐγγύς
1241 1547 1383 1602 ἔστιν
1455 1551 1486 1609 ἠ
1558 1546 1780 1627 δευτέρα

156 1641 431 1713 παρουσία
482 1644 576 1691 τοῦ
628 1644 885 1713 Χριστοῦ·
935 1640 1131 1697 ταύτην
1190 1640 1292 1714 γὰρ
1346 1639 1480 1712 λέγει
1528 1647 1618 1693 νῦν
1683 1646 1775 1695 καὶ

158 1725 438 1799 βασιλείαν
478 1734 575 1781 τοῦ
623 1735 778 1782 Θεοῦ·
834 1731 924 1781 καὶ
972 1725 1331 1805 ἀπολύτρωσιν
1384 1738 1484 1783 τῶν
1529 1726 1771 1785 δικαίων.

1896 567 2096 619 autem
2125 565 2504 624 manifestius
2532 570 2680 627 dixit
2707 588 2719 629 :
2748 574 2859 631 Eis
2888 584 3083 636 autem
3110 580 3247 649 ﬁeri
3264 580 3552 654 incipien-

1897 651 2071 719 tibus,
2104 658 2250 745 puta
2287 672 2423 729 quas
2468 658 2541 715 de
2579 663 3051 733 pseudochristis
3094 674 3149 725 et
3182 651 3552 745 pseudopro-

1894 741 2090 815 phetis
2129 742 2275 815 dixi,
2305 749 2587 818 suspicite
2619 756 2674 808 et
2715 754 2899 812 levate
2942 759 3133 829 capita
3173 769 3379 828 vestra,
3411 741 3555 837 auo-

1894 834 2057 890 niam
2100 838 2541 910 appropinquat
2595 843 2921 915 redemptio
2969 855 3167 907 vestra
3211 852 3282 910 5°.
3324 834 3551 913 Deinde

1893 921 1979 978 ait
2006 939 2019 977 :
2052 924 2129 979 El
2160 924 2310 981 dixit
2333 927 2457 984 illis
2483 930 2932 993 similitudinem
2961 952 2973 993 :
3014 938 3215 998 Videte
3226 942 3550 1009 ﬁculneam

1892 1018 1946 1068 el
1967 1029 2161 1071 omnes
2186 1016 2437 1084 arbores,
2463 1035 2596 1076 cum
2624 1025 2980 1093 protrudunt
2990 1030 3121 1099 jam
3140 1046 3409 1101 gemmas,
3430 1050 3548 1092 cer-

1891 1109 2094 1159 nentes
2113 1118 2187 1159 ex
2209 1104 2509 1176 vobisipsis
2530 1109 2695 1166 scitis
2717 1113 2869 1184 quod
2878 1116 3011 1185 jam
3038 1133 3220 1188 prope
3245 1119 3319 1175 sit
3340 1126 3545 1177 testas:

1890 1190 1973 1246 sic
2003 1198 2053 1247 et
2088 1208 2187 1249 vos
2212 1210 2341 1251 cum
2374 1197 2646 1255 videritis
2669 1201 2793 1258 hac
2814 1203 2961 1272 ﬁeri,
2986 1206 3185 1264 scilote
3204 1209 3358 1279 quod
3372 1210 3549 1267 instet

1889 1296 2140 1352 regnum
2181 1284 2286 1340 Dei
2326 1286 2396 1341 ⁸ο.
2445 1285 2593 1344 Cum
2640 1290 2925 1358 videritis,
2972 1294 3185 1369 inquit,
3220 1298 3347 1355 haec
3395 1300 3543 1367 ﬁeri,

1887 1386 2022 1444 quae
2066 1373 2338 1432 videlicet
2366 1376 2525 1434 dicta
2567 1386 2707 1436 sunt
2736 1380 2810 1437 de
2848 1385 3242 1444 manifestatis
3285 1390 3547 1447 seducto-

1885 1459 2072 1532 ribus,
2131 1465 2336 1522 scitote
2385 1467 2555 1540 quod
2606 1484 2793 1544 prope
2851 1474 2925 1530 sit
2976 1477 3277 1533 secundus
3336 1480 3547 1538 Christi

1887 1550 2225 1622 adventus;
2268 1553 2429 1613 hunc
2467 1557 2629 1615 enim
2659 1560 2804 1617 dicit
2840 1577 3003 1621 nunc
3039 1580 3293 1638 regnum
3334 1570 3434 1626 Dei
3476 1586 3546 1628 ac

1883 1641 2361 1716 redemptionem
2404 1647 2709 1717 justorum
2756 1668 2769 1708 :
2806 1667 3058 1725 regnum
3092 1658 3359 1730 quidem,
3400 1662 3548 1733 quia

1887 1734 2177 1805 tanquam
2220 1750 2324 1792 rex
2369 1740 2854 1813 appropinquat;
2886 1743 3358 1819 redemptionem
3401 1766 3545 1809 vero

156 1815 437 1891 βασιλείαν
526 1820 640 1892 μὲν,
728 1814 871 1871 διότι
928 1814 1013 1882 ὡς’
1071 1816 1323 1893 βασιλεὺς
1407 1824 1769 1897 παραγίνεται.

1886 1836 2113 1889 eorum,
2169 1825 2315 1897 quia
2356 1832 2550 1885 servat
2594 1845 2715 1887 eos.
2762 1833 3032 1907 Sumpsit
3081 1814 3284 1896 autem
3338 1855 3376 1896 a
3422 1839 3543 1898 ﬁcu

154 1907 525 1983 ἀπολύτρωσιν
580 1904 640 1962 δί
697 1906 883 1976 αὐτῶν,
935 1904 1075 1961 διότι
1108 1909 1265 1971 σώζει
1321 1909 1531 1973 αὐτούς.
1580 1909 1772 1965 Ἔλαϐε

155 1994 213 2052 δὲ
256 1997 364 2052 ἀπὸ
416 2006 519 2059 τῆς
588 2006 759 2059 συκῆς
809 2000 871 2052 τὸ
926 1995 1286 2075 παράδειγμα,
1341 1996 1611 2067 δεικνύων,
1666 2001 1767 2071 ὅτι,

154 2091 325 2164 ὥσπερ
387 2090 514 2141 ὅταν
571 2086 705 2146 αύτη
761 2086 1019 2163 προϐάλῃ,
1074 2092 1340 2142 τουτέστιν
1389 2090 1507 2144 ὅταν
1567 2089 1767 2165 ἐκφύσῃ

154 2180 219 2232 τὰ
288 2178 480 2251 φύλλα,
536 2177 738 2251 ἀνάγκη
799 2176 1023 2239 πλησίον
1087 2175 1216 2232 εἶναι
1288 2182 1376 2233 τὸν
1428 2183 1607 2256 καιρόν
1677 2188 1769 2234 τοῦ

163 2271 348 2343 θέρους
376 2285 391 2299 ο
425 2268 554 2321 οὕτω
596 2272 689 2321 καὶ
742 2268 862 2322 ὅταν
893 2271 951 2321 τὸ
1008 2276 1220 2343 σημεῖον
1268 2276 1364 2333 τῆς
1402 2267 1646 2347 δευτέρας
1673 2291 1771 2325 πα-

156 2361 387 2432 ρουσίας
436 2362 665 2431 γίνηται,
698 2356 900 2431 ἀνάγκη
948 2357 1169 2418 πλησίον
1234 2356 1361 2413 εἶναί
1411 2364 1501 2414 καὶ
1552 2364 1768 2422 ταύτην.

157 2450 325 2503 Είωθε
354 2450 458 2525 γὰρ
518 2449 720 2523 φυσικά
747 2444 1152 2524 παραδείγματα
1196 2448 1474 2523 λαμϐάνειν
1535 2448 1619 2504 ini
1672 2459 1772 2505 τῶν

160 2540 319 2601 ὄντως
338 2542 726 2613 γενησομένων.

228 2630 400 2703 Ἀμὴν
455 2659 526 2670 —
582 2632 820 2702 γίνηται.
882 2629 1077 2697 Πάντα,
1126 2636 1313 2697 ταῦτα,
1371 2631 1472 2685 ὅσα
1536 2639 1771 2708 προεῖπε,

161 2715 371 2779 δηλαδὴ
439 2723 563 2794 περί
631 2738 687 2773 τε
748 2727 847 2782 τῆς
910 2718 1152 2783 ἁλώσεως
1214 2728 1316 2774 τῶν
1380 2719 1771 2797 Ἱεροσολύμων,

159 2813 246 2867 καὶ
294 2813 418 2884 περὶ
462 2818 564 2864 τῶν
620 2808 780 2881 ἐγγύς
824 2817 916 2871 τῆς
970 2805 1213 2886 δευτέρας
1263 2811 1424 2865 αὐτοῦ
1480 2818 1772 2888 παρουσίας

167 2901 320 2976 ἄχρις
377 2899 563 2961 αὐτῆς.
624 2906 744 2963 Πῶς
802 2895 890 2953 οὖν
943 2898 1097 2966 εἶπεν,
1157 2902 1239 2953 ὅτι
1288 2898 1347 2955 Ἠ
1398 2905 1547 2974 γενεὰ
1592 2903 1767 2972 «Gre;

160 2994 336 3057 Γενεόεν
403 2988 614 3043 ἐκάλεσε
688 2993 781 3049 τὴν
841 2991 1121 3063 θρησκείαν
1191 3000 1292 3044 τῶν
1374 2996 1767 3047 πιστευσάντων

158 3079 311 3153 αύτῷ.
381 3077 491 3135 ἰνα
542 3082 647 3154 γὰρ
714 3085 786 3152 μὴ
851 3079 1180 3135 ὑπολάϐωσιν
1239 3083 1288 3135 οἰ
1352 3079 1635 3137 ἀπόστολοι
1688 3084 1768 3135 ὅτι

154 3172 215 3224 τὰ
261 3170 496 3245 ῥηθέντα
549 3165 695 3227 δεινὰ
751 3169 1032 3246 πρόρριζον
1083 3170 1456 3245 ἐξαφανίσουσι
1501 3176 1560 3225 τὸ
1604 3177 1771 3249 κήρυ-

152 3280 266 3334 γμα
318 3265 413 3315 καὶ
470 3263 597 3324 τοὺς
639 3262 881 3332 πιστούς,
936 3259 1254 3337 πληροφορεῖ
1298 3264 1533 3333 τούτους,
1590 3264 1671 3315 ὅτι
1710 3262 1769 3315 ού

152 3356 223 3426 μὴ
298 3350 567 3425 ἀφανισθῇ
629 3352 661 3411 ἦ
747 3352 1004 3429 θρησκεία
1078 3360 1176 3405 τῶν
1266 3359 1466 3408 πιστῶν
1527 3354 1617 3415 ἕως
1679 3362 1771 3416 τῆς

156 3440 407 3517 δευτέρας
472 3444 791 3515 παρουσίας,
865 3438 993 3495 ἀλλά
1059 3437 1293 3517 διαμενεί
1354 3447 1519 3517 μέχρι
1595 3463 1772 3497 συντε-

153 3531 297 3593 λείας
334 3538 434 3584 τοῦ
490 3534 717 3604 κόσμου,
774 3526 964 3604 μηδενὶ
1022 3528 1425 3607 διακοπτομένη.
1482 3537 1609 3607 Περὶ
1654 3535 1773 3587 τού-

152 3640 245 3680 του
305 3617 367 3675 δε
415 3625 510 3674 καὶ
562 3624 812 3697 πρότερον
865 3617 1128 3699 διαφόρως
1186 3622 1361 3687 αὐτοῖς
1410 3631 1624 3698 προεῖπε
1678 3628 1770 3678 καὶ

156 3706 597 3780 δαϐεϐαιὼσατο,
650 3709 762 3764 ἀλλ’
802 3712 867 3775 ὡς
912 3714 991 3767 ἔτι
1040 3712 1410 3778 ὠεπιλήστους
1452 3716 1527 3768 ἔτι
1572 3712 1772 3789 ἔξασφα

152 3799 381 3866 λίζιται.

220 4039 286 4098 Ὀ
375 4074 448 4086 -
522 4042 871 4119 παρέλθωσιν.
965 4044 1266 4111 Αξιόπιστα
1338 4047 1767 4115 κατασκευάζων,

153 4133 281 4209 οἷπερ
351 4130 488 4200 εἶπε,
560 4139 743 4207 φησὶν,
811 4136 891 4187 ὅτι
963 4139 1040 4193 Τὰ
1094 4142 1371 4211 πεπηγότα
1442 4148 1609 4193 ταῦτα
1681 4144 1770 4193 καὶ

154 4223 380 4282 ἀκίνητα
444 4222 637 4297 μᾶλλον
714 4222 1164 4297 ἀφανισθήσονται
1232 4231 1263 4287 ἧ
1331 4231 1380 4282 οἱ
1448 4234 1591 4303 λόγοι
1667 4250 1769 4303 μου

156 4310 559 4382 διαπτεσοῦνται,
656 4314 744 4375 οὖς
831 4311 992 4382 εἷπον,
1086 4320 1206 4395 περὶ
1293 4318 1360 4370 ὧν
1436 4320 1766 4393 ἠρωτήσατε.

157 4408 252 4457 Καὶ
280 4402 529 4475 ἀλλαχοῦ
564 4399 625 4457 δὲ
664 4412 735 4475 τῷ
763 4408 980 4479 τοιούτῳ
1006 4412 1180 4482 τρόπῳ
1206 4415 1302 4471 τῆς
1348 4405 1772 4473 διαϐεϐαιώσεως

153 4496 454 4568 ἱχρήσατο,
498 4493 685 4547 εἰπών’
721 4493 1087 4571 Εὐκοπώτερόν
1131 4495 1242 4551 ἐστι
1290 4502 1377 4552 τὸν
1426 4499 1641 4575 οὐρανόν
1680 4506 1770 4555 καὶ

1880 1911 2247 1985 exemplum,
2279 1916 2602 1975 ostendens
2623 1921 2787 1993 quod
2808 1921 2962 1980 sicut
2984 1926 3229 1997 quando
3252 1926 3380 1985 haec
3410 1946 3542 2001 pro-

1881 2002 2115 2059 truserit
2140 2004 2267 2074 jam
2293 2020 2588 2076 gemmas,
2612 2008 2736 2067 sive
2766 2027 2906 2070 cum
2932 2019 3109 2073 enata
3130 2016 3349 2075 fuerint
3379 2018 3537 2088 folia,

1880 2105 2126 2149 necesse
2178 2098 2265 2151 est
2313 2100 2378 2153 ut
2414 2096 2596 2154 instet
2644 2103 2874 2173 tempus
2936 2106 3157 2162 aestatis
3191 2108 3316 2165 :ita
3360 2110 3540 2168 etiam

1880 2182 2129 2254 quando
2163 2183 2405 2255 signum
2461 2188 2675 2248 ecundi
2725 2191 3016 2250 adventus
3069 2194 3295 2255 factum
3337 2197 3538 2268 fuerit,

1879 2286 2124 2330 necesse
2153 2280 2241 2331 est
2257 2276 2458 2349 ipsum
2485 2277 2549 2334 in
2579 2280 2851 2352 proximo
2882 2298 3035 2341 esse.
3062 2285 3218 2344 Solet
3238 2286 3540 2361 siquidem

1880 2361 2183 2423 naturalia
2198 2382 2431 2425 sumere
2461 2369 2753 2444 exempla,
2780 2371 2859 2431 ad
2882 2390 2956 2433 ea
2973 2390 3109 2448 quas
3135 2392 3269 2436 vere
3288 2384 3542 2439 ventura

1882 2454 2039 2510 sunt.

1952 2666 2118 2727 Vers.
2147 2669 2237 2727 34.
2269 2671 2455 2732 Amen
2482 2705 2551 2716 —
2578 2675 2751 2746 ﬁant.
2800 2679 3016 2738 Omnia
3055 2678 3188 2752 ista,
3222 2700 3353 2759 qum
3381 2685 3539 2746 vide-

1880 2758 2013 2817 licet
2049 2761 2326 2834 praedixit
2371 2764 2446 2820 de
2486 2767 2821 2838 captivitate
2870 2758 3439 2845 Hierosolymorum,
3483 2784 3539 2837 et

1880 2848 1955 2905 de
1980 2850 2071 2905 his
2100 2866 2237 2923 quae
2259 2852 2416 2909 circa
2438 2856 2773 2913 secundum
2801 2875 2979 2917 suum
3011 2863 3340 2922 adventum
3368 2875 3540 2927 erunt

1880 2953 2073 3010 usque
2113 2940 2192 2995 ad
2235 2941 2457 3013 ipsum.
2506 2945 2823 3009 Quomodo
2870 2966 3007 3021 ergo
3051 2952 3200 3009 dixit
3242 2956 3539 3015 Generatio

1881 3027 2008 3085 haec
2037 3032 2063 3083 .9
2091 3031 2543 3088 Generationem
2590 3038 2822 3092 vocavit
2861 3039 3215 3110 religionem
3262 3044 3536 3116 ipsorum

1878 3118 1983 3189 qui
2040 3117 2440 3178 crediderant.
2492 3122 2576 3179 Ne
2629 3124 2789 3181 enim
2847 3129 3298 3200 suspicarentur
3361 3151 3540 3207 apos-

1800 3201 1842 3259 C
1882 3206 2005 3273 toli,
2072 3209 2235 3281 quod
2286 3210 2570 3281 praedicta
2625 3214 2887 3284 pericula
2964 3219 3203 3289 penitus
3272 3201 3540 3283 delerent

1878 3297 2367 3370 prmdicationem
2432 3316 2504 3357 ac
2566 3302 2795 3375 ﬁdeles,
2857 3307 3139 3365 certiores
3198 3326 3300 3369 eos
3373 3314 3534 3383 facit,

1879 3386 2046 3461 quod
2076 3402 2200 3444 non
2240 3388 2313 3445 sit
2349 3390 2607 3449 delenda
2651 3394 2857 3467 religio
2900 3396 3172 3456 ﬁdelium
3211 3419 3407 3475 usque
3459 3407 3538 3462 ad

1880 3477 2215 3534 secundum
2235 3478 2584 3549 adventum,
2617 3484 2723 3540 sed
2739 3500 2934 3558 usque
2964 3488 3043 3543 ad
3069 3496 3541 3553 consummatio-

1879 3581 2022 3623 nem
2069 3567 2272 3624 saaculi
2330 3585 2744 3641 permansura,
2798 3590 2909 3632 nec
2957 3578 3080 3634 ullo
3130 3582 3398 3651 periculo
3452 3585 3540 3643 in-

1880 3656 2245 3715 tercidenda.
2293 3659 2375 3716 De
2428 3660 2543 3719 hoc
2595 3667 2797 3721 autem
2848 3667 3026 3724 etiam
3078 3670 3244 3742 prius
3292 3673 3539 3732 diversi-

1880 3746 2061 3804 mode
2091 3747 2177 3803 eis
2224 3750 2498 3821 praedixit
2539 3757 2596 3809 et
2623 3754 3047 3815 conﬁrmavit:
3074 3760 3177 3816 sed
3208 3762 3350 3834 quia
3396 3768 3541 3822 tunc

1881 3835 2052 3893 facile
2072 3852 2107 3893 a
2136 3837 2316 3895 corde
2347 3840 2706 3901 excidebant
2738 3845 2840 3918 (ιη)
2871 3848 3134 3920 amplius
3167 3850 3368 3909 adhuc
3399 3853 3543 3912 facit

1879 3927 2184 3985 certiores.

1952 4016 2091 4074 Vers
2146 4018 2234 4074 35.
2302 4020 2524 4079 Caelum
2578 4053 2645 4063 —
2687 4027 3095 4095 preteribunt.
3165 4032 3301 4089 Fide
3354 4034 3543 4105 digna

1879 4110 2150 4164 astruens
2166 4125 2295 4166 esse
2317 4125 2389 4167 ea
2409 4128 2540 4184 quae
2556 4112 2727 4181 dixit,
2748 4114 2861 4173 ait:
2891 4118 3022 4173 Hac
3045 4118 3199 4175 adeo
3222 4130 3543 4196 compacta

1878 4201 1936 4253 et
1962 4197 2301 4256 immobilia
2338 4202 2533 4273 potius
2572 4202 2998 4273 demolientur,
3046 4223 3232 4279 quam
3264 4213 3543 4273 excidant

1879 4302 2186 4344 sermones
2240 4291 2377 4355 mei,
2445 4308 2594 4363 quos
2652 4292 2726 4348 de
2778 4294 2872 4350 his
2930 4313 3061 4367 quae
3127 4298 3541 4373 interrogastis

1878 4378 2189 4449 respondi.
2230 4378 2384 4435 Alibi
2427 4396 2671 4455 quoque
2699 4382 2815 4440 hoc
2846 4385 3319 4446 conﬁrmationis
3354 4393 3540 4451 modo

1879 4482 2019 4521 usus
2067 4471 2154 4525 est
2206 4468 2408 4525 dicens
2459 4492 2472 4527 :
2530 4472 2789 4529 Facilius
2833 4482 2918 4532 est
2969 4477 3167 4535 caelum
3216 4487 3269 4537 et
3316 4488 3541 4544 terram

322 4557 449 4657 γῆνν
491 4583 765 4659 παρελθεῖν
851 4588 881 4646 ἦ
967 4557 1060 4641 τοῦ
1128 4592 1288 4663 νόμου
1356 4557 1499 4664 μίαν⁶
1556 4596 1769 4667 κεραίαν

1886 4557 2197 4629 praeterire,
2229 4574 2406 4631 quam
2427 4577 2461 4617 a
2484 4561 2604 4633 lege
2628 4578 2807 4621 unum
2832 4566 2952 4624 iota
2980 4569 3253 4628 excidere
3281 4574 3350 4630 σι.

153 4692 350 4730 πεσειν.

156 4768 298 4820 [ΕΦ.
369 4761 503 4820 NH’.
572 4766 701 4838 Περὶ
764 4772 861 4829 τῆς
925 4766 1124 4842 ἡμέρας
1189 4766 1389 4835 ἐκείνης
1451 4776 1541 4827 καὶ
1606 4775 1763 4851 ὥρας.

219 4858 349 4929 Περὶ
398 4884 473 4895 --
534 4853 783 4928 οὐρανῶν.
848 4857 926 4910 Τὰ
984 4860 1075 4930 μὲν
1122 4857 1254 4913 ἄλλα
1310 4863 1479 4916 πάντα
1528 4873 1765 4941 προεῖπεν

150 4942 345 5012 αύτοίς,
380 4945 488 4998 ὅσα
530 4949 796 5020 συνέφερεν
835 4942 1066 5000 εἰδέναι·
1112 4953 1275 5023 μόνην
1321 4947 1381 5005 δε
1427 4957 1522 5015 τὴν
1566 4957 1762 5033 ἡμέραν

145 5038 232 5087 καὶ
302 5036 445 5111 ὦραν
511 5044 604 5097 τῆς
666 5042 761 5088 τοῦ
834 5041 1038 5111 κόσμου
1104 5040 1397 5105 συντελείας
1466 5043 1759 5122 ἀπέκρυψεν

144 5123 510 5199 οἰκονομικῶς,
570 5124 653 5177 ἵνα
715 5123 1013 5199 ἀγνοοῦντες
1077 5129 1239 5195 αύτάς
1290 5134 1341 5186 oi
1386 5137 1499 5189 τότε
1553 5141 1758 5211 νήφωσι

143 5220 225 5268 καὶ
283 5219 604 5291 προσέχωσι
653 5220 745 5269 καὶ
793 5214 1167 5292 προσδοκῶσιν
1223 5221 1321 5280 ἀεί.
1379 5230 1479 5280 Καὶ
1534 5231 1660 5305 γὰρ,
1713 5233 1756 5285 εἰ

211 5343 261 5380 ει
291 5343 332 5401 L
352 5358 447 5403 ες.
476 5359 603 5411 xxx,
632 5343 725 5403 28.
754 5344 803 5382 ⁸ο
834 5343 979 5402 ibid.
1008 5350 1193 5407 29-31.
1273 5346 1468 5414 "Luc.
1506 5369 1626 5429 XVI,
1650 5361 1751 5418 17.

2270 4776 2430 4835 CAP.
2466 4778 2652 4838 XVIII.
2679 4780 2761 4837 De
2791 4781 2887 4841 die
2913 4789 2965 4843 et
2995 4785 3160 4844 hora.

1944 4881 2111 4939 Vers.
2189 4888 2277 4943 36.
2357 4887 2443 4942 De
2499 4918 2567 4929 —
2619 4889 2912 4949 calorum.
2995 4895 3216 4954 Caetera
3295 4902 3541 4973 quidem

1873 4970 2079 5028 omnia
2121 4973 2389 5045 praedixit
2436 4975 2541 5044 eis,
2590 4993 2727 5051 quae
2773 4981 2921 5037 scire
2972 4985 3255 5055 proderat
3287 4970 3542 5049 {solum

1871 5063 2071 5118 autem
2101 5061 2264 5119 diem
2293 5068 2349 5122 et
2374 5064 2585 5125 horam
2625 5074 3162 5130 consummationis
3194 5077 3395 5135 saeculi
3420 5079 3543 5135 dis-

1868 5151 2207 5221 pensatorie
2232 5153 2572 5229 occultavit,
2624 5162 2688 5214 ut
2730 5159 2839 5233 qui
2881 5164 3023 5219 tunc
3070 5164 3370 5237 vivebant,
3411 5168 3543 5227 haec

1868 5238 2215 5310 ignorantes
2234 5243 2571 5318 vigilarent,
2596 5250 2654 5306 et
2682 5249 2960 5309 animum
2988 5252 3370 5327 adhiberent,
3394 5273 3524 5321 sem

1352 5480 1578 5553 Variae
1606 5484 1937 5561 lectiones
1968 5501 2034 5563 et
2064 5505 2266 5568 notae.

208 5612 309 5692 (πῃ)
334 5616 445 5674 Pro
470 5613 660 5692 priori
683 5613 1022 5692 Erividetur
1048 5618 1342 5679 invenisse
1372 5630 1509 5686 τότε.
1538 5630 1765 5692 Deinde

142 5740 145 5745 .
174 5685 321 5762 abite
335 5704 375 5745 a
398 5685 578 5762 corde
590 5685 975 5762 excidebant,
1009 5705 1132 5748 non
1153 5697 1243 5750 est
1266 5695 1327 5752 in
1354 5685 1578 5757 Gnaeo.
1596 5685 1753 5762 sibi

155 5756 347 5821 εύεπίλη
355 5765 475 5829 στος
488 5761 569 5820 ab
580 5758 766 5815 ἔπιλαν
774 5758 928 5832 θάνω,
944 5756 1047 5837 Qui
1057 5778 1260 5823 rerum
1265 5767 1457 5839 facile
1467 5756 1627 5836 Obiit.

1878 5640 2202 5769 ιιέἓᾶῌῗάάθ
2229 5658 2372 5717 ergo
2386 5642 2482 5705 sed
2506 5650 2567 5704 ut
2587 5646 2778 5708 adhuc
2804 5647 3112 5713 obliviosos
3132 5653 3309 5718 etiam
3335 5669 3537 5735 certos,

1886 5728 1919 5765 θ’
2028 5729 2045 5769 ι
2079 5759 2090 5769 .

1886 5728 2090 5773 reaatt.
