4096 6396
551 380 659 439 623

552 518 781 581 perque
810 496 1241 574 exspectarent.
1274 492 1349 551 Et
1367 488 1503 547 vide
1524 481 1835 559 quomodo
1868 474 2215 535 mirabiliter
2246 472 2293 526 Α

555 568 837 668 repulerit
858 568 1274 647 vehementem
1295 594 1502 637 eorum
1526 571 1793 632 discendi
1822 568 2207 641 cupiditatem

557 656 748 744 dedie
794 683 898 740 illo
948 688 1004 737 et
1047 680 1199 735 hora
1227 691 1240 741 ;
1268 689 1343 730 ne
1386 670 1547 727 enim
1594 680 1770 737 super
1810 662 1903 717 his
1951 656 2211 744 amplius

556 743 963 838 turbarentur,
1007 769 1088 826 ait
1124 769 1246 823 :Ne
1286 760 1481 833 angeli
1517 756 1764 830 quidem
1807 749 2097 806 caelorum
2140 743 2213 798 de

554 866 651 924 his
689 866 912 922 norunt
948 857 1195 933 quando
1232 856 1482 911 ventura
1521 849 1701 911 sunt;
1748 859 1816 899 ac
1857 840 1907 894 si
1945 838 2209 893 diceret:

557 956 615 1014 Si
645 953 843 1026 angeli
871 924 1138 1008 coeiestes
1168 946 1298 1002 haec
1326 940 1626 1013 ignorant,
1657 932 1848 990 multo
1880 927 2073 998 magis
2108 924 2210 980 ho-

556 1024 755 1105 mines
775 1048 1037 1102 terrenos
1062 1054 1135 1097 ea
1163 1036 1314 1093 scire
1344 1047 1467 1090 non
1499 1024 1755 1101 expedit.

631 1318 791 1373 Vers.
844 1313 934 1370 36.
980 1309 1205 1369 Nisi—
1234 1306 1409 1361 solus.
1460 1297 1647 1355 Dictio
1688 1294 1848 1350 solus
1899 1289 1960 1345 in
2010 1284 2217 1344 ordine

559 1408 635 1465 ad
664 1409 972 1463 creaturas
1003 1397 1369 1466 intelligitur,
1400 1404 1521 1446 non
1563 1385 1641 1443 ad
1684 1382 1916 1438 Filium.
1962 1378 2017 1435 Si
2057 1374 2218 1431 enim

557 1464 762 1555 omnia
774 1490 1121 1567 quaehabet,
1142 1464 1310 1541 Pater
1323 1480 1443 1538 Filii
1458 1481 1613 1542 sunt,
1636 1466 2132 1529 sicutdixitFilius
2147 1464 2217 1531 (⁵³,

557 1587 711 1643 inter
739 1583 947 1641 omnia
966 1583 1169 1637 autem
1191 1579 1282 1630 est
1307 1585 1518 1634 unum,
1548 1566 1695 1622 scire
1717 1563 1878 1618 diem
1906 1564 1962 1614 et
1982 1558 2214 1618 horam,

563 1675 684 1732 Filii
719 1671 930 1747 procul
972 1666 1161 1725 dubio
1196 1664 1373 1719 etiam
1413 1660 1528 1714 hoc
1566 1655 1690 1711 erit.
1733 1649 1908 1723 Apud
1958 1650 2217 1703 Marcum

558 1780 696 1821 vero
721 1734 1017 1834 scriptum
1052 1760 1143 1813 est
1175 1770 1188 1809 :
1215 1753 1409 1822 Neque
1439 1748 1651 1809 Filius,
1694 1741 1810 1798 nisi
1846 1741 2020 1793 Pater
2050 1736 2117 1788 ⁵³.
2155 1734 2220 1787 Et

557 1852 810 1928 quidam
840 1847 1193 1916 intelligunt,
1226 1839 1391 1913 quod
1432 1850 1593 1908 nequ

556 1915 728 1999 iilum
753 1944 808 1995 et
829 1915 1045 1995 horam
1069 1939 1135 1989 ut
1156 1932 1339 1987 homo
1364 1948 1376 1993 ;
1396 1942 1540 1982 nam
1563 1927 1629 1978 ut
1651 1924 1804 1977 Deus
1824 1915 1993 1973 novit
2016 1926 2219 1983 aequa-

556 2032 691 2087 liter
732 2043 870 2083 cum
900 2027 1092 2081 Patre.
1131 2020 1339 2093 Aptius
1371 2021 1455 2073 est
1499 2019 1700 2071 autem
1732 2014 1795 2064 ut
1830 2008 1911 2063 ita
1939 2004 2169 2060 dicatur
2202 2016 2215 2054 :

556 2122 760 2194 Neque
790 2116 971 2175 Filius
999 2113 1131 2180 scit,
1164 2091 1281 2167 nisi
1315 2108 1505 2172 Pater,
1534 2102 1810 2159 videlicet
1840 2096 1991 2152 sciat
2024 2111 2038 2159 ;
2073 2091 2219 2159 quia

555 2182 700 2268 vero
740 2209 849 2265 scit
886 2206 1082 2275 Pater,
1116 2202 1223 2257 scit
1262 2198 1465 2271 utique
1504 2200 1560 2251 et
1596 2192 1778 2248 Filius
1819 2206 1832 2245 :
1873 2189 2001 2259 Ego
2040 2182 2214 2248 enim,

557 2299 770 2373 inquit,
814 2304 867 2354 et
900 2297 1085 2351 Pater
1125 2306 1312 2347 unum
1351 2301 1555 2344 sumus
1600 2284 1669 2346 δι,
1714 2279 2036 2336 Considera
2076 2288 2217 2329 vero

556 2365 866 2463 quomodo
901 2383 1065 2456 apud
1104 2379 1441 2438 Matthmum
1480 2372 1728 2446 quidem
1759 2368 2000 2442 ponitur
2039 2365 2216 2427 solus,

557 2455 665 2535 sed
685 2476 857 2533 nulla
875 2455 1182 2530 ﬁtmentio
1205 2466 1351 2533 Filii,
1378 2482 1447 2522 ne
1469 2465 1645 2520 etiam
1660 2462 1736 2517 ad
1755 2474 1892 2515 eum
1909 2455 2219 2512 referatur.

555 2567 733 2641 Apud
774 2568 1037 2623 Marcum
1075 2565 1278 2618 autem
1317 2571 1440 2613 non
1477 2554 1733 2611 habetur
1780 2549 1956 2613 solus,
2006 2544 2113 2601 sed
2156 2542 2222 2598 ﬁt

558 2639 786 2729 mentio
817 2652 959 2721 Filii,
992 2655 1058 2708 ut
1082 2647 1443 2729 intelligatur
1468 2644 1619 2701 sicut
1643 2639 1923 2698 diximus.

882 2850 971 2909 37.
1048 2847 1169 2906 Sed
1242 2845 1400 2903 sicut
1466 2873 1535 2885 -
1602 2837 1876 2897 hominis.
1934 2832 2220 2906 Exemplo

1947 2940 2222 2997 inexspe-

632 2855 796 2912 Vers.

559 2943 906 3004 manifestat
991 2937 1159 3013 quod
1250 2937 1492 3008 repente
1582 2931 1690 2987 erit
1790 2932 1847 2984 et

661 3039 775 3091 tus.

661 3042 775 3091 tus.

560 3042 796 3182 eti/crs.
853 3124 940 3178 38.
992 3119 1157 3176 Sicut
1208 3147 1277 3158 -
1316 3116 1474 3170 Vers.
1535 3112 1623 3168 39.
1685 3108 1956 3167 hominis.
2019 3105 2222 3162 Decla-

558 3214 750 3275 rando
779 3212 1125 3285 exemplum
1162 3206 1386 3273 docuit,
1414 3203 1580 3277 quod
1615 3201 1816 3258 multis
1841 3198 2221 3256 versantibus
2254 3181 2295 3238 (Σ

558 3307 623 3367 in
673 3303 902 3361 deliciis
954 3316 1025 3357 ac
1083 3296 1401 3354 securitate
1455 3292 1671 3348 veniet.
1736 3292 1853 3345 Hoc
1911 3292 2109 3344 autem
2168 3293 2225 3342 et

560 3394 777 3452 Paulus
815 3390 1085 3448 scribens
1116 3388 1177 3442 in
1220 3386 1381 3442 hunc
1425 3382 1698 3445 modum,
1742 3379 1863 3435 ait:
1896 3380 2033 3433 Cum
2061 3377 2224 3434 dixe-

559 3484 705 3551 rint,
732 3483 864 3538 Pax
894 3485 947 3536 et
976 3476 1280 3543 securitas,
1313 3479 1453 3528 tunc
1477 3470 1820 3541 repentinus
1843 3468 1919 3523 eis
1956 3481 2225 3536 superve-

560 3574 685 3629 niet
721 3571 1003 3627 interitus
1033 3567 1100 3621 ⁵⁵.
1148 3566 1363 3620 Verum
1397 3562 1447 3616 si
1486 3564 1628 3616 tunc
1660 3560 1717 3614 in
1754 3556 1983 3613 deliciis
2029 3560 2220 3622 erunt,

560 3659 873 3733 quomodo
899 3656 1046 3712 dixit
1073 3671 1084 3711 :
1111 3656 1246 3710 Post
1273 3649 1649 3721 afﬂictionem
1680 3647 1914 3703 illorum
1947 3645 2175 3702 dierum
2198 3648 2224 3699 ?

560 3748 812 3807 Aﬂlictio
838 3746 1084 3819 quidem
1111 3743 1220 3798 erit
1249 3740 1571 3797 colentium
1601 3740 1784 3792 Deum
1806 3752 1876 3791 ac
1899 3736 2221 3806 justorum,

562 3838 788 3895 deliciae
812 3852 950 3893 vero
982 3832 1282 3890 malorum
1308 3836 1364 3886 et
1390 3830 1851 3884 insensatorum.
1880 3828 2098 3896 Aptum
2122 3841 2223 3879 au-

561 3931 683 3985 tem
722 3925 927 3999 posuit
967 3921 1331 3993 exemplum.
1376 3919 1539 3973 Sicut
1581 3917 1741 3972 enim
1788 3921 2054 3986 tempore
2103 3917 2221 3969 Noe

558 4016 831 4073 videntes
865 4029 1069 4071 arcam
1098 4009 1394 4074 fabricari,
1443 4023 1579 4080 quae
1615 4011 1931 4061 venturam
1969 4020 2038 4059 ac
2082 4019 2222 4075 pro-

558 4106 849 4181 pinquam
882 4119 1089 4160 eorum
1121 4100 1576 4157 subversionem
1612 4094 2076 4167 prienuntiabat,
2098 4108 2220 4148 non

561 4195 898 4252 sentiebant
929 4210 943 4249 :
985 4193 1065 4249 ita
1110 4204 1353 4262 quoque
1392 4186 1454 4243 hi
1493 4186 1760 4241 videntes
1792 4184 2217 4239 Antichristum

558 4284 769 4342 sedulo
798 4284 1175 4340 laborantem
1207 4280 1315 4349 (η).
1361 4282 1415 4332 et
1450 4273 1991 4331 consummationis
2026 4274 2217 4343 signa,

556 4374 686 4431 sine
703 4371 1097 4431 sollicitudine
1118 4365 1575 4440 permanebunt,
1600 4363 1861 4418 Observa
1875 4362 2055 4418 etiam
2070 4378 2219 4435 quo-

555 4463 740 4520 modo
765 4459 1197 4535 particulariter
1226 4456 1434 4513 omnia
1458 4470 1581 4526 prae
1597 4453 1737 4508 dicit
1761 4469 1897 4525 quae
1929 4469 2118 4525 usque
2141 4452 2219 4507 ad

1876 344 2231 408 EUTHYMII
2267 340 2574 398 ZIGABEN
2582 338 2601 394 Ι

3823 319 3935 376 624

2326 474 2536 542 προεῖπε
2583 468 2672 516 καὶ
2733 462 2945 525 ταύτας,
3011 456 3215 531 ἔμελλον
3268 456 3571 507 ἀναπίπτειν
3624 458 3713 506 καὶ
3759 453 3937 527 ῥαθυ-

2324 565 2436 632 μεῖν
2490 560 2579 607 καὶ
2638 552 2993 625 ἀφροντιστεῖν
3046 550 3204 621 ἄχρις
3256 545 3446 598 αὐτῶν.
3494 550 3593 596 Καὶ
3652 544 3765 615 ὅρα,
3820 552 3934 605 πῶς

2328 650 2633 718 θαυμασίως
2686 638 3027 715 διεκρούσατο
3075 642 3168 694 την
3238 640 3351 707 περὶ
3394 642 3489 694 τῆς
3552 635 3749 706 ἡμέρας
3804 632 3933 687 ἐκει-

2322 758 2415 799 νης
2472 741 2555 787 xui
2619 736 2755 806 ὧρας
2812 731 3146 803 φιλομάθειαν
3186 727 3370 778 αὐτῶν.
3431 724 3541 778 Ἰνα
3587 729 3687 800 γὰρ
3742 734 3931 799 μηκέτι

2322 832 2439 901 περὶ
2468 828 2659 877 τούτων
2692 820 2965 893 ἐνοχλῶσι,
2998 818 3174 891 φησὶν,
3223 818 3302 869 ὅτι
3346 814 3468 869 οὐδὲ
3517 819 3564 868 οἱ
3594 817 3800 889 ἄγγελοι
3827 830 3928 871 τῶν

2325 918 2551 992 οὐρανῶν
2618 910 2802 965 οἴδασι
2855 916 2972 983 περὶ
3029 909 3217 970 αὐτῶν,
3270 912 3391 959 πότε
3439 906 3675 973 ἥξουσιν,
3737 912 3928 963 ὡσανεὶ

2323 1007 2502 1078 λέγων,
2532 1003 2744 1057 auiae»
2784 1004 2832 1053 oi
2871 999 3084 1071 ἄγγελοι
3114 1000 3161 1050 οἰ
3194 998 3427 1069 οὐράνιοι
3456 1000 3642 1060 ταύτος
3674 997 3925 1069 ἀγνοῶσι,

2324 1096 2492 1167 πολλῷ
2536 1093 2724 1167 μᾶλλον
2768 1095 2890 1153 τοὺς
2936 1089 3240 1162 ἀνθρώπους
3296 1092 3413 1150 τοὺς
3457 1090 3671 1159 γηῖνους
3724 1090 3781 1142 οὐ
3815 1096 3927 1163 χρὴ

2326 1189 2515 1245 ταύτας
2544 1189 2839 1257 γινώσκειν.

2400 1276 2460 1328 Εἰ
2494 1280 2561 1347 μὴ
2611 1305 2678 1313 —
2744 1276 2911 1345 μόνος.
2980 1273 3049 1323 Τὸ
3107 1272 3261 1341 μόνος
3320 1271 3451 1341 πρὸς
3515 1272 3632 1329 τοὺς
3693 1277 3933 1333 κτιστούς

2326 1371 2538 1429 νοεῖται,
2590 1368 2679 1415 καὶ
2721 1363 2779 1415 ού
2828 1365 2958 1434 πρὸς
3011 1360 3244 1428 τὸν
3295 1361 3431 1412 Υὶον,
3494 1359 3557 1410 Εἰ
3585 1362 3685 1432 γὰρ
3739 1364 3932 1428 πάντα,

2329 1457 2430 1507 ὅσα
2457 1456 2620 1526 ἔχειὸ
2669 1457 2871 1524 Πατὴρ,
2920 1458 3009 1503 τοῦ
3062 1451 3183 1501 Υὶοϋ
3236 1446 3397 1513 ἐστιν,
3440 1451 3504 1508 ὡς
3534 1450 3559 1499 6
3595 1452 3711 1512 Υἱὸς
3756 1448 3930 1503 εἶπεν·

2329 1548 2375 1597 ἓν
2424 1541 2482 1596 δὲ
2516 1553 2615 1595 τῶν
2646 1546 2847 1595 πάντων
2888 1545 2977 1592 καὶ
3007 1542 3065 1591 τὸ
3115 1535 3307 1591 εἰδέναι
3354 1543 3446 1596 τὴν
3493 1540 3686 1612 ἡμέραν
3738 1542 3935 1601 ἐκείνην

2328 1640 2417 1687 καὶ
2450 1637 2622 1707 ὧραν“
2679 1640 2769 1684 τοῦ
2814 1633 2936 1684 Υὶοῦ
2978 1634 3067 1681 καὶ
3109 1636 3261 1680 τοῦτο
3305 1630 3531 1690 πάντως.
3571 1633 3725 1702 Παρά
3772 1628 3835 1684 δὲ
3865 1642 3936 1684 τῶ

2328 1726 2527 1799 Μάρκῳ
2580 1727 2871 1796 γέγραπται
2901 1722 2981 1772 ὅτι
3013 1715 3153 1771 Ούδε
3185 1720 3210 1770 6
3265 1720 3400 1782 Υἱὸς,
3459 1718 3501 1770 εἰ
3538 1724 3609 1791 μὴ
3646 1692 3669 1770 6
3726 1692 3933 1795 Πατήρ.

1596 1850 1627 1889 e
1660 1831 1835 1888 Filius
1862 1825 2029 1883 novit
2057 1823 2216 1878 diem

2334 1820 2430 1868 Καί
2450 1834 2583 1875 τινες
2608 1816 2697 1885 μὲν
2741 1819 2946 1864 νοοῦσιν
2976 1811 3054 1861 ὅτι
3088 1805 3209 1861 οὐδὲ
3253 1810 3278 1860 6
3309 1810 3429 1868 Υἱὸς
3460 1805 3571 1861 οἶδε
3602 1813 3695 1867 τὴν
3735 1812 3933 1885 ἡμέραν

2326 1903 2520 1961 ἐκείνην
2569 1907 2658 1955 καὶ
2691 1904 2846 1975 ᾤραν,
2899 1902 2968 1960 ὡς
3014 1900 3319 1973 ἄνθρωπος·
3375 1901 3444 1959 ὡς
3471 1900 3572 1974 γὰρ
3622 1902 3747 1963 Θεὸς
3790 1898 3933 1954 οἶδεν

2327 1993 2509 2054 ἐπίσης
2561 2001 2633 2063 τῷ
2689 1995 2856 2064 Πατρί
2882 2008 2893 2021 ’
2927 1993 2985 2041 τὸ
3037 1986 3094 2041 δὲ
3124 1988 3515 2062 γλαφυρώτερον
3548 1987 3687 2041 ἐστιν
3743 1991 3928 2059 οὕτως,

2327 2086 2407 2137 ὅτι
2453 2080 2593 2136 Ούδε
2624 2085 2648 2133 6
2696 2084 2811 2141 Υἱὸς
2852 2086 3118 2152 γινώσκει,
3171 2078 3312 2150 εἰμὴ
3362 2080 3385 2129 6
3432 2084 3606 2152 Πατὴρ
3646 2086 3929 2151 γινώσκει·

2329 2172 2435 2225 ἐπεὶ
2477 2170 2534 2224 δὲ
2585 2176 2828 2243 γινώσκει
2878 2171 2902 2221 6
2951 2172 3153 2241 Πατὴρ,
3190 2173 3434 2238 γινώσκει
3477 2169 3581 2241 ἄρα
3619 2174 3707 2220 καὶ
3735 2172 3759 2221 6
3790 2173 3931 2234 Υἱός.

2327 2262 2456 2334 Ἐγὼ
2498 2264 2620 2336 γὰρ,
2678 2263 2972 2332 φησὶ,”καὶ
3015 2259 3040 2309 6
3090 2262 3269 2331 Πατὴρ
3320 2258 3368 2309 ἓν
3420 2256 3592 2329 ἐσμεν.
3646 2265 3839 2312 Σπόπει
3880 2258 3936 2314 δὲ

2328 2362 2437 2413 πῶς
2484 2353 2628 2424 παρὰ
2692 2354 2781 2423 μὲν
2829 2356 2899 2419 τῷ
2958 2349 3210 2417 Ματθαίῳ
3274 2354 3441 2399 κεῖται
3498 2351 3586 2419 μὲν
3644 2352 3701 2400 τὸ
3758 2356 3933 2422 μόνος,

2329 2443 2387 2494 ού
2436 2444 2810 2514 μνημονεύεται
2849 2435 2908 2491 δὲ
2956 2440 2982 2490 6
3036 2440 3173 2502 Υἱὸς,
3228 2438 3310 2489 ἵνα
3367 2442 3438 2510 μὴ
3471 2442 3561 2490 καὶ
3608 2442 3734 2513 πρὸς
3782 2441 3936 2492 αὐτὸν

2332 2530 2682 2603 ἀναφέρηται’
2736 2531 2879 2602 παρὰ
2930 2525 2987 2580 δὲ
3040 2537 3111 2598 τῷ
3170 2529 3366 2601 Μάρκῳ
3425 2530 3483 2579 τὸ
3537 2532 3626 2600 μὲν
3674 2535 3831 2601 μόνος
3882 2532 3936 2584 οὐ

2330 2629 2518 2687 κεῖται,
2578 2621 2954 2693 μνημονεύεται
3014 2613 3132 2670 δ’εὸ
3181 2619 3315 2684 Υἱὸς,
3374 2618 3456 2668 ἶνα
3484 2620 3715 2686 νοηθείη,
3767 2623 3937 2684 καθώς

2333 2711 2628 2784 εἰρήκαμεν.
3910 2706 3915 2711 ’

2400 2826 2601 2891 Ὥσπερ
2685 2813 2745 2870 δὲ
2823 2847 2889 2857 -
2975 2814 3269 2888 ἀνθρώπου.
3360 2816 3429 2870 Τὸ
3512 2812 3772 2888 αἰφνίδιον
3849 2823 3936 2872 καὶ

2332 2905 2732 2981 ἀπροσδόκητον
2800 2906 2963 2967 αὐτῆς
3029 2902 3122 2958 διὰ
3188 2911 3277 2956 τοῦ
3345 2902 3773 2981 παραδείγματος
3845 2907 3933 2981 ἐμ-

2332 3005 2516 3073 φαίνει.

2399 3106 2599 3181 Ὠσπερ
2666 3137 2733 3145 -
2800 3103 3095 3177 ἀνθρώπου.
3162 3106 3231 3155 Τὸ
3304 3098 3646 3176 παράδειγμα
3718 3110 3935 3178 σαφηνί-

2334 3198 2455 3262 ζων,
2500 3193 2740 3259 ἐδίδαξεν
2794 3196 2874 3246 ὅτι
2925 3198 3015 3245 καὶ
3073 3201 3173 3244 τῶν
3234 3192 3431 3245 πολλῶν
3488 3200 3791 3267 τρυφώντων
3846 3201 3936 3248 καὶ

2336 3286 2728 3360 ἀμεριμνώντων
2821 3282 3102 3335 ἐλεύσεται.
3183 3288 3346 3335 Τοῦτο
3427 3278 3485 3335 δὲ
3563 3289 3652 3335 xui
3734 3284 3938 3347 Παῦλος

2332 3379 2541 3451 γράφων
2601 3375 2733 3427 οὕτω
2785 3378 2978 3447 φησιν’
3033 3371 3193 3424 Ὀταν
3267 3370 3508 3443 λέγωσιν,
3589 3374 3781 3446 Εὶρὴνη
3850 3381 3937 3428 καὶ

2335 3465 2607 3538 ἀσφάλεια,
2696 3468 2811 3517 τότε
2898 3459 3157 3535 αἰφνίδιος
3243 3461 3417 3523 αὐτοῖς
3498 3460 3775 3534 ἐφίσταται
3838 3465 3938 3521 ὅλετ

2336 3559 2471 3629 θρος.
2529 3555 2860 3627 Ἐκγαμίζειν
2912 3549 2971 3604 δέ
3027 3550 3141 3603 ἐστι
3188 3554 3246 3603 τὸ
3297 3556 3391 3610 τὴν
3439 3553 3701 3625 θυγατέρα
3756 3554 3938 3615 συζευ-

2333 3648 2503 3717 γνύειν
2558 3642 2729 3716 ἀνδρί.
2790 3648 2888 3695 Καὶ
2946 3641 2987 3693 εἰ
3040 3645 3205 3715 τρυφὴ
3264 3643 3413 3694 ἔσται
3472 3646 3608 3706 τότε,
3657 3650 3759 3702 πῶς
3809 3636 3938 3694 εἶπεν

2335 3737 2415 3787 ὅτι
2498 3736 2644 3787 Μετὰ
2720 3737 2812 3791 τὴν
2915 3730 3087 3802 θλίψιν
3190 3739 3288 3781 τῶν

2334 3824 2521 3895 ὃλίψις
2611 3825 2700 3893 μὲν
2782 3824 2931 3874 ἔσται
3017 3829 3114 3872 τῶν
3205 3819 3426 3872 εὐσεϐῶν
3516 3826 3606 3872 καὶ
3698 3814 3937 3887 δικαίων,

3384 3732 3588 3804 ἡμερῶν
3701 3731 3898 3783 ἐκείνων
3924 3750 3936 3801 ;

2334 3918 2499 3987 τρυφὴ
2567 3910 2625 3965 δὲ
2691 3921 2788 3964 τῶν
2833 3918 3069 3983 πονηρῶν
3125 3909 3211 3961 καὶ
3280 3908 3626 3968 ἀναισθήτων.
3687 3909 3937 3986 Ἃρμόζον

2335 4001 2392 4056 δὲ
2444 4006 2632 4057 τέθεικε
2690 3998 3049 4075 παράδειγμα.
3113 4000 3355 4073 Καθάπερ
3429 4002 3529 4073 γὰρ
3604 4002 3652 4051 οἱ
3701 4000 3784 4052 ἐπί
3852 4007 3938 4052 τοῦ

2331 4101 2444 4147 Νῶε
2482 4098 2574 4151 τὴν
2606 4091 2825 4144 κιϐωτὸν
2871 4092 3080 4164 ὁρῶντες
3111 4088 3652 4160 κατασκευαζομένην,
3686 4095 3776 4142 xui
3823 4090 3937 4162 (36)

2330 4189 2421 4243 τὴν
2479 4184 2597 4236 ὅσον
2667 4182 2808 4234 ούπω
2869 4184 3234 4252 καταστροφὴν
3285 4179 3452 4230 αὐτῶν
3510 4182 3933 4253 προμηνύουσαν,

2332 4275 2424 4328 ούκ
2478 4275 2801 4347 ᾐσθάνοντο·
2864 4271 2998 4322 οὕτω
3046 4274 3136 4320 καὶ
3194 4267 3356 4333 οὗτοι,
3415 4272 3501 4320 τὸν
3565 4270 3936 4341 Ἀντίχριστον

2334 4364 2604 4437 βλέποντες
2664 4362 2985 4434 ἐνεργοῦντα,
3049 4362 3138 4410 καὶ
3202 4360 3267 4410 τὰ
3343 4356 3537 4431 σημεῖα
3598 4366 3689 4421 τῆς
3762 4378 3937 4412 συντε-

3025 4446 3403 4504 ὃιακείσονται.
3492 4454 3789 4524 Παρατήρει
3881 4446 3938 4501 δὲ

2330 4455 2486 4518 λείας,
2586 4453 2938 4526 ἀφροντίστως

557 4553 885 4610 adventum
934 4565 1111 4605 suum
1164 4551 1418 4602 ventura
1466 4549 1624 4610 sunt,
1680 4543 2003 4599 ostendens
2056 4545 2217 4615 quod

2334 4555 2433 4605 πῶς
2476 4545 2644 4596 πάντα
2680 4542 2917 4616 προλέγει
2964 4539 3287 4612 λεπτομερῶς
3326 4542 3390 4591 τα
3432 4543 3595 4612 μέχρι
3644 4548 3733 4599 τῆς
3780 4541 3936 4593 αὐτοῦ

557 4642 720 4698 diem
749 4654 991 4713 quoque
1016 4637 1185 4693 illum
1216 4641 1270 4691 et
1299 4635 1513 4690 horam
1544 4633 1796 4703 noverit,
1837 4633 1943 4689 sed
1976 4634 2216 4707 dispen-

558 4732 798 4796 satorie,
839 4736 904 4784 ut
952 4727 1179 4783 dictum
1222 4728 1324 4795 est,
1370 4723 1555 4789 illum
1582 4722 1953 4781 conticuerit.
2009 4726 2219 4789 Quaere

556 4824 760 4879 autem
793 4816 1059 4874 secundo
1089 4814 1291 4870 libello
1323 4812 1587 4882 Gregorii
1619 4811 1899 4882 Theologi
1930 4814 2001 4870 de
2040 4815 2215 4882 Filio,

555 4914 741 4983 caput
794 4906 1122 4971 decimum,
1186 4907 1245 4960 et
1306 4901 1706 4973 gratissimam
1784 4902 2051 4959 invenies
2129 4921 2219 4961 so-

554 5000 865 5059 lutionem.

624 5092 785 5147 Vers.
813 5088 902 5145 40.
939 5087 1121 5143 Tunc.
1158 5114 1229 5125 —
1258 5083 1526 5140 νει-841.
1564 5082 1943 5155 relinquetur.
1976 5084 2086 5140 Per
2114 5099 2216 5143 eos

627 5226 673 5265 ⁸³
699 5225 875 5285 Joan.
913 5237 1035 5289 xv1,
1073 5226 1158 5280 15.
1237 5222 1286 5259 ⁸³
1316 5221 1636 5293 Marc.xui,
1660 5220 1750 5276 32.

2330 4638 2642 4707 παρουσίας,
2673 4631 2931 4704 ἐμφαίνων
2991 4632 3067 4681 ὅτι
3096 4634 3184 4681 xui
3235 4634 3326 4687 τὴν
3383 4629 3578 4703 ἡμέραν
3627 4628 3823 4688 ἐκείνην
3855 4634 3939 4682 καί

2330 4730 2423 4783 τὴν
2456 4726 2589 4799 ὥραν
2630 4720 2790 4787 οἶδεν,
2844 4720 2949 4773 ἀλλ’
2989 4720 3329 4792 οἰκονομικῶς
3382 4720 3558 4785 αὐτας,
3610 4722 3680 4781 ὡς
3711 4706 3934 4793 εἴρηται,

2331 4820 2671 4892 παρασιωπᾷ.
2713 4817 2953 4871 Ζητησον
2986 4807 3043 4863 δὲ
3074 4815 3161 4861 καὶ
3195 4813 3240 4862 ἐν
3276 4818 3347 4879 τῷ
3394 4814 3509 4883 περὶ
3542 4812 3664 4862 Υἰοῦ
3713 4807 3935 4884 δευτέρω

3910 4866 3917 4882 .

2328 4907 2463 4978 λόγῳ
2492 4912 2582 4958 τού
2615 4913 2716 4958 Θεο
2746 4902 2899 4975 λόγον
2929 4905 2985 4954 τὸ
3020 4898 3233 4953 δέκατον
3274 4900 3569 4970 κεφάλαιον,
3606 4905 3692 4954 καὶ
3717 4920 3933 4975 χαριεσ-

2329 4998 2489 5054 τάτην
2518 4998 2756 5070 εὑρήσεις
2779 4993 2951 5045 λύσιν.
3266 4984 3269 4987 Α

2399 5091 2621 5140 Τότε-
2662 5083 2988 5157 ἀφίεταιΔια
3046 5080 3134 5154 μὲν
3189 5088 3289 5133 τῶν
3350 5083 3506 5133 ὄντων
3565 5078 3612 5133 ἐν
3670 5088 3740 5153 τῷ
3794 5080 3935 5157 ἆγρῶ

1832 5222 1878 5257 ⁶⁴
1908 5223 2081 5279 Joan.
2116 5241 2175 5291 x,
2207 5228 2297 5282 30.
2333 5227 2379 5263 ⁸⁵
2402 5229 2421 5281 l
2447 5224 2649 5281 Thess.
2681 5237 2737 5288 v,
2766 5220 2823 5277 3.

1766 5354 1993 5425 Variae
2035 5357 2365 5430 lectiones
2398 5365 2467 5428 et
2504 5367 2708 5427 notae.

627 5502 740 5580 (35)
765 5503 839 5560 Οὔ
871 5507 988 5580 περὶ
1019 5507 1124 5580 τὸν,
1156 5503 1214 5559 Β.
1415 5571 1429 5580 _
1584 5573 1628 5580 ﬂ
1852 5554 1853 5557 η

628 5571 745 5651 (36)
770 5584 887 5643 Καί,
902 5571 1246 5641 delendum,
1270 5571 1433 5647 quod
1458 5588 1568 5629 nec
1584 5573 1907 5631 Hermenius
1925 5577 2217 5646 agnoscit.

627 5757 712 5832 (η)
735 5757 951 5815 δειλαιο
978 5757 1358 5813 laborantem.
1390 5751 1611 5828 Malim,
1640 5754 2083 5825 male/[icacem
