4096 6384
180 371 283 428 625

1154 371 1527 429 COMMENT.
1570 370 1639 427 IN
1681 368 2134 428 ΜΑΤΤΗᾹΞΗΜ.
2172 400 2240 412 -
2273 369 2436 428 CAP.
2476 368 2673 427 XXIV.

3459 374 3568 443 626

175 507 295 564 ἰοὺς
348 500 631 562 πλουσίους
685 497 863 570 δηλοῖ,
921 497 1014 553 διὰ
1062 497 1121 554 δὲ
1168 509 1267 553 τῶν
1300 498 1603 559 ἀληθουσῶν
1634 498 1681 551 ἐν
1717 506 1769 569 τό

1899 498 2003 570 qui
2032 499 2094 554 in
2124 513 2270 568 agro
2302 502 2458 568 sunt,
2497 496 2711 553 divites
2750 497 3055 569 intelligit;
3089 513 3195 571 per
3234 504 3563 566 easautem

174 592 390 665 μυλῶνι,
421 596 535 651 τοὺς
583 595 833 652 πένητας.
878 595 979 645 Καὶ
1031 588 1283 644 διδάσκει
1331 593 1410 643 ὅτι
1452 595 1541 643 καὶ
1591 589 1644 641 ἐκ
1690 597 1789 641 τῶν

176 682 438 735 πλουσίων
484 686 576 733 καὶ
629 680 685 733 ἐκ
743 684 843 734 τὼν
897 687 1122 740 πενήτων
1172 685 1302 741 τινες
1359 684 1447 753 μὲν
1508 680 1785 747 σώζονται,

174 777 304 833 τινες
344 768 403 825 δὲ
451 770 788 827 ἀπόλλυνται.
844 774 930 825 Διὸ
982 776 1071 823 καὶ
1125 770 1211 823 ἐπὶ
1263 774 1351 842 μὲν
1384 779 1482 822 τῶν
1528 769 1788 822 πλουσίοιν

175 862 465 936 ἀρσενικῶς
506 864 591 914 τὸν
634 861 788 932 λόγον
818 866 1108 937 προήγαγε,
1164 864 1221 913 τὸ
1270 859 1469 931 ὑψηλὸν
1496 865 1585 912 καὶ
1632 860 1786 931 ἰσχυ-

173 957 260 1027 ρὸν
350 953 521 1004 αὐτῶν
614 949 991 1025 ἐνδεικνύμενος
1080 951 1164 1004 ἐπὶ
1241 948 1300 1003 δὲ
1377 959 1477 1003 τῶν
1556 955 1785 1007 πενήτων

177 1044 431 1109 θηλυκῶς,
487 1045 547 1093 τὸ
618 1045 859 1094 ταπεινὸν
924 1046 1014 1093 καὶ
1078 1040 1283 1101 ἀσθενὲς
1331 1042 1526 1093 τούτων
1567 1041 1785 1112 ὑποφαί-

172 1155 288 1185 νων.
327 1138 430 1187 Καὶ
472 1135 575 1205 γὰρ
615 1134 731 1183 ὅσοι
761 1135 851 1204 μεν
900 1135 929 1190 ἤ
987 1135 1073 1184 τόν
1122 1131 1340 1184 πλοῦτον
1381 1130 1551 1193 καλῶς
1590 1126 1786 1201 διῴκη-

176 1243 292 1291 σαν,
352 1224 382 1281 ἡ
437 1227 533 1280 τήν
566 1227 743 1274 πενίαν
792 1221 953 1281 καλῶς
994 1219 1312 1289 ἐϐάστασαν,
1358 1218 1785 1294 παραλαμϐάνον-

170 1335 257 1367 ται
290 1314 362 1376 εἰς
390 1312 687 1370 ἀπάντησιν
716 1319 807 1364 του
837 1317 1049 1385 Κυρίου,
1101 1314 1166 1372 ὡς
1190 1318 1443 1385 γνώριμοι
1474 1311 1613 1380 αὐτῷ
1662 1330 1784 1381 τυγ-

169 1406 419 1475 χάνοντες
450 1420 462 1433 ·
517 1405 634 1455 ὅσοι
674 1399 734 1454 δὲ
762 1402 1077 1468 τούναντίον,
1127 1401 1357 1473 ἀφίενται
1402 1403 1544 1453 κάτω
1592 1402 1662 1462 ὡς
1691 1398 1783 1451 ἀν-

169 1494 306 1554 άξιοι
341 1497 703 1564 περιμένοντες
747 1492 969 1544 ἐνταυθα
1011 1494 1095 1543 τὸν
1139 1487 1414 1550 δικαστήν.
1467 1496 1677 1551 Λουκᾶς
1718 1486 1779 1541 δὲ

170 1582 352 1655 ἑτέρως
412 1587 546 1654 φησί
619 1586 737 1656 περὶ
817 1583 1001 1634 τούτου
1054 1579 1102 1632 ἓν
1153 1588 1225 1652 τῷ
1293 1581 1555 1651 ἑξηκοστῷ
1621 1600 1777 1653 κεφα-

167 1672 313 1745 λαίῳ,
373 1675 458 1725 ὅτι
514 1671 765 1725 Ἔσονται
826 1668 921 1725 δύο
977 1672 1061 1725 ἐπὶ
1107 1671 1282 1733 κλίνης
1340 1677 1481 1742 μιᾶς·
1545 1667 1615 1733 εἷς
1662 1670 1778 1741 (37)

166 1762 657 1837 παραληφθήσεται,
726 1766 817 1814 καὶ
900 1762 926 1814 ό
1014 1762 1184 1835 ἔτερος
1260 1760 1591 1834 ἀφεθήσεται.
1680 1763 1777 1813 Δύο

1898 604 2035 659 quae
2062 588 2296 644 molunt
2322 586 2382 643 in
2414 586 2595 653 mola,
2632 604 2926 659 pauperes
2960 604 2972 643 :
3007 604 3078 645 ac
3107 589 3283 647 docet
3310 590 3479 663 quod
3507 596 3567 648 et.

1897 677 1971 732 de
2002 677 2306 742 divitibus,
2340 682 2397 734 et
2427 677 2502 733 de
2546 677 2918 748 pauperibus
2946 678 3197 750 quidam
3231 679 3561 751 salvantur,

1896 766 2148 839 quidam
2172 782 2314 822 vero
2340 771 2610 839 pereunt.
2646 767 2779 822 Ideo
2812 767 2991 823 etiam
3018 767 3093 824 de
3128 768 3415 826 divitibus
3444 785 3564 827 ser-

1896 872 2140 912 monem
2172 856 2500 913 masculine
2547 856 2802 921 induxit,
2834 856 3139 914 excelsum
3179 874 3248 915 ac
3277 858 3423 916 forte
3460 860 3563 917 de-

1894 952 2240 1002 monstrans
2272 946 2438 1019 quod
2468 946 2529 1001 in
2560 946 2644 1002 eis
2690 950 2777 1002 est
2805 963 2817 1002 :
2854 946 2928 1003 de
2959 948 3327 1020 pauperibus
3356 956 3560 1008 autem

1898 1036 2203 1102 feminine,
2238 1036 2627 1092 subindicans
2664 1035 2859 1093 debile
2893 1053 2963 1093 ac
3004 1039 3359 1111 depressum
3389 1040 3559 1115 quod

1894 1126 1954 1185 in
1995 1127 2106 1181 illis
2148 1132 2252 1183 est.
2298 1126 2604 1199 Siquidem
2656 1130 2951 1199 quotquot
2990 1127 3083 1184 vel
3122 1128 3361 1186 divitias
3402 1129 3558 1187 bene

1894 1224 2210 1281 sectantur,
2240 1216 2333 1273 vel
2363 1220 2775 1288 paupertatem
2806 1216 2959 1273 bene
2985 1216 3201 1283 ferunt,
3235 1235 3555 1277 assumun-

1891 1311 1985 1362 tur
2013 1307 2073 1362 in
2104 1323 2417 1362 occursum
2454 1305 2710 1371 Domini,
2747 1310 3035 1379 tanquam
3065 1308 3146 1364 illi
3178 1308 3503 1366 familiares
3534 1326 3550 1369 :

1890 1403 2187 1469 quotquot
2221 1401 2422 1453 autem
2453 1396 2751 1457 contrario
2782 1397 2967 1453 modo
3002 1414 3064 1467 se
3094 1398 3342 1464 habent,
3375 1399 3553 1456 deor-

1891 1503 2025 1541 sum
2055 1493 2340 1559 tanquam
2369 1485 2599 1556 indigni
2625 1485 3065 1559 relinquuntur,
3096 1492 3159 1545 ut
3182 1488 3265 1544 ibi
3285 1488 3552 1559 judicem

1890 1581 2253 1648 exspectent.
2306 1578 2492 1633 Lucas
2540 1591 2682 1631 vero
2737 1575 2811 1632 de
2864 1576 2957 1632 his
3010 1575 3130 1635 alio
3179 1578 3362 1635 modo
3412 1578 3555 1638 dicit

1889 1667 2079 1738 capite
2098 1666 2475 1737 sexagesimo
2497 1682 2509 1721 :
2534 1666 2729 1721 Erunt
2750 1665 2992 1738 (inquit)
3011 1667 3128 1723 duo
3145 1668 3208 1724 in
3230 1669 3378 1725 lecto
3395 1684 3549 1727 uno:

1888 1773 2043 1812 unus
2084 1763 2431 1823 assumetur,
2469 1759 2522 1811 et
2551 1756 2710 1812 alter
2746 1755 3119 1828 relinquetur
3153 1773 3166 1813 :
3207 1757 3343 1815 duae
3375 1766 3552 1818 erunt

168 1856 371 1905 ἔσονται
418 1852 714 1912 ἀλήθουσαι
793 1850 876 1904 ἐπὶ
944 1854 1003 1904 τὸ
1061 1851 1212 1904 αὐτό·
1277 1856 1375 1923 μία
1439 1850 1769 1924 παραληφθή·

1887 1849 2165 1905 molentes
2192 1848 2408 1904 simul:
2431 1862 2555 1903 una
2576 1851 2931 1908 assumetur.
2956 1851 3009 1903 et
3031 1848 3229 1907 altera
3250 1850 3553 1921 retiaque-

170 1963 334 2009 σεται,
391 1950 481 1995 καὶ
531 1944 561 2000 ἡ
625 1941 771 2015 ἑτέρα
842 1940 1174 2006 ἀφεθήσεται,
1233 1937 1327 1993 διὰ
1382 1946 1469 2013 μὲν
1538 1950 1636 1994 τῶν
1690 1940 1772 1994 ἐπὶ

168 2043 259 2094 τῆς
314 2033 494 2096 κλίνης
534 2036 657 2095 τοὺς
707 2031 754 2084 ἐν
818 2030 1107 2084 ἀναπαύσει
1178 2027 1371 2100 δηλῶν,
1427 2029 1519 2083 διὰ
1572 2028 1630 2084 δὲ
1676 2040 1773 2084 τῶν

167 2122 212 2175 ἐν
266 2131 342 2193 τῷ
399 2122 593 2195 μυλῶνι
650 2124 767 2182 τοὺς
824 2122 872 2173 ἐν
928 2123 1270 2193 κακοπαθείᾳ.
1343 2120 1501 2179 Δῆλον
1560 2118 1647 2174 οὖν
1694 2123 1774 2174 ὅτι

168 2208 438 2284 διαφόρως
482 2211 593 2264 κατ’
655 2210 806 2264 ἄλλον
871 2215 959 2263 καὶ
1020 2210 1167 2263 ἄλλον
1227 2214 1407 2284 καιρὸν
1456 2209 1774 2285 έῤῥήθησαν,

169 2304 237 2353 τὰ
292 2310 387 2353 του
440 2308 611 2355 Δουκᾱ
664 2304 754 2373 μὲν
800 2306 1066 2377 πρότερον,
1115 2303 1182 2353 τὰ
1230 2297 1288 2354 δε
1340 2309 1432 2353 τοῦ
1476 2304 1771 2371 Ματθαίου,

162 2392 404 2465 ὕστερον.
1204 2463 1208 2468 ,

229 2484 273 2552 ἦ·
314 2484 357 2552 -ζ-
388 2481 571 2557 Ἀγρὸν
625 2481 862 2555 ὠνόμασε
914 2484 1000 2534 τὸν
1048 2481 1158 2554 (38)
1209 2486 1404 2555 κόσμον
1438 2502 1451 2515 ⁶
1498 2482 1771 2557 παραλαμ-

162 2572 370 2625 ϐάνεται
463 2568 550 2625 οὖν
625 2573 649 2623 ὁ
708 2572 999 2645 σωζόμενος
1049 2589 1061 2602 ’
1115 2571 1320 2644 ἀφίεται
1391 2574 1416 2624 ό
1465 2578 1772 2645 κατακρινο-

159 2682 327 2733 μενος.
385 2663 473 2715 Ἐκ
527 2666 712 2716 τούτου
764 2666 934 2714 τοίνυν
992 2663 1233 2734 μάθωμεν
1292 2665 1372 2714 ὅτι
1423 2668 1512 2715 καὶ
1564 2668 1772 2725 πένητες

158 2758 246 2805 καὶ
283 2752 552 2822 πλούσιοι,
603 2758 693 2805 καὶ
726 2749 905 2804 δοῦλοι
946 2757 1035 2804 καὶ
1074 2755 1247 2825 κύριοι
1276 2752 1773 2827 παραλαμϐάνονταί

158 2863 207 2895 τε
266 2848 357 2895 καὶ
442 2842 692 2915 ἀφίενται.
745 2848 984 2911 Δείκννσι
1055 2840 1113 2895 δὲ
1184 2845 1263 2896 ὅτι
1330 2840 1468 2915 μηδὲ
1524 2844 1767 2896 πλούσιοι

156 2935 347 2993 πάντες
404 2922 735 2999 ἀπόλλυνται,
786 2928 925 3005 μηδὲ
982 2928 1439 2995 πένητεςπάντες
1491 2934 1767 2994 σώζονται.

150 3022 312 3075 Ὀθεν
369 3027 456 3074 καὶ
510 3024 693 3093 ἐπάγει
727 3040 738 3052 ·
774 3029 1083 3097 Γρηγορεῖτε
1139 3019 1247 3091 οὖν,
1304 3024 1384 3075 ὅτι
1445 3023 1538 3075 οὐκ
1592 3021 1771 3075 οἴδατε

151 3118 289 3183 ποίᾳ
348 3114 455 3183 ὥρα
534 3114 797 3184 ὁΚύριος
873 3112 1014 3183 ὑμῶν
1090 3114 1324 3184 ἔρχεται.
1400 3114 1503 3171 Τὴν
1574 3115 1769 3184 ἡμέραν

152 3202 246 3254 οὐκ
336 3199 465 3267 εἶπε,
542 3200 860 3274 βουλόμενος
960 3200 1263 3274 ἐναγωνίους
1348 3202 1476 3253 εἶναι

150 3289 427 3351 διηνεκῶς.

220 3386 540 3454 Γρηγορεῖτε
583 3411 653 3420 —
707 3382 939 3455 ἔρχεται.
1002 3379 1061 3432 Ὀ
1116 3377 1174 3433 δὲ
1249 3382 1465 3455 Μάρκος
1522 3382 1765 3455 ἔγραψεν,

150 3472 497 3544 Ἀγρυπνεῖτε
582 3474 671 3521 καὶ
752 3472 1155 3544 προσεύχεσθε·
1211 3471 1304 3523 οὐκ
1386 3468 1564 3524 οἴδατε
1641 3477 1765 3526 πότε

146 3564 170 3613 ό
224 3565 408 3634 καιρός
467 3558 630 3625 ἐστιν,
686 3561 712 3611 ό
771 3567 866 3622 τῆς
944 3557 1183 3635 δέυτέρας
1264 3558 1506 3619 δηλονότι
1568 3581 1760 3637 παρου-

149 3657 264 3712 σίας
348 3650 531 3705 αὑτοῦ.
614 3649 965 3721 Ἐγρηγορσιν
1040 3646 1098 3703 δὲ
1156 3654 1242 3703 καὶ
1300 3649 1588 3724 ἀγρυπνίαν
1659 3656 1762 3705 νόεὶ

143 3748 215 3815 μὴ
272 3746 431 3813 μόνον
503 3744 600 3798 τὴν
664 3746 755 3791 τοῦ
841 3739 1003 3791 ὕπνου
1090 3738 1405 3813 ἐγκράτειαν,

139 3839 237 3889 τήν
288 3835 540 3883 παντοίαν
601 3834 879 3903 προσοχὴν
934 3848 988 3881 τε
1038 3835 1127 3882 καὶ
1184 3830 1434 3902 φυλακήν.
1496 3837 1632 3891 Φησὶ
1657 3836 1757 3907 γὰρ

139 3929 227 3975 καὶ
286 3924 312 3973 ὁ
368 3926 600 3980 Λουκᾶς·
684 3924 975 3993 Προσέχετε
1050 3920 1274 3983 ἑαυτοῖς,
1340 3926 1535 3993 μήποτε
1594 3922 1759 3997 βαρη-

143 4023 307 4073 θῶσιν
374 4013 520 4083 ὑμῶν
581 4012 635 4061 αἱ
686 4006 908 4084 καρδίαι
996 4009 1043 4062 ἐν
1114 4011 1398 4084 κραιπάλη,
1455 4018 1544 4065 καὶ
1602 4015 1755 4086 μέθῃ,

144 4110 229 4153 καὶ
290 4106 572 4177 μερίμναις
646 4098 942 4172 βιωτικαῖς,
1020 4104 1110 4152 καὶ
1184 4098 1436 4173 αἰφνίδιος
1508 4100 1581 4174 ἐφ’
1624 4105 1759 4174 ὑμᾶς

416 4193 448 4248 ἡ
510 4192 680 4265 ἡμέρα
747 4188 939 4248 ἕκείνη.
1029 4190 1115 4251 Ὠς
1195 4195 1353 4263 παγὶς
1398 4194 1499 4265 γὰρ
1555 4192 1759 4245 ἐπελεύ-

149 4302 289 4335 σεται
362 4281 451 4333 ἐπὶ
518 4282 716 4340 πάντας
780 4283 897 4339 τούς
942 4282 1266 4352 καθημένους
1348 4281 1430 4334 ἐπί
1478 4288 1757 4357 πρόσωπον

147 4377 323 4434 πάσης
375 4380 471 4432 τῆς
500 4378 621 4442 γῆς.
671 4370 785 4442 [Ὡς
830 4370 941 4441 (39)
974 4375 1135 4443 παγίς
1169 4374 1258 4443 μὲν
1293 4368 1388 4424 διὰ
1436 4376 1493 4425 τὸ
1519 4370 1758 4446 ἀσυμφα-

144 4468 217 4524 se;
261 4464 435 4523 αὐτῆς
496 4466 585 4513 καὶ
634 4459 943 4534 ἀπρόοπτον·
995 4466 1275 4536 πρόσωπον
1327 4458 1386 4515 δὲ
1439 4472 1534 4526 τῆς
1573 4465 1689 4536 γῆς]
1723 4466 1753 4523 ἡ

1491 3741 1617 3793 ἀλλὰ
1668 3747 1759 3794 καὶ
1810 3774 1813 3777 λ

1888 1944 1988 1994 tur
2027 1940 2095 2005 εδ,
2137 1954 2243 2010 per
2280 1954 2382 1994 eos
2422 1937 2525 2009 qui
2565 1937 2625 1992 in
2663 1935 2813 1993 lecto
2856 1941 2994 1993 sunt
3033 1937 3379 2008 signiﬁcans
3418 1939 3551 1997 illos

1886 2029 1989 2101 qui
2037 2029 2097 2085 in
2143 2028 2347 2101 requie
2396 2028 2622 2098 degunt
2674 2042 2685 2082 :
2742 2042 2849 2099 per
2897 2042 2997 2083 eas
3047 2032 3248 2084 autem
3300 2044 3437 2100 quas
3487 2030 3551 2088 in

1886 2118 2067 2186 mola,
2144 2134 2246 2174 eos
2318 2117 2422 2190 qui
2497 2115 2752 2172 adversa
2826 2108 3094 2173 tolerant.
3173 2117 3549 2177 Manifestum

1885 2213 1973 2265 est
2045 2223 2209 2278 ergo,
2280 2206 2445 2279 quod
2510 2204 2917 2262 diversimode
2986 2205 3103 2262 alio
3175 2211 3355 2281 atque
3430 2208 3549 2266 alio

1883 2303 2152 2370 tempore
2228 2297 2386 2353 dicta
2452 2295 2568 2351 sint
2636 2312 2649 2351 :
2719 2294 2887 2367 prius
2955 2294 3201 2367 quidem
3267 2312 3339 2355 ea
3412 2313 3547 2371 qua

1884 2388 2048 2460 apud
2100 2387 2345 2453 Lucam,
2388 2383 2778 2459 postmodum
2828 2398 2969 2441 vero
3008 2400 3144 2457 quia
3183 2385 3349 2459 apud
3404 2388 3552 2458 Matg

1882 2478 2130 2534 theeum.

1886 2633 1895 2642 .
1952 2588 1995 2657 -ὶ-
2025 2589 2250 2657 Agrum
2276 2584 2509 2642 vocavit
2548 2581 2869 2651 mundum.
2907 2581 3243 2641 Assumitur
3273 2599 3415 2656 ergo
3438 2585 3547 2659 qui

1883 2681 2167 2742 servatur,
2202 2676 2555 2748 relinquitur
2594 2672 2701 2747 qui
2741 2672 3201 2735 condemnatur.
3235 2662 3546 2735 Discamus

1879 2765 2059 2835 igitur
2089 2782 2159 2821 ex
2191 2766 2306 2821 hoc
2340 2763 2489 2829 loco,
2524 2763 2692 2836 quod
2731 2767 2788 2817 et
2815 2777 3111 2835 pauperes
3142 2768 3197 2821 et
3228 2766 3459 2837 divites,
3488 2770 3547 2826 et

1882 2855 2039 2911 servi
2057 2860 2112 2911 et
2130 2854 2357 2911 domini
2378 2856 2774 2910 assumuntur
2791 2866 2861 2907 ac
2882 2852 3318 2924 relinquuntur.
3341 2858 3546 2914 Osten-

1880 2944 1967 3000 dit
2007 2949 2206 3001 autem
2247 2944 2407 3016 quod
2447 2956 2819 2999 nec-omnes
2869 2941 3079 2998 divites
3119 2950 3388 3016 pereunt,
3430 2961 3543 3003 nec

1880 3049 2176 3106 pauperes
2218 3033 2526 3089 salvantur
2563 3044 2794 3087 omnes.
2851 3029 3014 3086 Unde
3054 3036 3108 3088 et
3148 3033 3542 3105 postmodum

1879 3124 1961 3179 ait
1995 3143 2005 3183 :
2054 3124 2302 3194 Vigilate
2330 3139 2469 3193 ergo
2500 3122 2642 3194 quia
2672 3118 2909 3175 nescitis
2929 3135 3049 3191 qua
3079 3122 3229 3179 hora
3253 3124 3541 3182 Dominus

1586 3203 1769 3263 αὐτοὺς
1803 3224 1846 3283 c
1880 3220 2065 3271 vester
2100 3214 2310 3270 veniet.
2346 3216 2471 3269 Non
2502 3210 2648 3266 dixit
2672 3207 2855 3278 diem,
2888 3209 3096 3268 volens
3128 3227 3232 3269 eos
3256 3212 3541 3273 continue

1878 3304 1951 3361 ad
1986 3308 2288 3360 certamen
2321 3319 2450 3359 esse
2482 3309 2749 3375 paratos.

1948 3393 2115 3449 Vers.
2151 3397 2238 3449 42.
2280 3394 2535 3463 Vigitate
2557 3426 2624 3435 —
2646 3400 2932 3452 venturus
2958 3391 3055 3448 sit.
3079 3394 3306 3449 Marcus
3335 3395 3539 3452 autem

1875 3485 2111 3557 scripsit
2144 3502 2156 3540 :
2203 3484 2454 3554 Vigilate
2483 3491 2539 3541 et
2591 3490 2757 3542 orate
2791 3501 2803 3539 :
2838 3483 3078 3541 nescitis
3109 3482 3262 3540 enim
3293 3484 3537 3557 quando

1875 3580 2102 3643 tempus
2128 3574 2203 3630 sit
2235 3577 2301 3639 ⁸⁷,
2340 3575 2585 3630 secundi
2620 3573 2895 3632 videlicet
2922 3573 3213 3629 adventus
3243 3573 3392 3645 ejus.
3427 3574 3539 3631 Per

1870 3663 2137 3733 vigiliam
2178 3668 2376 3720 autem
2416 3664 2541 3719 sive
2580 3664 2954 3735 vigilantiam
2984 3661 3243 3733 intellige
3281 3678 3404 3719 non
3444 3678 3537 3720 so-

1869 3752 1992 3809 lam
2032 3754 2221 3809 somni
2257 3753 2735 3826 temperantiam,
2776 3768 2989 3809 verum
3019 3752 3201 3808 etiam
3239 3752 3538 3810 omnimo-

1870 3844 2013 3899 dam
2054 3844 2442 3899 attentionem
2475 3847 2530 3900 et
2560 3842 2919 3900 custodiam.
2963 3841 3112 3898 Dicit
3140 3841 3301 3898 enim
3334 3846 3390 3899 et
3426 3843 3537 3900 Lu-

1871 3949 1994 3989 cas:
2016 3934 2063 3987 A
2076 3932 2323 3989 ttendite
2338 3933 2497 3989 vobis
2514 3934 2660 4001 ipsis
2678 3931 2995 4003 nequando
3006 3937 3339 4001 graventur
3351 3932 3537 3990 corda

1869 4028 2065 4078 vestra
2092 4022 2369 4089 crapula,
2400 4028 2452 4077 et
2475 4020 2778 4085 ebrietate,
2813 4035 2884 4076 ac
2905 4019 3066 4075 curis
3088 4020 3271 4090 hujus
3299 4021 3450 4088 vitae,
3480 4029 3535 4079 et

1868 4111 2210 4179 repentinus
2247 4111 2634 4180 superveniat
2672 4109 2833 4166 vobis
2884 4109 3008 4165 dies
3048 4109 3170 4166 ille.
3221 4111 3534 4183 Tanquam

1870 4201 2114 4271 laqueus
2136 4200 2290 4255 enim
2313 4198 2682 4268 superveniet
2707 4199 2770 4252 in
2792 4211 2990 4253 omnes
3010 4197 3115 4268 qui
3134 4197 3337 4253 sedent
3355 4214 3536 4269 super

1863 4289 2080 4361 faciem
2114 4291 2406 4345 universae
2439 4294 2619 4345 terra:
2650 4287 2719 4345 ⁵⁸.
2760 4288 3074 4358 Tanquam
3104 4286 3358 4358 laqueus
3387 4304 3532 4347 sane

1867 4383 2111 4451 propter
2148 4393 2270 4433 non
2297 4376 2713 4450 apparentiam
2742 4380 2800 4431 et
2837 4375 3530 4447 imprasmeditationem.

1868 4468 2068 4523 Facies
2098 4472 2297 4522 autem
2325 4472 2492 4523 terras
2535 4470 2623 4522 est
2660 4464 3006 4538 superﬁcies
3046 4469 3104 4521 et
3130 4465 3429 4538 apparitio
3458 4465 3534 4523 il-

147 4555 418 4625 émp'bsm
481 4550 663 4612 αὐτῆς·
729 4552 1012 4622 καθήμενοι
1062 4547 1121 4603 δὲ
1184 4554 1231 4603 οὶ
1292 4548 1575 4625 διάγοντες.
1632 4551 1758 4607 Εἶτα

1883 4558 1999 4612 ius.
2046 4556 2329 4612 Sedentes
2371 4571 2512 4612 vero
2554 4560 2695 4610 sunt
2733 4555 3014 4620 viventes,
3058 4559 3162 4612 aut
3198 4556 3260 4611 in
3302 4556 3534 4616 mundo

144 4642 273 4714 Lais,
320 4646 418 4693 καὶ
486 4646 603 4715 περὶ
664 4648 757 4702 τῆς
811 4650 1139 4713 προσευχῆς,
1201 4644 1279 4694 ὅτι
1338 4643 1671 4715 Ἀγρυπνείτε
1710 4644 1757 4697 ἐν

148 4738 296 4785 παντὶ
376 4739 548 4805 καιρῷ
642 4727 893 4802 δεόμενοι,
982 4731 1064 4781 ἵνα
1170 4731 1526 4796 καταξιωθῆτε
1609 4734 1758 4807 ἐκφυ-

147 4831 246 4891 γείν
306 4824 483 4875 πάντα
571 4822 637 4872 τὰ
700 4819 944 4893 μελλοντα
1034 4823 1275 4892 γενέσθαι
1347 4822 1482 4895 (40),
1554 4821 1756 4885 δηλαδὴ

147 4916 282 4987 παρὰ
307 4921 413 4965 τῶν
444 4910 668 4978 πλάνων,
700 4913 792 4962 καὶ
824 4910 923 4962 ὅσα
951 4906 1116 4965 δεινά.

211 5184 258 5219 ⁸⁸
284 5183 430 5241 Luc.
463 5197 606 5267 xvu.
637 5182 725 5238 34.
827 5180 886 5271 ’⁵⁷
918 5181 1090 5242 Marc.
1118 5196 1241 5255 xm,
1272 5183 1359 5242 33.

1475 5185 1523 5222 68
1549 5184 1691 5244 Luc.
1712 5201 1836 5259 xxi,
1862 5187 2053 5259 34,35.

1868 4648 2174 4715 degentes.
2204 4645 2427 4702 Deinde
2453 4645 2597 4701 dicit
2624 4645 2805 4701 etiam
2832 4645 2906 4701 de
2932 4646 3201 4702 oratione
3231 4666 3246 4702 :
3283 4646 3537 4719 Vigilate

1869 4737 2032 4793 omni
2071 4742 2347 4805 tempore,
2370 4741 2683 4806 precantes
2716 4741 2778 4790 ut
2818 4735 2990 4806 digni
3025 4736 3366 4793 habeamini
3384 4739 3537 4808 effu-

1871 4842 2009 4897 gere
2055 4829 2254 4882 omnia
2308 4825 2433 4881 haec
2481 4839 2612 4898 qum
2662 4830 2918 4882 ventura
2964 4830 3103 4882 sunt
3153 4828 3222 4891 σθ,
3274 4842 3312 4883 a
3359 4827 3537 4885 sedu-

1875 4915 2140 4972 ctoribus
2182 4914 2477 4982 videlicet,
2530 4918 2587 4972 et
2634 4930 3013 4988 quascunque
3062 4915 3180 4974 alia
3225 4918 3399 4974 erunt
3434 4932 3536 4989 pe-

1875 5005 2084 5062 ricula.
2907 5002 2917 5012 '

2175 5188 2222 5225 ⁶⁰
2246 5185 2389 5245 ibid.
2423 5188 2513 5245 36.

1381 5366 1605 5439 Variae
1634 5367 1961 5439 lectiones
1978 5377 2045 5439 et
2072 5377 2276 5439 notae.

207 5562 316 5634 (37)
354 5562 436 5629 Ὀ,
476 5565 616 5643 ante
642 5559 758 5643 ⁹εἷς,
802 5566 860 5643 et
910 5564 966 5643 ἡ,
999 5567 1133 5643 apte
1154 5564 1274 5637 μίᾶ,
1329 5565 1548 5625 omittit
1577 5567 1758 5627 etiam

144 5638 385 5692 uterque
416 5636 607 5689 codex
638 5636 698 5688 in
730 5637 1005 5691 contextu
1031 5636 1225 5692 Lucae.

208 5706 323 5775 (38)
347 5708 480 5762 Haec
492 5710 704 5780 neuter
716 5720 989 5764 meorum
1007 5708 1297 5780 agnoscit.
1318 5709 1483 5767 Unde
1505 5712 1759 5780 repetita

148 5785 346 5851 essent,
364 5778 626 5855 reperire
642 5792 773 5836 non
792 5779 979 5857 potui.
999 5778 1242 5841 Interim
1260 5797 1402 5857 ergo
1424 5778 1757 5858 ipseGraece

1866 5568 2123 5626 reddidi.

1940 5642 2032 5703 (39
2092 5640 2328 5698 Inclusa
2367 5636 2715 5697 exciderunt
2744 5634 2817 5692 A.

1940 5642 2055 5786 (4οζ
2095 5714 2262 5786 apud
2302 5714 2523 5774 Lucam
2548 5710 2786 5786 γίνεσθαι

1939 5705 2053 5787 (40)
2095 5714 2262 5788 apud
2302 5714 2523 5774 Lucam
2548 5710 2786 5787 γίνεσθαι
2826 5705 3010 5771 habet
3040 5708 3311 5787 uterque.
