4096 6376
560 354 666 417 627

559 575 772 633 dicitur
795 578 1011 647 quarta
1040 589 1182 647 pars
1215 571 1426 639 noctis,
1478 572 1657 642 prout
1687 567 1867 623 etiam
1899 565 2043 622 alibi
2072 563 2219 620 dixi-

560 682 720 722 mus.
752 664 1100 721 Parabolice
1133 666 1333 719 autem
1359 676 1520 717 nunc
1550 658 1710 723 dicit,
1735 656 1902 729 quod
1934 655 1980 711 si
2012 654 2220 710 scisset

558 755 745 812 homo
784 770 906 827 quo
949 758 1217 827 tempore
1256 752 1393 807 ﬁnis
1433 750 1562 805 vitae
1605 764 1727 803 suae
1770 748 2003 802 futurus
2042 747 2216 809 esset,

560 845 766 917 utique
786 844 942 901 circa
966 843 1113 899 illud
1140 848 1376 915 tempus
1392 839 1717 910 vigilasset,
1750 842 1806 893 et
1831 848 2220 908 nequaquam

559 935 815 1008 periiset.
852 934 966 990 Sed
992 938 1307 1005 propterea
1349 934 1405 987 et
1435 943 1824 986 communem
1857 925 2131 982 omnium
2156 921 2221 978 ﬁ-

558 1040 721 1089 nem,
751 1028 808 1080 et
835 1039 973 1080 eum
999 1022 1103 1096 qui
1131 1022 1341 1094 cuique
1370 1018 1650 1093 proprius
1670 1021 1778 1081 est,
1811 1016 1944 1073 fecit
1975 1017 2129 1071 Deus
2158 1015 2223 1070 ut

560 1113 922 1185 ignorarent,
953 1129 1028 1170 ne
1059 1112 1136 1169 ad
1174 1112 1323 1168 illud
1380 1110 1577 1166 solum
1608 1113 1843 1180 tempus
1885 1106 2218 1175 vigilarent,

561 1205 725 1261 omni
746 1203 975 1276 reliquo
1008 1203 1165 1259 male
1190 1202 1455 1257 viventes
1488 1217 1501 1254 :
1534 1198 1638 1255 sed
1670 1202 1751 1264 ut,
1800 1214 1936 1253 cum
1968 1197 2222 1252 incertus

559 1294 633 1350 sit
666 1294 819 1360 ﬁnis,
854 1308 1093 1366 semper
1130 1292 1301 1348 illum
1336 1292 1695 1365 exspectent,
1733 1303 1970 1361 semper
1999 1286 2115 1343 sint
2144 1283 2224 1342 ad

558 1389 862 1443 certamen
887 1383 1107 1457 parati.

636 1584 802 1639 Vers.
834 1585 923 1639 44.
964 1582 1104 1639 Ideo
1160 1611 1229 1622 —
1274 1585 1559 1637 venturus
1616 1582 1718 1634 est.
1775 1576 1927 1633 Ideo.
1982 1573 2226 1641 Quare?

567 1673 719 1740 Quia
742 1677 980 1744 tempus
1001 1671 1311 1742 ignoratis.
1345 1670 1409 1725 In
1437 1668 1755 1725 universali
1785 1664 2077 1739 siquidem
2106 1664 2226 1720 ﬁne

565 1762 776 1819 mundi
802 1761 1189 1819 manifestum
1213 1764 1320 1827 est,
1364 1760 1523 1833 quod
1558 1757 1847 1815 Dominus
1888 1755 2104 1811 veniet.
2146 1755 2226 1810 De

1884 340 2239 404 EUTHYMII
2280 337 2613 399 ZIGABENI

628 485 793 541 Vers.
833 485 923 541 43.
968 481 1131 540 Illud
1175 510 1245 525 -
1294 494 1485 537 suam.
1542 474 1750 548 Vigilia
1788 474 1909 532 sive
1948 472 2219 531 custodia

2399 466 2591 524 Ἐκεῖνο
2642 500 2714 513 -
2769 470 2951 528 αὐτοῦ.

3829 340 3937 400 628

3052 468 3256 529 Φυλακὴ
3339 467 3574 523 καλεῖται
3633 470 3692 523 τὸ
3750 490 3936 546 τεταρ-

2329 565 2577 634 τημόριον
2630 569 2723 625 τῆς
2770 566 2975 633 νυκτὸς,
3045 563 3110 624 ὡς
3161 565 3251 615 καὶ
3304 560 3353 615 ἓν
3414 559 3590 623 ἄλλοις
3636 560 3931 637 εἰρήκαμεν.

2331 650 2696 725 Παραϐολικῶς
2771 650 2831 707 δέ
2911 673 3042 720 φησι
3088 660 3198 723 νῦν,
3266 653 3362 724 ὅτι,
3444 653 3527 705 ἑὰν
3589 650 3862 724 ἐγίνωσκεν
3910 653 3937 707 ό

2329 741 2599 815 ἅνθρωπος
2664 741 2712 795 ἓν
2769 747 2900 817 ποίῳ
2956 750 3123 818 καιρῷ
3202 751 3298 807 τῆς
3360 742 3496 805 ζωῆς
3553 740 3713 795 αὑτοῦ
3761 745 3818 794 τό
3860 746 3937 796 τι.

2328 831 2410 892 λος
2454 834 2687 905 ἔρχεται,
2758 831 3113 907 ἐγρηγόρησεν
3168 832 3228 885 ἄν
3274 831 3389 885 κατ’
3434 830 3621 886 ἐκεῖνον
3669 835 3757 885 τόν
3816 852 3937 886 και-

2328 924 2437 997 ρόν,
2467 926 2555 974 καὶ
2594 922 2689 975 ούκ
2743 923 2804 975 ἄν
2856 922 3107 977 ἀπώλετο.
3163 921 3321 977 ’Δλλά
3370 917 3465 975 διά
3534 929 3687 976 τοῦτο
3738 926 3829 976 καὶ
3877 926 3934 977 τὸ

2328 1012 2497 1063 κοινὸν
2544 1013 2749 1065 πάντων
2818 1012 2979 1080 τέλος,
3042 1016 3131 1066 καὶ
3184 1015 3241 1066 τὸ
3291 1008 3428 1067 ἴδιον
3476 1011 3697 1067 ἑκάστου
3745 1017 3935 1067 πεποί-

2330 1120 2450 1159 ηκεν
2495 1100 2830 1177 ἀγνοούμενον
2861 1106 2887 1157 ὁ
2945 1107 3094 1170 Θεὸς,
3132 1104 3215 1157 ἵνα
3268 1107 3340 1176 μὴ
3373 1102 3486 1157 κατ’
3536 1100 3721 1156 ἐκεῖνον
3782 1108 3937 1177 μόνον

2332 1194 2417 1244 τὸν
2495 1196 2676 1269 καιρόν
2747 1199 2971 1267 νήφωσι,
3067 1198 3153 1247 τὸν
3238 1192 3387 1247 ἄλλον
3462 1192 3666 1246 ἅπαντα
3763 1203 3941 1259 κακῶς

2336 1280 2589 1355 βιοῦντες·
2648 1281 2755 1335 ἀλλ’
2796 1284 2896 1356 ἵνα,
2947 1292 3039 1337 τοῦ
3079 1283 3253 1347 τελους
3310 1279 3510 1341 ἀδήλου
3557 1283 3937 1356 τυγχάνοντος,

2335 1370 2581 1425 ἑκάστοτε
2627 1380 2778 1426 τοῦτο
2816 1370 3231 1449 προσδοκῶντες,
3278 1372 3523 1428 ἑκάστοτε
3580 1372 3706 1427 ὦσιν
3752 1371 3940 1448 ἕναγὼ-

2334 1482 2453 1519 νιοι.

2407 1572 2503 1625 Διά
2529 1577 2685 1624 τοῦτο
2738 1603 2808 1613 -
2862 1575 3095 1646 ἔρχεται.
3152 1572 3247 1625 Διά
3270 1577 3445 1640 τοῦτο,
3500 1580 3686 1641 ποῖον;
3745 1574 3845 1628 Διά
3885 1575 3943 1628 τό

2335 1665 2407 1735 μὴ
2442 1658 2633 1715 εἰδέναι
2680 1665 2767 1715 τόν
2813 1667 3014 1737 καιρόν.
3076 1662 3156 1717 Ἐν
3213 1665 3304 1737 μὶν
3370 1660 3459 1715 οὖν
3507 1671 3580 1736 τῷ
3625 1670 3944 1739 παγκοσμίῳ

2333 1751 2463 1804 τελει
2535 1755 2747 1826 φανερόν
2799 1752 2879 1805 ὅτι
2931 1754 2956 1805 ό
3012 1755 3199 1829 Κύριος
3268 1755 3500 1827 ἔρχεταιο
3564 1758 3682 1828 περὶ
3744 1750 3807 1808 δε
3853 1761 3945 1808 τοῦ

563 1852 807 1924 proprio
860 1855 1060 1909 autem
1119 1850 1237 1906 line
1288 1832 1495 1906 dicunt
1544 1848 1814 1921 quidam,
1855 1845 2019 1919 quod
2074 1860 2220 1901 uno-

2350 1839 2514 1895 ἱδικοῦ
2578 1846 2708 1904 τινες
2769 1846 2858 1916 μέν
2910 1862 3067 1916 φασιν
3145 1845 3242 1910 ὅτι,
3319 1842 3543 1897 ἑκάστου
3617 1852 3944 1918 Χριστιανοῦ

563 1956 803 2014 quoque
854 1941 1188 1997 Christiano
1227 1940 1517 1996 moriente
1554 1938 1723 1995 adest
1760 1936 2049 1992 Dominus
2087 1950 2227 1990 cum

564 2032 785 2087 sanctis
841 2029 1071 2102 angelis
1118 2028 1409 2102 :quando
1467 2028 1649 2084 etiam
1686 2025 1981 2083 rationem
2035 2022 2231 2080 reddit

565 2120 790 2177 anima.
826 2120 1085 2186 Quidam
1139 2134 1278 2175 vero
1328 2118 1645 2174 adventum
1683 2116 1992 2189 proprium
2047 2112 2225 2181 illius,

567 2211 775 2267 dicunt
821 2210 1143 2283 imperium
1204 2209 1335 2282 ejus
1389 2224 1512 2280 quo
1554 2206 1725 2278 jubet
1780 2210 1845 2262 ut
1884 2204 2089 2262 anima
2143 2219 2231 2261 se-

566 2305 827 2373 paretur.
886 2299 1036 2367 Quia
1101 2302 1304 2356 autem
1360 2298 1421 2354 in
1504 2296 1685 2353 futuri
1747 2295 1957 2369 judicii
2004 2309 2231 2351 memo-

566 2392 717 2448 riam
764 2390 992 2459 incidit,
1027 2389 1105 2447 ad
1141 2393 1541 2463 praeceptores
1579 2386 1860 2445 convertit
1890 2400 2231 2443 sermonem

568 2485 627 2538 et
652 2480 793 2537 dicit
821 2496 836 2537 :

639 2590 802 2645 Vers.
860 2589 948 2645 45.
986 2584 1272 2655 Quisnam
1302 2617 1372 2627 —
1420 2590 1698 2656 tempat'e.
1741 2582 2121 2641 Famulitium
2151 2580 2233 2637 di-

570 2677 647 2735 cit
673 2677 836 2751 ipsos
861 2676 1124 2734 famulos
1152 2691 1222 2733 ac
1249 2675 1347 2733 Dei
1380 2690 1621 2743 servos;
1650 2674 1853 2732 cibum
1886 2676 2107 2739 autem,
2136 2686 2229 2731 ra-

572 2765 855 2825 tionalem
898 2766 1259 2826 doctrinam.

644 2878 815 2936 Vers.
867 2877 955 2935 46.
1012 2876 1218 2935 Beatus
1265 2905 1337 2919 -—
1387 2873 1473 2933 sic
1525 2874 1850 2948 facientem.
1910 2872 2023 2941 Sic,
2077 2872 2231 2933 sicut

565 2968 776 3044 jussit.

639 3081 804 3134 Vers.
838 3080 927 3134 47.
956 3076 1149 3134 Amen
1174 3107 1241 3117 —
1268 3090 1422 3134 eum.
1472 3075 1539 3132 In
1589 3090 1883 3147 magnum
1937 3073 2231 3132 honorem

569 3168 885 3227 constituet
910 3184 1071 3240 eum,
1098 3170 1163 3225 ut
1190 3166 1366 3225 bonis
1393 3166 1518 3223 suis
1559 3166 1813 3238 dignum
1835 3165 2011 3223 ducat
2038 3165 2230 3230 illum.

2350 3174 2532 3229 στήσει
2587 3172 2766 3244 τιμὴν,
2862 3178 2961 3224 τῶν

567 3262 651 3317 Tu
688 3275 826 3316 vero
864 3258 1211 3332 hujusmodi
1258 3273 1333 3315 ne
1370 3256 1620 3325 ulterius
1660 3257 1890 3314 curiose
1932 3258 2230 3314 scruteris.

569 3350 927 3410 Parabolica
950 3364 1211 3420 namque
1240 3348 1322 3405 ita
1344 3346 1822 3417 tractandasunt,
1850 3347 2028 3421 quasi
2052 3348 2233 3420 signi-

569 3438 805 3497 ﬁcantia
844 3438 1038 3495 solum
1068 3454 1291 3511 eaquae
1331 3437 1679 3494 necessaria
1707 3440 1868 3495 sunt.

642 3528 787 3585 Vide
821 3533 1025 3585 autem
1054 3527 1221 3600 quod
1250 3528 1368 3583 duo
1392 3527 1521 3583 haec
1550 3525 1766 3583 habere
1794 3530 2061 3601 oporteat
2096 3544 2235 3589 eum

574 3618 679 3692 qui
704 3617 1053 3691 praepositus
1079 3621 1167 3673 est
1199 3633 1210 3671 :
1236 3621 1383 3690 puta
1412 3616 1616 3684 ﬁdem,
1641 3632 1715 3673 ne
1746 3618 1996 3674 retineat
2017 3635 2085 3675 ea
2103 3636 2235 3693 quas

574 3711 715 3764 sunt
739 3722 1185 3774 conservorum,
1218 3705 1620 3763 autinutiliter
1644 3712 1999 3765 consumat:
2029 3715 2085 3766 et
2106 3726 2235 3783 pru-

575 3796 863 3863 dentiam,
893 3802 958 3853 ut
981 3797 1254 3853 decenter
1309 3812 1380 3853 ea
1405 3796 1649 3866 dividat,
1695 3813 1825 3871 quas
1879 3798 1991 3855 sibi
2025 3798 2235 3859 tradita

578 3890 736 3952 sunt,
789 3890 846 3943 et
896 3902 1034 3943 cum
1078 3885 1310 3959 judicio
1368 3888 1490 3943 tam
1538 3886 1598 3942 in
1629 3887 1928 3960 qualitate,
1962 3905 2149 3961 quam
2171 3890 2232 3947 in

576 3976 930 4050 quantitate.
987 3976 1271 4034 Convenit
1329 3980 1529 4034 autem
1580 3975 1680 4034 hic
1728 3993 1923 4035 sermo
1973 3995 2096 4036 non
2140 3979 2233 4037 his

577 4070 795 4125 tantum
825 4067 929 4141 qui
954 4067 1165 4124 divites
1194 4071 1333 4125 sunt
1353 4068 1412 4124 in
1444 4082 1740 4136 sermone,
1770 4069 1875 4126 sed
1905 4075 1961 4125 et
2010 4069 2099 4126 his
2129 4070 2233 4143 qui

576 4158 847 4232 pecuniis
897 4174 968 4217 ac
1020 4157 1514 4231 possessionibus
1554 4158 1767 4215 divites
1813 4163 1970 4216 sunt.
2015 4162 2234 4218 Omnes

574 4248 735 4305 enim
796 4247 1104 4305 constituit
1152 4250 1308 4305 Deus
1355 4248 1800 4321 dispensatores
1846 4265 2050 4307 eorum
2098 4266 2233 4324 qum

574 4338 901 4411 possident,
931 4337 1142 4396 volens
1189 4340 1250 4394 ut
1277 4353 1487 4395 omnes
1526 4338 1777 4397 ﬁdeliter
1814 4355 1884 4397 ac
1915 4340 2235 4413 prudenter

575 4431 789 4485 cuncta
816 4428 1107 4485 dividant.
1142 4427 1428 4485 Praeterea
1464 4428 1577 4485 illis
1610 4446 1848 4504 quoque
1874 4435 2113 4504 aptatur
2141 4430 2234 4487 hic

2336 1932 2689 2001 τελευτῶντος,
2739 1938 3081 2006 παραγίνεται
3133 1935 3265 2006 μετά
3315 1942 3415 1987 τῶν
3464 1934 3623 2007 ἁγίων
3687 1934 3940 2008 ἀγγέλων,

2338 2024 2421 2075 ὅτε
2449 2027 2539 2075 καὶ
2562 2022 2911 2095 λογοθετείται
2962 2024 2991 2082 ἠ
3040 2022 3195 2095 ψυχή
3228 2026 3362 2087 τινες
3411 2020 3470 2077 δε
3506 2024 3705 2078 ἕλευσιν
3770 2022 3943 2085 ὶδεκὴν

2339 2112 2500 2165 αύτοῦ
2551 2110 2765 2184 λέγουσι
2847 2117 2941 2172 τὴν
3009 2112 3243 2167 κελευσιν
3329 2121 3421 2167 τοῦ
3503 2122 3790 2188 χωρισμοῦ
3853 2122 3947 2177 τῆς

2338 2201 2540 2275 ψυχῆς.
2584 2202 2725 2255 Ἐπεὶ
2762 2198 2820 2256 δὶ
2858 2201 3037 2256 λοιπόν
3101 2203 3174 2266 εἰς
3208 2208 3301 2262 τὴν
3348 2212 3441 2266 τῆς
3484 2203 3775 2277 μελλούσης
3824 2210 3944 2279 κρί-

2342 2310 2469 2355 σεως
2502 2290 2699 2346 ἐνέϐαλε
2758 2296 2988 2366 μνήμην,
3044 2296 3176 2367 πρὸς
3235 2298 3360 2359 τοὺς
3417 2290 3779 2357 διδασκάλους
3827 2298 3945 2375 τρί-

2337 2401 2423 2437 πει
2452 2384 2538 2435 τόν
2567 2381 2738 2457 λόγον,
2780 2387 2870 2435 καί
2900 2399 3051 2459 φησι·

2409 2619 2497 2679 Τίς
2554 2647 2623 2658 —
2672 2623 2861 2693 καιρῷ.
2935 2618 3225 2693 Θεραπείαν
3420 2616 3555 2693 λέγει
3610 2621 3731 2685 τοὺς
3800 2620 3949 2698 θερά-

2338 2726 2546 2775 ποντας,
2600 2709 2719 2771 τοὺς
2789 2703 3009 2771 δούλους
3081 2714 3173 2761 τοῦ
3251 2712 3399 2781 Θεοῦ,
3479 2713 3672 2787 τροφὴν
3748 2707 3811 2767 δε
3863 2715 3950 2773 τὴν

2338 2796 2575 2871 λογικὴν,
2600 2800 2694 2858 τὴν
2724 2793 3137 2858 διδασκαλικὴν.

2412 2889 2687 2967 Μακάριος
2731 2919 2801 2930 -
2866 2896 3119 2945 ποιοῦντα
3170 2889 3352 2954 οὕτως.
3412 2888 3610 2961 Οὕτως,
3647 2891 3719 2957 ὧς
3773 2912 3949 2970 προσ-

2342 2981 2495 3054 ετάγη
2505 3020 2521 3038 .

2410 3080 2580 3152 Ἀμήν
2621 3110 2691 3120 -
2738 3078 2913 3136 αὐτόν.
2958 3081 3072 3153 (41)
3131 3080 3223 3144 Εἰς
3276 3082 3504 3155 μεγάλην
3556 3087 3737 3137 τοῦτον
3789 3102 3951 3137 καταο

3076 3169 3284 3244 ἀγαθῶν
3358 3170 3541 3227 εαυτοῦ
3638 3172 3950 3237 καταξιώσει

2343 3259 2518 3315 αύτόν.
2577 3262 2643 3313 Σύ
2695 3256 2755 3313 δί
2811 3256 2976 3333 μηδεν
3038 3258 3121 3313 επὶ
3203 3268 3303 3313 τῶν
3360 3263 3605 3315 τοιούτων
3662 3266 3951 3339 περαιτέρω

2341 3350 2781 3426 πολυπραγμόνει.
2840 3352 2918 3404 Τά
2972 3348 3300 3425 παραϐολικά
3350 3354 3475 3429 γὰρ,
3549 3355 3618 3417 ὡς
3668 3351 3952 3428 ἕμφαντικά

2343 3444 2507 3515 μόνων
2537 3449 2635 3495 τῶν
2664 3439 2981 3513 ἀναγκαίων,
3002 3445 3449 3517 μεταχειριστέον.

2412 3530 2551 3606 Ὀρα
2609 3528 2669 3585 δε
2715 3532 2794 3585 ὃτι
2844 3526 2941 3584 δύο
3009 3538 3175 3586 ταῦτα
3232 3536 3341 3608 χρὴ
3425 3534 3512 3585 τόν
3570 3535 3954 3608 προῖστάμενον

2343 3624 2504 3695 ἔχειν,
2546 3625 2747 3690 πίστιν,
2802 3621 2937 3675 ὥστε
2985 3626 3056 3695 μὴ
3114 3625 3499 3697 παροκατὲχειν
3555 3625 3623 3677 τά
3677 3631 3777 3677 τῶν
3839 3644 3956 3679 συν-

2345 3708 2565 3777 δούλων,
2633 3714 2663 3770 ἤ
2728 3714 2897 3784 μάτην
2989 3711 3413 3785 παραναλίσκειν·
3497 3718 3588 3767 καὶ
3681 3717 3955 3787 φρόνησιν,

2343 3803 2477 3856 ὥστε
2532 3806 2826 3875 πρεπόντως
2883 3798 3143 3875 διανέμειν
3227 3805 3295 3856 τά
3356 3801 3810 3879 ἐγκεχειρισμένα,
3869 3808 3959 3857 καὶ

2342 3895 2472 3967 μετά
2552 3888 2869 3967 διακρίσεως
2930 3895 2977 3946 ἔν
3052 3912 3105 3946 τι
3181 3898 3427 3953 ποιότητι
3501 3898 3591 3947 καὶ
3675 3897 3958 3955 ποσότητι.

2340 3982 2584 4058 Ἀρμόζει
2635 3979 2694 4037 δε
2750 3984 2777 4036 ὁ
2825 3983 2970 4056 λόγος
3011 3982 3161 4047 οὗτος
3217 3983 3275 4037 ού
3331 3988 3484 4057 μόνον
3523 3989 3633 4047 τοῖς
3684 3984 3959 4047 πλουσίοις

2344 4074 2411 4136 εἰς
2458 4074 2633 4146 λόγον,
2722 4071 2851 4126 ἀλλὰ
2901 4077 2991 4127 καὶ
3048 4080 3158 4137 τοῖς
3225 4073 3499 4138 πλουσίοις
3551 4073 3619 4138 εἰς
3673 4080 3955 4151 χρήματα.

2344 4165 2549 4226 Πάντας
2596 4163 2710 4236 (42)
2757 4165 2859 4239 γὰρ
2914 4165 3233 4238 οἰκονόμους,
3282 4164 3350 4217 ὧν
3388 4164 3720 4241 εὐποροῦσιν,
3767 4164 3793 4218 ὀ
3825 4167 3958 4229 ese;

2341 4258 2653 4323 κατέστησε,
2706 4257 2796 4306 καὶ
2828 4252 3074 4327 βούλεται
3126 4255 3324 4318 πάντας
3373 4262 3574 4317 πιστῶς
3630 4257 3720 4307 καὶ
3774 4258 3957 4328 φρονι-

2340 4366 2451 4418 μως
2496 4346 2665 4398 πάντα
2717 4339 2752 4397 δ
2759 4347 3005 4417 ιανέμειν.
3046 4342 3207 4399 Ἀλλά
3251 4348 3341 4398 καὶ
3392 4350 3501 4408 τοῖς
3545 4346 3814 4405 ἡντιναοῦν
3861 4341 3956 4418 ἀρ-

2341 4439 2449 4507 χὴν
2480 4432 2950 4511 ἐγκεχειρισμένοις
2998 4435 3024 4487 ὁ
3074 4433 3222 4506 λόγος
3277 4437 3349 4487 ἔτι
3390 4438 3667 4508 προσήκει.
3724 4438 3806 4487 Δεί
3848 4434 3953 4509 γάρ

576 4532 796 4586 sermo,
823 4518 927 4590 qui
947 4517 1346 4590 principatum
1380 4534 1806 4593 quemcunque
1838 4524 2229 4593 acceperunt;

2350 4528 2433 4577 καὶ
2486 4526 2703 4586 τούτους
2766 4528 2838 4598 μὴ
2888 4526 3017 4599 πρὸς
3091 4520 3231 4577 ίδίαν
3301 4526 3497 4579 εύνοιᾶν
3578 4528 3609 4584 ἦ
3667 4522 3955 4597 ἀπέχθειαν

577 4610 813 4679 oportet
858 4608 1017 4663 enim
1074 4610 1132 4663 et
1176 4607 1341 4680 ipsos
1394 4624 1517 4665 non
1560 4609 1731 4681 juxta
1785 4609 2086 4682 propriam
2128 4609 2237 4666 be-

576 4696 981 4754 nevolentiam
1022 4700 1126 4754 aut
1175 4698 1551 4777 inimicitiam
1605 4698 1991 4757 administare
2048 4700 2235 4772 (quod

576 4786 804 4845 fraudis
833 4791 925 4846 est
955 4791 1014 4845 et
1039 4787 1446 4862 inﬁdelitatis),
1480 4804 1676 4861 neque
1711 4788 1884 4847 stulte
1933 4794 1990 4848 et
2014 4790 2237 4865 impru-

573 4877 802 4935 denter.

647 4971 807 5026 Vers.
847 4969 940 5027 48.
974 4969 1274 5039 Quodsi—
1299 4972 1460 5027 Vers.
1488 4969 1572 5026 50.
1605 4970 1863 5041 ignorat.
1900 4972 2115 5030 Servus
2140 4972 2237 5032 ille

575 5061 795 5131 malus,
823 5060 929 5133 qui
976 5058 1250 5117 videlicet
1279 5075 1310 5116 e
1350 5059 1585 5118 diverso
1618 5059 1875 5119 inﬁdelis
1909 5065 1965 5120 et
2006 5063 2232 5137 impru-

574 5149 724 5207 dens
746 5149 953 5218 evasit,
994 5149 1044 5206 si
1075 5153 1293 5223 putans
1325 5150 1591 5208 cunctari
1622 5150 1937 5210 dominum
1961 5170 2137 5212 suum
2163 5169 2235 5214 eo

574 5240 742 5315 quod
822 5239 984 5297 diem
1032 5239 1272 5312 ignorat
1319 5246 1374 5299 et
1429 5241 1666 5308 horam,
1724 5247 1786 5300 ut
1837 5243 2060 5303 dictum
2124 5250 2228 5315 est,

2347 4609 2583 4680 διοικεῖν,
2645 4615 2764 4691 ὅπερ
2826 4613 2937 4667 ἐστὶ
2993 4622 3287 4689 νοσφισμοῦ
3345 4619 3434 4669 καὶ
3501 4613 3764 4681 ἀπιστίας,
3815 4610 3958 4688 μηδὲ

2349 4701 2575 4781 ἀφρόνως
2604 4709 2695 4759 καὶ
2725 4703 3003 4769 ἀσυνέτως.

2417 4974 2539 5031 Ἐὰν
2594 4970 2653 5029 δί
2707 5004 2777 5019 -
2829 4977 3092 5047 γινώσκει.
3148 4973 3207 5029 Ὀ
3273 4975 3433 5040 κακὸς
3505 4970 3693 5040 δοῦλος
3746 4973 3959 5044 ἕκεῖνος,

2346 5067 2372 5121 ὁ
2418 5065 2713 5121 τούναντίον
2760 5066 2984 5129 ἄπιστος
3034 5070 3124 5120 καὶ
3180 5063 3353 5141 ἃφρων
3418 5063 3639 5134 ἀποϐὰς,
3703 5063 3807 5134 ὶάν,
3856 5065 3964 5121 οἰό-

2343 5177 2488 5231 μενος
2528 5152 2812 5232 βραδύνειν
2872 5158 2960 5210 τὸν
3014 5157 3204 5233 Κύριον
3262 5155 3443 5227 αὐτοῦ,
3503 5152 3599 5212 διά
3644 5157 3704 5211 τὸ
3760 5154 3965 5230 ἁγνοεῖν

2346 5251 2438 5308 τὴν
2494 5249 2713 5325 ἡμέραν,
2778 5248 2847 5310 ὡς
2904 5248 3129 5324 εἴρηται,
3188 5250 3279 5301 καὶ
3357 5250 3453 5309 τὴν
3518 5247 3677 5323 ὥραν,
3731 5246 3969 5324 ἄρξηται

1782 5359 2009 5431 Variae
2039 5362 2364 5436 lectiones
2400 5375 2466 5435 et
2496 5375 2697 5435 note.

650 5492 761 5565 (41)
797 5495 1018 5566 Hucex
1046 5493 1317 5566 margine
1343 5494 1433 5552 sui
1473 5494 1694 5553 codicis
1726 5497 2043 5554 Hentenius
2069 5502 2244 5560 refert

576 5562 709 5621 haec
740 5562 1095 5640 i_J_ustissime
1113 5562 1248 5624 sane
1272 5575 1549 5640 tanquam
1568 5570 1911 5639 prudentem
1929 5577 1983 5629 et
2011 5575 2241 5632 studio-

578 5652 721 5712 sum.
742 5637 816 5712 _l_d
841 5645 1035 5695 autem
1065 5655 1184 5712 non
1213 5641 1287 5697 de
1310 5637 1437 5696 solis
1470 5637 1737 5710 pecuniis
1766 5656 1837 5699 ac
1877 5646 2243 5712 possessioni-

582 5708 684 5787 bas
714 5707 937 5787 dictum
968 5714 1069 5787 est,
1088 5711 1186 5787 sed
1212 5716 1263 5768 et
1290 5714 1362 5769 de
1381 5707 1646 5787 sefmone
1668 5730 1804 5787 erga
1822 5707 2090 5785 mentem,
2123 5736 2241 5777 om-

579 5780 755 5854 nique
781 5780 1227 5853 dispensatione,
1258 5800 1439 5858 quam
1467 5785 1714 5861 quisque
1733 5780 1933 5847 nactus
1958 5795 2058 5847 est.

2426 5505 2535 5573 (42)
2577 5504 2700 5559 Huc
2724 5500 2900 5558 refert
2929 5515 3002 5557 ex
3031 5500 3298 5572 margine
3342 5500 3433 5558 sui
3483 5498 3703 5558 codicis
3756 5502 3972 5561 Hente—

2352 5575 2486 5632 nius
2508 5574 2639 5632 haec
2691 5575 3049 5648 :Dominum
3096 5574 3972 5648 constituensiunupnquenique

2351 5662 2495 5717 erga
2542 5663 2655 5709 eos,
2698 5647 2802 5719 qui
2824 5648 3083 5718 ipsorum
3110 5646 3379 5719 indigent
3406 5645 3784 5719 liberalitate.
3819 5645 3970 5703 Stu-

2349 5720 2589 5777 deamus
2616 5718 2810 5792 imaue
2833 5733 2962 5792 cum
2980 5719 3141 5775 omni
3158 5718 3373 5792 gaudio
3395 5734 3463 5792 ac
3482 5718 3970 5791 promptitudine

2347 5806 2439 5862 ea,
2472 5806 2604 5864 qua
2624 5790 3062 5864 acquisivimm,
3090 5790 3362 5869 spargere
3388 5790 3777 5864 inpaup‘eres.
