4096 6380
197 385 303 442 629

1202 379 1572 439 COMMENT.
1625 380 1695 435 IN
1734 377 2180 435 MATTHAEUM.
2220 409 2289 419 —
2328 376 2488 434 CAP.
2541 374 2715 433 XXV.

3480 370 3588 430 630

198 515 409 566 τύπτειν
462 512 583 573 τοὺς
660 506 981 583 ὁμοδούλους
1042 509 1223 576 αὐτοῦ,
1300 512 1565 561 τουτέστιν
1631 508 1790 562 όπωσι

1924 505 2166 579 cmperit
2194 503 2509 562 verberare
2544 516 2862 559 conservos
2894 517 3054 568 suos,
3087 498 3204 558 hoc
3257 502 3345 559 est
3369 498 3585 573 quovis

204 600 400 662 δήποτε
482 600 732 675 βλάπτειν
814 601 998 664 αύτούς
1063 604 1162 654 εἴτε
1232 598 1481 673 ψυχικῶς
1540 602 1639 652 εἴτε
1717 618 1813 651 σω-

201 700 428 767 ματικῶς
460 708 473 722 ·
527 690 673 765 ἐσθίῃ
728 687 789 745 δε
839 696 930 745 καὶ
982 694 1102 765 πίνη
1154 693 1287 764 μετὰ
1343 698 1444 742 τῶν
1497 690 1809 762 μεθυόντων,

204 787 361 855 ἤγουν
394 785 887 856 συναναστρέφηται
914 780 1127 854 φαύλοις
1156 784 1245 833 καὶ
1270 776 1665 853 διεφθαρμένοις
1694 775 1810 830 ἀνθ-

204 878 415 948 ρώποις,
450 870 757 950 ἀπροόπτως
781 869 1224 944 ἕπικαταλήψεται
1252 876 1434 923 τοῦτον
1466 870 1692 943 όκύριος
1722 868 1810 922 αύ-

206 982 314 1017 του·

278 1057 378 1107 Καὶ
414 1084 467 1094 -
502 1052 677 1109 αὐτόν.
714 1051 861 1112 Διέλη
913 1054 1024 1125 (43)
1058 1050 1146 1105 ἀπ’
1187 1051 1348 1105 αὑτοῦ
1378 1052 1436 1104 τό
1486 1049 1810 1123 οἰκονομικόν

208 1143 429 1218 ἀξίωμα.

273 1234 359 1307 [Ἦ
420 1233 534 1306 (44)
587 1229 911 1307 διχοτομίαν
961 1232 1097 1306 λέγει
1151 1238 1244 1293 τὴν
1297 1232 1516 1291 παντελῆ
1563 1234 1653 1284 καὶ
1692 1226 1812 1289 διη-

202 1332 312 1383 νεκῆ
362 1323 639 1397 ἀφαίρεσιν
685 1334 782 1387 τῆς
836 1325 1062 1398 χάριτος
1120 1331 1211 1377 τοῦ
1270 1322 1419 1395 ἀγίου
1487 1324 1807 1395 Πνεύματος.

202 1421 257 1469 Et
290 1417 389 1491 γὰρ
424 1410 554 1487 μηδ’
587 1412 810 1467 ἓνταῡθα
837 1422 950 1477 ταῖς
973 1412 1377 1488 βεϐηλωσάσαις
1397 1412 1558 1471 αύτήν
1597 1410 1805 1464 ἀνακέκ-

198 1524 350 1578 ραται
401 1503 631 1577 ψυχαῖς,
673 1501 784 1556 ἀλλ’
835 1499 922 1556 οὖν
975 1505 1199 1580 πάρεστι
1256 1509 1366 1565 τοῖς
1422 1502 1562 1565 ἅπαξ
1618 1500 1808 1577 ἱσφρα-

196 1598 482 1669 γισμένοις,
541 1592 871 1667 ἀναμένουσα
924 1598 1019 1653 τὴν
1070 1592 1387 1668 ἐπιστροφὴν
1446 1592 1633 1663 αὐτῶν,
1691 1595 1806 1645 τότε

197 1680 254 1738 δι
306 1683 569 1748 παντελῶς
658 1687 749 1737 καὶ
826 1680 1077 1747 διηνεκῶς
1164 1683 1329 1737 αὐτῶν
1396 1681 1803 1757 ἀλλοτριωθήσε-

193 1774 325 1849 ται.]

1925 597 2106 653 modo
2137 594 2249 651 illis
2282 609 2511 659 nocere,
2534 591 2659 649 sive
2690 591 3075 664 corporaliter
3097 591 3219 647 sive
3275 586 3583 663 spirituali-

1923 692 2025 742 ter.
2062 685 2208 741 Edat
2238 690 2442 741 autem
2473 687 2527 739 et
2552 681 2724 738 bibat
2754 697 2891 737 cum
2921 680 3127 747 ebriis,
3158 680 3276 737 hoc
3298 681 3410 744 est,
3444 692 3585 735 con-

1921 780 2193 832 versetur
2223 790 2360 830 cum
2392 771 2685 846 perversis
2742 775 2795 828 et
2851 768 3145 845 corruptis
3199 768 3578 836 hominibus,

1920 864 2246 940 improvise
2275 862 2681 938 deprehendet
2704 876 2839 919 eum
2861 860 3146 919 dominus
3176 874 3346 917 suus.

1994 1064 2155 1120 Vers.
2197 1065 2284 1120 51.
2339 1063 2414 1119 Et
2453 1093 2523 1103 -
2565 1076 2717 1119 eum.
2759 1058 3069 1136 Separabit
3110 1058 3190 1119 ab
3224 1072 3297 1117 eo
3341 1054 3583 1134 dispen-

1921 1154 2097 1211 sandi
2118 1153 2491 1225 dignitatem.

1992 1244 2026 1312 1'
2041 1244 2402 1301 Divisionem
2416 1243 2545 1315 ejus
2557 1241 2699 1299 dicit
2718 1240 3137 1299 omnimodam
3155 1243 3210 1299 et
3222 1241 3579 1316 perpetuam

1919 1334 2129 1407 gratiae
2152 1333 2399 1406 Spiritus
2431 1333 2613 1389 sancti
2643 1331 3032 1390 ablationem.
3084 1329 3255 1394 Quod
3299 1330 3347 1385 si
3380 1344 3578 1404 neque

1918 1440 2080 1481 nunc
2098 1425 2501 1481 commiscetur
2521 1421 2833 1479 animabus
2853 1438 2991 1479 eam
3010 1419 3576 1491 contaminantibus,

1916 1517 1977 1571 at
2006 1513 2221 1570 saltem
2278 1512 2452 1570 adest
2488 1511 2608 1580 his,
2653 1511 2752 1585 qui
2792 1509 2977 1568 semel
3001 1525 3073 1568 ea
3129 1513 3268 1566 sunt
3290 1507 3575 1581 insigniti,

1916 1607 2275 1677 exspectans
2326 1602 2779 1660 conversionem
2811 1600 3128 1673 ipsorum:
3176 1602 3319 1658 tunc
3376 1600 3579 1657 autem

1914 1692 2166 1752 omnino
2196 1698 2252 1751 et
2269 1696 2559 1767 perpetuo
2586 1689 2963 1750 alienabitur.

263 1868 364 1918 Καὶ
448 1865 509 1916 τό
571 1866 723 1941 μέρος
779 1895 843 1906 -
902 1861 1146 1918 ὀδόντων.
1214 1867 1378 1940 Μέρος
1436 1863 1597 1918 αὐτοῦ
1665 1862 1790 1936 λέγει

1982 1895 2145 1950 Vers.
2198 1892 2284 1947 51.
2343 1890 2688 1964 Partemque
2732 1919 2802 1931 -—
2853 1886 3395 1947 de'ntium.Partem
3439 1884 3574 1958 ejus

194 1954 344 2007 αὐτόν
409 1952 617 2023 ἐκεῖνον,
676 1955 741 2016 ὡς
796 1950 903 2014 ἤδη
957 1958 1343 2028 κεχωρισμένον
1392 1953 1494 2007 ἀπὸ
1525 1961 1616 2007 τοῦ
1666 1953 1802 2007 οἰκο-

191 2053 407 2119 νομικοῦ
457 2044 772 2117 ἀξιώματος.
826 2051 896 2097 ’Π
952 2042 1096 2104 ὁιέλη
1160 2046 1273 2117 (45)
1324 2044 1479 2097 αὑτὸν
1540 2042 1639 2097 ἀπὸ
1698 2052 1798 2097 τῶν

195 2136 517 2201 θεραπόντων
562 2134 746 2201 αὐτοῦ,
802 2139 890 2188 καὶ
942 2138 1026 2188 τὸν
1082 2134 1271 2210 κλῆρον
1320 2134 1479 2187 αὑτοῦ
1531 2136 1681 2194 θήσει
1712 2154 1799 2207 με·

194 2227 265 2277 τὰ
316 2232 419 2276 τῶν
470 2226 787 2299 ὑποκριτῶν,
856 2225 927 2287 ὡς
981 2226 1383 2300 ὑποκρινομένου
1450 2228 1540 2298 μὲν
1598 2225 1795 2278 οἰκονο-

192 2320 312 2387 μεῖν
368 2317 454 2366 καὶ
482 2316 858 2390 προίστασθαι,
916 2312 1239 2387 βλαπτοντος
1287 2311 1345 2369 δὲ
1401 2314 1610 2388 μᾶλλον.
1654 2322 1792 2388 Διχῆ

190 2407 361 2456 τοίνυν
408 2400 666 2481 διήγειρεν
730 2404 801 2467 εἰς
861 2408 920 2458 τὸ
976 2410 1151 2479 νήφειν
1232 2405 1330 2476 ἀεὶ,
1385 2406 1476 2458 καί
1544 2403 1645 2459 ἀπό
1702 2414 1795 2469 τῆς

187 2491 525 2567 ἀποκειμένης
578 2503 647 2567 τῷ
692 2504 867 2567 πιστῷ
919 2500 1007 2548 καὶ
1065 2501 1291 2570 φρονίμῳ
1365 2492 1535 2569 δούλῳ
1614 2504 1791 2569 τιμῆς,

186 2590 269 2637 καὶ
328 2587 436 2637 ἀπὸ
490 2592 585 2647 τῆς
614 2588 875 2658 μενούσης
930 2589 1017 2638 τὸν
1070 2590 1228 2639 κακόν
1285 2582 1468 2639 δούλον
1515 2591 1791 2659 τιμωρίας.

185 2676 387 2733 Ταύτην
430 2671 491 2728 δι
522 2680 615 2734 τήν
661 2675 963 2752 παραϐολὴν
993 2681 1082 2729 καὶ
1113 2677 1137 2728 ὁ
1170 2682 1373 2739 Λουκᾶς
1423 2675 1705 2750 ἀνέγραψεν
1745 2676 1792 2729 ἐν

186 2772 251 2835 τῷ
302 2774 721 2840 τεσσαρακοστῷ
771 2767 902 2838 ἕκτῳ
958 2766 1237 2840 κεφαλαίῳ,
1304 2765 1351 2818 ἐν
1406 2764 1445 2839 ᾧ
1504 2785 1636 2840 φησι
1672 2772 1790 2842 περὶ

184 2862 271 2907 τοῦ
310 2864 478 2908 κακον
538 2852 748 2927 δούλου,
806 2857 883 2909 ὅτι
927 2861 1027 2909 Καὶ
1065 2860 1123 2909 τό
1152 2860 1308 2932 μέρος
1346 2856 1505 2909 αὐτοῦ
1535 2859 1665 2929 μετά
1689 2865 1789 2909 τῶν

184 2943 420 2997 ἀπίστων
477 2947 649 3005 θήσει.
703 2951 800 3000 Καὶ
839 2948 889 3000 οἱ
918 2948 1132 3000 ἄπιστοι
1164 2943 1223 3000 δὲ
1252 2949 1449 3009 πάντως
1495 2948 1785 3021 ὃποκριταί.

186 3033 623 3107 Ἐπαγγελλόνται
667 3039 757 3110 μὲν
800 3038 899 3111 γὰρ
960 3033 1150 3090 εἰδέναι
1195 3040 1343 3101 Θεὸν,
1376 3033 1661 3109 ψεύδονται
1694 3034 1779 3096 δέ.

186 3130 287 3180 Καὶ
343 3125 472 3179 οὕτω
534 3134 874 3199 συμφωνοῦσι
907 3130 971 3181 τά
1018 3127 1174 3203 ῥητά.
1204 3127 1264 3182 Εἰ
1304 3123 1471 3181 δὲκαὶ
1496 3124 1788 3202 διαφωνοῦ-

1909 1981 2053 2039 dicit
2075 1998 2211 2038 eum
2232 1982 2451 2054 ipsum,
2488 1983 2688 2053 utpote
2700 1979 2831 2051 jam
2856 1975 3120 2035 divisum
3148 1991 3184 2033 ιι
3201 1974 3574 2048 dispensato-

1906 2074 1997 2132 ria
2021 2075 2307 2145 dignitate
2340 2091 2353 2129 :
2387 2075 2487 2130 aut
2538 2071 2761 2129 dividet
2802 2086 2937 2128 eum
2973 2086 3011 2127 a
3054 2068 3179 2126 suis
3219 2066 3570 2136 cultoribus,

1907 2165 2156 2238 ejusque
2204 2167 2425 2221 sortem
2463 2166 2646 2236 ponet
2706 2178 2847 2218 cum
2897 2157 3245 2233 hypocritis,
3277 2162 3572 2231 tanquam

1906 2254 2233 2325 ﬁngentem
2258 2269 2321 2309 se
2350 2252 2703 2324 dispensare
2732 2267 2802 2307 ac
2833 2248 3216 2324 praepositum
3248 2262 3396 2312 esse,
3428 2261 3571 2306 cum

1906 2344 2103 2417 potius
2142 2343 2389 2401 nocivus
2429 2342 2524 2398 sit.
2577 2340 2856 2399 Bifariam
2909 2341 3113 2413 itaque
3166 2335 3446 2395 excitavit
3486 2335 3570 2395 ad

1907 2449 2143 2507 semper
2163 2432 2536 2503 vigilandum
2576 2450 2591 2492 :
2626 2434 2683 2488 et
2712 2446 2784 2488 ex
2812 2429 3043 2486 honore
3072 2426 3170 2500 qui
3202 2440 3375 2483 servo
3404 2423 3568 2483 ﬁdeli

1907 2538 1978 2579 ac
2006 2522 2286 2596 prudenti
2309 2522 2636 2595 reponitur,
2660 2524 2717 2577 et
2742 2534 2813 2576 ex
2828 2516 3121 2591 supplicio
3147 2515 3313 2589 quod
3334 2512 3567 2571 malum

1905 2616 2205 2686 exspectat
2234 2627 2495 2668 servum.
2528 2611 2695 2667 Hanc
2733 2612 2937 2666 autem
2966 2605 3326 2681 parabolam
3372 2604 3566 2661 Lucas

1902 2718 2147 2776 quoque
2172 2702 2411 2774 scripsit
2438 2698 2909 2775 quadragesimo
2928 2700 3093 2755 sexto
3117 2694 3331 2769 capite,
3356 2695 3417 2751 in
3442 2709 3567 2767 quo

1901 2790 1976 2847 de
2008 2790 2168 2848 malo
2203 2806 2378 2848 servo
2407 2792 2508 2859 ait,
2547 2791 2903 2862 Partemque
2925 2790 3051 2859 ejus
3081 2802 3211 2844 cum
3226 2783 3568 2855 inﬁdelibus

1897 2888 2072 2951 ponet
2100 2882 2169 2937 ⁷ο.
2214 2880 2488 2937 [nﬁdeles
2544 2882 2745 2938 autem
2782 2879 2987 2952 utique
3018 2876 3201 2934 etiam
3231 2874 3565 2948 hypocrita

1900 2975 2042 3029 sunt
2073 2988 2085 3028 :
2115 2972 2465 3044 promittunt
2502 2970 2661 3027 enim
2685 2984 2748 3025 se
2776 2983 2955 3025 nosse
2982 2968 3193 3033 Deum,
3250 2963 3360 3022 sed
3395 2979 3565 3021 mem

1899 3060 2141 3118 tiuntur.
2172 3064 2239 3118 Et
2260 3061 2343 3119 ita
2368 3063 2708 3117 consonant
2746 3074 2878 3131 quas
2915 3057 3075 3114 dicta
3100 3057 3241 3112 sunt
3272 3052 3478 3127 ;quod
3507 3052 3561 3111 si

1897 3153 2079 3208 etiam
2101 3150 2348 3208 dissona
2369 3153 2522 3217 sunt,
2548 3148 2697 3207 nihil
2718 3148 2974 3207 mirum:
3005 3144 3185 3205 variis
3212 3144 3375 3205 enim
3398 3141 3561 3203 dicta

186 3235 286 3281 σιν,
321 3212 472 3271 οὖδὶν
507 3222 684 3270 καινόν
716 3234 729 3248 ·
758 3219 895 3271 κατά
933 3214 1214 3293 διαφόρους
1242 3220 1345 3295 γὰρ
1376 3221 1593 3292 καιρούς
1623 3221 1787 3295 εἴρην-

1909 3245 2034 3300 sunt
2063 3240 2459 3315 temporibus.

178 3326 283 3363 ται.

449 3459 598 3510 ΚΕΦ.
631 3450 759 3509 ΝΘ’.
802 3456 925 3526 Περὶ
961 3460 1059 3506 τῶν
1092 3448 1126 3507 δ
1130 3456 1223 3507 ἐκα
1251 3456 1517 3530 παρθένων

238 3546 368 3597 Τότε
424 3573 491 3584 -
523 3544 817 3618 παρθένοις.
872 3542 1141 3597 Βασιλείαν
1193 3551 1295 3596 τῶν
1362 3544 1589 3618 οὐρανῶν
1647 3540 1786 3598 ἰδιον

168 3636 372 3707 τρόπως
409 3632 547 3705 λέγει
600 3640 688 3685 νῦν
744 3633 882 3685 αύτά
915 3636 980 3686 τὰ
1029 3635 1166 3686 κατά
1220 3639 1309 3693 τὴν
1370 3633 1643 3708 βασιλείαν
1683 3642 1784 3686 τῶν

170 3724 404 3797 οὐρανῶν
422 3726 749 3795 γενησόμενα
777 3727 911 3776 τότε·
946 3725 1204 3798 παρθνους
1226 3721 1285 3777 δὲ
1312 3728 1427 3786 τοὺς
1450 3726 1783 3799 παρθενεύον-

167 3834 280 3879 τας,
317 3817 419 3866 εἴτε
447 3811 636 3888 ἄνδρες
668 3810 818 3879 ὦσιν,
874 3817 972 3866 εἶτε
1008 3822 1277 3886 γυναῖκες.
1338 3818 1452 3889 Χρὴ
1518 3811 1576 3867 δὲ
1631 3818 1783 3885 γινώ-

170 3923 311 3957 σκειν
342 3905 429 3957 ὃτι
458 3906 507 3956 ὲν
540 3906 630 3976 μεν
660 3910 724 3975 τῇ
782 3906 883 3978 πρὸ
926 3906 1125 3967 ταύτης
1152 3902 1423 3977 παραϐολῇ
1481 3902 1779 3956 καθολικώ-

165 4013 310 4066 τερον
353 3997 474 4065 περὶ
524 3995 701 4054 πάσης
762 3992 999 4065 ὡφελείας
1047 4003 1145 4057 τῆς
1188 3994 1255 4055 εἰς
1288 3998 1406 4055 τούς
1458 3991 1783 4066 ὁμοδούλους

166 4083 505 4157 ὀφειλομένης
536 4078 797 4145 ἐδίδαξεν·
833 4081 883 4134 ἐν
914 4086 1078 4156 ταύτῃ
1114 4081 1174 4137 δὲ
1207 4081 1508 4157 ἰδικώτερον
1546 4080 1780 4155 διαλέγε-

162 4174 246 4225 ταὶ
280 4178 405 4244 περὶ
436 4175 599 4244 μόνης
643 4179 739 4233 τῆς
766 4174 813 4223 ἐν
868 4178 1142 4245 χρήμασι.
1187 4176 1475 4247 Παρθένους
1509 4171 1569 4227 δε
1597 4181 1659 4247 τῇ
1684 4194 1781 4226 πα-

164 4262 358 4338 ραϐολῇ
393 4269 485 4313 νῦν
508 4262 820 4320 ὑποτίθησιν
843 4262 947 4335 οὐχ
970 4262 1158 4327 ἁπλῶς,
1181 4262 1289 4316 ἀλλ’
1312 4261 1493 4323 ἐπειδὴ
1522 4268 1658 4337 μέγα
1686 4268 1781 4324 τὴν

164 4354 450 4427 παρθενίαν
482 4347 770 4419 ἀπέδειξεν,
804 4350 852 4403 ἐν
878 4348 951 4413 οἷς
978 4350 1113 4407 εἶπεν
1146 4370 1159 4384 °
1198 4353 1345 4408 Εἰσὶν
1369 4354 1482 4427 (46)
1515 4354 1780 4426 εὐνοῦχοι,

164 4445 345 4505 οἵτινες
412 4441 731 4513 εὐνούχισαν
787 4440 1002 4506 ἑαυτούς
1058 4440 1154 4497 διὰ
1200 4448 1294 4503 τὴν
1348 4442 1621 4518 βασιλείαν
1682 4452 1781 4496 τῶν

164 4532 418 4606 οὐρανῶν.
477 4536 577 4584 Καὶ
606 4534 708 4606 γὰρ
760 4536 917 4596 ὅντως
946 4538 1082 4605 μέγα
1121 4536 1253 4590 ἐστί.
1296 4537 1383 4588 Διό
1414 4531 1528 4588 οὐδ’
1557 4535 1623 4596 εἰς
1655 4532 1780 4587 ἀνοί-

2198 3438 2352 3495 CAP.
2389 3436 2531 3493 LIX.
2574 3436 2658 3494 De
2681 3435 2879 3493 decem
2906 3432 3256 3507 virginibus.

1968 3546 2120 3603 CAP.
2148 3547 2305 3603 XXV.
2334 3547 2494 3602 Vers.
2533 3545 2586 3600 1.
2623 3546 2789 3602 Tunc
2808 3574 2878 3586 —
2902 3542 3251 3615 virginibus.
3277 3540 3558 3613 Regnum

1895 3635 2184 3692 caelorum
2217 3650 2331 3691 suo
2362 3650 2527 3691 more
2552 3649 2715 3691 nunc
2744 3638 2920 3691 vocat
2944 3649 3016 3691 ea
3040 3648 3179 3707 quas
3230 3634 3374 3688 tunc
3399 3629 3559 3687 circa

1890 3740 2142 3795 regnum
2175 3724 2463 3782 caelorum
2494 3725 2861 3795 contingent.
2896 3722 3168 3797 Virgines
3213 3726 3416 3781 autem
3440 3734 3559 3780 ser-

1891 3821 2093 3872 vantes
2128 3816 2542 3888 virginitatem,
2568 3815 2691 3872 sive
2716 3815 2822 3872 viri
2835 3814 2947 3872 sint
2977 3814 3100 3871 sive
3113 3813 3370 3871 femina.
3397 3812 3558 3871 Scire

1893 3922 2036 3976 ergo
2054 3912 2304 3979 oportet,
2330 3906 2488 3978 quod
2517 3907 2575 3962 in
2600 3906 2973 3978 prmcedente
2995 3904 3282 3977 parabola
3304 3918 3559 3975 genera-

1892 3997 2006 4053 lius
2035 3996 2110 4051 de
2129 3997 2400 4051 omnium
2438 3995 2683 4053 utilitate
2702 3995 2904 4052 docuit
2921 4011 3105 4068 quam
3121 3993 3426 4053 conservis
3454 3994 3559 4052 de-

1890 4086 2035 4143 bent
2056 4107 2067 4140 :
2090 4086 2149 4141 in
2165 4085 2278 4142 hac
2292 4090 2489 4142 autem
2510 4085 2585 4141 de
2614 4101 2683 4141 ea
2701 4085 2830 4141 sola
2847 4084 3265 4156 particularius
3294 4083 3553 4155 disserit,

1892 4192 2029 4249 quae
2052 4180 2141 4232 est
2170 4176 2229 4230 in
2256 4175 2528 4248 pecuniis
2546 4178 2603 4232 et
2630 4174 3133 4249 possessionibus.
3154 4173 3418 4245 Virgines
3444 4186 3550 4231 au-’

1894 4270 2007 4323 tem
2023 4265 2165 4322 huic
2177 4266 2484 4339 parabolae
2511 4264 2797 4338 supponit
2810 4280 2931 4321 non
2946 4267 3273 4337 utcunque,
3287 4262 3392 4320 sed
3405 4262 3549 4335 quia

1891 4371 2177 4425 magnum
2201 4356 2518 4428 quidpiam
2545 4371 2675 4412 esse
2703 4353 3106 4428 virginitatem
3136 4352 3363 4423 docuit,
3408 4368 3549 4411 cum

1891 4446 2069 4503 dixit:
2093 4445 2241 4500 Sunt
2262 4445 2525 4502 eunuchi
2543 4446 2649 4517 qui
2658 4445 2872 4515 seipsos
2891 4448 3555 4515 castraveruntpropter

1890 4552 2140 4607 regnum
2167 4537 2438 4592 caelorum
2460 4537 2535 4592 τί.
2567 4535 2714 4591 Vere
2732 4535 2950 4592 etenim
2967 4549 3260 4606 magnum
3273 4537 3385 4604 est,
3412 4533 3553 4591 ideo

162 4642 290 4693 γκην
339 4625 507 4693 νόμου
552 4625 803 4690 κατέστη,
838 4620 964 4675 ἀλλά
1014 4632 1075 4697 τῇ
1110 4628 1411 4699 προαιρέσει
1458 4633 1555 4677 τῶν
1587 4623 1781 4699 ἀνθρω-

1909 4641 2083 4698 neque
2111 4624 2222 4680 sub
2250 4624 2399 4695 legis
2421 4625 2776 4682 necessitate
2802 4624 3191 4682 constitutum
3210 4627 3320 4692 est,
3354 4623 3458 4682 sed
3485 4623 3553 4681 in

164 4731 269 4762 πων
321 4709 717 4785 ἐπιτέτραπται.
765 4710 823 4764 Ὀ
873 4708 1154 4785 δυνάμενος
1205 4717 1327 4787 γάρ,
1382 4719 1535 4787 φησὶ,
1586 4722 1779 4789 χωρεῖν

164 4806 428 4874 χωρείτω.
460 4800 632 4863 Δείξαι
666 4798 911 4874 βούλεται
942 4810 1029 4854 νῦν
1076 4804 1156 4856 ὅτι
1205 4800 1327 4857 οὐδὲ
1356 4807 1413 4857 τό
1446 4809 1581 4877 μέγα
1627 4812 1779 4858 τούτο

166 4892 488 4964 κατόρθωμα
535 4894 622 4943 τόν
668 4896 978 4965 κεκτημένον
1037 4892 1219 4967 ὠφελεῖ
1275 4898 1447 4969 χωρὶς
1500 4892 1780 4969 ἐλεημοσύ-

162 4999 276 5043 νης.

231 5136 281 5172 ⁷ο
302 5135 450 5192 Luc.
476 5149 581 5202 xu,
615 5134 705 5195 46.
785 5134 830 5173 τί
859 5134 1062 5196 Matth.
1094 5149 1215 5207 nx,
1245 5137 1334 5197 12.
1410 5139 1455 5176 ⁷³
1475 5136 1627 5197 Ibid.

1888 4714 2133 4790 propria
2180 4714 2498 4771 hominum
2528 4715 2826 4772 voluntate
2870 4714 3236 4787 permissum
3262 4717 3392 4772 est:
3439 4712 3555 4783 Qui

1883 4809 2084 4879 potest,
2108 4805 2297 4879 inquit
2325 4820 2534 4876 capere
2553 4808 2755 4877 capiat
2775 4807 2845 4864 ⁷³.
2872 4808 3038 4863 Nunc
3059 4804 3185 4863 vult
3212 4803 3549 4873 ostendere,

1888 4894 2057 4970 quod
2070 4910 2263 4968 neque
2278 4894 2635 4968 praeclarum
2648 4895 2761 4954 hoc
2777 4894 3005 4953 facinus
3027 4894 3154 4954 sine
3176 4894 3555 4968 eleemosyna

1888 5001 2238 5060 possessum
2259 4985 2548 5059 proderit.

1408 5315 1634 5388 Variae
1658 5314 1991 5388 lectiones
2023 5324 2089 5386 et
2109 5324 2312 5387 notae.

232 5513 447 5586 (43)_Et
470 5512 573 5569 hic
602 5514 659 5568 et
688 5511 1061 5586 paulojpost
1088 5513 1151 5570 in
1182 5516 1437 5586 utroque
1466 5513 1671 5571 codice
1702 5513 1780 5571 le-

165 5581 515 5657 αξιοι-’δώῃ
538 5581 710 5657 quod
728 5581 1023 5657 rnihiliest.
1050 5588 1195 5657 Puto
1222 5581 1606 5657 Euthymium
1631 5587 1775 5642 scri-

164 5657 351 5782 Psissc
384 5653 576 5740 διελείξ
596 5656 688 5713 Sic
716 5656 854 5712 Luc.
887 5673 983 5739 xu,
1024 5656 1108 5724 18,
1136 5663 1223 5715 est
1257 5653 1474 5712 καθελῶ.
1510 5661 1574 5713 In
1607 5660 1778 5740 scho-

187 5745 255 5782 us
284 5729 559 5782 codicum
593 5728 1046 5782 Mosauensrum
1082 5729 1161 5782 ad
1210 5732 1371 5782 hunc
1411 5730 1663 5782 Matthtm
1694 5730 1775 5782 lo-

187 5728 255 5783 iis
284 5729 559 5786 codicum
593 5728 1046 5800 Mosquensium
1082 5729 1161 5785 ad
1210 5732 1371 5787 hunc
1410 5730 1663 5800 Matthaei
1694 5730 1775 5787 lo-

169 5814 301 5857 cum
333 5800 616 5875 praesenti
648 5798 921 5874 tempore
963 5802 1181 5875 legitur
1205 5802 1517 5878 ἀποσχίζει,
1545 5798 1767 5879 διαιρεῖ.

1986 5513 2075 5586 44)
2111 5512 2349 5571 Inclusa
2374 5511 2437 5570 in
2467 5510 2740 5586 margine
2766 5510 2952 5586 habet
2977 5507 3045 5569 Α.

1984 5581 2072 5647 45)
2106 5590 2324 5642 Iterum
2365 5581 2765 5651 scribendum,
2801 5581 2980 5641 διελεῖ.

1986 5658 2072 5741 to}
2094 5661 2178 5741 lix
2198 5658 2582 5741 marginesui
2599 5656 2823 5741 codicis
2837 5658 2961 5741 huc
2988 5652 3167 5715 refert
3184 5650 3549 5741 Henteniusj

1886 5727 2203 5861 Ξέιῖἑιῒξὲἰὲζι.
2225 5731 2437 5790 laudat
2458 5731 2517 5788 id
2534 5735 2979 5806 exsequentem:
3021 5743 3141 5789 non
3170 5731 3365 5791 autem
3389 5727 3551 5803 cogit

1886 5817 2173 5863 umentem
2187 5844 2203 5862 .
