4096 6416
478 350 577 413 631

1804 348 2150 408 EUTHYMII
2202 345 2539 405 ZIGABENI

3756 347 3867 405 632

552 481 721 537 Vers.
762 480 814 536 4.
852 482 991 548 Quae
1039 513 1107 522 —
1162 497 1389 553 sponso.
1452 479 1720 549 Virginea
1750 479 1988 550 lampas
2054 481 2142 534 est

2322 478 2522 537 Αἰτινες
2566 504 2634 513 -
2663 477 2907 547 νυμφίου.
2956 474 3247 548 Παρθενικὴ
3301 472 3513 547 λαμπὰς
3552 475 3667 548 (49)
3692 477 3722 536 ἡ
3758 475 3865 530 ἀπὸ

482 571 781 627 munditia
802 587 932 643 quae
954 588 991 627 a
1018 571 1353 642 virginitate
1374 570 1665 643 procedit.
1701 570 1966 640 Sponsus
1998 583 2139 625 vero

484 660 750 733 Christus
778 666 974 732 utpote
1006 678 1220 717 amans
1247 662 1416 733 etqui
1448 665 1701 716 amatur.
1728 660 2007 716 Exierunt
2035 675 2140 715 au-

488 756 605 808 tem
629 751 687 806 in
702 768 1021 807 occursum
1036 753 1163 823 ejus
1185 776 1195 806 :
1215 750 1657 823 exspectatione
1682 766 1967 805 occursus
1990 750 2137 821 ejus.

2246 573 2339 627 τῆς
2368 567 2645 639 παρθενίας
2695 565 2992 637 καθαρότης
3027 580 3038 592 ’
3073 568 3287 636 νυμφίος
3342 561 3402 617 δὲ
3450 567 3475 618 ό
3521 567 3766 641 Χριστός,
3793 570 3866 631 ὡς

2248 658 2419 709 ποθῶν
2442 660 2530 707 καὶ
2554 656 2885 727 ποθούμενος.
2915 652 3156 716 Ἐξῆλθον
3184 650 3243 707 δὲ
3273 654 3343 718 εἰς
3372 656 3669 713 ἀπάντησιν
3698 657 3866 709 αὐτοῦ

2257 754 2319 818 τῇ
2351 742 2650 818 προσδοκίᾳ
2678 753 2771 805 τῆς
2805 742 3161 805 ἀπαντήσεως.

514 830 517 831 ν
559 843 717 895 Vers.
747 844 798 895 2.
843 841 1194 913 Quinque—
1242 841 1401 896 Vers.
1437 843 1492 896 4.
1536 840 1677 895 suis.
1732 840 1941 895 Oleum
1971 845 2143 894 vocat

486 916 885 1003 eleemosynte
942 931 1235 985 virtutem.
1290 930 1407 985 llas
1468 945 1610 998 ergo
1670 928 1877 985 merito
1934 928 2143 985 stultas

484 1020 738 1086 vocavit,
772 1019 917 1091 quia
942 1036 1073 1077 cum
1115 1035 1313 1075 acrem
1342 1035 1411 1075 ac
1442 1020 1849 1075 vehementem
1876 1018 2144 1091 corporis

487 1106 757 1165 amorem
803 1110 1171 1176 devicissent,
1237 1110 1653 1181 majoremque
1720 1108 2147 1164 sustinuissent

487 1199 775 1264 laborem,
809 1200 1117 1255 tenacitate
1149 1199 1224 1271 (0)
1266 1199 1515 1255 devictae
1550 1203 1713 1253 sunt.
1775 1198 1923 1253 Illud
1986 1198 2143 1253 enim

2291 1213 2443 1251 ησαν.
2481 1195 2703 1255 Ἐκεῖνος
2724 1197 2824 1269 γὰρ
2858 1196 2883 1245 ό
2914 1193 3134 1266 πόλεμος
3154 1193 3324 1265 πολλῷ
3347 1198 3871 1271 ταύτηςτυραννικώ-

484 1288 709 1344 bellum
733 1288 919 1344 multo
944 1288 1259 1345 violentius
1278 1294 1386 1357 est,
1416 1288 2142 1360 magisquetyrannicum.

2288 1288 2401 1359 ερός
2448 1303 2501 1337 τε
2549 1288 2639 1336 καὶ
2687 1282 3001 1358 βιαιότερος.
3037 1285 3260 1345 Ἐκείνας
3298 1281 3356 1337 δὲ
3387 1290 3664 1358 φρονίμους
3714 1283 3875 1352 αὖθις

489 1379 756 1436 Rursum
774 1394 910 1434 vero
944 1379 1238 1451 sapientes
1256 1379 1629 1450 nuncupavit
1653 1383 1914 1445 caeteras,
1948 1383 2146 1450 utpote

2286 1377 2540 1445 ›νόμασεν,
2576 1375 2644 1435 ὡς
2691 1379 2762 1446 μὴ
2800 1375 3090 1445 παθούσας,
3124 1375 3246 1448 ὅπερ
3303 1377 3357 1427 αἱ
3386 1379 3560 1451 μωραὶ
3608 1379 3878 1430 πεπόνθα-

488 1484 610 1525 non
640 1484 875 1540 passas,
908 1470 1073 1542 quod
1103 1470 1292 1525 stulta:
1314 1485 1508 1541 passae
1535 1473 1690 1524 sunt.
2262 1481 2364 1517 σιν.

563 1559 604 1628 -ὶη
629 1557 805 1613 Aliter
825 1558 1159 1627 Theologus
1183 1558 1459 1630 quaedam
1482 1557 1907 1630 praedictorum
1940 1558 2148 1614 verbo-

2335 1550 2574 1625 [Ἑτέρως
2605 1552 2717 1626 (48)
2753 1550 2811 1605 δὲ
2860 1555 2885 1605 ό
2942 1553 3194 1626 Θεολόγος
3227 1556 3343 1607 τινὰ
3394 1563 3493 1607 τῶν
3524 1561 3879 1630 προκειμένων

490 1621 627 1703 rum
652 1646 832 1701 sumit
862 1646 925 1702 in
949 1621 1363 1703 adhortatione
1395 1621 1867 1719 adbaptismum
1896 1664 1908 1703 :
1938 1663 2149 1704 verum

2286 1650 2428 1699 κητῶν
2460 1641 2718 1706 ἐξελάθετο
2745 1642 2792 1695 ἐν
2836 1652 2908 1715 τῷ
2942 1644 3009 1705 εἰς
3049 1648 3106 1696 τὸ
3136 1643 3419 1719 βάπτισμα
3450 1656 3819 1723 προτρεπτικῷ
3857 1666 3870 1678 ·

495 1741 552 1791 et
570 1736 713 1803 haec,
745 1741 800 1792 et
830 1736 929 1792 illa
949 1736 1193 1808 pulchre
1233 1736 1346 1791 dici
1380 1741 1653 1809 possunt.

564 1825 732 1880 Vers.
760 1829 810 1880 5.
856 1825 1148 1883 Tardante
1174 1856 1241 1865 —
1261 1827 1649 1882 dormierunt.
1696 1824 1986 1881 Tardante
2018 1841 2148 1897 pro-

491 1919 623 1987 pter
652 1906 1089 1971 cunctationem
1149 1915 1395 1971 secundi
1453 1915 1764 1971 adventus.
1806 1916 2153 1972 Dormitatio

494 2007 704 2073 autem,
744 2005 806 2060 in
858 2004 971 2060 hoc
1005 2005 1137 2060 loco
1169 2022 1277 2077 pro
1320 2005 1762 2075 refrigescentia
1804 2004 2155 2077 accipienda

495 2098 583 2150 est
606 2110 618 2149 :
654 2109 901 2150 somnus
930 2110 1072 2151 vero
1098 2111 1203 2167 pro
1224 2102 1433 2151 morte.

568 2184 730 2238 Vers.
755 2186 806 2238 6.
839 2183 1033 2240 Media
1077 2214 1144 2225 --
1183 2200 1495 2240 occursum
1542 2185 1612 2240 ei.
1665 2183 1922 2240 Medium
1964 2183 2157 2240 noctis

498 2272 664 2337 dixit,
689 2271 1038 2328 velrursum
1063 2270 1459 2344 improvisum
1483 2277 1536 2329 et
1565 2273 2039 2345 inexspectatum
2059 2274 2157 2328 de-

498 2365 865 2429 monstrans,
893 2362 1347 2435 velsigniﬁcans
1370 2362 1611 2435 quodin
1636 2368 1809 2418 nocte
1840 2364 1938 2418 ﬁet
1969 2376 2158 2419 resur-

496 2452 679 2508 rectio
693 2457 1088 2508 mortuorum.
1110 2452 1257 2507 Eum
1278 2467 1420 2509 vero
1445 2453 1656 2525 quihic
1675 2452 1901 2509 clamor
1920 2454 2154 2520 dicitur,

496 2541 721 2597 Paulus
746 2543 985 2612 jussum
1018 2558 1088 2597 ac
1115 2558 1326 2597 vocem
1361 2542 1701 2613 archangeli
1736 2542 1875 2599 dixit
1899 2545 1968 2598 73.
1995 2544 2157 2600 Exite

500 2634 704 2687 autem
730 2630 1002 2687 videlicet
1032 2646 1062 2685 e
1093 2633 1519 2687 monumentis.

572 2720 736 2775 Vers.
769 2721 822 2773 7.
861 2722 1015 2775 Tunc
1043 2752 1112 2761 —-
1151 2735 1309 2777 suas.
1361 2723 1581 2777 Omnes
1611 2722 1856 2793 quidem
1896 2738 2159 2779 surrexe-
2192 2757 2231 2813 Ο

502 2815 677 2876 runt;
710 2826 845 2881 quae
878 2825 1016 2865 vero
1056 2816 1421 2867 ornaverunt
1450 2811 1764 2883 lampades
1798 2828 1941 2869 suas
1988 2818 2159 2870 erant

500 2899 846 2971 prudentes.
882 2902 1248 2955 Ornaverunt
1277 2906 1479 2958 autem
1500 2901 1612 2958 olei
1638 2908 2012 2961 ornamento.

532 2991 729 3045 *Vers.
755 2992 807 3045 8.
833 2989 1044 3046 Fatuae
1083 2997 1273 3046 autem
1316 3023 1384 3031 —
1431 2991 1905 3063 exstinguuntur.
1938 2992 2004 3049 Et
2046 2993 2158 3049 hoc

500 3078 757 3135 stultitiae
788 3078 914 3147 fuit,
958 3094 1232 3151 sperasse
1260 3096 1323 3136 se
1361 3080 1445 3137 ibi
1501 3081 1698 3137 oleum
1752 3083 1824 3138 ad
1876 3088 2158 3139 ornatum

498 3173 871 3240 accepturas,
904 3169 1069 3241 quod
1110 3174 1250 3225 tunc
1291 3170 1367 3226 ab
1416 3170 1546 3226 aliis
1578 3171 2008 3243 possideretur.
2052 3173 2155 3228 Ex-

2286 3171 2383 3219 τὸτε
2436 3169 2549 3238 (50)
2600 3168 2771 3231 ἄλλοις
2826 3172 3033 3228 κτηθεν.
3088 3170 3383 3225 Σϐέννυνται
3441 3169 3520 3238 δὲ,
3611 3173 3885 3248 ἀμαυρού-

499 3259 837 3329 stinguntur
861 3263 1083 3324 autem,
1103 3260 1438 3316 obscurata;
1463 3261 1725 3317 tenebris
1744 3262 2156 3319 inclementiaa.

2286 3276 2420 3308 ιεναι
2473 3264 2546 3327 τῷ
2607 3263 2781 3311 σκότει
2837 3268 2929 3321 τῆς
2988 3259 3418 3334 ἀνελεημοσύνης.
3480 3263 3712 3316 Εἰώθασι
3770 3267 3882 3339 γὰρ

502 3347 700 3405 Solent
719 3348 878 3404 enim
899 3348 1071 3405 multi
1094 3348 1443 3406 tenebrosos
1472 3365 1712 3423 quoque
1740 3366 1954 3407 vocare
1984 3350 2156 3408 incle-

2286 3350 2362 3398 ιαὶ
2394 3350 2442 3399 οἱ
2480 3346 2657 3401 πολλοὶ
2708 3353 2998 3411 σκοτεινοὺς
3052 3351 3164 3423 (51)
3224 3352 3393 3406 καλεῖν
3439 3356 3558 3417 τοὺς
3609 3352 3887 3428 ἀνελεήμο-

500 3442 751 3495 mentes.

2286 3456 2362 3498 νας
2377 3481 2387 3493 ,

572 3547 738 3603 Vers.
768 3551 822 3605 9.
854 3547 1297 3616 Responderunt
1346 3577 1415 3589 -—
1444 3548 1616 3604 vobis.
1664 3551 1731 3604 Et
1755 3550 1869 3605 hoc
1905 3548 2165 3622 pruden-

502 3638 601 3694 tiae
629 3636 756 3692 fuit.
775 3637 957 3691 Docet
986 3642 1176 3691 autem
1193 3652 1411 3702 sermo,
1435 3638 1601 3709 quod
1626 3637 1823 3693 nullus
1857 3655 1894 3695 a
1923 3639 2166 3711 propria

502 3727 712 3781 virtute
743 3724 995 3781 alterum
1028 3729 1168 3781 tunc
1194 3727 1407 3797 juvare
1437 3727 1667 3798 poterit.
1705 3728 1805 3782 Vix
1861 3730 2020 3784 enim
2053 3729 2156 3785 sibi

2286 3714 2540 3786 ὠφελῆσαι
2567 3720 2681 3768 τότε
2708 3714 3012 3776 δυνήσεται.
3056 3718 3249 3792 [Μογις
3279 3720 3392 3791 (52)
3431 3723 3533 3795 ’γὰρ
3580 3722 3717 3792 αὐτῷ
3752 3726 3894 3797 πρὸς

504 3815 616 3886 ipsi
649 3814 727 3870 ad
758 3813 1006 3869 salutem
1039 3814 1311 3881 sufﬁciet,
1345 3832 1414 3871 eo
1444 3817 1609 3888 quod
1648 3816 1709 3872 in
1742 3818 1943 3874 multis
1983 3818 2156 3874 delin-

2286 3810 2543 3877 σωτηρίαν
2574 3804 2802 3879 ἀρκέσει,
2835 3803 2929 3859 διὰ
2958 3811 3016 3860 τὸ
3039 3807 3202 3861 πολλὰ
3229 3817 3453 3862 πταῖσαι
3492 3830 3582 3864 και
3635 3815 3722 3865 τὸν
3753 3813 3895 3883 ἄγαν

507 3908 649 3976 quat
678 3904 858 3959 etiam
884 3904 954 3968 is,
995 3905 1099 3977 qui
1146 3905 1472 3976 plurimum
1518 3907 1718 3963 virtuti
1766 3908 2005 3965 deditus
2054 3914 2156 3967 est.

2286 3891 2529 3968 ἐνάρετον.
2561 3894 2697 3971 Ὀρα
2739 3892 2796 3949 δὲ
2847 3905 2957 3959 πῶς
2994 3898 3050 3950 αἱ
3079 3903 3320 3971 φρόνιμοι
3366 3900 3516 3953 κάκεῖ
3555 3906 3649 3959 τὴν
3680 3900 3897 3975 ἐλεημο-

506 3992 654 4049 Vide
710 3998 907 4049 autem
946 3998 1257 4065 quomodo
1311 3996 1634 4066 prudentes
1687 3998 1868 4053 etiam
1913 3998 1995 4053 ibi
2059 3999 2156 4055 ele-

2286 3985 2439 4041 σύνην
2466 3983 2549 4037 ἐπι
2553 3987 2894 4060 ρείκνυνται,]
2923 3986 3165 4040 θέλουσαι
3187 3991 3277 4060 μὲν
3315 3985 3632 4061 μεταδοῦναι
3661 3995 3752 4043 καὶ
3772 4001 3897 4056 ταῖς

507 4097 866 4153 emosynam
904 4082 1316 4140 demonstrent
1357 4102 1370 4140 :
1402 4084 1669 4143 volentes
1698 4088 1946 4159 quidem
1992 4088 2156 4145 fatui:

2286 4080 2499 4149 μωραῖς,
2552 4079 2623 4146 μὴ
2677 4071 2960 4148 δυνάμεναι
2988 4073 3068 4133 δε.
3095 4084 3258 4131 Τοῦτο
3288 4081 3389 4155 γὰρ
3414 4080 3444 4138 ἡ
3475 4079 3750 4155 ἀπόκρισις
3770 4082 3893 4132 τού-

508 4173 756 4243 tradere,
782 4173 888 4229 sed
918 4188 1041 4230 non
1071 4178 1360 4246 potentes.
1383 4175 1505 4232 Hoc
1526 4176 1686 4232 enim
1708 4177 2023 4249 responsio
2047 4179 2156 4237 illa-

2286 4181 2379 4214 των
2416 4162 2665 4237 ἐμφαίνει.

507 4278 642 4319 rum
685 4261 1008 4334 signiﬁcat.

580 4354 738 4409 Vers.
774 4356 825 4408 9.
858 4354 945 4411 Ite
975 4352 1408 4423 —,vobisipsis.
1444 4357 1590 4411 Cum
1643 4355 1722 4413 ob
1750 4356 2168 4416 rationabilem

510 4457 757 4498 causam
772 4441 1001 4498 tradere
1018 4457 1140 4497 non
1158 4451 1429 4513 possent,
1444 4448 1643 4501 tamen
1660 4461 1784 4517 prae
1797 4446 2156 4507 humanitate

2286 4450 2486 4523 εὔλογον
2508 4451 2701 4519 αἰτίαν,
2737 4453 2871 4524 ὅμως
2898 4455 2998 4506 ὑπὸ
3030 4454 3415 4531 φιλανθρωπίας
3446 4457 3891 4529 συμϐουλεύουσι.

512 4530 1193 4586 consulunt.Vendentes
1205 4532 1449 4603 quidem
1465 4539 1604 4591 sunt
1617 4550 1915 4608 pauperes
1933 4553 1943 4591 :
1959 4553 2156 4596 verum

2286 4540 2576 4603 Πωλοῦντες
2625 4538 2686 4595 δέ
2723 4542 2855 4596 εἰσιν
2905 4546 2954 4596 οἱ
2990 4549 3199 4605 πένητες
3237 4558 3252 4574 ”
3301 4545 3408 4598 ἀλλ’
3447 4547 3505 4600 οὐ
3546 4551 3660 4601 τότε
3689 4546 3896 4601 πωλοῦ-

515 4624 658 4676 tunc
682 4634 806 4676 non
827 4619 1115 4677 vendunt.

2286 4650 2389 4688 σιν,

547 4729 554 4735 ’
588 4742 679 4799 ⁷³1
709 4742 911 4800 Thess.
955 4760 1032 4811 ιγ,
1065 4745 1152 4803 16.

2324 838 2475 887 Πέντε
2530 866 2598 875 —
2657 833 2843 888 αὐτῶν.
2904 832 3111 886 ’Ἐλαιον
3156 832 3301 887 καλεῖ
3357 839 3451 894 τὴν
3512 834 3695 909 ἀρετὴν
3767 846 3869 901 τῆς

2251 923 2619 997 ἐλεημοσύνης.
2654 926 2843 997 Μωράς
2901 921 2958 976 δὲ
3006 926 3199 984 ταύτας
3228 923 3436 986 εἰκότως
3466 925 3724 993 ἐκάλεσεν,
3757 929 3863 995 ὅτι,

2251 1017 2337 1066 τὸν
2366 1010 2558 1088 δριμὺν
2590 1018 2678 1066 καὶ
2712 1010 2940 1088 σφοδρὸν
2971 1021 3062 1065 τοῦ
3094 1019 3330 1087 σώματος
3351 1017 3517 1088 ἔρωτα
3546 1022 3862 1089 νικήσασαι,

2252 1108 2342 1156 καὶ
2367 1107 2453 1155 τὸν
2484 1105 2700 1176 μείζονα
2729 1108 2879 1155 πόνον
2912 1105 3232 1171 ύποστᾶσαι,
3262 1113 3357 1167 τῆς
3383 1102 3663 1177 φειδωλίας
3702 1108 3871 1167 ἡττη-

2260 1730 2392 1783 καλά
2425 1728 2484 1785 δὲ
2510 1731 2722 1785 κάκεῖνα
2751 1738 2841 1785 καὶ
2869 1732 3085 1807 ταῦτα.]

2332 1822 2678 1897 Χρονίζοντος
2697 1854 2767 1865 -—
2797 1819 3097 1876 ἐκάθευδον.
3119 1824 3463 1898 Χρονίζοντος
3494 1822 3588 1878 διὰ
3616 1830 3711 1885 τὴν
3740 1826 3881 1903 βρα-

2264 1908 2472 1971 δυτῆτα
2496 1921 2589 1973 τῆς
2622 1909 2863 1986 δευτέρας
2883 1918 3193 1988 παρουσίας.
3218 1918 3537 1988 Νυσταγμόν
3566 1911 3625 1968 δὲ
3648 1916 3885 1971 ἐνταῦθα

2260 2008 2355 2061 τὴν
2386 2001 2756 2077 ψυχορραγίαν
2788 2004 2903 2075 (49)
2935 2003 3270 2071 ὑποληπτέον,
3306 2004 3461 2058 ὕπνον
3503 2002 3562 2059 δε
3592 2010 3675 2059 τὸν
3709 2009 3883 2060 θάναο

2263 2112 2369 2146 τον.

2335 2186 2516 2243 Μέσης
2544 2213 2612 2221 ——
2644 2179 2935 2239 ἀπάντησιν
2960 2182 3140 2237 αὐτοῦ.
3172 2188 3350 2247 Μέσης
3374 2192 3470 2248 τῆς
3498 2188 3683 2246 νυκτός
3712 2182 3880 2251 εἶπεν,

2265 2272 2295 2331 ἦ
2327 2270 2479 2324 πάλιν
2534 2274 2591 2323 τὸ
2626 2270 2917 2324 ἀνύποπτον
2967 2278 3057 2325 καὶ
3090 2271 3489 2347 ἀπροσδόκητον
3530 2274 3809 2349 ἐμφαίνων,
3843 2277 3879 2336 ἦ

2265 2357 2587 2433 παραδηλῶν
2625 2362 2704 2413 ὅτι
2758 2360 2805 2412 ἐν
2857 2367 3007 2415 νυκτὶ
3048 2368 3320 2434 γενήσεται
3349 2367 3378 2423 ἡ
3445 2364 3730 2426 ἀνάστασις
3775 2374 3888 2418 τῶν

2265 2459 2471 2526 νεκρῶν.
2507 2456 2611 2509 Τὴν
2645 2448 2703 2504 δὲ
2745 2452 2995 2526 ῥηθεῖσαν
3048 2458 3283 2527 κραυγὴν
3316 2456 3340 2506 ὁ
3369 2454 3570 2517 Παῦλος
3618 2455 3894 2528 κελευσμοι

2266 2546 2357 2593 καὶ
2387 2546 2556 2613 φωνην
2596 2539 2941 2613 ἀρχαγγάλου
2973 2544 3198 2617 εἱρηκεν.
3260 2543 3573 2619 Ἐξέρχεσθε
3609 2541 3668 2598 δε
3709 2541 3890 2604 δηλο-

2266 2635 2377 2683 νότι
2408 2630 2459 2682 ἐκ
2490 2638 2589 2683 τῶν
2616 2636 2897 2703 μνημείων.

2338 2724 2462 2773 Τότε
2510 2750 2579 2761 -
2609 2720 2797 2774 αὐτῶν.
2851 2728 3025 2774 Πᾶσαι
3055 2725 3145 2794 μὲν
3172 2723 3473 2797 ἠγέρθησαν
3500 2742 3513 2755 ’
3567 2724 3888 2798 ἐκόσμησαν

2271 2804 2329 2861 δὲ
2358 2811 2451 2872 τὰς
2479 2808 2760 2882 λαμπάδας
2791 2811 2982 2863 ἑαυτῶν
3045 2814 3098 2864 αἱ
3153 2818 3410 2887 φρόνιμοι.
3446 2814 3785 2887 Ἐκόσμησαν
3820 2810 3892 2870 δὲ

2268 2898 2427 2960 αὐτὰς
2457 2908 2526 2971 τῷ
2556 2904 2740 2973 κόσμῳ
2770 2908 2863 2953 τοῦ
2885 2900 3078 2954 ἐλαίου.

2341 2991 2405 3043 Αἰ
2446 2986 2505 3042 δὲ
2556 2994 2729 3062 μωραὶ
2780 3022 2847 3032 -
2903 2990 3221 3044 σϐέννυνταῖ.
3293 2997 3394 3046 Καὶ
3442 3000 3593 3047 τοῦτο
3649 2998 3882 3069 μωρίας,

2268 3079 2327 3129 τὸ
2356 3074 2732 3152 προσδοκῆσαι
2770 3084 2875 3133 ἐκεῖ
2922 3080 3088 3133 ἔλαιον
3142 3080 3314 3135 λαϐειν
3368 3084 3441 3146 εἷς
3467 3088 3753 3158 κόσμησιν,
3786 3090 3886 3139 καὶ

2345 3537 2734 3610 Ἀπεκρίθησαν
2766 3570 2831 3578 -
2864 3540 3011 3611 ὑμῖν,
3045 3544 3145 3593 Καὶ
3174 3548 3325 3594 τοῦτο
3351 3546 3662 3614 φρονήσεως.
3686 3540 3893 3598 Διδασ-

2274 3644 2352 3678 κει
2383 3622 2441 3678 δὲ
2481 3628 2505 3677 ό
2532 3626 2700 3698 λὸγός,
2743 3629 2823 3680 ὅτι
2853 3625 3027 3691 οὐδεὶς
3077 3628 3133 3681 ἐκ
3158 3639 3249 3691 τῆς
3278 3630 3470 3694 οἰκέίας
3500 3630 3684 3708 ἀρετῆς
3713 3634 3890 3707 ἕτερον

2354 4363 2642 4435 Πορεύεσθε
2664 4392 2733 4416 -ς-
2760 4363 2988 4426 ἑαυταῖς.
3018 4368 3103 4423 Μὴ
3148 4362 3433 4438 δυνάμεναι
3459 4363 3775 4440 μεταδοῦναι
3802 4363 3891 4420 δί’

1744 4877 1969 4947 Variae
2006 4879 2336 4953 lectiones
2378 4894 2443 4952 et
2482 4894 2662 4954 notae

613 5017 704 5121 47)
731 5018 1053 5091 Παρθενικάς
1081 5015 1365 5091 λαμπάδας
1396 5021 1438 5072 Α
1456 5062 1467 5075 .

618 5091 677 5121 ιΩ
736 5090 965 5121 Ῐηηιιιοη
1002 5090 1057 5121 ἔτι
1116 5090 1387 5121 τηανηῖηη
1440 5091 1617 5121 ι-...ιυςι
1672 5093 1857 5121 ΑΑᾹΑ-ν
1908 5098 2150 5121 ..ιιι-η..-

2286 5032 2398 5121 75E:
2410 5026 2725 5121 dei-aridam
2744 5029 3028 5121 morituris
3044 5030 3264 5121 dicitur
3291 5031 3899 5121 Apoll.'Rhod.II,835:

613 5043 672 5074 lu
735 5043 1053 5091 ιιαρυενικας
1084 5043 1291 5091 Λαμπαο
1305 5043 1365 5081 ας
1396 5043 1467 5075 Α.

612 5043 1617 5195 ffihs‘aﬁamsés:habet
1647 5093 2152 5195 ρξε’-τέθκηέιίεταυθ

2286 5043 2391 5100 γειν
2410 5043 2725 5154 αθὲξιιηβῐη
2744 5043 3028 5086 morituris
3044 5043 3264 5088 dieitur
3291 5043 3643 5121 Apothhoc

2558 5102 2741 5195 ἕτεροι
2762 5100 2846 5195 ἐπὶ
2866 5110 2977 5195 Vi“
3007 5107 3153 5195 ῖέρργ
3179 5104 3643 5195 φρασθέντα-

589 5123 701 5163 ‘TU,
736 5123 972 5146 ιιιυιυοα
1002 5123 1062 5145 lu
1117 5123 1387 5159 ωαιεςιυῠ
1440 5123 1617 5148 υιιυσι
1670 5123 1858 5149 υυιιῠλ
1911 5123 2152 5167 IIICI-qut:

516 5167 665 5253 Ante
692 5162 822 5244 haec
861 5162 1228 5253 ets-margine
1270 5164 1585 5253 lien-tenuis
1609 5164 1773 5253 addit
1801 5165 1998 5253 :IDieit
2021 5183 2154 5253 ergo

2366 5123 2455 5152 ιον
2485 5123 2511 5154 σ
2567 5123 2741 5175 εταροι
2763 5123 2846 5156 επι
2876 5123 2977 5162 νηα
3003 5123 3153 5229 φερον
3179 5123 3643 5195 ψυχορραγεοντα.

2425 5176 2711 5253 gurgustio“
2727 5180 2971 5253 χείρεσσι
3087 5177 3177 5253 ἑῶν
3207 5176 3277 5230 ἐνὶ
3303 5179 3516 5253 κάτθαν’
3548 5178 3783 5253 έταίρων.

519 5235 665 5307 quod
687 5235 846 5316 uirgo
872 5235 1090 5316 etiamsi
1117 5235 1181 5316 in.
1209 5236 1420 5316 Ceretanis
1447 5235 1579 5316 liene
1612 5252 1671 5292 se
1730 5238 1961 5303 habeat,
1992 5240 2065 5316 sit
2099 5247 2179 5316 ta_-
2339 5235 2470 5316 (59)
2505 5235 2766 5301 Οίϊθηᾶὸ
2790 5235 2851 5302 in
2898 5248 2994 5303 his
3027 5248 3260 5305 duobus
3307 5251 3638 5307 vocabulis.
3662 5235 3903 5307 'Hente-

518 5306 637 5390 men
656 5306 1523 5390 eleefnosynceggnlisdestituta,
1550 5324 1825 5390 unafuin
1841 5311 2049 5390 scortis
2074 5313 2179 5390 eji—
2287 5306 2425 5390 pius
2457 5306 2533 5390 ita
2560 5318 2834 5383 reddidit,
2865 5336 2934 5375 ac
2966 5321 3012 5375 si
3042 5306 3442 5390 repererit,rr6
3472 5306 3609 5377 τότε.
3648 5306 3760 5380 sed
3786 5306 3909 5382 nec

523 5377 1023 5465 cit-ur,‘etmeritlo.
1045 5379 1196 5434 Unde
1224 5378 1617 5465 oiz’ginitatem
1647 5380 1791 5465 dicit
1814 5377 2156 5450 υίίίινρυνίὶα

2288 5386 2403 5465 hoc
2429 5387 2639 5460 placet.
2677 5377 2862 5454 Forte,
2896 5396 2986 5444 καὶ
3018 5377 3184 5447 ταῦτα
3209 5377 3400 5463 ἄλλοις,
3422 5400 3545 5465 aut,
3576 5377 3750 5449 xaiv't'b
3781 5377 3908 5453 τότε

525 5448 1065 5527 temio‘leumautem
1088 5456 1252 5527 vocet
1270 5450 1714 5518 humanitatem,
1743 5448 2176 5527 eleemosynam,
2291 5448 2480 5521 ἄλλοίς.

522 5520 815 5613 aumatium
849 5522 1035 5613 egenis
1051 5522 1439 5613 Σ
1662 5612 1669 5613 7
1704 5596 1720 5613 γ’
1981 5520 2000 5527 ⁷
2064 5601 2107 5613 Η
2163 5520 2173 5527 ’
2366 5520 2477 5613 (ᾗ)
2507 5531 3138 5613 lta_etiam_Chrysost.
3167 5538 3334 5595 Tom.
3357 5540 3471 5611 VH,
3503 5556 3563 5613 p.
3596 5539 3722 5598 753.

600 5532 815 5578 ξειιιιιηι
849 5537 1035 5591 egents
1051 5532 1401 5590 ρΫωδηίΜΤη.

598 5593 708 5671 (46)
749 5594 1100 5673 ὶξίυχορραγία
1139 5598 1226 5650 est
1261 5594 1439 5651 animi
1502 5595 1835 5669 deliquium.
1894 5601 2152 5676 Ψυχορῥα

2364 5532 2477 5679 (51)
2512 5532 2593 5588 Ita
2632 5533 2808 5589 etiam
2839 5534 3110 5607 Chrysost

2386 5604 2454 5660 52
2506 5604 2743 5663 Inclusa
2782 5606 3005 5665 absunt
3043 5610 3110 5668 A.

599 5716 673 5807 (9)
704 5716 1050 5776 Tenacitate.
1090 5720 1313 5793 Vitiosa
1336 5722 1735 5802 parcimonia.
