  <div class='ocr_page' id='page_1' title='image "/cluster/home/n/w/nwhite01/storage/ocr_20150623/129/coo.31924054870344/326.png"; bbox 0 0 4096 6388; ppageno 0'>
   <div class='ocr_carea' id='block_1_1' title="bbox 219 352 325 412">
    <p class='ocr_par' dir='ltr' id='par_1_1' title="bbox 219 352 325 412">
     <span class='ocr_line' id='line_1_1' title="bbox 219 352 325 412; baseline 0 0"><span class='ocrx_word' id='word_1_1' title='bbox 219 352 325 412; x_wconf 88' lang='lat'>633</span> 
     </span>
    </p>
   </div>
   <div class='ocr_carea' id='block_1_2' title="bbox 1127 356 2631 417">
    <p class='ocr_par' dir='ltr' id='par_1_2' title="bbox 1127 356 2631 417">
     <span class='ocr_line' id='line_1_2' title="bbox 1127 356 2631 417; baseline -0.003 -1"><span class='ocrx_word' id='word_1_2' title='bbox 1127 358 1497 417; x_wconf 87' lang='lat' dir='ltr'>COMMENT.</span> <span class='ocrx_word' id='word_1_3' title='bbox 1538 359 1607 415; x_wconf 88' lang='lat' dir='ltr'>IN</span> <span class='ocrx_word' id='word_1_4' title='bbox 1646 356 2101 416; x_wconf 61' lang='lat' dir='ltr'>MATTHIEUM.</span> <span class='ocrx_word' id='word_1_5' title='bbox 2151 388 2220 399; x_wconf 93' lang='lat'>—-</span> <span class='ocrx_word' id='word_1_6' title='bbox 2260 357 2415 415; x_wconf 87' lang='lat' dir='ltr'>CAP.</span> <span class='ocrx_word' id='word_1_7' title='bbox 2455 357 2631 415; x_wconf 87' lang='lat' dir='ltr'>XXV.</span> 
     </span>
    </p>
   </div>
   <div class='ocr_carea' id='block_1_3' title="bbox 3499 354 3604 415">
    <p class='ocr_par' dir='ltr' id='par_1_3' title="bbox 3499 354 3604 415">
     <span class='ocr_line' id='line_1_3' title="bbox 3499 354 3604 415; baseline 0.019 -2"><span class='ocrx_word' id='word_1_8' title='bbox 3499 354 3604 415; x_wconf 73' lang='grc'>634</span> 
     </span>
    </p>
   </div>
   <div class='ocr_carea' id='block_1_4' title="bbox 292 482 1810 560">
    <p class='ocr_par' dir='ltr' id='par_1_4' title="bbox 292 482 1805 560">
     <span class='ocr_line' id='line_1_4' title="bbox 292 482 1805 560; baseline 0.003 -25"><span class='ocrx_word' id='word_1_9' title='bbox 292 482 685 555; x_wconf 77' lang='grc' dir='ltr'><em>’Δπερχομένων</em></span> <span class='ocrx_word' id='word_1_10' title='bbox 758 516 829 524; x_wconf 93' lang='lat'>—-</span> <span class='ocrx_word' id='word_1_11' title='bbox 893 488 1126 558; x_wconf 78' lang='grc' dir='ltr'><em>νυμφίος.</em></span> <span class='ocrx_word' id='word_1_12' title='bbox 1183 484 1463 560; x_wconf 61' lang='grc' dir='ltr'>⁴⁸Ωνρμησαν</span> <span class='ocrx_word' id='word_1_13' title='bbox 1519 488 1609 560; x_wconf 79' lang='grc' dir='ltr'>μεν</span> <span class='ocrx_word' id='word_1_14' title='bbox 1678 484 1805 540; x_wconf 80' lang='grc' dir='ltr'><em>ἁπελ</em></span> 
     </span>
    </p>
   </div>
   <div class='ocr_carea' id='block_1_5' title="bbox 1932 482 3603 560">
    <p class='ocr_par' dir='ltr' id='par_1_5' title="bbox 2020 484 3603 555">
     <span class='ocr_line' id='line_1_5' title="bbox 2020 484 3603 555; baseline -0.001 -15"><span class='ocrx_word' id='word_1_15' title='bbox 2020 487 2178 540; x_wconf 85' lang='lat' dir='ltr'>Vers.</span> <span class='ocrx_word' id='word_1_16' title='bbox 2221 485 2301 540; x_wconf 82' lang='grc'>10.</span> <span class='ocrx_word' id='word_1_17' title='bbox 2336 485 2633 542; x_wconf 76' lang='lat' dir='ltr'>Euntibus</span> <span class='ocrx_word' id='word_1_18' title='bbox 2659 515 2728 525; x_wconf 94' lang='lat'>—</span> <span class='ocrx_word' id='word_1_19' title='bbox 2757 499 3015 555; x_wconf 77' lang='lat' dir='ltr'>sponsus.</span> <span class='ocrx_word' id='word_1_20' title='bbox 3042 486 3439 541; x_wconf 85' lang='lat' dir='ltr'>Tentaverth</span> <span class='ocrx_word' id='word_1_21' title='bbox 3470 484 3603 555; x_wconf 86' lang='lat' dir='ltr'>qui-</span> 
     </span>
    </p>
   </div>
   <div class='ocr_carea' id='block_1_6' title="bbox 224 568 1829 640">
    <p class='ocr_par' dir='ltr' id='par_1_6' title="bbox 224 568 1829 640">
     <span class='ocr_line' id='line_1_6' title="bbox 224 568 1829 640; baseline 0.004 -15"><span class='ocrx_word' id='word_1_22' title='bbox 224 572 343 638; x_wconf 83' lang='grc' dir='ltr'><em>θεῖν,</em></span> <span class='ocrx_word' id='word_1_23' title='bbox 387 571 483 626; x_wconf 68' lang='grc' dir='ltr'><em>οὐκ</em></span> <span class='ocrx_word' id='word_1_24' title='bbox 532 568 882 632; x_wconf 71' lang='grc' dir='ltr'>ἠδυνήθησαν</span> <span class='ocrx_word' id='word_1_25' title='bbox 928 571 1004 629; x_wconf 78' lang='grc' dir='ltr'>δέ.</span> <span class='ocrx_word' id='word_1_26' title='bbox 1062 579 1300 629; x_wconf 87' lang='grc' dir='ltr'><em>Δείκνυσι</em></span> <span class='ocrx_word' id='word_1_27' title='bbox 1352 573 1409 631; x_wconf 75' lang='grc' dir='ltr'>δὲ</span> <span class='ocrx_word' id='word_1_28' title='bbox 1460 582 1548 631; x_wconf 85' lang='grc' dir='ltr'><em>καὶ</em></span> <span class='ocrx_word' id='word_1_29' title='bbox 1606 577 1756 640; x_wconf 80' lang='grc' dir='ltr'><em>οὗτος</em></span> <span class='ocrx_word' id='word_1_30' title='bbox 1804 578 1829 631; x_wconf 89' lang='grc' dir='ltr'>ό</span> 
     </span>
    </p>
   </div>
   <div class='ocr_carea' id='block_1_7' title="bbox 220 659 1491 742">
    <p class='ocr_par' dir='ltr' id='par_1_7' title="bbox 220 659 1491 742">
     <span class='ocr_line' id='line_1_7' title="bbox 220 659 1491 742; baseline 0.006 -30"><span class='ocrx_word' id='word_1_31' title='bbox 220 659 370 734; x_wconf 89' lang='grc' dir='ltr'><em>λόγος</em></span> <span class='ocrx_word' id='word_1_32' title='bbox 398 662 480 716; x_wconf 85' lang='grc' dir='ltr'><em>ὃτι</em></span> <span class='ocrx_word' id='word_1_33' title='bbox 508 667 621 716; x_wconf 84' lang='grc' dir='ltr'><em>τότε</em></span> <span class='ocrx_word' id='word_1_34' title='bbox 650 668 856 736; x_wconf 88' lang='grc' dir='ltr'><em>ματαία</em></span> <span class='ocrx_word' id='word_1_35' title='bbox 889 666 919 724; x_wconf 80' lang='grc' dir='ltr'>ἡ</span> <span class='ocrx_word' id='word_1_36' title='bbox 956 668 1086 739; x_wconf 89' lang='grc' dir='ltr'><em>πρὸς</em></span> <span class='ocrx_word' id='word_1_37' title='bbox 1119 664 1304 740; x_wconf 82' lang='grc' dir='ltr'><em>ἀρετὴν</em></span> <span class='ocrx_word' id='word_1_38' title='bbox 1335 667 1491 742; x_wconf 77' lang='grc' dir='ltr'><em>ὁρμή.</em></span> 
     </span>
    </p>
   </div>
   <div class='ocr_carea' id='block_1_8' title="bbox 292 861 1830 940">
    <p class='ocr_par' dir='ltr' id='par_1_8' title="bbox 292 861 1830 940">
     <span class='ocr_line' id='line_1_8' title="bbox 292 861 1830 940; baseline 0.007 -29"><span class='ocrx_word' id='word_1_39' title='bbox 292 861 393 912; x_wconf 80' lang='grc' dir='ltr'>Καὶ</span> <span class='ocrx_word' id='word_1_40' title='bbox 450 890 522 899; x_wconf 88' lang='grc'><strong>-</strong></span> <span class='ocrx_word' id='word_1_41' title='bbox 581 861 733 933; x_wconf 82' lang='grc' dir='ltr'><em>θύρα·</em></span> <span class='ocrx_word' id='word_1_42' title='bbox 787 864 953 936; x_wconf 90' lang='grc' dir='ltr'><em>Γάμοι</em></span> <span class='ocrx_word' id='word_1_43' title='bbox 1005 862 1136 917; x_wconf 80' lang='grc' dir='ltr'><em>εἰσὶν</em></span> <span class='ocrx_word' id='word_1_44' title='bbox 1190 867 1221 924; x_wconf 80' lang='grc' dir='ltr'>ἡ</span> <span class='ocrx_word' id='word_1_45' title='bbox 1281 870 1522 919; x_wconf 77' lang='grc' dir='ltr'>κοινωνία</span> <span class='ocrx_word' id='word_1_46' title='bbox 1583 874 1675 928; x_wconf 82' lang='grc' dir='ltr'>τῆς</span> <span class='ocrx_word' id='word_1_47' title='bbox 1732 867 1830 940; x_wconf 82' lang='grc' dir='ltr'>βα-</span> 
     </span>
    </p>
   </div>
   <div class='ocr_carea' id='block_1_9' title="bbox 224 947 1824 1030">
    <p class='ocr_par' dir='ltr' id='par_1_9' title="bbox 224 947 1824 1030">
     <span class='ocr_line' id='line_1_9' title="bbox 224 947 1824 1030; baseline 0.007 -28"><span class='ocrx_word' id='word_1_48' title='bbox 224 947 418 1010; x_wconf 83' lang='grc' dir='ltr'><em>σιλείας</em></span> <span class='ocrx_word' id='word_1_49' title='bbox 465 957 567 1002; x_wconf 86' lang='grc' dir='ltr'><em>τῶν</em></span> <span class='ocrx_word' id='word_1_50' title='bbox 612 950 864 1024; x_wconf 77' lang='grc' dir='ltr'>οὐρανῶν,</span> <span class='ocrx_word' id='word_1_51' title='bbox 907 957 997 1006; x_wconf 85' lang='grc' dir='ltr'>καὶ</span> <span class='ocrx_word' id='word_1_52' title='bbox 1053 955 1082 1012; x_wconf 84' lang='grc' dir='ltr'><strong>ἠ</strong></span> <span class='ocrx_word' id='word_1_53' title='bbox 1142 958 1236 1007; x_wconf 85' lang='grc' dir='ltr'>σὺν</span> <span class='ocrx_word' id='word_1_54' title='bbox 1293 964 1509 1029; x_wconf 83' lang='grc' dir='ltr'>Χριστῷ</span> <span class='ocrx_word' id='word_1_55' title='bbox 1559 953 1824 1030; x_wconf 79' lang='grc' dir='ltr'><em>διαγωγή.</em></span> 
     </span>
    </p>
   </div>
   <div class='ocr_carea' id='block_1_10' title="bbox 286 1036 1829 1123">
    <p class='ocr_par' dir='ltr' id='par_1_10' title="bbox 286 1036 1829 1123">
     <span class='ocr_line' id='line_1_10' title="bbox 286 1036 1829 1123; baseline 0.005 -30"><span class='ocrx_word' id='word_1_56' title='bbox 286 1036 534 1113; x_wconf 79' lang='grc' dir='ltr'><em>’Υστερον</em></span> <span class='ocrx_word' id='word_1_57' title='bbox 602 1071 669 1081; x_wconf 89' lang='lat'><strong>-</strong></span> <span class='ocrx_word' id='word_1_58' title='bbox 753 1043 900 1115; x_wconf 80' lang='grc' dir='ltr'><em>ἡμῖν.</em></span> <span class='ocrx_word' id='word_1_59' title='bbox 972 1045 1184 1098; x_wconf 84' lang='grc' dir='ltr'><em>Οῖονται</em></span> <span class='ocrx_word' id='word_1_60' title='bbox 1246 1047 1370 1119; x_wconf 80' lang='grc' dir='ltr'><em>γὰρ,</em></span> <span class='ocrx_word' id='word_1_61' title='bbox 1453 1049 1518 1107; x_wconf 85' lang='grc' dir='ltr'><em>ὡς</em></span> <span class='ocrx_word' id='word_1_62' title='bbox 1582 1050 1829 1123; x_wconf 73' lang='grc' dir='ltr'>παρθένοι</span> 
     </span>
    </p>
   </div>
   <div class='ocr_carea' id='block_1_11' title="bbox 221 1128 483 1183">
    <p class='ocr_par' dir='ltr' id='par_1_11' title="bbox 221 1128 483 1183">
     <span class='ocr_line' id='line_1_11' title="bbox 221 1128 483 1183; baseline 0.004 -1"><span class='ocrx_word' id='word_1_63' title='bbox 221 1128 483 1183; x_wconf 75' lang='grc' dir='ltr'><em>εἰσελθεῖν.</em></span> 
     </span>
    </p>
   </div>
   <div class='ocr_carea' id='block_1_12' title="bbox 283 1215 1826 1302">
    <p class='ocr_par' dir='ltr' id='par_1_12' title="bbox 283 1215 1826 1302">
     <span class='ocr_line' id='line_1_12' title="bbox 283 1215 1826 1302; baseline 0.007 -31"><span class='ocrx_word' id='word_1_64' title='bbox 283 1225 341 1271; x_wconf 85' lang='grc' dir='ltr'>Ὀ</span> <span class='ocrx_word' id='word_1_65' title='bbox 397 1215 458 1273; x_wconf 70' lang='grc' dir='ltr'>δὲ</span> <span class='ocrx_word' id='word_1_66' title='bbox 514 1251 584 1259; x_wconf 91' lang='lat'>—</span> <span class='ocrx_word' id='word_1_67' title='bbox 632 1222 788 1293; x_wconf 75' lang='grc' dir='ltr'><em>ὑμᾶς,</em></span> <span class='ocrx_word' id='word_1_68' title='bbox 842 1222 917 1275; x_wconf 59' lang='lat' dir='ltr'>Oti</span> <span class='ocrx_word' id='word_1_69' title='bbox 970 1229 1230 1299; x_wconf 77' lang='grc' dir='ltr'>γνωρίζω,</span> <span class='ocrx_word' id='word_1_70' title='bbox 1304 1233 1481 1300; x_wconf 78' lang='grc' dir='ltr'><em>φησὶν,</em></span> <span class='ocrx_word' id='word_1_71' title='bbox 1542 1230 1692 1302; x_wconf 80' lang='grc' dir='ltr'><em>ὑμᾶς,</em></span> <span class='ocrx_word' id='word_1_72' title='bbox 1762 1233 1826 1293; x_wconf 90' lang='grc' dir='ltr'><em>ὡς</em></span> 
     </span>
    </p>
   </div>
   <div class='ocr_carea' id='block_1_13' title="bbox 216 1306 1823 1388">
    <p class='ocr_par' dir='ltr' id='par_1_13' title="bbox 216 1306 1823 1388">
     <span class='ocr_line' id='line_1_13' title="bbox 216 1306 1823 1388; baseline 0.008 -28"><span class='ocrx_word' id='word_1_73' title='bbox 216 1306 537 1382; x_wconf 75' lang='grc' dir='ltr'><em>ἔσϐεσμένων</em></span> <span class='ocrx_word' id='word_1_74' title='bbox 591 1318 691 1363; x_wconf 86' lang='grc' dir='ltr'><em>τῶν</em></span> <span class='ocrx_word' id='word_1_75' title='bbox 747 1310 1036 1385; x_wconf 78' lang='grc' dir='ltr'>λαμπάδων</span> <span class='ocrx_word' id='word_1_76' title='bbox 1076 1316 1238 1388; x_wconf 83' lang='grc' dir='ltr'>ὑμῶν.</span> <span class='ocrx_word' id='word_1_77' title='bbox 1286 1323 1453 1371; x_wconf 86' lang='grc' dir='ltr'><em>Γνῶσι</em></span> <span class='ocrx_word' id='word_1_78' title='bbox 1508 1315 1567 1373; x_wconf 73' lang='grc' dir='ltr'>δὲ</span> <span class='ocrx_word' id='word_1_79' title='bbox 1603 1329 1690 1373; x_wconf 78' lang='grc' dir='ltr'>νῦν</span> <span class='ocrx_word' id='word_1_80' title='bbox 1729 1325 1823 1380; x_wconf 79' lang='grc' dir='ltr'><em>τὴν</em></span> 
     </span>
    </p>
   </div>
   <div class='ocr_carea' id='block_1_14' title="bbox 212 1394 1821 1483">
    <p class='ocr_par' dir='ltr' id='par_1_14' title="bbox 212 1394 1821 1483">
     <span class='ocr_line' id='line_1_14' title="bbox 212 1394 1821 1483; baseline 0.011 -36"><span class='ocrx_word' id='word_1_81' title='bbox 212 1394 264 1459; x_wconf 81' lang='grc' dir='ltr'>ἐξ</span> <span class='ocrx_word' id='word_1_82' title='bbox 314 1398 627 1462; x_wconf 82' lang='grc' dir='ltr'><em>οἰκειώσεως</em></span> <span class='ocrx_word' id='word_1_83' title='bbox 680 1406 893 1461; x_wconf 85' lang='grc' dir='ltr'><em>νόησον.</em></span> <span class='ocrx_word' id='word_1_84' title='bbox 944 1401 1135 1469; x_wconf 77' lang='grc' dir='ltr'><em>Οὐδεὶς</em></span> <span class='ocrx_word' id='word_1_85' title='bbox 1181 1410 1282 1481; x_wconf 76' lang='grc' dir='ltr'><em>γὰρ</em></span> <span class='ocrx_word' id='word_1_86' title='bbox 1335 1406 1621 1483; x_wconf 80' lang='grc' dir='ltr'><em>ἁνελεήμων</em></span> <span class='ocrx_word' id='word_1_87' title='bbox 1669 1411 1821 1464; x_wconf 84' lang='grc' dir='ltr'><em>οἰκει-</em></span> 
     </span>
    </p>
   </div>
   <div class='ocr_carea' id='block_1_15' title="bbox 210 1488 1824 1572">
    <p class='ocr_par' dir='ltr' id='par_1_15' title="bbox 210 1488 1824 1572">
     <span class='ocr_line' id='line_1_15' title="bbox 210 1488 1824 1572; baseline 0.011 -34"><span class='ocrx_word' id='word_1_88' title='bbox 210 1492 357 1540; x_wconf 77' lang='grc' dir='ltr'><em>οῦται</em></span> <span class='ocrx_word' id='word_1_89' title='bbox 416 1497 492 1561; x_wconf 80' lang='grc' dir='ltr'><em>τῷ</em></span> <span class='ocrx_word' id='word_1_90' title='bbox 550 1488 784 1565; x_wconf 76' lang='grc' dir='ltr'><em>ἐλεήμονι</em></span> <span class='ocrx_word' id='word_1_91' title='bbox 848 1499 1086 1569; x_wconf 84' lang='grc' dir='ltr'><em>Χριστῷ.</em></span> <span class='ocrx_word' id='word_1_92' title='bbox 1139 1500 1298 1571; x_wconf 83' lang='grc' dir='ltr'><em>Οἴμοι</em></span> <span class='ocrx_word' id='word_1_93' title='bbox 1356 1498 1369 1553; x_wconf 84' lang='lat' dir='ltr'>l</span> <span class='ocrx_word' id='word_1_94' title='bbox 1430 1502 1561 1572; x_wconf 82' lang='grc' dir='ltr'><em>μετὰ</em></span> <span class='ocrx_word' id='word_1_95' title='bbox 1624 1505 1824 1565; x_wconf 80' lang='grc' dir='ltr'><em>πόσους</em></span> 
     </span>
    </p>
   </div>
   <div class='ocr_carea' id='block_1_16' title="bbox 206 1581 1817 1664">
    <p class='ocr_par' dir='ltr' id='par_1_16' title="bbox 206 1581 1817 1664">
     <span class='ocr_line' id='line_1_16' title="bbox 206 1581 1817 1664; baseline 0.011 -36"><span class='ocrx_word' id='word_1_96' title='bbox 206 1581 412 1643; x_wconf 79' lang='grc' dir='ltr'>πόνους,</span> <span class='ocrx_word' id='word_1_97' title='bbox 470 1583 604 1651; x_wconf 79' lang='grc' dir='ltr'><em>μετὰ</em></span> <span class='ocrx_word' id='word_1_98' title='bbox 657 1586 850 1645; x_wconf 85' lang='grc' dir='ltr'><em>πόσους</em></span> <span class='ocrx_word' id='word_1_99' title='bbox 904 1582 1124 1657; x_wconf 79' lang='grc' dir='ltr'><em>ἀγῶνας,</em></span> <span class='ocrx_word' id='word_1_100' title='bbox 1185 1589 1316 1660; x_wconf 81' lang='grc' dir='ltr'><em>μετὰ</em></span> <span class='ocrx_word' id='word_1_101' title='bbox 1365 1594 1508 1643; x_wconf 91' lang='grc' dir='ltr'><em>πόσα</em></span> <span class='ocrx_word' id='word_1_102' title='bbox 1572 1596 1817 1664; x_wconf 88' lang='grc' dir='ltr'><em>τρόπαια,</em></span> 
     </span>
    </p>
   </div>
   <div class='ocr_carea' id='block_1_17' title="bbox 206 1666 1821 1748">
    <p class='ocr_par' dir='ltr' id='par_1_17' title="bbox 206 1666 1821 1748">
     <span class='ocr_line' id='line_1_17' title="bbox 206 1666 1821 1748; baseline 0.011 -30"><span class='ocrx_word' id='word_1_103' title='bbox 206 1666 239 1718; x_wconf 83' lang='grc' dir='ltr'><strong>οἶ</strong></span> <span class='ocrx_word' id='word_1_104' title='bbox 285 1670 426 1720; x_wconf 86' lang='grc' dir='ltr'><em>κατὰ</em></span> <span class='ocrx_word' id='word_1_105' title='bbox 460 1677 560 1731; x_wconf 87' lang='grc' dir='ltr'>τῆς</span> <span class='ocrx_word' id='word_1_106' title='bbox 608 1670 726 1745; x_wconf 78' lang='grc'>(53)</span> <span class='ocrx_word' id='word_1_107' title='bbox 780 1674 978 1746; x_wconf 78' lang='grc' dir='ltr'><em>φύσεως</em></span> <span class='ocrx_word' id='word_1_108' title='bbox 1021 1675 1290 1740; x_wconf 82' lang='grc' dir='ltr'><em>λυττώσης</em></span> <span class='ocrx_word' id='word_1_109' title='bbox 1331 1677 1643 1748; x_wconf 82' lang='grc' dir='ltr'><em>ἀνέστησαν,</em></span> <span class='ocrx_word' id='word_1_110' title='bbox 1702 1682 1821 1736; x_wconf 81' lang='grc' dir='ltr'><em>ἁπε-</em></span> 
     </span>
    </p>
   </div>
   <div class='ocr_carea' id='block_1_18' title="bbox 206 1757 1816 1841">
    <p class='ocr_par' dir='ltr' id='par_1_18' title="bbox 206 1757 1816 1841">
     <span class='ocr_line' id='line_1_18' title="bbox 206 1757 1816 1841; baseline 0.011 -33"><span class='ocrx_word' id='word_1_111' title='bbox 206 1759 524 1830; x_wconf 73' lang='grc' dir='ltr'><em>πέμφθησαν</em></span> <span class='ocrx_word' id='word_1_112' title='bbox 585 1757 680 1814; x_wconf 76' lang='grc' dir='ltr'>διὰ</span> <span class='ocrx_word' id='word_1_113' title='bbox 736 1766 831 1822; x_wconf 82' lang='grc' dir='ltr'><em>τὴν</em></span> <span class='ocrx_word' id='word_1_114' title='bbox 886 1763 1313 1839; x_wconf 71' lang='grc' dir='ltr'><em>ἀνελεημοσὺνην.</em></span> <span class='ocrx_word' id='word_1_115' title='bbox 1373 1768 1533 1823; x_wconf 77' lang='grc' dir='ltr'><em>’Ὅταν</em></span> <span class='ocrx_word' id='word_1_116' title='bbox 1594 1768 1654 1824; x_wconf 77' lang='grc' dir='ltr'>δέ</span> <span class='ocrx_word' id='word_1_117' title='bbox 1717 1793 1816 1841; x_wconf 81' lang='grc' dir='ltr'><em>τις,</em></span> 
     </span>
    </p>
   </div>
   <div class='ocr_carea' id='block_1_19' title="bbox 1940 574 3603 648">
    <p class='ocr_par' dir='ltr' id='par_1_19' title="bbox 1940 574 3603 648">
     <span class='ocr_line' id='line_1_19' title="bbox 1940 574 3603 648; baseline 0.001 -19"><span class='ocrx_word' id='word_1_118' title='bbox 1940 574 2079 631; x_wconf 91' lang='lat' dir='ltr'>dem</span> <span class='ocrx_word' id='word_1_119' title='bbox 2110 574 2297 646; x_wconf 87' lang='lat' dir='ltr'>abire,</span> <span class='ocrx_word' id='word_1_120' title='bbox 2327 575 2432 631; x_wconf 89' lang='lat' dir='ltr'>sed</span> <span class='ocrx_word' id='word_1_121' title='bbox 2462 591 2584 631; x_wconf 91' lang='lat' dir='ltr'>non</span> <span class='ocrx_word' id='word_1_122' title='bbox 2616 578 2963 648; x_wconf 89' lang='lat' dir='ltr'>potuerunt.</span> <span class='ocrx_word' id='word_1_123' title='bbox 3016 574 3287 632; x_wconf 85' lang='lat' dir='ltr'>Ostendit</span> <span class='ocrx_word' id='word_1_124' title='bbox 3317 580 3512 630; x_wconf 89' lang='lat' dir='ltr'>autem</span> <span class='ocrx_word' id='word_1_125' title='bbox 3545 578 3603 632; x_wconf 88' lang='lat' dir='ltr'>et</span> 
     </span>
    </p>
   </div>
   <div class='ocr_carea' id='block_1_20' title="bbox 1936 663 3601 740">
    <p class='ocr_par' dir='ltr' id='par_1_20' title="bbox 1936 663 3601 740">
     <span class='ocr_line' id='line_1_20' title="bbox 1936 663 3601 740; baseline 0 -20"><span class='ocrx_word' id='word_1_126' title='bbox 1936 663 2036 720; x_wconf 89' lang='lat' dir='ltr'>hic</span> <span class='ocrx_word' id='word_1_127' title='bbox 2068 681 2284 739; x_wconf 76' lang='lat' dir='ltr'>sermo,</span> <span class='ocrx_word' id='word_1_128' title='bbox 2319 665 2484 740; x_wconf 91' lang='lat' dir='ltr'>quod</span> <span class='ocrx_word' id='word_1_129' title='bbox 2528 670 2669 722; x_wconf 89' lang='lat' dir='ltr'>tunc</span> <span class='ocrx_word' id='word_1_130' title='bbox 2714 681 2904 722; x_wconf 90' lang='lat' dir='ltr'>vanus</span> <span class='ocrx_word' id='word_1_131' title='bbox 2937 666 3044 722; x_wconf 89' lang='lat' dir='ltr'>erit</span> <span class='ocrx_word' id='word_1_132' title='bbox 3099 666 3177 721; x_wconf 88' lang='lat' dir='ltr'>ad</span> <span class='ocrx_word' id='word_1_133' title='bbox 3202 665 3480 721; x_wconf 82' lang='lat' dir='ltr'>virtutem</span> <span class='ocrx_word' id='word_1_134' title='bbox 3506 679 3601 720; x_wconf 90' lang='lat' dir='ltr'>co-</span> 
     </span>
    </p>
   </div>
   <div class='ocr_carea' id='block_1_21' title="bbox 1936 759 2134 810">
    <p class='ocr_par' dir='ltr' id='par_1_21' title="bbox 1936 759 2134 810">
     <span class='ocr_line' id='line_1_21' title="bbox 1936 759 2134 810; baseline -0.005 -1"><span class='ocrx_word' id='word_1_135' title='bbox 1936 759 2134 810; x_wconf 90' lang='lat' dir='ltr'>natus.</span> 
     </span>
    </p>
   </div>
   <div class='ocr_carea' id='block_1_22' title="bbox 2008 843 3599 919">
    <p class='ocr_par' dir='ltr' id='par_1_22' title="bbox 2008 843 3599 919">
     <span class='ocr_line' id='line_1_22' title="bbox 2008 843 3599 919; baseline 0.002 -20"><span class='ocrx_word' id='word_1_136' title='bbox 2008 844 2165 901; x_wconf 85' lang='lat' dir='ltr'>Vers.</span> <span class='ocrx_word' id='word_1_137' title='bbox 2204 845 2289 901; x_wconf 91' lang='grc'>10.</span> <span class='ocrx_word' id='word_1_138' title='bbox 2327 847 2404 901; x_wconf 78' lang='lat' dir='ltr'>Et</span> <span class='ocrx_word' id='word_1_139' title='bbox 2429 878 2496 886; x_wconf 88' lang='lat'>—-</span> <span class='ocrx_word' id='word_1_140' title='bbox 2513 847 2725 917; x_wconf 84' lang='lat' dir='ltr'>janua.</span> <span class='ocrx_word' id='word_1_141' title='bbox 2763 846 2988 919; x_wconf 63' lang='lat' dir='ltr'>Nuptias</span> <span class='ocrx_word' id='word_1_142' title='bbox 3024 849 3161 902; x_wconf 91' lang='lat' dir='ltr'>sunt</span> <span class='ocrx_word' id='word_1_143' title='bbox 3190 843 3599 902; x_wconf 86' lang='lat' dir='ltr'>communica-</span> 
     </span>
    </p>
   </div>
   <div class='ocr_carea' id='block_1_23' title="bbox 1938 932 3476 1003">
    <p class='ocr_par' dir='ltr' id='par_1_23' title="bbox 1938 932 3476 1003">
     <span class='ocr_line' id='line_1_23' title="bbox 1938 932 3476 1003; baseline 0.001 -14"><span class='ocrx_word' id='word_1_144' title='bbox 1938 932 2017 990; x_wconf 89' lang='lat' dir='ltr'>tio</span> <span class='ocrx_word' id='word_1_145' title='bbox 2042 934 2209 1003; x_wconf 81' lang='lat' dir='ltr'>regni</span> <span class='ocrx_word' id='word_1_146' title='bbox 2239 935 2548 1003; x_wconf 66' lang='lat' dir='ltr'>caelorum,</span> <span class='ocrx_word' id='word_1_147' title='bbox 2580 941 2634 993; x_wconf 92' lang='lat' dir='ltr'>et</span> <span class='ocrx_word' id='word_1_148' title='bbox 2662 936 3033 993; x_wconf 80' lang='lat' dir='ltr'>conversatio</span> <span class='ocrx_word' id='word_1_149' title='bbox 3061 952 3199 992; x_wconf 91' lang='lat' dir='ltr'>cum</span> <span class='ocrx_word' id='word_1_150' title='bbox 3227 936 3476 991; x_wconf 81' lang='lat' dir='ltr'>Christo.</span> 
     </span>
    </p>
   </div>
   <div class='ocr_carea' id='block_1_24' title="bbox 2006 1026 3599 1099">
    <p class='ocr_par' dir='ltr' id='par_1_24' title="bbox 2006 1026 3599 1099">
     <span class='ocr_line' id='line_1_24' title="bbox 2006 1026 3599 1099; baseline 0.003 -20"><span class='ocrx_word' id='word_1_151' title='bbox 2006 1027 2166 1081; x_wconf 87' lang='lat' dir='ltr'>Vers.</span> <span class='ocrx_word' id='word_1_152' title='bbox 2200 1026 2281 1081; x_wconf 77' lang='grc'>11.</span> <span class='ocrx_word' id='word_1_153' title='bbox 2314 1029 2521 1084; x_wconf 79' lang='lat' dir='ltr'>Postea</span> <span class='ocrx_word' id='word_1_154' title='bbox 2553 1028 2814 1084; x_wconf 81' lang='lat' dir='ltr'>—nobis.</span> <span class='ocrx_word' id='word_1_155' title='bbox 2846 1027 3062 1084; x_wconf 77' lang='lat' dir='ltr'>Putant</span> <span class='ocrx_word' id='word_1_156' title='bbox 3092 1027 3251 1084; x_wconf 91' lang='lat' dir='ltr'>enim</span> <span class='ocrx_word' id='word_1_157' title='bbox 3284 1026 3449 1099; x_wconf 90' lang='lat' dir='ltr'>quod</span> <span class='ocrx_word' id='word_1_158' title='bbox 3471 1029 3599 1083; x_wconf 80' lang='lat' dir='ltr'>tan-</span> 
     </span>
    </p>
   </div>
   <div class='ocr_carea' id='block_1_25' title="bbox 1935 1114 2762 1187">
    <p class='ocr_par' dir='ltr' id='par_1_25' title="bbox 1935 1114 2762 1187">
     <span class='ocr_line' id='line_1_25' title="bbox 1935 1114 2762 1187; baseline 0.004 -17"><span class='ocrx_word' id='word_1_159' title='bbox 1935 1130 2117 1186; x_wconf 85' lang='lat' dir='ltr'>quam</span> <span class='ocrx_word' id='word_1_160' title='bbox 2150 1114 2409 1187; x_wconf 78' lang='lat' dir='ltr'>virgines</span> <span class='ocrx_word' id='word_1_161' title='bbox 2439 1118 2762 1173; x_wconf 89' lang='lat' dir='ltr'>intrabunt.</span> 
     </span>
    </p>
   </div>
   <div class='ocr_carea' id='block_1_26' title="bbox 2006 1205 3595 1280">
    <p class='ocr_par' dir='ltr' id='par_1_26' title="bbox 2006 1205 3595 1280">
     <span class='ocr_line' id='line_1_26' title="bbox 2006 1205 3595 1280; baseline 0 -20"><span class='ocrx_word' id='word_1_162' title='bbox 2006 1205 2170 1261; x_wconf 88' lang='lat' dir='ltr'>Vers.</span> <span class='ocrx_word' id='word_1_163' title='bbox 2212 1208 2291 1261; x_wconf 82' lang='lat' dir='ltr'>l2.</span> <span class='ocrx_word' id='word_1_164' title='bbox 2315 1208 2390 1261; x_wconf 82' lang='lat' dir='ltr'>At</span> <span class='ocrx_word' id='word_1_165' title='bbox 2415 1208 2551 1263; x_wconf 76' lang='lat' dir='ltr'>illos</span> <span class='ocrx_word' id='word_1_166' title='bbox 2585 1224 2705 1264; x_wconf 85' lang='lat' dir='ltr'>vos.</span> <span class='ocrx_word' id='word_1_167' title='bbox 2730 1212 2853 1264; x_wconf 89' lang='lat' dir='ltr'>Non</span> <span class='ocrx_word' id='word_1_168' title='bbox 2887 1223 3208 1277; x_wconf 86' lang='lat' dir='ltr'>cognosco,</span> <span class='ocrx_word' id='word_1_169' title='bbox 3230 1207 3439 1280; x_wconf 89' lang='lat' dir='ltr'>inquit,</span> <span class='ocrx_word' id='word_1_170' title='bbox 3463 1223 3595 1271; x_wconf 90' lang='lat' dir='ltr'>vos,</span> 
     </span>
    </p>
   </div>
   <div class='ocr_carea' id='block_1_27' title="bbox 1932 1295 3598 1370">
    <p class='ocr_par' dir='ltr' id='par_1_27' title="bbox 1932 1295 3598 1370">
     <span class='ocr_line' id='line_1_27' title="bbox 1932 1295 3598 1370; baseline -0.002 -15"><span class='ocrx_word' id='word_1_171' title='bbox 1932 1295 2237 1355; x_wconf 81' lang='lat' dir='ltr'>exstinctis</span> <span class='ocrx_word' id='word_1_172' title='bbox 2276 1297 2549 1354; x_wconf 87' lang='lat' dir='ltr'>videlicet</span> <span class='ocrx_word' id='word_1_173' title='bbox 2596 1297 2982 1370; x_wconf 88' lang='lat' dir='ltr'>lampadibus</span> <span class='ocrx_word' id='word_1_174' title='bbox 3013 1298 3240 1353; x_wconf 83' lang='lat' dir='ltr'>vestris.</span> <span class='ocrx_word' id='word_1_175' title='bbox 3303 1298 3598 1367; x_wconf 82' lang='lat' dir='ltr'>Cognitio-</span> 
     </span>
    </p>
   </div>
   <div class='ocr_carea' id='block_1_28' title="bbox 1931 1387 3594 1459">
    <p class='ocr_par' dir='ltr' id='par_1_28' title="bbox 1931 1387 3594 1459">
     <span class='ocr_line' id='line_1_28' title="bbox 1931 1387 3594 1459; baseline 0.001 -20"><span class='ocrx_word' id='word_1_176' title='bbox 1931 1400 2065 1440; x_wconf 89' lang='lat' dir='ltr'>nem</span> <span class='ocrx_word' id='word_1_177' title='bbox 2097 1391 2293 1443; x_wconf 90' lang='lat' dir='ltr'>autem</span> <span class='ocrx_word' id='word_1_178' title='bbox 2328 1402 2484 1442; x_wconf 90' lang='lat' dir='ltr'>nunc</span> <span class='ocrx_word' id='word_1_179' title='bbox 2516 1404 2645 1443; x_wconf 87' lang='lat' dir='ltr'>eam</span> <span class='ocrx_word' id='word_1_180' title='bbox 2668 1388 2942 1459; x_wconf 82' lang='lat' dir='ltr'>intellige,</span> <span class='ocrx_word' id='word_1_181' title='bbox 2974 1404 3102 1459; x_wconf 73' lang='lat' dir='ltr'>quae</span> <span class='ocrx_word' id='word_1_182' title='bbox 3134 1405 3167 1443; x_wconf 86' lang='lat' dir='ltr'>a</span> <span class='ocrx_word' id='word_1_183' title='bbox 3196 1387 3594 1443; x_wconf 77' lang='lat' dir='ltr'>familiaritate</span> 
     </span>
    </p>
   </div>
   <div class='ocr_carea' id='block_1_29' title="bbox 1930 1476 3597 1546">
    <p class='ocr_par' dir='ltr' id='par_1_29' title="bbox 1930 1476 3597 1546">
     <span class='ocr_line' id='line_1_29' title="bbox 1930 1476 3597 1546; baseline 0.001 -16"><span class='ocrx_word' id='word_1_184' title='bbox 1930 1476 2216 1546; x_wconf 88' lang='lat' dir='ltr'>procedit.</span> <span class='ocrx_word' id='word_1_185' title='bbox 2252 1476 2460 1535; x_wconf 88' lang='lat' dir='ltr'>Nullus</span> <span class='ocrx_word' id='word_1_186' title='bbox 2508 1478 2667 1534; x_wconf 90' lang='lat' dir='ltr'>enim</span> <span class='ocrx_word' id='word_1_187' title='bbox 2695 1478 3114 1534; x_wconf 80' lang='lat' dir='ltr'>immisericors</span> <span class='ocrx_word' id='word_1_188' title='bbox 3164 1477 3473 1535; x_wconf 84' lang='lat' dir='ltr'>familiaris</span> <span class='ocrx_word' id='word_1_189' title='bbox 3508 1479 3597 1532; x_wconf 90' lang='lat' dir='ltr'>est</span> 
     </span>
    </p>
   </div>
   <div class='ocr_carea' id='block_1_30' title="bbox 1930 1565 3595 1640">
    <p class='ocr_par' dir='ltr' id='par_1_30' title="bbox 1930 1565 3595 1640">
     <span class='ocr_line' id='line_1_30' title="bbox 1930 1565 3595 1640; baseline 0.001 -21"><span class='ocrx_word' id='word_1_190' title='bbox 1930 1565 2302 1631; x_wconf 87' lang='lat' dir='ltr'>misericordi</span> <span class='ocrx_word' id='word_1_191' title='bbox 2334 1566 2587 1624; x_wconf 91' lang='lat' dir='ltr'>Christo.</span> <span class='ocrx_word' id='word_1_192' title='bbox 2636 1570 2755 1626; x_wconf 88' lang='lat' dir='ltr'>Heu</span> <span class='ocrx_word' id='word_1_193' title='bbox 2784 1572 2916 1640; x_wconf 90' lang='lat' dir='ltr'>post</span> <span class='ocrx_word' id='word_1_194' title='bbox 2942 1573 3138 1623; x_wconf 89' lang='lat' dir='ltr'>tantos</span> <span class='ocrx_word' id='word_1_195' title='bbox 3167 1566 3421 1629; x_wconf 82' lang='lat' dir='ltr'>labores,</span> <span class='ocrx_word' id='word_1_196' title='bbox 3461 1568 3595 1637; x_wconf 88' lang='lat' dir='ltr'>post</span> 
     </span>
    </p>
   </div>
   <div class='ocr_carea' id='block_1_31' title="bbox 1930 1655 3598 1730">
    <p class='ocr_par' dir='ltr' id='par_1_31' title="bbox 1930 1655 3598 1730">
     <span class='ocr_line' id='line_1_31' title="bbox 1930 1655 3598 1730; baseline 0.001 -21"><span class='ocrx_word' id='word_1_197' title='bbox 1930 1658 2098 1711; x_wconf 89' lang='lat' dir='ltr'>tanta</span> <span class='ocrx_word' id='word_1_198' title='bbox 2128 1656 2475 1723; x_wconf 86' lang='lat' dir='ltr'>certamina,</span> <span class='ocrx_word' id='word_1_199' title='bbox 2510 1662 2647 1728; x_wconf 89' lang='lat' dir='ltr'>post</span> <span class='ocrx_word' id='word_1_200' title='bbox 2676 1662 2840 1715; x_wconf 90' lang='lat' dir='ltr'>tanta</span> <span class='ocrx_word' id='word_1_201' title='bbox 2888 1662 3133 1730; x_wconf 69' lang='lat' dir='ltr'>tropaea,</span> <span class='ocrx_word' id='word_1_202' title='bbox 3168 1673 3301 1729; x_wconf 67' lang='lat' dir='ltr'>quae</span> <span class='ocrx_word' id='word_1_203' title='bbox 3348 1655 3459 1712; x_wconf 74' lang='lat' dir='ltr'>illae</span> <span class='ocrx_word' id='word_1_204' title='bbox 3493 1655 3598 1711; x_wconf 88' lang='lat' dir='ltr'>ad-</span> 
     </span>
    </p>
   </div>
   <div class='ocr_carea' id='block_1_32' title="bbox 1927 1745 3595 1817">
    <p class='ocr_par' dir='ltr' id='par_1_32' title="bbox 1927 1745 3595 1817">
     <span class='ocr_line' id='line_1_32' title="bbox 1927 1745 3595 1817; baseline 0.002 -19"><span class='ocrx_word' id='word_1_205' title='bbox 1927 1759 2136 1800; x_wconf 92' lang='lat' dir='ltr'>versus</span> <span class='ocrx_word' id='word_1_206' title='bbox 2168 1745 2565 1803; x_wconf 80' lang='lat' dir='ltr'>insanientem</span> <span class='ocrx_word' id='word_1_207' title='bbox 2598 1752 2869 1803; x_wconf 88' lang='lat' dir='ltr'>naturam</span> <span class='ocrx_word' id='word_1_208' title='bbox 2910 1751 3238 1812; x_wconf 79' lang='lat' dir='ltr'>erexerant,</span> <span class='ocrx_word' id='word_1_209' title='bbox 3272 1746 3595 1817; x_wconf 86' lang='lat' dir='ltr'>repudiatae</span> 
     </span>
    </p>
   </div>
   <div class='ocr_carea' id='block_1_33' title="bbox 206 1836 1810 1932">
    <p class='ocr_par' dir='ltr' id='par_1_33' title="bbox 206 1844 1810 1932">
     <span class='ocr_line' id='line_1_33' title="bbox 206 1844 1810 1932; baseline 0.012 -35"><span class='ocrx_word' id='word_1_210' title='bbox 206 1844 501 1919; x_wconf 76' lang='grc' dir='ltr'><em>ἀνελεήμων</em></span> <span class='ocrx_word' id='word_1_211' title='bbox 543 1850 635 1921; x_wconf 81' lang='grc' dir='ltr'>ὢν,</span> <span class='ocrx_word' id='word_1_212' title='bbox 687 1848 829 1924; x_wconf 73' lang='grc' dir='ltr'><em>μηδὲ</em></span> <span class='ocrx_word' id='word_1_213' title='bbox 883 1858 1161 1930; x_wconf 75' lang='grc' dir='ltr'>παρθενίαν</span> <span class='ocrx_word' id='word_1_214' title='bbox 1217 1861 1341 1932; x_wconf 78' lang='grc' dir='ltr'><em>ἔχη,</em></span> <span class='ocrx_word' id='word_1_215' title='bbox 1408 1865 1559 1922; x_wconf 88' lang='grc' dir='ltr'><em>ποίας</em></span> <span class='ocrx_word' id='word_1_216' title='bbox 1611 1861 1705 1915; x_wconf 73' lang='grc' dir='ltr'><em>οὐκ</em></span> <span class='ocrx_word' id='word_1_217' title='bbox 1758 1865 1810 1915; x_wconf 76' lang='grc' dir='ltr'><em>ἄν</em></span> 
     </span>
    </p>
   </div>
   <div class='ocr_carea' id='block_1_34' title="bbox 1932 1836 3595 1932">
    <p class='ocr_par' dir='ltr' id='par_1_34' title="bbox 1932 1836 3595 1909">
     <span class='ocr_line' id='line_1_34' title="bbox 1932 1836 3595 1909; baseline 0.002 -19"><span class='ocrx_word' id='word_1_218' title='bbox 1932 1840 2064 1891; x_wconf 87' lang='lat' dir='ltr'>sunt</span> <span class='ocrx_word' id='word_1_219' title='bbox 2089 1840 2323 1909; x_wconf 89' lang='lat' dir='ltr'>propter</span> <span class='ocrx_word' id='word_1_220' title='bbox 2348 1837 2814 1909; x_wconf 89' lang='lat' dir='ltr'>eleemosynam.</span> <span class='ocrx_word' id='word_1_221' title='bbox 2851 1837 2954 1895; x_wconf 92' lang='lat' dir='ltr'>Ubi</span> <span class='ocrx_word' id='word_1_222' title='bbox 2990 1853 3132 1908; x_wconf 83' lang='lat' dir='ltr'>ergo</span> <span class='ocrx_word' id='word_1_223' title='bbox 3160 1837 3287 1909; x_wconf 90' lang='lat' dir='ltr'>quis</span> <span class='ocrx_word' id='word_1_224' title='bbox 3333 1836 3595 1893; x_wconf 87' lang='lat' dir='ltr'>immise-</span> 
     </span>
    </p>
   </div>
   <div class='ocr_carea' id='block_1_35' title="bbox 206 1935 1819 2023">
    <p class='ocr_par' dir='ltr' id='par_1_35' title="bbox 206 1935 1819 2023">
     <span class='ocr_line' id='line_1_35' title="bbox 206 1935 1819 2023; baseline 0.012 -35"><span class='ocrx_word' id='word_1_225' title='bbox 206 1939 278 1995; x_wconf 80' lang='grc' dir='ltr'><em>εἵη</em></span> <span class='ocrx_word' id='word_1_226' title='bbox 357 1935 665 2003; x_wconf 76' lang='grc' dir='ltr'>καταδίκης</span> <span class='ocrx_word' id='word_1_227' title='bbox 723 1942 903 2012; x_wconf 80' lang='grc' dir='ltr'><em>οἴξιος;</em></span> <span class='ocrx_word' id='word_1_228' title='bbox 972 1945 1045 1997; x_wconf 76' lang='grc' dir='ltr'>Οὐ</span> <span class='ocrx_word' id='word_1_229' title='bbox 1098 1954 1496 2023; x_wconf 71' lang='grc' dir='ltr'>περιεργαστέον</span> <span class='ocrx_word' id='word_1_230' title='bbox 1560 1948 1619 2005; x_wconf 71' lang='grc' dir='ltr'>δὲ</span> <span class='ocrx_word' id='word_1_231' title='bbox 1672 1951 1819 2007; x_wconf 77' lang='grc' dir='ltr'><em>διατί</em></span> 
     </span>
    </p>
   </div>
   <div class='ocr_carea' id='block_1_36' title="bbox 207 2022 1819 2113">
    <p class='ocr_par' dir='ltr' id='par_1_36' title="bbox 207 2022 1819 2113">
     <span class='ocr_line' id='line_1_36' title="bbox 207 2022 1819 2113; baseline 0.012 -35"><span class='ocrx_word' id='word_1_232' title='bbox 207 2022 334 2079; x_wconf 78' lang='grc' dir='ltr'><em>δέκα</em></span> <span class='ocrx_word' id='word_1_233' title='bbox 388 2031 659 2103; x_wconf 77' lang='grc' dir='ltr'>παρθένοι,</span> <span class='ocrx_word' id='word_1_234' title='bbox 706 2038 797 2086; x_wconf 83' lang='grc' dir='ltr'><em>καὶ</em></span> <span class='ocrx_word' id='word_1_235' title='bbox 846 2039 962 2088; x_wconf 86' lang='grc' dir='ltr'><em>τίνα</em></span> <span class='ocrx_word' id='word_1_236' title='bbox 1014 2039 1076 2089; x_wconf 82' lang='grc' dir='ltr'><em>τὰ</em></span> <span class='ocrx_word' id='word_1_237' title='bbox 1139 2036 1326 2110; x_wconf 78' lang='grc' dir='ltr'><em>ἀγγεῖα</em></span> <span class='ocrx_word' id='word_1_238' title='bbox 1365 2041 1552 2113; x_wconf 74' lang='grc' dir='ltr'>αὐτῶν,</span> <span class='ocrx_word' id='word_1_239' title='bbox 1604 2048 1694 2096; x_wconf 87' lang='grc' dir='ltr'>καὶ</span> <span class='ocrx_word' id='word_1_240' title='bbox 1738 2050 1819 2108; x_wconf 87' lang='grc' dir='ltr'>τίς</span> 
     </span>
    </p>
   </div>
   <div class='ocr_carea' id='block_1_37' title="bbox 204 2118 1812 2210">
    <p class='ocr_par' dir='ltr' id='par_1_37' title="bbox 204 2118 1812 2210">
     <span class='ocr_line' id='line_1_37' title="bbox 204 2118 1812 2210; baseline 0.012 -41"><span class='ocrx_word' id='word_1_241' title='bbox 204 2118 234 2175; x_wconf 80' lang='grc' dir='ltr'><strong>ἠ</strong></span> <span class='ocrx_word' id='word_1_242' title='bbox 292 2119 429 2193; x_wconf 76' lang='grc' dir='ltr'><em>θύρα</em></span> <span class='ocrx_word' id='word_1_243' title='bbox 477 2128 579 2172; x_wconf 86' lang='grc' dir='ltr'>τῶν</span> <span class='ocrx_word' id='word_1_244' title='bbox 627 2123 828 2196; x_wconf 85' lang='grc' dir='ltr'><em>γάμων,</em></span> <span class='ocrx_word' id='word_1_245' title='bbox 866 2130 955 2179; x_wconf 81' lang='grc' dir='ltr'><em>καὶ</em></span> <span class='ocrx_word' id='word_1_246' title='bbox 993 2129 1059 2179; x_wconf 79' lang='grc' dir='ltr'><em>τὰ</em></span> <span class='ocrx_word' id='word_1_247' title='bbox 1095 2137 1314 2183; x_wconf 85' lang='grc' dir='ltr'><em>τοιαῦτα</em></span> <span class='ocrx_word' id='word_1_248' title='bbox 1351 2140 1447 2194; x_wconf 87' lang='grc' dir='ltr'>τῆς</span> <span class='ocrx_word' id='word_1_249' title='bbox 1493 2134 1812 2210; x_wconf 84' lang='grc' dir='ltr'><em>παραϐολῆς,</em></span> 
     </span>
    </p>
   </div>
   <div class='ocr_carea' id='block_1_38' title="bbox 210 2207 1361 2291">
    <p class='ocr_par' dir='ltr' id='par_1_38' title="bbox 210 2207 1361 2291">
     <span class='ocr_line' id='line_1_38' title="bbox 210 2207 1361 2291; baseline 0.015 -34"><span class='ocrx_word' id='word_1_250' title='bbox 210 2207 280 2268; x_wconf 80' lang='grc' dir='ltr'><em>ὡς</em></span> <span class='ocrx_word' id='word_1_251' title='bbox 317 2207 563 2272; x_wconf 76' lang='grc' dir='ltr'><em>πολλάκις</em></span> <span class='ocrx_word' id='word_1_252' title='bbox 593 2216 685 2264; x_wconf 84' lang='grc' dir='ltr'>καὶ</span> <span class='ocrx_word' id='word_1_253' title='bbox 713 2211 954 2267; x_wconf 79' lang='grc' dir='ltr'><em>ἐπὀἶλλωι</em></span> <span class='ocrx_word' id='word_1_254' title='bbox 983 2219 1361 2291; x_wconf 80' lang='grc' dir='ltr'><em>παρήγγελται.</em></span> 
     </span>
    </p>
   </div>
   <div class='ocr_carea' id='block_1_39' title="bbox 277 2401 1811 2498">
    <p class='ocr_par' dir='ltr' id='par_1_39' title="bbox 277 2401 1811 2498">
     <span class='ocr_line' id='line_1_39' title="bbox 277 2401 1811 2498; baseline 0.012 -39"><span class='ocrx_word' id='word_1_255' title='bbox 277 2405 345 2459; x_wconf 83' lang='grc' dir='ltr'>Εἰ</span> <span class='ocrx_word' id='word_1_256' title='bbox 396 2401 455 2459; x_wconf 72' lang='grc' dir='ltr'>δὲ</span> <span class='ocrx_word' id='word_1_257' title='bbox 517 2406 565 2460; x_wconf 71' lang='grc' dir='ltr'>ἐν</span> <span class='ocrx_word' id='word_1_258' title='bbox 637 2412 728 2482; x_wconf 71' lang='grc' dir='ltr'>μὲν</span> <span class='ocrx_word' id='word_1_259' title='bbox 813 2420 886 2483; x_wconf 83' lang='grc' dir='ltr'><em>τῷ</em></span> <span class='ocrx_word' id='word_1_260' title='bbox 964 2414 1223 2489; x_wconf 80' lang='grc' dir='ltr'>ἑξηκοστῷ</span> <span class='ocrx_word' id='word_1_261' title='bbox 1300 2426 1488 2493; x_wconf 81' lang='grc' dir='ltr'><em>πρώτῳ</em></span> <span class='ocrx_word' id='word_1_262' title='bbox 1553 2423 1811 2498; x_wconf 76' lang='grc' dir='ltr'>κεφαλαίῳ</span> 
     </span>
    </p>
   </div>
   <div class='ocr_carea' id='block_1_40' title="bbox 200 2500 1808 2589">
    <p class='ocr_par' dir='ltr' id='par_1_40' title="bbox 200 2500 1808 2589">
     <span class='ocr_line' id='line_1_40' title="bbox 200 2500 1808 2589; baseline 0.014 -43"><span class='ocrx_word' id='word_1_263' title='bbox 200 2500 519 2571; x_wconf 79' lang='grc' dir='ltr'><em>γέγραπται,</em></span> <span class='ocrx_word' id='word_1_264' title='bbox 601 2500 681 2552; x_wconf 89' lang='grc' dir='ltr'><em>ὃτι</em></span> <span class='ocrx_word' id='word_1_265' title='bbox 764 2511 967 2576; x_wconf 84' lang='grc' dir='ltr'><em>πρῶτον</em></span> <span class='ocrx_word' id='word_1_266' title='bbox 1042 2505 1360 2581; x_wconf 79' lang='grc' dir='ltr'>ἀπέρχονται</span> <span class='ocrx_word' id='word_1_267' title='bbox 1438 2513 1487 2564; x_wconf 84' lang='grc' dir='ltr'><strong>οἱ</strong></span> <span class='ocrx_word' id='word_1_268' title='bbox 1564 2512 1808 2589; x_wconf 83' lang='grc' dir='ltr'><em>ἁμαρτω-</em></span> 
     </span>
    </p>
   </div>
   <div class='ocr_carea' id='block_1_41' title="bbox 200 2584 1809 2665">
    <p class='ocr_par' dir='ltr' id='par_1_41' title="bbox 200 2584 1809 2665">
     <span class='ocr_line' id='line_1_41' title="bbox 200 2584 1809 2665; baseline 0.013 -28"><span class='ocrx_word' id='word_1_269' title='bbox 200 2584 275 2637; x_wconf 85' lang='grc' dir='ltr'>λοὶ</span> <span class='ocrx_word' id='word_1_270' title='bbox 328 2586 405 2647; x_wconf 79' lang='grc' dir='ltr'><em>εἰς</em></span> <span class='ocrx_word' id='word_1_271' title='bbox 460 2587 677 2642; x_wconf 81' lang='grc' dir='ltr'><em>κόλασιν</em></span> <span class='ocrx_word' id='word_1_272' title='bbox 737 2592 963 2660; x_wconf 77' lang='grc' dir='ltr'>αἰώνιον,</span> <span class='ocrx_word' id='word_1_273' title='bbox 1029 2593 1140 2649; x_wconf 84' lang='grc' dir='ltr'><em>εἶτα</em></span> <span class='ocrx_word' id='word_1_274' title='bbox 1193 2601 1242 2651; x_wconf 86' lang='grc' dir='ltr'><strong>οἱ</strong></span> <span class='ocrx_word' id='word_1_275' title='bbox 1292 2596 1490 2654; x_wconf 77' lang='grc' dir='ltr'><em>δίκαιοι</em></span> <span class='ocrx_word' id='word_1_276' title='bbox 1544 2602 1615 2665; x_wconf 86' lang='grc' dir='ltr'><em>εἰς</em></span> <span class='ocrx_word' id='word_1_277' title='bbox 1671 2605 1809 2665; x_wconf 76' lang='grc' dir='ltr'><em>ζωὴν</em></span> 
     </span>
    </p>
   </div>
   <div class='ocr_carea' id='block_1_42' title="bbox 202 2674 1808 2763">
    <p class='ocr_par' dir='ltr' id='par_1_42' title="bbox 202 2674 1808 2763">
     <span class='ocr_line' id='line_1_42' title="bbox 202 2674 1808 2763; baseline 0.014 -38"><span class='ocrx_word' id='word_1_278' title='bbox 202 2674 427 2728; x_wconf 78' lang='grc' dir='ltr'>αἰώνιον·</span> <span class='ocrx_word' id='word_1_279' title='bbox 507 2676 555 2729; x_wconf 85' lang='grc' dir='ltr'><em>ἐν</em></span> <span class='ocrx_word' id='word_1_280' title='bbox 628 2677 687 2732; x_wconf 67' lang='grc' dir='ltr'><strong>δί</strong></span> <span class='ocrx_word' id='word_1_281' title='bbox 755 2690 831 2754; x_wconf 80' lang='grc' dir='ltr'><em>τῷ</em></span> <span class='ocrx_word' id='word_1_282' title='bbox 904 2690 1122 2760; x_wconf 83' lang='grc' dir='ltr'>παρόντι</span> <span class='ocrx_word' id='word_1_283' title='bbox 1183 2688 1444 2763; x_wconf 77' lang='grc' dir='ltr'>κεφαλαίῳ</span> <span class='ocrx_word' id='word_1_284' title='bbox 1511 2693 1808 2747; x_wconf 76' lang='grc' dir='ltr'><em>τούναντίον</em></span> 
     </span>
    </p>
   </div>
   <div class='ocr_carea' id='block_1_43' title="bbox 201 2769 1809 2859">
    <p class='ocr_par' dir='ltr' id='par_1_43' title="bbox 201 2769 1809 2859">
     <span class='ocr_line' id='line_1_43' title="bbox 201 2769 1809 2859; baseline 0.016 -44"><span class='ocrx_word' id='word_1_285' title='bbox 201 2769 456 2835; x_wconf 67' lang='grc' dir='ltr'><em>φαίνεται,</em></span> <span class='ocrx_word' id='word_1_286' title='bbox 508 2777 711 2840; x_wconf 86' lang='grc' dir='ltr'><em>πρῶτον</em></span> <span class='ocrx_word' id='word_1_287' title='bbox 764 2771 1107 2827; x_wconf 86' lang='grc' dir='ltr'><em>εἰσελθουσὼν</em></span> <span class='ocrx_word' id='word_1_288' title='bbox 1168 2785 1261 2830; x_wconf 82' lang='grc' dir='ltr'>τῶν</span> <span class='ocrx_word' id='word_1_289' title='bbox 1316 2787 1571 2855; x_wconf 78' lang='grc' dir='ltr'><em>φρονίμων</em></span> <span class='ocrx_word' id='word_1_290' title='bbox 1614 2788 1809 2859; x_wconf 82' lang='grc' dir='ltr'><em>παρθέ-</em></span> 
     </span>
    </p>
   </div>
   <div class='ocr_carea' id='block_1_44' title="bbox 201 2854 1809 2950">
    <p class='ocr_par' dir='ltr' id='par_1_44' title="bbox 201 2854 1809 2950">
     <span class='ocr_line' id='line_1_44' title="bbox 201 2854 1809 2950; baseline 0.015 -45"><span class='ocrx_word' id='word_1_291' title='bbox 201 2875 315 2921; x_wconf 86' lang='grc' dir='ltr'>νων,</span> <span class='ocrx_word' id='word_1_292' title='bbox 369 2854 482 2909; x_wconf 78' lang='grc' dir='ltr'><em>εἶτα</em></span> <span class='ocrx_word' id='word_1_293' title='bbox 522 2856 957 2934; x_wconf 76' lang='grc' dir='ltr'><em>ἀποπεμφθεισῶν</em></span> <span class='ocrx_word' id='word_1_294' title='bbox 1006 2874 1105 2918; x_wconf 82' lang='grc' dir='ltr'><em>τῶν</em></span> <span class='ocrx_word' id='word_1_295' title='bbox 1157 2878 1363 2942; x_wconf 57' lang='grc' dir='ltr'><em>μωρῶν</em></span> <span class='ocrx_word' id='word_1_296' title='bbox 1415 2877 1486 2944; x_wconf 83' lang='grc' dir='ltr'>μὴ</span> <span class='ocrx_word' id='word_1_297' title='bbox 1548 2875 1809 2950; x_wconf 75' lang='grc' dir='ltr'><em>ὑπολάϐῃς</em></span> 
     </span>
    </p>
   </div>
   <div class='ocr_carea' id='block_1_45' title="bbox 203 2942 1806 3041">
    <p class='ocr_par' dir='ltr' id='par_1_45' title="bbox 203 2942 1806 3041">
     <span class='ocr_line' id='line_1_45' title="bbox 203 2942 1806 3041; baseline 0.017 -47"><span class='ocrx_word' id='word_1_298' title='bbox 203 2942 577 3019; x_wconf 80' lang='grc' dir='ltr'><em>ἐναντιολογίαν</em></span> <span class='ocrx_word' id='word_1_299' title='bbox 678 2949 776 3003; x_wconf 84' lang='grc' dir='ltr'>τῶν</span> <span class='ocrx_word' id='word_1_300' title='bbox 863 2954 1169 3027; x_wconf 77' lang='grc' dir='ltr'><em>κεφαλαίων,</em></span> <span class='ocrx_word' id='word_1_301' title='bbox 1261 2958 1447 3015; x_wconf 81' lang='grc' dir='ltr'>Ἐκεῖνο</span> <span class='ocrx_word' id='word_1_302' title='bbox 1540 2968 1631 3037; x_wconf 74' lang='grc' dir='ltr'><em>μὲν</em></span> <span class='ocrx_word' id='word_1_303' title='bbox 1705 2970 1806 3041; x_wconf 79' lang='grc' dir='ltr'><em>γὰρ</em></span> 
     </span>
    </p>
   </div>
   <div class='ocr_carea' id='block_1_46' title="bbox 205 3031 1808 3131">
    <p class='ocr_par' dir='ltr' id='par_1_46' title="bbox 205 3031 1808 3131">
     <span class='ocr_line' id='line_1_46' title="bbox 205 3031 1808 3131; baseline 0.016 -48"><span class='ocrx_word' id='word_1_304' title='bbox 205 3031 535 3108; x_wconf 79' lang='grc' dir='ltr'><em>ἇκριϐολογεῖ</em></span> <span class='ocrx_word' id='word_1_305' title='bbox 563 3044 682 3112; x_wconf 86' lang='grc' dir='ltr'><em>περὶ</em></span> <span class='ocrx_word' id='word_1_306' title='bbox 725 3048 819 3103; x_wconf 88' lang='grc' dir='ltr'>τῆς</span> <span class='ocrx_word' id='word_1_307' title='bbox 864 3043 1072 3107; x_wconf 77' lang='grc' dir='ltr'>τάξεως⁹</span> <span class='ocrx_word' id='word_1_308' title='bbox 1122 3054 1276 3101; x_wconf 76' lang='grc' dir='ltr'><em>τοῦτο</em></span> <span class='ocrx_word' id='word_1_309' title='bbox 1314 3046 1372 3102; x_wconf 76' lang='grc' dir='ltr'>δὲ</span> <span class='ocrx_word' id='word_1_310' title='bbox 1418 3057 1611 3105; x_wconf 87' lang='grc' dir='ltr'><em>σκοπὸν</em></span> <span class='ocrx_word' id='word_1_311' title='bbox 1642 3056 1808 3131; x_wconf 83' lang='grc' dir='ltr'><em>ἕτερον</em></span> 
     </span>
    </p>
   </div>
   <div class='ocr_carea' id='block_1_47' title="bbox 203 3122 1805 3214">
    <p class='ocr_par' dir='ltr' id='par_1_47' title="bbox 203 3122 1805 3214">
     <span class='ocr_line' id='line_1_47' title="bbox 203 3122 1805 3214; baseline 0.017 -41"><span class='ocrx_word' id='word_1_312' title='bbox 203 3124 337 3194; x_wconf 83' lang='grc' dir='ltr'><em>ἔχει,</em></span> <span class='ocrx_word' id='word_1_313' title='bbox 380 3128 435 3176; x_wconf 88' lang='grc' dir='ltr'>τό</span> <span class='ocrx_word' id='word_1_314' title='bbox 486 3122 711 3192; x_wconf 77' lang='grc' dir='ltr'><em>διδάξαι</em></span> <span class='ocrx_word' id='word_1_315' title='bbox 754 3135 907 3203; x_wconf 92' lang='grc' dir='ltr'><em>μόνον</em></span> <span class='ocrx_word' id='word_1_316' title='bbox 952 3135 1032 3185; x_wconf 87' lang='grc' dir='ltr'><em>ὅτι</em></span> <span class='ocrx_word' id='word_1_317' title='bbox 1080 3132 1198 3188; x_wconf 72' lang='grc' dir='ltr'>οὐδ’</span> <span class='ocrx_word' id='word_1_318' title='bbox 1237 3139 1266 3196; x_wconf 81' lang='grc' dir='ltr'>ἡ</span> <span class='ocrx_word' id='word_1_319' title='bbox 1320 3142 1571 3213; x_wconf 87' lang='grc' dir='ltr'><em>παρθενία</em></span> <span class='ocrx_word' id='word_1_320' title='bbox 1629 3122 1805 3214; x_wconf 50' lang='lat' dir='ltr'>mist,</span> 
     </span>
    </p>
   </div>
   <div class='ocr_carea' id='block_1_48' title="bbox 200 3216 1809 3311">
    <p class='ocr_par' dir='ltr' id='par_1_48' title="bbox 200 3216 1809 3311">
     <span class='ocr_line' id='line_1_48' title="bbox 200 3216 1809 3311; baseline 0.016 -48"><span class='ocrx_word' id='word_1_321' title='bbox 200 3216 270 3284; x_wconf 67' lang='grc' dir='ltr'><em>μὰ</em></span> <span class='ocrx_word' id='word_1_322' title='bbox 325 3223 754 3291; x_wconf 73' lang='grc' dir='ltr'>συγκεκραμένην</span> <span class='ocrx_word' id='word_1_323' title='bbox 799 3221 912 3293; x_wconf 80' lang='grc'>(54)</span> <span class='ocrx_word' id='word_1_324' title='bbox 964 3223 1119 3298; x_wconf 77' lang='grc' dir='ltr'>ἑαυτῇ</span> <span class='ocrx_word' id='word_1_325' title='bbox 1171 3232 1260 3280; x_wconf 86' lang='grc' dir='ltr'><em>καὶ</em></span> <span class='ocrx_word' id='word_1_326' title='bbox 1309 3234 1403 3288; x_wconf 79' lang='grc' dir='ltr'><em>τὴν</em></span> <span class='ocrx_word' id='word_1_327' title='bbox 1462 3230 1809 3311; x_wconf 72' lang='grc' dir='ltr'><em>ἐλεημοσύνην</em></span> 
     </span>
    </p>
   </div>
   <div class='ocr_carea' id='block_1_49' title="bbox 202 3303 1812 3398">
    <p class='ocr_par' dir='ltr' id='par_1_49' title="bbox 202 3303 1812 3398">
     <span class='ocr_line' id='line_1_49' title="bbox 202 3303 1812 3398; baseline 0.018 -47"><span class='ocrx_word' id='word_1_328' title='bbox 202 3303 426 3372; x_wconf 81' lang='grc' dir='ltr'><em>ἔχουσα,</em></span> <span class='ocrx_word' id='word_1_329' title='bbox 478 3310 570 3359; x_wconf 86' lang='grc' dir='ltr'><em>καὶ</em></span> <span class='ocrx_word' id='word_1_330' title='bbox 629 3309 710 3360; x_wconf 85' lang='grc' dir='ltr'><em>ὅτι</em></span> <span class='ocrx_word' id='word_1_331' title='bbox 758 3311 789 3369; x_wconf 82' lang='grc' dir='ltr'>ἡ</span> <span class='ocrx_word' id='word_1_332' title='bbox 843 3310 1016 3385; x_wconf 82' lang='grc' dir='ltr'><em>ἐτέρου</em></span> <span class='ocrx_word' id='word_1_333' title='bbox 1065 3312 1219 3388; x_wconf 79' lang='grc' dir='ltr'><em>ἀρετὴ</em></span> <span class='ocrx_word' id='word_1_334' title='bbox 1271 3318 1437 3392; x_wconf 79' lang='grc' dir='ltr'><em>ἕτερον</em></span> <span class='ocrx_word' id='word_1_335' title='bbox 1495 3321 1589 3375; x_wconf 77' lang='grc' dir='ltr'>οὐκ</span> <span class='ocrx_word' id='word_1_336' title='bbox 1632 3326 1812 3398; x_wconf 79' lang='grc' dir='ltr'><em>ὠφελεῖ</em></span> 
     </span>
    </p>
   </div>
   <div class='ocr_carea' id='block_1_50' title="bbox 197 3394 1805 3487">
    <p class='ocr_par' dir='ltr' id='par_1_50' title="bbox 197 3394 1805 3487">
     <span class='ocr_line' id='line_1_50' title="bbox 197 3394 1805 3487; baseline 0.017 -45"><span class='ocrx_word' id='word_1_337' title='bbox 197 3394 327 3459; x_wconf 85' lang='grc' dir='ltr'><em>τότε,</em></span> <span class='ocrx_word' id='word_1_338' title='bbox 362 3398 454 3446; x_wconf 85' lang='grc' dir='ltr'>καὶ</span> <span class='ocrx_word' id='word_1_339' title='bbox 484 3396 565 3447; x_wconf 84' lang='grc' dir='ltr'><em>ὅτι</em></span> <span class='ocrx_word' id='word_1_340' title='bbox 596 3399 626 3455; x_wconf 84' lang='grc' dir='ltr'>ἡ</span> <span class='ocrx_word' id='word_1_341' title='bbox 666 3402 793 3472; x_wconf 90' lang='grc' dir='ltr'><em>πρὸς</em></span> <span class='ocrx_word' id='word_1_342' title='bbox 832 3398 1017 3474; x_wconf 79' lang='grc' dir='ltr'><em>ἀρετὴν</em></span> <span class='ocrx_word' id='word_1_343' title='bbox 1068 3405 1201 3478; x_wconf 85' lang='grc' dir='ltr'><em>ὁρμὴ</em></span> <span class='ocrx_word' id='word_1_344' title='bbox 1254 3418 1543 3465; x_wconf 80' lang='grc' dir='ltr'><em>τηνικαῦτα</em></span> <span class='ocrx_word' id='word_1_345' title='bbox 1582 3421 1805 3487; x_wconf 83' lang='grc' dir='ltr'><em>ματαία,</em></span> 
     </span>
    </p>
   </div>
   <div class='ocr_carea' id='block_1_51' title="bbox 196 3483 1806 3574">
    <p class='ocr_par' dir='ltr' id='par_1_51' title="bbox 196 3483 1806 3574">
     <span class='ocr_line' id='line_1_51' title="bbox 196 3483 1806 3574; baseline 0.017 -44"><span class='ocrx_word' id='word_1_346' title='bbox 196 3485 285 3532; x_wconf 80' lang='grc' dir='ltr'>καὶ</span> <span class='ocrx_word' id='word_1_347' title='bbox 341 3483 426 3534; x_wconf 84' lang='grc' dir='ltr'><em>ὅτι</em></span> <span class='ocrx_word' id='word_1_348' title='bbox 481 3485 647 3539; x_wconf 75' lang='grc' dir='ltr'><em>πολλὰ</em></span> <span class='ocrx_word' id='word_1_349' title='bbox 702 3490 1110 3554; x_wconf 81' lang='grc' dir='ltr'><em>καθικετεύοντες</em></span> <span class='ocrx_word' id='word_1_350' title='bbox 1162 3498 1210 3547; x_wconf 86' lang='grc' dir='ltr'><strong>οἰ</strong></span> <span class='ocrx_word' id='word_1_351' title='bbox 1268 3502 1669 3574; x_wconf 82' lang='grc' dir='ltr'><em>κατακριθέντες</em></span> <span class='ocrx_word' id='word_1_352' title='bbox 1714 3505 1806 3557; x_wconf 65' lang='grc' dir='ltr'><em>οὐκ</em></span> 
     </span>
    </p>
   </div>
   <div class='ocr_carea' id='block_1_52' title="bbox 198 3566 1803 3666">
    <p class='ocr_par' dir='ltr' id='par_1_52' title="bbox 198 3566 1803 3666">
     <span class='ocr_line' id='line_1_52' title="bbox 198 3566 1803 3666; baseline 0.016 -46"><span class='ocrx_word' id='word_1_353' title='bbox 198 3566 613 3644; x_wconf 79' lang='grc' dir='ltr'><em>ἔπικάμπτουσι.</em></span> <span class='ocrx_word' id='word_1_354' title='bbox 654 3576 827 3632; x_wconf 81' lang='grc' dir='ltr'><em>Τᾶλλα</em></span> <span class='ocrx_word' id='word_1_355' title='bbox 873 3576 932 3633; x_wconf 77' lang='grc' dir='ltr'>δὲ</span> <span class='ocrx_word' id='word_1_356' title='bbox 979 3584 1150 3636; x_wconf 88' lang='grc' dir='ltr'><em>πάντα</em></span> <span class='ocrx_word' id='word_1_357' title='bbox 1198 3591 1546 3647; x_wconf 85' lang='grc' dir='ltr'><em>συνετέθησαν</em></span> <span class='ocrx_word' id='word_1_358' title='bbox 1597 3590 1803 3666; x_wconf 81' lang='grc' dir='ltr'><em>ἀπαρα-</em></span> 
     </span>
    </p>
   </div>
   <div class='ocr_carea' id='block_1_53' title="bbox 195 3662 1803 3760">
    <p class='ocr_par' dir='ltr' id='par_1_53' title="bbox 195 3662 1803 3760">
     <span class='ocr_line' id='line_1_53' title="bbox 195 3662 1803 3760; baseline 0.017 -50"><span class='ocrx_word' id='word_1_359' title='bbox 195 3665 457 3760; x_wconf 65' lang='grc' dir='ltr'><em>τηρητως,</em></span> <span class='ocrx_word' id='word_1_360' title='bbox 505 3662 595 3760; x_wconf 52' lang='grc' dir='ltr'><em>ινα</em></span> <span class='ocrx_word' id='word_1_361' title='bbox 639 3668 832 3728; x_wconf 81' lang='grc' dir='ltr'><em>πιθανὴ</em></span> <span class='ocrx_word' id='word_1_362' title='bbox 881 3676 1096 3741; x_wconf 84' lang='grc' dir='ltr'><em>γένηται</em></span> <span class='ocrx_word' id='word_1_363' title='bbox 1153 3676 1182 3733; x_wconf 86' lang='grc' dir='ltr'><strong>ἠ</strong></span> <span class='ocrx_word' id='word_1_364' title='bbox 1236 3678 1526 3752; x_wconf 77' lang='grc' dir='ltr'><em>παραϐολὴ.</em></span> <span class='ocrx_word' id='word_1_365' title='bbox 1574 3688 1673 3735; x_wconf 85' lang='grc' dir='ltr'>Καὶ</span> <span class='ocrx_word' id='word_1_366' title='bbox 1702 3662 1803 3760; x_wconf 80' lang='grc' dir='ltr'>γὰρ</span> 
     </span>
    </p>
   </div>
   <div class='ocr_carea' id='block_1_54' title="bbox 196 3745 1801 3848">
    <p class='ocr_par' dir='ltr' id='par_1_54' title="bbox 196 3745 1801 3848">
     <span class='ocr_line' id='line_1_54' title="bbox 196 3745 1801 3848; baseline 0.017 -48"><span class='ocrx_word' id='word_1_367' title='bbox 196 3745 313 3801; x_wconf 69' lang='grc' dir='ltr'>οὐδ’</span> <span class='ocrx_word' id='word_1_368' title='bbox 362 3751 445 3803; x_wconf 88' lang='grc' dir='ltr'><em>ὁτι</em></span> <span class='ocrx_word' id='word_1_369' title='bbox 494 3752 908 3829; x_wconf 74' lang='grc' dir='ltr'><em>ἀπεπέμφθησαν</em></span> <span class='ocrx_word' id='word_1_370' title='bbox 949 3761 1021 3822; x_wconf 86' lang='grc' dir='ltr'><em>εἰς</em></span> <span class='ocrx_word' id='word_1_371' title='bbox 1073 3762 1287 3817; x_wconf 86' lang='grc' dir='ltr'><em>κόλασιν</em></span> <span class='ocrx_word' id='word_1_372' title='bbox 1332 3765 1459 3836; x_wconf 87' lang='grc' dir='ltr'><em>εἷπε,</em></span> <span class='ocrx_word' id='word_1_373' title='bbox 1505 3766 1599 3824; x_wconf 75' lang='grc' dir='ltr'>διὰ</span> <span class='ocrx_word' id='word_1_374' title='bbox 1632 3776 1689 3825; x_wconf 90' lang='grc' dir='ltr'><em>τὸ</em></span> <span class='ocrx_word' id='word_1_375' title='bbox 1730 3745 1801 3848; x_wconf 55' lang='grc' dir='ltr'>μη</span> 
     </span>
    </p>
   </div>
   <div class='ocr_carea' id='block_1_55' title="bbox 190 3837 1345 3924">
    <p class='ocr_par' dir='ltr' id='par_1_55' title="bbox 190 3837 1345 3924">
     <span class='ocr_line' id='line_1_55' title="bbox 190 3837 1345 3924; baseline 0.017 -36"><span class='ocrx_word' id='word_1_376' title='bbox 190 3844 281 3889; x_wconf 82' lang='grc' dir='ltr'>νῦν</span> <span class='ocrx_word' id='word_1_377' title='bbox 305 3837 769 3915; x_wconf 78' lang='grc' dir='ltr'><em>ἀκριϐολογεῖσθαι</em></span> <span class='ocrx_word' id='word_1_378' title='bbox 802 3853 919 3924; x_wconf 86' lang='grc' dir='ltr'><em>περὶ</em></span> <span class='ocrx_word' id='word_1_379' title='bbox 950 3858 1049 3903; x_wconf 86' lang='grc' dir='ltr'><em>τῶν</em></span> <span class='ocrx_word' id='word_1_380' title='bbox 1080 3856 1345 3911; x_wconf 82' lang='grc' dir='ltr'><em>τοιούτων.</em></span> 
     </span>
    </p>
   </div>
   <div class='ocr_carea' id='block_1_56' title="bbox 264 3933 1802 4024">
    <p class='ocr_par' dir='ltr' id='par_1_56' title="bbox 264 3933 1802 4024">
     <span class='ocr_line' id='line_1_56' title="bbox 264 3933 1802 4024; baseline 0.017 -44"><span class='ocrx_word' id='word_1_381' title='bbox 264 3933 579 4007; x_wconf 77' lang='grc' dir='ltr'>Γρηγορεῖτε</span> <span class='ocrx_word' id='word_1_382' title='bbox 645 3967 715 3977; x_wconf 90' lang='lat'>—</span> <span class='ocrx_word' id='word_1_383' title='bbox 762 3939 996 4012; x_wconf 77' lang='grc' dir='ltr'><em>ἔρχεται.</em></span> <span class='ocrx_word' id='word_1_384' title='bbox 1046 3942 1303 4007; x_wconf 75' lang='grc' dir='ltr'>Πολλάκις</span> <span class='ocrx_word' id='word_1_385' title='bbox 1355 3947 1575 4021; x_wconf 83' lang='grc' dir='ltr'><em>ἐπιλέγει</em></span> <span class='ocrx_word' id='word_1_386' title='bbox 1626 3960 1802 4024; x_wconf 77' lang='grc' dir='ltr'><em>τοῦτο,</em></span> 
     </span>
    </p>
   </div>
   <div class='ocr_carea' id='block_1_57' title="bbox 193 4012 1802 4108">
    <p class='ocr_par' dir='ltr' id='par_1_57' title="bbox 193 4012 1802 4108">
     <span class='ocr_line' id='line_1_57' title="bbox 193 4012 1802 4108; baseline 0.017 -39"><span class='ocrx_word' id='word_1_387' title='bbox 193 4012 425 4085; x_wconf 78' lang='grc' dir='ltr'><em>δεικνὺς,</em></span> <span class='ocrx_word' id='word_1_388' title='bbox 476 4024 559 4075; x_wconf 87' lang='grc' dir='ltr'><em>ὅτι</em></span> <span class='ocrx_word' id='word_1_389' title='bbox 596 4025 758 4086; x_wconf 82' lang='grc' dir='ltr'><em>πολλὴ</em></span> <span class='ocrx_word' id='word_1_390' title='bbox 808 4034 968 4102; x_wconf 81' lang='grc' dir='ltr'><em>χρεία</em></span> <span class='ocrx_word' id='word_1_391' title='bbox 1022 4042 1299 4108; x_wconf 85' lang='grc' dir='ltr'><em>προσοχῆς</em></span> <span class='ocrx_word' id='word_1_392' title='bbox 1355 4033 1448 4090; x_wconf 78' lang='grc' dir='ltr'>διὰ</span> <span class='ocrx_word' id='word_1_393' title='bbox 1493 4012 1552 4093; x_wconf 72' lang='grc' dir='ltr'>τό</span> <span class='ocrx_word' id='word_1_394' title='bbox 1606 4012 1802 4102; x_wconf 71' lang='grc' dir='ltr'><em>ἄδηλον</em></span> 
     </span>
    </p>
   </div>
   <div class='ocr_carea' id='block_1_58' title="bbox 192 4110 1142 4199">
    <p class='ocr_par' dir='ltr' id='par_1_58' title="bbox 192 4110 1142 4199">
     <span class='ocr_line' id='line_1_58' title="bbox 192 4110 1142 4199; baseline 0.019 -39"><span class='ocrx_word' id='word_1_395' title='bbox 192 4115 283 4169; x_wconf 79' lang='grc' dir='ltr'>τῆς</span> <span class='ocrx_word' id='word_1_396' title='bbox 311 4110 610 4177; x_wconf 72' lang='grc' dir='ltr'><em>τελευταίας</em></span> <span class='ocrx_word' id='word_1_397' title='bbox 638 4117 837 4192; x_wconf 79' lang='grc' dir='ltr'><em>ἡμέρας</em></span> <span class='ocrx_word' id='word_1_398' title='bbox 865 4125 955 4174; x_wconf 85' lang='grc' dir='ltr'>καὶ</span> <span class='ocrx_word' id='word_1_399' title='bbox 985 4120 1142 4199; x_wconf 84' lang='grc' dir='ltr'><em>ὧρας.</em></span> 
     </span>
    </p>
   </div>
   <div class='ocr_carea' id='block_1_59' title="bbox 415 4312 1587 4397">
    <p class='ocr_par' dir='ltr' id='par_1_59' title="bbox 415 4312 1587 4397">
     <span class='ocr_line' id='line_1_59' title="bbox 415 4312 1587 4397; baseline 0.018 -34"><span class='ocrx_word' id='word_1_400' title='bbox 415 4316 567 4368; x_wconf 77' lang='grc' dir='ltr'>ΚΕΦ.</span> <span class='ocrx_word' id='word_1_401' title='bbox 602 4312 670 4371; x_wconf 78' lang='grc' dir='ltr'><strong>Ξ.</strong></span> <span class='ocrx_word' id='word_1_402' title='bbox 707 4321 832 4392; x_wconf 87' lang='grc' dir='ltr'><em>Περὶ</em></span> <span class='ocrx_word' id='word_1_403' title='bbox 853 4325 953 4371; x_wconf 86' lang='grc' dir='ltr'><em>τῶν</em></span> <span class='ocrx_word' id='word_1_404' title='bbox 975 4321 1040 4373; x_wconf 83' lang='grc' dir='ltr'><em>τὰ</em></span> <span class='ocrx_word' id='word_1_405' title='bbox 1060 4321 1289 4378; x_wconf 85' lang='grc' dir='ltr'><em>τάλαντα</em></span> <span class='ocrx_word' id='word_1_406' title='bbox 1306 4324 1587 4397; x_wconf 89' lang='grc' dir='ltr'><em>λαϐόντων,</em></span> 
     </span>
    </p>
   </div>
   <div class='ocr_carea' id='block_1_60' title="bbox 260 4398 1805 4498">
    <p class='ocr_par' dir='ltr' id='par_1_60' title="bbox 260 4398 1805 4498">
     <span class='ocr_line' id='line_1_60' title="bbox 260 4398 1805 4498; baseline 0.019 -48"><span class='ocrx_word' id='word_1_407' title='bbox 260 4398 468 4476; x_wconf 80' lang='grc' dir='ltr'><em>Ὠσπερ</em></span> <span class='ocrx_word' id='word_1_408' title='bbox 517 4433 583 4443; x_wconf 91' lang='grc'><strong>-</strong></span> <span class='ocrx_word' id='word_1_409' title='bbox 634 4401 880 4479; x_wconf 76' lang='grc' dir='ltr'>δύναμιν.</span> <span class='ocrx_word' id='word_1_410' title='bbox 934 4415 1033 4463; x_wconf 84' lang='grc' dir='ltr'>Καὶ</span> <span class='ocrx_word' id='word_1_411' title='bbox 1081 4413 1214 4473; x_wconf 77' lang='grc' dir='ltr'><em>αὓτη</em></span> <span class='ocrx_word' id='word_1_412' title='bbox 1260 4418 1290 4475; x_wconf 80' lang='grc' dir='ltr'>ἡ</span> <span class='ocrx_word' id='word_1_413' title='bbox 1347 4420 1614 4492; x_wconf 79' lang='grc' dir='ltr'><em>παραϐολὴ</em></span> <span class='ocrx_word' id='word_1_414' title='bbox 1648 4424 1805 4498; x_wconf 84' lang='grc' dir='ltr'><em>ὁμοία</em></span> 
     </span>
    </p>
   </div>
   <div class='ocr_carea' id='block_1_61' title="bbox 190 4488 1801 4584">
    <p class='ocr_par' dir='ltr' id='par_1_61' title="bbox 190 4488 1801 4584">
     <span class='ocr_line' id='line_1_61' title="bbox 190 4488 1801 4584; baseline 0.02 -46"><span class='ocrx_word' id='word_1_415' title='bbox 190 4491 280 4559; x_wconf 81' lang='grc' dir='ltr'><em>μέν</em></span> <span class='ocrx_word' id='word_1_416' title='bbox 322 4488 442 4542; x_wconf 80' lang='grc' dir='ltr'><em>ἐστι</em></span> <span class='ocrx_word' id='word_1_417' title='bbox 489 4500 551 4565; x_wconf 75' lang='grc' dir='ltr'><em>τῇ</em></span> <span class='ocrx_word' id='word_1_418' title='bbox 604 4502 694 4546; x_wconf 84' lang='grc' dir='ltr'>τοῦ</span> <span class='ocrx_word' id='word_1_419' title='bbox 744 4505 936 4551; x_wconf 78' lang='grc' dir='ltr'><em>πιστοῦ</em></span> <span class='ocrx_word' id='word_1_420' title='bbox 987 4497 1178 4555; x_wconf 76' lang='grc' dir='ltr'><em>δούλου</em></span> <span class='ocrx_word' id='word_1_421' title='bbox 1228 4511 1315 4558; x_wconf 86' lang='grc' dir='ltr'>καὶ</span> <span class='ocrx_word' id='word_1_422' title='bbox 1366 4516 1635 4584; x_wconf 76' lang='grc' dir='ltr'>φρονίμου,</span> <span class='ocrx_word' id='word_1_423' title='bbox 1678 4488 1801 4569; x_wconf 45' lang='grc' dir='ltr'><em>’καθ’</em></span> 
     </span>
    </p>
   </div>
   <div class='ocr_carea' id='block_1_62' title="bbox 191 4576 1802 4677">
    <p class='ocr_par' dir='ltr' id='par_1_62' title="bbox 191 4576 1802 4677">
     <span class='ocr_line' id='line_1_62' title="bbox 191 4576 1802 4677; baseline 0.019 -48"><span class='ocrx_word' id='word_1_424' title='bbox 191 4578 355 4653; x_wconf 78' lang='grc' dir='ltr'><em>ἓτερον</em></span> <span class='ocrx_word' id='word_1_425' title='bbox 429 4576 489 4634; x_wconf 76' lang='grc' dir='ltr'>δὲ</span> <span class='ocrx_word' id='word_1_426' title='bbox 541 4587 729 4655; x_wconf 88' lang='grc' dir='ltr'><em>τρόπον</em></span> <span class='ocrx_word' id='word_1_427' title='bbox 803 4586 1220 4666; x_wconf 77' lang='grc' dir='ltr'><em>ἐσχημάτισται,</em></span> <span class='ocrx_word' id='word_1_428' title='bbox 1301 4602 1391 4650; x_wconf 87' lang='grc' dir='ltr'>καὶ</span> <span class='ocrx_word' id='word_1_429' title='bbox 1460 4597 1802 4677; x_wconf 82' lang='grc' dir='ltr'><em>διαλαμϐάνει</em></span> 
     </span>
    </p>
   </div>
   <div class='ocr_carea' id='block_1_63' title="bbox 190 4671 1799 4761">
    <p class='ocr_par' dir='ltr' id='par_1_63' title="bbox 190 4671 1799 4761">
     <span class='ocr_line' id='line_1_63' title="bbox 190 4671 1799 4761; baseline 0.018 -40"><span class='ocrx_word' id='word_1_430' title='bbox 190 4676 305 4745; x_wconf 80' lang='grc' dir='ltr'><em>περὶ</em></span> <span class='ocrx_word' id='word_1_431' title='bbox 354 4678 461 4723; x_wconf 85' lang='grc' dir='ltr'>τῶν</span> <span class='ocrx_word' id='word_1_432' title='bbox 506 4671 867 4747; x_wconf 85' lang='grc' dir='ltr'><em>λαμϐανόντων</em></span> <span class='ocrx_word' id='word_1_433' title='bbox 907 4678 962 4733; x_wconf 83' lang='grc' dir='ltr'>ἐκ</span> <span class='ocrx_word' id='word_1_434' title='bbox 1002 4689 1136 4736; x_wconf 82' lang='grc' dir='ltr'><em>Θεοῦ</em></span> <span class='ocrx_word' id='word_1_435' title='bbox 1178 4691 1495 4761; x_wconf 85' lang='grc' dir='ltr'><em>χαρίσματα</em></span> <span class='ocrx_word' id='word_1_436' title='bbox 1539 4671 1799 4749; x_wconf 65' lang='grc' dir='ltr'><em>διθασκα-</em></span> 
     </span>
    </p>
   </div>
   <div class='ocr_carea' id='block_1_64' title="bbox 189 4758 1800 4859">
    <p class='ocr_par' dir='ltr' id='par_1_64' title="bbox 189 4758 1800 4859">
     <span class='ocr_line' id='line_1_64' title="bbox 189 4758 1800 4859; baseline 0.019 -49"><span class='ocrx_word' id='word_1_437' title='bbox 189 4758 325 4812; x_wconf 86' lang='grc' dir='ltr'><em>λικά·</em></span> <span class='ocrx_word' id='word_1_438' title='bbox 376 4768 551 4816; x_wconf 80' lang='grc' dir='ltr'><em>ταῦτα</em></span> <span class='ocrx_word' id='word_1_439' title='bbox 595 4767 696 4840; x_wconf 77' lang='grc' dir='ltr'><em>γὰρ</em></span> <span class='ocrx_word' id='word_1_440' title='bbox 742 4774 830 4820; x_wconf 87' lang='grc' dir='ltr'>νῦν</span> <span class='ocrx_word' id='word_1_441' title='bbox 874 4767 1081 4826; x_wconf 73' lang='grc' dir='ltr'><em>ἐκάλεσε</em></span> <span class='ocrx_word' id='word_1_442' title='bbox 1119 4774 1346 4831; x_wconf 90' lang='grc' dir='ltr'><em>τάλαντα</em></span> <span class='ocrx_word' id='word_1_443' title='bbox 1393 4775 1484 4833; x_wconf 73' lang='grc' dir='ltr'>⁸5⁴ιόι</span> <span class='ocrx_word' id='word_1_444' title='bbox 1525 4785 1582 4835; x_wconf 88' lang='grc' dir='ltr'><em>τὸ</em></span> <span class='ocrx_word' id='word_1_445' title='bbox 1630 4791 1800 4859; x_wconf 88' lang='grc' dir='ltr'><em>τίμιον</em></span> 
     </span>
    </p>
   </div>
   <div class='ocr_carea' id='block_1_65' title="bbox 192 4849 1797 4944">
    <p class='ocr_par' dir='ltr' id='par_1_65' title="bbox 192 4849 1797 4944">
     <span class='ocr_line' id='line_1_65' title="bbox 192 4849 1797 4944; baseline 0.018 -42"><span class='ocrx_word' id='word_1_446' title='bbox 192 4849 381 4923; x_wconf 64' lang='grc' dir='ltr'>αὐτῶν,</span> <span class='ocrx_word' id='word_1_447' title='bbox 438 4857 528 4907; x_wconf 85' lang='grc' dir='ltr'>καὶ</span> <span class='ocrx_word' id='word_1_448' title='bbox 568 4857 599 4914; x_wconf 82' lang='grc' dir='ltr'><strong>ἥ</strong></span> <span class='ocrx_word' id='word_1_449' title='bbox 636 4861 919 4932; x_wconf 83' lang='grc' dir='ltr'><em>χρωμένων</em></span> <span class='ocrx_word' id='word_1_450' title='bbox 968 4860 1147 4928; x_wconf 82' lang='grc' dir='ltr'><em>αὐτοῖς</em></span> <span class='ocrx_word' id='word_1_451' title='bbox 1189 4870 1279 4919; x_wconf 82' lang='grc' dir='ltr'>καὶ</span> <span class='ocrx_word' id='word_1_452' title='bbox 1327 4867 1723 4944; x_wconf 77' lang='grc' dir='ltr'><em>κερδαινόντων,</em></span> <span class='ocrx_word' id='word_1_453' title='bbox 1768 4879 1797 4940; x_wconf 79' lang='grc' dir='ltr'>ἡ</span> 
     </span>
    </p>
   </div>
   <div class='ocr_carea' id='block_1_66' title="bbox 192 4948 1803 5039">
    <p class='ocr_par' dir='ltr' id='par_1_66' title="bbox 192 4948 1803 5039">
     <span class='ocr_line' id='line_1_66' title="bbox 192 4948 1803 5039; baseline 0.018 -49"><span class='ocrx_word' id='word_1_454' title='bbox 192 4948 666 5017; x_wconf 78' lang='grc' dir='ltr'><em>κατακρυπτόντων</em></span> <span class='ocrx_word' id='word_1_455' title='bbox 742 4954 830 5001; x_wconf 79' lang='grc' dir='ltr'>καὶ</span> <span class='ocrx_word' id='word_1_456' title='bbox 920 4949 1086 5024; x_wconf 70' lang='grc' dir='ltr'><em>μηδὲν</em></span> <span class='ocrx_word' id='word_1_457' title='bbox 1160 4953 1554 5029; x_wconf 83' lang='grc' dir='ltr'><em>κερδαινόντων.</em></span> <span class='ocrx_word' id='word_1_458' title='bbox 1648 4972 1803 5039; x_wconf 84' lang='grc' dir='ltr'><em>Λέγει</em></span> 
     </span>
    </p>
   </div>
   <div class='ocr_carea' id='block_1_67' title="bbox 191 5032 1803 5118">
    <p class='ocr_par' dir='ltr' id='par_1_67' title="bbox 191 5032 1803 5118">
     <span class='ocr_line' id='line_1_67' title="bbox 191 5032 1803 5118; baseline 0.018 -37"><span class='ocrx_word' id='word_1_459' title='bbox 191 5036 362 5085; x_wconf 76' lang='grc' dir='ltr'><em>τοίνυν</em></span> <span class='ocrx_word' id='word_1_460' title='bbox 415 5034 498 5086; x_wconf 86' lang='grc' dir='ltr'><em>ὅτι</em></span> <span class='ocrx_word' id='word_1_461' title='bbox 546 5032 754 5092; x_wconf 79' lang='grc' dir='ltr'><em>ἐκάλεσε</em></span> <span class='ocrx_word' id='word_1_462' title='bbox 800 5043 922 5103; x_wconf 85' lang='grc' dir='ltr'><em>τοὺς</em></span> <span class='ocrx_word' id='word_1_463' title='bbox 974 5039 1198 5109; x_wconf 79' lang='grc' dir='ltr'><em>δούλους</em></span> <span class='ocrx_word' id='word_1_464' title='bbox 1256 5048 1440 5116; x_wconf 76' lang='grc' dir='ltr'><em>αὐτοῦ,</em></span> <span class='ocrx_word' id='word_1_465' title='bbox 1477 5053 1502 5103; x_wconf 92' lang='grc' dir='ltr'>ό</span> <span class='ocrx_word' id='word_1_466' title='bbox 1546 5055 1665 5118; x_wconf 81' lang='grc' dir='ltr'>Υἱὸς</span> <span class='ocrx_word' id='word_1_467' title='bbox 1707 5053 1803 5116; x_wconf 76' lang='grc' dir='ltr'>δη-</span> 
     </span>
    </p>
   </div>
   <div class='ocr_carea' id='block_1_68' title="bbox 260 5186 812 5261">
    <p class='ocr_par' dir='ltr' id='par_1_68' title="bbox 260 5186 812 5261">
     <span class='ocr_line' id='line_1_68' title="bbox 260 5186 812 5261; baseline 0.011 -20"><span class='ocrx_word' id='word_1_468' title='bbox 260 5186 309 5221; x_wconf 74' lang='lat'><strong>&quot;</strong></span> <span class='ocrx_word' id='word_1_469' title='bbox 330 5186 535 5245; x_wconf 79' lang='lat' dir='ltr'>Matth.</span> <span class='ocrx_word' id='word_1_470' title='bbox 562 5204 703 5261; x_wconf 85' lang='lat' dir='ltr'>xxv,</span> <span class='ocrx_word' id='word_1_471' title='bbox 722 5189 812 5249; x_wconf 79' lang='grc'>46.</span> 
     </span>
    </p>
   </div>
   <div class='ocr_carea' id='block_1_69' title="bbox 1927 1925 3594 1997">
    <p class='ocr_par' dir='ltr' id='par_1_69' title="bbox 1927 1925 3594 1997">
     <span class='ocr_line' id='line_1_69' title="bbox 1927 1925 3594 1997; baseline 0.001 -18"><span class='ocrx_word' id='word_1_472' title='bbox 1927 1926 2109 1981; x_wconf 88' lang='lat' dir='ltr'>ricors</span> <span class='ocrx_word' id='word_1_473' title='bbox 2140 1925 2539 1996; x_wconf 82' lang='lat' dir='ltr'>virginitatem</span> <span class='ocrx_word' id='word_1_474' title='bbox 2586 1927 2763 1983; x_wconf 87' lang='lat' dir='ltr'>etiam</span> <span class='ocrx_word' id='word_1_475' title='bbox 2796 1943 2917 1983; x_wconf 89' lang='lat' dir='ltr'>non</span> <span class='ocrx_word' id='word_1_476' title='bbox 2966 1925 3261 1991; x_wconf 85' lang='lat' dir='ltr'>habuerit,</span> <span class='ocrx_word' id='word_1_477' title='bbox 3290 1942 3413 1997; x_wconf 89' lang='lat' dir='ltr'>qua</span> <span class='ocrx_word' id='word_1_478' title='bbox 3453 1930 3594 1981; x_wconf 89' lang='lat' dir='ltr'>tunc</span> 
     </span>
    </p>
   </div>
   <div class='ocr_carea' id='block_1_70' title="bbox 1927 2015 3594 2091">
    <p class='ocr_par' dir='ltr' id='par_1_70' title="bbox 1927 2015 3594 2091">
     <span class='ocr_line' id='line_1_70' title="bbox 1927 2015 3594 2091; baseline 0.001 -21"><span class='ocrx_word' id='word_1_479' title='bbox 1927 2015 2429 2074; x_wconf 89' lang='lat' dir='ltr'>condemnatione</span> <span class='ocrx_word' id='word_1_480' title='bbox 2456 2018 2671 2091; x_wconf 86' lang='lat' dir='ltr'>dignus</span> <span class='ocrx_word' id='word_1_481' title='bbox 2694 2033 2817 2074; x_wconf 91' lang='lat' dir='ltr'>non</span> <span class='ocrx_word' id='word_1_482' title='bbox 2836 2017 2982 2074; x_wconf 80' lang='lat' dir='ltr'>erit?</span> <span class='ocrx_word' id='word_1_483' title='bbox 3008 2021 3135 2073; x_wconf 89' lang='lat' dir='ltr'>Non</span> <span class='ocrx_word' id='word_1_484' title='bbox 3162 2021 3249 2073; x_wconf 90' lang='lat' dir='ltr'>est</span> <span class='ocrx_word' id='word_1_485' title='bbox 3270 2022 3466 2072; x_wconf 86' lang='lat' dir='ltr'>autem</span> <span class='ocrx_word' id='word_1_486' title='bbox 3494 2031 3594 2072; x_wconf 77' lang='lat' dir='ltr'>cu~</span> 
     </span>
    </p>
   </div>
   <div class='ocr_carea' id='block_1_71' title="bbox 1924 2105 3595 2180">
    <p class='ocr_par' dir='ltr' id='par_1_71' title="bbox 1924 2105 3595 2180">
     <span class='ocr_line' id='line_1_71' title="bbox 1924 2105 3595 2180; baseline 0.001 -20"><span class='ocrx_word' id='word_1_487' title='bbox 1924 2105 2079 2162; x_wconf 92' lang='lat' dir='ltr'>riose</span> <span class='ocrx_word' id='word_1_488' title='bbox 2111 2107 2500 2163; x_wconf 87' lang='lat' dir='ltr'>scrutandum</span> <span class='ocrx_word' id='word_1_489' title='bbox 2556 2123 2742 2180; x_wconf 90' lang='lat' dir='ltr'>quare</span> <span class='ocrx_word' id='word_1_490' title='bbox 2782 2107 2993 2163; x_wconf 92' lang='lat' dir='ltr'>decem</span> <span class='ocrx_word' id='word_1_491' title='bbox 3053 2108 3164 2162; x_wconf 84' lang='lat' dir='ltr'>sint</span> <span class='ocrx_word' id='word_1_492' title='bbox 3220 2106 3502 2175; x_wconf 84' lang='lat' dir='ltr'>virgines,</span> <span class='ocrx_word' id='word_1_493' title='bbox 3536 2108 3595 2161; x_wconf 87' lang='lat' dir='ltr'>et</span> 
     </span>
    </p>
   </div>
   <div class='ocr_carea' id='block_1_72' title="bbox 1925 2195 3587 2275">
    <p class='ocr_par' dir='ltr' id='par_1_72' title="bbox 1925 2195 3587 2275">
     <span class='ocr_line' id='line_1_72' title="bbox 1925 2195 3587 2275; baseline -0.001 -25"><span class='ocrx_word' id='word_1_494' title='bbox 1925 2210 2061 2268; x_wconf 64' lang='lat' dir='ltr'>quae</span> <span class='ocrx_word' id='word_1_495' title='bbox 2094 2196 2209 2252; x_wconf 91' lang='lat' dir='ltr'>sint</span> <span class='ocrx_word' id='word_1_496' title='bbox 2234 2213 2383 2253; x_wconf 89' lang='lat' dir='ltr'>vasa</span> <span class='ocrx_word' id='word_1_497' title='bbox 2409 2213 2638 2263; x_wconf 91' lang='lat' dir='ltr'>earum,</span> <span class='ocrx_word' id='word_1_498' title='bbox 2671 2214 2878 2275; x_wconf 73' lang='lat' dir='ltr'>quaeve</span> <span class='ocrx_word' id='word_1_499' title='bbox 2909 2198 3190 2269; x_wconf 89' lang='lat' dir='ltr'>sitjanua</span> <span class='ocrx_word' id='word_1_500' title='bbox 3219 2195 3587 2267; x_wconf 84' lang='lat' dir='ltr'>nuptiarum,</span> 
     </span>
    </p>
   </div>
   <div class='ocr_carea' id='block_1_73' title="bbox 1923 2285 3592 2363">
    <p class='ocr_par' dir='ltr' id='par_1_73' title="bbox 1923 2285 3592 2363">
     <span class='ocr_line' id='line_1_73' title="bbox 1923 2285 3592 2363; baseline 0.001 -23"><span class='ocrx_word' id='word_1_501' title='bbox 1923 2289 2254 2363; x_wconf 84' lang='lat' dir='ltr'>caeteraque</span> <span class='ocrx_word' id='word_1_502' title='bbox 2285 2286 2470 2359; x_wconf 88' lang='lat' dir='ltr'>ipsius</span> <span class='ocrx_word' id='word_1_503' title='bbox 2525 2287 2832 2360; x_wconf 76' lang='lat' dir='ltr'>parabolae</span> <span class='ocrx_word' id='word_1_504' title='bbox 2873 2287 3107 2351; x_wconf 85' lang='lat' dir='ltr'>similia,</span> <span class='ocrx_word' id='word_1_505' title='bbox 3160 2290 3225 2343; x_wconf 89' lang='lat' dir='ltr'>ut</span> <span class='ocrx_word' id='word_1_506' title='bbox 3266 2285 3416 2342; x_wconf 87' lang='lat' dir='ltr'>alias</span> <span class='ocrx_word' id='word_1_507' title='bbox 3444 2300 3592 2358; x_wconf 84' lang='lat' dir='ltr'>quo—</span> 
     </span>
    </p>
   </div>
   <div class='ocr_carea' id='block_1_74' title="bbox 1922 2375 2934 2450">
    <p class='ocr_par' dir='ltr' id='par_1_74' title="bbox 1922 2375 2934 2450">
     <span class='ocr_line' id='line_1_74' title="bbox 1922 2375 2934 2450; baseline 0.011 -26"><span class='ocrx_word' id='word_1_508' title='bbox 1922 2390 2040 2448; x_wconf 84' lang='lat' dir='ltr'>que</span> <span class='ocrx_word' id='word_1_509' title='bbox 2071 2375 2410 2449; x_wconf 88' lang='lat' dir='ltr'>frequenter</span> <span class='ocrx_word' id='word_1_510' title='bbox 2435 2382 2796 2450; x_wconf 81' lang='lat' dir='ltr'>praeceptum</span> <span class='ocrx_word' id='word_1_511' title='bbox 2824 2384 2934 2435; x_wconf 93' lang='lat' dir='ltr'>est.</span> 
     </span>
    </p>
   </div>
   <div class='ocr_carea' id='block_1_75' title="bbox 1992 2464 3584 2539">
    <p class='ocr_par' dir='ltr' id='par_1_75' title="bbox 1992 2464 3584 2539">
     <span class='ocr_line' id='line_1_75' title="bbox 1992 2464 3584 2539; baseline -0.001 -21"><span class='ocrx_word' id='word_1_512' title='bbox 1992 2464 2205 2520; x_wconf 87' lang='lat' dir='ltr'>Verum</span> <span class='ocrx_word' id='word_1_513' title='bbox 2237 2467 2615 2535; x_wconf 84' lang='lat' dir='ltr'>sexagesimo</span> <span class='ocrx_word' id='word_1_514' title='bbox 2647 2468 2843 2539; x_wconf 90' lang='lat' dir='ltr'>primo</span> <span class='ocrx_word' id='word_1_515' title='bbox 2894 2465 3086 2538; x_wconf 85' lang='lat' dir='ltr'>capite</span> <span class='ocrx_word' id='word_1_516' title='bbox 3142 2464 3428 2537; x_wconf 90' lang='lat' dir='ltr'>scriptum</span> <span class='ocrx_word' id='word_1_517' title='bbox 3474 2465 3584 2531; x_wconf 84' lang='lat' dir='ltr'>est,</span> 
     </span>
    </p>
   </div>
   <div class='ocr_carea' id='block_1_76' title="bbox 1920 2552 3585 2630">
    <p class='ocr_par' dir='ltr' id='par_1_76' title="bbox 1920 2552 3585 2630">
     <span class='ocr_line' id='line_1_76' title="bbox 1920 2552 3585 2630; baseline -0.001 -21"><span class='ocrx_word' id='word_1_518' title='bbox 1920 2555 2080 2625; x_wconf 88' lang='lat' dir='ltr'>quod</span> <span class='ocrx_word' id='word_1_519' title='bbox 2122 2555 2386 2627; x_wconf 90' lang='lat' dir='ltr'>primum</span> <span class='ocrx_word' id='word_1_520' title='bbox 2436 2556 2665 2612; x_wconf 86' lang='lat' dir='ltr'>abeunt</span> <span class='ocrx_word' id='word_1_521' title='bbox 2702 2562 3043 2630; x_wconf 89' lang='lat' dir='ltr'>peccatores</span> <span class='ocrx_word' id='word_1_522' title='bbox 3090 2556 3149 2611; x_wconf 90' lang='lat' dir='ltr'>in</span> <span class='ocrx_word' id='word_1_523' title='bbox 3219 2552 3585 2625; x_wconf 89' lang='lat' dir='ltr'>supplicium</span> 
     </span>
    </p>
   </div>
   <div class='ocr_carea' id='block_1_77' title="bbox 1918 2644 3585 2718">
    <p class='ocr_par' dir='ltr' id='par_1_77' title="bbox 1918 2644 3585 2718">
     <span class='ocr_line' id='line_1_77' title="bbox 1918 2644 3585 2718; baseline 0.002 -20"><span class='ocrx_word' id='word_1_524' title='bbox 1918 2646 2231 2711; x_wconf 72' lang='lat' dir='ltr'>aeternum,</span> <span class='ocrx_word' id='word_1_525' title='bbox 2254 2645 2472 2701; x_wconf 79' lang='lat' dir='ltr'>deinde</span> <span class='ocrx_word' id='word_1_526' title='bbox 2486 2647 2633 2718; x_wconf 90' lang='lat' dir='ltr'>justi</span> <span class='ocrx_word' id='word_1_527' title='bbox 2651 2648 2711 2703; x_wconf 93' lang='lat' dir='ltr'>in</span> <span class='ocrx_word' id='word_1_528' title='bbox 2741 2647 2921 2703; x_wconf 88' lang='lat' dir='ltr'>vitam</span> <span class='ocrx_word' id='word_1_529' title='bbox 2940 2651 3223 2702; x_wconf 76' lang='lat' dir='ltr'>aeternam</span> <span class='ocrx_word' id='word_1_530' title='bbox 3246 2646 3289 2680; x_wconf 67' lang='lat'>‘7</span> <span class='ocrx_word' id='word_1_531' title='bbox 3312 2661 3322 2698; x_wconf 92' lang='lat'>:</span> <span class='ocrx_word' id='word_1_532' title='bbox 3353 2644 3413 2698; x_wconf 92' lang='lat' dir='ltr'>in</span> <span class='ocrx_word' id='word_1_533' title='bbox 3436 2659 3585 2715; x_wconf 62' lang='lat' dir='ltr'>prat-</span> 
     </span>
    </p>
   </div>
   <div class='ocr_carea' id='block_1_78' title="bbox 1918 2733 3587 2810">
    <p class='ocr_par' dir='ltr' id='par_1_78' title="bbox 1918 2733 3587 2810">
     <span class='ocr_line' id='line_1_78' title="bbox 1918 2733 3587 2810; baseline 0 -22"><span class='ocrx_word' id='word_1_534' title='bbox 1918 2735 2067 2789; x_wconf 90' lang='lat' dir='ltr'>senti</span> <span class='ocrx_word' id='word_1_535' title='bbox 2096 2750 2232 2791; x_wconf 87' lang='lat' dir='ltr'>vero</span> <span class='ocrx_word' id='word_1_536' title='bbox 2259 2737 2452 2809; x_wconf 88' lang='lat' dir='ltr'>capite</span> <span class='ocrx_word' id='word_1_537' title='bbox 2493 2738 2857 2793; x_wconf 89' lang='lat' dir='ltr'>contrarium</span> <span class='ocrx_word' id='word_1_538' title='bbox 2890 2741 3155 2810; x_wconf 90' lang='lat' dir='ltr'>apparet,</span> <span class='ocrx_word' id='word_1_539' title='bbox 3184 2751 3321 2791; x_wconf 90' lang='lat' dir='ltr'>cum</span> <span class='ocrx_word' id='word_1_540' title='bbox 3355 2733 3587 2802; x_wconf 85' lang='lat' dir='ltr'>ingres-</span> 
     </span>
    </p>
   </div>
   <div class='ocr_carea' id='block_1_79' title="bbox 1918 2822 3583 2899">
    <p class='ocr_par' dir='ltr' id='par_1_79' title="bbox 1918 2822 3583 2899">
     <span class='ocr_line' id='line_1_79' title="bbox 1918 2822 3583 2899; baseline 0.001 -22"><span class='ocrx_word' id='word_1_541' title='bbox 1918 2822 1997 2878; x_wconf 91' lang='lat' dir='ltr'>sis</span> <span class='ocrx_word' id='word_1_542' title='bbox 2027 2824 2291 2894; x_wconf 91' lang='lat' dir='ltr'>primum</span> <span class='ocrx_word' id='word_1_543' title='bbox 2330 2826 2727 2899; x_wconf 88' lang='lat' dir='ltr'>prudentibus</span> <span class='ocrx_word' id='word_1_544' title='bbox 2787 2825 3139 2896; x_wconf 84' lang='lat' dir='ltr'>virginibus,</span> <span class='ocrx_word' id='word_1_545' title='bbox 3190 2824 3583 2896; x_wconf 91' lang='lat' dir='ltr'>postmodum</span> 
     </span>
    </p>
   </div>
   <div class='ocr_carea' id='block_1_80' title="bbox 1918 2912 3580 2988">
    <p class='ocr_par' dir='ltr' id='par_1_80' title="bbox 1918 2912 3580 2988">
     <span class='ocr_line' id='line_1_80' title="bbox 1918 2912 3580 2988; baseline 0.001 -21"><span class='ocrx_word' id='word_1_546' title='bbox 1918 2913 2246 2983; x_wconf 64' lang='lat' dir='ltr'>reprobataa</span> <span class='ocrx_word' id='word_1_547' title='bbox 2279 2915 2395 2970; x_wconf 92' lang='lat' dir='ltr'>sint</span> <span class='ocrx_word' id='word_1_548' title='bbox 2420 2915 2618 2971; x_wconf 66' lang='lat' dir='ltr'>fatuae.</span> <span class='ocrx_word' id='word_1_549' title='bbox 2641 2919 2722 2971; x_wconf 89' lang='lat' dir='ltr'>Ne</span> <span class='ocrx_word' id='word_1_550' title='bbox 2750 2916 3070 2988; x_wconf 89' lang='lat' dir='ltr'>suspiceris</span> <span class='ocrx_word' id='word_1_551' title='bbox 3095 2912 3580 2970; x_wconf 86' lang='lat' dir='ltr'>contrarietatem</span> 
     </span>
    </p>
   </div>
   <div class='ocr_carea' id='block_1_81' title="bbox 1918 3001 3582 3076">
    <p class='ocr_par' dir='ltr' id='par_1_81' title="bbox 1918 3001 3582 3076">
     <span class='ocr_line' id='line_1_81' title="bbox 1918 3001 3582 3076; baseline -0.001 -19"><span class='ocrx_word' id='word_1_552' title='bbox 1918 3001 2113 3058; x_wconf 89' lang='lat' dir='ltr'>inesse</span> <span class='ocrx_word' id='word_1_553' title='bbox 2138 3004 2430 3075; x_wconf 89' lang='lat' dir='ltr'>capitibus</span> <span class='ocrx_word' id='word_1_554' title='bbox 2464 3021 2476 3060; x_wconf 94' lang='lat'><strong>:</strong></span> <span class='ocrx_word' id='word_1_555' title='bbox 2506 3005 2647 3060; x_wconf 90' lang='lat' dir='ltr'>illud</span> <span class='ocrx_word' id='word_1_556' title='bbox 2685 3004 2978 3076; x_wconf 90' lang='lat' dir='ltr'>siquidem</span> <span class='ocrx_word' id='word_1_557' title='bbox 3013 3007 3218 3059; x_wconf 84' lang='lat' dir='ltr'>exacte</span> <span class='ocrx_word' id='word_1_558' title='bbox 3264 3007 3474 3058; x_wconf 85' lang='lat' dir='ltr'>tractat</span> <span class='ocrx_word' id='word_1_559' title='bbox 3507 3001 3582 3056; x_wconf 90' lang='lat' dir='ltr'>de</span> 
     </span>
    </p>
   </div>
   <div class='ocr_carea' id='block_1_82' title="bbox 1920 3091 3582 3165">
    <p class='ocr_par' dir='ltr' id='par_1_82' title="bbox 1920 3091 3582 3165">
     <span class='ocr_line' id='line_1_82' title="bbox 1920 3091 3582 3165; baseline -0.001 -18"><span class='ocrx_word' id='word_1_560' title='bbox 1920 3092 2149 3159; x_wconf 91' lang='lat' dir='ltr'>ordine,</span> <span class='ocrx_word' id='word_1_561' title='bbox 2182 3094 2298 3150; x_wconf 88' lang='lat' dir='ltr'>hoc</span> <span class='ocrx_word' id='word_1_562' title='bbox 2329 3099 2523 3150; x_wconf 88' lang='lat' dir='ltr'>autem</span> <span class='ocrx_word' id='word_1_563' title='bbox 2554 3095 2715 3150; x_wconf 90' lang='lat' dir='ltr'>aliud</span> <span class='ocrx_word' id='word_1_564' title='bbox 2743 3094 2921 3151; x_wconf 88' lang='lat' dir='ltr'>habet</span> <span class='ocrx_word' id='word_1_565' title='bbox 2950 3096 3264 3159; x_wconf 89' lang='lat' dir='ltr'>intentum,</span> <span class='ocrx_word' id='word_1_566' title='bbox 3298 3092 3465 3165; x_wconf 91' lang='lat' dir='ltr'>quod</span> <span class='ocrx_word' id='word_1_567' title='bbox 3499 3091 3582 3147; x_wconf 89' lang='lat' dir='ltr'>vi-</span> 
     </span>
    </p>
   </div>
   <div class='ocr_carea' id='block_1_83' title="bbox 1847 3180 3586 3269">
    <p class='ocr_par' dir='ltr' id='par_1_83' title="bbox 1847 3180 3586 3269">
     <span class='ocr_line' id='line_1_83' title="bbox 1847 3180 3586 3269; baseline 0.001 -33"><span class='ocrx_word' id='word_1_568' title='bbox 1847 3212 1888 3269; x_wconf 78' lang='lat' dir='ltr'>C</span> <span class='ocrx_word' id='word_1_569' title='bbox 1921 3180 2132 3238; x_wconf 91' lang='lat' dir='ltr'>delicet</span> <span class='ocrx_word' id='word_1_570' title='bbox 2159 3199 2357 3254; x_wconf 89' lang='lat' dir='ltr'>neque</span> <span class='ocrx_word' id='word_1_571' title='bbox 2403 3183 2713 3254; x_wconf 81' lang='lat' dir='ltr'>virginitas</span> <span class='ocrx_word' id='word_1_572' title='bbox 2738 3183 3014 3249; x_wconf 88' lang='lat' dir='ltr'>salvabit,</span> <span class='ocrx_word' id='word_1_573' title='bbox 3043 3199 3164 3238; x_wconf 91' lang='lat' dir='ltr'>non</span> <span class='ocrx_word' id='word_1_574' title='bbox 3216 3181 3444 3238; x_wconf 88' lang='lat' dir='ltr'>habens</span> <span class='ocrx_word' id='word_1_575' title='bbox 3475 3180 3586 3237; x_wconf 89' lang='lat' dir='ltr'>sibi</span> 
     </span>
    </p>
   </div>
   <div class='ocr_carea' id='block_1_84' title="bbox 1922 3272 3588 3345">
    <p class='ocr_par' dir='ltr' id='par_1_84' title="bbox 1922 3272 3588 3345">
     <span class='ocr_line' id='line_1_84' title="bbox 1922 3272 3588 3345; baseline -0.001 -19"><span class='ocrx_word' id='word_1_576' title='bbox 1922 3272 2100 3328; x_wconf 87' lang='lat' dir='ltr'>etiam</span> <span class='ocrx_word' id='word_1_577' title='bbox 2145 3273 2527 3344; x_wconf 88' lang='lat' dir='ltr'>conjunctam</span> <span class='ocrx_word' id='word_1_578' title='bbox 2568 3274 3039 3345; x_wconf 82' lang='lat' dir='ltr'>eleemosynam,</span> <span class='ocrx_word' id='word_1_579' title='bbox 3084 3278 3139 3328; x_wconf 90' lang='lat' dir='ltr'>et</span> <span class='ocrx_word' id='word_1_580' title='bbox 3193 3272 3359 3345; x_wconf 88' lang='lat' dir='ltr'>quod</span> <span class='ocrx_word' id='word_1_581' title='bbox 3408 3272 3588 3326; x_wconf 88' lang='lat' dir='ltr'>unius</span> 
     </span>
    </p>
   </div>
   <div class='ocr_carea' id='block_1_85' title="bbox 1921 3360 3583 3437">
    <p class='ocr_par' dir='ltr' id='par_1_85' title="bbox 1921 3360 3583 3437">
     <span class='ocr_line' id='line_1_85' title="bbox 1921 3360 3583 3437; baseline 0 -20"><span class='ocrx_word' id='word_1_582' title='bbox 1921 3360 2109 3417; x_wconf 91' lang='lat' dir='ltr'>virtus</span> <span class='ocrx_word' id='word_1_583' title='bbox 2141 3362 2239 3417; x_wconf 90' lang='lat' dir='ltr'>alii</span> <span class='ocrx_word' id='word_1_584' title='bbox 2266 3368 2400 3419; x_wconf 92' lang='lat' dir='ltr'>tunc</span> <span class='ocrx_word' id='word_1_585' title='bbox 2427 3379 2549 3419; x_wconf 90' lang='lat' dir='ltr'>non</span> <span class='ocrx_word' id='word_1_586' title='bbox 2576 3363 2837 3437; x_wconf 89' lang='lat' dir='ltr'>proderit</span> <span class='ocrx_word' id='word_1_587' title='bbox 2868 3383 2881 3420; x_wconf 90' lang='lat'><strong>:</strong></span> <span class='ocrx_word' id='word_1_588' title='bbox 2914 3363 3197 3437; x_wconf 85' lang='lat' dir='ltr'>quodque</span> <span class='ocrx_word' id='word_1_589' title='bbox 3220 3369 3357 3417; x_wconf 90' lang='lat' dir='ltr'>tunc</span> <span class='ocrx_word' id='word_1_590' title='bbox 3380 3364 3583 3418; x_wconf 87' lang='lat' dir='ltr'>motus</span> 
     </span>
    </p>
   </div>
   <div class='ocr_carea' id='block_1_86' title="bbox 1920 3450 3583 3525">
    <p class='ocr_par' dir='ltr' id='par_1_86' title="bbox 1920 3450 3583 3525">
     <span class='ocr_line' id='line_1_86' title="bbox 1920 3450 3583 3525; baseline 0.001 -20"><span class='ocrx_word' id='word_1_591' title='bbox 1920 3450 1998 3506; x_wconf 88' lang='lat' dir='ltr'>ad</span> <span class='ocrx_word' id='word_1_592' title='bbox 2022 3450 2298 3507; x_wconf 88' lang='lat' dir='ltr'>virtutem</span> <span class='ocrx_word' id='word_1_593' title='bbox 2337 3468 2528 3508; x_wconf 91' lang='lat' dir='ltr'>vanus</span> <span class='ocrx_word' id='word_1_594' title='bbox 2559 3453 2685 3509; x_wconf 88' lang='lat' dir='ltr'>erit.</span> <span class='ocrx_word' id='word_1_595' title='bbox 2730 3455 2872 3509; x_wconf 88' lang='lat' dir='ltr'>Item</span> <span class='ocrx_word' id='word_1_596' title='bbox 2904 3453 3067 3525; x_wconf 88' lang='lat' dir='ltr'>quod</span> <span class='ocrx_word' id='word_1_597' title='bbox 3096 3452 3229 3507; x_wconf 90' lang='lat' dir='ltr'>licet</span> <span class='ocrx_word' id='word_1_598' title='bbox 3258 3451 3583 3524; x_wconf 90' lang='lat' dir='ltr'>plurimum</span> 
     </span>
    </p>
   </div>
   <div class='ocr_carea' id='block_1_87' title="bbox 1919 3539 3580 3614">
    <p class='ocr_par' dir='ltr' id='par_1_87' title="bbox 1919 3539 3580 3614">
     <span class='ocr_line' id='line_1_87' title="bbox 1919 3539 3580 3614; baseline 0.001 -20"><span class='ocrx_word' id='word_1_599' title='bbox 1919 3539 2313 3611; x_wconf 89' lang='lat' dir='ltr'>deprecentur</span> <span class='ocrx_word' id='word_1_600' title='bbox 2338 3542 2439 3613; x_wconf 90' lang='lat' dir='ltr'>qui</span> <span class='ocrx_word' id='word_1_601' title='bbox 2472 3542 2845 3599; x_wconf 87' lang='lat' dir='ltr'>condemnati</span> <span class='ocrx_word' id='word_1_602' title='bbox 2873 3545 3030 3608; x_wconf 89' lang='lat' dir='ltr'>sunt,</span> <span class='ocrx_word' id='word_1_603' title='bbox 3055 3557 3444 3614; x_wconf 87' lang='lat' dir='ltr'>nequaquam</span> <span class='ocrx_word' id='word_1_604' title='bbox 3472 3540 3580 3596; x_wconf 89' lang='lat' dir='ltr'>ﬂe-</span> 
     </span>
    </p>
   </div>
   <div class='ocr_carea' id='block_1_88' title="bbox 1917 3630 3583 3700">
    <p class='ocr_par' dir='ltr' id='par_1_88' title="bbox 1917 3630 3583 3700">
     <span class='ocr_line' id='line_1_88' title="bbox 1917 3630 3583 3700; baseline 0.002 -16"><span class='ocrx_word' id='word_1_605' title='bbox 1917 3633 2083 3685; x_wconf 93' lang='lat' dir='ltr'>ctunt</span> <span class='ocrx_word' id='word_1_606' title='bbox 2131 3630 2418 3700; x_wconf 91' lang='lat' dir='ltr'>judicem.</span> <span class='ocrx_word' id='word_1_607' title='bbox 2462 3632 2685 3689; x_wconf 82' lang='lat' dir='ltr'>Caetera</span> <span class='ocrx_word' id='word_1_608' title='bbox 2710 3647 2852 3687; x_wconf 90' lang='lat' dir='ltr'>vero</span> <span class='ocrx_word' id='word_1_609' title='bbox 2894 3632 3101 3687; x_wconf 87' lang='lat' dir='ltr'>omnia</span> <span class='ocrx_word' id='word_1_610' title='bbox 3153 3630 3318 3687; x_wconf 91' lang='lat' dir='ltr'>nullo</span> <span class='ocrx_word' id='word_1_611' title='bbox 3348 3630 3583 3687; x_wconf 90' lang='lat' dir='ltr'>delectu</span> 
     </span>
    </p>
   </div>
   <div class='ocr_carea' id='block_1_89' title="bbox 1921 3718 3580 3793">
    <p class='ocr_par' dir='ltr' id='par_1_89' title="bbox 1921 3718 3580 3793">
     <span class='ocr_line' id='line_1_89' title="bbox 1921 3718 3580 3793; baseline 0.001 -18"><span class='ocrx_word' id='word_1_612' title='bbox 1921 3718 2005 3791; x_wconf 81' lang='lat' dir='ltr'>(p)</span> <span class='ocrx_word' id='word_1_613' title='bbox 2030 3721 2363 3791; x_wconf 87' lang='lat' dir='ltr'>composita</span> <span class='ocrx_word' id='word_1_614' title='bbox 2385 3726 2541 3787; x_wconf 89' lang='lat' dir='ltr'>sunt,</span> <span class='ocrx_word' id='word_1_615' title='bbox 2561 3727 2621 3776; x_wconf 88' lang='lat' dir='ltr'>ut</span> <span class='ocrx_word' id='word_1_616' title='bbox 2646 3722 2971 3793; x_wconf 90' lang='lat' dir='ltr'>probabilis</span> <span class='ocrx_word' id='word_1_617' title='bbox 2988 3720 3412 3793; x_wconf 84' lang='lat' dir='ltr'>ﬁatparabola.</span> <span class='ocrx_word' id='word_1_618' title='bbox 3429 3723 3580 3776; x_wconf 88' lang='lat' dir='ltr'>Nam</span> 
     </span>
    </p>
   </div>
   <div class='ocr_carea' id='block_1_90' title="bbox 1918 3808 3579 3883">
    <p class='ocr_par' dir='ltr' id='par_1_90' title="bbox 1918 3808 3579 3883">
     <span class='ocr_line' id='line_1_90' title="bbox 1918 3808 3579 3883; baseline 0.001 -20"><span class='ocrx_word' id='word_1_619' title='bbox 1918 3822 2114 3879; x_wconf 86' lang='lat' dir='ltr'>neque</span> <span class='ocrx_word' id='word_1_620' title='bbox 2144 3808 2473 3881; x_wconf 82' lang='lat' dir='ltr'>dixitquod</span> <span class='ocrx_word' id='word_1_621' title='bbox 2508 3809 2798 3881; x_wconf 66' lang='lat' dir='ltr'>ablegatus</span> <span class='ocrx_word' id='word_1_622' title='bbox 2830 3815 2968 3867; x_wconf 91' lang='lat' dir='ltr'>sunt</span> <span class='ocrx_word' id='word_1_623' title='bbox 2997 3811 3059 3866; x_wconf 93' lang='lat' dir='ltr'>in</span> <span class='ocrx_word' id='word_1_624' title='bbox 3093 3809 3473 3883; x_wconf 90' lang='lat' dir='ltr'>supplicium,</span> <span class='ocrx_word' id='word_1_625' title='bbox 3508 3824 3579 3865; x_wconf 89' lang='lat' dir='ltr'>eo</span> 
     </span>
    </p>
   </div>
   <div class='ocr_carea' id='block_1_91' title="bbox 1919 3896 3368 3972">
    <p class='ocr_par' dir='ltr' id='par_1_91' title="bbox 1919 3896 3368 3972">
     <span class='ocr_line' id='line_1_91' title="bbox 1919 3896 3368 3972; baseline 0.001 -21"><span class='ocrx_word' id='word_1_626' title='bbox 1919 3896 2083 3969; x_wconf 90' lang='lat' dir='ltr'>quod</span> <span class='ocrx_word' id='word_1_627' title='bbox 2108 3912 2272 3952; x_wconf 90' lang='lat' dir='ltr'>nunc</span> <span class='ocrx_word' id='word_1_628' title='bbox 2296 3898 2649 3968; x_wconf 90' lang='lat' dir='ltr'>hujusmodi</span> <span class='ocrx_word' id='word_1_629' title='bbox 2690 3915 2810 3955; x_wconf 90' lang='lat' dir='ltr'>non</span> <span class='ocrx_word' id='word_1_630' title='bbox 2839 3905 3044 3956; x_wconf 87' lang='lat' dir='ltr'>exacte</span> <span class='ocrx_word' id='word_1_631' title='bbox 3070 3899 3368 3972; x_wconf 87' lang='lat' dir='ltr'>disquirat</span> 
     </span>
    </p>
   </div>
   <div class='ocr_carea' id='block_1_92' title="bbox 1990 3986 3581 4060">
    <p class='ocr_par' dir='ltr' id='par_1_92' title="bbox 1990 3986 3581 4060">
     <span class='ocr_line' id='line_1_92' title="bbox 1990 3986 3581 4060; baseline 0.001 -19"><span class='ocrx_word' id='word_1_632' title='bbox 1990 3986 2150 4042; x_wconf 82' lang='lat' dir='ltr'>Vers.</span> <span class='ocrx_word' id='word_1_633' title='bbox 2192 3990 2270 4042; x_wconf 80' lang='grc'>13.</span> <span class='ocrx_word' id='word_1_634' title='bbox 2315 3987 2553 4057; x_wconf 75' lang='lat' dir='ltr'>Vigilate</span> <span class='ocrx_word' id='word_1_635' title='bbox 2575 4018 2643 4029; x_wconf 93' lang='lat'>—</span> <span class='ocrx_word' id='word_1_636' title='bbox 2673 3987 2881 4045; x_wconf 79' lang='lat' dir='ltr'>veniet.</span> <span class='ocrx_word' id='word_1_637' title='bbox 2914 3989 3269 4060; x_wconf 87' lang='lat' dir='ltr'>Frequenter</span> <span class='ocrx_word' id='word_1_638' title='bbox 3289 3987 3351 4043; x_wconf 91' lang='lat' dir='ltr'>id</span> <span class='ocrx_word' id='word_1_639' title='bbox 3382 3986 3581 4042; x_wconf 83' lang='lat' dir='ltr'>subin-</span> 
     </span>
    </p>
   </div>
   <div class='ocr_carea' id='block_1_93' title="bbox 1918 4074 3580 4149">
    <p class='ocr_par' dir='ltr' id='par_1_93' title="bbox 1918 4074 3580 4149">
     <span class='ocr_line' id='line_1_93' title="bbox 1918 4074 3580 4149; baseline 0 -18"><span class='ocrx_word' id='word_1_640' title='bbox 1918 4074 2047 4140; x_wconf 89' lang='lat' dir='ltr'>fert,</span> <span class='ocrx_word' id='word_1_641' title='bbox 2069 4074 2390 4131; x_wconf 90' lang='lat' dir='ltr'>ostendens</span> <span class='ocrx_word' id='word_1_642' title='bbox 2418 4076 2578 4149; x_wconf 89' lang='lat' dir='ltr'>quod</span> <span class='ocrx_word' id='word_1_643' title='bbox 2604 4078 2871 4134; x_wconf 81' lang='lat' dir='ltr'>maxima</span> <span class='ocrx_word' id='word_1_644' title='bbox 2912 4078 2989 4134; x_wconf 92' lang='lat' dir='ltr'>sit</span> <span class='ocrx_word' id='word_1_645' title='bbox 3016 4076 3254 4145; x_wconf 86' lang='lat' dir='ltr'>utilitas,</span> <span class='ocrx_word' id='word_1_646' title='bbox 3284 4082 3350 4133; x_wconf 90' lang='lat' dir='ltr'>ut</span> <span class='ocrx_word' id='word_1_647' title='bbox 3374 4078 3435 4132; x_wconf 92' lang='lat' dir='ltr'>in</span> <span class='ocrx_word' id='word_1_648' title='bbox 3465 4076 3580 4133; x_wconf 86' lang='lat' dir='ltr'>hoc</span> 
     </span>
    </p>
   </div>
   <div class='ocr_carea' id='block_1_94' title="bbox 1920 4165 3582 4239">
    <p class='ocr_par' dir='ltr' id='par_1_94' title="bbox 1920 4165 3582 4239">
     <span class='ocr_line' id='line_1_94' title="bbox 1920 4165 3582 4239; baseline -0.001 -18"><span class='ocrx_word' id='word_1_649' title='bbox 1920 4165 2276 4233; x_wconf 87' lang='lat' dir='ltr'>attendatur,</span> <span class='ocrx_word' id='word_1_650' title='bbox 2307 4171 2546 4239; x_wconf 88' lang='lat' dir='ltr'>propter</span> <span class='ocrx_word' id='word_1_651' title='bbox 2566 4166 2762 4225; x_wconf 87' lang='lat' dir='ltr'>ﬁnalis</span> <span class='ocrx_word' id='word_1_652' title='bbox 2798 4167 2912 4224; x_wconf 77' lang='lat' dir='ltr'>diei</span> <span class='ocrx_word' id='word_1_653' title='bbox 2942 4171 2999 4224; x_wconf 87' lang='lat' dir='ltr'>et</span> <span class='ocrx_word' id='word_1_654' title='bbox 3026 4167 3191 4224; x_wconf 70' lang='lat' dir='ltr'>horas</span> <span class='ocrx_word' id='word_1_655' title='bbox 3216 4165 3582 4223; x_wconf 87' lang='lat' dir='ltr'>incertitudi-</span> 
     </span>
    </p>
   </div>
   <div class='ocr_carea' id='block_1_95' title="bbox 1917 4270 2079 4313">
    <p class='ocr_par' dir='ltr' id='par_1_95' title="bbox 1917 4270 2079 4313">
     <span class='ocr_line' id='line_1_95' title="bbox 1917 4270 2079 4313; baseline -0.006 0"><span class='ocrx_word' id='word_1_656' title='bbox 1917 4270 2079 4313; x_wconf 90' lang='lat' dir='ltr'>nem.</span> 
     </span>
    </p>
   </div>
   <div class='ocr_carea' id='block_1_96' title="bbox 2409 4346 3094 4405">
    <p class='ocr_par' dir='ltr' id='par_1_96' title="bbox 2409 4346 3094 4405">
     <span class='ocr_line' id='line_1_96' title="bbox 2409 4346 3094 4405; baseline -0.001 0"><span class='ocrx_word' id='word_1_657' title='bbox 2409 4348 2561 4405; x_wconf 85' lang='lat' dir='ltr'>CAP.</span> <span class='ocrx_word' id='word_1_658' title='bbox 2591 4348 2694 4405; x_wconf 85' lang='lat' dir='ltr'>LX.</span> <span class='ocrx_word' id='word_1_659' title='bbox 2728 4348 2816 4404; x_wconf 86' lang='lat' dir='ltr'>De</span> <span class='ocrx_word' id='word_1_660' title='bbox 2843 4346 3094 4404; x_wconf 75' lang='lat' dir='ltr'>talentis.</span> 
     </span>
    </p>
   </div>
   <div class='ocr_carea' id='block_1_97' title="bbox 1985 4434 3576 4507">
    <p class='ocr_par' dir='ltr' id='par_1_97' title="bbox 1985 4434 3576 4507">
     <span class='ocr_line' id='line_1_97' title="bbox 1985 4434 3576 4507; baseline 0.001 -18"><span class='ocrx_word' id='word_1_661' title='bbox 1985 4436 2147 4490; x_wconf 87' lang='lat' dir='ltr'>Vers.</span> <span class='ocrx_word' id='word_1_662' title='bbox 2183 4438 2265 4492; x_wconf 76' lang='grc'>14.</span> <span class='ocrx_word' id='word_1_663' title='bbox 2298 4436 2469 4493; x_wconf 75' lang='lat' dir='ltr'>Sicut</span> <span class='ocrx_word' id='word_1_664' title='bbox 2501 4468 2567 4477; x_wconf 91' lang='lat'>-—</span> <span class='ocrx_word' id='word_1_665' title='bbox 2617 4438 2783 4493; x_wconf 89' lang='lat' dir='ltr'>Vers.</span> <span class='ocrx_word' id='word_1_666' title='bbox 2828 4438 2915 4493; x_wconf 84' lang='grc'>15.</span> <span class='ocrx_word' id='word_1_667' title='bbox 2961 4436 3325 4507; x_wconf 80' lang='lat' dir='ltr'>facultatem.</span> <span class='ocrx_word' id='word_1_668' title='bbox 3383 4434 3576 4490; x_wconf 86' lang='lat' dir='ltr'>Etiam</span> 
     </span>
    </p>
   </div>
   <div class='ocr_carea' id='block_1_98' title="bbox 1912 4523 3578 4599">
    <p class='ocr_par' dir='ltr' id='par_1_98' title="bbox 1912 4523 3578 4599">
     <span class='ocr_line' id='line_1_98' title="bbox 1912 4523 3578 4599; baseline 0.001 -20"><span class='ocrx_word' id='word_1_669' title='bbox 1912 4523 2037 4580; x_wconf 73' lang='lat' dir='ltr'>haec</span> <span class='ocrx_word' id='word_1_670' title='bbox 2064 4525 2352 4596; x_wconf 86' lang='lat' dir='ltr'>parabola</span> <span class='ocrx_word' id='word_1_671' title='bbox 2384 4525 2595 4581; x_wconf 91' lang='lat' dir='ltr'>similis</span> <span class='ocrx_word' id='word_1_672' title='bbox 2628 4530 2719 4582; x_wconf 89' lang='lat' dir='ltr'>est</span> <span class='ocrx_word' id='word_1_673' title='bbox 2751 4526 2801 4583; x_wconf 92' lang='lat' dir='ltr'>ei</span> <span class='ocrx_word' id='word_1_674' title='bbox 2834 4543 2971 4599; x_wconf 66' lang='lat' dir='ltr'>quae</span> <span class='ocrx_word' id='word_1_675' title='bbox 3012 4524 3284 4598; x_wconf 89' lang='lat' dir='ltr'>superius</span> <span class='ocrx_word' id='word_1_676' title='bbox 3315 4524 3389 4580; x_wconf 91' lang='lat' dir='ltr'>de</span> <span class='ocrx_word' id='word_1_677' title='bbox 3420 4523 3578 4581; x_wconf 87' lang='lat' dir='ltr'>ﬁdeli</span> 
     </span>
    </p>
   </div>
   <div class='ocr_carea' id='block_1_99' title="bbox 1913 4613 3575 4689">
    <p class='ocr_par' dir='ltr' id='par_1_99' title="bbox 1913 4613 3575 4689">
     <span class='ocr_line' id='line_1_99' title="bbox 1913 4613 3575 4689; baseline 0 -20"><span class='ocrx_word' id='word_1_678' title='bbox 1913 4631 1981 4669; x_wconf 90' lang='lat' dir='ltr'>ac</span> <span class='ocrx_word' id='word_1_679' title='bbox 2012 4614 2303 4685; x_wconf 90' lang='lat' dir='ltr'>prudente</span> <span class='ocrx_word' id='word_1_680' title='bbox 2336 4631 2508 4672; x_wconf 89' lang='lat' dir='ltr'>servo</span> <span class='ocrx_word' id='word_1_681' title='bbox 2536 4616 2733 4689; x_wconf 87' lang='lat' dir='ltr'>posita</span> <span class='ocrx_word' id='word_1_682' title='bbox 2771 4620 2879 4683; x_wconf 87' lang='lat' dir='ltr'>est,</span> <span class='ocrx_word' id='word_1_683' title='bbox 2917 4632 3124 4672; x_wconf 90' lang='lat' dir='ltr'>verum</span> <span class='ocrx_word' id='word_1_684' title='bbox 3156 4615 3272 4671; x_wconf 88' lang='lat' dir='ltr'>alio</span> <span class='ocrx_word' id='word_1_685' title='bbox 3307 4614 3489 4671; x_wconf 89' lang='lat' dir='ltr'>modo</span> <span class='ocrx_word' id='word_1_686' title='bbox 3509 4613 3575 4669; x_wconf 90' lang='lat' dir='ltr'>ﬁ-</span> 
     </span>
    </p>
   </div>
   <div class='ocr_carea' id='block_1_100' title="bbox 1912 4705 3572 4780">
    <p class='ocr_par' dir='ltr' id='par_1_100' title="bbox 1912 4705 3572 4780">
     <span class='ocr_line' id='line_1_100' title="bbox 1912 4705 3572 4780; baseline 0 -21"><span class='ocrx_word' id='word_1_687' title='bbox 1912 4708 2124 4774; x_wconf 81' lang='lat' dir='ltr'>gurata</span> <span class='ocrx_word' id='word_1_688' title='bbox 2149 4708 2239 4761; x_wconf 88' lang='lat' dir='ltr'>est</span> <span class='ocrx_word' id='word_1_689' title='bbox 2281 4724 2293 4764; x_wconf 94' lang='lat'><strong>:</strong></span> <span class='ocrx_word' id='word_1_690' title='bbox 2328 4705 2481 4761; x_wconf 90' lang='lat' dir='ltr'>etde</span> <span class='ocrx_word' id='word_1_691' title='bbox 2538 4706 2631 4761; x_wconf 92' lang='lat' dir='ltr'>his</span> <span class='ocrx_word' id='word_1_692' title='bbox 2662 4705 2917 4771; x_wconf 88' lang='lat' dir='ltr'>disserit,</span> <span class='ocrx_word' id='word_1_693' title='bbox 2959 4706 3129 4780; x_wconf 90' lang='lat' dir='ltr'>quia</span> <span class='ocrx_word' id='word_1_694' title='bbox 3183 4708 3303 4761; x_wconf 91' lang='lat' dir='ltr'>Deo</span> <span class='ocrx_word' id='word_1_695' title='bbox 3349 4705 3572 4775; x_wconf 81' lang='lat' dir='ltr'>gratias</span> 
     </span>
    </p>
   </div>
   <div class='ocr_carea' id='block_1_101' title="bbox 1910 4794 3577 4867">
    <p class='ocr_par' dir='ltr' id='par_1_101' title="bbox 1910 4794 3577 4867">
     <span class='ocr_line' id='line_1_101' title="bbox 1910 4794 3577 4867; baseline 0.002 -19"><span class='ocrx_word' id='word_1_696' title='bbox 1910 4800 2268 4865; x_wconf 90' lang='lat' dir='ltr'>acceperunt</span> <span class='ocrx_word' id='word_1_697' title='bbox 2325 4794 2581 4851; x_wconf 91' lang='lat' dir='ltr'>docendi</span> <span class='ocrx_word' id='word_1_698' title='bbox 2612 4795 2779 4867; x_wconf 91' lang='lat' dir='ltr'>(nam</span> <span class='ocrx_word' id='word_1_699' title='bbox 2810 4795 2916 4851; x_wconf 86' lang='lat' dir='ltr'>has</span> <span class='ocrx_word' id='word_1_700' title='bbox 2947 4811 3108 4851; x_wconf 91' lang='lat' dir='ltr'>nunc</span> <span class='ocrx_word' id='word_1_701' title='bbox 3139 4794 3360 4851; x_wconf 87' lang='lat' dir='ltr'>talenta</span> <span class='ocrx_word' id='word_1_702' title='bbox 3401 4798 3577 4851; x_wconf 89' lang='lat' dir='ltr'>vocat</span> 
     </span>
    </p>
   </div>
   <div class='ocr_carea' id='block_1_102' title="bbox 1911 4883 3575 4959">
    <p class='ocr_par' dir='ltr' id='par_1_102' title="bbox 1911 4883 3575 4959">
     <span class='ocr_line' id='line_1_102' title="bbox 1911 4883 3575 4959; baseline 0.002 -22"><span class='ocrx_word' id='word_1_703' title='bbox 1911 4886 2152 4955; x_wconf 91' lang='lat' dir='ltr'>propter</span> <span class='ocrx_word' id='word_1_704' title='bbox 2176 4883 2465 4941; x_wconf 88' lang='lat' dir='ltr'>honorem</span> <span class='ocrx_word' id='word_1_705' title='bbox 2488 4884 2772 4957; x_wconf 89' lang='lat' dir='ltr'>illarum),</span> <span class='ocrx_word' id='word_1_706' title='bbox 2822 4889 2878 4941; x_wconf 88' lang='lat' dir='ltr'>et</span> <span class='ocrx_word' id='word_1_707' title='bbox 2900 4885 2990 4941; x_wconf 91' lang='lat' dir='ltr'>vel</span> <span class='ocrx_word' id='word_1_708' title='bbox 3028 4900 3133 4959; x_wconf 92' lang='lat' dir='ltr'>per</span> <span class='ocrx_word' id='word_1_709' title='bbox 3163 4900 3372 4941; x_wconf 86' lang='lat' dir='ltr'>earum</span> <span class='ocrx_word' id='word_1_710' title='bbox 3395 4900 3575 4940; x_wconf 91' lang='lat' dir='ltr'>usum</span> 
     </span>
    </p>
   </div>
   <div class='ocr_carea' id='block_1_103' title="bbox 1912 4970 3576 5043">
    <p class='ocr_par' dir='ltr' id='par_1_103' title="bbox 1912 4970 3576 5043">
     <span class='ocr_line' id='line_1_103' title="bbox 1912 4970 3576 5043; baseline 0.001 -17"><span class='ocrx_word' id='word_1_711' title='bbox 1912 4970 2143 5028; x_wconf 89' lang='lat' dir='ltr'>lucrum</span> <span class='ocrx_word' id='word_1_712' title='bbox 2172 4974 2515 5040; x_wconf 84' lang='lat' dir='ltr'>attulerunt,</span> <span class='ocrx_word' id='word_1_713' title='bbox 2542 4974 2634 5030; x_wconf 90' lang='lat' dir='ltr'>vel</span> <span class='ocrx_word' id='word_1_714' title='bbox 2674 4974 3039 5043; x_wconf 84' lang='lat' dir='ltr'>defodiendo</span> <span class='ocrx_word' id='word_1_715' title='bbox 3065 4974 3211 5031; x_wconf 88' lang='lat' dir='ltr'>nihil</span> <span class='ocrx_word' id='word_1_716' title='bbox 3253 4974 3396 5029; x_wconf 91' lang='lat' dir='ltr'>lucri</span> <span class='ocrx_word' id='word_1_717' title='bbox 3426 4972 3576 5037; x_wconf 82' lang='lat' dir='ltr'>fece-</span> 
     </span>
    </p>
   </div>
   <div class='ocr_carea' id='block_1_104' title="bbox 1912 5061 3575 5137">
    <p class='ocr_par' dir='ltr' id='par_1_104' title="bbox 1912 5061 3575 5137">
     <span class='ocr_line' id='line_1_104' title="bbox 1912 5061 3575 5137; baseline 0 -20"><span class='ocrx_word' id='word_1_718' title='bbox 1912 5065 2068 5135; x_wconf 88' lang='lat' dir='ltr'>runt.</span> <span class='ocrx_word' id='word_1_719' title='bbox 2100 5061 2249 5120; x_wconf 89' lang='lat' dir='ltr'>Dicit</span> <span class='ocrx_word' id='word_1_720' title='bbox 2290 5078 2433 5137; x_wconf 79' lang='lat' dir='ltr'>ergo</span> <span class='ocrx_word' id='word_1_721' title='bbox 2481 5065 2646 5136; x_wconf 91' lang='lat' dir='ltr'>quod</span> <span class='ocrx_word' id='word_1_722' title='bbox 2672 5065 2903 5121; x_wconf 87' lang='lat' dir='ltr'>vocavit</span> <span class='ocrx_word' id='word_1_723' title='bbox 2942 5080 3141 5121; x_wconf 87' lang='lat' dir='ltr'>servos</span> <span class='ocrx_word' id='word_1_724' title='bbox 3196 5079 3359 5128; x_wconf 86' lang='lat' dir='ltr'>suos,</span> <span class='ocrx_word' id='word_1_725' title='bbox 3393 5061 3575 5117; x_wconf 90' lang='lat' dir='ltr'>Filius</span> 
     </span>
    </p>
   </div>
   <div class='ocr_carea' id='block_1_105' title="bbox 1405 5356 2323 5437">
    <p class='ocr_par' dir='ltr' id='par_1_105' title="bbox 1405 5356 2323 5437">
     <span class='ocr_line' id='line_1_105' title="bbox 1405 5356 2323 5437; baseline 0.01 -12"><span class='ocrx_word' id='word_1_726' title='bbox 1405 5356 1629 5430; x_wconf 65' lang='lat' dir='ltr'>Variae</span> <span class='ocrx_word' id='word_1_727' title='bbox 1658 5361 1988 5435; x_wconf 90' lang='lat' dir='ltr'>lectiones</span> <span class='ocrx_word' id='word_1_728' title='bbox 2031 5372 2096 5433; x_wconf 91' lang='lat' dir='ltr'>et</span> <span class='ocrx_word' id='word_1_729' title='bbox 2120 5376 2323 5437; x_wconf 77' lang='lat' dir='ltr'>notae.</span> 
     </span>
    </p>
   </div>
   <div class='ocr_carea' id='block_1_106' title="bbox 260 5513 1794 5595">
    <p class='ocr_par' dir='ltr' id='par_1_106' title="bbox 260 5513 1794 5595">
     <span class='ocr_line' id='line_1_106' title="bbox 260 5513 1794 5595; baseline 0.012 -26"><span class='ocrx_word' id='word_1_730' title='bbox 260 5513 377 5595; x_wconf 68' lang='lat'>(53)</span> <span class='ocrx_word' id='word_1_731' title='bbox 423 5513 621 5595; x_wconf 81' lang='lat' dir='ltr'>Malim</span> <span class='ocrx_word' id='word_1_732' title='bbox 667 5516 762 5573; x_wconf 88' lang='lat' dir='ltr'>vel</span> <span class='ocrx_word' id='word_1_733' title='bbox 811 5517 1083 5578; x_wconf 89' lang='lat' dir='ltr'>omittere</span> <span class='ocrx_word' id='word_1_734' title='bbox 1132 5526 1246 5591; x_wconf 79' lang='grc' dir='ltr'><em>τῆς,</em></span> <span class='ocrx_word' id='word_1_735' title='bbox 1280 5527 1369 5583; x_wconf 90' lang='lat' dir='ltr'>vel</span> <span class='ocrx_word' id='word_1_736' title='bbox 1403 5529 1660 5588; x_wconf 84' lang='lat' dir='ltr'>scribere</span> <span class='ocrx_word' id='word_1_737' title='bbox 1703 5542 1794 5595; x_wconf 84' lang='grc' dir='ltr'>τῆς</span> 
     </span>
    </p>
   </div>
   <div class='ocr_carea' id='block_1_107' title="bbox 189 5582 1795 5673">
    <p class='ocr_par' dir='ltr' id='par_1_107' title="bbox 189 5582 1795 5673">
     <span class='ocr_line' id='line_1_107' title="bbox 189 5582 1795 5673; baseline 0.016 -36"><span class='ocrx_word' id='word_1_738' title='bbox 189 5582 461 5649; x_wconf 54' lang='lat' dir='ltr'>imam;</span> <span class='ocrx_word' id='word_1_739' title='bbox 509 5590 733 5661; x_wconf 71' lang='grc' dir='ltr'><em>φύσεως.</em></span> <span class='ocrx_word' id='word_1_740' title='bbox 786 5595 1047 5647; x_wconf 86' lang='grc' dir='ltr'><em>Λυττῶσα</em></span> <span class='ocrx_word' id='word_1_741' title='bbox 1094 5582 1247 5668; x_wconf 70' lang='grc' dir='ltr'>φύάὶξ</span> <span class='ocrx_word' id='word_1_742' title='bbox 1684 5582 1795 5662; x_wconf 62' lang='lat' dir='ltr'>itii:</span> 
     </span>
    </p>
   </div>
   <div class='ocr_carea' id='block_1_108' title="bbox 1902 5538 3068 5609">
    <p class='ocr_par' dir='ltr' id='par_1_108' title="bbox 1902 5538 3068 5609">
     <span class='ocr_line' id='line_1_108' title="bbox 1902 5538 3068 5609; baseline 0.007 -17"><span class='ocrx_word' id='word_1_743' title='bbox 1902 5539 2075 5609; x_wconf 80' lang='lat' dir='ltr'>pctus</span> <span class='ocrx_word' id='word_1_744' title='bbox 2107 5543 2336 5595; x_wconf 82' lang='lat' dir='ltr'>naturae</span> <span class='ocrx_word' id='word_1_745' title='bbox 2365 5538 2618 5596; x_wconf 90' lang='lat' dir='ltr'>incitans</span> <span class='ocrx_word' id='word_1_746' title='bbox 2640 5540 2711 5597; x_wconf 89' lang='lat' dir='ltr'>ad</span> <span class='ocrx_word' id='word_1_747' title='bbox 2738 5539 3068 5600; x_wconf 91' lang='lat' dir='ltr'>libidinem.</span> 
     </span>
    </p>
   </div>
   <div class='ocr_carea' id='block_1_109' title="bbox 1976 5609 2671 5687">
    <p class='ocr_par' dir='ltr' id='par_1_109' title="bbox 1976 5609 2671 5687">
     <span class='ocr_line' id='line_1_109' title="bbox 1976 5609 2671 5687; baseline 0.003 -22"><span class='ocrx_word' id='word_1_748' title='bbox 1976 5609 2092 5683; x_wconf 80' lang='grc'>(54)</span> <span class='ocrx_word' id='word_1_749' title='bbox 2116 5616 2579 5687; x_wconf 83' lang='grc' dir='ltr'><em>Συγκεκραμμένην</em></span> <span class='ocrx_word' id='word_1_750' title='bbox 2616 5617 2671 5670; x_wconf 83' lang='grc' dir='ltr'>Β.</span> 
     </span>
    </p>
   </div>
   <div class='ocr_carea' id='block_1_110' title="bbox 265 5771 2019 5856">
    <p class='ocr_par' dir='ltr' id='par_1_110' title="bbox 265 5771 2019 5856">
     <span class='ocr_line' id='line_1_110' title="bbox 265 5771 2019 5856; baseline 0.011 -27"><span class='ocrx_word' id='word_1_751' title='bbox 265 5771 339 5845; x_wconf 80' lang='lat' dir='ltr'>(p)</span> <span class='ocrx_word' id='word_1_752' title='bbox 371 5772 553 5831; x_wconf 81' lang='lat' dir='ltr'>Nullo</span> <span class='ocrx_word' id='word_1_753' title='bbox 579 5774 831 5833; x_wconf 79' lang='lat' dir='ltr'>delectu.</span> <span class='ocrx_word' id='word_1_754' title='bbox 861 5777 948 5835; x_wconf 85' lang='lat' dir='ltr'>Ita</span> <span class='ocrx_word' id='word_1_755' title='bbox 966 5782 1032 5835; x_wconf 90' lang='lat' dir='ltr'>ut</span> <span class='ocrx_word' id='word_1_756' title='bbox 1051 5793 1174 5837; x_wconf 91' lang='lat' dir='ltr'>non</span> <span class='ocrx_word' id='word_1_757' title='bbox 1199 5796 1355 5856; x_wconf 91' lang='lat' dir='ltr'>opus</span> <span class='ocrx_word' id='word_1_758' title='bbox 1382 5784 1455 5842; x_wconf 87' lang='lat' dir='ltr'>sit</span> <span class='ocrx_word' id='word_1_759' title='bbox 1485 5786 1562 5843; x_wconf 90' lang='lat' dir='ltr'>ad</span> <span class='ocrx_word' id='word_1_760' title='bbox 1593 5802 1666 5845; x_wconf 89' lang='lat' dir='ltr'>ea</span> <span class='ocrx_word' id='word_1_761' title='bbox 1692 5788 2019 5848; x_wconf 79' lang='lat' dir='ltr'>attendere.</span> 
     </span>
    </p>
   </div>
  </div>
