4096 6388
499 380 604 438 635

1822 365 2176 426 EUTHYMII
2210 364 2547 425 ZIGABENI

3773 370 3879 428 636

500 507 777 566 videlicet
798 505 1084 576 hominis,
1118 508 1320 577 utpote
1340 504 1519 561 home
1544 501 1647 576 qui
1667 514 1911 573 peregre
1934 495 2157 569 profec-

2286 490 2404 553 ιαδὴ
2462 500 2554 547 τοῦ
2604 492 2897 567 ἀνθρώπου,
2954 496 3127 569 ὥσπερ
3188 497 3454 570 ἄνθρωπος
3518 493 3878 570 ἀποδημῆσαι

504 602 674 655 turus
702 601 829 653 erat
861 612 874 663 ;
907 601 961 652 et
989 596 1089 651 uni
1120 594 1363 667 quidem
1398 593 1560 649 dedit
1594 591 1863 664 quinque
1913 587 2155 651 talenta,

504 688 630 744 sive
656 687 878 753 multa;
907 703 1049 741 nam
1098 685 1265 741 varia
1290 688 1427 740 sunt
1477 682 1763 739 doctrinm
1819 678 1996 743 dona,
2029 693 2159 749 quae

501 778 716 834 Paulus
746 775 1158 842 enumeravit;
1214 775 1311 831 alii
1351 779 1551 830 autem
1584 772 1725 836 duo,
1765 770 1878 826 hoc
1904 772 1992 823 est
2016 783 2156 839 pau-

504 884 573 924 ca
605 884 618 934 ;
652 866 749 923 alii
775 882 913 923 vero
954 882 1138 921 unum
1170 864 1385 921 solum.
1421 863 1488 918 Hi
1521 866 1711 918 autem
1741 874 1873 916 esse
1903 861 2161 931 possunt

503 956 768 1031 episcopi
809 962 864 1012 et
892 959 1279 1027 praeceptores
1309 952 1712 1009 ecclesiarum.
1738 948 1959 1005 Deinde
1990 946 2159 1004 addit

503 1052 558 1103 et
596 1044 1286 1117 causaminaequalitatis
1317 1044 1376 1098 in
1407 1042 1722 1105 divisione,
1746 1037 1909 1112 quod
1937 1036 2160 1093 scilicet

502 1137 676 1193 fuerit
705 1135 1034 1192 secundum
1086 1133 1378 1207 cujusque
1419 1130 1756 1189 facultatem
1796 1131 1849 1183 et
1874 1125 2160 1183 idoneita—

501 1229 633 1285 tem.

573 1319 735 1372 Vers.
773 1317 860 1373 15.
892 1315 973 1370 Et
1001 1316 1296 1386 profectus
1329 1318 1411 1370 est
1442 1310 1657 1368 statim.
1691 1312 1807 1365 Hoc
1850 1312 1957 1379 est,
1993 1310 2050 1363 et
2073 1322 2160 1363 re-

500 1406 671 1479 liquit
695 1421 797 1461 eos
830 1410 893 1461 ut
916 1409 1333 1476 operarentur.
1375 1403 1535 1458 Sicut
1558 1400 1717 1457 enim
1760 1400 1833 1455 de
1877 1399 2043 1453 vinea
2075 1397 2160 1452 di-

502 1496 588 1551 xit
614 1496 683 1560 ⁷⁸,
718 1494 882 1568 quod
914 1493 1132 1550 locavit
1174 1509 1311 1549 eam
1340 1490 1633 1562 agricolis,
1666 1494 1721 1546 et
1752 1504 1999 1561 peregre
2026 1502 2159 1560 pro-

506 1584 697 1642 fectus
730 1587 821 1639 est
849 1601 861 1640 :
898 1584 977 1639 ita
1005 1583 1143 1639 dicit
1195 1587 1248 1640 et
1279 1598 1460 1649 nunc,
1490 1584 1552 1635 ut
1573 1580 1702 1651 ejus
1732 1578 1930 1635 discas
1958 1577 2160 1647 longa-

502 1674 857 1740 nimitatem,
890 1672 1199 1745 quomodo
1230 1687 1350 1728 non
1395 1670 1679 1726 continue
1722 1666 1965 1741 repetat.
2023 1665 2157 1733 Qui-

503 1764 647 1821 dam
678 1770 876 1819 autem
899 1761 1106 1817 dicunt
1128 1758 1667 1834 peregrinationem
1688 1773 1819 1815 esse
1836 1756 2158 1815 Salvatoris

502 1852 563 1910 in
589 1853 807 1909 coelum
834 1852 1331 1923 assumptionem.

573 1943 739 2000 Vers.
782 1944 868 1997 16.
904 1940 1066 1997 Abiit
1098 1972 1164 1981 —
1204 1940 1371 1996 Vers.
1407 1945 1491 1995 17.
1540 1939 1679 1995 duo.
1738 1936 2052 2010 Duplicant
2087 1950 2158 1993 ea

501 2048 635 2107 quae
668 2031 780 2089 sibi
810 2030 1152 2088 concredita
1191 2034 1329 2085 sunt
1369 2044 1579 2085 omnes
1623 2027 1726 2099 qui
1773 2026 2153 2098 proﬁciscun-

503 2126 597 2178 tur
618 2120 696 2177 ad
727 2120 809 2193 (q)
830 2120 1083 2175 salutem
1115 2117 1569 2190 discipulorum,
1598 2115 1883 2173 facientes
1906 2131 2008 2173 eos
2030 2131 2158 2172 rur-

504 2228 607 2267 sus
636 2213 1027 2283 praeceptores
1063 2208 1339 2264 aliorum.
1379 2208 1420 2278 -ι-
1452 2207 1563 2273 Qui
1598 2205 1754 2261 bene
1792 2208 2071 2278 operatur
2101 2208 2159 2262 et

503 2304 659 2358 recte
688 2300 877 2365 docet,
912 2297 1171 2370 duplicat
1195 2297 1532 2354 concredita
1561 2296 1676 2353 sibi
1709 2294 1943 2354 talenta.

574 2519 735 2574 Vers.
767 2514 850 2571 18.
880 2514 991 2584 Qui
1016 2529 1156 2572 vero
1172 2546 1241 2556 —
1257 2514 1367 2571 sui.
1394 2517 1631 2571 Terram
1655 2515 1980 2586 ipsammet
1996 2516 2162 2575 intel-

501 2607 665 2679 lige:
714 2605 776 2662 in
821 2606 1019 2679 seipso
1071 2605 1231 2661 enim
1289 2605 1548 2670 retinuit,
1602 2605 1773 2679 quod
1827 2606 1904 2663 ad
1949 2624 2161 2681 opera-

503 2698 728 2756 tionem
756 2695 963 2753 datum
997 2699 1141 2764 erat,
1175 2695 1258 2752 sic
1288 2699 1349 2752 ut
1374 2711 1481 2752 nec
1527 2694 1655 2765 sibi,
1685 2712 1797 2753 nec
1830 2696 1963 2753 aliis
2002 2699 2158 2757 utilis

498 2789 685 2847 ﬁeret.

576 2878 743 2936 Vers.
796 2876 882 2935 19.
911 2877 1049 2933 Post
1086 2907 1156 2918 —
1198 2877 1505 2934 rationem.
1557 2878 1721 2933 Venit
1745 2877 1915 2949 juxta
1955 2894 2159 2936 secun-

503 2969 649 3027 dum
696 2968 1025 3026 adventum
1070 2966 1255 3025 :ideo
1301 2966 1480 3025 etiam
1522 2968 1692 3035 dixit,
1738 2975 1866 3041 post
1914 2972 2158 3028 multum

502 3068 737 3132 ιετηριιε.

574 3153 731 3207 Vers.
770 3148 857 3206 20.
889 3148 969 3205 Et
997 3180 1068 3190 ——
1096 3163 1204 3219 per
1234 3163 1304 3205 ea
1344 3150 1598 3205 Lucrum
1630 3152 1768 3205 sunt
1806 3149 1911 3223 qui
1950 3167 2057 3223 per
2086 3152 2156 3208 il-

500 3241 615 3299 lius
636 3239 1006 3313 diligentiam
1028 3238 1299 3313 acquisiti
1323 3243 1476 3299 sunt,
1502 3238 1810 3296 utdictum
1826 3221 1935 3307 est,
1953 3221 2013 3299 et
2032 3241 2155 3299 fru-
2190 3221 2233 3280 Ο

499 3331 737 3391 ctiﬁcati
762 3334 895 3388 Deo.

569 3443 727 3498 Vers.
747 3440 835 3496 21.
864 3438 964 3495 Ait
976 3469 1045 3479 —
1066 3437 1442 3495 constituam.
1458 3436 1655 3495 Multis
1675 3438 1884 3512 gratiis
1900 3440 2154 3513 dignum

495 3530 753 3589 faciam:
787 3528 981 3586 multa
1010 3527 1168 3584 bona
1193 3526 1299 3583 tibi
1331 3527 1586 3584 tradam.

565 3621 733 3677 Vers.
784 3620 874 3675 21.
934 3619 1201 3675 Intra—
1246 3620 1350 3675 tui.
1398 3617 1686 3692 Requiem
1736 3625 1790 3676 et
1834 3620 2155 3679 beatitudi-

492 3725 633 3767 nem
653 3709 729 3783 (r)
756 3725 863 3782 per
887 3723 1109 3765 nomen
1140 3708 1340 3778 gaudii
1372 3708 1747 3779 signiﬁcavit.

566 3802 725 3856 Vers.
757 3799 847 3853 22.
879 3798 1175 3856 Accedens
1206 3830 1273 3839 —
1303 3800 1468 3854 Vers.
1503 3798 1593 3853 23.
1629 3798 1758 3855 Tui.
1793 3801 2154 3873 Quanquam

494 3889 750 3947 diversae
776 3888 1014 3945 fuerunt
1037 3887 1257 3957 gratiae,
1295 3888 1542 3962 aequalis
1565 3894 1766 3945 tamen
1797 3894 1884 3946 est
1908 3889 2105 3947 honor
2135 3910 2149 3949 :

493 3980 638 4052 quia
668 3984 722 4036 et
752 3978 984 4053 ecquale
1014 3977 1074 4033 in
1106 3978 1220 4034 illis
1251 3978 1537 4034 studium.
1572 3978 1881 4051 Siquidem
1908 3983 2154 4052 uterque

496 4074 742 4142 accepta
798 4068 1140 4143 duplicavit.
1174 4067 1276 4124 Vel
1324 4069 1503 4125 etiam
1552 4068 1720 4124 aliter
1767 4070 1883 4126 dici
1933 4073 2146 4143 potest,

494 4160 660 4235 quod
704 4159 1011 4232 mqualiter
1054 4157 1301 4232 quidem
1353 4158 1698 4229 laudantur,
1745 4163 1801 4215 et
1849 4159 2156 4232 aequaliter

492 4250 974 4315 introducuntur,
1034 4248 1143 4305 sed
1206 4248 1610 4305 diversimode
1695 4254 2158 4306 remunerantur

486 4342 657 4415 juxta
694 4339 1146 4414 proportionem
1185 4338 1510 4412 lucrorum,
1569 4355 1701 4412 quae
1733 4339 1811 4397 ab
1862 4339 1945 4397 eis
1998 4339 2159 4398 facta

495 4435 653 4488 sunt.

567 4523 727 4577 Vers.
772 4519 860 4576 24.
893 4519 1192 4578 Accedens
1221 4550 1290 4562 —
1326 4522 1488 4577 Vers.
1523 4519 1611 4574 25.
1654 4520 1803 4593 quod
1850 4523 2016 4578 tuum
2055 4527 2155 4577 est.

498 4613 713 4675 Durus,
744 4610 859 4665 hoc
891 4615 981 4666 est
1024 4615 1318 4667 austerus.
1354 4610 1610 4667 Putabat
1637 4610 1798 4666 enim
1835 4611 1996 4683 quod
2029 4611 2158 4669 sola

497 4699 804 4770 diligentia
823 4716 1030 4757 eorum
1045 4701 1144 4774 qui
1161 4700 1645 4772 negotiabantur,
1661 4701 1788 4757 sine
1812 4701 1911 4757 Dei
1935 4701 2158 4760 auxilio

498 4805 677 4849 omne
708 4790 938 4847 lucrum
962 4791 1237 4848 efﬁceret.
1272 4792 1448 4850 Hanc
1477 4782 1673 4849 autem
1697 4792 2157 4864 responsionem

497 4881 722 4939 efﬂuxit
752 4881 1062 4955 parabole,
1092 4882 1295 4939 volens
1317 4881 1629 4940 ostendere
1656 4881 1817 4955 quod
1846 4881 1990 4939 tales
2010 4883 2158 4940 nihil

570 4981 618 5019 ⁷⁸
644 4980 846 5040 Matth.
882 4997 999 5053 xxi,
1022 4980 1113 5039 33.

2267 584 2479 657 μέλλων·
2538 590 2626 637 καὶ
2683 584 2817 657 ἄλλῳ
2865 587 2955 658 μεν
3006 583 3167 640 ἔδωκε
3220 591 3365 640 πέντε
3416 586 3663 654 τάλαντα,
3713 589 3875 659 ἣγουν

2268 674 2445 728 πολλά·
2519 671 2749 747 διάφορα
2834 678 2933 749 γὰρ
2992 679 3058 728 τά
3113 673 3476 730 διδασκαλικά
3531 682 3875 750 χαρίσματα,

2266 765 2393 838 ἅπερ
2436 766 2460 816 ὁ
2509 764 2710 827 ΙΙαύλος
2757 764 3186 838 ἀπηριϐμήσατο·
3249 767 3383 839 ἄλλῳ
3434 763 3493 820 δὲ
3550 763 3665 832 δύο,
3716 786 3877 821 τουτ-

2266 858 2405 909 έστιν
2458 853 2627 925 ὀλίγα·
2676 854 2812 926 ἄλλῳ
2864 852 2923 908 δὲ
2970 857 3018 909 ἓν
3061 860 3235 929 μόνον.
3290 854 3405 911 Εἶεν
3449 853 3501 909 δ’
3550 855 3610 908 ἃν
3640 857 3784 909 οὗτοι
3824 858 3879 910 οἱ

2266 943 2541 997 ἐπίσκοποι
2586 949 2675 996 καὶ
2718 940 3038 998 διδάσκαλοι
3084 954 3183 998 τῶν
3233 949 3350 1017 (55)
3387 946 3696 1004 ἐκκλησιῶν.
3740 942 3876 999 Εἶτα

2263 1036 2589 1108 προστίθησι
2640 1040 2731 1086 καὶ
2776 1039 2871 1094 τὴν
2923 1035 3093 1088 αἰτίαν
3146 1044 3242 1099 τῆς
3289 1034 3337 1088 ἓν
3376 1044 3437 1109 τῇ
3489 1033 3712 1110 διανομῇ
3765 1035 3878 1089 ἀνι-

2267 1128 2500 1189 σότητος,
2555 1126 2635 1177 ὅτι
2686 1127 2818 1179 κατά
2868 1130 2961 1184 τὴν
3012 1125 3233 1179 ἑκάστου
3285 1122 3508 1200 δύναμιν
3552 1131 3642 1179 καὶ
3692 1125 3876 1185 ἐπιτη-

2267 1210 2301 1266 δ
2305 1216 2538 1272 ειότητα.

2340 1308 2440 1357 Καὶ
2494 1300 2832 1377 ἀπεδήμησεν
2882 1306 3080 1367 εὐθέως.
3149 1306 3292 1359 Ἀντὶ
3351 1312 3464 1371 τοῦ,
3521 1309 3611 1357 καὶ
3677 1303 3878 1377 ἀφῆκεν

2267 1392 2456 1459 αύτούς
2520 1393 2852 1467 ἐργάζεσθαι.
2912 1397 3154 1470 Καθάπερ
3205 1397 3304 1469 γὰρ
3367 1394 3450 1447 ἐπὶ
3488 1402 3579 1447 τοῦ
3628 1394 3878 1468 ἀμπελῶ-

2264 1502 2349 1545 νος
2416 1480 2551 1537 εἶπεν
2622 1486 2702 1537 ὅτι
2775 1481 2976 1548 ἐξέδοτο
3056 1486 3211 1537 αὐτόν
3266 1492 3520 1557 γεωργοῖς
3579 1488 3671 1536 καὶ
3740 1482 3880 1538 ἀπε-

2268 1568 2533 1645 δήμησεν·
2597 1573 2730 1626 οὕτω
2780 1580 2910 1647 φησί
2961 1580 3050 1628 καὶ
3088 1583 3195 1631 νῦν.
3239 1574 3323 1628 ἳνα
3351 1577 3526 1648 μάθῃς
3555 1578 3648 1633 τὴν
3678 1592 3882 1649 μακρο-

2269 1664 2456 1735 θυμίαν
2534 1664 2711 1730 αὑτοῦ,
2788 1672 2899 1727 πῶς
2983 1665 3078 1718 ούκ
3151 1665 3338 1727 εὐθέως
3426 1662 3652 1720 ἀπαιτεῖ.
3725 1664 3880 1725 Tui;

2267 1749 2327 1805 δέ
2373 1772 2529 1825 φασιν
2584 1750 2888 1827 ἀποδημίαν
2940 1759 3035 1815 τήν
3084 1754 3139 1809 ἐκ
3176 1764 3279 1828 γῆς
3318 1755 3390 1816 εἷς
3427 1754 3642 1828 ούρανὸν
3685 1752 3881 1813 ἀνάλη-

2190 1852 2235 1910 Β
2264 1842 2356 1914 ψιν
2394 1850 2485 1895 τοῦ
2518 1850 2778 1918 Σωτῆρος.

2339 1934 2610 2005 Πορευθεὶς
2668 1964 2737 1974 -
2794 1930 2913 1989 δύο.
2971 1932 3392 1995 Διπλασιάζουσι
3463 1936 3530 1986 τὰ
3596 1932 3880 2006 ἐμπιστευ-

2270 2022 2418 2074 θέντα
2455 2024 2662 2085 τούτοις
2705 2023 2822 2095 (56)
2854 2027 3171 2098 χαρίσματα
3216 2024 3481 2084 πάντεςοὶ
3528 2020 3879 2096 ἐμπορευόμε-

2265 2130 2341 2163 νοι
2388 2116 2481 2170 τὴν
2528 2120 2629 2164 τῶν
2669 2114 2918 2185 μαθητῶν
2973 2117 3260 2189 σωτηρίαν,
3323 2117 3413 2165 καὶ
3464 2119 3726 2172 ποιοῦντες
3783 2114 3881 2165 καὶ

2269 2201 2455 2263 αύτούς
2527 2199 2884 2264 διδασκάλους
2960 2205 3113 2256 πάλιν
3176 2203 3379 2278 ἑτέρων.
3447 2202 3529 2277 [Ὁ
3606 2202 3722 2275 (57)
3780 2205 3880 2255 καὶ

2268 2293 2508 2365 πράττων
2558 2293 2746 2361 καλῶς,
2787 2298 2876 2346 καὶ
2926 2290 3198 2347 διδάσκων
3248 2293 3436 2367 ὀρθῶς,
3474 2296 3541 2345 τά
3588 2292 3879 2366 ἐμπιστευ-

2272 2384 2421 2435 θέντα
2461 2380 2802 2445 διπλασιάζει
2839 2383 3119 2455 τάλαντα.]

2339 2471 2398 2525 Ὀ
2456 2468 2515 2526 δε
2559 2504 2619 2515 -—
2676 2474 2857 2529 αὐτοῦ.
2918 2481 3019 2533 Γῆν
3079 2473 3233 2527 αύτὸν
3289 2477 3498 2532 νόησον.
3552 2473 3637 2528 Ἐν
3706 2472 3881 2545 ἑαυτῷ

2269 2566 2370 2638 γὰρ
2414 2567 2688 2637 κατέχωσε
2732 2568 2790 2616 τὸ
2832 2560 2982 2617 δοθὲν
3032 2564 3100 2627 εἰς
3148 2563 3419 2638 ἐργασίαν,
3454 2565 3522 2626 ὡς
3560 2567 3692 2637 μήτε
3732 2562 3882 2636 αὐτῷ

2270 2655 2394 2728 μηθ’
2434 2654 2617 2730 ἑτέροις
2648 2654 2760 2729 (58)
2793 2662 3189 2731 χρησιμεύσαι.

2340 2909 2485 2962 Μετὰ
2559 2939 2628 2950 -—
2702 2908 2872 2980 λόγον.
2948 2906 3203 2980 Ἔρχεται
3272 2908 3409 2960 κατά
3473 2910 3566 2966 τὴν
3626 2900 3883 2980 δευτέραν

2271 2997 2381 3071 (59)
2432 3002 2744 3069 παρουσίαν.
2802 3000 2887 3050 Διὸ
2944 3002 3054 3063 καὶ,
3100 2998 3233 3071 μετά
3278 3000 3470 3071 χρόνον
3508 2995 3688 3065 πολύν,
3730 2992 3870 3055 εἷπε.

2268 3092 2502 3165 Συναίρει
2542 3083 2601 3141 δε
2630 3086 2799 3160 λόγον,
2836 3086 2950 3141 ἀντὶ
2983 3095 3098 3157 τοῦ,
3132 3094 3273 3141 Κινεῖ
3300 3086 3620 3159 λογοθέσιον.

2341 3183 2441 3232 Καὶ
2497 3209 2567 3219 -
2631 3176 2706 3231 ἐπ’
2783 3177 2977 3239 αὐτοῖς.
3041 3174 3237 3253 Κίρδος
3294 3177 3425 3232 εἰσὶν
3495 3178 3545 3231 οἱ
3614 3173 3708 3229 διὰ
3778 3182 3880 3239 τῆς

2268 3264 2511 3331 σπουδῆς
2560 3267 2719 3321 αύτοῦ
2763 3269 3031 3331 κτηθέντες
3077 3267 3212 3341 (60),
3246 3268 3316 3329 ὡς
3345 3266 3570 3342 εἲρηται,
3607 3270 3698 3319 καὶ
3745 3285 3881 3341 καρ-

2266 3378 2465 3433 ποφορη
2476 3360 2638 3422 θέντες
2666 3364 2793 3431 Θεῷ.

2334 3448 2467 3523 Ἔφη
2501 3481 2569 3490 —
2618 3453 2958 3504 καταστὼσω.
3007 3447 3209 3502 Ηολλῶν
3260 3450 3497 3524 χαρίτων
3542 3465 3600 3501 σε
3639 3444 3875 3515 ἀξιώσω,

2264 3539 2460 3593 πολλῶν
2488 3538 2694 3611 ἀγαθῶν
2724 3558 2807 3593 σοι
2835 3534 3153 3613 μεταδώσω.

2336 3628 2546 3683 Εἶσελθε
2634 3661 2703 3669 -
2788 3648 2904 3683 σου.
2999 3633 3104 3687 Τὴν
3199 3628 3408 3681 ἅπασαν
3507 3629 3885 3702 μακαριότητα

2266 3716 2359 3773 διὰ
2389 3727 2479 3772 τού
2505 3718 2750 3792 ὀνόματος
2776 3726 2865 3779 τῆς
2891 3720 3063 3793 χαρᾶς
3092 3714 3349 3777 ἐδήλωσε.

2338 3808 2641 3883 ῐιροσελθὼν
2687 3840 2751 3848 -
2786 3828 2907 3865 σου.
2949 3808 3012 3863 Εἰ
3047 3813 3136 3861 καὶ
3169 3805 3398 3881 διάφορα
3426 3809 3492 3861 τὰ
3534 3812 3877 3881 χαρίσματα,

2266 3898 2370 3952 ἀλλ’
2404 3903 2495 3958 ἴση
2544 3904 2689 3971 τιμὴ,
2727 3896 2869 3951 διότι
2896 3902 2986 3951 καὶ
3029 3900 3116 3957 ῖση
3161 3901 3365 3961 τούτοις
3409 3900 3438 3956 ἡ
3477 3893 3684 3955 σπουδὴ
3721 3896 3873 3969 (61).

2268 3995 2368 4043 Καὶ
2434 3992 2534 4063 γὰρ
2597 3989 2836 4062 ἑκάτερος
2887 3991 2952 4041 τά
3021 3984 3279 4061 δεδόμενα
3339 3984 3734 4043 ίδιπλασίασεν.
3804 3986 3875 4041 Ἠ

2265 4085 2352 4133 καὶ
2422 4080 2599 4153 ἑτέρως
2675 4082 2830 4132 εἶπεν
2912 4079 3138 4139 Ἐπίσης
3214 4080 3304 4151 μὲν
3372 4076 3716 4142 ἐπαινοῦνται,
3781 4082 3881 4131 καί

2267 4169 2452 4232 ἐπίσης
2485 4170 2799 4241 εἰσάγονταιο
2832 4165 2865 4221 δ
2872 4172 3093 4241 ιαγόρων
3124 4165 3182 4221 δε
3211 4176 3311 4221 τῶν
3342 4166 3570 4242 ἀμοιϐὠν
3605 4165 3881 4231 ἀξιοῦνται

2266 4261 2381 4314 κατ’
2414 4259 2691 4332 ἀναλογίαν
2728 4266 2826 4312 τῶν
2858 4255 3321 4335 ἕπικερδηθίντων.

2342 4520 2647 4598 Προσελθὼν
2745 4553 2813 4562 -
2908 4524 2965 4574 τό
3070 4524 3179 4575 σὸν.
3258 4519 3502 4597 Σκληρός,
3580 4518 3693 4572 ἀντὶ
3756 4526 3879 4588 τοῦ,

2268 4612 2555 4686 αὐστηρός.
2601 4611 2751 4664 Ὠετο
2799 4612 2900 4687 γὰρ
2939 4612 3016 4664 ὅτι
3066 4615 3195 4683 μόνη
3235 4612 3264 4670 ἡ
3326 4607 3535 4669 σπουδὴ
3577 4617 3677 4663 τῶν
3719 4607 3885 4681 ἐμπο-

2267 4707 2549 4778 ρευομὲνων
2612 4703 2729 4755 ἄνευ
2806 4710 2907 4769 τῆς
2978 4700 3032 4753 ἐκ
3107 4708 3239 4756 Θεοῦ
3316 4700 3567 4774 βοηθείας
3627 4701 3888 4773 κατορθοῖ

2267 4798 2325 4847 τὸ
2356 4799 2475 4849 πᾶν.
2518 4795 2724 4851 Ταύτην
2776 4787 2837 4845 δέ
2864 4797 2958 4852 τὴν
2990 4790 3269 4865 ἀπολογίαν
3311 4790 3674 4864 ἐσχημάτισεν
3713 4791 3743 4848 ἡ
3775 4809 3883 4845 πα·

2266 4884 2483 4961 ραϐολὴ,
2537 4881 2706 4948 δεῖξαι
2756 4882 3042 4957 βουλομένη
3090 4884 3170 4937 ὅτι
3223 4884 3272 4937 οἱ
3312 4889 3541 4936 τοιοῦτοι
3598 4877 3747 4935 οὐδὲν
3800 4884 3886 4934 εὕ-

1701 5080 1931 5152 Variaa
1978 5080 2309 5156 lectiones
2338 5092 2405 5154 et
2433 5091 2614 5152 notae

591 5200 686 5270 55)
711 5205 844 5266 Τῶν,
877 5197 1094 5255 omittit
1124 5199 1182 5253 Β.

598 5269 687 5343 56⁷)
715 5272 953 5343 Ἐαυτοῖς
1002 5276 1105 5327 aut
1129 5270 1305 5333 αὐτοῖς
1330 5269 1676 5341 legendum,
1725 5270 1809 5329 uti
1838 5272 2160 5331 Hentenius

500 5342 682 5400 etiam
712 5342 989 5399 reddidit.

576 5415 683 5493 (ξξῖ)
716 5417 847 5470 Haec
878 5421 1126 5493 uterque
1156 5414 1341 5493 codex
1366 5415 1427 5471 in
1466 5413 1737 5485 margine
1769 5414 2021 5473 exhibet.

578 5424 661 5493 (57
716 5424 847 5470 Haec
878 5424 1126 5487 uterque
1156 5424 1341 5471 codex

578 5424 689 5559 (58)
717 5493 902 5553 Τοῦτο,
931 5486 1253 5560 interponit
1280 5490 1346 5544 A.

513 5750 544 5793 Ο
582 5663 662 5737 (q)
706 5664 1172 5792 tPro/iciscuntur
1218 5668 1317 5724 ad.
1378 5667 1725 5734 Lucrantur,
1778 5683 1916 5725 cum
1968 5668 2164 5727 fructu

551 5752 696 5793 uran
732 5776 744 5789 .

551 5752 744 5794 urant.

586 5810 664 5882 (ν)
687 5807 940 5883 Ηεᾳυίειη
956 5816 1004 5867 et
1022 5809 1425 5871 beatitudidem.
1441 5812 1694 5872 Omnem
1708 5812 2163 5873 beatitudinem.

2370 5201 2459 5269 59)
2492 5199 2679 5265 Αύτοῦ,
2716 5198 2883 5256 addit
2912 5197 2981 5256 Α.

2364 5274 2456 5334 60)
2499 5274 2819 5334 Κτησθέντες
2850 5276 2910 5327 Α.

2370 5202 2459 5269 59)
2492 5202 2679 5265 Αύτοῦ,
2716 5202 2883 5256 addit
2912 5202 2981 5256 A.

2364 5276 2433 5330 60
2499 5274 2819 5334 Κτησθέντες
2850 5276 2910 5327 Α.

2340 5202 2456 5472 (διὸ)
2482 5349 2642 5418 Tque,
2678 5359 2787 5416 pro
2829 5338 3037 5401 σπουδή
3086 5342 3150 5397 Α.
3182 5339 3464 5415 Deinceps
3493 5340 3704 5425 repetit
3732 5355 3891 5415 quo-

2340 5434 2390 5472 ie
2460 5420 2560 5470 ιότι
2583 5417 2660 5472 ad
2686 5412 2921 5472 σπουδὴ.
2954 5417 3106 5472 Ergo
3132 5414 3227 5472 bis
3255 5414 3417 5471 idem
3454 5414 3707 5472 scripsit.

2271 5412 2390 5492 que
2420 5412 2560 5472 διὸτί
2583 5412 2660 5474 ad
2680 5412 2921 5475 σπουδὴ.
2954 5417 3106 5488 Ergo
3132 5414 3227 5472 bis
3255 5412 3417 5471 idem
3454 5412 3707 5487 scripsit.

2274 5670 2444 5795 Fo‘rte
2483 5685 2592 5743 pro
2640 5667 2849 5721 ἅπασαν
2896 5667 3037 5741 legit
3096 5666 3390 5723 ἀνάπαυσιν
3439 5671 3541 5725 aut
3581 5666 3892 5723 ἀνάπαυλαν

2276 5761 2343 5795 κα
2370 5784 2383 5795 .

2276 5761 2383 5799 και.
