  <div class='ocr_page' id='page_1' title='image "/cluster/home/n/w/nwhite01/storage/ocr_20150623/129/coo.31924054870344/328.png"; bbox 0 0 4096 6388; ppageno 0'>
   <div class='ocr_carea' id='block_1_1' title="bbox 260 376 362 436">
    <p class='ocr_par' dir='ltr' id='par_1_1' title="bbox 260 376 362 436">
     <span class='ocr_line' id='line_1_1' title="bbox 260 376 362 436; baseline -0.039 0"><span class='ocrx_word' id='word_1_1' title='bbox 260 376 362 436; x_wconf 86' lang='grc'>637</span> 
     </span>
    </p>
   </div>
   <div class='ocr_carea' id='block_1_2' title="bbox 1209 361 2740 432">
    <p class='ocr_par' dir='ltr' id='par_1_2' title="bbox 1209 361 2740 432">
     <span class='ocr_line' id='line_1_2' title="bbox 1209 361 2740 432; baseline -0.006 0"><span class='ocrx_word' id='word_1_2' title='bbox 1209 372 1585 432; x_wconf 86' lang='lat' dir='ltr'>COMMENT.</span> <span class='ocrx_word' id='word_1_3' title='bbox 1635 368 1708 426; x_wconf 86' lang='lat' dir='ltr'>IN</span> <span class='ocrx_word' id='word_1_4' title='bbox 1748 365 2201 426; x_wconf 71' lang='grc' dir='ltr'>ΜΑΤΤΗᾸΞΠΜ-</span> <span class='ocrx_word' id='word_1_5' title='bbox 2240 394 2312 407; x_wconf 93' lang='grc'><strong>-</strong></span> <span class='ocrx_word' id='word_1_6' title='bbox 2350 364 2516 422; x_wconf 87' lang='lat' dir='ltr'>CAP.</span> <span class='ocrx_word' id='word_1_7' title='bbox 2562 361 2740 422; x_wconf 85' lang='lat' dir='ltr'><strong>XXV.</strong></span> 
     </span>
    </p>
   </div>
   <div class='ocr_carea' id='block_1_3' title="bbox 3537 362 3645 420">
    <p class='ocr_par' dir='ltr' id='par_1_3' title="bbox 3537 362 3645 420">
     <span class='ocr_line' id='line_1_3' title="bbox 3537 362 3645 420; baseline -0.019 -1"><span class='ocrx_word' id='word_1_8' title='bbox 3537 362 3645 420; x_wconf 85' lang='lat'>638</span> 
     </span>
    </p>
   </div>
   <div class='ocr_carea' id='block_1_4' title="bbox 257 488 1864 577">
    <p class='ocr_par' dir='ltr' id='par_1_4' title="bbox 257 497 1864 577">
     <span class='ocr_line' id='line_1_4' title="bbox 257 497 1864 577; baseline -0.006 -19"><span class='ocrx_word' id='word_1_9' title='bbox 257 504 405 577; x_wconf 77' lang='grc' dir='ltr'>λογον</span> <span class='ocrx_word' id='word_1_10' title='bbox 459 500 900 576; x_wconf 77' lang='grc' dir='ltr'>ἀπολογήσασθαι</span> <span class='ocrx_word' id='word_1_11' title='bbox 953 501 1366 566; x_wconf 82' lang='grc' dir='ltr'>δυνηθήσονται,</span> <span class='ocrx_word' id='word_1_12' title='bbox 1407 505 1498 554; x_wconf 85' lang='grc' dir='ltr'>καὶ</span> <span class='ocrx_word' id='word_1_13' title='bbox 1551 501 1628 553; x_wconf 82' lang='grc' dir='ltr'>ὅτι</span> <span class='ocrx_word' id='word_1_14' title='bbox 1668 499 1768 552; x_wconf 86' lang='grc' dir='ltr'>ὃσα</span> <span class='ocrx_word' id='word_1_15' title='bbox 1811 497 1864 549; x_wconf 81' lang='grc' dir='ltr'>ἃν</span> 
     </span>
    </p>
   </div>
   <div class='ocr_carea' id='block_1_5' title="bbox 1985 488 3645 577">
    <p class='ocr_par' dir='ltr' id='par_1_5' title="bbox 1985 488 3645 565">
     <span class='ocr_line' id='line_1_5' title="bbox 1985 488 3645 565; baseline -0.004 -15"><span class='ocrx_word' id='word_1_16' title='bbox 1985 491 2336 551; x_wconf 77' lang='lat' dir='ltr'>rationabile</span> <span class='ocrx_word' id='word_1_17' title='bbox 2355 491 2714 565; x_wconf 88' lang='lat' dir='ltr'>respondere</span> <span class='ocrx_word' id='word_1_18' title='bbox 2737 493 3018 564; x_wconf 89' lang='lat' dir='ltr'>poterunt</span> <span class='ocrx_word' id='word_1_19' title='bbox 3042 506 3054 546; x_wconf 92' lang='lat'>:</span> <span class='ocrx_word' id='word_1_20' title='bbox 3079 494 3136 545; x_wconf 90' lang='lat' dir='ltr'>et</span> <span class='ocrx_word' id='word_1_21' title='bbox 3155 488 3318 562; x_wconf 91' lang='lat' dir='ltr'>quod</span> <span class='ocrx_word' id='word_1_22' title='bbox 3341 505 3645 561; x_wconf 79' lang='lat' dir='ltr'>quaecum-</span> 
     </span>
    </p>
   </div>
   <div class='ocr_carea' id='block_1_6' title="bbox 263 591 1874 667">
    <p class='ocr_par' dir='ltr' id='par_1_6' title="bbox 263 591 1874 667">
     <span class='ocr_line' id='line_1_6' title="bbox 263 591 1874 667; baseline -0.002 -23"><span class='ocrx_word' id='word_1_23' title='bbox 263 591 716 664; x_wconf 72' lang='grc' dir='ltr'>ἀπολογήσωνται,</span> <span class='ocrx_word' id='word_1_24' title='bbox 800 595 915 648; x_wconf 87' lang='grc' dir='ltr'>κατ’</span> <span class='ocrx_word' id='word_1_25' title='bbox 973 594 1137 648; x_wconf 69' lang='grc' dir='ltr'>αὐτῶν</span> <span class='ocrx_word' id='word_1_26' title='bbox 1216 595 1388 646; x_wconf 78' lang='grc' dir='ltr'>πάντα</span> <span class='ocrx_word' id='word_1_27' title='bbox 1459 593 1874 667; x_wconf 81' lang='grc' dir='ltr'>περιτραπήσον-</span> 
     </span>
    </p>
   </div>
   <div class='ocr_carea' id='block_1_7' title="bbox 260 685 1000 749">
    <p class='ocr_par' dir='ltr' id='par_1_7' title="bbox 260 685 1000 749">
     <span class='ocr_line' id='line_1_7' title="bbox 260 685 1000 749; baseline 0.007 -13"><span class='ocrx_word' id='word_1_28' title='bbox 260 702 367 736; x_wconf 80' lang='grc' dir='ltr'>ται.</span> <span class='ocrx_word' id='word_1_29' title='bbox 416 689 516 738; x_wconf 75' lang='grc' dir='ltr'>Καὶ</span> <span class='ocrx_word' id='word_1_30' title='bbox 547 685 706 738; x_wconf 76' lang='grc' dir='ltr'>ἄκουε</span> <span class='ocrx_word' id='word_1_31' title='bbox 737 694 837 738; x_wconf 85' lang='grc' dir='ltr'>τῶν</span> <span class='ocrx_word' id='word_1_32' title='bbox 868 685 1000 749; x_wconf 78' lang='grc' dir='ltr'>ἑξῆς.</span> 
     </span>
    </p>
   </div>
   <div class='ocr_carea' id='block_1_8' title="bbox 333 769 1873 849">
    <p class='ocr_par' dir='ltr' id='par_1_8' title="bbox 333 769 1873 849">
     <span class='ocr_line' id='line_1_8' title="bbox 333 769 1873 849; baseline -0.003 -24"><span class='ocrx_word' id='word_1_33' title='bbox 333 773 664 849; x_wconf 80' lang='grc' dir='ltr'>’Δποκριθεὶς</span> <span class='ocrx_word' id='word_1_34' title='bbox 751 805 820 816; x_wconf 92' lang='lat'><strong>-</strong></span> <span class='ocrx_word' id='word_1_35' title='bbox 876 779 1030 848; x_wconf 87' lang='grc' dir='ltr'>τόκῳ.</span> <span class='ocrx_word' id='word_1_36' title='bbox 1131 773 1254 846; x_wconf 74' lang='grc' dir='ltr'>Οὐχ</span> <span class='ocrx_word' id='word_1_37' title='bbox 1342 774 1410 833; x_wconf 88' lang='grc' dir='ltr'>ὡς</span> <span class='ocrx_word' id='word_1_38' title='bbox 1495 769 1873 830; x_wconf 83' lang='grc' dir='ltr'>ἀληθεύσαντος</span> 
     </span>
    </p>
   </div>
   <div class='ocr_carea' id='block_1_9' title="bbox 264 859 1873 940">
    <p class='ocr_par' dir='ltr' id='par_1_9' title="bbox 264 859 1873 940">
     <span class='ocr_line' id='line_1_9' title="bbox 264 859 1873 940; baseline -0.004 -22"><span class='ocrx_word' id='word_1_39' title='bbox 264 863 477 934; x_wconf 76' lang='grc' dir='ltr'>ἐκείνου,</span> <span class='ocrx_word' id='word_1_40' title='bbox 512 872 680 918; x_wconf 81' lang='grc' dir='ltr'>ταῦτα</span> <span class='ocrx_word' id='word_1_41' title='bbox 728 863 862 920; x_wconf 81' lang='grc' dir='ltr'>εἶπεν</span> <span class='ocrx_word' id='word_1_42' title='bbox 915 868 941 919; x_wconf 89' lang='grc' dir='ltr'>ό</span> <span class='ocrx_word' id='word_1_43' title='bbox 988 867 1174 940; x_wconf 80' lang='grc' dir='ltr'>Κύριος</span> <span class='ocrx_word' id='word_1_44' title='bbox 1199 886 1212 899; x_wconf 91' lang='grc'><strong>·</strong></span> <span class='ocrx_word' id='word_1_45' title='bbox 1246 859 1396 917; x_wconf 69' lang='grc' dir='ltr'>οὐδὲν</span> <span class='ocrx_word' id='word_1_46' title='bbox 1435 863 1536 935; x_wconf 75' lang='grc' dir='ltr'>γὰρ</span> <span class='ocrx_word' id='word_1_47' title='bbox 1589 861 1873 935; x_wconf 83' lang='grc' dir='ltr'>κατορθοῦ-</span> 
     </span>
    </p>
   </div>
   <div class='ocr_carea' id='block_1_10' title="bbox 262 953 1871 1028">
    <p class='ocr_par' dir='ltr' id='par_1_10' title="bbox 262 953 1871 1028">
     <span class='ocr_line' id='line_1_10' title="bbox 262 953 1871 1028; baseline -0.004 -20"><span class='ocrx_word' id='word_1_48' title='bbox 262 975 348 1008; x_wconf 75' lang='grc' dir='ltr'>ται</span> <span class='ocrx_word' id='word_1_49' title='bbox 377 959 546 1028; x_wconf 80' lang='grc' dir='ltr'>χωρὶς</span> <span class='ocrx_word' id='word_1_50' title='bbox 570 955 731 1008; x_wconf 68' lang='grc' dir='ltr'>αὑτοῦ</span> <span class='ocrx_word' id='word_1_51' title='bbox 756 973 768 987; x_wconf 87' lang='grc'>⁶</span> <span class='ocrx_word' id='word_1_52' title='bbox 805 954 911 1008; x_wconf 86' lang='grc' dir='ltr'>ἀλλ’</span> <span class='ocrx_word' id='word_1_53' title='bbox 943 957 1259 1018; x_wconf 76' lang='grc' dir='ltr'>ὑποθετικῶς</span> <span class='ocrx_word' id='word_1_54' title='bbox 1293 957 1378 1007; x_wconf 88' lang='grc' dir='ltr'>τόν</span> <span class='ocrx_word' id='word_1_55' title='bbox 1424 953 1574 1025; x_wconf 78' lang='grc' dir='ltr'>λόγον</span> <span class='ocrx_word' id='word_1_56' title='bbox 1632 955 1871 1026; x_wconf 74' lang='grc' dir='ltr'>προήγα-</span> 
     </span>
    </p>
   </div>
   <div class='ocr_carea' id='block_1_11' title="bbox 262 1041 1872 1121">
    <p class='ocr_par' dir='ltr' id='par_1_11' title="bbox 262 1041 1872 1121">
     <span class='ocr_line' id='line_1_11' title="bbox 262 1041 1872 1121; baseline -0.004 -24"><span class='ocrx_word' id='word_1_57' title='bbox 262 1063 366 1117; x_wconf 69' lang='grc' dir='ltr'>⁸γεν,</span> <span class='ocrx_word' id='word_1_58' title='bbox 398 1047 476 1097; x_wconf 86' lang='grc' dir='ltr'>ὅτε</span> <span class='ocrx_word' id='word_1_59' title='bbox 506 1045 567 1100; x_wconf 76' lang='lat' dir='ltr'>Ei</span> <span class='ocrx_word' id='word_1_60' title='bbox 594 1050 684 1098; x_wconf 84' lang='grc' dir='ltr'>καὶ</span> <span class='ocrx_word' id='word_1_61' title='bbox 712 1054 948 1109; x_wconf 75' lang='grc' dir='ltr'>τοιοῦτος</span> <span class='ocrx_word' id='word_1_62' title='bbox 978 1050 1138 1119; x_wconf 80' lang='grc' dir='ltr'>ἤμην,</span> <span class='ocrx_word' id='word_1_63' title='bbox 1184 1048 1304 1121; x_wconf 85' lang='grc' dir='ltr'>ὅπερ</span> <span class='ocrx_word' id='word_1_64' title='bbox 1337 1042 1431 1096; x_wconf 69' lang='grc' dir='ltr'>οὐκ</span> <span class='ocrx_word' id='word_1_65' title='bbox 1478 1041 1677 1110; x_wconf 79' lang='grc' dir='ltr'>ἀληθες,</span> <span class='ocrx_word' id='word_1_66' title='bbox 1733 1042 1872 1112; x_wconf 82' lang='grc' dir='ltr'>ὅμως</span> 
     </span>
    </p>
   </div>
   <div class='ocr_carea' id='block_1_12' title="bbox 263 1128 1870 1209">
    <p class='ocr_par' dir='ltr' id='par_1_12' title="bbox 263 1128 1870 1209">
     <span class='ocr_line' id='line_1_12' title="bbox 263 1128 1870 1209; baseline -0.003 -21"><span class='ocrx_word' id='word_1_67' title='bbox 263 1136 368 1188; x_wconf 83' lang='grc' dir='ltr'>ἐπεὶ</span> <span class='ocrx_word' id='word_1_68' title='bbox 420 1140 657 1189; x_wconf 81' lang='grc' dir='ltr'>τοιοῦτόν</span> <span class='ocrx_word' id='word_1_69' title='bbox 709 1156 773 1209; x_wconf 82' lang='grc' dir='ltr'>με</span> <span class='ocrx_word' id='word_1_70' title='bbox 825 1135 1120 1208; x_wconf 71' lang='grc' dir='ltr'>ἕγίνωσκες,</span> <span class='ocrx_word' id='word_1_71' title='bbox 1171 1133 1266 1190; x_wconf 71' lang='grc' dir='ltr'>διὰ</span> <span class='ocrx_word' id='word_1_72' title='bbox 1312 1141 1464 1188; x_wconf 81' lang='grc' dir='ltr'>τοῦτο</span> <span class='ocrx_word' id='word_1_73' title='bbox 1521 1132 1708 1206; x_wconf 82' lang='grc' dir='ltr'>μᾶλλον</span> <span class='ocrx_word' id='word_1_74' title='bbox 1762 1128 1870 1186; x_wconf 81' lang='grc' dir='ltr'>ἔδει</span> 
     </span>
    </p>
   </div>
   <div class='ocr_carea' id='block_1_13' title="bbox 263 1220 1868 1302">
    <p class='ocr_par' dir='ltr' id='par_1_13' title="bbox 263 1220 1868 1302">
     <span class='ocr_line' id='line_1_13' title="bbox 263 1220 1868 1302; baseline -0.003 -24"><span class='ocrx_word' id='word_1_75' title='bbox 263 1244 319 1281; x_wconf 90' lang='grc' dir='ltr'>σε</span> <span class='ocrx_word' id='word_1_76' title='bbox 357 1224 668 1279; x_wconf 80' lang='grc' dir='ltr'>καταϐαλεῖν</span> <span class='ocrx_word' id='word_1_77' title='bbox 699 1229 757 1279; x_wconf 86' lang='grc' dir='ltr'>τό</span> <span class='ocrx_word' id='word_1_78' title='bbox 787 1230 1037 1302; x_wconf 73' lang='grc' dir='ltr'>χάρισμα</span> <span class='ocrx_word' id='word_1_79' title='bbox 1075 1247 1175 1301; x_wconf 84' lang='grc' dir='ltr'>μου</span> <span class='ocrx_word' id='word_1_80' title='bbox 1221 1232 1327 1288; x_wconf 86' lang='grc' dir='ltr'>τοῖς</span> <span class='ocrx_word' id='word_1_81' title='bbox 1367 1221 1539 1280; x_wconf 84' lang='grc' dir='ltr'>εἰδόσι</span> <span class='ocrx_word' id='word_1_82' title='bbox 1583 1220 1868 1297; x_wconf 71' lang='grc' dir='ltr'>διακρίνειν</span> 
     </span>
    </p>
   </div>
   <div class='ocr_carea' id='block_1_14' title="bbox 257 1314 1868 1391">
    <p class='ocr_par' dir='ltr' id='par_1_14' title="bbox 257 1314 1868 1391">
     <span class='ocr_line' id='line_1_14' title="bbox 257 1314 1868 1391; baseline -0.002 -22"><span class='ocrx_word' id='word_1_83' title='bbox 257 1318 315 1369; x_wconf 85' lang='grc' dir='ltr'>τό</span> <span class='ocrx_word' id='word_1_84' title='bbox 353 1315 510 1368; x_wconf 81' lang='grc' dir='ltr'>καλὸν</span> <span class='ocrx_word' id='word_1_85' title='bbox 555 1314 657 1369; x_wconf 83' lang='grc' dir='ltr'>ἀπὸ</span> <span class='ocrx_word' id='word_1_86' title='bbox 701 1325 794 1370; x_wconf 85' lang='grc' dir='ltr'>τοῦ</span> <span class='ocrx_word' id='word_1_87' title='bbox 840 1325 1024 1374; x_wconf 79' lang='grc' dir='ltr'>κακοῦ.</span> <span class='ocrx_word' id='word_1_88' title='bbox 1076 1320 1305 1379; x_wconf 84' lang='grc' dir='ltr'>Τούτους</span> <span class='ocrx_word' id='word_1_89' title='bbox 1344 1318 1446 1391; x_wconf 81' lang='grc' dir='ltr'>γὰρ</span> <span class='ocrx_word' id='word_1_90' title='bbox 1491 1315 1627 1386; x_wconf 73' lang='grc' dir='ltr'>λέγει</span> <span class='ocrx_word' id='word_1_91' title='bbox 1677 1317 1868 1389; x_wconf 84' lang='grc' dir='ltr'>τραπε-</span> 
     </span>
    </p>
   </div>
   <div class='ocr_carea' id='block_1_15' title="bbox 257 1402 1863 1479">
    <p class='ocr_par' dir='ltr' id='par_1_15' title="bbox 257 1402 1863 1479">
     <span class='ocr_line' id='line_1_15' title="bbox 257 1402 1863 1479; baseline -0.002 -21"><span class='ocrx_word' id='word_1_92' title='bbox 257 1405 432 1468; x_wconf 77' lang='grc' dir='ltr'>ζίτας.</span> <span class='ocrx_word' id='word_1_93' title='bbox 479 1402 628 1460; x_wconf 81' lang='grc' dir='ltr'>Ἔδει</span> <span class='ocrx_word' id='word_1_94' title='bbox 661 1425 718 1460; x_wconf 86' lang='grc' dir='ltr'>σε</span> <span class='ocrx_word' id='word_1_95' title='bbox 772 1403 1014 1475; x_wconf 76' lang='grc' dir='ltr'>διδάξαι,</span> <span class='ocrx_word' id='word_1_96' title='bbox 1069 1409 1401 1478; x_wconf 75' lang='grc' dir='ltr'>νουθετῆσαι,</span> <span class='ocrx_word' id='word_1_97' title='bbox 1452 1403 1863 1479; x_wconf 79' lang='grc' dir='ltr'>συμϐουλεῦσαι,</span> 
     </span>
    </p>
   </div>
   <div class='ocr_carea' id='block_1_16' title="bbox 252 1493 1863 1569">
    <p class='ocr_par' dir='ltr' id='par_1_16' title="bbox 252 1493 1863 1569">
     <span class='ocr_line' id='line_1_16' title="bbox 252 1493 1863 1569; baseline -0.002 -20"><span class='ocrx_word' id='word_1_98' title='bbox 252 1501 354 1549; x_wconf 80' lang='grc' dir='ltr'>πᾶν</span> <span class='ocrx_word' id='word_1_99' title='bbox 411 1498 472 1550; x_wconf 85' lang='grc' dir='ltr'>τὸ</span> <span class='ocrx_word' id='word_1_100' title='bbox 521 1499 612 1550; x_wconf 89' lang='grc' dir='ltr'>σόν</span> <span class='ocrx_word' id='word_1_101' title='bbox 663 1505 909 1566; x_wconf 86' lang='grc' dir='ltr'>ποιῆσαι,</span> <span class='ocrx_word' id='word_1_102' title='bbox 960 1501 1018 1551; x_wconf 88' lang='grc' dir='ltr'>τὸ</span> <span class='ocrx_word' id='word_1_103' title='bbox 1058 1495 1118 1552; x_wconf 72' lang='grc' dir='ltr'>δε</span> <span class='ocrx_word' id='word_1_104' title='bbox 1176 1497 1354 1551; x_wconf 86' lang='grc' dir='ltr'>λοιπόν</span> <span class='ocrx_word' id='word_1_105' title='bbox 1413 1496 1527 1569; x_wconf 71' lang='grc' dir='ltr'>ἐμοὶ</span> <span class='ocrx_word' id='word_1_106' title='bbox 1571 1493 1863 1568; x_wconf 71' lang='grc' dir='ltr'>ἐπιτρέψαι,</span> 
     </span>
    </p>
   </div>
   <div class='ocr_carea' id='block_1_17' title="bbox 250 1582 1864 1659">
    <p class='ocr_par' dir='ltr' id='par_1_17' title="bbox 250 1582 1864 1659">
     <span class='ocr_line' id='line_1_17' title="bbox 250 1582 1864 1659; baseline -0.002 -20"><span class='ocrx_word' id='word_1_107' title='bbox 250 1584 386 1658; x_wconf 73' lang='grc' dir='ltr'>λέγω</span> <span class='ocrx_word' id='word_1_108' title='bbox 438 1582 508 1646; x_wconf 83' lang='grc' dir='ltr'>δὴ</span> <span class='ocrx_word' id='word_1_109' title='bbox 565 1590 660 1647; x_wconf 77' lang='grc' dir='ltr'>τὴν</span> <span class='ocrx_word' id='word_1_110' title='bbox 718 1585 1024 1648; x_wconf 87' lang='grc' dir='ltr'>ἀπαίτησιν.</span> <span class='ocrx_word' id='word_1_111' title='bbox 1075 1585 1224 1643; x_wconf 83' lang='grc' dir='ltr'>Ἔδει</span> <span class='ocrx_word' id='word_1_112' title='bbox 1279 1607 1337 1642; x_wconf 93' lang='grc' dir='ltr'>σε</span> <span class='ocrx_word' id='word_1_113' title='bbox 1389 1590 1448 1640; x_wconf 84' lang='grc' dir='ltr'>τό</span> <span class='ocrx_word' id='word_1_114' title='bbox 1499 1586 1864 1659; x_wconf 72' lang='grc' dir='ltr'>εὐχερέστερον</span> 
     </span>
    </p>
   </div>
   <div class='ocr_carea' id='block_1_18' title="bbox 251 1673 1866 1754">
    <p class='ocr_par' dir='ltr' id='par_1_18' title="bbox 251 1673 1866 1754">
     <span class='ocr_line' id='line_1_18' title="bbox 251 1673 1866 1754; baseline -0.001 -24"><span class='ocrx_word' id='word_1_115' title='bbox 251 1680 372 1738; x_wconf 82' lang='grc' dir='ltr'>τέως</span> <span class='ocrx_word' id='word_1_116' title='bbox 421 1673 856 1752; x_wconf 76' lang='grc' dir='ltr'>διαπράξασθαι’</span> <span class='ocrx_word' id='word_1_117' title='bbox 908 1682 966 1732; x_wconf 86' lang='grc' dir='ltr'>τὸ</span> <span class='ocrx_word' id='word_1_118' title='bbox 1008 1675 1066 1732; x_wconf 73' lang='grc' dir='ltr'>δε</span> <span class='ocrx_word' id='word_1_119' title='bbox 1099 1676 1515 1754; x_wconf 83' lang='grc' dir='ltr'>δυσχερέστερον</span> <span class='ocrx_word' id='word_1_120' title='bbox 1555 1675 1668 1749; x_wconf 74' lang='grc' dir='ltr'>ἐμοὶ</span> <span class='ocrx_word' id='word_1_121' title='bbox 1707 1694 1866 1729; x_wconf 89' lang='grc' dir='ltr'>κατα-</span> 
     </span>
    </p>
   </div>
   <div class='ocr_carea' id='block_1_19' title="bbox 250 1763 1864 1842">
    <p class='ocr_par' dir='ltr' id='par_1_19' title="bbox 250 1763 1864 1842">
     <span class='ocr_line' id='line_1_19' title="bbox 250 1763 1864 1842; baseline 0 -24"><span class='ocrx_word' id='word_1_122' title='bbox 250 1765 434 1822; x_wconf 77' lang='grc' dir='ltr'>λιπεῖν.</span> <span class='ocrx_word' id='word_1_123' title='bbox 492 1769 695 1824; x_wconf 68' lang='grc' dir='ltr'>Δάνειον</span> <span class='ocrx_word' id='word_1_124' title='bbox 726 1771 816 1842; x_wconf 68' lang='grc' dir='ltr'>μεν</span> <span class='ocrx_word' id='word_1_125' title='bbox 863 1769 950 1824; x_wconf 78' lang='grc' dir='ltr'>οὖν</span> <span class='ocrx_word' id='word_1_126' title='bbox 997 1770 1026 1828; x_wconf 81' lang='grc' dir='ltr'><strong>ἠ</strong></span> <span class='ocrx_word' id='word_1_127' title='bbox 1087 1765 1448 1823; x_wconf 88' lang='grc' dir='ltr'>διδασκαλία·</span> <span class='ocrx_word' id='word_1_128' title='bbox 1484 1771 1636 1828; x_wconf 84' lang='grc' dir='ltr'>τόκος</span> <span class='ocrx_word' id='word_1_129' title='bbox 1667 1763 1726 1822; x_wconf 69' lang='grc' dir='ltr'>δε</span> <span class='ocrx_word' id='word_1_130' title='bbox 1773 1772 1864 1818; x_wconf 82' lang='grc' dir='ltr'>τοῦ</span> 
     </span>
    </p>
   </div>
   <div class='ocr_carea' id='block_1_20' title="bbox 1982 580 3647 657">
    <p class='ocr_par' dir='ltr' id='par_1_20' title="bbox 1982 580 3647 657">
     <span class='ocr_line' id='line_1_20' title="bbox 1982 580 3647 657; baseline -0.002 -17"><span class='ocrx_word' id='word_1_131' title='bbox 1982 601 2100 657; x_wconf 90' lang='lat' dir='ltr'>que</span> <span class='ocrx_word' id='word_1_132' title='bbox 2117 582 2566 656; x_wconf 87' lang='lat' dir='ltr'>respondebunt</span> <span class='ocrx_word' id='word_1_133' title='bbox 2585 587 2794 638; x_wconf 90' lang='lat' dir='ltr'>contra</span> <span class='ocrx_word' id='word_1_134' title='bbox 2817 581 3046 655; x_wconf 90' lang='lat' dir='ltr'>seipsos</span> <span class='ocrx_word' id='word_1_135' title='bbox 3069 580 3274 638; x_wconf 86' lang='lat' dir='ltr'>omnia</span> <span class='ocrx_word' id='word_1_136' title='bbox 3299 584 3647 636; x_wconf 89' lang='lat' dir='ltr'>converten-</span> 
     </span>
    </p>
   </div>
   <div class='ocr_carea' id='block_1_21' title="bbox 1983 675 2994 748">
    <p class='ocr_par' dir='ltr' id='par_1_21' title="bbox 1983 675 2994 748">
     <span class='ocr_line' id='line_1_21' title="bbox 1983 675 2994 748; baseline -0.004 -16"><span class='ocrx_word' id='word_1_137' title='bbox 1983 680 2094 732; x_wconf 90' lang='lat' dir='ltr'>tur.</span> <span class='ocrx_word' id='word_1_138' title='bbox 2125 675 2277 732; x_wconf 82' lang='lat' dir='ltr'>Audi</span> <span class='ocrx_word' id='word_1_139' title='bbox 2303 691 2444 746; x_wconf 89' lang='lat' dir='ltr'>ergo</span> <span class='ocrx_word' id='word_1_140' title='bbox 2478 691 2610 748; x_wconf 65' lang='lat' dir='ltr'>quas</span> <span class='ocrx_word' id='word_1_141' title='bbox 2645 679 2994 747; x_wconf 90' lang='lat' dir='ltr'>sequuntur.</span> 
     </span>
    </p>
   </div>
   <div class='ocr_carea' id='block_1_22' title="bbox 2054 782 3645 854">
    <p class='ocr_par' dir='ltr' id='par_1_22' title="bbox 2054 782 3645 854">
     <span class='ocr_line' id='line_1_22' title="bbox 2054 782 3645 854; baseline -0.001 -16"><span class='ocrx_word' id='word_1_142' title='bbox 2054 785 2219 840; x_wconf 88' lang='lat' dir='ltr'>Vers.</span> <span class='ocrx_word' id='word_1_143' title='bbox 2250 785 2337 840; x_wconf 82' lang='lat'>26.</span> <span class='ocrx_word' id='word_1_144' title='bbox 2364 783 2713 854; x_wconf 74' lang='lat' dir='ltr'>ReSpondens</span> <span class='ocrx_word' id='word_1_145' title='bbox 2738 814 2806 822; x_wconf 89' lang='lat'><strong>—</strong></span> <span class='ocrx_word' id='word_1_146' title='bbox 2838 784 2996 837; x_wconf 88' lang='lat' dir='ltr'>Vers.</span> <span class='ocrx_word' id='word_1_147' title='bbox 3016 783 3104 836; x_wconf 79' lang='lat'>2‘1.</span> <span class='ocrx_word' id='word_1_148' title='bbox 3131 796 3327 838; x_wconf 80' lang='lat' dir='ltr'>usura.</span> <span class='ocrx_word' id='word_1_149' title='bbox 3352 782 3477 836; x_wconf 83' lang='lat' dir='ltr'>Non</span> <span class='ocrx_word' id='word_1_150' title='bbox 3503 795 3645 853; x_wconf 86' lang='lat' dir='ltr'>qua-</span> 
     </span>
    </p>
   </div>
   <div class='ocr_carea' id='block_1_23' title="bbox 1985 870 3642 944">
    <p class='ocr_par' dir='ltr' id='par_1_23' title="bbox 1985 870 3642 944">
     <span class='ocr_line' id='line_1_23' title="bbox 1985 870 3642 944; baseline -0.002 -15"><span class='ocrx_word' id='word_1_151' title='bbox 1985 874 2033 930; x_wconf 90' lang='lat' dir='ltr'>si</span> <span class='ocrx_word' id='word_1_152' title='bbox 2053 873 2148 929; x_wconf 91' lang='lat' dir='ltr'>ille</span> <span class='ocrx_word' id='word_1_153' title='bbox 2162 890 2297 930; x_wconf 87' lang='lat' dir='ltr'>vera</span> <span class='ocrx_word' id='word_1_154' title='bbox 2314 872 2526 929; x_wconf 85' lang='lat' dir='ltr'>dixerit</span> <span class='ocrx_word' id='word_1_155' title='bbox 2547 873 2675 928; x_wconf 57' lang='lat' dir='ltr'>hac</span> <span class='ocrx_word' id='word_1_156' title='bbox 2693 872 2774 929; x_wconf 91' lang='lat' dir='ltr'>ait</span> <span class='ocrx_word' id='word_1_157' title='bbox 2797 871 3122 944; x_wconf 80' lang='lat' dir='ltr'>Dominus;</span> <span class='ocrx_word' id='word_1_158' title='bbox 3146 870 3289 926; x_wconf 86' lang='lat' dir='ltr'>nihil</span> <span class='ocrx_word' id='word_1_159' title='bbox 3308 872 3466 926; x_wconf 92' lang='lat' dir='ltr'>enim</span> <span class='ocrx_word' id='word_1_160' title='bbox 3483 873 3642 925; x_wconf 88' lang='lat' dir='ltr'>recte</span> 
     </span>
    </p>
   </div>
   <div class='ocr_carea' id='block_1_24' title="bbox 1980 959 3642 1036">
    <p class='ocr_par' dir='ltr' id='par_1_24' title="bbox 1980 959 3642 1036">
     <span class='ocr_line' id='line_1_24' title="bbox 1980 959 3642 1036; baseline -0.002 -18"><span class='ocrx_word' id='word_1_161' title='bbox 1980 962 2045 1018; x_wconf 83' lang='lat' dir='ltr'>ﬁt</span> <span class='ocrx_word' id='word_1_162' title='bbox 2084 963 2209 1019; x_wconf 89' lang='lat' dir='ltr'>sine</span> <span class='ocrx_word' id='word_1_163' title='bbox 2245 963 2415 1036; x_wconf 87' lang='lat' dir='ltr'>ipso;</span> <span class='ocrx_word' id='word_1_164' title='bbox 2452 961 2558 1018; x_wconf 91' lang='lat' dir='ltr'>sed</span> <span class='ocrx_word' id='word_1_165' title='bbox 2596 962 2908 1034; x_wconf 88' lang='lat' dir='ltr'>supposito</span> <span class='ocrx_word' id='word_1_166' title='bbox 2944 976 3220 1017; x_wconf 84' lang='lat' dir='ltr'>sermone</span> <span class='ocrx_word' id='word_1_167' title='bbox 3252 959 3542 1034; x_wconf 86' lang='lat' dir='ltr'>procedit,</span> <span class='ocrx_word' id='word_1_168' title='bbox 3575 973 3642 1015; x_wconf 85' lang='lat' dir='ltr'>ac</span> 
     </span>
    </p>
   </div>
   <div class='ocr_carea' id='block_1_25' title="bbox 1981 1051 3640 1124">
    <p class='ocr_par' dir='ltr' id='par_1_25' title="bbox 1981 1051 3640 1124">
     <span class='ocr_line' id='line_1_25' title="bbox 1981 1051 3640 1124; baseline -0.001 -16"><span class='ocrx_word' id='word_1_169' title='bbox 1981 1052 2029 1109; x_wconf 91' lang='lat' dir='ltr'>si</span> <span class='ocrx_word' id='word_1_170' title='bbox 2056 1052 2279 1110; x_wconf 86' lang='lat' dir='ltr'>diceret</span> <span class='ocrx_word' id='word_1_171' title='bbox 2312 1075 2323 1108; x_wconf 88' lang='lat'><strong>:</strong></span> <span class='ocrx_word' id='word_1_172' title='bbox 2366 1053 2425 1109; x_wconf 90' lang='lat' dir='ltr'>Si</span> <span class='ocrx_word' id='word_1_173' title='bbox 2451 1054 2629 1109; x_wconf 91' lang='lat' dir='ltr'>etiam</span> <span class='ocrx_word' id='word_1_174' title='bbox 2664 1052 2796 1108; x_wconf 91' lang='lat' dir='ltr'>talis</span> <span class='ocrx_word' id='word_1_175' title='bbox 2830 1068 3044 1122; x_wconf 88' lang='lat' dir='ltr'>essem,</span> <span class='ocrx_word' id='word_1_176' title='bbox 3079 1051 3242 1124; x_wconf 89' lang='lat' dir='ltr'>quod</span> <span class='ocrx_word' id='word_1_177' title='bbox 3276 1067 3483 1106; x_wconf 90' lang='lat' dir='ltr'>verum</span> <span class='ocrx_word' id='word_1_178' title='bbox 3517 1065 3640 1106; x_wconf 86' lang='lat' dir='ltr'>non</span> 
     </span>
    </p>
   </div>
   <div class='ocr_carea' id='block_1_26' title="bbox 1980 1140 3644 1216">
    <p class='ocr_par' dir='ltr' id='par_1_26' title="bbox 1980 1140 3644 1216">
     <span class='ocr_line' id='line_1_26' title="bbox 1980 1140 3644 1216; baseline -0.003 -17"><span class='ocrx_word' id='word_1_179' title='bbox 1980 1148 2090 1207; x_wconf 90' lang='lat' dir='ltr'>est,</span> <span class='ocrx_word' id='word_1_180' title='bbox 2111 1149 2313 1199; x_wconf 89' lang='lat' dir='ltr'>tamen</span> <span class='ocrx_word' id='word_1_181' title='bbox 2334 1141 2479 1216; x_wconf 90' lang='lat' dir='ltr'>quia</span> <span class='ocrx_word' id='word_1_182' title='bbox 2498 1142 2674 1198; x_wconf 82' lang='lat' dir='ltr'>talem</span> <span class='ocrx_word' id='word_1_183' title='bbox 2696 1158 2788 1197; x_wconf 89' lang='lat' dir='ltr'>me</span> <span class='ocrx_word' id='word_1_184' title='bbox 2807 1157 3084 1207; x_wconf 81' lang='lat' dir='ltr'>noveras,</span> <span class='ocrx_word' id='word_1_185' title='bbox 3107 1140 3242 1196; x_wconf 89' lang='lat' dir='ltr'>ideo</span> <span class='ocrx_word' id='word_1_186' title='bbox 3262 1140 3455 1210; x_wconf 88' lang='lat' dir='ltr'>magis</span> <span class='ocrx_word' id='word_1_187' title='bbox 3468 1155 3644 1211; x_wconf 83' lang='lat' dir='ltr'>opor-</span> 
     </span>
    </p>
   </div>
   <div class='ocr_carea' id='block_1_27' title="bbox 1980 1231 3643 1304">
    <p class='ocr_par' dir='ltr' id='par_1_27' title="bbox 1980 1231 3643 1304">
     <span class='ocr_line' id='line_1_27' title="bbox 1980 1231 3643 1304; baseline -0.002 -16"><span class='ocrx_word' id='word_1_188' title='bbox 1980 1232 2138 1290; x_wconf 86' lang='lat' dir='ltr'>tebat</span> <span class='ocrx_word' id='word_1_189' title='bbox 2168 1237 2220 1289; x_wconf 92' lang='lat' dir='ltr'>te</span> <span class='ocrx_word' id='word_1_190' title='bbox 2253 1233 2601 1304; x_wconf 86' lang='lat' dir='ltr'>exposuisse</span> <span class='ocrx_word' id='word_1_191' title='bbox 2633 1233 2858 1287; x_wconf 88' lang='lat' dir='ltr'>donum</span> <span class='ocrx_word' id='word_1_192' title='bbox 2895 1247 3115 1300; x_wconf 90' lang='lat' dir='ltr'>meum,</span> <span class='ocrx_word' id='word_1_193' title='bbox 3149 1231 3236 1285; x_wconf 89' lang='lat' dir='ltr'>his</span> <span class='ocrx_word' id='word_1_194' title='bbox 3263 1231 3356 1302; x_wconf 87' lang='lat' dir='ltr'>qui</span> <span class='ocrx_word' id='word_1_195' title='bbox 3394 1231 3643 1284; x_wconf 83' lang='lat' dir='ltr'>nossent</span> 
     </span>
    </p>
   </div>
   <div class='ocr_carea' id='block_1_28' title="bbox 1978 1319 3641 1396">
    <p class='ocr_par' dir='ltr' id='par_1_28' title="bbox 1978 1319 3641 1396">
     <span class='ocr_line' id='line_1_28' title="bbox 1978 1319 3641 1396; baseline -0.002 -18"><span class='ocrx_word' id='word_1_196' title='bbox 1978 1322 2202 1379; x_wconf 89' lang='lat' dir='ltr'>bonum</span> <span class='ocrx_word' id='word_1_197' title='bbox 2227 1340 2260 1378; x_wconf 92' lang='lat' dir='ltr'>a</span> <span class='ocrx_word' id='word_1_198' title='bbox 2278 1338 2463 1396; x_wconf 90' lang='lat' dir='ltr'>pravo</span> <span class='ocrx_word' id='word_1_199' title='bbox 2486 1321 2815 1394; x_wconf 90' lang='lat' dir='ltr'>dijudicare</span> <span class='ocrx_word' id='word_1_200' title='bbox 2842 1338 2857 1376; x_wconf 91' lang='lat'><strong><em>:</em></strong></span> <span class='ocrx_word' id='word_1_201' title='bbox 2880 1321 2991 1377; x_wconf 92' lang='lat' dir='ltr'>hos</span> <span class='ocrx_word' id='word_1_202' title='bbox 3014 1321 3172 1376; x_wconf 92' lang='lat' dir='ltr'>enim</span> <span class='ocrx_word' id='word_1_203' title='bbox 3196 1319 3459 1393; x_wconf 91' lang='lat' dir='ltr'>appellat</span> <span class='ocrx_word' id='word_1_204' title='bbox 3478 1333 3641 1374; x_wconf 89' lang='lat' dir='ltr'>men-</span> 
     </span>
    </p>
   </div>
   <div class='ocr_carea' id='block_1_29' title="bbox 1977 1411 3642 1487">
    <p class='ocr_par' dir='ltr' id='par_1_29' title="bbox 1977 1411 3642 1487">
     <span class='ocr_line' id='line_1_29' title="bbox 1977 1411 3642 1487; baseline -0.003 -18"><span class='ocrx_word' id='word_1_205' title='bbox 1977 1415 2208 1471; x_wconf 88' lang='lat' dir='ltr'>sarios:</span> <span class='ocrx_word' id='word_1_206' title='bbox 2244 1415 2510 1487; x_wconf 86' lang='lat' dir='ltr'>oportuit</span> <span class='ocrx_word' id='word_1_207' title='bbox 2550 1419 2603 1470; x_wconf 93' lang='lat' dir='ltr'>te</span> <span class='ocrx_word' id='word_1_208' title='bbox 2651 1411 2948 1482; x_wconf 90' lang='lat' dir='ltr'>docuisse,</span> <span class='ocrx_word' id='word_1_209' title='bbox 2977 1412 3389 1476; x_wconf 87' lang='lat' dir='ltr'>admonuisse,</span> <span class='ocrx_word' id='word_1_210' title='bbox 3423 1425 3642 1466; x_wconf 86' lang='lat' dir='ltr'>consu-</span> 
     </span>
    </p>
   </div>
   <div class='ocr_carea' id='block_1_30' title="bbox 1972 1500 3638 1578">
    <p class='ocr_par' dir='ltr' id='par_1_30' title="bbox 1972 1500 3638 1578">
     <span class='ocr_line' id='line_1_30' title="bbox 1972 1500 3638 1578; baseline -0.003 -19"><span class='ocrx_word' id='word_1_211' title='bbox 1972 1504 2174 1572; x_wconf 87' lang='lat' dir='ltr'>luisse,</span> <span class='ocrx_word' id='word_1_212' title='bbox 2217 1503 2476 1578; x_wconf 88' lang='lat' dir='ltr'>quiquid</span> <span class='ocrx_word' id='word_1_213' title='bbox 2507 1503 2568 1559; x_wconf 91' lang='lat' dir='ltr'>in</span> <span class='ocrx_word' id='word_1_214' title='bbox 2599 1507 2653 1560; x_wconf 90' lang='lat' dir='ltr'>te</span> <span class='ocrx_word' id='word_1_215' title='bbox 2682 1507 2809 1558; x_wconf 87' lang='lat' dir='ltr'>erat</span> <span class='ocrx_word' id='word_1_216' title='bbox 2841 1501 3068 1572; x_wconf 90' lang='lat' dir='ltr'>fecisse,</span> <span class='ocrx_word' id='word_1_217' title='bbox 3103 1500 3404 1575; x_wconf 87' lang='lat' dir='ltr'>reliquum</span> <span class='ocrx_word' id='word_1_218' title='bbox 3435 1504 3638 1555; x_wconf 89' lang='lat' dir='ltr'>autem</span> 
     </span>
    </p>
   </div>
   <div class='ocr_carea' id='block_1_31' title="bbox 1973 1590 3642 1666">
    <p class='ocr_par' dir='ltr' id='par_1_31' title="bbox 1973 1590 3642 1666">
     <span class='ocr_line' id='line_1_31' title="bbox 1973 1590 3642 1666; baseline -0.002 -16"><span class='ocrx_word' id='word_1_219' title='bbox 1973 1593 2117 1650; x_wconf 90' lang='lat' dir='ltr'>mihi</span> <span class='ocrx_word' id='word_1_220' title='bbox 2151 1610 2310 1666; x_wconf 89' lang='lat' dir='ltr'>perm</span> <span class='ocrx_word' id='word_1_221' title='bbox 2325 1594 2540 1664; x_wconf 90' lang='lat' dir='ltr'>ississe,</span> <span class='ocrx_word' id='word_1_222' title='bbox 2570 1592 2705 1649; x_wconf 93' lang='lat' dir='ltr'>dico</span> <span class='ocrx_word' id='word_1_223' title='bbox 2732 1607 2876 1648; x_wconf 90' lang='lat' dir='ltr'>sane</span> <span class='ocrx_word' id='word_1_224' title='bbox 2907 1591 3355 1663; x_wconf 90' lang='lat' dir='ltr'>repetitionem:</span> <span class='ocrx_word' id='word_1_225' title='bbox 3382 1590 3642 1661; x_wconf 87' lang='lat' dir='ltr'>Oportuit</span> 
     </span>
    </p>
   </div>
   <div class='ocr_carea' id='block_1_32' title="bbox 1974 1680 3639 1756">
    <p class='ocr_par' dir='ltr' id='par_1_32' title="bbox 1974 1680 3639 1756">
     <span class='ocr_line' id='line_1_32' title="bbox 1974 1680 3639 1756; baseline -0.002 -17"><span class='ocrx_word' id='word_1_226' title='bbox 1974 1687 2027 1740; x_wconf 91' lang='lat' dir='ltr'>te</span> <span class='ocrx_word' id='word_1_227' title='bbox 2058 1684 2210 1756; x_wconf 76' lang='lat' dir='ltr'>quod</span> <span class='ocrx_word' id='word_1_228' title='bbox 2241 1683 2472 1739; x_wconf 82' lang='lat' dir='ltr'>facilius</span> <span class='ocrx_word' id='word_1_229' title='bbox 2496 1686 2584 1738; x_wconf 93' lang='lat' dir='ltr'>est</span> <span class='ocrx_word' id='word_1_230' title='bbox 2613 1682 2837 1737; x_wconf 84' lang='lat' dir='ltr'>interea</span> <span class='ocrx_word' id='word_1_231' title='bbox 2869 1681 3210 1752; x_wconf 85' lang='lat' dir='ltr'>perfecisse,</span> <span class='ocrx_word' id='word_1_232' title='bbox 3240 1680 3405 1753; x_wconf 91' lang='lat' dir='ltr'>quod</span> <span class='ocrx_word' id='word_1_233' title='bbox 3436 1684 3639 1736; x_wconf 89' lang='lat' dir='ltr'>autem</span> 
     </span>
    </p>
   </div>
   <div class='ocr_carea' id='block_1_33' title="bbox 1974 1770 3635 1845">
    <p class='ocr_par' dir='ltr' id='par_1_33' title="bbox 1974 1770 3635 1845">
     <span class='ocr_line' id='line_1_33' title="bbox 1974 1770 3635 1845; baseline -0.001 -17"><span class='ocrx_word' id='word_1_234' title='bbox 1974 1772 2276 1829; x_wconf 81' lang='lat' dir='ltr'>difﬁcilius</span> <span class='ocrx_word' id='word_1_235' title='bbox 2311 1777 2399 1830; x_wconf 88' lang='lat' dir='ltr'>est</span> <span class='ocrx_word' id='word_1_236' title='bbox 2444 1771 2587 1828; x_wconf 90' lang='lat' dir='ltr'>mihi</span> <span class='ocrx_word' id='word_1_237' title='bbox 2621 1771 2952 1845; x_wconf 88' lang='lat' dir='ltr'>reliquisse.</span> <span class='ocrx_word' id='word_1_238' title='bbox 2987 1772 3086 1826; x_wconf 68' lang='lat' dir='ltr'>zEs</span> <span class='ocrx_word' id='word_1_239' title='bbox 3118 1771 3320 1843; x_wconf 88' lang='lat' dir='ltr'>itaque</span> <span class='ocrx_word' id='word_1_240' title='bbox 3351 1770 3635 1837; x_wconf 89' lang='lat' dir='ltr'>alienum,</span> 
     </span>
    </p>
   </div>
   <div class='ocr_carea' id='block_1_34' title="bbox 249 1851 1864 1936">
    <p class='ocr_par' dir='ltr' id='par_1_34' title="bbox 249 1851 1864 1936">
     <span class='ocr_line' id='line_1_34' title="bbox 249 1851 1864 1936; baseline 0 -26"><span class='ocrx_word' id='word_1_241' title='bbox 249 1860 492 1912; x_wconf 75' lang='grc' dir='ltr'>τοιούτου</span> <span class='ocrx_word' id='word_1_242' title='bbox 543 1854 751 1913; x_wconf 83' lang='grc' dir='ltr'>δανείον</span> <span class='ocrx_word' id='word_1_243' title='bbox 801 1859 831 1918; x_wconf 78' lang='grc' dir='ltr'><strong>ἠ</strong></span> <span class='ocrx_word' id='word_1_244' title='bbox 884 1861 1162 1936; x_wconf 79' lang='grc' dir='ltr'>προσθήκη</span> <span class='ocrx_word' id='word_1_245' title='bbox 1196 1867 1296 1912; x_wconf 88' lang='grc' dir='ltr'>τῶν</span> <span class='ocrx_word' id='word_1_246' title='bbox 1350 1858 1578 1933; x_wconf 75' lang='grc' dir='ltr'>ἀριτῶνο</span> <span class='ocrx_word' id='word_1_247' title='bbox 1607 1860 1756 1910; x_wconf 85' lang='grc' dir='ltr'>τόκον</span> <span class='ocrx_word' id='word_1_248' title='bbox 1806 1851 1864 1910; x_wconf 73' lang='grc' dir='ltr'>δε</span> 
     </span>
    </p>
   </div>
   <div class='ocr_carea' id='block_1_35' title="bbox 1985 1851 3634 1936">
    <p class='ocr_par' dir='ltr' id='par_1_35' title="bbox 1985 1860 3634 1926">
     <span class='ocr_line' id='line_1_35' title="bbox 1985 1860 3634 1926; baseline -0.001 -8"><span class='ocrx_word' id='word_1_249' title='bbox 1985 1863 2244 1920; x_wconf 62' lang='lat' dir='ltr'>doctrina</span> <span class='ocrx_word' id='word_1_250' title='bbox 2266 1868 2382 1919; x_wconf 90' lang='lat' dir='ltr'>est:</span> <span class='ocrx_word' id='word_1_251' title='bbox 2408 1879 2590 1919; x_wconf 88' lang='lat' dir='ltr'>usura</span> <span class='ocrx_word' id='word_1_252' title='bbox 2607 1878 2747 1918; x_wconf 75' lang='lat' dir='ltr'>vero</span> <span class='ocrx_word' id='word_1_253' title='bbox 2772 1861 2905 1916; x_wconf 85' lang='lat' dir='ltr'>talis</span> <span class='ocrx_word' id='word_1_254' title='bbox 2920 1861 3075 1926; x_wconf 81' lang='lat' dir='ltr'>aeris,</span> <span class='ocrx_word' id='word_1_255' title='bbox 3091 1860 3315 1917; x_wconf 89' lang='lat' dir='ltr'>additio</span> <span class='ocrx_word' id='word_1_256' title='bbox 3339 1861 3634 1916; x_wconf 89' lang='lat' dir='ltr'>virtutum.</span> 
     </span>
    </p>
   </div>
   <div class='ocr_carea' id='block_1_36' title="bbox 252 1943 1866 2024">
    <p class='ocr_par' dir='ltr' id='par_1_36' title="bbox 252 1943 1866 2024">
     <span class='ocr_line' id='line_1_36' title="bbox 252 1943 1866 2024; baseline 0.004 -26"><span class='ocrx_word' id='word_1_257' title='bbox 252 1950 344 2005; x_wconf 72' lang='grc' dir='ltr'>τὴν</span> <span class='ocrx_word' id='word_1_258' title='bbox 404 1943 731 2024; x_wconf 81' lang='grc' dir='ltr'>ὶπικέρδειαν</span> <span class='ocrx_word' id='word_1_259' title='bbox 784 1947 956 2012; x_wconf 82' lang='grc' dir='ltr'>ἁπλῶς</span> <span class='ocrx_word' id='word_1_260' title='bbox 1010 1949 1264 2024; x_wconf 69' lang='grc' dir='ltr'>ὠνόμασε,</span> <span class='ocrx_word' id='word_1_261' title='bbox 1319 1956 1381 2023; x_wconf 79' lang='grc' dir='ltr'>τῇ</span> <span class='ocrx_word' id='word_1_262' title='bbox 1442 1949 1690 2021; x_wconf 77' lang='grc' dir='ltr'>συνηθείᾳ</span> <span class='ocrx_word' id='word_1_263' title='bbox 1727 1965 1866 2021; x_wconf 85' lang='grc' dir='ltr'>χρη-</span> 
     </span>
    </p>
   </div>
   <div class='ocr_carea' id='block_1_37' title="bbox 255 2037 503 2114">
    <p class='ocr_par' dir='ltr' id='par_1_37' title="bbox 255 2037 503 2114">
     <span class='ocr_line' id='line_1_37' title="bbox 255 2037 503 2114; baseline 0.016 -24"><span class='ocrx_word' id='word_1_264' title='bbox 255 2037 475 2114; x_wconf 74' lang='grc' dir='ltr'>σάμενος</span> <span class='ocrx_word' id='word_1_265' title='bbox 489 2079 503 2094; x_wconf 96' lang='grc'>.</span> 
     </span>
    </p>
   </div>
   <div class='ocr_carea' id='block_1_38' title="bbox 324 2127 1865 2202">
    <p class='ocr_par' dir='ltr' id='par_1_38' title="bbox 324 2127 1865 2202">
     <span class='ocr_line' id='line_1_38' title="bbox 324 2127 1865 2202; baseline -0.002 -20"><span class='ocrx_word' id='word_1_266' title='bbox 324 2127 520 2202; x_wconf 81' lang='grc' dir='ltr'>Ἀρατε</span> <span class='ocrx_word' id='word_1_267' title='bbox 607 2158 675 2169; x_wconf 90' lang='lat'><strong>-</strong></span> <span class='ocrx_word' id='word_1_268' title='bbox 759 2127 845 2181; x_wconf 78' lang='grc' dir='ltr'>ἀπ’</span> <span class='ocrx_word' id='word_1_269' title='bbox 928 2129 1107 2185; x_wconf 74' lang='grc' dir='ltr'>αὐτοῦ.</span> <span class='ocrx_word' id='word_1_270' title='bbox 1181 2128 1444 2183; x_wconf 79' lang='grc' dir='ltr'>Ἐκελευσε</span> <span class='ocrx_word' id='word_1_271' title='bbox 1525 2129 1865 2202; x_wconf 80' lang='grc' dir='ltr'>γυμνωθῆναι</span> 
     </span>
    </p>
   </div>
   <div class='ocr_carea' id='block_1_39' title="bbox 260 2214 1864 2294">
    <p class='ocr_par' dir='ltr' id='par_1_39' title="bbox 260 2214 1864 2294">
     <span class='ocr_line' id='line_1_39' title="bbox 260 2214 1864 2294; baseline 0.001 -23"><span class='ocrx_word' id='word_1_272' title='bbox 260 2217 413 2271; x_wconf 73' lang='grc' dir='ltr'>αὐτὸν</span> <span class='ocrx_word' id='word_1_273' title='bbox 447 2225 535 2272; x_wconf 73' lang='grc' dir='ltr'>τοῦ</span> <span class='ocrx_word' id='word_1_274' title='bbox 590 2214 979 2273; x_wconf 82' lang='grc' dir='ltr'>διδασκαλικοῡ</span> <span class='ocrx_word' id='word_1_275' title='bbox 1036 2219 1364 2294; x_wconf 78' lang='grc' dir='ltr'>ἀξιώματος·</span> <span class='ocrx_word' id='word_1_276' title='bbox 1421 2227 1572 2274; x_wconf 83' lang='grc' dir='ltr'>τοῦτο</span> <span class='ocrx_word' id='word_1_277' title='bbox 1601 2222 1703 2293; x_wconf 81' lang='grc' dir='ltr'>γὰρ</span> <span class='ocrx_word' id='word_1_278' title='bbox 1755 2215 1864 2273; x_wconf 81' lang='grc' dir='ltr'>εἶπε</span> 
     </span>
    </p>
   </div>
   <div class='ocr_carea' id='block_1_40' title="bbox 263 2306 1864 2386">
    <p class='ocr_par' dir='ltr' id='par_1_40' title="bbox 263 2306 1864 2386">
     <span class='ocr_line' id='line_1_40' title="bbox 263 2306 1864 2386; baseline 0 -24"><span class='ocrx_word' id='word_1_279' title='bbox 263 2307 502 2362; x_wconf 76' lang='grc' dir='ltr'>τάλαντον</span> <span class='ocrx_word' id='word_1_280' title='bbox 524 2328 536 2344; x_wconf 76' lang='grc' dir='ltr'><strong><em>ο</em></strong></span> <span class='ocrx_word' id='word_1_281' title='bbox 568 2313 661 2363; x_wconf 85' lang='grc' dir='ltr'>καὶ</span> <span class='ocrx_word' id='word_1_282' title='bbox 691 2315 784 2370; x_wconf 74' lang='grc' dir='ltr'>τὴν</span> <span class='ocrx_word' id='word_1_283' title='bbox 831 2314 988 2384; x_wconf 80' lang='grc' dir='ltr'>τιμὴν</span> <span class='ocrx_word' id='word_1_284' title='bbox 1019 2313 1214 2370; x_wconf 82' lang='grc' dir='ltr'>ταύτην</span> <span class='ocrx_word' id='word_1_285' title='bbox 1247 2310 1316 2374; x_wconf 84' lang='grc' dir='ltr'>εἰς</span> <span class='ocrx_word' id='word_1_286' title='bbox 1359 2312 1667 2386; x_wconf 76' lang='grc' dir='ltr'>προσθήκην</span> <span class='ocrx_word' id='word_1_287' title='bbox 1703 2306 1864 2369; x_wconf 87' lang='grc' dir='ltr'>δοθῆ-</span> 
     </span>
    </p>
   </div>
   <div class='ocr_carea' id='block_1_41' title="bbox 254 2396 1861 2475">
    <p class='ocr_par' dir='ltr' id='par_1_41' title="bbox 254 2396 1861 2475">
     <span class='ocr_line' id='line_1_41' title="bbox 254 2396 1861 2475; baseline 0.001 -24"><span class='ocrx_word' id='word_1_288' title='bbox 254 2417 340 2451; x_wconf 88' lang='grc' dir='ltr'>ναι</span> <span class='ocrx_word' id='word_1_289' title='bbox 377 2407 446 2470; x_wconf 78' lang='grc' dir='ltr'>τῷ</span> <span class='ocrx_word' id='word_1_290' title='bbox 477 2401 652 2472; x_wconf 78' lang='grc' dir='ltr'>ἰχοντι</span> <span class='ocrx_word' id='word_1_291' title='bbox 681 2402 748 2454; x_wconf 80' lang='grc' dir='ltr'>τὰ</span> <span class='ocrx_word' id='word_1_292' title='bbox 779 2396 910 2455; x_wconf 88' lang='grc' dir='ltr'>δέκα</span> <span class='ocrx_word' id='word_1_293' title='bbox 953 2401 1196 2457; x_wconf 79' lang='grc' dir='ltr'>τάλαντα.</span> <span class='ocrx_word' id='word_1_294' title='bbox 1245 2405 1407 2456; x_wconf 81' lang='grc' dir='ltr'>Παντὶ</span> <span class='ocrx_word' id='word_1_295' title='bbox 1436 2402 1536 2475; x_wconf 75' lang='grc' dir='ltr'>γὰρ</span> <span class='ocrx_word' id='word_1_296' title='bbox 1582 2409 1651 2473; x_wconf 83' lang='grc' dir='ltr'>τῷ</span> <span class='ocrx_word' id='word_1_297' title='bbox 1682 2404 1861 2473; x_wconf 82' lang='grc' dir='ltr'>ἔχοντι</span> 
     </span>
    </p>
   </div>
   <div class='ocr_carea' id='block_1_42' title="bbox 252 2485 1858 2565">
    <p class='ocr_par' dir='ltr' id='par_1_42' title="bbox 252 2485 1858 2565">
     <span class='ocr_line' id='line_1_42' title="bbox 252 2485 1858 2565; baseline 0 -22"><span class='ocrx_word' id='word_1_298' title='bbox 252 2485 496 2549; x_wconf 80' lang='grc' dir='ltr'>σπουδήν</span> <span class='ocrx_word' id='word_1_299' title='bbox 542 2509 598 2543; x_wconf 91' lang='grc' dir='ltr'>τε</span> <span class='ocrx_word' id='word_1_300' title='bbox 649 2494 739 2544; x_wconf 82' lang='grc' dir='ltr'>καὶ</span> <span class='ocrx_word' id='word_1_301' title='bbox 788 2489 1076 2564; x_wconf 78' lang='grc' dir='ltr'>έπιμέλειαν</span> <span class='ocrx_word' id='word_1_302' title='bbox 1127 2487 1415 2550; x_wconf 70' lang='grc' dir='ltr'>δοθήσεται</span> <span class='ocrx_word' id='word_1_303' title='bbox 1460 2495 1584 2565; x_wconf 84' lang='grc' dir='ltr'>τιμή</span> <span class='ocrx_word' id='word_1_304' title='bbox 1637 2495 1726 2544; x_wconf 83' lang='grc' dir='ltr'>καὶ</span> <span class='ocrx_word' id='word_1_305' title='bbox 1769 2509 1858 2543; x_wconf 84' lang='grc' dir='ltr'>πε-</span> 
     </span>
    </p>
   </div>
   <div class='ocr_carea' id='block_1_43' title="bbox 246 2578 1858 2656">
    <p class='ocr_par' dir='ltr' id='par_1_43' title="bbox 246 2578 1858 2656">
     <span class='ocr_line' id='line_1_43' title="bbox 246 2578 1858 2656; baseline 0.001 -24"><span class='ocrx_word' id='word_1_306' title='bbox 246 2583 538 2656; x_wconf 79' lang='grc' dir='ltr'>ρισσοτέρα</span> <span class='ocrx_word' id='word_1_307' title='bbox 597 2588 694 2644; x_wconf 74' lang='grc' dir='ltr'>τῆς</span> <span class='ocrx_word' id='word_1_308' title='bbox 764 2579 1142 2646; x_wconf 78' lang='grc' dir='ltr'>έπιϐαλλούσης</span> <span class='ocrx_word' id='word_1_309' title='bbox 1196 2581 1367 2654; x_wconf 75' lang='grc' dir='ltr'>αὐτῷ·</span> <span class='ocrx_word' id='word_1_310' title='bbox 1444 2580 1544 2635; x_wconf 83' lang='grc' dir='ltr'>ἀπὸ</span> <span class='ocrx_word' id='word_1_311' title='bbox 1630 2578 1689 2636; x_wconf 77' lang='grc' dir='ltr'>δε</span> <span class='ocrx_word' id='word_1_312' title='bbox 1767 2587 1858 2634; x_wconf 81' lang='grc' dir='ltr'>τοῦ</span> 
     </span>
    </p>
   </div>
   <div class='ocr_carea' id='block_1_44' title="bbox 247 2667 1852 2748">
    <p class='ocr_par' dir='ltr' id='par_1_44' title="bbox 247 2667 1852 2748">
     <span class='ocr_line' id='line_1_44' title="bbox 247 2667 1852 2748; baseline 0.001 -23"><span class='ocrx_word' id='word_1_313' title='bbox 247 2674 317 2744; x_wconf 80' lang='grc' dir='ltr'>μὴ</span> <span class='ocrx_word' id='word_1_314' title='bbox 384 2672 601 2744; x_wconf 73' lang='grc' dir='ltr'>ἔχοντος</span> <span class='ocrx_word' id='word_1_315' title='bbox 654 2667 917 2744; x_wconf 79' lang='grc' dir='ltr'>σπουδὴν,</span> <span class='ocrx_word' id='word_1_316' title='bbox 983 2675 1047 2734; x_wconf 85' lang='grc' dir='ltr'>ὡς</span> <span class='ocrx_word' id='word_1_317' title='bbox 1116 2676 1339 2748; x_wconf 86' lang='grc' dir='ltr'>εῐρηται,</span> <span class='ocrx_word' id='word_1_318' title='bbox 1389 2677 1479 2726; x_wconf 85' lang='grc' dir='ltr'>καὶ</span> <span class='ocrx_word' id='word_1_319' title='bbox 1546 2671 1852 2745; x_wconf 76' lang='grc' dir='ltr'>ἐπιμέλειαν.</span> 
     </span>
    </p>
   </div>
   <div class='ocr_carea' id='block_1_45' title="bbox 247 2757 1859 2840">
    <p class='ocr_par' dir='ltr' id='par_1_45' title="bbox 247 2757 1859 2840">
     <span class='ocr_line' id='line_1_45' title="bbox 247 2757 1859 2840; baseline 0.002 -28"><span class='ocrx_word' id='word_1_320' title='bbox 247 2763 336 2814; x_wconf 80' lang='grc' dir='ltr'>καὶ</span> <span class='ocrx_word' id='word_1_321' title='bbox 375 2760 401 2815; x_wconf 86' lang='grc' dir='ltr'><strong>ὃ</strong></span> <span class='ocrx_word' id='word_1_322' title='bbox 442 2763 557 2834; x_wconf 79' lang='grc' dir='ltr'>ἔχει</span> <span class='ocrx_word' id='word_1_323' title='bbox 589 2757 975 2816; x_wconf 86' lang='grc' dir='ltr'>διδασκαλικὸν</span> <span class='ocrx_word' id='word_1_324' title='bbox 1029 2762 1254 2837; x_wconf 76' lang='grc' dir='ltr'>ἀξίωμα,</span> <span class='ocrx_word' id='word_1_325' title='bbox 1296 2761 1722 2840; x_wconf 70' lang='grc' dir='ltr'>ἀφαιρεθήσεται,</span> <span class='ocrx_word' id='word_1_326' title='bbox 1773 2759 1859 2816; x_wconf 84' lang='grc' dir='ltr'>οἶα</span> 
     </span>
    </p>
   </div>
   <div class='ocr_carea' id='block_1_46' title="bbox 250 2851 892 2926">
    <p class='ocr_par' dir='ltr' id='par_1_46' title="bbox 250 2851 892 2926">
     <span class='ocr_line' id='line_1_46' title="bbox 250 2851 892 2926; baseline 0.003 -23"><span class='ocrx_word' id='word_1_327' title='bbox 250 2854 319 2924; x_wconf 74' lang='grc' dir='ltr'>μὴ</span> <span class='ocrx_word' id='word_1_328' title='bbox 348 2855 692 2926; x_wconf 78' lang='grc' dir='ltr'>χρησαμένου</span> <span class='ocrx_word' id='word_1_329' title='bbox 733 2851 892 2924; x_wconf 77' lang='grc' dir='ltr'>αὐτῷ.</span> 
     </span>
    </p>
   </div>
   <div class='ocr_carea' id='block_1_47' title="bbox 325 2939 1861 3018">
    <p class='ocr_par' dir='ltr' id='par_1_47' title="bbox 325 2939 1861 3018">
     <span class='ocr_line' id='line_1_47' title="bbox 325 2939 1861 3018; baseline 0 -22"><span class='ocrx_word' id='word_1_330' title='bbox 325 2946 427 2996; x_wconf 77' lang='grc' dir='ltr'>Καὶ</span> <span class='ocrx_word' id='word_1_331' title='bbox 481 2945 568 2994; x_wconf 84' lang='grc' dir='ltr'>τὸν</span> <span class='ocrx_word' id='word_1_332' title='bbox 617 2940 831 3018; x_wconf 83' lang='grc' dir='ltr'>ἀχρεῖον</span> <span class='ocrx_word' id='word_1_333' title='bbox 885 2939 1068 2997; x_wconf 83' lang='grc' dir='ltr'>δοῦλον</span> <span class='ocrx_word' id='word_1_334' title='bbox 1118 2976 1187 2985; x_wconf 94' lang='grc'><strong><em>-</em></strong></span> <span class='ocrx_word' id='word_1_335' title='bbox 1251 2940 1495 2998; x_wconf 81' lang='grc' dir='ltr'>ὀδόντων.</span> <span class='ocrx_word' id='word_1_336' title='bbox 1567 2944 1642 2997; x_wconf 74' lang='grc' dir='ltr'>Οὐ</span> <span class='ocrx_word' id='word_1_337' title='bbox 1696 2947 1861 3018; x_wconf 83' lang='grc' dir='ltr'>μέχρι</span> 
     </span>
    </p>
   </div>
   <div class='ocr_carea' id='block_1_48' title="bbox 253 3029 1859 3110">
    <p class='ocr_par' dir='ltr' id='par_1_48' title="bbox 253 3029 1859 3110">
     <span class='ocr_line' id='line_1_48' title="bbox 253 3029 1859 3110; baseline 0.002 -27"><span class='ocrx_word' id='word_1_338' title='bbox 253 3040 350 3093; x_wconf 74' lang='grc' dir='ltr'>τῆς</span> <span class='ocrx_word' id='word_1_339' title='bbox 429 3029 749 3106; x_wconf 68' lang='grc' dir='ltr'>ἀφαιρέσεως</span> <span class='ocrx_word' id='word_1_340' title='bbox 823 3036 1014 3094; x_wconf 81' lang='grc' dir='ltr'>ἔστησε</span> <span class='ocrx_word' id='word_1_341' title='bbox 1091 3038 1183 3093; x_wconf 72' lang='grc' dir='ltr'>τὴν</span> <span class='ocrx_word' id='word_1_342' title='bbox 1269 3035 1481 3110; x_wconf 79' lang='grc' dir='ltr'>ζημίαν,</span> <span class='ocrx_word' id='word_1_343' title='bbox 1572 3034 1699 3088; x_wconf 87' lang='grc' dir='ltr'>ἀλλά</span> <span class='ocrx_word' id='word_1_344' title='bbox 1768 3039 1859 3088; x_wconf 83' lang='grc' dir='ltr'>καὶ</span> 
     </span>
    </p>
   </div>
   <div class='ocr_carea' id='block_1_49' title="bbox 255 3118 1862 3200">
    <p class='ocr_par' dir='ltr' id='par_1_49' title="bbox 255 3118 1862 3200">
     <span class='ocr_line' id='line_1_49' title="bbox 255 3118 1862 3200; baseline 0.002 -26"><span class='ocrx_word' id='word_1_345' title='bbox 255 3120 324 3181; x_wconf 89' lang='grc' dir='ltr'>εἰς</span> <span class='ocrx_word' id='word_1_346' title='bbox 377 3118 631 3197; x_wconf 69' lang='grc' dir='ltr'>ἀφόρητον</span> <span class='ocrx_word' id='word_1_347' title='bbox 691 3121 960 3198; x_wconf 72' lang='grc' dir='ltr'>ἀπέπεμψε</span> <span class='ocrx_word' id='word_1_348' title='bbox 1017 3123 1253 3194; x_wconf 84' lang='grc' dir='ltr'>κόλασιν,</span> <span class='ocrx_word' id='word_1_349' title='bbox 1309 3123 1523 3200; x_wconf 76' lang='grc' dir='ltr'>ἀχρεῖον</span> <span class='ocrx_word' id='word_1_350' title='bbox 1590 3125 1746 3178; x_wconf 71' lang='grc' dir='ltr'>αὑτὸν</span> <span class='ocrx_word' id='word_1_351' title='bbox 1797 3123 1862 3178; x_wconf 83' lang='grc' dir='ltr'>εἰ·</span> 
     </span>
    </p>
   </div>
   <div class='ocr_carea' id='block_1_50' title="bbox 250 3213 1938 3291">
    <p class='ocr_par' dir='ltr' id='par_1_50' title="bbox 250 3213 1938 3291">
     <span class='ocr_line' id='line_1_50' title="bbox 250 3213 1938 3291; baseline 0.004 -27"><span class='ocrx_word' id='word_1_352' title='bbox 250 3215 382 3279; x_wconf 79' lang='grc' dir='ltr'>πῶν,</span> <span class='ocrx_word' id='word_1_353' title='bbox 424 3215 488 3273; x_wconf 86' lang='grc' dir='ltr'>ὡς</span> <span class='ocrx_word' id='word_1_354' title='bbox 542 3213 821 3287; x_wconf 78' lang='grc' dir='ltr'>ἄχρηστον</span> <span class='ocrx_word' id='word_1_355' title='bbox 870 3219 956 3267; x_wconf 85' lang='grc' dir='ltr'>καὶ</span> <span class='ocrx_word' id='word_1_356' title='bbox 995 3214 1212 3291; x_wconf 81' lang='grc' dir='ltr'>ὀκνηρόν</span> <span class='ocrx_word' id='word_1_357' title='bbox 1237 3234 1248 3247; x_wconf 90' lang='grc'><strong>·</strong></span> <span class='ocrx_word' id='word_1_358' title='bbox 1283 3213 1419 3290; x_wconf 89' lang='grc' dir='ltr'>Ὀρα</span> <span class='ocrx_word' id='word_1_359' title='bbox 1471 3223 1688 3291; x_wconf 72' lang='grc' dir='ltr'>πρᾶγμα</span> <span class='ocrx_word' id='word_1_360' title='bbox 1717 3216 1861 3289; x_wconf 56' lang='lat' dir='ltr'>706’s-</span> <span class='ocrx_word' id='word_1_361' title='bbox 1897 3232 1938 3290; x_wconf 71' lang='grc' dir='ltr'>ς,</span> 
     </span>
    </p>
   </div>
   <div class='ocr_carea' id='block_1_51' title="bbox 249 3302 1859 3380">
    <p class='ocr_par' dir='ltr' id='par_1_51' title="bbox 249 3302 1859 3380">
     <span class='ocr_line' id='line_1_51' title="bbox 249 3302 1859 3380; baseline 0.003 -25"><span class='ocrx_word' id='word_1_362' title='bbox 249 3305 358 3375; x_wconf 85' lang='grc' dir='ltr'>ρόν.</span> <span class='ocrx_word' id='word_1_363' title='bbox 397 3302 685 3364; x_wconf 73' lang='grc' dir='ltr'>Κολάζεται</span> <span class='ocrx_word' id='word_1_364' title='bbox 718 3307 842 3380; x_wconf 79' lang='grc' dir='ltr'>γὰρ,</span> <span class='ocrx_word' id='word_1_365' title='bbox 884 3305 988 3379; x_wconf 67' lang='grc' dir='ltr'>οὐχ</span> <span class='ocrx_word' id='word_1_366' title='bbox 1035 3308 1114 3358; x_wconf 86' lang='grc' dir='ltr'>ὅτι</span> <span class='ocrx_word' id='word_1_367' title='bbox 1172 3306 1358 3380; x_wconf 83' lang='grc' dir='ltr'>ἔπραξε</span> <span class='ocrx_word' id='word_1_368' title='bbox 1409 3310 1566 3374; x_wconf 77' lang='grc' dir='ltr'>κακὰ,</span> <span class='ocrx_word' id='word_1_369' title='bbox 1620 3307 1728 3360; x_wconf 88' lang='grc' dir='ltr'>ἀλλ’</span> <span class='ocrx_word' id='word_1_370' title='bbox 1781 3309 1859 3360; x_wconf 80' lang='grc' dir='ltr'>ὅτι</span> 
     </span>
    </p>
   </div>
   <div class='ocr_carea' id='block_1_52' title="bbox 249 3391 1860 3473">
    <p class='ocr_par' dir='ltr' id='par_1_52' title="bbox 249 3391 1860 3473">
     <span class='ocr_line' id='line_1_52' title="bbox 249 3391 1860 3473; baseline 0.004 -29"><span class='ocrx_word' id='word_1_371' title='bbox 249 3391 341 3444; x_wconf 67' lang='grc' dir='ltr'>οὐκ</span> <span class='ocrx_word' id='word_1_372' title='bbox 420 3392 677 3468; x_wconf 79' lang='grc' dir='ltr'>ἔπραξεν·</span> <span class='ocrx_word' id='word_1_373' title='bbox 741 3393 935 3467; x_wconf 73' lang='grc' dir='ltr'>ἀγαθά.</span> <span class='ocrx_word' id='word_1_374' title='bbox 1011 3395 1276 3450; x_wconf 83' lang='grc' dir='ltr'>Ἐκκλινον</span> <span class='ocrx_word' id='word_1_375' title='bbox 1333 3399 1458 3473; x_wconf 79' lang='grc' dir='ltr'>γὰρ,</span> <span class='ocrx_word' id='word_1_376' title='bbox 1516 3401 1692 3470; x_wconf 76' lang='grc' dir='ltr'>φησὶν,</span> <span class='ocrx_word' id='word_1_377' title='bbox 1760 3395 1860 3451; x_wconf 79' lang='grc' dir='ltr'>ἀπὸ</span> 
     </span>
    </p>
   </div>
   <div class='ocr_carea' id='block_1_53' title="bbox 247 3485 1862 3560">
    <p class='ocr_par' dir='ltr' id='par_1_53' title="bbox 247 3485 1862 3560">
     <span class='ocr_line' id='line_1_53' title="bbox 247 3485 1862 3560; baseline 0.005 -27"><span class='ocrx_word' id='word_1_378' title='bbox 247 3489 434 3549; x_wconf 83' lang='grc' dir='ltr'>κακοῦ,</span> <span class='ocrx_word' id='word_1_379' title='bbox 529 3487 621 3536; x_wconf 80' lang='grc' dir='ltr'>καὶ</span> <span class='ocrx_word' id='word_1_380' title='bbox 703 3489 925 3544; x_wconf 85' lang='grc' dir='ltr'>ποίησον</span> <span class='ocrx_word' id='word_1_381' title='bbox 1018 3485 1233 3559; x_wconf 75' lang='grc' dir='ltr'>ἀγαθόν.</span> <span class='ocrx_word' id='word_1_382' title='bbox 1317 3485 1380 3539; x_wconf 88' lang='grc' dir='ltr'><em>Ἡ</em></span> <span class='ocrx_word' id='word_1_383' title='bbox 1469 3490 1643 3560; x_wconf 81' lang='grc' dir='ltr'>μέντοι</span> <span class='ocrx_word' id='word_1_384' title='bbox 1727 3491 1862 3541; x_wconf 83' lang='grc' dir='ltr'>κατά</span> 
     </span>
    </p>
   </div>
   <div class='ocr_carea' id='block_1_54' title="bbox 244 3570 1858 3649">
    <p class='ocr_par' dir='ltr' id='par_1_54' title="bbox 244 3570 1858 3649">
     <span class='ocr_line' id='line_1_54' title="bbox 244 3570 1858 3649; baseline 0.003 -26"><span class='ocrx_word' id='word_1_385' title='bbox 244 3574 302 3624; x_wconf 84' lang='grc' dir='ltr'>τό</span> <span class='ocrx_word' id='word_1_386' title='bbox 361 3570 646 3635; x_wconf 75' lang='grc' dir='ltr'>ἑξηκοστὸν</span> <span class='ocrx_word' id='word_1_387' title='bbox 699 3570 920 3648; x_wconf 77' lang='grc' dir='ltr'>ἕϐδομον</span> <span class='ocrx_word' id='word_1_388' title='bbox 988 3576 1262 3649; x_wconf 70' lang='grc' dir='ltr'>κεφάλαιον</span> <span class='ocrx_word' id='word_1_389' title='bbox 1337 3584 1429 3629; x_wconf 80' lang='grc' dir='ltr'>τοῦ</span> <span class='ocrx_word' id='word_1_390' title='bbox 1501 3582 1683 3631; x_wconf 86' lang='grc' dir='ltr'>Λουκᾶ</span> <span class='ocrx_word' id='word_1_391' title='bbox 1758 3586 1858 3631; x_wconf 82' lang='grc' dir='ltr'>τῶν</span> 
     </span>
    </p>
   </div>
   <div class='ocr_carea' id='block_1_55' title="bbox 248 3657 1854 3742">
    <p class='ocr_par' dir='ltr' id='par_1_55' title="bbox 248 3657 1854 3742">
     <span class='ocr_line' id='line_1_55' title="bbox 248 3657 1854 3742; baseline 0.003 -27"><span class='ocrx_word' id='word_1_392' title='bbox 248 3657 378 3715; x_wconf 82' lang='grc' dir='ltr'>δέκα</span> <span class='ocrx_word' id='word_1_393' title='bbox 449 3670 587 3735; x_wconf 88' lang='grc' dir='ltr'>μνῶν</span> <span class='ocrx_word' id='word_1_394' title='bbox 662 3663 931 3737; x_wconf 78' lang='grc' dir='ltr'>παραϐολὴ</span> <span class='ocrx_word' id='word_1_395' title='bbox 997 3665 1143 3739; x_wconf 82' lang='grc' dir='ltr'>ἑτέρα</span> <span class='ocrx_word' id='word_1_396' title='bbox 1201 3668 1345 3742; x_wconf 87' lang='grc' dir='ltr'>παρά</span> <span class='ocrx_word' id='word_1_397' title='bbox 1421 3669 1612 3725; x_wconf 80' lang='grc' dir='ltr'>ταύτην</span> <span class='ocrx_word' id='word_1_398' title='bbox 1694 3666 1854 3736; x_wconf 82' lang='grc' dir='ltr'>ἐστὶν,</span> 
     </span>
    </p>
   </div>
   <div class='ocr_carea' id='block_1_56' title="bbox 247 3749 1857 3833">
    <p class='ocr_par' dir='ltr' id='par_1_56' title="bbox 247 3749 1857 3833">
     <span class='ocr_line' id='line_1_56' title="bbox 247 3749 1857 3833; baseline 0.004 -29"><span class='ocrx_word' id='word_1_399' title='bbox 247 3749 408 3804; x_wconf 76' lang='grc' dir='ltr'>εἶκαὶ</span> <span class='ocrx_word' id='word_1_400' title='bbox 437 3753 691 3806; x_wconf 80' lang='grc' dir='ltr'>τὰπολλὰ</span> <span class='ocrx_word' id='word_1_401' title='bbox 718 3756 897 3808; x_wconf 82' lang='grc' dir='ltr'>ἔοικεν.</span> <span class='ocrx_word' id='word_1_402' title='bbox 952 3754 1032 3810; x_wconf 83' lang='grc' dir='ltr'>Ἐν</span> <span class='ocrx_word' id='word_1_403' title='bbox 1083 3755 1247 3830; x_wconf 75' lang='grc' dir='ltr'>ἐκείνη</span> <span class='ocrx_word' id='word_1_404' title='bbox 1290 3759 1390 3833; x_wconf 76' lang='grc' dir='ltr'>γὰρ</span> <span class='ocrx_word' id='word_1_405' title='bbox 1433 3759 1488 3811; x_wconf 81' lang='grc' dir='ltr'>αἱ</span> <span class='ocrx_word' id='word_1_406' title='bbox 1539 3754 1711 3820; x_wconf 84' lang='grc' dir='ltr'>δόσεις</span> <span class='ocrx_word' id='word_1_407' title='bbox 1767 3762 1857 3832; x_wconf 73' lang='grc' dir='ltr'>μὶν</span> 
     </span>
    </p>
   </div>
   <div class='ocr_carea' id='block_1_57' title="bbox 242 3839 1354 3916">
    <p class='ocr_par' dir='ltr' id='par_1_57' title="bbox 242 3839 1354 3916">
     <span class='ocr_line' id='line_1_57' title="bbox 242 3839 1354 3916; baseline 0.005 -24"><span class='ocrx_word' id='word_1_408' title='bbox 242 3845 378 3907; x_wconf 84' lang='grc' dir='ltr'>ἶσαι,</span> <span class='ocrx_word' id='word_1_409' title='bbox 413 3845 476 3894; x_wconf 81' lang='grc' dir='ltr'>τά</span> <span class='ocrx_word' id='word_1_410' title='bbox 506 3839 669 3916; x_wconf 86' lang='grc' dir='ltr'>κέρδη</span> <span class='ocrx_word' id='word_1_411' title='bbox 705 3840 765 3897; x_wconf 67' lang='grc' dir='ltr'>δὲ</span> <span class='ocrx_word' id='word_1_412' title='bbox 795 3845 953 3898; x_wconf 81' lang='grc' dir='ltr'>ἄνισα</span> <span class='ocrx_word' id='word_1_413' title='bbox 982 3851 1071 3899; x_wconf 85' lang='grc' dir='ltr'>καὶ</span> <span class='ocrx_word' id='word_1_414' title='bbox 1100 3847 1154 3899; x_wconf 80' lang='grc' dir='ltr'>αἱ</span> <span class='ocrx_word' id='word_1_415' title='bbox 1183 3851 1354 3911; x_wconf 77' lang='grc' dir='ltr'>τιμαί.</span> 
     </span>
    </p>
   </div>
   <div class='ocr_carea' id='block_1_58' title="bbox 313 3930 1856 4013">
    <p class='ocr_par' dir='ltr' id='par_1_58' title="bbox 313 3930 1856 4013">
     <span class='ocr_line' id='line_1_58' title="bbox 313 3930 1856 4013; baseline 0.003 -27"><span class='ocrx_word' id='word_1_416' title='bbox 313 3930 492 4006; x_wconf 81' lang='grc' dir='ltr'>[Διότι</span> <span class='ocrx_word' id='word_1_417' title='bbox 526 3933 641 4006; x_wconf 81' lang='grc'>(62)</span> <span class='ocrx_word' id='word_1_418' title='bbox 680 3933 813 3993; x_wconf 75' lang='grc' dir='ltr'>αὕτη</span> <span class='ocrx_word' id='word_1_419' title='bbox 855 3937 944 4008; x_wconf 63' lang='grc' dir='ltr'>μὲν</span> <span class='ocrx_word' id='word_1_420' title='bbox 971 3940 1089 4010; x_wconf 82' lang='grc' dir='ltr'>περὶ</span> <span class='ocrx_word' id='word_1_421' title='bbox 1145 3933 1410 4013; x_wconf 77' lang='grc' dir='ltr'>διαφόρων</span> <span class='ocrx_word' id='word_1_422' title='bbox 1460 3934 1856 3991; x_wconf 70' lang='grc' dir='ltr'>διδασκαλικῶν</span> 
     </span>
    </p>
   </div>
   <div class='ocr_carea' id='block_1_59' title="bbox 238 4019 1855 4100">
    <p class='ocr_par' dir='ltr' id='par_1_59' title="bbox 238 4019 1855 4100">
     <span class='ocr_line' id='line_1_59' title="bbox 238 4019 1855 4100; baseline 0.006 -27"><span class='ocrx_word' id='word_1_423' title='bbox 238 4023 601 4096; x_wconf 75' lang='grc' dir='ltr'>χαρισμάτων</span> <span class='ocrx_word' id='word_1_424' title='bbox 677 4019 1040 4098; x_wconf 72' lang='grc' dir='ltr'>διαλαμϐάνει,</span> <span class='ocrx_word' id='word_1_425' title='bbox 1115 4030 1184 4099; x_wconf 79' lang='grc' dir='ltr'>μὴ</span> <span class='ocrx_word' id='word_1_426' title='bbox 1262 4023 1550 4100; x_wconf 81' lang='grc' dir='ltr'>διδομένων</span> <span class='ocrx_word' id='word_1_427' title='bbox 1626 4026 1855 4093; x_wconf 74' lang='grc' dir='ltr'>ἔπίσης⁶</span> 
     </span>
    </p>
   </div>
   <div class='ocr_carea' id='block_1_60' title="bbox 241 4107 1543 4196">
    <p class='ocr_par' dir='ltr' id='par_1_60' title="bbox 241 4107 1543 4196">
     <span class='ocr_line' id='line_1_60' title="bbox 241 4107 1543 4196; baseline 0.006 -32"><span class='ocrx_word' id='word_1_428' title='bbox 241 4109 409 4170; x_wconf 72' lang='grc' dir='ltr'>ἐκείνη</span> <span class='ocrx_word' id='word_1_429' title='bbox 438 4107 499 4166; x_wconf 76' lang='grc' dir='ltr'>δε</span> <span class='ocrx_word' id='word_1_430' title='bbox 532 4117 648 4188; x_wconf 83' lang='grc' dir='ltr'>περὶ</span> <span class='ocrx_word' id='word_1_431' title='bbox 677 4109 942 4189; x_wconf 75' lang='grc' dir='ltr'>διαφόρων</span> <span class='ocrx_word' id='word_1_432' title='bbox 973 4111 1262 4190; x_wconf 75' lang='grc' dir='ltr'>διδομένων</span> <span class='ocrx_word' id='word_1_433' title='bbox 1295 4115 1543 4196; x_wconf 84' lang='grc' dir='ltr'>έπίσης.]</span> 
     </span>
    </p>
   </div>
   <div class='ocr_carea' id='block_1_61' title="bbox 317 4244 468 4293">
    <p class='ocr_par' dir='ltr' id='par_1_61' title="bbox 317 4244 468 4293">
     <span class='ocr_line' id='line_1_61' title="bbox 317 4244 468 4293; baseline 0.007 -1"><span class='ocrx_word' id='word_1_434' title='bbox 317 4244 468 4293; x_wconf 71' lang='grc' dir='ltr'>ΚΕΦ.</span> 
     </span>
    </p>
   </div>
   <div class='ocr_carea' id='block_1_62' title="bbox 313 4346 1859 4424">
    <p class='ocr_par' dir='ltr' id='par_1_62' title="bbox 313 4346 1859 4424">
     <span class='ocr_line' id='line_1_62' title="bbox 313 4346 1859 4424; baseline 0.006 -27"><span class='ocrx_word' id='word_1_435' title='bbox 313 4351 476 4398; x_wconf 89' lang='grc' dir='ltr'>Ὅταν</span> <span class='ocrx_word' id='word_1_436' title='bbox 515 4377 584 4388; x_wconf 89' lang='lat'><strong>—</strong></span> <span class='ocrx_word' id='word_1_437' title='bbox 616 4346 796 4405; x_wconf 72' lang='grc' dir='ltr'>αὐτοῦ.</span> <span class='ocrx_word' id='word_1_438' title='bbox 831 4353 1028 4404; x_wconf 86' lang='grc' dir='ltr'>Λοιπὸν</span> <span class='ocrx_word' id='word_1_439' title='bbox 1069 4347 1336 4424; x_wconf 70' lang='grc' dir='ltr'>διηγεῖται</span> <span class='ocrx_word' id='word_1_440' title='bbox 1382 4357 1471 4406; x_wconf 84' lang='grc' dir='ltr'>καὶ</span> <span class='ocrx_word' id='word_1_441' title='bbox 1513 4355 1579 4406; x_wconf 81' lang='grc' dir='ltr'>τὰ</span> <span class='ocrx_word' id='word_1_442' title='bbox 1607 4362 1702 4416; x_wconf 84' lang='grc' dir='ltr'>τῆς</span> <span class='ocrx_word' id='word_1_443' title='bbox 1740 4351 1859 4407; x_wconf 85' lang='grc' dir='ltr'>δεν-</span> 
     </span>
    </p>
   </div>
   <div class='ocr_carea' id='block_1_63' title="bbox 243 4438 1857 4518">
    <p class='ocr_par' dir='ltr' id='par_1_63' title="bbox 243 4438 1857 4518">
     <span class='ocr_line' id='line_1_63' title="bbox 243 4438 1857 4518; baseline 0.006 -31"><span class='ocrx_word' id='word_1_444' title='bbox 243 4438 398 4508; x_wconf 80' lang='grc' dir='ltr'>τέρας</span> <span class='ocrx_word' id='word_1_445' title='bbox 465 4443 759 4510; x_wconf 85' lang='grc' dir='ltr'>παρουσίας</span> <span class='ocrx_word' id='word_1_446' title='bbox 813 4439 973 4493; x_wconf 69' lang='grc' dir='ltr'>αὐτοῦ</span> <span class='ocrx_word' id='word_1_447' title='bbox 1030 4445 1158 4514; x_wconf 81' lang='grc' dir='ltr'>πρὸς</span> <span class='ocrx_word' id='word_1_448' title='bbox 1213 4441 1367 4514; x_wconf 77' lang='grc' dir='ltr'>φόϐον</span> <span class='ocrx_word' id='word_1_449' title='bbox 1423 4448 1514 4496; x_wconf 87' lang='grc' dir='ltr'>καὶ</span> <span class='ocrx_word' id='word_1_450' title='bbox 1572 4439 1857 4518; x_wconf 87' lang='grc' dir='ltr'>διόρθωσιν</span> 
     </span>
    </p>
   </div>
   <div class='ocr_carea' id='block_1_64' title="bbox 243 4523 1859 4610">
    <p class='ocr_par' dir='ltr' id='par_1_64' title="bbox 243 4523 1859 4610">
     <span class='ocr_line' id='line_1_64' title="bbox 243 4523 1859 4610; baseline 0.007 -32"><span class='ocrx_word' id='word_1_451' title='bbox 243 4533 342 4578; x_wconf 84' lang='grc' dir='ltr'>τῶν</span> <span class='ocrx_word' id='word_1_452' title='bbox 372 4523 729 4600; x_wconf 85' lang='grc' dir='ltr'>ἀκροωμένων.</span> <span class='ocrx_word' id='word_1_453' title='bbox 767 4529 926 4593; x_wconf 84' lang='grc' dir='ltr'>Δόξαν</span> <span class='ocrx_word' id='word_1_454' title='bbox 958 4527 1018 4585; x_wconf 64' lang='grc' dir='ltr'>δὲ</span> <span class='ocrx_word' id='word_1_455' title='bbox 1049 4531 1210 4584; x_wconf 72' lang='grc' dir='ltr'>αὐτοῦ</span> <span class='ocrx_word' id='word_1_456' title='bbox 1256 4531 1389 4605; x_wconf 78' lang='grc' dir='ltr'>λέγει</span> <span class='ocrx_word' id='word_1_457' title='bbox 1445 4538 1538 4593; x_wconf 78' lang='grc' dir='ltr'>τὴν</span> <span class='ocrx_word' id='word_1_458' title='bbox 1591 4536 1859 4610; x_wconf 81' lang='grc' dir='ltr'>θεοπρεπε-</span> 
     </span>
    </p>
   </div>
   <div class='ocr_carea' id='block_1_65' title="bbox 245 4615 1860 4698">
    <p class='ocr_par' dir='ltr' id='par_1_65' title="bbox 245 4615 1860 4698">
     <span class='ocr_line' id='line_1_65' title="bbox 245 4615 1860 4698; baseline 0.007 -30"><span class='ocrx_word' id='word_1_459' title='bbox 245 4618 464 4674; x_wconf 76' lang='grc' dir='ltr'>στεὶτην.</span> <span class='ocrx_word' id='word_1_460' title='bbox 508 4615 565 4671; x_wconf 84' lang='grc' dir='ltr'>Ἡ</span> <span class='ocrx_word' id='word_1_461' title='bbox 605 4624 785 4693; x_wconf 82' lang='grc' dir='ltr'>πρώτη</span> <span class='ocrx_word' id='word_1_462' title='bbox 834 4623 935 4695; x_wconf 75' lang='grc' dir='ltr'>γὰρ</span> <span class='ocrx_word' id='word_1_463' title='bbox 985 4621 1147 4674; x_wconf 76' lang='grc' dir='ltr'>αὐτοῦ</span> <span class='ocrx_word' id='word_1_464' title='bbox 1193 4625 1394 4686; x_wconf 52' lang='grc' dir='ltr'>ἔκδυσις</span> <span class='ocrx_word' id='word_1_465' title='bbox 1431 4624 1479 4676; x_wconf 85' lang='grc' dir='ltr'>ἐν</span> <span class='ocrx_word' id='word_1_466' title='bbox 1531 4621 1722 4697; x_wconf 81' lang='grc' dir='ltr'>ἀδοξίᾳ</span> <span class='ocrx_word' id='word_1_467' title='bbox 1771 4631 1860 4698; x_wconf 79' lang='grc' dir='ltr'>γέ-</span> 
     </span>
    </p>
   </div>
   <div class='ocr_carea' id='block_1_66' title="bbox 239 4705 1856 4787">
    <p class='ocr_par' dir='ltr' id='par_1_66' title="bbox 239 4705 1856 4787">
     <span class='ocr_line' id='line_1_66' title="bbox 239 4705 1856 4787; baseline 0.007 -29"><span class='ocrx_word' id='word_1_468' title='bbox 239 4725 378 4776; x_wconf 71' lang='grc' dir='ltr'>γονε.</span> <span class='ocrx_word' id='word_1_469' title='bbox 428 4708 647 4761; x_wconf 78' lang='grc' dir='ltr'>Καθίσει</span> <span class='ocrx_word' id='word_1_470' title='bbox 683 4705 762 4776; x_wconf 78' lang='grc' dir='ltr'>δε,</span> <span class='ocrx_word' id='word_1_471' title='bbox 813 4712 882 4773; x_wconf 86' lang='grc' dir='ltr'>ὡς</span> <span class='ocrx_word' id='word_1_472' title='bbox 918 4717 1104 4787; x_wconf 80' lang='grc' dir='ltr'>κριτής</span> <span class='ocrx_word' id='word_1_473' title='bbox 1132 4727 1144 4742; x_wconf 89' lang='lat'><strong>&#39;</strong></span> <span class='ocrx_word' id='word_1_474' title='bbox 1177 4713 1352 4787; x_wconf 86' lang='grc' dir='ltr'>θρόνος</span> <span class='ocrx_word' id='word_1_475' title='bbox 1405 4710 1464 4767; x_wconf 68' lang='grc' dir='ltr'>δὲ</span> <span class='ocrx_word' id='word_1_476' title='bbox 1519 4710 1680 4780; x_wconf 82' lang='grc' dir='ltr'>δόξης</span> <span class='ocrx_word' id='word_1_477' title='bbox 1729 4717 1754 4768; x_wconf 86' lang='grc' dir='ltr'>ὁ</span> <span class='ocrx_word' id='word_1_478' title='bbox 1785 4719 1856 4770; x_wconf 84' lang='grc' dir='ltr'>ἔν-</span> 
     </span>
    </p>
   </div>
   <div class='ocr_carea' id='block_1_67' title="bbox 241 4791 816 4870">
    <p class='ocr_par' dir='ltr' id='par_1_67' title="bbox 241 4791 816 4870">
     <span class='ocr_line' id='line_1_67' title="bbox 241 4791 816 4870; baseline 0.012 -23"><span class='ocrx_word' id='word_1_479' title='bbox 241 4791 367 4860; x_wconf 79' lang='grc' dir='ltr'>δοξο</span> <span class='ocrx_word' id='word_1_480' title='bbox 378 4816 420 4865; x_wconf 92' lang='grc' dir='ltr'>ς,</span> <span class='ocrx_word' id='word_1_481' title='bbox 453 4797 479 4850; x_wconf 90' lang='grc' dir='ltr'>ό</span> <span class='ocrx_word' id='word_1_482' title='bbox 519 4796 816 4870; x_wconf 85' lang='grc' dir='ltr'>βασιλικός.</span> 
     </span>
    </p>
   </div>
   <div class='ocr_carea' id='block_1_68' title="bbox 555 4239 1853 4319">
    <p class='ocr_par' dir='ltr' id='par_1_68' title="bbox 555 4239 1853 4319">
     <span class='ocr_line' id='line_1_68' title="bbox 555 4239 1853 4319; baseline 0.008 -28"><span class='ocrx_word' id='word_1_483' title='bbox 555 4239 679 4295; x_wconf 83' lang='grc' dir='ltr'>ΞΑ’.</span> <span class='ocrx_word' id='word_1_484' title='bbox 740 4244 866 4315; x_wconf 83' lang='grc' dir='ltr'>Περὶ</span> <span class='ocrx_word' id='word_1_485' title='bbox 940 4249 1036 4304; x_wconf 82' lang='grc' dir='ltr'>τῆς</span> <span class='ocrx_word' id='word_1_486' title='bbox 1106 4241 1346 4306; x_wconf 76' lang='grc' dir='ltr'>ἐλεύσεως</span> <span class='ocrx_word' id='word_1_487' title='bbox 1430 4252 1521 4298; x_wconf 73' lang='grc' dir='ltr'>τοῦ</span> <span class='ocrx_word' id='word_1_488' title='bbox 1597 4251 1853 4319; x_wconf 78' lang='grc' dir='ltr'>Χριστοῦ.</span> 
     </span>
    </p>
   </div>
   <div class='ocr_carea' id='block_1_69' title="bbox 315 5013 1848 5097">
    <p class='ocr_par' dir='ltr' id='par_1_69' title="bbox 315 5013 1848 5097">
     <span class='ocr_line' id='line_1_69' title="bbox 315 5013 1848 5097; baseline 0.007 -32"><span class='ocrx_word' id='word_1_489' title='bbox 315 5015 420 5066; x_wconf 77' lang='grc' dir='ltr'>Καὶ</span> <span class='ocrx_word' id='word_1_490' title='bbox 472 5043 540 5055; x_wconf 88' lang='grc'><strong><em>-</em></strong></span> <span class='ocrx_word' id='word_1_491' title='bbox 604 5015 744 5076; x_wconf 74' lang='grc' dir='ltr'>ἔθνη.</span> <span class='ocrx_word' id='word_1_492' title='bbox 819 5015 1147 5072; x_wconf 82' lang='grc' dir='ltr'>Ἀναστάντα</span> <span class='ocrx_word' id='word_1_493' title='bbox 1228 5013 1437 5079; x_wconf 83' lang='grc' dir='ltr'>δηλαδὴ</span> <span class='ocrx_word' id='word_1_494' title='bbox 1512 5017 1567 5073; x_wconf 74' lang='grc' dir='ltr'>ἐκ</span> <span class='ocrx_word' id='word_1_495' title='bbox 1641 5029 1848 5097; x_wconf 83' lang='grc' dir='ltr'>νεκρῶν.</span> 
     </span>
    </p>
   </div>
   <div class='ocr_carea' id='block_1_70' title="bbox 243 5102 1855 5184">
    <p class='ocr_par' dir='ltr' id='par_1_70' title="bbox 243 5102 1855 5184">
     <span class='ocr_line' id='line_1_70' title="bbox 243 5102 1855 5184; baseline 0.006 -28"><span class='ocrx_word' id='word_1_496' title='bbox 243 5107 531 5176; x_wconf 86' lang='grc' dir='ltr'>Προείρηκε</span> <span class='ocrx_word' id='word_1_497' title='bbox 604 5107 706 5182; x_wconf 74' lang='grc' dir='ltr'>γὰρ</span> <span class='ocrx_word' id='word_1_498' title='bbox 798 5102 1062 5184; x_wconf 71' lang='grc' dir='ltr'>διαφόρως</span> <span class='ocrx_word' id='word_1_499' title='bbox 1150 5112 1268 5184; x_wconf 83' lang='grc' dir='ltr'>περὶ</span> <span class='ocrx_word' id='word_1_500' title='bbox 1351 5118 1448 5173; x_wconf 85' lang='grc' dir='ltr'>τῆς</span> <span class='ocrx_word' id='word_1_501' title='bbox 1519 5107 1855 5178; x_wconf 82' lang='grc' dir='ltr'>ἀναστάσεως</span> 
     </span>
    </p>
   </div>
   <div class='ocr_carea' id='block_1_71' title="bbox 243 5192 662 5268">
    <p class='ocr_par' dir='ltr' id='par_1_71' title="bbox 243 5192 662 5268">
     <span class='ocr_line' id='line_1_71' title="bbox 243 5192 662 5268; baseline 0.017 -24"><span class='ocrx_word' id='word_1_502' title='bbox 243 5192 405 5246; x_wconf 70' lang='grc' dir='ltr'>αὐτοῦ</span> <span class='ocrx_word' id='word_1_503' title='bbox 433 5193 662 5268; x_wconf 79' lang='grc'>(63-68).</span> 
     </span>
    </p>
   </div>
   <div class='ocr_carea' id='block_1_72' title="bbox 314 5283 1848 5366">
    <p class='ocr_par' dir='ltr' id='par_1_72' title="bbox 314 5283 1848 5366">
     <span class='ocr_line' id='line_1_72' title="bbox 314 5283 1848 5366; baseline 0.008 -29"><span class='ocrx_word' id='word_1_504' title='bbox 314 5287 419 5338; x_wconf 75' lang='grc' dir='ltr'>Καὶ</span> <span class='ocrx_word' id='word_1_505' title='bbox 463 5316 532 5327; x_wconf 89' lang='grc'><strong><em>-</em></strong></span> <span class='ocrx_word' id='word_1_506' title='bbox 561 5283 766 5362; x_wconf 72' lang='grc' dir='ltr'>ὶρίφων.</span> <span class='ocrx_word' id='word_1_507' title='bbox 817 5293 925 5342; x_wconf 79' lang='grc' dir='ltr'>Νῦν</span> <span class='ocrx_word' id='word_1_508' title='bbox 968 5289 1058 5362; x_wconf 70' lang='grc' dir='ltr'>μὶν</span> <span class='ocrx_word' id='word_1_509' title='bbox 1096 5290 1198 5366; x_wconf 74' lang='grc' dir='ltr'>γὰρ</span> <span class='ocrx_word' id='word_1_510' title='bbox 1232 5287 1427 5366; x_wconf 84' lang='grc' dir='ltr'>ἀναμίξ</span> <span class='ocrx_word' id='word_1_511' title='bbox 1473 5290 1576 5348; x_wconf 74' lang='lat' dir='ltr'>clm</span> <span class='ocrx_word' id='word_1_512' title='bbox 1632 5294 1848 5360; x_wconf 79' lang='grc' dir='ltr'>πάντεςο</span> 
     </span>
    </p>
   </div>
   <div class='ocr_carea' id='block_1_73' title="bbox 307 5437 1436 5517">
    <p class='ocr_par' dir='ltr' id='par_1_73' title="bbox 307 5437 1436 5517">
     <span class='ocr_line' id='line_1_73' title="bbox 307 5437 1436 5517; baseline 0.007 -22"><span class='ocrx_word' id='word_1_513' title='bbox 307 5438 359 5480; x_wconf 73' lang='grc'>⁷⁸</span> <span class='ocrx_word' id='word_1_514' title='bbox 401 5437 554 5501; x_wconf 80' lang='grc' dir='ltr'>Ρειιι.</span> <span class='ocrx_word' id='word_1_515' title='bbox 586 5455 788 5502; x_wconf 88' lang='grc' dir='ltr'>χχχιιι.</span> <span class='ocrx_word' id='word_1_516' title='bbox 825 5443 911 5501; x_wconf 81' lang='lat' dir='ltr'>l5.</span> <span class='ocrx_word' id='word_1_517' title='bbox 943 5444 988 5482; x_wconf 80' lang='grc'><strong>⁷⁷</strong></span> <span class='ocrx_word' id='word_1_518' title='bbox 1033 5444 1172 5504; x_wconf 87' lang='lat' dir='ltr'>Luc.</span> <span class='ocrx_word' id='word_1_519' title='bbox 1203 5461 1318 5517; x_wconf 78' lang='lat' dir='ltr'>xix,</span> <span class='ocrx_word' id='word_1_520' title='bbox 1347 5445 1436 5505; x_wconf 84' lang='grc'>13.</span> 
     </span>
    </p>
   </div>
   <div class='ocr_carea' id='block_1_74' title="bbox 1977 1951 3638 2026">
    <p class='ocr_par' dir='ltr' id='par_1_74' title="bbox 1977 1951 3638 2026">
     <span class='ocr_line' id='line_1_74' title="bbox 1977 1951 3638 2026; baseline -0.002 -16"><span class='ocrx_word' id='word_1_521' title='bbox 1977 1955 2230 2010; x_wconf 88' lang='lat' dir='ltr'>Usuram</span> <span class='ocrx_word' id='word_1_522' title='bbox 2274 1954 2501 2010; x_wconf 87' lang='lat' dir='ltr'>vocavit</span> <span class='ocrx_word' id='word_1_523' title='bbox 2546 1952 2893 2026; x_wconf 89' lang='lat' dir='ltr'>simpliciter</span> <span class='ocrx_word' id='word_1_524' title='bbox 2941 1967 3120 2010; x_wconf 90' lang='lat' dir='ltr'>omne</span> <span class='ocrx_word' id='word_1_525' title='bbox 3169 1951 3424 2016; x_wconf 90' lang='lat' dir='ltr'>lucrum,</span> <span class='ocrx_word' id='word_1_526' title='bbox 3475 1965 3638 2007; x_wconf 87' lang='lat' dir='ltr'>more</span> 
     </span>
    </p>
   </div>
   <div class='ocr_carea' id='block_1_75' title="bbox 1975 2043 2490 2100">
    <p class='ocr_par' dir='ltr' id='par_1_75' title="bbox 1975 2043 2490 2100">
     <span class='ocr_line' id='line_1_75' title="bbox 1975 2043 2490 2100; baseline -0.002 0"><span class='ocrx_word' id='word_1_527' title='bbox 1975 2043 2278 2100; x_wconf 89' lang='lat' dir='ltr'>communi</span> <span class='ocrx_word' id='word_1_528' title='bbox 2300 2048 2490 2100; x_wconf 87' lang='lat' dir='ltr'>utens.</span> 
     </span>
    </p>
   </div>
   <div class='ocr_carea' id='block_1_76' title="bbox 2047 2149 3636 2209">
    <p class='ocr_par' dir='ltr' id='par_1_76' title="bbox 2047 2149 3636 2209">
     <span class='ocr_line' id='line_1_76' title="bbox 2047 2149 3636 2209; baseline -0.002 0"><span class='ocrx_word' id='word_1_529' title='bbox 2047 2154 2208 2209; x_wconf 90' lang='lat' dir='ltr'>Vers.</span> <span class='ocrx_word' id='word_1_530' title='bbox 2265 2151 2354 2208; x_wconf 81' lang='lat'>‘28.</span> <span class='ocrx_word' id='word_1_531' title='bbox 2409 2151 2606 2209; x_wconf 82' lang='lat' dir='ltr'>Tollite</span> <span class='ocrx_word' id='word_1_532' title='bbox 2631 2183 2700 2192; x_wconf 95' lang='lat'>—</span> <span class='ocrx_word' id='word_1_533' title='bbox 2730 2153 2894 2208; x_wconf 89' lang='lat' dir='ltr'>Vers.</span> <span class='ocrx_word' id='word_1_534' title='bbox 2925 2154 3013 2207; x_wconf 80' lang='lat'>29.</span> <span class='ocrx_word' id='word_1_535' title='bbox 3048 2150 3116 2208; x_wconf 89' lang='lat' dir='ltr'>ab</span> <span class='ocrx_word' id='word_1_536' title='bbox 3147 2166 3230 2208; x_wconf 92' lang='lat' dir='ltr'>eo.</span> <span class='ocrx_word' id='word_1_537' title='bbox 3263 2149 3446 2205; x_wconf 87' lang='lat' dir='ltr'>Jussit</span> <span class='ocrx_word' id='word_1_538' title='bbox 3497 2165 3636 2206; x_wconf 90' lang='lat' dir='ltr'>eum</span> 
     </span>
    </p>
   </div>
   <div class='ocr_carea' id='block_1_77' title="bbox 1974 2241 3634 2310">
    <p class='ocr_par' dir='ltr' id='par_1_77' title="bbox 1974 2241 3634 2310">
     <span class='ocr_line' id='line_1_77' title="bbox 1974 2241 3634 2310; baseline -0.002 -10"><span class='ocrx_word' id='word_1_539' title='bbox 1974 2243 2188 2301; x_wconf 86' lang='lat' dir='ltr'>nudari</span> <span class='ocrx_word' id='word_1_540' title='bbox 2220 2243 2506 2300; x_wconf 64' lang='lat' dir='ltr'>doctrinae</span> <span class='ocrx_word' id='word_1_541' title='bbox 2536 2243 2697 2300; x_wconf 92' lang='lat' dir='ltr'>dono</span> <span class='ocrx_word' id='word_1_542' title='bbox 2727 2259 2741 2310; x_wconf 90' lang='lat'><strong>;</strong></span> <span class='ocrx_word' id='word_1_543' title='bbox 2772 2242 2885 2298; x_wconf 88' lang='lat' dir='ltr'>hoc</span> <span class='ocrx_word' id='word_1_544' title='bbox 2916 2243 3074 2298; x_wconf 87' lang='lat' dir='ltr'>enim</span> <span class='ocrx_word' id='word_1_545' title='bbox 3107 2241 3257 2298; x_wconf 87' lang='lat' dir='ltr'>dixit</span> <span class='ocrx_word' id='word_1_546' title='bbox 3295 2241 3583 2297; x_wconf 88' lang='lat' dir='ltr'>talentum</span> <span class='ocrx_word' id='word_1_547' title='bbox 3620 2255 3634 2308; x_wconf 92' lang='lat'><strong>;</strong></span> 
     </span>
    </p>
   </div>
   <div class='ocr_carea' id='block_1_78' title="bbox 1971 2330 3637 2404">
    <p class='ocr_par' dir='ltr' id='par_1_78' title="bbox 1971 2330 3637 2404">
     <span class='ocr_line' id='line_1_78' title="bbox 1971 2330 3637 2404; baseline -0.002 -14"><span class='ocrx_word' id='word_1_548' title='bbox 1971 2339 2026 2391; x_wconf 92' lang='lat' dir='ltr'>et</span> <span class='ocrx_word' id='word_1_549' title='bbox 2051 2334 2342 2390; x_wconf 86' lang='lat' dir='ltr'>honorem</span> <span class='ocrx_word' id='word_1_550' title='bbox 2373 2333 2536 2390; x_wconf 89' lang='lat' dir='ltr'>hunc</span> <span class='ocrx_word' id='word_1_551' title='bbox 2573 2333 2634 2390; x_wconf 90' lang='lat' dir='ltr'>in</span> <span class='ocrx_word' id='word_1_552' title='bbox 2675 2332 3044 2390; x_wconf 89' lang='lat' dir='ltr'>additionem</span> <span class='ocrx_word' id='word_1_553' title='bbox 3074 2332 3205 2388; x_wconf 90' lang='lat' dir='ltr'>dari</span> <span class='ocrx_word' id='word_1_554' title='bbox 3238 2332 3286 2387; x_wconf 91' lang='lat' dir='ltr'>ei</span> <span class='ocrx_word' id='word_1_555' title='bbox 3318 2332 3422 2404; x_wconf 92' lang='lat' dir='ltr'>qui</span> <span class='ocrx_word' id='word_1_556' title='bbox 3449 2330 3637 2387; x_wconf 87' lang='lat' dir='ltr'>habe-</span> 
     </span>
    </p>
   </div>
   <div class='ocr_carea' id='block_1_79' title="bbox 1971 2422 3634 2496">
    <p class='ocr_par' dir='ltr' id='par_1_79' title="bbox 1971 2422 3634 2496">
     <span class='ocr_line' id='line_1_79' title="bbox 1971 2422 3634 2496; baseline -0.002 -15"><span class='ocrx_word' id='word_1_557' title='bbox 1971 2424 2074 2482; x_wconf 89' lang='lat' dir='ltr'>bat</span> <span class='ocrx_word' id='word_1_558' title='bbox 2099 2425 2303 2481; x_wconf 90' lang='lat' dir='ltr'>decem</span> <span class='ocrx_word' id='word_1_559' title='bbox 2337 2424 2559 2481; x_wconf 89' lang='lat' dir='ltr'>talenta</span> <span class='ocrx_word' id='word_1_560' title='bbox 2592 2440 2605 2492; x_wconf 92' lang='lat'>;</span> <span class='ocrx_word' id='word_1_561' title='bbox 2639 2423 2806 2480; x_wconf 89' lang='lat' dir='ltr'>omni</span> <span class='ocrx_word' id='word_1_562' title='bbox 2838 2425 2997 2479; x_wconf 89' lang='lat' dir='ltr'>enim</span> <span class='ocrx_word' id='word_1_563' title='bbox 3030 2423 3132 2496; x_wconf 87' lang='lat' dir='ltr'>qui</span> <span class='ocrx_word' id='word_1_564' title='bbox 3169 2422 3536 2492; x_wconf 79' lang='lat' dir='ltr'>diligentiam</span> <span class='ocrx_word' id='word_1_565' title='bbox 3576 2424 3634 2479; x_wconf 88' lang='lat' dir='ltr'>et</span> 
     </span>
    </p>
   </div>
   <div class='ocr_carea' id='block_1_80' title="bbox 1970 2511 3631 2585">
    <p class='ocr_par' dir='ltr' id='par_1_80' title="bbox 1970 2511 3631 2585">
     <span class='ocr_line' id='line_1_80' title="bbox 1970 2511 3631 2585; baseline -0.002 -13"><span class='ocrx_word' id='word_1_566' title='bbox 1970 2530 2176 2572; x_wconf 88' lang='lat' dir='ltr'>curam</span> <span class='ocrx_word' id='word_1_567' title='bbox 2199 2514 2402 2582; x_wconf 89' lang='lat' dir='ltr'>habet,</span> <span class='ocrx_word' id='word_1_568' title='bbox 2436 2514 2678 2571; x_wconf 88' lang='lat' dir='ltr'>dabitur</span> <span class='ocrx_word' id='word_1_569' title='bbox 2705 2513 2920 2583; x_wconf 90' lang='lat' dir='ltr'>honor,</span> <span class='ocrx_word' id='word_1_570' title='bbox 2952 2514 3129 2570; x_wconf 91' lang='lat' dir='ltr'>etiam</span> <span class='ocrx_word' id='word_1_571' title='bbox 3157 2529 3338 2585; x_wconf 91' lang='lat' dir='ltr'>supra</span> <span class='ocrx_word' id='word_1_572' title='bbox 3361 2529 3497 2568; x_wconf 89' lang='lat' dir='ltr'>eum</span> <span class='ocrx_word' id='word_1_573' title='bbox 3526 2511 3631 2585; x_wconf 90' lang='lat' dir='ltr'>qui</span> 
     </span>
    </p>
   </div>
   <div class='ocr_carea' id='block_1_81' title="bbox 1968 2603 3628 2678">
    <p class='ocr_par' dir='ltr' id='par_1_81' title="bbox 1968 2603 3628 2678">
     <span class='ocr_line' id='line_1_81' title="bbox 1968 2603 3628 2678; baseline -0.002 -16"><span class='ocrx_word' id='word_1_574' title='bbox 1968 2605 2086 2678; x_wconf 90' lang='lat' dir='ltr'>ipsi</span> <span class='ocrx_word' id='word_1_575' title='bbox 2113 2606 2381 2678; x_wconf 89' lang='lat' dir='ltr'>adjectus</span> <span class='ocrx_word' id='word_1_576' title='bbox 2399 2610 2526 2662; x_wconf 90' lang='lat' dir='ltr'>erat</span> <span class='ocrx_word' id='word_1_577' title='bbox 2558 2624 2571 2674; x_wconf 93' lang='lat'>;</span> <span class='ocrx_word' id='word_1_578' title='bbox 2602 2604 2680 2662; x_wconf 93' lang='lat' dir='ltr'>ab</span> <span class='ocrx_word' id='word_1_579' title='bbox 2707 2621 2777 2661; x_wconf 91' lang='lat' dir='ltr'>eo</span> <span class='ocrx_word' id='word_1_580' title='bbox 2805 2621 2942 2661; x_wconf 92' lang='lat' dir='ltr'>vero</span> <span class='ocrx_word' id='word_1_581' title='bbox 2969 2605 3071 2677; x_wconf 88' lang='lat' dir='ltr'>qui</span> <span class='ocrx_word' id='word_1_582' title='bbox 3102 2603 3473 2675; x_wconf 86' lang='lat' dir='ltr'>diligentiam</span> <span class='ocrx_word' id='word_1_583' title='bbox 3503 2618 3628 2659; x_wconf 91' lang='lat' dir='ltr'>non</span> 
     </span>
    </p>
   </div>
   <div class='ocr_carea' id='block_1_82' title="bbox 1965 2694 3630 2769">
    <p class='ocr_par' dir='ltr' id='par_1_82' title="bbox 1965 2694 3630 2769">
     <span class='ocr_line' id='line_1_82' title="bbox 1965 2694 3630 2769; baseline -0.002 -15"><span class='ocrx_word' id='word_1_584' title='bbox 1965 2695 2168 2762; x_wconf 87' lang='lat' dir='ltr'>habet,</span> <span class='ocrx_word' id='word_1_585' title='bbox 2224 2700 2288 2752; x_wconf 92' lang='lat' dir='ltr'>ut</span> <span class='ocrx_word' id='word_1_586' title='bbox 2339 2695 2562 2753; x_wconf 91' lang='lat' dir='ltr'>dictum</span> <span class='ocrx_word' id='word_1_587' title='bbox 2619 2700 2726 2762; x_wconf 91' lang='lat' dir='ltr'>est,</span> <span class='ocrx_word' id='word_1_588' title='bbox 2787 2711 2982 2769; x_wconf 87' lang='lat' dir='ltr'>neque</span> <span class='ocrx_word' id='word_1_589' title='bbox 3039 2711 3270 2760; x_wconf 88' lang='lat' dir='ltr'>curam,</span> <span class='ocrx_word' id='word_1_590' title='bbox 3332 2694 3630 2751; x_wconf 90' lang='lat' dir='ltr'>auferetur</span> 
     </span>
    </p>
   </div>
   <div class='ocr_carea' id='block_1_83' title="bbox 1968 2784 3628 2859">
    <p class='ocr_par' dir='ltr' id='par_1_83' title="bbox 1968 2784 3628 2859">
     <span class='ocr_line' id='line_1_83' title="bbox 1968 2784 3628 2859; baseline 0 -17"><span class='ocrx_word' id='word_1_591' title='bbox 1968 2786 2146 2842; x_wconf 87' lang='lat' dir='ltr'>etiam</span> <span class='ocrx_word' id='word_1_592' title='bbox 2177 2785 2238 2842; x_wconf 91' lang='lat' dir='ltr'>id</span> <span class='ocrx_word' id='word_1_593' title='bbox 2268 2785 2432 2859; x_wconf 90' lang='lat' dir='ltr'>quod</span> <span class='ocrx_word' id='word_1_594' title='bbox 2457 2785 2638 2842; x_wconf 87' lang='lat' dir='ltr'>habet</span> <span class='ocrx_word' id='word_1_595' title='bbox 2658 2784 2942 2842; x_wconf 84' lang='lat' dir='ltr'>doctrinae</span> <span class='ocrx_word' id='word_1_596' title='bbox 2959 2784 3210 2853; x_wconf 89' lang='lat' dir='ltr'>donum,</span> <span class='ocrx_word' id='word_1_597' title='bbox 3236 2790 3525 2858; x_wconf 88' lang='lat' dir='ltr'>tanquam</span> <span class='ocrx_word' id='word_1_598' title='bbox 3549 2784 3628 2842; x_wconf 93' lang='lat' dir='ltr'>ab</span> 
     </span>
    </p>
   </div>
   <div class='ocr_carea' id='block_1_84' title="bbox 1968 2874 2640 2933">
    <p class='ocr_par' dir='ltr' id='par_1_84' title="bbox 1968 2874 2640 2933">
     <span class='ocr_line' id='line_1_84' title="bbox 1968 2874 2640 2933; baseline -0.004 0"><span class='ocrx_word' id='word_1_599' title='bbox 1968 2891 2038 2933; x_wconf 89' lang='lat' dir='ltr'>eo</span> <span class='ocrx_word' id='word_1_600' title='bbox 2066 2875 2158 2931; x_wconf 92' lang='lat' dir='ltr'>cui</span> <span class='ocrx_word' id='word_1_601' title='bbox 2185 2875 2332 2932; x_wconf 90' lang='lat' dir='ltr'>nulli</span> <span class='ocrx_word' id='word_1_602' title='bbox 2359 2881 2449 2931; x_wconf 90' lang='lat' dir='ltr'>est</span> <span class='ocrx_word' id='word_1_603' title='bbox 2481 2874 2640 2931; x_wconf 92' lang='lat' dir='ltr'>usui.</span> 
     </span>
    </p>
   </div>
   <div class='ocr_carea' id='block_1_85' title="bbox 2043 2982 3628 3056">
    <p class='ocr_par' dir='ltr' id='par_1_85' title="bbox 2043 2982 3628 3056">
     <span class='ocr_line' id='line_1_85' title="bbox 2043 2982 3628 3056; baseline 0.001 -16"><span class='ocrx_word' id='word_1_604' title='bbox 2043 2985 2206 3042; x_wconf 88' lang='lat' dir='ltr'>Vers.</span> <span class='ocrx_word' id='word_1_605' title='bbox 2246 2984 2333 3039; x_wconf 89' lang='lat'>30.</span> <span class='ocrx_word' id='word_1_606' title='bbox 2380 2984 2629 3040; x_wconf 86' lang='lat' dir='ltr'>Servum</span> <span class='ocrx_word' id='word_1_607' title='bbox 2668 2998 2889 3056; x_wconf 84' lang='lat' dir='ltr'>quoque</span> <span class='ocrx_word' id='word_1_608' title='bbox 2928 2982 3194 3041; x_wconf 79' lang='lat' dir='ltr'>inutilem</span> <span class='ocrx_word' id='word_1_609' title='bbox 3231 3015 3299 3026; x_wconf 92' lang='lat'><strong>—</strong></span> <span class='ocrx_word' id='word_1_610' title='bbox 3338 2983 3628 3041; x_wconf 84' lang='lat' dir='ltr'>dentium.</span> 
     </span>
    </p>
   </div>
   <div class='ocr_carea' id='block_1_86' title="bbox 1971 3071 3635 3149">
    <p class='ocr_par' dir='ltr' id='par_1_86' title="bbox 1971 3071 3635 3149">
     <span class='ocr_line' id='line_1_86' title="bbox 1971 3071 3635 3149; baseline -0.001 -18"><span class='ocrx_word' id='word_1_611' title='bbox 1971 3077 2099 3131; x_wconf 90' lang='lat' dir='ltr'>Non</span> <span class='ocrx_word' id='word_1_612' title='bbox 2129 3073 2189 3130; x_wconf 91' lang='lat' dir='ltr'>in</span> <span class='ocrx_word' id='word_1_613' title='bbox 2222 3073 2522 3130; x_wconf 91' lang='lat' dir='ltr'>ablatione</span> <span class='ocrx_word' id='word_1_614' title='bbox 2553 3071 2732 3149; x_wconf 85' lang='lat' dir='ltr'>ﬁnem</span> <span class='ocrx_word' id='word_1_615' title='bbox 2762 3089 2957 3146; x_wconf 72' lang='lat' dir='ltr'>poenae</span> <span class='ocrx_word' id='word_1_616' title='bbox 2995 3074 3217 3146; x_wconf 89' lang='lat' dir='ltr'>posuit,</span> <span class='ocrx_word' id='word_1_617' title='bbox 3268 3075 3372 3130; x_wconf 91' lang='lat' dir='ltr'>sed</span> <span class='ocrx_word' id='word_1_618' title='bbox 3403 3074 3464 3130; x_wconf 89' lang='lat' dir='ltr'>in</span> <span class='ocrx_word' id='word_1_619' title='bbox 3498 3089 3635 3148; x_wconf 90' lang='lat' dir='ltr'>sup-</span> 
     </span>
    </p>
   </div>
   <div class='ocr_carea' id='block_1_87' title="bbox 1973 3161 3636 3238">
    <p class='ocr_par' dir='ltr' id='par_1_87' title="bbox 1973 3161 3636 3238">
     <span class='ocr_line' id='line_1_87' title="bbox 1973 3161 3636 3238; baseline 0 -18"><span class='ocrx_word' id='word_1_620' title='bbox 1973 3163 2220 3238; x_wconf 91' lang='lat' dir='ltr'>plicium</span> <span class='ocrx_word' id='word_1_621' title='bbox 2269 3179 2512 3237; x_wconf 89' lang='lat' dir='ltr'>quoque</span> <span class='ocrx_word' id='word_1_622' title='bbox 2571 3161 2943 3220; x_wconf 88' lang='lat' dir='ltr'>intolerabile</span> <span class='ocrx_word' id='word_1_623' title='bbox 2996 3162 3309 3234; x_wconf 86' lang='lat' dir='ltr'>ablegavit.</span> <span class='ocrx_word' id='word_1_624' title='bbox 3371 3165 3636 3220; x_wconf 86' lang='lat' dir='ltr'>lnutilem</span> 
     </span>
    </p>
   </div>
   <div class='ocr_carea' id='block_1_88' title="bbox 1975 3253 3635 3326">
    <p class='ocr_par' dir='ltr' id='par_1_88' title="bbox 1975 3253 3635 3326">
     <span class='ocr_line' id='line_1_88' title="bbox 1975 3253 3635 3326; baseline 0.001 -14"><span class='ocrx_word' id='word_1_625' title='bbox 1975 3260 2176 3312; x_wconf 90' lang='lat' dir='ltr'>autem</span> <span class='ocrx_word' id='word_1_626' title='bbox 2223 3253 2374 3310; x_wconf 91' lang='lat' dir='ltr'>dixit</span> <span class='ocrx_word' id='word_1_627' title='bbox 2405 3255 2664 3326; x_wconf 87' lang='lat' dir='ltr'>pigrum,</span> <span class='ocrx_word' id='word_1_628' title='bbox 2699 3259 2754 3310; x_wconf 92' lang='lat' dir='ltr'>et</span> <span class='ocrx_word' id='word_1_629' title='bbox 2785 3253 3005 3309; x_wconf 88' lang='lat' dir='ltr'>nullius</span> <span class='ocrx_word' id='word_1_630' title='bbox 3039 3254 3217 3310; x_wconf 80' lang='lat' dir='ltr'>bonae</span> <span class='ocrx_word' id='word_1_631' title='bbox 3246 3254 3450 3326; x_wconf 83' lang='lat' dir='ltr'>frugis.</span> <span class='ocrx_word' id='word_1_632' title='bbox 3486 3255 3635 3314; x_wconf 90' lang='lat' dir='ltr'>Vide</span> 
     </span>
    </p>
   </div>
   <div class='ocr_carea' id='block_1_89' title="bbox 1973 3343 3635 3418">
    <p class='ocr_par' dir='ltr' id='par_1_89' title="bbox 1973 3343 3635 3418">
     <span class='ocr_line' id='line_1_89' title="bbox 1973 3343 3635 3418; baseline 0.001 -17"><span class='ocrx_word' id='word_1_633' title='bbox 1973 3361 2117 3417; x_wconf 92' lang='lat' dir='ltr'>ergo</span> <span class='ocrx_word' id='word_1_634' title='bbox 2139 3361 2264 3401; x_wconf 90' lang='lat' dir='ltr'>rem</span> <span class='ocrx_word' id='word_1_635' title='bbox 2297 3343 2691 3400; x_wconf 89' lang='lat' dir='ltr'>tremendam.</span> <span class='ocrx_word' id='word_1_636' title='bbox 2718 3344 2966 3400; x_wconf 88' lang='lat' dir='ltr'>Punitur</span> <span class='ocrx_word' id='word_1_637' title='bbox 2994 3344 3294 3417; x_wconf 90' lang='lat' dir='ltr'>siquidem</span> <span class='ocrx_word' id='word_1_638' title='bbox 3325 3361 3446 3401; x_wconf 92' lang='lat' dir='ltr'>non</span> <span class='ocrx_word' id='word_1_639' title='bbox 3469 3345 3635 3418; x_wconf 91' lang='lat' dir='ltr'>quod</span> 
     </span>
    </p>
   </div>
   <div class='ocr_carea' id='block_1_90' title="bbox 1973 3433 3634 3506">
    <p class='ocr_par' dir='ltr' id='par_1_90' title="bbox 1973 3433 3634 3506">
     <span class='ocr_line' id='line_1_90' title="bbox 1973 3433 3634 3506; baseline 0.002 -15"><span class='ocrx_word' id='word_1_640' title='bbox 1973 3435 2135 3491; x_wconf 89' lang='lat' dir='ltr'>mala</span> <span class='ocrx_word' id='word_1_641' title='bbox 2161 3435 2381 3504; x_wconf 89' lang='lat' dir='ltr'>fecerit,</span> <span class='ocrx_word' id='word_1_642' title='bbox 2415 3433 2520 3490; x_wconf 92' lang='lat' dir='ltr'>sed</span> <span class='ocrx_word' id='word_1_643' title='bbox 2569 3434 2735 3506; x_wconf 92' lang='lat' dir='ltr'>quod</span> <span class='ocrx_word' id='word_1_644' title='bbox 2765 3433 2929 3492; x_wconf 88' lang='lat' dir='ltr'>bona</span> <span class='ocrx_word' id='word_1_645' title='bbox 2977 3450 3093 3490; x_wconf 89' lang='lat' dir='ltr'>non</span> <span class='ocrx_word' id='word_1_646' title='bbox 3124 3433 3359 3491; x_wconf 90' lang='lat' dir='ltr'>fecerit:</span> <span class='ocrx_word' id='word_1_647' title='bbox 3388 3435 3634 3494; x_wconf 80' lang='lat' dir='ltr'>Declina</span> 
     </span>
    </p>
   </div>
   <div class='ocr_carea' id='block_1_91' title="bbox 1974 3524 3636 3599">
    <p class='ocr_par' dir='ltr' id='par_1_91' title="bbox 1974 3524 3636 3599">
     <span class='ocr_line' id='line_1_91' title="bbox 1974 3524 3636 3599; baseline 0.001 -18"><span class='ocrx_word' id='word_1_648' title='bbox 1974 3526 2154 3591; x_wconf 90' lang='lat' dir='ltr'>enim,</span> <span class='ocrx_word' id='word_1_649' title='bbox 2190 3525 2400 3598; x_wconf 83' lang='lat' dir='ltr'>inquit,</span> <span class='ocrx_word' id='word_1_650' title='bbox 2434 3541 2470 3582; x_wconf 91' lang='lat' dir='ltr'>a</span> <span class='ocrx_word' id='word_1_651' title='bbox 2498 3525 2653 3582; x_wconf 85' lang='lat' dir='ltr'>malo</span> <span class='ocrx_word' id='word_1_652' title='bbox 2677 3530 2730 3582; x_wconf 85' lang='lat' dir='ltr'>et</span> <span class='ocrx_word' id='word_1_653' title='bbox 2751 3526 2858 3596; x_wconf 79' lang='lat' dir='ltr'>fac</span> <span class='ocrx_word' id='word_1_654' title='bbox 2893 3524 3102 3582; x_wconf 84' lang='lat' dir='ltr'>bonum</span> <span class='ocrx_word' id='word_1_655' title='bbox 3124 3527 3192 3580; x_wconf 76' lang='grc'>⁷⁸.</span> <span class='ocrx_word' id='word_1_656' title='bbox 3227 3525 3328 3582; x_wconf 87' lang='lat' dir='ltr'>Illa</span> <span class='ocrx_word' id='word_1_657' title='bbox 3367 3541 3502 3582; x_wconf 87' lang='lat' dir='ltr'>vero</span> <span class='ocrx_word' id='word_1_658' title='bbox 3531 3542 3636 3599; x_wconf 81' lang='lat' dir='ltr'>pa-</span> 
     </span>
    </p>
   </div>
   <div class='ocr_carea' id='block_1_92' title="bbox 1970 3614 3630 3690">
    <p class='ocr_par' dir='ltr' id='par_1_92' title="bbox 1970 3614 3630 3690">
     <span class='ocr_line' id='line_1_92' title="bbox 1970 3614 3630 3690; baseline 0.001 -18"><span class='ocrx_word' id='word_1_659' title='bbox 1970 3614 2199 3684; x_wconf 83' lang='lat' dir='ltr'>rabola,</span> <span class='ocrx_word' id='word_1_660' title='bbox 2216 3632 2351 3688; x_wconf 77' lang='lat' dir='ltr'>quae</span> <span class='ocrx_word' id='word_1_661' title='bbox 2371 3615 2533 3687; x_wconf 91' lang='lat' dir='ltr'>apud</span> <span class='ocrx_word' id='word_1_662' title='bbox 2553 3617 2769 3672; x_wconf 88' lang='lat' dir='ltr'>Lucam</span> <span class='ocrx_word' id='word_1_663' title='bbox 2793 3616 3034 3688; x_wconf 91' lang='lat' dir='ltr'>ponitur</span> <span class='ocrx_word' id='word_1_664' title='bbox 3053 3617 3430 3687; x_wconf 89' lang='lat' dir='ltr'>sexagesimo</span> <span class='ocrx_word' id='word_1_665' title='bbox 3455 3615 3630 3690; x_wconf 88' lang='lat' dir='ltr'>septi-</span> 
     </span>
    </p>
   </div>
   <div class='ocr_carea' id='block_1_93' title="bbox 1970 3704 3631 3778">
    <p class='ocr_par' dir='ltr' id='par_1_93' title="bbox 1970 3704 3631 3778">
     <span class='ocr_line' id='line_1_93' title="bbox 1970 3704 3631 3778; baseline 0.001 -16"><span class='ocrx_word' id='word_1_666' title='bbox 1970 3723 2071 3762; x_wconf 93' lang='lat' dir='ltr'>mo</span> <span class='ocrx_word' id='word_1_667' title='bbox 2090 3706 2282 3778; x_wconf 87' lang='lat' dir='ltr'>capite</span> <span class='ocrx_word' id='word_1_668' title='bbox 2310 3705 2384 3762; x_wconf 90' lang='lat' dir='ltr'>de</span> <span class='ocrx_word' id='word_1_669' title='bbox 2415 3705 2618 3762; x_wconf 88' lang='lat' dir='ltr'>decem</span> <span class='ocrx_word' id='word_1_670' title='bbox 2644 3704 2819 3761; x_wconf 91' lang='lat' dir='ltr'>minis</span> <span class='ocrx_word' id='word_1_671' title='bbox 2845 3706 2914 3773; x_wconf 80' lang='grc'>⁷⁷,</span> <span class='ocrx_word' id='word_1_672' title='bbox 2944 3706 3059 3763; x_wconf 89' lang='lat' dir='ltr'>alia</span> <span class='ocrx_word' id='word_1_673' title='bbox 3083 3710 3169 3764; x_wconf 90' lang='lat' dir='ltr'>est</span> <span class='ocrx_word' id='word_1_674' title='bbox 3192 3706 3269 3762; x_wconf 89' lang='lat' dir='ltr'>ab</span> <span class='ocrx_word' id='word_1_675' title='bbox 3296 3709 3422 3774; x_wconf 87' lang='lat' dir='ltr'>ista,</span> <span class='ocrx_word' id='word_1_676' title='bbox 3447 3707 3631 3764; x_wconf 91' lang='lat' dir='ltr'>etsiin</span> 
     </span>
    </p>
   </div>
   <div class='ocr_carea' id='block_1_94' title="bbox 1970 3795 3626 3871">
    <p class='ocr_par' dir='ltr' id='par_1_94' title="bbox 1970 3795 3626 3871">
     <span class='ocr_line' id='line_1_94' title="bbox 1970 3795 3626 3871; baseline 0.002 -20"><span class='ocrx_word' id='word_1_677' title='bbox 1970 3795 2225 3869; x_wconf 89' lang='lat' dir='ltr'>pluribus</span> <span class='ocrx_word' id='word_1_678' title='bbox 2247 3795 2317 3851; x_wconf 82' lang='lat' dir='ltr'>sit</span> <span class='ocrx_word' id='word_1_679' title='bbox 2337 3795 2569 3851; x_wconf 90' lang='lat' dir='ltr'>similis.</span> <span class='ocrx_word' id='word_1_680' title='bbox 2597 3795 2660 3851; x_wconf 89' lang='lat' dir='ltr'>In</span> <span class='ocrx_word' id='word_1_681' title='bbox 2678 3795 2776 3852; x_wconf 92' lang='lat' dir='ltr'>illa</span> <span class='ocrx_word' id='word_1_682' title='bbox 2799 3796 2962 3852; x_wconf 90' lang='lat' dir='ltr'>enim</span> <span class='ocrx_word' id='word_1_683' title='bbox 2987 3797 3129 3854; x_wconf 88' lang='lat' dir='ltr'>data</span> <span class='ocrx_word' id='word_1_684' title='bbox 3155 3797 3402 3871; x_wconf 87' lang='lat' dir='ltr'>quidem</span> <span class='ocrx_word' id='word_1_685' title='bbox 3421 3813 3626 3871; x_wconf 68' lang='lat' dir='ltr'>sequa-</span> 
     </span>
    </p>
   </div>
   <div class='ocr_carea' id='block_1_95' title="bbox 1967 3885 3456 3960">
    <p class='ocr_par' dir='ltr' id='par_1_95' title="bbox 1967 3885 3456 3960">
     <span class='ocr_line' id='line_1_95' title="bbox 1967 3885 3456 3960; baseline 0.001 -18"><span class='ocrx_word' id='word_1_686' title='bbox 1967 3885 2045 3942; x_wconf 85' lang='lat' dir='ltr'>lia</span> <span class='ocrx_word' id='word_1_687' title='bbox 2078 3886 2351 3942; x_wconf 88' lang='lat' dir='ltr'>fuerunt:</span> <span class='ocrx_word' id='word_1_688' title='bbox 2386 3885 2552 3942; x_wconf 89' lang='lat' dir='ltr'>lucra</span> <span class='ocrx_word' id='word_1_689' title='bbox 2581 3902 2720 3942; x_wconf 90' lang='lat' dir='ltr'>vero</span> <span class='ocrx_word' id='word_1_690' title='bbox 2751 3891 2805 3941; x_wconf 86' lang='lat' dir='ltr'>et</span> <span class='ocrx_word' id='word_1_691' title='bbox 2826 3886 3085 3944; x_wconf 87' lang='lat' dir='ltr'>honores</span> <span class='ocrx_word' id='word_1_692' title='bbox 3115 3887 3456 3960; x_wconf 66' lang='lat' dir='ltr'>inaequales.</span> 
     </span>
    </p>
   </div>
   <div class='ocr_carea' id='block_1_96' title="bbox 2039 3975 3628 4054">
    <p class='ocr_par' dir='ltr' id='par_1_96' title="bbox 2039 3975 3628 4054">
     <span class='ocr_line' id='line_1_96' title="bbox 2039 3975 3628 4054; baseline 0.002 -21"><span class='ocrx_word' id='word_1_693' title='bbox 2039 3979 2189 4033; x_wconf 85' lang='lat' dir='ltr'>Nam</span> <span class='ocrx_word' id='word_1_694' title='bbox 2213 3975 2335 4031; x_wconf 64' lang='lat' dir='ltr'>haec</span> <span class='ocrx_word' id='word_1_695' title='bbox 2362 3976 2436 4032; x_wconf 89' lang='lat' dir='ltr'>de</span> <span class='ocrx_word' id='word_1_696' title='bbox 2463 3975 2713 4031; x_wconf 89' lang='lat' dir='ltr'>diversis</span> <span class='ocrx_word' id='word_1_697' title='bbox 2741 3975 3024 4032; x_wconf 71' lang='lat' dir='ltr'>doctrinte</span> <span class='ocrx_word' id='word_1_698' title='bbox 3053 3977 3256 4047; x_wconf 89' lang='lat' dir='ltr'>gratiis</span> <span class='ocrx_word' id='word_1_699' title='bbox 3280 3995 3399 4034; x_wconf 89' lang='lat' dir='ltr'>non</span> <span class='ocrx_word' id='word_1_700' title='bbox 3428 3995 3628 4054; x_wconf 68' lang='lat' dir='ltr'>aequa-</span> 
     </span>
    </p>
   </div>
   <div class='ocr_carea' id='block_1_97' title="bbox 1966 4065 3629 4143">
    <p class='ocr_par' dir='ltr' id='par_1_97' title="bbox 1966 4065 3629 4143">
     <span class='ocr_line' id='line_1_97' title="bbox 1966 4065 3629 4143; baseline 0.002 -20"><span class='ocrx_word' id='word_1_701' title='bbox 1966 4065 2098 4123; x_wconf 88' lang='lat' dir='ltr'>liter</span> <span class='ocrx_word' id='word_1_702' title='bbox 2130 4066 2280 4123; x_wconf 90' lang='lat' dir='ltr'>datis</span> <span class='ocrx_word' id='word_1_703' title='bbox 2307 4065 2535 4122; x_wconf 86' lang='lat' dir='ltr'>disserit</span> <span class='ocrx_word' id='word_1_704' title='bbox 2566 4082 2576 4122; x_wconf 89' lang='lat'>:</span> <span class='ocrx_word' id='word_1_705' title='bbox 2611 4065 2710 4123; x_wconf 87' lang='lat' dir='ltr'>illa</span> <span class='ocrx_word' id='word_1_706' title='bbox 2753 4081 2893 4122; x_wconf 89' lang='lat' dir='ltr'>vero</span> <span class='ocrx_word' id='word_1_707' title='bbox 2942 4067 3012 4122; x_wconf 93' lang='lat' dir='ltr'>de</span> <span class='ocrx_word' id='word_1_708' title='bbox 3044 4065 3291 4124; x_wconf 83' lang='lat' dir='ltr'>diversis</span> <span class='ocrx_word' id='word_1_709' title='bbox 3325 4069 3629 4143; x_wconf 84' lang='lat' dir='ltr'>aequaliter</span> 
     </span>
    </p>
   </div>
   <div class='ocr_carea' id='block_1_98' title="bbox 1967 4157 2146 4214">
    <p class='ocr_par' dir='ltr' id='par_1_98' title="bbox 1967 4157 2146 4214">
     <span class='ocr_line' id='line_1_98' title="bbox 1967 4157 2146 4214; baseline 0 0"><span class='ocrx_word' id='word_1_710' title='bbox 1967 4157 2146 4214; x_wconf 86' lang='lat' dir='ltr'>datis.</span> 
     </span>
    </p>
   </div>
   <div class='ocr_carea' id='block_1_99' title="bbox 2315 4301 3291 4359">
    <p class='ocr_par' dir='ltr' id='par_1_99' title="bbox 2315 4301 3291 4359">
     <span class='ocr_line' id='line_1_99' title="bbox 2315 4301 3291 4359; baseline -0.002 -1"><span class='ocrx_word' id='word_1_711' title='bbox 2315 4301 2471 4358; x_wconf 87' lang='lat' dir='ltr'>CAP.</span> <span class='ocrx_word' id='word_1_712' title='bbox 2515 4301 2650 4357; x_wconf 86' lang='lat' dir='ltr'>LXI.</span> <span class='ocrx_word' id='word_1_713' title='bbox 2683 4302 2762 4357; x_wconf 86' lang='lat' dir='ltr'>De</span> <span class='ocrx_word' id='word_1_714' title='bbox 2792 4301 3042 4359; x_wconf 83' lang='lat' dir='ltr'>adventu</span> <span class='ocrx_word' id='word_1_715' title='bbox 3069 4301 3291 4359; x_wconf 79' lang='lat' dir='ltr'>Christi</span> 
     </span>
    </p>
   </div>
   <div class='ocr_carea' id='block_1_100' title="bbox 2039 4391 3627 4466">
    <p class='ocr_par' dir='ltr' id='par_1_100' title="bbox 2039 4391 3627 4466">
     <span class='ocr_line' id='line_1_100' title="bbox 2039 4391 3627 4466; baseline 0.001 -18"><span class='ocrx_word' id='word_1_716' title='bbox 2039 4394 2201 4450; x_wconf 89' lang='lat' dir='ltr'>Vers.</span> <span class='ocrx_word' id='word_1_717' title='bbox 2234 4392 2322 4448; x_wconf 83' lang='lat' dir='ltr'>3t.</span> <span class='ocrx_word' id='word_1_718' title='bbox 2360 4394 2500 4449; x_wconf 85' lang='lat' dir='ltr'>Cum</span> <span class='ocrx_word' id='word_1_719' title='bbox 2525 4424 2592 4433; x_wconf 90' lang='lat'>—</span> <span class='ocrx_word' id='word_1_720' title='bbox 2623 4407 2758 4448; x_wconf 67' lang='lat' dir='ltr'>suae.</span> <span class='ocrx_word' id='word_1_721' title='bbox 2798 4395 3007 4450; x_wconf 86' lang='lat' dir='ltr'>Narrat</span> <span class='ocrx_word' id='word_1_722' title='bbox 3033 4393 3210 4449; x_wconf 90' lang='lat' dir='ltr'>etiam</span> <span class='ocrx_word' id='word_1_723' title='bbox 3239 4391 3522 4466; x_wconf 89' lang='lat' dir='ltr'>deinceps</span> <span class='ocrx_word' id='word_1_724' title='bbox 3549 4392 3627 4449; x_wconf 81' lang='lat' dir='ltr'>de</span> 
     </span>
    </p>
   </div>
   <div class='ocr_carea' id='block_1_101' title="bbox 1969 4482 3627 4549">
    <p class='ocr_par' dir='ltr' id='par_1_101' title="bbox 1969 4482 3627 4549">
     <span class='ocr_line' id='line_1_101' title="bbox 1969 4482 3627 4549; baseline 0.001 -11"><span class='ocrx_word' id='word_1_725' title='bbox 1969 4482 2232 4539; x_wconf 88' lang='lat' dir='ltr'>secundo</span> <span class='ocrx_word' id='word_1_726' title='bbox 2261 4482 2524 4540; x_wconf 89' lang='lat' dir='ltr'>adventu</span> <span class='ocrx_word' id='word_1_727' title='bbox 2551 4498 2679 4549; x_wconf 92' lang='lat' dir='ltr'>suo,</span> <span class='ocrx_word' id='word_1_728' title='bbox 2711 4483 2788 4539; x_wconf 90' lang='lat' dir='ltr'>ad</span> <span class='ocrx_word' id='word_1_729' title='bbox 2817 4487 3097 4539; x_wconf 89' lang='lat' dir='ltr'>terrorem</span> <span class='ocrx_word' id='word_1_730' title='bbox 3127 4489 3182 4540; x_wconf 88' lang='lat' dir='ltr'>et</span> <span class='ocrx_word' id='word_1_731' title='bbox 3207 4482 3627 4540; x_wconf 88' lang='lat' dir='ltr'>correctionem</span> 
     </span>
    </p>
   </div>
   <div class='ocr_carea' id='block_1_102' title="bbox 1889 4573 3626 4652">
    <p class='ocr_par' dir='ltr' id='par_1_102' title="bbox 1889 4573 3626 4652">
     <span class='ocr_line' id='line_1_102' title="bbox 1889 4573 3626 4652; baseline 0.001 -21"><span class='ocrx_word' id='word_1_732' title='bbox 1889 4593 1934 4652; x_wconf 73' lang='grc' dir='ltr'>ῃ</span> <span class='ocrx_word' id='word_1_733' title='bbox 1969 4573 2331 4632; x_wconf 88' lang='lat' dir='ltr'>auditorum.</span> <span class='ocrx_word' id='word_1_734' title='bbox 2368 4575 2549 4631; x_wconf 91' lang='lat' dir='ltr'>Suam</span> <span class='ocrx_word' id='word_1_735' title='bbox 2583 4579 2782 4630; x_wconf 89' lang='lat' dir='ltr'>autem</span> <span class='ocrx_word' id='word_1_736' title='bbox 2818 4575 3072 4646; x_wconf 86' lang='lat' dir='ltr'>gloriam</span> <span class='ocrx_word' id='word_1_737' title='bbox 3127 4575 3285 4641; x_wconf 87' lang='lat' dir='ltr'>dicit,</span> <span class='ocrx_word' id='word_1_738' title='bbox 3338 4591 3473 4649; x_wconf 66' lang='lat' dir='ltr'>quae</span> <span class='ocrx_word' id='word_1_739' title='bbox 3508 4578 3626 4633; x_wconf 90' lang='lat' dir='ltr'>Deo</span> 
     </span>
    </p>
   </div>
   <div class='ocr_carea' id='block_1_103' title="bbox 1970 4665 3626 4738">
    <p class='ocr_par' dir='ltr' id='par_1_103' title="bbox 1970 4665 3626 4738">
     <span class='ocr_line' id='line_1_103' title="bbox 1970 4665 3626 4738; baseline 0.003 -19"><span class='ocrx_word' id='word_1_740' title='bbox 1970 4666 2209 4738; x_wconf 89' lang='lat' dir='ltr'>pr0pria</span> <span class='ocrx_word' id='word_1_741' title='bbox 2238 4670 2342 4721; x_wconf 92' lang='lat' dir='ltr'>est.</span> <span class='ocrx_word' id='word_1_742' title='bbox 2381 4666 2644 4721; x_wconf 88' lang='lat' dir='ltr'>Primum</span> <span class='ocrx_word' id='word_1_743' title='bbox 2677 4665 2841 4722; x_wconf 91' lang='lat' dir='ltr'>enim</span> <span class='ocrx_word' id='word_1_744' title='bbox 2874 4665 3164 4722; x_wconf 86' lang='lat' dir='ltr'>adventus</span> <span class='ocrx_word' id='word_1_745' title='bbox 3193 4667 3319 4737; x_wconf 91' lang='lat' dir='ltr'>ejus</span> <span class='ocrx_word' id='word_1_746' title='bbox 3343 4667 3626 4738; x_wconf 89' lang='lat' dir='ltr'>inglorius</span> 
     </span>
    </p>
   </div>
   <div class='ocr_carea' id='block_1_104' title="bbox 1967 4755 3627 4829">
    <p class='ocr_par' dir='ltr' id='par_1_104' title="bbox 1967 4755 3627 4829">
     <span class='ocr_line' id='line_1_104' title="bbox 1967 4755 3627 4829; baseline 0.001 -18"><span class='ocrx_word' id='word_1_747' title='bbox 1967 4755 2157 4812; x_wconf 89' lang='lat' dir='ltr'>factus</span> <span class='ocrx_word' id='word_1_748' title='bbox 2182 4759 2290 4811; x_wconf 90' lang='lat' dir='ltr'>est.</span> <span class='ocrx_word' id='word_1_749' title='bbox 2322 4755 2557 4812; x_wconf 88' lang='lat' dir='ltr'>Sedebit</span> <span class='ocrx_word' id='word_1_750' title='bbox 2580 4771 2738 4822; x_wconf 89' lang='lat' dir='ltr'>vero,</span> <span class='ocrx_word' id='word_1_751' title='bbox 2765 4760 3056 4829; x_wconf 90' lang='lat' dir='ltr'>tanquam</span> <span class='ocrx_word' id='word_1_752' title='bbox 3076 4755 3262 4828; x_wconf 89' lang='lat' dir='ltr'>judex</span> <span class='ocrx_word' id='word_1_753' title='bbox 3287 4775 3300 4812; x_wconf 90' lang='lat'><strong>:</strong></span> <span class='ocrx_word' id='word_1_754' title='bbox 3323 4757 3495 4814; x_wconf 89' lang='lat' dir='ltr'>sedes</span> <span class='ocrx_word' id='word_1_755' title='bbox 3523 4773 3627 4814; x_wconf 86' lang='lat' dir='ltr'>au-</span> 
     </span>
    </p>
   </div>
   <div class='ocr_carea' id='block_1_105' title="bbox 1966 4845 3623 4922">
    <p class='ocr_par' dir='ltr' id='par_1_105' title="bbox 1966 4845 3623 4922">
     <span class='ocr_line' id='line_1_105' title="bbox 1966 4845 3623 4922; baseline 0.001 -21"><span class='ocrx_word' id='word_1_756' title='bbox 1966 4850 2083 4902; x_wconf 90' lang='lat' dir='ltr'>tem</span> <span class='ocrx_word' id='word_1_757' title='bbox 2116 4845 2235 4902; x_wconf 86' lang='lat' dir='ltr'>sive</span> <span class='ocrx_word' id='word_1_758' title='bbox 2267 4846 2516 4903; x_wconf 88' lang='lat' dir='ltr'>thronus</span> <span class='ocrx_word' id='word_1_759' title='bbox 2546 4845 2761 4903; x_wconf 90' lang='lat' dir='ltr'>dicitur</span> <span class='ocrx_word' id='word_1_760' title='bbox 2787 4846 3009 4919; x_wconf 60' lang='lat' dir='ltr'>gloriae,</span> <span class='ocrx_word' id='word_1_761' title='bbox 3052 4847 3168 4905; x_wconf 89' lang='lat' dir='ltr'>hoc</span> <span class='ocrx_word' id='word_1_762' title='bbox 3207 4853 3294 4906; x_wconf 90' lang='lat' dir='ltr'>est</span> <span class='ocrx_word' id='word_1_763' title='bbox 3327 4847 3623 4922; x_wconf 90' lang='lat' dir='ltr'>gloriosus</span> 
     </span>
    </p>
   </div>
   <div class='ocr_carea' id='block_1_106' title="bbox 1965 4937 2270 5008">
    <p class='ocr_par' dir='ltr' id='par_1_106' title="bbox 1965 4937 2270 5008">
     <span class='ocr_line' id='line_1_106' title="bbox 1965 4937 2270 5008; baseline -0.003 -14"><span class='ocrx_word' id='word_1_764' title='bbox 1965 4941 2021 4994; x_wconf 93' lang='lat' dir='ltr'>et</span> <span class='ocrx_word' id='word_1_765' title='bbox 2050 4937 2270 5008; x_wconf 88' lang='lat' dir='ltr'>regius.</span> 
     </span>
    </p>
   </div>
   <div class='ocr_carea' id='block_1_107' title="bbox 2033 5025 3622 5100">
    <p class='ocr_par' dir='ltr' id='par_1_107' title="bbox 2033 5025 3622 5100">
     <span class='ocr_line' id='line_1_107' title="bbox 2033 5025 3622 5100; baseline 0.001 -16"><span class='ocrx_word' id='word_1_766' title='bbox 2033 5025 2202 5084; x_wconf 89' lang='lat' dir='ltr'>Vers.</span> <span class='ocrx_word' id='word_1_767' title='bbox 2252 5026 2342 5082; x_wconf 78' lang='lat'>32.</span> <span class='ocrx_word' id='word_1_768' title='bbox 2393 5026 2471 5084; x_wconf 87' lang='lat' dir='ltr'>Et</span> <span class='ocrx_word' id='word_1_769' title='bbox 2512 5055 2578 5068; x_wconf 93' lang='lat'><strong>—</strong></span> <span class='ocrx_word' id='word_1_770' title='bbox 2626 5032 2848 5099; x_wconf 77' lang='lat' dir='ltr'>gentes.</span> <span class='ocrx_word' id='word_1_771' title='bbox 2893 5026 3227 5100; x_wconf 86' lang='lat' dir='ltr'>Postquam</span> <span class='ocrx_word' id='word_1_772' title='bbox 3281 5027 3558 5086; x_wconf 88' lang='lat' dir='ltr'>videlicet</span> <span class='ocrx_word' id='word_1_773' title='bbox 3587 5045 3622 5085; x_wconf 84' lang='grc' dir='ltr'>ιι</span> 
     </span>
    </p>
   </div>
   <div class='ocr_carea' id='block_1_108' title="bbox 1967 5117 3620 5191">
    <p class='ocr_par' dir='ltr' id='par_1_108' title="bbox 1967 5117 3620 5191">
     <span class='ocr_line' id='line_1_108' title="bbox 1967 5117 3620 5191; baseline 0.001 -16"><span class='ocrx_word' id='word_1_774' title='bbox 1967 5117 2218 5175; x_wconf 89' lang='lat' dir='ltr'>mortuis</span> <span class='ocrx_word' id='word_1_775' title='bbox 2246 5117 2674 5174; x_wconf 87' lang='lat' dir='ltr'>resurrexerint</span> <span class='ocrx_word' id='word_1_776' title='bbox 2692 5134 2704 5185; x_wconf 93' lang='lat'><strong>;</strong></span> <span class='ocrx_word' id='word_1_777' title='bbox 2724 5117 2998 5191; x_wconf 69' lang='lat' dir='ltr'>praedixit</span> <span class='ocrx_word' id='word_1_778' title='bbox 3015 5117 3176 5175; x_wconf 91' lang='lat' dir='ltr'>enim</span> <span class='ocrx_word' id='word_1_779' title='bbox 3199 5117 3379 5176; x_wconf 87' lang='lat' dir='ltr'>variis</span> <span class='ocrx_word' id='word_1_780' title='bbox 3395 5117 3456 5174; x_wconf 91' lang='lat' dir='ltr'>in</span> <span class='ocrx_word' id='word_1_781' title='bbox 3477 5117 3620 5176; x_wconf 88' lang='lat' dir='ltr'>locis</span> 
     </span>
    </p>
   </div>
   <div class='ocr_carea' id='block_1_109' title="bbox 1963 5207 2768 5266">
    <p class='ocr_par' dir='ltr' id='par_1_109' title="bbox 1963 5207 2768 5266">
     <span class='ocr_line' id='line_1_109' title="bbox 1963 5207 2768 5266; baseline -0.001 -1"><span class='ocrx_word' id='word_1_782' title='bbox 1963 5207 2037 5265; x_wconf 91' lang='lat' dir='ltr'>de</span> <span class='ocrx_word' id='word_1_783' title='bbox 2071 5208 2503 5266; x_wconf 89' lang='lat' dir='ltr'>resurrectione</span> <span class='ocrx_word' id='word_1_784' title='bbox 2537 5223 2768 5265; x_wconf 90' lang='lat' dir='ltr'>earum.</span> 
     </span>
    </p>
   </div>
   <div class='ocr_carea' id='block_1_110' title="bbox 2032 5297 3626 5362">
    <p class='ocr_par' dir='ltr' id='par_1_110' title="bbox 2032 5297 3626 5362">
     <span class='ocr_line' id='line_1_110' title="bbox 2032 5297 3626 5362; baseline 0.006 -9"><span class='ocrx_word' id='word_1_785' title='bbox 2032 5297 2198 5355; x_wconf 88' lang='lat' dir='ltr'>Vers.</span> <span class='ocrx_word' id='word_1_786' title='bbox 2229 5298 2411 5357; x_wconf 88' lang='lat' dir='ltr'>32.Et</span> <span class='ocrx_word' id='word_1_787' title='bbox 2436 5330 2500 5341; x_wconf 96' lang='lat'><strong>—</strong></span> <span class='ocrx_word' id='word_1_788' title='bbox 2525 5297 2720 5357; x_wconf 69' lang='lat' dir='ltr'>Medis.</span> <span class='ocrx_word' id='word_1_789' title='bbox 2749 5300 2914 5357; x_wconf 86' lang='lat' dir='ltr'>Nunc</span> <span class='ocrx_word' id='word_1_790' title='bbox 2932 5297 3141 5357; x_wconf 88' lang='lat' dir='ltr'>etenim</span> <span class='ocrx_word' id='word_1_791' title='bbox 3164 5297 3463 5359; x_wconf 87' lang='lat' dir='ltr'>commisti</span> <span class='ocrx_word' id='word_1_792' title='bbox 3485 5303 3626 5362; x_wconf 87' lang='lat' dir='ltr'>sunt</span> 
     </span>
    </p>
   </div>
   <div class='ocr_carea' id='block_1_111' title="bbox 1479 5629 2404 5702">
    <p class='ocr_par' dir='ltr' id='par_1_111' title="bbox 1479 5629 2404 5702">
     <span class='ocr_line' id='line_1_111' title="bbox 1479 5629 2404 5702; baseline 0.003 -3"><span class='ocrx_word' id='word_1_793' title='bbox 1479 5629 1706 5700; x_wconf 82' lang='lat' dir='ltr'>Variae</span> <span class='ocrx_word' id='word_1_794' title='bbox 1741 5630 2075 5701; x_wconf 89' lang='lat' dir='ltr'>lectiones</span> <span class='ocrx_word' id='word_1_795' title='bbox 2105 5640 2171 5701; x_wconf 87' lang='lat' dir='ltr'>et</span> <span class='ocrx_word' id='word_1_796' title='bbox 2205 5643 2404 5702; x_wconf 66' lang='lat' dir='ltr'>notae.</span> 
     </span>
    </p>
   </div>
   <div class='ocr_carea' id='block_1_112' title="bbox 309 5816 1378 5894">
    <p class='ocr_par' dir='ltr' id='par_1_112' title="bbox 309 5816 1378 5894">
     <span class='ocr_line' id='line_1_112' title="bbox 309 5816 1378 5894; baseline 0.009 -23"><span class='ocrx_word' id='word_1_797' title='bbox 309 5816 421 5890; x_wconf 83' lang='lat'>(62)</span> <span class='ocrx_word' id='word_1_798' title='bbox 447 5816 680 5878; x_wconf 80' lang='lat' dir='ltr'>Inclusa</span> <span class='ocrx_word' id='word_1_799' title='bbox 710 5817 774 5876; x_wconf 90' lang='lat' dir='ltr'>in</span> <span class='ocrx_word' id='word_1_800' title='bbox 803 5820 1076 5894; x_wconf 84' lang='lat' dir='ltr'>margine</span> <span class='ocrx_word' id='word_1_801' title='bbox 1106 5821 1289 5881; x_wconf 87' lang='lat' dir='ltr'>habet</span> <span class='ocrx_word' id='word_1_802' title='bbox 1313 5825 1378 5881; x_wconf 85' lang='lat' dir='ltr'>A.</span> 
     </span>
    </p>
   </div>
   <div class='ocr_carea' id='block_1_113' title="bbox 2030 5827 3617 5906">
    <p class='ocr_par' dir='ltr' id='par_1_113' title="bbox 2030 5827 3617 5906">
     <span class='ocr_line' id='line_1_113' title="bbox 2030 5827 3617 5906; baseline 0.002 -19"><span class='ocrx_word' id='word_1_803' title='bbox 2030 5827 2236 5903; x_wconf 82' lang='lat'>(63-68)</span> <span class='ocrx_word' id='word_1_804' title='bbox 2258 5827 2418 5888; x_wconf 87' lang='lat' dir='ltr'>Corri</span> <span class='ocrx_word' id='word_1_805' title='bbox 2427 5828 2690 5904; x_wconf 86' lang='lat' dir='ltr'>gendum</span> <span class='ocrx_word' id='word_1_806' title='bbox 2712 5829 2900 5906; x_wconf 76' lang='grc' dir='ltr'>αὐτῶν,</span> <span class='ocrx_word' id='word_1_807' title='bbox 2916 5827 3044 5889; x_wconf 82' lang='lat' dir='ltr'>sicu</span> <span class='ocrx_word' id='word_1_808' title='bbox 3064 5828 3260 5892; x_wconf 79' lang='lat' dir='ltr'>thabet</span> <span class='ocrx_word' id='word_1_809' title='bbox 3273 5829 3617 5891; x_wconf 82' lang='lat' dir='ltr'>Hentenius.</span> 
     </span>
    </p>
   </div>
  </div>
