4096 6396
415 327 522 386 639

1737 330 2085 388 EUTHYMII
2119 329 2470 388 'ZIGABENI
2499 404 2506 408 γ

3691 327 3799 419 διο

418 473 627 514 omnes
654 479 666 514 :
700 457 838 514 tunc
866 474 1005 516 vero
1028 459 1333 531 diligenter
1351 461 1804 533 separabuntur.
1832 463 1909 516 De
1937 458 2078 514 solis

2193 463 2302 512 τότε
2342 456 2401 512 δὲ
2454 458 2676 534 ἀκριϐῶς
2729 456 3281 534 διαχωρισθήσονται.
3335 462 3461 530 Περὶ
3512 465 3609 510 τῶν
3666 465 3797 531 Χρι-

417 553 617 604 autem
650 548 995 606 Christianis
1027 549 1291 622 loquitur
1330 551 1426 607 hic
1457 567 1679 616 sermo,
1721 549 1901 606 veluti
1933 549 2075 604 infe-

415 636 542 692 rius
577 636 1095 697 manifestabitur..

490 725 655 782 Vers.
688 728 775 782 33.
803 728 885 784 Et
926 760 993 768 —
1041 729 1319 788 sinistris.
1378 730 1599 787 Ovibus
1649 733 2080 802 comparantur

413 816 579 890 justi,
602 823 839 888 propter
858 821 1401 884 mansuetudinem,
1426 820 1804 887 modestiam,
1838 836 1906 875 ac
1929 819 2079 874 fruc-

416 906 801 963 tiﬁcationem
824 909 884 963 in
904 910 1231 975 virtutibus,
1254 911 1406 965 sicut
1428 911 1538 966 illa;
1559 911 1617 965 in
1637 910 1789 965 lacte
1829 915 1886 964 et
1910 908 2074 964 lana:

414 996 608 1052 haedis
663 1013 801 1053 vero
849 1005 1210 1071 peccatores,
1247 1005 1490 1072 propter
1522 999 1988 1060 inclementiam,
2024 1003 2079 1054 et

413 1085 880 1158 immodestiam,
911 1095 967 1145 et
993 1089 1364 1146 infructuosit
1386 1097 1560 1146 atem.
1590 1090 1805 1145 Poteris
1833 1103 2076 1160 quoque

416 1176 657 1242 addere,
682 1178 844 1249 quod
866 1179 1032 1234 etiam
1060 1185 1300 1252 pr0pter
1318 1195 1552 1250 gravem
1576 1179 1797 1251 peccati
1815 1179 2074 1246 odorem,

415 1271 471 1322 et
493 1267 657 1338 quod
684 1284 803 1323 non
823 1274 974 1324 recta
1002 1270 1368 1340 gradiantur,
1391 1270 1496 1324 sed
1519 1287 1553 1324 a
1579 1276 1738 1325 recto
1764 1269 2078 1324 discedant

413 1355 641 1422 itinere,
690 1359 972 1429 quodque
1021 1359 1347 1430 praecipitia
1378 1359 1678 1415 incedant.
1716 1362 1926 1414 Verum
1977 1358 2077 1414 illa

416 1461 560 1501 sane
588 1447 892 1512 animalia,
917 1464 987 1503 ea
1016 1464 1149 1520 qua:
1176 1448 1402 1504 habent
1424 1465 1459 1503 a
1491 1455 1703 1504 natura
1728 1441 2033 1519 possident
2059 1463 2072 1513 ;

410 1535 555 1605 justi
595 1551 728 1590 vero
759 1541 813 1591 et
849 1544 1190 1608 peccatores
1227 1554 1263 1593 a
1296 1538 1614 1594 voluntate.
1655 1539 1794 1593 Ideo
1831 1553 2074 1609 quoque

415 1624 496 1680 illi
524 1623 910 1694 honorantur,
941 1627 1031 1682 isti
1053 1631 1250 1682 autem
1280 1628 1621 1699 puniuntur.
1653 1627 1869 1682 Dividit
1892 1627 2071 1682 etiam

415 1730 518 1770 eos
545 1731 666 1770 non
692 1717 857 1787 quod
884 1717 1130 1773 testibus
1157 1723 1343 1786 egeat,
1371 1718 1498 1790 ipse
1525 1718 1684 1773 enim
1715 1717 1876 1774 testis
1903 1723 1993 1773 est
2017 1721 2074 1773 ct

410 1804 614 1876 judex.

484 1894 644 1950 Vers.
679 1895 764 1951 34.
813 1897 973 1952 Tunc
1007 1929 1076 1938 —
1111 1897 1342 1955 mundi.
1386 1899 1429 1954 Ο
1468 1914 1678 1954 vocem
1710 1897 2070 1970 optabilem:

414 1999 449 2038 o
489 1983 780 2040 honorem
817 1985 1218 2044 ineffabilem!
1259 1988 1580 2052 Benedicti,
1611 1989 1824 2060 inquit,
1872 1988 2075 2043 Patris

413 2075 566 2131 mei:
616 2073 864 2140 laudati,
907 2076 1091 2131 electi.
1153 2080 1278 2133 Non
1312 2076 1454 2132 dixit
1493 2083 1734 2133 autem:
1791 2076 2072 2149 Accipite,

419 2163 544 2232 sed,
584 2164 904 2231 Possidete,
933 2171 1234 2237 tanquam
1273 2172 1605 2238 paternum,
1657 2172 1944 2240 tanquam
1973 2167 2076 2224 de-

417 2253 632 2317 bitum,
664 2258 953 2326 tanquam
981 2264 1379 2328 praeparatum
1406 2258 1573 2313 vobis
1605 2274 1638 2312 a
1662 2257 2077 2314 constitutione

421 2328 654 2398 mundi.
683 2344 1037 2418 Priusquam
1063 2347 1221 2401 enim
1240 2347 1513 2402 homines
1539 2345 1765 2412 ﬁerent,
1799 2351 2077 2419 paratum

422 2435 548 2487 erat
573 2433 770 2504 justis,
803 2441 1195 2504 cognoscente
1239 2437 1358 2491 Deo
1404 2437 1571 2508 quod
1614 2435 1882 2494 futurum
1932 2440 2077 2492 erat.

425 2521 649 2578 Deinde
682 2523 824 2579 dicit
853 2529 909 2580 et
938 2542 1184 2582 causam
1215 2527 1364 2582 tanti
1394 2526 1659 2603 honoris.

499 2630 665 2686 Vers.
699 2635 785 2688 35.
818 2633 1063 2690 Esurivi
1087 2666 1154 2674 —-
1181 2637 1338 2690 Vers.
1371 2639 1457 2692 36.
1488 2636 1568 2692 ad
1587 2652 1694 2692 me.
1717 2636 1860 2692 Hinc
1892 2636 2079 2692 mani-

424 2719 645 2776 festum
678 2728 784 2787 est,
816 2723 976 2795 quod
1004 2725 1080 2779 ad
1113 2725 1268 2780 solos
1310 2726 1671 2782 Christianos
1711 2728 1889 2783 verba
1920 2727 2076 2792 facit,

422 2810 502 2866 ad
553 2827 705 2881 quos
741 2813 1034 2884 Evangelii
1081 2815 1170 2870 sui
1202 2821 1489 2887 praecepta
1534 2816 1688 2872 facta
1738 2821 1894 2872 sunt.
1930 2820 2078 2872 Nam

421 2899 499 2954 ad
524 2899 792 2956 inﬁdeles
815 2902 1014 2958 nullus
1035 2908 1173 2961 tunc
1204 2906 1311 2960 erit
1344 2905 1394 2960 ei
1425 2921 1654 2972 sermo;
1680 2922 1888 2962 omnes
1915 2906 2075 2961 enim

418 2988 594 3043 simul
627 3004 731 3060 per
761 3007 822 3045 se
872 2992 1251 3048 condemnati
1297 3003 1486 3049 erunt.
1524 2996 1662 3050 Ideo
1703 2995 1862 3051 enim
1892 2995 2070 3050 dicit:

415 3078 548 3132 Non
576 3086 885 3150 resurgent
916 3082 1086 3151 impii
1115 3084 1177 3138 in
1204 3083 1432 3153 judicio
1458 3085 1528 3151 ⁷⁸,
1562 3085 1676 3140 hoc
1709 3090 1818 3150 est,
1850 3101 1969 3141 non
1991 3101 2077 3140 re-

2102 1806 2153 1866 B

2192 558 2410 602 στιανῶν
2462 547 2521 602 δὲ
2572 556 2738 623 μόνων
2796 553 2820 603 ό
2869 550 3020 622 λόγος
3091 540 3329 618 ἐνταῦθα,
3399 552 3464 612 ὡς
3520 541 3822 623 κατωτέρω⁸

2191 635 2575 699 δηλωθήσεται.
3195 629 3198 632 ’
3711 717 3717 722 _

2263 752 2363 800 Kui
2404 778 2474 788 —
2527 747 2817 821 εὐωνύμων.
2875 746 3164 821 Προϐάτοις
3189 750 3280 820 ,μὲν
3312 750 3360 800 οἱ
3417 743 3615 800 δίκαιοι
3652 766 3797 822 παρ-

2189 837 2484 897 εικαζονται
2539 835 2632 890 διὰ
2683 841 2740 890 τὸ
2799 845 2962 914 πρᾶον
3029 843 3118 890 xui
3177 841 3420 890 εὔτακτον
3469 842 3558 889 καὶ
3601 857 3814 911 καρποί

2189 931 2340 998 φόρον
2397 929 2446 979 ἑν
2504 926 2728 1002 ἀρεταῖς,
2785 931 2850 989 ὡς
2905 928 3072 981 ἐκεῖνα
3121 928 3170 980 ἐν
3221 927 3444 999 γάλακτι
3493 931 3582 979 καὶ
3631 924 3792 999 ἐρίῳ·

2188 1014 2380 1090 ἐρίφοις
2430 1013 2488 1070 δε
2523 1020 2571 1069 οἱ
2619 1018 2915 1093 ἁμαρτωλοὶ
2956 1015 3048 1071 διὰ
3095 1022 3152 1070 τὸ
3197 1019 3379 1092 ἄγριον
3432 1021 3521 1069 καὶ
3569 1018 3796 1068 ἄτακτον

2186 1111 2275 1158 καὶ
2319 1108 2570 1180 ἄκαρπον.
2626 1112 2808 1169 Εἶποις
2839 1105 2890 1161 δ’
2922 1107 3002 1175 ἂν,
3045 1112 3135 1160 καὶ
3169 1105 3264 1160 διά
3311 1111 3367 1160 τό
3422 1102 3664 1166 δυσῶδες
3699 1114 3800 1167 τῆς

2187 1195 2461 1272 ἁμαρτίας,
2517 1203 2606 1250 καὶ
2654 1195 2748 1250 διὰ
2793 1201 2850 1250 τό
2905 1203 2976 1270 μὴ
3032 1197 3351 1272 εὐθυπορεῖν,
3407 1195 3536 1248 ἀλλά
3592 1214 3798 1268 παρεγ-

2185 1286 2392 1352 κλίνειν,
2447 1292 2538 1340 καὶ
2585 1285 2678 1340 διὰ
2721 1291 2777 1339 τὸ
2837 1287 3232 1362 κρημνοϐατεῖν.
3289 1286 3423 1340 Ἀλλ’
3473 1288 3638 1338 ἐκεῖνα
3704 1286 3808 1358 μὲν.

2187 1375 2241 1428 ἐκ
2278 1381 2479 1448 φύσεως
2524 1381 2762 1450 ἔχουσιν,
2803 1377 2838 1430 ἂ
2876 1380 3126 1450 ἔχουσιν·
3163 1380 3212 1430 οἱ
3264 1374 3322 1430 δὲ
3376 1374 3574 1429 δίκαιοι
3617 1380 3708 1452 καὶ
3747 1376 3801 1426 οἱ

2186 1467 2483 1541 ἁμαρτωλοὶ
2516 1467 2570 1519 ἐκ
2599 1472 2966 1542 προαιρέσεως.
3009 1472 3096 1520 Διὸ
3140 1473 3228 1521 καὶ
3281 1469 3328 1519 οἱ
3376 1469 3466 1539 μὲν
3521 1473 3797 1537 τιμῶνται,

2186 1558 2234 1608 οἱ
2291 1553 2349 1609 δὲ
2395 1565 2764 1629 τιμωροῦνται.
2818 1564 3014 1632 Διαιρεί
3051 1555 3124 1626 ,δὲ
3174 1557 3382 1621 αὐτοὺς,
3438 1556 3495 1608 οὐ
3557 1552 3801 1628 δεόμενος

2184 1650 2480 1722 μαρτύρων,
2535 1645 2640 1699 ἀλλ’
2695 1647 2853 1710 αὐτὸς
2909 1653 2998 1700 καὶ
3059 1649 3262 1722 μάρτυς
3313 1647 3380 1698 ῶν
3434 1649 3525 1698 xui.
3591 1648 3797 1720 κριτής.

2254 1922 2381 1971 Τότε
2421 1947 2488 1958 -
2526 1920 2751 1988 κόσμου.
2794 1914 2866 1968 Ὢ.
2915 1924 3080 1987 φωνῆς
3124 1914 3362 1975 εὐκταίας
3389 1914 3400 1970 !
3431 1914 3470 1964 ὦ
3519 1921 3676 1986 τιμῆς
3707 1911 3802 1988 ἀρ-

3020 2009 3167 2077 φησὶ,

2186 2100 2235 2150 οἱ
2261 2097 2536 2162 ἐπαινετοὶ,
2570 2098 2618 2148 οἱ
2648 2095 2892 2150 ἐκλεκτοί.
2929 2095 3040 2147 Οὐκ
3072 2091 3178 2147 εἶπε
3234 2090 3312 2160 δὲ,
3373 2092 3591 2161 Λάϐετε,
3647 2092 3798 2157 ἀλλὰ,

2183 2007 2391 2083 prii-oui
2454 2009 2520 2058 Oi
2590 2005 2941 2078 εὐλογημένοι,
3020 2009 3167 2077 φησὶ,
3248 2012 3338 2056 τοῦ
3407 2008 3606 2088 Πατρός
3670 2023 3794 2079 μου,

3173 2185 3241 2245 ὡς
3319 2182 3665 2256 ὀφειλομένην,
3727 2184 3801 2244 ὡς

3689 2273 3800 2345 Πρὸ

2189 2375 2280 2427 τοῦ
2331 2368 2573 2438 γενέσθαι
2618 2368 2719 2438 γὰρ
2772 2367 2892 2426 τοὺς
2947 2363 3253 2438 ἀνθρώπους
3309 2363 3633 2436 ηὐτρεπίσθη
3690 2368 3816 2439 τοῖς,

2189 2187 2492 2260 Κληρονομή
2503 2204 2645 2253 σατε,
2707 2189 2770 2246 ὡς
2833 2189 3098 2259 πατρῴαν,

2189 2277 2586 2350 ἑτοιμασθεῖσαν
2645 2277 2764 2348 ὑμῖν
2842 2273 2940 2326 ἀπὸ
3007 2275 3314 2335 συστάσεως
3372 2276 3600 2345 κόσμου.

2192 2454 2435 2522 δικαίοις,
2487 2460 2832 2527 γινώσκοντος
2889 2461 2980 2507 τοῦ
3038 2461 3168 2506 Θεοῦ
3220 2456 3277 2505 τὸ
3317 2451 3516 2528 μελλον.
3553 2449 3804 2530 Εἶταιλέέ

2190 2566 2269 2618 γει
2297 2551 2388 2598 καὶ
2413 2550 2506 2604 τὴν
2547 2545 2717 2598 αἰτίαν
2743 2552 2834 2604 τῆς
2860 2545 3124 2604 τοσαύτης
3163 2551 3338 2614 τιμῆς,

2264 2637 2543 2688 Ἐπείνασα
2595 2665 2663 2675 -
2727 2638 2854 2707 πρός
2921 2652 3009 2705 με.
3095 2631 3352 2685 Ἐντεῦθεν
3428 2633 3639 2704 φανερόν
3715 2631 3800 2683 ὅτι

2189 2729 2316 2799 πρὸς
2373 2730 2488 2786 τοὺς
2530 2726 2879 2800 Χριστιανοὺς
2916 2728 3102 2796 μόνους
3158 2717 3474 2793 διαλέγεται,
3530 2723 3671 2801 πρὸς
3709 2718 3803 2783 οὒς

2191 2819 2245 2868 αἱ
2306 2823 2396 2868 τοῦ
2460 2813 2780 2886 Εὐαγγελίου
2830 2812 2988 2865 αὐτοῦ
3044 2816 3320 2883 γεγόνασιν
3385 2809 3602 2865 ἐντολαί.
3660 2813 3804 2882 Πρὸς

2186 2909 2287 2980 γὰρ
2348 2908 2468 2968 τοὺς
2534 2903 2788 2964 ἀπίστους
2843 2899 3012 2963 οὐδεὶς
3063 2901 3204 2972 αὗτῴ
3266 2907 3558 2960 τηνικαῦτα,
3614 2899 3814 2972 λόγος·’

2188 2996 2409 3058 ἅπαντες
2480 2997 2581 3069 γὰρ
2647 3000 2829 3055 κοινῶς
2893 2992 3328 3064 αὑτοκατάκριτοι
3402 2992 3625 3043 ἔσονται.
3702 2990 3804 3044 Διά

2185 3093 2337 3138 τοῦτο
2390 3087 2515 3158 γὰρ,
2587 3087 2763 3155 φησὶν,
2821 3082 2931 3135 Οὔκ
3015 3080 3403 3138 ἀναστήσονται
3462 3077 3665 3140 ἀσεϐεῖς
3744 3076 3796 3131 ἐν

416 3172 660 3237 surgent
691 3175 754 3223 ut
775 3168 1138 3242 judicentur,
1167 3173 1272 3228 sed
1303 3179 1361 3228 ut
1392 3175 1737 3246 puniantur.
1770 3175 2075 3248 Siquidem

2193 3180 2376 3250 κρίσει,
2408 3177 2674 3227 τουτέστιν
2714 3173 2808 3224 οὐκ
2853 3171 3239 3229 ἀναστήσονται
3289 3169 3368 3222 ἐπὶ
3419 3176 3488 3238 τῷ
3528 3169 3797 3242 κριθῆναι,

418 3257 805 3314 manifestum
856 3264 942 3316 est
981 3261 1159 3318 etiam
1207 3264 1480 3336 superius
1511 3265 1580 3330 7°,
1614 3265 1779 3336 quod
1827 3265 2074 3337 quando

419 3346 728 3418 apparebit
758 3349 996 3418 signum
1023 3352 1411 3409 Filiihominis
1439 3353 1500 3408 in
1530 3353 1700 3418 caalo,
1736 3360 1878 3410 tunc
1896 3356 2077 3423 plan-

418 3443 555 3508 gent
589 3454 786 3494 omnes
818 3439 1008 3495 tribus
1039 3445 1226 3510 terrae,
1260 3443 1454 3497 solam
1481 3442 1763 3498 habentes
1791 3444 2078 3500 condem-

420 3523 663 3588 nantem
697 3529 1142 3585 conscientiam.
1196 3534 1363 3586 Nunc
1397 3548 1540 3601 ergo
1582 3533 1655 3587 ad
1687 3532 2075 3602 Christianos,

419 3621 481 3671 ut
517 3615 800 3681 diximus,
835 3633 1035 3673 sermo
1084 3624 1191 3676 est.
1227 3620 1370 3676 Vide
1402 3627 1601 3677 autem
1653 3623 1955 3694 quomodo
2005 3623 2078 3679 de

423 3704 552 3760 sola
568 3705 942 3762 humanitate
960 3707 1082 3763 sive
1102 3725 1304 3765 amore
1323 3726 1464 3782 erga
1481 3712 1787 3782 proximos
1805 3711 2078 3782 disserat,

421 3799 479 3851 et
509 3794 585 3850 ab
611 3796 724 3851 hac
757 3795 1088 3868 solajustos
1112 3798 1338 3854 honore
1366 3799 1577 3871 dignos
1603 3801 1846 3873 judicet,
1871 3819 2080 3874 pecca-

422 3888 580 3940 tores
602 3901 745 3942 vero
769 3887 1080 3958 supplicio.
1102 3891 1225 3945 Non
1247 3890 1410 3961 quod
1437 3897 1647 3947 caetera
1671 3891 1763 3948 vel
1777 3893 2079 3964 justorum

420 3973 581 4030 bona
607 3990 805 4047 opera,
839 3976 932 4031 vel
963 3983 1344 4049 peccatorum
1377 3979 1590 4037 delicta
1620 3980 1746 4037 sine
1777 3983 2082 4040 examina-

421 4049 580 4120 tione
623 4065 716 4121 vel
751 4064 1122 4124 discussione
1165 4068 1559 4142 relinquenda
1608 4071 1753 4127 sint:
1806 4074 2078 4130 omnium

423 4155 720 4228 siquidem
761 4161 976 4213 cuncta
1014 4158 1271 4230 inquiret
1325 4163 1381 4216 et
1419 4176 1623 4233 opera,
1666 4167 1721 4218 et
1772 4162 1972 4228 verba,
2025 4167 2082 4220 et

423 4244 850 4314 cogitationes,
880 4250 945 4302 ut
977 4247 1231 4320 ipsemet
1277 4248 1610 4323 frequenter
1659 4267 1770 4308 sua
1809 4251 2081 4309 doctrina

423 4333 844 4403 manifestavit,
888 4340 944 4392 et
987 4353 1021 4393 a
1055 4338 1256 4394 multis
1300 4339 1517 4396 divinaa
1573 4341 1886 4414 Scriptura;
1933 4342 2078 4399 locis

424 4421 729 4487 discimus,
754 4428 810 4479 et
830 4423 1005 4480 bonis
1027 4426 1272 4498 quidem
1305 4428 1584 4499 cperibus
1605 4431 1855 4498 praemia
1876 4448 2081 4504 repen-

427 4509 543 4576 det,
575 4510 799 4566 delictis
841 4519 1040 4569 autem
1072 4531 1310 4584 pcenas.
1343 4518 1450 4575 Sed
1487 4535 1647 4574 nunc
1681 4522 1756 4576 de
1788 4520 1915 4577 sola
1944 4520 2078 4589 hac,
2116 4524 2163 4582 D

428 4602 494 4654 ut
519 4597 742 4654 dictum
775 4605 878 4667 est,
920 4602 1130 4658 virtute
1170 4604 1423 4673 disserit,
1458 4606 1810 4664 confirmare
1849 4609 2080 4675 volens,

428 4688 595 4760 quod
624 4687 782 4745 hanc
814 4692 1075 4747 maxime
1097 4695 1354 4767 requirit,
1392 4701 1448 4752 et
1470 4696 1628 4771 hanc
1655 4715 1764 4771 prae
1795 4701 2082 4757 omnibus

431 4779 666 4849 expetit,
726 4785 919 4851 utpote
968 4783 1310 4840 Christianis
1359 4787 1621 4844 maxime
1660 4791 2081 4848 necessariam.

430 4867 729 4941 Cujusque
752 4872 911 4926 enim
944 4871 1259 4931 Christiani
1281 4874 1515 4946 insigne
1536 4893 1659 4950 quo
1685 4879 1956 4950 dignosci
1983 4899 2087 4954 po-

428 4961 563 5042 test,
606 4965 692 5014 est
719 4957 976 5016 dilectio.
1013 4962 1081 5018 In
1117 4962 1240 5044 hoc,
1293 4965 1485 5038 inquit
1512 4976 1857 5044 coquoscent
1890 4986 2085 5029 omnes

429 5040 589 5120 quod
636 5047 751 5106 mei
786 5049 1070 5122 discipuli
1096 5039 1242 5120 sitis,
1276 5055 1328 5111 si
1351 5040 1718 5116 dilectionem
1760 5039 2087 5117 habueritis

426 5137 586 5194 inter
611 5155 710 5196 vos
737 5146 995 5197 mutuam
1030 5143 1096 5198 ⁸ο.
1133 5144 1318 5223 Hujus
1345 5150 1545 5204 autem
1577 5150 1806 5222 optima
1832 5167 1972 5223 pars
2000 5157 2090 5209 est

428 5241 760 5299 pauperum
790 5246 980 5297 amor,
1017 5237 1070 5287 et
1114 5248 1254 5305 erga
1281 5217 1637 5308 'proximum
1680 5239 2088 5299 misericordia

427 5317 501 5372 ac
531 5320 887 5390 compassio,
913 5321 1086 5394 juxta
1118 5324 1459 5395 Gregorium
1491 5328 1878 5399 Theologum.
1915 5331 2088 5391 Nulla

503 5441 552 5475 ⁷⁸
585 5443 738 5501 Psal.
767 5459 804 5514 1,
842 5450 892 5502 5.
921 5447 968 5482 79
1001 5449 1194 5505 Matth.
1230 5467 1386 5520 xxxv,
1423 5455 1512 5510 30.
1545 5453 1593 5488 ⁸ο
1615 5453 1789 5512 Joau.
1824 5473 1947 5524 xm,
1989 5462 2076 5514 35.

2189 3265 2295 3318 ἀλλ’
2332 3265 2414 3318 ἐπὶ
2457 3273 2528 3335 τῷ
2579 3264 2962 3338 τιμωρηθῆναι.
3009 3263 3107 3314 Καὶ
3147 3263 3248 3334 γὰρ
3293 3263 3382 3311 καὶ
3427 3257 3662 3330 ἀνωτέρω
3712 3254 3800 3311 δε-

2189 3351 2418 3412 δήλωκεν
2476 3355 2574 3418 ὅτι,
2609 3355 2690 3406 ὅτε
2752 3357 3040 3426 φανήσεται
3076 3353 3132 3403 τό
3168 3357 3380 3424 σημεῖον
3420 3355 3509 3401 τοῦ
3541 3350 3665 3400 Υἰοῡ
3705 3353 3802 3432 τοιξ

2190 3443 2462 3519 ἀνθρώπου
2525 3443 2573 3496 ἐν
2625 3452 2694 3515 τῷ
2753 3443 2976 3517 οὐρανῷ,
3026 3445 3142 3494 τότε
3207 3439 3458 3511 κόψονται
3520 3443 3691 3491 πᾶσαι
3744 3439 3802 3490 αἱ

2191 3535 2344 3608 φυλαὶ
2420 3542 2514 3596 τῆς
2577 3541 2697 3605 γῆς,
2773 3536 2923 3604 μόνον
2995 3533 3052 3583 τὸ
3121 3526 3359 3592 συνειδὸς
3440 3524 3802 3587 καταδικάζον

2190 3627 2416 3696 ἔχοντες.
2472 3630 2579 3676 Νῦν
2628 3619 2686 3675 δὲ
2751 3623 2876 3696 πρὸς
2924 3623 3040 3680 τοὺς
3074 3622 3446 3694 Χριστιανοὺς,
3482 3621 3550 3680 ὡς
3585 3620 3798 3691 ἔφημεν,

2191 3715 2216 3767 ό
2257 3712 2425 3785 λόγος.
2488 3711 2624 3784 Ὅρα
2673 3708 2731 3763 δὲ
2765 3718 2874 3771 πῶς
2911 3713 3028 3783 περὶ
3071 3713 3230 3781 μόνης
3276 3716 3367 3770 τῆς
3418 3706 3806 3783 φιλανθρωπίας

2192 3801 2505 3875 διαλέγεται,
2557 3805 2646 3853 καὶ
2687 3799 2788 3852 ἀπὸ
2829 3803 2984 3872 μόνης
3023 3802 3218 3860 ταύτης
3265 3801 3387 3859 τοὺς
3425 3799 3514 3870 μεν
3559 3793 3807 3857 δικαίους

2192 3893 2327 3957 ἀξιοῖ
2372 3899 2544 3965 τιμῆς,
2586 3894 2701 3951 τοὺς
2756 3886 2814 3942 δε
2859 3889 3196 3963 ἁμαρτωλοὺς
3239 3891 3534 3961 τιμωρίας·
3583 3885 3688 3958 οὐχ
3732 3886 3808 3947 ὡς

2188 3987 2253 4037 τὰ
2293 3983 2447 4036 λοιπά
2489 3991 2586 4034 τῶν
2638 3977 2857 4033 δικαίων
2897 3982 2984 4052 μὲν
3039 3980 3440 4053 κατορθώματα,
3482 3984 3580 4028 τῶν
3635 3975 3806 4049 ἀμαρ-

2191 4073 2360 4127 τωλῶν
2437 4069 2496 4124 δὲ
2562 4069 3000 4144 πλημμελήματα,
3077 4064 3216 4140 δίχα
3279 4067 3434 4139 λόγου
3499 4063 3807 4117 καταλιπεῖν

2189 4163 2415 4237 μέλλων·
2471 4164 2674 4214 πάντων
2724 4162 2826 4235 γὰρ
2872 4159 3099 4222 ἐξετάσει
3146 4159 3335 4222 πάντα,
3395 4161 3484 4208 καὶ
3522 4157 3616 4217 τὰς
3666 4154 3808 4226 πρά-

2193 4254 2310 4323 ξεις,
2338 4257 2426 4305 καὶ
2458 4255 2579 4314 τοὺς
2614 4250 2820 4322 λόγους,
2867 4254 2957 4301 καὶ
3008 4251 3098 4309 τὰς
3139 4248 3471 4320 ἐνθυμήσεις,
3523 4247 3590 4306 ὡς
3646 4243 3809 4307 αὐτός

2190 4362 2242 4397 τε
2293 4343 2562 4415 πολλαχοῦ
2642 4349 2736 4402 τῆς
2793 4339 2976 4391 ἑαυτοῦ
3033 4334 3384 4397 διδασκαλίας
3443 4335 3664 4408 ἐνέφηνε,
3712 4338 3807 4386 καὶ

2192 4434 2513 4506 πολλαχόθεν
2562 4438 2655 4493 τῆς
2707 4432 2846 4492 θείας
2894 4436 3100 4502 Γραφῆς
3146 4429 3466 4500 μανθάνομεν
3500 4443 3512 4455 ⁸
3561 4430 3649 4477 καὶ
3701 4431 3808 4476 τῶν

2193 4528 2282 4598 μὲν
2337 4523 2753 4596 κατορθωμάτων
2805 4522 2963 4592 τιμὰς
3024 4515 3310 4582 ἀποδώσει,
3369 4524 3465 4568 τῶν
3525 4512 3584 4568 δὲ
3629 4514 3808 4587 πλημ-

2195 4615 2500 4688 μελημάτων
2545 4614 2834 4684 τιμωρίας·
2877 4608 3003 4661 ἀλλὰ
3053 4615 3140 4659 νῦν
3188 4612 3306 4682 περὶ
3367 4611 3528 4680 μόνης
3586 4609 3806 4671 ταύτης,

2195 4708 2258 4766 ὡς
2326 4707 2546 4777 εἴρηται,
2603 4697 2919 4771 διαλέγεται,
2993 4697 3297 4772 βαϐαιῶσαι
3358 4695 3668 4770 βουλόμενος
3725 4695 3812 4748 ὅτι

2194 4798 2384 4853 ταύτην
2441 4791 2674 4866 μάλιστα
2752 4793 2916 4856 ζητεῖ,
2989 4792 3078 4840 καὶ
3149 4790 3343 4844 ταύτην
3422 4785 3632 4837 ἀπαιτεῖ
3702 4787 3809 4857 πρὸ

2195 4887 2418 4949 πάντων,
2472 4886 2540 4943 ὡς
2581 4880 2995 4952 ἀναγκαιοτάτην
3057 4881 3410 4952 Χριστιανοῖς.
3459 4881 3812 4946 Χαρακτηρι-

2199 4977 2376 5028 στικὸν
2430 4975 2519 5046 μὲν
2576 4969 2675 5044 γάρ
2737 4974 3055 5045 Χριστιανοῦ
3121 4968 3312 5026 παντὸς
3369 4966 3400 5023 ἡ
3452 4962 3663 5036 ἀγάπησ
3726 4962 3812 5017 Ἐν

2195 5067 2362 5136 τούτῳ
2455 5065 2578 5137 γὰρ,
2667 5065 2818 5134 φησὶ,
2893 5062 3180 5131 γνώσονται
3266 5055 3452 5116 πάντες
3530 5055 3610 5108 ὅτι
3689 5053 3809 5128 ἐμοὶ

2199 5157 2430 5228 μαθηταί
2510 5151 2644 5219 ἐστε,
2695 5148 2778 5202 ἐὰν
2827 5146 3063 5220 ’ἀγάπην
3140 5148 3301 5219 ἔχητε
3541 5145 3592 5199 ἐν
3652 5143 3810 5226 ἀλλήέ

2196 5245 2336 5307 λοις’
2378 5245 2575 5304 ταύτης
2621 5237 2687 5293 δὲ
2734 5242 2790 5292 τὸ
2834 5238 3114 5311 κράτιστον
3153 5239 3202 5295 -ἠ
3262 5235 3597 5310 φιλοπτωχία
3637 5238 3727 5287 καὶ
3771 5237 3806 5295 ἡ

2197 5325 2313 5410 περὶ
2361 5335 2418 5385 τὸ
2463 5327 2703 5404 συγγενὲς
2752 5327 3115 5400 εὐσπλαγχνία
3168 5331 3257 5380 καὶ
3327 5328 3630 5400 συμπάθεια
3673 5327 3815 5381 κατὰ

1660 5580 1885 5650 Variae
1917 5583 2248 5654 lectiones
2290 5591 2356 5652 et
2379 5591 2579 5653 notae.

512 5735 624 5808 (69)
655 5736 856 5811 Ἔχετε,
888 5749 950 5799 Α.
