4096 6378
221 355 324 416 641

1303 359 1673 422 COMMENT.
1718 363 1788 420 IN
1827 351 2278 422 ΜΑΤΤΗᾹΞΗΜ.
2319 394 2388 406 -
2427 363 2587 424 CAP.
2627 367 2824 425 XXVI.

3514 338 3618 433 542

228 490 316 538 τὸν
388 487 639 558 Θεολόγον
708 493 1019 563 Γρηγόριον.
1090 485 1280 542 Ούδενὶ
1341 493 1466 565 γὰρ,
1529 496 1680 564 φησὶ,
1753 499 1834 544 τῶτ

1964 489 2126 546 enim
2156 489 2272 546 alia
2296 506 2376 556 re,
2409 491 2619 564 inquit,
2654 493 2808 550 inter
2833 509 3049 551 omnes
3083 495 3166 553 ita
3194 498 3406 556 colitur
3441 504 3614 571 Deus,

231 579 466 639 πάντων,
525 579 592 638 ὡς
649 577 767 649 ἐλέῳ
823 583 956 641 Θεὸς
988 581 1342 655 θεραπεύεται,
1404 578 1527 634 οὐδὲ
1574 581 1710 652 ἄλλῳ
1750 585 1851 632 τινὶ

233 666 429 738 μᾶλλον
476 670 505 725 ἦ
555 665 917 741 φιλανθρωπίᾳ
980 672 1036 720 τὸ
1095 669 1447 744 φιλάνθρωπον
1497 667 1848 726 ἀντιδίδοται.

237 759 440 808 Λοιπὸν
493 753 580 808 οὖν
634 755 906 831 ἐξαιρέτως
957 755 1300 831 διαλαμϐάνει
1356 767 1474 833 περὶ
1521 769 1613 813 τοῦ
1658 760 1851 831 ἐξαιρέ-

236 865 329 898 του
392 854 728 921 Χριστιανοῐς
798 850 1224 922 κατορθώματος,
1282 850 1509 922 ἐκφοϐῶν
1564 852 1696 903 οὕτω
1759 854 1848 902 καὶ

241 937 546 1008 συμπείθων
618 939 778 1008 ἡμᾶς,
859 936 1158 1011 ἀνθρώπους
1217 943 1376 1003 ὄντας,
1456 941 1848 1018 φιλανθρώπους

235 1028 505 1097 γίνεσθαι,
553 1030 858 1101 χρῄζοντας
901 1035 996 1090 τῆς
1041 1029 1164 1102 παρ’
1205 1030 1364 1082 αὐτοῦ
1405 1036 1516 1084 τότε
1559 1033 1842 1110 φιλανθρω-

235 1120 385 1178 πίας,
442 1121 776 1177 Δικαιότατος
829 1114 889 1170 δὲ
935 1120 1120 1190 μισθὸς
1174 1127 1283 1181 τοῖς
1351 1124 1441 1193 μὲν
1510 1120 1844 1196 ἀνελεήμοσιν

233 1205 646 1278 ἀνελεημοσύνη,
687 1213 794 1267 τοῖς
838 1203 897 1259 δὲ
927 1206 1195 1280 ἐλεήμοσιν
1228 1209 1565 1283 ἐλεημοσύνη.
1616 1218 1713 1266 Καὶ
1741 1216 1840 1288 γὰρ

229 1295 380 1348 ἐλεῶν
449 1292 795 1349 ἀντιδίδωσιν
869 1307 1066 1373 μικρῶν
1133 1302 1550 1375 κατορθωμάτων
1615 1304 1843 1375 μεγάλας

229 1384 480 1458 ἀμοιϐάς.
550 1390 613 1438 Τί
675 1388 778 1458 γὰρ
842 1395 934 1448 τῆς
985 1386 1260 1460 βασιλείας
1321 1389 1512 1453 ἐκείνης
1566 1392 1836 1462 ἀντάξιονς

227 1475 391 1533 Δῆλον
424 1471 486 1528 δὲ
517 1477 598 1527 ὅτι
627 1475 680 1528 ἐκ
707 1484 807 1527 τῶν
836 1472 1130 1546 δυναμένων
1172 1477 1378 1532 ἀπαιτεί
1419 1487 1511 1540 τὴν
1557 1483 1840 1557 φιλανθρω-

224 1569 392 1616 πίανο
442 1572 554 1626 τοῖς
600 1568 700 1638 γὰρ
746 1570 818 1638 μὴ
875 1563 1181 1640 δυναμένοις
1225 1567 1372 1643 ἀρκεῖ
1421 1575 1479 1624 τό
1531 1571 1835 1645 βούλεσθαι,

227 1641 463 1728 Διάφορα
509 1650 568 1707 δὲ
596 1658 722 1729 μέρη
756 1654 1030 1728 καταλέγει
1059 1666 1147 1719 τῆς
1197 1641 1600 1734 φιλανθρωπίας,
1640 1664 1744 1732 ἵνα,
1794 1664 1838 1716 εἰ

226 1747 317 1815 μὲν
350 1739 599 1810 δυνατὸν,
629 1746 798 1797 πάντα
817 1748 1228 1821 κατορθώσωμεν
1250 1766 1262 1778 ’
1293 1755 1336 1802 εἱ
1368 1746 1427 1804 δὲ
1450 1755 1540 1824 μὴ,
1573 1754 1668 1804 κᾶν
1694 1772 1753 1824 γε
1774 1756 1838 1806 τὰ

229 1829 455 1889 δυνατά.

297 1927 429 1976 Τότε
486 1951 552 1966 —-
595 1922 894 1984 ἐποιήσατε.
960 1926 1180 1982 Βασιλέα
1229 1928 1411 1983 ἑαυτὸν
1469 1929 1723 2002 ἐκάλεσεν,
1774 1936 1838 1995 ὡς

227 2015 431 2066 πάντων
476 2013 655 2066 λοιπὸν
695 2016 1136 2089 ὑποτεταγμένων.
1171 2018 1388 2092 Ἐφὸσον
1440 2019 1517 2093 δὲ,
1560 2022 1671 2076 ἀντὶ
1719 2032 1834 2096 τοῦ,

227 2103 498 2158 Καθόσον.
552 2101 840 2178 Ἀδελφούς
872 2103 932 2159 δε
978 2112 1099 2171 τοὺς
1135 2113 1360 2173 πένητας
1405 2109 1516 2183 (70)
1552 2113 1834 2186 ὠνόμασεν,

232 2195 306 2254 ὡς
339 2194 516 2265 ὁμοίαν
543 2193 725 2255 αὐτοῖς
747 2193 1011 2248 ἀναλαϐὼν
1043 2200 1198 2270 φύσιν
1230 2204 1320 2252 καὶ
1361 2199 1770 2273 ἐλαχιστότητα,
1805 2208 1832 2263 ἧ

238 2286 331 2332 καὶ
357 2284 420 2341 ὡς
443 2287 715 2345 κοινωνοὺς
739 2293 836 2345 τῆς
860 2284 1020 2337 αὐτοῦ
1044 2292 1222 2348 πενίας
1252 2289 1386 2360 (71).

311 2375 432 2423 Τότε
464 2404 523 2412 --
556 2373 736 2428 αὐτοῦ.
765 2373 944 2448 Ὁρᾷς,
975 2377 1005 2434 ἡ
1042 2375 1289 2448 βασιλεία
1312 2382 1401 2451 μὲν
1425 2389 1530 2442 τοῖς
1551 2380 1836 2456 ἀνθρώποις

227 2462 551 2533 ἡτοιμάσθη,
602 2467 662 2515 τὸ
695 2471 796 2538 πῦρ
830 2465 889 2516 δὲ
919 2472 1027 2528 τοῖς
1058 2467 1330 2540 δαίμοσιν.
1375 2471 1440 2522 Οἱ
1473 2469 1835 2546 ἀφρονέστεροι

223 2545 282 2602 δὲ
321 2558 424 2602 τῶν
471 2549 750 2626 ἀνθρώπων
775 2546 840 2607 τά
870 2562 963 2617 τῆς
990 2553 1261 2628 βασιλείας
1290 2557 1414 2622 ἄξια
1441 2561 1832 2632 καταλιπόντες,

221 2641 287 2691 τὰ
316 2647 412 2692 τοῦ
455 2645 620 2717 πυρὸς
646 2642 770 2706 ἄξια
798 2650 1156 2718 προετίμησαν
1181 2664 1193 2678 ο
1224 2644 1311 2700 διὸ
1346 2654 1436 2702 καὶ
1465 2649 1659 2715 ἐκείνης
1687 2651 1837 2707 ἐκπε-

225 2734 420 2798 σόντες,
477 2724 641 2786 τοῶτο
671 2737 1080 2810 κατεκρίθησαν.
1113 2734 1244 2791 Εἶτα
1277 2745 1366 2792 καὶ
1408 2742 1438 2800 ἡ
1492 2742 1636 2798 αἰτία
1681 2745 1835 2798 πάλιν

222 2828 308 2881 τῆς
338 2827 615 2895 τιμωρίας.

299 3075 563 3125 Επείνασα
593 3104 615 3116 -
637 3104 663 3115 -
708 3095 786 3131 us.
818 3075 930 3129 Οὐκ
960 3074 1115 3146 εἶπεν,
1150 3082 1231 3134 ὅτι
1273 3083 1385 3136 Οὐκ
1415 3083 1744 3150 ἀπηλλάξατέ
1771 3108 1835 3162 με

222 3166 316 3219 τῆς
346 3166 518 3223 πενίας
544 3168 635 3215 καὶ
664 3171 761 3226 τῆς
791 3164 1056 3232 ἀσθενείας
1081 3175 1172 3223 καὶ
1201 3180 1296 3234 τῆς
1335 3173 1587 3246 φυλακῆς,
1617 3175 1720 3229 ἀλλ’
1755 3180 1834 3232 ὅτι

219 3251 296 3300 Τὰ
319 3247 585 3322 ἀναγκαῖα
607 3253 700 3306 οὐκ
717 3251 1060 3324 ἐνεδείξασθε,
1089 3261 1166 3312 ὅτι
1183 3263 1248 3314 τὰ
1261 3260 1428 3338 ια
1443 3265 1536 3318 οὐκ
1557 3265 1829 3341 ἐπράξατε.

221 3343 432 3412 Πρῶτον
461 3336 521 3394 δὲ
545 3345 663 3404 τούς
683 3343 953 3418 ἐλεήμονας
979 3346 1343 3424 ἀνακηρύττει,
1375 3350 1623 3410 δεικνύων
1652 3362 1710 3412 τὸ
1741 3366 1834 3413 τοῦ

217 3431 634 3504 κατορθώματος
677 3434 910 3511 εὐχερὲς,
946 3439 1028 3490 ἵνα
1058 3438 1144 3492 ἀπ’
1180 3443 1382 3495 ἐκείνων
1414 3448 1626 3510 τούτους
1674 3469 1833 3504 κατα-

217 3514 423 3593 δικάση
435 3560 448 3572 .

285 3613 420 3662 Τότε
479 3643 547 3651 —
585 3609 886 3672 ἐποιήσατε.
937 3617 1158 3681 Εἰκότως
1208 3623 1232 3674 ὁ
1283 3625 1372 3696 μὲν
1428 3623 1651 3700 ἐλεήμων
1709 3629 1831 3690 κλη-

212 3706 430 3772 ρονομεῖ
458 3703 551 3759 τὴν
607 3700 904 3775 βασιλείαν,
951 3708 1030 3759 ὅτι
1082 3713 1176 3768 τὴν
1226 3709 1434 3783 ἀγάπην
1468 3721 1826 3793 κατώρθωσε,

213 3797 316 3838 τῶν
383 3787 578 3864 ἀρετῶν
644 3796 701 3844 τὸ
769 3796 1078 3866 κεφάλαιον
1150 3804 1342 3864 ταύτης
1411 3807 1508 3883 γὰρ
1581 3813 1732 3884 μέρος
1797 3811 1825 3869 ἡ

217 3873 540 3950 ἐλεημοσύνη
570 3898 581 3908 ·
640 3882 664 3932 ὁ
718 3877 767 3935 δ’
814 3884 1101 3960 ἀνελεήμων
1159 3889 1230 3953 εἰς
1280 3897 1335 3946 τὸ
1386 3903 1486 3970 πύρ
1539 3897 1833 3973 ἀποπέμπε-

212 3987 301 4019 ται
327 3982 342 3997 ⁶
374 3965 518 4022 διότι
549 3972 607 4022 τὸ
640 3975 863 4026 ἐναντίον
895 3983 953 4048 τῇ
998 3976 1174 4053 ἀγάπῃ
1207 3987 1364 4054 μῖσος
1408 3983 1682 4061 ἐκτήσατο,
1733 4001 1830 4044 τῶν

213 4065 416 4108 κακιῶν
464 4062 521 4111 τὸ
580 4061 891 4134 κεφάλαιον·
955 4075 1137 4121 τούτου
1195 4075 1292 4146 γὰρ
1353 4076 1544 4147 ὁμοίως
1600 4083 1749 4154 μέρος
1797 4085 1827 4142 ἡ

218 4144 634 4219 ἀνελεημοσύνη.
671 4157 771 4204 Καὶ
797 4154 822 4204 ὁ
849 4157 938 4226 μὲν
967 4160 1053 4208 τὸν
1085 4156 1332 4234 ἐλεήμονα
1359 4169 1446 4218 καὶ
1474 4167 1830 4244 φιλάνθρωπον

217 4239 352 4288 Θεὸν
410 4236 729 4310 ἐμιμήσατο,
788 4243 813 4293 ὁ
853 4239 911 4296 δὲ
965 4245 1274 4322 ἀνελεήμονα
1320 4259 1410 4308 καὶ
1462 4262 1832 4335 μισάνθρωπον

216 4320 248 4377 δ
255 4323 491 4382 ιάϐολον.

287 4422 395 4468 Καὶ
438 4448 506 4458 -
539 4418 762 4476 αἰώνιον.
818 4424 951 4478 Οὐαὶ
999 4433 1132 4482 πᾶσι
1188 4433 1279 4502 μὲν
1328 4441 1436 4498 τοῖς
1482 4436 1826 4516 ἁμαρτωλοῖς,

209 4505 456 4576 μάλιστα
487 4502 547 4560 δὲ
579 4517 687 4572 τοῖς
719 4509 1040 4587 ἀνελεήμοσι.

288 4600 393 4647 Καὶ
436 4599 632 4667 ἐγένετο
686 4632 754 4641 -
787 4608 1174 4680 σταυρωθῆναι,
1211 4616 1313 4664 Τοῦ
1364 4625 1580 4687 νομικοῦ
1630 4625 1831 4695 Πάσχα

210 4690 611 4756 συμπίπτοντος
692 4694 826 4744 κατά
891 4699 984 4753 τὴν
1074 4702 1657 4776 τεσσαρεσκαιδεκάτην
1737 4721 1827 4766 τοῦ

208 4779 400 4845 μηνός,
450 4777 518 4838 ὡς
571 4780 738 4852 ὁπερὶ
796 4785 980 4836 τούτου
1034 4789 1188 4860 νόμος
1245 4790 1502 4868 ἐπέτρεπε,
1568 4797 1828 4872 πρόδηλον

208 4865 290 4916 ὅτι
357 4868 500 4917 κατά
553 4873 646 4938 τὴν
698 4866 1006 4934 δωδεκάτην
1059 4885 1212 4931 τοῦτο
1255 4886 1384 4956 πρὸς
1429 4889 1548 4950 τοὺς
1589 4893 1828 4962 μαθητὰς

209 4957 410 5029 έῖρηκε.
466 4960 610 5010 Κατά
649 4963 843 5019 ταύτην
887 4967 977 5036 μὲν
1019 4969 1120 5041 γὰρ
1181 4974 1275 5029 τὴν
1335 4967 1641 5038 δωδεκάτην
1685 4989 1830 5059 παρὰ

207 5050 270 5119 τῇ
335 5045 423 5119 οίᾳ
477 5051 705 5122 Σίμωνος
762 5059 854 5105 τοῦ
901 5052 1087 5132 λεπροῦ
1141 5059 1257 5134 (72)
1314 5059 1643 5140 δεδείπνηκε,
1693 5045 1827 5129 κατὰ

1963 585 2027 636 ut
2057 581 2467 638 misericordia
2502 597 2512 636 :
2539 598 2735 655 neque
2761 583 2858 640 alii
2883 585 3163 658 cuiquam
3191 590 3384 659 magis
3409 607 3618 666 repen-

1961 670 2133 726 detur
2154 671 2499 728 humanitas
2529 689 2712 744 quam
2744 674 3124 731 humanitati.
3153 678 3450 751 Praecipue
3476 699 3618 756 ergo

1960 759 2199 814 disserit
2242 759 2315 815 de
2372 762 2675 833 praecipuo
2746 763 3211 823 Christianorum
3255 783 3457 840 opere,
3502 773 3618 830 hoc

1960 849 2140 904 modo
2170 865 2280 905 nos
2302 854 2356 905 et
2383 858 2682 907 exterrens
2713 859 2769 907 et
2825 855 3148 921 attrahens,
3184 861 3248 913 ut
3276 859 3378 930 qui
3424 861 3616 919 homi-

1957 951 2064 994 nes
2091 955 2320 1004 sumus,
2352 940 2604 996 humani
2643 941 2994 1008 efﬁciamur,
3052 951 3285 1002 utentes
3345 965 3437 1014 ea,
3498 968 3617 1024 qua

1953 1027 2083 1099 ipse
2113 1032 2254 1084 tunc
2285 1033 2478 1084 utetur
2506 1030 2891 1088 humanitate.
2921 1035 3250 1091 Justissima
3289 1043 3377 1094 est
3413 1045 3617 1100 autem

1954 1132 2204 1183 merces,
2231 1123 2296 1173 ut
2323 1119 2671 1175 inhumanis
2693 1120 3124 1189 inhumanitas,
3151 1130 3206 1182 et
3225 1128 3618 1188 misericordi-

1952 1206 2070 1263 bus
2089 1209 2492 1265 misericordia
2510 1211 2894 1281 rependatur.
2919 1212 3148 1270 Etenim
3171 1214 3422 1290 ipsequi
3440 1222 3616 1278 mise-

1951 1296 2134 1352 ricors
2165 1302 2273 1363 est,
2299 1299 2499 1372 parvis
2536 1299 2820 1372 operibus
2845 1318 3133 1372 magnum
3166 1307 3438 1364 retribuit
3465 1327 3616 1382 prae-

1951 1386 2143 1442 mium
2178 1403 2190 1442 :
2220 1388 2366 1460 quid
2399 1389 2556 1444 enim
2597 1405 2781 1460 regno
2812 1390 2890 1446 illi
2924 1393 3152 1464 aequale
3181 1410 3311 1452 esse
3343 1401 3557 1470 poterit
3586 1403 3614 1458 ?

1947 1474 2321 1532 Manifestum
2345 1481 2432 1532 est
2452 1483 2656 1534 autem
2685 1480 2852 1550 quod
2879 1496 2948 1535 ex
2973 1482 3067 1537 his
3095 1500 3231 1555 quae
3262 1502 3608 1558 possumus,

1947 1564 2382 1622 humanitatem
2415 1567 2656 1638 requirit
2691 1584 2703 1622 :
2738 1568 2828 1623 his
2859 1571 3018 1626 enim
3050 1574 3149 1643 qui
3189 1589 3308 1630 non
3339 1585 3613 1650 possunt,

1949 1654 2344 1727 sufﬁcitquod
2369 1656 2567 1712 velint.
2594 1658 2802 1714 Varias
2815 1659 2976 1715 enim
2999 1661 3386 1722 humanitatis
3414 1675 3617 1740 partes

1947 1750 2211 1800 recenset
2241 1762 2254 1800 :
2290 1749 2353 1800 ut
2383 1746 2673 1817 siquidem
2704 1763 3049 1819 possumus,
3115 1769 3326 1811 omnes
3367 1757 3615 1830 implea-

1870 1845 1917 1902 Β·
1949 1850 2084 1890 mus
2114 1851 2126 1889 :
2163 1834 2256 1889 sin
2290 1835 2508 1900 minus,
2543 1841 2602 1892 at
2632 1837 2844 1894 saltem
2877 1854 2978 1896 eas
3016 1856 3170 1914 quas
3203 1860 3545 1916 possumus.

2021 1925 2182 1979 Vers.
2211 1928 2298 1980 37.
2334 1927 2492 1980 Tunc
2523 1957 2590 1966 ——
2631 1928 2788 1982 Vers.
2816 1929 2906 1983 40.
2944 1929 3191 2000 fecistis.
3232 1933 3458 2006 Regem
3506 1956 3613 1994 vo-

1948 2015 2104 2070 cavit
2134 2015 2422 2087 seipsum,
2458 2021 2747 2088 tanquam
2802 2019 3088 2076 omnibus
3113 2021 3243 2093 jam
3292 2026 3605 2098 subjectis.

1949 2095 2246 2172 Quatenus
2259 2111 2479 2171 autem,
2512 2105 2572 2160 id
2603 2110 2708 2170 est,
2727 2107 2790 2161 In
2813 2113 3130 2179 quantum.
3155 2113 3388 2170 Fratres
3408 2095 3610 2177 autem

1945 2193 2176 2250 vocavit
2198 2210 2516 2266 pauperes,
2552 2198 2613 2250 ut
2642 2196 2744 2267 qui
2770 2195 3023 2254 similem
3048 2217 3186 2257 cum
3229 2203 3312 2258 eis
3335 2223 3611 2280 suscepe-

1945 2284 2018 2362 rit
2050 2290 2328 2339 naturam
2360 2289 2414 2339 et
2463 2283 2857 2356 abjectionem
2887 2305 2900 2343 :
2935 2289 3028 2344 vel
3081 2292 3260 2349 etiam
3314 2299 3609 2368 tanquam

1946 2357 2050 2429 eos
2081 2373 2186 2446 qui
2207 2372 2783 2430 communicaverint
2810 2381 3154 2449 paupertati
3175 2381 3363 2454 ipsius
3381 2427 3393 2440 .

2017 2465 2176 2518 Vers.
2220 2463 2308 2518 41.
2345 2462 2503 2520 Tune
2532 2466 2761 2534 -—-ejus.
2803 2465 2976 2523 Vides
3009 2470 3329 2542 ?Regnum
3357 2476 3608 2548 quidem

1944 2549 2293 2607 hominibus
2342 2558 2612 2624 paratum
2669 2557 2775 2621 est,
2820 2555 2972 2626 ignis
3025 2575 3166 2615 vero
3207 2559 3604 2622 daemonibus.

1944 2625 2427 2713 lnsipientissimi
2467 2648 2666 2700 autem
2726 2644 3021 2718 homines,
3066 2649 3280 2706 relictis
3332 2653 3425 2709 his
3470 2672 3607 2728 quas

1943 2730 2327 2803 regnodigna
2361 2737 2518 2800 sunt,
2552 2733 2871 2804 praeferunt
2889 2752 2959 2793 ea
2985 2754 3120 2810 quae
3145 2740 3346 2812 ignem
3374 2760 3609 2815 prome-

1943 2827 2177 2878 rentur:
2202 2819 2337 2878 ideo
2355 2823 2535 2878 etiam
2566 2824 2644 2878 ab
2676 2823 2774 2880 illo
2797 2827 3155 2894 excidentes,
3173 2831 3250 2886 ad
3269 2832 3427 2889 hunc
3458 2851 3608 2891 con-

1942 2911 2328 2968 demnantur.
2351 2912 2568 2969 Deinde
2586 2929 2795 2970 rursus
2827 2931 3008 2974 causa
3027 2918 3208 2976 etiam
3239 2921 3478 2980 ultionis
3500 2941 3606 2997 po-

1941 3001 2121 3057 nitur.

2013 3089 2172 3146 Vers.
2213 3087 2304 3146 42.
2364 3091 2613 3149 Esurivi
2649 3124 2718 3135 —
2751 3089 2913 3154 Vers.
2957 3097 3044 3153 43.
3078 3115 3186 3157 me.
3243 3099 3374 3159 Non
3429 3102 3603 3173 dixit,

1942 3183 2069 3237 Non
2083 3179 2378 3237 liberastis
2390 3198 2486 3237 me
2507 3186 2876 3255 paupertate,
2896 3187 3243 3247 inﬁrmitate
3262 3209 3328 3248 ac
3343 3210 3603 3263 carcere,

1943 3269 2066 3324 sed.
2094 3271 2233 3335 Quae
2265 3274 2604 3329 necessaria
2627 3278 2765 3328 sunt
2798 3291 2920 3331 non
2971 3279 3327 3349 praebuistis,
3363 3300 3493 3356 qua
3518 3285 3604 3343 fa-

1942 3357 2075 3415 cilia
2105 3363 2240 3415 sunt
2271 3375 2393 3415 non
2407 3357 2648 3416 fecistis.
2677 3362 2932 3420 Primum
2960 3372 3158 3424 autem
3178 3369 3604 3431 misericordes

1939 3448 2248 3521 praedicat,
2275 3451 2592 3506 ostendens
2622 3451 2768 3508 boni
2810 3456 3001 3527 operis
3032 3456 3402 3532 facilitatem,
3434 3468 3497 3520 ut
3525 3463 3603 3522 ab

1939 3537 2040 3595 illo
2062 3537 2169 3595 hos
2200 3540 2582 3596 condemnet.

2012 3631 2172 3684 Vers.
2205 3629 2294 3685 44.
2332 3631 2493 3688 Tunc
2524 3663 2591 3672 —
2617 3631 2778 3688 Vers.
2840 3635 2930 3691 45.
2973 3637 3231 3706 fecistis.
3265 3641 3464 3700 Merito
3496 3643 3603 3717 qui

1941 3718 2279 3774 misericors
2307 3720 2432 3786 fuit,
2468 3737 2720 3792 regnum
2752 3725 3034 3796 possidet,
3069 3731 3212 3800 quia
3251 3731 3605 3792 charitatem

1940 3825 2075 3880 quae
2104 3810 2384 3865 virtutum
2439 3816 2620 3882 caput
2679 3815 2784 3880 est,
2847 3832 3026 3888 opere
3088 3821 3430 3893 complevit,
3473 3824 3604 3896 ejus

1941 3899 2101 3953 enim
2139 3914 2278 3970 pars
2305 3904 2392 3955 est
2436 3899 2840 3974 eleemosyna.
2904 3905 3015 3971 Qui
3045 3925 3185 3965 vero
3215 3910 3318 3968 fuit
3343 3914 3602 3971 immise-

1939 3986 2146 4056 ricors,
2181 3987 2240 4043 in
2271 3989 2471 4058 ignem
2508 3990 2820 4061 ablegatur
2851 4011 2863 4049 :
2897 3995 3042 4066 quia
3094 3998 3225 4055 loco
3270 4001 3604 4060 dilectionis

1941 4075 2146 4131 odium
2178 4078 2464 4149 possidet,
2494 4082 2660 4151 quod
2699 4087 2882 4153 caput
2912 4090 2999 4140 est
3050 4087 3351 4158 vitiorum,
3387 4099 3442 4148 et
3474 4094 3604 4164 ejus

1940 4169 2238 4238 praecipua
2260 4183 2398 4239 pars
2414 4174 2503 4224 est
2533 4169 2966 4228 inhumanitas.
2986 4174 3084 4230 Ille
3102 4193 3344 4251 quoque
3369 4182 3603 4238 miseri-

1941 4256 2184 4312 cordem
2211 4257 2666 4332 humanumque
2695 4262 2881 4316 Deum
2905 4263 3172 4320 imitatus
3213 4275 3340 4335 est;
3375 4271 3468 4327 hic
3500 4288 3604 4329 au-

1943 4350 2059 4402 tem
2091 4346 2633 4405 immisericordem
2673 4350 3196 4428 inhumanumque
3256 4358 3594 4421 diabolum.

2011 4435 2172 4491 Vers.
2215 4439 2303 4493 46.
2336 4437 2412 4492 Et
2438 4469 2505 4478 ——
2534 4443 2830 4497 mter-nam.
2884 4443 2979 4500 Va
3036 4446 3321 4503 omnibus
3354 4449 3604 4522 quidem

1939 4527 2377 4597 peccatoribus,
2413 4528 2674 4586 maxime
2742 4535 2945 4590 tamen
2999 4534 3599 4599 immisericordibus.

2012 4634 2166 4689 CAP.
2215 4637 2390 4690 XXVI.
2430 4637 2588 4692 Vers.
2646 4643 2692 4693 l.
2742 4641 2806 4696 Et
2845 4642 3075 4710 factum
3117 4653 3220 4701 est.
3255 4678 3324 4687 --
3352 4649 3594 4708 Vers.2.

1939 4722 2337 4794 cruci/ﬁgatur.
2396 4728 2543 4782 Cum
2592 4727 2780 4798 legale
2826 4731 3054 4789 Pascha
3101 4734 3338 4794 decimo
3383 4747 3598 4811 quarto

1938 4813 2162 4868 mensis
2191 4814 2497 4882 incideret,
2532 4816 2681 4873 sicut
2705 4819 2799 4874 lex
2843 4837 2980 4894 quae
3013 4824 3085 4879 de
3113 4824 3215 4882 illo
3244 4831 3445 4884 statuit
3487 4830 3604 4886 dis-

1939 4902 2202 4974 ponebat
2227 4921 2239 4959 :
2261 4903 2644 4962 manifestum
2671 4912 2935 4982 estquod
2958 4913 3083 4969 haec
3103 4915 3465 4974 duodecimo
3506 4920 3603 4976 die

1938 4994 2160 5049 mensis
2182 4993 2396 5050 dixerit
2419 4996 2745 5069 discipulis.
2775 5002 2895 5056 Hoc
2917 5002 3212 5074 siquidem
3237 5006 3601 5066 duodecimo

1937 5081 2032 5140 die
2054 5085 2115 5140 in
2128 5083 2312 5143 domo
2334 5084 2593 5144 Simonis
2609 5088 2853 5162 Leprosi
2875 5095 3158 5163 coenavit;
3177 5095 3412 5154 decimo
3429 5098 3602 5158 tertio

1455 5195 1673 5268 Variae
1712 5202 2044 5277 lectiones
2072 5217 2138 5277 et
2167 5221 2348 5281 notae

442 5316 805 5395 ᾼύτούςκριθο
834 5327 950 5387 τούς
979 5332 1203 5395 πένητας
1234 5339 1296 5390 Α.

279 5389 544 5488 έῖρλξῖἷῗ
568 5389 1086 5488 sﬂfﬂeﬁenius
1112 5389 1409 5488 “Bonum
1440 5426 1513 5469 ex
1544 5419 1824 5488 margine

208 5461 587 5562 etesiae;
603 5466 857 5562 sese:
871 5471 1137 5562 eses-mes
1161 5461 1827 5562 υοραιρἑιῐῆεῑῖἐέῖὸἑὶἓᾶ

209 5529 779 5628 ξανηξίεεηζηεζιιίίσὶ,
801 5546 856 5628 et
878 5541 1090 5612 abiecti
1103 5529 1254 5628 εει-ἠέ
1267 5529 1826 5628 ἷ’ἐι”ρ”ρἓι”ιὲἶῦἕίέἑ’ἇ’ἓ

207 5602 933 5704 ἀθερίσᾳθίιεε,Ιιαρργέιιινης
944 5602 1070 5704 'nen
1089 5602 1556 5704 decebat/it;
1565 5602 1741 5704 “301.093:
1755 5602 1827 5693 ‘32

209 5689 303 5768 eos
323 5694 394 5748 qu
403 5679 426 5731 τ’
444 5687 664 5768 mo'ntcls
689 5681 1055 5768 inhabitannt,
1075 5691 1176 5746 sed
1195 5679 1547 5768 tinuniqiierh

215 5751 361 5805 tium
392 5752 759 5819 esurientem,
777 5754 913 5813 sive
935 5759 1104 5828 fame
1127 5751 1532 5838 pfessumlﬁu

1929 5355 2308 5443 peregriqugn
2331 5378 2343 5414 :
2369 5359 2780 5443 Ιιοελίηᾳιιαγη,
2803 5364 3036 5443 fratres
3061 5375 3306 5436 vocat,et
3327 5373 3598 5443 primum

1933 5440 2029 5519 eos
2045 5426 2282 5519 tundat,
2297 5431 2401 5501 qui
2417 5431 2533 5519 piis
2546 5426 3035 5519 subuerterant-Lat
3050 5426 3602 5519 metit-£3215};

1934 5497 2152 5583 stitiam
2178 5497 2535 5583 demonstret
2568 5523 2640 5583 :_«
2676 5507 2892 5583 Venite,
2929 5497 3143 5583 inquit,
3181 5497 3600 5578 aliaalii;-

1938 5569 2048 5625 tris
2077 5571 2206 5652 mei,
2240 5579 2298 5652 et
2329 5583 2561 5652 caetera.
2586 5579 2818 5652 Quanto
2841 5569 3230 5652 bonolpoterit
3250 5569 3461 5647 ὴὶἦίιὲῆ
3489 5569 3600 5650 itch

1931 5644 2201 5724 pelvis/tri,
2235 5650 2301 5724 ιιι
2333 5644 2663 5724 teneamus
2692 5651 2790 5717 sis,
2829 5654 2996 5724 idque
3011 5644 3062 5712 ἀ
3092 5659 3296 5717 Patre.

2150 5713 2294 5802 βοά.
2333 5716 2657 5810 Α,·ιέόὶείτξνη
2670 5741 2746 5810 σε,
2776 5713 3109 5810 Μεξξηὶάθφ
3154 5713 3302 5810 ante
3332 5738 3421 5810 τῂν
3451 5755 3599 5810 τρισ-

1937 5781 2259 5847 καιδεκάτην
2308 5781 2522 5848 omittit
2566 5790 2644 5861 δέ,
2692 5800 2749 5852 et
2795 5795 2958 5856 addit
3011 5781 3304 5883 αιῖιεῗτῖοξρθ
3340 5781 3414 5881 ᾧ.
