4096 6442
495 352 603 411 643
1538 402 1541 405 ,
1808 346 2116 409 EUTYHMI

2231 343 2536 413 ZIGABENI
3775 346 3883 407 644

498 495 637 537 vero
667 478 829 551 apud
861 495 995 536 eum
1028 477 1089 535 in
1119 477 1292 551 cujus
1320 476 1504 535 domo
1531 477 1821 535 intratum
1851 480 1940 533 est
1969 492 2116 534 casm

2231 513 2241 533 .
2275 473 2334 530 δε
2382 478 2476 536 τὴν
2514 470 2983 550 τρισκαιδεκάτην,
3030 471 3155 547 παρ’
3190 472 3231 546 ᾧ
3292 474 3350 527 τὸ
3390 471 3707 551 ίστρωμὲνον
3749 473 3884 529 ὄινώ-

496 569 722 635 culum,
748 568 928 626 veluti
962 569 1145 641 paulo
1177 574 1308 641 post
1334 567 1845 625 demonstrabitur
1878 584 1889 623 :
1922 567 2116 625 decim

2272 587 2435 639 γαιον,
2480 570 2548 630 ὡς
2595 566 2702 639 μετ’
2751 564 2808 618 ού
2856 565 2984 619 πολὺ
3032 561 3421 637 δειχθήσεται⁸
3452 567 3587 617 κατά
3617 569 3710 624 τὴν
3756 584 3881 619 τεσ-

493 664 704 731 quarto
725 666 925 716 autem
949 659 1151 715 incidit
1172 658 1419 716 Pascha.
1441 658 1594 715 Dixit
1621 662 1821 715 autem
1843 657 1958 715 hoc
1981 659 2110 729 sign

2272 653 2756 732 σαρεσκαιδεκάτην
2808 651 2867 708 δὲ
2916 658 2974 708 τό
3034 655 3237 725 Πάσχα
3286 656 3582 710 συνέπεσεν.
3633 650 3760 709 Εἷπε
3818 650 3882 708 δε

493 748 685 805 ﬁcans
718 750 1121 822 propinquam
1155 765 1280 805 esse
1314 754 1568 805 mortem
1601 765 1769 806 suam
1802 765 1815 815 ;
1847 764 1991 805 nam
2027 750 2116 821 ips

2266 755 2435 815 τοῦτο,
2496 750 2762 820 σημαίνων
2811 744 2965 817 ἐγγύς
3013 740 3175 798 οὖσαν
3220 746 3313 802 τὴν
3366 743 3551 797 ἑαυτοῦ
3613 742 3877 804 τελευτήν.

492 839 701 909 legalis
733 840 977 896 Pascha:
1008 844 1271 911 tempore
1300 855 1589 912 passurus
1610 843 1740 895 erat
1766 842 1821 895 et
1851 838 1996 910 ipse.
2027 841 2111 895 No

2266 837 2350 893 Ἐν
2400 837 2539 908 αύτῷ
2577 838 2679 911 γὰρ
2723 843 2793 907 τῷ
2842 842 3009 909 καιρῷ
3042 842 3133 887 τοῦ
3177 841 3394 906 νομικοῦ
3438 835 3640 907 Πάσχα
3690 837 3879 888 παθεῖν

494 935 699 985 autem
731 929 1072 1001 simpliciter
1102 929 1251 985 dixit
1283 946 1296 984 :
1339 930 1637 990 Traditur.
1673 928 1777 985 sed
1808 927 2056 995 addidit,
2091 945 2116 984 ι

2264 926 2433 1000 ἔμελλε
2484 931 2575 979 καὶ
2623 926 2801 987 αὑτός.
2851 924 2961 977 Ούκ
3020 920 3126 978 εἷπε
3176 920 3235 976 δε
3284 923 3453 985 ἁπλῶς
3501 925 3582 976 ὅτι
3633 920 3877 997 Παραδί-

492 1019 903 1091 cruciﬁgatur.
918 1021 941 1075 J
951 1020 1131 1075 udasis
1144 1020 1302 1075 enim
1317 1026 1516 1091 aperte
1541 1019 1787 1092 quidem
1802 1018 2054 1075 traditus
2068 1035 2116 1074 es

2264 1013 2435 1082 δοται,
2503 1014 2611 1067 ἀλλ’
2678 1016 2758 1067 ὃτι
2829 1013 2898 1076 εἰς
2955 1017 3012 1066 τό
3074 1014 3462 1087 σταυρωθῆναι.
3518 1011 3879 1087 Ἀπλῶς,μεν

491 1116 626 1181 post
654 1126 839 1165 unum
875 1110 1048 1176 diem,
1080 1109 1350 1165 videlicet
1378 1109 1609 1165 decimo
1640 1110 1828 1165 tertio.
1859 1108 2007 1163 Nam
2036 1108 2116 1165 ho

2258 1109 2360 1181 γὰρ
2428 1102 2698 1181 παρεδόθη
2776 1111 2885 1166 τοῖς
2944 1098 3219 1163 Ἰουδαίοις
3282 1105 3413 1175 μετά
3469 1105 3595 1175 μίαν
3653 1103 3873 1176 ἡμέραν,

487 1199 689 1255 adhuc
715 1200 979 1265 durante,
1017 1206 1343 1273 postquam
1384 1215 1520 1255 cum
1556 1197 1857 1271 discipulis
1898 1199 2116 1270 mystic.

2259 1200 2426 1269 ἤγουν
2474 1195 2523 1249 ἐν
2554 1202 2615 1269 τῇ
2645 1190 3088 1271 τρισκαιδεκάτῃ.
3137 1194 3342 1253 Ταύτης
3370 1195 3471 1266 γὰρ
3516 1190 3875 1265 ἐνισταμένης,

483 1304 655 1345 coena
675 1289 1248 1357 communicaverat,
1282 1288 1533 1346 traditus
1563 1295 1650 1344 est
1674 1286 2116 1345 insidiatoribus

2256 1288 2386 1360 μετά
2449 1288 2509 1339 τό
2573 1292 2889 1343 κοινωνῆσαι
2959 1290 3069 1345 τοῖς
3125 1284 3389 1357 μαθηταῖς
3446 1289 3539 1335 τοῦ
3604 1289 3875 1356 μυστικοῦ

481 1384 545 1435 ut
569 1384 773 1436 autem
794 1379 1260 1449 cruciﬁgeretur,
1284 1378 1537 1435 traditus
1560 1382 1649 1435 est
1664 1383 1794 1449 post
1819 1377 1973 1434 duos
1991 1377 2116 1435 dies

2258 1372 2470 1430 δείπνου
2527 1370 2795 1452 παρεδόθη
2845 1379 2953 1435 τοῖς
3005 1370 3329 1433 ἐπιϐούλοις·
3374 1371 3441 1433 εἰς
3486 1367 3547 1425 δε
3592 1374 3650 1424 τὸ
3703 1391 3873 1425 σταυ-

479 1468 881 1525 duodecimun
925 1469 1149 1526 scilicet
1177 1483 1248 1525 ac
1291 1468 1593 1525 decimum
1647 1467 1900 1523 tertium.
1935 1467 2016 1523 De
2046 1467 2116 1525 de

2253 1468 2487 1540 ρωθῆναι
2538 1460 2831 1539 παρεδόθη,
2896 1464 3028 1538 μετὰ
3078 1458 3176 1515 δύο
3225 1464 3423 1525 ταύτας
3479 1462 3692 1536 ἡμέρας,
3744 1465 3869 1519 ἤτοι

477 1560 639 1615 cimo
667 1565 877 1631 quarto
898 1559 1059 1617 enim
1090 1558 1239 1615 dixit
1266 1558 1643 1629 Evangelista
1668 1574 1681 1613 :
1706 1557 1867 1615 Tunc
1891 1557 2116 1615 absolvi

2253 1560 2385 1630 μετά
2440 1561 2534 1616 τὴν
2589 1551 2898 1613 δωδεκάτην
2950 1556 3039 1607 καὶ
3092 1556 3187 1612 τὴν
3239 1548 3705 1629 τρισκαιδεκάτην,
3778 1551 3867 1608 Ἑν

478 1648 596 1704 illis
625 1649 955 1706 Barabbam
995 1666 1008 1716 ;
1052 1650 1243 1706 Jesum
1281 1657 1467 1707 autem
1485 1648 1749 1721 ﬂagellis
1779 1663 1989 1706 caesum
2023 1653 2116 1705 ira

2252 1654 2315 1720 τῇ
2379 1640 2933 1721 τεσσαρεσκαιδεκάτη
2988 1644 3091 1719 γὰρ
3155 1646 3313 1716 φησὶν
3368 1643 3394 1696 6
3450 1641 3864 1716 εύαγγελιστής·

478 1738 632 1796 didit
657 1744 719 1796 ut
751 1741 1203 1812 cruciﬁgeretur
1232 1739 1276 1776 ⁸³
1294 1782 1309 1798 .

2250 1740 2377 1791 Τότε
2409 1735 2659 1789 ἀπέλυσεν
2686 1734 2887 1807 ξαύτοῖς
2916 1736 3001 1788 τόν
3053 1730 3325 1809 Βαραϐϐᾶν
3382 1731 3495 1806 (73)
3527 1733 3554 1785 6
3598 1732 3823 1797 Πιλάτος
3846 1747 3863 1763 ⁸

2172 1839 2216 1897 Β
2250 1828 2337 1878 τόν
2402 1822 2460 1878 δὲ
2524 1824 2729 1884 Ἰησοῦν
2798 1822 3137 1900 φραγελώσας
3201 1821 3319 1896 (74)
3374 1818 3698 1897 παρέδωκεν,
3779 1825 3871 1877 ἵνα

549 2045 713 2103 Vers.
751 2046 916 2103 Tunc
937 2045 1271 2119 congregati
1289 2049 1423 2102 sunt
1441 2075 1509 2086 —
1528 2046 1684 2101 Vers.
1710 2048 1762 2100 4.
1788 2045 2135 2102 occiderent.

475 2133 622 2191 Cum
666 2134 762 2192 lex
795 2137 1052 2206 juberet,
1104 2140 1171 2191 ut
1216 2151 1369 2190 unus
1422 2134 1702 2208 princeps
1751 2134 2136 2192 sacerdotum

470 2226 925 2281 constitueretur
957 2225 1153 2297 quoad
1182 2225 1424 2290 viveret,
1475 2224 1590 2281 hoc
1638 2232 1834 2282 autem
1874 2229 2132 2291 mortuo,

464 2314 614 2370 alter
641 2314 775 2372 loco
802 2316 931 2387 ejus
962 2319 1287 2387 crearetur,
1314 2315 1501 2371 Judaai
1550 2314 1746 2385 legem
1773 2320 2133 2378 everterunt,

464 2407 525 2459 et
549 2419 820 2461 annuam
849 2405 1113 2461 fecerunt
1147 2405 1370 2461 summi
1396 2404 1713 2461 sacerdotii
1755 2405 2131 2473 dignitatem-

469 2491 632 2549 Unde
689 2493 1009 2549 verisimile
1039 2498 1127 2550 est
1182 2492 1349 2567 quod
1396 2493 1567 2550 multi
1611 2498 1748 2550 tunc
1795 2499 1981 2561 erant,
2036 2494 2133 2567 qui

466 2597 711 2638 summo
738 2582 923 2640 functi
945 2583 1181 2640 fuerant
1205 2583 1555 2652 sacerdotio,
1585 2584 1689 2640 sed
1724 2585 1853 2656 jam
1874 2585 2133 2657 comple-

464 2674 679 2726 verant
696 2671 1085 2728 ministerium
1117 2672 1281 2745 quod
1310 2673 1545 2730 fuerant
1562 2673 1769 2741 sortiti,
1792 2690 1946 2748 quos
1972 2690 2131 2731 nunc

465 2759 770 2832 principes
786 2762 1160 2818 sacerdotum
1183 2762 1561 2835 Evangelista
1599 2764 1949 2821 nominavit.
1983 2764 2132 2822 Scri-

466 2847 573 2903 bas
612 2855 813 2905 autem
848 2850 985 2907 dicit
1012 2850 1159 2922 legis
1188 2852 1464 2909 doctores
1508 2870 1524 2919 ;
1560 2853 1823 2910 seniores
1853 2870 1993 2910 vero
2025 2871 2130 2927 po-

468 2938 615 3010 puli,
649 2940 931 3011 antiquos
970 2958 1040 2996 ac
1072 2940 1458 3013 sapientiores
1511 2945 1649 3015 :qui
1694 2960 1904 2999 omnes
1951 2944 2130 3001 simul

469 3036 607 3085 tunc
638 3033 977 3101 congregati
1010 3037 1148 3087 sunt
1175 3032 1254 3088 ad
1286 3032 1638 3105 Caiapham,
1667 3034 1769 3106 qui
1804 3040 1944 3091 tunc
1971 3041 2127 3092 sorte

468 3119 889 3191 pontiﬁcatum
934 3122 1326 3192 gubernabat,
1379 3124 1457 3179 ab
1488 3124 1603 3180 hoc
1649 3123 1910 3180 volentes
1950 3126 2126 3183 caedis

2253 1916 2554 1991 σταυρωθῇ.

2320 2028 2447 2076 Τότε
2514 2024 2864 2095 συνήχθησαν
2929 2052 2982 2063 -
3047 2020 3445 2076 ἀποκτείνωσιν.
3516 2026 3620 2075 Τοῦ
3698 2024 3870 2095 νόμον

2250 2112 2535 2176 κελεύοντος
2566 2114 2652 2166 ἕνα
2701 2111 2951 2187 ἀρχιερέα
3002 2112 3363 2167 καθίστασθαι
3411 2113 3607 2187 μέχρις
3654 2112 3716 2164 ἄν
3770 2113 3868 2183 ζῇ,

2249 2206 2434 2257 τούτου
2519 2200 2578 2255 δε
2637 2201 3054 2269 τελευτήσαντος,
3124 2201 3289 2277 ἕτερον
3356 2198 3863 2273 ἀντικαθίστασθαι,

2246 2294 2543 2367 παρέλυσαν
2595 2288 2845 2347 Ἰουδαῖοι
2900 2294 2985 2344 τόν
3029 2294 3204 2363 νόμον,
3236 2295 3327 2344 καὶ
3381 2288 3706 2344 ἐνιαυσιαίαν
3760 2295 3865 2351 τὴν

2246 2382 2643 2460 ἀρχιερωσύνην
2696 2381 2967 2441 ἐποίησαν.
3032 2380 3184 2435 Ὀθεν
3251 2380 3388 2443 εἰκὸς
3439 2379 3661 2443 πολλοὺς
3726 2378 3864 2436 εἶναι

2243 2477 2366 2537 τοὺς
2428 2474 2937 2549 ἀρχιερατεύσαντας
3002 2473 3114 2545 μεν,
3173 2469 3583 2547 πεπληρωκότας
3641 2466 3701 2523 δι
3756 2475 3859 2530 τήν

2241 2562 2516 2637 λαχοῦσαν
2565 2563 2910 2637 λειτουργίαν,
2965 2562 3051 2623 οὓς
3101 2567 3189 2613 νῦν
3236 2558 3502 2639 ἀρχιερεῖς
3550 2560 3577 2613 ό
3636 2558 3862 2633 nith

2240 2652 2429 2717 λιστης
2478 2653 2736 2726 ὠνόμασε.
2792 2658 3122 2728 Γραμματεῖς
3177 2647 3237 2705 δε
3282 2649 3419 2723 λέγει
3462 2652 3584 2713 τοὺς
3633 2646 3856 2725 νομοδι-

2244 2740 2577 2805 δασκάλους’
2672 2741 3052 2819 πρεσϐυτέρους
3145 2737 3205 2794 δὴ
3300 2746 3394 2793 τοῦ
3489 2739 3638 2807 λαοῦ,
3728 2742 3854 2804 τούς

2238 2837 2491 2908 γηραιοὺς
2531 2833 2643 2905 (75)
2674 2837 2765 2885 καὶ
2814 2834 3211 2906 συνετωτέρους,
3239 2830 3289 2882 οἶ
3339 2830 3525 2893 πάντες
3555 2831 3685 2902 ὁμοῦ
3732 2835 3856 2885 τότε

2242 2925 2592 2997 συνήχθησαν
2653 2924 2798 2995 παρά
2847 2930 2920 2993 τῷ
2983 2922 3213 2993 Καῖάφᾳ,
3282 2924 3375 2979 τὴν
3449 2919 3853 2995 ἀρχιερωσῦνην

2236 3022 2525 3072 τηνικαῦτα
2582 3012 2950 3085 κεκληρωμένῳ
3017 3011 3133 3083 (76)
3208 3006 3404 3062 διέπειν
3485 3010 3585 3061 ὑπὸ
3658 3009 3851 3061 τούτου

2241 3104 2460 3164 θέλοντες
2491 3106 2548 3155 τό
2590 3109 2680 3154 τοῦ
2712 3106 2865 3174 φόνου
2899 3099 3071 3153 λαϐεῖν
3115 3095 3414 3172 ἐνδόσιμον,
3461 3096 3543 3172 ὑφ’
3585 3098 3645 3151 οὗ
3675 3097 3853 3151 κωλυ-

466 3225 684 3266 ansam
702 3228 932 3283 capere,
955 3228 991 3268 a
1017 3228 1137 3285 quo
1155 3213 1353 3285 potius
1384 3230 1486 3270 eos
1517 3214 1819 3287 prohiberi
1841 3218 2116 3289 oportuit.

2240 3196 2391 3253 θῆναι
2450 3191 2640 3265 μᾶλλον
2689 3191 2877 3267 ἔχρῆν.
2937 3190 3074 3262 Δόλῳ
3146 3185 3206 3242 δε
3260 3190 3520 3263 κράτησιν
3578 3184 3685 3240 εἶπε
3748 3190 3851 3245 τὴν

461 3298 746 3357 Dolosam
800 3308 1003 3358 autem
1051 3303 1590 3375 apprehensionem
1641 3306 1785 3361 dixit
1830 3306 2125 3364 occultam

458 3391 800 3461 captionem
832 3408 845 3446 :
880 3408 1017 3448 eam
1048 3393 1209 3448 enim
1239 3409 1373 3466 quas
1398 3394 1460 3450 in
1510 3396 1831 3468 propatulo
1862 3396 2029 3454 ﬁeret
2058 3398 2124 3454 ti-

454 3480 720 3550 mebant,
772 3487 1015 3553 propter
1054 3482 1185 3554 ejus
1230 3483 1579 3557 discipulos,
1622 3490 1679 3543 et
1709 3503 1811 3545 eos
1842 3489 1943 3562 qui
1974 3488 2121 3546 alias

449 3568 621 3625 illum
654 3572 1081 3643 sequebantur.

482 3680 483 3683 η
520 3658 747 3715 Vers.5.
776 3660 1059 3718 Dicebant
1078 3693 1147 3702 —
1167 3664 1408 3733 populo.
1442 3664 1727 3723 Dicebant
1748 3671 1969 3735 autem,
1991 3671 2119 3727 Non

448 3747 512 3804 in
541 3749 637 3805 die
668 3750 840 3820 festo,
891 3751 1160 3808 videlicet
1189 3752 1312 3809 fiat.
1356 3755 1641 3812 Omnibus
1671 3758 1829 3813 enim
1874 3758 1934 3814 in
1964 3758 2118 3817 festo

449 3837 693 3895 Pascha:
732 3840 1001 3914 undique
1056 3846 1429 3916 congregatis
1478 3847 1844 3918 contingeret
1896 3848 2117 3906 multos

448 3929 662 3987 adesse
710 3932 815 4005 qui
850 3934 1051 3989 Jesum
1096 3941 1504 4006 sequerentur.
1550 3938 1840 3995 Prmterea
1875 3956 2115 4014 quoque

447 4019 564 4076 nisi
598 4020 821 4077 factum
848 4029 1003 4079 esset
1050 4027 1375 4093 occultum,
1424 4033 1654 4083 certum
1699 4028 1783 4084 eis
1831 4034 1957 4086 erat
1997 4036 2115 4087 tur-

443 4107 715 4167 bandum
741 4113 1048 4184 populum,
1080 4114 1185 4187 qui
1206 4115 1336 4172 illos
1366 4115 1837 4185 abominaretur,
1864 4135 1989 4176 non
2018 4137 2113 4177 so-

440 4197 567 4256 lum
598 4202 765 4275 quod
812 4202 1117 4260 insontem
1162 4205 1540 4273 occidissent,
1591 4208 1698 4263 sed
1729 4207 1912 4265 etiam
1942 4210 2111 4282 quod

436 4289 493 4346 in
521 4290 672 4348 festo
700 4292 989 4365 fecissent,
1024 4310 1148 4367 quo
1185 4303 1538 4353 consuetum
1591 4301 1718 4355 erat
1743 4298 1923 4355 etiam
1972 4316 2111 4357 con-

434 4381 790 4438 demnatum
813 4383 873 4439 in
894 4385 1026 4456 eius
1049 4384 1341 4442 honorem
1362 4386 1693 4445 absolvere.
1735 4390 1934 4461 itaque
1981 4407 2104 4449 non

2233 3283 2486 3358 λαθραίαν
2551 3283 2917 3353 κατάσχεσιν·
2978 3284 3072 3338 τὴν
3133 3280 3236 3354 γὰρ
3301 3279 3357 3331 ix
3408 3284 3502 3331 τοῦ
3554 3281 3851 3351 προφανοῦς

2233 3372 2588 3446 ἄφυλάσσοντο
2625 3368 2719 3425 διὰ
2748 3373 2866 3431 τοὺς
2902 3370 3145 3443 μαθητὰς
3174 3367 3333 3421 αὐτοῦ
3374 3371 3465 3421 καὶ
3501 3368 3623 3428 τοὺς
3676 3363 3851 3428 ἄλλως

2233 3462 2477 3535 ἑπομένου
2487 3483 2526 3525 ς.

2300 3587 2509 3660 Ἔλεγον
2566 3618 2635 3627 —-
2680 3583 2809 3657 λαῷ,
2871 3581 3081 3657 Ἔλεγον
3143 3579 3223 3652 δε,
3278 3586 3365 3641 Μὴ
3425 3578 3474 3633 ἓν
3660 3578 3841 3655 ἕορτῇ,

2231 3674 2440 3737 δηλαδὴ
2508 3677 2750 3749 γενέσθω.
2812 3680 3022 3727 Παντων
3085 3676 3186 3749 γὰρ
3243 3672 3573 3744 πανταχόθεν
3655 3669 3702 3722 έν
3767 3678 3837 3743 τῇ

2229 3768 2377 3843 ἑορτῇ
2435 3774 2526 3820 τοῦ
2586 3768 2785 3837 Πάσχα
2838 3764 3255 3836 συνειλεγμένων,
3314 3759 3579 3815 συνίϐαίνε
3619 3757 3843 3822 πολλοὺς

2229 3855 2358 3911 εἶναι
2388 3861 2505 3931 περὶ
2535 3859 2621 3908 τόν
2673 3855 2897 3925 Ἰησοῦν,
2932 3853 3097 3916 ἄλλως
3144 3872 3200 3906 τε
3244 3856 3356 3921 καὶ,
3389 3854 3461 3925 μὴ
3505 3851 3843 3913 λανθάνόντος

2224 3958 2314 4002 του
2344 3950 2671 4022 πράγματος,
2724 3945 2817 3999 οὐκ
2872 3941 3275 4021 ἀπροσδόκητον
3329 3938 3391 4001 ἧν
3433 3940 3632 4005 αὐτοῖς,
3671 3960 3843 4017 ταρα-

2222 4041 2425 4112 χθῆναι
2452 4041 2539 4090 τόν
2595 4036 2739 4102 λαόν,
2797 4036 3145 4108 μυσαχθέντα
3196 4036 3433 4098 τούτους,
3480 4031 3538 4085 ού
3568 4034 3722 4104 μόνον
3752 4032 3844 4085 ὅτι

2224 4128 2389 4182 ἀθῶον
2422 4126 2640 4193 ἀνεῖλον,
2691 4124 2799 4178 ἀλλ’
2829 4126 2909 4179 ὅτι
2940 4130 3031 4177 καὶ
3072 4123 3121 4176 έν
3165 4130 3227 4196 τῇ
3281 4122 3451 4196 ἑορτῇ,
3500 4120 3617 4174 καθ’
3648 4122 3711 4180 ἣν
3740 4125 3841 4176 καὶ

2220 4214 2505 4271 κατάδικον
2578 4216 2645 4277 εἰς
2714 4218 2871 4289 τίμὴν
2932 4214 3088 4276 αὐτῆς
3162 4212 3402 4266 ἀπολύειν
3462 4211 3678 4273 σύνηθες
3746 4206 3837 4269 ἦν,

2220 4307 2399 4370 Οὕτως
2447 4306 2505 4359 ού
2536 4308 2623 4359 τόν
2672 4308 2814 4371 Θεὸν,
2868 4303 2996 4357 ἀλλὰ
3040 4306 3156 4365 τούς
3200 4301 3505 4379 ἀνθρώπους
3550 4309 3836 4372 πανταχοῦ

2216 4396 2513 4471 φοϐοῦνται.
2566 4394 2705 4450 Ἀλλ’
2736 4394 2780 4448 εἰ
2817 4399 2906 4448 καὶ
2936 4402 3091 4447 τοῦτο
3137 4391 3269 4446 οὕτω
3315 4395 3640 4467 κεκρίκασιν,
3688 4391 3836 4463 ὅμως

434 4469 644 4539 Deum,
678 4473 782 4528 sed
824 4472 1100 4531 homines
1145 4475 1365 4550 ubique
1409 4478 1635 4535 timent.
1670 4480 1879 4536 Verum
1911 4498 2101 4555 quan-

2231 4488 2304 4540 μύκ
2364 4486 2646 4560 ἀνέμειναν,
2703 4483 2807 4537 ἀλλ’
2873 4484 3095 4560 εὑρόντες
3143 4485 3229 4535 τὸν
3290 4478 3577 4557 προδότην,
3657 4482 3831 4557 ἣρπα-

433 4575 621 4633 quam
653 4561 734 4618 ita
769 4568 1123 4635 statuerunt,
1165 4582 1290 4623 non
1331 4571 1531 4624 tamen
1573 4576 2094 4643 exspectaverunt,

433 4650 541 4706 sed
586 4650 826 4710 invento
871 4654 1178 4727 proditore
1225 4657 1609 4715 occasionem
1655 4666 2005 4733 rapuerunt,
2039 4667 2097 4720 et

429 4739 660 4799 invidiae
690 4743 855 4800 rabie
899 4744 979 4801 ad
1020 4746 1323 4802 insaniam
1355 4748 1681 4821 redigente,
1721 4751 1871 4824 quid
1914 4769 2095 4826 expe-

430 4830 600 4899 diret,
630 4849 749 4890 non
777 4834 1080 4891 viderunt:
1112 4837 1218 4893 sed
1249 4836 1411 4894 hunc
1444 4838 1504 4894 in
1530 4839 1675 4897 festo
1710 4842 2092 4901 immolantes

427 4920 640 4979 furoris
668 4924 1168 4995 magnitudinem,
1201 4942 1382 4999 quem
1421 4929 1712 4987 adversus
1739 4946 1876 4988 eum
1922 4948 2089 5003 gere-

426 5009 594 5079 bant,
638 5013 1151 5071 demonstrarunt.
1187 5016 1511 5087 Oportebat
1542 5020 1725 5089 enim,
1762 5022 2087 5092 oportebat,

424 5099 1024 5175 inquam,salutarem
1038 5106 1261 5175 Agnum
1278 5105 1335 5162 in
1349 5106 1445 5163 die
1458 5106 1868 5167 immolationis
1883 5110 2089 5183 legalis

423 5193 564 5262 agni
589 5194 887 5252 immolari
921 5212 934 5254 :
965 5200 1165 5252 utente
1200 5195 1261 5252 in
1284 5196 1401 5254 hoc
1430 5198 1656 5257 malitia
1686 5200 1927 5261 illorum
1967 5202 2090 5261 Sal-

496 5368 541 5409 ⁸¹
568 5371 769 5430 Matth.
802 5388 975 5439 xxvu,
1002 5376 1094 5431 26.

2212 4597 2307 4631 σαν
2361 4579 2446 4629 τὸν
2500 4577 2681 4648 καιρόν
2736 4573 2869 4647 (77),
2926 4578 3016 4626 καὶ
3082 4580 3175 4634 τῆς
3231 4579 3323 4624 τοῦ
3371 4572 3559 4644 φθόνου
3616 4568 3832 4634 λύσσης

2208 4665 2685 4739 ἀναϐακχευσάσης
2740 4663 2946 4731 αὐτούς,
2999 4666 3088 4716 καὶ
3127 4664 3185 4715 τὸ
3233 4664 3498 4736 μσυφέρον
3529 4659 3824 4733 ἠγνόησαν,

2204 4762 2295 4810 καὶ
2353 4754 2401 4809 ἓν
2451 4762 2512 4829 τῇ
2570 4754 2715 4831 ἑορτῇ
2782 4760 2962 4806 τοῦτον
3014 4754 3419 4819 καταθύσαντες,
3477 4747 3676 4814 ἔδειξαν
3727 4756 3828 4813 τῆς

2202 4845 2320 4899 κατ’
2372 4844 2532 4897 αὐτοῦ
2584 4847 2772 4918 μανίας
2823 4848 2917 4903 τήν
2974 4841 3282 4918 ὑπερϐολήν.
3340 4837 3490 4895 Ἔδει
3532 4842 3655 4914 γὰρ,
3709 4834 3827 4893 ἔδει

2203 4938 2289 4988 τὸν
2339 4939 2595 5010 σωτήριον
2646 4934 2834 5007 Ἀμνόν
2884 4932 2933 4986 ἐν
3099 4934 3270 5009 ἡμέρᾳ
3312 4941 3406 4995 τῆς
3458 4938 3552 4984 τοῦ
3603 4937 3827 5003 νομικοῦ

2203 5023 2369 5099 ἀμνοῦ
2419 5026 2608 5086 θυσίας
2642 5023 3017 5091 θυσιασθῆναι,
3070 5029 3162 5075 τοῦ
3203 5029 3439 5096 Σωτῆρος
3471 5023 3826 5097 χρησαμένου

2199 5123 2259 5189 τῇ
2314 5116 2515 5169 ἐκείνων
2570 5119 2797 5191 πονηρίᾳ
2822 5117 2947 5190 πρὸς
3004 5117 3098 5173 τὴν
3130 5113 3318 5166 οἰκείαν
3365 5112 3682 5185 οἰκονομίαν,
3737 5111 3831 5167 ἵνα

2198 5208 2401 5270 πάντως
2453 5207 2480 5260 ό
2507 5208 2677 5271 τύπος
2721 5204 3049 5267 καταλλήλως
3090 5202 3221 5278 λαϐῇ
3275 5202 3388 5278 (78)
3443 5207 3537 5263 τὴν
3580 5200 3823 5261 ἔκϐασιν.

1646 5493 1871 5568 Variae
1899 5496 2229 5571 lectiones
2260 5508 2550 5583 etnotae.

494 5605 603 5679 (73)
638 5605 891 5679 Βαραϐἄν,
924 5606 1067 5664 Cod.
1097 5608 1163 5665 A.

518 5680 607 5749 74)
634 5683 715 5735 lta
740 5684 993 5752 uterque
1025 5682 1205 5741 etiam
1232 5681 1293 5741 in
1328 5686 1626 5743 contextu.

518 5680 607 5749 74)
634 5678 717 5735 lta
750 5684 993 5752 uterque
1025 5682 1139 5738 etin

494 5678 607 5833 (75)
638 5750 779 5809 Cod.
808 5750 876 5819 Α,
907 5754 1146 5829 γηρεούς,

2262 5619 2377 5692 (76)
2420 5617 2565 5692 god.
2589 5620 2653 5692 Α,
2682 5614 3085 5692 πεπληρωμένῳ.

2265 5689 2378 5768 (77)
2414 5689 2667 5768 .‘A,
2699 5689 2942 5768 ἥρπασαν
2968 5694 3059 5768 κερ
3087 5692 3174 5768 τρν
3203 5694 3405 5768 καιρόν,

2261 5759 2376 5839 (78)
2414 5759 2662 5839 Ἐκϐοἱλη,
2690 5759 2802 5835 ι)Ϊο
2825 5759 2984 5838 λάϐῃ,
3015 5761 3160 5821 Cod.
3190 5766 3259 5821 Α.
