4096 6382
193 334 303 393 645

1302 318 1677 391 COMMENT.
1719 318 1790 387 IN
1831 309 2280 393 MATTHEUM.
2326 342 2395 352 —
2432 308 2590 369 CAP.
2629 305 2830 366 XXVI.

3483 304 3589 364 646

195 464 313 535 Χρὴ
345 456 408 513 δε
456 461 545 513 καὶ
585 462 739 511 τοῦτο
774 450 1009 510 συνιδεῖν
1058 454 1159 524 ὅτι,
1220 452 1467 513 πολλάκις
1522 453 1612 525 μὲν
1660 448 1815 501 αὐτὸν

1938 444 2131 499 vatore
2162 438 2240 496 ad
2271 453 2442 494 suam
2474 434 2975 507 gubernationem
3020 449 3034 489 :
3068 435 3133 489 ut
3159 431 3377 503 ﬁgura,
3406 433 3589 490 modo

192 556 492 623 κατασχεῖν
572 548 898 614 θελήσαντες,
979 545 1073 598 ούκ
1154 541 1521 604 ἠδυνήθησαν·
1595 540 1654 595 ού
1711 542 1812 612 ’γὰρ

195 640 355 702 αὐτὸς
410 638 585 698 ἠθελεν
620 657 633 671 ·
664 639 747 690 ὅτε
807 633 868 689 δέ
926 636 1083 696 αὐτὸς
1140 634 1387 704 ἠθέλησε,
1442 637 1557 685 τότε
1612 633 1810 703 καὶμὴ

195 730 427 792 θέλοντες
478 728 648 793 αύτοὶ,
726 730 815 779 xui
887 728 987 800 γὰρ
1042 724 1393 798 ἐφυλάσσοντο
1461 726 1554 781 την
1609 720 1811 795 ἑορτὴν,

192 822 262 881 ὡς
302 822 534 893 εῖρηται,
570 820 830 888 συνέσχον
869 815 1051 873 αὐτὸν.
1104 817 1182 867 Τὰ
1239 814 1373 866 αὐτὰ
1421 809 1481 866 δὲ
1510 816 1600 864 καὶ
1649 810 1812 881 ὁ(79)

190 911 411 984 Μάρκος
443 912 563 981 περὶ
600 910 787 960 τούτου
842 910 1022 979 φησίν.
1068 903 1126 957 Ὀ
1155 901 1214 957 δέ
1259 923 1318 976 γε
1368 909 1595 967 Λουκᾶς,
1642 900 1814 953 ἐπιτό-

187 1018 298 1071 μως
352 998 526 1064 εἰπὼν,
607 1000 734 1070 πρὸς
815 999 900 1048 τὸν
960 990 1163 1047 Ἰούδαν
1220 991 1584 1067 μεταϐέϐηκεν.
1648 992 1709 1043 Ὀ
1764 986 1814 1042 δ’

190 1089 435 1149 Ἰωάννης
464 1094 618 1139 τοῦτο
673 1088 762 1158 μεν
820 1087 879 1137 τὸ
919 1083 1192 1157 κεφάλαιον
1264 1091 1513 1157 παρῆκεν.
1575 1083 1645 1143 ὡς
1706 1087 1816 1141 τοῖς

185 1178 369 1240 ἄλλοις
400 1177 687 1253 εἰρημένον,
723 1177 749 1228 ὃ
790 1179 881 1227 καὶ
934 1174 982 1227 ἐν
1036 1173 1245 1236 πολλοῖς
1300 1173 1470 1233 ἄλλοις
1520 1171 1818 1245 κεφαλαίοις

187 1268 412 1327 ἐποίησε
473 1283 487 1294 ·
542 1264 973 1342 μακροϐιώτατος
1003 1267 1103 1339 γὰρ
1151 1268 1415 1337 γενόμενος
1451 1262 1660 1333 ἐνέτυχε
1701 1268 1817 1324 ταῖς

190 1356 405 1431 βίϐλοις
465 1355 654 1425 αὐτῶν,
715 1358 785 1417 ὡς
845 1354 895 1407 ἓν
943 1362 1014 1427 τῷ
1069 1358 1327 1428 προοιμίῳ
1376 1360 1472 1415 τῆς
1544 1353 1820 1426 παρούσης

192 1446 390 1522 βίϐλου
420 1446 974 1522 παρεσημειωσάμεθα
1015 1462 1026 1474 ·
1062 1443 1234 1511 ἐτέρου
1277 1440 1336 1497 δε
1378 1443 1531 1516 λόγου
1575 1442 1818 1513 ἅπτεται,

189 1543 290 1591 καὶ
340 1539 408 1591 τὰ
449 1541 568 1613 περὶ
596 1543 689 1591 τοῦ
734 1542 986 1608 νιπτῆρος
1039 1530 1307 1604 διέξεισιν,
1364 1536 1433 1595 ὡς
1483 1531 1822 1608 παραλελειμ-

192 1632 336 1701 μένα
361 1628 585 1689 τούτοις.

194 1844 358 1901 Κεφ.
408 1840 520 1898 ΞΒ’.
558 1846 680 1917 Περὶ
740 1850 836 1904 τῆς
892 1839 1187 1914 ἀλειψάσης
1256 1844 1343 1895 τὸν
1404 1844 1595 1915 Κύριον
1650 1843 1819 1917 μύρῳ.

266 1941 377 1987 Τοῦ
418 1929 480 1986 δε
537 1933 728 1992 Ἰησοῦ
775 1963 845 1973 -—
908 1930 1263 2005 ἀνακειμένου,
1321 1938 1471 2007 Τρεῖς
1518 1934 1631 2005 (80)
1691 1935 1823 1988 εἰσιν

196 2027 252 2077 αἱ
292 2029 536 2095 γυναῖκες
584 2025 638 2075 αἱ
682 2025 770 2075 τὸν
827 2022 1021 2097 Κύριον
1087 2020 1371 2093 emtam
1415 2025 1582 2096 μύρῳ.
1632 2030 1821 2099 Πρώτη

197 2117 293 2188 μὲν
345 2116 375 2172 ἡ
410 2115 556 2187 παρὰ
608 2120 681 2183 τῷ
735 2117 937 2182 Λουκᾷ,
971 2115 1089 2174 ἥτις
1142 2116 1233 2164 xui
1278 2111 1581 2187 ἁμαρτωλὸς
1613 2110 1694 2181 ἦν,
1735 2135 1827 2198 καὶ

200 2208 332 2277 περὶ
375 2206 442 2255 τὰ
490 2206 631 2275 μέσα
681 2210 775 2254 τοῦ
813 2205 1153 2274 κηρύγματος
1205 2209 1361 2255 τοῦτο
1410 2209 1679 2271 πεποίηκε,
1737 2223 1828 2270 καὶ

213 2291 266 2345 ἄν
293 2300 356 2365 τῇ
387 2293 519 2365 οἰκίᾳ
567 2297 795 2365 Σίμωνος
840 2299 934 2344 τοῦ
984 2296 1296 2364 Φαρισαίου,
1354 2294 1436 2345 ὅτε
1473 2298 1564 2346 καὶ
1596 2292 1831 2349 σκανδα-

211 2382 418 2445 λίζεται
447 2387 600 2455 μόνος
632 2383 659 2434 ὁ
704 2388 1006 2457 Φαρισαῖος,
1052 2382 1190 2454 ᾗτινι
1231 2386 1323 2435 καὶ
1368 2385 1560 2455 μισθὸν
1600 2380 1829 2439 δίδωσιν

204 2475 234 2526 ὁ
297 2478 473 2547 Σωτὴρ
525 2477 620 2532 την
668 2474 854 2546 ἄφεσιν
924 2481 1023 2525 τῶν
1102 2472 1494 2548 ἁμαρτημάτων
1542 2490 1554 2504 ·
1608 2471 1830 2550 δευτέρα

204 2560 268 2616 δι
319 2563 351 2620 ἡ
411 2566 558 2638 παρὰ
606 2570 679 2635 τῷ
713 2563 948 2636 Ἰωάννη,
1000 2565 1114 2623 ἣτις
1182 2564 1364 2636 Μαρία
1406 2559 1489 2636 ᾖν,
1546 2564 1576 2623 ἠ
1633 2561 1827 2639 ἀδελφὴ

203 2658 303 2704 τοῦ
337 2654 607 2726 Λαζάρου,
639 2650 757 2724 βίον
782 2654 991 2724 ἔχουσα
1029 2655 1239 2725 σεμνόν·
1281 2657 1371 2705 καὶ
1400 2656 1500 2726 πρὸ
1540 2653 1593 2716 ἓξ
1610 2656 1827 2731 ,ᾑμερῶν

204 2749 302 2793 τοῦ
356 2744 560 2813 Πὰσχα
602 2749 759 2795 τοῦτο
822 2746 1096 2810 πεποίηκε,
1149 2746 1239 2793 xui
1282 2740 1330 2793 ἐν
1378 2750 1452 2813 τῷ
1512 2739 1632 2815 ἰδίῳ
1676 2746 1823 2816 οἴκῳ,

205 2835 300 2883 καὶ
354 2836 709 2905 χαριστήριον
758 2838 849 2892 τῆς
892 2838 985 2883 τοῦ
1042 2827 1268 2903 ἀδελφοῦ
1293 2829 1614 2893 παλινζωίας
1652 2853 1825 2909 προσ-

1924 532 2058 601 hoc,
2087 529 2262 585 modo
2290 526 2433 583 illud
2484 524 2859 598 disponendo
2916 522 3006 597 (ε),
3056 527 3311 579 sumeret
3344 523 3591 579 omnino

1924 627 2224 679 eventum.
2258 619 2548 674 Praeterea
2596 615 2923 685 intelligere
2968 618 3222 687 oportet,
3271 615 3431 686 quod
3476 613 3594 669 fre-

1924 716 2172 785 quenter
2210 724 2349 763 eum
2384 703 2834 779 apprehendere
2882 703 3212 770 voluerunt,
3245 719 3355 759 nec
3391 706 3594 775 potue-

1924 806 2081 866 runt,
2108 799 2254 873 quia
2278 798 2405 869 ipse
2435 795 2621 851 noluit
2651 813 2664 851 :
2697 793 2797 850 ubi
2822 799 3020 850 autem
3048 793 3175 865 ipse
3209 792 3416 859 voluit,
3449 799 3590 850 tunc

1924 892 2103 948 etiam
2145 888 2415 944 nolentes
2454 885 2770 959 (siquidem
2808 885 2918 956 ipsi
2955 885 3115 939 diem
3148 883 3361 940 festum
3415 900 3589 941 cave-

1923 981 2090 1045 bant,
2119 984 2178 1034 nt
2199 978 2423 1031 dictum
2449 975 2555 1047 est)
2589 973 3168 1047 comprehenderunt
3188 989 3345 1029 eum.
3373 975 3585 1029 Eadem

1925 1075 1982 1126 et
2012 1072 2239 1126 Marcus
2268 1065 2342 1122 de
2380 1065 2495 1121 hoc
2528 1064 2671 1120 dicit
2700 1065 2768 1116 ⁸³.
2807 1064 2999 1119 Lucas
3036 1080 3176 1119 vero
3218 1064 3476 1121 breviter
3506 1065 3585 1121 lo-

1925 1173 2135 1232 quens,
2166 1156 2243 1213 ad
2270 1157 2295 1212 Ι
2305 1155 2487 1211 udam
2520 1153 2790 1210 transivit
2821 1154 2890 1208 ⁸³.
2932 1153 3197 1210 Joannes
3240 1159 3441 1211 autem
3471 1155 3589 1211 hoc

1926 1252 2107 1319 caput
2146 1251 2434 1317 tanquam
2461 1243 2537 1300 ab
2568 1243 2698 1300 aliis
2738 1243 2960 1299 dictum
3002 1243 3284 1316 praeteriit
3316 1244 3382 1311 3‘,
3419 1245 3588 1317 quod

1928 1338 2106 1395 etiam
2120 1337 2181 1393 in
2201 1333 2403 1391 multis
2418 1333 2548 1389 aliis
2564 1332 2723 1388 fecit:
2744 1347 2884 1388 nam
2899 1348 3036 1388 cum
3051 1333 3361 1404 longaevus
3374 1333 3588 1392 admo-

1929 1426 2075 1484 dum
2108 1425 2293 1490 fuerit,
2322 1424 2507 1480 libros
2551 1422 2788 1479 illorum
2825 1427 3137 1479 assecutus
3163 1427 3254 1479 est
3293 1423 3383 1496 (ι),
3410 1424 3593 1482 veluti

1930 1517 1992 1573 in
2036 1515 2336 1572 Prooemio
2374 1512 2683 1586 praesentis
2725 1511 2861 1568 libri
2906 1511 3414 1583 signiﬁcavimus:
3464 1514 3596 1571 reli-

1854 1594 1896 1650 Β
1931 1621 2118 1679 quum
2141 1619 2280 1661 vero
2307 1617 2648 1659 sermonem
2672 1602 3073 1675 prosequitur,
3098 1604 3153 1659 et
3174 1601 3249 1660 de
3270 1602 3427 1677 pelvi
3447 1620 3594 1679 quo-

1930 1711 2049 1771 que
2078 1697 2303 1762 narrat,
2331 1696 2535 1765 utpote
2560 1692 2638 1748 ab
2668 1691 2761 1747 his
2804 1692 3305 1764 praetermissum.

1933 1830 2094 1889 CAP.
2130 1830 2285 1887 LXII.
2336 1830 2421 1885 De
2462 1843 2528 1885 ea
2567 1842 2698 1900 quae
2734 1827 2899 1883 unxit
2936 1827 3245 1884 Dominum
3272 1836 3588 1901 unguento.

2004 1939 2168 1994 Vers.
2198 1942 2250 1993 6.
2286 1937 2435 1993 Cum
2460 1939 2646 1992 autem
2659 1935 2852 1994 Iesus.
2879 1965 2950 1976 —
2968 1935 3130 1991 Vers.
3160 1941 3210 1992 7.
3242 1938 3589 1996 Recumben-

1936 2030 2023 2083 tis.
2057 2027 2216 2084 Scire
2260 2031 2462 2083 autem
2498 2030 2731 2097 oportet
2768 2030 2884 2081 tres
2914 2024 3095 2081 fuisse
3141 2026 3423 2083 mulieres
3450 2044 3588 2102 quas

1935 2118 2256 2174 Dominum
2278 2120 2574 2187 unguento
2605 2119 2919 2171 unxerunt.
2944 2114 3140 2171 Prima
3156 2116 3405 2189 quidem
3429 2120 3591 2191 apud

1937 2208 2160 2266 Lucam
2190 2209 2259 2274 ⁷⁵,
2288 2224 2419 2280 quae
2449 2206 2627 2263 etiam
2655 2205 2953 2277 peccatrix
2974 2211 3119 2271 erat,
3147 2211 3204 2261 et
3224 2207 3420 2263 medio
3442 2225 3594 2282 prae-

1938 2296 2258 2356 dicationis
2279 2302 2546 2368 tempore
2574 2294 2686 2350 hoc
2712 2292 2848 2349 fecit
2872 2292 2935 2349 in
2956 2293 3140 2349 domo
3163 2294 3422 2352 Simonis
3449 2297 3596 2354 Pha-

1939 2388 2120 2455 risaei,
2160 2387 2402 2459 quando
2446 2384 2625 2441 etiam
2668 2386 2835 2441 solus
2886 2399 2958 2440 ex
3001 2385 3117 2440 hoc
3169 2385 3599 2447 otfendiculum

1940 2478 2125 2535 sumit
2145 2477 2504 2542 Pharisasus,
2528 2474 2625 2531 cui
2649 2474 2984 2532 mercedem
3006 2474 3282 2547 rependit
3304 2476 3594 2548 Salvator,

1938 2573 2326 2644 peccatorum
2364 2564 2640 2622 videlicet
2666 2563 3103 2621 remissionem.
3138 2565 3415 2623 Secunda
3452 2582 3598 2627 vero

1938 2657 2106 2731 apud
2132 2659 2425 2713 Joannem
2468 2658 2580 2721 est,
2612 2669 2749 2727 quae
2792 2657 2918 2709 erat
2954 2654 3134 2710 Maria
3184 2669 3356 2711 soror
3386 2656 3597 2714 Lazari

1935 2748 2119 2806 vitam
2149 2745 2380 2802 habens
2406 2742 2724 2816 probatam
2758 2760 2771 2799 :
2799 2748 2857 2799 et
2887 2748 3024 2799 ante
3057 2758 3160 2799 sex
3189 2743 3319 2801 dies
3351 2745 3597 2803 Pascha

1935 2836 2147 2909 legalis
2177 2836 2237 2891 in
2270 2832 2516 2907 propria
2542 2832 2727 2889 domo
2751 2832 2867 2888 hoc
2896 2832 3053 2898 fecit,
3082 2838 3139 2888 et
3171 2832 3232 2888 in
3265 2836 3597 2903 gratiarum

204 2925 385 2992 ἠγανιε
422 2924 478 2973 τὸ
500 2923 664 2995 μύρον
697 2940 710 2953 α
745 2917 831 2974 διὸ
861 2917 986 2973 οὐδὲ
1029 2922 1221 2993 μισθὸς
1259 2920 1389 2994 αύτῇ
1438 2920 1822 2994 ἐπαγγέλλεται,

1938 2928 2235 2984 actionem
2276 2923 2722 2980 resurrectionis
2765 2921 2982 2989 fratris,
3039 2924 3287 2994 protulit
3324 2940 3595 2994 unguen-

204 3012 292 3063 ὅτε
343 3015 433 3063 xui
506 3010 757 3083 γογγύζει
832 3015 982 3082 μόνος
1036 3006 1239 3071 Ἰούδας
1292 3028 1306 3040 ·
1361 3015 1508 3086 τρίτη
1573 3009 1633 3064 δέ
1684 3011 1825 3066 ἐστιν

204 3100 377 3167 αὕτη,
424 3104 538 3176 περὶ
580 3101 645 3163 ἧς
719 3102 985 3161 Ματθαίος
1032 3104 1123 3152 xui
1192 3102 1407 3174 Μάρκος
1459 3103 1647 3175 ὁμοίως
1704 3099 1825 3155 δια-

202 3188 589 3263 λαμϐάνουσιν,
614 3192 733 3251 ἣτις
761 3192 861 3263 πρό
898 3187 996 3243 δύο
1051 3192 1254 3264 ἡμερῶν
1301 3197 1393 3243 τοῦ
1444 3194 1645 3265 Πάσχα
1669 3212 1826 3267 προσ-

203 3278 341 3337 ῆλθε
395 3284 485 3331 xui
531 3278 581 3330 ἐν
656 3286 718 3351 τῇ
798 3281 940 3352 οἰκίᾳ
961 3284 1188 3352 Σίμωνος
1264 3286 1357 3332 τοῦ
1416 3286 1643 3355 Λεπροῦ.
1697 3286 1827 3358 πρὸς

204 3364 624 3427 ἆντιδιαστολὴν
664 3372 766 3442 ’γὰρ
814 3377 907 3422 τοῦ
936 3374 1225 3445 Φαρισαίου
1270 3374 1325 3423 τὸ
1357 3369 1459 3423 ἀπὸ
1501 3380 1597 3434 τῆς
1640 3372 1827 3449 λέπρας

204 3456 478 3529 ὶπίσημον
527 3460 966 3531 προστεθείκασιν
1017 3476 1030 3490 ⁶
1082 3458 1193 3532 ἅμα
1258 3455 1569 3527 δεικνύντες,
1611 3467 1700 3515 καὶ
1748 3464 1829 3517 ὅτι

204 3547 305 3603 οὐκ
357 3543 670 3610 ἕϐδελύξατο
722 3550 815 3607 τήν
865 3546 1187 3623 ἀκαθορσίαν
1231 3556 1323 3603 τοῦ
1382 3557 1619 3623 σώματος
1666 3552 1828 3606 αὐτοῦ

205 3640 232 3691 ὀ
291 3640 530 3710 Χριστὸς
586 3634 679 3690 διὰ
717 3642 810 3695 τὴν
858 3647 953 3701 τῆς
990 3637 1179 3711 ψυχῆς
1228 3640 1387 3692 αὐτοῦ
1431 3644 1767 3716 καθαρότητα
1806 3657 1820 3672 ⁸

204 3732 305 3779 καὶ
340 3726 422 3779 ἐπὶ
449 3731 541 3786 τήν
582 3726 800 3800 κεφαλὴν
836 3734 928 3780 τοῦ
982 3736 1215 3802 Χριστοῦ
1259 3732 1317 3782 τὸ
1362 3733 1525 3806 μύρον
1560 3736 1825 3804 κατέχεεν,

209 3817 311 3870 οὐκ
358 3814 439 3868 ἐπὶ
520 3820 645 3877 τούς
691 3814 883 3883 πόδας,
939 3821 1008 3881 ὡς
1072 3818 1282 3885 ἐκεῖναι,
1329 3821 1411 3872 ὅτε
1454 3827 1544 3875 καὶ
1606 3820 1831 3894 ἀγανακ-

210 3915 397 3960 τοῦσιν
446 3908 495 3958 οἱ
543 3907 805 3978 μαθηταί·
858 3906 922 3980 ᾖς
959 3912 1049 3960 xui
1098 3912 1158 3961 τὸ
1210 3913 1542 3982 μνημόσυνον
1615 3910 1685 3973 εἷς
1735 3917 1829 3971 τὴν

211 3997 524 4069 οἰκουμένην
584 3992 809 4066 ᾄδεσθαι
871 3995 1259 4070 ἐπαγγέλλεται,
1329 4006 1545 4075 Φανεραὶ
1601 4005 1691 4074 μεν
1742 3998 1830 4055 οὖν

208 4090 263 4141 αἱ
297 4082 557 4161 διαφοραὶ
609 4094 705 4138 τῶν
775 4095 952 4160 τριῶν.
1020 4088 1168 4147 Αύτη
1219 4085 1298 4157 δὲ,
1371 4088 1697 4163 λελπρωμένη
1742 4096 1830 4151 τὴν

212 4177 401 4249 ψυχήν
450 4194 606 4243 ουσα,
659 4174 865 4252 ἐπείπερ
933 4174 1040 4231 εἶδε
1082 4182 1169 4231 τὸν
1220 4178 1405 4253 λεπρόν
1456 4186 1661 4253 Σίμωνα
1697 4185 1833 4236 τεθε-

209 4268 559 4343 ραπευμένον,
609 4264 916 4341 ἐθάρρησεν,
972 4269 1053 4321 ὅτι
1113 4273 1204 4322 καὶ
1277 4269 1407 4328 αύτὴ
1461 4270 1695 4333 τεύξεται
1740 4278 1908 4367 τῆςῡ

214 4358 421 4418 ἰάσεως.
477 4354 830 4431 Ἀλάϐαστρον
874 4358 986 4429 (81)
1035 4356 1095 4411 δέ
1138 4358 1275 4412 ἐστιν
1311 4357 1445 4421 εἶδος
1487 4359 1700 4431 ἀγγείου
1730 4380 1834 4433 μυ-

210 4444 482 4520 ροὸὁχου.
528 4448 739 4519 Μάρκος
770 4442 830 4499 δε
858 4451 946 4500 καὶ
986 4451 1045 4502 τὸ
1102 4457 1192 4503 τοῦ
1249 4452 1418 4526 μύρου
1463 4447 1599 4511 εἶδος
1641 4453 1829 4525 προσέ-

213 4540 363 4597 θηκε.
392 4533 616 4609 Νάρδου
644 4538 767 4609 γὰρ,
804 4542 954 4609 φησὶ,
986 4548 1239 4601 πιστικῆς
1292 4540 1616 4607 πολυτελοῦς,
1656 4559 1835 4594 πιστι-

210 4632 309 4687 xiv
366 4626 562 4696 καλῶν,
608 4633 671 4693 ὡς
719 4633 870 4699 ἔοικε,
926 4633 1018 4690 τὴν
1107 4631 1331 4705 ἄκρατον
1406 4635 1496 4684 καὶ
1548 4650 1835 4685 καταπεπι-

1935 3022 2083 3081 tum,
2134 3019 2376 3088 propter
2413 3011 2579 3085 quod
2632 3011 2715 3066 illi
2768 3012 3109 3067 mercedem
3164 3011 3250 3082 (ιι)
3294 3014 3591 3085 promisit,

1933 3106 2183 3180 quando
2209 3104 2389 3159 etiam
2423 3100 2587 3157 solus
2616 3104 2959 3156 murmurat
2977 3102 3005 3155 J
3015 3101 3164 3157 udas
3184 3102 3252 3156 ⁸⁸.
3278 3102 3469 3159 Tertia
3490 3119 3595 3160 au-

1935 3202 2057 3253 tem
2084 3198 2174 3251 est
2196 3194 2340 3261 huic,
2367 3190 2442 3247 de
2472 3206 2597 3263 qua
2630 3189 2937 3245 Matthaeus
2967 3194 3023 3246 et
3050 3192 3281 3247 Marcus
3324 3192 3597 3250 similiter

1937 3289 2194 3343 tractant
2213 3286 2259 3319 ⁸³
2285 3300 2297 3340 :
2323 3298 2459 3356 quas
2486 3284 2622 3337 ante
2652 3279 2807 3336 duos
2833 3279 2961 3335 dies
2997 3280 3242 3337 Paschaa
3260 3283 3511 3341 accessit
3532 3284 3595 3341 in

1937 3374 2121 3431 domo
2140 3372 2406 3434 Simonis
2429 3370 2672 3444 Leprosi
2692 3385 2704 3424 :
2728 3369 2802 3426 ad
2814 3368 3257 3427 distinctionem
3271 3372 3431 3427 enim
3447 3371 3598 3430 Pha-

1936 3464 2096 3521 risaei
2121 3480 2152 3519 a
2180 3463 2347 3535 lepra
2370 3460 2603 3531 insigne
2632 3459 2714 3516 illi
2744 3464 3154 3532 apposuerunt
3177 3476 3191 3515 :
3214 3460 3390 3516 simul
3413 3460 3595 3519 etiam

1936 3554 2338 3616 ostendentes,
2361 3550 2528 3624 quod
2558 3549 2825 3622 corporis
2847 3550 2979 3621 ejus
3001 3549 3451 3607 immunditiam
3474 3567 3599 3609 non

1938 3644 2322 3701 abominatur
2367 3641 2657 3707 Christus,
2711 3646 2953 3712 propter
3011 3640 3335 3713 puritatem
3381 3642 3596 3697 animae

1938 3733 2097 3789 illius
2127 3750 2139 3790 :
2169 3738 2225 3789 et
2250 3747 2429 3804 super
2470 3735 2648 3803 caput
2685 3730 2898 3786 Christi
2938 3736 3312 3801 unguentum
3365 3730 3595 3798 effudit,

1937 3839 2062 3881 non
2093 3838 2273 3895 super
2298 3820 2485 3894 pedes
2518 3826 2580 3875 ut
2610 3818 2744 3883 illae,
2781 3821 3024 3892 quando
3055 3820 3332 3893 discipuli
3360 3837 3601 3893 quoque

1938 3911 2431 3983 indignabantur.
2448 3908 2630 3980 Cujus
2647 3910 2826 3964 etiam
2845 3910 3199 3965 memoriam
3220 3910 3282 3965 in
3302 3910 3600 3967 mundum

1943 4000 2682 4074 promisitprazdicandam.
2699 3997 3017 4054 Manifestaa
3032 4004 3170 4054 sunt
3190 3998 3393 4072 itaque
3412 3999 3596 4057 trium

1939 4091 2308 4149 differentiae.
2359 4092 2490 4145 Haec
2521 4098 2724 4144 autem
2763 4103 2900 4159 qua:
2930 4087 3201 4144 animam
3248 4088 3417 4160 lepra
3456 4090 3602 4146 infe-

1941 4185 2095 4238 ctam
2133 4178 2419 4244 habebat,
2468 4177 2569 4233 ubi
2598 4177 2903 4232 Simonem
2949 4178 3271 4248 Leprosum
3324 4183 3599 4235 curatum

1940 4271 2109 4336 vidit,
2162 4268 2451 4326 ﬁduciam
2513 4266 2789 4340 sumpsit,
2845 4268 3014 4338 quod
3056 4271 3114 4322 et
3159 4266 3296 4339 ipsa
3343 4268 3598 4325 salutem

1943 4363 2428 4433 consequeretur.
2468 4356 2852 4414 Alabastrum
2897 4372 3035 4413 vero
3073 4371 3263 4429 genus
3311 4360 3398 4415 est
3441 4358 3603 4415 vasis

1944 4456 2294 4523 unguentum
2314 4447 2683 4505 continentis.
2705 4449 2931 4503 Marcus
2943 4451 3135 4503 autem
3153 4446 3441 4519 unguenti
3458 4463 3603 4521 quo-

1944 4557 2061 4614 que
2074 4556 2264 4612 genus
2283 4538 2518 4597 addidit
2536 4554 2547 4592 :
2566 4537 2777 4603 Nardi,
2803 4537 2993 4611 inquit
3004 4538 3227 4609 pisticae
3241 4539 3508 4608 pretiosa
3530 4539 3600 4609 ⁸⁸,

1946 4631 2228 4705 pisticum
2252 4645 2480 4687 vocans
2509 4643 2742 4702 purum,
2774 4627 2864 4685 vel
2892 4643 3017 4685 non
3054 4632 3457 4702 temperatum
3496 4644 3604 4688 seu

282 4756 336 4792 ⁸²
364 4754 550 4812 Marc.
606 4773 722 4827 xw,
780 4760 835 4812 2.
862 4760 910 4795 ⁸³
934 4758 1071 4815 Luc.
1121 4775 1263 4827 xm,
1304 4763 1351 4828 l,
1385 4762 1440 4816 2.
1499 4759 1546 4796 ⁸⁸
1578 4760 1756 4817 Joan.
1788 4774 1905 4829 xm,
1957 4758 1984 4815 1
2024 4773 2193 4832 seqq.
2227 4759 2275 4795 ³⁵
2306 4758 2449 4815 Luc.
2479 4772 2577 4823 v11,
2628 4756 2715 4813 37.
2768 4756 2816 4792 ⁸⁸
2845 4755 3020 4814 Joan.
3054 4771 3153 4827 xu,
3200 4756 3256 4815 3.
3310 4756 3354 4795 ’τ
3425 4759 3600 4815 Marc.

213 4871 333 4923 xw,
366 4855 423 4912 3.
462 4854 509 4890 ⁸⁸
537 4854 686 4914 Ibid.

1442 4984 1668 5060 Variae
1696 4984 2029 5056 lectiones
2068 4995 2367 5057 etnotae.

285 5126 409 5273 ρο)
438 5126 581 5183 Cod.
615 5132 654 5184 Α
685 5127 903 5187 omittit
938 5128 984 5188 ὁ.

312 5202 406 5271 80)
442 5200 759 5258 Hentenius
812 5202 984 5260 videt:

226 5274 244 5285 _
288 5200 406 5273 (80)
437 5200 759 5289 iientenius
812 5202 1040 5261 videtur
1090 5201 1352 5277 legisse:
1409 5210 1493 5261 Δει
1538 5202 1598 5261 δί
1646 5202 1838 5260 εἰδέναι

220 5292 300 5325 οτι
342 5291 502 5344 τρεις.

291 5342 405 5425 (εει)
441 5342 850 5425 ξᾼλλάϐασςρον,
883 5345 1124 5425 Cod._A.
1148 5351 1568 5425 Apographum
1592 5351 1840 5425 _Glossa-

219 5414 294 5474 rii
320 5414 540 5491 cyritli,
563 5414 856 5492 quod'est
896 5420 1057 5492 apud
1085 5414 1212 5495 me;
1238 5414 1322 5480 sic
1359 5414 1538 5481 liabet
1571 5417 1841 5497 εξἈλάϐα-

295 5594 380 5680 (ς).
406 5595 483 5680 U_t_
506 5597 831 5680 ﬁguram—1
867 5598 1251 5680 disponendo.
1289 5606 1358 5680 Ut
1389 5604 1579 5676 ﬁgura
1616 5606 1838 5679 (agnus

223 5668 539 5754 paschalis,
567 5671 670 5742 qui
700 5668 994 5754 Christum
1034 5668 1636 5754 praesigniﬁcaVerat)‘
1658 5668 1838 5754 plane

226 5742 496 5799 similiter
525 5758 704 5799 suum
734 5742 979 5803 haberet
1006 5742 1312 5808 eventum.

1947 5152 2121 5217 στρονο
2168 5135 2443 5209 μυροθήκη
2492 5128 2719 5205 ψήφινος
2767 5131 2796 5190 ἦ
2843 5128 3062 5194 λίθινος.
3120 5126 3300 5220 ᾼιίιιά
3347 5129 3603 5192 Lexicon

1947 5207 2234 5256 Ineditnm
2267 5224 2279 5256 :
2307 5203 2710 5256 Ἀλλάϐαστοον’
2747 5205 3018 5256 μυοοθήκη
3060 5201 3279 5256 ὡηφινος
3312 5203 3341 5256 ἦ
3384 5203 3599 5256 λίθινος-

1943 5201 2279 5263 in'editu'm':
2307 5201 2710 5281 Ἀλλάϐαστρον’
2745 5205 3018 5277 μυροθὴκη
3060 5201 3279 5329 gingiva;
3312 5203 3341 5263 ἦ
3384 5203 3600 5269 λίθινος,

1947 5277 2242 5352 ἐιλάϐαστόν
2272 5298 2323 5352 τι
2366 5281 2440 5345 ὅν,
2472 5276 2778 5352 πλεονασμῷ
2804 5282 2896 5329 τοῦ
2925 5296 2977 5347 ρ,
3010 5275 3118 5330 Δλά
3156 5295 3371 5352 αστρον,
3414 5274 3473 5331 οὖ
3506 5277 3603 5333 λα-

1948 5349 2135 5405 ϐέσθαι
2160 5347 2253 5405 διά
2280 5350 2525 5411 λειότητα
2550 5345 2833 5405 ἀδύνατον.

2021 5608 2427 5680 (t)Assecutus
2455 5610 2552 5680 est.
2587 5598 2769 5680 Legit.
2904 5672 2916 5680 α
3056 5674 3087 5680 _
3216 5674 3222 5680 ι
3476 5670 3477 5673 η

2020 5672 2103 5753 (ιλ)
2126 5681 2366 5755 Propter
2389 5679 2545 5752 quod
2574 5672 3028 5736 :‘tli‘mcrcedem.
3055 5674 3299 5753 Propter
3326 5679 3492 5755 quod
3522 5672 3606 5738 illi

1945 5752 2057 5812 nec
2094 5752 2454 5812 mercedem.
