4096 6378
528 344 633 402 647

1881 320 2227 390 EUTHYMII
2264 324 2592 388 ZIGABENI

3803 332 3906 393 648

530 472 795 535 mistum,
826 470 888 524 ut
918 464 1189 539 apparet,
1213 473 1270 521 et
1290 462 1367 521 ad
1385 463 1695 536 puritatem
1729 464 2055 518 servatum:
2084 469 2174 516 aut

2303 460 2581 529 στευμένην
2636 456 2703 518 εἰς
2766 458 3145 532 καθαρότητα·
3198 458 3229 516 ἤ
3286 461 3375 510 καὶ
3436 462 3770 532 προσηγορία
3825 466 3903 523 τίς

520 560 680 631 ίοτιθ
694 560 820 615 haec
832 556 1135 629 appellatio
1149 557 1400 628 quaedam
1416 559 1535 609 erat
1552 551 1839 625 unguenti.
1857 550 2006 606 Dicit
2019 550 2188 606 etiam

532 648 693 721 quod
715 665 818 704 vas
858 645 1297 713 comminuerit,
1334 660 1457 716 prae
1485 642 1857 699 festinatione
1901 639 2184 706 videlicet,

531 740 676 812 quia
698 743 1017 810 angustum
1035 740 1177 800 erat,
1203 741 1257 790 et
1278 734 1337 789 in
1356 739 1534 806 caput
1550 732 1929 789 Dominicum
1948 730 2185 786 infudit.

603 830 763 884 Vers.
806 829 858 881 8.
912 827 1120 882 Intuiti
1156 832 1431 881 autem—
1489 823 1648 879 Vers.
1707 823 1761 878 9.
1801 821 2184 891 pauperibus.

533 918 832 989 lndignati
856 923 1012 983 sunt,
1038 932 1243 971 verum
1259 914 1417 987 apud
1438 930 1588 978 sese,
1609 912 1915 968 sicutdixit
1937 915 2182 977 Marcus,

532 1010 634 1083 qui
667 1007 898 1063 addidit
921 1024 1023 1063 eos
1052 1006 1269 1061 dixisse
1303 1020 1316 1060 :
1344 1005 1535 1060 Potuit
1565 1005 1674 1061 hoc
1703 1002 1960 1058 distrahi
1988 1001 2185 1071 pluris

532 1115 705 1171 quam
720 1096 986 1154 trecentis
1004 1096 1265 1153 denariis
1282 1113 1295 1164 ;
1310 1099 1366 1151 et
1386 1093 1547 1166 quod
1569 1093 1975 1163 Infremebant
1990 1092 2187 1148 adver-

528 1205 626 1244 sus
656 1189 827 1245 illam
860 1190 907 1223 3°
929 1186 1044 1242 hoc
1076 1190 1161 1241 est
1192 1184 1611 1256 Objurgabant
1640 1199 1775 1239 eam
1810 1188 1866 1239 et
1912 1182 2187 1254 indigna-

526 1278 751 1335 bantur
768 1278 850 1333 illi
870 1281 1112 1349 propter
1127 1275 1384 1331 abusum
1414 1274 1717 1345 unguenti.
1742 1272 1828 1328 Ad
1851 1273 1962 1329 hoc
1982 1278 2183 1329 autem

528 1368 768 1425 adducti
806 1372 941 1422 sunt
970 1366 1377 1421 humanitate:
1415 1380 1553 1419 cum
1593 1362 1934 1436 frequenter
1968 1379 2185 1435 praece-

524 1465 756 1531 ptorem
771 1457 1078 1513 audissent
1096 1455 1280 1511 multa
1292 1455 1365 1510 de
1379 1455 1764 1525 eleemosyna
1778 1454 2180 1520 disserentem,

526 1548 713 1619 etjam
729 1562 1014 1618 magnam
1034 1561 1371 1617 pauperum
1395 1560 1590 1600 curam
1612 1544 1898 1599 haberent
1917 1543 2183 1603 Scientes

526 1637 703 1693 etiam
725 1636 887 1709 quod
916 1636 1071 1691 Deus
1100 1633 1569 1690 misericordiam
1597 1633 1723 1689 vult
1749 1639 1803 1689 et
1826 1650 1945 1690 non
1961 1632 2183 1690 sacriﬁ-

527 1728 687 1783 cium
718 1729 784 1781 9°.
813 1727 907 1780 Est
931 1730 1131 1782 autem
1159 1724 1552 1780 admiratione
1582 1724 1767 1795 digna
1796 1724 1923 1780 haec
1949 1723 2179 1791 mulier,

2300 542 2360 605 ἦν
2394 555 2543 598 τοῦτο
2572 548 2760 620 μύρου.
2800 550 2954 618 Λέγει
2986 543 3043 599 δε
3078 550 3166 599 καὶ
3192 547 3272 599 ὅτι
3324 547 3601 621 συνέτριψε
3653 551 3709 600 τό
3741 549 3901 622 ἄγγος

2298 637 2397 688 ύπὸ
2423 632 2682 704 σπουδῆς,
2716 636 2800 688 οἷα
2828 640 3151 709 στενόπορον.

2369 721 2587 787 Ἰδόντες
2675 722 2733 778 δὲ
2797 758 2865 765 ——
2940 733 3194 799 πτῶχοῖς.
3275 725 3697 799 Ἠγανάκτησαν,
3776 726 3901 781 ἀλλὰ

2296 818 2425 889 πρὸς
2492 816 2727 883 ἑαυτοὺς,
2781 819 2850 878 ὡς
2912 817 2937 867 ό
3004 818 3212 891 Μάρκος
3289 812 3447 882 εἶπεν,
3508 817 3560 879 ὃς
3610 818 3900 892 προσέθηκε

2294 910 2383 957 καὶ
2436 906 2515 957 ὅτι
2592 901 2729 958 εἶπον
2760 924 2772 934 ·
2831 903 3087 959 Ἠὃύνατο
3177 913 3330 959 τοῦτο
3406 909 3670 980 πραθῆναι
3732 906 3898 959 ἐπάνω

2293 999 2606 1068 τριακοσίων
2692 992 2975 1071 δηναρίων,
3034 997 3141 1067 καὶξγ
3190 997 3271 1049 ὅτι
3351 1000 3440 1048 καὶ
3508 995 3900 1070 Ἐνεϐριμῶντον

2295 1085 2447 1157 αὐτῇ,
2529 1088 2797 1138 τουτέστέι
2883 1084 3216 1153 ἐπέπληττον,
3295 1084 3594 1158 ἐμέμφοντο,
3652 1083 3764 1158 ιδιὰ
3836 1091 3899 1147 τὴ

2293 1178 2658 1250 παράχρησιν.
2720 1175 2804 1236 Εἰς
2859 1183 3011 1229 τοῦτο
3052 1173 3111 1229 δὲ
3155 1177 3511 1250 προόχθησαν
3565 1177 3664 1229 ὑπὸ
3731 1175 3902 1249 φιλαν-

2296 1266 2547 1338 θρωπίας,
2593 1264 2836 1326 πολλάκις
2881 1273 2973 1318 τοῦ
3029 1262 3361 1318 διδασκάλου
3417 1264 3580 1319 πολλά
3609 1270 3727 1340 περὶ
3758 1266 3901 1325 ἐλεη-

2292 1357 2523 1427 μοσύνης
2556 1351 2942 1427 διαλεχθέντος,
2984 1360 3073 1408 καὶ
3102 1355 3260 1408 πολὺν
3304 1352 3411 1414 ἤδη
3451 1354 3603 1428 λόγον
3659 1364 3758 1408 τῶν
3812 1376 3901 1409 πεο

2290 1450 2457 1503 νήτων
2521 1447 2747 1516 ἔχοντες,
2829 1451 2915 1497 καὶ
2971 1449 3309 1518 γίνὼσκοντες
3384 1445 3460 1498 ὃτι
3515 1447 3540 1497 ὁ
3600 1449 3728 1509 Θεὸς
3767 1447 3900 1499 ἔλεον

2295 1535 2423 1588 θέλει
2474 1540 2563 1587 καὶ
2616 1536 2674 1587 ού
2752 1538 2958 1593 θυσίαν.
3018 1535 3469 1607 Ἀξιοθαύμαστος
3536 1532 3596 1589 δέ
3657 1536 3798 1589 ἐστιν
3865 1538 3895 1595 ἡ

2290 1630 2445 1697 γυνὴ,
2492 1630 2561 1698 μὴ
2635 1630 2913 1699 φεισαμένη
2998 1626 3309 1685 τηλικούτου
3366 1625 3695 1699 ἀναλώματος
3772 1628 3899 1699 ὑπερ

2296 1720 2561 1791 σωτηρίας
2602 1715 2791 1787 ψυχῆς
2819 1733 2835 1750 ο
2868 1715 2927 1769 ού
2974 1719 3076 1791 γὰρ
3138 1718 3265 1791 ὑπερ
3319 1724 3620 1789 σωματικῆς
3681 1717 3905 1789 ἰατρείας

524 1833 659 1890 qua:
692 1821 851 1873 tanto
878 1816 1136 1888 sumptui
1161 1830 1281 1871 non
1313 1814 1643 1887 pepercerit
1678 1814 1757 1870 ob
1785 1814 2002 1871 animae
2031 1814 2174 1872 salu-

2294 1813 2447 1859 τοῦτο
2478 1810 2747 1864 πεποίηκε.

525 1912 643 1963 tem
677 1922 692 1974 ;
725 1922 920 1979 neque
950 1905 1114 1964 enim
1135 1910 1373 1978 propter
1394 1904 1772 1978 corporalem
1798 1904 1914 1963 hoc
1940 1904 2078 1962 fecit
2099 1922 2187 1962 sa-

523 1997 790 2055 nitatem.

598 2088 759 2143 Vers.
798 2088 883 2141 lO.
932 2086 1057 2154 Quo
1085 2086 1322 2157 cognito
1353 2114 1423 2127 -
1459 2084 1745 2142 mulieri?
1795 2087 1942 2142 Cum
1974 2086 2076 2142 illa
2105 2086 2182 2143 ef-

524 2175 772 2232 fundere
828 2180 1205 2245 unguentum
1253 2174 1610 2237 festinasset,
1656 2175 1941 2247 deinceps
1992 2180 2186 2232 tuetur

524 2282 651 2322 eam
683 2265 965 2328 Christus,
988 2280 1112 2320 non
1140 2263 1305 2336 quod
1329 2269 1636 2335 unguento
1659 2264 1771 2320 sibi
1801 2281 1957 2336 opus
1986 2264 2179 2329 fuerit,

524 2356 632 2411 sed
662 2372 735 2411 ne
765 2354 922 2410 illius
951 2354 1137 2410 ﬁdem
1177 2353 1574 2410 retunderent.
1624 2358 1681 2409 et
1718 2354 1861 2426 quia
1905 2354 2182 2426 discipuli

520 2445 834 2503 mulierem
869 2444 1267 2516 increpabant
1309 2443 1680 2515 impellentes
1713 2460 1849 2499 eam
1879 2444 1958 2499 ad
1998 2446 2182 2517 paeni-

518 2535 769 2593 tentiam
792 2535 921 2606 ejus
951 2534 1117 2607 quod
1147 2534 1383 2599 fecerat,
1434 2533 1771 2589 audientem
1803 2533 1881 2590 ab
1906 2535 1990 2589 eis
2016 2535 2183 2608 quod

518 2640 675 2681 vane
709 2624 1143 2695 consumpserit
1175 2622 1500 2694 pretiosam
1542 2622 1966 2693 substantiam,
2004 2639 2035 2679 e
2084 2624 2180 2679 di-

523 2729 694 2770 verso
712 2714 839 2768 illos
861 2713 1157 2783 objurgat,
1184 2711 1519 2767 molestiam
1543 2712 1748 2767 dicens
1770 2712 2007 2770 dolores
2026 2716 2130 2786 qui
2145 2730 2182 2771 ει

521 2803 866 2876 poenitentia
908 2805 1262 2873 sequuntur,
1295 2801 1518 2858 docens
1549 2803 1717 2873 quod
1750 2818 1871 2858 non
1910 2807 2183 2875 oporteat

522 2892 855 2948 obtundere
881 2891 1185 2946 hominum
1224 2890 1407 2945 ﬁdem
1430 2906 1562 2962 quas
1592 2891 1927 2961 germinare
1954 2892 2178 2965 incipit,

524 2983 624 3038 sed
666 2982 883 3053 pariter
912 2998 1048 3036 eam
1080 2981 1271 3052 potius
1301 2980 1579 3046 enutrire,
1608 2997 1803 3054 neque
1833 2982 1993 3039 circa
2022 2985 2180 3056 prin-

522 3072 681 3143 cipia
707 3076 909 3128 exacte
935 3070 1286 3142 disquirere,
1315 3075 1419 3126 aut
1443 3070 1764 3127 excelsiora
1790 3071 1868 3129 ab
1894 3072 2182 3130 inﬁrmio—

2367 2089 2525 2147 Γνοὺς
2599 2114 2669 2124 -
2730 2087 2997 2156 ’γυναικίς
3058 2086 3198 2138 Ἐπεὶ
3263 2085 3454 2157 ἔφθασε
3532 2086 3908 2159 καταχυθῆναι

2294 2179 2352 2228 τὸ
2409 2178 2591 2249 μύρον,
2651 2174 2907 2245 ἠνέσχετο
2955 2173 3132 2226 λοιπὸν
3200 2175 3226 2227 ό
3276 2177 3482 2249 Κύριος,
3540 2175 3645 2248 οὐχ
3702 2178 3768 2237 ὡς
3814 2184 3907 2229 τοῦ

2293 2268 2460 2339 μύρου
2526 2262 2784 2336 δεόμενος,
2855 2262 3086 2315 ἀλλ’ἵνα
3139 2267 3210 2336 μὴ
3263 2262 3494 2338 ἀμϐλύνῃ
3573 2270 3667 2325 τὴν
3722 2270 3904 2320 πίστιν

2293 2356 2473 2417 αὐτῆς.
2539 2354 2677 2408 Ἐπεὶ
2719 2350 2777 2407 δὲ
2834 2356 2885 2405 οἱ
2940 2354 3192 2425 μαθηταὶ,
3246 2361 3309 2426 τῇ
3350 2360 3563 2425 γυναικὶ
3627 2355 3904 2429 ἐπιτιμῶν-

2291 2465 2392 2511 τες,
2461 2444 2529 2505 εἰς
2575 2442 2909 2517 μεταμέλειαν
2954 2443 3115 2501 αὐτὴν
3172 2451 3266 2495 τοῦ
3319 2449 3683 2520 πεπραγμένου
3742 2448 3904 2505 συνὴ-

2290 2534 2497 2603 λαυνον,
2561 2534 2925 2607 μανθάνουσαν
2991 2533 3113 2607 παρ’
3194 2533 3362 2586 αὐτῶν
3418 2535 3499 2586 ὅτι
3554 2537 3723 2607 μάτην
3779 2534 3903 2588 ἀνά-

2289 2624 2423 2677 λωσε
2486 2623 2769 2696 πολύτιμον
2839 2622 2950 2695 (82)
3006 2629 3218 2695 χρῆμα,
3279 2621 3591 2696 ἀντεπιτιμᾴ
3668 2626 3897 2691 τούτοις,

2290 2719 2478 2775 κόπους
2561 2716 2651 2786 μὲν
2727 2712 2887 2784 λέγων
2976 2714 3066 2773 τὰς
3166 2713 3221 2765 ἐκ
3298 2713 3631 2786 μεταμελείας
3688 2712 3898 2784 ὀδύνας,

2291 2801 2565 2857 διδάσκων
2611 2799 2670 2856 δὲ
2700 2804 2780 2855 ὅτι
2822 2802 2880 2854 ού
2920 2807 3028 2874 χρὴ
3081 2810 3279 2878 πηροῦν
3337 2802 3633 2877 ἀρχομένην
3666 2803 3902 2876 βλαστά-

2289 2914 2388 2947 νειν
2419 2899 2512 2952 τὴν
2582 2898 2762 2946 πίστιν
2828 2900 2926 2943 τῶν
3004 2889 3305 2966 ἀνθρώπων,
3353 2891 3482 2945 ἀλλὰ
3544 2899 3903 2970 συνεκτρέφειν

2292 2984 2484 3057 μᾶλλον
2529 2982 2712 3051 αὐτὴν,
2771 2985 2859 3034 καὶ
2905 2984 2976 3053 μη
3045 2984 3189 3057 παρὰ
3246 2986 3338 3041 τὴν
3393 2983 3570 3056 ἀρχὴν
3635 2982 3904 3046 ἐπιζητεῖν

2290 3075 2502 3127 ἅπασαν
2546 3071 2832 3147 ἀκρίϐειαν,
2883 3067 3023 3143 μηδὲ
3069 3073 3137 3123 τὰ
3187 3071 3485 3146 ὑψηλότερα
3530 3077 3653 3135 τοὺς
3689 3074 3903 3129 ἀσθενε-

522 3160 688 3217 ribus
721 3161 967 3230 exigere.
1006 3158 1232 3215 Deinde
1259 3160 1599 3216 consolatur
1629 3160 1807 3218 etiam
1839 3162 2174 3237 mulierem,

2294 3169 2505 3239 στέρους
2562 3161 2816 3217 ἀπαιτεῖν.
2893 3157 3022 3214 Εἶτα
3093 3164 3482 3236 παραμυθεῖται
3535 3168 3638 3219 καὶ.
3676 3169 3771 3224 τὴν
3809 3186 3907 3238 γυ-

564 3267 726 3306 icens
751 3267 763 3306 ἒ

564 3269 579 3305 ι
700 3267 763 3306 s:

520 3251 736 3397 dic/:23.
771 3342 858 3397 10.
903 3340 1055 3413 Opus
1103 3372 1168 3382 —
1210 3340 1276 3396 in
1322 3357 1426 3396 me.
1473 3340 1581 3397 Ubi
1626 3340 1974 3415 simpliciter
2024 3359 2175 3416 Opus

514 3430 669 3487 illius
698 3431 981 3496 laudavit,
1006 3431 1271 3503 primum
1292 3431 1535 3502 quidem
1559 3430 1728 3487 solvit
1747 3432 2175 3503 discipulorum

512 3521 587 3577 de
641 3520 1004 3593 pauperibus
1044 3523 1441 3591 praetextum:
1474 3524 1682 3592 postea
1725 3536 1866 3577 vero
1906 3522 2175 3580 defendit

510 3609 693 3666 etiam
713 3626 868 3681 opus
896 3609 1046 3678 ejus.

581 3701 742 3754 Vers.
779 3700 865 3752 11.
897 3699 1202 3764 Pauperes
1231 3727 1299 3737 ——
1326 3698 1490 3753 Vers.
1528 3703 1612 3755 l2.
1651 3700 1809 3755 fecit.
1849 3704 1924 3756 De
1948 3718 2170 3773 paupe-

507 3788 676 3845 ribus
709 3787 948 3859 scripsit
978 3790 1205 3843 Marcus
1238 3805 1250 3843 :
1287 3789 1431 3843 Cum
1463 3788 1676 3861 inquit,
1727 3791 2044 3861 volueritis,
2070 3810 2169 3865 po-

512 3878 667 3934 testis
698 3877 818 3932 illis
845 3876 981 3933 bene
1008 3876 1205 3945 facere
1232 3878 1300 3932 91.
1338 3877 1595 3933 Dicendo
1628 3883 1828 3935 autem
1858 3897 1872 3936 :
1906 3882 2001 3938 Me
2032 3898 2169 3940 vero

508 3984 629 4023 non
682 3984 908 4037 semper
959 3968 1186 4033 habetis,
1245 3967 1424 4023 caedis
1464 3985 1586 4024 sure
1635 3986 1769 4041 quas
1808 3972 1985 4043 paulo
2034 3980 2169 4045 post.

508 4056 712 4112 futura
741 4063 865 4113 erat
902 4057 1265 4112 mentionem
1290 4058 1374 4112 eis
1404 4057 1625 4129 injecit.
1649 4060 1749 4115 Ad
1767 4063 2165 4130 sepeliendum

506 4164 592 4204 me
608 4149 767 4216 fecit,
798 4148 912 4203 hoc
939 4153 1044 4212 est,
1087 4147 1176 4202 Ad
1208 4148 1578 4219 sepulturam
1610 4164 1831 4216 meam,
1875 4156 2161 4225 tanquam

504 4254 641 4309 quae
680 4238 1126 4310 praephetizavit
1156 4241 1409 4292 mortem
1440 4254 1637 4294 meam
1664 4239 1829 4295 brevi
1874 4240 2162 4299 futuram.

503 4328 571 4382 Et
622 4327 735 4383 hoc
789 4328 965 4381 etiam
1028 4325 1395 4382 manifestius
1454 4325 1608 4383 dixit
1657 4331 1883 4385 Marcus
1926 4347 1940 4383 :
2000 4332 2164 4399 Quod

502 4416 706 4473 habuit
733 4418 878 4481 hac,
902 4417 1046 4485 fecit
1076 4432 1086 4471 :
1113 4416 1387 4484 praevenit
1414 4423 1473 4471 ut
1497 4424 1732 4488 angeret
1751 4435 1961 4489 corpus
1980 4438 2162 4479 meum

500 4505 576 4563 ad
616 4506 973 4574 sepulturam
1011 4507 1058 4539 9’
1104 4506 1278 4561 Moris
1309 4505 1472 4561 enim
1509 4512 1632 4563 erat
1675 4524 1815 4564 eum
1850 4514 2159 4581 unguentis

498 4594 749 4666 sepelire
761 4610 1034 4666 corpora,
1062 4600 1124 4649 ut
1145 4594 1368 4649 diutius
1387 4595 1617 4651 incorru
1629 4602 1727 4667 pta
1742 4600 2154 4667 perdurarent.

500 4684 659 4749 Qnod
712 4685 937 4749 habuit,
990 4684 1055 4738 id
1107 4690 1209 4748 est,
1248 4686 1416 4748 Quod
1460 4685 1669 4755 potuit.
1708 4690 1769 4742 Et
1799 4693 1860 4742 tu
1911 4706 2051 4759 ergo
2110 4693 2152 4747 si

496 4769 731 4843 aliquos
762 4778 1173 4828 construentes
1200 4773 1473 4827 ecclesias
1502 4761 1603 4828 aut
1625 4780 2008 4847 monasteria,
2036 4782 2153 4838 sive

498 4879 697 4919 sacras
741 4863 1031 4933 imagines
1075 4862 1309 4927 videris,
1350 4878 1425 4917 ne
1466 4862 1690 4919 factum
1731 4865 1884 4921 dirui
1911 4868 2147 4938 jubeas,

495 4969 571 5010 ne
624 4953 809 5008 animi
858 4953 1097 5008 illorum
1148 4952 1680 5023 promptitudinem
1724 4957 2056 5014 retundas:
2106 4962 2155 5017 si

493 5060 633 5100 vero
660 5044 1012 5115 priusquam
1039 5041 1306 5109 aedificet,
1332 5049 1388 5098 te
1412 5044 1714 5116 quispiam
1755 5045 2151 5122 interrogave-

494 5132 587 5199 rit,
604 5132 813 5206 jubeto
836 5133 974 5189 dare
1000 5132 1383 5206 pauperibus.

2288 3262 2461 3321 ναῖκα,
2490 3253 2668 3324 λέγων.

2359 3342 2551 3419 Ἔργον
2597 3374 2667 3383 -
2739 3341 2810 3403 εἰς
2862 3339 2967 3414 ἐμέ.
3033 3339 3337 3402 Ἐπαινέσας
3388 3341 3562 3406 ἅπλῶς
3636 3347 3696 3396 τὸ
3747 3346 3903 3420 ἔργον

2285 3435 2465 3505 αὐτῆς,
2516 3441 2717 3509 πρῶτον
2766 3435 2855 3505 μὲν
2898 3431 3006 3484 λύει
3059 3434 3153 3489 τὴν
3183 3436 3301 3506 περὶ
3345 3440 3446 3484 τῶν
3493 3442 3723 3505 πτωχῶν
3771 3440 3903 3511 πρό-

2286 3544 2441 3597 φασιν
2481 3533 2580 3576 τῶν
2637 3525 2906 3596 μαθητῶν,
2953 3524 3130 3575 ἔπειτα
3170 3521 3638 3596 ὑπεραπολογεῖται
3684 3530 3774 3578 καὶ
3807 3534 3901 3579 τοῦ

2283 3617 2434 3687 ἔργον
2462 3613 2591 3672 αὐτῆ
2603 3634 2644 3675 ς.

2351 3707 2479 3763 Τοὺς
2540 3705 2789 3774 πτωχοὺς
2853 3732 2922 3741 -
2984 3699 3213 3760 ἐποίησε.
3308 3708 3433 3778 Περὶ
3504 3713 3605 3758 τῶν
3659 3716 3897 3781 πτωχῶν

2280 3790 2617 3866 ἐκδηλότερον
2701 3790 2920 3866 ἔγραψεν
2990 3792 3015 3842 ό
3056 3794 3289 3867 Μάρκος.
3355 3791 3515 3846 Ὀταν
3580 3800 3701 3873 γύρ,
3760 3805 3898 3871 φησὶ

2282 3884 2474 3949 θέλητε,
2525 3882 2713 3944 αύτούς
2772 3879 2998 3933 δύνασθε
3053 3880 3164 3953 (83)
3217 3882 3272 3934 εὖ
3296 3891 3538 3942 ποιῆσαι.
3592 3886 3761 3939 Εἰπὼν
3810 3886 3895 3957 δε,

2279 3977 2360 4028 ὅτι
2414 3974 2533 4046 Ἐμὲ
2592 3969 2651 4025 δὲ
2720 3970 2779 4024 ού
2832 3972 3052 4023 πάντοτε
3128 3973 3295 4043 ἔχετε,
3365 3974 3660 4045 ὑπόμνησιν
3712 3976 3901 4041 αὐτοῖς

2278 4064 2477 4117 ἐνέϐαλε
2529 4071 2625 4124 τῆς
2695 4062 2804 4135 μετ’
2860 4060 3032 4131 ὀλίγον
3123 4070 3330 4135 σφαγῆς
3393 4064 3576 4120 αὐτοῦ.
3638 4069 3775 4140 Πρὸς
3834 4072 3897 4121 τὸ

2278 4154 2585 4227 ἐνταφιάσαι
2691 4148 2817 4224 μεδὲ
2917 4150 3179 4221 ἐποίησεν,
3308 4150 3422 4205 ἀντὶ
3518 4162 3630 4225 τοῦ,
3751 4161 3902 4229 Πρὸς

2276 4243 2623 4316 ἐνταφιασμόν
2678 4261 2799 4313 μου,
2868 4243 3100 4315 καθάπερ
3168 4243 3568 4313 προφητεύουσα
3618 4247 3706 4294 τὸν
3757 4245 3903 4305 πλη.

2277 4335 2531 4394 σιάζοντά
2586 4350 2685 4404 μου
2740 4331 2977 4384 θάνατον.
3061 4334 3163 4382 Καὶ
3213 4336 3365 4380 τοῦτο
3418 4326 3477 4381 δὲ
3539 4336 3899 4405 φανερώτερον

2274 4428 2472 4498 εἴρηκεν
2526 4424 2551 4473 ό
2609 4423 2837 4493 Μάρκος,
2919 4421 3025 4471 ὃτι’
3066 4417 3133 4470 Ὀ
3221 4420 3377 4489 ἔσχέν
3453 4418 3587 4478 αὕτη
3647 4419 3896 4480 ἐποίησε·

2270 4510 2518 4587 προελαϐε
2569 4512 2671 4583 ’γὰρ
2730 4513 2952 4581 μυρίσαι
3018 4526 3118 4578 μου
3193 4511 3251 4559 τὸ
3340 4516 3493 4580 σῶμα
3545 4509 3619 4573 εἰς
3670 4514 3755 4563 τὸν
3816 4513 3900 4566 ἐν-

2269 4604 2585 4676 ταφιασμόν.
2662 4599 2816 4659 Ἔθος
2891 4599 2992 4672 ’γὰρ
3075 4596 3137 4654 ἧν
3195 4599 3383 4671 μύροις
3450 4601 3772 4673 ἐνταφιάζειν
3823 4608 3899 4659 τὰ

2271 4699 2486 4765 σώματα
2538 4694 2664 4763 πρὸς
2720 4692 2777 4740 τὸ
2817 4683 3073 4757 διαρκεῖν.
3132 4685 3197 4738 Ὀ
3263 4684 3321 4739 δὲ
3381 4688 3491 4760 (84)
3542 4692 3698 4762 ἔσχεν
3738 4692 3892 4765 (85),

2268 4780 2379 4835 ἀντὶ
2431 4790 2544 4847 τοῦ,
2588 4779 2607 4795 ”
2635 4787 2677 4831 Ο
2726 4774 2978 4837 ἠδύνατο.
3024 4781 3123 4829 Καὶ
3180 4780 3244 4829 σύ
3275 4782 3465 4843 τοίνυν,
3511 4778 3596 4831 ἐὰν
3637 4784 3725 4851 μὲν
3758 4778 3897 4856 ἴδῃς

2264 4875 2404 4932 τινας
2456 4868 2946 4929 κατασκευάζοντας
3012 4864 3309 4937 ἐκκλησίας,
3364 4867 3393 4926 ἢ
3449 4874 3798 4942 μοναστκὴρια,
3858 4873 3891 4933 ἦ

2267 4960 2596 5034 ἀναθήματα,
2639 4963 2709 5030 μὴ
2770 4959 2940 5009 κέλευε
2993 4954 3266 5007 καταλύειν
3328 4960 3387 5008 τὸ
3443 4962 3730 5030 γινόμενον,
3803 4961 3899 5015 ἵνα

2264 5058 2335 5127 μὴ
2374 5056 2623 5126 πηρώσης
2672 5047 2839 5099 αὐτῶν
2890 5049 2976 5103 τὴν
3026 5046 3320 5119 προθυμίαν
3354 5062 3367 5075 ⁸
3427 5044 3510 5098 ἐὰν
3553 5044 3611 5101 δὲ
3646 5050 3747 5123 πρὸ
3792 5058 3896 5105 τοῦ

2262 5141 2661 5196 κατασκευάσαι
2722 5155 2804 5197 τις
2861 5134 3124 5211 ἐρωτήσῃ,
3164 5135 3335 5189 κε’λευε
3375 5132 3560 5191 δοῦναι
3620 5147 3892 5212 πτωχοῖς,

567 5288 614 5325 ⁸³
655 5290 824 5346 Marc.
859 5302 977 5357 xw,
1002 5288 1052 5355 4,
1084 5288 1138 5342 5.
1164 5289 1210 5324 ⁸ο
1231 5287 1376 5345 Osee
1402 5304 1480 5357 v1,
1513 5291 1586 5362 6;
1617 5290 1813 5348 Matth.
1847 5309 1926 5366 IX,
1964 5298 2045 5352 l3.
2085 5296 2174 5353 91!

2289 5313 2333 5355 Β.
2355 5312 2473 5363 le,
2506 5299 2560 5351 7.
2602 5294 2649 5330 ⁹²
2680 5290 2828 5349 ibid.
2867 5292 2921 5348 8.

1725 5499 1949 5569 Variae
1980 5503 2305 5573 lectiones
2350 5514 2413 5572 et
2455 5510 2661 5571 notae.

574 5656 688 5737 (8'2)
716 5666 784 5718 Τὸ
825 5662 1126 5737 πολύτιμον,
1169 5666 1297 5722 cod.
1339 5669 1405 5722 A.

718 5736 963 5805 Θέληται,
996 5718 1490 5809 δύνασόαῖαύτούς,
1522 5739 1664 5797 Cod.
1694 5742 1759 5796 Α.

2366 5674 2453 5738 δι)
2488 5676 2569 5738 Δέ,
2596 5669 2814 5726 omittit
2837 5666 2950 5721 cod

2366 5678 2427 5729 8't
2488 5676 2569 5738 Δέ,
2596 5674 2914 5726 οωίἰῑὶιοοι

2340 5674 2454 5819 (85)
2483 5749 2552 5800 Τὸ
2586 5740 2643 5797 δὲ
2680 5744 2835 5813 ἔσχεν
2879 5744 2914 5791 Β
