4096 6390
145 351 248 407 649

1126 354 1496 412 COMMENT.
1540 355 1611 410 IN
1644 353 2089 412 MATTH/EUM.
2130 387 2199 395 —-
2239 356 2396 412 CAP.
2428 358 2629 414 XXVI.

3430 369 3536 423 650

217 478 383 550 ’Δμὴν
421 509 497 521 -
575 479 764 543 αὐτῆς,
824 488 988 535 Τοῦτο
1038 484 1130 534 καὶ
1193 488 1289 543 τῆς
1343 484 1593 554 γυναικὸς
1664 501 1763 533 πα-

1944 483 2102 539 Vers.
2160 486 2241 539 13.
2294 485 2473 539 Amen
2522 514 2593 526 —
2634 485 2844 555 ipsius.
2880 487 3012 545 Hoc
3059 492 3115 545 et
3164 489 3299 546 laus
3340 498 3427 550 est
3466 511 3538 552 ac

142 567 397 639 ράκλησις
446 574 544 622 καὶ
587 572 793 633 ἔπαινος
860 567 940 636 ἦν,
989 575 1080 624 καὶ
1129 578 1230 624 τῶν
1299 573 1545 642 μαθητῶν
1600 590 1765 645 παρα-

142 660 310 728 μυθία
346 673 359 685 ⁸
393 667 493 722 τῆς
540 662 653 733 μεν,
711 661 794 713 ὅτι
832 663 979 714 ἔσται
1027 662 1163 713 κατὰ
1204 666 1380 713 πᾶσαν
1411 657 1638 734 ᾁδομένη
1673 665 1764 719 τὴν

142 746 457 821 οἰκουμένην
495 768 508 782 ⁸
544 757 646 801 τῶν
706 745 788 817 δὲ,
850 752 930 802 ὅτι
986 753 1045 803 τὸ
1092 754 1340 825 κήρυγμα
1394 756 1569 803 πᾶσαν
1625 769 1765 823 περι-

140 835 273 909 λάϐῃ
340 838 560 910 (86οὸ7)
627 843 723 898 τὴν
802 839 1127 912 οἰκουμένην.
1200 843 1270 893 Τὸ
1337 840 1649 912 Εύαγγέλιον
1705 837 1763 893 δὲ

143 934 318 994 τοῦτο,
355 925 475 979 ἀντὶ
526 925 643 996 τοῦ,
695 931 725 987 ἡ
780 934 1115 1003 πραγματεία
1160 930 1190 988 ἠ
1240 927 1360 1002 ἐμὴ,
1392 934 1421 988 ἠ
1448 925 1699 1000 διήγησις
1729 931 1759 989 ἡ

144 1016 259 1067 κατ’
288 1014 402 1087 ἐμὲ.
464 1022 567 1069 Καὶ
621 1020 794 1084 ὅντως,
851 1018 967 1070 ὅσοι
1011 1023 1335 1090 γινώσκουσι
1380 1020 1447 1071 τὰ
1491 1020 1625 1071 κατὰ
1674 1021 1761 1071 τὸν

148 1109 405 1179 Χριστὸν,
450 1112 778 1178 γινώσκουσι
829 1112 920 1160 καὶ
978 1106 1004 1159 ὃ
1063 1106 1304 1166 ἐποίησεν
1364 1107 1517 1175 αὕτη,
1556 1112 1646 1161 καὶ
1689 1116 1762 1178 τῷ

148 1194 435 1266 εὐαγγελίῳ
516 1198 889 1269 συνεκηρύχθη
949 1199 1006 1249 τὸ
1058 1199 1215 1270 ἔρχον
1262 1196 1447 1266 αὐτῆς,
1526 1200 1615 1249 καὶ
1691 1195 1763 1258 εἰς

146 1286 358 1336 ἅπασαν
408 1289 506 1343 τὴν
552 1295 653 1357 γῆν
706 1283 987 1359 διέδραμεν
1061 1287 1218 1348 αὐτῆς
1277 1290 1335 1339 1'6
1408 1291 1756 1360 μνημόσυνον.

148 1380 244 1427 Καὶ
283 1382 402 1435 πῶς
474 1372 625 1429 οὐδὲν
683 1379 1029 1449 πνευματικὸν
1082 1377 1344 1450 ὑπέσχετο
1405 1372 1469 1449 τῇ
1528 1380 1760 1448 γυναικὶ,

147 1462 270 1516 ἀλλὰ
300 1468 476 1536 μόνην
531 1469 626 1523 τὴν
680 1465 844 1518 εἰσαεὶ
900 1470 1108 1538 μνήμην
1174 1466 1360 1533 ςἈπό
1417 1468 1615 1527 ταύτης
1675 1470 1765 1518 καὶ

148 1559 259 1627 περὶ
308 1553 515 1607 ἐκείνου
570 1554 771 1630 θαρρεῖν
836 1551 1043 1610 ἔδωκεν.
1091 1555 1153 1608 Εἰ
1196 1557 1298 1631 γὰρ
1380 1555 1533 1607 καλὸν
1619 1557 1765 1629 ἔργον

162 1643 290 1717 αὐτῇ
337 1646 841 1719 προσεμαρτύρησε,
894 1641 1176 1717 πρόδηλον,
1228 1646 1307 1697 ὅτι
1357 1641 1519 1698 δώσει
1565 1647 1767 1697 καὶτὸν

150 1733 275 1805 ὓπερ
338 1735 536 1785 τούτου
581 1734 791 1805 μισθόν,
848 1736 1145 1807 Προετύπου
1202 1729 1261 1786 δὲ
1316 1735 1345 1792 ἡ
1393 1737 1483 1806 μὲν
1512 1738 1641 1806 γυνὴ
1676 1737 1766 1792 τὴν

152 1820 497 1886 Ἐκκλησίαν,
531 1827 625 1880 τήν
664 1826 912 1897 πρότερον
970 1822 1129 1875 οὖσαν
1179 1822 1482 1895 ἁμαρτωλὸν
1522 1840 1535 1854 ·

153 1913 340 1984 μύρον,
414 1916 513 1969 τὴν
570 1916 771 1979 πίστιν,
826 1911 885 1969 ἢν
937 1910 1133 1984 ἐξέχεεν
1188 1912 1260 1974 εἰς
1315 1916 1565 1987 Χριστόν.
1620 1910 1764 1965 Ὑπό-

156 2020 351 2071 μνησιν
430 1997 491 2053 δε
551 2008 656 2062 τοῖς
712 2002 987 2074 μαθηταῖς,
1042 2003 1107 2062 ὡς
1166 2001 1460 2077 εἰρήκαμεν,
1534 2000 1765 2074 ἐμϐαλὼν

156 2099 250 2152 τῆς
302 2090 417 2162 μετ’
479 2090 651 2163 ὀλίγον
685 2100 894 2163 σφαγῆς
933 2091 1112 2158 αὐτοῦ,
1170 2096 1260 2143 καὶ
1300 2096 1385 2144 τόν
1417 2088 1622 2145 Ἰούδαν
1648 2094 1766 2144 ὑπέ-

158 2178 328 2243 νυξεν,
395 2182 462 2239 ὡς
519 2180 579 2231 ού
626 2179 806 2237 λεληθε
877 2183 1072 2253 πονηρὰ
1129 2186 1490 2254 σκεπτόμενος,
1558 2183 1767 2234 ὑπανοί-

155 2289 269 2339 γων
336 2269 470 2320 αὐτώ
534 2274 811 2341 μετανοίας
875 2271 1059 2342 θύραν,
1133 2270 1192 2325 Ὁ
1274 2267 1332 2323 δὲ
1394 2275 1765 2345 καὶπρότερον

159 2361 257 2429 μὲν
322 2360 401 2419 ἐπὶ
446 2367 539 2419 τῆς
593 2355 821 2431 ἀδελφῆς
866 2366 957 2411 τοῦ
1003 2362 1251 2434 Λαζάρου
1303 2355 1634 2431 διεγόγγυσε,
1692 2360 1768 2413 λέ-

159 2468 270 2518 γων
324 2463 337 2475 ⁸
410 2452 558 2500 Διατί
610 2455 760 2500 τοῦτο
812 2451 870 2500 τὸ
924 2450 1084 2521 μύρον
1152 2449 1245 2501 οὐκ
1303 2447 1501 2523 ἐπράθη
1558 2469 1768 2521 τριακο-

162 2540 290 2587 σίων
339 2532 622 2607 δηναρίων,
681 2542 770 2590 καὶ
821 2533 980 2595 ἐδόθη
1034 2544 1273 2610 πτωχοῖς
1303 2534 1466 2607 ;Εἶπε
1497 2535 1575 2604 δε,
1614 2544 1765 2611 φησὶ,

158 2634 333 2692 τοῦτο,
401 2626 509 2698 οὐχ
574 2627 653 2679 ὅτι
729 2631 848 2702 περὶ
915 2634 1013 2679 τῶν
1080 2635 1311 2699 πτωχῶν
1376 2627 1541 2700 ἔμελεν
1604 2628 1767 2699 αύτῷ,

158 2714 265 2767 ἀλλ’
336 2717 417 2768 ὅτι
481 2715 700 2777 κλέπτης
767 2712 850 2780 ἦν,
927 2720 1016 2769 καὶ
1073 2720 1129 2768 τό
1195 2716 1566 2790 γλωσσόκομον
1632 2715 1769 2791 εἶχε,

158 2812 245 2857 καὶ
305 2808 377 2857 τὰ
438 2802 728 2878 βαλλόμενα
792 2802 1066 2866 ἕϐάσταζε.
1142 2808 1212 2858 T6
1273 2788 1770 2879 γλωσσόκομον

163 2892 220 2951 is
254 2893 563 2966 βαλάντιον,
605 2893 718 2965 (88)
778 2891 888 2964 ἑνῷ
918 2897 981 2946 τὰ
1028 2899 1397 2969 προσαγόμενα
1452 2897 1614 2970 χάριν
1668 2904 1767 2948 τῶν

164 2989 397 3041 πενήτων
442 2982 1008 3057 ἐναπεθησαυρίζοντο.
1074 2982 1171 3036 Ὠν
1218 2980 1278 3037 δὲ
1324 2982 1762 3058 βαλαντιοφύλαξ,
1799 2965 1841 3024 C

159 3072 400 3125 ἐϐούλετο
422 3077 516 3125 καὶ
542 3076 596 3125 τό
621 3078 829 3145 τίμημα
846 3081 936 3125 τοῦ
966 3075 1134 3148 μύρου
1166 3072 1667 3148 ἐναποταμιευθῆναι
1694 3084 1766 3147 τῷ

156 3161 448 3234 βαλαντίῳ,
486 3162 565 3213 ἱνα
595 3158 807 3215 δύναιτο
857 3162 1058 3233 κλέψαι.
1090 3162 1412 3238 Φιλαργυρίᾳ
1453 3167 1551 3240 γὰρ
1596 3165 1765 3233 ἁλοὺς,

154 3252 225 3313 εἰς
267 3250 477 3309 κλοπὴν
535 3252 683 3325 ἐώρα.
717 3256 841 3303 Τότε
898 3251 957 3304 δὲ
985 3256 1163 3325 τυχὼν
1204 3252 1506 3325 ἀπολογίας,
1541 3252 1648 3307 ἐπεὶ
1677 3260 1767 3307 καὶ

150 3350 239 3393 νῦν
269 3348 333 3393 τὸ
367 3340 498 3392 αύτό
527 3344 733 3411 γεγονὸς
760 3336 884 3410 silit,
927 3345 1017 3393 καὶ
1046 3349 1138 3403 τῆς
1182 3343 1423 3417 ἀφορμῆς
1451 3351 1540 3395 τοῦ
1580 3343 1766 3414 κλέψαι

150 3430 310 3483 πάλιν
342 3428 628 3501 ἀπέτυχεν,
656 3430 724 3490 εἰς
754 3429 914 3501 ὀργὴν
965 3430 1141 3483 λοιπὸν
1182 3430 1456 3497 ἐξεκαύθη,
1507 3438 1595 3485 καὶ
1628 3434 1765 3485 εἰσε-

147 3521 367 3579 λθόντος
396 3519 468 3580 εἰς
517 3518 674 3571 αὐτόν
704 3526 796 3571 τοῦ
840 3526 1059 3585 Σατανᾶ,
1091 3522 1262 3583 καθὼς
1303 3517 1437 3574 εἶπεν
1478 3523 1503 3573 ὁ
1536 3527 1763 3590 Λουκᾶς,

150 3612 391 3683 ᾶρχεται
414 3616 480 3667 τῆ
493 3628 514 3669 ς
542 3606 784 3667 ἐπιϐουλὴ
797 3629 837 3670 ς.

221 3793 359 3842 Τότε
424 3815 497 3827 -—-
558 3783 862 3860 παραδώσω
936 3786 1091 3840 αὐτόν
1160 3803 1175 3855 ;
1241 3785 1364 3841 Ὀτε
1425 3790 1455 3847 ἡ
1525 3787 1770 3863 ἀλλοτρία

159 3879 430 3949 Quisco-39:3,
482 3879 595 3929 τότε
632 3878 658 3928 ὁ
711 3876 898 3939 οἰκεῖος
962 3876 1307 3952 ἡλλοτριώθη,
1362 3883 1452 3931 καὶ
1514 3878 1766 3952 ἐπορεύθη

162 3974 287 4043 πρὸς
352 3966 564 4031 αὐτούς,
614 3966 720 4038 οὐχ
749 3967 838 4018 ὑπ’
891 3965 1059 4018 αὐτῶν
1094 3967 1405 4040 μετεκλήθη.
1463 3971 1769 4042 Προστίθει-

166 4077 245 4110 ται
297 4053 364 4109 δὶ
416 4058 479 4107 τὸ
535 4053 635 4107 ἀπὸ
684 4064 774 4115 τῆς
826 4052 1158 4127 ἐνεγκαμένης
1200 4056 1311 4129 (89)
1358 4054 1640 4131 ἐπώνυμοι,
1688 4056 1770 4111 δι-

163 4152 239 4198 ότι
296 4150 396 4198 καὶ
443 4144 595 4206 ἄλλος
651 4140 858 4205 Ἰούδας
890 4140 951 4201 ἧν
1000 4145 1025 4196 ό
1070 4144 1340 4201 Ἰακώϐου.
1400 4146 1508 4199 Ούκ
1549 4144 1657 4201 εἶπε
1687 4144 1767 4219 δὲ,

162 4238 238 4288 ὅτι
267 4238 362 4287 τὸν
414 4235 644 4298 Ἰησοῦν,
698 4234 727 4293 ἡ
769 4236 856 4284 τὸν
886 4236 1137 4308 Χριστόν,
1170 4233 1279 4286 ἀλλ’
1311 4236 1392 4287 ὅτι
1421 4236 1594 4291 αὐτόν.
1633 4238 1772 4309 Ἐμί-

166 4344 240 4378 σει
295 4327 401 4397 γὰρ
469 4323 644 4376 λοιπὸν
711 4321 871 4375 αὑτοῦ
927 4327 1016 4375 καὶ
1080 4327 1139 4376 τὸ
1202 4328 1379 4398 ὄνομα.
1442 4332 1647 4389 Λουκᾶς
1712 4324 1771 4382 δε

166 4412 319 4480 εἶπεν,
390 4415 477 4465 ὅτι
526 4411 841 4470 συνελάλησε
885 4416 977 4463 καὶ
1022 4418 1131 4475 τοῖς
1191 4422 1501 4489 στρατηγοῖς
1557 4420 1614 4469 τὸ
1660 4425 1771 4480 πῶς

165 4504 324 4557 αὐτὸν
386 4498 618 4576 παραδῷ
673 4498 870 4563 αὐτοῖς.
928 4503 993 4554 Oi
1044 4504 1146 4576 γὰρ
1204 4502 1473 4581 ἀρχιερεῖς
1523 4511 1768 4579 παρέπει-

232 4683 304 4738 ”.
331 4681 489 4737 Joan
514 4695 655 4747 xxn,
685 4683 737 4743 5,
764 4683 816 4736 6.
896 4680 944 4716 ⁹⁴
974 4681 1109 4738 Luc.
1135 4697 1280 4748 xxn,
1308 4686 1360 4740 3.
1438 4685 1485 4721 ⁸⁵
1515 4684 1666 4742 ibid.
1688 4686 1743 4742 4.

1872 569 2202 627 consolatio
2252 572 2533 639 mulieris,
2595 578 2651 630 et
2720 575 3157 648 discipulorum
3230 580 3533 653 solatium,

1870 659 2028 716 illius
2052 660 2320 734 quidem,
2348 662 2493 734 quia
2514 678 2621 734 per
2647 663 2993 722 universum
3036 668 3233 725 orbem
3259 671 3537 729 decanta-

1870 749 2051 816 bilur;
2087 751 2294 807 horum
2329 756 2550 818 autem,
2586 753 2728 825 quia
2758 755 3106 827 praedicatio
3142 761 3333 816 totum
3374 778 3537 819 com-

1871 839 2199 911 prehendet
2219 842 2545 897 mundum.
2578 842 2699 899 Hoc
2721 845 3133 916 Evangelium,
3159 848 3220 904 id
3244 854 3352 916 est,
3378 867 3534 924 opus

1874 944 2076 984 meum
2108 934 2162 984 et
2192 931 2450 986 narratio
2480 930 2641 987 facta
2693 932 2768 988 de
2800 950 2919 989 me.
2968 937 3045 994 Et
3072 953 3204 993 vere
3235 945 3535 1014 quotquot

1872 1023 2242 1088 cognoscunt
2288 1034 2359 1075 ea
2388 1035 2524 1091 quae
2569 1020 2729 1079 circa
2774 1021 3073 1082 Christum
3130 1029 3528 1099 contigerunt,

1872 1106 2050 1163 etiam
2102 1108 2163 1163 id
2194 1113 2409 1163 norunt
2452 1110 2617 1181 quod
2662 1110 2791 1167 haec
2844 1112 2981 1169 fecit
3011 1131 3025 1181 ;
3054 1120 3110 1172 et
3164 1117 3341 1174 simul
3394 1136 3531 1176 cum

1872 1196 2190 1266 Evangelio
2238 1196 2631 1269 praedicatum
2666 1204 2756 1256 est
2795 1200 2977 1273 hujus
3008 1219 3184 1276 opus,
3220 1208 3369 1265 etin
3401 1211 3532 1267 uni.

1870 1302 2113 1341 versum
2140 1285 2428 1357 percurrit
2456 1288 2659 1343 orbem
2687 1288 2870 1360 hujus
2898 1294 3210 1351 memoria.
3243 1296 3359 1352 Sed
3383 1314 3532 1371 quo-

1874 1375 2057 1431 modo
2086 1374 2236 1431 nihil
2266 1375 2566 1446 spirituale
2597 1377 2831 1433 mulieri
2861 1381 3156 1451 promisit,
3192 1386 3291 1440 sed
3322 1403 3532 1460 perpe-

1871 1469 2037 1522 tuam
2067 1464 2364 1521 duntaxat
2391 1466 2751 1522 memoriam
2790 1468 2818 1523 ?
2840 1470 2923 1523 Ex
2951 1469 3067 1525 hoc
3099 1487 3243 1529 sane
3270 1480 3334 1531 ut
3377 1476 3532 1534 illius

1872 1570 2116 1628 quoque
2132 1552 2415 1611 ﬁduciam
2430 1553 2679 1612 haberet
2696 1556 2891 1628 dedit;
2911 1574 3055 1615 nam
3077 1560 3365 1620 sibonum
3379 1566 3534 1623 illius

1874 1644 2061 1700 fuisse
2115 1659 2270 1715 opus
2317 1647 2563 1700 testatus
2609 1649 2715 1713 est,
2774 1647 3163 1706 manifestum
3226 1658 3313 1709 est
3369 1657 3536 1727 quod

1875 1732 2052 1789 etiam
2082 1731 2369 1804 rependet
2400 1748 2507 1804 pro
2539 1734 2672 1805 ipso
2727 1737 3089 1795 mercedem.
3130 1739 3539 1813 Prteﬁguravit

1591 1826 1650 1875 τὸ
1709 1818 1769 1875 δὲ
1803 1828 1845 1883 Β
1875 1828 2075 1879 autem
2128 1822 2257 1877 haec
2331 1821 2546 1878 mulier
2600 1823 2943 1892 Ecclesiam,
2999 1843 3134 1899 qum
3190 1830 3359 1900 prius
3410 1838 3538 1890 erat

1874 1910 2581 1984 peccatrix.Unguentum
2596 1911 2946 1979 vero,ﬁdem
2960 1930 3145 1987 quam
3160 1918 3219 1973 in
3232 1919 3535 1979 Christum

1874 2001 2106 2058 effudit.
2163 2000 2812 2057 Commemorationem
2858 2009 3056 2059 autem
3127 2006 3430 2081 discipulis
3471 2015 3536 2069 ut

1873 2091 2135 2146 diximus
2161 2090 2534 2161 suggerendo
2576 2091 2928 2163 propinquae
2960 2094 3140 2149 caedis
3173 2113 3317 2163 suae,
3352 2100 3534 2171 etiam

1872 2181 2091 2236 Judam
2124 2180 2277 2235 clam
2307 2180 2623 2251 percussit,
2658 2185 2862 2251 utpote
2889 2183 3053 2253 quod
3087 2185 3383 2244 Christum
3410 2207 3533 2248 non

1872 2270 2291 2342 lateretipsum
2315 2268 2523 2341 iniqua
2548 2274 2800 2325 tractare
2827 2292 2838 2324 :
2862 2276 3153 2345 tanquam
3174 2278 3536 2346 paenitentiae

1870 2359 2123 2431 januam
2155 2359 2235 2413 illi
2286 2358 2631 2431 aperiendo.
2665 2358 2762 2413 Ille
2800 2365 3001 2415 autem
3052 2364 3227 2419 etiam
3261 2367 3426 2437 prius
3462 2370 3537 2425 de

1876 2464 2077 2505 sorore
2110 2448 2308 2505 Lazari
2353 2453 2853 2515 murmuraverat,
2888 2448 3094 2506 dicens
3127 2470 3140 2507 :
3187 2454 3384 2521 Quare
3429 2458 3541 2516 hoc

1876 2545 2247 2609 unguentum
2277 2554 2395 2593 non
2423 2538 2605 2595 veniit
2633 2539 2905 2595 trecentis
2932 2541 3199 2599 denariis
3240 2550 3293 2600 et
3332 2546 3541 2605 datum

1876 2635 1959 2685 est
1999 2628 2198 2698 egenis
2228 2628 2257 2681 φ
2287 2628 2453 2684 Dixit
2485 2634 2683 2683 autem
2714 2629 2843 2693 hoc,
2880 2629 3071 2702 inquit
3109 2632 3389 2706 Joannes,
3422 2653 3545 2694 non

1877 2718 2036 2789 quod
2065 2717 2137 2773 de
2172 2718 2365 2787 egenis
2415 2716 2709 2773 sollicitus
2760 2724 2925 2784 esset,
2959 2719 3064 2775 sed
3093 2725 3236 2792 quia
3265 2728 3371 2795 [ur
3417 2731 3549 2784 erat

1878 2812 1932 2863 et
1951 2807 2174 2863 loculos
2205 2806 2465 2869 habebat,
2488 2822 2559 2863 ac
2581 2821 2649 2863 ea
2675 2822 2801 2878 quae
2825 2808 3217 2866 mittebantur
3240 2816 3545 2882 portabat.

1877 2895 2079 2952 Loculi
2102 2900 2303 2951 autem
2334 2900 2502 2951 erant
2530 2895 2906 2967 marsupium
2931 2897 2994 2952 in
3039 2914 3163 2971 quo
3186 2903 3549 2963 recondebat

1876 3000 1948 3041 ea
1959 3001 2094 3058 quae
2111 3000 2450 3056 pauperum
2465 2986 2654 3053 gratia
2668 2984 2852 3041 ascita
2864 2985 2949 3057 (v)
2962 2993 3132 3043 erant
3150 3006 3162 3045 :
3181 3006 3320 3046 cum
3337 2995 3543 3052 autem

1875 3074 2101 3131 loculos
2133 3078 2413 3138 servaret,
2472 3073 2710 3130 volebat
2735 3075 2915 3130 etiam
2960 3079 3253 3147 unguenti
3282 3083 3541 3153 pretium

1878 3164 1940 3221 in
1961 3163 2170 3220 loculis
2186 3163 2454 3233 recondi,
2476 3179 2599 3233 quo
2623 3163 2806 3219 furari
2828 3164 2968 3220 inde
2990 3174 3206 3237 posset.
3232 3171 3539 3243 Siquidem

1877 3254 2125 3312 avaritia
2157 3260 2365 3326 captus
2392 3255 2453 3308 in
2500 3253 2724 3309 furtum
2757 3253 3124 3312 intendebat.
3158 3261 3222 3314 Et
3248 3264 3387 3317 tunc
3409 3264 3539 3335 qui-

1877 3346 2016 3400 dem
2043 3343 2123 3399 illi
2144 3358 2497 3414 responsum
2522 3347 2609 3397 est
2636 3342 2745 3414 (re),
2776 3344 2882 3397 sed
2910 3346 3052 3416 quia
3083 3363 3243 3403 nunc
3267 3348 3426 3407 idem
3455 3353 3540 3409 fa-

1876 3438 2039 3490 ctum
2069 3432 2235 3498 vidit,
2266 3447 2335 3487 ac
2362 3432 2601 3486 furandi
2629 3432 2944 3488 occasione
2973 3450 3180 3491 rursus
3226 3438 3540 3497 fraudatus

1878 3528 1984 3589 est,
2008 3524 2137 3594 jam
2172 3525 2233 3577 in
2273 3522 2425 3576 iram
2457 3522 2712 3576 exarsit:
2754 3538 3013 3595 cumque
3039 3524 3345 3596 ingressus
3384 3536 3541 3587 esset

1880 3612 1941 3668 in
2001 3628 2142 3668 eum
2201 3614 2474 3680 Satanas,
2548 3611 2697 3667 sicut
2778 3612 2927 3669 dixit
3007 3616 3213 3681 Lucas,
3292 3618 3541 3677 insidias

1882 3702 2126 3774 appeﬁL

1951 3793 2119 3847 Vers.
2170 3792 2250 3845 14.
2309 3789 2460 3845 Tunc
2512 3820 2581 3830 —
2638 3791 2797 3845 Vers.
2865 3795 2949 3847 15.
3011 3793 3166 3850 Eum
3221 3798 3461 3856 tradam
3513 3799 3543 3855 7

1880 3880 2029 3937 Cum
2083 3879 2279 3935 aliena
2331 3882 2418 3933 est
2476 3877 2685 3934 eﬂecta
2743 3879 3096 3939 domestica.
3144 3889 3287 3941 tunc
3343 3887 3542 3945 dome-

1880 3971 2064 4027 sticus
2106 3967 2400 4025 alienatus
2430 3972 2538 4033 est,
2568 3974 2624 4023 et
2655 3967 2733 4023 ad
2761 3967 2893 4024 illos
2945 3970 3109 4041 abiit,
3142 3988 3266 4029 non
3318 3976 3397 4032 ab
3426 3977 3542 4034 illis

1877 4063 2124 4116 vocatus
2153 4062 2258 4112 est.
2292 4055 2577 4112 Additum
2609 4060 2696 4111 est
2721 4057 2899 4113 etiam
2935 4060 3138 4130 patriae
3178 4078 3539 4135 cognomen,

1879 4148 2019 4223 quia
2044 4146 2197 4203 alius
2225 4146 2397 4201 etiam
2428 4145 2612 4201 Judas
2663 4151 2787 4201 erat
2816 4147 2919 4218 qui
2949 4149 3154 4205 Jacobi
3204 4151 3540 4211 dicebatur.

1879 4241 2007 4296 Non
2033 4236 2182 4293 dixit
2211 4241 2411 4291 autem
2457 4234 2657 4290 Jesum
2692 4234 3013 4303 Christum,
3049 4237 3155 4293 sed
3188 4239 3340 4294 Eum
3372 4258 3386 4307 ;
3409 4243 3543 4313 jam

1881 4328 2042 4385 enim
2065 4333 2121 4382 et
2141 4340 2363 4380 nomen
2388 4324 2517 4394 ejus
2547 4323 2774 4379 oderat.
2810 4326 2997 4381 Lucas
3023 4342 3163 4382 vero
3192 4327 3343 4384 dixit
3376 4331 3544 4402 quod

1880 4417 2060 4475 etiam
2088 4414 2324 4471 locutus
2352 4417 2440 4469 est
2469 4428 2608 4467 eum
2653 4412 3106 4482 magistratibus
3137 4416 3222 4487 (ῃ)
3255 4420 3545 4490 quemad-

1882 4506 2136 4564 modum
2167 4501 2338 4559 illum
2368 4500 2563 4559 tradat
2579 4500 2661 4558 eis
2677 4502 2745 4556 ⁸⁸.
2766 4500 3066 4575 Principes
3088 4506 3251 4563 enim
3269 4510 3549 4567 sacerdo-

1377 4863 1601 4933 Variae
1630 4864 1958 4933 lectiones
2010 4871 2076 4930 et
2115 4872 2318 4931 notae.

238 5055 453 5134 (86τ87)
488 5052 745 5134 Uterque
775 5054 965 5134 codex
988 5056 1170 5134 habet
1184 5059 1605 5134 mpddﬁy._Sed
1634 5076 1779 5134 con-

166 5126 473 5206 junctiyus
497 5126 806 5206 _hi_c_’_non
844 5126 1288 5206 habetJlocum.
1335 5126 1559 5205 Co'njici
1586 5133 1778 5206 possit

170 5198 456 5261 περιϐαλεῐ.
492 5198 607 5255 Sed
636 5199 957 5256 Hentenius
986 5200 1165 5258 etiam
1189 5203 1373 5260 habet
1389 5198 1780 5261 comprehen-

170 5259 288 5330 det.
332 5274 482 5343 Ergo
512 5268 902 5343 mgilatgeiﬁic
924 5272 1080 5331 intra
1107 5273 1287 5331 etiam
1313 5259 1393 5333 ἁά

172 5340 769 5430 δῖε.ιεει¹εεξ,πρδ)αεῶ;

237 5418 350 5487 (88)
375 5412 710 5481 Βαλλοίντιον,
740 5413 885 5473 Cod.
918 5415 1153 5473 A.idem
1182 5432 1327 5475 mox
1346 5418 1527 5478 habet
1556 5418 1780 5493 βαλλάν-

262 5592 327 5664 υ)
348 5594 554 5650 Αεείια
584 5591 827 5649 Oblata.

260 5672 325 5732 ιε)
353 5665 461 5721 Illi
507 5678 855 5735 responsum
899 5668 1000 5721 est.
1034 5666 1489 5725 Excusationem
1542 5666 1777 5724 habuit.

294 5737 317 5807 )
344 5735 1162 5808 Magistratibusluthymius
1180 5737 1256 5796 de
1269 5738 1558 5797 militibus
1572 5741 1781 5798 Roma-

448 5835 683 5892 PATROL.
728 5832 837 5890 Gn.
880 5832 1125 5893 CXXIX.

1886 5058 2154 5143 τιοφύλαξ,
2217 5061 2272 5114 et
2317 5054 2502 5130 paulo
2557 5062 2699 5131 post
2740 5074 2966 5125 rursus,
3018 5058 3329 5134 βαλλαντίῳ.
3378 5064 3548 5120 Addo

1886 5133 2081 5181 obiter
2136 5130 2211 5181 de
2262 5129 2562 5181 vocabulo
2608 5129 2978 5181 ’νλωσσόκοηον
3023 5133 3211 5181 Cvrilli
3244 5134 3433 5181 Gloss-
3462 5135 3548 5181 in.

1886 5129 2081 5214 obiter
2136 5130 2211 5186 de
2262 5129 2574 5215 yOcabulo’
2608 5129 2978 5219 γλωσσόκομον
3019 5129 3213 5203 'Cyrilli
3244 5129 3434 5190 Gloss.
3462 5135 3551 5191 in-

1886 5204 2027 5261 edlt.
2062 5201 2462 5273 Γλωσσοκομον’
2512 5199 2844 5273 βαλλάντιον,
2877 5222 2907 5261 η
2961 5202 3135 5265 ξυλίνη
3180 5206 3343 5265 θήκη.
3382 5205 3551 5264 Idem

1884 5274 2071 5356 habet
2096 5272 2531 5356 quoque’aliud
2560 5273 3143 5356 Lexiconineditum.

1960 5345 2075 5419 (89)
2097 5342 2262 5401 Alibi
2282 5342 2591 5408 ἓνεκκούσης
2624 5345 2743 5402 fere
2775 5346 3009 5403 dicitur.

1888 5596 1984 5655 nis
2015 5596 2262 5671 accepit,
2287 5610 2411 5671 non
2428 5595 2503 5652 de
2524 5595 2814 5671 praefectis
2839 5596 3067 5670 templi.
3094 5601 3268 5671 Ergo,
3286 5600 3556 5667 ducibus,

1889 5668 2186 5740 prefectis
2216 5668 2499 5734 militum,
2528 5667 2626 5723 hic
2656 5670 2715 5726 et
2741 5682 2904 5725 mox.

3202 5843 3266 5896 21
