4096 6392
114 385 213 442 ὥ3

1056 388 1419 445 COMMENT.
1462 388 1533 445 IN
1574 386 2019 446 MATTHAiUM.
2058 420 2130 433 -
2171 390 2332 449 CAP.
2373 391 2570 448 XXVI.

3391 395 3497 451 ὥί

116 514 403 587 σνντάξης,
470 511 599 566 ἀλλὰ
643 516 773 588 πρὸς
822 514 985 573 αὐτὴν
1045 518 1140 573 τὴν
1186 522 1285 568 τῶν
1333 514 1545 590 ἀζύμων
1604 517 1730 589 ἠμέ-

1861 516 1997 572 anim
2019 515 2256 573 decimo
2276 517 2468 582 tertio,
2506 516 2614 573 sed
2636 515 2877 573 decimo
2903 520 3127 589 quarto
3143 516 3502 576 immolaba-

114 621 226 673 ραν.
278 601 359 654 Ού
415 604 519 676 γὰρ
564 601 613 654 ἓν
656 610 720 674 τῇ
768 599 1205 676 τριπαιὸωιάτη,
1258 602 1365 655 ἀλλ’
1418 603 1466 656 ἂν
1510 611 1572 677 τῇ
1613 624 1729 657 τεσ-

115 687 579 764 σαρεσκαιδεκάτη
628 690 823 746 ἐθύετο.
876 696 1012 749 Φησὶ
1064 694 1165 764 γὰρ
1207 694 1232 743 ὁ
1275 697 1470 766 νόμος·
1519 695 1602 747 Ἐν
1659 701 1732 766 τῷ

114 787 308 854 πρώτῳ

116 877 199 921 τοῦ
281 871 475 941 μηνὸς,
560 867 657 921 ἀνὰ
738 873 893 941 μέσον
968 878 1066 922 τῶν
1146 870 1441 945 ἔσπερινῶν,
1536 874 1736 944 Πάσχα

118 968 182 1030 τῷ
229 963 442 1030 Κυρίῳ.
490 964 594 1012 Καὶ
648 957 758 1010 ἐπεὶ
818 957 914 1011 ἀνὰ
953 963 1108 1031 μέσον
1156 968 1243 1020 τῆς
1280 960 1501 1034 ἑσπέρας
1537 964 1596 1014 τὸ
1640 964 1737 1014 πά-

122 1067 235 1119 σχα
263 1048 478 1117 ἰθύετο,
504 1056 614 1108 πῶς
639 1054 728 1105 την
758 1049 954 1121 ἡμέραν
998 1052 1201 1121 Πάσχα
1238 1054 1327 1102 καὶ
1376 1049 1594 1125 Ἀζυμα
1628 1051 1738 1103 ὀνο-

124 1140 438 1208 μάζουσιν;
494 1141 636 1189 Διὸτι
675 1140 773 1195 τὴν
833 1136 1051 1211 ἑσπέραν
1099 1146 1162 1212 τῇ
1223 1142 1325 1213 πρὸ
1365 1140 1525 1201 αὐτῆς
1572 1143 1742 1215 ἡμέρᾳ

126 1228 411 1279 συνάπτειν
466 1225 712 1279 ιίὡθασιν
756 1222 1030 1283 Ἰουδαῖοι.
1090 1233 1190 1281 Καὶ
1240 1228 1417 1282 λοιπὸν
1474 1228 1576 1283 ἀπὸ
1651 1232 1743 1293 τῆς

127 1316 352 1389 ἑσπέρας
399 1322 495 1367 τοῦ
545 1317 749 1387 Πάσχα
789 1321 879 1368 καὶ
919 1324 1018 1368 τῶν
1063 1317 1304 1390 ’Δζύμων
1342 1325 1434 1372 καὶ
1476 1324 1570 1379 τὴν
1619 1321 1744 1393 ἡμέ-

124 1425 217 1479 ραν
242 1405 415 1465 αὐτῆς
445 1403 660 1477 Ἀζυμα
687 1404 1025 1477 ὀνομάζουσι.

199 1498 301 1547 Καὶ
353 1502 467 1554 πῶς
508 1492 592 1545 ἰπὶ
649 1502 742 1555 τῆς
793 1491 1233 1569 τρισκαιδεκάτης
1276 1504 1367 1548 τοῦ
1427 1502 1591 1571 μηνὸς
1637 1496 1744 1552 εἷπε

128 1589 359 1647 Λουκᾶς,
414 1583 498 1634 ὅτι
554 1581 744 1635 ’Ἦλθεν
804 1585 833 1641 ἡ
889 1584 1059 1656 ἡμέρα
1119 1592 1220 1638 τῶν
1264 1585 1544 1659 Ἀζύμων;
1603 1592 1745 1642 Διότι

126 1676 206 1739 τὸ,
251 1670 401 1739 ἦλθε,
461 1677 709 1743 σημαίνει
752 1677 846 1725 καὶ
914 1677 972 1725 τὸ
1056 1673 1362 1744 ἐπλησίασε,
1427 1682 1516 1729 καὶ
1576 1682 1744 1751 τούτῳ

126 1762 306 1814 λοιπὸν
333 1760 609 1833 ἐχρήσατο
634 1769 705 1832 τῷ
748 1766 1128 1834 σημαινομένῳ.
1176 1768 1292 1837 Χρὴ
1346 1761 1405 1817 δὲ
1448 1772 1741 1837 γινώσκειν,

1841 611 1956 661 tur.
1974 606 2116 661 Dicit
2131 608 2291 662 enim
2305 606 2400 662 lex
2421 623 2433 660 :
2457 607 2526 662 In
2538 607 2733 677 primo
2750 621 2963 672 meme.
2978 607 3042 663 in
3057 607 3273 664 decimo
3288 614 3501 680 quarto

1842 696 1937 751 die
1973 695 2182 751 mensis
2220 696 2302 752 ad
2351 712 2650 767 vesperam
2692 712 2795 768 per
2832 698 3088 754 medium
3122 711 3501 766 vesperarum

417 785 566 853 μηνὶ,
649 780 701 833 ἐν
792 789 854 854 τῇ
933 780 1480 856 τεσσαρεσκαιδεκάτῇ
1568 785 1735 857 ἡμέρα

1861 784 2070 841 Pascha
2100 785 2212 842 erit
2238 786 2482 843 Domino
2512 788 2556 838 ⁴.
2592 789 2809 843 Verum
2843 786 2895 842 si
2939 786 3018 842 ad
3060 802 3379 858 vesperam
3424 787 3501 860 (Ζ)

1845 890 1951 946 per
1970 875 2235 933 medium
2257 891 2640 947 vesperarum
2662 876 2891 948 pascha
2911 876 3328 943 immolabant,
3354 893 3504 949 quo-

1846 965 2027 1019 modo
2057 963 2217 1019 diem
2243 963 2545 1036 appellant
2570 966 2801 1022 Pascha
2829 971 2887 1021 et
2912 968 3138 1038 Azyma
3156 965 3185 1020 7
3216 964 3368 1034 Quia
3398 982 3503 1022 ve-

1848 1068 2085 1124 speram
2116 1052 2236 1109 diei
2277 1054 2639 1125 praecedenti
2668 1054 3034 1127 conjungere
3059 1056 3246 1113 solent
3290 1055 3501 1113 Judmi.

1850 1145 2054 1214 Itaque
2075 1158 2111 1199 a
2141 1158 2390 1215 vespera
2414 1142 2656 1201 Paschae
2679 1148 2737 1201 et
2756 1150 3141 1219 Azymorum,
3171 1144 3334 1203 diem
3358 1161 3505 1218 quo-

1851 1245 1968 1302 que
1996 1231 2185 1304 ipsius
2213 1246 2474 1304 vesperae
2501 1236 2724 1289 vocant
2752 1236 2999 1306 Azyma.

1923 1479 2234 1547 Quomodo
2251 1484 2452 1538 autem
2468 1480 2536 1537 de
2547 1481 2780 1540 decimo
2802 1483 2973 1540 tertio
2992 1482 3089 1540 die
3112 1484 3341 1540 mensis
3364 1484 3509 1542 dixit

1856 1569 2049 1626 Lucas
2078 1586 2090 1625 :
2118 1571 2280 1627 Venit
2292 1572 2417 1628 dies
2428 1572 2793 1643 Azymorum
2811 1575 2834 1610 ⁹
2846 1573 2875 1629 Ῡ
2888 1573 3039 1640 Quia
3052 1572 3235 1630 dictio
3250 1573 3395 1646 ἦλθε,
3415 1589 3508 1632 ve-

1853 1661 1965 1729 nit,
1994 1660 2292 1730 signiﬁcat
2331 1662 2503 1718 etiam
2546 1660 2830 1729 instabat,
2864 1662 3261 1720 imminebat:
3293 1668 3352 1721 et
3391 1665 3508 1722 hoc

1852 1765 2014 1805 nunc
2032 1766 2176 1805 usus
2196 1752 2654 1822 estsigniﬁcato.
2679 1753 2839 1809 Scire
2855 1758 3058 1809 autem
3083 1758 3336 1826 oportet,
3350 1755 3509 1826 quod

128 1853 215 1915 ὡς,
266 1850 312 1903 εἰ
352 1855 587 1902 καὶτῶν
645 1849 859 1923 ἀζύμων
906 1854 1042 1903 κατὰ
1092 1856 1185 1910 τὴν
1235 1854 1746 1927 τεσσαρεσκαιδεκά.

1861 1840 1961 1895 etsi
1991 1856 2202 1912 azyma
2232 1840 2467 1897 decimo
2492 1844 2705 1913 quarto
2734 1841 2831 1897 die
2871 1843 3095 1899 mensis
3119 1842 3509 1915 incipiebant,

130 1960 222 1997 την
265 1948 361 1992 τοῦ
411 1942 573 2011 μηνὸς
617 1938 941 2014 ἀπήρχοντο,
995 1940 1104 1993 ἀλλ’
1142 1938 1232 1994 οἶν
1275 1947 1368 2001 τὴν
1416 1944 1597 2018 ἑορτὴν
1644 1957 1744 2000 τῶν

134 2030 374 2100 ’Δζύμων
434 2030 572 2081 κατὰ
633 2033 728 2087 τὴν
794 2027 1261 2090 πεντεκαιδεκάτην
1318 2031 1536 2088 ἐτέλουν.
1608 2042 1745 2095 Φησὶ

132 2120 232 2190 γὰρ
303 2120 331 2169 ὁ
398 2122 588 2190 νόμος⁶
649 2116 729 2171 Ἐν
791 2126 855 2191 τῇ
918 2117 1354 2195 πεντεκαιδεκάτῃ
1426 2126 1596 2199 ἡμέρα
1653 2134 1745 2179 τοῦ

137 2210 302 2279 μηνὸς
362 2206 513 2282 ἑορτὴ
570 2214 670 2258 τῶν
716 2206 958 2280 ’Δζύμων
1022 2217 1094 2281 τῷ
1158 2214 1361 2285 Κυρίῳ.
1426 2217 1630 2274 Ταύτην
1686 2213 1747 2269 δὲ

138 2302 237 2349 καὶ
285 2303 488 2371 πρώτην
538 2304 641 2350 τῶν
686 2298 931 2371 Ἀζύμων
985 2297 1215 2367 ἐκάλουν,
1268 2303 1338 2363 ὡς
1378 2306 1743 2377 προαριθμου-

137 2390 299 2458 μένην
350 2394 450 2438 τῶν
505 2389 625 2458 (91)
688 2387 819 2441 ἑπτὰ
890 2389 1094 2462 ἡμερῶν
1156 2398 1255 2442 τῶν
1312 2393 1630 2465 ὡρισμένων,
1696 2394 1746 2448 ἓν

139 2473 218 2536 αἷς
255 2471 407 2529 οὐδὲν
450 2476 690 2549 ζυμωτὸν
737 2476 988 2535 ἠσθίετο·
1033 2476 1194 2533 Ἐπτὰ
1224 2482 1348 2552 γὰρ,
1394 2487 1571 2554 φησὶν,
1623 2485 1748 2556 ἡμέ.

137 2584 231 2636 ρας
260 2565 447 2637 ἄζυμα
477 2561 682 2623 ἔδεσθι.

208 2652 341 2707 Ἀλλ’
410 2653 470 2705 ού
532 2658 648 2729 περὶ
704 2656 904 2719 ταύτης
956 2664 1048 2716 τῆς
1105 2656 1283 2733 ἑορτῆς
1328 2666 1427 2711 τῶν
1482 2660 1742 2734 Ἀζύμων,

136 2740 256 2798 οὐδὲ
300 2747 422 2817 περὶ
467 2746 658 2805 ταύτης
705 2752 801 2806 τῆς
842 2750 1051 2820 πρώτης
1097 2754 1196 2799 τῶν
1239 2747 1453 2821 ἀζύμων
1507 2746 1645 2804 εἶπον
1698 2754 1747 2804 οἱ

135 2832 520 2905 εύαῃιλισταὶ,
581 2834 753 2895 καθὼς
826 2830 1223 2891 ἀποδέδεικται.
1284 2839 1425 2896 Δῦτη
1494 2843 1583 2912 μὲν
1642 2843 1744 2914 γὰρ

135 2925 263 2977 ιατὰ
311 2926 409 2980 τὴν
462 2918 932 2980 πεντααιδεκάτην
996 2927 1152 2996 ἤγετο
1208 2934 1301 2979 τοῦ
1349 2932 1549 2998 μηνός·
1620 2929 1744 2983 ἐκεῖ.

135 3031 208 3064 νοι
250 3007 311 3066 δί
371 3014 621 3083 περὶτῆς
667 3009 1119 3084 τρισκαιδεκάτης
1171 3016 1430 3089 ἔγραψαν.
1508 3019 1745 3081 Εἰπόντις

136 3097 191 3154 9“:
253 3102 304 3155 οἱ
373 3101 651 3173 μαθηταί·
704 3107 816 3155 Ποῦ
864 3101 1038 3167 θέλεις,
1103 3103 1460 3179 ἑτοιμάσωμέν
1507 3128 1590 3162 σοι
1658 3130 1749 3182 φα-

134 3197 235 3260 γεῖν
259 3192 321 3243 τὸ
364 3188 603 3262 Πάσχας
633 3185 855 3257 ἔδειξαν,
889 3192 970 3245 ὅτι
1010 3192 1105 3246 οὐκ
1148 3190 1289 3266 εἶχεν
1324 3192 1464 3249 ἴδιον
1510 3206 1749 3271 καταγώ-

137 3299 265 3350 γιον.
299 3275 473 3351 Οἶμαι
503 3275 583 3346 δί,
629 3281 708 3332 ὅτὶ
753 3276 870 3333 οὐδ’
920 3280 1086 3351 αὐτοὶ,
1134 3288 1296 3336 πᾶσιν
1345 3285 1748 3361 ἀποταξάμενοι.

138 3370 201 3423 Ἦ
235 3372 340 3442 γὰρ
392 3368 457 3421 ὄιν
495 3368 599 3423 ἐκεῖ
638 3377 820 3424 τοῦτον
870 3370 1029 3425 ἇλθεῐν
1077 3375 1454 3447 παρεκάλεσαν.
1504 3380 1752 3434 Ἐπιτιλεῖ

139 3457 197 3513 ei":
223 3463 284 3511 τὸ
317 3462 541 3529 Πάσχα,
594 3454 822 3528 δεικνὺς,
867 3460 945 3512 ὅτι
988 3465 1154 3534 μέχρι
1195 3463 1432 3528 τελευτῆς
1462 3470 1549 3519 τὸν
1597 3473 1749 3542 νόμον

139 3547 327 3624 ἐτήρει.
361 3551 504 3605 Φησὶ
535 3543 596 3599 δὲ
630 3547 659 3600 ὁ
699 3554 923 3616 Λουκᾶς,
962 3559 1168 3625 πρῶτον
1208 3553 1366 3606 εἰπεῖν
1396 3559 1483 3608 τὸν
1518 3563 1749 3632 Χριστὸν

139 3645 241 3699 τοῖς
318 3637 589 3709 μαθηταῖς
612 3654 624 3668 ·
696 3640 1033 3711 Πορευθέντες
1110 3640 1420 3715 ἑτοιμάσατε
1494 3648 1618 3719 ἡμῖν
1691 3653 1748 3702 τὸ

140 3730 345 3800 πάσχα,
382 3728 472 3780 ἱνα
512 3728 752 3800 φάγωμεν
782 3742 796 3757 ⁸
830 3726 944 3784 εἶτα
984 3734 1107 3792 τοὺς
1162 3734 1400 3804 μαθητὰς
1451 3733 1745 3812 ἐρωτῆσαι·

143 3824 237 3870 Ποῦ
270 3816 435 3877 θέλεις
466 3815 572 3869 iret
600 3818 889 3888 μάσωμενς

201 3916 257 3967 '0
306 3910 369 3966 δὲ
410 3943 485 3955 -
539 3922 640 3965 τῶν
675 3916 923 3983 μαθητῶν
971 3936 1101 3988 μου.
1159 3922 1373 3993 Μάρκος
1412 3920 1472 3975 δὲ
1527 3929 1617 3977 καὶ
1662 3929 1749 3978 τὸν

143 4005 354 4076 ἀριθμόν
394 3999 510 4055 εἷπε
552 4011 653 4055 τῶν
702 4001 1112 4077 ἀποσταλέντων,
1154 4009 1237 4061 ὅτι
1283 4007 1399 4067 δύο.
1446 4018 1653 4076 Λουκᾶς
1692 4013 1751 4068 δὲ

141 4098 220 4145 καὶ
265 4095 337 4145 τὰ
374 4091 609 4163 ὀνόματα
666 4095 861 4146 τούτων
906 4098 1251 4170 προσέθηκεν,
1300 4100 1472 4169 εἰπὼν,
1534 4105 1615 4156 ὅτι
1661 4110 1750 4159 καὶ

141 4181 407 4236 ἀπέστειλε
460 4185 653 4253 Πέτρον
703 4187 793 4235 καὶ
872 4183 1145 4243 Ἰωάννην
1196 4188 1343 4241 πόλιν
1398 4187 1458 4243 δὲ
1510 4198 1604 4252 τὴν
1651 4204 1750 4247 τῶν

140 4271 505 4343 Ἱεροσολύμων
562 4269 902 4329 ὑποληπτέον.
968 4272 1106 4347 Ὀρα
1168 4272 1246 4344 δὲ,
1299 4287 1404 4340 πῶς
1465 4284 1552 4334 τὸν
1606 4279 1753 4337 δεῖνα

140 4359 366 4431 πλαγίως
433 4358 610 4426 εἰπὼν,
666 4367 1040 4435 παρισιὼπησι
1232 4375 1327 4419 τοῦ
1401 4367 1589 4445 ἀνδρὸς
1657 4378 1751 4432 τὴν

140 4448 342 4512 κλῆσιν,
384 4448 528 4510 ὅπως
568 4449 680 4521 (92)
719 4455 791 4523 μὴ
834 4454 1010 4523 μαθὼν
1051 4458 1147 4513 τὴν
1195 4455 1363 4509 οἰκίαν
1417 4457 1619 4523 Ἰούδας
1667 4462 1750 4515 ἐκ·

1854 1928 2068 1984 festum
2100 1936 2298 1984 tamen
2329 1932 2689 2001 Azymorum
2720 1929 2956 1987 decimo
3000 1930 3211 2002 quinto
3240 1930 3508 2002 perﬁcie-

1853 2015 2020 2072 bant.
2054 2016 2198 2072 Dicit
2222 2017 2380 2072 enim
2430 2016 2567 2073 lex:
2622 2020 2856 2075 Decimo
2901 2019 3109 2090 quinto
3153 2020 3248 2075 die
3294 2019 3512 2075 mensis

1853 2106 2067 2174 festum
2093 2107 2455 2176 Azymorum
2496 2107 2607 2163 erit
2637 2107 2887 2164 Domino
2916 2109 2960 2161 θ.
3007 2108 3073 2163 Et
3120 2107 3284 2165 hunc
3332 2108 3513 2164 etiam

1855 2193 2119 2265 primum
2150 2197 2511 2267 Azymorum
2530 2196 2846 2262 vocabant,
2879 2199 3084 2269 utpote
3113 2212 3514 2268 preenumera-

1853 2285 1979 2338 tam
2009 2287 2238 2355 septem
2272 2284 2681 2343 determinetis
2705 2286 2930 2353 diebus,
2967 2285 3191 2359 quibus
3226 2285 3376 2344 nihil
3402 2285 3513 2343 fer-

1855 2375 2189 2429 mentatum
2218 2373 2523 2431 edebatur.

1926 2617 2041 2674 Sed
2069 2633 2193 2674 non
2222 2620 2290 2674 de
2326 2619 2443 2676 hoc
2486 2619 2637 2676 festo
2668 2621 3032 2692 Azymorum
3070 2635 3265 2692 neque
3295 2621 3369 2679 de
3397 2623 3516 2681 hoc

1854 2707 2051 2779 primo
2074 2724 2419 2780 azymorum
2450 2709 2729 2767 dixerunt
2754 2709 3154 2782 evangelista),
3182 2715 3247 2768 ut
3270 2711 3519 2770 demon-

1857 2800 2109 2853 stratum
2159 2800 2268 2853 est.
2324 2796 2493 2864 Illud,
2545 2797 2843 2870 siquidem
2897 2798 3128 2855 decimo
3173 2800 3383 2872 quinto
3421 2800 3519 2861 die

1855 2886 2081 2943 mensis
2102 2886 2432 2954 accidebat,
2453 2886 2537 2945 illi
2560 2902 2702 2946 vero
2719 2887 2794 2943 de
2816 2888 3051 2947 decimo
3070 2888 3241 2944 tertio
3263 2889 3357 2959 die
3381 2891 3519 2948 scri-

1856 2980 2122 3048 pserunt.
2175 2976 2445 3032 Dicentes
2505 2991 2641 3033 vero
2684 2975 3002 3049 discipuli:
3059 2978 3168 3033 Ubi
3217 2978 3303 3034 vis
3345 2994 3519 3047 pare-

1859 3081 1987 3121 mus
2018 3064 2126 3121 tibi
2150 3065 2231 3121 ad
2266 3064 2559 3122 edendum
2581 3065 2808 3135 pascha
2832 3066 2851 3097 "
2879 3064 2908 3119 ?
2954 3064 3520 3124 demonstraverunt

1808 3204 1824 3221 ,
1859 3155 2025 3226 quod
2054 3155 2367 3227 proprium
2416 3152 2832 3212 habitaculum
2874 3168 3000 3209 non
3048 3153 3327 3211 habebat.
3364 3158 3518 3213 Puto

1860 3248 2061 3302 autem
2096 3244 2265 3316 quod
2307 3257 2504 3315 neque
2546 3241 2674 3315 ipsi,
2735 3259 2875 3298 cum
2922 3241 3088 3314 prius
3125 3244 3333 3300 omnia
3382 3244 3520 3301 reli-

1858 3332 2168 3406 quissent:
2228 3331 2453 3405 alioqui
2509 3347 2647 3389 eum
2704 3330 2844 3387 illuc
2892 3332 3239 3388 invitassent
3296 3336 3360 3389 ut
3418 3349 3515 3391 ve-

1859 3422 2029 3479 niret.
2075 3422 2305 3479 Perﬁcit
2324 3437 2465 3478 vero
2490 3420 2739 3491 Pascha,
2772 3420 3098 3476 ostendens
3127 3420 3291 3494 quod
3322 3438 3517 3495 usque

1860 3511 1939 3569 ad
1961 3515 2217 3568 mortem
2238 3511 2433 3581 legem
2453 3510 2833 3567 observabat.
2854 3509 2946 3565 Ait
2962 3514 3166 3566 autem
3186 3510 3377 3585 Lucas
3398 3511 3518 3583 pri-

1858 3617 2029 3663 mum
2073 3602 2291 3658 dixisse
2336 3600 2631 3657 Christum
2668 3598 3010 3672 discipulis:
3054 3601 3277 3657 Euntes
3307 3607 3523 3671 parate

1858 3691 2025 3747 nobis
2044 3691 2267 3763 pascha
2286 3696 2353 3746 ut
2377 3690 2648 3761 edamus;
2674 3687 2892 3745 deinde
2914 3688 3244 3761 discipulos
3272 3689 3520 3747 interro-

1859 3796 2069 3852 gasse:
2096 3781 2201 3838 Ubi
2218 3782 2303 3836 vis
2317 3795 2598 3850 paremus
2622 3780 2643 3813 ⁸
2665 3777 2694 3833 ?

1929 3925 2241 3981 Vers.18.A
2252 3929 2271 3979 t
2282 3923 2467 3980 ille—
2479 3922 2781 3992 discipulis
2794 3920 3190 3979 meis.Marcus
3204 3938 3519 3978 numerum

1860 4030 2103 4089 quoque
2121 4015 2478 4069 dixiteorum
2500 4013 2604 4085 qui
2620 4010 2789 4067 missi
2810 4015 2966 4077 sunt,
2983 4013 3131 4082 puta
3148 4011 3314 4082 quod
3339 4011 3517 4068 duo9.

1864 4108 2047 4161 Lucas
2091 4119 2232 4159 vero
2272 4104 2450 4159 etiam
2487 4101 2705 4157 horum
2737 4099 2965 4155 addidit
2999 4100 3251 4155 nomina
3288 4100 3517 4167 dicens,

1861 4194 2027 4268 quod
2051 4194 2211 4249 misit
2231 4192 2471 4248 Petrum
2490 4193 2546 4247 et
2574 4190 2867 4246 Joannem
2887 4190 2957 4240 1°.
2990 4187 3298 4245 Civitatem
3326 4193 3521 4246 autem

1860 4300 1991 4357 pro.
2025 4281 2454 4355 Hierosolymis
2502 4279 2777 4351 accipito.
2821 4277 2887 4333 Et
2924 4277 3058 4333 vide
3092 4277 3401 4349 quomodo
3434 4276 3521 4333 di-

1862 4389 2022 4430 cens.
2053 4372 2371 4440 Quemdam
2397 4374 2455 4427 in
2482 4369 2738 4441 obliquo,
2771 4366 2880 4422 viri
2912 4381 3125 4423 nomen
3153 4365 3521 4438 conticuerit,

1861 4479 1935 4519 ne
1974 4462 2160 4519 Judas
2202 4460 2441 4531 cognita
2470 4458 2654 4515 domo
2692 4458 2771 4514 ad
2808 4456 3186 4512 insidiatores
3226 4462 3518 4522 excurrat,

140 4534 317 4611 δράμῃ
368 4540 503 4613 πρὸς
548 4542 663 4598 τοὺς
719 4538 1041 4612 ἐπιϐούλους,
1090 4549 1183 4597 καὶ
1236 4544 1474 4621 ἐπαγάγῃ
1534 4555 1746 4615 τούτους

1862 4556 1919 4609 et
1955 4551 2081 4607 illos
2120 4551 2194 4609 ad
2243 4566 2304 4605 se
2346 4547 2699 4611 introducat,
2737 4545 3096 4618 priusquam
3128 4561 3364 4602 coenam
3400 4562 3522 4619 my-

139 4628 276 4697 αὐτῲ
326 4629 428 4699 πρὸ
471 4634 565 4679 τοῦ
606 4626 939 4701 παραδοῦναι
976 4636 1036 4684 τὸ
1075 4639 1333 4705 μυστικὸν
1385 4638 1500 4712 (93)
1545 4637 1752 4695 δεῖπνον

138 4722 244 4777 τοῖς
285 4716 560 4787 μαθηταῖς
585 4732 598 4745 ·
644 4714 761 4771 ἀντὶ
798 4714 859 4772 δὲ
897 4723 1096 4784 ταύτης
1144 4718 1371 4777 δέδωκεν
1418 4728 1588 4801 ἕτερον
1615 4737 1750 4802 γνώ-

140 4825 325 4877 ρισμα,
374 4806 505 4879 ὅπερ
552 4806 580 4857 ὁ
630 4808 845 4880 Μάριος
902 4808 1209 4885 ἀνέγραψεν,
1254 4814 1432 4887 εἰπὼν,
1497 4820 1579 4872 ὅτι
1652 4828 1752 4875 Καὶ

143 4893 435 4953 ἀπαντήσει
499 4896 621 4966 ὑμῖν
689 4898 962 4970 ἄνθρωπος
1041 4904 1289 4977 κεράμιον
1372 4903 1571 4971 ὕδατος
1654 4910 1752 4983 βα-

142 4985 371 5049 στάζων,
432 4981 828 5046 ἀκολουθήσατε
891 4988 1033 5061 αύτῷ
1057 5009 1070 5022 ⁸
1126 4996 1218 5045 καὶ
1293 4995 1422 5049 ὅπου
1496 4996 1583 5051 ἰὰν
1647 4981 1752 5053 τίσ-

1860 4641 2070 4698 sticam
2099 4638 2411 4711 discipulis
2452 4636 2777 4694 tradiderit.
2812 4636 2921 4692 Pro
2962 4634 3147 4691 domo
3180 4650 3319 4691 vero
3361 4633 3529 4693 dedit

1861 4730 2024 4788 aliud
2038 4729 2348 4794 indicium,
2362 4727 2525 4799 quod
2537 4724 2774 4799 scripsit
2788 4726 3022 4781 Marcus
3039 4725 3246 4781 dicens
3272 4741 3285 4778 :
3308 4724 3528 4782 Occur-

1861 4825 1953 4877 ret
1981 4820 2142 4877 vobis
2172 4820 2343 4879 homo
2374 4818 2646 4887 hydriam
2675 4831 2851 4886 aquae
2879 4815 3187 4885 bajulans,
3216 4814 3530 4885 sequimini

1862 4926 2027 4967 eum:
2060 4917 2113 4967 et
2139 4922 2479 4981 quocunque
2496 4906 2792 4979 ingressus
2816 4906 3028 4975 fuerit,
3061 4904 3240 4961 dicite
3266 4904 3527 4973 patrifa-

1859 5001 2093 5058 milias:
2128 5000 2412 5070 Magister
2439 4997 2605 5063 dicit,
2638 4995 2744 5052 Ubi
2770 5005 2853 5055 est
2879 4994 3270 5052 diversorium
3302 4994 3367 5048 in
3407 5008 3525 5064 quo

207 5164 229 5199 ‘
256 5164 451 5222 Levii.
492 5180 660 5232 nm,
689 5170 743 5221 ὅ·
782 5167 820 5231 ηδ
862 5164 997 5229 ιω
1040 5184 1185 5238 xm,
1216 5174 1271 5230 '7.
1318 5175 1344 5217 ⁸
1398 5175 1578 5234 Levii.
1610 5193 1771 5251 nm,
1801 5181 1903 5237 6.’
1938 5179 2138 5238 Matth.
2169 5193 2321 5244 xx",
2376 5182 2464 5234 1'7.
2519 5176 2541 5213 ³
2592 5177 2730 5232 Luc.
2771 5189 2917 5237 nu,
2974 5178 3028 5231 9.
3084 5174 3108 5210 ⁹
3168 5173 3344 5227 Marc.
3406 5186 3525 5239 XIV,

147 5258 225 5309 i3.
265 5254 317 5289 ιο
357 5253 501 5309 Luc.
545 5269 681 5327 xvn,
715 5253 769 5311 8.

1347 5387 1576 5458 Variae
1602 5390 1928 5461 lectiones
1955 5401 2023 5459 et
2057 5400 2262 5462 notae.

208 5523 328 5591 (9i)
358 5525 517 5607 Inter
539 5522 889 5607 τῶνιοξέπτᾲ
918 5523 1084 5607 addit
1112 5528 1247 5607 cod.
1279 5534 1324 5586 A
1351 5533 1679 5606 ὡρισμένον.

540 5595 765 5673 omittit
802 5604 902 5673 τῶν
924 5601 1259 5673 -ᾧρισμᾷνωκ

211 5668 327 5737 (9'2)
361 5670 426 5719 Δέ
452 5672 588 5739 post
626 5668 790 5734 ὅπως,
824 5668 992 5727 addit
1018 5668 1152 5730 cdd.
1202 5675 1262 5730 Β.
1303 5675 1473 5734 Forte
1517 5696 1592 5745 τι,
1630 5677 1761 5737 loco

1873 5533 1935 5590 δὲ
1962 5534 2314 5607 legendum.

1944 5602 2057 5680 (93)
2084 5610 2182 5661 Τὸν
2211 5608 2495 5679 μυστικόν,
2526 5602 2665 5660 Cod.
2699 5605 2764 5657 A.

210 5794 288 5862 (ς)
314 5793 398 5848 Ad
427 5808 748 5867 vesperam.
784 5793 904 5852 Hoc
928 5812 1003 5853 ex
1034 5797 1287 5869 Vulgata
1314 5800 1522 5860 Latina
1554 5803 1788 5861 videtur
1816 5801 2117 5861 addidisse
2143 5803 2456 5875 interpres.
