4096 6392
585 402 692 459 655

585 525 809 598 pascha
861 537 991 579 cum
1036 514 1344 586 discipulis
1385 510 1526 566 meis
1569 507 1757 564 edam.
1803 502 1878 556 Et
1929 493 2242 598 illenpobis
2275 493 2324 546 A

591 586 853 674 ostendet
888 613 933 647 ¹¹
968 607 1327 666 caenaculum
1352 598 1584 673 grande
1608 598 1929 652 instratum
1955 606 1968 642 :
1996 586 2122 642 illic
2140 599 2244 653 pa-

591 709 721 762 rate
753 703 936 760 nobis.
968 696 1248 755 Proxima
1275 693 1368 749 his
1392 689 1570 747 etiam
1597 683 1829 756 scripsit
1856 680 2043 734 Lucas
2069 678 2136 728 1³.

670 957 924 1025 Tempus
941 955 1140 1008 autem
1153 946 1282 1017 ejus
1300 930 2093 1017 pr0pinquum,intelligimus
2108 932 2249 982 tem-

602 1061 718 1118 pus
747 1017 959 1099 mortis
998 1038 1185 1111 ipsius
1219 1036 1361 1092 Cum
1397 1028 1702 1099 discipulis
1729 1025 1879 1088 meis,
1915 1017 2157 1082 addidit,
2189 1020 2252 1069 ut

580 1149 712 1207 .pro
739 1133 834 1189 his
858 1144 1096 1204 quoque
1121 1125 1420 1182 sufﬁciens
1451 1119 1890 1192 praepararetur
1916 1107 2250 1165 convivium

604 1197 899 1294 Ῐςατάλυμά
917 1197 1057 1276 vero
1085 1215 1249 1290 quod
1281 1215 1524 1271 Marcus
1556 1207 1702 1263 dixit
1729 1208 1806 1276 (et
1831 1219 1942 1258 nos
1975 1197 2252 1254 vertimus

599 1283 1017 1381 divers6rium)
1039 1283 1131 1363 est
1149 1300 1549 1361 coanaculum.
1577 1297 1838 1368 Apparet
1858 1295 2056 1381 autem
2088 1283 2253 1381 quod

600 1401 795 1459 ﬁdelis
810 1401 904 1456 hic
917 1393 1359 1471 paterfamilias,
1375 1390 1496 1445 sive
1513 1386 1716 1442 divina
1733 1380 2108 1440 revelatione,
2131 1373 2254 1428 sive

601 1461 1266 1562 corporali-Salvatoris
1314 1474 1730 1542 collocutione,
1789 1471 2037 1525 noverat
2089 1461 2250 1562 quod

603 1551 771 1653 apud
815 1594 877 1633 se
907 1576 1172 1632 facturus
1221 1573 1377 1627 esset
1425 1567 1522 1624 ille
1580 1561 1835 1653 pascha:
1892 1563 1948 1613 et
1996 1555 2132 1653 ideo
2183 1551 2254 1608 ad

604 1642 1042 1740 susceptionem
1094 1662 1498 1734 praeparatum
1545 1652 1809 1710 habebat
1857 1642 2251 1702 etenaculum.

603 1731 899 1814 Praeterea
927 1755 988 1810 in
1019 1731 1130 1808 hoc
1159 1731 1338 1806 etiam
1365 1747 1497 1802 loco
1529 1758 1664 1798 cum
1703 1739 2050 1796 auctoritate
2077 1731 2255 1802 signi-

601 1847 762 1914 ﬁcat,
795 1851 1084 1916 tanquam
1109 1838 1376 1897 omnium
1419 1832 1728 1890 Dominus.

595 1971 599 1976 ε
673 1934 910 2006 Mystice
931 1947 1071 1988 vero
1102 1927 1486 2000 signiﬁcatur,
1519 1920 1678 2006 quod
1718 1917 1798 2006 ad
1834 1925 2260 2006 quemcunque

603 1996 876 2078 divinum
907 1996 1212 2088 baptisma
1248 2013 1590 2081 ingressum
1619 2003 1827 2061 fuerit:
1868 2015 2012 2056 nam
2059 1997 2118 2052 id
2148 1996 2261 2068 hy-

604 2109 754 2168 driee
783 2122 943 2180 aqua
971 2086 1284 2177 figuratur,
1316 2097 1482 2171 apud
1521 2097 1684 2152 hunc
1722 2091 1984 2147 Christus
2032 2086 2262 2157 requie-

607 2198 733 2265 scit,
789 2176 1045 2253 m_axime
1097 2193 1144 2248 si
1203 2191 1516 2246 instratum
1583 2183 1807 2240 habeat
1864 2176 2256 2238 coenaculum,

608 2289 733 2345 sive
759 2285 1140 2360 puriﬁcatam
1165 2283 1451 2344 mentem,
1484 2279 1540 2332 et
1570 2274 1924 2331 adornatam
1952 2265 2262 2340 splendore

607 2354 1183 2448 contemplationum
1233 2363 1793 2440 supernaturalium.
1845 2359 2000 2426 Illic,
2048 2354 2256 2427 inquit,

603 2473 818 2539 parate
845 2445 1033 2528 nobis,
1067 2477 1138 2518 ea
1178 2458 1454 2515 videlicet
1481 2470 1617 2527 quas
1650 2451 1730 2508 ad
1767 2449 2002 2505 Paschae
2043 2445 2262 2501 festum

610 2555 988 2617 conveniunt,
1035 2565 1284 2622 agnum,
1331 2560 1566 2618 azyma,
1610 2542 1871 2598 lactucas
1902 2540 2166 2609 agrestes
2193 2549 2263 2589 ac

607 2645 885 2704 baculos.

682 2737 726 2805 -ἰ-
751 2733 966 2792 Civitas
991 2731 1232 2803 quidem
1259 2728 1432 2799 juxta
1477 2735 1810 2792 anagogen,
1853 2715 2148 2774 sensibilis
2180 2717 2266 2768 est

614 2824 893 2882 mundus.
940 2822 1131 2877 Homo
1173 2833 1336 2883 vero,
1374 2812 1728 2885 generaliter
1779 2815 1995 2864 natura
2039 2809 2126 2860 est
2159 2804 2267 2858 hu-

614 2929 817 2972 mana.
847 2916 972 2968 Duo
994 2914 1193 2966 autem
1216 2907 1320 2980 qui
1351 2903 1429 2961 ad
1454 2904 1615 2958 hunc
1646 2901 1962 2956 mittuntur
1991 2892 2268 2965 discipuli

611 3003 708 3061 lex
750 3001 975 3058 Veteris
1007 3016 1076 3055 ac
1107 2998 1252 3054 Novi
1295 2991 1651 3051 Testamenti
1691 2996 1982 3060 tanquam
2013 2998 2270 3056 praecur—

614 3108 782 3150 sores
825 3090 1078 3163 quidam
1107 3087 1337 3143 Christo
1379 3082 1703 3155 mysticum
1749 3077 2090 3134 convivium
2122 3088 2270 3144 prae-

1908 368 2257 430 EUTHYMII
2298 362 2625 420 ZlGABENl

2351 577 2506 649 λέγει’
2571 582 2676 628 Ποῦ
2749 572 2860 624 ἐστι
2937 573 2995 622 τό
3069 569 3360 640 κατάλυμα,

3849 349 3946 407 656

3506 475 3565 528 Ὀ
3638 471 3947 534 διδάσκαλος

3444 567 3571 618 ὅπου
3651 568 3706 617 τὸ
3767 566 3948 636 πάσχα

2354 489 2494 559 ἑλθη,
2559 490 2729 538 εἴπατε
2827 490 2900 552 τῷ
3010 473 3358 550 οἰκοδεσπότῃ
3418 495 3430 509 ·

2354 669 2484 740 μετά
2538 674 2636 716 τῶν
2713 665 2957 735 μαθητῶν
3036 679 3135 731 μου
3214 659 3405 730 φάγω;
3479 660 3579 708 Καὶ
3629 653 3783 714 αὐτὸς
3837 655 3949 724 ὑμῖν

2356 753 2515 818 δείξει
2565 752 2796 824 ἀνώγεων
2853 755 2987 823 μέγα
3067 747 3402 821 ἐστρωμένον·
3487 744 3592 796 ἐκεῖ
3653 743 3952 815 ἑτοιμάσατε

2356 846 2498 916 ἡμῖν.
2531 845 2608 897 Τά
2645 840 2990 915 παραπλήσια
3021 833 3078 890 δε
3103 841 3193 888 καὶ
3224 838 3250 887 6
3282 840 3488 896 Λουκᾶς
3522 836 3789 907 ἱστόρησε.

2430 935 2619 1006 Καιρὸν
2673 928 2730 982 δὲ
2780 929 2893 1000 (94)
2957 927 3114 982 αὐτοῦ
3169 933 3379 997 νοοῦμεν
3441 923 3715 994 ἐγγίζοντα
3749 924 3832 972 τὸν
3869 927 3954 971 τοῦ

2361 1025 2601 1075 θανάτου.
2662 1023 2802 1073 Μετά
2847 1026 2946 1070 τῶν
2996 1019 3243 1089 μαθητῶν
3297 1033 3396 1086 μου
3452 1009 3511 1064 δὲ
3539 1010 3695 1079 εἶπεν,
3747 1011 3830 1061 ἱνα
3875 1012 3958 1060 καὶ

2358 1116 2486 1184 πρὸς
2543 1113 2758 1169 τούτους
2810 1109 3073 1180 αὐτάρκης
3122 1107 3150 1164 ἡ
3209 1100 3457 1174 ὑποδοχὴ
3513 1105 3749 1173 γένηται.
3793 1101 3960 1152 Κατά-

2359 1201 2498 1273 λυμα
2555 1197 2614 1252 δὲ
2659 1199 2860 1270 λέγεται
2926 1199 2982 1248 τό
3043 1200 3392 1265 καταγώγιον.
3455 1195 3696 1244 Φαίνεται
3755 1184 3831 1253 δὲ,
3889 1190 3961 1239 ὅτι

2361 1294 2547 1349 πιστὸς
2612 1294 2677 1339 ὢν
2735 1286 2917 1346 ἐκεῖνος
2967 1287 2991 1336 6
3047 1281 3445 1347 οἰκοδεσπότης,
3497 1283 3597 1332 εἶτε
3654 1280 3789 1329 κατά
3843 1275 3962 1327 ἀπο-

2363 1379 2587 1451 κάλυψιν
2643 1380 2920 1451 θειοτέραν,
2980 1377 3078 1426 εἴτε
3131 1374 3394 1424 καὶκατὰ
3449 1373 3741 1440 συντυχὶαν
3798 1384 3963 1437 σωμα-

2363 1475 2506 1527 τικὴν
2555 1476 2646 1520 τοῦ
2700 1475 2957 1540 Σωτῆρος,
3018 1463 3265 1534 ἐγίνωσκε
3309 1468 3491 1513 τοῦτον
3540 1457 3665 1530 παρ’
3699 1456 3838 1524 αὐτῷ
3892 1473 3964 1506 τε·

2363 1559 2577 1612 λεσοντα
2623 1561 2680 1609 τὸ
2730 1559 2941 1626 πάσχα,
3002 1558 3089 1604 καὶ
3161 1549 3254 1604 διά
3305 1558 3458 1602 τοῦτο
3508 1552 3642 1623 πρὸς
3696 1543 3964 1616 ὑποδοχὴν

2367 1649 2770 1722 ηὐτρεπισμένον
2825 1642 2936 1715 εἶχε
2975 1648 3063 1694 καὶ
3124 1645 3183 1693 τό
3235 1639 3488 1711 ἀνώγεων.
3551 1638 3676 1691 Μετ’
3738 1636 3970 1699 ἐξουσίας

2370 1736 2427 1791 δὲ
2456 1738 2723 1789 κάνταῦθα
2751 1737 2954 1807 μηνύει,
2989 1735 3056 1792 ὡς
3091 1731 3328 1783 ἁπάντων
3362 1731 3571 1803 Κύριος,

2439 1932 2878 2002 Ὑποσημαίνεται
2927 1923 2986 1978 δὲ
3037 1929 3127 1977 καί
3182 1943 3234 1976 τι
3290 1925 3544 1995 μυστικόν
3604 1920 3852 1984 ἐντεῦθεν,
3900 1919 3974 1969 ὃτι

2372 2023 2436 2082 εἰς
2463 2024 2515 2073 ὃν
2547 2020 2606 2072 ἂν
2634 2018 2834 2074 εἰσέλθη
2873 2019 2930 2068 1'6
2965 2017 3096 2067 θεῖον
3147 2012 3449 2086 βάπτισμα·
3489 2019 3650 2063 τοῦτο
3684 2013 3786 2081 γὰρ
3825 2006 3977 2060 αἰνίτ-

2370 2131 2512 2164 τεται
2567 2113 2624 2161 τὸ
2677 2116 2768 2160 τοῦ
2826 2109 3073 2180 κεραμίου
3134 2099 3300 2175 ὕδωρο
3389 2103 3533 2176 παρά
3590 2103 3760 2170 τούτῳ
3815 2101 3897 2148 καὶ
3956 2097 3977 2146 6

2370 2203 2598 2275 Χριστός
2667 2197 2984 2249 ἀναπαύεται
3041 2211 3052 2222 ·
3124 2197 3212 2244 καὶ
3279 2191 3486 2264 μᾶλλον,
3564 2190 3614 2242 εἰ
3672 2188 3980 2261 ἐστρωμένον

2371 2293 2484 2362 ἔχει
2515 2293 2572 2341 τὸ
2618 2288 2872 2358 ἀνώγεων,
2926 2289 3105 2355 ἤγουν,
3170 2283 3548 2356 κεκαθαρμένον
3595 2282 3685 2331 τὸν
3737 2285 3854 2331 νοῦν
3902 2279 3984 2327 καὶ

2372 2382 2753 2452 κεκοσμημένον
2857 2381 2918 2446 τῆ
2995 2369 3310 2446 φαιδρότητι
3388 2379 3486 2423 τῶν
3560 2371 3674 2420 οῖνω
3749 2370 3982 2439 θεωριῶν.

2374 2471 2508 2522 Ἐκεῖ
2570 2465 2647 2534 δὲ,
2718 2469 2896 2537 φησὶν,

2372 2562 2466 2610 τόῦ
2496 2558 2696 2627 Πάσχα
2749 2554 2927 2628 ἑορτὴν
2958 2547 3252 2616 ἐπιτήδεια,
3285 2553 3370 2602 τόν
3425 2548 3613 2622 ἀμνὸν,
3669 2550 3737 2600 τὰ
3795 2547 3987 2617 ἄζυμα,

2373 2649 2469 2708 τὰς
2497 2641 2766 2720 πικρίδας,
2791 2645 2883 2704 τὰς
2917 2640 3232 2715 βακτηρίας.

2454 2736 2579 2808 [Τοῦ
2613 2733 2763 2804 ἀγίου
2811 2733 2926 2803 (95)
2976 2730 3239 2801 Μαξίμου.
3297 2727 3454 2788 Πόλις
3511 2729 3607 2798 μὲν
3640 2727 3754 2779 κατ’
3803 2725 3994 2796 ἀναγω-

2376 2831 2473 2899 γὴν
2504 2827 2528 2876 ό
2579 2824 2833 2883 αἰσθητὸς
2887 2824 3103 2892 κόσμος·
3165 2819 3435 2892 ἄνθρωπος
3493 2812 3552 2867 δὲ
3600 2817 3717 2888 (96)
3769 2817 3800 2874 ἡ
3847 2815 3996 2866 καθό-

3281 2903 3377 2958 δύο
3454 2901 3512 2956 δε
3573 2907 3821 2976 μαθηται
3874 2906 3996 2978 πρὸς

2977 2463 3284 2534 ἑτοιμάσατε
3364 2461 3488 2531 ἡμῖν
3571 2460 3645 2511 τὰ
3715 2460 3847 2533 πρὸς
3900 2459 3986 2512 τὴν

2377 2917 2466 2969 λου
2517 2918 2666 2987 φύσις
2732 2921 2831 2964 τῶν
2904 2909 3200 2983 ἀνθρώπων·

2379 3013 2560 3058 τοῦτον
2654 3000 3100 3071 ἀποστελλόμενοι,
3163 2998 3186 3047 6
3242 3004 3338 3055 τῆς
3423 2993 3662 3055 Παλαιᾶς
3738 2997 3998 3054 Διαθήκης

2378 3101 2529 3168 νόμος
2577 3093 2728 3146 καὶὸ
2785 3099 2878 3151 τῆς
2935 3096 3148 3156 Καινῆς,
3209 3087 3314 3137 οἷόν
3377 3103 3509 3143 τινες
3562 3081 3875 3160 πρόδρομοι
3917 3088 4002 3135 καὶ

611 3186 912 3256 parantes.
943 3179 1046 3235 Illa
1068 3176 1315 3250 quidem
1336 3189 1442 3246 per
1473 3169 1920 3244 philosophiam
1942 3163 2265 3237 practicam

2383 3186 2690 3258 ἑτοιμασταὶ
2737 3189 2833 3240 τῆς
2885 3185 2974 3231 τοῦ
3033 3182 3269 3250 Χριστοῦ
3350 3181 3623 3245 μυστικῆς
3678 3175 3910 3247 εὐωχίας
3959 3173 4002 3224 ἐν

614 3288 715 3329 eos
733 3270 811 3328 ab
829 3269 986 3326 omni
1002 3265 1414 3339 inquinatione
1428 3274 1772 3333 expurgans
1787 3275 1801 3323 ;
1816 3257 1942 3312 haec
1956 3258 2147 3310 autem
2166 3267 2272 3323 per

613 3361 942 3418 theoricam
957 3371 1264 3412 sacrorum
1294 3349 1678 3423 disciplinam
1703 3363 1739 3403 a
1758 3343 2171 3417 corporalibus
2195 3340 2274 3396 ad

615 3452 902 3520 cognatas
913 3443 1312 3514 intelligibiles
1322 3440 1582 3497 visiones
1597 3437 1813 3494 animae
1827 3439 2088 3490 mentem
2105 3429 2275 3487 attol-

612 3519 764 3596 lens.
783 3535 1064 3593 Practicee
1081 3532 1327 3605 quidem
1352 3530 1591 3600 signum
1610 3527 1719 3583 fuit
1743 3526 1967 3592 Petrus,
1999 3519 2275 3577 theoricaa

616 3643 757 3683 vero
786 3629 1068 3683 Joannes.
1113 3623 1407 3677 Praeterea
1453 3617 1574 3683 illa,
1621 3617 1903 3687 lagenam
1950 3626 2125 3684 aquas
2172 3608 2274 3664 ba-

616 3716 820 3789 julans
850 3729 978 3770 esse
1006 3714 1211 3784 potest,
1235 3726 1366 3782 quae
1379 3723 1485 3780 per
1498 3703 1981 3779 operationemin
2007 3697 2275 3757 humeris

621 3805 932 3868 virtutum,
957 3807 1249 3874 tanquam
1272 3799 1332 3854 in
1350 3798 1584 3867 lagena,
1615 3795 1677 3851 id
1689 3798 1798 3861 est,
1824 3789 2279 3849 mortiﬁcatione

624 3892 1033 3951 membrorum
1095 3887 1362 3961 corporis
1420 3902 1557 3958 qua:
1617 3887 1759 3939 sunt
1801 3896 1980 3953 super
2039 3884 2277 3942 terram,

625 3981 912 4040 excubias
979 3983 1195 4048 servat,
1250 3993 1399 4050 puta
1459 3975 1715 4048 gratiam
1765 3970 2009 4043 Spiritus
2068 3966 2277 4032 sancti,

625 4089 761 4146 quae
791 4087 898 4145 per
933 4070 1116 4126 ﬁdem
1157 4068 1432 4140 puriﬁcat
1465 4083 1477 4120 ε
1521 4065 1647 4121 haec
1676 4078 1818 4119 vero
1848 4056 2280 4133 paterfamilias

625 4163 874 4232 intelligi
903 4165 1117 4235 potest,
1147 4175 1280 4231 quae
1313 4173 1418 4230 per
1464 4151 1984 4225 contemplationis
2029 4146 2282 4204 altitudi-

623 4269 784 4318 nem,
841 4251 1098 4323 seipsam
1156 4247 1389 4304 excelsa
1437 4241 1828 4312 intelligentia
1871 4238 2162 4305 instravit,
2220 4241 2284 4291 ut

625 4343 746 4398 Deo
777 4339 972 4410 dignis
994 4335 1457 4408 cogitationibus
1484 4348 1554 4389 ac
1570 4328 1968 4402 dogmatibus,
2011 4326 2280 4383 divinum

626 4427 910 4499 suscipiat
948 4442 1309 4484 sermonem.

701 4628 744 4697 -ι-
771 4625 950 4681 Aliter
973 4623 1052 4681 ad
1077 4623 1256 4680 idem.
1291 4620 1503 4679 Civitas
1527 4621 1820 4691 cujusque
1841 4618 2046 4674 anima
2069 4619 2173 4682 est,
2207 4615 2286 4672 ad

633 4731 820 4789 quam
834 4731 869 4770 a
884 4715 1002 4770 Deo
1021 4714 1356 4776 mittuntur;
1374 4711 1467 4766 hic
1482 4709 1739 4782 quidem,
1757 4723 1944 4763 sermo
1958 4707 2031 4763 de
2044 4706 2282 4775 virtute;

632 4805 728 4862 ille
745 4809 944 4862 autem
955 4803 1030 4859 de
1052 4801 1407 4874 cognitione.
1425 4800 1686 4865 Quivero
1698 4798 1978 4868 lagenam
1992 4813 2166 4869 aquas
2183 4796 2288 4852 ba-

630 4895 803 4967 julat,
822 4899 908 4950 est
927 4893 1093 4950 fortis
1112 4890 1411 4961 cogitatio,
1434 4905 1570 4960 quae
1589 4888 1998 4960 temperantiae
2021 4887 2286 4942 humeris

634 4983 821 5040 defert
832 4982 1038 5039 datam
1053 4979 1168 5036 sibi
1180 4981 1240 5036 in
1253 4978 1555 5049 baptisma
1566 4977 1980 5048 gratiam.Dom
1989 4992 2057 5031 us
2071 4980 2284 5044 autem,

633 5087 768 5146 quae
791 5088 861 5127 ex
882 5068 1084 5126 multis
1112 5084 1182 5124 ae
1209 5068 1413 5134 variis,
1428 5066 1612 5122 ﬁrmis
1632 5082 1703 5124 ac
1732 5067 1995 5122 virilibus
2018 5064 2286 5122 moribus

634 5159 1185 5232 etcogitationibus,
1205 5161 1497 5230 tanquam
1513 5155 1812 5230 lapidibus
1829 5155 2180 5221 mdiﬁcatur,
2199 5157 2287 5217 est

705 5369 750 5405 ιι
780 5369 955 5424 Marc.
989 5380 1109 5431 xw,
1165 5364 1362 5429 l3,15.
1395 5364 1441 5400 ﬂ
1473 5363 1611 5419 Luc.
1643 5365 1781 5429 xxii,
1819 5363 1901 5434 10,
1935 5366 2022 5421 11.

2382 3283 2490 3335 τοῖς
2539 3273 2704 3335 ἀξίοις
2738 3277 2832 3331 τῆς
2898 3263 3181 3334 ἐπιδημίας
3251 3263 3430 3316 αὑτοῦ·
3491 3265 3516 3314 6
3569 3267 3690 3334 μὲν,
3759 3260 3858 3316 διὰ
3913 3269 4006 3321 τῆς

2382 3371 2678 3438 πρακτικῆς
2769 3358 3070 3431 φιλοσοφίας
3161 3357 3348 3414 παντὸς
3432 3352 3716 3427 μολυσμοῦ
3798 3355 4010 3410 τούτους

2386 3453 2770 3526 ἀποκαθαίρων·
2829 3449 2854 3499 6
2910 3444 2987 3512 δὲ,
3050 3442 3143 3497 διά
3195 3453 3285 3504 τῆς
3341 3445 3672 3515 θεωρητικῆς
3725 3462 4009 3515 μυσταγω-

2384 3548 2507 3616 γίας
2551 3541 2651 3593 ἀπὸ
2699 3547 2800 3591 τῶν
2859 3543 3164 3608 σωματικῶν
3250 3536 3380 3607 πρὸς
3435 3534 3500 3583 τά
3560 3540 3796 3605 συγγενῆ
3854 3533 4014 3588 νοητὰ

2389 3637 2624 3705 θεάματα
2659 3634 2961 3701 γνωστικῶς
3038 3622 3362 3685 ἀναϐιϐάζων
3436 3624 3521 3673 τόν
3575 3630 3722 3678 νοῦν,
3788 3629 4014 3696 Πρακτί-

2387 3731 2484 3782 κῆς
2550 3723 2638 3793 μὲν
2719 3719 2821 3790 γὰρ
2907 3713 3164 3786 σύμϐολον
3239 3714 3264 3763 6
3319 3715 3525 3784 Πέτρος·
3608 3710 4014 3784 θεωρητικῆςό

2390 3813 2646 3870 Ἰωάννης.
2681 3812 2782 3861 Καὶ
2839 3807 2864 3858 ό
2921 3807 3010 3878 μεν
3045 3808 3103 3856 1'6
3152 3803 3396 3876 κεράμιον
3446 3807 3536 3853 τοῦ
3567 3797 3773 3862 ὕδατος
3811 3799 4016 3874 βαστά-

2395 3907 2492 3965 ζων
2520 3903 2595 3957 ε’ίη
2664 3899 2724 3950 ἄν
2780 3897 2804 3948 6
2858 3891 2951 3947 διὰ
3012 3901 3108 3954 τῆς
3171 3899 3462 3966 πρακτικῆς
3518 3896 3629 3951 τοῖς
3682 3895 3856 3962 ὤμοις
3919 3897 4018 3939 τῶν

2391 3991 2601 4064 ἀρετῶν,
2658 3990 2725 4049 ὡς
2794 3985 2841 4037 ἐν
2901 3987 3153 4059 κεραμίῳ,
3213 3989 3272 4054 τῇ
3328 3985 3573 4055 νεκρώσει
3636 3987 3738 4030 τῶν
3789 3980 3880 4032 ἐπὶ
3921 3987 4020 4051 γῆς

2391 4081 2551 4155 μελῶν
2612 4085 2701 4131 τοῦ
2774 4081 3029 4148 σώματος,
3090 4074 3475 4147 φρουρουμένην
3540 4066 3844 4140 βαστάζων
3929 4072 4024 4126 τήν

2393 4170 2488 4225 διὰ
2537 4177 2628 4229 τῆς
2683 4171 2906 4226 πίστεως
2954 4164 3276 4236 καθαρτικην
3330 4161 3491 4232 χάριν
3546 4163 3637 4209 τοῦ
3684 4161 4021 4231 Πνεῦματος.

2389 4261 2447 4314 Ὀ
2482 4257 2539 4313 δὲ
2565 4253 2944 4314 οἰκοδεσπότης
2982 4253 3187 4310 νοηθείη
3219 4251 3300 4315 οἷν,
3354 4250 3378 4299 ὁ
3412 4245 3505 4299 διὰ
3548 4253 3647 4305 τῆς
3691 4248 4031 4319 θεωρητικῆς

2392 4355 2450 4404 τὸ
2481 4348 2610 4419 ὕψος
2656 4355 2749 4408 τῆς
2795 4345 2979 4398 ἑαυτοῦ
3035 4339 3391 4414 μεγαλοφυοῦς
3422 4332 3660 4392 διανοίας
3704 4343 4032 4411 καταστρώ-

2396 4461 2492 4500 σας
2538 4439 2842 4512 θεοπρεπέσι
2903 4434 3132 4503 νοήμασί
3161 4447 3216 4480 τε
3270 4431 3362 4479 καὶ
3422 4421 3661 4497 δόγμασι
3708 4427 3855 4498 πρὸς
3894 4428 4034 4480 ὐπο-

2316 4552 2362 4607 D
2397 4525 2570 4601 δοχὴν
2609 4534 2697 4578 τοῦ
2723 4526 2949 4598 μεγάλου
2974 4521 3151 4592 λόγου.

2465 4617 2554 4680 Εἰς
2600 4619 2657 4667 τὸ
2738 4613 2886 4667 αὐτό.
2958 4609 3113 4670 Πόλις
3187 4610 3296 4680 μιν,
3357 4607 3387 4664 ἡ
3440 4611 3531 4658 τοῦ
3610 4603 3744 4656 καθ’
3804 4607 4034 4659 ἕκαστον

2395 4707 2572 4779 ψυχὴ,
2604 4707 2730 4779 πρὸς
2787 4705 2848 4762 ἦν
2903 4697 3306 4753 ἀποστέλλονται
3352 4697 3497 4771 παρὰ
3545 4698 3638 4746 τοῦ
3699 4701 3850 4748 Θεοῦ
3905 4698 3933 4749 ὅ
3985 4714 4037 4749 τε

2393 4802 2511 4871 περὶ
2563 4796 2746 4870 ἀρετῆς
2801 4796 2891 4844 καὶ
2938 4792 2964 4842 6
3016 4793 3132 4864 περὶ
3184 4793 3418 4860 γνώσεως
3446 4784 3620 4855 λόγος·
3657 4783 3687 4834 6
3727 4781 3796 4837 δὲ
3827 4788 3892 4838 τὸ
3946 4804 4038 4838 κε-

2394 4889 2582 4962 ράμιον
2609 4890 2702 4936 τοῦ
2751 4878 2938 4941 ὕδατος
2993 4877 3276 4951 βαστάζων
3322 4874 3480 4943 ἐστὶν,
3517 4874 3542 4924 6
3573 4879 3685 4933 τοῖς
3733 4875 3909 4947 ὤμοις
3941 4884 4040 4937 τῆς

2394 4961 2693 5051 ἐγκρατείας
2732 4969 2930 5042 ἀνέχων
2975 4973 3070 5026 τὴν
3129 4963 3223 5018 διὰ
3281 4970 3372 5016 τοῦ
3427 4961 3825 5034 βαπτίσματος
3859 4963 4039 5019 δοθεῖ-

2397 5086 2491 5119 σαν
2536 5067 2697 5138 χάριν
2769 5060 3066 5136 καρτερικὸς
3135 5058 3326 5129 τρόπος
3371 5055 3460 5105 καὶ
3513 5051 3808 5125 λογισμός·
3892 5057 4043 5110 οἰκία

2395 5153 2455 5210 δὲ
2498 5157 2529 5214 ἡ
2581 5154 2636 5207 ἐκ
2682 5150 2882 5206 πολλῶν
2929 5151 3019 5202 καὶ
3064 5142 3347 5219 διαφόρων,
3405 5143 3578 5217 ὥσπερ
3622 5141 3822 5216 λίθων,
3881 5146 4043 5221 στερ-

1843 5517 2059 5584 Variae
2098 5517 2432 5585 lectiones
2491 5522 2559 5582 et
2596 5523 2797 5582 notae.

730 5688 820 5761 οι)
847 5693 908 5741 At
928 5689 1141 5746 omittit
1171 5689 1315 5746 Cod.
1349 5695 1410 5744 A.

733 5763 820 5830 95)
868 5763 1194 5832 Utrumque
1237 5761 1533 5819 scholium
1565 5761 1799 5818 Maximi
1825 5761 2013 5819 codex
2037 5765 2292 5838 uterque

2394 5688 2456 5744 in
2475 5685 2755 5771 [margine
2795 5681 3051 5771 exhibet.

2467 5760 2579 5831 (96)
2621 5750 2920 5825 Ἄνθρωπος
2946 5750 3025 5820 δέ,
3053 5751 3268 5811 omittit
3296 5751 3360 5806 Β.
