4096 6406
162 346 276 403 657

1184 342 1554 402 COMMENT.
1595 340 1666 398 IN
1703 337 2159 397 MATTHIEUM.
2186 368 2255 381 --
2280 339 2437 397 CAP.
2466 339 2665 397 XXVI.

3459 342 3567 401 658

163 476 268 549 ῥῶν
295 493 357 527 τε
388 478 483 526 καὶ
528 473 642 547 (9⁵7)
675 471 942 548 ἀνδρικῶν
988 474 1127 534 ἠθῶν
1186 475 1276 524 καί
1317 469 1603 542 λογισμῶν,
1651 472 1785 522 οἱκο-

1902 468 2092 522 status
2117 463 2478 538 habitusque
2505 464 2814 522 virtutum.
2845 466 3234 525 Ccenaculum
3259 472 3345 527 est
3372 469 3565 528 subli-

166 562 483 637 δομηθεῖσα
524 565 859 626 κατάστασις
912 568 1001 617 καὶ
1047 563 1148 627 ἕξις
1200 570 1299 615 τῶν
1350 560 1561 633 ἀρετῶν⁴
1620 558 1679 610 τὸ
1731 553 1791 608 δὲ

167 656 415 726 ἀνώγεων
475 656 508 713 ἡ
550 652 725 725 ὑψηλὴ
780 650 988 706 διάνοια
1034 658 1125 705 καί
1182 655 1309 725 πρὸς
1363 659 1584 723 γνῶσιν·
1614 647 1791 705 ἐπιτη-

168 742 411 814 δειότης,
460 742 756 819 ἐστρωμένη
807 746 963 805 θείοις
1006 746 1095 796 καὶ
1148 741 1457 817 ἀπορρήτοις
1503 738 1677 810 λογοις
1735 755 1789 789 τε

168 838 258 886 ui
292 836 587 906 θεάμασιν·
635 835 660 885 6
711 830 772 887 δὲ
813 829 1213 897 οἰκοδεσπότης,
1248 832 1274 883 6
1303 837 1443 899 νοῦς,
1484 830 1510 881 6
1548 836 1620 898 τῷ
1660 826 1787 899 λαμ-

168 932 285 998 πρῷ
325 931 427 984 τῆς
455 923 575 975 κατ’
621 922 808 998 ἀρετὴν
856 923 1020 983 οἰκίας
1046 921 1167 993 ὕψει
1215 926 1305 974 καὶ
1334 927 1406 990 τῷ
1450 919 1655 991 μεγέθει
1692 925 1788 978 τῆς

167 1019 420 1084 γνώσεως
480 1011 949 1086 ἐμπλατυνὸμενος,
1003 1015 1135 1086 πρὸς
1181 1014 1235 1063 ὃν
1295 1015 1434 1063 ποιεῖ
1468 1012 1527 1061 τὸ
1585 1008 1789 1077 Πάσχα

170 1103 196 1153 6
245 1104 468 1176 Κύριος,
514 1106 758 1154 τουτέστι
808 1099 1079 1167 διάϐασιν,
1136 1096 1407 1171 ἕπιδημῶν
1464 1097 1603 1168 αὐτῷ
1655 1097 1787 1169 μετά

169 1200 271 1244 τῶν
325 1193 581 1264 μαθητῶν
634 1191 816 1257 αὐτοῦ,
884 1189 1015 1263 λέγω
1063 1186 1132 1249 δὴ
1196 1197 1295 1242 τῶν
1347 1192 1466 1262 περὶ
1522 1191 1649 1240 Θεοῦ
1697 1188 1785 1237 καὶ

171 1282 324 1333 θείων
357 1279 696 1353 ὑψηλοτέρων
722 1279 888 1353 λόγων
926 1299 981 1333 τε
1017 1284 1107 1333 καὶ
1136 1278 1423 1352 μυήσεων.]

248 1374 355 1424 Καὶ
385 1370 641 1429 ἐποίησαν
681 1401 749 1411 -
778 1371 806 1423 6
834 1369 1056 1433 Ἰησοῦς·
1098 1368 1186 1431 Ὡς
1214 1368 1329 1441 (98)
1358 1365 1702 1441 παρήγγειλε.

250 1581 355 1630 Καὶ
406 1577 706 1649 ἡτοίμασαν
758 1578 816 1628 τὸ
885 1576 1102 1647 Πάσχα.
1161 1572 1248 1627 Τὰ
1311 1581 1403 1626 τοῦ
1456 1574 1677 1646 Πάσχα,
1719 1574 1786 1626 τὰ

174 1670 303 1740 πρὸς
344 1670 443 1724 τὴν
482 1672 576 1718 τοῦ
628 1668 830 1737 Πάσχα
872 1664 1045 1739 ἑορτὴν
1092 1661 1385 1734 ἐπιτήδεια,
1430 1665 1599 1724 καθὼς
1638 1665 1784 1736 ε’ίρη-

176 1776 281 1808 ται.
337 1757 561 1829 ⁴ιἀνερὸν
611 1754 720 1821 οὖν,
776 1756 856 1807 ὅτι
902 1756 927 1806 6
986 1758 1218 1827 Χριστὸς
1265 1756 1418 1825 ἔφαγε
1464 1756 1522 1805 τὸ
1575 1756 1785 1825 νομικὸν

1899 555 2014 611 mis
2058 553 2448 626 intelligentia
2491 558 2547 611 et
2597 553 2871 627 aptitudo
2926 555 3007 613 ad
3049 556 3382 625 scientiam,
3423 574 3563 633 quas

1899 644 2178 702 sternitur
2196 644 2414 701 divinis
2445 648 2499 701 et
2536 643 2939 702 inetfabilibus
2962 646 3349 706 sermonibus
3377 663 3450 707 ac
3469 664 3564 707 re-

1898 733 2315 798 velationibus,
2356 733 2787 791 Paterfamilias
2833 749 3005 791 mens
3048 740 3160 806 est,
3195 752 3332 810 quae
3368 737 3561 811 ipsius

1897 824 2116 881 domus
2144 840 2246 896 per
2279 824 2557 880 virtutem
2595 827 2973 891 constructas,
3011 824 3172 883 clara
3208 826 3558 885 celsitudine

1897 918 1954 971 et
1995 914 2348 985 cognitionis
2382 913 2792 984 magnitudine
2822 913 3103 972 dilatatur
3134 932 3146 972 :
3177 918 3337 989 apud
3370 933 3555 990 quem

1894 1003 2033 1061 facit
2071 1004 2357 1061 Dominus
2396 1003 2643 1070 Pascha,
2684 1003 2800 1060 hoc
2843 1008 2953 1070 est,
2997 1005 3358 1063 transitum:
3387 1021 3552 1063 acce-

1894 1094 2044 1151 dens
2074 1093 2153 1151 ad
2172 1109 2312 1150 eum
2342 1108 2460 1150 una
2477 1109 2617 1149 cum
2643 1092 2950 1167 discipulis
2980 1095 3123 1161 suis,
3146 1094 3210 1151 id
3229 1098 3340 1162 est,
3373 1095 3557 1153 subli-

1894 1182 2094 1239 mibus
2124 1182 2504 1239 sermonibus
2523 1197 2590 1238 ac
2607 1182 3119 1251 instructionibus,
3160 1199 3301 1257 quas
3333 1184 3410 1243 de
3430 1187 3555 1243 Deo

1891 1275 1949 1331 et
1973 1288 2012 1333 a
2032 1273 2155 1331 Deo
2184 1277 2345 1330 sunt.

1962 1381 2124 1438 Vers.
2160 1382 2246 1439 t9.
2287 1381 2369 1437 Et
2391 1381 2672 1451 fecerunt
2696 1409 2765 1422 —
2801 1380 2992 1438 Jesus.
3024 1379 3184 1438 Sicut
3222 1379 3552 1447 constituit,

1891 1470 2008 1530 hoc
2027 1474 2120 1528 est
2138 1469 2441 1544 praecepit.

1964 1563 2123 1618 Vers.
2164 1564 2244 1617 19.
2272 1561 2362 1617 Ac
2386 1564 2889 1632 prwparaverunt
2912 1558 3160 1631 pascha.
3192 1561 3561 1617 Paraverunt

1897 1650 2143 1722 pascha,
2172 1650 2231 1705 id
2250 1655 2336 1706 est
2356 1665 2427 1707 ea
2450 1665 2586 1723 quae
2600 1649 2677 1705 ad
2698 1648 2945 1706 Paschee
2961 1649 3176 1706 festum
3192 1664 3348 1723 opus
3365 1652 3554 1715 erant,

1897 1739 2052 1796 sicut
2100 1739 2322 1795 dictum
2370 1743 2481 1795 est.
2525 1738 2909 1795 Manifestum
2948 1753 3093 1809 ergo
3130 1741 3219 1795 est
3260 1737 3559 1794 Christum

177 1848 383 1916 Πάσχα
431 1824 575 1901 τθτε,
618 1843 693 1896 Ού
737 1846 839 1917 γὰρ
881 1845 942 1895 ἄν
987 1824 1155 1915 μάτην
1202 1846 1266 1895 τά
1294 1824 1419 1917 πρὸς
1458 1846 1550 1900 τὴν
1599 1824 1784 1915 χρείαν

1902 1833 2034 1885 tunc
2060 1828 2248 1898 legale
2273 1828 2504 1899 pascha
2523 1827 2927 1884 manducasse
2956 1844 2969 1882 :
2994 1842 3189 1900 neque
3213 1826 3377 1884 enim
3408 1826 3559 1883 frus-

174 1934 491 2006 ἡτοίμαζον.

248 2023 440 2094 ⁹Οψίας
517 2052 572 2064 -
655 2018 885 2075 δώδεκα.
956 2021 1145 2092 Ὀψίαν
1212 2027 1306 2079 τὴν
1374 2022 1591 2096 ἑσπέραν
1656 2019 1782 2076 εἶπε.

178 2118 279 2166 Καὶ
328 2114 356 2163 6
401 2116 611 2172 Λουκᾶς
658 2107 718 2163 δὲ
761 2129 937 2183 φησιν,
980 2111 1060 2162 ὅτι
1094 2115 1193 2164 Καὶ
1244 2111 1322 2162 ὅτε
1362 2109 1554 2182 ἐγένετο
1589 2112 1619 2168 ἡ
1653 2111 1781 2184 ὥρα,

177 2198 425 2260 δηλονότι
462 2202 493 2259 ἡ
525 2209 624 2261 τῆς
664 2199 900 2274 ἑσπέρας.
942 2199 1198 2253 Ἐντεῦθεν
1239 2219 1367 2261 τινες
1414 2199 1786 2274 ἰσχυρίζονται

177 2296 257 2363 μή
314 2296 482 2363 φαγεῖν
520 2294 636 2343 τότε
682 2292 741 2341 τὸ
784 2292 994 2362 νομικὸν
1030 2290 1226 2361 πάσχα
1270 2292 1354 2341 τὸν
1404 2292 1653 2363 Χριστὸν,
1697 2294 1785 2343 καὶ

178 2381 512 2453 παράγουσιν
564 2375 873 2442 ἀποδείξεις·
931 2382 1009 2431 ὄτι
1058 2375 1474 2454 τρισκαιδεκάτῃ
1530 2382 1645 2431 τότε
1694 2386 1783 2432 τοῦ

176 2473 345 2542 μηνὸς
392 2465 475 2526 ἦν·
517 2465 625 2521 ἔδει
663 2464 723 2520 δὲ
773 2470 909 2521 κατὰ
958 2472 1049 2527 τὴν
1098 2464 1681 2543 τεσσαρεσκαιδεκάτην
1725 2471 1784 2521 τὸ

180 2562 387 2631 Πάσχα
430 2564 628 2631 φαγεῖν.
674 2563 771 2611 Καὶ
818 2558 899 2610 ὅτι
943 2559 968 2610 6
997 2560 1086 2630 μὲν
1117 2562 1267 2631 νόμος
1298 2557 1527 2619 ἑστῶτας
1566 2556 1784 2610 ἐκέλευεν

182 2647 373 2701 ἐσθίειν
423 2650 486 2699 τὸ
529 2648 750 2719 Πάσχα·
798 2646 944 2708 οὗτος
993 2643 1051 2700 δέ
1108 2645 1339 2702 ἀνέπεσε.
1393 2652 1493 2701 Καὶ
1554 2649 1634 2700 ὅτι
1684 2653 1786 2710 πᾶς

177 2741 339 2812 οἰρτος
402 2738 646 2809 ζυμωτός
691 2735 920 2811 ἐξῃρεῖτο
966 2739 1066 2811 πρὸ
1118 2745 1213 2799 τῆς
1267 2739 1471 2801 θυσίας,
1524 2742 1612 2790 καὶ
1658 2743 1786 2812 πυρὶ

178 2832 503 2880 κατεκαίετο·
546 2834 634 2878 νῦν
687 2823 747 2879 δε
793 2831 883 2878 καὶ
923 2825 1078 2900 ἄρτος
1124 2828 1436 2903 παράκειται
1477 2832 1565 2879 καὶ
1599 2824 1789 2901 διαμε-

178 2921 401 2991 ρίζεται.
441 2920 544 2969 Καὶ
573 2916 651 2968 ὅτι
677 2915 834 2969 ὀπτὸν
864 2920 1016 2989 μόνον
1046 2918 1186 2990 θέμις
1223 2913 1285 2976 ἧν
1323 2922 1526 2989 φαγεῖν·
1568 2916 1788 2970 ἐνταῦθα

182 3003 238 3060 δε
265 3013 358 3059 καὶ
390 3009 568 3078 ζωμὸς
587 3008 950 3080 παρατίθεται.

250 3098 453 3151 Λοιπὸν
494 3094 581 3148 οὖν
627 3098 754 3169 πρὸς
795 3095 1017 3154 ἑκάστην
1062 3093 1342 3167 ἀπολογίαν
1382 3095 1492 3169 (99)
1524 3094 1786 3168 ἀπολογη-

1896 1923 1981 1975 tra
2008 1934 2140 1991 quae
2161 1916 2504 1973 necessaria
2532 1920 2700 1972 erant
2728 1919 3159 1988 praepararunt.

1963 2027 2123 2080 Vers.
2147 2025 2234 2080 20.
2278 2025 2529 2093 Vespera
2557 2053 2627 2064 —
2660 2022 2994 2080 duodecim.
3028 2024 3211 2079 Lucas
3237 2024 3441 2079 autem
3465 2021 3557 2078 di-

1892 2114 1975 2172 xit
2005 2132 2018 2171 :
2050 2114 2189 2170 Cum
2219 2113 2369 2169 hora
2393 2112 2726 2170 advenisset
2747 2114 2815 2183 ³³,
2840 2110 3112 2168 videlicet
3140 2110 3401 2169 serotina
3432 2111 3556 2167 sive

1895 2203 2246 2276 vespertina.
2279 2202 2425 2258 Hinc
2464 2201 2766 2258 afﬁrmant
2794 2200 3046 2275 quidam
3072 2214 3197 2257 non
3222 2199 3559 2257 comedisse

1894 2298 2031 2350 tunc
2074 2292 2371 2349 Christum
2395 2291 2589 2362 legale
2614 2290 2865 2363 pascha.
2897 2294 2955 2347 et
2978 2304 3191 2348 causas
3219 2288 3553 2354 adducunt,

1894 2382 2057 2457 quod
2082 2382 2354 2439 decimus
2372 2382 2576 2438 tertius
2598 2385 2741 2438 tunc
2757 2379 2884 2436 dies
2902 2378 3127 2435 mensis
3149 2381 3302 2436 esset
3336 2396 3350 2448 ;
3386 2392 3560 2451 opor-

1895 2472 2055 2530 tebat
2070 2475 2270 2529 autem
2293 2470 2530 2527 decimo
2542 2476 2750 2542 quarto
2766 2468 2995 2541 pascha
3010 2467 3324 2524 comedere
3342 2487 3354 2533 ;
3373 2467 3559 2540 quod-

1893 2577 2012 2635 que
2039 2561 2137 2618 lex
2166 2564 2391 2617 stantes
2422 2560 2597 2616 edere
2614 2558 2851 2631 juberet
2874 2574 2887 2613 :
2911 2557 3039 2630 ipse
3055 2572 3198 2613 vero
3228 2556 3555 2614 discubuit.

1894 2652 2180 2707 Praeterea
2207 2649 2405 2706 omnis
2428 2648 2608 2722 panis
2628 2647 3020 2704 fermentatus
3041 2651 3180 2703 ante
3200 2644 3561 2703 immolatio-

1894 2756 2033 2797 nem
2047 2738 2460 2810 abjiciebatur,
2478 2737 2738 2809 igneque
2756 2734 3229 2793 comburebatur
3243 2751 3259 2803 ;
3273 2750 3434 2792 nunc
3453 2750 3558 2794 au-

1894 2835 2015 2887 tem
2040 2834 2096 2885 et
2123 2829 2295 2901 panis
2321 2827 2510 2893 adest,
2541 2829 2614 2897 {et
2651 2826 2953 2885 dividitur.
3002 2825 3097 2881 Ad
3127 2824 3254 2882 haec
3284 2828 3555 2882 assatum

1897 2922 2127 2977 tantum
2152 2917 2326 2974 edere
2358 2915 2448 2975 fas
2477 2919 2604 2972 erat
2630 2932 2645 2982 ;
2672 2914 2768 2972 his
2796 2930 2937 2971 vero
2976 2914 3158 2973 etiam
3187 2914 3287 2986 jus
3315 2928 3439 2987 quo
3465 2914 3557 2971 in-

1893 3008 2137 3079 tingitur
2154 3006 2352 3080 panis,
2380 3004 2728 3077 apponitur.

1964 3094 2469 3168 Respondendum
2509 3108 2652 3165 ergo
2691 3095 2780 3150 est
2805 3091 2884 3150 ad
2912 3105 3410 3165 unamquamque
3437 3090 3554 3148 hee-

178 3192 301 3240 τίον.
356 3184 618 3258 Προε7.αϐε
656 3189 748 3259 μέν
794 3188 880 3238 τὸν
924 3189 1103 3259 καιρὸν
1136 3188 1306 3260 ἡμέρᾳ
1354 3191 1453 3259 μιᾷ
1493 3186 1612 3238 κατ’
1651 3186 1785 3239 οἱκο-

1902 3186 2257 3244 sitationem.
2284 3187 2543 3256 Tempus
2561 3180 2809 3255 quidem
2833 3180 3239 3254 dispensative
3265 3180 3554 3254 anticipa-

178 3280 379 3347 νομίαν.
437 3270 652 3332 Ἐπειδὴ
711 3277 813 3349 γὰρ
863 3273 1154 3346 ἐγίνωσκεν,
1209 3276 1288 3327 ὅτι
1339 3277 1471 3328 κατὰ
1523 3279 1617 3333 τὴν
1665 3295 1787 3328 τεσ-

180 3360 669 3438 σαρεσκαιδεκάτην
734 3363 1066 3418 ἀποθανεῖται
1078 3379 1091 3391 ’

176 3456 311 3507 κατά
358 3458 456 3511 τὴν
509 3456 707 3528 ἡμέραν
753 3461 845 3514 τῆς
890 3453 968 3527 (1)
1013 3460 1106 3506 τοῦ
1141 3460 1363 3507 τυπικοῦ
1402 3452 1565 3526 ἀμνοῦ
1598 3455 1787 3514 θυσίας

180 3544 537 3602 θυσιασθῆναι
581 3546 672 3595 καὶ
712 3545 798 3596 τὸν
829 3541 1069 3601 ἀληθινὸν
1117 3541 1294 3615 ἀμνὸν,
1342 3544 1480 3604 ὅπως
1524 3542 1787 3601 καταλλή-

175 3632 273 3695 ὶως
314 3631 573 3703 ἐπενεχθῇ
612 3640 687 3702 τῷ
728 3634 875 3703 τύπῳ
913 3634 943 3690 ἡ
996 3630 1231 3690 ἀλήθεια·
1282 3631 1460 3685 λοιπὸν
1510 3634 1641 3685 κατὰ
1689 3638 1783 3691 τὴν

178 3718 624 3793 τρισκαιδεκάτην
678 3718 840 3774 ἐσθίει
895 3724 953 3773 τὸ
1009 3724 1229 3793 Πάσχα,
1289 3725 1361 3794 μὴ
1426 3719 1784 3795 ἐγχωροῦντος

178 3812 357 3885 ἑτέρως
416 3817 511 3862 τοῦ
568 3812 896 3885 πράγματος.
954 3810 1106 3862 Οὕτω
1171 3813 1272 3883 γὰρ
1331 3814 1420 3862 καὶ
1466 3814 1523 3864 τὸ
1574 3815 1784 3884 νομικὸν

178 3899 451 3975 ἐπλήρωσε
523 3901 734 3970 πάσχα,
817 3903 904 3951 καὶ
962 3903 1021 3952 τὸ
1080 3902 1425 3972 πνευματικὸν
1490 3898 1777 3973 παρέδωκε,

177 3996 259 4043 καὶ
330 3989 525 4042 αὐτίκα
578 3987 626 4040 ἐν
679 3987 811 4061 αὐτῇ
868 3996 930 4061 τῇ
989 3994 1138 4041 νυκτὶ
1198 3988 1483 4060 συνελήφθη
1511 3992 1655 4064 παρὰ
1683 3999 1783 4043 τῶν

174 4076 465 4134 Ἰουδαίων.
517 4080 606 4130 Διὸ
663 4078 754 4130 καὶ
797 4080 926 4150 πρὸς
968 4080 1087 4139 τοὺς
1125 4079 1366 4149 μαθητὰς
1418 4083 1577 4131 εἰπεῖν
1630 4079 1783 4132 αὐτὸν

178 4170 375 4241 ἱστορεῖ
454 4172 681 4229 Λουκᾶς,
771 4167 847 4219 ὅτι
921 4166 1206 4239 Ἐπιθυμίᾳ
1256 4165 1563 4239 ἐπεθύμησα
1630 4167 1782 4221 τοῦτο

173 4260 229 4309 τὸ
285 4258 495 4329 Πάσχα
537 4262 717 4327 φαγεῖν
768 4255 882 4328 μεθ’
944 4257 1087 4329 ὑμῶν
1137 4259 1236 4329 πρὸ
1309 4263 1403 4309 τοῦ
1458 4276 1521 4325 με
1578 4259 1779 4325 παθεῖν,

174 4349 439 4412 τουτέστι,
484 4342 694 4418 Σπουδῇ
748 4342 1061 4399 ἐσπούδασα
1091 4348 1152 4399 τὸ
1199 4352 1291 4399 τοῦ
1333 4345 1569 4400 ἐνιαυτοῦ
1597 4349 1782 4400 τούτου

174 4439 370 4507 πάσχα
417 4441 597 4508 φαγεῖν
645 4433 757 4507 μεθ’
807 4435 969 4507 ὑμῶν,
1014 4439 1082 4507 μὴ
1130 4433 1406 4500 ἀνάμείνας
1449 4439 1535 4488 τὸν
1588 4456 1782 4510 νενομι-

1171 3369 1261 3417 καὶ
1333 3367 1435 3438 γὰρ
1517 3365 1653 3427 εἰκὸς
1723 3362 1784 3424 ἦν

1893 3277 1974 3333 vit
2002 3291 2125 3332 uno
2149 3275 2265 3331 die.
2280 3273 2430 3343 Quia
2446 3272 2606 3328 enim
2631 3273 2877 3328 noverat
2900 3285 2962 3327 se
2973 3269 3210 3327 decimo
3221 3274 3435 3343 quarto
3456 3270 3555 3328 die

1893 3366 2250 3423 moriturum
2284 3381 2297 3419 :
2327 3362 2625 3435 siquidem
2655 3376 2895 3435 aequum
2935 3363 3062 3417 erat
3083 3363 3150 3416 ut
3172 3358 3269 3416 die
3289 3374 3411 3432 quo
3442 3358 3552 3416 im-

1894 3455 2227 3511 molabatur
2256 3452 2601 3523 ﬁgurativus
2629 3465 2844 3521 agnus,
2878 3454 2934 3506 et
2964 3464 3145 3505 verus
3181 3463 3426 3522 quoque
3457 3464 3555 3520 ag-

1893 3560 2008 3601 nus
2037 3542 2466 3606 immolaretur,
2490 3543 2556 3596 ut
2583 3539 2843 3597 invicem
2885 3537 3320 3612 responderent
3358 3540 3554 3608 ﬁgura

1893 3638 1950 3691 et
2004 3633 2239 3689 veritas.
2273 3630 2403 3687 Edit
2443 3629 2627 3700 igitur
2673 3627 2913 3685 decimo
2967 3628 3138 3684 tertio
3186 3627 3283 3684 die
3334 3627 3553 3699 pacha,

1891 3723 2074 3780 rebus
2105 3720 2273 3779 aliter
2297 3735 2419 3776 non
2448 3717 2784 3775 sinentibus
2813 3733 2995 3788 ;nam
3029 3717 3112 3775 ita
3149 3724 3205 3774 et
3234 3716 3425 3787 legale
3447 3716 3558 3773 im-

1892 3813 2076 3886 plevit
2109 3810 2357 3883 pascha,
2396 3812 2452 3865 et
2481 3807 2782 3880 spirituale
2812 3806 3074 3873 tradidit,
3137 3806 3455 3880 statimque
3493 3807 3555 3863 id

1893 3906 1981 3959 est
1995 3917 2066 3957 ea
2090 3903 2262 3957 nocte
2281 3915 2317 3955 a
2343 3897 2564 3954 Judmis
2591 3896 3061 3969 comprehensus
3083 3900 3192 3952 est.
3215 3895 3352 3952 Ideo
3371 3896 3555 3953 etiam

1892 3990 2104 4046 dixisse
2145 4005 2281 4044 eum
2312 3986 2614 4057 discipulis
2644 3985 2847 4041 scribit
2874 3985 3082 4054 Lucas,
3127 3984 3431 4041 Desiderio
3459 3985 3555 4041 de-

1891 4080 2151 4136 sideravi
2183 4079 2293 4134 hoc
2317 4075 2547 4146 pascha
2574 4073 2884 4133 comedere
2908 4080 3231 4144 antequam
3252 4074 3459 4143 patiar
3480 4075 3551 4141 ιι,

1890 4169 2003 4225 hoc
2045 4170 2152 4233 est,
2208 4165 2594 4223 Festinatione
2644 4162 2918 4220 festinavi
2967 4163 3077 4219 hoc
3124 4176 3287 4219 anno
3326 4162 3557 4234 pascha

1891 4258 2067 4315 edere
2103 4255 2419 4313 vobiscum
2446 4259 2772 4328 antequam
2800 4251 2991 4325 patiar
3024 4267 3039 4318 ;
3065 4250 3128 4306 id
3148 4254 3259 4319 est,
3274 4265 3397 4307 non
3426 4266 3556 4307 exs-

1890 4345 2122 4420 pectavi
2147 4351 2384 4416 tempus
2398 4343 2574 4415 alege
2593 4346 2902 4409 statutum,
2915 4355 2992 4397 ne
3008 4338 3411 4413 passioprucis
3422 4354 3561 4412 pro-

1890 4436 2122 4493 hiberet
2147 4433 2393 4504 legalem
2424 4448 2658 4491 coenam
2685 4446 2757 4489 ac
2785 4429 3125 4503 mysticam.
3169 4431 3238 4487 Et
3263 4426 3396 4486 haec
3425 4428 3558 4502 qui-

176 4529 360 4597 σμίνον
410 4525 616 4595 καιρὸν,
658 4523 742 4575 ἶνα
778 4526 850 4594 μὴ
887 4526 945 4575 τὸ
978 4523 1143 4585 πάθος
1180 4530 1272 4576 τοῦ
1305 4532 1535 4599 σταυροῦ
1572 4527 1779 4599 κωλύσῃ

1902 4525 2035 4583 dem
2062 4524 2138 4582 de
2163 4527 2453 4594 tempore.

174 4616 261 4663 καὶ
309 4615 401 4664 τὸν
432 4614 642 4684 νομικὸν
674 4608 881 4665 δεῖπνον
919 4615 1010 4667 καὶ
1047 4614 1135 4665 τὸν
1165 4616 1443 4684 μυστικόν.
1473 4620 1653 4667 Ταῦτα
1696 4618 1786 4687 μὲν

174 4705 291 4775 περὶ
319 4707 419 4754 τοῦ
452 4708 657 4775 καιροῦ.

247 4796 376 4865 Περὶ
420 4786 479 4844 δε
529 4796 623 4842 τοῦ
664 4793 859 4866 τρόπον
905 4797 1002 4853 τῆς
1054 4789 1325 4866 βρώσεως·
1387 4791 1521 4853 εἰκὸς
1585 4800 1788 4868 πρῶτον

178 4883 265 4953 μὲν
306 4878 540 4942 ἑστῶτας
586 4886 766 4952 φαγεῖν
812 4882 873 4932 τὸ
916 4881 1111 4952 πάσχα
1158 4882 1295 4933 κατὰ
1336 4883 1421 4934 τὸν
1461 4885 1637 4955 νόμον,
1678 4880 1790 4936 εἶτα

182 4968 457 5022 ἀναπεσεῖν
486 4972 577 5021 καὶ
607 4964 857 5026 δειπνεῖν.
901 4968 960 5021 Ὀ
992 4964 1045 5022 δ’
1070 4969 1226 5042 ἄρτος
1254 4974 1345 5023 καὶ
1373 4971 1399 5022 6
1432 4970 1607 5043 ζωμὸς
1634 4992 1788 5045 παρε-

180 5061 407 5117 τέθησαν
428 5059 560 5130 μετὰ
585 5060 646 5111 τὸ
673 5065 850 5131 φαγεῖν
880 5057 1067 5120 αὐτοὺς
1094 5062 1156 5111 τὸ
1176 5060 1373 5132 πάσχα
1395 5065 1487 5115 καὶ
1516 5059 1788 5115 ἀναπεσειν

250 5215 298 5249 ¹³
330 5213 471 5269 Luc.
505 5227 651 5279 χιιι,
682 5214 769 5268 14.
885 5210 934 5247 ¹⁴
964 5206 1110 5268 Ibid.
1144 5211 1233 5267 15.

1969 4796 2048 4851 De
2067 4791 2251 4849 modo
2275 4793 2479 4847 autem
2492 4786 2926 4854 manducandi,
2946 4786 3263 4846 verisimile
3285 4790 3379 4846 est
3390 4790 3559 4863 quod

1898 4886 2121 4940 stantes
2184 4881 2450 4953 primum
2497 4877 3013 4935 manducaverunt
3068 4877 3291 4949 pascha
3348 4893 3558 4936 secun-

1897 4972 2047 5029 dum
2080 4971 2273 5042 legem
2314 4967 2565 5027 :deinde
2589 4965 3026 5024 discubuerunt
3051 4971 3109 5023 et
3149 4971 3555 5024 omnaverunt.

1898 5061 2073 5119 Panis
2124 5063 2323 5117 autem
2373 5064 2431 5114 et
2475 5059 2579 5128 jus
2626 5055 2905 5129 apposita
2948 5058 3089 5113 sunt
3136 5063 3446 5129 postquam
3474 5055 3558 5112 illi

1405 5324 1631 5406 Variae
1670 5325 1997 5408 lectiones
2028 5348 2093 5406 et
2124 5346 2328 5404 notae.

254 5507 365 5579 (97)
400 5505 514 5579 Pro
551 5523 607 5559 τε
625 5507 735 5571 καὶ,
762 5502 898 5579 cod.
924 5504 994 5560 A.
1025 5504 1134 5579 dat
1152 5511 1270 5579 τῶν.

255 5574 369 5650 (98)
404 5578 525 5652 Hoc
562 5580 621 5635 et
670 5575 1009 5649 proximum
1053 5574 1347 5632 scholium
1396 5580 1792 5652 conjunxerat

190 5650 524 5707 Hentenius.

260 5723 368 5793 (99)
398 5720 852 5785 stitationem,
902 5717 1243 5777 Hentenius.
1292 5721 1463 5779 Forte
1509 5721 1793 5779 invenerit

1899 5506 2146 5582 ἀπορίαν.
2197 5502 2656 5582 ’Anoeiayetiam
2696 5499 2946 5582 propius
2988 5499 3221 5582 accedit
3251 5499 3333 5558 ad
3361 5500 3563 5582 simili:

1897 5572 2168 5636 tudinem
2182 5572 2463 5633 vocabuli
2493 5572 2797 5647 ἀπολογίαν,
2809 5572 3001 5647 ﬂuam
3019 5572 3099 5631 ad
3112 5574 3376 5643 ἔνστασιν,
3394 5572 3563 5647 quod

1900 5650 2185 5715 cuiquam
2217 5648 2279 5703 in
2304 5650 2568 5703 mentem
2596 5644 3038 5715 venirepossit.

1971 5714 2049 5793 (1)
2074 5728 2181 5783 Τῆς
2206 5723 2263 5777 et
2281 5734 2422 5776 mox
2455 5719 2659 5787 θυσίας,
2698 5714 2912 5773 omittit
2940 5716 3004 5773 B.
