4096 6378
570 284 684 339 659

1910 294 2093 350 EUTH
2105 293 2263 349 YMII
2301 294 2627 353 ZlGABENI

3845 320 3945 374 660

563 412 789 483 pascha
819 414 1353 485 manducaverant,
1380 422 1437 475 et
1464 420 1527 474 in
1557 435 1731 478 omna
1758 420 2214 478 discubuerant:

2346 422 2393 475 ἐν
2440 432 2514 495 τῷ
2556 422 2771 499 δείπνῳ.
2811 431 2955 481 οὔπω
2992 433 3093 504 γὰρ
3140 430 3323 494 ἤλθενὴ
3374 439 3940 514 τεσσαρεσκαιδεκάτη,

568 501 845 558 nondum
872 505 1033 561 enim
1074 512 1315 564 venerat
1338 508 1607 565 decimus
1643 516 1892 583 quartus
1933 512 2081 581 dies,
2112 528 2235 584 quo

570 606 746 647 omne
775 590 1198 652 fermentatum
1237 598 1536 669 abjectum
1570 605 1714 656 erat.
1744 603 1859 656 Nec
1903 601 2236 673 quidquam

570 681 815 737 vetabat
835 683 1136 753 jurulenta
1166 702 1408 759 quoque
1437 689 1638 747 edere.

644 771 711 825 Et
752 786 931 842 quam
962 774 1042 829 ob
1074 789 1321 831 causam
1350 781 1655 835 tacuerunt
1683 780 2064 850 evangelistae
2095 783 2234 838 Pas-

574 857 703 914 ch83.
727 861 1120 920 mutationem
1154 864 1272 937 (aa)
1302 864 1331 919 ‘I
1356 866 1506 931 Quia
1522 871 1933 927 necessarium
1963 886 2086 927 non
2111 876 2237 928 erat

574 947 650 1003 de
678 949 794 1005 hac
818 966 894 1007 .re
937 952 1133 1009 dicere
1166 969 1179 1008 :
1208 954 1353 1027 quid
1385 958 1545 1013 enim
1576 957 1923 1016 Christianis
1974 962 2237 1019 confere-

572 1036 680 1094 bat
708 1038 812 1110 huj
825 1056 889 1095 us
901 1040 1258 1099 reinarratio
1283 1045 1312 1101 ?
1346 1045 1510 1101 Hanc
1526 1062 1669 1117 ergo
1686 1052 2229 1121 praetermiserunt;

572 1140 880 1184 sermones
908 1134 1107 1187 tamen
1132 1148 1321 1189 caante
1344 1136 1611 1207 mysticae
1623 1137 1966 1209 diligentius
1978 1148 2234 1213 pertrac-

567 1218 793 1283 tarunt,
840 1224 1044 1290 utpote
1077 1223 1340 1278 maxime
1384 1227 1759 1283 necessarios
1794 1244 1863 1285 ac
1903 1229 2232 1301 plurimum

560 1304 966 1363 conducentes
992 1309 1073 1364 ad
1092 1309 1277 1366 ﬁdem
1298 1316 1587 1370 nostram.
1615 1318 1682 1372 Et
1706 1317 1927 1391 ubique
1958 1320 2229 1388 regulam

556 1391 716 1449 hanc
747 1395 1094 1462 observant,
1130 1403 1193 1454 ut
1226 1416 1360 1471 quae
1388 1406 1720 1461 necessaria
1752 1422 1873 1463 non
1903 1414 2041 1464 sunt
2081 1427 2228 1481 prte-

556 1485 908 1550 tercurrant,
933 1487 1024 1542 vel
1052 1486 1112 1543 in
1133 1489 1377 1545 transitu
1401 1492 1597 1549 solum
1618 1496 1989 1553 mentionem
2016 1514 2225 1555 eorum

558 1569 799 1636 faciant,
832 1588 1077 1630 omnem
1099 1576 1470 1648 diligentiam
1492 1597 1560 1637 ac
1587 1584 1852 1640 studium
1885 1586 2037 1643 circa
2061 1588 2226 1643 utilia

560 1660 903 1729 dirigentes.

638 1748 858 1806 Verum
884 1766 1023 1807 cum
1048 1754 1534 1826 antelegitimum
1562 1764 1802 1834 tempus
1825 1763 2092 1821 Christus
2125 1769 2223 1823 Pa—
2256 1773 2299 1828 B

564 1836 708 1892 scha
747 1839 1074 1911 perfecerit,
1100 1846 1409 1915 quomodo
1437 1847 1625 1905 Judaei
1653 1852 1970 1909 manifesta
1991 1855 2107 1910 hac
2131 1872 2225 1911 ac-

563 1927 871 1983 cusatione
908 1930 1129 2001 relicta,
1175 1935 1521 2005 quaerebant
1550 1937 1768 1995 falsum
1823 1944 2227 2001 testimonium

563 2013 851 2071 adversus
864 2017 1069 2075 Jesum
1086 2020 1115 2075 Ἰ
1136 2022 1286 2086 Quia
1311 2023 1580 2082 sciebant
1604 2026 1827 2085 nullam
1857 2047 1982 2087 esse
2010 2032 2223 2102 legem,

563 2116 696 2173 qua:
755 2105 1185 2165 condemnaret
1214 2126 1351 2168 eum
1383 2113 1485 2185 qui
1521 2113 1752 2173 Pascha
1805 2125 1939 2175 ante
1988 2125 2226 2194 tempus

559 2191 918 2251 celebrasset
950 2212 963 2261 ;
995 2198 1360 2269 praevidente
1410 2202 1551 2259 olim
1580 2206 1700 2261 Deo
1752 2209 1915 2280 quod
1959 2191 2222 2269 futurum

560 2284 707 2347 erat,
741 2282 1009 2357 nihilque
1050 2286 1120 2341 de
1162 2286 1274 2344 hoc
1307 2294 1621 2349 statuente.
1676 2297 1738 2351 Et
1767 2295 1899 2353 vide
1948 2316 2073 2355 rem
2120 2302 2224 2359 ad-

555 2367 873 2427 miratione
900 2372 1169 2445 dignam,
1216 2379 1385 2450 quod
1414 2386 1621 2439 contra
1650 2400 1809 2451 eum,
1843 2389 1945 2459 qui
1977 2395 2113 2462 post
2146 2392 2223 2448 le-

556 2458 834 2528 gitimum
875 2466 1113 2537 tempus
1134 2465 1497 2526 celebrasset
1528 2476 1748 2530 statum
1771 2458 1912 2544 erat,
1948 2458 2060 2534 nisi
2092 2481 2220 2537 talis

555 2550 927 2605 occasionem
953 2554 1215 2611 maxime
1232 2559 1625 2617 necessariam
1652 2566 2018 2634 praetexisset
2047 2586 2058 2623 :
2084 2587 2219 2627 con-

557 2640 651 2693 tra
696 2654 834 2695 eum
890 2657 1031 2699 vero
1059 2646 1162 2716 qui
1193 2650 1429 2720 tempus
1466 2655 1867 2722 praevenisset,
1902 2656 2066 2714 nulla
2098 2664 2220 2717 erat

558 2724 805 2783 deﬁnita
834 2744 1033 2800 paena.
1066 2734 1327 2792 Joannes
1358 2743 1559 2795 autem
1580 2740 1719 2797 dicit
1742 2746 1807 2808 ³⁵,
1834 2746 1997 2817 quod
2018 2764 2155 2803 cum
2183 2766 2219 2806 a

558 2830 733 2869 coena
766 2820 1132 2892 surrexisset,
1158 2825 1461 2898 pedesque
1492 2828 1922 2902 discipulorum
1950 2835 2212 2905 lavisset,

556 2918 764 2959 rursus
785 2904 1084 2966 discubuit
1112 2928 1126 2977 ;
1162 2928 1303 2969 nam
1330 2914 1443 2971 hoc
1470 2926 1649 2989 caput
1678 2919 1755 2976 ab
1802 2922 1932 2978 aliis
1964 2941 2214 2997 evange-

553 2991 701 3069 listis
736 2999 823 3051 est
843 3001 1317 3068 praetermissum
1353 3022 1366 3060 :
1396 3006 1597 3076 etfideo
1615 3010 1850 3083 scripsit
1879 3013 1974 3068 ille
2006 2991 2215 3087 quein-

553 3080 890 3169 admodum
927 3086 987 3143 in
1032 3092 1409 3150 enarratione
1435 3080 1754 3169 Evangelii.
1789 3102 1919 3172 ejus
1965 3105 2082 3160 Deo
2109 3104 2212 3162 do-

553 3174 732 3229 nante
757 3173 1108 3235 referemus.

620 3279 783 3336 Vers.
835 3285 923 3338 2t.
964 3285 1042 3340 Et
1085 3287 1389 3345 edentibus
1443 3321 1513 3333 —
1562 3310 1655 3351 me
1703 3298 2039 3357 traditurus
2090 3311 2198 3363 est.

621 3368 859 3426 Marcus
887 3388 1030 3431 vero
1062 3375 1294 3433 addidit
1326 3396 1339 3435 :
1371 3379 1481 3445 Qui
1517 3385 1849 3445 manducat
1885 3406 2107 3450 mecum
2136 3397 2202 3462 '6,

545 3471 621 3513 ne
670 3461 1119 3530 suspicarentur
1163 3467 1331 3538 quod
1378 3485 1569 3527 unum
1607 3473 1825 3533 diceret
1864 3495 2073 3539 eorum
2104 3488 2204 3557 qui

544 3547 942 3615 crediderant,
971 3552 1076 3623 qui
1104 3568 1229 3610 non
1254 3562 1412 3614 esset
1436 3575 1594 3616 unus
1623 3562 1699 3620 de
1732 3565 2050 3628 duodecim
2080 3547 2205 3631 dis-

545 3633 779 3706 cipulis.
815 3639 1004 3695 Simul
1035 3657 1277 3715 quoque
1299 3646 1466 3704 Iudas
1491 3652 1834 3713 clanculum
1866 3662 2198 3722 testabatur

548 3738 612 3779 se
652 3739 833 3781 nosse
872 3742 974 3784 cor
1004 3730 1152 3800 ejus.
1181 3733 1407 3792 Etenim
1440 3739 1627 3809 pedes
1658 3744 1837 3801 etiam
1869 3749 1997 3819 ejus
2040 3752 2200 3825 lavit,

547 3811 627 3867 ad
652 3814 1062 3884 paenitentiam
1108 3836 1247 3878 eum
1278 3838 1594 3898 revocans,
1625 3811 1978 3907 quanquam
2019 3840 2113 3898 ille
2139 3811 2202 3900 iri

544 3899 764 3958 duritia
789 3908 1137 3975 permansit.
1151 3912 1557 3974 Traditionem
1576 3899 1773 3978 autem
1794 3899 2053 3998 ihtellige
2066 3946 2201 4002 pro-

542 3988 853 4049 ditionem.
880 3996 1145 4055 Tradidit
1181 4002 1340 4059 enim
1385 4022 1519 4063 eum
1548 4008 1609 4065 in
1639 4016 1916 4085 mortem,
1962 3988 2019 4074 et
2046 3988 2201 4077 insi-

539 4077 872 4139 diatoribus
902 4084 1058 4143 hunc
1082 4091 1365 4162 prodidit.

606 4186 768 4244 Vers.
803 4194 890 4247 22.
911 4193 991 4248 Et
1018 4199 1625 4263 contristati-Domine
1651 4208 1682 4262 ἵ
1706 4211 1837 4267 Haec
1852 4214 2033 4271 etiam
2054 4217 2196 4274 Mar-

531 4292 635 4332 cus
672 4279 820 4337 dixit
848 4283 916 4337 ".
952 4283 1137 4356 Elegit
1178 4293 1381 4346 autem
1422 4291 1707 4362 Christus,
1755 4304 1820 4356 ut
1849 4305 2041 4361 caateri
2066 4323 2194 4364 om-

527 4380 636 4421 nes
656 4367 935 4427 timerent
975 4389 1045 4429 ac
1074 4378 1583 4454 contristarentur,
1630 4401 1753 4458 quo
1784 4392 2050 4462 perditus
2082 4398 2190 4453 dis-

531 4454 761 4523 cipulus
807 4464 1266 4521 converteretur.
1316 4470 1508 4533 Quare
1550 4454 1751 4532 autem
1788 4454 1981 4537 hateri
2028 4488 2191 4543 anxii

529 4548 718 4610 erant,
742 4560 882 4602 cum
911 4550 1058 4606 nihil
1078 4552 1191 4609 tale
1218 4556 1328 4612 sibi
1356 4562 1581 4617 conscii
1604 4573 1799 4624 essent
1828 4570 1855 4625 ?
1877 4573 2027 4636 Quia
2048 4592 2190 4646 prae-

528 4633 752 4703 ceptori
781 4638 1043 4695 maxime
1092 4644 1420 4702 crededant
1458 4654 1743 4723 tanquam
1793 4633 2185 4734 veracissimo,

527 4723 584 4776 et
632 4720 883 4782 timebat
922 4728 1177 4803 quisque
1216 4748 1292 4791 ne
1331 4735 1481 4794 forte
1511 4720 1644 4797 talis
1673 4746 1949 4807 evaderet
1990 4720 2187 4813 mente

527 4816 881 4871 excmcatus.

596 4901 756 4957 Vers.
786 4902 875 4961 23.
1015 4908 1212 5003 itte—
1240 4914 1461 5003 tradet.
1481 4917 1653 4976 Ponit
1680 4930 1923 4997 quoque
1954 4931 2184 5003 insigne

519 5001 658 5080 quo
672 4996 881 5062 posset
904 4994 1000 5051 ille
1021 4996 1325 5068 dignosci.
1365 5002 1600 5062 Marcus
1626 5025 1768 5067 vero
1798 4994 1944 5072 dixit
1975 5035 1989 5073 :
2023 4994 2181 5080 Unus

512 5089 583 5133 εει
616 5076 920 5139 duodecim
937 5084 1040 5154 qui
1063 5085 1311 5158 intingit
1336 5106 1565 5151 mecum
1580 5096 1645 5152 in
1669 5100 1933 5160 catinum
1959 5076 2176 5168 “hilca

586 5203 632 5238 ³⁵
662 5203 836 5262 Joan.
868 5221 989 5272 xm,
1018 5211 1072 5274 4,
1105 5211 1192 5267 12.
1310 5214 1358 5250 ¹⁶
1391 5217 1559 5275 Marc.
1599 5236 1719 5279 xiv.
1755 5226 1842 5282 18.

1957 5231 2005 5267 ¹⁷
2036 5232 2181 5294 Ibid.
2212 5239 2301 5298 19.

2346 515 2462 567 καθ’
2494 519 2555 573 ἣν
2600 516 2735 568 ἅπαν
2769 518 3005 590 ζυμωτόν
3036 521 3395 596 ἐξηφανίςετο.
3430 534 3530 582 Καὶ
3558 527 3708 583 οὐδὲν
3735 532 3937 587 ἐκώλυεν

2346 604 2421 655 ἔτι
2459 609 2549 656 καὶ
2590 608 2759 677 ζωμὸν
2786 606 2998 666 ἐσθίειν.

2420 802 2520 851 Καὶ
2571 796 2720 853 διατί
2765 810 3180 877 παρεσιώπησαν
3216 811 3266 861 οἱ
3304 810 3671 883 εὐαγγελιπαὶ
3718 820 3810 874 τὴν
3854 826 3939 871 τοῦ

2345 888 2547 959 Πάσχα
2591 890 2911 962 μετάληψιν;
2944 900 3086 948 Διότι
3133 897 3227 950 οὐκ
3270 900 3331 957 ἧν
3390 899 3667 974 ἀναγκαῖον
3717 908 3777 956 τὸ
3825 912 3937 979 περὶ

2342 977 2539 1038 ταύτης
2579 977 2756 1034 εἰπεῖν.
2815 986 2880 1034 Τί
2925 984 3023 1056 γὰρ
3082 985 3143 1037 ἄν
3201 991 3290 1040 καὶ
3349 991 3640 1045 συνετέλεσε
3694 1001 3937 1067 Χριστια-

2341 1070 2447 1126 νοῖς
2494 1067 2523 1123 ἠ
2582 1070 2782 1132 ταύτης
2828 1066 3118 1143 διήγησις;
3172 1079 3261 1128 Διό
3300 1080 3492 1138 ταύτην
3549 1084 3639 1152 μὶν
3686 1066 3938 1156 παρέδραα

2340 1171 2455 1225 μον’
2515 1162 2622 1217 τοῖς
2679 1154 2737 1209 δὲ
2785 1158 2953 1231 λόγοις
3006 1170 3098 1215 τοῦ
3155 1175 3416 1236 μυστικοῦ
3474 1165 3687 1223 δείπνου
3737 1154 3937 1244 φιλοπο-

2340 1248 2552 1319 νωτερον
2637 1245 3079 1322 προσδιέτριψαν,
3184 1258 3248 1316 ὡς
3353 1256 3768 1330 ἀναγκαιοτάτου
3853 1266 3938 1314 udi

2342 1338 2784 1389 συνεκτικωτάτου
2848 1347 2942 1401 τῆς
3002 1343 3147 1413 ἡμῶν
3205 1350 3450 1409 πίστεως.
3511 1355 3611 1403 Καὶ
3667 1358 3935 1421 πανταχοῦ

2341 1417 2399 1473 δὲ
2437 1426 2523 1473 τόν
2572 1429 2761 1477 κανόνα
2796 1436 2973 1480 τοῦτον
3024 1440 3265 1503 τηροῦσι,
3317 1438 3383 1488 τὰ
3427 1442 3498 1509 μὴ
3542 1438 3801 1511 ἀναγκαῖα
3852 1442 3936 1512 μὲν

2338 1517 2776 1586 παρατρέχοντες,
2838 1521 2867 1575 ἤ
2928 1524 3061 1571 κατὰ
3125 1521 3356 1598 πάροδον
3422 1525 3935 1602 ἐπιμιμνησκόμενοι·

2338 1606 2512 1652 πᾶσαν
2547 1600 2605 1654 δὲ
2636 1609 2721 1662 τὴν
2758 1605 3022 1681 ἀκρίϐειαν
3054 1616 3143 1664 καὶ
3187 1612 3419 1674 σπονδὴν
3454 1623 3571 1693 περὶ
3599 1622 3664 1671 τὰ
3694 1624 3938 1693 χρήσιμα

2344 1708 2710 1755 συντεινοντες.

2413 1784 2513 1831 Καὶ
2562 1779 2668 1835 ἐπεὶ
2710 1787 2810 1857 πρὸ
2864 1794 2954 1838 τοῦ
3001 1792 3203 1861 Πάσχα
3248 1797 3307 1844 τό
3369 1796 3569 1867 Πάσχα
3612 1798 3859 1850 τετελεκεν
3911 1800 3934 1849 ό

2338 1872 2578 1939 Χριοτὸς,
2634 1880 2742 1933 πῶς
2783 1871 3032 1928 Ἰουδαῖοι
3081 1883 3173 1937 τὴν
3230 1893 3465 1955 προφανῆ
3525 1888 3719 1945 ταύτην
3775 1906 3932 1945 κατη-

2336 1962 2517 2029 γορίαν
2580 1958 2804 2030 ἀφέντες,
2869 1963 3078 2026 ἐξῄτουν
3144 1968 3601 2048 ψευδομαρτυρίαν
3657 1979 3791 2029 κατὰ
3845 1983 3932 2028 τοῦ

2334 2046 2549 2113 Ἰησοῦ;
2605 2053 2747 2101 Διότι
2802 2050 3098 2123 ἐγίνωσκον,
3150 2059 3214 2118 ὡς
3260 2060 3317 2111 ού
3367 2069 3533 2115 κεῖται
3579 2070 3732 2137 νόμος
3774 2084 3928 2117 κατα-

2337 2130 2569 2198 δικάζων
2625 2141 2711 2189 τὸν
2771 2144 3188 2214 προεορτάζοντα
3236 2151 3293 2199 τὸ
3348 2153 3565 2225 Πάσχα,
3628 2155 3791 2207 πάλαι
3842 2161 3930 2206 τοῦ

2335 2228 2467 2275 Θεοῦ
2507 2222 2812 2300 προειδότος
2850 2234 2906 2282 τό
2953 2232 3152 2304 μέλλον,
3194 2242 3283 2289 καὶ
3313 2237 3479 2310 μηδὲν
3510 2261 3562 2294 τι
3604 2249 3722 2316 περὶ
3751 2246 3930 2296 τούτου

2331 2315 2791 2384 νομοθετήσαντος.
2848 2325 2947 2373 Καὶ
2996 2323 3091 2396 ὅρα
3144 2327 3467 2398 θαυμαστὸν,
3520 2333 3598 2383 ὄτι
3647 2336 3785 2386 κατὰ
3846 2335 3930 2404 μὲν

2331 2408 2422 2453 τοῦ
2485 2406 2915 2480 μεθεορτάζοντος
2976 2417 3364 2485 νενομοθέτητο,
3426 2419 3471 2472 εἰ
3541 2426 3615 2493 μὴ
3676 2428 3932 2499 πρόφασιν

2330 2490 2481 2553 οὗτος
2536 2492 2948 2566 ἀναγκαιοτάτην
3004 2502 3317 2575 προϐάλοιτο
3531 2514 3669 2564 κατὰ
3726 2509 3784 2565 δὲ
3845 2516 3930 2564 τοῦ

2328 2584 2766 2655 προεορτάζοντος
2824 2586 2973 2642 οὐδὲν
3027 2594 3219 2664 ὥριστο
3269 2595 3546 2670 ἐπιτίμιον.
3620 2608 3664 2652 O
3726 2601 3785 2656 δὲ
3832 2600 3933 2654 Ἰω-

2329 2671 2485 2732 άννης
2545 2678 2725 2744 φησὶν,
2803 2678 2880 2729 ὅτι
2938 2677 3168 2743 ἀναστὰς
3226 2683 3325 2738 ἀπὸ
3385 2695 3473 2740 τοῦ
3543 2686 3781 2761 δείπνου,
3846 2693 3931 2741 καὶ

2326 2758 2482 2829 νίψας
2558 2766 2675 2824 τοὺς
2747 2764 2920 2828 πόδας
2985 2780 3084 2821 των
3140 2776 3410 2845 μαθητῶν,
3478 2778 3629 2830 πάλιν
3702 2780 3926 2833 ἀνέπεσε.

2328 2852 2556 2923 Παρείθη
2628 2855 2726 2927 γὰρ
2798 2860 2909 2919 τοῖς
2958 2858 3130 2922 ἄλλοις
3202 2863 3595 2936 εύαγγελισταῖς
3661 2876 3809 2923 τουτὶ
3872 2872 3928 2921 τὸ

2324 2938 2617 3009 κεφάλαιον,
2672 2942 2734 2995 οὗ
2787 2948 2949 3019 χάριν
3019 2949 3177 3011 αὐτὸς
3230 2954 3478 3026 ἱστόρησε
3521 2961 3587 3009 τα
3637 2965 3760 3034 περὶ
3816 2961 3927 3010 τού-

2322 3044 2435 3096 του,
2489 3031 2656 3090 καθὼς
2708 3030 2756 3083 ἓν
2808 3041 2880 3105 τῷ
2939 3037 3209 3113 Εὐαγγείῳ
3266 3042 3448 3111 αὐτοῦ,
3524 3054 3657 3101 Θεοῦ
3727 3046 3921 3113 δόντος,

2249 3124 2291 3182 C
2322 3112 2708 3191 ἐξηγησόμεθα.

2391 3335 2491 3385 Καὶ
2545 3332 2822 3388 ἐσθιόντων
2880 3368 2946 3379 —
3002 3339 3315 3415 παραδώσει
3362 3367 3444 3419 με.
3500 3350 3559 3402 Ὁ
3605 3349 3667 3405 δὲ
3720 3355 3925 3428 Μάρκος

2314 3422 2656 3492 προσέθηκεν,
2712 3426 2793 3476 ὅτι
2859 3428 2885 3477 ὁ
2938 3427 3124 3483 ἐσθίων
3178 3436 3290 3505 μετ’
3343 3434 3486 3510 ἐμοῦ,
3537 3442 3620 3493 ἵνα
3675 3449 3749 3515 μὴ
3800 3445 3921 3494 ὑπο-

2313 3507 2564 3578 λάϐωσιν,
2619 3514 2684 3573 ὡς
2738 3513 2828 3567 ἕνα
2877 3515 3015 3589 λέγει
3082 3529 3180 3573 τῶν
3229 3530 3625 3582 πιστευσάντων
3689 3536 3782 3606 μεν
3854 3528 3926 3589 εἰς

2313 3597 2488 3666 αὐτὸν,
2521 3605 2594 3672 μὴ
2631 3606 3092 3678 συνηριθμημὶνων
3126 3607 3185 3663 δὲ
3224 3621 3329 3675 τοίς
3377 3613 3591 3672 δώδεκα
3635 3597 3918 3693 μαθηταῖς.

2309 3685 2453 3758 Ἅμα
2514 3686 2573 3742 δὲ
2625 3696 2715 3743 καὶ
2766 3698 2895 3768 πρὸς
2942 3699 3030 3748 τὸν
3076 3698 3284 3755 Ἰούδαν
3339 3703 3541 3777 ἀφανῶς
3594 3685 3920 3786 ἐμαρτύρατο

2313 3775 2393 3828 ὃτι
2448 3780 2575 3848 ἔγνω
2633 3784 2727 3839 τὴν
2785 3780 3009 3855 καρδίαν
3077 3789 3258 3846 αὐτοῦ.
3334 3799 3435 3848 Καὶ
3484 3800 3587 3872 γὰρ
3646 3809 3735 3855 καὶ
3805 3800 3919 3857 τοὺς

2311 3864 2471 3918 αὐτοῦ
2514 3865 2685 3931 πόδας
2734 3872 2922 3943 ἔνιψεν,
2976 3876 3049 3939 εἰς
3097 3882 3432 3953 μεταμέλειαν
3480 3886 3631 3941 αὐτὸν
3679 3890 3919 3944 ἓκκαλού-

2309 3974 2473 4026 μενος,
2525 3957 2569 4009 εἰ
2611 3964 2701 4011 καὶ
2746 3962 2970 4036 σκληρὸς
3019 3969 3177 4039 ἔμενε.
3223 3971 3531 4045 Παράδοσιν
3577 3978 3637 4032 δε
3678 3987 3781 4034 νόει
3824 3981 3917 4035 τὴν

2308 4042 2618 4117 προδοσίαν.
2690 4048 2971 4125 Παρέδωκε
3035 4059 3136 4130 γὰρ
3192 4060 3346 4114 αὐτὸν
3398 4064 3470 4127 εἰς
3531 4069 3768 4138 θάνατον,
3828 4070 3918 4119 καὶ

2305 4131 2610 4209 προδέδωκε
2640 4145 2820 4193 τοῦτον
2845 4150 2954 4204 τοῖς
2979 4144 3397 4205 ἐπιϐουλεύουσι.

2378 4228 2478 4276 Καὶ
2548 4225 2856 4301 λυπούμενοι
2927 4262 2997 4276 -
3073 4240 3267 4312 Κύριε;
3301 4244 3478 4296 Ταῦτα
3529 4250 3617 4297 καὶ
3698 4248 3919 4318 Μάρκος

2303 4313 2522 4384 εἴρηκεν.
2578 4316 2753 4371 Εἵλετο
2805 4323 2904 4395 γὰρ
2962 4324 2988 4375 ὁ
3038 4330 3272 4398 Χριστὸς
3325 4330 3555 4400 φοϐῆσαι
3602 4340 3691 4388 καὶ
3750 4313 3918 4390 luni-

2305 4419 2397 4452 σαι
2450 4404 2648 4466 πάντας
2701 4412 2819 4469 τοὺς
2869 4410 3074 4482 ἄλλους,
3132 4416 3257 4491 ὑπὲρ
3309 4425 3403 4469 τοῦ
3458 4419 3772 4497 ἐπιστρέψαι
3826 4424 3917 4475 τὸν

2302 4487 2646 4565 ἀπολλύμενον
2704 4500 2967 4568 μαθητήν.
3021 4506 3169 4556 Διατί
3224 4487 3283 4559 δὲ
3337 4510 3385 4560 οἰ
3433 4487 3621 4565 λοιποὶ.
3651 4487 3912 4587 ἠλγωνίων,

2299 4576 2465 4651 μηδὲν
2504 4601 2557 4635 τι
2603 4593 2835 4649 τοιοῦτον
2885 4588 3183 4656 συνειδότες
3226 4595 3472 4669 ἑαυτοῖς;
3510 4607 3651 4656 Διότι
3694 4576 3914 4677 ,σφόδρα

2297 4676 2368 4739 τῷ
2457 4667 2768 4747 διδασκάλῳ
2843 4677 3131 4747 ἐπίστευον,
3198 4688 3263 4747 ὡς
3337 4687 3735 4767 ἀψευδεστάτῳ,
3822 4691 3912 4743 καὶ

2299 4755 2568 4815 ἐδεδίεσαν
2606 4764 2843 4835 ἕκαστος,
2889 4774 3092 4840 μήποτε
3120 4783 3356 4838 τοιοῦτος
3382 4755 3588 4854 ’ἀποϐῇ
3630 4755 3911 4857 τυφλωθεὶς

2297 4851 2383 4902 τὸν
2407 4859 2543 4908 νοῦν.

2364 4939 2422 4992 Ὁ
2476 4941 2535 4994 δὲ
2579 4973 2650 4985 -
2699 4945 3027 5022 παραδώσει.
3086 4955 3280 5013 Τίθησι
3331 4963 3422 5011 καὶ
3471 4965 3792 5039 παράσημον
3839 4959 3909 5018 εἰς

2294 5025 2578 5100 διάγνωσιν
2621 5033 2800 5092 αὐτοῦ.
2852 5040 3065 5112 Μάρκος
3114 5038 3174 5095 δὲ
3222 5043 3376 5113 εἶπεν,
3427 5050 3508 5102 ὅτι
3567 5054 3656 5117 Εἷς
3702 5054 3758 5107 ἐκ
3803 5056 3905 5103 τῶν

2291 5113 2502 5172 δώδεκα
2581 5123 2607 5173 ό
2680 5122 3060 5200 ἐμϐαπτόμενος
3126 5134 3239 5205 μετ’
3305 5134 3430 5209 ἐμοῦ
3506 5141 3577 5205 εἰς
3654 5148 3713 5197 τὸ
3780 5158 3906 5216 τρυ-

2410 5243 2457 5278 ¹⁸
2488 5244 2641 5301 Ibid.
2676 5251 2765 5305 20.

1729 5378 1953 5450 Varia
1994 5385 2325 5460 lectiones
2356 5405 2423 5463 et
2442 5405 2646 5466 notae.

582 5511 663 5584 (2)
699 5514 1070 5589 Προϐάλλιητο.
1100 5522 1246 5579 Cod.
1274 5526 1343 5581 Α.

583 5634 702 5707 (aa)
730 5639 1140 5718 Mutationem,
1171 5649 1806 5721 Communicationem.
1839 5668 2161 5730 Hentenius
2192 5675 2214 5730 f

2325 5693 2443 5737 isse
2470 5681 2781 5742 invenerat
2807 5688 3140 5764 μετ-ἄμειψιν.
