4096 6382
163 329 263 384 661

162 452 330 519 ϐλιον,
390 454 575 521 ἤγουν,
630 448 659 500 6
714 446 1010 520 ἕμϐάπτων.
1084 447 1248 497 Τοῦτο
1320 435 1371 491 δ’
1438 437 1697 505 ἐπήγαγεν
1751 432 1776 484 ό
1807 426 1854 481 Α

162 547 345 614 Σωτὴρ
402 544 531 614 πρὸς
610 537 859 610 ἐντροπὴν
924 541 1014 587 τοῦ
1070 527 1270 585 Ἰούδα.
1341 534 1599 581 Τοσοῦτον
1676 525 1774 595 γὰρ

162 642 257 684 τοῦ
312 627 647 683 διδασκάλου
707 630 1100 699 κατεφρόνησεν,
1154 624 1220 682 ὡς
1272 615 1403 691 μηδ’
1464 613 1775 668 ὑποστέλλε-

166 724 293 773 σθαι
353 727 539 773 τοῦτον
596 720 694 781 ἔτι,
754 714 857 766 ἀλλ’
908 712 1186 785 ἐμϐάπτων
1260 707 1367 781 μετ’
1418 707 1597 759 αὐτοῦ.
1644 712 1775 764 Τρυ-

165 810 302 862 ϐλίον
339 809 420 881 (3)
450 805 509 861 δέ
539 806 701 874 ἐστιν,
726 801 865 865 εἶδος
898 808 1135 863 πίνακος.

232 900 293 952 Ὀ
489 901 606 957 Υἱός
657 926 723 937 —
773 889 1152 968 παραδίδοται.
1209 888 1442 959 ’Υπάγιι,
1499 884 1613 938 ἀντὶ
1659 890 1772 954 τοῦ³

168 993 476 1063 Πορεύεται,
568 984 861 1059 μεταϐαίνει
950 982 1052 1034 ἀπὸ
1140 987 1235 1040 τῆς
1308 976 1531 1030 ἐνταῦθα
1619 977 1769 1037 ζωῆς,

166 1081 340 1140 καθὼς
407 1081 702 1150 γέγραπται
766 1079 877 1135 τοῖς
935 1075 1226 1145 προφήταις
1270 1071 1389 1143 περὶ
1441 1065 1623 1129 αὐτοῦ,
1666 1071 1778 1124 πῶς

164 1168 339 1240 μέλλει
368 1166 668 1222 ἀποθανεῖν.
1288 1156 1293 1157 ⁷

237 1259 411 1312 Καλὸν
485 1289 555 1298 -
615 1255 822 1317 ἕκεῖνος.
894 1255 1153 1326 Συμφέρον
1229 1245 1291 1308 ἧν
1355 1247 1517 1319 αύτῷ,
1577 1248 1648 1299 ἔτι
1727 1242 1776 1295 ἐν

164 1357 225 1421 τῇ
284 1349 368 1419 (4)
413 1346 589 1419 κοιλίᾳ
645 1353 735 1405 τῆς
776 1345 974 1417 μητρός
1030 1341 1256 1405 αὔξοντι,
1324 1341 1395 1410 μὴ
1468 1336 1777 1407 γεννηθῆναι

164 1437 295 1498 ὅλως
496 1443 729 1489 τοιοῦτον
783 1436 945 1506 μύσος
992 1430 1324 1503 ἐργάσασθαι
1370 1425 1622 1499 μέλλοντι,
1689 1428 1777 1476 καὶ

166 1528 495 1586 τηλικαύτης
548 1524 950 1593 ἀξιωθησομένῳ
1009 1523 1286 1592 τιμωρίας.
1335 1521 1470 1569 Φασὶ
1521 1512 1580 1568 δέ
1627 1532 1777 1584 τινες,

167 1619 246 1668 ὅτι
322 1614 643 1689 ἀνέγκλητός
709 1611 843 1677 ἐστι,
904 1613 960 1663 τό
1023 1610 1408 1684 προωρισμένον
1465 1604 1777 1663 ἐπιτελέσας.

170 1708 307 1780 Πρός
341 1704 426 1764 ούς
450 1703 682 1776 λέγομεν,
732 1703 810 1754 ὅτι
843 1700 900 1753 ού
947 1695 1087 1751 διότι
1133 1702 1450 1772 προώριστο,
1488 1692 1580 1747 διὰ
1626 1701 1779 1746 τοῦτο

168 1790 508 1867 παρέδωκεν
566 1790 693 1844 ἀλλὰ
755 1788 896 1843 διότι
941 1783 1231 1862 παρέδωκε,
1286 1781 1379 1837 διὰ
1421 1792 1573 1838 τοῦτο
1616 1788 1780 1856 προώ-

167 1904 343 1956 ριστο,
395 1890 489 1935 τοῦ
545 1888 678 1935 Θεοῦ
740 1875 1041 1954 προειδότος
1087 1881 1145 1929 τὸ
1202 1877 1402 1935 πάντως
1452 1872 1780 1946 ἀποϐησόμε-
1816 1892 1856 1945 Β

168 1990 291 2024 νον·
347 1971 520 2045 ἔμελλε
568 1973 666 2045 γὰρ
728 1974 882 2031 ὄντως
934 1966 1189 2026 ἀποϐῆναι
1245 1972 1489 2031 τοιοῦτος,
1562 1963 1655 2014 ούκ
1726 1960 1780 2013 ἐκ

171 2066 393 2133 φύσεως,
428 2059 536 2112 ἀλλ’
577 2058 630 2112 ἐκ
660 2060 1030 2132 προαιρέσεως.

245 2157 349 2204 Καὶ
411 2147 557 2203 διατί
604 2146 888 2223 παρέλαϐεν
945 2146 1100 2199 αὐτόν
1158 2144 1283 2206 ὅλως
1338 2143 1404 2203 εἰς
1457 2143 1694 2215 μαθητὴν
1752 2142 1778 2193 ό

175 2244 424 2315 Χριστός,
496 2246 729 2291 τοιοῦτον
810 2235 1236 2308 ἀποϐησόμενονς
1313 2232 1424 2286 Ἰνα
1491 2239 1618 2304 φανῇ
1690 2235 1778 2282 καὶ

173 2338 272 2391 τῆς
303 2337 390 2381 τοῦ
426 2337 664 2403 Σωτῆρος
704 2326 1042 2399 ἀγαθότητος,
1096 2328 1184 2376 καὶ
1228 2330 1323 2384 τῆς
1373 2328 1464 2374 τοῦ
1514 2316 1775 2394 προδότου

170 2424 361 2481 κακίας
405 2421 436 2479 ἡ
488 2416 765 2492 ὑπερϐολὴ,
806 2424 915 2477 πῶς
953 2416 979 2466 6
1015 2416 1103 2486 μεν
1152 2416 1238 2465 τόν
1280 2411 1463 2465 ἑαυτοῦ
1511 2405 1776 2483 προδότην

172 2506 431 2563 ἐδίδασκε
486 2510 553 2559 τὰ
620 2510 858 2578 σωτήρια
904 2508 992 2557 καὶ
1036 2504 1218 2575 ἠγάπα
1277 2506 1366 2553 καὶ
1426 2501 1775 2576 χαρισμάτων

171 2599 321 2661 ἠξίου
379 2602 476 2648 καὶ
531 2604 630 2647 τῶν
689 2593 851 2647 ἀλλων
906 2593 998 2644 ούκ
1048 2591 1272 2667 ἐχώριζε
1346 2591 1614 2663 μαθητῶν,
1688 2593 1777 2641 καὶ

170 2692 342 2740 πάντα
399 2689 470 2738 τὰ
516 2688 644 2759 πρὸς
689 2683 1002 2758 ἐπιστροφὴν
1056 2686 1146 2733 καὶ
1209 2677 1492 2753 διόρθωσιν
1547 2678 1774 2749 εἰσῆγεν,

172 2780 251 2829 ἱνα
315 2781 389 2849 μὴ
447 2772 647 2846 δυνηθῇ
703 2773 889 2845 λέγειν,
943 2774 1012 2833 ὡς
1063 2771 1157 2823 ούκ
1206 2771 1364 2842 ἔτυχε
1420 2765 1773 2838 διδασκάλου,

173 2864 467 2939 δυναμένου
502 2863 686 2924 σώζειν
734 2866 851 2923 τούς
897 2860 1259 2934 βουλομένους,
1290 2860 1315 2910 ό
1347 2856 1406 2912 δὲ
1450 2863 1539 2911 καὶ
1582 2860 1775 2911 τούτων

174 2959 374 3009 πάντων
468 2953 787 3021 ἀπολαύσας,
869 2951 1021 3004 πάλιν
1097 2953 1257 3023 ἔμεινε
1327 2954 1564 3024 πονηρός.
1635 2949 1776 3002 Ἐπεὶ

170 3050 269 3121 γὰρ
330 3050 429 3103 τὴν
480 3042 665 3115 ψυχὴν
713 3042 1015 3117 οἰκητήριον
1065 3047 1157 3093 τοῦ
1208 3036 1453 3092 διαϐόλου
1505 3044 1775 3107 πεποίηκε,

170 3145 263 3195 τῆς
318 3135 669 3207 φιλαργυρίας
723 3131 1006 3195 ἀνοιξάσης
1076 3135 1167 3183 καὶ
1232 3129 1625 3201 εἰσαγαγούσης
1690 3129 1781 3181 αύ-

168 3229 273 3294 τὸν,
326 3224 425 3276 ούκ
476 3222 686 3294 ἐξέφυγε
726 3225 785 3274 τό
834 3223 982 3293 οἶγος.
1021 3219 1173 3275 Ὅθεν
1223 3220 1287 3280 ὠς
1326 3218 1420 3270 οὐκ
1460 3218 1781 3291 ἀναγκαστι-

166 3323 287 3381 κὼς,
350 3312 485 3364 ἀλλὰ
552 3319 927 3387 προαιρετικῶς
972 3307 1238 3384 προδότην
1308 3313 1573 3381 γενόμενον
1624 3307 1778 3360 ταλα-

163 3406 295 3466 νὶζει
347 3408 535 3454 τοῦτον
589 3403 614 3453 ό
666 3404 871 3475 Κύριος,
950 3400 1097 3454 ἐλεῶν
1154 3398 1366 3471 μᾶλλον,
1442 3398 1567 3470 παρ’
1625 3395 1775 3450 ούδεν

1815 3247 1856 3303 C

162 3496 251 3563 μὲν
312 3492 519 3562 θέμενον
569 3494 692 3551 τοὺς
746 3490 966 3553 πολλοὺς
1011 3489 1174 3542 αὐτοῦ
1226 3493 1345 3563 περὶ
1408 3487 1775 3559 ἀκτημοσύνης

162 3581 363 3651 λόγους,
424 3580 739 3653 εὐχείρωτον
799 3576 858 3632 δὲ
910 3581 988 3652 (6)
1040 3587 1101 3651 τῇ
1174 3577 1490 3653 φιλαργυρίᾳ
1563 3582 1652 3629 καὶ
1700 3585 1772 3648 τῷ

164 3666 395 3741 διαϐόλῳ
490 3675 795 3741 γενόμενον’
874 3669 932 3721 ού
1018 3666 1090 3721 δι’
1166 3666 1432 3721 ἀσθένειαν
1502 3675 1601 3718 τῶν
1682 3673 1773 3719 τοῦ

166 3755 502 3811 διδασκάλου
575 3758 759 3831 λόγων,
837 3760 885 3811 οἳ
954 3764 1043 3811 καὶ
1120 3757 1336 3817 τελώνας
1410 3755 1772 3809 ἐπεσπάσαντο

162 3853 245 3899 καὶ
345 3852 564 3922 πόρνας,
639 3847 767 3900 ἀλλὰ
856 3845 928 3900 δι’
1019 3847 1209 3900 οἰκείαν
1287 3844 1599 3919 ἀπροσεξίαν
1684 3850 1772 3897 καὶ

165 3942 440 4013 πονηρίαν.

234 4035 375 4088 Ἀλλ’
424 4034 532 4108 ἐρεῖ
574 4055 651 4097 τις
692 4035 868 4099 πάλιν,
918 4037 995 4088 ὅτι
1040 4039 1143 4088 Καὶ
1182 4036 1264 4106 (7)
1315 4034 1358 4087 εἰ
1394 4034 1548 4086 καλὸν
1595 4030 1657 4092 ἧν
1698 4041 1773 4104 τῷ

164 4122 367 4197 Ἰούδᾳ,
420 4124 467 4177 εἰ
518 4124 613 4177 ούκ
661 4124 930 4196 ἐγεννήθη,
984 4121 1131 4177 διατι
1170 4127 1337 4177 εἴασεν
1383 4123 1538 4175 αὐτόν
1588 4143 1771 4194 γεννη-

167 4216 360 4279 ﬁrm;
413 4218 561 4266 Διότι
610 4214 669 4267 ού
723 4218 880 4277 κακός
938 4214 1203 4287 ἐγεννήθη,
1264 4213 1392 4266 ἀλλὰ
1448 4216 1608 4275 κακός
1668 4212 1773 4284 ἐγέ-

164 4323 295 4369 νετο,
375 4306 659 4378 μοχθηρία
752 4310 964 4377 γνώμης
1056 4308 1147 4355 καὶ
1227 4302 1511 4374 φαυλότητι
1584 4322 1771 4377 προαι-

160 4399 371 4465 ρέσεως.
458 4389 663 4446 Ούδένα
733 4390 792 4446 δε
866 4394 892 4444 ό
968 4396 1092 4454 Θεὸς
1179 4392 1462 4464 ἀναγκάζει
1535 4394 1773 4464 γενέσθαι

160 4484 342 4550 καλὸν,
396 4483 446 4535 εἰ
500 4487 572 4555 μή
624 4484 753 4536 ἑκὼν
804 4482 881 4554 (8)
948 4486 1023 4541 εἴη
1084 4481 1259 4549 καλός,
1316 4481 1426 4533 ἀλλ’
1488 4483 1774 4538 ὑποτίθησι

161 4580 249 4644 μὲν
282 4577 349 4626 τὰ
398 4578 657 4645 σωτήρια,
708 4577 798 4625 καὶ
844 4580 1075 4645 συνεργεῖ
1119 4580 1189 4643 τῷ
1236 4573 1521 4646 αἱρουμένῳ
1570 4580 1768 4623 ταῦτα’
1806 4607 1853 4662 D

164 4670 453 4738 συγχωρεί
527 4659 586 4715 δε
659 4664 905 4735 φέρεσθαι
983 4665 1221 4728 ἕκαστον,
1300 4664 1369 4724 ὡς
1418 4662 1773 4730 αὐτεξούσιον,

163 4756 284 4805 ἔνθα
339 4750 626 4826 βούλοιτο·
687 4756 777 4803 καὶ
818 4753 843 4802 ό
894 4747 1099 4811 Ἰούδας
1152 4755 1343 4817 τοίνυν,
1419 4751 1512 4802 ούκ
1593 4747 1771 4808 ἐπειδὴ

164 4842 443 4914 ἐγεννήθη,
518 4846 696 4913 γέγονε
763 4843 943 4907 κακὸς,
1031 4839 1159 4893 ἀλλὰ
1218 4836 1397 4899 ἐπειδη
1486 4839 1776 4915 ἐρρᾳθύμη-

168 4950 241 4985 σε.
298 4931 377 5001 (9)
438 4928 633 4991 Διπλῆς
687 4926 747 4982 δε
808 4931 857 4980 οἱ
913 4931 1173 5001 γινόμενοι
1234 4933 1451 5001 πονηροὶ
1523 4927 1777 4988 κολάσεως

166 5022 329 5088 ἄξιοι,
380 5015 528 5073 διότι
573 5037 628 5072 τε
665 5022 916 5091 γεγόνασι
961 5022 1202 5093 πονηροὶ,
1251 5022 1343 5070 καὶ
1390 5014 1530 5071 διότι
1578 5018 1633 5070 ἐκ
1676 5026 1777 5071 τῶν

169 5110 381 5181 ἀγαθῶν
432 5109 528 5161 οὐκ
558 5107 930 5181 ὠφελήθησαν·
965 5109 1157 5178 ὁμοίως
1204 5103 1382 5160 δὲκαὶ
1429 5110 1479 5160 οἱ
1519 5112 1779 5181 γινόμενοι

1108 312 1482 371 COMMENT.
1532 307 1602 364 IN
1644 298 2094 361 MATTHJEUM.
2136 329 2204 340 —
2241 296 2401 355 CAP.
2450 294 2656 351 XXVI.

3442 288 3549 343 662

1887 430 2086 482 autem
2141 423 2408 481 Salvator
2447 421 2525 477 ad
2570 418 2738 475 Judaa
2804 415 3215 474 confusionem
3268 411 3541 472 adduxit.

1885 515 2048 570 Adeo
2078 514 2237 570 enim
2265 516 2693 585 praeceptorem
2723 507 3100 578 despexerat,
3134 507 3199 559 ut
3234 502 3363 574 jam
3408 518 3549 559 eum

1885 620 2006 659 non
2034 607 2351 667 vereretur,
2385 601 2485 656 sed
2512 616 2650 655 cum
2691 614 2759 653 eo
2793 596 3128 667 intingeret.
3174 593 3415 649 Catinus
3446 607 3552 648 au-

1887 697 2004 748 tem
2037 698 2123 748 est
2152 692 2335 746 lancis
2369 706 2578 759 genus.

1956 784 2112 837 Vers.
2152 781 2239 835 24.
2283 780 2466 835 Filius
2505 777 2734 849 quidem
2764 806 2830 815 —-
2876 774 3163 847 proditur.
3225 770 3377 836 Abit,
3434 769 3547 825 hoc

1885 877 1990 938 est,
2020 870 2202 935 vadit,
2241 868 2447 926 transit
2473 868 2550 923 ab
2582 866 2696 921 hac
2724 865 2860 928 vita,
2898 864 3049 918 sicut
3074 861 3361 933 scriptum
3392 862 3485 913 est
3511 873 3547 914 a

1884 959 2184 1033 prophetis
2228 959 2303 1014 de
2351 958 2500 1029 ipso,
2559 952 2870 1028 quomodo
2908 951 3178 1009 videlicet
3224 948 3546 1006 moriturus

1884 1054 1989 1105 est.

1955 1298 2117 1354 Vers.
2139 1300 2227 1353 24.
2264 1299 2493 1352 Bonum
2530 1325 2599 1334 —
2621 1293 2744 1350 ille.
2779 1291 2923 1348 Utile
2977 1290 3187 1346 fuisset
3219 1289 3271 1345 ei
3313 1304 3455 1345 cum
3485 1288 3549 1344 in

1885 1390 2052 1443 utero
2083 1385 2276 1442 matris
2306 1387 2595 1440 cresceret
2623 1381 2870 1438 omnino
2900 1393 3025 1435 non
3063 1378 3252 1443 nasci,
3283 1376 3385 1449 qui
3432 1377 3552 1433 tale

1884 1475 2183 1545 ﬂagitium
2244 1475 2688 1545 perpetraturus
2713 1474 2857 1535 erat,
2889 1471 2955 1524 ut
2995 1466 3101 1523 tali
3126 1467 3346 1537 dignus
3396 1470 3552 1521 esset

1886 1565 2120 1620 futurus
2147 1563 2461 1635 supplicio.
2489 1561 2701 1616 Dicunt
2729 1564 2931 1615 autem
2973 1556 3226 1630 quidam
3257 1554 3436 1627 culpa
3459 1570 3556 1611 ca-

1885 1668 2013 1710 rere
2043 1669 2202 1718 eum,
2225 1653 2331 1724 qui
2352 1654 2515 1723 quod
2539 1648 2982 1723 praedeﬁnitum
3007 1649 3128 1703 erat
3152 1643 3399 1717 peregit.
3420 1644 3556 1708 Qui-

1887 1743 2001 1798 bus
2024 1758 2137 1798 nos
2162 1741 2437 1806 dicimus,
2461 1738 2624 1811 quod
2638 1754 2755 1794 non
2780 1737 2925 1809 quia
2941 1734 3379 1809 praedefinitum
3405 1738 3552 1798 erat,

1890 1834 2009 1888 Deo
2060 1831 2436 1904 praevidente,
2496 1827 2784 1900 quidquid
2830 1829 3183 1881 eventurum
3214 1826 3357 1878 erat.
3401 1821 3555 1877 Talis

1888 1922 2046 1978 enim
2082 1934 2369 1977 evasurus
2411 1921 2538 1974 erat
2565 1932 2689 1973 non
2742 1932 2780 1972 a
2817 1918 3057 1983 natura,
3092 1910 3200 1968 sed
3242 1926 3320 1984 ex.
3346 1910 3554 1967 volun-

1889 2016 2028 2157 tlitigat.
2054 2114 2241 2173 quare
2262 2097 2511 2155 omnino
2545 2093 2808 2166 suscepit
2832 2091 3095 2148 Christus
3115 2091 3178 2145 in
3199 2088 3550 2160 discipulum

1888 2205 2027 2247 eum
2067 2190 2169 2262 qui
2220 2187 2353 2245 talis
2387 2200 2675 2243 evasurus
2708 2187 2833 2239 erat
2869 2182 2898 2238 ‘I
2926 2183 2997 2236 Ut
3026 2177 3350 2236 manifesta
3386 2176 3551 2233 ﬁeret

1890 2278 2244 2349 magnitudo
2286 2275 2572 2333 bonitatis
2602 2271 2810 2329 Christi
2846 2274 2903 2326 et
2944 2269 3185 2326 malitiae
3210 2265 3548 2339 proditoris,

1886 2367 2196 2441 quomodo
2243 2366 2340 2422 ille
2370 2380 2549 2420 suum
2595 2361 2959 2434 proditorem
3027 2356 3315 2416 salutaria
3349 2354 3554 2411 docuit

1888 2473 1959 2513 ac
1997 2455 2224 2520 dilexit,
2256 2454 2583 2527 gratiisque
2620 2452 2874 2523 dignum
2911 2446 3124 2513 duxit;
3170 2460 3282 2500 nec
3312 2444 3389 2499 ab
3422 2442 3551 2498 aliis

1886 2546 2241 2617 segregavit,
2273 2544 2376 2601 sed
2393 2542 2598 2599 omnia
2617 2557 2755 2613 qua:
2773 2539 2851 2594 ad
2873 2535 3323 2593 conversionem
3336 2549 3406 2589 ac
3426 2547 3553 2587 cor-

1885 2637 2206 2692 rectionem
2256 2635 2385 2705 ejus
2415 2636 2602 2696 erant,
2658 2629 2931 2685 induxit:
2970 2642 3045 2681 ne
3075 2625 3271 2681 dicere
3324 2626 3548 2695 posset,

1885 2725 2051 2797 quod
2081 2728 2491 2797 praeceptorem
2516 2724 2724 2776 nactus
2749 2733 2874 2773 non
2900 2716 3111 2779 fuerat,
3143 2714 3247 2786 qui
3291 2711 3552 2766 volentes

1884 2818 2088 2887 posset
2116 2828 2376 2868 servare.
2425 2814 2495 2866 At
2523 2809 2619 2864 ille
2645 2823 2779 2863 cum
2810 2805 3017 2862 omnia
3040 2805 3167 2859 haec
3194 2804 3552 2857 consecutus

1885 2903 2109 2967 fuisset,
2172 2900 2559 2957 nihilominus
2628 2896 2826 2953 malus
2883 2891 3235 2966 permansit.
3285 2890 3363 2943 Ex
3428 2902 3551 2960 quo

1887 2992 2043 3048 enim
2086 2991 2339 3046 animam
2395 3004 2567 3043 suam
2615 2983 2984 3041 domicilium
3018 2979 3258 3035 diabolo
3306 2977 3546 3045 fecerat,

1888 3083 2134 3139 avaritia
2184 3080 2236 3136 ei
2285 3077 2586 3151 aperiente
2630 3074 2919 3144 illumque
2959 3069 3388 3133 introducente,
3420 3080 3547 3121 non

1888 3170 2097 3241 effugit
2127 3169 2333 3225 scelus.
2370 3165 2535 3223 Unde
2560 3169 2855 3235 tanquam
2895 3175 3019 3215 non
3051 3161 3254 3214 coacte
3306 3156 3413 3211 sed
3442 3170 3549 3211 vo-

1886 3261 2139 3317 luntarie
2191 3259 2416 3314 factum
2453 3254 2843 3328 proditorem,
2891 3248 3159 3321 deplorat
3218 3247 3380 3301 hunc
3437 3245 3550 3300 Do-

1885 3351 2095 3417 minus,
2126 3348 2581 3405 commiseratus
2610 3342 2809 3414 potius
2835 3354 2998 3407 eum,
3020 3336 3126 3409 qui
3155 3335 3376 3391 multos
3402 3349 3546 3390 suos

1885 3441 1958 3497 de
1988 3439 2194 3510 inopia
2221 3450 2531 3492 sermones
2581 3432 2804 3487 frustra
2836 3427 3142 3491 audiverit,
3174 3430 3229 3481 et
3251 3439 3378 3479 sese
3409 3439 3546 3479 ava-

1882 3532 2027 3587 ritiae
2060 3544 2129 3585 ae
2168 3525 2407 3582 diabolo
2440 3521 2608 3579 facile
2638 3518 3004 3591 capiendum
3037 3514 3386 3571 tradiderit:
3422 3528 3544 3568 non

1883 3637 2027 3676 sane
2057 3618 2134 3675 ob
2159 3614 2543 3672 inefﬁcaciam
2593 3609 2916 3666 verborum
2949 3609 3354 3679 praeceptoris,
3406 3617 3545 3674 quae

1882 3715 1937 3765 et
1960 3708 2309 3781 publicanos
2353 3704 2719 3759 attraxerunt
2772 3703 2828 3754 et
2862 3696 3222 3758 meretrices,
3279 3692 3385 3747 sed
3413 3707 3547 3763 pro-

1880 3804 2013 3872 pter
2033 3797 2188 3853 illius
2220 3793 2531 3865 segnitiem
2561 3793 2618 3846 et
2641 3788 2950 3845 malitiam.

1953 4035 2173 4089 Verum
2203 4028 2343 4085 dicit
2369 4041 2573 4083 rursus
2598 4021 2812 4093 aliquis
2840 4042 2859 4072 .-
2890 4019 2947 4077 Si
2970 4018 3204 4075 bonum
3234 4020 3360 4072 erat
3378 4013 3545 4070 Judaa

1884 4125 1932 4179 si
1954 4126 2131 4179 natus
2187 4134 2311 4175 non
2366 4116 2586 4178 fuisset,
2640 4127 2745 4166 cur
2808 4125 2947 4165 eum
2994 4106 3161 4162 nasci
3210 4102 3544 4178 permisit?

1883 4214 2034 4280 Quia
2063 4225 2186 4267 non
2215 4206 2415 4264 malus
2440 4208 2617 4260 natus
2642 4205 2747 4269 est,
2773 4198 2880 4254 sed
2906 4195 3124 4252 mentis
3168 4192 3434 4266 nequitia
3473 4207 3545 4248 ac

1881 4300 2203 4357 voluntatis
2248 4295 2542 4368 pravitate
2606 4289 2804 4346 malus
2850 4287 3092 4343 effectus
3145 4286 3271 4340 est:
3307 4280 3543 4336 nullum

1883 4396 2081 4447 autem
2112 4388 2268 4456 cogit
2308 4383 2435 4439 ﬁeri
2448 4383 2694 4445 bonum,
2725 4393 2797 4433 ne
2821 4373 3216 4431 involuntarie
3234 4369 3544 4433 sitbonus,

1884 4480 1991 4536 sed
2023 4476 2305 4533 salutaria
2335 4471 2615 4543 suggerit,
2648 4472 2705 4523 et
2730 4483 2801 4522 ea
2822 4465 3137 4534 eligentem
3170 4460 3496 4531 coadjuvat
3528 4476 3544 4513 :

1886 4566 2168 4642 permittit
2193 4568 2393 4620 autem
2427 4570 2917 4629 unumquemque
2943 4552 3080 4607 ferri
3106 4566 3228 4623 quo
3268 4547 3544 4615 voluerit,

1886 4638 2089 4731 utpote
2104 4655 2358 4711 liberum
2378 4649 2702 4706 habentem
2719 4644 3052 4701 arbitrium.
3075 4644 3141 4697 Et
3160 4639 3186 4693 J
3198 4638 3349 4694 udas
3382 4653 3543 4709 ergo,

1885 4726 2007 4803 non
2051 4744 2195 4818 quia
2252 4747 2428 4798 natus
2448 4743 2555 4805 est,
2596 4734 2795 4793 malus
2822 4732 3065 4789 effectus
3097 4734 3203 4795 est,
3252 4726 3358 4783 sed
3397 4726 3544 4798 quia

1886 4814 2129 4909 ignavia
2161 4827 2529 4904 torpuit.Qui
2552 4830 2755 4883 autem
2788 4821 2930 4879 mali
2960 4820 3315 4909 efﬁciuntur,
3350 4814 3543 4887 dupli-

1887 4906 2017 4983 cem
2065 4926 2367 4979 merentur
2408 4918 2734 4974 ultionem:
2768 4917 2825 4970 et
2856 4910 3001 4984 quia
3029 4908 3175 4965 mali
3212 4906 3350 4965 facti
3381 4908 3543 4969 sunt,

1887 5019 1945 5072 et
1971 5013 2120 5086 quia
2149 5028 2186 5068 a
2212 5009 2392 5067 bonis
2418 5006 2644 5063 nullam
2661 5004 2946 5075 ceperunt
2975 4996 3309 5061 utilitatem,
3335 4992 3547 5086 Simili—

1887 5110 1973 5162 ter
1990 5080 2059 5159 et
2088 5100 2186 5173 qui
2214 5098 2362 5155 boni
2406 5094 2758 5157 efﬁciuntur,
2801 5087 3022 5161 duplici
3059 5085 3225 5156 digni
3274 5084 3416 5139 sunt
3441 5080 3548 5137 ho-

1396 5251 1625 5320 Variae
1665 5249 1991 5320 lectiones
2028 5255 2096 5313 et
2114 5252 2320 5311 notae.

362 5386 607 5463 Τριϐλίον
632 5407 645 5419 ·
670 5384 998 5463 Δσκουτέλιον,
1025 5383 1545 5463 55v6éqt03:‘G_198_8.
1568 5384 1776 5463 _(_Jyrill.

174 5456 418 5523 τρυϐλίον
441 5479 455 5491 ’
487 5459 806 5515 σκοδτέλιον.
839 5457 1112 5523 Lexicon,
1158 5456 1365 5512 inedit.
1397 5456 1527 5512 Vid.
1568 5456 1778 5513 meum.

176 5483 203 5515 τ
238 5482 418 5515 υτοΑιον
441 5482 455 5491 ’
487 5482 806 5515 σκοδτελισν.
840 5482 1112 5523 ιιωιιυυιι,
1158 5482 1365 5512 ιιιυυιι.
1410 5482 1527 5512 nu.
1568 5482 1778 5513 ausura-

176 5482 541 5591 (flossarium
588 5528 1163 5588 Graeco-Barbarum
1206 5544 1265 5600 p.
1306 5531 1428 5583 510.
1475 5529 1785 5585 Erotianus

177 5608 427 5682 χελίσκον
449 5626 461 5637 ·
488 5604 753 5682 τρυϐλ-ίονὶ

250 5678 329 5750 (4)
361 5683 440 5814 ζῇ
467 5669 689 5735 omittit
729 5671 877 5729 Cod.
917 5675 983 5727 Α.
1017 5671 1149 5727 Mox
1177 5669 1339 5727 idem
1364 5670 1469 5728 dat
1494 5670 1787 5741 αύξάνοντι,

250 5766 293 5805 λο
320 5769 379 5802 αν
413 5770 541 5803 οντι.

180 5766 293 5823 pro
320 5753 541 5814 αὔξοντι.

1959 5380 2035 5453 (5)
2068 5382 2153 5436 Μὴ
2185 5375 2496 5453 γεννηθῆναι
2516 5372 2644 5433 ὅλως
2671 5366 2889 5426 omittit
2924 5362 3143 5421 C0d.A.

1986 5446 2041 5515 ὃὸ
2070 5453 2149 5515 Δέ,
2177 5446 2396 5503 Omittit
2423 5446 2482 5499 Β.

1987 5508 2043 5589 73
2076 5508 2198 5585 καί,
2230 5522 2368 5589 post
2392 5519 2470 5569 ὅτι
2499 5512 2719 5571 omittit
2746 5508 2880 5567 Cod.
2915 5514 2977 5562 Α.

1992 5592 2046 5653 8)
2072 5592 2266 5653 κΑκων,
2292 5597 2349 5647 Β,

1970 5658 2051 5737 (9)
2076 5664 2429 5737 Ἐρᾳθύμησε,
2459 5658 2599 5714 Cod.
2634 5659 2701 5711 Α.
