4096 6378
535 332 641 387 663

1891 319 2236 379 EUTHYMII
2277 318 2609 375 ZlGABENI

3812 318 3918 372 664

537 472 706 524 nore,
748 458 802 513 et
827 455 963 528 quia
985 454 1128 512 boni
1153 454 1293 511 facti
1312 457 1468 524 sunt,
1493 454 1548 512 et
1563 453 1706 526 quia
1726 449 1948 509 amalis
1968 447 2203 504 nullum

2321 444 2526 517 ἀγαθοὶ,
2572 441 2759 504 διπλῆς
2803 442 2935 496 εἰσιν
2978 441 3118 506 ἄξιοι
3144 450 3324 516 τιμῆς,
3377 438 3518 495 διότι
3546 460 3600 494 τε
3640 445 3917 514 γεγόνασιν

539 549 998 618 reportaverunt
1031 545 1344 602 damnum.

615 746 775 798 Vers.
794 743 885 800 25.
917 743 1294 811 Respondens
1312 772 1380 782 -—
1403 740 1584 797 Rabbi
1612 741 1640 796 ?
1668 736 2201 810 Oimpudentiami

543 834 871 901 interrogat
934 837 1166 887 tentans
1221 831 1454 887 interim
1514 831 1694 885 latere
1759 827 2109 899 discipulos.
2161 827 2206 879 A

547 923 840 993 principio
886 922 1176 990 siquidem
1204 938 1322 975 non
1356 920 1738 985 interrogavit
1777 917 2025 988 quando
2067 915 2210 970 dixit

548 1011 810 1066 Christus
871 1028 882 1066 :
935 1011 1090 1066 Unus
1137 1025 1204 1065 ex
1249 1011 1451 1078 vobis;
1500 1008 1751 1080 putabat
1814 1007 1970 1059 enim
2034 1005 2208 1059 latere

547 1106 971 1171 praeceptorem
999 1117 1011 1165 ;
1042 1099 1143 1154 ubi
1164 1116 1294 1153 vero
1313 1098 1599 1153 indicium
1628 1096 1876 1160 addidit,
1900 1096 2059 1149 novit
2081 1095 2207 1164 jam

548 1190 714 1263 quod
744 1189 1018 1259 cognitus
1049 1194 1205 1244 esset
1237 1205 1250 1254 ;
1288 1189 1388 1243 sed
1422 1188 1646 1242 caateris
1677 1183 2204 1253 interrogantibus,

544 1282 869 1350 interrogat
903 1285 958 1336 et
983 1280 1134 1352 ipse,
1175 1278 1482 1333 conﬁdens
1521 1277 1595 1332 de
1622 1275 2009 1348 praeceptoris
2049 1273 2209 1329 beni-

549 1371 788 1441 gnitate,
823 1369 990 1440 quod
1021 1368 1228 1439 palam
1273 1383 1412 1422 eum
1450 1366 1698 1422 omnino
1729 1380 1852 1420 non
1879 1367 2150 1436 argueret
2191 1379 2206 1428 ;

547 1460 684 1516 ideo
714 1473 959 1530 quoque
995 1456 1188 1512 Rabbi
1218 1457 1384 1512 illum
1415 1459 1602 1523 vocat,
1631 1455 1745 1510 hoc
1775 1459 1862 1510 est
1908 1454 2206 1524 magister.

623 1654 784 1708 Vers.
819 1653 905 1708 25.
944 1654 1098 1708 Dicit
1131 1653 1228 1707 illi
1261 1668 1272 1706 :
1312 1654 1396 1706 Tu
1425 1652 1658 1707 dixisti.
1696 1650 1834 1705 Vide
1882 1664 2069 1721 quam
2101 1648 2212 1704 cle-

551 1748 780 1798 menter
806 1747 1018 1811 arguat
1039 1758 1196 1806 eum,
1229 1741 1512 1796 terminos
1531 1741 1706 1796 nobis
1729 1755 1799 1795 ac
1815 1739 2051 1811 regulas
2083 1739 2212 1795 lon-

2316 535 2521 606 ἀγαθοὶ,
2575 536 2664 587 καὶ
2717 530 2858 587 διότι
2901 533 2995 586 οὐκ
3054 533 3169 606 (10)
3226 531 3279 584 ἐκ
3327 540 3426 584 τῶν
3480 540 3718 604 πονηρῶν
3773 532 3919 585 ἐϐλά-

2317 626 2380 683 ϐη
2391 646 2507 678 σαν.

2389 716 2715 789 Ἀποκριθεὶς
2769 743 2840 756 -—
2918 711 3137 779 Ῥαϐϐί;

2319 804 2500 880 ἐρωτᾷ,
2567 805 2735 857 λαθεῖν
2784 807 2905 863 τοὺς
2971 805 3210 875 μαθητὰς
3260 805 3385 863 τέως
3438 807 3772 873 πειρώμενος.
3833 801 3922 864 Ἐξ

3214 712 3284 764 Ὠ
3329 720 3424 773 τῆς
3493 710 3916 783 ἀναισχυντίαςι

2319 894 2496 968 ἀρχῆς
2544 898 2632 966 μὲν
2675 897 2775 966 γάρ
2819 893 2910 945 οὐκ
2965 894 3255 965 ἠρώτησεν,
3304 893 3439 942 ὅτεό
3483 895 3710 965 Χριστὸς
3744 888 3916 943 εἶπε-ν’

2320 986 2401 1044 Εἷς
2449 983 2500 1046 ἐξ
2540 986 2700 1055 ὑμῶν.
2758 982 2906 1054 ’ῼετο
2953 985 3053 1056 γὰρ
3096 986 3169 1033 ἔτι
3211 982 3475 1033 λανθάνειν
3521 984 3606 1032 τὸν
3655 977 3921 1032 διδάσκα-

2318 1073 2421 1126 λον.
2490 1072 2608 1125 Ὀτε
2695 1069 2753 1124 δὲ
2837 1077 2926 1123 καὶ
2990 1075 3306 1144 παράσημον
3369 1072 3708 1142 προσέθηκεν,
3771 1073 3918 1140 ἔγνω,

2320 1165 2397 1215 ὅτι
2451 1159 2786 1233 διέγνωσται,
2845 1166 2933 1213 καὶ
2980 1161 3178 1226 λοιπὸν,
3230 1169 3327 1212 τῶν
3395 1159 3558 1211 ἄλλων
3619 1159 3925 1234 ἑρωτησάν-

2319 1271 2438 1318 των,
2490 1251 2655 1324 ἐρωτᾷ
2703 1256 2790 1303 καὶ
2820 1251 2986 1316 αὐτὸς,
3051 1249 3250 1324 θαρρῶν
3288 1257 3382 1321 τῇν
3431 1248 3676 1321 ἐπιεικείᾳ
3705 1256 3797 1301 τοῦ
3848 1245 3930 1300 διο

2321 1338 2611 1406 δασκάλου,
2673 1343 2752 1392 ὅτι
2796 1342 2996 1400 πάντως
3047 1339 3141 1392 οῦκ
3191 1338 3380 1410 ἐλέγξει
3428 1336 3698 1411 προδήλως
3745 1338 3926 1392 αὐτόν.

2319 1434 2415 1483 Διά
2479 1438 2632 1482 τοῦτο
2697 1433 2797 1502 ’γὰρ
2843 1434 2933 1482 καὶ
2993 1427 3172 1482 Ῥαϐϐὶ
3235 1436 3412 1481 τοῦτον
3462 1427 3717 1494 ἐκάλεσεν,
3787 1432 3925 1494 ἤτοι,

2321 1516 2665 1573 διδάσκαλον.

2394 1632 2547 1699 Λέγει
2614 1626 2774 1697 αὐτῷ,
2845 1630 2912 1678 Σὺ
2977 1622 3143 1687 εἶπας.
3214 1624 3370 1697 Ὅρα,
3449 1633 3558 1685 πῶς
3613 1623 3930 1687 ἀνεξικάκως

2322 1717 2475 1769 αὑτὸν
2535 1716 2759 1787 ἐλέγχει,
2809 1717 2957 1785 ὅρους
3007 1717 3130 1786 ἡμῖν
3173 1720 3261 1766 καὶ
3306 1719 3522 1775 κανόνας
3564 1717 3931 1788 μακροθυμίας

548 1801 921 1901 ganimitatis
971 1801 1337 1885 describens.
1391 1831 1482 1885 Ait
1510 1830 1707 1884 enim:
1740 1833 1819 1884 Tu
1869 1801 2120 1884 {cstatus
2152 1845 2203 1883 es

2321 1809 2536 1877 πηγνύς.
2573 1811 2708 1864 Φησὶ
2748 1809 2869 1878 γὰρ,
2919 1808 2984 1857 Σὺ
3043 1807 3282 1871 κατέθου,
3338 1805 3416 1855 ὅτι
3473 1808 3536 1856 σὺ
3591 1801 3650 1856 εἰ.
3714 1811 3929 1878 Περιαι-

549 1926 602 1974 te
648 1935 802 1976 esse.
851 1919 1188 1974 Auferendo
1237 1919 1420 1984 enim,
1470 1919 1786 1989 Numquid,
1819 1917 2208 1989 relinquitur;

544 2009 670 2078 Ego
695 2025 824 2064 sum
854 2009 1059 2071 Rabbi,
1109 2008 1273 2080 quod
1306 2007 1736 2080 depositionem
1767 2023 1836 2062 ac
1891 2007 2214 2063 confessio-

545 2113 686 2152 nem
746 2098 1057 2165 signiﬁcat.
1110 2098 1370 2152 Christus
1402 2096 1603 2168 itaque
1635 2096 1779 2150 nihil
1832 2096 2212 2168 praatermisit

547 2202 754 2242 eorum
769 2201 905 2256 qua:
921 2189 998 2240 ad
1026 2187 1454 2240 correctionem
1477 2189 1750 2256 spectant
1782 2185 1891 2240 :ob
1921 2186 2034 2241 hoc
2051 2186 2210 2242 enim

546 2274 1256 2344 diversimodesuggessit
1286 2290 1355 2329 ac
1395 2275 1652 2338 retinuit,
1683 2279 1736 2329 et
1773 2290 1878 2346 per
1923 2290 2107 2346 opera
2156 2279 2212 2330 et

545 2379 647 2435 per
711 2379 1040 2429 sermones,
1107 2379 1212 2434 per
1250 2365 1528 2418 timorem
1569 2370 1626 2418 et
1677 2379 1783 2434 per
1827 2363 2207 2435 obsequium.

546 2453 840 2518 Quoniam
873 2469 1010 2507 vero
1032 2452 1183 2507 nihil
1207 2451 1374 2507 illum
1401 2454 1480 2508 ab
1509 2453 1860 2521 aegritudine
1886 2455 2206 2518 revocavit,

547 2543 656 2598 sed
689 2543 922 2613 penitus
953 2541 1300 2598 incurabilis
1352 2543 1699 2613 permansit,
1747 2558 1818 2598 eo
1845 2543 1974 2613 jam
2004 2543 2206 2600 relicto

548 2631 741 2704 pergit
764 2632 843 2688 ad
872 2636 1101 2686 caetera.

894 2754 1050 2811 CAP.
1083 2755 1271 2810 LXIV.
1308 2756 1395 2812 De
1421 2771 1574 2812 caena
1594 2757 1866 2826 mystica.

618 2865 780 2919 Vers.
814 2866 902 2918 26.
936 2864 1259 2919 Edentibus
1278 2893 1349 2905 —
1378 2880 1593 2933 corpus
1619 2881 1832 2920 meum.
1886 2868 2206 2938 Postquam

541 2952 726 3023 legale
743 2953 967 3023 pascha
979 2952 1406 3023 comedissent,
1422 2953 1866 3009 discumbentes
1885 2956 2208 3012 cmnabant

543 3047 608 3098 ut
645 3042 997 3113 praedictum
1047 3047 1134 3098 est
1166 3061 1179 3111 ;
1210 3042 1426 3098 deinde
1479 3059 1616 3098 cum
1660 3045 2009 3100 surrexisset
2064 3044 2207 3101 lavit

542 3132 726 3204 pedes
780 3147 1009 3198 eorum,
1065 3137 1129 3188 ut
1179 3132 1260 3188 ait
1315 3133 1576 3188 Joannes
1623 3134 1691 3198 19,
1745 3137 1802 3188 et
1834 3149 2033 3188 rursus
2091 3135 2275 3212 dis-C

543 3220 890 3276 cumbentes
950 3220 1228 3276 edebant.
1305 3221 1700 3277 Postmodum
1773 3239 2010 3280 omnem
2077 3241 2206 3298 my-

543 3310 751 3365 sticam
818 3309 1060 3366 tradidit
1144 3309 1378 3365 interim
1450 3310 1782 3382 discipulis.
1860 3314 2203 3378 Edentibus,

542 3399 738 3470 inquit
788 3398 926 3465 illis,
992 3404 1228 3468 sumpto
1276 3414 1449 3470 pane,
1499 3399 1604 3471 qui
1669 3400 1944 3457 videlicet
2019 3419 2210 3474 appo-

544 3490 695 3544 situs
718 3493 861 3555 erat,
890 3493 994 3543 aut
1020 3487 1204 3544 altero
1233 3489 1338 3559 qui
1361 3488 1630 3544 similiter
1661 3490 1711 3544 ei
1743 3495 2036 3562 tanquam
2077 3509 2206 3548 ma-

543 3578 729 3649 gistro
779 3583 905 3633 erat
947 3577 1282 3648 appositus,
1341 3577 1512 3648 fregit
1564 3578 1686 3633 sive
1717 3581 2090 3646 comminuit,
2150 3588 2203 3639 et

545 3666 789 3722 tradidit
814 3665 944 3720 illis.
970 3666 1160 3722 Lucas
1193 3680 1335 3720 vero
1370 3671 1694 3737 postquam
1739 3669 1976 3740 scripsit
2030 3688 2042 3725 :
2075 3672 2204 3727 Hoc

545 3759 624 3811 est
660 3770 876 3824 corpus
903 3770 1111 3825 meum,
1151 3754 1383 3810 addidit
1414 3773 1430 3810 :
1463 3755 1630 3822 Quod
1664 3773 1774 3827 pro
1803 3759 1964 3814 vobis
1994 3759 2198 3827 datur,

543 3844 664 3899 sive
687 3846 953 3900 traditur
974 3844 1039 3899 in
1070 3849 1315 3900 mortem
1343 3846 1414 3899 ³ο.

613 3933 743 4002 Egit
772 3938 971 3988 autem
998 3934 1218 4002 gratias
1244 3939 1299 3988 et
1326 3949 1488 3989 nunc
1520 3940 1655 3992 ante
1680 3952 1924 4008 panem,
1954 3943 2010 3995 et
2036 3944 2200 4012 post-

538 4022 792 4078 modum
819 4028 954 4078 ante
977 4022 1260 4093 poculum
1288 4041 1300 4075 :
1329 4023 1552 4079 docens
1582 4027 1745 4096 quod
1769 4027 1993 4097 gratias
2023 4045 2199 4098 agere

538 4117 771 4183 oportet
801 4118 938 4167 ante
970 4113 1316 4183 hujusmodi
1352 4114 1733 4185 mysterium,
1781 4118 1939 4188 quod
1981 4119 2201 4189 perfec-

537 4207 664 4258 tum
682 4207 769 4257 est
797 4203 872 4257 ad
890 4203 1302 4274 praestandum
1322 4210 1552 4260 naturae
1576 4211 1792 4260 nOStl‘EB
1820 4207 2195 4265 beneficium.

539 4291 596 4348 Si
628 4291 788 4347 enim
829 4293 969 4361 agni
994 4293 1294 4361 ﬁgurativi
1325 4293 1660 4349 immolatio
1688 4295 1766 4349 ab
1794 4295 2198 4356 interiectione

534 4381 970 4446 liberationem,
999 4387 1056 4437 et
1085 4399 1119 4437 a
1138 4383 1415 4438 servitute
1442 4384 1775 4440 libertatem
1805 4387 2028 4442 Judaais
2059 4405 2200 4460 prae-

2321 1901 2570 1972 ρουμένου
2623 1894 2723 1968 γὰρ
2783 1902 2873 1946 τοῦ
2920 1899 3070 1966 μήτι,
3116 1898 3173 1945 τὸ
3229 1895 3363 1964 Ἐγώ
3423 1893 3528 1964 εἰμι
3555 1892 3750 1958 Ῥαϐϐἱ,
3788 1913 3929 1965 περι-

2321 1986 2568 2050 λείπεται,
2626 1987 2908 2036 κατάθεσιν
2959 1989 3048 2035 καὶ
3095 1983 3364 2054 ὁμολογίαν
3416 1981 3673 2054 ἐμφαῖνον.
3730 1983 3792 2034 Ὀ
3843 1987 3930 2055 μὲν

2322 2072 2410 2127 οὖν
2473 2078 2699 2146 Χριστὸς
2767 2070 2917 2125 οὐδὲν
2984 2072 3258 2145 παρέλειπρε
3333 2081 3431 2123 τῶν
3497 2073 3562 2132 εἰς
3639 2069 3930 2147 διόρθωσιν

2326 2169 2704 2217 συντεινόντων.
2765 2165 2858 2214 Διὰ
2915 2169 3065 2214 τοῦτο
3135 2165 3235 2236 ’γὰρ
3291 2165 3379 2212 καὶ
3431 2158 3687 2234 διαφόρως
3744 2163 3930 2234 ὑπεμί-

2323 2272 2541 2326 μνησκε,
2575 2257 2663 2304 καὶ
2691 2259 2919 2323 κατεῖχε,
2961 2256 3049 2302 καὶ
3083 2247 3154 2302 δι’
3185 2254 3363 2323 ἔργων,
3394 2255 3480 2301 καὶ
3508 2247 3599 2302 διὰ
3624 2249 3814 2321 λογων,
3844 2258 3930 2303 καὶ

2324 2339 2416 2394 διὰ
2461 2341 2639 2414 φόϐου,
2690 2347 2776 2393 καὶ
2811 2337 2902 2392 διὰ
2935 2343 3226 2412 θεραπείας,
3259 2345 3348 2391 καὶ
3381 2336 3475 2391 διὰ
3525 2341 3746 2394 πάντων.
3792 2341 3929 2393 Ἐπεὶ

2324 2429 2383 2484 δὲ
2409 2429 2559 2483 οὐδὲν
2589 2432 2742 2483 αὐτὸν
2776 2430 2974 2502 ἁφίστα
2995 2450 3086 2482 του
3116 2434 3428 2502 νοσήματος,
3476 2435 3566 2481 καὶ
3589 2432 3928 2482 παντάπασιν

2321 2523 2525 2582 ἀνίατος
2599 2524 2756 2593 ἔμενε,
2823 2521 2998 2572 λοιπὸν
3061 2517 3246 2572 ἐκεῖνον
3301 2518 3468 2592 ἀφεὶς,
3535 2518 3618 2571 ἐπὶ
3681 2521 3748 2571 τὰ
3811 2519 3926 2582 ἑξῆς

2320 2615 2581 2686 τρέπεται.

2645 2759 2790 2809 ΚΕΦ.
2812 2751 2920 2805 ΞΔ’.
2955 2758 3080 2825 Περὶ
3104 2748 3315 2804 δείπνου
3345 2759 3607 2824 μυστικοῦ

2389 2862 2693 2914 Ἐσθιόντων
2723 2891 2794 2901 -
2825 2861 2977 2932 σῶμά
3007 2879 3127 2932 μου.
3161 2862 3308 2912 Μετὰ
3334 2863 3390 2912 τὸ
3420 2867 3596 2932 φαγεῖν
3622 2863 3680 2912 τὸ
3710 2865 3922 2933 νομικὸν

2319 2953 2540 3022 Πάσχα,
2623 2950 3014 3012 κατακλιθέντες
3075 2946 3360 3013 ἐδείπνουν,
3429 2951 3497 3011 ὡς
3573 2955 3918 3026 προείρηται·

2319 3038 2429 3092 εἶτα
2483 3038 2707 3100 ἀναστὰς
2755 3039 2865 3110 (Η)
2916 3039 3056 3110 ἔνιψε
3110 3043 3232 3099 τοὺς
3280 3035 3448 3099 πόδας
3493 3047 3593 3090 τῶν
3649 3043 3919 3112 μαθητῶν,

2319 3129 2386 3189 ὡς
2435 3131 2460 3179 ό
2512 3129 2746 3189 Ἰωάννης
2803 3133 2953 3200 φησὶ,
2987 3133 3076 3180 καὶ
3135 3125 3280 3188 αὖθις
3324 3127 3655 3189 ἀναπεσόντες
3697 3131 3918 3186 ἤσθιον.

2317 3222 2494 3271 ἔπειτα
2549 3218 2742 3290 μεταξὺ
2797 3214 3069 3290 παρέδωκε
3124 3222 3184 3269 τὸ
3242 3221 3494 3289 μυστικὸν
3550 3215 3755 3270 δεῖπνον
3819 3227 3925 3279 τοῖς

2317 3312 2597 3382 μαθηταῖς.
2678 3309 2988 3362 Ἐσθιόντων
3049 3311 3169 3381 ⁹χόιρ,
3241 3312 3417 3380 φησὶν,
3495 3308 3682 3377 αὐτῶν,
3753 3308 3922 3361 λαϐὼν

2316 3401 2490 3474 ἄρτον,
2549 3395 2757 3456 δηλαδὴ
2815 3402 2901 3450 τὸν
2940 3402 3314 3470 παρακείμενον
3364 3397 3524 3468 αὐτῷ,
3559 3402 3589 3456 ἧ
3631 3402 3721 3450 καὶ
3753 3399 3920 3471 ἕτερον

2319 3493 2816 3562 συμπαρακείμενον,
2905 3489 2968 3548 ὡς
3033 3484 3366 3558 διδασκάλῳ,
3455 3487 3684 3553 ἔκλασεν,
3757 3490 3919 3540 εἵτουν

2318 3578 2626 3653 συνέθρυψε,
2645 3583 2732 3629 καὶ
2755 3573 3040 3648 μετέδωκεν
3059 3577 3257 3638 αὐτοῖς.
3281 3577 3338 3628 Ὀ
3363 3573 3421 3629 δὲ
3443 3582 3654 3639 Λουκᾶς
3668 3577 3882 3649 γραφάς
3902 3599 3914 3610 ·

2313 3675 2477 3720 Τοῦτο
2544 3666 2656 3718 ἐστι
2719 3670 2776 3718 τὸ
2847 3669 2998 3737 σῶμά
3087 3686 3187 3738 μου
3267 3668 3404 3735 (12),
3473 3668 3789 3740 προσέθηκε,
3859 3670 3915 3718 τὸ

2313 3759 2439 3829 ὑπὲρ
2518 3757 2659 3828 ὑμῶν
2728 3751 3022 3826 διδόμενον,
3102 3759 3282 3826 ἤγουν,
3359 3751 3783 3828 παραδιδόμενον
3851 3755 3914 3815 εἰς

2315 3849 2548 3900 θάνατον.

2385 3946 2766 4017 Ηῦχαρίστησε
2823 3939 2882 3994 δε
2948 3949 3034 3992 νῦν
3093 3943 3182 4013 μὲν
3231 3945 3330 4014 πρὸ
3387 3949 3478 3993 τοῦ
3548 3944 3733 4013 ἄρτου,
3787 3946 3917 4015 μετὰ

2311 4037 2463 4088 τὸῦτο
2496 4032 2554 4086 δὲ
2601 4039 2690 4086 καὶ
2742 4036 2841 4106 πρὸ
2888 4039 2978 4083 τοῦ
3010 4036 3286 4105 ποτηρίου,
3347 4027 3640 4101 διδάσκων,
3697 4034 3779 4084 ὄτι
3839 4033 3917 4085 εῦ-

2310 4132 2586 4198 χαριστεῖν
2637 4119 2721 4175 δεῖ
2766 4125 2864 4192 πρὸ
2929 4128 3021 4172 τοῦ
3083 4124 3317 4172 τοιούτου
3372 4126 3691 4193 μυστηρίου,
3746 4122 3917 4175 τελου-

2311 4219 2461 4286 μένου
2507 4217 2632 4286 πρὸς
2687 4212 2978 4285 εὐεργεσίαν
3032 4219 3125 4271 τῆς
3185 4213 3330 4281 ἡμῶν
3382 4213 3600 4281 φύσεως.
3646 4210 3704 4263 Εἰ
3736 4213 3840 4286 γὰρ
3886 4215 3914 4270 ἠ

2310 4312 2398 4356 τοῦ
2447 4311 2666 4355 τυπικοῦ
2714 4303 2876 4372 ἀμνοῦ
2931 4302 3092 4351 θυσία
3149 4304 3237 4350 καὶ
3294 4298 3638 4373 ὀλοθρεύσεως
3687 4298 3918 4352 ἀπαλλα-

2309 4399 2428 4465 γὴν,
2484 4398 2573 4444 καὶ
2624 4389 2860 4451 δουλείας
2923 4389 3207 4463 ἐλευθερίαν
3269 4396 3374 4449 τοῖς
3429 4389 3686 4464 Ἑϐραίοις
3740 4389 3920 4462 ἐχαρί-

538 4469 699 4533 stitit,
717 4475 945 4542 quanto
965 4472 1201 4541 majora
1217 4472 1515 4541 praestabit
1540 4475 1883 4530 Christianis
1906 4477 2027 4532 veri
2048 4480 2198 4548 Agni

2321 4502 2462 4549 mro,
2494 4481 2663 4551 πολλῷ
2704 4479 2892 4550 μᾶλλον
2924 4481 2953 4536 ἡ
2993 4486 3084 4530 τοῦ
3116 4477 3361 4536 ἀληθινοῦ
3391 4487 3499 4540 τοῖς
3543 4487 3916 4554 Χριστιανοῖς·

539 4559 891 4614 immolatio.
919 4559 1101 4613 Simul
1125 4561 1303 4615 etiam
1337 4561 1674 4628 ostendens,
1702 4565 1862 4634 quod
1893 4565 2199 4624 ultroneus

541 4647 621 4703 ad
650 4646 994 4717 passionem
1014 4648 1261 4712 veniret,
1293 4653 1651 4719 etpraaterea
1677 4651 1900 4708 docens
1928 4671 2038 4711 nos
2070 4673 2202 4726 gra-

541 4736 652 4792 tias
682 4751 857 4806 agere
888 4735 950 4789 in
980 4737 1262 4791 omnibus
1291 4753 1426 4808 quae
1453 4739 1733 4809 patimur.

614 4824 775 4879 Sicut
835 4827 1035 4879 autem
1084 4824 1339 4895 pictores
1381 4826 1442 4881 in
1498 4842 1619 4882 una
1666 4829 1872 4887 tabula
1930 4839 1985 4889 et
2014 4835 2203 4894 lineas

538 4916 904 4985 supponunt,
943 4919 999 4968 et
1041 4913 1306 4985 picturas
1365 4915 1742 4984 adumbrant,
1774 4923 1830 4976 et
1851 4922 2078 4979 colores
2108 4944 2204 4983 su-

534 5005 938 5077 perinducunt
985 5020 1055 5061 ac
1097 5004 1504 5064 formantzita
1537 5024 1774 5081 quoque
1831 5011 2098 5070 Christus
2139 5018 2200 5074 in

604 5131 653 5165 ¹⁶
677 5132 848 5187 Joan.
870 5143 996 5198 xui,
1027 5128 1080 5182 4.
1159 5129 1208 5164 ³ο
1238 5129 1379 5185 Luc.
1407 5145 1546 5196 χχιι,
1588 5133 1678 5189 l9.

2309 4572 2420 4644 ἅμα
2450 4568 2623 4623 δὲκαὶ
2674 4567 2939 4633 δεικνύων,
2974 4569 3053 4619 ὅτι
3097 4568 3221 4620 ἑκὼν
3261 4570 3344 4620 ἰπὶ
3386 4570 3444 4620 τὸ
3484 4570 3646 4630 πάθος
3677 4571 3915 4640 ἔρχεται,

2310 4667 2399 4714 καὶ
2468 4663 2684 4736 προσέτι
2740 4655 3002 4712 παιδεύων
3068 4659 3228 4730 ἡμᾶς,
3291 4657 3627 4731 εὐχαριστεῖν
3701 4658 3780 4730 ἐφ’
3847 4661 3920 4720 οἷς

2310 4754 2611 4823 πάσχομεν.

2380 4841 2579 4914 Ὠσπερ
2613 4836 2672 4892 δὲ
2725 4840 2773 4891 οἱ
2805 4839 3071 4913 ζωγράφοι
3105 4836 3191 4889 ἐπὶ
3233 4843 3325 4888 τοῦ
3370 4835 3530 4889 αὐτοῦ
3571 4841 3787 4900 πίνακος
3829 4843 3920 4890 καὶ

2310 4933 2401 4992 τὰς
2446 4931 2694 5002 γραμμὰς
2746 4929 3082 4980 ὑποτιθέασιν
3151 4925 3266 4997 (13)
3319 4930 3408 4978 καὶ
3475 4934 3917 5000 σκιαγραᾳοῦσιν,

2311 5026 2400 5074 καὶ
2452 5023 2517 5073 τὰ
2564 5024 2825 5092 χρώματα
2872 5015 3207 5071 ἐπιϐάλλουσι
3259 5019 3349 5068 καὶ
3397 5023 3689 5088 μορφοῦσιν
3722 5032 3736 5046 ⁸
3786 5015 3920 5070 οὕτω

1756 5257 1974 5330 Varia:
2014 5261 2340 5336 lectiones
2373 5277 2439 5334 et
2468 5276 2673 5334 notae.

598 5424 715 5562 (1οζ
737 5423 847 5474 Οὐκ
876 5422 1060 5479 habet
1080 5423 1214 5479 cod.
1245 5425 1292 5478 Α
1333 5426 1470 5480 ante
1497 5423 1812 5496 ἐϐλάϐησαν.

600 5493 679 5562 (it
741 5493 903 5548 Unde
957 5495 1053 5548 hic
1076 5500 1130 5549 et
1162 5510 1348 5562 supra
1400 5495 1478 5550 ad
1508 5511 1748 5552 versum
1776 5499 1806 5551 ‘2

600 5493 712 5564 (it)
741 5493 903 5548 Unde
957 5495 1053 5548 hic
1076 5500 1130 5549 et
1162 5510 1348 5565 supra
1400 5495 1478 5550 ad
1508 5493 1748 5552 versum
1776 5499 1866 5564 ‘20,
1911 5499 2132 5564 ἀναστάς
2162 5505 2189 5558 ‘?

526 5568 665 5638 Nam
703 5565 764 5638 in
799 5568 1078 5621 contextu
1105 5567 1354 5638 Joannis
1386 5571 1633 5638 uterque
1672 5569 1859 5625 codex
1891 5573 2186 5638 Euthymii

524 5633 990 5711 habet_é7eipsr_ou
1016 5637 1267 5692 :scilicet
1297 5633 1836 5711 ex_Chr);sostomo.
1865 5643 1951 5699 Ita
2000 5633 2182 5711 enim,

526 5708 689 5763 hunc
717 5706 1345 5778 locuminterpretans,
1371 5706 1595 5776 laudat,
1623 5716 1765 5767 tom.
1791 5714 1934 5780 VIII,
1962 5732 2022 5787 p.
2055 5706 2178 5785 414,

2302 5439 2356 5510 DA
2372 5433 2881 5510 consentientibus
2907 5432 3088 5489 etiam
3114 5434 3424 5492 codicibus
3453 5437 3914 5510 Mosquensibus

2301 5506 2728 5578 Chrysostomi.

2369 5575 2481 5645 (t2)
2523 5586 2656 5643 Μοῦ,
2692 5575 2906 5633 omittit
2948 5577 3008 5629 Β.

2365 5646 2479 5721 (13)
2523 5651 2664 5721 Cod.
2693 5653 2737 5721 ᾼ
2765 5647 3015 5721 ﬂuctuat
3046 5646 3196 5704 inter
3224 5649 3538 5719 ἐπιτίθίασι,
3574 5652 3906 5721 ἁποτιθέασι,

2295 5727 2351 5777 et
2377 5718 2542 5794 quod
2573 5720 2719 5777 nihil
2751 5725 2860 5789 est,
2892 5718 3238 5779 εὐπιτιθέασι,
