  <div class='ocr_page' id='page_1' title='image "/cluster/home/n/w/nwhite01/storage/ocr_20150623/129/coo.31924054870344/342.png"; bbox 0 0 4096 6382; ppageno 0'>
   <div class='ocr_carea' id='block_1_1' title="bbox 257 368 373 423">
    <p class='ocr_par' dir='ltr' id='par_1_1' title="bbox 257 368 373 423">
     <span class='ocr_line' id='line_1_1' title="bbox 257 368 373 423; baseline 0 0"><span class='ocrx_word' id='word_1_1' title='bbox 257 368 373 423; x_wconf 86' lang='grc'>665</span> 
     </span>
    </p>
   </div>
   <div class='ocr_carea' id='block_1_2' title="bbox 1233 351 2714 418">
    <p class='ocr_par' dir='ltr' id='par_1_2' title="bbox 1233 351 2714 418">
     <span class='ocr_line' id='line_1_2' title="bbox 1233 351 2714 418; baseline -0.006 0"><span class='ocrx_word' id='word_1_2' title='bbox 1233 357 1589 418; x_wconf 81' lang='lat' dir='ltr'><strong>COMMENT.</strong></span> <span class='ocrx_word' id='word_1_3' title='bbox 1631 355 1702 412; x_wconf 86' lang='lat' dir='ltr'><strong>IN</strong></span> <span class='ocrx_word' id='word_1_4' title='bbox 1741 351 2194 412; x_wconf 64' lang='lat' dir='ltr'><strong>MATTHJEUM.</strong></span> <span class='ocrx_word' id='word_1_5' title='bbox 2235 384 2304 395; x_wconf 95' lang='lat'><strong><em>—</em></strong></span> <span class='ocrx_word' id='word_1_6' title='bbox 2334 353 2488 410; x_wconf 91' lang='lat' dir='ltr'><strong>CAP.</strong></span> <span class='ocrx_word' id='word_1_7' title='bbox 2521 354 2714 411; x_wconf 88' lang='lat' dir='ltr'><strong>XXVI.</strong></span> 
     </span>
    </p>
   </div>
   <div class='ocr_carea' id='block_1_3' title="bbox 3547 354 3654 410">
    <p class='ocr_par' dir='ltr' id='par_1_3' title="bbox 3547 354 3654 410">
     <span class='ocr_line' id='line_1_3' title="bbox 3547 354 3654 410; baseline 0 0"><span class='ocrx_word' id='word_1_8' title='bbox 3547 354 3654 410; x_wconf 87' lang='lat'><strong>666</strong></span> 
     </span>
    </p>
   </div>
   <div class='ocr_carea' id='block_1_4' title="bbox 257 475 1870 564">
    <p class='ocr_par' dir='ltr' id='par_1_4' title="bbox 257 486 1870 564">
     <span class='ocr_line' id='line_1_4' title="bbox 257 486 1870 564; baseline -0.007 -19"><span class='ocrx_word' id='word_1_9' title='bbox 257 498 360 545; x_wconf 84' lang='grc' dir='ltr'>καὶ</span> <span class='ocrx_word' id='word_1_10' title='bbox 390 493 416 545; x_wconf 99' lang='lat'><strong>6</strong></span> <span class='ocrx_word' id='word_1_11' title='bbox 451 492 682 564; x_wconf 82' lang='grc' dir='ltr'>Χριστὸς</span> <span class='ocrx_word' id='word_1_12' title='bbox 725 492 810 544; x_wconf 83' lang='grc' dir='ltr'><strong>ἐπὶ</strong></span> <span class='ocrx_word' id='word_1_13' title='bbox 853 498 946 552; x_wconf 80' lang='grc' dir='ltr'>τῆς</span> <span class='ocrx_word' id='word_1_14' title='bbox 989 489 1152 552; x_wconf 78' lang='grc' dir='ltr'>αὐτῆς</span> <span class='ocrx_word' id='word_1_15' title='bbox 1199 487 1464 564; x_wconf 78' lang='grc' dir='ltr'><strong>τραπέζης</strong></span> <span class='ocrx_word' id='word_1_16' title='bbox 1492 490 1582 538; x_wconf 86' lang='grc' dir='ltr'>καὶ</span> <span class='ocrx_word' id='word_1_17' title='bbox 1635 486 1693 536; x_wconf 90' lang='grc' dir='ltr'>τὸ</span> <span class='ocrx_word' id='word_1_18' title='bbox 1722 501 1870 537; x_wconf 89' lang='grc' dir='ltr'>τυπι-</span> 
     </span>
    </p>
   </div>
   <div class='ocr_carea' id='block_1_5' title="bbox 1989 475 3653 564">
    <p class='ocr_par' dir='ltr' id='par_1_5' title="bbox 1989 475 3653 550">
     <span class='ocr_line' id='line_1_5' title="bbox 1989 475 3653 550; baseline -0.001 -15"><span class='ocrx_word' id='word_1_19' title='bbox 1989 479 2204 537; x_wconf 90' lang='lat' dir='ltr'><strong>eadem</strong></span> <span class='ocrx_word' id='word_1_20' title='bbox 2233 495 2446 536; x_wconf 87' lang='lat' dir='ltr'><strong>mensa</strong></span> <span class='ocrx_word' id='word_1_21' title='bbox 2475 484 2531 536; x_wconf 90' lang='lat' dir='ltr'><strong>et</strong></span> <span class='ocrx_word' id='word_1_22' title='bbox 2558 479 2938 550; x_wconf 82' lang='lat' dir='ltr'><strong>ﬁgurativum</strong></span> <span class='ocrx_word' id='word_1_23' title='bbox 2979 493 3046 536; x_wconf 87' lang='lat' dir='ltr'><strong>ac</strong></span> <span class='ocrx_word' id='word_1_24' title='bbox 3073 475 3388 533; x_wconf 81' lang='lat' dir='ltr'><strong>umbratile</strong></span> <span class='ocrx_word' id='word_1_25' title='bbox 3419 476 3653 534; x_wconf 82' lang='lat' dir='ltr'><strong>Pascha</strong></span> 
     </span>
    </p>
   </div>
   <div class='ocr_carea' id='block_1_6' title="bbox 255 572 1876 653">
    <p class='ocr_par' dir='ltr' id='par_1_6' title="bbox 255 572 1876 653">
     <span class='ocr_line' id='line_1_6' title="bbox 255 572 1876 653; baseline -0.006 -20"><span class='ocrx_word' id='word_1_26' title='bbox 255 586 356 634; x_wconf 86' lang='grc' dir='ltr'>κὸν</span> <span class='ocrx_word' id='word_1_27' title='bbox 395 586 485 634; x_wconf 83' lang='grc' dir='ltr'>καὶ</span> <span class='ocrx_word' id='word_1_28' title='bbox 535 577 755 643; x_wconf 78' lang='grc' dir='ltr'><strong>σκιῶδες</strong></span> <span class='ocrx_word' id='word_1_29' title='bbox 808 583 1009 653; x_wconf 89' lang='grc' dir='ltr'>Πάσχα</span> <span class='ocrx_word' id='word_1_30' title='bbox 1061 578 1351 653; x_wconf 78' lang='grc' dir='ltr'><strong>ὑπέγραψε,</strong></span> <span class='ocrx_word' id='word_1_31' title='bbox 1397 580 1487 628; x_wconf 87' lang='grc' dir='ltr'><strong>καὶ</strong></span> <span class='ocrx_word' id='word_1_32' title='bbox 1525 578 1584 627; x_wconf 80' lang='grc' dir='ltr'>τὸ</span> <span class='ocrx_word' id='word_1_33' title='bbox 1630 572 1876 631; x_wconf 80' lang='grc' dir='ltr'>ἀληθινὴν</span> 
     </span>
    </p>
   </div>
   <div class='ocr_carea' id='block_1_7' title="bbox 256 665 1872 746">
    <p class='ocr_par' dir='ltr' id='par_1_7' title="bbox 256 665 1872 746">
     <span class='ocr_line' id='line_1_7' title="bbox 256 665 1872 746; baseline -0.001 -23"><span class='ocrx_word' id='word_1_34' title='bbox 256 677 357 724; x_wconf 81' lang='grc' dir='ltr'>καὶ</span> <span class='ocrx_word' id='word_1_35' title='bbox 403 671 590 724; x_wconf 77' lang='grc' dir='ltr'>τέλειον</span> <span class='ocrx_word' id='word_1_36' title='bbox 643 673 899 746; x_wconf 78' lang='grc' dir='ltr'><strong>προέθηκε</strong></span> <span class='ocrx_word' id='word_1_37' title='bbox 964 670 1098 741; x_wconf 77' lang='grc'>(14).</span> <span class='ocrx_word' id='word_1_38' title='bbox 1164 673 1264 722; x_wconf 84' lang='grc' dir='ltr'><strong>Καὶ</strong></span> <span class='ocrx_word' id='word_1_39' title='bbox 1330 665 1532 740; x_wconf 88' lang='grc' dir='ltr'>ἐπείπερ</span> <span class='ocrx_word' id='word_1_40' title='bbox 1606 667 1635 722; x_wconf 79' lang='grc' dir='ltr'>ἡ</span> <span class='ocrx_word' id='word_1_41' title='bbox 1699 667 1872 736; x_wconf 83' lang='grc' dir='ltr'>σφαγή</span> 
     </span>
    </p>
   </div>
   <div class='ocr_carea' id='block_1_8' title="bbox 256 751 1876 833">
    <p class='ocr_par' dir='ltr' id='par_1_8' title="bbox 256 751 1876 833">
     <span class='ocr_line' id='line_1_8' title="bbox 256 751 1876 833; baseline -0.006 -20"><span class='ocrx_word' id='word_1_42' title='bbox 256 770 361 813; x_wconf 87' lang='grc' dir='ltr'><strong>τοῦ</strong></span> <span class='ocrx_word' id='word_1_43' title='bbox 409 769 627 832; x_wconf 81' lang='grc' dir='ltr'>νομικοῦ</span> <span class='ocrx_word' id='word_1_44' title='bbox 672 761 836 833; x_wconf 78' lang='grc' dir='ltr'>ἀμνοῦ</span> <span class='ocrx_word' id='word_1_45' title='bbox 888 765 982 818; x_wconf 81' lang='grc' dir='ltr'>τὴν</span> <span class='ocrx_word' id='word_1_46' title='bbox 1037 763 1242 831; x_wconf 77' lang='grc' dir='ltr'>σφαγὴν</span> <span class='ocrx_word' id='word_1_47' title='bbox 1298 764 1390 809; x_wconf 87' lang='grc' dir='ltr'><strong>τοῦ</strong></span> <span class='ocrx_word' id='word_1_48' title='bbox 1443 756 1654 826; x_wconf 87' lang='grc' dir='ltr'>λογικοῦ</span> <span class='ocrx_word' id='word_1_49' title='bbox 1712 751 1876 825; x_wconf 79' lang='grc' dir='ltr'>ἀμνοῦ</span> 
     </span>
    </p>
   </div>
   <div class='ocr_carea' id='block_1_9' title="bbox 256 843 1873 925">
    <p class='ocr_par' dir='ltr' id='par_1_9' title="bbox 256 843 1873 925">
     <span class='ocr_line' id='line_1_9' title="bbox 256 843 1873 925; baseline -0.006 -21"><span class='ocrx_word' id='word_1_50' title='bbox 256 857 606 925; x_wconf 75' lang='grc' dir='ltr'><strong>προεμήνυεν,</strong></span> <span class='ocrx_word' id='word_1_51' title='bbox 659 847 764 902; x_wconf 74' lang='grc' dir='ltr'>ἔδει</span> <span class='ocrx_word' id='word_1_52' title='bbox 793 851 989 909; x_wconf 82' lang='grc' dir='ltr'>πάντως</span> <span class='ocrx_word' id='word_1_53' title='bbox 1021 848 1132 920; x_wconf 84' lang='grc'>(15)</span> <span class='ocrx_word' id='word_1_54' title='bbox 1175 853 1266 906; x_wconf 84' lang='grc' dir='ltr'>τὴν</span> <span class='ocrx_word' id='word_1_55' title='bbox 1311 848 1462 898; x_wconf 81' lang='grc' dir='ltr'>σκιὰν</span> <span class='ocrx_word' id='word_1_56' title='bbox 1502 843 1873 916; x_wconf 79' lang='grc' dir='ltr'>ἀφανισθῆναι,</span> 
     </span>
    </p>
   </div>
   <div class='ocr_carea' id='block_1_10' title="bbox 256 937 1876 1012">
    <p class='ocr_par' dir='ltr' id='par_1_10' title="bbox 256 937 1876 1012">
     <span class='ocr_line' id='line_1_10' title="bbox 256 937 1876 1012; baseline -0.004 -22"><span class='ocrx_word' id='word_1_57' title='bbox 256 945 508 1012; x_wconf 80' lang='grc' dir='ltr'>φανέντος</span> <span class='ocrx_word' id='word_1_58' title='bbox 555 948 644 992; x_wconf 83' lang='grc' dir='ltr'><strong>τοῦ</strong></span> <span class='ocrx_word' id='word_1_59' title='bbox 697 938 865 1004; x_wconf 76' lang='grc' dir='ltr'>ἡλίου,</span> <span class='ocrx_word' id='word_1_60' title='bbox 923 944 1011 990; x_wconf 78' lang='grc' dir='ltr'>καὶ</span> <span class='ocrx_word' id='word_1_61' title='bbox 1053 941 1140 990; x_wconf 87' lang='grc' dir='ltr'>τὸν</span> <span class='ocrx_word' id='word_1_62' title='bbox 1170 939 1328 989; x_wconf 83' lang='grc' dir='ltr'>τύπον</span> <span class='ocrx_word' id='word_1_63' title='bbox 1373 937 1744 1010; x_wconf 78' lang='grc' dir='ltr'>ὑποχωρῆσαι,</span> <span class='ocrx_word' id='word_1_64' title='bbox 1780 942 1876 994; x_wconf 83' lang='grc' dir='ltr'>τῆς</span> 
     </span>
    </p>
   </div>
   <div class='ocr_carea' id='block_1_11' title="bbox 254 1029 812 1089">
    <p class='ocr_par' dir='ltr' id='par_1_11' title="bbox 254 1029 812 1089">
     <span class='ocr_line' id='line_1_11' title="bbox 254 1029 812 1089; baseline 0.004 -9"><span class='ocrx_word' id='word_1_65' title='bbox 254 1029 362 1086; x_wconf 75' lang='grc' dir='ltr'><strong>ἁ).η</strong></span> <span class='ocrx_word' id='word_1_66' title='bbox 373 1032 509 1089; x_wconf 80' lang='grc' dir='ltr'>θείας</span> <span class='ocrx_word' id='word_1_67' title='bbox 541 1029 760 1086; x_wconf 74' lang='grc' dir='ltr'>ἐλθούσῃ</span> <span class='ocrx_word' id='word_1_68' title='bbox 773 1048 812 1088; x_wconf 85' lang='grc' dir='ltr'>ς.</span> 
     </span>
    </p>
   </div>
   <div class='ocr_carea' id='block_1_12' title="bbox 339 1109 1875 1190">
    <p class='ocr_par' dir='ltr' id='par_1_12' title="bbox 339 1109 1875 1190">
     <span class='ocr_line' id='line_1_12' title="bbox 339 1109 1875 1190; baseline -0.005 -18"><span class='ocrx_word' id='word_1_69' title='bbox 339 1117 482 1190; x_wconf 84' lang='grc' dir='ltr'><strong>[Ἐπὶ</strong></span> <span class='ocrx_word' id='word_1_70' title='bbox 528 1119 639 1189; x_wconf 88' lang='grc'>(16)</span> <span class='ocrx_word' id='word_1_71' title='bbox 685 1120 878 1170; x_wconf 87' lang='grc' dir='ltr'>τούτων</span> <span class='ocrx_word' id='word_1_72' title='bbox 943 1115 1233 1190; x_wconf 73' lang='grc' dir='ltr'><strong>μετάληψις</strong></span> <span class='ocrx_word' id='word_1_73' title='bbox 1303 1118 1392 1187; x_wconf 68' lang='grc' dir='ltr'>μὲν</span> <span class='ocrx_word' id='word_1_74' title='bbox 1453 1114 1674 1185; x_wconf 78' lang='grc' dir='ltr'>λέγεται,</span> <span class='ocrx_word' id='word_1_75' title='bbox 1737 1109 1875 1166; x_wconf 74' lang='grc' dir='ltr'>διότι</span> 
     </span>
    </p>
   </div>
   <div class='ocr_carea' id='block_1_13' title="bbox 253 1200 1874 1280">
    <p class='ocr_par' dir='ltr' id='par_1_13' title="bbox 253 1200 1874 1280">
     <span class='ocr_line' id='line_1_13' title="bbox 253 1200 1874 1280; baseline -0.004 -20"><span class='ocrx_word' id='word_1_76' title='bbox 253 1206 720 1280; x_wconf 78' lang='grc' dir='ltr'>μςταλαμϐάνομεν</span> <span class='ocrx_word' id='word_1_77' title='bbox 786 1207 954 1259; x_wconf 73' lang='grc' dir='ltr'>αὐτῶν</span> <span class='ocrx_word' id='word_1_78' title='bbox 987 1223 1000 1238; x_wconf 89' lang='grc'><strong>·</strong></span> <span class='ocrx_word' id='word_1_79' title='bbox 1045 1209 1283 1258; x_wconf 80' lang='grc' dir='ltr'>κοινωνία</span> <span class='ocrx_word' id='word_1_80' title='bbox 1344 1201 1422 1273; x_wconf 74' lang='grc' dir='ltr'><strong>δὲ,</strong></span> <span class='ocrx_word' id='word_1_81' title='bbox 1483 1200 1623 1256; x_wconf 82' lang='grc' dir='ltr'>διότι</span> <span class='ocrx_word' id='word_1_82' title='bbox 1687 1222 1874 1256; x_wconf 88' lang='grc' dir='ltr'>κοινω-</span> 
     </span>
    </p>
   </div>
   <div class='ocr_carea' id='block_1_14' title="bbox 249 1290 1874 1371">
    <p class='ocr_par' dir='ltr' id='par_1_14' title="bbox 249 1290 1874 1371">
     <span class='ocr_line' id='line_1_14' title="bbox 249 1290 1874 1371; baseline -0.002 -21"><span class='ocrx_word' id='word_1_83' title='bbox 249 1298 448 1369; x_wconf 75' lang='grc' dir='ltr'>νοῦμεν</span> <span class='ocrx_word' id='word_1_84' title='bbox 492 1302 576 1350; x_wconf 79' lang='grc' dir='ltr'>καὶ</span> <span class='ocrx_word' id='word_1_85' title='bbox 625 1305 698 1368; x_wconf 83' lang='grc' dir='ltr'>τῷ</span> <span class='ocrx_word' id='word_1_86' title='bbox 743 1304 959 1371; x_wconf 82' lang='grc' dir='ltr'><strong>Χριστῷ</strong></span> <span class='ocrx_word' id='word_1_87' title='bbox 1006 1301 1096 1349; x_wconf 85' lang='grc' dir='ltr'>καὶ</span> <span class='ocrx_word' id='word_1_88' title='bbox 1141 1295 1372 1358; x_wconf 80' lang='grc' dir='ltr'>ἀλλήλοις</span> <span class='ocrx_word' id='word_1_89' title='bbox 1422 1290 1497 1347; x_wconf 81' lang='grc' dir='ltr'><strong>δι’</strong></span> <span class='ocrx_word' id='word_1_90' title='bbox 1547 1294 1736 1361; x_wconf 75' lang='grc' dir='ltr'>αὐτῶν,</span> <span class='ocrx_word' id='word_1_91' title='bbox 1785 1298 1874 1346; x_wconf 85' lang='grc' dir='ltr'>καὶ</span> 
     </span>
    </p>
   </div>
   <div class='ocr_carea' id='block_1_15' title="bbox 256 1382 1870 1458">
    <p class='ocr_par' dir='ltr' id='par_1_15' title="bbox 256 1382 1870 1458">
     <span class='ocr_line' id='line_1_15' title="bbox 256 1382 1870 1458; baseline -0.003 -18"><span class='ocrx_word' id='word_1_92' title='bbox 256 1389 554 1458; x_wconf 80' lang='grc' dir='ltr'>σύσσωμοι</span> <span class='ocrx_word' id='word_1_93' title='bbox 600 1387 848 1458; x_wconf 75' lang='grc' dir='ltr'><strong>γινόμεθα</strong></span> <span class='ocrx_word' id='word_1_94' title='bbox 896 1385 1009 1457; x_wconf 87' lang='grc'>(17)</span> <span class='ocrx_word' id='word_1_95' title='bbox 1055 1392 1290 1458; x_wconf 82' lang='grc' dir='ltr'>Χριστοῦ</span> <span class='ocrx_word' id='word_1_96' title='bbox 1319 1389 1409 1438; x_wconf 84' lang='grc' dir='ltr'>καὶ</span> <span class='ocrx_word' id='word_1_97' title='bbox 1447 1383 1573 1457; x_wconf 83' lang='grc' dir='ltr'>μέλη</span> <span class='ocrx_word' id='word_1_98' title='bbox 1622 1382 1870 1442; x_wconf 71' lang='grc' dir='ltr'>ἀλλήλων.</span> 
     </span>
    </p>
   </div>
   <div class='ocr_carea' id='block_1_16' title="bbox 254 1471 1872 1548">
    <p class='ocr_par' dir='ltr' id='par_1_16' title="bbox 254 1471 1872 1548">
     <span class='ocr_line' id='line_1_16' title="bbox 254 1471 1872 1548; baseline -0.002 -20"><span class='ocrx_word' id='word_1_99' title='bbox 254 1479 401 1528; x_wconf 83' lang='grc' dir='ltr'>Οῦτε</span> <span class='ocrx_word' id='word_1_100' title='bbox 473 1472 530 1528; x_wconf 69' lang='grc' dir='ltr'><strong>δὲ</strong></span> <span class='ocrx_word' id='word_1_101' title='bbox 584 1477 900 1548; x_wconf 76' lang='grc' dir='ltr'>φθείρονται,</span> <span class='ocrx_word' id='word_1_102' title='bbox 965 1478 1082 1528; x_wconf 79' lang='grc' dir='ltr'>οὔτε</span> <span class='ocrx_word' id='word_1_103' title='bbox 1129 1474 1200 1536; x_wconf 83' lang='grc' dir='ltr'><strong>εἰς</strong></span> <span class='ocrx_word' id='word_1_104' title='bbox 1253 1471 1526 1546; x_wconf 80' lang='grc' dir='ltr'>ἀφεδρῶνα</span> <span class='ocrx_word' id='word_1_105' title='bbox 1583 1481 1872 1547; x_wconf 84' lang='grc' dir='ltr'>χωροῦσιν,</span> 
     </span>
    </p>
   </div>
   <div class='ocr_carea' id='block_1_17' title="bbox 255 1561 1873 1637">
    <p class='ocr_par' dir='ltr' id='par_1_17' title="bbox 255 1561 1873 1637">
     <span class='ocr_line' id='line_1_17' title="bbox 255 1561 1873 1637; baseline 0 -21"><span class='ocrx_word' id='word_1_106' title='bbox 255 1565 374 1616; x_wconf 74' lang='grc' dir='ltr'>ἀλλ’</span> <span class='ocrx_word' id='word_1_107' title='bbox 428 1564 500 1625; x_wconf 82' lang='grc' dir='ltr'>εἰς</span> <span class='ocrx_word' id='word_1_108' title='bbox 551 1567 810 1617; x_wconf 87' lang='grc' dir='ltr'>σύστασιν</span> <span class='ocrx_word' id='word_1_109' title='bbox 859 1563 1225 1616; x_wconf 77' lang='grc' dir='ltr'>ἀναλίσκονται</span> <span class='ocrx_word' id='word_1_110' title='bbox 1271 1561 1508 1621; x_wconf 80' lang='grc' dir='ltr'>ούσιώδη</span> <span class='ocrx_word' id='word_1_111' title='bbox 1559 1573 1659 1616; x_wconf 89' lang='grc' dir='ltr'>τῶν</span> <span class='ocrx_word' id='word_1_112' title='bbox 1715 1583 1873 1637; x_wconf 82' lang='grc' dir='ltr'>μετα-</span> 
     </span>
    </p>
   </div>
   <div class='ocr_carea' id='block_1_18' title="bbox 252 1653 1874 1727">
    <p class='ocr_par' dir='ltr' id='par_1_18' title="bbox 252 1653 1874 1727">
     <span class='ocr_line' id='line_1_18' title="bbox 252 1653 1874 1727; baseline 0 -21"><span class='ocrx_word' id='word_1_113' title='bbox 252 1653 648 1727; x_wconf 66' lang='grc' dir='ltr'>λαμϐανόντων.</span> <span class='ocrx_word' id='word_1_114' title='bbox 709 1659 809 1706; x_wconf 79' lang='grc' dir='ltr'><strong>Καὶ</strong></span> <span class='ocrx_word' id='word_1_115' title='bbox 858 1655 1032 1726; x_wconf 82' lang='grc' dir='ltr'>ὥσπερ</span> <span class='ocrx_word' id='word_1_116' title='bbox 1087 1653 1191 1725; x_wconf 85' lang='grc' dir='ltr'><strong>ούχ</strong></span> <span class='ocrx_word' id='word_1_117' title='bbox 1240 1656 1407 1727; x_wconf 76' lang='grc' dir='ltr'>ἕτερον</span> <span class='ocrx_word' id='word_1_118' title='bbox 1456 1655 1600 1727; x_wconf 85' lang='grc' dir='ltr'>παρὰ</span> <span class='ocrx_word' id='word_1_119' title='bbox 1643 1656 1700 1706; x_wconf 87' lang='grc' dir='ltr'>τὸ</span> <span class='ocrx_word' id='word_1_120' title='bbox 1746 1658 1874 1726; x_wconf 88' lang='grc' dir='ltr'>πρό-</span> 
     </span>
    </p>
   </div>
   <div class='ocr_carea' id='block_1_19' title="bbox 253 1742 1873 1816">
    <p class='ocr_par' dir='ltr' id='par_1_19' title="bbox 253 1742 1873 1816">
     <span class='ocr_line' id='line_1_19' title="bbox 253 1742 1873 1816; baseline -0.001 -20"><span class='ocrx_word' id='word_1_121' title='bbox 253 1764 410 1816; x_wconf 78' lang='grc' dir='ltr'>τερον</span> <span class='ocrx_word' id='word_1_122' title='bbox 447 1753 598 1815; x_wconf 84' lang='grc' dir='ltr'>σῶμα</span> <span class='ocrx_word' id='word_1_123' title='bbox 639 1748 727 1795; x_wconf 82' lang='grc' dir='ltr'>καὶ</span> <span class='ocrx_word' id='word_1_124' title='bbox 772 1743 904 1815; x_wconf 83' lang='grc' dir='ltr'>αἷμα</span> <span class='ocrx_word' id='word_1_125' title='bbox 947 1750 1039 1795; x_wconf 91' lang='grc' dir='ltr'><strong>τοῦ</strong></span> <span class='ocrx_word' id='word_1_126' title='bbox 1085 1742 1567 1816; x_wconf 85' lang='grc' dir='ltr'>μεταλαμϐάνοντος</span> <span class='ocrx_word' id='word_1_127' title='bbox 1621 1748 1873 1814; x_wconf 87' lang='grc' dir='ltr'>γίνονται,</span> 
     </span>
    </p>
   </div>
   <div class='ocr_carea' id='block_1_20' title="bbox 1989 565 3648 642">
    <p class='ocr_par' dir='ltr' id='par_1_20' title="bbox 1989 565 3648 642">
     <span class='ocr_line' id='line_1_20' title="bbox 1989 565 3648 642; baseline -0.003 -18"><span class='ocrx_word' id='word_1_128' title='bbox 1989 567 2367 642; x_wconf 85' lang='lat' dir='ltr'><strong>subscripsit,</strong></span> <span class='ocrx_word' id='word_1_129' title='bbox 2400 574 2457 626; x_wconf 89' lang='lat' dir='ltr'><strong>et</strong></span> <span class='ocrx_word' id='word_1_130' title='bbox 2484 585 2686 625; x_wconf 89' lang='lat' dir='ltr'><strong>verum</strong></span> <span class='ocrx_word' id='word_1_131' title='bbox 2717 585 2789 624; x_wconf 88' lang='lat' dir='ltr'><strong>ac</strong></span> <span class='ocrx_word' id='word_1_132' title='bbox 2817 568 3147 640; x_wconf 88' lang='lat' dir='ltr'><strong>perfectum</strong></span> <span class='ocrx_word' id='word_1_133' title='bbox 3183 565 3463 638; x_wconf 90' lang='lat' dir='ltr'><strong>apposuit</strong></span> <span class='ocrx_word' id='word_1_134' title='bbox 3510 565 3648 635; x_wconf 90' lang='lat' dir='ltr'><strong>(bb).</strong></span> 
     </span>
    </p>
   </div>
   <div class='ocr_carea' id='block_1_21' title="bbox 1989 654 3651 731">
    <p class='ocr_par' dir='ltr' id='par_1_21' title="bbox 1989 654 3651 731">
     <span class='ocr_line' id='line_1_21' title="bbox 1989 654 3651 731; baseline -0.001 -19"><span class='ocrx_word' id='word_1_135' title='bbox 1989 659 2054 713; x_wconf 90' lang='lat' dir='ltr'><strong>Et</strong></span> <span class='ocrx_word' id='word_1_136' title='bbox 2084 659 2229 731; x_wconf 85' lang='lat' dir='ltr'><strong>quia</strong></span> <span class='ocrx_word' id='word_1_137' title='bbox 2264 658 2457 715; x_wconf 72' lang='lat' dir='ltr'><strong>etedes</strong></span> <span class='ocrx_word' id='word_1_138' title='bbox 2497 660 2637 728; x_wconf 83' lang='lat' dir='ltr'><strong>agni</strong></span> <span class='ocrx_word' id='word_1_139' title='bbox 2661 658 2864 728; x_wconf 78' lang='lat' dir='ltr'><strong>legalis</strong></span> <span class='ocrx_word' id='word_1_140' title='bbox 2900 657 3125 714; x_wconf 70' lang='lat' dir='ltr'><strong>caedem</strong></span> <span class='ocrx_word' id='word_1_141' title='bbox 3153 655 3461 712; x_wconf 81' lang='lat' dir='ltr'><strong>rationalis</strong></span> <span class='ocrx_word' id='word_1_142' title='bbox 3497 654 3651 724; x_wconf 87' lang='lat' dir='ltr'><strong>Agni</strong></span> 
     </span>
    </p>
   </div>
   <div class='ocr_carea' id='block_1_22' title="bbox 1986 745 3653 820">
    <p class='ocr_par' dir='ltr' id='par_1_22' title="bbox 1986 745 3653 820">
     <span class='ocr_line' id='line_1_22' title="bbox 1986 745 3653 820; baseline -0.002 -18"><span class='ocrx_word' id='word_1_143' title='bbox 1986 746 2423 820; x_wconf 74' lang='lat' dir='ltr'><strong>praeﬁgurabat,</strong></span> <span class='ocrx_word' id='word_1_144' title='bbox 2445 748 2759 820; x_wconf 79' lang='lat' dir='ltr'><strong>oportebat</strong></span> <span class='ocrx_word' id='word_1_145' title='bbox 2775 748 3022 803; x_wconf 86' lang='lat' dir='ltr'><strong>omnino</strong></span> <span class='ocrx_word' id='word_1_146' title='bbox 3042 745 3315 802; x_wconf 82' lang='lat' dir='ltr'>umbram</span> <span class='ocrx_word' id='word_1_147' title='bbox 3333 758 3653 800; x_wconf 89' lang='lat' dir='ltr'><strong>evanesce-</strong></span> 
     </span>
    </p>
   </div>
   <div class='ocr_carea' id='block_1_23' title="bbox 1985 835 3648 909">
    <p class='ocr_par' dir='ltr' id='par_1_23' title="bbox 1985 835 3648 909">
     <span class='ocr_line' id='line_1_23' title="bbox 1985 835 3648 909; baseline -0.002 -17"><span class='ocrx_word' id='word_1_148' title='bbox 1985 852 2068 900; x_wconf 89' lang='lat' dir='ltr'><strong>re,</strong></span> <span class='ocrx_word' id='word_1_149' title='bbox 2083 842 2404 909; x_wconf 89' lang='lat' dir='ltr'><strong>apparente</strong></span> <span class='ocrx_word' id='word_1_150' title='bbox 2425 838 2567 904; x_wconf 88' lang='lat' dir='ltr'><strong>sole,</strong></span> <span class='ocrx_word' id='word_1_151' title='bbox 2590 844 2645 894; x_wconf 90' lang='lat' dir='ltr'><strong>et</strong></span> <span class='ocrx_word' id='word_1_152' title='bbox 2663 837 2920 906; x_wconf 82' lang='lat' dir='ltr'><strong>ﬁguram</strong></span> <span class='ocrx_word' id='word_1_153' title='bbox 2934 836 3160 902; x_wconf 84' lang='lat' dir='ltr'><strong>cedere,</strong></span> <span class='ocrx_word' id='word_1_154' title='bbox 3178 835 3531 892; x_wconf 83' lang='lat' dir='ltr'>adveniente</span> <span class='ocrx_word' id='word_1_155' title='bbox 3553 848 3648 889; x_wconf 88' lang='lat' dir='ltr'><strong>ve-</strong></span> 
     </span>
    </p>
   </div>
   <div class='ocr_carea' id='block_1_24' title="bbox 1985 927 2180 984">
    <p class='ocr_par' dir='ltr' id='par_1_24' title="bbox 1985 927 2180 984">
     <span class='ocr_line' id='line_1_24' title="bbox 1985 927 2180 984; baseline 0.01 -4"><span class='ocrx_word' id='word_1_156' title='bbox 1985 927 2180 984; x_wconf 84' lang='lat' dir='ltr'><strong>ritate.</strong></span> 
     </span>
    </p>
   </div>
   <div class='ocr_carea' id='block_1_25' title="bbox 2057 1030 3651 1107">
    <p class='ocr_par' dir='ltr' id='par_1_25' title="bbox 2057 1030 3651 1107">
     <span class='ocr_line' id='line_1_25' title="bbox 2057 1030 3651 1107; baseline -0.003 -17"><span class='ocrx_word' id='word_1_157' title='bbox 2057 1037 2099 1106; x_wconf 78' lang='grc' dir='ltr'><strong>-ι-</strong></span> <span class='ocrx_word' id='word_1_158' title='bbox 2123 1035 2343 1091; x_wconf 84' lang='lat' dir='ltr'><strong>Dicitur</strong></span> <span class='ocrx_word' id='word_1_159' title='bbox 2362 1036 2477 1091; x_wconf 90' lang='lat' dir='ltr'><strong>hoc</strong></span> <span class='ocrx_word' id='word_1_160' title='bbox 2509 1041 2855 1107; x_wconf 85' lang='lat' dir='ltr'><strong>mysterium</strong></span> <span class='ocrx_word' id='word_1_161' title='bbox 2872 1035 3049 1090; x_wconf 91' lang='lat' dir='ltr'><strong>etiam</strong></span> <span class='ocrx_word' id='word_1_162' title='bbox 3081 1032 3478 1106; x_wconf 88' lang='lat' dir='ltr'><strong>participatio,</strong></span> <span class='ocrx_word' id='word_1_163' title='bbox 3505 1030 3651 1103; x_wconf 88' lang='lat' dir='ltr'><strong>quia</strong></span> 
     </span>
    </p>
   </div>
   <div class='ocr_carea' id='block_1_26' title="bbox 1985 1124 3651 1198">
    <p class='ocr_par' dir='ltr' id='par_1_26' title="bbox 1985 1124 3651 1198">
     <span class='ocr_line' id='line_1_26' title="bbox 1985 1124 3651 1198; baseline -0.003 -18"><span class='ocrx_word' id='word_1_164' title='bbox 1985 1126 2412 1198; x_wconf 86' lang='lat' dir='ltr'><strong>participamus</strong></span> <span class='ocrx_word' id='word_1_165' title='bbox 2440 1126 2570 1182; x_wconf 76' lang='lat' dir='ltr'><strong>haec</strong></span> <span class='ocrx_word' id='word_1_166' title='bbox 2605 1131 3005 1182; x_wconf 86' lang='lat' dir='ltr'><strong>sacramenta.</strong></span> <span class='ocrx_word' id='word_1_167' title='bbox 3047 1124 3267 1180; x_wconf 89' lang='lat' dir='ltr'><strong>Dicitur</strong></span> <span class='ocrx_word' id='word_1_168' title='bbox 3293 1127 3349 1177; x_wconf 90' lang='lat' dir='ltr'><strong>et</strong></span> <span class='ocrx_word' id='word_1_169' title='bbox 3379 1136 3651 1177; x_wconf 87' lang='lat' dir='ltr'><strong>commu-</strong></span> 
     </span>
    </p>
   </div>
   <div class='ocr_carea' id='block_1_27' title="bbox 1985 1209 3647 1286">
    <p class='ocr_par' dir='ltr' id='par_1_27' title="bbox 1985 1209 3647 1286">
     <span class='ocr_line' id='line_1_27' title="bbox 1985 1209 3647 1286; baseline -0.004 -16"><span class='ocrx_word' id='word_1_170' title='bbox 1985 1214 2106 1279; x_wconf 92' lang='lat' dir='ltr'><strong>nio,</strong></span> <span class='ocrx_word' id='word_1_171' title='bbox 2141 1215 2284 1286; x_wconf 89' lang='lat' dir='ltr'><strong>quia</strong></span> <span class='ocrx_word' id='word_1_172' title='bbox 2315 1215 2836 1271; x_wconf 88' lang='lat' dir='ltr'><strong>communicamus</strong></span> <span class='ocrx_word' id='word_1_173' title='bbox 2866 1220 2923 1270; x_wconf 90' lang='lat' dir='ltr'><strong>et</strong></span> <span class='ocrx_word' id='word_1_174' title='bbox 2951 1213 3178 1270; x_wconf 89' lang='lat' dir='ltr'><strong>Christo</strong></span> <span class='ocrx_word' id='word_1_175' title='bbox 3210 1215 3266 1267; x_wconf 90' lang='lat' dir='ltr'><strong>et</strong></span> <span class='ocrx_word' id='word_1_176' title='bbox 3291 1210 3466 1268; x_wconf 93' lang='lat' dir='ltr'><strong>nobis</strong></span> <span class='ocrx_word' id='word_1_177' title='bbox 3495 1209 3647 1265; x_wconf 92' lang='lat' dir='ltr'><strong>invi-</strong></span> 
     </span>
    </p>
   </div>
   <div class='ocr_carea' id='block_1_28' title="bbox 1984 1299 3645 1375">
    <p class='ocr_par' dir='ltr' id='par_1_28' title="bbox 1984 1299 3645 1375">
     <span class='ocr_line' id='line_1_28' title="bbox 1984 1299 3645 1375; baseline -0.003 -16"><span class='ocrx_word' id='word_1_178' title='bbox 1984 1319 2114 1360; x_wconf 90' lang='lat' dir='ltr'><strong>cem</strong></span> <span class='ocrx_word' id='word_1_179' title='bbox 2146 1319 2252 1375; x_wconf 89' lang='lat' dir='ltr'><strong>per</strong></span> <span class='ocrx_word' id='word_1_180' title='bbox 2285 1320 2356 1360; x_wconf 91' lang='lat' dir='ltr'><strong>ea</strong></span> <span class='ocrx_word' id='word_1_181' title='bbox 2385 1321 2397 1360; x_wconf 93' lang='lat'><strong>:</strong></span> <span class='ocrx_word' id='word_1_182' title='bbox 2433 1308 2488 1361; x_wconf 92' lang='lat' dir='ltr'><strong>et</strong></span> <span class='ocrx_word' id='word_1_183' title='bbox 2514 1305 2968 1375; x_wconf 87' lang='lat' dir='ltr'><strong>incorporamur</strong></span> <span class='ocrx_word' id='word_1_184' title='bbox 2997 1303 3247 1366; x_wconf 89' lang='lat' dir='ltr'><strong>Christo,</strong></span> <span class='ocrx_word' id='word_1_185' title='bbox 3281 1306 3336 1356; x_wconf 89' lang='lat' dir='ltr'><strong>et</strong></span> <span class='ocrx_word' id='word_1_186' title='bbox 3368 1299 3645 1356; x_wconf 90' lang='lat' dir='ltr'><strong>membra</strong></span> 
     </span>
    </p>
   </div>
   <div class='ocr_carea' id='block_1_29' title="bbox 1986 1393 3648 1450">
    <p class='ocr_par' dir='ltr' id='par_1_29' title="bbox 1986 1393 3648 1450">
     <span class='ocr_line' id='line_1_29' title="bbox 1986 1393 3648 1450; baseline -0.002 -2"><span class='ocrx_word' id='word_1_187' title='bbox 1986 1393 2139 1449; x_wconf 91' lang='lat' dir='ltr'><strong>inter</strong></span> <span class='ocrx_word' id='word_1_188' title='bbox 2180 1409 2292 1449; x_wconf 91' lang='lat' dir='ltr'><strong>nos</strong></span> <span class='ocrx_word' id='word_1_189' title='bbox 2327 1394 2580 1450; x_wconf 89' lang='lat' dir='ltr'><strong>invicem</strong></span> <span class='ocrx_word' id='word_1_190' title='bbox 2633 1394 2934 1450; x_wconf 81' lang='lat' dir='ltr'><strong>efﬁcimur.</strong></span> <span class='ocrx_word' id='word_1_191' title='bbox 2979 1395 3106 1448; x_wconf 80' lang='lat' dir='ltr'><strong>Non</strong></span> <span class='ocrx_word' id='word_1_192' title='bbox 3132 1397 3333 1446; x_wconf 90' lang='lat' dir='ltr'><strong>autem</strong></span> <span class='ocrx_word' id='word_1_193' title='bbox 3374 1405 3648 1445; x_wconf 89' lang='lat' dir='ltr'><strong>corrum-</strong></span> 
     </span>
    </p>
   </div>
   <div class='ocr_carea' id='block_1_30' title="bbox 1983 1479 3648 1556">
    <p class='ocr_par' dir='ltr' id='par_1_30' title="bbox 1983 1479 3648 1556">
     <span class='ocr_line' id='line_1_30' title="bbox 1983 1479 3648 1556; baseline -0.002 -19"><span class='ocrx_word' id='word_1_194' title='bbox 1983 1486 2210 1554; x_wconf 89' lang='lat' dir='ltr'><strong>puntur</strong></span> <span class='ocrx_word' id='word_1_195' title='bbox 2239 1484 2374 1549; x_wconf 91' lang='lat' dir='ltr'><strong>ista,</strong></span> <span class='ocrx_word' id='word_1_196' title='bbox 2421 1499 2613 1556; x_wconf 91' lang='lat' dir='ltr'><strong>neque</strong></span> <span class='ocrx_word' id='word_1_197' title='bbox 2641 1484 2700 1539; x_wconf 92' lang='lat' dir='ltr'><strong>in</strong></span> <span class='ocrx_word' id='word_1_198' title='bbox 2727 1498 3030 1539; x_wconf 89' lang='lat' dir='ltr'><strong>secessum</strong></span> <span class='ocrx_word' id='word_1_199' title='bbox 3056 1480 3408 1544; x_wconf 89' lang='lat' dir='ltr'><strong>abscedunt,</strong></span> <span class='ocrx_word' id='word_1_200' title='bbox 3452 1479 3558 1535; x_wconf 88' lang='lat' dir='ltr'><strong>sed</strong></span> <span class='ocrx_word' id='word_1_201' title='bbox 3587 1479 3648 1534; x_wconf 91' lang='lat' dir='ltr'><strong>in</strong></span> 
     </span>
    </p>
   </div>
   <div class='ocr_carea' id='block_1_31' title="bbox 1986 1569 3649 1643">
    <p class='ocr_par' dir='ltr' id='par_1_31' title="bbox 1986 1569 3649 1643">
     <span class='ocr_line' id='line_1_31' title="bbox 1986 1569 3649 1643; baseline -0.001 -17"><span class='ocrx_word' id='word_1_202' title='bbox 1986 1571 2378 1629; x_wconf 87' lang='lat' dir='ltr'><strong>substantiam</strong></span> <span class='ocrx_word' id='word_1_203' title='bbox 2431 1577 2893 1629; x_wconf 89' lang='lat' dir='ltr'><strong>coassumuntur</strong></span> <span class='ocrx_word' id='word_1_204' title='bbox 2943 1570 3309 1643; x_wconf 86' lang='lat' dir='ltr'><strong>spiritualem</strong></span> <span class='ocrx_word' id='word_1_205' title='bbox 3353 1569 3481 1640; x_wconf 86' lang='lat' dir='ltr'><strong>ejus</strong></span> <span class='ocrx_word' id='word_1_206' title='bbox 3547 1569 3649 1640; x_wconf 88' lang='lat' dir='ltr'><strong>qui</strong></span> 
     </span>
    </p>
   </div>
   <div class='ocr_carea' id='block_1_32' title="bbox 1986 1657 3650 1733">
    <p class='ocr_par' dir='ltr' id='par_1_32' title="bbox 1986 1657 3650 1733">
     <span class='ocr_line' id='line_1_32' title="bbox 1986 1657 3650 1733; baseline -0.003 -16"><span class='ocrx_word' id='word_1_207' title='bbox 1986 1661 2320 1733; x_wconf 90' lang='lat' dir='ltr'><strong>participat.</strong></span> <span class='ocrx_word' id='word_1_208' title='bbox 2371 1666 2433 1718; x_wconf 87' lang='lat' dir='ltr'><strong>Et</strong></span> <span class='ocrx_word' id='word_1_209' title='bbox 2484 1663 2637 1718; x_wconf 85' lang='lat' dir='ltr'><strong>sicut</strong></span> <span class='ocrx_word' id='word_1_210' title='bbox 2686 1678 2808 1718; x_wconf 92' lang='lat' dir='ltr'><strong>non</strong></span> <span class='ocrx_word' id='word_1_211' title='bbox 2849 1661 3009 1717; x_wconf 91' lang='lat' dir='ltr'><strong>aliud</strong></span> <span class='ocrx_word' id='word_1_212' title='bbox 3050 1676 3269 1732; x_wconf 89' lang='lat' dir='ltr'><strong>corpus</strong></span> <span class='ocrx_word' id='word_1_213' title='bbox 3302 1663 3357 1714; x_wconf 93' lang='lat' dir='ltr'><strong>et</strong></span> <span class='ocrx_word' id='word_1_214' title='bbox 3403 1657 3650 1728; x_wconf 86' lang='lat' dir='ltr'><strong>sanguis</strong></span> 
     </span>
    </p>
   </div>
   <div class='ocr_carea' id='block_1_33' title="bbox 1986 1746 3649 1824">
    <p class='ocr_par' dir='ltr' id='par_1_33' title="bbox 1986 1746 3649 1824">
     <span class='ocr_line' id='line_1_33' title="bbox 1986 1746 3649 1824; baseline -0.001 -20"><span class='ocrx_word' id='word_1_215' title='bbox 1986 1750 2138 1806; x_wconf 89' lang='lat' dir='ltr'><strong>ﬁunt</strong></span> <span class='ocrx_word' id='word_1_216' title='bbox 2168 1767 2204 1807; x_wconf 88' lang='lat' dir='ltr'><strong>a</strong></span> <span class='ocrx_word' id='word_1_217' title='bbox 2230 1767 2477 1824; x_wconf 89' lang='lat' dir='ltr'><strong>corpore</strong></span> <span class='ocrx_word' id='word_1_218' title='bbox 2503 1759 2558 1807; x_wconf 89' lang='lat' dir='ltr'><strong>et</strong></span> <span class='ocrx_word' id='word_1_219' title='bbox 2588 1751 2882 1820; x_wconf 83' lang='lat' dir='ltr'><strong>sanguine</strong></span> <span class='ocrx_word' id='word_1_220' title='bbox 2908 1751 3036 1822; x_wconf 88' lang='lat' dir='ltr'><strong>ejus</strong></span> <span class='ocrx_word' id='word_1_221' title='bbox 3055 1749 3156 1822; x_wconf 90' lang='lat' dir='ltr'><strong>qui</strong></span> <span class='ocrx_word' id='word_1_222' title='bbox 3188 1747 3539 1820; x_wconf 88' lang='lat' dir='ltr'><strong>participat;</strong></span> <span class='ocrx_word' id='word_1_223' title='bbox 3565 1746 3649 1803; x_wconf 91' lang='lat' dir='ltr'><strong>ita</strong></span> 
     </span>
    </p>
   </div>
   <div class='ocr_carea' id='block_1_34' title="bbox 256 1829 1870 1912">
    <p class='ocr_par' dir='ltr' id='par_1_34' title="bbox 256 1830 1870 1907">
     <span class='ocr_line' id='line_1_34' title="bbox 256 1830 1870 1907; baseline -0.001 -21"><span class='ocrx_word' id='word_1_224' title='bbox 256 1836 428 1894; x_wconf 70' lang='grc' dir='ltr'>οὕτως</span> <span class='ocrx_word' id='word_1_225' title='bbox 479 1830 600 1886; x_wconf 71' lang='grc' dir='ltr'><strong>οὐδὲ</strong></span> <span class='ocrx_word' id='word_1_226' title='bbox 647 1833 800 1884; x_wconf 86' lang='grc' dir='ltr'>πάλιν</span> <span class='ocrx_word' id='word_1_227' title='bbox 854 1834 1017 1907; x_wconf 79' lang='grc' dir='ltr'>ἕτερον</span> <span class='ocrx_word' id='word_1_228' title='bbox 1077 1842 1229 1905; x_wconf 83' lang='grc' dir='ltr'>σῶμα</span> <span class='ocrx_word' id='word_1_229' title='bbox 1287 1838 1374 1885; x_wconf 85' lang='grc' dir='ltr'>καὶ</span> <span class='ocrx_word' id='word_1_230' title='bbox 1439 1834 1570 1905; x_wconf 85' lang='grc' dir='ltr'>αἷμα</span> <span class='ocrx_word' id='word_1_231' title='bbox 1619 1835 1761 1907; x_wconf 80' lang='grc' dir='ltr'>παρὰ</span> <span class='ocrx_word' id='word_1_232' title='bbox 1817 1836 1870 1885; x_wconf 86' lang='grc' dir='ltr'><strong>τό</strong></span> 
     </span>
    </p>
   </div>
   <div class='ocr_carea' id='block_1_35' title="bbox 1989 1829 3648 1912">
    <p class='ocr_par' dir='ltr' id='par_1_35' title="bbox 1989 1836 3648 1912">
     <span class='ocr_line' id='line_1_35' title="bbox 1989 1836 3648 1912; baseline -0.003 -17"><span class='ocrx_word' id='word_1_233' title='bbox 1989 1856 2220 1896; x_wconf 86' lang='lat' dir='ltr'><strong>rursum</strong></span> <span class='ocrx_word' id='word_1_234' title='bbox 2248 1857 2443 1912; x_wconf 89' lang='lat' dir='ltr'><strong>neque</strong></span> <span class='ocrx_word' id='word_1_235' title='bbox 2476 1841 2638 1897; x_wconf 89' lang='lat' dir='ltr'><strong>aliud</strong></span> <span class='ocrx_word' id='word_1_236' title='bbox 2671 1856 2890 1911; x_wconf 91' lang='lat' dir='ltr'><strong>corpus</strong></span> <span class='ocrx_word' id='word_1_237' title='bbox 2921 1844 2975 1894; x_wconf 94' lang='lat' dir='ltr'><strong>et</strong></span> <span class='ocrx_word' id='word_1_238' title='bbox 3007 1837 3360 1907; x_wconf 89' lang='lat' dir='ltr'><strong>sanguinem</strong></span> <span class='ocrx_word' id='word_1_239' title='bbox 3391 1836 3648 1891; x_wconf 89' lang='lat' dir='ltr'><strong>dicimus</strong></span> 
     </span>
    </p>
   </div>
   <div class='ocr_carea' id='block_1_36' title="bbox 254 1924 1872 1996">
    <p class='ocr_par' dir='ltr' id='par_1_36' title="bbox 254 1924 1872 1996">
     <span class='ocr_line' id='line_1_36' title="bbox 254 1924 1872 1996; baseline -0.001 -20"><span class='ocrx_word' id='word_1_240' title='bbox 254 1932 351 1976; x_wconf 87' lang='grc' dir='ltr'><strong>τοῦ</strong></span> <span class='ocrx_word' id='word_1_241' title='bbox 409 1926 670 1974; x_wconf 80' lang='grc' dir='ltr'>Δεσπότου</span> <span class='ocrx_word' id='word_1_242' title='bbox 729 1928 878 1976; x_wconf 85' lang='grc' dir='ltr'>τοῦτο</span> <span class='ocrx_word' id='word_1_243' title='bbox 931 1924 1042 1995; x_wconf 89' lang='grc'>(18)</span> <span class='ocrx_word' id='word_1_244' title='bbox 1091 1942 1270 1994; x_wconf 87' lang='grc' dir='ltr'>φαμεν·</span> <span class='ocrx_word' id='word_1_245' title='bbox 1326 1930 1490 1976; x_wconf 86' lang='grc' dir='ltr'>Τοῦτο</span> <span class='ocrx_word' id='word_1_246' title='bbox 1542 1924 1666 1996; x_wconf 82' lang='grc' dir='ltr'>γὰρ,</span> <span class='ocrx_word' id='word_1_247' title='bbox 1722 1927 1872 1994; x_wconf 82' lang='grc' dir='ltr'>φησὶ,</span> 
     </span>
    </p>
   </div>
   <div class='ocr_carea' id='block_1_37' title="bbox 257 2009 1872 2086">
    <p class='ocr_par' dir='ltr' id='par_1_37' title="bbox 257 2009 1872 2086">
     <span class='ocr_line' id='line_1_37' title="bbox 257 2009 1872 2086; baseline -0.002 -19"><span class='ocrx_word' id='word_1_248' title='bbox 257 2018 376 2067; x_wconf 76' lang='grc' dir='ltr'>ἔστι</span> <span class='ocrx_word' id='word_1_249' title='bbox 441 2017 499 2065; x_wconf 83' lang='grc' dir='ltr'>τὸ</span> <span class='ocrx_word' id='word_1_250' title='bbox 560 2016 710 2085; x_wconf 86' lang='grc' dir='ltr'>σῶμά</span> <span class='ocrx_word' id='word_1_251' title='bbox 766 2033 887 2085; x_wconf 87' lang='grc' dir='ltr'>μου.</span> <span class='ocrx_word' id='word_1_252' title='bbox 959 2011 1086 2086; x_wconf 81' lang='grc' dir='ltr'>[Καὶ</span> <span class='ocrx_word' id='word_1_253' title='bbox 1143 2014 1254 2084; x_wconf 86' lang='grc'>(19)</span> <span class='ocrx_word' id='word_1_254' title='bbox 1314 2009 1502 2072; x_wconf 76' lang='grc' dir='ltr'>αὖθιςο</span> <span class='ocrx_word' id='word_1_255' title='bbox 1556 2019 1720 2064; x_wconf 89' lang='grc' dir='ltr'>Τοῦτο</span> <span class='ocrx_word' id='word_1_256' title='bbox 1771 2014 1872 2084; x_wconf 84' lang='grc' dir='ltr'><strong>γὰρ</strong></span> 
     </span>
    </p>
   </div>
   <div class='ocr_carea' id='block_1_38' title="bbox 257 2099 1874 2176">
    <p class='ocr_par' dir='ltr' id='par_1_38' title="bbox 257 2099 1874 2176">
     <span class='ocr_line' id='line_1_38' title="bbox 257 2099 1874 2176; baseline -0.001 -22"><span class='ocrx_word' id='word_1_257' title='bbox 257 2104 378 2154; x_wconf 79' lang='grc' dir='ltr'>ἐστι</span> <span class='ocrx_word' id='word_1_258' title='bbox 411 2106 470 2154; x_wconf 84' lang='grc' dir='ltr'>τὸ</span> <span class='ocrx_word' id='word_1_259' title='bbox 499 2104 632 2164; x_wconf 84' lang='grc' dir='ltr'>αἷμά</span> <span class='ocrx_word' id='word_1_260' title='bbox 681 2103 826 2176; x_wconf 90' lang='grc' dir='ltr'>μου.]</span> <span class='ocrx_word' id='word_1_261' title='bbox 867 2102 1150 2174; x_wconf 73' lang='grc' dir='ltr'>’Υπερφυής</span> <span class='ocrx_word' id='word_1_262' title='bbox 1183 2099 1241 2154; x_wconf 75' lang='grc' dir='ltr'><strong>δὲ</strong></span> <span class='ocrx_word' id='word_1_263' title='bbox 1285 2104 1310 2154; x_wconf 90' lang='lat'><strong>6</strong></span> <span class='ocrx_word' id='word_1_264' title='bbox 1353 2101 1521 2174; x_wconf 84' lang='grc' dir='ltr'>λόγος.</span> <span class='ocrx_word' id='word_1_265' title='bbox 1569 2101 1628 2154; x_wconf 85' lang='grc' dir='ltr'><strong>Εἰ</strong></span> <span class='ocrx_word' id='word_1_266' title='bbox 1673 2099 1733 2154; x_wconf 64' lang='grc' dir='ltr'><strong>δὲ</strong></span> <span class='ocrx_word' id='word_1_267' title='bbox 1784 2106 1874 2153; x_wconf 83' lang='grc' dir='ltr'>καὶ</span> 
     </span>
    </p>
   </div>
   <div class='ocr_carea' id='block_1_39' title="bbox 258 2189 1872 2268">
    <p class='ocr_par' dir='ltr' id='par_1_39' title="bbox 258 2189 1872 2268">
     <span class='ocr_line' id='line_1_39' title="bbox 258 2189 1872 2268; baseline 0.001 -24"><span class='ocrx_word' id='word_1_268' title='bbox 258 2194 286 2244; x_wconf 92' lang='lat'><strong>6</strong></span> <span class='ocrx_word' id='word_1_269' title='bbox 338 2197 497 2264; x_wconf 80' lang='grc' dir='ltr'>μέγας</span> <span class='ocrx_word' id='word_1_270' title='bbox 549 2192 816 2254; x_wconf 59' lang='lat' dir='ltr'><strong>Beneﬁcio;</strong></span> <span class='ocrx_word' id='word_1_271' title='bbox 868 2191 1127 2244; x_wconf 77' lang='grc' dir='ltr'>ἀντίτυπα</span> <span class='ocrx_word' id='word_1_272' title='bbox 1173 2199 1339 2244; x_wconf 85' lang='grc' dir='ltr'>ταῦτα</span> <span class='ocrx_word' id='word_1_273' title='bbox 1392 2189 1519 2258; x_wconf 82' lang='grc' dir='ltr'>εἷπε,</span> <span class='ocrx_word' id='word_1_274' title='bbox 1589 2192 1716 2245; x_wconf 76' lang='grc' dir='ltr'>ἀλλὰ</span> <span class='ocrx_word' id='word_1_275' title='bbox 1771 2197 1872 2268; x_wconf 87' lang='grc' dir='ltr'>πρὸ</span> 
     </span>
    </p>
   </div>
   <div class='ocr_carea' id='block_1_40' title="bbox 259 2280 1874 2357">
    <p class='ocr_par' dir='ltr' id='par_1_40' title="bbox 259 2280 1874 2357">
     <span class='ocr_line' id='line_1_40' title="bbox 259 2280 1874 2357; baseline 0.001 -24"><span class='ocrx_word' id='word_1_276' title='bbox 259 2289 357 2333; x_wconf 87' lang='grc' dir='ltr'><strong>τοῦ</strong></span> <span class='ocrx_word' id='word_1_277' title='bbox 390 2281 729 2351; x_wconf 83' lang='grc' dir='ltr'>όιγιασθῆναι,</span> <span class='ocrx_word' id='word_1_278' title='bbox 762 2286 852 2334; x_wconf 82' lang='grc' dir='ltr'>καὶ</span> <span class='ocrx_word' id='word_1_279' title='bbox 896 2285 994 2354; x_wconf 87' lang='grc' dir='ltr'>πρό</span> <span class='ocrx_word' id='word_1_280' title='bbox 1032 2281 1124 2334; x_wconf 79' lang='grc' dir='ltr'><strong>τοῦ</strong></span> <span class='ocrx_word' id='word_1_281' title='bbox 1177 2286 1266 2340; x_wconf 79' lang='grc' dir='ltr'>τὴν</span> <span class='ocrx_word' id='word_1_282' title='bbox 1308 2284 1470 2356; x_wconf 81' lang='grc' dir='ltr'>χάριν</span> <span class='ocrx_word' id='word_1_283' title='bbox 1499 2280 1690 2334; x_wconf 88' lang='grc' dir='ltr'>λαϐεῖν.</span> <span class='ocrx_word' id='word_1_284' title='bbox 1737 2281 1874 2357; x_wconf 89' lang='grc' dir='ltr'>Ὀρα</span> 
     </span>
    </p>
   </div>
   <div class='ocr_carea' id='block_1_41' title="bbox 259 2367 1871 2444">
    <p class='ocr_par' dir='ltr' id='par_1_41' title="bbox 259 2367 1871 2444">
     <span class='ocr_line' id='line_1_41' title="bbox 259 2367 1871 2444; baseline 0.001 -21"><span class='ocrx_word' id='word_1_285' title='bbox 259 2367 341 2430; x_wconf 67' lang='grc' dir='ltr'><strong>δὲ,</strong></span> <span class='ocrx_word' id='word_1_286' title='bbox 390 2379 498 2434; x_wconf 85' lang='grc' dir='ltr'>πῶς</span> <span class='ocrx_word' id='word_1_287' title='bbox 546 2369 601 2423; x_wconf 80' lang='grc' dir='ltr'>ἐκ</span> <span class='ocrx_word' id='word_1_288' title='bbox 647 2379 747 2423; x_wconf 84' lang='grc' dir='ltr'>τῶν</span> <span class='ocrx_word' id='word_1_289' title='bbox 798 2373 934 2423; x_wconf 83' lang='grc' dir='ltr'>κατὰ</span> <span class='ocrx_word' id='word_1_290' title='bbox 981 2374 1135 2443; x_wconf 84' lang='grc' dir='ltr'>φύσιν</span> <span class='ocrx_word' id='word_1_291' title='bbox 1183 2369 1231 2422; x_wconf 73' lang='grc' dir='ltr'>ἐν</span> <span class='ocrx_word' id='word_1_292' title='bbox 1280 2377 1388 2433; x_wconf 85' lang='grc' dir='ltr'>τοῖς</span> <span class='ocrx_word' id='word_1_293' title='bbox 1431 2373 1558 2444; x_wconf 69' lang='grc' dir='ltr'>ὑπὲρ</span> <span class='ocrx_word' id='word_1_294' title='bbox 1599 2374 1753 2443; x_wconf 86' lang='grc' dir='ltr'>φύσιν</span> <span class='ocrx_word' id='word_1_295' title='bbox 1787 2393 1871 2444; x_wconf 89' lang='grc' dir='ltr'>γι-</span> 
     </span>
    </p>
   </div>
   <div class='ocr_carea' id='block_1_42' title="bbox 259 2461 1870 2535">
    <p class='ocr_par' dir='ltr' id='par_1_42' title="bbox 259 2461 1870 2535">
     <span class='ocr_line' id='line_1_42' title="bbox 259 2461 1870 2535; baseline 0.002 -24"><span class='ocrx_word' id='word_1_296' title='bbox 259 2463 471 2533; x_wconf 84' lang='grc' dir='ltr'>νόμεθα.</span> <span class='ocrx_word' id='word_1_297' title='bbox 507 2463 653 2513; x_wconf 79' lang='grc' dir='ltr'>Κατὰ</span> <span class='ocrx_word' id='word_1_298' title='bbox 685 2463 840 2533; x_wconf 90' lang='grc' dir='ltr'>φύσιν</span> <span class='ocrx_word' id='word_1_299' title='bbox 877 2462 966 2532; x_wconf 68' lang='grc' dir='ltr'>μὲν</span> <span class='ocrx_word' id='word_1_300' title='bbox 994 2462 1117 2534; x_wconf 85' lang='grc' dir='ltr'>γὰρ,</span> <span class='ocrx_word' id='word_1_301' title='bbox 1159 2461 1190 2518; x_wconf 82' lang='grc' dir='ltr'><strong>ἡ</strong></span> <span class='ocrx_word' id='word_1_302' title='bbox 1223 2468 1316 2512; x_wconf 91' lang='grc' dir='ltr'><strong>τοῦ</strong></span> <span class='ocrx_word' id='word_1_303' title='bbox 1343 2465 1681 2534; x_wconf 84' lang='grc' dir='ltr'>προκειμένου</span> <span class='ocrx_word' id='word_1_304' title='bbox 1711 2462 1870 2535; x_wconf 75' lang='grc' dir='ltr'>ἄρτου</span> 
     </span>
    </p>
   </div>
   <div class='ocr_carea' id='block_1_43' title="bbox 259 2547 1872 2625">
    <p class='ocr_par' dir='ltr' id='par_1_43' title="bbox 259 2547 1872 2625">
     <span class='ocr_line' id='line_1_43' title="bbox 259 2547 1872 2625; baseline -0.001 -22"><span class='ocrx_word' id='word_1_305' title='bbox 259 2557 350 2603; x_wconf 83' lang='grc' dir='ltr'>καὶ</span> <span class='ocrx_word' id='word_1_306' title='bbox 389 2554 530 2603; x_wconf 82' lang='grc' dir='ltr'>οἴνου</span> <span class='ocrx_word' id='word_1_307' title='bbox 560 2549 761 2624; x_wconf 85' lang='grc' dir='ltr'>βρῶσις</span> <span class='ocrx_word' id='word_1_308' title='bbox 787 2555 877 2602; x_wconf 87' lang='grc' dir='ltr'>καὶ</span> <span class='ocrx_word' id='word_1_309' title='bbox 927 2554 1102 2612; x_wconf 82' lang='grc' dir='ltr'>πόσις⁶</span> <span class='ocrx_word' id='word_1_310' title='bbox 1145 2551 1271 2625; x_wconf 69' lang='grc' dir='ltr'>ὑπὲρ</span> <span class='ocrx_word' id='word_1_311' title='bbox 1312 2554 1430 2602; x_wconf 87' lang='grc' dir='ltr'>ύσιν</span> <span class='ocrx_word' id='word_1_312' title='bbox 1472 2547 1548 2616; x_wconf 67' lang='grc' dir='ltr'><strong>δὲ,</strong></span> <span class='ocrx_word' id='word_1_313' title='bbox 1603 2547 1632 2610; x_wconf 77' lang='grc' dir='ltr'><em>ἦ</em></span> <span class='ocrx_word' id='word_1_314' title='bbox 1679 2554 1872 2604; x_wconf 90' lang='grc' dir='ltr'>τούτων</span> 
     </span>
    </p>
   </div>
   <div class='ocr_carea' id='block_1_44' title="bbox 263 2636 1874 2713">
    <p class='ocr_par' dir='ltr' id='par_1_44' title="bbox 263 2636 1874 2713">
     <span class='ocr_line' id='line_1_44' title="bbox 263 2636 1874 2713; baseline 0.002 -22"><span class='ocrx_word' id='word_1_315' title='bbox 263 2639 494 2713; x_wconf 80' lang='grc' dir='ltr'>ἐνέργειά</span> <span class='ocrx_word' id='word_1_316' title='bbox 521 2658 574 2692; x_wconf 93' lang='grc' dir='ltr'><strong>τε</strong></span> <span class='ocrx_word' id='word_1_317' title='bbox 621 2645 711 2692; x_wconf 79' lang='grc' dir='ltr'>καὶ</span> <span class='ocrx_word' id='word_1_318' title='bbox 739 2636 981 2711; x_wconf 84' lang='grc' dir='ltr'>δύναμις.</span> <span class='ocrx_word' id='word_1_319' title='bbox 1010 2639 1190 2710; x_wconf 73' lang='grc' dir='ltr'>Ἔνιψε</span> <span class='ocrx_word' id='word_1_320' title='bbox 1229 2637 1288 2692; x_wconf 75' lang='grc' dir='ltr'>δε</span> <span class='ocrx_word' id='word_1_321' title='bbox 1312 2648 1516 2712; x_wconf 87' lang='grc' dir='ltr'>πρῶτον</span> <span class='ocrx_word' id='word_1_322' title='bbox 1545 2645 1663 2702; x_wconf 85' lang='grc' dir='ltr'>τούς</span> <span class='ocrx_word' id='word_1_323' title='bbox 1708 2638 1874 2702; x_wconf 82' lang='grc' dir='ltr'>πόδας</span> 
     </span>
    </p>
   </div>
   <div class='ocr_carea' id='block_1_45' title="bbox 257 2726 1872 2802">
    <p class='ocr_par' dir='ltr' id='par_1_45' title="bbox 257 2726 1872 2802">
     <span class='ocr_line' id='line_1_45' title="bbox 257 2726 1872 2802; baseline 0.002 -21"><span class='ocrx_word' id='word_1_324' title='bbox 257 2738 360 2781; x_wconf 85' lang='grc' dir='ltr'>τῶν</span> <span class='ocrx_word' id='word_1_325' title='bbox 422 2731 688 2800; x_wconf 73' lang='grc' dir='ltr'>μαθητῶν,</span> <span class='ocrx_word' id='word_1_326' title='bbox 754 2726 864 2781; x_wconf 82' lang='grc' dir='ltr'>εἶτα</span> <span class='ocrx_word' id='word_1_327' title='bbox 920 2732 1123 2791; x_wconf 84' lang='grc' dir='ltr'>τούτοις</span> <span class='ocrx_word' id='word_1_328' title='bbox 1179 2737 1271 2782; x_wconf 89' lang='grc' dir='ltr'><strong>τοῦ</strong></span> <span class='ocrx_word' id='word_1_329' title='bbox 1335 2735 1629 2802; x_wconf 80' lang='grc' dir='ltr'>μυστηρίου</span> <span class='ocrx_word' id='word_1_330' title='bbox 1687 2734 1872 2784; x_wconf 84' lang='grc' dir='ltr'>τούτου</span> 
     </span>
    </p>
   </div>
   <div class='ocr_carea' id='block_1_46' title="bbox 259 2815 1872 2895">
    <p class='ocr_par' dir='ltr' id='par_1_46' title="bbox 259 2815 1872 2895">
     <span class='ocr_line' id='line_1_46' title="bbox 259 2815 1872 2895; baseline 0.002 -25"><span class='ocrx_word' id='word_1_331' title='bbox 259 2815 572 2890; x_wconf 74' lang='grc' dir='ltr'>μετέδωκεν,</span> <span class='ocrx_word' id='word_1_332' title='bbox 604 2820 688 2870; x_wconf 80' lang='grc' dir='ltr'>ἵνα</span> <span class='ocrx_word' id='word_1_333' title='bbox 713 2821 977 2892; x_wconf 82' lang='grc' dir='ltr'>μάθωμεν,</span> <span class='ocrx_word' id='word_1_334' title='bbox 1021 2820 1098 2872; x_wconf 77' lang='grc' dir='ltr'>ὅτι</span> <span class='ocrx_word' id='word_1_335' title='bbox 1128 2824 1237 2894; x_wconf 85' lang='grc' dir='ltr'>χρὴ</span> <span class='ocrx_word' id='word_1_336' title='bbox 1269 2828 1473 2894; x_wconf 85' lang='grc' dir='ltr'>πρῶτον</span> <span class='ocrx_word' id='word_1_337' title='bbox 1502 2823 1872 2895; x_wconf 79' lang='grc' dir='ltr'>καθαίρεσθαι,</span> 
     </span>
    </p>
   </div>
   <div class='ocr_carea' id='block_1_47' title="bbox 258 2905 830 2981">
    <p class='ocr_par' dir='ltr' id='par_1_47' title="bbox 258 2905 830 2981">
     <span class='ocr_line' id='line_1_47' title="bbox 258 2905 830 2981; baseline 0.003 -21"><span class='ocrx_word' id='word_1_338' title='bbox 258 2905 369 2961; x_wconf 82' lang='grc' dir='ltr'>εἶτα</span> <span class='ocrx_word' id='word_1_339' title='bbox 398 2906 830 2981; x_wconf 86' lang='grc' dir='ltr'>μεταλαμϐάνειν.</span> 
     </span>
    </p>
   </div>
   <div class='ocr_carea' id='block_1_48' title="bbox 321 3119 1868 3198">
    <p class='ocr_par' dir='ltr' id='par_1_48' title="bbox 321 3119 1868 3198">
     <span class='ocr_line' id='line_1_48' title="bbox 321 3119 1868 3198; baseline 0.001 -22"><span class='ocrx_word' id='word_1_340' title='bbox 321 3121 600 3198; x_wconf 82' lang='grc' dir='ltr'>Ἀνθρακα</span> <span class='ocrx_word' id='word_1_341' title='bbox 653 3121 766 3195; x_wconf 87' lang='lat'>(&#39;20)</span> <span class='ocrx_word' id='word_1_342' title='bbox 823 3119 956 3176; x_wconf 81' lang='grc' dir='ltr'>εἶδεν</span> <span class='ocrx_word' id='word_1_343' title='bbox 1004 3123 1245 3186; x_wconf 60' lang='grc' dir='ltr'>Ἠσαίας</span> <span class='ocrx_word' id='word_1_344' title='bbox 1298 3123 1495 3198; x_wconf 82' lang='grc' dir='ltr'>ἄνθραξ</span> <span class='ocrx_word' id='word_1_345' title='bbox 1548 3121 1625 3196; x_wconf 67' lang='grc' dir='ltr'><strong>δὲ,</strong></span> <span class='ocrx_word' id='word_1_346' title='bbox 1673 3126 1731 3178; x_wconf 76' lang='grc' dir='ltr'><strong>ού</strong></span> <span class='ocrx_word' id='word_1_347' title='bbox 1778 3126 1868 3189; x_wconf 86' lang='grc' dir='ltr'><strong>ξύ-</strong></span> 
     </span>
    </p>
   </div>
   <div class='ocr_carea' id='block_1_49' title="bbox 1986 1927 3647 2001">
    <p class='ocr_par' dir='ltr' id='par_1_49' title="bbox 1986 1927 3647 2001">
     <span class='ocr_line' id='line_1_49' title="bbox 1986 1927 3647 2001; baseline -0.004 -15"><span class='ocrx_word' id='word_1_348' title='bbox 1986 1945 2023 1986; x_wconf 91' lang='lat' dir='ltr'><strong>a</strong></span> <span class='ocrx_word' id='word_1_349' title='bbox 2053 1945 2299 2001; x_wconf 88' lang='lat' dir='ltr'><strong>corpore</strong></span> <span class='ocrx_word' id='word_1_350' title='bbox 2327 1937 2380 1986; x_wconf 92' lang='lat' dir='ltr'><strong>et</strong></span> <span class='ocrx_word' id='word_1_351' title='bbox 2409 1931 2700 2000; x_wconf 84' lang='lat' dir='ltr'><strong>sanguine</strong></span> <span class='ocrx_word' id='word_1_352' title='bbox 2725 1929 2960 1985; x_wconf 90' lang='lat' dir='ltr'><strong>Domini</strong></span> <span class='ocrx_word' id='word_1_353' title='bbox 2994 1930 3153 1984; x_wconf 78' lang='lat' dir='ltr'><strong>:Hoc</strong></span> <span class='ocrx_word' id='word_1_354' title='bbox 3167 1927 3320 1982; x_wconf 84' lang='lat' dir='ltr'><strong>enim</strong></span> <span class='ocrx_word' id='word_1_355' title='bbox 3334 1933 3415 1981; x_wconf 87' lang='lat' dir='ltr'><strong>est</strong></span> <span class='ocrx_word' id='word_1_356' title='bbox 3437 1941 3647 1994; x_wconf 84' lang='lat' dir='ltr'><strong>corpus</strong></span> 
     </span>
    </p>
   </div>
   <div class='ocr_carea' id='block_1_50' title="bbox 1984 2015 3644 2091">
    <p class='ocr_par' dir='ltr' id='par_1_50' title="bbox 1984 2015 3644 2091">
     <span class='ocr_line' id='line_1_50' title="bbox 1984 2015 3644 2091; baseline -0.003 -16"><span class='ocrx_word' id='word_1_357' title='bbox 1984 2034 2194 2086; x_wconf 86' lang='lat' dir='ltr'><strong>meum,</strong></span> <span class='ocrx_word' id='word_1_358' title='bbox 2231 2019 2441 2091; x_wconf 90' lang='lat' dir='ltr'><strong>inquit.</strong></span> <span class='ocrx_word' id='word_1_359' title='bbox 2472 2026 2753 2074; x_wconf 83' lang='lat' dir='ltr'><strong>Etrursus</strong></span> <span class='ocrx_word' id='word_1_360' title='bbox 2785 2018 2920 2073; x_wconf 90' lang='lat' dir='ltr'><strong>:Hic</strong></span> <span class='ocrx_word' id='word_1_361' title='bbox 2934 2023 3014 2073; x_wconf 88' lang='lat' dir='ltr'><strong>est</strong></span> <span class='ocrx_word' id='word_1_362' title='bbox 3034 2015 3442 2085; x_wconf 81' lang='lat' dir='ltr'><strong>enimsanguis</strong></span> <span class='ocrx_word' id='word_1_363' title='bbox 3464 2029 3644 2070; x_wconf 87' lang='lat' dir='ltr'><strong>meus.</strong></span> 
     </span>
    </p>
   </div>
   <div class='ocr_carea' id='block_1_51' title="bbox 1986 2105 3648 2180">
    <p class='ocr_par' dir='ltr' id='par_1_51' title="bbox 1986 2105 3648 2180">
     <span class='ocr_line' id='line_1_51' title="bbox 1986 2105 3648 2180; baseline -0.004 -16"><span class='ocrx_word' id='word_1_364' title='bbox 1986 2109 2081 2164; x_wconf 90' lang='lat' dir='ltr'><strong>Est</strong></span> <span class='ocrx_word' id='word_1_365' title='bbox 2121 2113 2322 2163; x_wconf 89' lang='lat' dir='ltr'><strong>autem</strong></span> <span class='ocrx_word' id='word_1_366' title='bbox 2369 2107 2822 2180; x_wconf 89' lang='lat' dir='ltr'><strong>supernaturale</strong></span> <span class='ocrx_word' id='word_1_367' title='bbox 2877 2105 3144 2161; x_wconf 88' lang='lat' dir='ltr'><strong>verbum.</strong></span> <span class='ocrx_word' id='word_1_368' title='bbox 3184 2106 3248 2159; x_wconf 88' lang='lat' dir='ltr'><strong>Et</strong></span> <span class='ocrx_word' id='word_1_369' title='bbox 3295 2117 3648 2176; x_wconf 86' lang='lat' dir='ltr'><strong>quanquam</strong></span> 
     </span>
    </p>
   </div>
   <div class='ocr_carea' id='block_1_52' title="bbox 1983 2191 3648 2267">
    <p class='ocr_par' dir='ltr' id='par_1_52' title="bbox 1983 2191 3648 2267">
     <span class='ocr_line' id='line_1_52' title="bbox 1983 2191 3648 2267; baseline -0.003 -16"><span class='ocrx_word' id='word_1_370' title='bbox 1983 2196 2242 2266; x_wconf 89' lang='lat' dir='ltr'><strong>Magnus</strong></span> <span class='ocrx_word' id='word_1_371' title='bbox 2267 2197 2512 2253; x_wconf 87' lang='lat' dir='ltr'><strong>Basilius</strong></span> <span class='ocrx_word' id='word_1_372' title='bbox 2559 2195 2929 2267; x_wconf 83' lang='lat' dir='ltr'><strong>exemplaria</strong></span> <span class='ocrx_word' id='word_1_373' title='bbox 2972 2194 3100 2249; x_wconf 70' lang='lat' dir='ltr'><strong>haec</strong></span> <span class='ocrx_word' id='word_1_374' title='bbox 3132 2209 3260 2250; x_wconf 88' lang='lat' dir='ltr'><strong>esse</strong></span> <span class='ocrx_word' id='word_1_375' title='bbox 3307 2191 3455 2247; x_wconf 81' lang='lat' dir='ltr'><strong>dixit</strong></span> <span class='ocrx_word' id='word_1_376' title='bbox 3489 2208 3500 2247; x_wconf 92' lang='lat'>:</span> <span class='ocrx_word' id='word_1_377' title='bbox 3531 2191 3648 2247; x_wconf 92' lang='lat' dir='ltr'><strong>hoc</strong></span> 
     </span>
    </p>
   </div>
   <div class='ocr_carea' id='block_1_53' title="bbox 1983 2280 3649 2358">
    <p class='ocr_par' dir='ltr' id='par_1_53' title="bbox 1983 2280 3649 2358">
     <span class='ocr_line' id='line_1_53' title="bbox 1983 2280 3649 2358; baseline -0.003 -18"><span class='ocrx_word' id='word_1_378' title='bbox 1983 2289 2186 2341; x_wconf 86' lang='lat' dir='ltr'><strong>tamen</strong></span> <span class='ocrx_word' id='word_1_379' title='bbox 2217 2291 2304 2342; x_wconf 90' lang='lat' dir='ltr'><strong>est</strong></span> <span class='ocrx_word' id='word_1_380' title='bbox 2333 2286 2688 2358; x_wconf 87' lang='lat' dir='ltr'><strong>priusquam</strong></span> <span class='ocrx_word' id='word_1_381' title='bbox 2717 2283 3156 2341; x_wconf 83' lang='lat' dir='ltr'><strong>sanctiﬁcentur</strong></span> <span class='ocrx_word' id='word_1_382' title='bbox 3181 2288 3236 2336; x_wconf 83' lang='lat' dir='ltr'><strong>et</strong></span> <span class='ocrx_word' id='word_1_383' title='bbox 3275 2280 3527 2350; x_wconf 88' lang='lat' dir='ltr'><strong>gratiam</strong></span> <span class='ocrx_word' id='word_1_384' title='bbox 3553 2295 3649 2335; x_wconf 92' lang='lat' dir='ltr'><strong>ac-</strong></span> 
     </span>
    </p>
   </div>
   <div class='ocr_carea' id='block_1_54' title="bbox 1982 2369 3649 2447">
    <p class='ocr_par' dir='ltr' id='par_1_54' title="bbox 1982 2369 3649 2447">
     <span class='ocr_line' id='line_1_54' title="bbox 1982 2369 3649 2447; baseline -0.004 -17"><span class='ocrx_word' id='word_1_385' title='bbox 1982 2374 2222 2447; x_wconf 90' lang='lat' dir='ltr'><strong>cipiant.</strong></span> <span class='ocrx_word' id='word_1_386' title='bbox 2253 2375 2402 2430; x_wconf 87' lang='lat' dir='ltr'><strong>Vide</strong></span> <span class='ocrx_word' id='word_1_387' title='bbox 2447 2379 2647 2431; x_wconf 89' lang='lat' dir='ltr'><strong>autem</strong></span> <span class='ocrx_word' id='word_1_388' title='bbox 2693 2371 3004 2446; x_wconf 91' lang='lat' dir='ltr'><strong>quomodo</strong></span> <span class='ocrx_word' id='word_1_389' title='bbox 3048 2388 3078 2427; x_wconf 93' lang='lat' dir='ltr'>e</span> <span class='ocrx_word' id='word_1_390' title='bbox 3121 2369 3500 2426; x_wconf 86' lang='lat' dir='ltr'><strong>naturalibus</strong></span> <span class='ocrx_word' id='word_1_391' title='bbox 3551 2385 3649 2423; x_wconf 90' lang='lat' dir='ltr'><strong>su-</strong></span> 
     </span>
    </p>
   </div>
   <div class='ocr_carea' id='block_1_55' title="bbox 1982 2459 3648 2536">
    <p class='ocr_par' dir='ltr' id='par_1_55' title="bbox 1982 2459 3648 2536">
     <span class='ocr_line' id='line_1_55' title="bbox 1982 2459 3648 2536; baseline -0.005 -16"><span class='ocrx_word' id='word_1_392' title='bbox 1982 2464 2384 2536; x_wconf 90' lang='lat' dir='ltr'><strong>pernaturalia</strong></span> <span class='ocrx_word' id='word_1_393' title='bbox 2407 2464 2577 2521; x_wconf 86' lang='lat' dir='ltr'><strong>ﬁant.</strong></span> <span class='ocrx_word' id='word_1_394' title='bbox 2620 2461 2914 2519; x_wconf 86' lang='lat' dir='ltr'><strong>Naturalis</strong></span> <span class='ocrx_word' id='word_1_395' title='bbox 2949 2461 3240 2534; x_wconf 89' lang='lat' dir='ltr'><strong>siquidem</strong></span> <span class='ocrx_word' id='word_1_396' title='bbox 3272 2459 3440 2514; x_wconf 82' lang='lat' dir='ltr'><strong>cibus</strong></span> <span class='ocrx_word' id='word_1_397' title='bbox 3466 2463 3552 2513; x_wconf 91' lang='lat' dir='ltr'><strong>est</strong></span> <span class='ocrx_word' id='word_1_398' title='bbox 3577 2471 3648 2513; x_wconf 91' lang='lat' dir='ltr'><strong>ac</strong></span> 
     </span>
    </p>
   </div>
   <div class='ocr_carea' id='block_1_56' title="bbox 1982 2550 3648 2627">
    <p class='ocr_par' dir='ltr' id='par_1_56' title="bbox 1982 2550 3648 2627">
     <span class='ocr_line' id='line_1_56' title="bbox 1982 2550 3648 2627; baseline -0.005 -17"><span class='ocrx_word' id='word_1_399' title='bbox 1982 2559 2161 2627; x_wconf 92' lang='lat' dir='ltr'><strong>potus</strong></span> <span class='ocrx_word' id='word_1_400' title='bbox 2186 2554 2448 2627; x_wconf 90' lang='lat' dir='ltr'><strong>panisac</strong></span> <span class='ocrx_word' id='word_1_401' title='bbox 2477 2553 2596 2608; x_wconf 91' lang='lat' dir='ltr'><strong>vini</strong></span> <span class='ocrx_word' id='word_1_402' title='bbox 2626 2568 2762 2625; x_wconf 72' lang='lat' dir='ltr'><strong>quae</strong></span> <span class='ocrx_word' id='word_1_403' title='bbox 2784 2553 3262 2623; x_wconf 63' lang='lat' dir='ltr'><strong>praeponuntur:</strong></span> <span class='ocrx_word' id='word_1_404' title='bbox 3298 2550 3648 2620; x_wconf 90' lang='lat' dir='ltr'><strong>supernatu-</strong></span> 
     </span>
    </p>
   </div>
   <div class='ocr_carea' id='block_1_57' title="bbox 1982 2637 3647 2712">
    <p class='ocr_par' dir='ltr' id='par_1_57' title="bbox 1982 2637 3647 2712">
     <span class='ocr_line' id='line_1_57' title="bbox 1982 2637 3647 2712; baseline -0.004 -14"><span class='ocrx_word' id='word_1_405' title='bbox 1982 2643 2124 2699; x_wconf 90' lang='lat' dir='ltr'><strong>ralis</strong></span> <span class='ocrx_word' id='word_1_406' title='bbox 2154 2659 2312 2710; x_wconf 89' lang='lat' dir='ltr'><strong>vero,</strong></span> <span class='ocrx_word' id='word_1_407' title='bbox 2344 2642 2558 2698; x_wconf 84' lang='lat' dir='ltr'><strong>efﬁcax</strong></span> <span class='ocrx_word' id='word_1_408' title='bbox 2579 2643 2798 2698; x_wconf 89' lang='lat' dir='ltr'><strong>horum</strong></span> <span class='ocrx_word' id='word_1_409' title='bbox 2833 2640 3120 2712; x_wconf 87' lang='lat' dir='ltr'><strong>operatio.</strong></span> <span class='ocrx_word' id='word_1_410' title='bbox 3147 2637 3410 2693; x_wconf 88' lang='lat' dir='ltr'><strong>Primum</strong></span> <span class='ocrx_word' id='word_1_411' title='bbox 3444 2640 3647 2692; x_wconf 90' lang='lat' dir='ltr'><strong>autem</strong></span> 
     </span>
    </p>
   </div>
   <div class='ocr_carea' id='block_1_58' title="bbox 1982 2726 3647 2804">
    <p class='ocr_par' dir='ltr' id='par_1_58' title="bbox 1982 2726 3647 2804">
     <span class='ocr_line' id='line_1_58' title="bbox 1982 2726 3647 2804; baseline -0.005 -16"><span class='ocrx_word' id='word_1_412' title='bbox 1982 2731 2129 2791; x_wconf 88' lang='lat' dir='ltr'><strong>lavit</strong></span> <span class='ocrx_word' id='word_1_413' title='bbox 2166 2733 2349 2804; x_wconf 89' lang='lat' dir='ltr'><strong>pedes</strong></span> <span class='ocrx_word' id='word_1_414' title='bbox 2375 2731 2834 2803; x_wconf 90' lang='lat' dir='ltr'><strong>discipulorum,</strong></span> <span class='ocrx_word' id='word_1_415' title='bbox 2869 2729 3086 2784; x_wconf 88' lang='lat' dir='ltr'><strong>deinde</strong></span> <span class='ocrx_word' id='word_1_416' title='bbox 3116 2744 3226 2783; x_wconf 92' lang='lat' dir='ltr'><strong>eos</strong></span> <span class='ocrx_word' id='word_1_417' title='bbox 3249 2726 3513 2800; x_wconf 87' lang='lat' dir='ltr'><strong>mysterii</strong></span> <span class='ocrx_word' id='word_1_418' title='bbox 3534 2726 3647 2781; x_wconf 91' lang='lat' dir='ltr'><strong>hu-</strong></span> 
     </span>
    </p>
   </div>
   <div class='ocr_carea' id='block_1_59' title="bbox 1978 2815 3648 2893">
    <p class='ocr_par' dir='ltr' id='par_1_59' title="bbox 1978 2815 3648 2893">
     <span class='ocr_line' id='line_1_59' title="bbox 1978 2815 3648 2893; baseline -0.005 -16"><span class='ocrx_word' id='word_1_419' title='bbox 1978 2822 2077 2892; x_wconf 91' lang='lat' dir='ltr'><strong>jus</strong></span> <span class='ocrx_word' id='word_1_420' title='bbox 2106 2821 2243 2878; x_wconf 87' lang='lat' dir='ltr'><strong>fecit</strong></span> <span class='ocrx_word' id='word_1_421' title='bbox 2283 2837 2412 2877; x_wconf 91' lang='lat' dir='ltr'><strong>esse</strong></span> <span class='ocrx_word' id='word_1_422' title='bbox 2464 2821 2795 2893; x_wconf 89' lang='lat' dir='ltr'><strong>participes,</strong></span> <span class='ocrx_word' id='word_1_423' title='bbox 2840 2825 2902 2874; x_wconf 90' lang='lat' dir='ltr'><strong>ut</strong></span> <span class='ocrx_word' id='word_1_424' title='bbox 2939 2819 3270 2881; x_wconf 89' lang='lat' dir='ltr'><strong>discamus,</strong></span> <span class='ocrx_word' id='word_1_425' title='bbox 3311 2815 3478 2889; x_wconf 92' lang='lat' dir='ltr'><strong>quod</strong></span> <span class='ocrx_word' id='word_1_426' title='bbox 3532 2815 3648 2887; x_wconf 90' lang='lat' dir='ltr'><strong>pri-</strong></span> 
     </span>
    </p>
   </div>
   <div class='ocr_carea' id='block_1_60' title="bbox 1983 2905 3648 2984">
    <p class='ocr_par' dir='ltr' id='par_1_60' title="bbox 1983 2905 3648 2984">
     <span class='ocr_line' id='line_1_60' title="bbox 1983 2905 3648 2984; baseline -0.004 -18"><span class='ocrx_word' id='word_1_427' title='bbox 1983 2927 2151 2967; x_wconf 91' lang='lat' dir='ltr'><strong>mum</strong></span> <span class='ocrx_word' id='word_1_428' title='bbox 2210 2911 2514 2984; x_wconf 86' lang='lat' dir='ltr'><strong>puriﬁcari</strong></span> <span class='ocrx_word' id='word_1_429' title='bbox 2590 2926 2692 2968; x_wconf 90' lang='lat' dir='ltr'><strong>eos</strong></span> <span class='ocrx_word' id='word_1_430' title='bbox 2751 2913 3035 2982; x_wconf 90' lang='lat' dir='ltr'><strong>oporteat,</strong></span> <span class='ocrx_word' id='word_1_431' title='bbox 3115 2905 3334 2963; x_wconf 91' lang='lat' dir='ltr'><strong>deinde</strong></span> <span class='ocrx_word' id='word_1_432' title='bbox 3415 2905 3648 2978; x_wconf 84' lang='lat' dir='ltr'><strong>partici-</strong></span> 
     </span>
    </p>
   </div>
   <div class='ocr_carea' id='block_1_61' title="bbox 1980 3016 2146 3072">
    <p class='ocr_par' dir='ltr' id='par_1_61' title="bbox 1980 3016 2146 3072">
     <span class='ocr_line' id='line_1_61' title="bbox 1980 3016 2146 3072; baseline -0.006 -16"><span class='ocrx_word' id='word_1_433' title='bbox 1980 3016 2146 3072; x_wconf 90' lang='lat' dir='ltr'><strong>pare.</strong></span> 
     </span>
    </p>
   </div>
   <div class='ocr_carea' id='block_1_62' title="bbox 2051 3103 3649 3178">
    <p class='ocr_par' dir='ltr' id='par_1_62' title="bbox 2051 3103 3649 3178">
     <span class='ocr_line' id='line_1_62' title="bbox 2051 3103 3649 3178; baseline -0.003 -15"><span class='ocrx_word' id='word_1_434' title='bbox 2051 3110 2093 3178; x_wconf 57' lang='grc'>1-</span> <span class='ocrx_word' id='word_1_435' title='bbox 2127 3106 2463 3163; x_wconf 90' lang='lat' dir='ltr'><strong>Carbonem</strong></span> <span class='ocrx_word' id='word_1_436' title='bbox 2493 3106 2841 3162; x_wconf 90' lang='lat' dir='ltr'><strong>viditlsaias</strong></span> <span class='ocrx_word' id='word_1_437' title='bbox 2865 3107 2906 3141; x_wconf 84' lang='grc'>²¹</span> <span class='ocrx_word' id='word_1_438' title='bbox 2939 3121 2952 3170; x_wconf 89' lang='grc'>;</span> <span class='ocrx_word' id='word_1_439' title='bbox 2989 3103 3170 3160; x_wconf 90' lang='lat' dir='ltr'><strong>carbo</strong></span> <span class='ocrx_word' id='word_1_440' title='bbox 3194 3107 3393 3159; x_wconf 91' lang='lat' dir='ltr'><strong>autem</strong></span> <span class='ocrx_word' id='word_1_441' title='bbox 3418 3116 3540 3158; x_wconf 92' lang='lat' dir='ltr'><strong>non</strong></span> <span class='ocrx_word' id='word_1_442' title='bbox 3560 3105 3649 3158; x_wconf 87' lang='lat' dir='ltr'><strong>est</strong></span> 
     </span>
    </p>
   </div>
   <div class='ocr_carea' id='block_1_63' title="bbox 247 3183 1870 3288">
    <p class='ocr_par' dir='ltr' id='par_1_63' title="bbox 247 3211 1870 3288">
     <span class='ocr_line' id='line_1_63' title="bbox 247 3211 1870 3288; baseline 0.002 -23"><span class='ocrx_word' id='word_1_443' title='bbox 247 3213 334 3265; x_wconf 89' lang='grc' dir='ltr'><strong>λον</strong></span> <span class='ocrx_word' id='word_1_444' title='bbox 405 3211 556 3265; x_wconf 74' lang='grc' dir='ltr'>ἐστὶν</span> <span class='ocrx_word' id='word_1_445' title='bbox 621 3211 816 3278; x_wconf 80' lang='grc' dir='ltr'>ἁπλῶς,</span> <span class='ocrx_word' id='word_1_446' title='bbox 895 3211 1023 3265; x_wconf 84' lang='grc' dir='ltr'>ἁλλὰ</span> <span class='ocrx_word' id='word_1_447' title='bbox 1099 3219 1583 3287; x_wconf 83' lang='grc' dir='ltr'>πεπυρακτωμένον⁹</span> <span class='ocrx_word' id='word_1_448' title='bbox 1657 3217 1870 3288; x_wconf 75' lang='grc' dir='ltr'>φωτίζει</span> 
     </span>
    </p>
   </div>
   <div class='ocr_carea' id='block_1_64' title="bbox 1989 3183 3648 3288">
    <p class='ocr_par' dir='ltr' id='par_1_64' title="bbox 1989 3189 3648 3269">
     <span class='ocr_line' id='line_1_64' title="bbox 1989 3189 3648 3269; baseline -0.003 -17"><span class='ocrx_word' id='word_1_449' title='bbox 1989 3197 2330 3269; x_wconf 84' lang='lat' dir='ltr'><strong>simpliciter</strong></span> <span class='ocrx_word' id='word_1_450' title='bbox 2349 3197 2601 3269; x_wconf 89' lang='lat' dir='ltr'><strong>lignum,</strong></span> <span class='ocrx_word' id='word_1_451' title='bbox 2637 3195 2742 3251; x_wconf 91' lang='lat' dir='ltr'><strong>sed</strong></span> <span class='ocrx_word' id='word_1_452' title='bbox 2768 3196 3001 3266; x_wconf 90' lang='lat' dir='ltr'><strong>lignum</strong></span> <span class='ocrx_word' id='word_1_453' title='bbox 3036 3193 3311 3263; x_wconf 90' lang='lat' dir='ltr'><strong>ignitum.</strong></span> <span class='ocrx_word' id='word_1_454' title='bbox 3342 3189 3648 3247; x_wconf 91' lang='lat' dir='ltr'><strong>Illuminat</strong></span> 
     </span>
    </p>
   </div>
   <div class='ocr_carea' id='block_1_65' title="bbox 248 3300 1872 3378">
    <p class='ocr_par' dir='ltr' id='par_1_65' title="bbox 248 3300 1872 3378">
     <span class='ocr_line' id='line_1_65' title="bbox 248 3300 1872 3378; baseline 0.002 -23"><span class='ocrx_word' id='word_1_455' title='bbox 248 3306 340 3374; x_wconf 73' lang='grc' dir='ltr'><strong>μεν</strong></span> <span class='ocrx_word' id='word_1_456' title='bbox 371 3306 498 3364; x_wconf 82' lang='grc' dir='ltr'>τοὺς</span> <span class='ocrx_word' id='word_1_457' title='bbox 528 3300 726 3370; x_wconf 82' lang='grc' dir='ltr'><strong>ἀξίους,</strong></span> <span class='ocrx_word' id='word_1_458' title='bbox 777 3301 974 3375; x_wconf 82' lang='grc' dir='ltr'>[φλέγει</span> <span class='ocrx_word' id='word_1_459' title='bbox 1019 3304 1130 3374; x_wconf 77' lang='grc'>(21)</span> <span class='ocrx_word' id='word_1_460' title='bbox 1177 3300 1236 3356; x_wconf 74' lang='grc' dir='ltr'><strong>δὲ</strong></span> <span class='ocrx_word' id='word_1_461' title='bbox 1263 3308 1381 3366; x_wconf 89' lang='grc' dir='ltr'>τοὺς</span> <span class='ocrx_word' id='word_1_462' title='bbox 1412 3303 1702 3378; x_wconf 77' lang='grc' dir='ltr'>ἁναξίους,]</span> <span class='ocrx_word' id='word_1_463' title='bbox 1736 3308 1872 3359; x_wconf 81' lang='grc' dir='ltr'>κατὰ</span> 
     </span>
    </p>
   </div>
   <div class='ocr_carea' id='block_1_66' title="bbox 250 3387 1870 3468">
    <p class='ocr_par' dir='ltr' id='par_1_66' title="bbox 250 3387 1870 3468">
     <span class='ocr_line' id='line_1_66' title="bbox 250 3387 1870 3468; baseline 0.004 -26"><span class='ocrx_word' id='word_1_464' title='bbox 250 3395 346 3449; x_wconf 69' lang='grc' dir='ltr'>τὴν</span> <span class='ocrx_word' id='word_1_465' title='bbox 379 3387 572 3450; x_wconf 84' lang='grc' dir='ltr'>διπλῆν</span> <span class='ocrx_word' id='word_1_466' title='bbox 601 3400 695 3444; x_wconf 89' lang='grc' dir='ltr'><strong>τοῦ</strong></span> <span class='ocrx_word' id='word_1_467' title='bbox 730 3395 896 3468; x_wconf 86' lang='grc' dir='ltr'>πυρός</span> <span class='ocrx_word' id='word_1_468' title='bbox 926 3389 1196 3468; x_wconf 78' lang='grc' dir='ltr'>ἐνέργειαν·</span> <span class='ocrx_word' id='word_1_469' title='bbox 1231 3394 1400 3466; x_wconf 78' lang='grc' dir='ltr'>φλέγει</span> <span class='ocrx_word' id='word_1_470' title='bbox 1426 3390 1505 3464; x_wconf 68' lang='grc' dir='ltr'><strong>δὲ,</strong></span> <span class='ocrx_word' id='word_1_471' title='bbox 1537 3403 1609 3467; x_wconf 85' lang='grc' dir='ltr'>τῷ</span> <span class='ocrx_word' id='word_1_472' title='bbox 1635 3394 1870 3460; x_wconf 85' lang='grc' dir='ltr'>κολάζειν</span> 
     </span>
    </p>
   </div>
   <div class='ocr_carea' id='block_1_67' title="bbox 255 3500 554 3542">
    <p class='ocr_par' dir='ltr' id='par_1_67' title="bbox 255 3500 554 3542">
     <span class='ocr_line' id='line_1_67' title="bbox 255 3500 554 3542; baseline -0.003 -8"><span class='ocrx_word' id='word_1_473' title='bbox 255 3500 554 3542; x_wconf 76' lang='grc' dir='ltr'>σνντηκειν.</span> 
     </span>
    </p>
   </div>
   <div class='ocr_carea' id='block_1_68' title="bbox 328 3694 1876 3772">
    <p class='ocr_par' dir='ltr' id='par_1_68' title="bbox 328 3694 1876 3772">
     <span class='ocr_line' id='line_1_68' title="bbox 328 3694 1876 3772; baseline 0.001 -23"><span class='ocrx_word' id='word_1_474' title='bbox 328 3700 433 3749; x_wconf 80' lang='grc' dir='ltr'><strong>Καὶ</strong></span> <span class='ocrx_word' id='word_1_475' title='bbox 460 3694 629 3748; x_wconf 87' lang='grc' dir='ltr'>λαϐων</span> <span class='ocrx_word' id='word_1_476' title='bbox 655 3725 725 3736; x_wconf 89' lang='grc'><strong>-</strong></span> <span class='ocrx_word' id='word_1_477' title='bbox 754 3697 1034 3758; x_wconf 83' lang='grc' dir='ltr'>Διαθήκης.</span> <span class='ocrx_word' id='word_1_478' title='bbox 1067 3703 1173 3760; x_wconf 80' lang='grc' dir='ltr'><strong>Τῆς</strong></span> <span class='ocrx_word' id='word_1_479' title='bbox 1214 3707 1398 3759; x_wconf 84' lang='grc' dir='ltr'>καινῆς</span> <span class='ocrx_word' id='word_1_480' title='bbox 1440 3702 1721 3772; x_wconf 74' lang='grc' dir='ltr'>Διαθήκης,</span> <span class='ocrx_word' id='word_1_481' title='bbox 1754 3710 1876 3764; x_wconf 75' lang='grc' dir='ltr'>ἤτοι</span> 
     </span>
    </p>
   </div>
   <div class='ocr_carea' id='block_1_69' title="bbox 249 3787 1872 3861">
    <p class='ocr_par' dir='ltr' id='par_1_69' title="bbox 249 3787 1872 3861">
     <span class='ocr_line' id='line_1_69' title="bbox 249 3787 1872 3861; baseline 0.007 -23"><span class='ocrx_word' id='word_1_482' title='bbox 249 3795 343 3847; x_wconf 81' lang='grc' dir='ltr'>τῆς</span> <span class='ocrx_word' id='word_1_483' title='bbox 396 3790 515 3847; x_wconf 85' lang='grc' dir='ltr'>νέας</span> <span class='ocrx_word' id='word_1_484' title='bbox 556 3787 883 3858; x_wconf 86' lang='grc' dir='ltr'>νομοθεσίας.</span> <span class='ocrx_word' id='word_1_485' title='bbox 942 3789 1010 3840; x_wconf 89' lang='lat' dir='ltr'><strong>T6</strong></span> <span class='ocrx_word' id='word_1_486' title='bbox 1055 3789 1145 3860; x_wconf 71' lang='grc' dir='ltr'><strong>μεν</strong></span> <span class='ocrx_word' id='word_1_487' title='bbox 1196 3790 1296 3860; x_wconf 87' lang='grc' dir='ltr'>γὰρ</span> <span class='ocrx_word' id='word_1_488' title='bbox 1346 3789 1478 3861; x_wconf 82' lang='grc' dir='ltr'>αἷμα</span> <span class='ocrx_word' id='word_1_489' title='bbox 1519 3799 1610 3843; x_wconf 90' lang='grc' dir='ltr'><strong>τοῦ</strong></span> <span class='ocrx_word' id='word_1_490' title='bbox 1652 3805 1872 3849; x_wconf 86' lang='grc' dir='ltr'>τοπικοῦ</span> 
     </span>
    </p>
   </div>
   <div class='ocr_carea' id='block_1_70' title="bbox 250 3872 1871 3948">
    <p class='ocr_par' dir='ltr' id='par_1_70' title="bbox 250 3872 1871 3948">
     <span class='ocr_line' id='line_1_70' title="bbox 250 3872 1871 3948; baseline 0.006 -21"><span class='ocrx_word' id='word_1_491' title='bbox 250 3875 439 3948; x_wconf 78' lang='grc' dir='ltr'>ἀμνοῦ,</span> <span class='ocrx_word' id='word_1_492' title='bbox 497 3882 591 3937; x_wconf 81' lang='grc' dir='ltr'>τῆς</span> <span class='ocrx_word' id='word_1_493' title='bbox 643 3875 870 3936; x_wconf 87' lang='grc' dir='ltr'>παλαιᾶς</span> <span class='ocrx_word' id='word_1_494' title='bbox 900 3872 960 3934; x_wconf 76' lang='grc' dir='ltr'>ἦν</span> <span class='ocrx_word' id='word_1_495' title='bbox 1001 3879 1286 3939; x_wconf 83' lang='grc' dir='ltr'>Διαθήκης·</span> <span class='ocrx_word' id='word_1_496' title='bbox 1320 3881 1378 3930; x_wconf 90' lang='grc' dir='ltr'>τὸ</span> <span class='ocrx_word' id='word_1_497' title='bbox 1406 3875 1464 3932; x_wconf 69' lang='grc' dir='ltr'><strong>δὲ</strong></span> <span class='ocrx_word' id='word_1_498' title='bbox 1492 3888 1585 3933; x_wconf 90' lang='grc' dir='ltr'><strong>τοῦ</strong></span> <span class='ocrx_word' id='word_1_499' title='bbox 1625 3880 1871 3941; x_wconf 73' lang='grc' dir='ltr'>ἀληθινοῦ</span> 
     </span>
    </p>
   </div>
   <div class='ocr_carea' id='block_1_71' title="bbox 245 3965 908 4038">
    <p class='ocr_par' dir='ltr' id='par_1_71' title="bbox 245 3965 908 4038">
     <span class='ocr_line' id='line_1_71' title="bbox 245 3965 908 4038; baseline 0.005 -21"><span class='ocrx_word' id='word_1_500' title='bbox 245 3967 467 4038; x_wconf 85' lang='grc' dir='ltr'>Ἀμνοῦ,</span> <span class='ocrx_word' id='word_1_501' title='bbox 493 3972 582 4026; x_wconf 81' lang='grc' dir='ltr'>τῆς</span> <span class='ocrx_word' id='word_1_502' title='bbox 608 3969 720 4025; x_wconf 85' lang='grc' dir='ltr'>νέας</span> <span class='ocrx_word' id='word_1_503' title='bbox 746 3965 908 4020; x_wconf 76' lang='grc' dir='ltr'>ἐστίν.</span> 
     </span>
    </p>
   </div>
   <div class='ocr_carea' id='block_1_72' title="bbox 319 4051 1870 4128">
    <p class='ocr_par' dir='ltr' id='par_1_72' title="bbox 319 4051 1870 4128">
     <span class='ocr_line' id='line_1_72' title="bbox 319 4051 1870 4128; baseline 0.005 -21"><span class='ocrx_word' id='word_1_504' title='bbox 319 4055 388 4107; x_wconf 83' lang='grc' dir='ltr'><strong><em>Ἠ</em></strong></span> <span class='ocrx_word' id='word_1_505' title='bbox 443 4057 552 4125; x_wconf 86' lang='lat'><strong>(&#39;2&#39;2)</strong></span> <span class='ocrx_word' id='word_1_506' title='bbox 601 4062 759 4106; x_wconf 86' lang='grc' dir='ltr'>τοῦτο</span> <span class='ocrx_word' id='word_1_507' title='bbox 803 4051 911 4108; x_wconf 83' lang='grc' dir='ltr'>εἷπε</span> <span class='ocrx_word' id='word_1_508' title='bbox 961 4052 1054 4108; x_wconf 78' lang='grc' dir='ltr'><strong>διὰ</strong></span> <span class='ocrx_word' id='word_1_509' title='bbox 1102 4059 1161 4108; x_wconf 85' lang='grc' dir='ltr'>τὸ</span> <span class='ocrx_word' id='word_1_510' title='bbox 1203 4054 1337 4128; x_wconf 84' lang='grc' dir='ltr'>αἷμα</span> <span class='ocrx_word' id='word_1_511' title='bbox 1389 4062 1446 4110; x_wconf 87' lang='grc' dir='ltr'>τὸ</span> <span class='ocrx_word' id='word_1_512' title='bbox 1502 4067 1599 4121; x_wconf 85' lang='grc' dir='ltr'>τῆς</span> <span class='ocrx_word' id='word_1_513' title='bbox 1637 4060 1870 4125; x_wconf 82' lang='grc' dir='ltr'>Παλαιᾶς</span> 
     </span>
    </p>
   </div>
   <div class='ocr_carea' id='block_1_73' title="bbox 247 4140 1866 4219">
    <p class='ocr_par' dir='ltr' id='par_1_73' title="bbox 247 4140 1866 4219">
     <span class='ocr_line' id='line_1_73' title="bbox 247 4140 1866 4219; baseline 0.004 -22"><span class='ocrx_word' id='word_1_514' title='bbox 247 4147 536 4206; x_wconf 79' lang='grc' dir='ltr'>Διαθηκης.</span> <span class='ocrx_word' id='word_1_515' title='bbox 587 4143 666 4196; x_wconf 89' lang='grc' dir='ltr'>Ἐν</span> <span class='ocrx_word' id='word_1_516' title='bbox 729 4151 791 4215; x_wconf 79' lang='grc' dir='ltr'>τῇ</span> <span class='ocrx_word' id='word_1_517' title='bbox 828 4140 1022 4215; x_wconf 75' lang='grc' dir='ltr'><strong>Ἐξόὸῳ</strong></span> <span class='ocrx_word' id='word_1_518' title='bbox 1064 4147 1166 4216; x_wconf 83' lang='grc' dir='ltr'><strong>γὰρ</strong></span> <span class='ocrx_word' id='word_1_519' title='bbox 1203 4148 1477 4219; x_wconf 87' lang='grc' dir='ltr'>ιιοσχάρια</span> <span class='ocrx_word' id='word_1_520' title='bbox 1520 4150 1678 4209; x_wconf 85' lang='grc' dir='ltr'>θύσας</span> <span class='ocrx_word' id='word_1_521' title='bbox 1709 4157 1866 4204; x_wconf 87' lang='grc' dir='ltr'>Μωῦ-</span> 
     </span>
    </p>
   </div>
   <div class='ocr_carea' id='block_1_74' title="bbox 250 4233 1863 4315">
    <p class='ocr_par' dir='ltr' id='par_1_74' title="bbox 250 4233 1863 4315">
     <span class='ocr_line' id='line_1_74' title="bbox 250 4233 1863 4315; baseline 0.006 -31"><span class='ocrx_word' id='word_1_522' title='bbox 250 4242 364 4299; x_wconf 74' lang='grc' dir='ltr'>σῆς,</span> <span class='ocrx_word' id='word_1_523' title='bbox 400 4237 458 4285; x_wconf 88' lang='grc' dir='ltr'>τὸ</span> <span class='ocrx_word' id='word_1_524' title='bbox 506 4237 672 4305; x_wconf 77' lang='grc' dir='ltr'>ἣμισυ</span> <span class='ocrx_word' id='word_1_525' title='bbox 713 4240 805 4285; x_wconf 90' lang='grc' dir='ltr'><strong>τοῦ</strong></span> <span class='ocrx_word' id='word_1_526' title='bbox 847 4234 1066 4305; x_wconf 83' lang='grc' dir='ltr'>αἳματος</span> <span class='ocrx_word' id='word_1_527' title='bbox 1111 4233 1305 4306; x_wconf 75' lang='grc' dir='ltr'>ἐνέχεεν</span> <span class='ocrx_word' id='word_1_528' title='bbox 1343 4237 1412 4298; x_wconf 82' lang='grc' dir='ltr'><strong>εἰς</strong></span> <span class='ocrx_word' id='word_1_529' title='bbox 1443 4237 1556 4310; x_wconf 76' lang='grc'>(23)</span> <span class='ocrx_word' id='word_1_530' title='bbox 1602 4249 1863 4315; x_wconf 80' lang='grc' dir='ltr'>κρατῆρα,</span> 
     </span>
    </p>
   </div>
   <div class='ocr_carea' id='block_1_75' title="bbox 1981 3280 3642 3358">
    <p class='ocr_par' dir='ltr' id='par_1_75' title="bbox 1981 3280 3642 3358">
     <span class='ocr_line' id='line_1_75' title="bbox 1981 3280 3642 3358; baseline -0.005 -16"><span class='ocrx_word' id='word_1_531' title='bbox 1981 3286 2228 3358; x_wconf 91' lang='lat' dir='ltr'><strong>quidem</strong></span> <span class='ocrx_word' id='word_1_532' title='bbox 2277 3287 2453 3343; x_wconf 90' lang='lat' dir='ltr'><strong>carbo</strong></span> <span class='ocrx_word' id='word_1_533' title='bbox 2485 3286 2660 3355; x_wconf 89' lang='lat' dir='ltr'><strong>hujus</strong></span> <span class='ocrx_word' id='word_1_534' title='bbox 2712 3284 2980 3357; x_wconf 88' lang='lat' dir='ltr'><strong>mysterii</strong></span> <span class='ocrx_word' id='word_1_535' title='bbox 3008 3299 3108 3339; x_wconf 89' lang='lat' dir='ltr'><strong>eos</strong></span> <span class='ocrx_word' id='word_1_536' title='bbox 3138 3281 3240 3354; x_wconf 91' lang='lat' dir='ltr'><strong>qui</strong></span> <span class='ocrx_word' id='word_1_537' title='bbox 3274 3280 3440 3352; x_wconf 90' lang='lat' dir='ltr'><strong>digni</strong></span> <span class='ocrx_word' id='word_1_538' title='bbox 3486 3285 3642 3346; x_wconf 90' lang='lat' dir='ltr'><strong>sunt,</strong></span> 
     </span>
    </p>
   </div>
   <div class='ocr_carea' id='block_1_76' title="bbox 1979 3369 3645 3448">
    <p class='ocr_par' dir='ltr' id='par_1_76' title="bbox 1979 3369 3645 3448">
     <span class='ocr_line' id='line_1_76' title="bbox 1979 3369 3645 3448; baseline -0.005 -16"><span class='ocrx_word' id='word_1_539' title='bbox 1979 3375 2256 3448; x_wconf 89' lang='lat' dir='ltr'><strong>indignos</strong></span> <span class='ocrx_word' id='word_1_540' title='bbox 2313 3391 2455 3432; x_wconf 89' lang='lat' dir='ltr'><strong>vero</strong></span> <span class='ocrx_word' id='word_1_541' title='bbox 2510 3374 2867 3438; x_wconf 90' lang='lat' dir='ltr'><strong>inﬂammat,</strong></span> <span class='ocrx_word' id='word_1_542' title='bbox 2906 3375 3073 3444; x_wconf 82' lang='lat' dir='ltr'><strong>juxta</strong></span> <span class='ocrx_word' id='word_1_543' title='bbox 3117 3371 3418 3444; x_wconf 89' lang='lat' dir='ltr'><strong>duplicem</strong></span> <span class='ocrx_word' id='word_1_544' title='bbox 3486 3369 3645 3440; x_wconf 89' lang='lat' dir='ltr'><strong>ignis</strong></span> 
     </span>
    </p>
   </div>
   <div class='ocr_carea' id='block_1_77' title="bbox 1981 3459 3648 3537">
    <p class='ocr_par' dir='ltr' id='par_1_77' title="bbox 1981 3459 3648 3537">
     <span class='ocr_line' id='line_1_77' title="bbox 1981 3459 3648 3537; baseline -0.004 -15"><span class='ocrx_word' id='word_1_545' title='bbox 1981 3467 2411 3537; x_wconf 84' lang='lat' dir='ltr'><strong>Operationem.</strong></span> <span class='ocrx_word' id='word_1_546' title='bbox 2455 3463 2795 3523; x_wconf 89' lang='lat' dir='ltr'><strong>Inﬂammat</strong></span> <span class='ocrx_word' id='word_1_547' title='bbox 2821 3467 3024 3521; x_wconf 88' lang='lat' dir='ltr'><strong>autem</strong></span> <span class='ocrx_word' id='word_1_548' title='bbox 3045 3460 3347 3535; x_wconf 90' lang='lat' dir='ltr'><strong>puniendo</strong></span> <span class='ocrx_word' id='word_1_549' title='bbox 3396 3463 3452 3515; x_wconf 85' lang='lat' dir='ltr'><strong>et.</strong></span> <span class='ocrx_word' id='word_1_550' title='bbox 3476 3459 3648 3515; x_wconf 89' lang='lat' dir='ltr'><strong>absu-</strong></span> 
     </span>
    </p>
   </div>
   <div class='ocr_carea' id='block_1_78' title="bbox 1979 3553 2226 3613">
    <p class='ocr_par' dir='ltr' id='par_1_78' title="bbox 1979 3553 2226 3613">
     <span class='ocr_line' id='line_1_78' title="bbox 1979 3553 2226 3613; baseline -0.004 0"><span class='ocrx_word' id='word_1_551' title='bbox 1979 3553 2226 3613; x_wconf 89' lang='lat' dir='ltr'><strong>mendo.</strong></span> 
     </span>
    </p>
   </div>
   <div class='ocr_carea' id='block_1_79' title="bbox 2055 3687 3646 3760">
    <p class='ocr_par' dir='ltr' id='par_1_79' title="bbox 2055 3687 3646 3760">
     <span class='ocr_line' id='line_1_79' title="bbox 2055 3687 3646 3760; baseline -0.004 -12"><span class='ocrx_word' id='word_1_552' title='bbox 2055 3694 2218 3748; x_wconf 88' lang='lat' dir='ltr'><strong>Vers.</strong></span> <span class='ocrx_word' id='word_1_553' title='bbox 2272 3692 2360 3747; x_wconf 83' lang='lat'><strong>27.</strong></span> <span class='ocrx_word' id='word_1_554' title='bbox 2393 3691 2470 3746; x_wconf 90' lang='lat' dir='ltr'><strong>Et</strong></span> <span class='ocrx_word' id='word_1_555' title='bbox 2524 3694 2753 3760; x_wconf 84' lang='lat' dir='ltr'><strong>sumpto</strong></span> <span class='ocrx_word' id='word_1_556' title='bbox 2811 3688 3070 3743; x_wconf 87' lang='lat' dir='ltr'><strong>-—Vers.</strong></span> <span class='ocrx_word' id='word_1_557' title='bbox 3127 3689 3217 3743; x_wconf 87' lang='lat'><strong>28.</strong></span> <span class='ocrx_word' id='word_1_558' title='bbox 3275 3687 3646 3743; x_wconf 88' lang='lat' dir='ltr'><strong>Testamenti.</strong></span> 
     </span>
    </p>
   </div>
   <div class='ocr_carea' id='block_1_80' title="bbox 1980 3774 3648 3849">
    <p class='ocr_par' dir='ltr' id='par_1_80' title="bbox 1980 3774 3648 3849">
     <span class='ocr_line' id='line_1_80' title="bbox 1980 3774 3648 3849; baseline -0.004 -13"><span class='ocrx_word' id='word_1_559' title='bbox 1980 3781 2132 3838; x_wconf 87' lang='lat' dir='ltr'><strong>Novi</strong></span> <span class='ocrx_word' id='word_1_560' title='bbox 2159 3779 2539 3849; x_wconf 88' lang='lat' dir='ltr'><strong>Testamenti,</strong></span> <span class='ocrx_word' id='word_1_561' title='bbox 2564 3780 2686 3834; x_wconf 84' lang='lat' dir='ltr'><strong>sive</strong></span> <span class='ocrx_word' id='word_1_562' title='bbox 2711 3794 2884 3835; x_wconf 73' lang='lat' dir='ltr'><strong>novae</strong></span> <span class='ocrx_word' id='word_1_563' title='bbox 2905 3776 3310 3847; x_wconf 89' lang='lat' dir='ltr'><strong>legislationis.</strong></span> <span class='ocrx_word' id='word_1_564' title='bbox 3342 3774 3648 3848; x_wconf 86' lang='lat' dir='ltr'><strong>Siquidem</strong></span> 
     </span>
    </p>
   </div>
   <div class='ocr_carea' id='block_1_81' title="bbox 1985 3864 3643 3941">
    <p class='ocr_par' dir='ltr' id='par_1_81' title="bbox 1985 3864 3643 3941">
     <span class='ocr_line' id='line_1_81' title="bbox 1985 3864 3643 3941; baseline -0.004 -15"><span class='ocrx_word' id='word_1_565' title='bbox 1985 3871 2234 3941; x_wconf 89' lang='lat' dir='ltr'><strong>sanguis</strong></span> <span class='ocrx_word' id='word_1_566' title='bbox 2275 3868 2579 3939; x_wconf 89' lang='lat' dir='ltr'><strong>ﬁgurativi</strong></span> <span class='ocrx_word' id='word_1_567' title='bbox 2634 3867 2794 3937; x_wconf 87' lang='lat' dir='ltr'><strong>agni,</strong></span> <span class='ocrx_word' id='word_1_568' title='bbox 2829 3867 3041 3922; x_wconf 89' lang='lat' dir='ltr'><strong>veteris</strong></span> <span class='ocrx_word' id='word_1_569' title='bbox 3081 3870 3206 3922; x_wconf 89' lang='lat' dir='ltr'><strong>erat</strong></span> <span class='ocrx_word' id='word_1_570' title='bbox 3244 3864 3643 3922; x_wconf 88' lang='lat' dir='ltr'><strong>Testamenti:</strong></span> 
     </span>
    </p>
   </div>
   <div class='ocr_carea' id='block_1_82' title="bbox 1984 3956 3120 4030">
    <p class='ocr_par' dir='ltr' id='par_1_82' title="bbox 1984 3956 3120 4030">
     <span class='ocr_line' id='line_1_82' title="bbox 1984 3956 3120 4030; baseline -0.004 -15"><span class='ocrx_word' id='word_1_571' title='bbox 1984 3960 2232 4030; x_wconf 86' lang='lat' dir='ltr'><strong>sanguis</strong></span> <span class='ocrx_word' id='word_1_572' title='bbox 2264 3964 2466 4014; x_wconf 89' lang='lat' dir='ltr'><strong>autem</strong></span> <span class='ocrx_word' id='word_1_573' title='bbox 2492 3957 2611 4013; x_wconf 91' lang='lat' dir='ltr'><strong>veri</strong></span> <span class='ocrx_word' id='word_1_574' title='bbox 2646 3956 2814 4027; x_wconf 86' lang='lat' dir='ltr'><strong>Agni,</strong></span> <span class='ocrx_word' id='word_1_575' title='bbox 2848 3960 2935 4012; x_wconf 91' lang='lat' dir='ltr'><strong>est</strong></span> <span class='ocrx_word' id='word_1_576' title='bbox 2955 3956 3120 4013; x_wconf 89' lang='lat' dir='ltr'><strong>novi.</strong></span> 
     </span>
    </p>
   </div>
   <div class='ocr_carea' id='block_1_83' title="bbox 2051 4061 3648 4135">
    <p class='ocr_par' dir='ltr' id='par_1_83' title="bbox 2051 4061 3648 4135">
     <span class='ocr_line' id='line_1_83' title="bbox 2051 4061 3648 4135; baseline -0.001 -17"><span class='ocrx_word' id='word_1_577' title='bbox 2051 4068 2087 4133; x_wconf 53' lang='lat'><strong>1‘</strong></span> <span class='ocrx_word' id='word_1_578' title='bbox 2113 4066 2215 4122; x_wconf 90' lang='lat' dir='ltr'><strong>Vel</strong></span> <span class='ocrx_word' id='word_1_579' title='bbox 2267 4066 2383 4122; x_wconf 92' lang='lat' dir='ltr'><strong>hoc</strong></span> <span class='ocrx_word' id='word_1_580' title='bbox 2408 4065 2573 4134; x_wconf 89' lang='lat' dir='ltr'><strong>dixit,</strong></span> <span class='ocrx_word' id='word_1_581' title='bbox 2627 4067 2868 4135; x_wconf 88' lang='lat' dir='ltr'><strong>propter</strong></span> <span class='ocrx_word' id='word_1_582' title='bbox 2909 4064 3260 4131; x_wconf 88' lang='lat' dir='ltr'><strong>sanguinem</strong></span> <span class='ocrx_word' id='word_1_583' title='bbox 3315 4061 3389 4118; x_wconf 90' lang='lat' dir='ltr'><strong>de</strong></span> <span class='ocrx_word' id='word_1_584' title='bbox 3419 4077 3542 4134; x_wconf 90' lang='lat' dir='ltr'><strong>quo</strong></span> <span class='ocrx_word' id='word_1_585' title='bbox 3587 4061 3648 4116; x_wconf 90' lang='lat' dir='ltr'><strong>in</strong></span> 
     </span>
    </p>
   </div>
   <div class='ocr_carea' id='block_1_84' title="bbox 1980 4149 3650 4211">
    <p class='ocr_par' dir='ltr' id='par_1_84' title="bbox 1980 4149 3650 4211">
     <span class='ocr_line' id='line_1_84' title="bbox 1980 4149 3650 4211; baseline -0.004 0"><span class='ocrx_word' id='word_1_586' title='bbox 1980 4155 2169 4211; x_wconf 86' lang='lat' dir='ltr'><strong>Veteri</strong></span> <span class='ocrx_word' id='word_1_587' title='bbox 2198 4157 2575 4210; x_wconf 86' lang='lat' dir='ltr'><strong>Testamento</strong></span> <span class='ocrx_word' id='word_1_588' title='bbox 2605 4153 2673 4208; x_wconf 84' lang='lat' dir='ltr'><strong>tit</strong></span> <span class='ocrx_word' id='word_1_589' title='bbox 2715 4167 2936 4207; x_wconf 91' lang='lat' dir='ltr'><strong>sermo.</strong></span> <span class='ocrx_word' id='word_1_590' title='bbox 2973 4155 3035 4206; x_wconf 93' lang='lat' dir='ltr'><strong>In</strong></span> <span class='ocrx_word' id='word_1_591' title='bbox 3069 4150 3272 4205; x_wconf 86' lang='lat' dir='ltr'><strong>Exodo</strong></span> <span class='ocrx_word' id='word_1_592' title='bbox 3323 4151 3481 4206; x_wconf 90' lang='lat' dir='ltr'><strong>enim</strong></span> <span class='ocrx_word' id='word_1_593' title='bbox 3510 4149 3650 4205; x_wconf 89' lang='lat' dir='ltr'><strong>dici-</strong></span> 
     </span>
    </p>
   </div>
   <div class='ocr_carea' id='block_1_85' title="bbox 1981 4238 3646 4317">
    <p class='ocr_par' dir='ltr' id='par_1_85' title="bbox 1981 4238 3646 4317">
     <span class='ocr_line' id='line_1_85' title="bbox 1981 4238 3646 4317; baseline -0.005 -15"><span class='ocrx_word' id='word_1_594' title='bbox 1981 4251 2073 4302; x_wconf 91' lang='lat' dir='ltr'><strong>tur</strong></span> <span class='ocrx_word' id='word_1_595' title='bbox 2102 4245 2264 4317; x_wconf 91' lang='lat' dir='ltr'><strong>quod</strong></span> <span class='ocrx_word' id='word_1_596' title='bbox 2291 4247 2612 4315; x_wconf 87' lang='lat' dir='ltr'><strong>postquam</strong></span> <span class='ocrx_word' id='word_1_597' title='bbox 2641 4244 2828 4297; x_wconf 87' lang='lat' dir='ltr'><strong>Moses</strong></span> <span class='ocrx_word' id='word_1_598' title='bbox 2859 4241 3078 4297; x_wconf 89' lang='lat' dir='ltr'><strong>vitulos</strong></span> <span class='ocrx_word' id='word_1_599' title='bbox 3123 4238 3515 4304; x_wconf 89' lang='lat' dir='ltr'><strong>immolasset,</strong></span> <span class='ocrx_word' id='word_1_600' title='bbox 3561 4238 3646 4293; x_wconf 89' lang='lat' dir='ltr'><strong>di-</strong></span> 
     </span>
    </p>
   </div>
   <div class='ocr_carea' id='block_1_86' title="bbox 245 4320 1870 4402">
    <p class='ocr_par' dir='ltr' id='par_1_86' title="bbox 245 4321 1868 4399">
     <span class='ocr_line' id='line_1_86' title="bbox 245 4321 1868 4399; baseline 0.006 -26"><span class='ocrx_word' id='word_1_601' title='bbox 245 4327 340 4374; x_wconf 79' lang='grc' dir='ltr'>καὶ</span> <span class='ocrx_word' id='word_1_602' title='bbox 392 4321 560 4374; x_wconf 82' lang='grc' dir='ltr'>λαϐὼν</span> <span class='ocrx_word' id='word_1_603' title='bbox 609 4326 666 4374; x_wconf 88' lang='grc' dir='ltr'>τὸ</span> <span class='ocrx_word' id='word_1_604' title='bbox 717 4321 923 4395; x_wconf 85' lang='grc' dir='ltr'>βιϐλίον</span> <span class='ocrx_word' id='word_1_605' title='bbox 968 4332 1058 4385; x_wconf 84' lang='grc' dir='ltr'>τῆς</span> <span class='ocrx_word' id='word_1_606' title='bbox 1119 4327 1402 4392; x_wconf 77' lang='grc' dir='ltr'>Διαθήκης,</span> <span class='ocrx_word' id='word_1_607' title='bbox 1449 4326 1638 4399; x_wconf 84' lang='grc' dir='ltr'>ανέγνω</span> <span class='ocrx_word' id='word_1_608' title='bbox 1683 4329 1753 4391; x_wconf 88' lang='grc' dir='ltr'>εἰς</span> <span class='ocrx_word' id='word_1_609' title='bbox 1801 4333 1868 4384; x_wconf 81' lang='grc' dir='ltr'>τὰ</span> 
     </span>
    </p>
   </div>
   <div class='ocr_carea' id='block_1_87' title="bbox 1989 4320 3653 4402">
    <p class='ocr_par' dir='ltr' id='par_1_87' title="bbox 1989 4329 3653 4402">
     <span class='ocr_line' id='line_1_87' title="bbox 1989 4329 3653 4402; baseline -0.007 -11"><span class='ocrx_word' id='word_1_610' title='bbox 1989 4335 2234 4391; x_wconf 89' lang='lat' dir='ltr'><strong>midium</strong></span> <span class='ocrx_word' id='word_1_611' title='bbox 2255 4332 2612 4402; x_wconf 89' lang='lat' dir='ltr'><strong>sanguinem</strong></span> <span class='ocrx_word' id='word_1_612' title='bbox 2651 4329 2856 4386; x_wconf 82' lang='lat' dir='ltr'><strong>eﬁ‘udit</strong></span> <span class='ocrx_word' id='word_1_613' title='bbox 2891 4331 2952 4385; x_wconf 93' lang='lat' dir='ltr'><strong>in</strong></span> <span class='ocrx_word' id='word_1_614' title='bbox 2983 4332 3294 4392; x_wconf 85' lang='lat' dir='ltr'><strong>craterem,</strong></span> <span class='ocrx_word' id='word_1_615' title='bbox 3320 4332 3653 4398; x_wconf 89' lang='lat' dir='ltr'><strong>sumptum-</strong></span> 
     </span>
    </p>
   </div>
   <div class='ocr_carea' id='block_1_88' title="bbox 250 4408 1865 4476">
    <p class='ocr_par' dir='ltr' id='par_1_88' title="bbox 250 4408 1865 4476">
     <span class='ocr_line' id='line_1_88' title="bbox 250 4408 1865 4476; baseline 0.006 -13"><span class='ocrx_word' id='word_1_616' title='bbox 250 4420 360 4464; x_wconf 83' lang='grc' dir='ltr'>ὦτα</span> <span class='ocrx_word' id='word_1_617' title='bbox 411 4420 501 4464; x_wconf 84' lang='grc' dir='ltr'><strong>τοῦ</strong></span> <span class='ocrx_word' id='word_1_618' title='bbox 543 4411 690 4464; x_wconf 85' lang='grc' dir='ltr'>λαοῦ·</span> <span class='ocrx_word' id='word_1_619' title='bbox 746 4415 836 4465; x_wconf 82' lang='grc' dir='ltr'>καὶ</span> <span class='ocrx_word' id='word_1_620' title='bbox 891 4408 1061 4465; x_wconf 78' lang='grc' dir='ltr'>εἶπανο</span> <span class='ocrx_word' id='word_1_621' title='bbox 1118 4415 1294 4467; x_wconf 86' lang='grc' dir='ltr'>Πάντᾶ</span> <span class='ocrx_word' id='word_1_622' title='bbox 1349 4417 1450 4468; x_wconf 87' lang='grc' dir='ltr'>ὅσα</span> <span class='ocrx_word' id='word_1_623' title='bbox 1502 4415 1720 4476; x_wconf 81' lang='grc' dir='ltr'>έλάλησε</span> <span class='ocrx_word' id='word_1_624' title='bbox 1766 4423 1865 4473; x_wconf 81' lang='grc' dir='ltr'><strong>Κύ-</strong></span> 
     </span>
    </p>
   </div>
   <div class='ocr_carea' id='block_1_89' title="bbox 249 4501 1864 4576">
    <p class='ocr_par' dir='ltr' id='par_1_89' title="bbox 249 4501 1864 4576">
     <span class='ocr_line' id='line_1_89' title="bbox 249 4501 1864 4576; baseline 0.005 -23"><span class='ocrx_word' id='word_1_625' title='bbox 249 4521 363 4575; x_wconf 88' lang='grc' dir='ltr'>ριος</span> <span class='ocrx_word' id='word_1_626' title='bbox 413 4506 700 4574; x_wconf 84' lang='grc' dir='ltr'>ποιήσομεν</span> <span class='ocrx_word' id='word_1_627' title='bbox 746 4507 836 4554; x_wconf 82' lang='grc' dir='ltr'>καὶ</span> <span class='ocrx_word' id='word_1_628' title='bbox 889 4501 1240 4576; x_wconf 81' lang='grc' dir='ltr'>ἀκουσόμεθα.</span> <span class='ocrx_word' id='word_1_629' title='bbox 1291 4504 1478 4557; x_wconf 87' lang='grc' dir='ltr'>Λαϐὼν</span> <span class='ocrx_word' id='word_1_630' title='bbox 1527 4503 1588 4559; x_wconf 74' lang='grc' dir='ltr'><strong>δὲ</strong></span> <span class='ocrx_word' id='word_1_631' title='bbox 1635 4515 1864 4569; x_wconf 79' lang='grc' dir='ltr'>Μωϋσῆς</span> 
     </span>
    </p>
   </div>
   <div class='ocr_carea' id='block_1_90' title="bbox 251 4588 1863 4664">
    <p class='ocr_par' dir='ltr' id='par_1_90' title="bbox 251 4588 1863 4664">
     <span class='ocr_line' id='line_1_90' title="bbox 251 4588 1863 4664; baseline 0.006 -22"><span class='ocrx_word' id='word_1_632' title='bbox 251 4595 310 4642; x_wconf 79' lang='grc' dir='ltr'>τὸ</span> <span class='ocrx_word' id='word_1_633' title='bbox 365 4592 520 4664; x_wconf 84' lang='grc' dir='ltr'>αἷμα,</span> <span class='ocrx_word' id='word_1_634' title='bbox 574 4588 931 4645; x_wconf 78' lang='grc' dir='ltr'>κατεσκέδασε</span> <span class='ocrx_word' id='word_1_635' title='bbox 995 4600 1088 4645; x_wconf 92' lang='grc' dir='ltr'><strong>τοῦ</strong></span> <span class='ocrx_word' id='word_1_636' title='bbox 1134 4592 1281 4662; x_wconf 90' lang='grc' dir='ltr'>λαοῦ,</span> <span class='ocrx_word' id='word_1_637' title='bbox 1341 4599 1430 4648; x_wconf 79' lang='grc' dir='ltr'><strong>καὶ</strong></span> <span class='ocrx_word' id='word_1_638' title='bbox 1505 4594 1658 4650; x_wconf 81' lang='grc' dir='ltr'>εἶπεν·</span> <span class='ocrx_word' id='word_1_639' title='bbox 1721 4595 1863 4651; x_wconf 75' lang='grc' dir='ltr'>Γδού</span> 
     </span>
    </p>
   </div>
   <div class='ocr_carea' id='block_1_91' title="bbox 251 4679 1865 4761">
    <p class='ocr_par' dir='ltr' id='par_1_91' title="bbox 251 4679 1865 4761">
     <span class='ocr_line' id='line_1_91' title="bbox 251 4679 1865 4761; baseline 0.006 -29"><span class='ocrx_word' id='word_1_640' title='bbox 251 4685 312 4733; x_wconf 83' lang='grc' dir='ltr'>τὸ</span> <span class='ocrx_word' id='word_1_641' title='bbox 359 4679 491 4753; x_wconf 82' lang='grc' dir='ltr'>αἷμα</span> <span class='ocrx_word' id='word_1_642' title='bbox 537 4689 630 4743; x_wconf 82' lang='grc' dir='ltr'>τῆς</span> <span class='ocrx_word' id='word_1_643' title='bbox 661 4679 946 4753; x_wconf 77' lang='grc' dir='ltr'>διαθήκης,</span> <span class='ocrx_word' id='word_1_644' title='bbox 980 4683 1039 4743; x_wconf 78' lang='grc' dir='ltr'>ἧς</span> <span class='ocrx_word' id='word_1_645' title='bbox 1079 4681 1279 4736; x_wconf 80' lang='grc' dir='ltr'>διέθετο</span> <span class='ocrx_word' id='word_1_646' title='bbox 1327 4687 1515 4759; x_wconf 82' lang='grc' dir='ltr'>Κύριος</span> <span class='ocrx_word' id='word_1_647' title='bbox 1563 4690 1695 4760; x_wconf 89' lang='grc' dir='ltr'>πρὸς</span> <span class='ocrx_word' id='word_1_648' title='bbox 1734 4691 1865 4761; x_wconf 82' lang='grc' dir='ltr'>ὑμᾶς</span> 
     </span>
    </p>
   </div>
   <div class='ocr_carea' id='block_1_92' title="bbox 250 4771 1863 4844">
    <p class='ocr_par' dir='ltr' id='par_1_92' title="bbox 250 4771 1863 4844">
     <span class='ocr_line' id='line_1_92' title="bbox 250 4771 1863 4844; baseline 0.007 -22"><span class='ocrx_word' id='word_1_649' title='bbox 250 4775 370 4844; x_wconf 84' lang='grc' dir='ltr'>περὶ</span> <span class='ocrx_word' id='word_1_650' title='bbox 427 4773 628 4824; x_wconf 89' lang='grc' dir='ltr'>πάντων</span> <span class='ocrx_word' id='word_1_651' title='bbox 702 4779 801 4824; x_wconf 82' lang='grc' dir='ltr'>τῶν</span> <span class='ocrx_word' id='word_1_652' title='bbox 875 4771 1036 4844; x_wconf 81' lang='grc' dir='ltr'>λόγων</span> <span class='ocrx_word' id='word_1_653' title='bbox 1085 4775 1303 4830; x_wconf 90' lang='grc' dir='ltr'>τούτων.</span> <span class='ocrx_word' id='word_1_654' title='bbox 1375 4774 1472 4828; x_wconf 90' lang='grc' dir='ltr'>Ἦν</span> <span class='ocrx_word' id='word_1_655' title='bbox 1541 4773 1628 4829; x_wconf 82' lang='grc' dir='ltr'>οὖν</span> <span class='ocrx_word' id='word_1_656' title='bbox 1705 4777 1863 4833; x_wconf 76' lang='grc' dir='ltr'>έκεῖνο</span> 
     </span>
    </p>
   </div>
   <div class='ocr_carea' id='block_1_93' title="bbox 323 4878 1415 4953">
    <p class='ocr_par' dir='ltr' id='par_1_93' title="bbox 323 4878 1415 4953">
     <span class='ocr_line' id='line_1_93' title="bbox 323 4878 1415 4953; baseline 0.005 -20"><span class='ocrx_word' id='word_1_657' title='bbox 323 4881 368 4915; x_wconf 81' lang='grc'>²¹</span> <span class='ocrx_word' id='word_1_658' title='bbox 399 4878 514 4935; x_wconf 88' lang='lat' dir='ltr'><strong>Isa.</strong></span> <span class='ocrx_word' id='word_1_659' title='bbox 546 4895 626 4945; x_wconf 82' lang='lat' dir='ltr'><strong>vi,</strong></span> <span class='ocrx_word' id='word_1_660' title='bbox 651 4879 706 4934; x_wconf 87' lang='lat'><strong>6.</strong></span> <span class='ocrx_word' id='word_1_661' title='bbox 786 4881 834 4915; x_wconf 84' lang='grc'><strong><em>²²</em></strong></span> <span class='ocrx_word' id='word_1_662' title='bbox 874 4880 1061 4937; x_wconf 84' lang='lat' dir='ltr'><strong>Exod.</strong></span> <span class='ocrx_word' id='word_1_663' title='bbox 1093 4896 1252 4948; x_wconf 79' lang='lat' dir='ltr'><strong>xxxv,</strong></span> <span class='ocrx_word' id='word_1_664' title='bbox 1282 4885 1415 4953; x_wconf 56' lang='grc'>6,,7.</span> 
     </span>
    </p>
   </div>
   <div class='ocr_carea' id='block_1_94' title="bbox 1977 4415 3649 4497">
    <p class='ocr_par' dir='ltr' id='par_1_94' title="bbox 1977 4415 3649 4497">
     <span class='ocr_line' id='line_1_94' title="bbox 1977 4415 3649 4497; baseline -0.005 -18"><span class='ocrx_word' id='word_1_665' title='bbox 1977 4439 2095 4497; x_wconf 90' lang='lat' dir='ltr'><strong>que</strong></span> <span class='ocrx_word' id='word_1_666' title='bbox 2141 4420 2495 4478; x_wconf 88' lang='lat' dir='ltr'><strong>Testamenti</strong></span> <span class='ocrx_word' id='word_1_667' title='bbox 2555 4420 2778 4475; x_wconf 88' lang='lat' dir='ltr'><strong>librum</strong></span> <span class='ocrx_word' id='word_1_668' title='bbox 2831 4419 2971 4491; x_wconf 88' lang='lat' dir='ltr'><strong>legit</strong></span> <span class='ocrx_word' id='word_1_669' title='bbox 2995 4417 3270 4474; x_wconf 89' lang='lat' dir='ltr'><strong>audiente</strong></span> <span class='ocrx_word' id='word_1_670' title='bbox 3301 4415 3548 4488; x_wconf 89' lang='lat' dir='ltr'><strong>populo,</strong></span> <span class='ocrx_word' id='word_1_671' title='bbox 3594 4420 3649 4471; x_wconf 93' lang='lat' dir='ltr'><strong>et</strong></span> 
     </span>
    </p>
   </div>
   <div class='ocr_carea' id='block_1_95' title="bbox 1977 4505 3648 4581">
    <p class='ocr_par' dir='ltr' id='par_1_95' title="bbox 1977 4505 3648 4581">
     <span class='ocr_line' id='line_1_95' title="bbox 1977 4505 3648 4581; baseline -0.004 -13"><span class='ocrx_word' id='word_1_672' title='bbox 1977 4515 2254 4568; x_wconf 89' lang='lat' dir='ltr'><strong>dixerunt</strong></span> <span class='ocrx_word' id='word_1_673' title='bbox 2283 4528 2296 4565; x_wconf 91' lang='lat'>:</span> <span class='ocrx_word' id='word_1_674' title='bbox 2333 4510 2544 4566; x_wconf 87' lang='lat' dir='ltr'><strong>Omnia</strong></span> <span class='ocrx_word' id='word_1_675' title='bbox 2565 4523 2934 4581; x_wconf 62' lang='lat' dir='ltr'><strong>quaecunque</strong></span> <span class='ocrx_word' id='word_1_676' title='bbox 2979 4510 3207 4564; x_wconf 80' lang='lat' dir='ltr'><strong>locutus</strong></span> <span class='ocrx_word' id='word_1_677' title='bbox 3239 4513 3320 4563; x_wconf 84' lang='lat' dir='ltr'><strong>est</strong></span> <span class='ocrx_word' id='word_1_678' title='bbox 3361 4505 3648 4561; x_wconf 85' lang='lat' dir='ltr'><strong>Dominus</strong></span> 
     </span>
    </p>
   </div>
   <div class='ocr_carea' id='block_1_96' title="bbox 1971 4598 3646 4673">
    <p class='ocr_par' dir='ltr' id='par_1_96' title="bbox 1971 4598 3646 4673">
     <span class='ocr_line' id='line_1_96' title="bbox 1971 4598 3646 4673; baseline -0.006 -13"><span class='ocrx_word' id='word_1_679' title='bbox 1971 4603 2284 4673; x_wconf 75' lang='lat' dir='ltr'><strong>faciemus,</strong></span> <span class='ocrx_word' id='word_1_680' title='bbox 2320 4607 2372 4656; x_wconf 92' lang='lat' dir='ltr'><strong>et</strong></span> <span class='ocrx_word' id='word_1_681' title='bbox 2418 4598 2742 4655; x_wconf 81' lang='lat' dir='ltr'><strong>obedientes</strong></span> <span class='ocrx_word' id='word_1_682' title='bbox 2775 4598 2990 4655; x_wconf 81' lang='lat' dir='ltr'><strong>erimus</strong></span> <span class='ocrx_word' id='word_1_683' title='bbox 3011 4600 3088 4654; x_wconf 75' lang='grc'><strong>’³.</strong></span> <span class='ocrx_word' id='word_1_684' title='bbox 3148 4598 3400 4668; x_wconf 91' lang='lat' dir='ltr'><strong>Sumpto</strong></span> <span class='ocrx_word' id='word_1_685' title='bbox 3454 4600 3646 4653; x_wconf 89' lang='lat' dir='ltr'><strong>autem</strong></span> 
     </span>
    </p>
   </div>
   <div class='ocr_carea' id='block_1_97' title="bbox 1974 4687 3647 4761">
    <p class='ocr_par' dir='ltr' id='par_1_97' title="bbox 1974 4687 3647 4761">
     <span class='ocr_line' id='line_1_97' title="bbox 1974 4687 3647 4761; baseline -0.005 -11"><span class='ocrx_word' id='word_1_686' title='bbox 1974 4696 2164 4750; x_wconf 80' lang='lat' dir='ltr'><strong>Moses</strong></span> <span class='ocrx_word' id='word_1_687' title='bbox 2190 4689 2485 4761; x_wconf 89' lang='lat' dir='ltr'><strong>sanguine</strong></span> <span class='ocrx_word' id='word_1_688' title='bbox 2508 4687 2762 4761; x_wconf 89' lang='lat' dir='ltr'><strong>aspersit</strong></span> <span class='ocrx_word' id='word_1_689' title='bbox 2781 4687 3099 4760; x_wconf 88' lang='lat' dir='ltr'><strong>populum,</strong></span> <span class='ocrx_word' id='word_1_690' title='bbox 3129 4691 3184 4744; x_wconf 91' lang='lat' dir='ltr'><strong>et</strong></span> <span class='ocrx_word' id='word_1_691' title='bbox 3205 4687 3284 4742; x_wconf 90' lang='lat' dir='ltr'><strong>ait</strong></span> <span class='ocrx_word' id='word_1_692' title='bbox 3312 4702 3326 4742; x_wconf 89' lang='lat'><strong>:</strong></span> <span class='ocrx_word' id='word_1_693' title='bbox 3350 4687 3500 4744; x_wconf 84' lang='lat' dir='ltr'><strong>Ecce</strong></span> <span class='ocrx_word' id='word_1_694' title='bbox 3513 4701 3647 4742; x_wconf 84' lang='lat' dir='ltr'><strong>san-</strong></span> 
     </span>
    </p>
   </div>
   <div class='ocr_carea' id='block_1_98' title="bbox 1972 4777 3647 4854">
    <p class='ocr_par' dir='ltr' id='par_1_98' title="bbox 1972 4777 3647 4854">
     <span class='ocr_line' id='line_1_98' title="bbox 1972 4777 3647 4854; baseline -0.005 -15"><span class='ocrx_word' id='word_1_695' title='bbox 1972 4783 2213 4854; x_wconf 86' lang='lat' dir='ltr'><strong>guinem</strong></span> <span class='ocrx_word' id='word_1_696' title='bbox 2244 4779 2574 4838; x_wconf 79' lang='lat' dir='ltr'><strong>testamenti</strong></span> <span class='ocrx_word' id='word_1_697' title='bbox 2603 4778 2759 4851; x_wconf 85' lang='lat' dir='ltr'><strong>quod</strong></span> <span class='ocrx_word' id='word_1_698' title='bbox 2785 4779 3015 4849; x_wconf 81' lang='lat' dir='ltr'><strong>pepigit</strong></span> <span class='ocrx_word' id='word_1_699' title='bbox 3039 4777 3330 4834; x_wconf 78' lang='lat' dir='ltr'><strong>vobiscum</strong></span> <span class='ocrx_word' id='word_1_700' title='bbox 3353 4778 3647 4834; x_wconf 85' lang='lat' dir='ltr'><strong>Dominus</strong></span> 
     </span>
    </p>
   </div>
   <div class='ocr_carea' id='block_1_99' title="bbox 1490 4992 2396 5067">
    <p class='ocr_par' dir='ltr' id='par_1_99' title="bbox 1490 4992 2396 5067">
     <span class='ocr_line' id='line_1_99' title="bbox 1490 4992 2396 5067; baseline 0.002 -5"><span class='ocrx_word' id='word_1_701' title='bbox 1490 4992 1714 5063; x_wconf 69' lang='lat' dir='ltr'><strong>Variae</strong></span> <span class='ocrx_word' id='word_1_702' title='bbox 1735 4995 2066 5067; x_wconf 90' lang='lat' dir='ltr'><strong>lectiones</strong></span> <span class='ocrx_word' id='word_1_703' title='bbox 2100 5005 2396 5064; x_wconf 75' lang='lat' dir='ltr'><strong>etnotae.</strong></span> 
     </span>
    </p>
   </div>
   <div class='ocr_carea' id='block_1_100' title="bbox 349 5113 1072 5188">
    <p class='ocr_par' dir='ltr' id='par_1_100' title="bbox 349 5113 1072 5188">
     <span class='ocr_line' id='line_1_100' title="bbox 349 5113 1072 5188; baseline 0.001 -19"><span class='ocrx_word' id='word_1_704' title='bbox 349 5114 437 5188; x_wconf 77' lang='grc'>14)</span> <span class='ocrx_word' id='word_1_705' title='bbox 476 5114 800 5188; x_wconf 54' lang='grc' dir='ltr'>Προσέθηκξ,</span> <span class='ocrx_word' id='word_1_706' title='bbox 828 5113 972 5188; x_wconf 64' lang='lat' dir='ltr'><strong>(30d.</strong></span> <span class='ocrx_word' id='word_1_707' title='bbox 1000 5123 1072 5170; x_wconf 80' lang='grc' dir='ltr'><strong>Α.</strong></span> 
     </span>
    </p>
   </div>
   <div class='ocr_carea' id='block_1_101' title="bbox 346 5184 979 5253">
    <p class='ocr_par' dir='ltr' id='par_1_101' title="bbox 346 5184 979 5253">
     <span class='ocr_line' id='line_1_101' title="bbox 346 5184 979 5253; baseline 0.003 -13"><span class='ocrx_word' id='word_1_708' title='bbox 346 5184 434 5251; x_wconf 80' lang='grc'>15)</span> <span class='ocrx_word' id='word_1_709' title='bbox 466 5184 700 5253; x_wconf 80' lang='grc' dir='ltr'>Πάντων,</span> <span class='ocrx_word' id='word_1_710' title='bbox 731 5184 874 5240; x_wconf 90' lang='lat' dir='ltr'><strong>Cod.</strong></span> <span class='ocrx_word' id='word_1_711' title='bbox 905 5189 979 5242; x_wconf 79' lang='grc' dir='ltr'><strong>Α.</strong></span> 
     </span>
    </p>
   </div>
   <div class='ocr_carea' id='block_1_102' title="bbox 344 5255 1546 5328">
    <p class='ocr_par' dir='ltr' id='par_1_102' title="bbox 344 5255 1546 5328">
     <span class='ocr_line' id='line_1_102' title="bbox 344 5255 1546 5328; baseline 0.003 -18"><span class='ocrx_word' id='word_1_712' title='bbox 344 5258 433 5328; x_wconf 83' lang='grc'>16)</span> <span class='ocrx_word' id='word_1_713' title='bbox 472 5255 714 5312; x_wconf 88' lang='lat' dir='ltr'><strong>Inclusa</strong></span> <span class='ocrx_word' id='word_1_714' title='bbox 743 5256 804 5328; x_wconf 86' lang='lat' dir='ltr'><strong>in</strong></span> <span class='ocrx_word' id='word_1_715' title='bbox 832 5255 1105 5328; x_wconf 86' lang='lat' dir='ltr'><strong>margine</strong></span> <span class='ocrx_word' id='word_1_716' title='bbox 1127 5256 1356 5316; x_wconf 82' lang='lat' dir='ltr'><strong>habent</strong></span> <span class='ocrx_word' id='word_1_717' title='bbox 1379 5259 1446 5328; x_wconf 80' lang='grc' dir='ltr'>Α,</span> <span class='ocrx_word' id='word_1_718' title='bbox 1482 5259 1546 5314; x_wconf 89' lang='grc' dir='ltr'><strong>Β.</strong></span> 
     </span>
    </p>
   </div>
   <div class='ocr_carea' id='block_1_103' title="bbox 321 5326 1015 5399">
    <p class='ocr_par' dir='ltr' id='par_1_103' title="bbox 321 5326 1015 5399">
     <span class='ocr_line' id='line_1_103' title="bbox 321 5326 1015 5399; baseline 0.003 -17"><span class='ocrx_word' id='word_1_719' title='bbox 321 5326 432 5399; x_wconf 85' lang='grc'>(17)</span> <span class='ocrx_word' id='word_1_720' title='bbox 474 5329 750 5399; x_wconf 83' lang='grc' dir='ltr'>Γενόμεθα,</span> <span class='ocrx_word' id='word_1_721' title='bbox 775 5326 898 5384; x_wconf 90' lang='lat' dir='ltr'><strong>Cod</strong></span> <span class='ocrx_word' id='word_1_722' title='bbox 925 5326 1015 5384; x_wconf 63' lang='grc' dir='ltr'><strong>Αῖ.</strong></span> 
     </span>
    </p>
   </div>
   <div class='ocr_carea' id='block_1_104' title="bbox 321 5399 1587 5470">
    <p class='ocr_par' dir='ltr' id='par_1_104' title="bbox 321 5399 1587 5470">
     <span class='ocr_line' id='line_1_104' title="bbox 321 5399 1587 5470; baseline 0.002 -16"><span class='ocrx_word' id='word_1_723' title='bbox 321 5399 436 5470; x_wconf 82' lang='grc'>(18)</span> <span class='ocrx_word' id='word_1_724' title='bbox 475 5406 658 5466; x_wconf 87' lang='grc' dir='ltr'>Τοῦτο,</span> <span class='ocrx_word' id='word_1_725' title='bbox 696 5403 826 5470; x_wconf 79' lang='lat' dir='ltr'><strong>post</strong></span> <span class='ocrx_word' id='word_1_726' title='bbox 858 5404 1118 5454; x_wconf 82' lang='grc' dir='ltr'>Δεσπότον</span> <span class='ocrx_word' id='word_1_727' title='bbox 1148 5399 1317 5459; x_wconf 90' lang='lat' dir='ltr'><strong>abest</strong></span> <span class='ocrx_word' id='word_1_728' title='bbox 1348 5400 1485 5458; x_wconf 90' lang='lat' dir='ltr'><strong>Cod.</strong></span> <span class='ocrx_word' id='word_1_729' title='bbox 1518 5404 1587 5458; x_wconf 78' lang='grc' dir='ltr'><strong>Α.</strong></span> 
     </span>
    </p>
   </div>
   <div class='ocr_carea' id='block_1_105' title="bbox 349 5470 1226 5534">
    <p class='ocr_par' dir='ltr' id='par_1_105' title="bbox 349 5470 1226 5534">
     <span class='ocr_line' id='line_1_105' title="bbox 349 5470 1226 5534; baseline 0.006 -11"><span class='ocrx_word' id='word_1_730' title='bbox 349 5471 434 5534; x_wconf 88' lang='grc'>19)</span> <span class='ocrx_word' id='word_1_731' title='bbox 472 5470 710 5526; x_wconf 89' lang='lat' dir='ltr'><strong>Inclusa</strong></span> <span class='ocrx_word' id='word_1_732' title='bbox 738 5470 954 5527; x_wconf 88' lang='lat' dir='ltr'><strong>omittit</strong></span> <span class='ocrx_word' id='word_1_733' title='bbox 983 5471 1130 5527; x_wconf 88' lang='lat' dir='ltr'><strong>Cod.</strong></span> <span class='ocrx_word' id='word_1_734' title='bbox 1159 5474 1226 5528; x_wconf 85' lang='lat' dir='ltr'><strong>A.</strong></span> 
     </span>
    </p>
   </div>
   <div class='ocr_carea' id='block_1_106' title="bbox 345 5541 1852 5622">
    <p class='ocr_par' dir='ltr' id='par_1_106' title="bbox 345 5541 1852 5622">
     <span class='ocr_line' id='line_1_106' title="bbox 345 5541 1852 5622; baseline 0.003 -26"><span class='ocrx_word' id='word_1_735' title='bbox 345 5542 436 5613; x_wconf 72' lang='lat'><strong>20)</strong></span> <span class='ocrx_word' id='word_1_736' title='bbox 472 5541 647 5597; x_wconf 77' lang='lat' dir='ltr'><strong>Aliud</strong></span> <span class='ocrx_word' id='word_1_737' title='bbox 669 5541 961 5622; x_wconf 68' lang='lat' dir='ltr'><strong>scholium</strong></span> <span class='ocrx_word' id='word_1_738' title='bbox 986 5543 1256 5622; x_wconf 73' lang='lat' dir='ltr'><strong>i_nc_ipit_a</strong></span> <span class='ocrx_word' id='word_1_739' title='bbox 1277 5543 1570 5622; x_wconf 89' lang='lat' dir='ltr'><strong>vocabulo</strong></span> <span class='ocrx_word' id='word_1_740' title='bbox 1595 5546 1852 5622; x_wconf 73' lang='grc' dir='ltr'>ἄνθρακα,</span> 
     </span>
    </p>
   </div>
   <div class='ocr_carea' id='block_1_107' title="bbox 253 5611 1856 5689">
    <p class='ocr_par' dir='ltr' id='par_1_107' title="bbox 253 5611 1856 5689">
     <span class='ocr_line' id='line_1_107' title="bbox 253 5611 1856 5689; baseline 0.004 -22"><span class='ocrx_word' id='word_1_741' title='bbox 253 5611 546 5669; x_wconf 73' lang='lat' dir='ltr'><strong>diverSum</strong></span> <span class='ocrx_word' id='word_1_742' title='bbox 561 5629 596 5669; x_wconf 93' lang='lat' dir='ltr'>a</span> <span class='ocrx_word' id='word_1_743' title='bbox 617 5613 801 5685; x_wconf 88' lang='lat' dir='ltr'><strong>priori</strong></span> <span class='ocrx_word' id='word_1_744' title='bbox 821 5614 876 5670; x_wconf 88' lang='lat' dir='ltr'><strong>in</strong></span> <span class='ocrx_word' id='word_1_745' title='bbox 895 5612 1038 5671; x_wconf 89' lang='lat' dir='ltr'><strong>Cod.</strong></span> <span class='ocrx_word' id='word_1_746' title='bbox 1059 5611 1128 5670; x_wconf 66' lang='grc' dir='ltr'><strong>ΑΙ</strong></span> <span class='ocrx_word' id='word_1_747' title='bbox 1150 5615 1212 5671; x_wconf 91' lang='lat' dir='ltr'><strong>Id</strong></span> <span class='ocrx_word' id='word_1_748' title='bbox 1231 5620 1431 5672; x_wconf 91' lang='lat' dir='ltr'><strong>autem</strong></span> <span class='ocrx_word' id='word_1_749' title='bbox 1449 5611 1856 5689; x_wconf 73' lang='lat' dir='ltr'><strong>superioribus</strong></span> 
     </span>
    </p>
   </div>
   <div class='ocr_carea' id='block_1_108' title="bbox 1969 5122 2268 5194">
    <p class='ocr_par' dir='ltr' id='par_1_108' title="bbox 1969 5122 2268 5194">
     <span class='ocr_line' id='line_1_108' title="bbox 1969 5122 2268 5194; baseline -0.01 -16"><span class='ocrx_word' id='word_1_750' title='bbox 1969 5122 2174 5194; x_wconf 87' lang='lat' dir='ltr'><strong>jungit</strong></span> <span class='ocrx_word' id='word_1_751' title='bbox 2191 5124 2268 5194; x_wconf 21' lang='lat' dir='ltr'><strong>iB.</strong></span> 
     </span>
    </p>
   </div>
   <div class='ocr_carea' id='block_1_109' title="bbox 2044 5187 3652 5265">
    <p class='ocr_par' dir='ltr' id='par_1_109' title="bbox 2044 5187 3652 5265">
     <span class='ocr_line' id='line_1_109' title="bbox 2044 5187 3652 5265; baseline -0.002 -17"><span class='ocrx_word' id='word_1_752' title='bbox 2044 5187 2158 5265; x_wconf 57' lang='lat'><strong>(21)</strong></span> <span class='ocrx_word' id='word_1_753' title='bbox 2189 5191 2427 5265; x_wconf 84' lang='lat' dir='ltr'><strong>Inclusa</strong></span> <span class='ocrx_word' id='word_1_754' title='bbox 2457 5189 2670 5265; x_wconf 81' lang='lat' dir='ltr'><strong>omittit</strong></span> <span class='ocrx_word' id='word_1_755' title='bbox 2696 5189 2838 5265; x_wconf 76' lang='lat' dir='ltr'><strong>Cod.</strong></span> <span class='ocrx_word' id='word_1_756' title='bbox 2863 5188 3301 5265; x_wconf 7' lang='lat' dir='ltr'><strong>_A._Hq_entenius</strong></span> <span class='ocrx_word' id='word_1_757' title='bbox 3333 5187 3414 5244; x_wconf 92' lang='lat' dir='ltr'><strong>ita</strong></span> <span class='ocrx_word' id='word_1_758' title='bbox 3454 5187 3652 5244; x_wconf 89' lang='lat' dir='ltr'><strong>reddi-</strong></span> 
     </span>
    </p>
   </div>
   <div class='ocr_carea' id='block_1_110' title="bbox 1973 5256 3650 5344">
    <p class='ocr_par' dir='ltr' id='par_1_110' title="bbox 1973 5256 3650 5344">
     <span class='ocr_line' id='line_1_110' title="bbox 1973 5256 3650 5344; baseline -0.005 -25"><span class='ocrx_word' id='word_1_759' title='bbox 1973 5256 2077 5344; x_wconf 43' lang='lat' dir='ltr'><strong>dit}</strong></span> <span class='ocrx_word' id='word_1_760' title='bbox 2112 5256 2182 5320; x_wconf 53' lang='lat'><strong>8:0</strong></span> <span class='ocrx_word' id='word_1_761' title='bbox 2204 5263 2256 5344; x_wconf 57' lang='grc' dir='ltr'>εξ</span> <span class='ocrx_word' id='word_1_762' title='bbox 2273 5266 2410 5344; x_wconf 83' lang='lat' dir='ltr'><strong>post</strong></span> <span class='ocrx_word' id='word_1_763' title='bbox 2439 5265 2530 5344; x_wconf 84' lang='grc' dir='ltr'><strong>μέν</strong></span> <span class='ocrx_word' id='word_1_764' title='bbox 2555 5261 2785 5344; x_wconf 76' lang='lat' dir='ltr'><strong>legerit,</strong></span> <span class='ocrx_word' id='word_1_765' title='bbox 2812 5256 2916 5344; x_wconf 60' lang='grc' dir='ltr'>ρῦν</span> <span class='ocrx_word' id='word_1_766' title='bbox 2948 5262 2974 5312; x_wconf 91' lang='lat'><strong>6</strong></span> <span class='ocrx_word' id='word_1_767' title='bbox 3001 5260 3198 5344; x_wconf 76' lang='grc' dir='ltr'>οἶνθραξ</span> <span class='ocrx_word' id='word_1_768' title='bbox 3227 5267 3319 5312; x_wconf 86' lang='grc' dir='ltr'><strong>τοῦ</strong></span> <span class='ocrx_word' id='word_1_769' title='bbox 3349 5265 3650 5344; x_wconf 52' lang='grc' dir='ltr'>μυστηρίου</span> 
     </span>
    </p>
   </div>
   <div class='ocr_carea' id='block_1_111' title="bbox 1971 5331 3647 5390">
    <p class='ocr_par' dir='ltr' id='par_1_111' title="bbox 1971 5331 3647 5390">
     <span class='ocr_line' id='line_1_111' title="bbox 1971 5331 3647 5390; baseline -0.002 -2"><span class='ocrx_word' id='word_1_770' title='bbox 1971 5339 2182 5390; x_wconf 85' lang='grc' dir='ltr'>τούτου.</span> <span class='ocrx_word' id='word_1_771' title='bbox 2219 5331 2382 5390; x_wconf 79' lang='lat' dir='ltr'><strong>Certe</strong></span> <span class='ocrx_word' id='word_1_772' title='bbox 2408 5331 2537 5390; x_wconf 89' lang='lat' dir='ltr'><strong>sine</strong></span> <span class='ocrx_word' id='word_1_773' title='bbox 2567 5333 2692 5389; x_wconf 89' lang='lat' dir='ltr'><strong>istis</strong></span> <span class='ocrx_word' id='word_1_774' title='bbox 2737 5331 2897 5387; x_wconf 87' lang='lat' dir='ltr'><strong>nulla</strong></span> <span class='ocrx_word' id='word_1_775' title='bbox 2935 5338 3023 5388; x_wconf 90' lang='lat' dir='ltr'><strong>est</strong></span> <span class='ocrx_word' id='word_1_776' title='bbox 3076 5331 3552 5388; x_wconf 84' lang='lat' dir='ltr'><strong>accommodatio</strong></span> <span class='ocrx_word' id='word_1_777' title='bbox 3576 5331 3647 5388; x_wconf 92' lang='lat' dir='ltr'><strong>ad</strong></span> 
     </span>
    </p>
   </div>
   <div class='ocr_carea' id='block_1_112' title="bbox 1972 5407 2390 5463">
    <p class='ocr_par' dir='ltr' id='par_1_112' title="bbox 1972 5407 2390 5463">
     <span class='ocr_line' id='line_1_112' title="bbox 1972 5407 2390 5463; baseline -0.007 0"><span class='ocrx_word' id='word_1_778' title='bbox 1972 5407 2137 5463; x_wconf 88' lang='lat' dir='ltr'><strong>hunc</strong></span> <span class='ocrx_word' id='word_1_779' title='bbox 2167 5407 2390 5463; x_wconf 92' lang='lat' dir='ltr'><strong>locum.</strong></span> 
     </span>
    </p>
   </div>
   <div class='ocr_carea' id='block_1_113' title="bbox 2069 5472 3460 5542">
    <p class='ocr_par' dir='ltr' id='par_1_113' title="bbox 2069 5472 3460 5542">
     <span class='ocr_line' id='line_1_113' title="bbox 2069 5472 3460 5542; baseline -0.002 -9"><span class='ocrx_word' id='word_1_780' title='bbox 2069 5478 2163 5542; x_wconf 79' lang='lat'><strong>22)</strong></span> <span class='ocrx_word' id='word_1_781' title='bbox 2193 5476 2430 5533; x_wconf 91' lang='lat' dir='ltr'><strong>Inclusa</strong></span> <span class='ocrx_word' id='word_1_782' title='bbox 2450 5475 2508 5532; x_wconf 90' lang='lat' dir='ltr'><strong>in</strong></span> <span class='ocrx_word' id='word_1_783' title='bbox 2528 5474 2688 5531; x_wconf 90' lang='lat' dir='ltr'><strong>calce</strong></span> <span class='ocrx_word' id='word_1_784' title='bbox 2718 5475 2950 5542; x_wconf 63' lang='lat' dir='ltr'><strong>paginis</strong></span> <span class='ocrx_word' id='word_1_785' title='bbox 2979 5472 3160 5530; x_wconf 91' lang='lat' dir='ltr'><strong>habet</strong></span> <span class='ocrx_word' id='word_1_786' title='bbox 3199 5473 3346 5530; x_wconf 92' lang='lat' dir='ltr'><strong>Cod.</strong></span> <span class='ocrx_word' id='word_1_787' title='bbox 3389 5479 3460 5530; x_wconf 82' lang='grc' dir='ltr'><strong>Α.</strong></span> 
     </span>
    </p>
   </div>
   <div class='ocr_carea' id='block_1_114' title="bbox 2045 5478 2905 5622">
    <p class='ocr_par' dir='ltr' id='par_1_114' title="bbox 2045 5478 2905 5622">
     <span class='ocr_line' id='line_1_114' title="bbox 2069 5478 2901 5542; baseline -0.006 -9"><span class='ocrx_word' id='word_1_788' title='bbox 2069 5481 2137 5533; x_wconf 81' lang='grc'>22</span> <span class='ocrx_word' id='word_1_789' title='bbox 2193 5478 2430 5533; x_wconf 91' lang='lat' dir='ltr'><strong>Inclusa</strong></span> <span class='ocrx_word' id='word_1_790' title='bbox 2450 5478 2508 5532; x_wconf 90' lang='lat' dir='ltr'><strong>in</strong></span> <span class='ocrx_word' id='word_1_791' title='bbox 2528 5478 2688 5531; x_wconf 90' lang='lat' dir='ltr'><strong>calce</strong></span> <span class='ocrx_word' id='word_1_792' title='bbox 2718 5478 2901 5542; x_wconf 84' lang='lat' dir='ltr'><strong>pagin</strong></span> 
     </span>
     <span class='ocr_line' id='line_1_115' title="bbox 2045 5478 2905 5622; baseline -0.006 -18"><span class='ocrx_word' id='word_1_793' title='bbox 2045 5478 2164 5621; x_wconf 56' lang='grc'>(25)</span> <span class='ocrx_word' id='word_1_794' title='bbox 2195 5548 2290 5611; x_wconf 85' lang='grc' dir='ltr'>Εἰς</span> <span class='ocrx_word' id='word_1_795' title='bbox 2313 5551 2400 5600; x_wconf 88' lang='grc' dir='ltr'><strong>τόν</strong></span> <span class='ocrx_word' id='word_1_796' title='bbox 2421 5554 2681 5622; x_wconf 77' lang='grc' dir='ltr'>κρατῇρα,</span> <span class='ocrx_word' id='word_1_797' title='bbox 2705 5543 2827 5600; x_wconf 88' lang='lat' dir='ltr'><strong>Cod</strong></span> <span class='ocrx_word' id='word_1_798' title='bbox 2859 5546 2905 5599; x_wconf 84' lang='grc' dir='ltr'><strong>Α</strong></span> 
     </span>
    </p>
   </div>
   <div class='ocr_carea' id='block_1_115' title="bbox 325 5729 2180 5812">
    <p class='ocr_par' dir='ltr' id='par_1_115' title="bbox 325 5729 2180 5812">
     <span class='ocr_line' id='line_1_116' title="bbox 325 5729 2180 5812; baseline 0.004 -28"><span class='ocrx_word' id='word_1_799' title='bbox 325 5729 444 5801; x_wconf 86' lang='lat' dir='ltr'><strong>(bb)</strong></span> <span class='ocrx_word' id='word_1_800' title='bbox 477 5729 789 5799; x_wconf 79' lang='lat' dir='ltr'><strong>Apposuit.</strong></span> <span class='ocrx_word' id='word_1_801' title='bbox 824 5730 997 5788; x_wconf 85' lang='lat' dir='ltr'><strong>Forte</strong></span> <span class='ocrx_word' id='word_1_802' title='bbox 1027 5731 1213 5788; x_wconf 86' lang='lat' dir='ltr'><strong>codex</strong></span> <span class='ocrx_word' id='word_1_803' title='bbox 1242 5732 1581 5806; x_wconf 85' lang='lat' dir='ltr'><strong>interpretis</strong></span> <span class='ocrx_word' id='word_1_804' title='bbox 1603 5734 1868 5794; x_wconf 87' lang='lat' dir='ltr'><strong>habebat</strong></span> <span class='ocrx_word' id='word_1_805' title='bbox 1895 5738 2180 5812; x_wconf 78' lang='grc' dir='ltr'>παρέθηκε.</span> 
     </span>
    </p>
   </div>
  </div>
