4096 6390
439 319 543 374 66³7

1753 320 2105 379 EUTHYMII
2126 318 2476 378 lilGABENl

3700 318 3814 374 668

437 446 506 499 de
531 445 791 501 omnibus
814 448 916 503 hic
942 450 1295 506 sermonibus
1325 451 1391 505 ³³.
1426 453 1563 507 Erat
1584 450 1786 523 itaque
1844 449 2069 519 sangui:

2200 449 2258 498 τὸ
2298 447 2449 518 αἷμα,
2499 449 2726 518 σφραγὶς
2772 452 2864 506 τῆς
2909 440 3189 512 διαθήκης,
3233 448 3323 497 καὶ
3364 445 3668 519 μαρτύριον,
3717 448 3815 499 καὶ

435 535 536 592 ille
568 535 829 604 sigillum
858 539 979 593 sive
1024 539 1398 608 signaculum
1446 540 1805 605 testamenti,
1842 555 1911 595 ac
1937 539 2093 594 testi-

439 625 709 681 monium
742 632 797 681 et
821 628 1187 684 conﬁrmatio
1218 628 1446 685 foederis
1475 630 1704 702 pepuli.

510 717 676 771 Vers.
712 718 797 770 28.
834 718 944 782 Qui
971 735 1075 786 pro
1105 720 1308 775 multis
1338 721 1692 789 effunditur.
1722 720 1817 774 Ille
1841 719 2087 792 quidem

436 805 680 873 sanguis
698 821 807 877 pro
834 807 976 862 solis
1002 807 1419 865 effundebatur
1435 810 1708 867 Hebraeis
1730 826 1743 875 ;
1769 809 1865 864 hic
1886 813 2087 865 autem

432 910 540 964 pro
569 894 851 950 omnibus
881 897 1220 953 homnibus.
1253 901 1459 955 Multos
1492 900 1789 971 siquidem
1826 899 1923 955 hic
1948 898 2088 955 dicit

433 998 644 1039 omnes
678 1002 691 1036 :
725 1000 869 1041 nam
910 1002 1120 1042 omnes
1148 987 1315 1043 multi
1352 992 1509 1044 sunt.
1542 988 1638 1043 Vel
1668 988 1899 1059 Multis,
1940 988 2086 1044 dixit

432 1074 878 1142 comparatione
895 1076 1084 1144 gentis
1102 1076 1321 1133 horum
1337 1078 1718 1134 Hebraeorum
1753 1100 1764 1143 ;
1798 1078 1913 1133 illis
1924 1078 2084 1133 enim

429 1160 629 1230 plures
659 1168 796 1217 sunt
833 1162 917 1229 hi,
949 1166 1050 1237 qui
1099 1181 1171 1221 ex
1219 1167 1493 1222 omnibus
1512 1166 1831 1223 liberantur
1860 1172 1917 1224 et
1964 1168 2086 1224 sal-

428 1254 660 1316 vantur,
693 1257 933 1324 propter
953 1270 1100 1325 quos
1127 1254 1392 1312 Christus
1416 1262 1684 1312 mortuus
1715 1261 1824 1313 est.

498 1483 665 1537 Vers.
687 1486 774 1539 ‘28.
812 1485 880 1540 In
912 1487 1302 1543 remissionem
1324 1493 1719 1557 peccatorum.
1754 1488 1854 1544 Ille
1903 1490 2084 1563 siqui-

427 1570 567 1627 dem
598 1574 656 1627 in
689 1574 938 1630 salutem
966 1580 1192 1631 tantum
1250 1578 1779 1647 primogenitorum
1821 1577 2084 1634 effunde-

430 1661 601 1717 batur
630 1684 641 1727 ;
674 1663 769 1717 hic
800 1670 999 1719 autem
1022 1666 1079 1719 in
1108 1666 1523 1721 remissionem
1554 1673 1933 1738 peccatorum
1957 1684 2081 1724 om-

427 1749 593 1805 nium
624 1751 959 1807 hominum.
996 1754 1134 1808 Vide
1158 1769 1298 1823 ergo
1330 1761 1556 1826 quanto
1605 1756 1906 1812 veteribus
1957 1774 2080 1814 ma-

420 1839 555 1909 jora
585 1841 699 1895 sint
728 1857 883 1895 nova
914 1844 1219 1913 mysteria.
1241 1843 1557 1916 Aptissime
1578 1861 1715 1901 vero
1746 1846 2079 1903 nominavit

421 1926 519 1983 hic
566 1930 992 1987 Testamentum
1030 1937 1271 2005 propter
1304 1935 1890 2007 appropinquantem
1925 1950 2079 1991 mor-

420 2020 537 2073 tem
572 2022 897 2084 ;testantur
928 2021 1087 2077 enim
1117 2022 1221 2093 qui
1278 2023 1630 2078 moriuntur.
1691 2026 1891 2097 Itaque
1931 2025 2080 2082 sicut

417 2108 593 2162 Vetus
612 2111 1053 2165 Testamentum
1079 2111 1305 2167 hostias
1327 2116 1382 2167 et
1404 2113 1761 2183 sanguinem
1787 2114 2073 2170 habebat:

415 2195 499 2251 ita
530 2212 675 2253 sane
715 2202 770 2253 et
808 2202 1061 2268 Novum,
1085 2216 1303 2273 corpus
1336 2202 1607 2260 videlicet
1639 2207 1696 2259 et
1721 2205 2077 2274 sanguinem

420 2285 675 2340 Domini.

485 2376 612 2430 Non
644 2374 790 2432 dixit
820 2380 1015 2433 autem
1046 2394 1057 2432 :
1090 2381 1223 2434 Haec
1268 2383 1404 2435 sunt
1432 2380 1604 2451 signa
1636 2382 1899 2453 corporis
1958 2384 2077 2439 mei

414 2467 469 2517 et
500 2463 811 2534 sanguinis
843 2468 957 2521 mei
989 2486 1001 2520 :
1037 2467 1160 2535 sed,
1194 2468 1319 2524 Haec
1351 2475 1488 2525 sunt
1530 2486 1746 2541 corpus
1778 2488 1979 2527 meum
2021 2476 2076 2529 et

412 2552 655 2623 sanguis
680 2569 870 2609 meus.
906 2557 1146 2626 Oportet
1170 2574 1306 2629 ergo
1320 2574 1438 2613 non
1469 2559 1546 2615 ad
1560 2564 1834 2616 naturam
1864 2576 2073 2617 eorum

410 2656 550 2711 quae
573 2647 983 2712 proponuntur
1001 2645 1285 2716 aspicere,
1313 2647 1418 2702 sed
1438 2647 1515 2702 ad
1540 2648 1814 2704 virtutem
1841 2666 2069 2707 eorum.

413 2730 938 2792 Quemadmodum
968 2734 1126 2789 enim
1147 2736 1673 2806 supernaturaliter
1691 2744 2070 2812 assumptam

411 2833 655 2874 carnem
674 2818 971 2877 deiﬁcavit
998 2822 1069 2885 (si
1089 2824 1168 2879 ita
1181 2823 1342 2896 loqui
1359 2825 1567 2893 liceat),
1600 2828 1683 2884 ita
1706 2835 1760 2885 et
1778 2829 1896 2884 hzec
1923 2830 2068 2887 inef-

408 2905 659 2962 fabiliter
677 2912 1036 2966 transmutat
1058 2912 1119 2967 in
1137 2913 1329 2984 ipsum
1350 2915 1643 2973 viviﬁcum
1658 2934 1876 2990 corpus
1892 2936 2068 2975 suum

408 2998 465 3051 et
492 2996 553 3051 in
581 2997 779 3069 ipsum
800 3003 1126 3070 pretiosum
1150 3003 1509 3073 sanguinem
1542 3022 1739 3076 suum,
1773 3013 1831 3063 et
1860 3009 1921 3063 in
1935 3024 2065 3078 gra-

407 3083 552 3141 tiam
588 3086 875 3157 ipsorum.

479 3212 702 3267 Habent
727 3216 924 3269 autem
942 3214 1390 3273 similitudinem
1420 3220 1776 3291 quamdam,
1796 3224 1970 3295 panis
1988 3222 2066 3280 ad

405 3315 648 3372 corpus,
681 3306 737 3357 et
765 3302 974 3359 vinum
1008 3306 1083 3360 ad
1115 3308 1492 3375 sanguinem.
1529 3308 1680 3366 Nam
1712 3315 1769 3367 et
1789 3312 1977 3383 panis,
2009 3318 2067 3369 et

405 3404 620 3461 corpus
651 3395 841 3447 terrea
870 3397 1007 3448 sunt
1034 3410 1045 3448 ε
1082 3393 1285 3449 vinum
1304 3400 1505 3452 autem
1532 3402 1588 3453 et
1617 3400 1864 3470 sanguis
1892 3418 2066 3459 aerea

403 3478 512 3550 (cc)
534 3485 589 3534 et
610 3480 825 3535 calida.
864 3483 929 3536 Et
982 3483 1490 3552 quemadmodum
1545 3488 1719 3558 panis
1750 3490 2061 3557 confortat,

402 3567 487 3623 ita
517 3572 573 3623 et
603 3568 815 3623 Christi
846 3586 1063 3641 corpus
1095 3572 1207 3627 hoc
1238 3572 1395 3641 facit,
1426 3590 1495 3631 ac
1514 3576 1709 3646 magis
1726 3579 1905 3635 etiam
1941 3597 2065 3636 cor-

402 3672 511 3727 pus
543 3660 597 3711 et
625 3656 911 3723 [animam
961 3660 1289 3717 sanctiﬁcat
1320 3679 1333 3716 :
1366 3668 1422 3719 et
1450 3664 1598 3720 sicut
1628 3666 1827 3721 vinum
1879 3668 2064 3725 laetiﬁ-

403 3747 516 3811 cat,
550 3744 629 3800 ita
659 3751 714 3800 et
737 3747 983 3815 sanguis
1012 3747 1220 3805 Christi
1247 3750 1361 3807 hoc
1390 3752 1620 3818 facit,et
1643 3756 1887 3830 insuper
1916 3775 2063 3831 pra:-

405 3832 622 3889 sidium
656 3832 930 3891 efﬁcitur.

476 3922 649 3987 Quod
677 3924 724 3977 si
748 3923 822 3979 de
848 3940 968 3980 uno
988 3941 1236 3998 corpore
1266 3934 1322 3985 et
1348 3933 1640 4001 sanguine
1676 3950 1888 3993 omnes
1919 3938 2062 3994 ﬁde-

403 4011 486 4066 les
522 4013 971 4085 participamus,
1012 4031 1222 4073 omnes
1248 4035 1438 4077 unum
1479 4039 1685 4079 sumus
1724 4041 1829 4097 per
1862 4028 2059 4098 ipsam

399 4100 617 4155 horum
661 4104 1075 4173 mysteriorum
1117 4108 1634 4181 participationem
1665 4133 1678 4173 :
1709 4119 1766 4171 et
1806 4116 1861 4171 in
1901 4117 2059 4174 Chri-

401 4192 491 4245 sto
517 4206 751 4257 omnes,
779 4193 1113 4251 etChristus
1137 4196 1202 4252 in
1226 4199 1532 4256 omnibus.
1556 4202 1664 4267 Qui
1675 4205 1807 4271 edit,
1842 4205 2053 4279 inquit,

398 4294 587 4335 meam
619 4295 853 4337 carnem
875 4287 928 4339 et
955 4282 1093 4339 bibit
1123 4302 1315 4343 meum
1332 4290 1700 4359 sanguinem,
1733 4295 1798 4349 in
1824 4310 1915 4352 me
1944 4313 2054 4351 ma-

398 4372 496 4424 net
522 4375 574 4424 et
606 4385 703 4440 ego
716 4372 779 4425 in
791 4372 894 4426 illo
908 4374 976 4426 ²⁴.
992 4372 1253 4431 Verbum
1268 4377 1555 4449 siquidem
1577 4397 1678 4452 per
1698 4386 2054 4457 assumptio-

2202 535 2422 607 βεϐαίως
2455 556 2500 597 ις
2526 544 2613 595 τῆς
2646 537 2908 596 συνθήκης
2940 554 3030 587 του
3060 534 3231 604 λαοῡ.]

2267 734 2335 782 Τό
2406 735 2524 804 περὶ
2592 730 2788 782 πολλῶν
2861 730 3221 801 ἕκχυνόμενον.
3305 732 3429 802 Περὶ
3495 729 3605 801 (24)
3681 729 3810 782 πολ-

2194 817 2314 886 λῶν,
2369 818 2483 871 ἀντὶ
2554 826 2663 885 τοῦ,
2729 822 2855 895 ὑπὲρ
2924 819 3144 872 πολλῶν.
3209 820 3399 873 Ἐκεῖνο
3457 821 3543 875 μὲν
3590 821 3690 894 γὰρ
3741 826 3807 873 τὸ

2195 909 2326 980 αἷμα
2366 910 2491 980 ὑπὲρ
2546 917 2645 960 τῶν
2702 908 2948 981 Ἑϐραίων
2993 913 3159 980 μόνων
3211 908 3458 982 ἐξεχεῖτο·
3512 917 3662 963 τοῦτο
3718 907 3801 977 δὲ,

2193 999 2318 1071 ὑπὲρ
2399 1000 2602 1049 πάντων
2669 997 2970 1072 ἀνθρώπων.
3036 998 3259 1059 Πολλοὺς
3326 1003 3427 1075 γὰρ
3500 1003 3618 1060 τοὺς
3673 1001 3809 1051 πάν-

2192 1105 2285 1146 τας
2358 1085 2579 1140 ἐνταῦθα
2666 1087 2810 1140 καλεῖ
2875 1086 3013 1159 (25).
3098 1092 3199 1142 Καὶ
3276 1091 3378 1163 γὰρ
3463 1091 3513 1141 οἱ
3588 1090 3804 1153 πάντες,

2190 1174 2388 1230 πολλοὶ.
2457 1182 2521 1229 Ἥ
2594 1175 2789 1228 πολλῶν
2852 1172 2979 1243 εἷπε,
3048 1180 3181 1249 πρὸς
3239 1181 3520 1252 σύγκρισιν
3549 1184 3641 1230 τοῦ
3698 1186 3806 1231 τῶν

2188 1262 2438 1339 Ἑϐραίων
2503 1268 2697 1328 ἔθνους.
2767 1265 2975 1327 Πλείονς
3022 1269 3123 1340 γὰρ
3196 1267 3383 1335 αὐτῶν,
3436 1270 3485 1320 οἱ
3540 1267 3593 1331 ἐξ
3640 1266 3806 1319 ἀπάν-

2190 1374 2290 1407 των
2320 1353 2729 1429 ἐλευθερούμενοι
2772 1360 2863 1408 καὶ
2909 1356 3216 1429 σωζόμενοι,
3261 1354 3333 1410 δι’
3380 1358 3469 1419 οὖς
3511 1359 3536 1409 6
3567 1359 3808 1431 Χριστὸς

2194 1441 2459 1497 ἀπέθανεν.

2261 1532 2349 1593 Εἰς
2414 1535 2596 1604 ἄφεσιν
2666 1533 2953 1606 ἁμαρτιῶν.
3007 1533 3199 1587 Ἐκεῖνο
3267 1538 3356 1606 μεν
3412 1538 3515 1609 γὰρ
3581 1535 3648 1597 εἰς
3700 1554 3808 1588 σω-

2189 1627 2372 1695 τηρίαν
2424 1630 2524 1673 τῶν
2572 1628 2914 1696 πρωτοτόκων
2974 1628 3142 1695 μόνων
3208 1622 3455 1696 ἐξεχεῖτο·
3502 1633 3656 1677 τοῦτο
3715 1612 3804 1696 δέ,

2190 1710 2257 1770 εὶς
2310 1712 2492 1782 ἄφεσιν
2544 1709 2810 1786 ἁμαρτιῶν
2864 1720 2963 1763 τῶν
3008 1715 3213 1765 πάντων
3274 1712 3575 1787 ἀνθρώπων.
3638 1714 3805 1788 Ὀρα,

2114 1803 2158 1857 Β
2188 1803 2349 1851 πόσον
2410 1800 2513 1852 εἰσὶ
2559 1801 2776 1872 μείζονα
2825 1809 2921 1853 τῶν
2969 1801 3204 1854 παλαιῶν
3255 1805 3321 1855 τὰ
3370 1808 3457 1855 νέα
3502 1808 3803 1877 μυστήρια,

2191 1894 2599 1961 Προσφυέστατα
2652 1887 2711 1943 δὲ
2765 1898 2853 1941 νῦν
2912 1893 3177 1949 Διαθήκην
3236 1895 3492 1965 ὠνόμασε,
3564 1889 3659 1945 διὰ
3707 1896 3803 1945 τὸν

2186 1980 2601 2051 προσεγγίζοντα
2650 1981 2884 2034 θάνατον.
2941 1983 3264 2033 Δια-τίθενται
3319 1983 3421 2057 γὰρ
3480 1984 3529 2035 οἱ
3576 1980 3807 2041 ἀποθνή-

2191 2086 2420 2128 σκοντες.
2463 2066 2664 2140 Ὠσπερ
2710 2064 2798 2120 οὖν
2848 2070 2876 2127 ή
2928 2069 3131 2121 Παλαιὰ
3175 2073 3406 2143 Διαθήκη
3461 2073 3664 2144 θύματα
3706 2076 3804 2124 καὶ

2188 2157 2388 2228 αἵματα
2417 2153 2575 2227 εἶχεν·
2611 2158 2771 2219 οὕτως
2799 2160 2903 2231 ἄρα
2932 2163 3022 2211 καὶ
3048 2161 3077 2217 ἡ
3125 2164 3312 2231 Καινή,
3352 2163 3410 2214 τὸ
3440 2169 3594 2234 σῶμα
3619 2165 3710 2214 καὶ
3735 2164 3802 2213 τὸ

2188 2245 2320 2299 αἷμα
2347 2252 2437 2297 τοῦ
2469 2249 2731 2298 Δεσπότου
2745 2288 2758 2301 .

2257 2428 2369 2481 Οὐκ
2407 2430 2517 2500 (26)
2552 2426 2661 2482 εἶπε
2707 2427 2785 2494 δὲ,
2820 2433 2900 2484 ὄτι
2940 2434 3119 2485 Ταῦτά
3156 2432 3261 2485 εἱσι
3293 2432 3530 2506 σύμϐολα
3557 2440 3649 2487 τοῦ
3689 2439 3805 2486 σώ-

2182 2522 2343 2591 ματός
2400 2539 2499 2590 μου
2544 2526 2635 2573 καὶ
2698 2529 2789 2573 τοῦ
2847 2524 3061 2594 αἵματός
3121 2540 3241 2594 μου·
3293 2521 3421 2594 ἀλλ’,
3475 2525 3556 2576 ὅτι
3618 2527 3808 2578 Ταῦτά

2185 2608 2315 2661 εἰσιν
2377 2609 2504 2661 αὖτό
2582 2613 2733 2683 σῶμά
2806 2630 2927 2683 μου,
3005 2617 3095 2663 καὶ
3166 2612 3292 2664 αὑτό
3368 2614 3425 2665 τὸ
3470 2613 3603 2685 αἷμά
3666 2633 3802 2685 μου.

2182 2701 2380 2751 Λοιπὸν
2426 2694 2533 2750 οὖν’
2590 2704 2701 2771 χρή
2754 2705 2824 2771 μὴ
2870 2704 3002 2773 πρὸς
3048 2706 3140 2759 τήν
3190 2704 3345 2773 φύσιν
3388 2710 3487 2754 τῶν
3519 2707 3804 2775 προκειμέ-

2180 2807 2275 2839 νων
2326 2789 2471 2861 ὁρᾷν,
2514 2787 2642 2840 ἀλλὰ
2697 2792 2829 2863 πρὸς
2892 2795 2986 2849 τήν
3046 2788 3267 2863 δύναμιν
3334 2791 3523 2849 αὐτῶν.
3591 2790 3799 2866 Ὠσπερ

2178 2879 2279 2949 γὰρ
2337 2878 2604 2951 ὑπερφυῶς
2677 2877 2863 2931 ἐθέωσε
2936 2885 3031 2937 τήν
3104 2879 3524 2955 προσληφθεῖσαν
3596 2882 3798 2953 σάρκα·

2179 2967 2343 3027 οὕτως
2398 2964 2695 3040 ἂπορῥήτως
2749 2977 3019 3039 μεταποιεῖ
3068 2973 3158 3021 καὶ
3209 2977 3377 3021 ταῦτα
3428 2969 3499 3030 εἰς
3552 2969 3678 3022 αὐτὸ
3729 2973 3795 3022 τὸ

2180 3054 2432 3114 ξωοποιόν
2481 3056 2640 3109 αὐτοῦ
2682 3064 2853 3129 σῶμα,
2904 3078 2993 3109 και
3038 3057 3109 3120 εἰς
3143 3058 3269 3110 αὐτό
3311 3061 3369 3111 τὸ
3408 3063 3581 3131 τίμιον
3629 3058 3797 3111 αὐτοῦ

2103 3148 2145 3205 0
2177 3142 2330 3216 αἷμα,
2362 3149 2449 3196 καὶ
2477 3144 2547 3206 εἰς
2578 3149 2670 3203 τήν
2702 3147 2865 3220 χάριν
2893 3146 3081 3202 αὐτῶν.

2246 3232 2477 3304 Ἔχουσι
2528 3229 2588 3286 δέ
2628 3254 2744 3287 τινα
2796 3240 2884 3288 καὶ
2927 3236 2952 3287 6
3002 3237 3160 3310 ἄρτος
3201 3238 3332 3311 πρός
3374 3239 3432 3289 τὸ
3476 3244 3648 3310 σῶμα,
3697 3242 3796 3291 καὶ

2174 3323 2200 3373 ό
2233 3318 2364 3384 οἶνος
2407 3325 2537 3397 πρὸς
2574 3325 2631 3376 τό
2668 3323 2800 3397 αἷμα
2830 3323 3117 3399 ἐμφέρειαν.
3154 3330 3253 3378 Καὶ
3299 3327 3324 3377 6
3367 3327 3524 3402 ἄρτος
3569 3328 3666 3402 γὰρ
3696 3332 3795 3380 καὶ

2173 3412 2232 3463 τό
2267 3419 2436 3483 σῶμα,
2469 3409 2667 3483 γεώδη,
2703 3418 2790 3465 καὶ
2821 3414 2846 3465 ὀ
2878 3410 3011 3476 οἶνος
3044 3419 3133 3467 καὶ
3163 3418 3219 3467 τὸ
3251 3412 3398 3488 αἷμα,
3438 3418 3782 3489 θερμαντικά,

2177 3505 2275 3552 Καὶ
2325 3502 2497 3575 ὥσπερ
2549 3504 2574 3553 ὁ
2626 3502 2781 3574 ἄρτος
2844 3504 3105 3575 στηρίξει,
3169 3504 3303 3556 οὕτω
3368 3509 3457 3556 καὶ
3522 3508 3578 3557 τὸ
3634 3513 3796 3578 σῶμα

2173 3596 2265 3641 τοῦ
2306 3597 2543 3662 Χριστοῦ
2590 3595 2743 3642 τουτὸ
2796 3611 2850 3643 τε
2894 3600 3051 3663 ποιεῖ,
3089 3598 3178 3645 καὶ
3219 3593 3387 3661 πλέον,
3440 3593 3648 3667 ἁγιάζει
3695 3600 3794 3648 καὶ

2176 3686 2328 3751 σῶμα
2355 3684 2445 3731 καὶ
2472 3679 2679 3751 ψυχήν.
2736 3686 2835 3733 Καὶ
2876 3684 3049 3753 ὥσπερ
3086 3684 3111 3735 6
3145 3681 3278 3744 οἶνος
3316 3685 3592 3760 εὐφραίνει,
3648 3686 3792 3737 οὕτω

2172 3771 2351 3820 καὶτὸ
2394 3767 2524 3839 αἷμα
2552 3777 2644 3820 τοῦ
2676 3777 2909 3831 Χριστοῦ
2957 3776 3110 3824 τοῦτό
3154 3792 3209 3826 τε
3254 3781 3411 3840 ποιεῖ,
3474 3779 3565 3827 καὶ
3609 3774 3789 3840 πλέον,

2168 3861 2363 3927 γίνεται
2388 3856 2758 3931 φυλακτήριον.

2241 3945 2302 3998 Εἰ
2359 3942 2409 3997 δ’
2442 3946 2548 4008 ἑνός
2601 3949 2951 4019 σώματος’καὶ
3009 3950 3232 4021 αἵματος
3274 3952 3322 4003 οἱ
3370 3953 3554 4013 πάντες
3597 3960 3790 4008 πιστοὶ

2168 4034 2644 4107 μεταλαμϐάνομεν,
2695 4039 2743 4088 οἱ
2794 4040 2974 4099 πάντες
3026 4040 3076 4091 ἕν
3125 4038 3297 4112 ἐσμεν,
3346 4037 3441 4093 διὰ
3477 4050 3573 4104 τῆς
3616 4041 3786 4106 αὐτῆς

2168 4132 2269 4177 τῶν
2328 4124 2496 4177 αὐτῶν
2550 4130 2853 4201 μυστηρίων
2902 4128 3258 4200 μεταλήψεως,
3307 4134 3396 4183 καὶ
3452 4130 3500 4183 ἐν
3560 4138 3785 4205 Χριστῷ

2166 4212 2372 4280 πάντες,
2434 4219 2523 4266 καὶ
2581 4216 2607 4266 6
2661 4221 2891 4288 Χριστός
2948 4216 2997 4268 ἐν
3059 4224 3241 4273 πᾶσιν.
3301 4219 3359 4271 Ὀ
3416 4226 3625 4294 τρώγων
3676 4240 3785 4294 μου

2162 4306 2284 4375 γὰρ,
2348 4307 2499 4374 φησὶ,
2556 4307 2649 4362 τὴν
2693 4307 2885 4378 σάρκα,
2936 4310 3024 4359 καὶ
3062 4312 3221 4359 πίνων
3270 4327 3370 4380 μου
3431 4313 3490 4361 τὸ
3530 4310 3680 4383 αἷμα,
3727 4310 3786 4364 ἓν

2164 4391 2278 4457 ἐμοὶ
2336 4394 2493 4463 μένει,
2555 4394 2702 4464 κάγὼ
2744 4393 2794 4445 ἐν
2835 4394 2994 4465 αὐτῷ.
3055 4395 3112 4448 Ὀ
3158 4399 3249 4468 μὲν
3295 4401 3398 4473 γὰρ
3442 4402 3608 4471 Λόγος
3644 4401 3785 4456 ἱ)νὼ-

397 4472 531 4512 nem
562 4458 723 4513 carni
755 4460 986 4516 unitum
1015 4466 1131 4518 est:
1166 4464 1292 4521 hinc
1323 4482 1525 4523 rursus
1564 4486 1700 4527 caro
1731 4474 1931 4529 unitur
1950 4491 2054 4532 no-

2185 4484 2227 4538 ln
2275 4458 2345 4552 τῇ.
2389 4458 2568 4555 σαρκὶ,
2612 4458 2704 4535 διὰ
2757 4492 2852 4545 τῆς
2905 4458 3267 4557 προσλήψεως·
3303 4458 3459 4547 ἀότη
3518 4458 3577 4542 6's
3622 4488 3785 4541 πάλιν

396 4544 491 4601 bis
518 4561 625 4617 per
648 4548 1178 4619 participationem.
1224 4557 1397 4613 Facta
1429 4564 1629 4615 autem
1658 4563 1968 4633 sanguinis
1997 4570 2054 4621 et

397 4637 735 4692 testamenti
756 4640 1331 4707 mentione,rursum
1360 4654 1614 4704 mortem
1640 4666 1815 4708 suam
1839 4668 2054 4725 repra-

397 4724 664 4813 sentavit,
683 4731 743 4781 ut
755 4726 883 4783 haec
894 4728 1066 4787 facile
1083 4732 1159 4790 ab
1173 4732 1257 4788 eis
1271 4735 1682 4809 susciperetur,
1698 4724 2049 4813 frequentis-

397 4812 552 4867 sima
580 4816 880 4873 mentione
912 4818 1195 4876 efﬁciens.
1237 4825 1385 4879 Nam
1423 4825 1473 4880 si
1502 4826 1635 4897 hac,
1666 4812 2050 4903 licetisaapius

394 4903 771 4977 annuntiata,
797 4907 875 4962 ad
906 4909 1204 4979 passionis
1223 4915 1418 4969 tamen
1440 4930 1662 4973 nomen
1694 4918 1822 4993 (dd)
1855 4922 2052 4980 turba-

468 5020 514 5053 ²³
547 5021 712 5078 Exod
734 5038 848 5091 xiv,
878 5023 933 5078 8.
1012 5026 1060 5060 ³⁸
1082 5027 1251 5083 Joan.
1284 5044 1362 5094 v1,
1391 5030 1483 5087 56.

2164 4571 2364 4623 ἑνοῦται
2411 4574 2557 4642 ἡμῖν,
2621 4569 2717 4625 διὰ
2753 4580 2843 4634 τῆς
2884 4575 3239 4646 μεταλήψεως.
3290 4578 3527 4649 Αἶματος
3586 4575 3644 4631 δὲ
3686 4584 3785 4632 καὶ

2164 4656 2423 4720 διαθήκης
2479 4664 2860 4733 μνημονεύσας,
2951 4667 3038 4716 τόν
3104 4666 3321 4718 θάνατον
3390 4668 3551 4721 αὑτοῦ
3620 4667 3784 4721 πάλιν

2162 4748 2383 4821 ἐνέφηνε,
2463 4757 2528 4822 τῇ
2606 4755 2893 4810 πυκνότητι
2948 4761 3046 4816 τῆς
3117 4759 3330 4827 μνήμης
3391 4754 3783 4831 εὖπαράδεκτον

2163 4837 2341 4899 αὐτοῖς
2392 4845 2570 4890 τοῦτον
2623 4842 2907 4897 καθιστῶν.
2962 4843 3024 4894 Εἰ
3060 4846 3184 4919 γὰρ,
3235 4850 3325 4897 καὶ
3364 4845 3614 4908 πολλάκις
3655 4849 3782 4899 τού-

2160 4946 2250 4980 του
2308 4928 2866 5003 προκαταγγελθέντος,
2941 4934 3076 5004 ὅμως
3130 4932 3254 5005 παρ’
3312 4934 3436 4987 αὐτὸ
3488 4939 3547 4989 τὸ
3608 4938 3784 5001 πάθος

1614 5183 1841 5254 Varia
1874 5186 2202 5261 lectiones
2243 5201 2311 5261 et
2348 5204 2550 5264 nota.

613 5386 929 5461 Aé'ye't,»pr0
954 5390 1117 5459 καλεῖ,
1147 5393 1295 5451 Cod.
1344 5397 1411 5450 A.

606 5316 720 5400 sex
743 5317 947 5389 priora
973 5320 1268 5400 vocabula
1299 5323 1499 5400 omisit
1520 5326 1833 5400 interpres.

462 5316 580 5527 £24;
606 5316 720 5372 Sex
743 5317 947 5389 priora
973 5320 1268 5379 vocabula
1299 5323 1499 5381 omisit
1520 5326 1833 5400 interpres.

487 5386 554 5440 25
620 5391 793 5459 Λέγει,
819 5405 929 5461 pro
954 5390 1117 5459 καλεῖ,
1147 5393 1295 5451 Cod.
1344 5397 1411 5450 A.

488 5457 557 5510 26
610 5459 780 5514 Hunc
802 5459 995 5517 locum
1040 5461 1243 5521 laudat
1268 5465 1596 5525 Richardus
1646 5470 1949 5529 Simonius
1990 5488 2060 5530 ex

399 5632 583 5759 coges)
637 5635 847 5695 Aerea.
924 5638 1100 5712 Ἀέρια
1168 5647 1277 5710 καί,
1336 5659 1461 5703 non
1533 5649 1718 5720 reperi
1795 5651 1856 5707 in
1907 5652 2057 5709 meis

2168 5336 2814 5465 (Iz‘qdlicibusﬂParisinis
2853 5340 2916 5397 in
2966 5342 3049 5398 De
3094 5345 3644 5403 commentatoribus
3694 5347 3783 5407 N.

2249 5424 2275 5464 s
2308 5451 2345 5465 ..
2374 5426 2429 5465 ο.
2535 5449 2546 5463 .

2249 5424 2345 5475 sa,
2374 5426 2429 5481 p.
2457 5424 2546 5465 ea.

2200 5725 2212 5736 _
2237 5654 2362 5739 (da)
2384 5656 2483 5740 ᾼά
2496 5657 2793 5726 passionis
2810 5664 2999 5716 tamen
3016 5675 3249 5719 nomen.
3273 5668 3408 5736 Ipso
3430 5666 3619 5722 tamen
3639 5681 3786 5740 pas-

2167 5730 2350 5782 sionis
2382 5730 2662 5800 tempore.
