4096 6374
217 316 341 371 669

1158 314 1527 371 COMMENT.
1571 314 1641 371 IN
1679 311 2114 368 ΜΑΤΤΗᾹΞΗΜ.
2157 344 2225 355 -—
2264 313 2417 369 CAP.
2462 314 2659 369 XXVI.

3503 313 3610 369 670

217 438 650 513 ἐθορυϐήθησαν,
701 443 757 493 τί
833 440 930 494 οὐκ
998 440 1059 493 ἄν
1133 442 1343 509 ἔπαθον,
1408 436 1575 513 μηδὲν
1636 458 1840 512 προμα-

1962 438 2208 495 bantur:
2239 440 2386 511 quid
2420 456 2543 497 non
2573 441 2732 513 passi
2758 440 3028 506 fuissent,
3076 440 3123 495 si
3152 440 3311 495 hanc
3340 440 3607 512 primum

219 532 399 591 θόντες
433 549 447 598 ;

300 625 513 680 Λουκᾶς
559 615 616 671 δε
667 618 808 689 λέγει
857 624 946 671 καὶ
1002 627 1151 672 τοῦτο
1210 620 1365 672 εἰπεῖν
1431 624 1542 671 τότε
1598 622 1681 671 τὸν
1734 620 1837 671 Κύ-

215 728 357 781 ριον,
419 710 501 760 ὅτι
556 715 719 761 Τοῦτο
778 708 973 762 ποιείτε
1039 709 1107 769 εἰς
1176 713 1270 767 τὴν
1329 708 1455 782 ἐμὴν
1522 706 1833 781 ἀνάμνησιν·

214 805 402 861 τοῦτο,
462 802 610 869 φησὶ,
674 802 731 849 τὸ
790 800 965 849 καινὸν
1018 803 1329 871 μυστήριον,
1388 802 1478 849 καὶ
1526 802 1599 868 μὴ
1660 796 1837 865 ἐκεῖνο,

215 890 278 939 τό
338 886 585 939 παλαιόν.
622 887 815 939 Ἐκεῖνο
857 891 947 960 μὲν
994 889 1115 962 γάρ,
1168 887 1225 940 τό
1268 890 1559 959 θυσίασμα,
1594 887 1659 947 εἰς
1712 885 1837 937 ἀνά-

217 996 425 1049 μνησιν
458 975 647 1047 ἐγίνετο
675 975 855 1043 τῆςμέν
877 977 1119 1048 Αἰγύπτῳ
1149 981 1405 1052 σωτηρίας
1438 986 1536 1028 τῶν
1560 974 1841 1050 Ἑϐραϊκῶν

216 1070 599 1142 πρωτοτόκων,
632 1071 721 1118 καὶ
769 1074 867 1129 τῆς
912 1075 1010 1119 τῶν
1060 1066 1309 1142 Ἐϐραίων
1341 1064 1641 1141 ἐλευθερίας·
1692 1072 1842 1118 τοῦτο

219 1152 283 1207 δὲ
319 1155 389 1215 εἷς
417 1152 709 1228 ἀνάμνησιν
748 1162 841 1207 τοῦ
885 1159 1165 1209 Δεσπότου.
1199 1158 1296 1209 Διὰ
1339 1164 1430 1216 τῆς
1470 1158 1710 1216 τοιαύτης
1743 1157 1841 1229 γὰρ

219 1245 425 1305 Θυσίας
484 1242 1004 1317 ἀναμιμνησκόμεθα,
1062 1248 1139 1298 ὅτι
1199 1247 1257 1297 τό
1322 1254 1474 1319 σῶμα
1529 1245 1689 1298 αὐτοῦ
1750 1265 1844 1297 πα-

213 1330 457 1404 ρέδωκεν
541 1338 614 1396 εὶς
677 1335 896 1387 θάνατον
966 1336 1093 1409 ὑπερ
1179 1336 1344 1408 ἡμῶν,
1406 1339 1495 1387 καὶ
1572 1338 1627 1387 τὸ
1711 1335 1845 1407 αἷμα

215 1422 389 1474 αὐτοῦ
433 1420 624 1495 ἐξέχεε,
658 1429 748 1476 καὶ
778 1433 841 1497 τῇ
903 1428 1149 1497 συνεχείᾳ
1196 1430 1291 1484 τὴν
1340 1429 1550 1498 μνήμην
1609 1423 1844 1476 ἀνανεού-

214 1513 381 1583 μεθα.

290 1598 481 1665 Εἶδες,
516 1609 627 1664 πῶς
660 1604 909 1675 μετέθηκε
947 1605 1066 1665 τοὺς
1096 1603 1335 1675 μαθητὰς
1368 1602 1467 1655 ἀπὸ
1498 1613 1588 1665 τῆς
1623 1604 1844 1665 παλαιᾶς

217 1692 419 1750 θυσίας
454 1687 537 1742 ἐπὶ
586 1694 678 1749 τὴν
730 1697 934 1750 καινήν.
986 1697 1118 1745 Ποία
1146 1696 1243 1766 γὰρ
1300 1692 1487 1754 εἰκόνος
1540 1695 1615 1746 ἔτι
1661 1694 1839 1766 χρεία,

1948 544 2071 583 non
2101 528 2451 585 didicissent
2474 532 2502 586 ?

2019 617 2112 673 Ait
2137 623 2336 674 autem
2386 620 2575 675 Lucas
2615 620 2731 676 hoc
2759 636 3003 692 quoque
3033 620 3253 676 dixisse
3283 620 3603 685 Christum,

1948 708 2070 762 Hoc
2088 708 2275 776 facite
2294 709 2353 763 in
2373 711 2488 765 mei
2503 710 2953 767 recordationem
2978 712 3061 777 25;
3092 710 3226 777 hoc,
3262 709 3476 782 inquit,
3502 725 3608 764 no-

1946 812 2088 850 vum
2122 798 2487 867 mysterium,
2522 804 2578 854 et
2606 814 2727 853 non
2747 798 2893 854 illud
2924 803 3118 854 vetus.
3166 798 3476 871 Siquidem
3517 814 3608 853 ve-

1948 887 2045 939 tus
2076 884 2218 939 illud
2252 888 2603 957 mysterium
2660 888 2720 942 in
2773 888 3245 944 recordationem
3295 887 3608 943 inductum

1920 1022 1931 1032 .
1952 979 2038 1029 est
2059 973 2265 1030 salutis
2296 975 2673 1032 Hebraeorum
2692 978 3228 1050 primogenitorum
3250 978 3307 1032 in
3329 978 3605 1052 Egypto,

1951 1080 2020 1119 ac
2046 1062 2329 1119 libertatis
2343 1065 2761 1122 Hebraeorum:
2788 1067 2899 1123 hoc
2933 1072 3133 1123 autem
3158 1068 3218 1122 in
3250 1066 3608 1123 recordatio-

1952 1168 2089 1208 nem
2116 1153 2371 1209 Domini.
2408 1153 2517 1210 Per
2564 1154 2678 1212 tale
2704 1156 2863 1211 enim
2904 1156 3263 1212 sacriﬁcium
3292 1156 3609 1212 reminisci-

1951 1258 2105 1308 mur,
2136 1244 2525 1316 quodcorpus
2548 1261 2723 1299 suum
2745 1261 2852 1317 pro
2866 1246 3040 1301 nobis
3064 1246 3125 1301 in
3147 1250 3397 1302 mortem
3431 1245 3607 1301 tradi-

1950 1331 2119 1403 derit,
2147 1336 2202 1387 et
2231 1334 2583 1402 sanguinem
2611 1351 2786 1390 suum
2804 1334 3096 1401 effuderit,
3121 1351 3191 1392 ac
3220 1336 3300 1392 ita
3313 1337 3606 1393 continui-

1950 1425 2067 1477 tate
2098 1422 2454 1477 memoriam
2483 1438 2868 1479 renovamus.

2022 1619 2235 1675 Vidisti
2260 1636 2381 1692 quo
2410 1624 2587 1691 pacto
2618 1620 2949 1693 discipulos
2970 1637 3007 1676 a
3034 1621 3217 1678 veteri
3248 1621 3611 1679 sacriﬁcioin

1954 1725 2177 1765 novum
2205 1709 2568 1765 transtulerit
2598 1709 2624 1763 ?
2648 1712 2792 1765 Nam
2815 1726 2950 1782 quae
2978 1715 3063 1766 est
3089 1711 3372 1784 deinceps
3401 1712 3611 1784 imagi-

213 1785 335 1839 τοῖς
364 1775 475 1837 ἤδν
502 1780 558 1832 τό
588 1785 928 1855 πρωτότυπον
968 1784 1157 1854 ἔχουσι
1191 1801 1203 1852 ;
1238 1788 1374 1841 Φησὶ
1402 1779 1460 1835 δὲ
1491 1786 1515 1835 ὁ
1544 1784 1843 1859 χρυσόστο-

1962 1798 2048 1854 nis
2066 1798 2304 1863 utilitas,
2346 1809 2548 1854 verum
2564 1799 2693 1869 jam
2721 1775 3030 1870 exemplar
3050 1775 3407 1856 habentibus
3422 1802 3450 1858 ?
3465 1775 3613 1858 Dicit

216 1888 319 1940 μσς
348 1867 497 1939 (27),
530 1870 609 1921 ὃτι
652 1874 739 1922 καὶ
776 1872 802 1922 ὁ
832 1874 1054 1943 Χριστός
1100 1880 1300 1944 πρῶτος
1354 1875 1469 1925 τότε
1498 1877 1725 1945 μετέσχε
1754 1880 1845 1925 τοῦ

220 1958 553 2030 μυστηρίου,
606 1960 689 2011 ἵνα
734 1962 807 2032 μὴ
865 1956 1188 2033 ἀηδισθῶσι,
1248 1964 1443 2037 σαρκὸς
1490 1966 1581 2015 καί
1633 1963 1851 2035 αἵματος

220 2046 539 2119 μεταλαϐεῖν
590 2046 999 2125 ἑπιτρεπόμενοι·
1036 2054 1118 2103 καὶ
1149 2053 1335 2103 τούτου
1369 2048 1427 2104 δὲ
1456 2057 1754 2127 τεκμῄριον,
1788 2057 1846 2106 τὸ

224 2156 387 2189 ειπειν
420 2154 599 2189 αυτ-ον·

306 2231 441 2297 Δέγω
473 2257 540 2267 -
599 2231 802 2303 Πατρός
835 2247 963 2301 μου.
1026 2228 1087 2282 Εἰ
1146 2226 1205 2282 δὲ
1253 2236 1343 2282 τοῦ
1395 2235 1649 2303 ποτηρίου
1701 2236 1845 2305 μετέ-

236 2336 356 2389 σχε,
412 2315 689 2389 μετέλαϐεν
760 2318 865 2393 ἄρα
940 2322 1030 2371 καὶ
1090 2325 1181 2371 τοῦ
1230 2319 1410 2393 ἄρτου.
1466 2324 1535 2373 Τὸ
1600 2323 1690 2393 μὲν
1756 2319 1842 2374 οὖν

228 2405 450 2481 ἀπάρτι,
510 2411 757 2479 σημαίνει
836 2410 915 2478 τὸ,
1005 2406 1106 2460 ἀπὸ
1168 2415 1259 2460 τοῦ
1340 2416 1446 2462 νῦν.
1504 2409 1725 2485 Ἠμέραν
1785 2408 1844 2464 δε

225 2495 424 2553 ἐκείνην
480 2494 620 2567 λέγει
656 2498 744 2548 τὸν
794 2498 926 2569 μετὰ
995 2502 1089 2556 τὴν
1171 2496 1458 2551 ἀνάστασιν
1514 2499 1673 2552 αὐτοῦ
1728 2521 1838 2553 και-

220 2589 334 2660 ρόν,
398 2588 485 2638 ὅτε
539 2588 694 2658 ἔφαγε
740 2590 831 2638 καὶ
888 2593 995 2639 ἔπιε
1044 2590 1173 2661 μετὰ
1230 2596 1329 2640 τῶν
1378 2591 1643 2662 μαθητῶν,
1698 2590 1843 2644 ὁκαὶ

222 2673 377 2727 αὐτοὶ
436 2677 738 2748 ποιούμενοι
800 2683 896 2737 τῆς
954 2674 1284 2738 ἀναστάσεως
1345 2678 1503 2731 αὑτοῦ
1552 2676 1841 2750 ἀπόδειξιν,

220 2765 417 2835 ἔλεγον,
501 2764 615 2836 (28)
687 2765 885 2826 Οῖτινες
940 2769 1287 2840 συνεφάγομεν
1368 2773 1458 2820 καὶ
1540 2773 1841 2843 συνεπίομεν

222 2854 389 2906 αὐτῶ.
430 2856 619 2906 Καινόν
670 2850 750 2920 δὲ,
808 2853 922 2906 ἀντὶ
960 2863 1070 2921 τοῦ,
1128 2865 1317 2919 καινῶς
1347 2862 1437 2909 καὶ
1493 2855 1831 2931 παραδόξως.

221 2951 329 2997 Τοῦ
380 2948 629 3013 σώματος
681 2945 783 3021 γὰρ
844 2942 1298 3017 ἀθανατισθέντος,
1352 2952 1440 3000 καὶ
1491 2953 1679 3020 μηκέτι
1719 2945 1840 3001 δεο-

222 3037 381 3106 μένου
448 3031 695 3107 βρώσεως
750 3033 779 3092 ἣ
832 3037 1050 3100 πόσεως,
1104 3037 1259 3108 ἔφαγε
1296 3041 1385 3089 καὶ
1432 3038 1586 3103 ἔπιεν,
1649 3038 1707 3089 οὐ
1750 3034 1844 3089 διὰ

1958 1893 2159 1944 autem
2190 1888 2670 1960 Chrysostomus,
2702 1888 2869 1960 quod
2889 1888 3151 1944 Christus
3183 1893 3324 1945 tunc
3377 1891 3609 1963 primus

1957 1977 2243 2050 participe
2255 1977 2686 2049 vitmyterium,
2710 1993 2785 2033 ne
2800 1977 3115 2034 molestum
3128 1979 3213 2035 eis
3237 1984 3409 2045 esset,
3440 1980 3611 2052 quod

1958 2083 2193 2124 carnem
2226 2070 2282 2123 et
2307 2068 2660 2136 sanguinem
2693 2067 3049 2139 participare
3093 2084 3197 2124 eos
3227 2069 3605 2137 hortaretur;

1955 2158 2126 2228 cujus
2152 2156 2333 2213 etiam
2364 2156 2607 2226 signum
2638 2164 2763 2213 erat
2782 2157 2925 2229 quia
2948 2157 3127 2213 dixit:

2026 2246 2188 2302 Vers.
2218 2250 2303 2302 29.
2350 2246 2494 2303 Dico
2544 2277 2613 2286 —
2650 2246 2843 2302 Patris
2872 2248 2999 2303 mei.
3046 2249 3216 2314 Quod
3246 2248 3293 2304 si
3323 2250 3609 2322 poculum

1954 2335 2348 2408 participavit,
2376 2335 2579 2407 utique
2606 2340 2663 2391 et
2682 2352 2923 2408 panem.
2953 2337 3201 2393 Posthac
3225 2354 3383 2405 vero,
3412 2339 3473 2395 id
3498 2344 3606 2406 est,

1954 2424 2028 2480 ab
2056 2425 2173 2480 hac
2201 2426 2368 2481 hora.
2393 2424 2557 2481 Diem
2590 2433 2790 2482 autem
2811 2426 2978 2482 illum
3002 2430 3178 2483 vocat
3206 2431 3441 2501 tempus
3472 2434 3610 2501 post

1953 2514 2482 2579 Resurrectionem,
2512 2515 2760 2587 quando
2787 2515 2909 2571 edit
2925 2519 2980 2572 et
3006 2515 3153 2571 bibit
3193 2533 3322 2573 cum
3348 2518 3609 2590 discipu-

1955 2603 2062 2659 lis:
2098 2604 2260 2675 quod
2311 2604 2489 2660 etiam
2530 2603 2642 2677 ipsi
2692 2609 2994 2661 sumentes
3047 2620 3155 2677 pro
3187 2611 3348 2662 certo
3394 2608 3609 2663 Resur-

1952 2693 2231 2749 rectionis
2255 2692 2501 2757 indicio,
2533 2693 2833 2760 dicebant,
2870 2695 2985 2762 Qui
3025 2696 3511 2752 manducavimus
3557 2702 3611 2752 et

1955 2782 2202 2838 bibimus
2224 2798 2351 2838 cum
2374 2798 2439 2838 eo
2470 2784 2543 2839 ³⁸.
2580 2786 2811 2838 Novum
2851 2800 3012 2848 vero,
3051 2785 3111 2839 id
3138 2789 3225 2840 est
3245 2801 3401 2841 novo
3426 2792 3482 2841 et
3508 2786 3611 2841 ad-

1953 2871 2231 2927 mirando
2252 2871 2458 2928 modo.
2494 2872 2639 2927 Cum
2670 2873 2832 2928 enim
2854 2889 3069 2944 corpus
3098 2873 3345 2929 haberet
3375 2875 3611 2930 immor-

1950 2960 2087 3026 tale,
2143 2976 2250 3016 nec
2303 2960 2566 3032 amplius
2599 2960 2733 3017 cibo
2764 2966 2957 3030 egeret
2993 2968 3096 3018 aut
3142 2968 3308 3034 potu,
3350 2963 3613 3021 comedit

1951 3054 2151 3106 tamen
2175 3054 2230 3104 et
2256 3049 2409 3105 bibit
2436 3066 2447 3105 :
2482 3065 2605 3106 non
2636 3050 2717 3106 ob
2757 3051 3192 3119 necessitatem,
3218 3052 3323 3107 sed
3345 3052 3420 3107 ob
3445 3053 3609 3111 certi-

223 3126 441 3197 χρείαν,
505 3120 631 3174 ἀλλὰ
697 3118 790 3174 διὰ
848 3123 959 3195 (29)
1007 3122 1376 3198 πληροφορίαν,
1413 3134 1503 3179 τοῦ
1547 3130 1618 3200 μὴ
1659 3128 1843 3201 φάσμα

1962 3138 2241 3205 tudinem,
2266 3154 2335 3194 ne
2373 3139 2731 3209 phantasma
2760 3139 3075 3196 videretur.
3112 3118 3383 3210 Regnum
3408 3144 3612 3198 autem

226 3209 428 3265 δοκεῖν.
462 3210 736 3264 Βασιλείαν
765 3207 824 3264 δὲ
852 3210 999 3264 καλεῖ
1021 3217 1114 3272 τὴν
1145 3211 1389 3267 δοθεῖσαν
1410 3214 1550 3287 αὐτῷ
1581 3216 1839 3284 ἐξουσίαν,

226 3304 296 3363 ὡς
332 3299 609 3375 ἀνθρώπῳ,
652 3302 781 3371 μετά
839 3304 933 3360 τὴν
991 3300 1297 3357 ἀνάστασιν.
1356 3301 1548 3363 Ἐδόθη
1581 3326 1671 3378 μοι
1717 3309 1841 3383 γὰρ,

226 3410 295 3463 φη
308 3394 380 3457 σὶ,
423 3395 576 3442 πᾶσα
605 3388 822 3453 ἐξουσία
848 3388 897 3442 ἓν
927 3390 1125 3465 οὐρανῷ
1146 3396 1235 3445 καὶ
1266 3391 1350 3446 ἐπὶ
1369 3403 1435 3465 γῆ
1450 3416 1487 3456 ς.
1521 3401 1624 3447 Τοῦ
1646 3399 1846 3469 Πατρός

226 3498 330 3551 μου
365 3476 447 3547 δέ,
480 3482 748 3548 τουτέστι,
780 3485 842 3552 τῇ
877 3479 977 3532 ὑπὸ
1007 3488 1099 3533 τοῦ
1126 3487 1331 3555 Πατρός
1358 3501 1458 3555 μου
1483 3480 1699 3557 δοθείσῃ
1732 3504 1842 3558 μοι.

225 3572 395 3625 Τοῦτο
429 3564 489 3621 δὲ
522 3566 652 3635 εἷπε,
697 3571 789 3621 καὶ
820 3564 960 3621 διότι
988 3574 1116 3644 πρὸς
1142 3571 1297 3623 αὐτὸν
1332 3570 1569 3648 ἀναφέρει
1588 3574 1758 3626 πάντα
1784 3576 1848 3627 τὰ

229 3678 449 3711 εαυτου.

296 3755 527 3829 Ὁμοίως
558 3752 616 3809 δὲ
640 3761 732 3809 καὶ
775 3757 988 3829 Μάρκος
1040 3756 1281 3833 ἔγραψεν.
1338 3756 1502 3813 Ὀταν
1559 3762 1685 3815 αὐτό
1716 3766 1847 3815 πίνω

225 3848 407 3897 καινὸν
474 3842 522 3896 ἓν
577 3854 640 3918 τῇ
727 3845 974 3919 βασιλείᾳ
1024 3855 1116 3900 τοῦ
1192 3856 1345 3902 Θεοῦ.
1431 3856 1535 3903 Ναὶ
1604 3856 1700 3923 μὴν
1758 3858 1847 3905 καὶ

230 3941 466 4001 Λουκᾶς,
535 3934 693 3997 Ἐως
764 3937 883 3988 ὅτου
940 3938 970 3994 ἡ
1035 3935 1282 4009 βασιλεία
1349 3947 1440 3991 τοῦ
1523 3945 1649 3994 Θεοῦ
1700 3940 1843 4015 ἔλθη·

230 4024 514 4097 βασιλείαν
540 4029 630 4077 καὶ
672 4024 837 4090 οὗτοι,
888 4030 982 4085 τὴν
1032 4023 1374 4095 δηλωθεῖσαν,
1409 4028 1658 4101 λέγοντες,
1708 4030 1849 4093 ἕξου-

233 4118 373 4166 σίαν.
407 4113 469 4167 Ὀ
510 4110 570 4166 δε
608 4120 821 4177 Λουκᾶς
848 4116 922 4167 ἔτι
952 4119 1042 4167 καὶ
1096 4121 1213 4190 περὶ
1259 4124 1348 4170 τοῦ
1378 4126 1591 4191 νομικοῦ
1624 4125 1848 4191 Πασχα-

231 4208 394 4275 φησὶν
449 4202 607 4256 εἰπεῖν
650 4206 739 4255 τὸν
778 4208 1031 4277 Χριστόν,
1067 4206 1147 4257 ὅτι
1187 4205 1261 4258 Οὐ
1290 4212 1362 4279 μὴ
1398 4210 1545 4280 φάγω
1584 4208 1636 4272 ἐξ
1664 4209 1844 4278 αὐτοῦ,

229 4292 324 4355 ἕως
359 4294 485 4345 ὅτου
538 4291 787 4366 πληρωθῇ
821 4291 868 4345 ἐν
900 4301 961 4367 τῇ
1007 4293 1253 4367 βασιλείᾳ
1298 4304 1389 4348 τοῦ
1424 4305 1578 4367 Θεοῦ,
1612 4295 1845 4370 δηλαδὴ,

229 4392 290 4455 τῇ
358 4384 501 4434 κατὰ
556 4386 643 4435 τὸν
729 4382 891 4436 ἁὶῶνοι
940 4388 1029 4436 τόν
1085 4383 1356 4457 μέλλοντα.
1420 4391 1519 4440 Καὶ
1579 4391 1694 4441 τότε
1748 4392 1846 4466 γὰρ

1952 3232 2127 3285 vocat
2148 3231 2495 3300 potestatem
2521 3228 2725 3285 datam
2759 3228 2873 3284 sibi
2906 3232 3190 3301 tanquam
3214 3230 3446 3285 homini
3475 3233 3613 3302 post

1953 3318 2469 3373 resurrectionem.
2505 3318 2656 3373 Data
2685 3325 2764 3374 est
2794 3318 2962 3383 mihi,
2991 3318 3204 3391 inquit,
3246 3320 3431 3375 omnis
3454 3326 3611 3392 pote-

1954 3412 2076 3463 stas
2115 3408 2177 3462 in
2205 3408 2342 3462 caelo
2372 3414 2425 3463 et
2445 3407 2508 3462 in
2538 3413 2701 3464 terra
2726 3409 2793 3461 ³⁷.
2853 3408 3046 3463 Patris
3076 3412 3277 3464 tamen
3328 3410 3444 3465 mei
3470 3409 3612 3465 dicit

1954 3497 2071 3553 hoc
2097 3500 2201 3562 est,
2224 3496 2388 3569 quod
2419 3512 2457 3553 a
2493 3500 2657 3553 Patre
2688 3496 2837 3552 mihi
2861 3496 3072 3552 datum
3121 3502 3226 3553 est.
3262 3500 3380 3553 Hoc
3410 3502 3610 3554 autem

1955 3584 2123 3652 dixit,
2140 3586 2281 3656 quia
2301 3585 2381 3643 ad
2407 3585 2577 3641 illum
2603 3584 2780 3641 refert
2798 3584 3005 3642 omnia
3029 3602 3156 3657 qua:
3189 3601 3297 3640 sua
3317 3590 3473 3642 sunt.

2028 3782 2304 3839 Similiter
2325 3786 2379 3839 et
2409 3784 2635 3838 Marcus
2663 3781 2901 3854 scripsit
2925 3798 2937 3837 :
2960 3783 3204 3850 Quando
3224 3782 3414 3839 bibam
3436 3783 3611 3839 illum

1957 3888 2171 3928 novum
2199 3873 2264 3927 in
2290 3887 2464 3940 regno
2496 3871 2602 3928 Dei
2622 3872 2693 3926 ³⁸.
2724 3872 3013 3928 Ρτωῐθτειι
3044 3872 3226 3927 Lucas
3255 3889 3268 3927 :
3302 3872 3496 3929 Donec
3524 3888 3612 3929 re-

1955 3978 2137 4032 gnum
2163 3962 2278 4017 Dei
2298 3961 2494 4018 veniat
2518 3963 2567 3997 ²⁶
2598 3977 2611 4017 ;
2642 3966 2921 4017 vocantes
2949 3960 3011 4015 hi
3041 3960 3309 4017 similiter
3333 3977 3611 4031 regnum,

1957 4051 2309 4123 praedictam
2326 4054 2701 4122 potestatem.
2720 4050 2906 4105 Lucas
2920 4049 3097 4105 etiam
3112 4051 3187 4105 de
3198 4050 3373 4119 legali
3387 4051 3615 4108 Pascha

1959 4140 2253 4198 Christum
2284 4140 2366 4196 ait
2394 4140 2641 4195 dixisse:
2671 4138 2807 4195 Non
2836 4139 2998 4195 edam
3026 4154 3102 4195 ex
3139 4154 3203 4197 eo
3250 4140 3425 4195 donec
3455 4155 3614 4197 com-

1954 4231 2199 4300 pleatur
2214 4246 2279 4286 ιη
2292 4245 2467 4301 regno
2484 4230 2594 4285 Dei
2619 4231 2686 4296 ³ο,
2710 4227 2877 4300 quod
2888 4227 3160 4283 videlicet
3180 4228 3287 4283 erit
3308 4228 3365 4283 in
3387 4228 3609 4285 saeculo

1957 4324 2205 4375 venturo
2232 4336 2245 4373 :
2287 4323 2427 4375 tunc
2456 4319 2617 4375 enim
2654 4318 2879 4375 Pascha
2917 4316 3178 4389 perﬁciet
3207 4320 3264 4373 et
3294 4317 3611 4388 perfectius

1959 4412 2015 4464 et
2035 4408 2260 4479 purius,
2279 4406 2604 4463 immolans
2624 4405 2925 4463 ineffabile
2950 4405 3211 4461 Verbum
3225 4405 3545 4461 divinitatis
3555 4408 3614 4462 et

229 4470 509 4524 ἓπιτελέσει
538 4476 596 4524 τὸ
649 4474 853 4545 Πάσχα
910 4473 1218 4547 τελειότερόν
1262 4495 1316 4528 τε
1344 4480 1433 4527 καὶ
1464 4478 1843 4551 καθαρώτερον,

1962 4470 2347 4554 humanitatis
2372 4513 2516 4559 suae,
2537 4496 2739 4566 gladio
2752 4494 3036 4551 doctrina:
3054 4494 3361 4551 dissecans
3381 4494 3523 4550 illud
3541 4510 3613 4552 ac

232 4563 365 4615 θύων
418 4564 506 4613 τόν
566 4559 861 4637 ἀπόρῥητον
915 4561 1063 4635 λόγον
1119 4572 1211 4637 τῇς
1269 4566 1510 4627 θεότητος
1548 4566 1708 4619 αὐτοῦ
1759 4573 1849 4622 καὶ

228 4659 327 4723 τῇς
352 4649 772 4724 ἀνθρωπότητος,
810 4660 873 4725 τῇ
924 4658 1172 4726 μαχαίρᾳ
1202 4660 1297 4726 τῇς
1343 4649 1719 4721 διδασκαλίας,
1759 4663 1849 4709 καὶ

232 4737 457 4814 διαιρῶν
494 4740 650 4793 αὐτόν
680 4746 770 4794 καὶ
816 4737 1072 4815 διανέμων
1108 4749 1218 4804 τοῖς
1276 4741 1441 4807 ἀξίοις
1480 4752 1575 4818 τῇς
1604 4749 1849 4810 τοιαύτης

230 4850 301 4901 μυ
310 4834 631 4902 σταγωγίας.

302 4923 395 4982 Τίς
426 4916 488 4972 δί
515 4921 547 4977 ἠ
597 4924 752 4981 πόσις
948 4925 1038 4973 καὶ
1060 4919 1111 4993 (ἡ
1169 4919 1461 4985 ἀπόλαυσις
1488 4940 1503 4992 ;
1534 4924 1706 4998 Ἠμῶν
1734 4928 1847 4998 μὶν,

1958 4586 2232 4643 dividens
2256 4586 2349 4642 his
2390 4586 2496 4659 qui
2526 4600 2829 4643 sacrorum
2860 4600 3111 4641 suorum
3140 4584 3415 4642 doctrina
3444 4583 3614 4654 digni

1959 4680 2155 4733 erunt.

2028 4925 2201 4995 Quod
2230 4928 2432 4982 autem
2468 4923 2565 4981 vel
2593 4928 2891 4997 quantum
2936 4923 3227 4995 gaudium
3254 4927 3361 4990 est,
3399 4925 3464 4977 ut
3500 4936 3614 4978 nos

302 5048 351 5083 ³³
395 5046 537 5103 Luc.
584 5061 729 5117 xxu,
776 5049 862 5102 t9.
907 5046 955 5082 ³⁸
996 5048 1117 5103 Act.
1179 5063 1241 5114 x,
1284 5048 1374 5103 41.
1412 5050 1461 5084 ³⁷
1507 5051 1703 5108 Matth.
1750 5066 1843 5108 ιιι

1990 5053 2082 5108 18.
2134 5048 2183 5087 ³⁸
2232 5052 2405 5108 Marc.
2456 5051 2544 5116 14,
2600 5052 2691 5105 25.
2749 5051 2797 5085 ²⁹
2850 5049 2994 5105 Luc.
3046 5062 3146 5112 xx,
3206 5048 3295 5101 18.
3369 5045 3417 5080 ³ο
3461 5043 3613 5101 Ibid.

236 5138 323 5191 16.

1488 5317 1712 5387 Variae
1725 5317 2055 5388 lectiones
2072 5326 2137 5386 et
2152 5326 2351 5386 notae.

329 5582 420 5655 28)
455 5582 603 5654 Ὅτι,
628 5598 739 5655 pro
766 5582 947 5655 οὗτινες
966 5582 1077 5655 ,ἀεὶ
1102 5582 1247 5640 Cod.
1279 5584 1353 5642 A.

332 5654 421 5723 29)
461 5658 575 5723 Διά,
606 5654 827 5712 omittit
858 5654 1006 5711 Cod.
1041 5659 1110 5713 Δ.

327 5514 418 5578 2'7)
453 5517 627 5569 Tom.
666 5511 781 5578 VII,
812 5525 874 5578 p.
906 5511 1031 5568 783.
1070 5510 1137 5567 Β.

327 5516 393 5569 2'7
453 5517 627 5569 Tom.
666 5512 781 5578 VII,
859 5552 874 5566 .
906 5512 1031 5568 783.
1070 5512 1137 5567 Β.

329 5587 396 5639 28
455 5582 603 5654 Ὅτι,
628 5598 739 5655 pro
766 5525 947 5665 οὲινες
971 5582 1077 5640 dat
1102 5582 1247 5640 Cod.
1279 5584 1353 5642 Α.

332 5660 398 5711 29
461 5658 575 5723 Διά,
606 5655 827 5712 omittit
858 5654 1006 5711 Cod.
1041 5659 1110 5713 Δ.

333 5730 398 5782 30
460 5732 708 5797 Ποσότις,
736 5741 849 5799 pro
874 5730 1047 5791 πόσις,
1077 5726 1225 5784 Cod.
1261 5729 1327 5785 A.
1356 5728 1677 5785 Hentenius
1691 5727 1853 5786 vide-

1964 5518 2060 5572 tur
2109 5514 2364 5585 legisse:
2412 5516 2516 5585 ,Τίς
2572 5509 2632 5564 δὲ
2692 5513 2783 5563 xui
2836 5513 2987 5585 πόσηΔ
3126 5507 3449 5585 ἀπόλαυσις,
3518 5512 3618 5585 aut

1961 5592 2103 5645 πόση
2135 5580 2216 5649 τῖς
2232 5588 2285 5644 ἡ.
2316 5584 2432 5641 Sed
2448 5600 2540 5647 ea,
2563 5598 2745 5654 quam
2766 5597 2877 5654 nos
2898 5580 3304 5654 exhibuimus,
3328 5586 3415 5637 est
3441 5580 3618 5654 unica

1962 5672 2100 5715 vera
2125 5657 2320 5714 lectio.
2347 5658 2435 5711 Ita
2454 5651 2614 5712 enim
2642 5654 2720 5710 ad
2756 5652 3013 5709 verbum
3038 5652 3204 5725 apud
3236 5651 3478 5723 Gregor.
3512 5653 3616 5706 Ne-

1962 5730 2143 5787 zianz.
2172 5745 2233 5802 p.
2273 5728 2377 5783 258
2406 5726 2565 5783 circa
2585 5725 2690 5781 ﬁn.
