4096 6386
467 351 567 408 671
1790 341 2140 401 EUTHYMII
2177 338 2511 397 ZIGABENI

3730 335 3836 391 672

470 475 711 548 quidem
748 475 1073 545 discamus,
1115 476 1210 534 ille
1246 490 1390 533 vero
1436 473 1678 532 doceat:
1722 476 1780 529 et
1820 486 1941 527 una
1979 484 2119 526 cum

2233 468 2288 519 τὸ
2337 468 2533 540 μαθεῖν,
2597 464 2783 519 ἐκείνου
2836 461 2896 519 δι
2951 468 3009 519 τὸ
3068 461 3287 528 διδάξαι
3336 466 3427 515 καὶ
3474 460 3831 515 κοινώσασθαι

470 566 555 622 eis
574 566 723 638 ipsis
744 566 873 637 ejus
897 565 1211 639 discipulis
1229 564 1479 622 verbum
1501 562 1944 635 participemus,
1970 561 2121 615 sicut

470 658 551 713 ait
580 656 889 727 Gregorius
920 656 1271 726 Theologus.
1317 653 1721 711 Pulcherrima
1770 653 1878 722 (ee)
1911 655 1997 707 est
2044 649 2119 705 de

472 744 569 802 tali
596 744 823 801 Pascha
852 744 1254 819 philosophia.
1291 743 1404 801 Sed
1434 743 1507 799 de
1539 742 1631 798 his
1667 742 1975 798 hactenus.

542 943 707 997 Nunc
722 945 920 997 autem
949 943 1118 997 Lucas
1144 940 1327 997 verba
1350 940 1660 997 tractanda
1674 942 1812 994 sunt
1831 953 1902 993 ac
1925 936 2118 993 conci-

468 1029 693 1098 lianda,
718 1035 1007 1102 quatenus
1024 1028 1313 1102 possibile
1339 1028 1533 1085 fuerit.
1558 1030 1651 1085 Ait
1672 1028 1834 1084 enim
1851 1026 1945 1083 ille
1968 1024 2123 1082 Chri-

472 1124 632 1175 stum
657 1119 850 1190 primo
871 1119 1113 1192 quidem
1152 1118 1481 1189 sumpsisse
1510 1118 1795 1190 poculum
1823 1121 1877 1173 et
1904 1114 2122 1188 gratias

469 1208 662 1278 egisse
674 1224 742 1265 ac
755 1208 999 1264 dixisse:
1023 1209 1286 1278 Accipite
1302 1209 1481 1265 hocet
1495 1207 1904 1264 dividiteinter
1924 1220 2020 1263 vos
2041 1204 2085 1239 δι
2106 1221 2119 1270 ;

468 1296 685 1353 deinde
715 1298 1043 1370 sumpsisse
1068 1313 1291 1370 panem
1314 1302 1370 1354 et
1396 1297 1618 1367 gratias
1651 1296 1840 1366 egisse
1871 1311 1941 1351 ac
1975 1294 2120 1350 divi-

470 1387 618 1442 sisse
650 1386 692 1422 ³¹
726 1406 740 1454 ;
774 1386 1042 1442 similiter
1061 1391 1251 1443 autem
1279 1392 1335 1442 et
1363 1386 1648 1459 poculum
1678 1384 1883 1456 ipsum
1912 1402 1924 1440 :
1962 1384 2122 1440 unde

468 1475 697 1531 videtur
726 1476 795 1531 de
819 1475 1055 1532 duobus
1074 1474 1239 1548 loqui
1261 1475 1510 1547 poculis.
1534 1478 1661 1531 Non
1688 1479 1778 1530 est
1799 1478 2001 1531 autem
2020 1475 2119 1540 ita,

469 1564 574 1619 sed
604 1564 868 1636 primum
890 1564 1135 1637 quidem
1162 1565 1415 1636 sumpsit
1436 1563 1723 1637 poculum
1744 1568 1797 1619 et
1816 1562 2124 1619 benedixit

470 1666 543 1707 ac
581 1651 728 1707 dixit
756 1668 769 1706 :
808 1652 1074 1721 Accipite
1104 1653 1215 1709 hoc
1238 1658 1291 1709 et
1322 1652 1560 1709 dividite
1581 1652 1740 1709 inter
1766 1667 1878 1707 vos.
1902 1651 2123 1707 Deinde

471 1757 608 1796 cum
642 1740 967 1797 addidisset
995 1758 1009 1797 :
1042 1742 1427 1814 Nequaquam
1460 1742 1652 1798 bibam
1683 1742 1756 1799 de
1788 1742 1892 1797 hoc
1921 1744 2124 1808 fructu

469 1830 614 1888 vitis
647 1830 830 1887 donec
865 1846 1111 1900 regnum
1138 1833 1245 1887 Dei
1270 1832 1483 1902 veniat,
1525 1832 1732 1888 timore
1762 1830 1967 1887 mortis
1999 1847 2121 1886 suae

470 1920 730 1975 turbavit
766 1936 888 1975 eos.
940 1921 1011 1976 Ut
1050 1925 1251 1977 autem
1282 1921 1599 1977 verisimile
1638 1926 1747 1992 est,
1789 1921 1945 1977 facta
1984 1936 2124 1976 con-

470 2008 788 2065 certatione
802 2010 892 2081 (ff)
907 2026 977 2065 ac
998 2009 1367 2079 confusione,
1390 2011 1715 2083 repositum
1735 2016 1822 2067 est
1836 2010 2123 2084 poculum

471 2097 694 2153 Deinde
739 2097 1043 2169 aliquanto
1100 2102 1239 2169 post
1292 2105 1561 2172 tempore
1609 2100 1767 2155 facta
1806 2103 1947 2154 sunt
1993 2115 2124 2171 quae

470 2191 821 2258 sequuntur,
896 2188 1014 2242 sive
1093 2188 1268 2259 panis
1359 2189 1481 2244 sive
1573 2188 1775 2260 poculi
1863 2188 2123 2245 traditio.

471 2276 619 2330 Cum
654 2274 815 2330 enim
846 2274 1059 2331 dixerit
1088 2275 1457 2345 evangelista
1486 2276 1562 2333 de
1607 2292 1782 2348 pane,
1825 2276 1990 2348 quod
2022 2277 2125 2332 ubi

470 2365 693 2435 gratias
723 2364 939 2435 egisset
968 2364 1139 2434 fregit
1176 2381 1247 2421 ac
1276 2366 1441 2423 dedit
1468 2366 1552 2422 eis
1581 2383 1593 2421 :
1627 2366 1844 2423 deinde
1882 2366 2125 2437 subjun-

468 2453 638 2509 xerit.
669 2453 951 2509 Similiter
976 2460 1030 2509 et
1046 2455 1327 2524 poculum
1350 2456 1544 2524 ipsum
1571 2457 1619 2492 "
1645 2474 1657 2511 :
1683 2455 1946 2511 ostendit
1964 2455 2126 2528 quod

470 2542 617 2598 illud
639 2542 836 2615 ipsum
854 2543 963 2599 fuit
982 2543 1261 2614 poculum
1284 2545 1443 2616 quod
1463 2545 1627 2617 prius
1644 2550 1973 2617 acceperat.
1998 2548 2127 2601 Non

471 2632 628 2688 enim
665 2632 1007 2704 simpliciter
1036 2633 1203 2701 dixit,
1237 2633 1516 2691 Similiter
1543 2639 1600 2690 et
1636 2635 1923 2707 poculum
1952 2653 1965 2691 :
1996 2634 2123 2700 sed;

472 2720 753 2779 Similiter
789 2729 841 2778 et
888 2724 1161 2792 poculum
1188 2725 1405 2793 ipsum,
1438 2724 1644 2780 addito
1687 2723 1958 2781 videlicet
1984 2723 2122 2780 arti-

472 2810 627 2874 culo,
657 2815 713 2866 et
741 2825 865 2867 rem
898 2813 969 2866 de
994 2827 1116 2884 qua
1140 2811 1297 2869 facta
1321 2817 1411 2869 est
1448 2813 1670 2869 mentio
1702 2812 2120 2883 significando.

471 2898 762 2956 Praeterea
788 2901 954 2973 quod
998 2901 1379 2973 subjungitur
1406 2920 1419 2958 :
1450 2904 1575 2959 Hoc
1608 2905 1801 2973 ipsum
1839 2905 2124 2974 poculum

470 3003 683 3045 novum
717 2992 1150 3047 Testamentum
1176 2998 1258 3047 est
1285 2993 1350 3047 in
1378 3008 1499 3049 meo
1535 2995 1836 3063 sanguine,
1862 2994 1971 3049 etsi
1999 3009 2126 3049 sca-

468 3080 651 3136 brosa
677 3078 900 3136 locutio
926 3079 1216 3147 videatur,
1253 3081 1398 3137 nihil
1430 3085 1631 3139 tamen
1656 3082 1854 3139 differt
1893 3099 1930 3139 a
1967 3082 2125 3139 dicto

2228 563 2333 617 τοίς
2408 556 2589 609 ἑαυτοῦ
2664 557 2930 628 μαθηταῖς
3001 559 3087 608 τόν
3148 554 3319 627 λόγον,
3376 554 3444 614 ὡς
3500 552 3524 603 ὁ
3581 549 3830 621 Θεολόγος

2230 651 2361 719 φησὶ
2391 649 2697 719 Γρηγόριος,
2751 644 3005 698 κάλλιστα
3054 649 3173 719 περὶ
3222 651 3311 697 τοῦ
3360 644 3599 694 τοιούτου
3632 642 3833 712 Πάσχα

2230 735 2605 808 φιλοσοφήσας.
2664 733 2816 787 Ἀλλὰ
2888 739 2979 787 καὶ
3032 738 3150 809 περὶ
3228 735 3423 786 τούτων
3480 734 3569 804 μὲν
3624 729 3693 792 εἰς
3751 749 3831 782 το-

2231 832 2437 882 σούτον,

2299 936 2377 986 Τὰ
2429 929 2487 985 δὲ
2528 939 2619 985 τοῦ
2674 937 2855 985 Λουκᾶ
2908 932 3046 1007 ῥητὰ
3101 933 3527 1003 μεταχειριστέον
3579 932 3668 979 καὶ
3704 947 3834 1000 συμ-

2230 1022 2519 1087 ϐιϐαστέον,
2571 1025 2637 1085 ὡς
2696 1023 2801 1075 οἷόν
2853 1040 2924 1074 τε.
2973 1024 3123 1093 Λέγει
3172 1023 3273 1095 γὰρ
3331 1018 3516 1079 ἐκεῖνος
3571 1020 3657 1069 τόν
3710 1024 3836 1091 Χρι-

2232 1117 2353 1167 στόν
2412 1121 2613 1185 πρῶτον
2669 1114 2758 1184 μεν
2813 1110 2985 1164 λαϐεῖν
3037 1115 3305 1183 ποτήριον,
3366 1113 3456 1161 καὶ
3515 1107 3835 1181 εὐχαριστῆ-

2234 1222 2344 1270 σαι,
2415 1207 2505 1255 καὶ
2557 1202 2733 1255 εἰπεῖν.
2806 1200 3004 1255 Λάϐετε
3078 1206 3252 1266 τοῦτο,
3328 1202 3419 1251 καὶ
3493 1193 3835 1270 διαμερίσατε

2232 1294 2453 1353 ἑαυτοῖς
2523 1288 2635 1345 εἶτα
2683 1290 2855 1344 λαϐεῖν
2913 1293 3088 1366 οἰρτον,
3139 1294 3228 1343 καὶ
3288 1288 3704 1362 εύχαριστῆσαι,
3746 1289 3835 1338 καὶ

2233 1380 2517 1456 διανεῖμαι·
2578 1384 2822 1442 ὡσαύτως
2880 1378 2939 1434 δε
2992 1381 3104 1451 (31)
3153 1383 3243 1432 καὶ
3291 1381 3349 1431 τό
3398 1382 3667 1452 ποτήριον.
3735 1378 3835 1429 Καὶ

2234 1469 2381 1526 δοκεῖ
2423 1476 2537 1547 περὶ
2594 1471 2706 1543 (32)
2757 1468 2854 1524 δύο
2907 1474 3171 1543 ποτηρίων
3212 1468 3395 1541 λέγειν.
3448 1467 3559 1520 Ούκ
3616 1468 3728 1519 ἔστι
3778 1461 3836 1518 δὲ

2231 1570 2405 1626 τοῦτο,
2464 1560 2592 1614 ἁλλὰ
2642 1569 2843 1636 πρῶτον
3073 1558 3220 1615 ἔλαϐε
3270 1563 3545 1630 ποτήριον,
3604 1560 3695 1609 καὶ
3749 1554 3838 1613 ηύ·

2231 1657 2548 1727 χαρίστησε,
2605 1654 2694 1702 καὶ
2743 1646 2868 1702 εἷπε·
2923 1648 3120 1702 Λάϐετε
3166 1655 3339 1714 τοῦτο,
3396 1651 3485 1699 καὶ
3516 1642 3835 1719 διαμερίσα-

2231 1760 2284 1794 τε
2336 1741 2552 1801 ἑαυτοῖς.
2606 1737 2733 1793 Εἶτα
2785 1740 3049 1811 προσθεὶς,
3106 1740 3185 1790 ὅτι
3221 1736 3297 1789 Ού
3345 1740 3417 1809 μὴ
3464 1740 3567 1788 πίω
3597 1732 3697 1786 ἀπὸ
3747 1739 3836 1785 τοῦ

2231 1835 2545 1902 γεννήματος
2614 1838 2710 1890 τῆς
2785 1826 3036 1901 ἀμπέλου,
3107 1827 3197 1887 ἕως
3281 1827 3399 1877 ὅτου
3473 1826 3503 1882 ἠ
3596 1822 3841 1895 βασιλεία

2234 1927 2325 1972 τοῦ
2384 1925 2516 1972 Θεοῦ
2576 1918 2717 1991 ἔλθη·
2769 1926 2840 1989 τῷ
2891 1916 3030 1989 φόϐῳ
3094 1923 3184 1968 τοῦ
3244 1917 3464 1967 θανάτου
3520 1913 3676 1965 αὐτοῦ
3739 1908 3841 1964 διε-

2233 2008 2449 2084 τάραξεν
2505 2008 2708 2069 αύτούς·
2752 2009 2836 2059 οἷα
2906 2003 2964 2058 δε
3016 2006 3169 2073 εἰκός,
3231 2001 3510 2078 διατριϐῆς
3561 2006 3651 2055 καὶ
3710 2021 3839 2073 συγ-

2234 2100 2446 2170 χύσεως
2501 2102 2796 2170 γενομένης,
2853 2093 3068 2148 ἀπέθετο
3115 2097 3173 2146 τό
3232 2098 3500 2166 ποτήριον·
3556 2090 3686 2157 εἶτα,
3730 2111 3837 2143 και⁸

2234 2196 2328 2262 ροῡ
2384 2206 2518 2248 τινος
2573 2183 2882 2251 διελθόντος,
2940 2190 3190 2257 γεγόνασι
3245 2186 3312 2235 τὰ
3369 2182 3506 2255 ἐξῇς,
3557 2183 3586 2239 ἡ
3648 2200 3703 2232 τε
3754 2187 3840 2232 του

2235 2277 2396 2352 ἄρτου
2463 2282 2553 2329 καὶ
2614 2278 2641 2335 ἡ
2694 2282 2785 2328 τοῦ
2849 2279 3102 2349 ποτηρίου
3158 2269 3464 2346 μετάδοσις.
3514 2270 3683 2325 Εἰπὼν
3740 2273 3839 2344 γὰρ

2236 2371 2262 2422 6
2311 2367 2682 2441 εύαγγελιστὴς
2734 2369 2852 2438 περὶ
2908 2372 2999 2417 τού
3052 2366 3233 2437 οἰρτου,
3305 2363 3384 2414 ὅτι
3437 2361 3841 2434 εὐχαριστήσας

2234 2458 2438 2521 ἔκλασε,
2514 2461 2605 2509 καὶ
2674 2452 2860 2508 ἔδωκεν
2954 2453 3148 2514 αὐτοῖς·
3232 2449 3339 2505 εἶτα
3404 2450 3700 2522 ἐπαγαγὼν,
3761 2452 3840 2503 ὅτι

2236 2550 2481 2609 ὡσαύτως
2536 2550 2624 2598 καὶ
2680 2549 2738 2597 τό
2808 2548 3075 2619 ποτήριον,
3148 2539 3357 2614 ἔδειξεν,
3428 2543 3507 2594 ὅτι
3564 2539 3724 2593 ἐκεῖνο
3781 2543 3837 2593 τό

2234 2643 2505 2712 ποτήριον,
2587 2635 2612 2687 ὃ
2664 2638 2907 2708 πρότερον
2983 2632 3173 2686 ἔλαϐεν.
3238 2631 3347 2684 Ούκ
3422 2627 3531 2683 εἶπε
3584 2631 3707 2705 γὰρ,
3760 2632 3838 2682 ὅτι

2232 2727 2501 2788 Ὡσαύτως
2552 2730 2641 2777 καὶ
2696 2730 2965 2797 ποτήριον,
3018 2721 3144 2787 ἀλλ’,
3201 2722 3281 2774 ὃτι
3330 2720 3599 2782 Ὡσαύτως
3649 2724 3743 2772 καὶ
3781 2721 3837 2771 1'6

2233 2823 2491 2890 ποιὴριον·
2570 2822 2632 2888 τῇ
2708 2816 2986 2889 προσθήκῃ
3041 2818 3133 2864 τοῦ
3202 2812 3398 2884 οῖρθρου
3454 2812 3513 2861 τὸ
3582 2827 3836 2882 προεγνω-

2237 2911 2419 2980 σμένον
2498 2901 2761 2965 δηλώσας.
2836 2907 2905 2956 T6
2965 2898 3043 2967 δὲ,
3120 2908 3283 2953 Τοῦτο
3340 2902 3399 2952 τό
3466 2903 3735 2973 ποτήριον,
3804 2900 3833 2956 ἡ

2235 3000 2385 3054 καινή
2464 2996 2721 3062 Διαθήκη,
2781 2992 2829 3045 ἓν
2882 3001 2955 3065 τῷ
3008 2995 3193 3064 αίματί
3268 3009 3390 3063 μου,
3450 2989 3494 3041 εἰ
3546 2992 3636 3041 καὶ
3694 2985 3843 3041 δοκεῖ

2237 3084 2594 3161 δύσφραστον,
2654 3082 2763 3135 ἀλλ’
2817 3079 2966 3135 οὐδὲν
3022 3078 3259 3154 διαφέρει
3297 3087 3389 3132 τοῦ
3440 3077 3596 3150 λόγόυ
3626 3085 3719 3130 τοῦ
3750 3078 3840 3153 ρη-

470 3184 744 3226 sermone
783 3184 963 3241 quem
1016 3169 1325 3226 Matthaeus
1370 3175 1427 3227 et
1472 3172 1700 3228 Marcus
1740 3172 2122 3244 scripserunt.

2238 3178 2410 3235 θέντος
2455 3177 2555 3227 ύπό
2635 3174 2910 3228 Ματθαίου
2983 3174 3071 3223 καὶ
3147 3171 3386 3246 Μάρκου.
3472 3167 3688 3221 Ἐκεῖνοι

469 3259 559 3317 Illi
600 3258 899 3330 siquidem
929 3258 1241 3315 dixerunt:
1284 3260 1393 3316 Hic
1423 3268 1505 3318 est
1550 3261 1797 3332 sanguis
1826 3278 1984 3317 meus
2023 3262 2128 3334 qui

471 3354 553 3405 est
579 3348 717 3404 novi
748 3349 1119 3415 Testamenti,
1148 3350 1263 3405 hoc
1297 3354 1403 3418 est,
1436 3350 1534 3421 qui
1561 3366 1787 3406 novum
1821 3351 1992 3407 tradit
2026 3354 2126 3406 Te-

470 3440 856 3493 stamentum.
921 3437 1022 3491 Hic
1076 3441 1276 3493 autem
1327 3438 1447 3494 ait:
1506 3440 1636 3497 Hoc
1689 3439 1890 3512 ipsum
1943 3456 2124 3513 pocu-

469 3524 597 3581 lum
648 3540 876 3580 novum
924 3526 1368 3581 Testamentum
1419 3532 1526 3595 est,
1558 3529 1724 3600 quod
1780 3543 1891 3599 ego
1964 3545 2125 3585 nunc

471 3616 654 3669 testor
676 3613 1024 3685 praecipiens
1053 3614 1247 3678 vobis,
1274 3620 1337 3670 ut
1368 3615 1449 3672 ita
1486 3616 1736 3673 faciatis.
1770 3618 1893 3674 Hoc
1923 3623 2125 3675 autem

471 3717 701 3759 novum
726 3704 1166 3758 Testamentum
1194 3709 1282 3760 est
1318 3705 1379 3761 in
1411 3721 1545 3761 meo
1576 3708 1900 3777 sanguine;
1954 3713 2124 3764 vetus

472 3790 631 3847 enim
644 3792 1085 3847 Testamentum
1104 3792 1463 3850 irrationalis
1483 3796 1759 3852 animalis
1778 3797 2125 3867 sanguinem

471 3878 749 3937 habebat.
780 3879 1053 3936 Similiter
1081 3885 1137 3937 ot
1161 3883 1326 3954 quod
1355 3882 1622 3956 sequitur
1650 3902 1661 3939 :
1710 3887 2125 3944 Verumtamen

472 3984 603 4027 ecce
622 3985 829 4025 manus
869 3970 1152 4027 tradentis
1177 3988 1269 4028 me
1308 3989 1535 4030 mecum
1580 3982 1662 4031 est
1706 3978 1769 4031 in
1809 3992 2013 4034 mensa
2051 3978 2121 4043 ³³,

474 4058 665 4114 simile
687 4058 869 4114 estilli
898 4060 1063 4131 quod
1093 4060 1309 4117 dicitur
1333 4080 1347 4117 :
1374 4062 1487 4129 Qui
1505 4067 1825 4123 manducat
1856 4082 2084 4123 mecum
2108 4085 2121 4133 ;

473 4152 575 4203 aut
598 4164 610 4203 :
637 4147 745 4214 Qui
765 4148 1011 4205 intinxit
1028 4166 1254 4207 mecum
1284 4167 1528 4209 manum
1549 4154 1612 4208 in
1633 4157 1851 4212 catino.
1875 4157 1997 4213 Hoc
2022 4173 2124 4212 au-

471 4241 590 4293 tem
620 4236 823 4309 posuit
840 4237 1030 4296 Lucas
1055 4245 1191 4311 post
1218 4242 1392 4312 panis
1422 4246 1479 4298 et
1506 4242 1703 4314 poculi
1729 4244 2121 4315 divisionem;

471 4326 773 4382 Mattheus
794 4332 850 4382 et
872 4329 1095 4383 Marcus
1115 4333 1253 4385 ante
1274 4328 1451 4386 illam.
1472 4330 1638 4388 Unde
1659 4339 1930 4405 apparet,
1956 4336 2123 4408 quod

469 4414 583 4471 Πομ
615 4414 707 4469 bis
736 4414 949 4471 dixerit
978 4415 1265 4485 Christus,
1298 4424 1355 4475 et
1392 4425 1524 4477 ante
1550 4423 1974 4494 mysteriorum
2012 4430 2123 4482 tra-

2234 3269 2335 3339 γὰρ
2386 3262 2542 3335 εἷπον,
2595 3267 2757 3317 Τοῦτό
2811 3261 2923 3314 ἐστι
2974 3264 3033 3313 τό
3092 3261 3222 3333 αἷμά
3280 3278 3401 3331 μου,
3460 3261 3518 3309 τὸ
3575 3266 3665 3317 τῆς
3724 3277 3843 3308 και-

2233 3365 2325 3417 νῆς
2383 3356 2663 3420 Διαθήκης,
2710 3356 2969 3421 τουτέστι,
3022 3351 3047 3403 ὃ
3099 3352 3128 3408 ἠ
3175 3354 3325 3407 καινὴ
3388 3348 3619 3406 Διαθήκη
3674 3366 3843 3421 παρα-

2235 3441 2481 3498 δίδωσιν·
2533 3444 2683 3506 οὗτος
2740 3439 2799 3495 δέ
2856 3460 3034 3514 φησιν,
3076 3442 3155 3492 ὅτι
3193 3446 3357 3492 Τοῦτο
3414 3440 3471 3489 τό
3511 3441 3759 3511 ποτήριον
3807 3436 3836 3493 ἡ

2233 3539 2384 3594 καινὴ
2420 3535 2651 3592 Διαθήκη
2711 3531 2872 3597 ἐστὶν,
2934 3529 2994 3588 ἢν
3043 3528 3142 3601 ἐγὼ
3197 3524 3501 3600 διατίθεμαι
3532 3534 3639 3592 νῦν,
3682 3524 3841 3578 ἐντελ-

2232 3626 2439 3698 λόμενος
2486 3625 2605 3695 ύμῖν
2653 3621 2788 3674 ούτω
2839 3627 3029 3675 ποιεῖν.
3095 3621 3256 3676 Καινὴ
3314 3613 3373 3669 δε
3401 3622 3553 3669 τοῦτο
3604 3615 3839 3673 Διαθήκη

2235 3714 2398 3779 ἐστὶν,
2453 3712 2500 3765 ἓν
2553 3720 2625 3783 τῷ
2676 3712 2863 3782 αἵματί
2928 3728 3048 3782 μου·
3106 3709 3137 3766 ἡ
3192 3709 3295 3781 γὰρ
3348 3705 3547 3758 παλαιά
3603 3705 3837 3763 Διαθηκη

2235 3804 2424 3875 ἀλόγου
2476 3803 2613 3863 ζώου
2672 3802 2804 3871 uiuat
2859 3794 3018 3871 εἶχεν·
3077 3799 3264 3870 ὁμοίως
3322 3792 3381 3848 δε
3433 3799 3521 3847 καὶ
3568 3797 3651 3856 τό,
3701 3792 3841 3852 Πλὴν

2237 3889 2375 3958 ἰδού,
2438 3894 2466 3950 ἡ
2522 3896 2644 3963 χεὶρ
2695 3895 2787 3942 τοῦ
2820 3883 3224 3962 παραδιδόντος’
3278 3904 3359 3957 με,
3418 3884 3527 3957 μετ’
3578 3881 3703 3955 ἐμοῦ
3761 3882 3843 3935 ἐπὶ

2234 3990 2323 4042 τῆς
2405 3984 2689 4053 τραπέζης,
2764 3979 2940 4050 ὅμοιόν
3026 3974 3138 4028 ἐστι
3194 3982 3287 4045 τῷ,
3352 3973 3411 4027 Ὀ
3488 3972 3673 4024 ἐσθίων
3733 3972 3841 4044 μετ’

2234 4069 2379 4143 ἕμοῡ,
2439 4071 2467 4129 ἣ
2530 4068 2706 4139 τῷ,Ὀ
2764 4065 3003 4140 ἐμϐάψας
3060 4065 3169 4137 μετ’
3224 4062 3347 4136 ἐμοῦ
3393 4060 3440 4113 ἓν
3488 4070 3558 4132 τῷ
3616 4060 3844 4134 τρυϐλίῳ

2232 4165 2326 4219 τὴν
2383 4168 2561 4233 χεῖρα.
2602 4160 2807 4211 Τέθεικε
2860 4152 2920 4208 δὲ
2970 4162 3124 4208 τοῦτο
3173 4159 3383 4215 Λουκᾶς
3429 4155 3519 4224 μὲν
3572 4154 3701 4224 μετὰ
3752 4156 3843 4209 τὴν

2232 4256 2323 4302 τοῦ
2370 4253 2626 4320 ποτηρίου
2673 4250 2763 4299 καὶ
2813 4252 2906 4298 τοῦ
2945 4246 3106 4320 οἶρτου
3162 4238 3438 4314 διανομὴν,
3484 4242 3753 4303 Ματθαῖος
3785 4237 3844 4293 δὲ

2231 4344 2322 4393 καὶ
2370 4341 2580 4413 Μάρκος
2638 4338 2738 4410 πρὸ
2787 4338 3006 4397 ταύτης.
3067 4338 3161 4387 Κοὶ
3214 4337 3471 4405 φαίνεται,
3531 4333 3611 4383 ὅτι
3656 4325 3747 4393 δὶς
3776 4326 3843 4383 εἶ·

2232 4448 2295 4482 πε
2340 4436 2490 4481 τοῦτο
2549 4429 2574 4479 ὁ
2622 4427 2869 4501 Χριστός,
2927 4427 3027 4499 πρό
3082 4442 3137 4476 τε
3202 4429 3291 4482 τῆς
3356 4417 3684 4493 μεταδόσεως
3744 4428 3844 4471 τῶν

470 4503 757 4559 ditionem
781 4504 1028 4576 quando
1056 4506 1119 4562 in
1149 4507 1415 4564 catinum
1436 4489 1797 4581 intingentes
1828 4514 2121 4582 edebant;

2234 4522 2551 4592 μυστηρίων,
2633 4517 2716 4568 ὅτε
2802 4520 2892 4567 καὶ
2976 4511 3023 4565 ἐν
3102 4520 3175 4583 τῷ
3244 4509 3470 4585 τρυϐλίῳ
3560 4507 3845 4583 βάπτοντες

470 4596 557 4738 fita
547 4597 678 4663 post
696 4592 1076 4651 traditionem
1096 4597 1343 4669 quando
1362 4613 1569 4655 rursus
1588 4603 1900 4674 appositus
1922 4609 2013 4662 est
2031 4621 2124 4662 ca-

560 4697 652 4737 us.

560 4697 652 4737 ΠΒ.

544 4788 610 4844 Et
638 4788 747 4845 hoc
772 4790 952 4848 etiam
974 4808 1261 4865 magnam
1289 4795 1467 4854 habet
1490 4797 1963 4859 dubitationem:
2002 4819 2124 4875 quo

543 4916 588 4953 ³¹
623 4918 757 4975 Luc.
788 4933 887 4985 xx,
920 4919 1007 4986 t7,
1045 4920 1130 4989 t9,
1160 4922 1251 4978 20.
1286 4924 1332 4959 ³³
1361 4922 1501 4980 Luc.
1532 4939 1633 4991 xx,
1666 4928 1755 4981 20.
1785 4929 1832 4961 ⁸³
1857 4926 2007 4984 Ibid.
2032 4930 2125 4986 21.

2234 4609 2442 4673 ἤσθιον,
2504 4609 2594 4657 καὶ
2646 4607 2775 4677 μετὰ
2830 4608 2924 4662 τὴν
2985 4597 3293 4675 μετάδοσιν,
3349 4601 3433 4651 ὅτε
3480 4602 3540 4651 τό
3597 4596 3841 4671 τρυϐλίον

2235 4694 2386 4759 αὖθις
2410 4697 2661 4773 παρετέθη
2693 4694 2827 4767 (33).

2308 4812 2409 4859 Και
2463 4810 2616 4856 τούτο
2691 4799 2749 4855 δὲ
2796 4800 2988 4863 πολλῆς
3062 4799 3207 4863 ἄξιον
3274 4796 3513 4873 ἀπορίας,
3566 4805 3691 4863 πῶς,
3750 4801 3842 4849 τοῦ

1687 5032 1912 5102 Variae
1953 5035 2276 5107 lectiones
2309 5046 2377 5107 et
2422 5045 2625 5106 notas.

542 5152 656 5224 (ξι)
690 5156 769 5219 Δί,
803 5153 1023 5209 omittit
1052 5153 1184 5209 cod.
1213 5154 1279 5209 Α.

543 5222 657 5294 (32)
688 5225 863 5298 Miror
891 5225 1153 5298 sane,__in
1186 5224 1487 5283 codicibus
1526 5226 1740 5285 Grecis
1788 5230 1855 5285 N.
1898 5233 1981 5298 T.,
2032 5232 2128 5288 hic

472 5298 706 5376 tantum
738 5295 1106 5376 deprehendi
1135 5312 1517 5376 consensum,
1551 5298 1612 5355 in
1640 5300 1773 5376 lpco
1805 5317 1949 5376 sane
1968 5295 2123 5376 difﬁ-

471 5363 712 5443 cill‘i‘mo.
746 5363 915 5422 Μόάο
942 5372 1160 5443 autem
1185 5370 1263 5423 ad
1294 5375 1621 5443 manusuest
1646 5373 2124 5443 Evangeliarium

473 5434 807 5493 Gothanum
840 5454 977 5506 ms.,
1005 5438 1166 5511 quod
1195 5454 1437 5497 versum
1466 5441 1530 5496 17
1557 5446 1611 5498 et
1657 5442 1718 5498 18
1748 5434 1985 5504 omittit.
2026 5448 2126 5503 Le-

473 5718 484 5729 .
543 5646 649 5719 (ee)
692 5649 1120 5731 fatebar-rima
1173 5658 1283 5731 etc.
1319 5655 1875 5731 Qui__pulcherrime
1913 5659 1989 5717 de
2017 5660 2122 5718 hu-

464 5720 731 5792 jusmodi
760 5723 987 5782 Pascha
1014 5724 1312 5795 disseruit,
1346 5720 1805 5801 philosophatus
1834 5737 1939 5788 est.

2237 5163 2350 5235 ctio
2370 5166 2458 5219 est
2489 5179 2502 5218 :
2533 5169 2607 5235 Τῇ
2640 5160 2837 5235 μεγάλῃ
2871 5158 2912 5213 ἐ.
2945 5161 3101 5235 πρωῒ.
3130 5157 3343 5231 Incipit
3380 5158 3442 5214 in
3472 5157 3587 5215 hoc
3617 5154 3843 5212 codicaa

2237 5234 2621 5385 Ᾰῦθξς
2651 5305 2926 5385 μετετέθη,
2961 5302 3103 5360 Cod.
3135 5303 3211 5358 A.
3271 5299 3471 5357 Codici
3520 5300 3560 5354 Β
3616 5296 3848 5355 accedit

2236 5375 2414 5435 etiam
2437 5377 2631 5434 versio
2650 5375 2942 5433 Hentenii.

2304 5661 2399 5735 (θ’)
2442 5659 2910 5719 Concertatione.
2951 5658 3135 5714 Mora.
