4096 6384
290 355 402 413 673

1241 355 1596 415 COMMENT.
1639 356 1708 411 IN
1746 351 2182 411 MATTH/EUM.
2223 387 2290 397 —
2322 358 2478 415 CAP.
2509 358 2707 415 XXVI.

3560 368 3669 424 674

289 486 568 536 Ματθαίου
628 489 892 557 φήσαντος
935 488 1014 540 ὅτι
1071 488 1096 539 ό
1134 489 1367 560 Χριστὸς
1415 489 1515 559 πρὸ
1568 493 1663 546 τῆς
1716 480 1895 536 διανο-

2009 482 2183 539 modo
2206 499 2344 540 cum
2370 485 2678 541 Matthaaus
2717 485 2932 543 dixerit
2975 486 3274 545 Christum
3327 493 3463 547 ante
3494 488 3669 549 tradi-

287 583 398 645 μῆς
448 583 545 626 τῶν
587 581 894 648 μυστηρίων
945 575 1230 650 ἐφανέρωσε
1295 579 1382 629 τὸν
1437 571 1722 650 προδότην,
1766 573 1894 626 ἀπο-

286 665 491 737 κριθεὶς
540 668 668 739 πρὸς
705 665 863 717 αύτόν
911 669 966 718 τό
1020 671 1084 718 Σύ
1139 663 1304 732 εἶπας,
1363 662 1515 726 αὖθις
1558 665 1582 715 6
1634 665 1893 728 Ἰωάννης,

288 756 421 824 μετὰ
462 758 548 810 τήν
607 750 882 827 διανομὴν,
933 755 1244 828 ἀγνοοῦντας
1306 757 1502 828 ἱστορεῖ
1557 757 1672 814 τοὺς
1730 753 1898 824 μαθη-

288 845 406 907 τὰς,
469 848 556 894 καὶ
599 842 1002 916 ἀπορουμένους,
1053 849 1133 898 ὅτε
1175 850 1266 898 καὶ
1315 845 1515 911 ἑαυτὸν,
1571 845 1670 895 ὑπὸ
1703 845 1897 915 Πέτρου

286 934 717 1007 παρορμηθέντα,
780 930 1102 1008 διερωτῆσαι
1166 934 1302 1006 λέγει
1383 937 1467 985 τόν
1551 929 1895 994 Διδάσκαλον,

287 1029 381 1073 καὶ
429 1019 653 1079 δοθῆναι
695 1031 907 1096 σημεῖον
951 1027 1009 1076 τὸ
1069 1022 1230 1096 βαφεν
1283 1023 1510 1094 ψωμίον.
1580 1021 1737 1080 Δῆλον
1780 1021 1899 1090 (34)

285 1114 411 1184 γὰρ,
473 1114 541 1173 ὡς
591 1112 804 1187 ὕστερον
863 1121 1014 1166 τοῦτο
1057 1117 1233 1184 γέγονε
1283 1133 1296 1147 ο
1359 1111 1544 1165 Λαϐὼν
1575 1113 1697 1183 γὰρ,
1748 1114 1898 1181 φησὶ,

979 1203 1162 1264 εὐθέως
1237 1201 1434 1264 ἐξῆλθε.
1490 1208 1611 1261 Τοῖς
1667 1203 1756 1271 μὲν
1814 1195 1900 1251 οὖν

286 1290 472 1350 οἰλλοις
519 1289 796 1362 ἐξηγηταῖς
874 1289 1123 1364 οὐδεμιᾶς
1202 1291 1515 1352 ἐπιστασίας
1595 1289 1789 1351 ἠξιώθη
1842 1290 1900 1338 τό

285 1384 462 1452 παρόν
511 1380 744 1452 ζητημα’
794 1380 1174 1452 φιλοπονήσασι
1225 1378 1284 1433 δὲ
1339 1383 1485 1452 ἡμῖν,
1518 1380 1543 1430 ὃ
1581 1375 1901 1448 διεγνώσθης

287 1205 347 1252 τό
412 1200 620 1273 ψωμίον
688 1201 894 1265 ἐκεῖνος,

283 1470 609 1541 ῥηθήσεται.
642 1474 972 1543 Νενοήκαμεν
1025 1473 1149 1546 γὰρ,
1201 1472 1280 1523 ὅτι
1321 1473 1421 1544 πρὸ
1471 1475 1562 1521 τοῦ
1601 1469 1761 1541 ἄρτου
1813 1471 1901 1518 καὶ

283 1567 385 1610 τοῦ
444 1564 700 1633 ποτηρίου
763 1569 861 1612 τῶν
933 1563 1179 1633 μαθητῶν
1261 1568 1443 1622 κοινῶς
1505 1558 1897 1632 ἐρωτησάντων,

284 1649 313 1700 ὁ
372 1653 605 1721 Χριστός
659 1658 864 1724 πρῶτον
924 1654 1012 1724 μὶν
1068 1648 1230 1703 ἔδωκε
1281 1655 1558 1724 γνώρισμα
1613 1651 1900 1720 κοινότερον

283 1742 370 1802 τὸ,
438 1738 497 1790 Ὀ
564 1738 802 1812 ἐμϐάψας
861 1741 970 1813 μετ’
1045 1740 1190 1813 ἐμοῦ,
1246 1745 1333 1792 καὶ
1386 1739 1445 1791 Ὀ
1499 1737 1897 1810 ἐμϐαπτόμενος.

290 1833 396 1880 Καὶ
472 1831 574 1902 γὰρ
645 1832 833 1890 πάντες
897 1837 986 1882 καὶ
1068 1829 1316 1901 ἑνέϐαψαν

287 1921 362 1969 ἔτι
398 1920 538 1988 (35)⁸
571 1915 678 1971 εἶτα
700 1927 793 1971 τοῦ
831 1917 1094 1992 προδότου
1141 1916 1325 1981 ἰδικῶς
1360 1918 1738 1992 ἐρωτήσαντος,
1767 1937 1900 1992 προ-

291 2009 511 2065 σέθηκεν
553 2004 857 2084 ἰδικώτερον
905 2012 984 2074 τό,
1033 2013 1097 2061 Σὺ
1129 2006 1296 2070 εἶπας.
1349 2007 1502 2062 Ἀλλὰ
1549 2010 1607 2059 τό
1639 2010 1727 2080 μὲν
1758 2014 1900 2079 πρῶ-

285 2116 373 2149 τον
415 2103 698 2170 γνώρισμα
753 2097 927 2151 πλεῖον
994 2103 1360 2163 συνεσκίαστο,
1435 2100 1492 2149 τὸ
1560 2093 1796 2170 δεύτερον
1844 2094 1902 2148 δὲ

293 2186 519 2238 ἓλαττον.
574 2185 750 2259 Ὀμως
791 2184 850 2240 δὲ
897 2192 987 2240 καὶ
1033 2195 1186 2241 τοῦτο
1259 2191 1625 2251 συνεσκίαστο,
1679 2183 1772 2239 διὰ
1819 2206 1904 2258 φι-

296 2275 642 2350 λανθρωπίαν,
687 2279 756 2338 ὡς
815 2278 896 2343 οἶν,
953 2277 1054 2330 ἀπό
1095 2297 1148 2330 τε
1189 2285 1280 2330 τοῦ
1334 2281 1624 2350 κοινοτέρου
1678 2280 1766 2328 καὶ
1812 2283 1903 2327 τοῦ

298 2363 371 2418 ἱδι
438 2371 630 2440 ωτέρου
691 2369 846 2438 γνούς
922 2368 946 2418 6
996 2368 1110 2439 (36)
1187 2363 1393 2429 Ἰούδας
1450 2369 1531 2419 ὅτι
1597 2366 1653 2418 ού
1706 2365 1903 2432 λέληθε,

288 2454 670 2527 μεταμεληθείη
748 2459 849 2528 πρό
942 2463 1033 2508 τοῦ
1111 2452 1507 2528 διαγνωσθῆναι
1567 2463 1676 2515 τοῖς
1737 2453 1908 2530 ἄλλοις

286 2546 573 2616 μαθηταῖς.
633 2544 772 2598 Ἀλλ’
828 2545 972 2598 οὗτοι
1017 2547 1128 2618 μὲν,
1185 2549 1300 2598 οὔτε
1368 2543 1468 2597 ἀπὸ
1550 2552 1640 2596 τού
1697 2548 1906 2617 πρώτου

285 2639 673 2706 γνωρίσματος,
760 2637 877 2686 οὔτε
949 2633 1051 2686 ἀπὸ
1126 2643 1217 2686 τού
1293 2631 1538 2708 δευτέρου
1604 2630 1905 2694 δυνηθέντες

288 2732 504 2789 νοῆσαι,
555 2728 636 2785 τίς
675 2726 700 2775 6
731 2721 999 2796 προδότης
1048 2723 1179 2776 ἐστί’
1235 2727 1291 2776 :6
1326 2727 1450 2798 γὰρ,
1494 2728 1560 2776 Σύ
1607 2721 1772 2787 εἶπας,
1819 2723 1903 2774 αἰ-

289 2819 512 2885 νίγματι
565 2812 730 2883 ἐῴκει·
789 2810 913 2865 ούδε
963 2816 1061 2887 γὰρ
1116 2812 1172 2865 ἐκ
1220 2821 1312 2866 τοῦ
1368 2820 1661 2888 προφανοῦς
1713 2811 1906 2884 ὡμολό-

289 2922 474 2973 γησεν,
527 2904 606 2955 ὃτι
661 2904 789 2974 Ἐγώ
858 2903 983 2974 εἰμι,
1035 2902 1163 2954 ἀλλὰ
1240 2903 1354 2954 κατ’
1415 2902 1686 2977 ἐρώτησιν,
1761 2907 1903 2959 Μήτι

289 2991 393 3063 ἐγώ
448 2992 593 3064 εἰμι;
646 2995 954 3064 ἡσύχασαν,
1008 2999 1208 3065 μήποτε
1256 2997 1346 3044 καὶ
1401 2994 1511 3064 (37)
1574 2987 1902 3066 προσονειδι-

291 3084 517 3144 σθῶσιν,
559 3085 627 3144 ὡς
671 3082 900 3140 ἀνόητοι⁸
957 3087 1046 3135 καὶ
1087 3086 1186 3157 γὰρ
1251 3087 1338 3135 καὶ
1383 3082 1561 3134 ἄλλοτε
1604 3089 1754 3134 τούτο
1805 3100 1898 3132 πε-

2005 572 2231 629 tionem
2270 575 2697 645 mysteriorum
2726 576 3136 634 manifestasse
3163 579 3551 651 proditorem,
3577 597 3669 637 re-

2007 663 2314 734 spondens
2345 663 2448 728 illi,
2493 666 2578 719 Tu
2607 665 2818 722 dixisti
2861 667 2928 721 3‘.
2960 670 3182 723 Rursus
3219 669 3480 726 Joannes
3535 677 3670 742 post

2008 752 2423 822 mysteriorum
2439 754 2820 812 traditionem
2838 756 3180 826 ignorantes
3194 759 3670 832 scribitdiscipu-

2007 839 2096 896 los
2127 857 2194 896 ac
2224 842 2563 898 haesitantes
2592 860 2603 899 :
2631 846 2871 912 quando
2902 851 2958 902 et
3005 847 3270 920 seipsum
3320 865 3356 905 a
3386 853 3551 906 Petro
3582 849 3670 904 in-

2009 930 2274 995 citatum,
2318 932 2713 1004 interrogasse
2758 934 2901 991 dicit
2952 937 3401 1008 Praeceptorem,
3457 945 3514 995 et
3554 939 3668 995 sibi

2008 1021 2206 1075 datum
2223 1036 2349 1075 esse
2368 1020 2594 1092 signum
2617 1023 2927 1080 intinctam
2947 1024 3196 1081 offulam
3210 1027 3278 1082 ³⁸.
3294 1028 3666 1083 Manifestum

2010 1109 2169 1164 enim
2200 1116 2306 1173 est,
2325 1112 2488 1182 quod
2512 1112 2841 1184 hocpostea
2871 1114 3096 1170 factum
3115 1121 3220 1172 est.
3242 1119 3390 1172 Nam
3411 1123 3663 1187 accepta,

2009 1197 2217 1270 inquit,
2233 1200 2334 1254 ille
2349 1201 2543 1269 offula,
2563 1201 2746 1257 exivit
2766 1203 3041 1259 continuo
3060 1206 3132 1261 ³⁵.
3168 1205 3404 1261 Caeteris
3421 1206 3667 1277 quidem

2009 1289 2456 1344 enarratoribus
2487 1290 2649 1344 nulla
2689 1307 2832 1346 cura
2871 1293 3056 1362 digna
3082 1295 3358 1366 apparuit
3397 1310 3664 1366 praesens

2009 1378 2253 1449 qutestio
2286 1394 2297 1430 :
2324 1394 2434 1434 nos
2459 1383 2658 1435 autem
2687 1382 2853 1452 quod
2884 1387 3016 1452 post
3053 1384 3272 1439 multos
3299 1384 3538 1440 labores
3581 1385 3668 1440 in-

2011 1466 2362 1532 telleximus,
2383 1468 2442 1522 in
2467 1468 2735 1523 medium
2758 1469 3098 1526 aﬂ'eremus.
3125 1473 3499 1543 Percepimus
3522 1488 3667 1529 sane

2010 1557 2172 1629 quod
2227 1562 2362 1614 ante
2392 1574 2614 1629 panem
2674 1563 2728 1614 et
2758 1559 3042 1630 poculum
3098 1560 3397 1633 discipulis
3448 1562 3669 1632 pariter

2009 1646 2542 1715 interrogantibus,
2567 1647 2829 1704 Christus
2854 1650 3092 1719 signum
3116 1650 3279 1707 dedit
3301 1667 3623 1707 commune
3652 1669 3665 1704 :

2013 1737 2123 1803 Qui
2151 1736 2422 1802 intinxit,
2473 1737 2685 1809 inquit,
2745 1753 2973 1795 mecum
3008 1756 3019 1794 :
3054 1745 3110 1796 et
3138 1759 3148 1798 :
3179 1741 3288 1806 Qui
3317 1741 3666 1811 intingitur.

1410 1833 1497 1882 καὶ
1572 1827 1899 1881 ἐνεϐάπτοντο

2012 1825 2317 1898 Siquidem
2348 1841 2559 1882 omnes
2592 1831 2649 1882 et
2693 1826 3068 1894 intinxerant,
3101 1836 3157 1884 et
3186 1829 3386 1885 adhuc
3420 1829 3669 1900 intinge-

2007 1915 2248 1971 bantur.
2268 1915 2485 1971 Deinde
2504 1915 2806 1987 proditore
2843 1917 3229 1987 singulariter
3263 1918 3667 1989 interrogante

2009 2003 2676 2076 addiditparticularius
2705 2005 2910 2061 dicens
2941 2022 2954 2071 ;
2988 2007 3073 2062 Tu
3111 2007 3328 2063 dixisti.
3359 2009 3473 2064 Sed
3499 2009 3666 2080 prius

2007 2093 2250 2166 quidem
2271 2094 2559 2150 indicium
2578 2094 2767 2164 magis
2783 2095 3183 2161 obumbravit,
3215 2099 3543 2154 secundum
3567 2114 3666 2154 au-

2010 2189 2149 2252 tem,
2173 2183 2373 2239 minus
2388 2183 2656 2256 quidem,
2682 2189 2944 2241 attamen
2962 2185 3141 2242 etiam
3160 2185 3274 2242 hoc
3298 2186 3667 2258 benignitate

2010 2273 2392 2330 obumbravit
2424 2290 2438 2339 ;
2467 2279 2526 2330 ut
2555 2273 2740 2330 Judas
2768 2275 3007 2346 cognito
3039 2280 3160 2332 tam
3194 2292 3226 2332 a
3267 2277 3666 2334 communiori

2013 2363 2202 2435 signo,
2224 2379 2410 2435 quam
2426 2379 2461 2418 a
2474 2363 2909 2435 particulariori
2927 2367 3088 2437 quod
3105 2381 3224 2421 non
3237 2366 3464 2430 lateret,
3485 2367 3667 2439 paeni-

2011 2452 2196 2510 tentia
2237 2453 2553 2509 duceretur
2585 2457 2908 2524 antequam
2938 2455 3163 2510 caeteris
3219 2455 3526 2527 discipulis
3555 2473 3662 2510 ma-

2014 2542 2411 2598 nifestaretur.
2447 2545 2658 2597 Verum
2697 2543 2757 2597 hi
2788 2558 2984 2615 neque
3010 2560 3046 2600 a
3083 2545 3263 2615 priori
3294 2545 3537 2611 indicio,
3567 2560 3666 2602 ne-

2013 2648 2130 2704 que
2173 2648 2210 2687 a
2250 2632 2558 2703 posteriori
2613 2633 2936 2702 intelligere
2987 2638 3308 2704 potuerunt
3350 2636 3484 2705 quis
3514 2638 3670 2690 esset

2014 2722 2284 2792 proditor
2317 2739 2330 2788 ;
2363 2722 2511 2777 illud
2542 2722 2700 2778 enim
2738 2739 2750 2777 :
2787 2725 2874 2778 Tu
2899 2723 3126 2789 dixisti,
3155 2724 3458 2795 aanigmati
3478 2723 3668 2778 simile

2010 2814 2154 2865 erat.
2211 2813 2326 2866 Nec
2372 2810 2528 2865 enim
2586 2809 2900 2866 manifeste
2940 2810 3255 2868 confessus
3307 2817 3433 2868 erat
3477 2830 3490 2866 :
3548 2815 3668 2884 Ego

2013 2915 2169 2965 sum,
2197 2899 2303 2954 sed
2334 2915 2435 2970 per
2465 2899 2992 2970 interrogationem
3017 2901 3352 2973 :Numquid
3371 2917 3476 2972 ego
3497 2901 3667 2957 sum?

2009 2988 2209 3059 itaque
2239 2993 2570 3053 tacuerunt,
2603 3005 2679 3044 ne
2717 3005 2839 3060 quo
2870 2990 3050 3045 modo
3079 2995 3369 3061 tanquam
3400 2991 3667 3046 insensa-

2010 3078 2081 3134 tis
2138 3077 2524 3149 exprobraret
2576 3077 2878 3136 Christus:
2913 3094 3056 3134 nam
3092 3083 3147 3133 et
3185 3079 3300 3134 hoc
3330 3079 3472 3135 alibi
3501 3080 3667 3150 passi

288 3174 567 3224 πόνθασιν’
628 3171 835 3234 Ἰούδας
888 3169 968 3241 δε,
1018 3171 1118 3224 ἀπὸ
1173 3180 1265 3224 τοῦ
1310 3169 1553 3246 δευτέρου
1606 3175 1899 3245 γνωρίσμα-

2010 3172 2165 3223 sunt.
2181 3169 2210 3222 J
2219 3168 2367 3222 udas
2383 3184 2521 3223 vero
2536 3184 2570 3224 a
2585 3167 2850 3224 secundo
2861 3167 3107 3240 quidem
3121 3167 3345 3224 indicio
3364 3169 3663 3237 intellexit,

287 3281 378 3323 τος
435 3269 626 3320 συνῆκε
655 3265 766 3334 μὲν,
815 3263 895 3314 ὅτι
944 3259 1236 3334 διεγνώσθη
1273 3271 1344 3334 τῷ
1393 3269 1636 3336 Χριστῷ·
1687 3261 1897 3332 λογισά-

288 3369 441 3423 μενος
503 3348 582 3420 δὲ,
637 3353 714 3403 ὅτι
767 3355 910 3404 ού’πω
967 3355 1092 3414 τέως
1142 3359 1247 3412 τοῖς
1303 3353 1568 3424 μαθηταῖς
1615 3355 1902 3423 πεφανέρω-

289 3459 398 3501 ται,
451 3446 520 3511 μὴ
572 3444 872 3499 νενοηκόσιν
921 3443 1019 3510 ἔτι,
1051 3445 1139 3493 τὸν
1181 3441 1463 3514 ἀγνοοῦντα
1514 3449 1898 3514 προσεποιεῖτο,

285 3538 384 3591 τῆς
442 3537 532 3582 τοῦ
581 3526 912 3583 διδασκάλου
970 3529 1310 3606 καταθαρῥών
1369 3531 1710 3593 ἀνεξικακίας·
1772 3534 1904 3603 μετὰ

289 3615 352 3670 δέ
393 3637 456 3690 γε
504 3624 596 3677 τήν
640 3628 738 3672 τῶν
777 3626 1082 3693 μυστηρίων
1129 3618 1406 3693 διανομὴν,
1457 3619 1609 3673 πάλιν
1650 3622 1675 3672 6
1724 3623 1900 3692 Σωτὴρ

289 3707 673 3783 ἐμαρτύρησεν,
737 3710 916 3781 ἠγουν,
966 3706 1347 3784 διεμαρτύρατο
1416 3716 1534 3786 περὶ
1578 3718 1673 3773 τῆς
1709 3707 1902 3783 προδο-

294 3803 440 3862 σίας,
490 3799 560 3860 ὡς
614 3800 639 3850 ὁ
673 3798 916 3861 Ἰωάννης
957 3799 1201 3873 ἔγραψεν,
1247 3801 1329 3852 ἶνα
1375 3802 1400 3852 6
1433 3797 1652 3866 Ἰούδας,
1704 3803 1902 3852 τοσαύ-

289 3906 390 3950 της
481 3887 718 3950 ἁξιωθεὶς
824 3892 1204 3964 μακροθυμίας,
1296 3895 1384 3942 καὶ
1473 3894 1544 3963 μή
1623 3889 1900 3963 προδήλως

289 3972 858 4052 παραδειγματισθεὶς,
915 3979 1025 4050 (38)
1079 3976 1218 4052 μηδὲ
1268 3987 1367 4031 τῶν
1426 3984 1731 4053 μυστηρίων
1780 3979 1901 4032 ἁπε-

288 4065 480 4131 λαθεὶς,
531 4067 657 4120 ἀλλὰ
712 4073 804 4120 καὶ
855 4071 1046 4121 τούτων
1082 4068 1270 4132 ἐπίσης
1321 4077 1432 4133 τοῖς
1474 4073 1736 4144 μαθηταῖς
1786 4073 1899 4142 (39)

288 4161 600 4230 μετασχὼν,
705 4161 920 4228 ’γένηται
1001 4157 1216 4232 βελτίων
1300 4165 1388 4213 καὶ
1465 4164 1897 4235 σωφρονέστερος’

289 4247 440 4309 εὐθὺς
499 4244 558 4300 δὲ
616 4249 663 4300 οἱ
715 4249 968 4320 μαθηταὶ,
1037 4253 1227 4322 μηκέτι
1286 4245 1585 4311 δυνηθέντες
1636 4256 1900 4326 καρτερεῖν

289 4335 372 4389 ἐπὶ
433 4337 624 4389 πλεῖον-
677 4343 767 4390 καὶ
821 4340 918 4412 γὰρ
975 4339 1232 4411 ἠγωνίων,
1299 4343 1389 4392 καὶ
1448 4339 1654 4392 ἔϐλεπον
1708 4340 1774 4401 εἰς
1815 4338 1899 4390 ἀλ-

287 4425 494 4496 λήλους,
552 4425 914 4502 ἀπορούμενοι,
987 4433 1104 4503 περὶ
1157 4433 1297 4492 τίνος
1366 4428 1521 4501 λέγει·
1579 4429 1728 4482 αὐτοὶ
1808 4432 1898 4502 μεν

2009 3256 2468 3330 quodaChristo
2482 3257 2757 3327 cognitus
2770 3263 2952 3313 esset:
2973 3262 3193 3329 putans
3207 3264 3396 3313 tamen
3409 3258 3668 3331 discipu-

2009 3347 2080 3402 lis
2112 3347 2386 3402 nondum
2419 3346 2867 3402 manifestatum
2894 3361 3041 3410 esse,
3076 3363 3214 3403 cum
3243 3347 3323 3403 illi
3351 3363 3472 3403 non
3504 3348 3668 3404 intel-

2011 3435 2310 3505 lexissent,
2330 3436 2705 3506 ignorantem
2726 3453 2786 3491 se
2812 3435 3001 3503 ﬁnxit,
3028 3442 3268 3508 sumpta
3290 3452 3325 3494 a
3355 3437 3669 3495 clementia

2009 3526 2392 3600 praeceptoris
2415 3526 2655 3582 ﬁducia.
2677 3527 2815 3581 Post
2840 3525 3200 3582 divisionem
3235 3533 3434 3583 autem
3456 3533 3668 3599 myste-

2010 3616 2234 3672 riorum
2266 3633 2470 3672 rursus
2501 3615 2772 3672 Salvator
2802 3615 2876 3671 de
2905 3616 3238 3688 proditione
3270 3620 3516 3672 testatur
3547 3616 3666 3672 sive

2011 3712 2368 3778 protestatus
2417 3710 2522 3772 est,
2571 3706 2748 3761 veluti
2780 3705 3014 3778 scripsit
3055 3708 3337 3771 Joannes,
3372 3713 3435 3763 ut
3463 3706 3556 3762 vel
3586 3707 3668 3763 sic

2008 3797 2194 3854 Judas
2226 3801 2454 3853 tantam
2481 3802 2760 3867 expertus
2783 3795 3322 3866 longanimitatem,
3346 3812 3456 3852 nec
3484 3796 3671 3852 mani-

2010 3885 2156 3942 feste
2209 3886 2536 3949 traductus,
2579 3900 2774 3956 neque
2832 3886 3128 3955 mysteriis
3171 3885 3508 3952 frustratus,
3561 3885 3669 3941 sed

2011 3992 2181 4048 teque
2213 3991 2349 4030 cum
2373 3973 2678 4046 discipulis
2700 3973 2914 4028 horum
2943 3974 3237 4046 particeps
3261 3975 3524 4044 effectus,
3549 3989 3670 4030 me-

2008 4065 2119 4121 lior
2147 4081 2216 4121 ac
2244 4070 2437 4120 mente
2468 4061 2667 4119 sanior
2698 4062 3047 4118 efﬁceretur.
3079 4064 3290 4120 Statim
3321 4079 3462 4135 ergo
3489 4063 3670 4121 disci-

2009 4154 2152 4228 puli,
2183 4154 2310 4225 jam
2359 4152 2602 4209 ulterius
2632 4151 2883 4207 tolerare
2914 4159 3305 4225 nequeuntes,
3340 4154 3668 4224 plurimum

2010 4245 2170 4300 enim
2219 4244 2378 4299 anxii
2411 4247 2598 4306 erant,
2647 4245 2702 4297 et
2731 4241 2810 4296 ad
2841 4257 2905 4296 se
2944 4241 3199 4297 invicem
3246 4241 3667 4313 respiciebant,

2007 4332 2354 4388 haesitantes
2378 4333 2451 4387 de
2478 4347 2599 4403 quo
2629 4329 2849 4386 diceret
2873 4349 2885 4398 ;
2920 4329 3031 4402 ipsi
3071 4330 3314 4402 quidem
3343 4331 3670 4403 interroga-

2010 4422 2228 4478 tionem
2262 4421 2456 4477 facere
2492 4420 2622 4476 ausi
2653 4434 2771 4475 non
2819 4423 2975 4484 sunt,
3005 4419 3084 4475 ob
3111 4436 3243 4476 eam
3275 4436 3456 4492 quam
3486 4421 3668 4492 paulo

289 4521 378 4568 καὶ
427 4517 589 4578 οὕτως
646 4517 740 4569 ούκ
789 4516 1078 4590 ἐτόλμησαν
1139 4523 1230 4577 τήν
1289 4517 1564 4594 ἐρώτησιν,
1599 4516 1676 4572 δι’
1722 4523 1783 4579 ἠν
1828 4519 1898 4572 εἰ-

2011 4514 2146 4569 ante
2199 4511 2459 4567 diximus
2511 4524 2806 4565 causam:
2849 4508 2954 4564 sed
2995 4509 3150 4564 hanc
3203 4511 3407 4567 Petrus
3455 4512 3670 4568 Joanni

287 4612 519 4678 ρήκαμεν
599 4606 790 4658 αἰτίανο
855 4615 926 4678 τῷ
989 4608 1198 4681 Ἰωάννη
1267 4604 1325 4660 δε
1374 4611 1569 4668 ταύτην
1627 4607 1897 4682 ἐπέτρεψεν

290 4696 315 4746 6
366 4699 578 4768 Πέτρος,
635 4699 703 4757 ὡς
760 4696 1078 4770 ἠγαπημένῳ
1133 4697 1366 4770 μάλιστά
1437 4704 1509 4769 τῷ
1563 4694 1895 4772 διδασκάλῳ,

290 4789 381 4836 καὶ
440 4783 751 4857 ἀνακειμένῳ
826 4795 1118 4844 τηνικαῦτα
1199 4786 1247 4839 έν
1331 4795 1402 4858 τῷ
1459 4787 1632 4859 κόλπῳ
1711 4788 1894 4841 αὐτοῦ·

289 4874 314 4925 ὁ
347 4871 409 4927 δὲ
455 4880 851 4950 μεταστραφεὶς,
893 4881 983 4929 καὶ
1033 4875 1288 4930 ἐπιπεσὼν
1341 4876 1427 4930 ἐπὶ
1470 4881 1527 4930 τὸ
1578 4880 1767 4938 στῆθος
1811 4877 1900 4930 αύ-

287 4972 401 5035 τοῡ,
435 4965 545 5036 μετ’
593 4963 852 5026 εὐλαϐείας
897 4967 1163 5038 ἠρώτησεν
1214 4966 1280 5027 εἰς
1327 4969 1386 5019 τὸ
1442 4963 1546 5033 οὖς,
1591 4972 1681 5020 καὶ
1723 4967 1901 5021 λοιπόν

289 5055 314 5105 6
345 5058 524 5128 Σωτὴρ
576 5051 824 5122 συνιδὼν,
881 5057 961 5109 ὅτι
1019 5055 1226 5119 ἀνίατος
1275 5058 1301 5109 ό
1350 5053 1554 5118 Ἰούδας
1583 5061 1741 5130 μένει,
1784 5055 1900 5112 οὐδ’

359 5235 408 5269 ³⁸
438 5233 633 5291 Matth.
661 5250 816 5304 xxvi,
858 5236 949 5293 25.

2009 4601 2331 4669 commisit,
2363 4604 2654 4671 tanquam
2687 4598 2942 4654 maxime
2981 4613 3017 4655 a
3041 4599 3408 4673 Praeceptore
3430 4600 3666 4668 dilecto,

2009 4696 2066 4748 et
2093 4697 2236 4747 tunc
2265 4691 2324 4746 in
2356 4690 2480 4760 ejus
2511 4689 2646 4745 sinu
2669 4687 3074 4745 recumbenti:
3107 4693 3167 4745 at
3195 4689 3292 4746 ille
3318 4705 3665 4759 conversus,

2009 4785 2235 4837 etcum
2282 4778 2606 4835 reverentia
2655 4793 2828 4849 super
2869 4784 3080 4850 pectus
3110 4779 3240 4850 ejus
3269 4779 3558 4850 recidens,
3606 4781 3667 4836 in

2009 4886 2218 4928 aurem
2245 4868 2651 4938 interrogavit.
2681 4869 2905 4924 Ettunc
2933 4867 3208 4925 Salvator
3237 4869 3475 4940 cognito
3503 4870 3667 4942 quod

2008 4970 2035 5023 J
2043 4968 2192 5025 udas
2211 4966 2556 5024 incurabilis
2576 4969 2974 5038 permaneret,
2994 4979 3104 5022 nec
3121 4966 3203 5021 sic
3215 4966 3460 5038 quidem
3475 4967 3668 5039 publi-

2010 5058 2170 5116 cavit
2184 5073 2344 5123 eum,
2365 5056 2467 5114 sed
2496 5055 2809 5130 respondit
2838 5059 2895 5112 et
2917 5055 3050 5128 ipse
3077 5054 3140 5112 in
3166 5071 3370 5112 aurem
3406 5057 3560 5113 :Ille
3590 5062 3676 5114 est

1027 5235 1074 5271 ³⁸
1103 5237 1272 5293 Joan.
1303 5251 1425 5306 xm,
1451 5237 1541 5304 23,
1574 5236 1663 5292 26.
1733 5237 1780 5272 ³⁸
1809 5237 1963 5294 Ibid.
1989 5241 2078 5294 30.

1522 5377 1748 5448 Variae
1763 5379 2092 5450 lectiones
2113 5388 2179 5448 et
2200 5389 2405 5447 notae.

360 5537 472 5680 £34)
505 5538 666 5597 Δῆλον
696 5541 820 5611 γὰρ,
851 5541 940 5601 ὡς.
973 5540 1108 5596 Haec
1139 5541 1354 5598 omittit
1378 5539 1512 5597 cod.
1545 5543 1612 5596 Α.

386 5612 472 5680 35)
491 5609 626 5676 "Eri,
647 5611 866 5667 omittit
885 5612 1018 5667 cod.
1051 5613 1119 5667 A.
1149 5613 1320 5670 Forte
1350 5612 1608 5680 Euthym

386 5612 472 5685 {35)
491 5609 626 5685 Ἐτι,
647 5609 866 5685 omittit
885 5612 1018 5667 cod.
1046 5613 1320 5685 _A._Forte
1350 5611 1708 5685 Euthymius
1725 5611 1900 5670 etiam

291 5679 551 5756 dederat,
583 5680 881 5756 ἐνέϐαπτον,
902 5699 1012 5756 pro
1038 5683 1397 5738 ἑνεϐοίπτοντο.

364 5753 476 5825 (36)
503 5752 582 5820 '0,
613 5754 833 5812 omittit
857 5752 919 5811 ΒΣ

2107 5608 2196 5685 38)
2217 5617 2318 5665 Καὶ
2343 5608 2500 5685 μηδέ,
2536 5611 2678 5685 Cod.
2709 5612 2783 5685 A_.

2108 5541 2198 5598 37)
2232 5545 2335 5594 Καί
2359 5540 2578 5597 omittit
2607 5539 2743 5598 cod.
2773 5541 2840 5595 Α.

2108 5545 2172 5597 37
2232 5545 2335 5594 Καί
2359 5541 2578 5597 omittit
2607 5541 2743 5598 cod.
2773 5541 2840 5595 Α.

2082 5541 2198 5756 ἒ38ξ
2217 5617 2318 5701 Κμὶ
2343 5608 2500 5685 μηδέ,
2536 5611 2678 5700 βοά.
2709 5612 2783 5669 Α.

2106 5687 2172 5741 39
2200 5691 2311 5738 Των
2345 5685 2613 5756 μαθητων,
2641 5683 2787 5741 Cod.
2816 5683 2884 5739 Α.
