  <div class='ocr_page' id='page_1' title='image "/cluster/home/n/w/nwhite01/storage/ocr_20150623/129/coo.31924054870344/347.png"; bbox 0 0 4096 6382; ppageno 0'>
   <div class='ocr_carea' id='block_1_1' title="bbox 492 364 601 425">
    <p class='ocr_par' dir='ltr' id='par_1_1' title="bbox 492 364 601 425">
     <span class='ocr_line' id='line_1_1' title="bbox 492 364 601 425; baseline -0.028 0"><span class='ocrx_word' id='word_1_1' title='bbox 492 364 601 425; x_wconf 76' lang='grc'>675</span> 
     </span>
    </p>
   </div>
   <div class='ocr_carea' id='block_1_2' title="bbox 1688 358 2391 422">
    <p class='ocr_par' dir='ltr' id='par_1_2' title="bbox 1688 358 2391 422">
     <span class='ocr_line' id='line_1_2' title="bbox 1688 358 2391 422; baseline 0 -2"><span class='ocrx_word' id='word_1_2' title='bbox 1688 362 2023 421; x_wconf 80' lang='grc' dir='ltr'>ΕυΤΗΥΜΠ</span> <span class='ocrx_word' id='word_1_3' title='bbox 2059 358 2391 422; x_wconf 79' lang='lat' dir='ltr'>ZIGABENI</span> 
     </span>
    </p>
   </div>
   <div class='ocr_carea' id='block_1_3' title="bbox 3757 361 3862 421">
    <p class='ocr_par' dir='ltr' id='par_1_3' title="bbox 3757 361 3862 421">
     <span class='ocr_line' id='line_1_3' title="bbox 3757 361 3862 421; baseline -0.01 0"><span class='ocrx_word' id='word_1_4' title='bbox 3757 361 3862 421; x_wconf 78' lang='lat'>676</span> 
     </span>
    </p>
   </div>
   <div class='ocr_carea' id='block_1_4' title="bbox 499 486 2138 563">
    <p class='ocr_par' dir='ltr' id='par_1_4' title="bbox 499 490 2138 563">
     <span class='ocr_line' id='line_1_4' title="bbox 499 490 2138 563; baseline -0.002 -13"><span class='ocrx_word' id='word_1_5' title='bbox 499 494 598 550; x_wconf 85' lang='lat' dir='ltr'>cui</span> <span class='ocrx_word' id='word_1_6' title='bbox 612 507 716 563; x_wconf 86' lang='lat' dir='ltr'>ego</span> <span class='ocrx_word' id='word_1_7' title='bbox 732 492 795 547; x_wconf 76' lang='lat' dir='ltr'>in</span> <span class='ocrx_word' id='word_1_8' title='bbox 803 494 1055 548; x_wconf 74' lang='lat' dir='ltr'>tinctura</span> <span class='ocrx_word' id='word_1_9' title='bbox 1066 506 1281 560; x_wconf 81' lang='lat' dir='ltr'>panem</span> <span class='ocrx_word' id='word_1_10' title='bbox 1295 506 1641 562; x_wconf 73' lang='lat' dir='ltr'>porrexero,</span> <span class='ocrx_word' id='word_1_11' title='bbox 1661 495 1718 549; x_wconf 86' lang='lat' dir='ltr'>et</span> <span class='ocrx_word' id='word_1_12' title='bbox 1728 490 2035 548; x_wconf 87' lang='lat' dir='ltr'>intinctum</span> <span class='ocrx_word' id='word_1_13' title='bbox 2049 507 2138 563; x_wconf 39' lang='lat' dir='ltr'>pa&#39;</span> 
     </span>
    </p>
   </div>
   <div class='ocr_carea' id='block_1_5' title="bbox 2252 486 3865 563">
    <p class='ocr_par' dir='ltr' id='par_1_5' title="bbox 2260 486 3865 563">
     <span class='ocr_line' id='line_1_5' title="bbox 2260 486 3865 563; baseline 0 -20"><span class='ocrx_word' id='word_1_14' title='bbox 2260 492 2395 543; x_wconf 80' lang='grc' dir='ltr'>οὕτω</span> <span class='ocrx_word' id='word_1_15' title='bbox 2444 492 2532 552; x_wconf 65' lang='grc' dir='ltr'>μὲν</span> <span class='ocrx_word' id='word_1_16' title='bbox 2581 488 2950 563; x_wconf 82' lang='grc' dir='ltr'>ἐθριάμϐευσεν</span> <span class='ocrx_word' id='word_1_17' title='bbox 2998 488 3172 555; x_wconf 74' lang='grc' dir='ltr'>αὐτὸν,</span> <span class='ocrx_word' id='word_1_18' title='bbox 3221 488 3476 562; x_wconf 80' lang='grc' dir='ltr'>ἀπεκρίθη</span> <span class='ocrx_word' id='word_1_19' title='bbox 3535 486 3595 542; x_wconf 75' lang='grc' dir='ltr'>δε</span> <span class='ocrx_word' id='word_1_20' title='bbox 3637 494 3727 543; x_wconf 83' lang='grc' dir='ltr'>καὶ</span> <span class='ocrx_word' id='word_1_21' title='bbox 3770 491 3865 543; x_wconf 85' lang='grc' dir='ltr'>αύ-</span> 
     </span>
    </p>
   </div>
   <div class='ocr_carea' id='block_1_6' title="bbox 498 581 2149 652">
    <p class='ocr_par' dir='ltr' id='par_1_6' title="bbox 498 581 2149 652">
     <span class='ocr_line' id='line_1_6' title="bbox 498 581 2149 652; baseline -0.001 -15"><span class='ocrx_word' id='word_1_22' title='bbox 498 597 635 637; x_wconf 89' lang='lat' dir='ltr'>nem</span> <span class='ocrx_word' id='word_1_23' title='bbox 673 581 773 637; x_wconf 88' lang='lat' dir='ltr'>dat</span> <span class='ocrx_word' id='word_1_24' title='bbox 802 581 967 637; x_wconf 67' lang='lat' dir='ltr'>Judaa</span> <span class='ocrx_word' id='word_1_25' title='bbox 999 581 1259 636; x_wconf 87' lang='lat' dir='ltr'>Simonis</span> <span class='ocrx_word' id='word_1_26' title='bbox 1304 582 1616 636; x_wconf 73' lang='lat' dir='ltr'>lseariotaa.</span> <span class='ocrx_word' id='word_1_27' title='bbox 1662 583 1864 637; x_wconf 82' lang='lat' dir='ltr'>Sciens</span> <span class='ocrx_word' id='word_1_28' title='bbox 1894 597 2035 652; x_wconf 86' lang='lat' dir='ltr'>ergo</span> <span class='ocrx_word' id='word_1_29' title='bbox 2060 584 2149 636; x_wconf 84' lang='lat' dir='ltr'>Ju-</span> 
     </span>
    </p>
   </div>
   <div class='ocr_carea' id='block_1_7' title="bbox 497 670 2151 741">
    <p class='ocr_par' dir='ltr' id='par_1_7' title="bbox 497 670 2151 741">
     <span class='ocr_line' id='line_1_7' title="bbox 497 670 2151 741; baseline 0 -17"><span class='ocrx_word' id='word_1_30' title='bbox 497 670 603 725; x_wconf 90' lang='lat' dir='ltr'>das</span> <span class='ocrx_word' id='word_1_31' title='bbox 624 670 787 741; x_wconf 91' lang='lat' dir='ltr'>quod</span> <span class='ocrx_word' id='word_1_32' title='bbox 810 670 922 725; x_wconf 89' lang='lat' dir='ltr'>hoc</span> <span class='ocrx_word' id='word_1_33' title='bbox 943 671 1178 740; x_wconf 88' lang='lat' dir='ltr'>signum</span> <span class='ocrx_word' id='word_1_34' title='bbox 1202 674 1344 736; x_wconf 87' lang='lat' dir='ltr'>erat,</span> <span class='ocrx_word' id='word_1_35' title='bbox 1374 674 1499 725; x_wconf 92' lang='lat' dir='ltr'>tum</span> <span class='ocrx_word' id='word_1_36' title='bbox 1519 686 1553 725; x_wconf 89' lang='lat' dir='ltr'>a</span> <span class='ocrx_word' id='word_1_37' title='bbox 1578 674 1802 726; x_wconf 89' lang='lat' dir='ltr'>secreta</span> <span class='ocrx_word' id='word_1_38' title='bbox 1830 670 2042 725; x_wconf 82' lang='lat' dir='ltr'>Christi</span> <span class='ocrx_word' id='word_1_39' title='bbox 2073 670 2151 727; x_wconf 90' lang='lat' dir='ltr'>ad</span> 
     </span>
    </p>
   </div>
   <div class='ocr_carea' id='block_1_8' title="bbox 496 758 2150 830">
    <p class='ocr_par' dir='ltr' id='par_1_8' title="bbox 496 758 2150 830">
     <span class='ocr_line' id='line_1_8' title="bbox 496 758 2150 830; baseline 0.002 -19"><span class='ocrx_word' id='word_1_40' title='bbox 496 759 783 815; x_wconf 86' lang='lat' dir='ltr'>Joannem</span> <span class='ocrx_word' id='word_1_41' title='bbox 807 758 1214 825; x_wconf 87' lang='lat' dir='ltr'>collocutione,</span> <span class='ocrx_word' id='word_1_42' title='bbox 1236 768 1359 815; x_wconf 91' lang='lat' dir='ltr'>tum</span> <span class='ocrx_word' id='word_1_43' title='bbox 1389 761 1522 830; x_wconf 85' lang='lat' dir='ltr'>quia</span> <span class='ocrx_word' id='word_1_44' title='bbox 1551 758 1782 830; x_wconf 89' lang='lat' dir='ltr'>soliipsi</span> <span class='ocrx_word' id='word_1_45' title='bbox 1816 758 1945 814; x_wconf 85' lang='lat' dir='ltr'>talis</span> <span class='ocrx_word' id='word_1_46' title='bbox 1966 759 2150 815; x_wconf 77' lang='lat' dir='ltr'>offula</span> 
     </span>
    </p>
   </div>
   <div class='ocr_carea' id='block_1_9' title="bbox 495 848 2148 919">
    <p class='ocr_par' dir='ltr' id='par_1_9' title="bbox 495 848 2148 919">
     <span class='ocr_line' id='line_1_9' title="bbox 495 848 2148 919; baseline -0.001 -17"><span class='ocrx_word' id='word_1_47' title='bbox 495 848 637 903; x_wconf 89' lang='lat' dir='ltr'>data</span> <span class='ocrx_word' id='word_1_48' title='bbox 654 854 813 903; x_wconf 90' lang='lat' dir='ltr'>erat:</span> <span class='ocrx_word' id='word_1_49' title='bbox 848 849 974 903; x_wconf 82' lang='lat' dir='ltr'>haec</span> <span class='ocrx_word' id='word_1_50' title='bbox 996 850 1151 903; x_wconf 89' lang='lat' dir='ltr'>enim</span> <span class='ocrx_word' id='word_1_51' title='bbox 1187 848 1303 904; x_wconf 90' lang='lat' dir='ltr'>alia</span> <span class='ocrx_word' id='word_1_52' title='bbox 1333 854 1509 904; x_wconf 89' lang='lat' dir='ltr'>erata</span> <span class='ocrx_word' id='word_1_53' title='bbox 1533 865 1706 919; x_wconf 91' lang='lat' dir='ltr'>pane.</span> <span class='ocrx_word' id='word_1_54' title='bbox 1733 848 1835 919; x_wconf 92' lang='lat' dir='ltr'>qui</span> <span class='ocrx_word' id='word_1_55' title='bbox 1862 848 2148 903; x_wconf 90' lang='lat' dir='ltr'>omnibus</span> 
     </span>
    </p>
   </div>
   <div class='ocr_carea' id='block_1_10' title="bbox 495 935 2146 1005">
    <p class='ocr_par' dir='ltr' id='par_1_10' title="bbox 495 935 2146 1005">
     <span class='ocr_line' id='line_1_10' title="bbox 495 935 2146 1005; baseline 0.001 -16"><span class='ocrx_word' id='word_1_56' title='bbox 495 935 721 991; x_wconf 89' lang='lat' dir='ltr'>divisus</span> <span class='ocrx_word' id='word_1_57' title='bbox 770 941 876 992; x_wconf 91' lang='lat' dir='ltr'>est.</span> <span class='ocrx_word' id='word_1_58' title='bbox 926 937 1205 993; x_wconf 60' lang='lat' dir='ltr'>Praeterea</span> <span class='ocrx_word' id='word_1_59' title='bbox 1261 953 1399 992; x_wconf 92' lang='lat' dir='ltr'>cum</span> <span class='ocrx_word' id='word_1_60' title='bbox 1448 938 1719 992; x_wconf 83' lang='lat' dir='ltr'>audisset</span> <span class='ocrx_word' id='word_1_61' title='bbox 1751 954 1762 991; x_wconf 89' lang='lat'>:</span> <span class='ocrx_word' id='word_1_62' title='bbox 1800 937 1965 1002; x_wconf 87' lang='lat' dir='ltr'><em>Quod</em></span> <span class='ocrx_word' id='word_1_63' title='bbox 1989 938 2146 1005; x_wconf 79' lang='lat' dir='ltr'>facis</span> 
     </span>
    </p>
   </div>
   <div class='ocr_carea' id='block_1_11' title="bbox 491 1025 2146 1097">
    <p class='ocr_par' dir='ltr' id='par_1_11' title="bbox 491 1025 2146 1097">
     <span class='ocr_line' id='line_1_11' title="bbox 491 1025 2146 1097; baseline -0.001 -16"><span class='ocrx_word' id='word_1_64' title='bbox 491 1026 594 1095; x_wconf 79' lang='lat' dir='ltr'>fac</span> <span class='ocrx_word' id='word_1_65' title='bbox 616 1026 807 1091; x_wconf 80' lang='lat' dir='ltr'>citius,</span> <span class='ocrx_word' id='word_1_66' title='bbox 831 1026 943 1081; x_wconf 87' lang='lat' dir='ltr'>hoc</span> <span class='ocrx_word' id='word_1_67' title='bbox 971 1031 1075 1081; x_wconf 91' lang='lat' dir='ltr'>est.</span> <span class='ocrx_word' id='word_1_68' title='bbox 1094 1025 1263 1090; x_wconf 86' lang='lat' dir='ltr'>Quod</span> <span class='ocrx_word' id='word_1_69' title='bbox 1294 1025 1654 1096; x_wconf 79' lang='lat' dir='ltr'>cogitatione</span> <span class='ocrx_word' id='word_1_70' title='bbox 1686 1027 1844 1091; x_wconf 87' lang='lat' dir='ltr'>facis,</span> <span class='ocrx_word' id='word_1_71' title='bbox 1879 1026 2146 1097; x_wconf 89' lang='lat' dir='ltr'>perﬁcito</span> 
     </span>
    </p>
   </div>
   <div class='ocr_carea' id='block_1_12' title="bbox 494 1114 2139 1186">
    <p class='ocr_par' dir='ltr' id='par_1_12' title="bbox 494 1114 2139 1186">
     <span class='ocr_line' id='line_1_12' title="bbox 494 1114 2139 1186; baseline 0.001 -18"><span class='ocrx_word' id='word_1_72' title='bbox 494 1118 550 1169; x_wconf 89' lang='lat' dir='ltr'>et</span> <span class='ocrx_word' id='word_1_73' title='bbox 580 1130 757 1185; x_wconf 90' lang='lat' dir='ltr'>opere</span> <span class='ocrx_word' id='word_1_74' title='bbox 793 1130 806 1179; x_wconf 93' lang='lat'>;</span> <span class='ocrx_word' id='word_1_75' title='bbox 835 1114 1127 1186; x_wconf 88' lang='lat' dir='ltr'>siquidem</span> <span class='ocrx_word' id='word_1_76' title='bbox 1164 1119 1398 1186; x_wconf 84' lang='lat' dir='ltr'>tempus</span> <span class='ocrx_word' id='word_1_77' title='bbox 1431 1115 1555 1185; x_wconf 76' lang='lat' dir='ltr'>iam</span> <span class='ocrx_word' id='word_1_78' title='bbox 1584 1114 2139 1186; x_wconf 81' lang='lat' dir='ltr'>appropinquabat.</span> 
     </span>
    </p>
   </div>
   <div class='ocr_carea' id='block_1_13' title="bbox 494 1202 2147 1275">
    <p class='ocr_par' dir='ltr' id='par_1_13' title="bbox 494 1202 2147 1275">
     <span class='ocr_line' id='line_1_13' title="bbox 494 1202 2147 1275; baseline 0.002 -19"><span class='ocrx_word' id='word_1_79' title='bbox 494 1203 855 1274; x_wconf 85' lang='lat' dir='ltr'>Quanquam</span> <span class='ocrx_word' id='word_1_80' title='bbox 879 1202 1076 1258; x_wconf 86' lang='lat' dir='ltr'>adhuc</span> <span class='ocrx_word' id='word_1_81' title='bbox 1106 1202 1415 1275; x_wconf 88' lang='lat' dir='ltr'>discipulis</span> <span class='ocrx_word' id='word_1_82' title='bbox 1436 1204 1642 1273; x_wconf 85' lang='lat' dir='ltr'>ignota</span> <span class='ocrx_word' id='word_1_83' title='bbox 1662 1208 1896 1259; x_wconf 85' lang='lat' dir='ltr'>erantet</span> <span class='ocrx_word' id='word_1_84' title='bbox 1916 1219 2053 1274; x_wconf 72' lang='lat' dir='ltr'>quae</span> <span class='ocrx_word' id='word_1_85' title='bbox 2074 1203 2147 1259; x_wconf 94' lang='lat' dir='ltr'>de</span> 
     </span>
    </p>
   </div>
   <div class='ocr_carea' id='block_1_14' title="bbox 488 1290 2147 1363">
    <p class='ocr_par' dir='ltr' id='par_1_14' title="bbox 488 1290 2147 1363">
     <span class='ocr_line' id='line_1_14' title="bbox 488 1290 2147 1363; baseline 0.001 -18"><span class='ocrx_word' id='word_1_86' title='bbox 488 1290 671 1346; x_wconf 80' lang='lat' dir='ltr'>offula</span> <span class='ocrx_word' id='word_1_87' title='bbox 691 1296 877 1355; x_wconf 90' lang='lat' dir='ltr'>erant,</span> <span class='ocrx_word' id='word_1_88' title='bbox 909 1297 1102 1363; x_wconf 86' lang='lat' dir='ltr'>utpote</span> <span class='ocrx_word' id='word_1_89' title='bbox 1123 1292 1265 1347; x_wconf 90' lang='lat' dir='ltr'>solis</span> <span class='ocrx_word' id='word_1_90' title='bbox 1294 1292 1509 1347; x_wconf 86' lang='lat' dir='ltr'>Joanni</span> <span class='ocrx_word' id='word_1_91' title='bbox 1539 1297 1763 1348; x_wconf 90' lang='lat' dir='ltr'>secreto</span> <span class='ocrx_word' id='word_1_92' title='bbox 1783 1292 1956 1348; x_wconf 89' lang='lat' dir='ltr'>dicta.</span> <span class='ocrx_word' id='word_1_93' title='bbox 1990 1291 2147 1347; x_wconf 84' lang='lat' dir='ltr'>Alius</span> 
     </span>
    </p>
   </div>
   <div class='ocr_carea' id='block_1_15' title="bbox 489 1379 2143 1452">
    <p class='ocr_par' dir='ltr' id='par_1_15' title="bbox 489 1379 2143 1452">
     <span class='ocr_line' id='line_1_15' title="bbox 489 1379 2143 1452; baseline 0.001 -18"><span class='ocrx_word' id='word_1_94' title='bbox 489 1379 694 1435; x_wconf 88' lang='lat' dir='ltr'>itidem</span> <span class='ocrx_word' id='word_1_95' title='bbox 738 1396 935 1436; x_wconf 88' lang='lat' dir='ltr'>sermo</span> <span class='ocrx_word' id='word_1_96' title='bbox 971 1381 1235 1436; x_wconf 89' lang='lat' dir='ltr'>incertus</span> <span class='ocrx_word' id='word_1_97' title='bbox 1290 1385 1415 1436; x_wconf 87' lang='lat' dir='ltr'>erat</span> <span class='ocrx_word' id='word_1_98' title='bbox 1441 1381 1513 1436; x_wconf 89' lang='lat' dir='ltr'>ad</span> <span class='ocrx_word' id='word_1_99' title='bbox 1543 1381 1690 1452; x_wconf 90' lang='lat' dir='ltr'>quid</span> <span class='ocrx_word' id='word_1_100' title='bbox 1741 1381 1933 1436; x_wconf 89' lang='lat' dir='ltr'>dictus</span> <span class='ocrx_word' id='word_1_101' title='bbox 1973 1386 2143 1436; x_wconf 90' lang='lat' dir='ltr'>esset.</span> 
     </span>
    </p>
   </div>
   <div class='ocr_carea' id='block_1_16' title="bbox 489 1468 2148 1540">
    <p class='ocr_par' dir='ltr' id='par_1_16' title="bbox 489 1468 2148 1540">
     <span class='ocr_line' id='line_1_16' title="bbox 489 1468 2148 1540; baseline 0.001 -18"><span class='ocrx_word' id='word_1_102' title='bbox 489 1468 747 1533; x_wconf 85' lang='lat' dir='ltr'>Quidam</span> <span class='ocrx_word' id='word_1_103' title='bbox 778 1469 955 1533; x_wconf 90' lang='lat' dir='ltr'>enim,</span> <span class='ocrx_word' id='word_1_104' title='bbox 990 1469 1185 1540; x_wconf 90' lang='lat' dir='ltr'>inquit</span> <span class='ocrx_word' id='word_1_105' title='bbox 1217 1470 1286 1534; x_wconf 82' lang='grc'>³⁷,</span> <span class='ocrx_word' id='word_1_106' title='bbox 1320 1468 1615 1540; x_wconf 86' lang='lat' dir='ltr'>putabant</span> <span class='ocrx_word' id='word_1_107' title='bbox 1639 1469 2027 1540; x_wconf 89' lang='lat' dir='ltr'>quialoculos</span> <span class='ocrx_word' id='word_1_108' title='bbox 2043 1469 2148 1524; x_wconf 88' lang='lat' dir='ltr'>ha-</span> 
     </span>
    </p>
   </div>
   <div class='ocr_carea' id='block_1_17' title="bbox 488 1556 2147 1629">
    <p class='ocr_par' dir='ltr' id='par_1_17' title="bbox 488 1556 2147 1629">
     <span class='ocr_line' id='line_1_17' title="bbox 488 1556 2147 1629; baseline 0.002 -17"><span class='ocrx_word' id='word_1_109' title='bbox 488 1556 671 1613; x_wconf 87' lang='lat' dir='ltr'>bebat</span> <span class='ocrx_word' id='word_1_110' title='bbox 701 1557 907 1621; x_wconf 87' lang='lat' dir='ltr'>Judas,</span> <span class='ocrx_word' id='word_1_111' title='bbox 954 1558 1117 1629; x_wconf 91' lang='lat' dir='ltr'>quod</span> <span class='ocrx_word' id='word_1_112' title='bbox 1156 1557 1379 1613; x_wconf 86' lang='lat' dir='ltr'>diceret</span> <span class='ocrx_word' id='word_1_113' title='bbox 1409 1558 1459 1612; x_wconf 92' lang='lat' dir='ltr'>ei</span> <span class='ocrx_word' id='word_1_114' title='bbox 1498 1561 1666 1613; x_wconf 85' lang='lat' dir='ltr'>Jesus</span> <span class='ocrx_word' id='word_1_115' title='bbox 1698 1576 1710 1609; x_wconf 92' lang='lat'>:</span> <span class='ocrx_word' id='word_1_116' title='bbox 1741 1559 1887 1613; x_wconf 85' lang='lat' dir='ltr'>Eme</span> <span class='ocrx_word' id='word_1_117' title='bbox 1925 1574 1991 1615; x_wconf 85' lang='lat' dir='ltr'>ea</span> <span class='ocrx_word' id='word_1_118' title='bbox 2020 1575 2147 1629; x_wconf 70' lang='lat' dir='ltr'>qua:</span> 
     </span>
    </p>
   </div>
   <div class='ocr_carea' id='block_1_18' title="bbox 2814 576 3864 651">
    <p class='ocr_par' dir='ltr' id='par_1_18' title="bbox 2814 576 3864 651">
     <span class='ocr_line' id='line_1_18' title="bbox 2814 576 3864 651; baseline 0.001 -21"><span class='ocrx_word' id='word_1_119' title='bbox 2814 580 2893 630; x_wconf 84' lang='grc' dir='ltr'>ὅτι</span> <span class='ocrx_word' id='word_1_120' title='bbox 2963 578 3178 638; x_wconf 81' lang='grc' dir='ltr'>Ἐκεῖνός</span> <span class='ocrx_word' id='word_1_121' title='bbox 3225 576 3382 643; x_wconf 87' lang='grc' dir='ltr'>ἐστιν,</span> <span class='ocrx_word' id='word_1_122' title='bbox 3436 579 3474 647; x_wconf 83' lang='grc' dir='ltr'>ᾧ</span> <span class='ocrx_word' id='word_1_123' title='bbox 3530 576 3629 649; x_wconf 72' lang='grc' dir='ltr'>ἐγὼ</span> <span class='ocrx_word' id='word_1_124' title='bbox 3685 577 3864 651; x_wconf 80' lang='grc' dir='ltr'>βάψας</span> 
     </span>
    </p>
   </div>
   <div class='ocr_carea' id='block_1_19' title="bbox 2258 664 3867 741">
    <p class='ocr_par' dir='ltr' id='par_1_19' title="bbox 2258 664 3867 741">
     <span class='ocr_line' id='line_1_19' title="bbox 2258 664 3867 741; baseline -0.001 -20"><span class='ocrx_word' id='word_1_125' title='bbox 2258 673 2315 721; x_wconf 91' lang='lat'>1&#39;6</span> <span class='ocrx_word' id='word_1_126' title='bbox 2345 669 2548 741; x_wconf 66' lang='grc' dir='ltr'>ψωμίον</span> <span class='ocrx_word' id='word_1_127' title='bbox 2607 664 2852 719; x_wconf 85' lang='grc' dir='ltr'>ἐπιδώσω</span> <span class='ocrx_word' id='word_1_128' title='bbox 2888 685 2899 697; x_wconf 86' lang='lat'>&#39;</span> <span class='ocrx_word' id='word_1_129' title='bbox 2956 673 3044 719; x_wconf 84' lang='grc' dir='ltr'>καὶ</span> <span class='ocrx_word' id='word_1_130' title='bbox 3099 666 3336 739; x_wconf 67' lang='grc' dir='ltr'>ἐμϐάψας</span> <span class='ocrx_word' id='word_1_131' title='bbox 3392 670 3450 719; x_wconf 87' lang='grc' dir='ltr'>τό</span> <span class='ocrx_word' id='word_1_132' title='bbox 3494 666 3700 739; x_wconf 70' lang='grc' dir='ltr'>ψωμίον</span> <span class='ocrx_word' id='word_1_133' title='bbox 3759 667 3867 720; x_wconf 71' lang='grc' dir='ltr'>ἔπι-</span> 
     </span>
    </p>
   </div>
   <div class='ocr_carea' id='block_1_20' title="bbox 2260 753 3865 828">
    <p class='ocr_par' dir='ltr' id='par_1_20' title="bbox 2260 753 3865 828">
     <span class='ocr_line' id='line_1_20' title="bbox 2260 753 3865 828; baseline -0.002 -17"><span class='ocrx_word' id='word_1_134' title='bbox 2260 755 2506 813; x_wconf 80' lang='grc' dir='ltr'>διδωσιν.</span> <span class='ocrx_word' id='word_1_135' title='bbox 2552 754 2757 817; x_wconf 77' lang='grc' dir='ltr'>Ἰούδας</span> <span class='ocrx_word' id='word_1_136' title='bbox 2811 753 2869 809; x_wconf 76' lang='grc' dir='ltr'>δὲ</span> <span class='ocrx_word' id='word_1_137' title='bbox 2941 756 3109 808; x_wconf 77' lang='grc' dir='ltr'>λαϐὼν</span> <span class='ocrx_word' id='word_1_138' title='bbox 3160 760 3217 809; x_wconf 99' lang='lat'>1&#39;6</span> <span class='ocrx_word' id='word_1_139' title='bbox 3272 756 3499 828; x_wconf 75' lang='grc' dir='ltr'>ψωμίον,</span> <span class='ocrx_word' id='word_1_140' title='bbox 3552 760 3642 808; x_wconf 79' lang='grc' dir='ltr'>καὶ</span> <span class='ocrx_word' id='word_1_141' title='bbox 3712 762 3865 827; x_wconf 80' lang='grc' dir='ltr'>γνοὺς</span> 
     </span>
    </p>
   </div>
   <div class='ocr_carea' id='block_1_21' title="bbox 2258 842 3865 919">
    <p class='ocr_par' dir='ltr' id='par_1_21' title="bbox 2258 842 3865 919">
     <span class='ocr_line' id='line_1_21' title="bbox 2258 842 3865 919; baseline -0.001 -20"><span class='ocrx_word' id='word_1_142' title='bbox 2258 849 2338 900; x_wconf 85' lang='grc' dir='ltr'>ὅτι</span> <span class='ocrx_word' id='word_1_143' title='bbox 2389 852 2657 919; x_wconf 82' lang='grc' dir='ltr'>τεκμήριον</span> <span class='ocrx_word' id='word_1_144' title='bbox 2730 842 2791 903; x_wconf 76' lang='grc' dir='ltr'>ἦν</span> <span class='ocrx_word' id='word_1_145' title='bbox 2845 844 2945 898; x_wconf 87' lang='grc' dir='ltr'>ἀπό</span> <span class='ocrx_word' id='word_1_146' title='bbox 3020 865 3074 897; x_wconf 86' lang='grc' dir='ltr'>τε</span> <span class='ocrx_word' id='word_1_147' title='bbox 3132 853 3223 905; x_wconf 86' lang='grc' dir='ltr'>τῆς</span> <span class='ocrx_word' id='word_1_148' title='bbox 3271 853 3363 897; x_wconf 82' lang='grc' dir='ltr'>τοῦ</span> <span class='ocrx_word' id='word_1_149' title='bbox 3438 851 3673 917; x_wconf 81' lang='grc' dir='ltr'>Χριστοῦ</span> <span class='ocrx_word' id='word_1_150' title='bbox 3734 850 3865 918; x_wconf 87' lang='grc' dir='ltr'>πρὸς</span> 
     </span>
    </p>
   </div>
   <div class='ocr_carea' id='block_1_22' title="bbox 2257 933 3864 1009">
    <p class='ocr_par' dir='ltr' id='par_1_22' title="bbox 2257 933 3864 1009">
     <span class='ocr_line' id='line_1_22' title="bbox 2257 933 3864 1009; baseline -0.002 -21"><span class='ocrx_word' id='word_1_151' title='bbox 2257 937 2495 993; x_wconf 77' lang='grc' dir='ltr'>Ἰωάννην</span> <span class='ocrx_word' id='word_1_152' title='bbox 2559 939 2781 1009; x_wconf 86' lang='grc' dir='ltr'>κρυφίας</span> <span class='ocrx_word' id='word_1_153' title='bbox 2863 935 3202 1006; x_wconf 82' lang='grc' dir='ltr'>κοινολογίας,</span> <span class='ocrx_word' id='word_1_154' title='bbox 3275 939 3365 986; x_wconf 83' lang='grc' dir='ltr'>καὶ</span> <span class='ocrx_word' id='word_1_155' title='bbox 3423 933 3524 986; x_wconf 83' lang='grc' dir='ltr'>ἀπὸ</span> <span class='ocrx_word' id='word_1_156' title='bbox 3576 942 3668 987; x_wconf 84' lang='grc' dir='ltr'>τοῦ</span> <span class='ocrx_word' id='word_1_157' title='bbox 3726 940 3864 1007; x_wconf 84' lang='grc' dir='ltr'>μόνῳ</span> 
     </span>
    </p>
   </div>
   <div class='ocr_carea' id='block_1_23' title="bbox 2258 1020 3863 1097">
    <p class='ocr_par' dir='ltr' id='par_1_23' title="bbox 2258 1020 3863 1097">
     <span class='ocr_line' id='line_1_23' title="bbox 2258 1020 3863 1097; baseline 0 -20"><span class='ocrx_word' id='word_1_158' title='bbox 2258 1026 2397 1096; x_wconf 79' lang='grc' dir='ltr'>αύτῷ</span> <span class='ocrx_word' id='word_1_159' title='bbox 2436 1033 2668 1078; x_wconf 81' lang='grc' dir='ltr'>τοιοῦτον</span> <span class='ocrx_word' id='word_1_160' title='bbox 2719 1025 2924 1097; x_wconf 73' lang='grc' dir='ltr'>ψωμίον</span> <span class='ocrx_word' id='word_1_161' title='bbox 2973 1021 3214 1083; x_wconf 81' lang='grc' dir='ltr'>δοθῆναι·</span> <span class='ocrx_word' id='word_1_162' title='bbox 3272 1024 3441 1096; x_wconf 78' lang='grc' dir='ltr'>ἕτερον</span> <span class='ocrx_word' id='word_1_163' title='bbox 3467 1026 3568 1096; x_wconf 84' lang='grc' dir='ltr'>γὰρ</span> <span class='ocrx_word' id='word_1_164' title='bbox 3618 1020 3680 1081; x_wconf 78' lang='grc' dir='ltr'>ἧν</span> <span class='ocrx_word' id='word_1_165' title='bbox 3709 1031 3863 1077; x_wconf 85' lang='grc' dir='ltr'>τοῦτο</span> 
     </span>
    </p>
   </div>
   <div class='ocr_carea' id='block_1_24' title="bbox 2256 1111 3864 1190">
    <p class='ocr_par' dir='ltr' id='par_1_24' title="bbox 2256 1111 3864 1190">
     <span class='ocr_line' id='line_1_24' title="bbox 2256 1111 3864 1190; baseline 0.001 -26"><span class='ocrx_word' id='word_1_166' title='bbox 2256 1118 2399 1188; x_wconf 75' lang='grc' dir='ltr'>παρὰ</span> <span class='ocrx_word' id='word_1_167' title='bbox 2453 1118 2538 1166; x_wconf 88' lang='grc' dir='ltr'>τὸν</span> <span class='ocrx_word' id='word_1_168' title='bbox 2598 1111 3004 1190; x_wconf 82' lang='grc' dir='ltr'>διαμερισθέντα</span> <span class='ocrx_word' id='word_1_169' title='bbox 3068 1119 3229 1166; x_wconf 80' lang='grc' dir='ltr'>πᾶσιν</span> <span class='ocrx_word' id='word_1_170' title='bbox 3283 1112 3456 1187; x_wconf 75' lang='grc' dir='ltr'>ἄρτον·</span> <span class='ocrx_word' id='word_1_171' title='bbox 3512 1118 3604 1165; x_wconf 81' lang='grc' dir='ltr'>καὶ</span> <span class='ocrx_word' id='word_1_172' title='bbox 3647 1118 3864 1189; x_wconf 74' lang='grc' dir='ltr'>προσέτι</span> 
     </span>
    </p>
   </div>
   <div class='ocr_carea' id='block_1_25' title="bbox 2258 1203 3865 1274">
    <p class='ocr_par' dir='ltr' id='par_1_25' title="bbox 2258 1203 3865 1274">
     <span class='ocr_line' id='line_1_25' title="bbox 2258 1203 3865 1274; baseline 0 -19"><span class='ocrx_word' id='word_1_173' title='bbox 2258 1204 2503 1267; x_wconf 82' lang='grc' dir='ltr'>ἀκούσας,</span> <span class='ocrx_word' id='word_1_174' title='bbox 2559 1204 2640 1255; x_wconf 87' lang='grc' dir='ltr'>ότι</span> <span class='ocrx_word' id='word_1_175' title='bbox 2705 1206 2819 1274; x_wconf 72' lang='grc'>(40)</span> <span class='ocrx_word' id='word_1_176' title='bbox 2870 1203 2934 1256; x_wconf 68' lang='grc' dir='ltr'>Ὀ</span> <span class='ocrx_word' id='word_1_177' title='bbox 2985 1210 3168 1271; x_wconf 79' lang='grc' dir='ltr'>ποιεῖς,</span> <span class='ocrx_word' id='word_1_178' title='bbox 3214 1207 3436 1261; x_wconf 81' lang='grc' dir='ltr'>ποίησον</span> <span class='ocrx_word' id='word_1_179' title='bbox 3483 1204 3694 1274; x_wconf 78' lang='grc' dir='ltr'>τάχιον,</span> <span class='ocrx_word' id='word_1_180' title='bbox 3746 1222 3865 1255; x_wconf 87' lang='grc' dir='ltr'>του-</span> 
     </span>
    </p>
   </div>
   <div class='ocr_carea' id='block_1_26' title="bbox 2256 1292 3859 1364">
    <p class='ocr_par' dir='ltr' id='par_1_26' title="bbox 2256 1292 3859 1364">
     <span class='ocr_line' id='line_1_26' title="bbox 2256 1292 3859 1364; baseline -0.001 -19"><span class='ocrx_word' id='word_1_181' title='bbox 2256 1298 2420 1358; x_wconf 85' lang='grc' dir='ltr'>τέστι,</span> <span class='ocrx_word' id='word_1_182' title='bbox 2471 1292 2537 1343; x_wconf 77' lang='grc' dir='ltr'><strong>Ὀ</strong></span> <span class='ocrx_word' id='word_1_183' title='bbox 2577 1301 2647 1363; x_wconf 85' lang='grc' dir='ltr'>τῷ</span> <span class='ocrx_word' id='word_1_184' title='bbox 2693 1292 2929 1363; x_wconf 81' lang='grc' dir='ltr'>λογισμῷ</span> <span class='ocrx_word' id='word_1_185' title='bbox 2972 1301 3154 1361; x_wconf 79' lang='grc' dir='ltr'>ποιεῖς,</span> <span class='ocrx_word' id='word_1_186' title='bbox 3205 1297 3428 1349; x_wconf 86' lang='grc' dir='ltr'>ποίησον</span> <span class='ocrx_word' id='word_1_187' title='bbox 3460 1297 3549 1344; x_wconf 83' lang='grc' dir='ltr'>καὶ</span> <span class='ocrx_word' id='word_1_188' title='bbox 3593 1300 3665 1362; x_wconf 87' lang='grc' dir='ltr'>τῷ</span> <span class='ocrx_word' id='word_1_189' title='bbox 3703 1294 3859 1364; x_wconf 77' lang='grc' dir='ltr'>ἔργῳ-</span> 
     </span>
    </p>
   </div>
   <div class='ocr_carea' id='block_1_27' title="bbox 2256 1382 3864 1455">
    <p class='ocr_par' dir='ltr' id='par_1_27' title="bbox 2256 1382 3864 1455">
     <span class='ocr_line' id='line_1_27' title="bbox 2256 1382 3864 1455; baseline 0 -22"><span class='ocrx_word' id='word_1_190' title='bbox 2256 1385 2448 1453; x_wconf 81' lang='grc' dir='ltr'>ἦγγισε</span> <span class='ocrx_word' id='word_1_191' title='bbox 2488 1384 2589 1454; x_wconf 75' lang='grc' dir='ltr'>γὰρ</span> <span class='ocrx_word' id='word_1_192' title='bbox 2648 1383 2672 1433; x_wconf 94' lang='grc' dir='ltr'>ό</span> <span class='ocrx_word' id='word_1_193' title='bbox 2721 1386 2921 1455; x_wconf 78' lang='grc' dir='ltr'>καιρόςο</span> <span class='ocrx_word' id='word_1_194' title='bbox 2984 1382 3025 1433; x_wconf 82' lang='grc' dir='ltr'>εί</span> <span class='ocrx_word' id='word_1_195' title='bbox 3066 1386 3157 1434; x_wconf 79' lang='grc' dir='ltr'>καὶ</span> <span class='ocrx_word' id='word_1_196' title='bbox 3211 1384 3285 1433; x_wconf 79' lang='grc' dir='ltr'>ἔτι</span> <span class='ocrx_word' id='word_1_197' title='bbox 3329 1389 3435 1441; x_wconf 90' lang='grc' dir='ltr'>τοῖς</span> <span class='ocrx_word' id='word_1_198' title='bbox 3473 1382 3738 1453; x_wconf 77' lang='grc' dir='ltr'>μαθηταῖς</span> <span class='ocrx_word' id='word_1_199' title='bbox 3772 1387 3864 1433; x_wconf 84' lang='grc' dir='ltr'>καὶ</span> 
     </span>
    </p>
   </div>
   <div class='ocr_carea' id='block_1_28' title="bbox 2254 1470 3866 1545">
    <p class='ocr_par' dir='ltr' id='par_1_28' title="bbox 2254 1470 3866 1545">
     <span class='ocr_line' id='line_1_28' title="bbox 2254 1470 3866 1545; baseline 0 -23"><span class='ocrx_word' id='word_1_200' title='bbox 2254 1474 2320 1522; x_wconf 89' lang='grc' dir='ltr'>τά</span> <span class='ocrx_word' id='word_1_201' title='bbox 2367 1476 2614 1543; x_wconf 78' lang='grc' dir='ltr'>περὶτοῦ</span> <span class='ocrx_word' id='word_1_202' title='bbox 2666 1470 2875 1543; x_wconf 75' lang='grc' dir='ltr'>ψωμίου</span> <span class='ocrx_word' id='word_1_203' title='bbox 2956 1472 3204 1542; x_wconf 74' lang='grc' dir='ltr'>ἠγνόητο,</span> <span class='ocrx_word' id='word_1_204' title='bbox 3258 1475 3387 1544; x_wconf 87' lang='grc' dir='ltr'>πρὸς</span> <span class='ocrx_word' id='word_1_205' title='bbox 3435 1475 3587 1542; x_wconf 88' lang='grc' dir='ltr'>μόνον</span> <span class='ocrx_word' id='word_1_206' title='bbox 3641 1471 3866 1545; x_wconf 74' lang='grc' dir='ltr'>ῥηθέντα</span> 
     </span>
    </p>
   </div>
   <div class='ocr_carea' id='block_1_29' title="bbox 2254 1556 3866 1633">
    <p class='ocr_par' dir='ltr' id='par_1_29' title="bbox 2254 1556 3866 1633">
     <span class='ocr_line' id='line_1_29' title="bbox 2254 1556 3866 1633; baseline -0.001 -22"><span class='ocrx_word' id='word_1_207' title='bbox 2254 1565 2484 1632; x_wconf 79' lang='grc' dir='ltr'>κρυφίως</span> <span class='ocrx_word' id='word_1_208' title='bbox 2533 1564 2619 1612; x_wconf 86' lang='grc' dir='ltr'>τὸν</span> <span class='ocrx_word' id='word_1_209' title='bbox 2666 1562 2929 1625; x_wconf 85' lang='grc' dir='ltr'>Ἰωάννην,</span> <span class='ocrx_word' id='word_1_210' title='bbox 2981 1566 3071 1613; x_wconf 81' lang='grc' dir='ltr'>καὶ</span> <span class='ocrx_word' id='word_1_211' title='bbox 3103 1563 3129 1613; x_wconf 91' lang='grc' dir='ltr'>ό</span> <span class='ocrx_word' id='word_1_212' title='bbox 3168 1562 3320 1632; x_wconf 92' lang='grc' dir='ltr'>λόγος</span> <span class='ocrx_word' id='word_1_213' title='bbox 3374 1556 3574 1622; x_wconf 79' lang='grc' dir='ltr'>ἄδηλος</span> <span class='ocrx_word' id='word_1_214' title='bbox 3613 1556 3697 1625; x_wconf 79' lang='grc' dir='ltr'>ἧν,</span> <span class='ocrx_word' id='word_1_215' title='bbox 3738 1563 3866 1633; x_wconf 85' lang='grc' dir='ltr'>πρὸς</span> 
     </span>
    </p>
   </div>
   <div class='ocr_carea' id='block_1_30' title="bbox 2260 574 2735 644">
    <p class='ocr_par' dir='ltr' id='par_1_30' title="bbox 2260 574 2735 644">
     <span class='ocr_line' id='line_1_30' title="bbox 2260 574 2735 644; baseline -0.006 -12"><span class='ocrx_word' id='word_1_216' title='bbox 2260 584 2341 640; x_wconf 79' lang='grc' dir='ltr'>τὸς</span> <span class='ocrx_word' id='word_1_217' title='bbox 2400 579 2473 641; x_wconf 84' lang='grc' dir='ltr'>εἰς</span> <span class='ocrx_word' id='word_1_218' title='bbox 2518 582 2574 630; x_wconf 86' lang='grc' dir='ltr'>τὸ</span> <span class='ocrx_word' id='word_1_219' title='bbox 2628 574 2735 644; x_wconf 77' lang='grc' dir='ltr'>οὖς,</span> 
     </span>
    </p>
   </div>
   <div class='ocr_carea' id='block_1_31' title="bbox 491 1632 2138 1722">
    <p class='ocr_par' dir='ltr' id='par_1_31' title="bbox 491 1645 2138 1719">
     <span class='ocr_line' id='line_1_31' title="bbox 491 1645 2138 1719; baseline 0.001 -18"><span class='ocrx_word' id='word_1_220' title='bbox 491 1645 561 1701; x_wconf 84' lang='lat' dir='ltr'>ad</span> <span class='ocrx_word' id='word_1_221' title='bbox 584 1647 805 1715; x_wconf 82' lang='lat' dir='ltr'>festum</span> <span class='ocrx_word' id='word_1_222' title='bbox 839 1648 1005 1703; x_wconf 82' lang='lat' dir='ltr'>nobis</span> <span class='ocrx_word' id='word_1_223' title='bbox 1018 1651 1348 1703; x_wconf 76' lang='lat' dir='ltr'>necessaria</span> <span class='ocrx_word' id='word_1_224' title='bbox 1366 1654 1526 1712; x_wconf 82' lang='lat' dir='ltr'>sunt,</span> <span class='ocrx_word' id='word_1_225' title='bbox 1549 1652 1649 1703; x_wconf 92' lang='lat' dir='ltr'>aut</span> <span class='ocrx_word' id='word_1_226' title='bbox 1679 1648 2138 1719; x_wconf 88' lang='lat' dir='ltr'>pauperibus,ul</span> 
     </span>
    </p>
   </div>
   <div class='ocr_carea' id='block_1_32' title="bbox 2252 1632 3865 1722">
    <p class='ocr_par' dir='ltr' id='par_1_32' title="bbox 2255 1632 3865 1722">
     <span class='ocr_line' id='line_1_32' title="bbox 2255 1632 3865 1722; baseline 0 -21"><span class='ocrx_word' id='word_1_227' title='bbox 2255 1654 2306 1701; x_wconf 87' lang='grc' dir='ltr'>τί</span> <span class='ocrx_word' id='word_1_228' title='bbox 2337 1648 2544 1722; x_wconf 79' lang='grc' dir='ltr'>ἐρρήθη·</span> <span class='ocrx_word' id='word_1_229' title='bbox 2579 1652 2711 1711; x_wconf 69' lang='grc' dir='ltr'>τινες</span> <span class='ocrx_word' id='word_1_230' title='bbox 2749 1652 2873 1722; x_wconf 88' lang='grc' dir='ltr'>γὰρ,</span> <span class='ocrx_word' id='word_1_231' title='bbox 2929 1654 3107 1721; x_wconf 81' lang='grc' dir='ltr'>φησὶν,</span> <span class='ocrx_word' id='word_1_232' title='bbox 3140 1646 3376 1715; x_wconf 68' lang='grc' dir='ltr'>ἇδόκουν,</span> <span class='ocrx_word' id='word_1_233' title='bbox 3428 1648 3537 1702; x_wconf 70' lang='grc' dir='ltr'>ἕπει</span> <span class='ocrx_word' id='word_1_234' title='bbox 3574 1652 3634 1701; x_wconf 87' lang='grc' dir='ltr'>τὸ</span> <span class='ocrx_word' id='word_1_235' title='bbox 3683 1632 3865 1720; x_wconf 87' lang='grc' dir='ltr'>γλωσ-</span> 
     </span>
    </p>
   </div>
   <div class='ocr_carea' id='block_1_33' title="bbox 491 1734 2140 1807">
    <p class='ocr_par' dir='ltr' id='par_1_33' title="bbox 491 1734 2140 1807">
     <span class='ocr_line' id='line_1_33' title="bbox 491 1734 2140 1807; baseline 0.004 -19"><span class='ocrx_word' id='word_1_236' title='bbox 491 1734 716 1806; x_wconf 89' lang='lat' dir='ltr'>aliquid</span> <span class='ocrx_word' id='word_1_237' title='bbox 773 1736 963 1791; x_wconf 88' lang='lat' dir='ltr'>daret.</span> <span class='ocrx_word' id='word_1_238' title='bbox 1001 1735 1156 1790; x_wconf 91' lang='lat' dir='ltr'>Tunc</span> <span class='ocrx_word' id='word_1_239' title='bbox 1186 1736 1385 1807; x_wconf 88' lang='lat' dir='ltr'>itaque</span> <span class='ocrx_word' id='word_1_240' title='bbox 1418 1752 1538 1791; x_wconf 91' lang='lat' dir='ltr'>non</span> <span class='ocrx_word' id='word_1_241' title='bbox 1588 1736 1779 1791; x_wconf 89' lang='lat' dir='ltr'>ferens</span> <span class='ocrx_word' id='word_1_242' title='bbox 1812 1736 2140 1797; x_wconf 78' lang='lat' dir='ltr'>infamiam.</span> 
     </span>
    </p>
   </div>
   <div class='ocr_carea' id='block_1_34' title="bbox 489 1824 2145 1896">
    <p class='ocr_par' dir='ltr' id='par_1_34' title="bbox 489 1824 2145 1896">
     <span class='ocr_line' id='line_1_34' title="bbox 489 1824 2145 1896; baseline 0.002 -19"><span class='ocrx_word' id='word_1_243' title='bbox 489 1824 828 1894; x_wconf 84' lang='lat' dir='ltr'>suspicatus</span> <span class='ocrx_word' id='word_1_244' title='bbox 881 1831 969 1879; x_wconf 89' lang='lat' dir='ltr'>est</span> <span class='ocrx_word' id='word_1_245' title='bbox 999 1826 1169 1889; x_wconf 88' lang='lat' dir='ltr'>enim,</span> <span class='ocrx_word' id='word_1_246' title='bbox 1212 1826 1368 1896; x_wconf 94' lang='lat' dir='ltr'>quod</span> <span class='ocrx_word' id='word_1_247' title='bbox 1418 1825 1691 1879; x_wconf 90' lang='lat' dir='ltr'>omnibus</span> <span class='ocrx_word' id='word_1_248' title='bbox 1736 1825 2145 1880; x_wconf 91' lang='lat' dir='ltr'>manifestatus</span> 
     </span>
    </p>
   </div>
   <div class='ocr_carea' id='block_1_35' title="bbox 487 1912 2143 1985">
    <p class='ocr_par' dir='ltr' id='par_1_35' title="bbox 487 1912 2143 1985">
     <span class='ocr_line' id='line_1_35' title="bbox 487 1912 2143 1985; baseline 0.001 -18"><span class='ocrx_word' id='word_1_249' title='bbox 487 1917 737 1977; x_wconf 89' lang='lat' dir='ltr'>esset,et</span> <span class='ocrx_word' id='word_1_250' title='bbox 762 1912 1081 1985; x_wconf 88' lang='lat' dir='ltr'>discipulos</span> <span class='ocrx_word' id='word_1_251' title='bbox 1111 1930 1354 1985; x_wconf 90' lang='lat' dir='ltr'>quoque</span> <span class='ocrx_word' id='word_1_252' title='bbox 1390 1915 1625 1984; x_wconf 86' lang='lat' dir='ltr'>timens,</span> <span class='ocrx_word' id='word_1_253' title='bbox 1653 1930 1727 1969; x_wconf 90' lang='lat' dir='ltr'>ne</span> <span class='ocrx_word' id='word_1_254' title='bbox 1784 1930 1847 1969; x_wconf 90' lang='lat' dir='ltr'>se</span> <span class='ocrx_word' id='word_1_255' title='bbox 1896 1914 2143 1970; x_wconf 88' lang='lat' dir='ltr'>forsitan</span> 
     </span>
    </p>
   </div>
   <div class='ocr_carea' id='block_1_36' title="bbox 486 2000 2144 2073">
    <p class='ocr_par' dir='ltr' id='par_1_36' title="bbox 486 2000 2144 2073">
     <span class='ocr_line' id='line_1_36' title="bbox 486 2000 2144 2073; baseline 0.001 -17"><span class='ocrx_word' id='word_1_256' title='bbox 486 2000 911 2073; x_wconf 86' lang='lat' dir='ltr'>discerperent,</span> <span class='ocrx_word' id='word_1_257' title='bbox 964 2003 1144 2058; x_wconf 83' lang='lat' dir='ltr'>exivit</span> <span class='ocrx_word' id='word_1_258' title='bbox 1195 2002 1480 2059; x_wconf 89' lang='lat' dir='ltr'>continuo</span> <span class='ocrx_word' id='word_1_259' title='bbox 1512 2008 1605 2068; x_wconf 89' lang='lat' dir='ltr'>;et</span> <span class='ocrx_word' id='word_1_260' title='bbox 1629 2004 1707 2059; x_wconf 91' lang='lat' dir='ltr'>ad</span> <span class='ocrx_word' id='word_1_261' title='bbox 1773 2002 2144 2060; x_wconf 87' lang='lat' dir='ltr'>insidiatores</span> 
     </span>
    </p>
   </div>
   <div class='ocr_carea' id='block_1_37' title="bbox 483 2089 2145 2157">
    <p class='ocr_par' dir='ltr' id='par_1_37' title="bbox 483 2089 2145 2157">
     <span class='ocr_line' id='line_1_37' title="bbox 483 2089 2145 2157; baseline 0.002 -13"><span class='ocrx_word' id='word_1_262' title='bbox 483 2089 645 2145; x_wconf 84' lang='lat' dir='ltr'>abiit.</span> <span class='ocrx_word' id='word_1_263' title='bbox 678 2093 810 2146; x_wconf 80' lang='lat' dir='ltr'>Haec</span> <span class='ocrx_word' id='word_1_264' title='bbox 840 2096 1042 2147; x_wconf 88' lang='lat' dir='ltr'>autem</span> <span class='ocrx_word' id='word_1_265' title='bbox 1097 2091 1301 2148; x_wconf 89' lang='lat' dir='ltr'>omnia</span> <span class='ocrx_word' id='word_1_266' title='bbox 1333 2092 1494 2147; x_wconf 87' lang='lat' dir='ltr'>solus</span> <span class='ocrx_word' id='word_1_267' title='bbox 1531 2094 1791 2149; x_wconf 83' lang='lat' dir='ltr'>Joannes</span> <span class='ocrx_word' id='word_1_268' title='bbox 1844 2093 2056 2157; x_wconf 88' lang='lat' dir='ltr'>retulit,</span> <span class='ocrx_word' id='word_1_269' title='bbox 2082 2099 2145 2149; x_wconf 91' lang='lat' dir='ltr'>ut</span> 
     </span>
    </p>
   </div>
   <div class='ocr_carea' id='block_1_38' title="bbox 487 2180 1354 2251">
    <p class='ocr_par' dir='ltr' id='par_1_38' title="bbox 487 2180 1354 2251">
     <span class='ocr_line' id='line_1_38' title="bbox 487 2180 1354 2251; baseline 0.002 -18"><span class='ocrx_word' id='word_1_270' title='bbox 487 2184 627 2250; x_wconf 88' lang='lat' dir='ltr'>pote</span> <span class='ocrx_word' id='word_1_271' title='bbox 667 2180 746 2234; x_wconf 92' lang='lat' dir='ltr'>ab</span> <span class='ocrx_word' id='word_1_272' title='bbox 779 2180 907 2234; x_wconf 89' lang='lat' dir='ltr'>aliis</span> <span class='ocrx_word' id='word_1_273' title='bbox 937 2181 1354 2251; x_wconf 68' lang='lat' dir='ltr'>praetermissa.</span> 
     </span>
    </p>
   </div>
   <div class='ocr_carea' id='block_1_39' title="bbox 483 2268 2451 2344">
    <p class='ocr_par' dir='ltr' id='par_1_39' title="bbox 483 2268 2451 2344">
     <span class='ocr_line' id='line_1_39' title="bbox 483 2268 2451 2344; baseline 0.002 -25"><span class='ocrx_word' id='word_1_274' title='bbox 483 2271 605 2329; x_wconf 82' lang='grc' dir='ltr'>τοὺς</span> <span class='ocrx_word' id='word_1_275' title='bbox 669 2268 970 2331; x_wconf 78' lang='grc' dir='ltr'>ἐπιϐούλους</span> <span class='ocrx_word' id='word_1_276' title='bbox 1036 2268 1252 2328; x_wconf 83' lang='grc' dir='ltr'>ἀπῆλθε.</span> <span class='ocrx_word' id='word_1_277' title='bbox 1318 2277 1495 2323; x_wconf 86' lang='grc' dir='ltr'>Ταῦτα</span> <span class='ocrx_word' id='word_1_278' title='bbox 1563 2268 1622 2323; x_wconf 78' lang='grc' dir='ltr'>δε</span> <span class='ocrx_word' id='word_1_279' title='bbox 1687 2272 1857 2324; x_wconf 87' lang='grc' dir='ltr'>πάντα</span> <span class='ocrx_word' id='word_1_280' title='bbox 1912 2275 2066 2344; x_wconf 82' lang='grc' dir='ltr'>μόνος</span> <span class='ocrx_word' id='word_1_281' title='bbox 2127 2272 2152 2323; x_wconf 93' lang='grc' dir='ltr'>ό</span> <span class='ocrx_word' id='word_1_282' title='bbox 2214 2270 2451 2333; x_wconf 81' lang='grc' dir='ltr'>Ἰωάννης</span> 
     </span>
    </p>
   </div>
   <div class='ocr_carea' id='block_1_40' title="bbox 485 2361 619 2418">
    <p class='ocr_par' dir='ltr' id='par_1_40' title="bbox 485 2361 619 2418">
     <span class='ocr_line' id='line_1_40' title="bbox 485 2361 619 2418; baseline -0.007 -5"><span class='ocrx_word' id='word_1_283' title='bbox 485 2361 619 2418; x_wconf 90' lang='grc' dir='ltr'>λοις.</span> 
     </span>
    </p>
   </div>
   <div class='ocr_carea' id='block_1_41' title="bbox 554 2446 2216 2516">
    <p class='ocr_par' dir='ltr' id='par_1_41' title="bbox 554 2446 2216 2516">
     <span class='ocr_line' id='line_1_41' title="bbox 554 2446 2216 2516; baseline 0.003 -16"><span class='ocrx_word' id='word_1_284' title='bbox 554 2446 704 2501; x_wconf 85' lang='lat' dir='ltr'>Illud</span> <span class='ocrx_word' id='word_1_285' title='bbox 742 2462 876 2502; x_wconf 78' lang='lat' dir='ltr'>vero</span> <span class='ocrx_word' id='word_1_286' title='bbox 909 2465 922 2501; x_wconf 86' lang='lat'><strong>:</strong></span> <span class='ocrx_word' id='word_1_287' title='bbox 958 2448 1094 2514; x_wconf 68' lang='lat' dir='ltr'>Qua:</span> <span class='ocrx_word' id='word_1_288' title='bbox 1110 2450 1191 2503; x_wconf 87' lang='lat' dir='ltr'>ad</span> <span class='ocrx_word' id='word_1_289' title='bbox 1207 2448 1424 2516; x_wconf 78' lang='lat' dir='ltr'>festum</span> <span class='ocrx_word' id='word_1_290' title='bbox 1455 2450 1623 2505; x_wconf 79' lang='lat' dir='ltr'>nobis</span> <span class='ocrx_word' id='word_1_291' title='bbox 1639 2451 2140 2513; x_wconf 70' lang='lat' dir='ltr'>necessariasunt,</span> <span class='ocrx_word' id='word_1_292' title='bbox 2175 2448 2216 2505; x_wconf 91' lang='lat' dir='ltr'>C</span> 
     </span>
    </p>
   </div>
   <div class='ocr_carea' id='block_1_42' title="bbox 484 2535 2139 2609">
    <p class='ocr_par' dir='ltr' id='par_1_42' title="bbox 484 2535 2139 2609">
     <span class='ocr_line' id='line_1_42' title="bbox 484 2535 2139 2609; baseline 0.002 -20"><span class='ocrx_word' id='word_1_293' title='bbox 484 2535 683 2590; x_wconf 90' lang='lat' dir='ltr'>multis</span> <span class='ocrx_word' id='word_1_294' title='bbox 734 2537 1167 2592; x_wconf 90' lang='lat' dir='ltr'>enarratoribus</span> <span class='ocrx_word' id='word_1_295' title='bbox 1225 2537 1635 2594; x_wconf 87' lang='lat' dir='ltr'>difﬁcultatem</span> <span class='ocrx_word' id='word_1_296' title='bbox 1668 2539 1929 2609; x_wconf 85' lang='lat' dir='ltr'>ingessit.</span> <span class='ocrx_word' id='word_1_297' title='bbox 1976 2541 2139 2594; x_wconf 85' lang='lat' dir='ltr'>Diem</span> 
     </span>
    </p>
   </div>
   <div class='ocr_carea' id='block_1_43' title="bbox 482 2624 2137 2700">
    <p class='ocr_par' dir='ltr' id='par_1_43' title="bbox 482 2624 2137 2700">
     <span class='ocr_line' id='line_1_43' title="bbox 482 2624 2137 2700; baseline 0.003 -20"><span class='ocrx_word' id='word_1_298' title='bbox 482 2624 645 2680; x_wconf 88' lang='lat' dir='ltr'>enim</span> <span class='ocrx_word' id='word_1_299' title='bbox 659 2626 897 2681; x_wconf 70' lang='lat' dir='ltr'>Pascha:</span> <span class='ocrx_word' id='word_1_300' title='bbox 906 2627 1033 2697; x_wconf 87' lang='lat' dir='ltr'>jam</span> <span class='ocrx_word' id='word_1_301' title='bbox 1066 2627 1527 2695; x_wconf 88' lang='lat' dir='ltr'>celebraverant,</span> <span class='ocrx_word' id='word_1_302' title='bbox 1564 2634 1626 2685; x_wconf 93' lang='lat' dir='ltr'>ut</span> <span class='ocrx_word' id='word_1_303' title='bbox 1658 2629 2007 2700; x_wconf 75' lang='lat' dir='ltr'>praedictum</span> <span class='ocrx_word' id='word_1_304' title='bbox 2022 2634 2137 2695; x_wconf 87' lang='lat' dir='ltr'>est;</span> 
     </span>
    </p>
   </div>
   <div class='ocr_carea' id='block_1_44' title="bbox 481 2716 2136 2789">
    <p class='ocr_par' dir='ltr' id='par_1_44' title="bbox 481 2716 2136 2789">
     <span class='ocr_line' id='line_1_44' title="bbox 481 2716 2136 2789; baseline 0.004 -21"><span class='ocrx_word' id='word_1_305' title='bbox 481 2728 625 2783; x_wconf 89' lang='lat' dir='ltr'>ergo</span> <span class='ocrx_word' id='word_1_306' title='bbox 652 2716 1040 2770; x_wconf 84' lang='lat' dir='ltr'>manifestum</span> <span class='ocrx_word' id='word_1_307' title='bbox 1063 2718 1453 2788; x_wconf 89' lang='lat' dir='ltr'>estquosdam</span> <span class='ocrx_word' id='word_1_308' title='bbox 1472 2718 1898 2789; x_wconf 85' lang='lat' dir='ltr'>discipulorum</span> <span class='ocrx_word' id='word_1_309' title='bbox 1920 2734 2136 2788; x_wconf 88' lang='lat' dir='ltr'>cogno-</span> 
     </span>
    </p>
   </div>
   <div class='ocr_carea' id='block_1_45' title="bbox 482 2802 2136 2878">
    <p class='ocr_par' dir='ltr' id='par_1_45' title="bbox 482 2802 2136 2878">
     <span class='ocr_line' id='line_1_45' title="bbox 482 2802 2136 2878; baseline 0.002 -21"><span class='ocrx_word' id='word_1_310' title='bbox 482 2802 643 2857; x_wconf 83' lang='lat' dir='ltr'>visse</span> <span class='ocrx_word' id='word_1_311' title='bbox 658 2819 843 2874; x_wconf 89' lang='lat' dir='ltr'>quam</span> <span class='ocrx_word' id='word_1_312' title='bbox 867 2804 945 2859; x_wconf 91' lang='lat' dir='ltr'>ob</span> <span class='ocrx_word' id='word_1_313' title='bbox 968 2820 1212 2859; x_wconf 88' lang='lat' dir='ltr'>causam</span> <span class='ocrx_word' id='word_1_314' title='bbox 1228 2806 1500 2875; x_wconf 81' lang='lat' dir='ltr'>Magister</span> <span class='ocrx_word' id='word_1_315' title='bbox 1527 2811 1885 2877; x_wconf 70' lang='lat' dir='ltr'>praevenerat</span> <span class='ocrx_word' id='word_1_316' title='bbox 1900 2812 2136 2878; x_wconf 90' lang='lat' dir='ltr'>tempus</span> 
     </span>
    </p>
   </div>
   <div class='ocr_carea' id='block_1_46' title="bbox 479 2890 2136 2966">
    <p class='ocr_par' dir='ltr' id='par_1_46' title="bbox 479 2890 2136 2966">
     <span class='ocr_line' id='line_1_46' title="bbox 479 2890 2136 2966; baseline 0.004 -21"><span class='ocrx_word' id='word_1_317' title='bbox 479 2890 822 2947; x_wconf 84' lang='lat' dir='ltr'>celebrandi</span> <span class='ocrx_word' id='word_1_318' title='bbox 881 2893 1145 2952; x_wconf 88' lang='lat' dir='ltr'>Pascha:</span> <span class='ocrx_word' id='word_1_319' title='bbox 1187 2895 1438 2966; x_wconf 91' lang='lat' dir='ltr'>quidam</span> <span class='ocrx_word' id='word_1_320' title='bbox 1490 2911 1626 2951; x_wconf 85' lang='lat' dir='ltr'>vero</span> <span class='ocrx_word' id='word_1_321' title='bbox 1675 2896 1967 2951; x_wconf 89' lang='lat' dir='ltr'>intentum</span> <span class='ocrx_word' id='word_1_322' title='bbox 2008 2897 2136 2966; x_wconf 88' lang='lat' dir='ltr'>ejus</span> 
     </span>
    </p>
   </div>
   <div class='ocr_carea' id='block_1_47' title="bbox 479 2980 2137 3057">
    <p class='ocr_par' dir='ltr' id='par_1_47' title="bbox 479 2980 2137 3057">
     <span class='ocr_line' id='line_1_47' title="bbox 479 2980 2137 3057; baseline 0.003 -21"><span class='ocrx_word' id='word_1_323' title='bbox 479 2980 820 3051; x_wconf 78' lang='lat' dir='ltr'>ignorantes</span> <span class='ocrx_word' id='word_1_324' title='bbox 858 2984 1149 3053; x_wconf 89' lang='lat' dir='ltr'>putabant</span> <span class='ocrx_word' id='word_1_325' title='bbox 1171 2985 1335 3056; x_wconf 91' lang='lat' dir='ltr'>quod</span> <span class='ocrx_word' id='word_1_326' title='bbox 1361 2986 1557 3057; x_wconf 90' lang='lat' dir='ltr'>ipsum</span> <span class='ocrx_word' id='word_1_327' title='bbox 1590 2985 1789 3042; x_wconf 89' lang='lat' dir='ltr'>adhuc</span> <span class='ocrx_word' id='word_1_328' title='bbox 1820 2986 2137 3042; x_wconf 88' lang='lat' dir='ltr'>celebratu-</span> 
     </span>
    </p>
   </div>
   <div class='ocr_carea' id='block_1_48' title="bbox 477 3071 2113 3143">
    <p class='ocr_par' dir='ltr' id='par_1_48' title="bbox 477 3071 2113 3143">
     <span class='ocr_line' id='line_1_48' title="bbox 477 3071 2113 3143; baseline 0.002 -18"><span class='ocrx_word' id='word_1_329' title='bbox 477 3085 580 3125; x_wconf 87' lang='lat' dir='ltr'>rus</span> <span class='ocrx_word' id='word_1_330' title='bbox 618 3076 773 3127; x_wconf 89' lang='lat' dir='ltr'>esset</span> <span class='ocrx_word' id='word_1_331' title='bbox 822 3071 883 3126; x_wconf 90' lang='lat' dir='ltr'>in</span> <span class='ocrx_word' id='word_1_332' title='bbox 936 3072 1067 3143; x_wconf 92' lang='lat' dir='ltr'>ipsa</span> <span class='ocrx_word' id='word_1_333' title='bbox 1102 3073 1446 3129; x_wconf 86' lang='lat' dir='ltr'>Parasceve.</span> <span class='ocrx_word' id='word_1_334' title='bbox 1489 3077 1603 3131; x_wconf 82' lang='lat' dir='ltr'>Aut</span> <span class='ocrx_word' id='word_1_335' title='bbox 1644 3074 1880 3141; x_wconf 89' lang='lat' dir='ltr'>festum,</span> <span class='ocrx_word' id='word_1_336' title='bbox 1929 3074 2113 3131; x_wconf 88' lang='lat' dir='ltr'>intelli</span> 
     </span>
    </p>
   </div>
   <div class='ocr_carea' id='block_1_49' title="bbox 478 3160 1527 3235">
    <p class='ocr_par' dir='ltr' id='par_1_49' title="bbox 478 3160 1527 3235">
     <span class='ocr_line' id='line_1_49' title="bbox 478 3160 1527 3235; baseline 0.005 -20"><span class='ocrx_word' id='word_1_337' title='bbox 478 3160 745 3231; x_wconf 90' lang='lat' dir='ltr'>gendum</span> <span class='ocrx_word' id='word_1_338' title='bbox 770 3161 945 3217; x_wconf 91' lang='lat' dir='ltr'>estde</span> <span class='ocrx_word' id='word_1_339' title='bbox 976 3161 1122 3219; x_wconf 89' lang='lat' dir='ltr'>festo</span> <span class='ocrx_word' id='word_1_340' title='bbox 1144 3164 1527 3235; x_wconf 80' lang='lat' dir='ltr'>Azymorum.</span> 
     </span>
    </p>
   </div>
   <div class='ocr_carea' id='block_1_50' title="bbox 550 3286 2131 3359">
    <p class='ocr_par' dir='ltr' id='par_1_50' title="bbox 550 3286 2131 3359">
     <span class='ocr_line' id='line_1_50' title="bbox 550 3286 2131 3359; baseline 0.003 -18"><span class='ocrx_word' id='word_1_341' title='bbox 550 3286 742 3350; x_wconf 84' lang='lat' dir='ltr'>Quare</span> <span class='ocrx_word' id='word_1_342' title='bbox 767 3302 909 3341; x_wconf 82' lang='lat' dir='ltr'>vero</span> <span class='ocrx_word' id='word_1_343' title='bbox 935 3286 1168 3342; x_wconf 91' lang='lat' dir='ltr'>dicatur</span> <span class='ocrx_word' id='word_1_344' title='bbox 1202 3288 1491 3344; x_wconf 90' lang='lat' dir='ltr'>Dominus</span> <span class='ocrx_word' id='word_1_345' title='bbox 1542 3290 1837 3345; x_wconf 85' lang='lat' dir='ltr'>Joannem</span> <span class='ocrx_word' id='word_1_346' title='bbox 1866 3288 2131 3359; x_wconf 90' lang='lat' dir='ltr'>diligere,</span> 
     </span>
    </p>
   </div>
   <div class='ocr_carea' id='block_1_51' title="bbox 477 3375 2133 3446">
    <p class='ocr_par' dir='ltr' id='par_1_51' title="bbox 477 3375 2133 3446">
     <span class='ocr_line' id='line_1_51' title="bbox 477 3375 2133 3446; baseline 0.003 -17"><span class='ocrx_word' id='word_1_347' title='bbox 477 3378 533 3429; x_wconf 91' lang='lat' dir='ltr'>et</span> <span class='ocrx_word' id='word_1_348' title='bbox 571 3390 759 3446; x_wconf 90' lang='lat' dir='ltr'>quare</span> <span class='ocrx_word' id='word_1_349' title='bbox 788 3377 847 3430; x_wconf 93' lang='lat' dir='ltr'>in</span> <span class='ocrx_word' id='word_1_350' title='bbox 880 3377 1017 3431; x_wconf 90' lang='lat' dir='ltr'>sinu</span> <span class='ocrx_word' id='word_1_351' title='bbox 1044 3375 1172 3446; x_wconf 90' lang='lat' dir='ltr'>ejus</span> <span class='ocrx_word' id='word_1_352' title='bbox 1203 3376 1556 3445; x_wconf 87' lang='lat' dir='ltr'>recubuerit,</span> <span class='ocrx_word' id='word_1_353' title='bbox 1581 3377 1810 3433; x_wconf 90' lang='lat' dir='ltr'>dicetur</span> <span class='ocrx_word' id='word_1_354' title='bbox 1834 3383 2133 3434; x_wconf 87' lang='lat' dir='ltr'>annuente</span> 
     </span>
    </p>
   </div>
   <div class='ocr_carea' id='block_1_52' title="bbox 478 3463 2133 3535">
    <p class='ocr_par' dir='ltr' id='par_1_52' title="bbox 478 3463 2133 3535">
     <span class='ocr_line' id='line_1_52' title="bbox 478 3463 2133 3535; baseline 0.002 -18"><span class='ocrx_word' id='word_1_355' title='bbox 478 3463 730 3519; x_wconf 91' lang='lat' dir='ltr'>Domino</span> <span class='ocrx_word' id='word_1_356' title='bbox 760 3464 820 3519; x_wconf 91' lang='lat' dir='ltr'>in</span> <span class='ocrx_word' id='word_1_357' title='bbox 868 3464 1246 3520; x_wconf 87' lang='lat' dir='ltr'>enarratione</span> <span class='ocrx_word' id='word_1_358' title='bbox 1268 3465 1527 3535; x_wconf 87' lang='lat' dir='ltr'>Evagelii</span> <span class='ocrx_word' id='word_1_359' title='bbox 1560 3466 1896 3522; x_wconf 89' lang='lat' dir='ltr'>secundum</span> <span class='ocrx_word' id='word_1_360' title='bbox 1958 3466 2133 3522; x_wconf 88' lang='lat' dir='ltr'>Joan-</span> 
     </span>
    </p>
   </div>
   <div class='ocr_carea' id='block_1_53' title="bbox 475 3552 2132 3625">
    <p class='ocr_par' dir='ltr' id='par_1_53' title="bbox 475 3552 2132 3625">
     <span class='ocr_line' id='line_1_53' title="bbox 475 3552 2132 3625; baseline 0.003 -18"><span class='ocrx_word' id='word_1_361' title='bbox 475 3567 641 3609; x_wconf 91' lang='lat' dir='ltr'>nem.</span> <span class='ocrx_word' id='word_1_362' title='bbox 679 3552 849 3618; x_wconf 89' lang='lat' dir='ltr'>Quod</span> <span class='ocrx_word' id='word_1_363' title='bbox 881 3554 931 3608; x_wconf 90' lang='lat' dir='ltr'>si</span> <span class='ocrx_word' id='word_1_364' title='bbox 964 3555 1149 3608; x_wconf 88' lang='lat' dir='ltr'>Lucas</span> <span class='ocrx_word' id='word_1_365' title='bbox 1181 3554 1262 3609; x_wconf 90' lang='lat' dir='ltr'>ait</span> <span class='ocrx_word' id='word_1_366' title='bbox 1290 3555 1350 3609; x_wconf 91' lang='lat' dir='ltr'>in</span> <span class='ocrx_word' id='word_1_367' title='bbox 1376 3554 1591 3611; x_wconf 77' lang='lat' dir='ltr'>ludam</span> <span class='ocrx_word' id='word_1_368' title='bbox 1620 3555 1955 3625; x_wconf 89' lang='lat' dir='ltr'>ingressum</span> <span class='ocrx_word' id='word_1_369' title='bbox 2004 3573 2132 3613; x_wconf 89' lang='lat' dir='ltr'>esse</span> 
     </span>
    </p>
   </div>
   <div class='ocr_carea' id='block_1_54' title="bbox 475 3641 2131 3718">
    <p class='ocr_par' dir='ltr' id='par_1_54' title="bbox 475 3641 2131 3718">
     <span class='ocr_line' id='line_1_54' title="bbox 475 3641 2131 3718; baseline 0.004 -23"><span class='ocrx_word' id='word_1_370' title='bbox 475 3642 763 3697; x_wconf 88' lang='lat' dir='ltr'>Satanam</span> <span class='ocrx_word' id='word_1_371' title='bbox 797 3642 1146 3714; x_wconf 87' lang='lat' dir='ltr'>priusquam</span> <span class='ocrx_word' id='word_1_372' title='bbox 1184 3641 1523 3714; x_wconf 89' lang='lat' dir='ltr'>loqueretur</span> <span class='ocrx_word' id='word_1_373' title='bbox 1571 3661 1709 3700; x_wconf 92' lang='lat' dir='ltr'>cum</span> <span class='ocrx_word' id='word_1_374' title='bbox 1767 3645 2131 3718; x_wconf 89' lang='lat' dir='ltr'>principibus</span> 
     </span>
    </p>
   </div>
   <div class='ocr_carea' id='block_1_55' title="bbox 476 3730 2132 3804">
    <p class='ocr_par' dir='ltr' id='par_1_55' title="bbox 476 3730 2132 3804">
     <span class='ocr_line' id='line_1_55' title="bbox 476 3730 2132 3804; baseline 0.005 -20"><span class='ocrx_word' id='word_1_375' title='bbox 476 3730 860 3784; x_wconf 87' lang='lat' dir='ltr'>sacerdotum</span> <span class='ocrx_word' id='word_1_376' title='bbox 878 3734 933 3785; x_wconf 90' lang='lat' dir='ltr'>et</span> <span class='ocrx_word' id='word_1_377' title='bbox 966 3731 1415 3800; x_wconf 86' lang='lat' dir='ltr'>magistratibus</span> <span class='ocrx_word' id='word_1_378' title='bbox 1455 3732 1529 3787; x_wconf 91' lang='lat' dir='ltr'>de</span> <span class='ocrx_word' id='word_1_379' title='bbox 1561 3734 1893 3804; x_wconf 87' lang='lat' dir='ltr'>proditione</span> <span class='ocrx_word' id='word_1_380' title='bbox 1929 3736 2014 3803; x_wconf 64' lang='lat'>1&quot;3;</span> <span class='ocrx_word' id='word_1_381' title='bbox 2041 3738 2132 3793; x_wconf 84' lang='lat' dir='ltr'>Jo-</span> 
     </span>
    </p>
   </div>
   <div class='ocr_carea' id='block_1_56' title="bbox 475 3803 2209 3895">
    <p class='ocr_par' dir='ltr' id='par_1_56' title="bbox 475 3803 2209 3895">
     <span class='ocr_line' id='line_1_56' title="bbox 475 3803 2209 3895; baseline 0.005 -23"><span class='ocrx_word' id='word_1_382' title='bbox 475 3834 663 3873; x_wconf 90' lang='lat' dir='ltr'>annes</span> <span class='ocrx_word' id='word_1_383' title='bbox 712 3834 849 3873; x_wconf 87' lang='lat' dir='ltr'>vero</span> <span class='ocrx_word' id='word_1_384' title='bbox 904 3824 1039 3891; x_wconf 90' lang='lat' dir='ltr'>post</span> <span class='ocrx_word' id='word_1_385' title='bbox 1094 3824 1402 3892; x_wconf 89' lang='lat' dir='ltr'>acceptam</span> <span class='ocrx_word' id='word_1_386' title='bbox 1446 3803 1694 3880; x_wconf 82' lang='lat' dir='ltr'>offulam</span> <span class='ocrx_word' id='word_1_387' title='bbox 1735 3826 1800 3895; x_wconf 69' lang='lat'>3°,</span> <span class='ocrx_word' id='word_1_388' title='bbox 1845 3824 2007 3881; x_wconf 91' lang='lat' dir='ltr'>nulla</span> <span class='ocrx_word' id='word_1_389' title='bbox 2042 3829 2133 3881; x_wconf 89' lang='lat' dir='ltr'>est</span> <span class='ocrx_word' id='word_1_390' title='bbox 2166 3803 2209 3857; x_wconf 81' lang='lat' dir='ltr'>D</span> 
     </span>
    </p>
   </div>
   <div class='ocr_carea' id='block_1_57' title="bbox 472 3906 2130 3985">
    <p class='ocr_par' dir='ltr' id='par_1_57' title="bbox 472 3906 2130 3985">
     <span class='ocr_line' id='line_1_57' title="bbox 472 3906 2130 3985; baseline 0.004 -22"><span class='ocrx_word' id='word_1_391' title='bbox 472 3906 887 3963; x_wconf 88' lang='lat' dir='ltr'>contradictio.</span> <span class='ocrx_word' id='word_1_392' title='bbox 905 3907 1167 3963; x_wconf 90' lang='lat' dir='ltr'>Primum</span> <span class='ocrx_word' id='word_1_393' title='bbox 1186 3909 1347 3965; x_wconf 90' lang='lat' dir='ltr'>enim</span> <span class='ocrx_word' id='word_1_394' title='bbox 1376 3910 1627 3967; x_wconf 88' lang='lat' dir='ltr'>Satanas</span> <span class='ocrx_word' id='word_1_395' title='bbox 1656 3914 2130 3985; x_wconf 87' lang='lat' dir='ltr'>experimentum</span> 
     </span>
    </p>
   </div>
   <div class='ocr_carea' id='block_1_58' title="bbox 472 3996 2130 4074">
    <p class='ocr_par' dir='ltr' id='par_1_58' title="bbox 472 3996 2130 4074">
     <span class='ocr_line' id='line_1_58' title="bbox 472 3996 2130 4074; baseline 0.006 -25"><span class='ocrx_word' id='word_1_396' title='bbox 472 3996 767 4061; x_wconf 89' lang='lat' dir='ltr'>sumebat,</span> <span class='ocrx_word' id='word_1_397' title='bbox 800 3996 1210 4071; x_wconf 88' lang='lat' dir='ltr'>miserumque</span> <span class='ocrx_word' id='word_1_398' title='bbox 1228 3998 1596 4070; x_wconf 83' lang='lat' dir='ltr'>explorabat;</span> <span class='ocrx_word' id='word_1_399' title='bbox 1630 4002 2023 4074; x_wconf 89' lang='lat' dir='ltr'>postmodum</span> <span class='ocrx_word' id='word_1_400' title='bbox 2038 4018 2130 4059; x_wconf 88' lang='lat' dir='ltr'>ve-</span> 
     </span>
    </p>
   </div>
   <div class='ocr_carea' id='block_1_59' title="bbox 470 4084 2130 4161">
    <p class='ocr_par' dir='ltr' id='par_1_59' title="bbox 470 4084 2130 4161">
     <span class='ocr_line' id='line_1_59' title="bbox 470 4084 2130 4161; baseline 0.005 -22"><span class='ocrx_word' id='word_1_401' title='bbox 470 4099 539 4139; x_wconf 90' lang='lat' dir='ltr'>ro</span> <span class='ocrx_word' id='word_1_402' title='bbox 569 4084 807 4153; x_wconf 86' lang='lat' dir='ltr'>cognito</span> <span class='ocrx_word' id='word_1_403' title='bbox 836 4102 972 4157; x_wconf 64' lang='lat' dir='ltr'>quae</span> <span class='ocrx_word' id='word_1_404' title='bbox 998 4086 1307 4156; x_wconf 86' lang='lat' dir='ltr'>designata</span> <span class='ocrx_word' id='word_1_405' title='bbox 1339 4093 1525 4153; x_wconf 85' lang='lat' dir='ltr'>erant,</span> <span class='ocrx_word' id='word_1_406' title='bbox 1549 4090 1679 4161; x_wconf 86' lang='lat' dir='ltr'>jam</span> <span class='ocrx_word' id='word_1_407' title='bbox 1708 4091 1865 4147; x_wconf 91' lang='lat' dir='ltr'>velut</span> <span class='ocrx_word' id='word_1_408' title='bbox 1892 4091 2130 4148; x_wconf 89' lang='lat' dir='ltr'>incorri-</span> 
     </span>
    </p>
   </div>
   <div class='ocr_carea' id='block_1_60' title="bbox 471 4172 2133 4245">
    <p class='ocr_par' dir='ltr' id='par_1_60' title="bbox 471 4172 2133 4245">
     <span class='ocr_line' id='line_1_60' title="bbox 471 4172 2133 4245; baseline 0.006 -20"><span class='ocrx_word' id='word_1_409' title='bbox 471 4172 707 4243; x_wconf 88' lang='lat' dir='ltr'>gibilem</span> <span class='ocrx_word' id='word_1_410' title='bbox 728 4190 950 4245; x_wconf 87' lang='lat' dir='ltr'>magna</span> <span class='ocrx_word' id='word_1_411' title='bbox 967 4174 1184 4231; x_wconf 88' lang='lat' dir='ltr'>ﬁducia</span> <span class='ocrx_word' id='word_1_412' title='bbox 1208 4177 1515 4245; x_wconf 88' lang='lat' dir='ltr'>ingressus</span> <span class='ocrx_word' id='word_1_413' title='bbox 1533 4183 1645 4237; x_wconf 89' lang='lat' dir='ltr'>est.</span> <span class='ocrx_word' id='word_1_414' title='bbox 1679 4181 1793 4234; x_wconf 90' lang='lat' dir='ltr'>Nec</span> <span class='ocrx_word' id='word_1_415' title='bbox 1815 4183 2017 4236; x_wconf 89' lang='lat' dir='ltr'>tamen</span> <span class='ocrx_word' id='word_1_416' title='bbox 2034 4180 2133 4235; x_wconf 92' lang='lat' dir='ltr'>de-</span> 
     </span>
    </p>
   </div>
   <div class='ocr_carea' id='block_1_61' title="bbox 470 4262 2132 4337">
    <p class='ocr_par' dir='ltr' id='par_1_61' title="bbox 470 4262 2132 4337">
     <span class='ocr_line' id='line_1_61' title="bbox 470 4262 2132 4337; baseline 0.005 -20"><span class='ocrx_word' id='word_1_417' title='bbox 470 4262 777 4333; x_wconf 90' lang='lat' dir='ltr'>spiciendo</span> <span class='ocrx_word' id='word_1_418' title='bbox 822 4263 1026 4320; x_wconf 88' lang='lat' dir='ltr'>divina</span> <span class='ocrx_word' id='word_1_419' title='bbox 1072 4266 1355 4336; x_wconf 85' lang='lat' dir='ltr'>mysteria</span> <span class='ocrx_word' id='word_1_420' title='bbox 1396 4266 1697 4337; x_wconf 89' lang='lat' dir='ltr'>ingressus</span> <span class='ocrx_word' id='word_1_421' title='bbox 1729 4272 1850 4324; x_wconf 92' lang='lat' dir='ltr'>est:</span> <span class='ocrx_word' id='word_1_422' title='bbox 1884 4268 1946 4324; x_wconf 93' lang='lat' dir='ltr'>id</span> <span class='ocrx_word' id='word_1_423' title='bbox 1976 4270 2132 4326; x_wconf 90' lang='lat' dir='ltr'>enim</span> 
     </span>
    </p>
   </div>
   <div class='ocr_carea' id='block_1_62' title="bbox 467 4353 2132 4427">
    <p class='ocr_par' dir='ltr' id='par_1_62' title="bbox 467 4353 2132 4427">
     <span class='ocr_line' id='line_1_62' title="bbox 467 4353 2132 4427; baseline 0.006 -21"><span class='ocrx_word' id='word_1_424' title='bbox 467 4366 856 4425; x_wconf 90' lang='lat' dir='ltr'>nequaquam</span> <span class='ocrx_word' id='word_1_425' title='bbox 880 4353 1007 4408; x_wconf 87' lang='lat' dir='ltr'>ﬁeri</span> <span class='ocrx_word' id='word_1_426' title='bbox 1040 4357 1250 4426; x_wconf 89' lang='lat' dir='ltr'>potuit,</span> <span class='ocrx_word' id='word_1_427' title='bbox 1280 4355 1386 4410; x_wconf 89' lang='lat' dir='ltr'>sed</span> <span class='ocrx_word' id='word_1_428' title='bbox 1416 4355 1583 4427; x_wconf 90' lang='lat' dir='ltr'>quod</span> <span class='ocrx_word' id='word_1_429' title='bbox 1608 4356 1767 4412; x_wconf 91' lang='lat' dir='ltr'>hunc</span> <span class='ocrx_word' id='word_1_430' title='bbox 1785 4358 1958 4415; x_wconf 89' lang='lat' dir='ltr'>sciret</span> <span class='ocrx_word' id='word_1_431' title='bbox 1988 4360 2132 4416; x_wconf 88' lang='lat' dir='ltr'>indi-</span> 
     </span>
    </p>
   </div>
   <div class='ocr_carea' id='block_1_63' title="bbox 468 4442 2131 4519">
    <p class='ocr_par' dir='ltr' id='par_1_63' title="bbox 468 4442 2131 4519">
     <span class='ocr_line' id='line_1_63' title="bbox 468 4442 2131 4519; baseline 0.006 -24"><span class='ocrx_word' id='word_1_432' title='bbox 468 4456 656 4511; x_wconf 89' lang='lat' dir='ltr'>gnum</span> <span class='ocrx_word' id='word_1_433' title='bbox 681 4442 786 4513; x_wconf 90' lang='lat' dir='ltr'>qui</span> <span class='ocrx_word' id='word_1_434' title='bbox 815 4442 875 4496; x_wconf 91' lang='lat' dir='ltr'>in</span> <span class='ocrx_word' id='word_1_435' title='bbox 902 4442 993 4496; x_wconf 91' lang='lat' dir='ltr'>his</span> <span class='ocrx_word' id='word_1_436' title='bbox 1019 4448 1355 4500; x_wconf 88' lang='lat' dir='ltr'>versaretur</span> <span class='ocrx_word' id='word_1_437' title='bbox 1383 4444 1521 4518; x_wconf 86' lang='lat' dir='ltr'>(gg),</span> <span class='ocrx_word' id='word_1_438' title='bbox 1557 4449 1614 4501; x_wconf 91' lang='lat' dir='ltr'>et</span> <span class='ocrx_word' id='word_1_439' title='bbox 1637 4447 1805 4519; x_wconf 90' lang='lat' dir='ltr'>quod</span> <span class='ocrx_word' id='word_1_440' title='bbox 1834 4448 1973 4505; x_wconf 90' lang='lat' dir='ltr'>inde</span> <span class='ocrx_word' id='word_1_441' title='bbox 2006 4449 2131 4505; x_wconf 90' lang='lat' dir='ltr'>nul-</span> 
     </span>
    </p>
   </div>
   <div class='ocr_carea' id='block_1_64' title="bbox 468 4529 1501 4602">
    <p class='ocr_par' dir='ltr' id='par_1_64' title="bbox 468 4529 1501 4602">
     <span class='ocr_line' id='line_1_64' title="bbox 468 4529 1501 4602; baseline 0.003 -18"><span class='ocrx_word' id='word_1_442' title='bbox 468 4529 591 4585; x_wconf 90' lang='lat' dir='ltr'>lam</span> <span class='ocrx_word' id='word_1_443' title='bbox 624 4536 974 4602; x_wconf 88' lang='lat' dir='ltr'>sumpturus</span> <span class='ocrx_word' id='word_1_444' title='bbox 999 4538 1155 4588; x_wconf 88' lang='lat' dir='ltr'>esset</span> <span class='ocrx_word' id='word_1_445' title='bbox 1174 4533 1501 4590; x_wconf 89' lang='lat' dir='ltr'>utilitatem.</span> 
     </span>
    </p>
   </div>
   <div class='ocr_carea' id='block_1_65' title="bbox 540 4636 2131 4717">
    <p class='ocr_par' dir='ltr' id='par_1_65' title="bbox 540 4636 2131 4717">
     <span class='ocr_line' id='line_1_65' title="bbox 540 4636 2131 4717; baseline 0.007 -26"><span class='ocrx_word' id='word_1_446' title='bbox 540 4638 705 4691; x_wconf 86' lang='lat' dir='ltr'>Vers.</span> <span class='ocrx_word' id='word_1_447' title='bbox 732 4636 826 4694; x_wconf 91' lang='lat'>30.</span> <span class='ocrx_word' id='word_1_448' title='bbox 858 4638 937 4693; x_wconf 81' lang='lat' dir='ltr'>Et</span> <span class='ocrx_word' id='word_1_449' title='bbox 983 4669 1053 4678; x_wconf 94' lang='lat'>-—</span> <span class='ocrx_word' id='word_1_450' title='bbox 1094 4641 1419 4698; x_wconf 78' lang='lat' dir='ltr'>Oliuarum.</span> <span class='ocrx_word' id='word_1_451' title='bbox 1454 4642 1680 4699; x_wconf 87' lang='lat' dir='ltr'>Gratias</span> <span class='ocrx_word' id='word_1_452' title='bbox 1724 4643 1969 4717; x_wconf 89' lang='lat' dir='ltr'>quidem</span> <span class='ocrx_word' id='word_1_453' title='bbox 2011 4646 2131 4717; x_wconf 88' lang='lat' dir='ltr'>egit</span> 
     </span>
    </p>
   </div>
   <div class='ocr_carea' id='block_1_66' title="bbox 538 4781 1600 4856">
    <p class='ocr_par' dir='ltr' id='par_1_66' title="bbox 538 4781 1600 4856">
     <span class='ocr_line' id='line_1_66' title="bbox 538 4781 1600 4856; baseline 0.008 -23"><span class='ocrx_word' id='word_1_454' title='bbox 538 4781 585 4815; x_wconf 85' lang='grc'>⁸⁷</span> <span class='ocrx_word' id='word_1_455' title='bbox 614 4781 788 4837; x_wconf 90' lang='lat' dir='ltr'>Joan.</span> <span class='ocrx_word' id='word_1_456' title='bbox 816 4797 935 4851; x_wconf 88' lang='lat' dir='ltr'>xm,</span> <span class='ocrx_word' id='word_1_457' title='bbox 968 4785 1054 4837; x_wconf 84' lang='lat'>29.</span> <span class='ocrx_word' id='word_1_458' title='bbox 1134 4784 1180 4818; x_wconf 79' lang='grc'>³⁸</span> <span class='ocrx_word' id='word_1_459' title='bbox 1210 4783 1349 4840; x_wconf 89' lang='lat' dir='ltr'>Luc.</span> <span class='ocrx_word' id='word_1_460' title='bbox 1377 4803 1515 4856; x_wconf 87' lang='lat' dir='ltr'>xxn,</span> <span class='ocrx_word' id='word_1_461' title='bbox 1551 4790 1600 4841; x_wconf 93' lang='lat'>3.</span> 
     </span>
    </p>
   </div>
   <div class='ocr_carea' id='block_1_67' title="bbox 1683 4788 2199 4854">
    <p class='ocr_par' dir='ltr' id='par_1_67' title="bbox 1683 4788 2199 4854">
     <span class='ocr_line' id='line_1_67' title="bbox 1683 4788 2199 4854; baseline 0.01 -14"><span class='ocrx_word' id='word_1_462' title='bbox 1683 4788 1729 4822; x_wconf 67' lang='grc' dir='ltr'>δ’</span> <span class='ocrx_word' id='word_1_463' title='bbox 1756 4788 1919 4843; x_wconf 88' lang='lat' dir='ltr'>Joan.</span> <span class='ocrx_word' id='word_1_464' title='bbox 1950 4805 2077 4854; x_wconf 80' lang='lat' dir='ltr'>xm,</span> <span class='ocrx_word' id='word_1_465' title='bbox 2109 4795 2199 4845; x_wconf 88' lang='lat'>27.</span> 
     </span>
    </p>
   </div>
   <div class='ocr_carea' id='block_1_68' title="bbox 2258 1736 3864 1811">
    <p class='ocr_par' dir='ltr' id='par_1_68' title="bbox 2258 1736 3864 1811">
     <span class='ocr_line' id='line_1_68' title="bbox 2258 1736 3864 1811; baseline 0 -21"><span class='ocrx_word' id='word_1_466' title='bbox 2258 1744 2479 1810; x_wconf 85' lang='grc' dir='ltr'>σόκομον</span> <span class='ocrx_word' id='word_1_467' title='bbox 2542 1736 2680 1810; x_wconf 81' lang='grc' dir='ltr'>εἶχεν</span> <span class='ocrx_word' id='word_1_468' title='bbox 2734 1736 2956 1801; x_wconf 86' lang='grc' dir='ltr'>Ἰούδας,</span> <span class='ocrx_word' id='word_1_469' title='bbox 3032 1741 3113 1791; x_wconf 86' lang='grc' dir='ltr'>ὅτι</span> <span class='ocrx_word' id='word_1_470' title='bbox 3169 1738 3303 1811; x_wconf 70' lang='grc' dir='ltr'>λέγει</span> <span class='ocrx_word' id='word_1_471' title='bbox 3360 1738 3501 1810; x_wconf 80' lang='grc' dir='ltr'>αύτῷ</span> <span class='ocrx_word' id='word_1_472' title='bbox 3552 1740 3579 1791; x_wconf 87' lang='grc' dir='ltr'><strong><em>ὁ</em></strong></span> <span class='ocrx_word' id='word_1_473' title='bbox 3632 1738 3864 1803; x_wconf 83' lang='grc' dir='ltr'>Ἰησοῦς,</span> 
     </span>
    </p>
   </div>
   <div class='ocr_carea' id='block_1_69' title="bbox 2255 1827 3862 1902">
    <p class='ocr_par' dir='ltr' id='par_1_69' title="bbox 2255 1827 3862 1902">
     <span class='ocr_line' id='line_1_69' title="bbox 2255 1827 3862 1902; baseline -0.001 -23"><span class='ocrx_word' id='word_1_474' title='bbox 2255 1827 2545 1901; x_wconf 79' lang='grc' dir='ltr'>Ἀγόρασον</span> <span class='ocrx_word' id='word_1_475' title='bbox 2623 1828 2690 1879; x_wconf 84' lang='grc' dir='ltr'>ὧν</span> <span class='ocrx_word' id='word_1_476' title='bbox 2767 1834 2953 1901; x_wconf 78' lang='grc' dir='ltr'>χρείαν</span> <span class='ocrx_word' id='word_1_477' title='bbox 3041 1830 3229 1901; x_wconf 80' lang='grc' dir='ltr'>ἔχομεν</span> <span class='ocrx_word' id='word_1_478' title='bbox 3308 1827 3379 1889; x_wconf 73' lang='grc' dir='ltr'>εἰς</span> <span class='ocrx_word' id='word_1_479' title='bbox 3440 1832 3535 1887; x_wconf 75' lang='grc' dir='ltr'>τὴν</span> <span class='ocrx_word' id='word_1_480' title='bbox 3594 1827 3799 1902; x_wconf 74' lang='grc' dir='ltr'>ἑορτήν,</span> <span class='ocrx_word' id='word_1_481' title='bbox 3833 1830 3862 1886; x_wconf 83' lang='grc' dir='ltr'>ἧ</span> 
     </span>
    </p>
   </div>
   <div class='ocr_carea' id='block_1_70' title="bbox 2255 1914 3868 1989">
    <p class='ocr_par' dir='ltr' id='par_1_70' title="bbox 2255 1914 3868 1989">
     <span class='ocr_line' id='line_1_70' title="bbox 2255 1914 3868 1989; baseline 0.001 -21"><span class='ocrx_word' id='word_1_482' title='bbox 2255 1925 2363 1978; x_wconf 91' lang='grc' dir='ltr'>τοῖς</span> <span class='ocrx_word' id='word_1_483' title='bbox 2405 1924 2643 1988; x_wconf 86' lang='grc' dir='ltr'>πτωχοῖς</span> <span class='ocrx_word' id='word_1_484' title='bbox 2694 1918 2775 1969; x_wconf 80' lang='grc' dir='ltr'>ἵνα</span> <span class='ocrx_word' id='word_1_485' title='bbox 2824 1938 2875 1969; x_wconf 91' lang='grc' dir='ltr'>τι</span> <span class='ocrx_word' id='word_1_486' title='bbox 2915 1914 3013 1988; x_wconf 82' lang='grc' dir='ltr'>δῷ·</span> <span class='ocrx_word' id='word_1_487' title='bbox 3071 1923 3160 1970; x_wconf 81' lang='grc' dir='ltr'>καὶ</span> <span class='ocrx_word' id='word_1_488' title='bbox 3212 1926 3367 1971; x_wconf 85' lang='grc' dir='ltr'>τοῦτο</span> <span class='ocrx_word' id='word_1_489' title='bbox 3419 1922 3531 1989; x_wconf 71' lang='grc' dir='ltr'>μεν,</span> <span class='ocrx_word' id='word_1_490' title='bbox 3582 1918 3676 1970; x_wconf 78' lang='grc' dir='ltr'>οὐκ</span> <span class='ocrx_word' id='word_1_491' title='bbox 3730 1915 3868 1989; x_wconf 75' lang='grc' dir='ltr'>ἐνεγ-</span> 
     </span>
    </p>
   </div>
   <div class='ocr_carea' id='block_1_71' title="bbox 2255 2005 3864 2081">
    <p class='ocr_par' dir='ltr' id='par_1_71' title="bbox 2255 2005 3864 2081">
     <span class='ocr_line' id='line_1_71' title="bbox 2255 2005 3864 2081; baseline 0.001 -24"><span class='ocrx_word' id='word_1_492' title='bbox 2255 2011 2357 2057; x_wconf 81' lang='grc' dir='ltr'>κὼν</span> <span class='ocrx_word' id='word_1_493' title='bbox 2402 2011 2496 2064; x_wconf 81' lang='grc' dir='ltr'>τήν</span> <span class='ocrx_word' id='word_1_494' title='bbox 2542 2006 2827 2077; x_wconf 79' lang='grc' dir='ltr'>αἰσχύνην·</span> <span class='ocrx_word' id='word_1_495' title='bbox 2874 2006 3093 2059; x_wconf 74' lang='grc' dir='ltr'>ὑπέλαϐε</span> <span class='ocrx_word' id='word_1_496' title='bbox 3140 2010 3240 2080; x_wconf 78' lang='grc' dir='ltr'>γὰρ</span> <span class='ocrx_word' id='word_1_497' title='bbox 3287 2005 3396 2065; x_wconf 75' lang='grc' dir='ltr'>ἤδη</span> <span class='ocrx_word' id='word_1_498' title='bbox 3450 2014 3585 2059; x_wconf 86' lang='grc' dir='ltr'>πᾶσι</span> <span class='ocrx_word' id='word_1_499' title='bbox 3629 2024 3864 2081; x_wconf 80' lang='grc' dir='ltr'>φανερω-</span> 
     </span>
    </p>
   </div>
   <div class='ocr_carea' id='block_1_72' title="bbox 2258 2093 3865 2168">
    <p class='ocr_par' dir='ltr' id='par_1_72' title="bbox 2258 2093 3865 2168">
     <span class='ocr_line' id='line_1_72' title="bbox 2258 2093 3865 2168; baseline 0 -21"><span class='ocrx_word' id='word_1_500' title='bbox 2258 2097 2429 2153; x_wconf 82' lang='grc' dir='ltr'>θῆναι⁸</span> <span class='ocrx_word' id='word_1_501' title='bbox 2484 2103 2636 2147; x_wconf 83' lang='grc' dir='ltr'>τοῦτο</span> <span class='ocrx_word' id='word_1_502' title='bbox 2685 2093 2763 2163; x_wconf 73' lang='grc' dir='ltr'>δὲ,</span> <span class='ocrx_word' id='word_1_503' title='bbox 2805 2102 2893 2147; x_wconf 83' lang='grc' dir='ltr'>καὶ</span> <span class='ocrx_word' id='word_1_504' title='bbox 2940 2096 3182 2168; x_wconf 78' lang='grc' dir='ltr'>φοϐηθεὶς</span> <span class='ocrx_word' id='word_1_505' title='bbox 3215 2100 3335 2157; x_wconf 83' lang='grc' dir='ltr'>τοὺς</span> <span class='ocrx_word' id='word_1_506' title='bbox 3377 2098 3638 2167; x_wconf 83' lang='grc' dir='ltr'>μαθητὰς,</span> <span class='ocrx_word' id='word_1_507' title='bbox 3684 2100 3865 2167; x_wconf 78' lang='grc' dir='ltr'>μήπου</span> 
     </span>
    </p>
   </div>
   <div class='ocr_carea' id='block_1_73' title="bbox 2257 2180 3869 2258">
    <p class='ocr_par' dir='ltr' id='par_1_73' title="bbox 2257 2180 3869 2258">
     <span class='ocr_line' id='line_1_73' title="bbox 2257 2180 3869 2258; baseline 0.002 -24"><span class='ocrx_word' id='word_1_508' title='bbox 2257 2184 2346 2235; x_wconf 85' lang='grc' dir='ltr'>κάὶ</span> <span class='ocrx_word' id='word_1_509' title='bbox 2379 2180 2816 2258; x_wconf 82' lang='grc' dir='ltr'>διασπαράξωσιν</span> <span class='ocrx_word' id='word_1_510' title='bbox 2870 2185 3044 2237; x_wconf 74' lang='grc' dir='ltr'>αὐτόν·</span> <span class='ocrx_word' id='word_1_511' title='bbox 3112 2186 3290 2246; x_wconf 69' lang='grc' dir='ltr'>εὐθέως</span> <span class='ocrx_word' id='word_1_512' title='bbox 3347 2185 3547 2255; x_wconf 80' lang='grc' dir='ltr'>ἐξῆλθε,</span> <span class='ocrx_word' id='word_1_513' title='bbox 3601 2188 3693 2237; x_wconf 82' lang='grc' dir='ltr'>καὶ</span> <span class='ocrx_word' id='word_1_514' title='bbox 3737 2188 3869 2258; x_wconf 84' lang='grc' dir='ltr'>πρὸς</span> 
     </span>
    </p>
   </div>
   <div class='ocr_carea' id='block_1_74' title="bbox 2528 2274 3868 2349">
    <p class='ocr_par' dir='ltr' id='par_1_74' title="bbox 2528 2274 3868 2349">
     <span class='ocr_line' id='line_1_74' title="bbox 2528 2274 3868 2349; baseline 0.001 -24"><span class='ocrx_word' id='word_1_515' title='bbox 2528 2274 2860 2345; x_wconf 83' lang='grc' dir='ltr'>άπήγγειλεν,</span> <span class='ocrx_word' id='word_1_516' title='bbox 2957 2276 3027 2335; x_wconf 81' lang='grc' dir='ltr'>ὡς</span> <span class='ocrx_word' id='word_1_517' title='bbox 3086 2274 3533 2349; x_wconf 72' lang='grc' dir='ltr'>παραλελειμμένα</span> <span class='ocrx_word' id='word_1_518' title='bbox 3587 2280 3701 2336; x_wconf 84' lang='grc' dir='ltr'>τοῖς</span> <span class='ocrx_word' id='word_1_519' title='bbox 3778 2274 3868 2327; x_wconf 85' lang='grc' dir='ltr'>οῖλ-</span> 
     </span>
    </p>
   </div>
   <div class='ocr_carea' id='block_1_75' title="bbox 2324 2555 3868 2631">
    <p class='ocr_par' dir='ltr' id='par_1_75' title="bbox 2324 2555 3868 2631">
     <span class='ocr_line' id='line_1_75' title="bbox 2324 2555 3868 2631; baseline -0.001 -20"><span class='ocrx_word' id='word_1_520' title='bbox 2324 2560 2393 2613; x_wconf 85' lang='grc' dir='ltr'><strong>Τό</strong></span> <span class='ocrx_word' id='word_1_521' title='bbox 2454 2555 2531 2623; x_wconf 71' lang='grc' dir='ltr'>δὲ,</span> <span class='ocrx_word' id='word_1_522' title='bbox 2592 2558 2687 2609; x_wconf 84' lang='grc' dir='ltr'>Ὧν</span> <span class='ocrx_word' id='word_1_523' title='bbox 2746 2560 2931 2631; x_wconf 88' lang='grc' dir='ltr'>χρείαν</span> <span class='ocrx_word' id='word_1_524' title='bbox 2985 2560 3173 2631; x_wconf 84' lang='grc' dir='ltr'>ἔχομεν</span> <span class='ocrx_word' id='word_1_525' title='bbox 3215 2556 3285 2619; x_wconf 77' lang='grc' dir='ltr'>εἰς</span> <span class='ocrx_word' id='word_1_526' title='bbox 3340 2560 3436 2615; x_wconf 76' lang='grc' dir='ltr'>τήν</span> <span class='ocrx_word' id='word_1_527' title='bbox 3490 2556 3691 2631; x_wconf 82' lang='grc' dir='ltr'>ἑορτὴν,</span> <span class='ocrx_word' id='word_1_528' title='bbox 3739 2556 3868 2611; x_wconf 84' lang='grc' dir='ltr'>ἀπο-</span> 
     </span>
    </p>
   </div>
   <div class='ocr_carea' id='block_1_76' title="bbox 2252 2645 3870 2721">
    <p class='ocr_par' dir='ltr' id='par_1_76' title="bbox 2252 2645 3870 2721">
     <span class='ocr_line' id='line_1_76' title="bbox 2252 2645 3870 2721; baseline 0.001 -23"><span class='ocrx_word' id='word_1_529' title='bbox 2252 2652 2368 2720; x_wconf 84' lang='grc' dir='ltr'>ρίαν</span> <span class='ocrx_word' id='word_1_530' title='bbox 2446 2646 2654 2709; x_wconf 86' lang='grc' dir='ltr'>πολλοῖς</span> <span class='ocrx_word' id='word_1_531' title='bbox 2727 2654 2827 2699; x_wconf 85' lang='grc' dir='ltr'>τῶν</span> <span class='ocrx_word' id='word_1_532' title='bbox 2909 2646 3174 2717; x_wconf 73' lang='grc' dir='ltr'>ἐξηγητῶν</span> <span class='ocrx_word' id='word_1_533' title='bbox 3251 2645 3539 2705; x_wconf 78' lang='grc' dir='ltr'>ἐνεποίησε.</span> <span class='ocrx_word' id='word_1_534' title='bbox 3603 2651 3709 2705; x_wconf 84' lang='grc' dir='ltr'>Τήν</span> <span class='ocrx_word' id='word_1_535' title='bbox 3760 2649 3870 2721; x_wconf 81' lang='grc' dir='ltr'>γὰρ</span> 
     </span>
    </p>
   </div>
   <div class='ocr_carea' id='block_1_77' title="bbox 2250 2733 3871 2811">
    <p class='ocr_par' dir='ltr' id='par_1_77' title="bbox 2250 2733 3871 2811">
     <span class='ocr_line' id='line_1_77' title="bbox 2250 2733 3871 2811; baseline -0.001 -23"><span class='ocrx_word' id='word_1_536' title='bbox 2250 2744 2340 2788; x_wconf 79' lang='grc' dir='ltr'>τοῦ</span> <span class='ocrx_word' id='word_1_537' title='bbox 2390 2738 2591 2808; x_wconf 80' lang='grc' dir='ltr'>Πάσχα</span> <span class='ocrx_word' id='word_1_538' title='bbox 2646 2733 2753 2794; x_wconf 81' lang='grc' dir='ltr'>ἢδη</span> <span class='ocrx_word' id='word_1_539' title='bbox 2834 2735 3118 2811; x_wconf 80' lang='grc' dir='ltr'>ἑώρτασαν,</span> <span class='ocrx_word' id='word_1_540' title='bbox 3204 2738 3275 2798; x_wconf 90' lang='grc' dir='ltr'>ὡς</span> <span class='ocrx_word' id='word_1_541' title='bbox 3326 2742 3654 2811; x_wconf 87' lang='grc' dir='ltr'>προείρηται.</span> <span class='ocrx_word' id='word_1_542' title='bbox 3706 2736 3871 2793; x_wconf 86' lang='grc' dir='ltr'>Δῆλον</span> 
     </span>
    </p>
   </div>
   <div class='ocr_carea' id='block_1_78' title="bbox 2252 2826 3871 2898">
    <p class='ocr_par' dir='ltr' id='par_1_78' title="bbox 2252 2826 3871 2898">
     <span class='ocr_line' id='line_1_78' title="bbox 2252 2826 3871 2898; baseline 0 -21"><span class='ocrx_word' id='word_1_543' title='bbox 2252 2826 2359 2895; x_wconf 79' lang='grc' dir='ltr'>οὖν,</span> <span class='ocrx_word' id='word_1_544' title='bbox 2388 2827 2487 2889; x_wconf 61' lang='grc' dir='ltr'>ζὸτι</span> <span class='ocrx_word' id='word_1_545' title='bbox 2536 2828 2664 2885; x_wconf 72' lang='grc' dir='ltr'>τινες</span> <span class='ocrx_word' id='word_1_546' title='bbox 2713 2828 2802 2898; x_wconf 70' lang='grc' dir='ltr'>μὲν</span> <span class='ocrx_word' id='word_1_547' title='bbox 2851 2833 2950 2877; x_wconf 86' lang='grc' dir='ltr'>τῶν</span> <span class='ocrx_word' id='word_1_548' title='bbox 2998 2827 3245 2898; x_wconf 82' lang='grc' dir='ltr'>μαθητῶν</span> <span class='ocrx_word' id='word_1_549' title='bbox 3286 2828 3473 2897; x_wconf 76' lang='grc' dir='ltr'>ἔμαθον</span> <span class='ocrx_word' id='word_1_550' title='bbox 3533 2830 3618 2878; x_wconf 88' lang='grc' dir='ltr'>τὸν</span> <span class='ocrx_word' id='word_1_551' title='bbox 3671 2828 3871 2877; x_wconf 75' lang='grc' dir='ltr'>σκοπὸν</span> 
     </span>
    </p>
   </div>
   <div class='ocr_carea' id='block_1_79' title="bbox 2250 2911 3864 2990">
    <p class='ocr_par' dir='ltr' id='par_1_79' title="bbox 2250 2911 3864 2990">
     <span class='ocr_line' id='line_1_79' title="bbox 2250 2911 3864 2990; baseline 0.001 -23"><span class='ocrx_word' id='word_1_552' title='bbox 2250 2922 2342 2967; x_wconf 83' lang='grc' dir='ltr'>τοῦ</span> <span class='ocrx_word' id='word_1_553' title='bbox 2410 2911 2765 2983; x_wconf 83' lang='grc' dir='ltr'>Διδασκάλου,</span> <span class='ocrx_word' id='word_1_554' title='bbox 2843 2915 2961 2967; x_wconf 84' lang='grc' dir='ltr'>καθ’</span> <span class='ocrx_word' id='word_1_555' title='bbox 3025 2917 3079 2966; x_wconf 87' lang='grc' dir='ltr'>ὅν</span> <span class='ocrx_word' id='word_1_556' title='bbox 3138 2920 3469 2990; x_wconf 84' lang='grc' dir='ltr'>προεώρτασε</span> <span class='ocrx_word' id='word_1_557' title='bbox 3524 2918 3581 2967; x_wconf 86' lang='lat'>1&#39;6</span> <span class='ocrx_word' id='word_1_558' title='bbox 3641 2917 3864 2985; x_wconf 83' lang='grc' dir='ltr'>Πάσχα.</span> 
     </span>
    </p>
   </div>
   <div class='ocr_carea' id='block_1_80' title="bbox 2249 3000 3865 3078">
    <p class='ocr_par' dir='ltr' id='par_1_80' title="bbox 2249 3000 3865 3078">
     <span class='ocr_line' id='line_1_80' title="bbox 2249 3000 3865 3078; baseline 0 -22"><span class='ocrx_word' id='word_1_559' title='bbox 2249 3006 2383 3065; x_wconf 66' lang='grc' dir='ltr'>τινες</span> <span class='ocrx_word' id='word_1_560' title='bbox 2442 3002 2501 3056; x_wconf 76' lang='grc' dir='ltr'>δὲ</span> <span class='ocrx_word' id='word_1_561' title='bbox 2559 3003 2883 3075; x_wconf 83' lang='grc' dir='ltr'>ἀγνοοῦντες,</span> <span class='ocrx_word' id='word_1_562' title='bbox 2943 3000 3159 3056; x_wconf 78' lang='grc' dir='ltr'>ἐδόκουν</span> <span class='ocrx_word' id='word_1_563' title='bbox 3216 3006 3296 3057; x_wconf 85' lang='grc' dir='ltr'>ὅτι</span> <span class='ocrx_word' id='word_1_564' title='bbox 3348 3006 3424 3057; x_wconf 77' lang='grc' dir='ltr'>ἔτι</span> <span class='ocrx_word' id='word_1_565' title='bbox 3477 3012 3629 3057; x_wconf 84' lang='grc' dir='ltr'>τοῦτο</span> <span class='ocrx_word' id='word_1_566' title='bbox 3686 3004 3865 3078; x_wconf 85' lang='grc' dir='ltr'>ἑορτά-</span> 
     </span>
    </p>
   </div>
   <div class='ocr_carea' id='block_1_81' title="bbox 2252 3093 3866 3168">
    <p class='ocr_par' dir='ltr' id='par_1_81' title="bbox 2252 3093 3866 3168">
     <span class='ocr_line' id='line_1_81' title="bbox 2252 3093 3866 3168; baseline -0.001 -22"><span class='ocrx_word' id='word_1_567' title='bbox 2252 3113 2330 3147; x_wconf 88' lang='grc' dir='ltr'>σει</span> <span class='ocrx_word' id='word_1_568' title='bbox 2378 3098 2468 3146; x_wconf 86' lang='grc' dir='ltr'>καὶ</span> <span class='ocrx_word' id='word_1_569' title='bbox 2515 3097 2650 3145; x_wconf 87' lang='grc' dir='ltr'>κατὰ</span> <span class='ocrx_word' id='word_1_570' title='bbox 2692 3098 2786 3152; x_wconf 82' lang='grc' dir='ltr'>τὴν</span> <span class='ocrx_word' id='word_1_571' title='bbox 2837 3099 3202 3168; x_wconf 86' lang='grc' dir='ltr'>Παρασκευήν.</span> <span class='ocrx_word' id='word_1_572' title='bbox 3253 3098 3285 3153; x_wconf 80' lang='grc' dir='ltr'><strong>ἦ</strong></span> <span class='ocrx_word' id='word_1_573' title='bbox 3318 3099 3408 3147; x_wconf 82' lang='grc' dir='ltr'>καὶ</span> <span class='ocrx_word' id='word_1_574' title='bbox 3454 3098 3549 3152; x_wconf 83' lang='grc' dir='ltr'>τὴν</span> <span class='ocrx_word' id='word_1_575' title='bbox 3578 3102 3677 3146; x_wconf 81' lang='grc' dir='ltr'>τῶν</span> <span class='ocrx_word' id='word_1_576' title='bbox 3708 3093 3866 3157; x_wconf 78' lang='grc' dir='ltr'><strong>’Λζύ-</strong></span> 
     </span>
    </p>
   </div>
   <div class='ocr_carea' id='block_1_82' title="bbox 2247 3182 2941 3257">
    <p class='ocr_par' dir='ltr' id='par_1_82' title="bbox 2247 3182 2941 3257">
     <span class='ocr_line' id='line_1_82' title="bbox 2247 3182 2941 3257; baseline 0.006 -22"><span class='ocrx_word' id='word_1_577' title='bbox 2247 3204 2355 3257; x_wconf 91' lang='grc' dir='ltr'>μων</span> <span class='ocrx_word' id='word_1_578' title='bbox 2387 3182 2565 3257; x_wconf 78' lang='grc' dir='ltr'>ἑορτὴν</span> <span class='ocrx_word' id='word_1_579' title='bbox 2598 3182 2941 3241; x_wconf 77' lang='grc' dir='ltr'>ὑποληπτέον.</span> 
     </span>
    </p>
   </div>
   <div class='ocr_carea' id='block_1_83' title="bbox 2316 3393 3859 3470">
    <p class='ocr_par' dir='ltr' id='par_1_83' title="bbox 2316 3393 3859 3470">
     <span class='ocr_line' id='line_1_83' title="bbox 2316 3393 3859 3470; baseline -0.001 -20"><span class='ocrx_word' id='word_1_580' title='bbox 2316 3400 2465 3451; x_wconf 88' lang='grc' dir='ltr'>Διατί</span> <span class='ocrx_word' id='word_1_581' title='bbox 2518 3393 2577 3449; x_wconf 73' lang='grc' dir='ltr'>δε</span> <span class='ocrx_word' id='word_1_582' title='bbox 2610 3396 2811 3469; x_wconf 86' lang='grc' dir='ltr'>λεγεται</span> <span class='ocrx_word' id='word_1_583' title='bbox 2866 3394 3074 3468; x_wconf 77' lang='grc' dir='ltr'>ἀγαπᾷν</span> <span class='ocrx_word' id='word_1_584' title='bbox 3128 3398 3214 3448; x_wconf 86' lang='grc' dir='ltr'>τὸν</span> <span class='ocrx_word' id='word_1_585' title='bbox 3267 3397 3508 3454; x_wconf 79' lang='grc' dir='ltr'>Ἰωάννην</span> <span class='ocrx_word' id='word_1_586' title='bbox 3560 3394 3585 3448; x_wconf 87' lang='grc' dir='ltr'>ὁ</span> <span class='ocrx_word' id='word_1_587' title='bbox 3646 3398 3859 3470; x_wconf 83' lang='grc' dir='ltr'>Κύριος,</span> 
     </span>
    </p>
   </div>
   <div class='ocr_carea' id='block_1_84' title="bbox 2244 3483 3862 3560">
    <p class='ocr_par' dir='ltr' id='par_1_84' title="bbox 2244 3483 3862 3560">
     <span class='ocr_line' id='line_1_84' title="bbox 2244 3483 3862 3560; baseline -0.001 -21"><span class='ocrx_word' id='word_1_588' title='bbox 2244 3496 2333 3541; x_wconf 78' lang='grc' dir='ltr'>καί</span> <span class='ocrx_word' id='word_1_589' title='bbox 2386 3484 2532 3540; x_wconf 82' lang='grc' dir='ltr'>δὶατί</span> <span class='ocrx_word' id='word_1_590' title='bbox 2599 3484 2825 3539; x_wconf 77' lang='grc' dir='ltr'>ἀνέκειτο</span> <span class='ocrx_word' id='word_1_591' title='bbox 2884 3483 2932 3537; x_wconf 75' lang='grc' dir='ltr'>ἓν</span> <span class='ocrx_word' id='word_1_592' title='bbox 2984 3494 3053 3557; x_wconf 82' lang='grc' dir='ltr'>τῷ</span> <span class='ocrx_word' id='word_1_593' title='bbox 3106 3485 3278 3558; x_wconf 85' lang='grc' dir='ltr'>κόλπῳ</span> <span class='ocrx_word' id='word_1_594' title='bbox 3337 3485 3519 3553; x_wconf 70' lang='grc' dir='ltr'>αὐτοῦ,</span> <span class='ocrx_word' id='word_1_595' title='bbox 3567 3486 3862 3560; x_wconf 78' lang='grc' dir='ltr'>ῥηθήσεται</span> 
     </span>
    </p>
   </div>
   <div class='ocr_carea' id='block_1_85' title="bbox 2245 3572 3861 3647">
    <p class='ocr_par' dir='ltr' id='par_1_85' title="bbox 2245 3572 3861 3647">
     <span class='ocr_line' id='line_1_85' title="bbox 2245 3572 3861 3647; baseline -0.002 -16"><span class='ocrx_word' id='word_1_596' title='bbox 2245 3584 2377 3631; x_wconf 76' lang='grc' dir='ltr'>Θεοῦ</span> <span class='ocrx_word' id='word_1_597' title='bbox 2438 3572 2678 3637; x_wconf 74' lang='grc' dir='ltr'>διδόντος</span> <span class='ocrx_word' id='word_1_598' title='bbox 2750 3575 2799 3627; x_wconf 85' lang='grc' dir='ltr'>ἐν</span> <span class='ocrx_word' id='word_1_599' title='bbox 2856 3582 2914 3647; x_wconf 80' lang='grc' dir='ltr'>τῇ</span> <span class='ocrx_word' id='word_1_600' title='bbox 2976 3574 3224 3647; x_wconf 80' lang='grc' dir='ltr'>ἐξηγήσει</span> <span class='ocrx_word' id='word_1_601' title='bbox 3284 3582 3377 3627; x_wconf 79' lang='grc' dir='ltr'>τοῦ</span> <span class='ocrx_word' id='word_1_602' title='bbox 3428 3577 3560 3627; x_wconf 88' lang='grc' dir='ltr'>κατά</span> <span class='ocrx_word' id='word_1_603' title='bbox 3618 3576 3861 3634; x_wconf 75' lang='grc' dir='ltr'>Ἰωάννην</span> 
     </span>
    </p>
   </div>
   <div class='ocr_carea' id='block_1_86' title="bbox 2242 3660 3862 3739">
    <p class='ocr_par' dir='ltr' id='par_1_86' title="bbox 2242 3660 3862 3739">
     <span class='ocr_line' id='line_1_86' title="bbox 2242 3660 3862 3739; baseline -0.002 -19"><span class='ocrx_word' id='word_1_604' title='bbox 2242 3664 2582 3739; x_wconf 78' lang='grc' dir='ltr'>Εύαγγελίου.</span> <span class='ocrx_word' id='word_1_605' title='bbox 2645 3664 2705 3717; x_wconf 84' lang='grc' dir='ltr'><strong>Εἰ</strong></span> <span class='ocrx_word' id='word_1_606' title='bbox 2758 3660 2815 3716; x_wconf 75' lang='grc' dir='ltr'>δὲ</span> <span class='ocrx_word' id='word_1_607' title='bbox 2855 3669 3061 3727; x_wconf 84' lang='grc' dir='ltr'>Λουκᾶς</span> <span class='ocrx_word' id='word_1_608' title='bbox 3106 3669 3198 3738; x_wconf 86' lang='grc' dir='ltr'>μέν</span> <span class='ocrx_word' id='word_1_609' title='bbox 3261 3684 3440 3738; x_wconf 86' lang='grc' dir='ltr'>φησιν,</span> <span class='ocrx_word' id='word_1_610' title='bbox 3471 3664 3713 3717; x_wconf 75' lang='grc' dir='ltr'>εἶσελθεῖν</span> <span class='ocrx_word' id='word_1_611' title='bbox 3774 3668 3862 3718; x_wconf 87' lang='grc' dir='ltr'>τὸν</span> 
     </span>
    </p>
   </div>
   <div class='ocr_carea' id='block_1_87' title="bbox 2244 3748 3863 3831">
    <p class='ocr_par' dir='ltr' id='par_1_87' title="bbox 2244 3748 3863 3831">
     <span class='ocr_line' id='line_1_87' title="bbox 2244 3748 3863 3831; baseline 0.001 -25"><span class='ocrx_word' id='word_1_612' title='bbox 2244 3760 2469 3806; x_wconf 82' lang='grc' dir='ltr'>Σατανᾶν</span> <span class='ocrx_word' id='word_1_613' title='bbox 2525 3753 2592 3814; x_wconf 80' lang='grc' dir='ltr'>εἰς</span> <span class='ocrx_word' id='word_1_614' title='bbox 2660 3748 2864 3806; x_wconf 80' lang='grc' dir='ltr'>Ἰούδαν</span> <span class='ocrx_word' id='word_1_615' title='bbox 2931 3757 3031 3829; x_wconf 84' lang='grc' dir='ltr'>πρὸ</span> <span class='ocrx_word' id='word_1_616' title='bbox 3081 3762 3170 3806; x_wconf 80' lang='grc' dir='ltr'>τοῦ</span> <span class='ocrx_word' id='word_1_617' title='bbox 3227 3753 3552 3813; x_wconf 79' lang='grc' dir='ltr'>συλλαλῆσαι</span> <span class='ocrx_word' id='word_1_618' title='bbox 3608 3761 3718 3815; x_wconf 87' lang='grc' dir='ltr'>τοῖς</span> <span class='ocrx_word' id='word_1_619' title='bbox 3769 3753 3863 3831; x_wconf 84' lang='grc' dir='ltr'>ἀρ-</span> 
     </span>
    </p>
   </div>
   <div class='ocr_carea' id='block_1_88' title="bbox 2242 3839 3864 3918">
    <p class='ocr_par' dir='ltr' id='par_1_88' title="bbox 2242 3839 3864 3918">
     <span class='ocr_line' id='line_1_88' title="bbox 2242 3839 3864 3918; baseline -0.001 -23"><span class='ocrx_word' id='word_1_620' title='bbox 2242 3850 2485 3918; x_wconf 80' lang='grc' dir='ltr'>χιερεῦσι</span> <span class='ocrx_word' id='word_1_621' title='bbox 2554 3847 2643 3895; x_wconf 89' lang='grc' dir='ltr'>καὶ</span> <span class='ocrx_word' id='word_1_622' title='bbox 2699 3850 3013 3917; x_wconf 87' lang='grc' dir='ltr'>στρατηγοῖς</span> <span class='ocrx_word' id='word_1_623' title='bbox 3070 3848 3188 3918; x_wconf 86' lang='grc' dir='ltr'>περὶ</span> <span class='ocrx_word' id='word_1_624' title='bbox 3248 3839 3559 3918; x_wconf 84' lang='grc' dir='ltr'>προδοσίας,</span> <span class='ocrx_word' id='word_1_625' title='bbox 3614 3842 3864 3905; x_wconf 88' lang='grc' dir='ltr'>Ἰωάννης</span> 
     </span>
    </p>
   </div>
   <div class='ocr_carea' id='block_1_89' title="bbox 2245 3928 3862 4008">
    <p class='ocr_par' dir='ltr' id='par_1_89' title="bbox 2245 3928 3862 4008">
     <span class='ocr_line' id='line_1_89' title="bbox 2245 3928 3862 4008; baseline 0.001 -24"><span class='ocrx_word' id='word_1_626' title='bbox 2245 3928 2324 3997; x_wconf 77' lang='grc' dir='ltr'>δὲ,</span> <span class='ocrx_word' id='word_1_627' title='bbox 2394 3936 2525 4006; x_wconf 84' lang='grc' dir='ltr'>μετὰ</span> <span class='ocrx_word' id='word_1_628' title='bbox 2573 3935 2629 3983; x_wconf 88' lang='grc' dir='ltr'>τὸ</span> <span class='ocrx_word' id='word_1_629' title='bbox 2682 3931 2909 4004; x_wconf 76' lang='grc' dir='ltr'>ψωμίόν,</span> <span class='ocrx_word' id='word_1_630' title='bbox 2965 3932 3059 3983; x_wconf 72' lang='grc' dir='ltr'>οὐκ</span> <span class='ocrx_word' id='word_1_631' title='bbox 3107 3931 3541 4005; x_wconf 79' lang='grc' dir='ltr'>ἐναντιολογοῦσι.</span> <span class='ocrx_word' id='word_1_632' title='bbox 3602 3935 3862 4008; x_wconf 87' lang='grc' dir='ltr'>Πρότερον</span> 
     </span>
    </p>
   </div>
   <div class='ocr_carea' id='block_1_90' title="bbox 2242 4017 3862 4096">
    <p class='ocr_par' dir='ltr' id='par_1_90' title="bbox 2242 4017 3862 4096">
     <span class='ocr_line' id='line_1_90' title="bbox 2242 4017 3862 4096; baseline 0.001 -23"><span class='ocrx_word' id='word_1_633' title='bbox 2242 4024 2331 4096; x_wconf 67' lang='grc' dir='ltr'>μὲν</span> <span class='ocrx_word' id='word_1_634' title='bbox 2382 4023 2483 4095; x_wconf 79' lang='grc' dir='ltr'>γὰρ</span> <span class='ocrx_word' id='word_1_635' title='bbox 2534 4022 2561 4073; x_wconf 90' lang='grc' dir='ltr'>ό</span> <span class='ocrx_word' id='word_1_636' title='bbox 2610 4026 2840 4081; x_wconf 83' lang='grc' dir='ltr'>Σατανᾶς</span> <span class='ocrx_word' id='word_1_637' title='bbox 2894 4018 3179 4096; x_wconf 80' lang='grc' dir='ltr'>ἀπόπειραν</span> <span class='ocrx_word' id='word_1_638' title='bbox 3238 4020 3544 4088; x_wconf 81' lang='grc' dir='ltr'>ἐποιήσατο,</span> <span class='ocrx_word' id='word_1_639' title='bbox 3612 4024 3698 4073; x_wconf 84' lang='grc' dir='ltr'>καὶ</span> <span class='ocrx_word' id='word_1_640' title='bbox 3752 4017 3862 4075; x_wconf 85' lang='grc' dir='ltr'>διε-</span> 
     </span>
    </p>
   </div>
   <div class='ocr_carea' id='block_1_91' title="bbox 2241 4106 3863 4184">
    <p class='ocr_par' dir='ltr' id='par_1_91' title="bbox 2241 4106 3863 4184">
     <span class='ocr_line' id='line_1_91' title="bbox 2241 4106 3863 4184; baseline 0.001 -22"><span class='ocrx_word' id='word_1_641' title='bbox 2241 4107 2511 4163; x_wconf 85' lang='grc' dir='ltr'>κωδώνισε</span> <span class='ocrx_word' id='word_1_642' title='bbox 2566 4111 2674 4181; x_wconf 84' lang='grc'>(41)</span> <span class='ocrx_word' id='word_1_643' title='bbox 2739 4113 2827 4163; x_wconf 87' lang='grc' dir='ltr'>τὸν</span> <span class='ocrx_word' id='word_1_644' title='bbox 2887 4108 3081 4161; x_wconf 84' lang='grc' dir='ltr'>ἆθλιον·</span> <span class='ocrx_word' id='word_1_645' title='bbox 3144 4110 3359 4184; x_wconf 78' lang='grc' dir='ltr'>ὕστερον</span> <span class='ocrx_word' id='word_1_646' title='bbox 3410 4106 3468 4162; x_wconf 78' lang='grc' dir='ltr'>δὲ</span> <span class='ocrx_word' id='word_1_647' title='bbox 3520 4112 3671 4182; x_wconf 81' lang='grc' dir='ltr'>γνοὺς</span> <span class='ocrx_word' id='word_1_648' title='bbox 3733 4108 3863 4184; x_wconf 83' lang='grc' dir='ltr'>ἀφο-</span> 
     </span>
    </p>
   </div>
   <div class='ocr_carea' id='block_1_92' title="bbox 2239 4195 3855 4273">
    <p class='ocr_par' dir='ltr' id='par_1_92' title="bbox 2239 4195 3855 4273">
     <span class='ocr_line' id='line_1_92' title="bbox 2239 4195 3855 4273; baseline 0.001 -23"><span class='ocrx_word' id='word_1_649' title='bbox 2239 4202 2508 4273; x_wconf 88' lang='grc' dir='ltr'>ρισθέντα,</span> <span class='ocrx_word' id='word_1_650' title='bbox 2608 4201 2675 4260; x_wconf 85' lang='grc' dir='ltr'>ὡς</span> <span class='ocrx_word' id='word_1_651' title='bbox 2756 4196 3097 4271; x_wconf 80' lang='grc' dir='ltr'>ἀδιόρθωτον,</span> <span class='ocrx_word' id='word_1_652' title='bbox 3168 4198 3435 4273; x_wconf 74' lang='grc' dir='ltr'>θαρρήσας</span> <span class='ocrx_word' id='word_1_653' title='bbox 3497 4195 3855 4257; x_wconf 82' lang='grc' dir='ltr'>ἐπεπήδησεν·</span> 
     </span>
    </p>
   </div>
   <div class='ocr_carea' id='block_1_93' title="bbox 2242 4284 3860 4363">
    <p class='ocr_par' dir='ltr' id='par_1_93' title="bbox 2242 4284 3860 4363">
     <span class='ocr_line' id='line_1_93' title="bbox 2242 4284 3860 4363; baseline -0.001 -22"><span class='ocrx_word' id='word_1_654' title='bbox 2242 4289 2299 4341; x_wconf 84' lang='grc' dir='ltr'>ού</span> <span class='ocrx_word' id='word_1_655' title='bbox 2351 4297 2449 4341; x_wconf 88' lang='grc' dir='ltr'>τῶν</span> <span class='ocrx_word' id='word_1_656' title='bbox 2515 4290 2659 4341; x_wconf 86' lang='grc' dir='ltr'>θείων</span> <span class='ocrx_word' id='word_1_657' title='bbox 2721 4284 2780 4341; x_wconf 73' lang='grc' dir='ltr'>δε</span> <span class='ocrx_word' id='word_1_658' title='bbox 2862 4293 3167 4362; x_wconf 88' lang='grc' dir='ltr'>μυστηρίων</span> <span class='ocrx_word' id='word_1_659' title='bbox 3224 4294 3627 4363; x_wconf 76' lang='grc' dir='ltr'>καταφρονήσας</span> <span class='ocrx_word' id='word_1_660' title='bbox 3690 4287 3860 4362; x_wconf 80' lang='grc' dir='ltr'>εἰσερ-</span> 
     </span>
    </p>
   </div>
   <div class='ocr_carea' id='block_1_94' title="bbox 2237 4374 3860 4467">
    <p class='ocr_par' dir='ltr' id='par_1_94' title="bbox 2237 4374 3860 4467">
     <span class='ocr_line' id='line_1_94' title="bbox 2237 4374 3860 4467; baseline 0 -39"><span class='ocrx_word' id='word_1_661' title='bbox 2237 4377 2361 4453; x_wconf 79' lang='grc' dir='ltr'>ῥύη⁸</span> <span class='ocrx_word' id='word_1_662' title='bbox 2421 4384 2526 4437; x_wconf 89' lang='grc' dir='ltr'>πῶς</span> <span class='ocrx_word' id='word_1_663' title='bbox 2576 4378 2718 4467; x_wconf 89' lang='grc' dir='ltr'>γάρ;</span> <span class='ocrx_word' id='word_1_664' title='bbox 2780 4374 2889 4428; x_wconf 85' lang='grc' dir='ltr'>ἀλλ’</span> <span class='ocrx_word' id='word_1_665' title='bbox 2940 4375 3145 4440; x_wconf 81' lang='grc' dir='ltr'>ἀνάξιον</span> <span class='ocrx_word' id='word_1_666' title='bbox 3200 4376 3357 4429; x_wconf 70' lang='grc' dir='ltr'>αὐτὸν</span> <span class='ocrx_word' id='word_1_667' title='bbox 3422 4374 3571 4438; x_wconf 85' lang='grc' dir='ltr'>εἰδὼς</span> <span class='ocrx_word' id='word_1_668' title='bbox 3600 4384 3695 4439; x_wconf 85' lang='grc' dir='ltr'>τῆς</span> <span class='ocrx_word' id='word_1_669' title='bbox 3737 4378 3860 4429; x_wconf 84' lang='grc' dir='ltr'>τού-</span> 
     </span>
    </p>
   </div>
   <div class='ocr_carea' id='block_1_95' title="bbox 2240 4462 3863 4540">
    <p class='ocr_par' dir='ltr' id='par_1_95' title="bbox 2240 4462 3863 4540">
     <span class='ocr_line' id='line_1_95' title="bbox 2240 4462 3863 4540; baseline -0.001 -21"><span class='ocrx_word' id='word_1_670' title='bbox 2240 4487 2339 4519; x_wconf 89' lang='grc' dir='ltr'>των</span> <span class='ocrx_word' id='word_1_671' title='bbox 2394 4462 2747 4539; x_wconf 74' lang='grc' dir='ltr'>μεταλήψεως,</span> <span class='ocrx_word' id='word_1_672' title='bbox 2831 4470 2921 4517; x_wconf 88' lang='grc' dir='ltr'>καὶ</span> <span class='ocrx_word' id='word_1_673' title='bbox 2978 4462 3144 4538; x_wconf 72' lang='grc' dir='ltr'>μηδὲν</span> <span class='ocrx_word' id='word_1_674' title='bbox 3207 4466 3432 4519; x_wconf 81' lang='grc' dir='ltr'>ἐντεῦθεν</span> <span class='ocrx_word' id='word_1_675' title='bbox 3511 4466 3863 4540; x_wconf 86' lang='grc' dir='ltr'>ὠφελημένον-</span> 
     </span>
    </p>
   </div>
   <div class='ocr_carea' id='block_1_96' title="bbox 2312 4640 3852 4720">
    <p class='ocr_par' dir='ltr' id='par_1_96' title="bbox 2312 4640 3852 4720">
     <span class='ocr_line' id='line_1_96' title="bbox 2312 4640 3852 4720; baseline 0 -22"><span class='ocrx_word' id='word_1_676' title='bbox 2312 4650 2413 4699; x_wconf 83' lang='grc' dir='ltr'>Καὶ</span> <span class='ocrx_word' id='word_1_677' title='bbox 2456 4676 2525 4687; x_wconf 89' lang='lat'>—-</span> <span class='ocrx_word' id='word_1_678' title='bbox 2565 4644 2803 4702; x_wconf 84' lang='grc' dir='ltr'>Ἐλαιῶν,</span> <span class='ocrx_word' id='word_1_679' title='bbox 2863 4643 3242 4718; x_wconf 82' lang='grc' dir='ltr'>Ηύχαρίστησε</span> <span class='ocrx_word' id='word_1_680' title='bbox 3278 4646 3367 4717; x_wconf 72' lang='grc' dir='ltr'>μὲν</span> <span class='ocrx_word' id='word_1_681' title='bbox 3414 4646 3515 4720; x_wconf 91' lang='grc' dir='ltr'>πρό</span> <span class='ocrx_word' id='word_1_682' title='bbox 3544 4652 3641 4708; x_wconf 83' lang='grc' dir='ltr'>τῆς</span> <span class='ocrx_word' id='word_1_683' title='bbox 3672 4640 3852 4698; x_wconf 84' lang='grc' dir='ltr'>διανο-</span> 
     </span>
    </p>
   </div>
   <div class='ocr_carea' id='block_1_97' title="bbox 1676 4912 2627 4983">
    <p class='ocr_par' dir='ltr' id='par_1_97' title="bbox 1676 4912 2627 4983">
     <span class='ocr_line' id='line_1_97' title="bbox 1676 4912 2627 4983; baseline 0.002 -4"><span class='ocrx_word' id='word_1_684' title='bbox 1676 4912 1898 4979; x_wconf 81' lang='lat' dir='ltr'>Variae</span> <span class='ocrx_word' id='word_1_685' title='bbox 1941 4912 2272 4983; x_wconf 85' lang='lat' dir='ltr'>lectiones</span> <span class='ocrx_word' id='word_1_686' title='bbox 2318 4925 2381 4981; x_wconf 88' lang='lat' dir='ltr'>et</span> <span class='ocrx_word' id='word_1_687' title='bbox 2422 4923 2627 4983; x_wconf 74' lang='lat' dir='ltr'>notae.</span> 
     </span>
    </p>
   </div>
   <div class='ocr_carea' id='block_1_98' title="bbox 560 5050 1114 5106">
    <p class='ocr_par' dir='ltr' id='par_1_98' title="bbox 560 5050 1114 5106">
     <span class='ocr_line' id='line_1_98' title="bbox 560 5050 1114 5106; baseline 0.004 -2"><span class='ocrx_word' id='word_1_688' title='bbox 560 5052 628 5104; x_wconf 76' lang='grc'>40</span> <span class='ocrx_word' id='word_1_689' title='bbox 655 5056 775 5101; x_wconf 88' lang='grc' dir='ltr'>Ὅτι</span> <span class='ocrx_word' id='word_1_690' title='bbox 813 5050 1030 5106; x_wconf 88' lang='lat' dir='ltr'>omittit</span> <span class='ocrx_word' id='word_1_691' title='bbox 1052 5052 1114 5106; x_wconf 90' lang='lat' dir='ltr'>B.</span> 
     </span>
    </p>
   </div>
   <div class='ocr_carea' id='block_1_99' title="bbox 560 5120 2123 5197">
    <p class='ocr_par' dir='ltr' id='par_1_99' title="bbox 560 5120 2123 5197">
     <span class='ocr_line' id='line_1_99' title="bbox 560 5120 2123 5197; baseline 0.005 -22"><span class='ocrx_word' id='word_1_692' title='bbox 560 5120 648 5193; x_wconf 72' lang='lat' dir='ltr'>4t)</span> <span class='ocrx_word' id='word_1_693' title='bbox 680 5122 929 5197; x_wconf 70' lang='lat' dir='ltr'>Yide_de</span> <span class='ocrx_word' id='word_1_694' title='bbox 961 5122 1412 5197; x_wconf 27' lang='lat' dir='ltr'>hoc‘yocabulo</span> <span class='ocrx_word' id='word_1_695' title='bbox 1446 5125 1793 5197; x_wconf 84' lang='lat' dir='ltr'>Harpocrat.</span> <span class='ocrx_word' id='word_1_696' title='bbox 1825 5142 1889 5197; x_wconf 93' lang='lat' dir='ltr'>p.</span> <span class='ocrx_word' id='word_1_697' title='bbox 1944 5132 2031 5192; x_wconf 83' lang='grc'>51,</span> <span class='ocrx_word' id='word_1_698' title='bbox 2068 5132 2123 5183; x_wconf 89' lang='lat' dir='ltr'>et</span> 
     </span>
    </p>
   </div>
   <div class='ocr_carea' id='block_1_100' title="bbox 464 5192 2124 5263">
    <p class='ocr_par' dir='ltr' id='par_1_100' title="bbox 464 5192 2124 5263">
     <span class='ocr_line' id='line_1_100' title="bbox 464 5192 2124 5263; baseline 0.006 -17"><span class='ocrx_word' id='word_1_699' title='bbox 464 5192 768 5263; x_wconf 83' lang='lat' dir='ltr'>Aristoph.</span> <span class='ocrx_word' id='word_1_700' title='bbox 806 5194 960 5249; x_wconf 82' lang='lat' dir='ltr'>Ran.</span> <span class='ocrx_word' id='word_1_701' title='bbox 1004 5193 1155 5247; x_wconf 88' lang='lat' dir='ltr'>v.79</span> <span class='ocrx_word' id='word_1_702' title='bbox 1199 5199 1255 5249; x_wconf 91' lang='lat' dir='ltr'>et</span> <span class='ocrx_word' id='word_1_703' title='bbox 1283 5195 1407 5249; x_wconf 79' lang='grc'>735.</span> <span class='ocrx_word' id='word_1_704' title='bbox 1438 5192 1617 5251; x_wconf 69' lang='lat' dir='ltr'>Priori</span> <span class='ocrx_word' id='word_1_705' title='bbox 1643 5196 1701 5251; x_wconf 92' lang='lat' dir='ltr'>in</span> <span class='ocrx_word' id='word_1_706' title='bbox 1749 5192 1883 5253; x_wconf 71' lang='lat' dir='ltr'>loco</span> <span class='ocrx_word' id='word_1_707' title='bbox 1908 5198 2124 5255; x_wconf 88' lang='lat' dir='ltr'>Aristo-</span> 
     </span>
    </p>
   </div>
   <div class='ocr_carea' id='block_1_101' title="bbox 464 5263 2122 5341">
    <p class='ocr_par' dir='ltr' id='par_1_101' title="bbox 464 5263 2122 5341">
     <span class='ocr_line' id='line_1_101' title="bbox 464 5263 2122 5341; baseline 0.002 -24"><span class='ocrx_word' id='word_1_708' title='bbox 464 5263 682 5333; x_wconf 88' lang='lat' dir='ltr'>phanis</span> <span class='ocrx_word' id='word_1_709' title='bbox 710 5264 1012 5321; x_wconf 90' lang='lat' dir='ltr'>scholium</span> <span class='ocrx_word' id='word_1_710' title='bbox 1062 5264 1175 5341; x_wconf 82' lang='lat' dir='ltr'>cod</span> <span class='ocrx_word' id='word_1_711' title='bbox 1219 5266 1426 5341; x_wconf 84' lang='lat' dir='ltr'>M_o_s_q._</span> <span class='ocrx_word' id='word_1_712' title='bbox 1462 5267 1565 5322; x_wconf 91' lang='lat' dir='ltr'>dat</span> <span class='ocrx_word' id='word_1_713' title='bbox 1587 5264 1891 5341; x_wconf 51' lang='lat' dir='ltr'>dautpdaa),</span> <span class='ocrx_word' id='word_1_714' title='bbox 1926 5268 1999 5341; x_wconf 14' lang='grc' dir='ltr'>,ἐκ</span> <span class='ocrx_word' id='word_1_715' title='bbox 2037 5290 2122 5341; x_wconf 88' lang='grc' dir='ltr'>με-</span> 
     </span>
    </p>
   </div>
   <div class='ocr_carea' id='block_1_102' title="bbox 463 5337 2123 5407">
    <p class='ocr_par' dir='ltr' id='par_1_102' title="bbox 463 5337 2123 5407">
     <span class='ocr_line' id='line_1_102' title="bbox 463 5337 2123 5407; baseline 0.009 -24"><span class='ocrx_word' id='word_1_716' title='bbox 463 5341 693 5407; x_wconf 80' lang='grc' dir='ltr'>ταφορᾶς</span> <span class='ocrx_word' id='word_1_717' title='bbox 723 5343 822 5407; x_wconf 65' lang='grc' dir='ltr'>τῷν</span> <span class='ocrx_word' id='word_1_718' title='bbox 852 5337 1207 5407; x_wconf 81' lang='grc' dir='ltr'>νομισμάτων.</span> <span class='ocrx_word' id='word_1_719' title='bbox 1240 5337 1384 5407; x_wconf 64' lang='lat' dir='ltr'>Ibid.</span> <span class='ocrx_word' id='word_1_720' title='bbox 1413 5338 1474 5392; x_wconf 91' lang='lat' dir='ltr'>in</span> <span class='ocrx_word' id='word_1_721' title='bbox 1524 5337 1759 5395; x_wconf 85' lang='lat' dir='ltr'>scholiis</span> <span class='ocrx_word' id='word_1_722' title='bbox 1799 5340 1969 5395; x_wconf 87' lang='lat' dir='ltr'>editis</span> <span class='ocrx_word' id='word_1_723' title='bbox 1998 5337 2123 5406; x_wconf 61' lang='grc' dir='ltr'>(Ὦτ-</span> 
     </span>
    </p>
   </div>
   <div class='ocr_carea' id='block_1_103' title="bbox 464 5401 2120 5547">
    <p class='ocr_par' dir='ltr' id='par_1_103' title="bbox 464 5401 2120 5547">
     <span class='ocr_line' id='line_1_103' title="bbox 464 5401 2120 5528; baseline 0.007 -71"><span class='ocrx_word' id='word_1_724' title='bbox 464 5401 919 5528; x_wconf 57' lang='grc' dir='ltr'>Γίιζάψῖφοδεεῖς,</span> <span class='ocrx_word' id='word_1_725' title='bbox 951 5401 1058 5477; x_wconf 76' lang='grc' dir='ltr'>ρέο</span> <span class='ocrx_word' id='word_1_726' title='bbox 1083 5404 1375 5491; x_wconf 66' lang='grc' dir='ltr'>ψοφωδεις.</span> <span class='ocrx_word' id='word_1_727' title='bbox 1414 5408 1609 5466; x_wconf 79' lang='lat' dir='ltr'>Altero</span> <span class='ocrx_word' id='word_1_728' title='bbox 1650 5410 1712 5465; x_wconf 91' lang='lat' dir='ltr'>in</span> <span class='ocrx_word' id='word_1_729' title='bbox 1740 5408 1869 5491; x_wconf 85' lang='lat' dir='ltr'>loco</span> <span class='ocrx_word' id='word_1_730' title='bbox 1894 5401 2120 5493; x_wconf 82' lang='lat' dir='ltr'>scholia</span> 
     </span>
     <span class='ocr_line' id='line_1_104' title="bbox 468 5473 2119 5547; baseline 0.007 -21"><span class='ocrx_word' id='word_1_731' title='bbox 468 5473 603 5529; x_wconf 86' lang='lat' dir='ltr'>cod.</span> <span class='ocrx_word' id='word_1_732' title='bbox 720 5491 853 5547; x_wconf 91' lang='lat' dir='ltr'>osq.</span> <span class='ocrx_word' id='word_1_733' title='bbox 900 5477 1127 5547; x_wconf 71' lang='lat' dir='ltr'>habent</span> <span class='ocrx_word' id='word_1_734' title='bbox 1196 5478 1581 5547; x_wconf 84' lang='grc' dir='ltr'>εξητασμένοις.</span> <span class='ocrx_word' id='word_1_735' title='bbox 1640 5484 1891 5545; x_wconf 78' lang='lat' dir='ltr'>Lexwon</span> <span class='ocrx_word' id='word_1_736' title='bbox 1934 5483 2119 5541; x_wconf 80' lang='lat' dir='ltr'>inedi-</span> 
     </span>
    </p>
   </div>
   <div class='ocr_carea' id='block_1_104' title="bbox 468 5498 1977 5627">
    <p class='ocr_par' dir='ltr' id='par_1_104' title="bbox 468 5498 1977 5627">
     <span class='ocr_line' id='line_1_105' title="bbox 468 5498 1977 5553; baseline 0.013 -27"><span class='ocrx_word' id='word_1_737' title='bbox 468 5498 603 5529; x_wconf 79' lang='lat' dir='ltr'>uuu.</span> <span class='ocrx_word' id='word_1_738' title='bbox 664 5498 853 5547; x_wconf 83' lang='lat' dir='ltr'>musq.</span> <span class='ocrx_word' id='word_1_739' title='bbox 900 5498 1127 5534; x_wconf 74' lang='lat' dir='ltr'>nauem</span> <span class='ocrx_word' id='word_1_740' title='bbox 1196 5498 1581 5553; x_wconf 80' lang='grc' dir='ltr'>εςητασμενοις.</span> <span class='ocrx_word' id='word_1_741' title='bbox 1640 5498 1891 5545; x_wconf 64' lang='lat' dir='ltr'>Leucon</span> <span class='ocrx_word' id='word_1_742' title='bbox 1934 5500 1977 5539; x_wconf 72' lang='grc' dir='ltr'>ιι</span> 
     </span>
     <span class='ocr_line' id='line_1_106' title="bbox 468 5544 1977 5627; baseline 0.006 -29"><span class='ocrx_word' id='word_1_743' title='bbox 468 5547 649 5600; x_wconf 79' lang='lat' dir='ltr'>tum:</span> <span class='ocrx_word' id='word_1_744' title='bbox 717 5544 1259 5621; x_wconf 82' lang='grc' dir='ltr'>Λιακωδωνισθέντες,</span> <span class='ocrx_word' id='word_1_745' title='bbox 1319 5552 1457 5621; x_wconf 78' lang='grc' dir='ltr'>ἦτοι,</span> <span class='ocrx_word' id='word_1_746' title='bbox 1522 5550 1977 5627; x_wconf 84' lang='grc' dir='ltr'>διαφημισθέντες.</span> 
     </span>
    </p>
   </div>
   <div class='ocr_carea' id='block_1_105' title="bbox 2232 5051 3856 5126">
    <p class='ocr_par' dir='ltr' id='par_1_105' title="bbox 2232 5051 3856 5126">
     <span class='ocr_line' id='line_1_107' title="bbox 2232 5051 3856 5126; baseline 0 -18"><span class='ocrx_word' id='word_1_747' title='bbox 2232 5054 2321 5116; x_wconf 78' lang='grc' dir='ltr'>Ὦς</span> <span class='ocrx_word' id='word_1_748' title='bbox 2394 5054 2479 5107; x_wconf 71' lang='grc' dir='ltr'>επὶ</span> <span class='ocrx_word' id='word_1_749' title='bbox 2523 5059 2583 5107; x_wconf 71' lang='grc' dir='ltr'>τὸ</span> <span class='ocrx_word' id='word_1_750' title='bbox 2632 5054 2874 5107; x_wconf 78' lang='grc' dir='ltr'>πλεῖστον</span> <span class='ocrx_word' id='word_1_751' title='bbox 2933 5051 2994 5107; x_wconf 74' lang='grc' dir='ltr'>δε</span> <span class='ocrx_word' id='word_1_752' title='bbox 3023 5054 3223 5126; x_wconf 67' lang='grc' dir='ltr'>λέγεται</span> <span class='ocrx_word' id='word_1_753' title='bbox 3272 5053 3353 5108; x_wconf 70' lang='grc' dir='ltr'>ἐπὶ</span> <span class='ocrx_word' id='word_1_754' title='bbox 3403 5063 3505 5106; x_wconf 80' lang='grc' dir='ltr'>τῶν</span> <span class='ocrx_word' id='word_1_755' title='bbox 3564 5051 3856 5117; x_wconf 70' lang='grc' dir='ltr'>διιιιειιιειιζο-⁸</span> 
     </span>
    </p>
   </div>
   <div class='ocr_carea' id='block_1_106' title="bbox 2235 5126 3855 5199">
    <p class='ocr_par' dir='ltr' id='par_1_106' title="bbox 2235 5126 3855 5199">
     <span class='ocr_line' id='line_1_108' title="bbox 2235 5126 3855 5199; baseline 0.001 -19"><span class='ocrx_word' id='word_1_756' title='bbox 2235 5132 2421 5199; x_wconf 81' lang='grc' dir='ltr'>μένων.</span> <span class='ocrx_word' id='word_1_757' title='bbox 2448 5127 2771 5199; x_wconf 84' lang='lat' dir='ltr'>(Hactenus</span> <span class='ocrx_word' id='word_1_758' title='bbox 2788 5127 3334 5199; x_wconf 75' lang='lat' dir='ltr'>consentitquoque</span> <span class='ocrx_word' id='word_1_759' title='bbox 3358 5126 3617 5199; x_wconf 86' lang='lat' dir='ltr'>Glossar.</span> <span class='ocrx_word' id='word_1_760' title='bbox 3644 5128 3855 5198; x_wconf 83' lang='lat' dir='ltr'>Cyrill.</span> 
     </span>
    </p>
   </div>
   <div class='ocr_carea' id='block_1_107' title="bbox 2233 5194 3856 5275">
    <p class='ocr_par' dir='ltr' id='par_1_107' title="bbox 2233 5194 3856 5275">
     <span class='ocr_line' id='line_1_109' title="bbox 2233 5194 3856 5275; baseline -0.001 -22"><span class='ocrx_word' id='word_1_761' title='bbox 2233 5194 2489 5254; x_wconf 77' lang='grc' dir='ltr'>Τίτακται</span> <span class='ocrx_word' id='word_1_762' title='bbox 2535 5203 2625 5250; x_wconf 81' lang='grc' dir='ltr'>καὶ</span> <span class='ocrx_word' id='word_1_763' title='bbox 2683 5197 2780 5275; x_wconf 40' lang='grc' dir='ltr'><strong>ἐπὶ-</strong></span> <span class='ocrx_word' id='word_1_764' title='bbox 2819 5204 2932 5267; x_wconf 78' lang='grc' dir='ltr'>τοῦ,</span> <span class='ocrx_word' id='word_1_765' title='bbox 2988 5194 3466 5275; x_wconf 55' lang='grc' dir='ltr'>διαπειρασθέντες.</span> <span class='ocrx_word' id='word_1_766' title='bbox 3524 5194 3705 5258; x_wconf 66' lang='grc' dir='ltr'>Οὕτως</span> <span class='ocrx_word' id='word_1_767' title='bbox 3740 5204 3856 5251; x_wconf 89' lang='grc' dir='ltr'>Λυ-</span> 
     </span>
    </p>
   </div>
   <div class='ocr_carea' id='block_1_108' title="bbox 2236 5265 3852 5344">
    <p class='ocr_par' dir='ltr' id='par_1_108' title="bbox 2236 5265 3852 5344">
     <span class='ocr_line' id='line_1_110' title="bbox 2236 5265 3852 5344; baseline 0.001 -22"><span class='ocrx_word' id='word_1_768' title='bbox 2236 5275 2355 5332; x_wconf 89' lang='grc' dir='ltr'>σίας</span> <span class='ocrx_word' id='word_1_769' title='bbox 2420 5272 2445 5321; x_wconf 87' lang='grc' dir='ltr'><strong><em>ὁ</em></strong></span> <span class='ocrx_word' id='word_1_770' title='bbox 2502 5270 2701 5344; x_wconf 85' lang='grc' dir='ltr'>ῥήτωρ.</span> <span class='ocrx_word' id='word_1_771' title='bbox 2741 5265 2922 5344; x_wconf 33' lang='grc' dir='ltr'>Α’Δπό-⁷</span> <span class='ocrx_word' id='word_1_772' title='bbox 2982 5265 3040 5321; x_wconf 76' lang='grc' dir='ltr'>δὲ</span> <span class='ocrx_word' id='word_1_773' title='bbox 3092 5265 3190 5344; x_wconf 75' lang='grc' dir='ltr'>τῶν</span> <span class='ocrx_word' id='word_1_774' title='bbox 3241 5272 3409 5321; x_wconf 83' lang='grc' dir='ltr'>ἳππων</span> <span class='ocrx_word' id='word_1_775' title='bbox 3463 5274 3852 5341; x_wconf 86' lang='grc' dir='ltr'>μετενήνεκται.</span> 
     </span>
    </p>
   </div>
   <div class='ocr_carea' id='block_1_109' title="bbox 2229 5338 3851 5417">
    <p class='ocr_par' dir='ltr' id='par_1_109' title="bbox 2229 5338 3851 5417">
     <span class='ocr_line' id='line_1_111' title="bbox 2229 5338 3851 5417; baseline -0.003 -19"><span class='ocrx_word' id='word_1_776' title='bbox 2229 5338 2511 5417; x_wconf 35' lang='grc' dir='ltr'>Εἰώθασις</span> <span class='ocrx_word' id='word_1_777' title='bbox 2540 5338 2657 5417; x_wconf 78' lang='grc' dir='ltr'>γὰρ’</span> <span class='ocrx_word' id='word_1_778' title='bbox 2703 5338 3193 5417; x_wconf 36' lang='grc' dir='ltr'>οὕτω-δοκιμάζειν</span> <span class='ocrx_word' id='word_1_779' title='bbox 3262 5344 3384 5417; x_wconf 42' lang='grc' dir='ltr'>τοὺ-ς</span> <span class='ocrx_word' id='word_1_780' title='bbox 3443 5338 3711 5417; x_wconf 76' lang='grc' dir='ltr'>γενναίους</span> <span class='ocrx_word' id='word_1_781' title='bbox 3760 5342 3851 5394; x_wconf 84' lang='grc' dir='ltr'>ἰπ-</span> 
     </span>
    </p>
   </div>
   <div class='ocr_carea' id='block_1_110' title="bbox 2230 5411 3853 5485">
    <p class='ocr_par' dir='ltr' id='par_1_110' title="bbox 2230 5411 3853 5485">
     <span class='ocr_line' id='line_1_112' title="bbox 2230 5411 3853 5485; baseline 0 -20"><span class='ocrx_word' id='word_1_782' title='bbox 2230 5433 2377 5483; x_wconf 85' lang='grc' dir='ltr'>πους,</span> <span class='ocrx_word' id='word_1_783' title='bbox 2456 5412 2498 5465; x_wconf 81' lang='grc' dir='ltr'>εἰ</span> <span class='ocrx_word' id='word_1_784' title='bbox 2686 5411 3153 5485; x_wconf 86' lang='grc' dir='ltr'>καταπλήσσονται</span> <span class='ocrx_word' id='word_1_785' title='bbox 3201 5415 3287 5464; x_wconf 89' lang='grc' dir='ltr'>τὸν</span> <span class='ocrx_word' id='word_1_786' title='bbox 3340 5411 3389 5463; x_wconf 80' lang='grc' dir='ltr'>ἐν</span> <span class='ocrx_word' id='word_1_787' title='bbox 3444 5412 3649 5485; x_wconf 75' lang='grc' dir='ltr'>πολέμῳ</span> <span class='ocrx_word' id='word_1_788' title='bbox 3690 5414 3853 5485; x_wconf 87' lang='grc' dir='ltr'>θόρυ-</span> 
     </span>
    </p>
   </div>
   <div class='ocr_carea' id='block_1_111' title="bbox 2232 5482 3086 5555">
    <p class='ocr_par' dir='ltr' id='par_1_111' title="bbox 2232 5482 3086 5555">
     <span class='ocr_line' id='line_1_113' title="bbox 2232 5482 3086 5555; baseline -0.004 -17"><span class='ocrx_word' id='word_1_789' title='bbox 2232 5485 2339 5553; x_wconf 78' lang='grc' dir='ltr'>ϐον,</span> <span class='ocrx_word' id='word_1_790' title='bbox 2362 5482 2481 5547; x_wconf 79' lang='grc' dir='ltr'>τοὺς</span> <span class='ocrx_word' id='word_1_791' title='bbox 2507 5482 2757 5545; x_wconf 74' lang='grc' dir='ltr'>κώδωνας</span> <span class='ocrx_word' id='word_1_792' title='bbox 2781 5483 3086 5555; x_wconf 71' lang='grc' dir='ltr'>ψοφοῦντες.</span> 
     </span>
    </p>
   </div>
   <div class='ocr_carea' id='block_1_112' title="bbox 537 5722 2251 5806">
    <p class='ocr_par' dir='ltr' id='par_1_112' title="bbox 537 5722 2251 5806">
     <span class='ocr_line' id='line_1_114' title="bbox 537 5722 2251 5806; baseline 0.009 -30"><span class='ocrx_word' id='word_1_793' title='bbox 537 5722 653 5794; x_wconf 80' lang='lat' dir='ltr'>(gg)</span> <span class='ocrx_word' id='word_1_794' title='bbox 687 5722 801 5788; x_wconf 78' lang='lat' dir='ltr'>Qui</span> <span class='ocrx_word' id='word_1_795' title='bbox 820 5722 878 5775; x_wconf 79' lang='lat' dir='ltr'>in</span> <span class='ocrx_word' id='word_1_796' title='bbox 904 5724 994 5781; x_wconf 79' lang='lat' dir='ltr'>his</span> <span class='ocrx_word' id='word_1_797' title='bbox 1014 5736 1301 5786; x_wconf 83' lang='lat' dir='ltr'>versatur.</span> <span class='ocrx_word' id='word_1_798' title='bbox 1352 5730 1462 5795; x_wconf 88' lang='lat' dir='ltr'>Qui</span> <span class='ocrx_word' id='word_1_799' title='bbox 1491 5730 1708 5788; x_wconf 91' lang='lat' dir='ltr'>horum</span> <span class='ocrx_word' id='word_1_800' title='bbox 1730 5732 1895 5789; x_wconf 90' lang='lat' dir='ltr'>ﬁeret</span> <span class='ocrx_word' id='word_1_801' title='bbox 1928 5733 2251 5806; x_wconf 87' lang='lat' dir='ltr'>particeps.</span> 
     </span>
    </p>
   </div>
  </div>
