4096 6382
250 340 361 401 6'77

1227 332 1594 398 COMMENT.
1635 336 1708 393 ΙΝ
1748 328 2192 394 ΜΛΤἸἮΕΗΜ.
2234 366 2303 380 -
2340 337 2497 394 CAP.
2539 330 2742 394 XXVI.

3524 336 3635 404 678

253 480 380 544 μῆς,
436 471 636 543 ύμνησε
695 466 756 522 δὲ
813 470 944 541 μετὰ
988 473 1084 528 τήν
1132 465 1409 540 διανομήν,
1464 468 1547 518 ῖνα
1586 468 1674 517 καὶ
1720 465 1855 535 ἡμεῖς

1977 468 2115 519 ante
2160 461 2659 530 distributionem,
2692 463 2902 519 laudes
2949 468 3150 521 autem
3197 465 3470 524 dixerunt
3496 474 3633 540 post

254 562 395 613 οὕτω
452 568 680 631 ποιῶμεν
753 559 1186 633 εὐχαριστοῦντες
1252 563 1342 609 καὶ
1403 553 1705 618 δοξάζοντες
1780 556 1866 604 τὸν

254 654 412 717 Θεὸν,
471 652 559 701 τὸν
609 647 855 711 ἀξιοῦντα
894 650 1032 720 ἡμᾶς
1076 650 1322 699 τοιούτων
1374 645 1603 717 ἀγαθῶν.
1655 642 1867 706 Ἐξῆλθε

257 736 322 791 δῖε
362 738 430 798 εἰς
458 741 519 790 τὸ
551 741 668 811 ὄρος
698 746 797 789 τῶν
830 736 1042 789 Ἐλαιῶν
1088 738 1169 788 ἵνα
1218 741 1288 809 μὴ
1339 734 1467 807 δόξῃ
1517 737 1862 810 κρύπτεσθαι,

252 834 347 881 καὶ
378 831 462 879 ῖνα
491 831 563 900 μὴ
612 830 801 887 στάσις
839 824 887 878 ἓν
925 834 987 898 τῇ
1037 826 1179 879 πόλει
1218 831 1432 897 γένηται
1464 822 1536 877 δι’
1570 825 1745 880 αὐτόν.
1794 826 1863 875 Τό

253 913 321 969 δὲ
372 921 494 989 ἄρος
562 925 664 968 τῶν
723 916 932 969 Ἐλαιῶν
999 921 1158 991 πέραν
1232 922 1325 968 τοῦ
1401 913 1694 989 χειμάρρου
1763 921 1863 965 τῶν

256 1002 473 1079 Κέδρων
546 1002 629 1074 ἧν,
704 1009 840 1057 κατὰ
917 1010 1004 1063 τὴν
1085 1006 1322 1059 Ἰωάννου
1396 1008 1623 1077 Γραφήν,
1694 1001 1862 1055 Ὀπου

254 1092 322 1153 ἦν
376 1098 468 1147 καὶ
520 1103 707 1162 κῆπος,
756 1095 827 1157 εἰς
874 1094 927 1146 ὃν
977 1094 1210 1153 εἰσῆλθεν
1264 1094 1422 1155 αὐτὸς
1492 1098 1583 1145 καὶ
1646 1094 1693 1144 οἱ
1766 1112 1864 1164 μα-

255 1186 416 1242 θηταὶ
447 1184 634 1241 αὐτοῦ.
685 1181 843 1236 ’Ἡδει
874 1180 951 1250 δέ,
986 1188 1137 1256 φησὶ,
1180 1188 1269 1236 καὶ
1310 1180 1538 1247 Ἰούδας,
1574 1184 1599 1234 6
1629 1178 1861 1257 παραδι-

253 1271 383 1334 δούς
407 1274 585 1341 αύτὸν,
618 1277 706 1325 τὸν
734 1277 910 1339 τόπον,
942 1274 1022 1325 ὃτι
1042 1273 1289 1335 πολλάκις
1322 1275 1566 1343 συνήχθη
1600 1274 1625 1323 6
1655 1272 1862 1333 Ἰησοῦς

252 1363 361 1415 ἐκεῖ
410 1367 545 1436 μετὰ
588 1371 688 1415 τῶν
746 1365 989 1436 μαθητῶν
1046 1363 1226 1415 αὐτοῦ.
1287 1363 1445 1422 Δῆλον
1505 1362 1613 1427 οὖν,
1669 1362 1747 1413 ὅτι
1796 1363 1863 1412 τὰ

252 1451 423 1504 πολλὰ
504 1452 600 1516 ἔξω
680 1449 1056 1527 διενυκτέρευεν
1140 1451 1187 1504 ἐν
1255 1460 1365 1514 τοῖς
1453 1456 1601 1524 ὄρεσι
1638 1468 1650 1479 ·
1708 1457 1860 1502 τοῦτο

250 1546 344 1613 μὲν
405 1542 574 1614 εὐχῆς
624 1542 1025 1617 ἁπερισπάστου
1083 1544 1267 1613 χάριν,
1326 1549 1475 1593 τοῦτο
1534 1537 1593 1593 δὲ
1643 1545 1734 1592 καὶ
1780 1540 1861 1591 ἵνα

246 1640 473 1704 κοινωνῇ
542 1640 649 1694 τοῖς
705 1634 968 1704 μαθηταῖς
1036 1630 1199 1702 λόγων
1257 1634 1679 1703 μυστικωτέρων.
1751 1632 1858 1702 Πρό

247 1726 430 1794 μέντοι
471 1729 563 1772 τοῦ
614 1719 828 1782 ἐξελθεῖν
873 1720 945 1780 εἰς
982 1725 1040 1772 τὸ
1091 1724 1206 1794 ὅρος
1262 1719 1424 1772 πολλα
1470 1715 1624 1785 εἶπεν,
1673 1719 1739 1770 ὧν
1793 1720 1859 1770 τὰ

247 1813 340 1883 μὲν
372 1811 398 1861 6
426 1815 657 1876 Λουκᾶς,
689 1811 756 1861 τὰ
788 1807 845 1862 δὲ
874 1811 899 1861 6
932 1811 1171 1871 Ἰωάννης
1204 1812 1507 1883 ἱστόρησαν.

320 2030 451 2079 Τότε
564 2024 699 2097 λέγει
798 2055 868 2065 -
974 2029 1213 2097 ποίμνης.
1305 2020 1849 2090 Σκανδαλισθήσεσθε,

250 2114 365 2167 ὥστὶ
410 2122 528 2178 τοῦ,
580 2113 967 2172 Σαλευθήσεσθε
1021 2118 1116 2172 τὴν
1160 2114 1232 2175 εἰς
1285 2113 1371 2185 ἐμὲ
1415 2118 1615 2179 πίστιν,
1693 2116 1853 2185 ἤγουν

256 2204 519 2275 φεύξεσθε,
595 2210 699 2257 Τοῦ
780 2207 1047 2276 προφήτου
1122 2200 1180 2256 δὲ
1252 2208 1525 2275 Ζαχαρίου
1608 2206 1666 2255 τὸ
1738 2202 1854 2265 ἑξῆς

255 2294 427 2367 ῥητὸν.
498 2297 722 2364 Λέγεται
790 2289 851 2345 δὲ
918 2294 943 2344 6
1020 2296 1199 2365 Πατὴρ
1271 2292 1497 2355 πατάξαι
1550 2296 1635 2344 τὸν
1712 2295 1850 2359 Υἰόν,

256 2382 324 2441 ὡς
376 2389 680 2452 παταγῆναι
733 2381 889 2434 αὐτὸν
951 2386 1334 2456 συγχωρήσας,
1395 2390 1580 2447 εῑτουν,
1654 2380 1855 2456 ἀναιρε-

253 2471 424 2527 θῆναι.
480 2470 735 2527 Δηλοῦται
794 2467 854 2522 δε
907 2475 995 2523 καὶ
1071 2470 1185 2542 (42)
1257 2469 1503 2538 ἐντεῦθεν,
1571 2472 1651 2522 ὅτι
1717 2473 1853 2523 κατὰ

246 2564 459 2632 γνώμην
534 2566 626 2611 τοῦ
707 2562 908 2633 Πατρός
988 2558 1387 2633 ἀναιρεθήσεται
1461 2556 1553 2611 διὰ
1619 2563 1711 2617 τὴν
1770 2561 1849 2611 οἱ-

247 2653 515 2720 κονομίαν.

318 2740 467 2790 Μετὰ
535 2735 594 2789 6":
650 2766 717 2778 —-
787 2736 1082 2793 Γαλιλαίαν.
1170 2742 1431 2811 Προειπὼν
1491 2740 1558 2790 τὰ
1618 2736 1847 2811 λυπηρὰ,

247 2826 487 2899 προλέγει
545 2830 636 2879 καὶ
685 2828 753 2878 τὰ
808 2828 1271 2900 παραμυθούμενα.
1324 2826 1539 2902 Προάξω
1604 2823 1680 2897 δὲ,
1741 2826 1854 2879 ἀντὶ

249 2924 359 2982 τοῦ,
416 2913 671 2988 Προλαϐῶ
724 2916 857 2988 ὑμᾶς
908 2915 980 2977 εἰς
1044 2920 1137 2975 τὴν
1192 2915 1487 2983 Γαλιλαίαν,
1553 2914 1657 2968 ἐκεῖ
1702 2913 1852 2968 ἐκδε-

249 3009 491 3077 χόμενος.

1976 552 2456 607 distributionem
2482 570 2494 607 :
2528 558 2590 607 ut
2620 557 2675 608 et
2695 568 2805 608 nos
2832 552 2913 608 ita
2936 553 3247 620 faciamus,
3273 556 3489 627 gratias
3514 559 3633 613 Deo

1974 646 2236 709 agentes,
2259 640 2579 713 ipsumque
2598 640 3136 714 gloriﬁcantes,qui
3155 659 3265 699 nos
3282 644 3381 714 huj
3396 646 3633 701 usmodi

1977 730 2150 784 bonis
2177 731 2393 799 dignos
2420 731 2604 786 duxit.
2637 732 2821 787 Exivit
2850 738 3050 787 autem
3076 732 3137 787 in
3165 738 3432 790 montem
3447 734 3630 791 Oliva-

1972 834 2127 888 rum,
2162 835 2236 873 ne
2266 819 2549 875 occultari
2578 819 2898 889 videretur,
2931 826 2987 877 et
3012 837 3086 877 ne
3116 828 3360 895 propter
3385 840 3521 879 eum
3568 824 3632 879 in

1973 908 2204 963 civitate
2236 909 2402 963 ﬁeret
2449 908 2681 964 seditio.
2731 910 2900 965 Mons
2950 927 3090 966 vero
3138 911 3446 968 Olivarum
3476 912 3631 970 ultra

1973 999 2293 1051 torrentem
2320 996 2548 1053 Cedron
2578 1003 2721 1064 erat,
2742 1002 2915 1068 juxta
2943 1001 3186 1055 Joannis
3214 1002 3577 1073 Scripturam
3612 1022 3626 1062 :

1980 1087 2090 1143 Ubi
2111 1092 2241 1143 erat
2268 1087 2469 1143 hortus
2499 1092 2562 1142 in
2591 1103 2762 1158 quem
2790 1087 3078 1158 ingressus
3103 1096 3185 1146 est
3214 1090 3342 1160 ipse
3381 1098 3430 1147 et
3455 1091 3632 1148 disci-

1970 1175 2103 1244 puli
2134 1178 2257 1244 ejus
2306 1176 2375 1227 ‘0.
2434 1176 2669 1232 Sciebat
2720 1182 2921 1232 autem
2965 1178 3158 1250 inquit
3188 1182 3247 1234 et
3290 1180 3497 1245 ludas,
3528 1179 3629 1250 qui

1972 1265 2244 1321 tradebat
2276 1281 2436 1330 eum,
2479 1264 2702 1333 locum,
2729 1267 2896 1337 quod
2926 1266 3262 1338 frequenter
3287 1269 3629 1324 conveniret

1969 1354 2109 1410 illuc
2132 1357 2301 1411 Jesus
2334 1372 2473 1411 cum
2529 1354 2839 1425 discipulis
2866 1355 2993 1411 suis
3019 1358 3088 1413 ‘0.
3131 1357 3503 1413 Manifestum
3537 1360 3629 1413 est

1970 1459 2111 1514 ergo
2140 1445 2299 1516 quod
2327 1446 2550 1516 smpius
2594 1445 2739 1499 foris
2780 1444 3174 1515 pernoctabat
3211 1446 3271 1501 in
3303 1446 3624 1512 montibus,

1968 1537 2087 1589 tum
2116 1540 2179 1587 ut
2200 1534 2425 1607 absque
2452 1533 2617 1589 nulla
2637 1534 3017 1589 distractione
3047 1539 3265 1601 oraret,
3299 1539 3426 1590 tum
3452 1534 3626 1591 etiam

1968 1628 2032 1677 ut
2060 1622 2363 1694 discipulis
2413 1622 2759 1678 secretiores
2804 1639 3101 1680 sermones
3132 1625 3623 1681 communicaret.

1970 1710 2279 1782 Siquidem
2306 1712 2653 1783 priusquam
2684 1712 2869 1768 exiret
2888 1713 2949 1767 in
2973 1717 3238 1768 montem
3260 1712 3523 1784 plurima
3540 1713 3629 1769 di-

1890 1813 1936 1869 Β
1966 1800 2070 1865 xit,
2097 1816 2358 1871 quorum
2384 1800 2666 1872 quaedam
2688 1800 2920 1871 scripsit
2943 1801 3157 1865 Lucas,
3179 1801 3458 1871 quaedam
3486 1817 3622 1858 vero

1966 1892 2243 1953 Joannes,

2041 2008 2201 2062 Vers.
2227 2011 2310 2061 3t.
2351 2007 2511 2062 Tunc
2533 2007 2620 2063 ait
2652 2038 2714 2046 —
2739 2006 2945 2077 gregis.
2974 2005 3411 2075 Offendiculum
3438 2008 3625 2075 patie-

1968 2095 2132 2162 mini,
2166 2095 2278 2150 hoc
2310 2100 2397 2149 est
2425 2095 2748 2150 excutietur
2774 2111 2809 2148 a
2838 2093 3007 2149 vobis
3036 2093 3187 2149 ﬁdes
3219 2110 3406 2166 quam
3437 2096 3495 2149 in
3526 2110 3623 2149 me

1966 2183 2226 2253 habetis,
2262 2185 2386 2239 sive
2417 2183 2671 2253 fugietis.
2708 2186 2803 2237 Est
2842 2189 3041 2237 autem
3078 2182 3385 2255 prOphetaa
3410 2184 3625 2239 Zacha-

1966 2273 2069 2329 riae
2095 2274 2319 2329 dictum
2345 2272 2513 2345 quod
2561 2273 2829 2345 sequitur
2858 2272 2927 2322 ⁸1.
2953 2271 3174 2328 Dicitur
3217 2277 3418 2328 autem
3452 2272 3624 2329 Pater

1967 2362 2333 2433 percussisse
2364 2361 2590 2431 Filium,
2642 2365 2842 2433 utpote
2872 2361 3221 2433 permittens
3248 2364 3312 2416 ut
3342 2361 3469 2432 ipse
3501 2361 3625 2417 vul-

1968 2456 2276 2507 neraretur
2301 2451 2423 2506 sive
2440 2449 2825 2505 occideretur.
2845 2448 2993 2504 Hinc
3018 2448 3218 2521 itaque
3239 2449 3623 2506 manifestum

1968 2544 2075 2609 est,
2107 2540 2272 2613 quod
2306 2538 2601 2595 voluntate
2627 2537 2815 2595 Patris
2846 2554 2915 2594 ac
2945 2538 3150 2595 divina
3177 2538 3623 2611 dispensatione

1968 2630 2200 2686 occisus
2226 2634 2332 2684 est.

2038 2738 2194 2791 Vers.
2246 2740 2331 2792 32.
2366 2736 2683 2807 Postquam
2715 2741 2905 2791 autem
2931 2766 2999 2774 —
3027 2736 3346 2791 Galilwam.
3384 2733 3491 2790 Ubi
3520 2736 3623 2790 tri-

1970 2825 2084 2881 stia
2096 2823 2633 2895 predixit,preedicit
2648 2824 2816 2879 etiam
2832 2823 3620 2889 consolatoriaPrwcedam,

1968 2913 2084 2969 hoc
2115 2917 2219 2981 est,
2253 2913 2609 2985 praeveniam
2633 2928 2741 2968 vos
2767 2914 2827 2968 in
2858 2912 3185 2982 Galilaeam,
3216 2910 3296 2967 ibi
3325 2928 3433 2967 vos
3458 2928 3623 2968 exce-

1966 3007 2200 3076 pturus.

318 3095 653 3166 Ἀποκριθεὶς
703 3125 774 3133 -
836 3089 1386 3167 σκανδαλισθήσομαι.
1440 3098 1556 3148 Δέον
1619 3094 1854 3168 μάλιστα

2037 3110 2197 3166 Vers.
2234 3113 2321 3166 33.
2348 3109 2717 3177 Respondeas
2742 3139 2807 3147 -—
2847 3107 3136 3178 offendar.
3167 3107 3311 3161 Cum
3358 3108 3620 3164 maxime

253 3179 529 3253 δεηθῆναι,
576 3187 665 3235 καὶ
713 3182 870 3236 εἰπεῖν
900 3200 912 3213 ⁸
961 3185 1140 3258 Κύριε,
1190 3181 1461 3256 βοήθησον
1511 3186 1635 3256 ἡμῖν
1666 3204 1678 3216 ·
1722 3186 1747 3237 6
1794 3181 1852 3238 δὲ

249 3276 368 3345 τρία
444 3273 577 3343 ὁμοῦ
649 3276 864 3325 «misr
914 3281 1136 3346 πρῶτον,
1211 3274 1291 3324 ὅτι
1356 3272 1557 3326 ἀντεῖπε
1622 3278 1709 3326 καὶ
1778 3282 1850 3346 τῷ

248 3365 511 3434 προφήτῃ,
550 3365 640 3414 καὶ
677 3368 751 3414 τῶ
790 3368 1006 3434 Χριστῷ
1035 3376 1049 3391 ⁸
1103 3358 1360 3435 δεύτερον,
1410 3364 1491 3415 ὅτι
1543 3371 1641 3415 τῶν
1685 3363 1850 3416 ἄλλων

248 3450 427 3502 ἑαυτὸν
460 3452 714 3525 προέθηκε
744 3450 897 3522 (43)·
932 3455 1128 3524 τρίτον,
1164 3452 1241 3504 ὅτι
1273 3451 1438 3522 ἑαυτῷ
1469 3457 1628 3524 μόνῷ,
1671 3457 1762 3505 καὶ
1792 3453 1850 3505 ού

245 3547 304 3610 τῇ
340 3538 564 3611 βοηθείᾳ
590 3547 682 3592 τοῦ
725 3544 852 3593 Θεοῦ
896 3540 1205 3615 τεθάρῥηκε.
1246 3544 1333 3594 Διὸ
1364 3547 1455 3594 καὶ
1489 3550 1851 3617 συγχωρεῖται

242 3637 437 3695 πεσεῖν,
491 3629 576 3681 ἱνα
620 3629 882 3702 συσταλῇ,
924 3635 1013 3682 καὶ
1060 3632 1202 3703 μάθῃ
1252 3635 1325 3703 μὴ
1384 3627 1592 3706 σφόδρα
1645 3630 1848 3705 θαῤῥεῑν

242 3718 431 3789 ἐαυτῷ,
472 3723 564 3771 καὶ
621 3714 954 3772 παιδευθῶσι
1011 3724 1101 3772 καὶ
1156 3720 1335 3793 ἕτεροι.
1384 3718 1547 3792 Ὅπερ
1610 3717 1669 3773 δέ
1718 3740 1849 3794 φησι

240 3814 467 3873 Λουκᾶς,
524 3808 603 3858 ὅτι
669 3812 858 3880 Σίμων,
919 3813 1107 3881 Σίμων,
1180 3804 1295 3861 ἰδού
1354 3810 1380 3860 ὁ
1437 3816 1665 3872 Σατανᾶς
1725 3808 1847 3880 ἐξη-

239 3902 439 3954 τήσατο
484 3897 640 3968 ὑμᾶς,
695 3903 786 3950 καὶ
823 3900 889 3950 τὰ
946 3897 1079 3962 ἑξῆς,
1123 3897 1239 3950 καθ’
1273 3898 1440 3972 ἕτερον
1482 3895 1591 3952 εἷπε
1642 3903 1843 3973 καιρὸν,

237 3989 337 4058 πρὸ
392 3994 487 4039 τοῦ
551 3984 763 4048 ἐξελθεῖν
833 3986 905 4049 εἰς
974 3990 1031 4040 τὸ
1103 3991 1217 4062 ὅρος
1278 3996 1378 4042 τῶν
1442 3988 1676 4043 Ἐλαιῶν.
1758 3992 1845 4041 Διὸ

238 4080 327 4127 καὶ
357 4074 535 4148 ἐτέρου
560 4074 714 4147 )όγου
740 4075 874 4129 εἰσὶν
908 4078 1093 4131 ἐκεῖνα.

315 4284 447 4362 Ἔφη
518 4320 584 4331 -
641 4288 921 4364 ἀπαρνήσῃ
981 4310 1061 4362 με.
1134 4295 1263 4363 Πρὶν
1353 4289 1604 4364 ἀλέκτορα
1678 4302 1844 4364 φωνῆ-

240 4398 352 4447 σαι,
404 4380 519 4431 ἆντὶ
556 4386 670 4442 τοῦ,
724 4384 849 4453 πρὶν
886 4383 975 4441 τὰς
1014 4382 1184 4446 φωνὰς
1226 4380 1505 4455 πληρῶσαι
1561 4388 1654 4442 τῆς
1704 4380 1843 4452 ἀγωο

234 4476 353 4539 γῆς.
408 4469 572 4521 Εῖωθε
616 4471 719 4542 γὰρ
766 4470 793 4520 6
856 4467 1081 4542 ἀλέκτωρ
1148 4470 1269 4521 καθ’
1339 4469 1564 4529 ἑκάστην
1636 4469 1842 4542 ἀγωγήν
1876 4502 1923 4557 D

234 4556 483 4617 πολλάκις
527 4565 729 4629 φωνεῖν,
777 4559 889 4611 εἶτα
932 4555 1373 4624 διαναπαύεσθαι,
1422 4564 1511 4611 καὶ
1549 4562 1681 4631 μετά
1728 4579 1844 4611 τινα

234 4651 419 4721 καιρὸν
514 4646 667 4698 πάλιν
744 4646 827 4719 ἀφ’
904 4647 1079 4721 ἑτέρας
1156 4647 1329 4723 ἀρχῆς
1395 4656 1593 4721 φωνεῖν.
1674 4654 1840 4701 Τοῦτο

236 4733 297 4788 δε
349 4737 567 4810 Μάρκος
620 4738 928 4809 ἐσαφήνισεν
973 4740 1127 4790 εἰπών
1158 4755 1170 4768 ·
1232 4742 1298 4791 Σὺ
1356 4742 1581 4812 σήμερον
1646 4736 1697 4789 ἐν
1768 4746 1837 4810 τῇ

234 4830 385 4878 νυκτὶ
456 4828 644 4899 ταύτῃ,
700 4830 822 4901 πρὶν
862 4830 893 4884 ἤ
946 4823 1028 4888 δὶς
1084 4825 1336 4903 ἀλέκτορα
1404 4836 1662 4900 φωνῆσαι,
1727 4831 1841 4900 τρὶς

236 4914 518 4990 ἀπαρνήσῃ
564 4933 646 4988 με.
680 4912 702 4928 ”
742 4922 971 4989 Αρνησιν
1010 4912 1073 4969 δὲ
1118 4916 1251 4988 λέγει
1310 4922 1404 4975 τὴν
1449 4924 1543 4969 τοῦ
1572 4922 1644 4988 μὴ
1698 4913 1838 4969 εἰδέ-

233 5023 320 5056 ναι
362 5004 521 5056 αὐτόν
549 5020 562 5034 ·
622 5009 755 5076 φησὶ
809 5008 911 5079 γὰρ
962 5006 988 5057 ὁ
1035 5010 1241 5066 Λουκᾶς
1284 5022 1300 5036 ⁸
1358 5005 1433 5059 Οὐ
1619 5011 1834 5079 φωνήσῃ

1962 3199 2271 3271 deprecari
2301 3214 2456 3271 Opus
2487 3198 2708 3263 fuisset,
2757 3213 2827 3253 ac
2856 3196 3052 3251 dicere
3086 3216 3096 3254 :
3136 3196 3405 3261 Domine,
3458 3197 3622 3252 auxi-

1958 3289 2102 3346 liare
2151 3288 2323 3345 nobis
2355 3306 2369 3345 :
2403 3288 2496 3343 ille
2545 3287 2604 3342 in
2644 3286 2831 3342 tribus
2879 3285 3113 3342 erravit.
3164 3285 3409 3340 Primun
3457 3286 3620 3357 quod

1959 3380 2265 3452 prophette
2297 3395 2363 3435 ac
2385 3377 2616 3434 Christo
2655 3375 3032 3432 contradixit.
3066 3374 3339 3430 Secundo
3369 3374 3534 3447 quod
3557 3392 3619 3431 se

1959 3468 2091 3526 aliis
2120 3467 2468 3540 praeposuit.
2505 3466 2693 3522 Tertio
2723 3464 2886 3536 quod
2917 3464 2977 3518 in
3006 3465 3203 3536 seipso
3235 3464 3378 3529 solo,
3409 3469 3464 3519 et
3495 3480 3619 3520 non

1958 3557 2021 3612 in
2077 3558 2279 3614 divino
2331 3555 2551 3613 auxilio
2603 3552 2892 3610 ﬁduciam
2943 3553 3197 3609 habuit:
3252 3553 3387 3609 ideo
3438 3554 3617 3609 etiam

1958 3648 2169 3703 cadere
2208 3646 2579 3719 permittitur,
2635 3650 2699 3699 ut
2746 3641 3100 3714 corripiatur
3143 3659 3212 3698 ac
3262 3642 3451 3697 discat
3494 3658 3619 3697 non

1956 3737 2135 3792 nimis
2163 3736 2223 3792 in
2256 3736 2452 3808 seipso
2486 3734 2807 3797 conﬁdere,
2841 3735 2900 3786 et
2955 3731 3148 3787 caeteri
3173 3747 3415 3804 quoque
3442 3732 3620 3787 corri-

1957 3826 2217 3897 piantur.
2251 3826 2418 3891 Quod
2463 3830 2664 3880 autem
2707 3822 2784 3878 ait
2831 3821 3022 3877 Lucas
3057 3838 3069 3876 :
3104 3821 3326 3889 Simon,
3382 3822 3614 3887 Simon,

1955 3931 2081 3971 ecce
2095 3916 2356 3971 Satanas
2373 3912 2654 3984 expetivit
2669 3928 2762 3968 vos
2782 3913 2847 3976 ⁴²,
2864 3917 2994 3976 etc.,
3015 3909 3132 3966 alio
3162 3910 3308 3965 dixit
3328 3914 3614 3982 tempore,

1954 4005 2305 4076 priusquam
2336 4002 2607 4059 videlicet
2637 4000 3014 4071 egrederetur
3044 4000 3105 4053 in
3132 4005 3398 4055 montem
3426 4000 3617 4056 Oliva-

1955 4110 2086 4149 rum
2116 4112 2129 4150 :
2162 4093 2298 4149 ideo
2320 4093 2498 4149 etiam
2530 4090 2771 4147 alterius
2792 4094 2929 4145 sunt
2950 4088 3048 4146 illa
3070 4090 3365 4161 propositi
3392 4105 3462 4145 ac
3495 4106 3615 4146 ser-

1953 4184 2172 4240 monis.

2023 4294 2184 4346 Vers.
2243 4289 2330 4345 34.
2393 4289 2493 4343 Ait
2551 4318 2621 4327 -—
2672 4303 2757 4343 me
2832 4285 3170 4354 abnegabis.
3254 4285 3611 4357 Priusquam

1950 4382 2149 4452 gallus
2179 4384 2377 4446 canat,
2401 4377 2459 4432 id
2483 4381 2590 4443 est,
2621 4380 2947 4447 antequam
2981 4373 3155 4429 ullius
3180 4373 3467 4445 temporis
3494 4373 3611 4447 (hh)

1952 4469 2180 4541 expleat
2222 4482 2425 4523 sonos.
2458 4465 2613 4521 Solet
2651 4479 2914 4535 namque
2964 4462 3151 4532 gallus
3179 4464 3355 4518 variis
3389 4468 3614 4535 tempo-

1951 4559 2117 4616 ribus
2171 4555 2398 4626 saepius
2464 4569 2699 4620 canere,
2757 4552 2971 4608 deinde
3054 4567 3311 4621 cessare,
3367 4556 3421 4607 et
3476 4556 3611 4624 post

1951 4648 2326 4717 aliquantum
2375 4641 2663 4715 temporis
2702 4658 2913 4698 rursus
2954 4640 3030 4698 ab
3086 4640 3273 4696 altero
3319 4640 3609 4712 principio

1949 4751 2184 4793 canere.
2232 4735 2355 4790 Hoc
2413 4739 2615 4789 autem
2675 4734 2904 4789 Marcus
2968 4730 3206 4800 planius
3258 4728 3610 4799 signiﬁcavit

1950 4825 2181 4881 dicens:
2208 4826 2293 4880 Tu
2314 4823 2499 4889 hodie,
2524 4824 2578 4878 in
2606 4823 2719 4879 hac
2740 4828 2926 4889 nocte,
2947 4820 3291 4892 priusquam
3318 4820 3400 4876 bis
3412 4821 3610 4890 gallus

1949 4915 2248 4981 cecmeﬂl,
2283 4920 2374 4971 ter
2419 4912 2741 4983 abnegabt's
2789 4925 2878 4967 me
2924 4910 2993 4965 ‘3.
3051 4912 3436 4981 Negationem
3466 4924 3608 4965 vero

1950 5004 2117 5074 dixit,
2151 5002 2564 5068 assertionem,
2615 5000 2781 5073 quod
2835 5016 2898 5056 se
2946 5015 3068 5055 non
3108 4999 3339 5055 noverit
3383 4998 3605 5063 Petrus.

307 5142 355 5176 ⁸ο
384 5138 552 5196 Joan.
584 5153 745 5204 xvm,
783 5143 833 5203 l,
859 5142 913 5194 2.
945 5139 992 5175 ⁴¹
1024 5138 1269 5196 Zachar.
1299 5155 1418 5206 xm,
1452 5144 1505 5194 7.
1538 5139 1587 5174 ⁴²
1620 5140 1756 5194 Luc.
1788 5139 1928 5231 xxii,
1963 5143 2050 5196 31.
2087 5138 2133 5172 ⁴³
2160 5138 2340 5193 Marc.
2378 5151 2495 5201 xrv,
2527 5135 2615 5188 30.

1432 5257 1672 5334 ‘Variai
1712 5259 2041 5332 lectiones
2084 5272 2151 5331 et
2195 5273 2397 5330 notae.

242 5465 262 5479 η
308 5392 422 5466 (42)
450 5397 572 5461 Καὶ,
605 5392 824 5449 omittit
845 5391 990 5449 Cod.
1018 5392 1087 5460 A,
1120 5392 1287 5449 addit
1308 5398 1512 5449 autem
1534 5408 1678 5457 mox
1705 5396 1875 5479 ante,i
1894 5452 1921 5459 η

235 5483 333 5518 οτι.

306 5642 434 5714 (hh)
464 5641 651 5700 Ullius
681 5641 975 5714 temporis.
993 5641 1290 5714 Continui
1318 5646 1560 5698 tractus.
1594 5640 1837 5714 Ἀγωγήν

235 5712 497 5787 appellat
507 5719 743 5773 cantum
756 5712 899 5785 galli
911 5713 1222 5785 gallinacei
1233 5714 1606 5781 continuum,
1628 5712 1837 5771 distin-

1938 5468 1939 5473 η
1983 5424 1997 5451 ον
2018 5391 2135 5466 (43)
2166 5392 2459 5467 Προῦθηκε,
2494 5388 2638 5445 Cod.
2673 5392 2737 5442 A.

1946 5642 2341 5697 etum‘tamen
2391 5638 2516 5693 suis
2545 5633 2881 5691 intervallis.
2913 5632 3165 5690 Easdem
3217 5633 3377 5689 enim
3425 5646 3605 5689 voces

1948 5712 2264 5785 aliquoties
2293 5710 2573 5769 continuo
2616 5705 2827 5779 repetit
2877 5721 2946 5762 ac
2997 5703 3216 5760 deinde
3261 5703 3599 5776 requisivit.
