4096 6392
528 311 644 373 679

1840 304 2197 365 EUTHYMII
2233 303 2563 362 ZIGABENI

3799 305 3899 362 680

538 441 686 496 Dicit
702 439 861 494 enim
873 438 1064 494 Lucas
1086 456 1098 496 :
1115 437 1250 493 Non
1266 441 1435 492 canet
1448 434 1621 492 hodie
1633 434 1831 507 gallus
1847 432 2177 504 priusquan

2305 435 2531 504 σήμερον
2618 429 2866 505 ἀλέκτωρ,
2952 434 3071 503 πρὶν
3145 434 3175 490 ἤ
3245 435 3359 505 τρὶς
3438 433 3743 503 ἀπαρνήσῃ,
3825 435 3892 502 μὴ

541 535 632 587 ter
661 529 932 599 abneges,
966 534 1021 584 te
1048 541 1214 583 nosse
1238 542 1326 582 me
1366 526 1433 580 “.

611 619 772 674 Vers.
829 618 916 673 35.
985 616 1137 671 Dicit
1182 646 1252 657 —
1299 613 1619 685 abnegabo.
1666 614 1900 678 Quanto
1960 610 2191 667 ﬁrmius

539 707 801 764 afﬁrmat
827 706 1110 772 Christus,
1145 708 1305 760 tanto
1337 706 1538 759 Petrus
1567 717 1600 758 e
1628 701 1864 757 diverso
1895 699 2188 770 majorem

538 794 800 854 ostendit
825 793 1223 851 fortitudinem
1258 810 1272 859 ;
1299 793 1623 848 vehemens
1644 790 1807 847 enim
1829 792 1954 845 erat
1972 788 2037 844 in
2058 788 2187 859 ipso

538 885 783 943 affectus
808 885 1059 957 propriae
1079 881 1474 947 confidentiae,
1498 881 1634 937 ideo
1657 880 1945 935 miserum
1968 877 2189 951 patitur

532 977 915 1045 naufragium
952 990 965 1039 ;
998 990 1033 1029 a
1087 972 1285 1028 divino
1325 971 1545 1026 auxilio
1596 969 1759 1025 solus
1814 967 2072 1037 relictus,
2126 971 2188 1022 ut

538 1067 667 1136 ejus
687 1062 1319 1135 arguaturiniirmitas.
1337 1060 1476 1115 Vide
1495 1064 1697 1116 autem
1716 1056 2026 1129 quomodo
2052 1059 2187 1128 post

537 1154 665 1209 haec
691 1155 762 1209 sit
788 1153 861 1208 ad
912 1150 1260 1207 modestiam
1298 1153 1637 1204 revocatus.
1684 1145 1993 1219 Siquidem
2048 1160 2184 1199 cum

536 1248 674 1314 post
700 1241 1207 1297 Resurrectionem
1240 1238 1315 1293 de
1342 1240 1571 1294 Joanne
1599 1235 1847 1291 dixisset
1878 1251 1891 1288 :
1931 1234 2182 1299 Domine,

536 1331 626 1387 hic
654 1338 848 1388 autem
869 1330 1008 1402 quid
1040 1331 1084 1365 ⁸⁵
1115 1330 1143 1384 ?
1168 1333 1225 1384 et
1247 1327 1596 1399 impositum
1622 1329 1780 1381 esset
1807 1323 1857 1379 ei
1887 1323 2186 1379 silentium

534 1420 692 1477 illico
718 1420 982 1476 obticuit.
1018 1423 1085 1475 Et
1127 1422 1263 1475 ante
1306 1416 1788 1488 Assumptionem
1818 1430 1956 1469 cum
1987 1412 2187 1469 audis-

536 1516 625 1567 set
652 1527 665 1566 :
698 1511 832 1566 Non
860 1516 941 1565 est
972 1515 1229 1565 vestrum
1254 1520 1420 1563 nosse
1449 1512 1711 1574 tempora
1744 1505 1836 1561 vel
1860 1503 2186 1559 occasiones

534 1607 864 1670 temporum
922 1600 989 1667 ‘5,
1025 1597 1287 1653 similiter
1312 1594 1606 1651 conticuit.
1650 1596 1717 1649 Et
1753 1598 1889 1665 post
1935 1592 2062 1648 haec
2116 1590 2186 1647 de

534 1688 715 1745 linteo
738 1704 872 1743 cum
892 1685 1154 1742 audisset
1180 1702 1192 1740 :
1222 1684 1357 1750 Qua:
1377 1685 1529 1739 Deus
1550 1682 1916 1754 purificavzt,
1947 1689 2010 1737 tu
2036 1696 2186 1737 com-

2302 516 2494 574 εἰδέναι
2533 539 2617 593 με.

2371 614 2527 681 Λέγει
2579 640 2648 650 -
2701 608 3094 684 ἀπαρνήσομαι.
3176 616 3336 663 Ὅσον
3418 605 3817 661 διαϐεϐαιοῦται
3872 610 3896 661 6

2297 702 2547 771 Χριστὸς,
2598 706 2844 752 τοσοῦτον
2904 700 2930 751 6
2984 702 3173 774 Πέτρος
3249 697 3706 772 ἀντισχυρίξεται.
3773 705 3893 770 Σφο-

2298 784 2421 860 δρόν
2450 791 2551 860 γὰρ
2585 787 2801 859 ἐναυτῷ
2830 791 2887 840 τὸ
2938 790 3100 848 πάθος
3155 795 3249 850 τῆς
3296 786 3375 860 ἐφ’
3433 787 3598 857 ἐαυτῷ
3650 789 3896 845 πεποιθή-

2298 896 2444 939 σεως.
2498 880 2586 931 Διὸ
2638 882 2729 930 καὶ
2776 876 3008 950 χαλεπὸν
3058 879 3342 950 ὑφίσταται
3394 878 3665 949 ναυάγιον,
3710 880 3897 952 ἔρημος

2294 976 2387 1029 τῆς
2416 971 2559 1043 παρά
2608 973 2735 1021 Θεοῦ
2786 966 3031 1040 βοηθείας
3085 967 3428 1039 ἀπολειφθεὶς,
3462 972 3552 1020 καὶ
3609 965 3892 1039 ἐλεγχθεὶς,

2294 1058 2373 1109 ὅτι
2403 1056 2617 1119 ἀσθενής
2647 1056 2804 1114 ἐστιν.
2835 1056 2972 1132 Ὀρα
3023 1065 3145 1129 γοῦν
3191 1060 3323 1130 μετά
3374 1064 3558 1124 ταῦτα,
3618 1065 3722 1117 πῶς
3779 1077 3899 1109 κατ-

2296 1146 2601 1219 εσταλμένος
2639 1146 2771 1200 ἐστί.
2826 1152 2926 1200 Καὶ
2981 1150 3082 1222 γὰρ
3123 1149 3254 1220 μετά
3304 1152 3397 1205 τὴν
3443 1147 3782 1213 Ἀνάστασιν,
3835 1146 3896 1198 εἰ·

2294 1240 2401 1287 πὼν
2456 1241 2573 1309 περὶ
2626 1244 2717 1289 τοῦ
2762 1236 3019 1303 Ἰωάννου,
3091 1238 3201 1308 (44)
3267 1240 3444 1311 Κύριε,
3497 1237 3645 1298 οὗτος
3703 1233 3763 1288 δε
3808 1239 3898 1301 τί;

2294 1329 2385 1377 καὶ
2436 1325 2848 1399 ἐπιστομισθεὶς,
2906 1326 3097 1379 αὐτίκα
3145 1345 3412 1398 σεσιγηκε.
3489 1330 3591 1379 Καὶ
3653 1328 3754 1398 πρὸ
3808 1333 3900 1385 τῆς

2296 1411 2613 1483 ἀναλήψεως,
2702 1412 2971 1477 ἀκούσας·
3058 1414 3179 1486 Οὐχ
3283 1417 3424 1488 ὑμῶν
3512 1413 3623 1467 ἐστι
3709 1422 3902 1486 γνῶναι

2293 1507 2521 1575 χρόνους
2577 1503 2606 1562 ἦ
2671 1507 2906 1579 καιροὺς,
2980 1505 3170 1577 ὁμοίως
3244 1506 3512 1577 ἡσύχασε,
3585 1508 3685 1557 Καὶ
3769 1506 3901 1575 μετά

2295 1600 2482 1661 ταῦτα,
2538 1590 2621 1644 ἐπὶ
2680 1601 2770 1654 τῆς
2819 1593 3002 1655 ὀθόνης
3058 1592 3375 1662 ἔνωτισθεὶς,
3437 1596 3515 1646 ὅτι
3574 1590 3637 1646 Ἀ
3697 1595 3722 1645 6
3768 1597 3901 1656 Θεὸς

2702 1412 2929 1477 ἀκούσας
2961 1435 2971 1446 ·

2295 1680 2592 1757 ἔκαθάρισε,
2636 1685 2699 1734 σὺ
2745 1687 2816 1755 μὴ
2853 1688 3045 1754 κοίνου,
3081 1689 3169 1736 και
3228 1679 3352 1736 οὐδὲ
3411 1691 3587 1757 σαφῶς
3636 1679 3786 1744 εἰδὼς
3841 1687 3898 1736 τὸ

532 1781 733 1835 munia
762 1792 831 1832 ne
855 1776 1080 1833 dixem's
1131 1775 1200 1841 ‘7,
1253 1789 1609 1846 quanquam
1660 1788 1785 1828 non
1834 1771 2177 1841 intelligeret

2291 1772 2464 1846 ῥηθὲν,
2536 1773 2673 1844 ὅμως
2745 1772 2838 1824 οὐκ
2902 1771 3181 1846 ἐτόλμησεν
3241 1772 3510 1828 ἀντειπεῖν.
3587 1780 3766 1826 Ταῦτα
3842 1769 3900 1826 δὲ

531 1867 841 1925 manifeste
887 1864 1048 1938 quod
1098 1862 1430 1930 dicebatur,
1462 1877 1585 1917 non
1630 1867 1829 1917 tamen
1875 1876 2059 1916 ausus
2097 1863 2184 1916 est

528 1957 904 2027 respondere.
930 1955 1066 2010 Haec
1090 1957 1286 2009 autem
1312 1950 1518 2008 omnia
1542 1967 1720 2007 casus
1737 1949 1831 2005 ille
1846 1948 2181 2019 negationis

530 2047 802 2104 correxit.
833 2047 898 2099 Et
912 2049 1047 2100 ante
1068 2043 1183 2098 hoc
1198 2042 1465 2114 quidem,
1488 2039 1784 2112 quidquid
1805 2045 1930 2096 erat
1959 2037 2096 2094 fidei
2121 2038 2183 2094 in

532 2151 596 2190 se
622 2134 970 2206 reponebat,
998 2132 1204 2187 dicens
1237 2146 1248 2183 :
1285 2130 1403 2201 Ego
1436 2137 1632 2185 tamen
1670 2144 1970 2199 nunquam
2002 2129 2184 2198 o/7‘en-

529 2224 647 2280 dar
685 2224 729 2257 ⁸³
785 2240 797 2290 ;
852 2226 954 2276 et:
1013 2219 1401 2291 Nequaquam
1452 2225 1507 2273 te
1553 2217 1857 2288 abnegabo
1913 2218 1958 2251 ‘9
1996 2234 2009 2283 ;
2044 2230 2182 2274 cum

527 2311 880 2369 addendum
929 2309 1135 2365 fuisset
1188 2325 1199 2361 :
1248 2306 1307 2362 Si
1380 2311 1432 2363 te
1501 2305 1772 2362 habuero
1824 2306 2178 2377 adiutorem.

529 2400 908 2458 Postmodum
963 2404 1163 2454 autem
1215 2397 1291 2452 de
1360 2394 1558 2451 claudi
1620 2396 1926 2451 sanatione
1979 2394 2180 2467 palam

527 2490 809 2546 dicebat:
838 2488 992 2554 Quid
1032 2502 1135 2542 nos
1174 2485 1489 2541 intuemini
1533 2485 1709 2554 quasi
1736 2490 1937 2539 nostra
1966 2485 2182 2541 virtute

528 2582 635 2635 aut
662 2580 881 2648 pietate
923 2575 1282 2647 effecerimus
1313 2580 1379 2629 ut
1405 2574 1502 2630 hic
1534 2574 1868 2630 ambularet
1899 2575 1946 2609 ⁵ο
1976 2572 2005 2628 ?

598 2667 744 2722 Hinc
761 2682 902 2735 ergo
922 2680 1212 2734 magnum
1235 2662 1522 2718 discimus
1538 2663 1990 2727 documentum,
2014 2663 2180 2734 quod

526 2771 714 2828 neque
738 2755 1008 2811 humana
1025 2751 1433 2825 promptitudo
1462 2752 1791 2825 quidquam
1814 2751 2033 2809 efﬁciat
2051 2752 2177 2808 abs-

526 2860 644 2918 que
661 2844 865 2900 divino
885 2843 1127 2907 auxilio,
1152 2857 1339 2912 neque
1363 2840 1638 2896 divinum
1673 2841 1959 2897 auxilium
1987 2840 2178 2913 prosit

525 2934 756 3006 absque
798 2931 1267 3006 promptitudine
1296 2932 1586 2987 humana.
1621 2930 1935 3003 Utriusque
1966 2932 2049 2985 rei
2080 2947 2178 2987 ex—

525 3024 725 3096 empla
774 3027 912 3079 sunt
943 3025 1145 3078 Petrus
1194 3026 1248 3077 et
1277 3021 1482 3077 Judas.
1529 3020 1769 3093 Oportet
1812 3036 1952 3091 ergo
1986 3035 2175 3092 neque

522 3113 885 3181 obdormire,
914 3112 1080 3168 omni
1109 3112 1348 3182 negotio
1396 3112 1455 3166 in
1490 3112 1661 3166 Deum
1711 3111 1952 3181 rejecto,
1982 3125 2175 3182 neque
2205 3132 2249 3203 ρ
2277 3166 2283 3179 ,

519 3218 754 3259 rursum
771 3208 974 3275 putare
988 3202 1214 3273 seipsos
1231 3217 1411 3257 omne
1430 3216 1581 3272 opus
1596 3199 1846 3256 eﬂicere.
1872 3199 2174 3272 Siquidem

519 3307 629 3348 nec
650 3294 839 3348 totum
855 3295 1137 3363 operatur
1158 3290 1333 3354 Deus,
1370 3305 1442 3345 ne
1470 3288 1645 3345 otiosi
1672 3304 2173 3361 permaneamus;

519 3397 629 3437 nec
660 3387 849 3438 totum
904 3380 1074 3436 nobis
1104 3378 1406 3451 permittit,
1454 3394 1530 3433 ne
1562 3378 1906 3448 gloriemur,
1951 3378 2057 3434 sed
2096 3378 2173 3434 ab

518 3487 880 3544 unoquoque
948 3468 1112 3542 quod
1158 3468 1443 3525 nocivum
1511 3474 1598 3525 est
1652 3467 1949 3537 auferens,
2008 3467 2174 3540 quod

517 3558 660 3617 utile
690 3564 780 3616 est
808 3558 983 3615 nobis
1011 3557 1264 3631 reliquit.
1297 3557 1572 3613 Permisit
1592 3556 1792 3630 itaque
1824 3561 2172 3614 caeterorum

518 3648 851 3719 principem
881 3644 1116 3712 cadere,
1144 3660 1267 3701 non
1296 3649 1540 3717 propter
1564 3644 1752 3701 dictas
1779 3652 2011 3703 tantum
2038 3662 2172 3703 cau-

517 3751 639 3804 sas,
671 3751 880 3792 verum
912 3734 1093 3791 etiam
1143 3737 1210 3789 ut
1255 3733 1512 3807 amplius
1561 3740 1831 3801 amaret;
1865 3734 1961 3791 cui
2009 3735 2170 3792 enim

517 3823 834 3881 dimissum
856 3823 1026 3880 fuerit
1046 3822 1305 3896 amplius
1328 3823 1425 3879 hic
1447 3822 1704 3896 amplius
1734 3824 1955 3896 diliget.

588 3916 653 3970 Et
686 3930 799 3970 nos
841 3913 1041 3986 itaque
1084 3912 1399 3969 credamus
1451 3913 1668 3985 ubique
1706 3915 1845 3979 Deo,
1887 3930 1997 3971 nec
2034 3930 2165 3971 con-

514 4002 901 4072 tradicamus,
930 4003 1161 4059 etiamsi
1184 4003 1341 4074 quod
1373 4002 1451 4059 ab
1471 4018 1542 4059 eo
1567 4002 1782 4059 dicitur
1802 4005 2167 4061 contrarium

514 4107 644 4149 esse
661 4092 931 4148 videatur
955 4091 1174 4148 nostris
1205 4091 1670 4163 cogitationibus
1696 4098 1753 4149 et
1780 4093 2122 4166 aspectibus
2152 4110 2164 4150 :

512 4183 586 4239 sit
612 4185 813 4239 tamen
832 4182 1063 4237 ﬁrmior
1082 4197 1278 4238 sermo
1306 4182 1433 4253 ejus
1458 4182 1677 4238 nostris
1716 4183 2168 4254 cogitationibus

510 4273 569 4327 et
610 4269 971 4344 aspectibus.
1012 4273 1097 4325 Ita
1125 4286 1363 4342 quoque
1392 4270 1452 4325 in
1501 4270 1828 4328 adorandis
1873 4273 2169 4345 mysteriis

507 4357 820 4426 faciamus,
852 4375 976 4416 non
1003 4374 1074 4416 ea
1105 4359 1301 4415 solum
1331 4375 1467 4432 quae
1501 4367 1910 4434 proponuntur
1938 4363 2166 4420 intuen-

511 4453 616 4517 tes,
649 4449 751 4504 sed
800 4448 1178 4505 sermonibus
1227 4449 1357 4519 ejus
1386 4450 1713 4507 credentes.
1759 4452 2026 4525 Cumque
2070 4452 2168 4508 ille

509 4537 670 4593 dicat
701 4554 715 4593 :
746 4539 876 4594 Hoc
902 4544 983 4594 est
1027 4552 1237 4608 corpus
1270 4553 1463 4595 meum
1496 4556 1510 4605 ;
1540 4544 1596 4595 et
1628 4555 1640 4595 :
1670 4539 1782 4597 Hic
1811 4547 1893 4597 est
1920 4541 2168 4613 sanguis
2200 4528 2245 4584 D

510 4640 689 4692 meus,
722 4630 777 4681 et
823 4641 1149 4699 pareamus
1175 4631 1234 4684 et
1263 4628 1600 4685 credamus.
1636 4629 1934 4702 Siquidem
1987 4631 2165 4689 etiam

507 4714 570 4771 in
587 4714 912 4787 baptismo,
932 4716 1231 4773 sensibilis
1260 4717 1504 4791 quidem
1517 4722 1621 4776 est
1635 4733 1813 4792 aqua,
1837 4719 1942 4777 sed
1959 4720 2167 4779 intelli-

508 4802 691 4875 gibile
719 4804 948 4863 donum
977 4810 1064 4863 est
1112 4807 1506 4877 regeneratio.
1540 4807 1687 4875 Quia
1738 4809 1897 4866 enim
1929 4814 2165 4885 corpori

508 4899 782 4952 conserta
811 4899 902 4952 est
945 4895 1007 4953 in
1045 4896 1221 4953 nobis
1251 4897 1474 4963 anima,
1525 4898 1589 4954 in
1638 4898 2026 4958 sensibilibus
2075 4902 2163 4959 in-

504 4983 836 5056 telligibilia
863 4985 1106 5044 tradidit
1132 4984 1309 5043 nobis
1340 4988 1513 5043 Deus.

2290 1863 2458 1914 πάντα
2509 1863 2567 1913 τὸ
2618 1868 2804 1934 πτῶμα
2865 1861 3023 1915 ἐκεῖνο
3085 1872 3180 1925 τῆς
3241 1861 3501 1938 ἀρνήσεως
3556 1864 3894 1938 κατώρθωσε.

2292 1955 2394 2003 Καὶ
2432 1953 2531 2025 πρὸ
2560 1953 2744 2003 τούτου
2774 1954 2863 2023 μὲν
2904 1951 3065 2022 ἑαυτῷ
3113 1955 3169 2004 τὸ
3218 1958 3319 2005 πᾶν
3372 1962 3464 2013 τῆς
3515 1957 3738 2014 πίστεως
3788 1953 3898 2004 ἀνε-

2289 2041 2443 2109 τίθει,
2525 2038 2683 2111 λέγων
2728 2058 2740 2070 ο
2822 2042 2949 2112 Ἐγὼ
3038 2036 3095 2093 δὲ
3175 2038 3423 2094 οὐδέποτε
3501 2038 3895 2100 σκανδαλισθή-

2294 2147 2476 2201 σομαι,
2519 2133 2629 2195 καὶ,
2684 2128 2759 2181 Οὔ
2827 2134 2899 2202 μή
2986 2149 3043 2182 σε
3102 2128 3487 2205 ἀπαρνήσωμαι
3567 2131 3701 2202 (45),
3778 2126 3896 2182 δέον

2290 2223 2611 2290 παρακιρνᾴν
2664 2225 2768 2279 τοῖς
2824 2218 3019 2291 λόγοις,
3088 2222 3168 2272 ὅτι
3224 2221 3338 2273 Ἐὰν
3408 2223 3517 2292 ἔχω
3578 2239 3635 2272 σε
3675 2218 3896 2292 βοηθόν.

2288 2304 2529 2378 ’Υστερον
2568 2302 2647 2375 δὲ,
2707 2305 2791 2359 ἐπὶ
2842 2316 2934 2360 τοῦ
2982 2308 3181 2381 χωλοῦ,
3230 2306 3529 2384 διαρρήδην
3574 2309 3759 2380 ἔλεγεν,
3822 2311 3902 2361 ὅτι

2292 2393 2443 2466 Ἠμίν
2500 2399 2551 2447 τί
2607 2393 2883 2466 ἀτενίζετε,
2954 2400 3022 2460 ὡς
3092 2395 3206 2470 ἰδίᾳ
3284 2395 3504 2471 δυνάμει
3562 2399 3589 2458 ἦ
3663 2397 3903 2470 εὐσεϐείᾳ

2288 2488 2606 2541 πεποιηκὸσι
2633 2491 2723 2537 τοῦ
2753 2494 3053 2559 περιπατεῖν
3085 2487 3239 2540 αὐτόν
3272 2506 3284 2557 ;

2525 2038 2683 2111 λέγων
2728 2058 2740 2070 ⁹

2358 2658 2614 2712 Ἐντεῦθεν
2668 2656 2755 2713 οὖν
2830 2665 2966 2734 μέγα
3024 2657 3200 2735 δόγμα
3260 2664 3581 2736 μανθάνομεν
3636 2664 3770 2735 (46),
3833 2668 3903 2727 ὡς

2288 2750 2403 2800 οὔτε
2465 2746 2758 2823 ἀνθρωπίνη
2838 2752 3108 2823 προθυμία
3172 2753 3421 2823 κατορθοί
3466 2771 3519 2804 τι
3589 2756 3757 2827 χωρὶς
3808 2763 3903 2816 τῆς

2288 2838 2427 2898 θείας
2454 2837 2640 2911 ῥοπῆς,
2673 2840 2789 2890 οὔτε
2834 2840 2942 2891 θεία
2992 2840 3127 2913 ῥοπὴ
3177 2836 3362 2913 κέρδος
3395 2845 3533 2913 φέρει
3587 2846 3759 2913 χωρὶς
3810 2841 3897 2895 ἀν-

2287 2927 2544 2999 θρωπίνης
2596 2928 2909 3000 προθυμίας.
2969 2933 3069 2982 Καὶ
3113 2928 3410 3002 ἀμφοτέρων
3477 2927 3896 3005 παραδείγματα

2285 3017 2472 3086 Πέτρος
2529 3019 2619 3067 καὶ
2675 3013 2901 3078 Ἰούδας.
2955 3015 3107 3070 Ὅθεν
3174 3022 3284 3092 χρὴ
3341 3024 3473 3091 μήτε
3537 3021 3596 3071 τὸ
3650 3025 3753 3071 πᾶν
3809 3020 3893 3073 ἐπὶ

2284 3104 2370 3154 τὸν
2423 3106 2545 3156 Θεὸν
2594 3104 2849 3177 ῥίψαντας
2915 3103 3208 3174 καθεύδειν,
3274 3112 3404 3179 μήτε
3465 3105 3893 3175 σπουδάζοντας,

2285 3194 2343 3244 τὸ
2373 3199 2474 3245 πᾶν
2514 3192 2727 3256 ἑαυτοὺς
2757 3196 2960 3247 οἴεσθαι
3012 3199 3297 3269 κατορθοῦν
3324 3218 3336 3230 ·
3386 3199 3502 3249 οὔτε
3544 3200 3646 3272 γὰρ
3685 3202 3746 3250 τὸ
3791 3205 3896 3251 πᾶν

2285 3282 2311 3333 6
2364 3285 2485 3344 Θεὸς
2561 3281 2859 3355 ἐργάζεται,
2919 3285 3020 3351 ἵνα,
3080 3290 3150 3357 μὴ
3235 3286 3387 3359 ἀργοὶ
3447 3290 3710 3359 μένωμεν·
3775 3291 3898 3341 οὔτε

2283 3374 2342 3423 τὸ
2393 3378 2493 3423 πᾶν
2533 3374 2659 3444 ἡμῖν
2697 3370 2924 3445 ἐφίησιν,
2978 3376 3059 3426 ἵνα
3106 3379 3177 3447 μὴ
3228 3376 3554 3447 καυχώμεθα
3578 3394 3590 3406 ’
3631 3374 3740 3428 ἀλλ’
3777 3376 3900 3430 ἐκα-

2282 3464 2430 3535 τέρου
2459 3465 2516 3514 τὸ
2549 3459 2801 3535 βλαϐερὸν
2829 3461 3043 3535 ἀφελὼν,
3097 3466 3155 3516 τὸ
3204 3470 3475 3537 χρήσιμον
3523 3466 3648 3536 ἡμῖν
3700 3464 3898 3519 ἀπολέ-

2280 3548 2471 3607 λοιπεν.
2529 3552 2750 3622 Ἀφῆκεν
2803 3548 2890 3604 οὖν
2940 3556 3028 3604 τὸν
3099 3560 3379 3627 κορυφαῖον
3430 3562 3625 3623 πεσεῖν,
3680 3556 3740 3607 οὐ
3802 3560 3899 3629 μό-

2279 3658 2362 3692 νον
2416 3636 2511 3693 διά
2561 3642 2655 3701 τὰς
2709 3640 2963 3716 ῥηθείσας
3008 3641 3200 3713 αἰτίας,
3255 3641 3383 3697 ἀλλὰ
3437 3648 3524 3697 καὶ
3572 3645 3655 3697 ἱνα
3714 3645 3897 3699 πλεῖον

2281 3728 2557 3803 ἀγαπησῃ.
2663 3729 2734 3802 ᾯ.
2799 3730 2910 3803 (47)
2985 3734 3086 3805 γὰρ
3152 3731 3326 3787 πλεῖον
3431 3731 3615 3807 ἀφεθῇ,
3711 3734 3898 3789 πλεῖον

2280 3817 2456 3891 ἀγαπὴ
2467 3838 2565 3871 σει.

2351 3912 2452 3961 Καὶ
2514 3909 2660 3980 ἡμεῖς
2720 3911 2778 3961 τὸ
2830 3916 2918 3961 νῦν
2963 3912 3258 3984 πειθώμεθα
3307 3919 3584 3985 πανταχοῦ
3642 3919 3717 3983 τῷ
3780 3919 3898 3986 Θεῷ

2276 4001 2467 4070 καὶμὴ
2522 3997 2883 4071 ἁντιλέγωμεν,
2936 4004 3026 4052 καὶ
3070 3998 3114 4052 εἰ
3164 4004 3224 4053 τὸ
3272 4001 3397 4074 παρ’
3455 4002 3616 4055 αὐτοῦ
3667 4002 3898 4077 λεγόμε-

2276 4106 2357 4139 νον
2403 4085 2627 4139 ἐναντίον
2684 4083 2811 4139 εἶναι
2872 4083 3019 4141 δοκεῖ
3092 4095 3203 4152 τοῖς
3281 4092 3540 4165 ἡμετέροις
3608 4090 3899 4166 λογισμοῖς

2276 4180 2367 4228 καὶ
2404 4183 2518 4237 ταῖς
2577 4174 2767 4247 ὄψεσι·
2799 4181 2889 4229 καὶ
2938 4180 3071 4230 ἔστω
3120 4182 3207 4230 καὶ
3264 4178 3529 4253 λογισμῶν
3581 4184 3671 4233 καὶ
3716 4183 3896 4254 ὄψεων

2277 4269 2590 4340 κυριώτερος
2636 4267 2663 4317 6
2700 4264 2853 4337 λόγος
2902 4265 3084 4322 αὐτοῦ.
3136 4268 3288 4321 Οὕτω
3342 4274 3432 4322 καὶ
3484 4268 3568 4323 ἐπὶ
3614 4278 3717 4323 τῶν
3770 4293 3899 4348 φρι-

2276 4361 2410 4405 κτῶν
2454 4359 2759 4427 μυστηρίων
2818 4363 3061 4429 ποιῶμεν,
3106 4361 3178 4430 μὴ
3242 4359 3308 4411 τά
3362 4362 3675 4433 προκείμενα
3730 4366 3900 4431 μόνον

2278 4439 2576 4515 βλέποντες,
2627 4442 2755 4497 ἀλλά
2800 4451 2905 4505 τοῖς
2957 4444 3132 4517 λόγοις
3178 4454 3271 4499 τοῦ
3324 4452 3585 4501 Δεσπὸτου
3637 4452 3902 4525 πειθόμε-

2276 4550 2376 4589 νοι.
2409 4536 2511 4585 Καὶ
2540 4528 2722 4592 ἐπειδή
2759 4552 2886 4607 φησι
2912 4552 2926 4564 ’
2959 4540 3123 4589 Τοῦτό
3154 4534 3267 4589 ἐστι
3303 4540 3362 4590 τὸ
3396 4539 3550 4611 σῶμά
3587 4559 3712 4612 μου,
3772 4547 3899 4611 καὶ,

2273 4625 2437 4675 Τοῦτό
2509 4620 2621 4674 ἐστι
2698 4625 2757 4676 τὸ
2843 4622 2975 4697 αἷμά
3041 4645 3164 4697 μου,
3252 4631 3342 4680 καὶ
3422 4630 3727 4702 ποιθὼμεθα
3796 4637 3901 4687 καὶ

2270 4712 2622 4783 πιστεύωμεν.
2685 4716 2786 4765 Καὶ
2846 4716 2948 4788 γὰρ
3004 4719 3094 4768 καὶ
3173 4713 3255 4769 ἐπὶ
3329 4724 3422 4769 τοῦ
3504 4716 3900 4793 βαπτίσματος

2272 4798 2525 4860 αἰσθητὸν
2585 4803 2676 4873 μὶν
2732 4805 2791 4855 το
2870 4798 3038 4878 ὕδωρ,
3092 4802 3220 4857 ἀλλὰ
3294 4809 3479 4865 νοητὸν
3544 4812 3604 4861 τὸ
3684 4805 3895 4885 δῶρον,

2270 4891 2301 4948 ἡ
2382 4888 2749 4963 ἀναγέννησις’
2831 4890 2938 4945 ἐπεὶ
3006 4894 3107 4969 γὰρ
3192 4899 3399 4968 σώματι
3478 4896 3897 4970 συμπέπλεκται

2269 4980 2413 5051 ἡμῶν
2464 4980 2495 5038 ἡ
2554 4978 2734 5051 ψυχὴ,
2810 4980 2861 5033 ἓν
2927 4981 3199 5045 αἰσθητοῖς
3265 4986 3330 5038 τὰ
3398 4988 3563 5045 νοητὰ
3630 4987 3897 5064 παρέδω-

2268 5086 2353 5120 κεν
2378 5069 2504 5143 ἡμῖν
2534 5069 2561 5120 6
2591 5072 2730 5130 Θεὸς.

577 5182 626 5218 ⁸⁸
682 5183 819 5238 Luc.
869 5182 1097 5251 xxn,34.
1154 5183 1403 5239 “Joan.
1464 5198 1577 5249 xxx,
1624 5187 1713 5242 22.
1766 5186 1815 5239 ιε
1866 5187 1991 5243 Act.
2052 5205 2093 5255 ι,
2146 5196 2177 5247 7

2288 5192 2456 5251 'Act.
2488 5209 2547 5260 ι,
2592 5198 2677 5252 15.
2729 5195 2777 5231 ⁴⁸
2830 5196 3028 5255 Matth.
3084 5212 3247 5270 xxvx,
3305 5200 3395 5257 33.
3452 5202 3498 5238 ιο
3572 5202 3721 5259 Ibid;
3792 5208 3901 5266 35.

1709 5393 1934 5463 Variae
1972 5396 2298 5467 lectiones
2338 5409 2405 5467 et
2435 5408 2639 5470 nota.

504 5291 556 5329 '°
582 5291 711 5348 Act.
740 5307 823 5360 m,
851 5292 942 5349 12.

574 5511 693 5653 (44)
724 5512 837 5568 Pro
867 5514 1044 5585 Κύριε,
1074 5512 1177 5571 dat
1204 5519 1293 5568 καί
1324 5515 1466 5573 Cod.
1500 5520 1565 5573 A.

601 5584 667 5637 45
719 5581 1141 5653 Ἀπαρνήσομαι,
1170 5586 1312 5645 Cod.
1344 5590 1405 5647 Β.
1454 5589 1540 5647 Ita

506 5581 1141 5712 cogigxtﬁapvﬁﬂpm'
1170 5586 1312 5645 ϐοά·
1344 5590 1405 5647 θ’
1454 5589 1540 5647 ua
1568 5604 1811 5663 quoque
1840 5593 2071 5656 variant
2099 5594 2162 5653 in

2343 5524 2458 5668 (46)
2498 5527 2867 5599 Μανθάνωμεν,
2897 5527 3038 5585 ϐοά.
3067 5531 3133 5583 Α.

2369 5596 2465 5668 47)
2495 5598 2751 5668 Respicit
2772 5598 2912 5655 Luc.
2950 5615 3045 5667 vu,
3071 5604 3133 5657 47

2369 5596 2465 5669 47)
2495 5596 2912 5670 Βθερίοὶιιιιισ.
2950 5615 3045 5667 vu,
3071 5604 3278 5666 47,48.
