  <div class='ocr_page' id='page_1' title='image "/cluster/home/n/w/nwhite01/storage/ocr_20150623/129/coo.31924054870344/350.png"; bbox 0 0 4096 6390; ppageno 0'>
   <div class='ocr_carea' id='block_1_1' title="bbox 138 334 231 393">
    <p class='ocr_par' dir='ltr' id='par_1_1' title="bbox 138 334 231 393">
     <span class='ocr_line' id='line_1_1' title="bbox 138 334 231 393; baseline 0 0"><span class='ocrx_word' id='word_1_1' title='bbox 138 334 231 393; x_wconf 76' lang='grc'>681</span> 
     </span>
    </p>
   </div>
   <div class='ocr_carea' id='block_1_2' title="bbox 1027 314 2571 386">
    <p class='ocr_par' dir='ltr' id='par_1_2' title="bbox 1027 314 2571 386">
     <span class='ocr_line' id='line_1_2' title="bbox 1027 314 2571 386; baseline -0.003 0"><span class='ocrx_word' id='word_1_2' title='bbox 1027 321 1406 386; x_wconf 86' lang='lat' dir='ltr'>COMMENT.</span> <span class='ocrx_word' id='word_1_3' title='bbox 1456 324 1528 384; x_wconf 87' lang='lat' dir='ltr'>IN</span> <span class='ocrx_word' id='word_1_4' title='bbox 1572 318 2020 385; x_wconf 68' lang='lat' dir='ltr'>MATTHEUM.</span> <span class='ocrx_word' id='word_1_5' title='bbox 2067 359 2135 369; x_wconf 95' lang='lat'><strong><em>—</em></strong></span> <span class='ocrx_word' id='word_1_6' title='bbox 2175 326 2336 383; x_wconf 87' lang='lat' dir='ltr'>CAP.</span> <span class='ocrx_word' id='word_1_7' title='bbox 2376 314 2571 381; x_wconf 85' lang='lat' dir='ltr'>XXVI.</span> 
     </span>
    </p>
   </div>
   <div class='ocr_carea' id='block_1_3' title="bbox 3406 326 3509 383">
    <p class='ocr_par' dir='ltr' id='par_1_3' title="bbox 3406 326 3509 383">
     <span class='ocr_line' id='line_1_3' title="bbox 3406 326 3509 383; baseline -0.019 -1"><span class='ocrx_word' id='word_1_8' title='bbox 3406 326 3509 383; x_wconf 81' lang='lat'>68&#39;2</span> 
     </span>
    </p>
   </div>
   <div class='ocr_carea' id='block_1_4' title="bbox 205 449 1808 531">
    <p class='ocr_par' dir='ltr' id='par_1_4' title="bbox 205 451 1808 531">
     <span class='ocr_line' id='line_1_4' title="bbox 205 451 1808 531; baseline -0.002 -19"><span class='ocrx_word' id='word_1_9' title='bbox 205 458 423 531; x_wconf 78' lang='grc' dir='ltr'>Ὁμοίως</span> <span class='ocrx_word' id='word_1_10' title='bbox 484 484 552 497; x_wconf 86' lang='lat'>-—-</span> <span class='ocrx_word' id='word_1_11' title='bbox 615 451 779 512; x_wconf 83' lang='grc' dir='ltr'><strong><em>εἶπον.</em></strong></span> <span class='ocrx_word' id='word_1_12' title='bbox 845 457 1221 530; x_wconf 87' lang='grc' dir='ltr'><strong><em>Μιμησάμενοι</em></strong></span> <span class='ocrx_word' id='word_1_13' title='bbox 1284 459 1374 509; x_wconf 82' lang='grc' dir='ltr'><strong><em>καὶ</em></strong></span> <span class='ocrx_word' id='word_1_14' title='bbox 1441 454 1591 509; x_wconf 79' lang='grc' dir='ltr'><strong><em>αὐτοὶ</em></strong></span> <span class='ocrx_word' id='word_1_15' title='bbox 1654 456 1743 508; x_wconf 87' lang='grc' dir='ltr'><strong><em>τὸν</em></strong></span> <span class='ocrx_word' id='word_1_16' title='bbox 1775 455 1808 509; x_wconf 81' lang='grc' dir='ltr'><em>Α</em></span> 
     </span>
    </p>
   </div>
   <div class='ocr_carea' id='block_1_5' title="bbox 1913 449 3515 531">
    <p class='ocr_par' dir='ltr' id='par_1_5' title="bbox 1930 449 3515 522">
     <span class='ocr_line' id='line_1_5' title="bbox 1930 449 3515 522; baseline -0.003 -11"><span class='ocrx_word' id='word_1_17' title='bbox 1930 457 2071 511; x_wconf 90' lang='lat' dir='ltr'>Vers</span> <span class='ocrx_word' id='word_1_18' title='bbox 2101 454 2187 512; x_wconf 75' lang='lat'>35.</span> <span class='ocrx_word' id='word_1_19' title='bbox 2219 452 2512 510; x_wconf 78' lang='lat' dir='ltr'>Similiter</span> <span class='ocrx_word' id='word_1_20' title='bbox 2539 483 2608 493; x_wconf 91' lang='lat'>—-</span> <span class='ocrx_word' id='word_1_21' title='bbox 2641 450 2951 511; x_wconf 75' lang='lat' dir='ltr'>dixerunt.</span> <span class='ocrx_word' id='word_1_22' title='bbox 2978 450 3282 508; x_wconf 86' lang='lat' dir='ltr'>Imitantes</span> <span class='ocrx_word' id='word_1_23' title='bbox 3310 452 3368 506; x_wconf 91' lang='lat' dir='ltr'>et</span> <span class='ocrx_word' id='word_1_24' title='bbox 3396 449 3515 522; x_wconf 86' lang='lat' dir='ltr'><strong><em>ipsi</em></strong></span> 
     </span>
    </p>
   </div>
   <div class='ocr_carea' id='block_1_6' title="bbox 143 553 349 604">
    <p class='ocr_par' dir='ltr' id='par_1_6' title="bbox 143 553 349 604">
     <span class='ocr_line' id='line_1_6' title="bbox 143 553 349 604; baseline -0.005 0"><span class='ocrx_word' id='word_1_25' title='bbox 143 553 349 604; x_wconf 80' lang='grc' dir='ltr'><strong><em>Πέτρον.</em></strong></span> 
     </span>
    </p>
   </div>
   <div class='ocr_carea' id='block_1_7' title="bbox 207 569 1747 711">
    <p class='ocr_par' dir='ltr' id='par_1_7' title="bbox 207 569 1747 711">
     <span class='ocr_line' id='line_1_7' title="bbox 209 569 349 625; baseline 0 -23"><span class='ocrx_word' id='word_1_26' title='bbox 209 569 349 625; x_wconf 87' lang='grc' dir='ltr'><strong><em>τρον.</em></strong></span> 
     </span>
     <span class='ocr_line' id='line_1_8' title="bbox 207 630 1747 711; baseline -0.001 -23"><span class='ocrx_word' id='word_1_27' title='bbox 207 639 334 693; x_wconf 85' lang='grc' dir='ltr'><strong><em>Τότε</em></strong></span> <span class='ocrx_word' id='word_1_28' title='bbox 351 666 418 676; x_wconf 93' lang='grc'><strong>--</strong></span> <span class='ocrx_word' id='word_1_29' title='bbox 439 632 564 691; x_wconf 72' lang='grc' dir='ltr'><strong><em>ἐκεῖ.</em></strong></span> <span class='ocrx_word' id='word_1_30' title='bbox 583 638 753 698; x_wconf 83' lang='grc' dir='ltr'>Μόνος</span> <span class='ocrx_word' id='word_1_31' title='bbox 778 636 988 689; x_wconf 75' lang='grc' dir='ltr'>ἄπεισιν</span> <span class='ocrx_word' id='word_1_32' title='bbox 1010 634 1079 698; x_wconf 86' lang='grc' dir='ltr'><strong><em>εἰς</em></strong></span> <span class='ocrx_word' id='word_1_33' title='bbox 1106 638 1436 711; x_wconf 78' lang='grc' dir='ltr'><strong><em>προσευχὴν,</em></strong></span> <span class='ocrx_word' id='word_1_34' title='bbox 1471 630 1747 688; x_wconf 76' lang='grc' dir='ltr'>διδάσκων</span> 
     </span>
    </p>
   </div>
   <div class='ocr_carea' id='block_1_8' title="bbox 145 725 1748 801">
    <p class='ocr_par' dir='ltr' id='par_1_8' title="bbox 145 725 1748 801">
     <span class='ocr_line' id='line_1_9' title="bbox 145 725 1748 801; baseline -0.001 -22"><span class='ocrx_word' id='word_1_35' title='bbox 145 728 215 779; x_wconf 82' lang='grc' dir='ltr'><strong><em>ὅτι</em></strong></span> <span class='ocrx_word' id='word_1_36' title='bbox 244 728 357 801; x_wconf 67' lang='grc' dir='ltr'>χρὴ</span> <span class='ocrx_word' id='word_1_37' title='bbox 388 727 477 776; x_wconf 86' lang='grc' dir='ltr'><strong><em>τὸν</em></strong></span> <span class='ocrx_word' id='word_1_38' title='bbox 495 726 697 801; x_wconf 80' lang='grc' dir='ltr'><strong><em>θερμῶς</em></strong></span> <span class='ocrx_word' id='word_1_39' title='bbox 713 727 1112 799; x_wconf 88' lang='grc' dir='ltr'><strong><em>προσευχεσθαι</em></strong></span> <span class='ocrx_word' id='word_1_40' title='bbox 1136 725 1383 799; x_wconf 79' lang='grc' dir='ltr'><strong><em>μέλλοντα</em></strong></span> <span class='ocrx_word' id='word_1_41' title='bbox 1406 729 1748 799; x_wconf 87' lang='grc' dir='ltr'><strong><em>μεμονωνένον</em></strong></span> 
     </span>
    </p>
   </div>
   <div class='ocr_carea' id='block_1_9' title="bbox 146 816 562 889">
    <p class='ocr_par' dir='ltr' id='par_1_9' title="bbox 146 816 562 889">
     <span class='ocr_line' id='line_1_10' title="bbox 146 816 562 889; baseline 0 -20"><span class='ocrx_word' id='word_1_42' title='bbox 146 816 562 889; x_wconf 72' lang='grc' dir='ltr'>προσεύχεσθαι.</span> 
     </span>
    </p>
   </div>
   <div class='ocr_carea' id='block_1_10' title="bbox 215 901 1754 980">
    <p class='ocr_par' dir='ltr' id='par_1_10' title="bbox 215 901 1754 980">
     <span class='ocr_line' id='line_1_11' title="bbox 215 901 1754 980; baseline 0 -23"><span class='ocrx_word' id='word_1_43' title='bbox 215 904 324 977; x_wconf 80' lang='grc' dir='ltr'>[Ὠς</span> <span class='ocrx_word' id='word_1_44' title='bbox 380 905 500 974; x_wconf 71' lang='grc'>(48)</span> <span class='ocrx_word' id='word_1_45' title='bbox 557 904 827 979; x_wconf 84' lang='grc' dir='ltr'><strong><em>οἶνθρώπος</em></strong></span> <span class='ocrx_word' id='word_1_46' title='bbox 877 905 1233 980; x_wconf 80' lang='grc' dir='ltr'>προσηύξατο,</span> <span class='ocrx_word' id='word_1_47' title='bbox 1295 901 1568 958; x_wconf 88' lang='grc' dir='ltr'><strong><em>διδάσκων</em></strong></span> <span class='ocrx_word' id='word_1_48' title='bbox 1632 907 1754 967; x_wconf 82' lang='grc' dir='ltr'><strong><em>τοὺς</em></strong></span> 
     </span>
    </p>
   </div>
   <div class='ocr_carea' id='block_1_11' title="bbox 150 992 1752 1070">
    <p class='ocr_par' dir='ltr' id='par_1_11' title="bbox 150 992 1752 1070">
     <span class='ocr_line' id='line_1_12' title="bbox 150 992 1752 1070; baseline -0.001 -23"><span class='ocrx_word' id='word_1_49' title='bbox 150 994 450 1069; x_wconf 78' lang='grc' dir='ltr'>ἀνθρώπους</span> <span class='ocrx_word' id='word_1_50' title='bbox 482 992 530 1045; x_wconf 77' lang='grc' dir='ltr'><strong><em>ἐν</em></strong></span> <span class='ocrx_word' id='word_1_51' title='bbox 562 1001 876 1069; x_wconf 77' lang='grc' dir='ltr'>πειρασμοῖς</span> <span class='ocrx_word' id='word_1_52' title='bbox 918 997 1333 1070; x_wconf 81' lang='grc' dir='ltr'><strong><em>προσεύχεσθαι,</em></strong></span> <span class='ocrx_word' id='word_1_53' title='bbox 1380 999 1471 1047; x_wconf 85' lang='grc' dir='ltr'><strong><em>καὶ</em></strong></span> <span class='ocrx_word' id='word_1_54' title='bbox 1521 995 1589 1056; x_wconf 84' lang='grc' dir='ltr'><strong><em>εἰς</em></strong></span> <span class='ocrx_word' id='word_1_55' title='bbox 1632 997 1752 1049; x_wconf 86' lang='grc' dir='ltr'><strong><em>Θεὸν</em></strong></span> 
     </span>
    </p>
   </div>
   <div class='ocr_carea' id='block_1_12' title="bbox 152 1082 1755 1160">
    <p class='ocr_par' dir='ltr' id='par_1_12' title="bbox 152 1082 1755 1160">
     <span class='ocr_line' id='line_1_13' title="bbox 152 1082 1755 1160; baseline -0.001 -23"><span class='ocrx_word' id='word_1_56' title='bbox 152 1083 530 1155; x_wconf 78' lang='grc' dir='ltr'>ἀνατείνεσθαι,</span> <span class='ocrx_word' id='word_1_57' title='bbox 560 1088 650 1136; x_wconf 85' lang='grc' dir='ltr'><strong><em>καὶ</em></strong></span> <span class='ocrx_word' id='word_1_58' title='bbox 680 1082 1026 1160; x_wconf 73' lang='grc' dir='ltr'>ἐκτενέστερον</span> <span class='ocrx_word' id='word_1_59' title='bbox 1057 1082 1418 1138; x_wconf 75' lang='grc' dir='ltr'><strong><em>ἐπικαλεῖσθαι</em></strong></span> <span class='ocrx_word' id='word_1_60' title='bbox 1440 1087 1533 1143; x_wconf 80' lang='grc' dir='ltr'><strong><em>τὴν</em></strong></span> <span class='ocrx_word' id='word_1_61' title='bbox 1562 1082 1755 1137; x_wconf 77' lang='grc' dir='ltr'><strong><em>ἐκείνου</em></strong></span> 
     </span>
    </p>
   </div>
   <div class='ocr_carea' id='block_1_13' title="bbox 153 1170 457 1245">
    <p class='ocr_par' dir='ltr' id='par_1_13' title="bbox 153 1170 457 1245">
     <span class='ocr_line' id='line_1_14' title="bbox 153 1170 457 1245; baseline -0.007 -16"><span class='ocrx_word' id='word_1_62' title='bbox 153 1170 457 1245; x_wconf 59' lang='grc' dir='ltr'><strong><em>βοήθειαν]</em></strong></span> 
     </span>
    </p>
   </div>
   <div class='ocr_carea' id='block_1_14' title="bbox 220 1244 1759 1338">
    <p class='ocr_par' dir='ltr' id='par_1_14' title="bbox 220 1244 1759 1338">
     <span class='ocr_line' id='line_1_15' title="bbox 220 1244 1759 1338; baseline 0 -24"><span class='ocrx_word' id='word_1_63' title='bbox 220 1265 323 1314; x_wconf 75' lang='grc' dir='ltr'>Καὶ</span> <span class='ocrx_word' id='word_1_64' title='bbox 376 1244 690 1336; x_wconf 74' lang='grc' dir='ltr'><strong><em>παραλαϐὼν</em></strong></span> <span class='ocrx_word' id='word_1_65' title='bbox 738 1294 797 1304; x_wconf 89' lang='grc'><strong>-</strong></span> <span class='ocrx_word' id='word_1_66' title='bbox 847 1244 1147 1338; x_wconf 81' lang='grc' dir='ltr'><strong><em>ἀδημονεῖν.</em></strong></span> <span class='ocrx_word' id='word_1_67' title='bbox 1199 1262 1380 1337; x_wconf 84' lang='grc' dir='ltr'><strong><em>[Ἔστι</em></strong></span> <span class='ocrx_word' id='word_1_68' title='bbox 1426 1264 1540 1335; x_wconf 84' lang='grc'>(49)</span> <span class='ocrx_word' id='word_1_69' title='bbox 1589 1258 1759 1317; x_wconf 83' lang='grc' dir='ltr'><strong><em>δειλία</em></strong></span> 
     </span>
    </p>
   </div>
   <div class='ocr_carea' id='block_1_15' title="bbox 152 1349 1759 1427">
    <p class='ocr_par' dir='ltr' id='par_1_15' title="bbox 152 1349 1759 1427">
     <span class='ocr_line' id='line_1_16' title="bbox 152 1349 1759 1427; baseline 0.001 -24"><span class='ocrx_word' id='word_1_70' title='bbox 152 1354 373 1424; x_wconf 67' lang='grc' dir='ltr'><strong><em>φυσικὴ,</em></strong></span> <span class='ocrx_word' id='word_1_71' title='bbox 433 1356 505 1423; x_wconf 85' lang='grc' dir='ltr'><strong><em>μὴ</em></strong></span> <span class='ocrx_word' id='word_1_72' title='bbox 570 1351 819 1414; x_wconf 72' lang='grc' dir='ltr'>θελούσης</span> <span class='ocrx_word' id='word_1_73' title='bbox 883 1361 979 1416; x_wconf 78' lang='grc' dir='ltr'><strong><em>τῆς</em></strong></span> <span class='ocrx_word' id='word_1_74' title='bbox 1032 1352 1222 1426; x_wconf 71' lang='grc' dir='ltr'><strong><em>ψυχῆς</em></strong></span> <span class='ocrx_word' id='word_1_75' title='bbox 1281 1349 1614 1427; x_wconf 79' lang='grc' dir='ltr'><strong><em>διαιρεθῆναι</em></strong></span> <span class='ocrx_word' id='word_1_76' title='bbox 1665 1358 1759 1405; x_wconf 85' lang='grc' dir='ltr'><strong><em>τοῦ</em></strong></span> 
     </span>
    </p>
   </div>
   <div class='ocr_carea' id='block_1_16' title="bbox 155 1436 1762 1516">
    <p class='ocr_par' dir='ltr' id='par_1_16' title="bbox 155 1436 1762 1516">
     <span class='ocr_line' id='line_1_17' title="bbox 155 1436 1762 1516; baseline -0.001 -23"><span class='ocrx_word' id='word_1_77' title='bbox 155 1446 417 1514; x_wconf 76' lang='grc' dir='ltr'><strong><em>σώματος,</em></strong></span> <span class='ocrx_word' id='word_1_78' title='bbox 480 1436 573 1493; x_wconf 85' lang='grc' dir='ltr'><strong><em>διὰ</em></strong></span> <span class='ocrx_word' id='word_1_79' title='bbox 627 1445 715 1499; x_wconf 73' lang='grc' dir='ltr'><strong><em>τὴν</em></strong></span> <span class='ocrx_word' id='word_1_80' title='bbox 765 1441 821 1505; x_wconf 80' lang='grc' dir='ltr'>ἐξ</span> <span class='ocrx_word' id='word_1_81' title='bbox 870 1440 1046 1516; x_wconf 79' lang='grc' dir='ltr'><strong><em>ἀρχῆς</em></strong></span> <span class='ocrx_word' id='word_1_82' title='bbox 1100 1442 1390 1496; x_wconf 80' lang='grc' dir='ltr'><strong><em>ἔντεθεῖσαν</em></strong></span> <span class='ocrx_word' id='word_1_83' title='bbox 1441 1442 1572 1515; x_wconf 74' lang='grc' dir='ltr'><strong><em>αύτῇ</em></strong></span> <span class='ocrx_word' id='word_1_84' title='bbox 1618 1442 1762 1513; x_wconf 83' lang='grc' dir='ltr'><strong><em>παρὰ</em></strong></span> 
     </span>
    </p>
   </div>
   <div class='ocr_carea' id='block_1_17' title="bbox 154 1533 1759 1605">
    <p class='ocr_par' dir='ltr' id='par_1_17' title="bbox 154 1533 1759 1605">
     <span class='ocr_line' id='line_1_18' title="bbox 154 1533 1759 1605; baseline 0.001 -24"><span class='ocrx_word' id='word_1_85' title='bbox 154 1538 241 1581; x_wconf 73' lang='grc' dir='ltr'><strong><em>τοῦ</em></strong></span> <span class='ocrx_word' id='word_1_86' title='bbox 292 1534 628 1605; x_wconf 78' lang='grc' dir='ltr'><strong><em>Δημιουργόῦ</em></strong></span> <span class='ocrx_word' id='word_1_87' title='bbox 686 1536 911 1603; x_wconf 76' lang='grc' dir='ltr'><strong><em>φυσικὴν</em></strong></span> <span class='ocrx_word' id='word_1_88' title='bbox 970 1533 1298 1605; x_wconf 85' lang='grc' dir='ltr'><strong><em>συμπάθειάν</em></strong></span> <span class='ocrx_word' id='word_1_89' title='bbox 1345 1551 1397 1585; x_wconf 84' lang='grc' dir='ltr'>τε</span> <span class='ocrx_word' id='word_1_90' title='bbox 1443 1537 1533 1584; x_wconf 84' lang='grc' dir='ltr'><strong><em>καὶ</em></strong></span> <span class='ocrx_word' id='word_1_91' title='bbox 1575 1534 1759 1584; x_wconf 82' lang='grc' dir='ltr'><strong><em>οἰκειό-</em></strong></span> 
     </span>
    </p>
   </div>
   <div class='ocr_carea' id='block_1_18' title="bbox 154 1617 1763 1697">
    <p class='ocr_par' dir='ltr' id='par_1_18' title="bbox 154 1617 1763 1697">
     <span class='ocr_line' id='line_1_19' title="bbox 154 1617 1763 1697; baseline -0.001 -26"><span class='ocrx_word' id='word_1_92' title='bbox 154 1639 303 1678; x_wconf 80' lang='grc' dir='ltr'><strong><em>τητα.</em></strong></span> <span class='ocrx_word' id='word_1_93' title='bbox 350 1624 451 1672; x_wconf 79' lang='grc' dir='ltr'>Καὶ</span> <span class='ocrx_word' id='word_1_94' title='bbox 484 1623 593 1673; x_wconf 79' lang='grc' dir='ltr'><strong><em>ἔστι</em></strong></span> <span class='ocrx_word' id='word_1_95' title='bbox 645 1617 817 1673; x_wconf 87' lang='grc' dir='ltr'><strong><em>δειλία</em></strong></span> <span class='ocrx_word' id='word_1_96' title='bbox 845 1624 988 1695; x_wconf 83' lang='grc' dir='ltr'><strong><em>παρὰ</em></strong></span> <span class='ocrx_word' id='word_1_97' title='bbox 1034 1625 1211 1695; x_wconf 62' lang='grc' dir='ltr'><strong><em>φύσιν,</em></strong></span> <span class='ocrx_word' id='word_1_98' title='bbox 1258 1621 1313 1674; x_wconf 74' lang='grc' dir='ltr'><strong><em>ἐκ</em></strong></span> <span class='ocrx_word' id='word_1_99' title='bbox 1344 1617 1635 1697; x_wconf 83' lang='grc' dir='ltr'><strong><em>προδοσίας</em></strong></span> <span class='ocrx_word' id='word_1_100' title='bbox 1680 1618 1763 1670; x_wconf 90' lang='grc' dir='ltr'>λο-</span> 
     </span>
    </p>
   </div>
   <div class='ocr_carea' id='block_1_19' title="bbox 154 1707 1763 1784">
    <p class='ocr_par' dir='ltr' id='par_1_19' title="bbox 154 1707 1763 1784">
     <span class='ocr_line' id='line_1_20' title="bbox 154 1707 1763 1784; baseline 0 -24"><span class='ocrx_word' id='word_1_101' title='bbox 154 1718 361 1783; x_wconf 68' lang='grc' dir='ltr'><strong><em>γισμῶν</em></strong></span> <span class='ocrx_word' id='word_1_102' title='bbox 413 1714 504 1761; x_wconf 82' lang='grc' dir='ltr'><strong><em>καὶ</em></strong></span> <span class='ocrx_word' id='word_1_103' title='bbox 562 1709 811 1772; x_wconf 77' lang='grc' dir='ltr'><strong><em>ἀπιστίας</em></strong></span> <span class='ocrx_word' id='word_1_104' title='bbox 874 1716 1247 1784; x_wconf 77' lang='grc' dir='ltr'><strong><em>συνισταμένη,</em></strong></span> <span class='ocrx_word' id='word_1_105' title='bbox 1302 1714 1369 1773; x_wconf 84' lang='grc' dir='ltr'><strong><em>ὡς</em></strong></span> <span class='ocrx_word' id='word_1_106' title='bbox 1415 1712 1535 1763; x_wconf 85' lang='grc' dir='ltr'><strong><em>ὅταν</em></strong></span> <span class='ocrx_word' id='word_1_107' title='bbox 1592 1730 1674 1771; x_wconf 84' lang='grc' dir='ltr'>τις</span> <span class='ocrx_word' id='word_1_108' title='bbox 1716 1707 1763 1760; x_wconf 83' lang='grc' dir='ltr'><strong><em>ἐν</em></strong></span> 
     </span>
    </p>
   </div>
   <div class='ocr_carea' id='block_1_20' title="bbox 1856 542 2117 602">
    <p class='ocr_par' dir='ltr' id='par_1_20' title="bbox 1856 542 2117 602">
     <span class='ocr_line' id='line_1_21' title="bbox 1856 542 2117 602; baseline 0.008 -3"><span class='ocrx_word' id='word_1_109' title='bbox 1856 542 2117 602; x_wconf 89' lang='lat' dir='ltr'>Petrum.</span> 
     </span>
    </p>
   </div>
   <div class='ocr_carea' id='block_1_21' title="bbox 1932 628 3518 691">
    <p class='ocr_par' dir='ltr' id='par_1_21' title="bbox 1932 628 3518 691">
     <span class='ocr_line' id='line_1_22' title="bbox 1932 628 3518 691; baseline -0.006 -2"><span class='ocrx_word' id='word_1_110' title='bbox 1932 636 2073 690; x_wconf 85' lang='lat' dir='ltr'>Vere</span> <span class='ocrx_word' id='word_1_111' title='bbox 2098 635 2189 691; x_wconf 89' lang='lat'>36.</span> <span class='ocrx_word' id='word_1_112' title='bbox 2224 634 2386 689; x_wconf 81' lang='lat' dir='ltr'>Tunc</span> <span class='ocrx_word' id='word_1_113' title='bbox 2410 661 2471 674; x_wconf 92' lang='lat'><strong>—</strong></span> <span class='ocrx_word' id='word_1_114' title='bbox 2509 630 2655 688; x_wconf 82' lang='lat' dir='ltr'>illic.</span> <span class='ocrx_word' id='word_1_115' title='bbox 2684 629 2855 690; x_wconf 91' lang='lat' dir='ltr'>Solus</span> <span class='ocrx_word' id='word_1_116' title='bbox 2900 630 3026 687; x_wconf 86' lang='lat' dir='ltr'>abit</span> <span class='ocrx_word' id='word_1_117' title='bbox 3069 630 3147 687; x_wconf 90' lang='lat' dir='ltr'>ad</span> <span class='ocrx_word' id='word_1_118' title='bbox 3195 628 3518 685; x_wconf 88' lang='lat' dir='ltr'>orationem</span> 
     </span>
    </p>
   </div>
   <div class='ocr_carea' id='block_1_22' title="bbox 1858 718 3515 796">
    <p class='ocr_par' dir='ltr' id='par_1_22' title="bbox 1858 718 3515 796">
     <span class='ocr_line' id='line_1_23' title="bbox 1858 718 3515 796; baseline -0.005 -16"><span class='ocrx_word' id='word_1_119' title='bbox 1858 722 2085 780; x_wconf 87' lang='lat' dir='ltr'>docens</span> <span class='ocrx_word' id='word_1_120' title='bbox 2136 726 2408 796; x_wconf 86' lang='lat' dir='ltr'>oportere</span> <span class='ocrx_word' id='word_1_121' title='bbox 2457 736 2597 778; x_wconf 92' lang='lat' dir='ltr'>eum</span> <span class='ocrx_word' id='word_1_122' title='bbox 2639 721 2747 795; x_wconf 89' lang='lat' dir='ltr'>qui</span> <span class='ocrx_word' id='word_1_123' title='bbox 2780 720 3075 777; x_wconf 83' lang='lat' dir='ltr'>ferventer</span> <span class='ocrx_word' id='word_1_124' title='bbox 3099 723 3378 777; x_wconf 88' lang='lat' dir='ltr'>oraturus</span> <span class='ocrx_word' id='word_1_125' title='bbox 3408 718 3515 781; x_wconf 90' lang='lat' dir='ltr'>est,</span> 
     </span>
    </p>
   </div>
   <div class='ocr_carea' id='block_1_23' title="bbox 1861 812 2417 871">
    <p class='ocr_par' dir='ltr' id='par_1_23' title="bbox 1861 812 2417 871">
     <span class='ocr_line' id='line_1_24' title="bbox 1861 812 2417 871; baseline -0.004 -2"><span class='ocrx_word' id='word_1_126' title='bbox 1861 812 2191 871; x_wconf 90' lang='lat' dir='ltr'>solitarium</span> <span class='ocrx_word' id='word_1_127' title='bbox 2224 826 2417 868; x_wconf 90' lang='lat' dir='ltr'>orare.</span> 
     </span>
    </p>
   </div>
   <div class='ocr_carea' id='block_1_24' title="bbox 1932 894 3521 973">
    <p class='ocr_par' dir='ltr' id='par_1_24' title="bbox 1932 894 3521 973">
     <span class='ocr_line' id='line_1_25' title="bbox 1932 894 3521 973; baseline -0.006 -13"><span class='ocrx_word' id='word_1_128' title='bbox 1932 904 1975 973; x_wconf 65' lang='grc' dir='ltr'>-Ξ-</span> <span class='ocrx_word' id='word_1_129' title='bbox 2004 903 2045 973; x_wconf 61' lang='grc' dir='ltr'>-ικ</span> <span class='ocrx_word' id='word_1_130' title='bbox 2080 903 2148 958; x_wconf 91' lang='lat' dir='ltr'>Ut</span> <span class='ocrx_word' id='word_1_131' title='bbox 2212 901 2397 958; x_wconf 90' lang='lat' dir='ltr'>homo</span> <span class='ocrx_word' id='word_1_132' title='bbox 2446 900 2819 973; x_wconf 82' lang='lat' dir='ltr'>precabatur,</span> <span class='ocrx_word' id='word_1_133' title='bbox 2851 900 3071 956; x_wconf 86' lang='lat' dir='ltr'>docens</span> <span class='ocrx_word' id='word_1_134' title='bbox 3117 898 3398 955; x_wconf 86' lang='lat' dir='ltr'>homines</span> <span class='ocrx_word' id='word_1_135' title='bbox 3457 894 3521 950; x_wconf 90' lang='lat' dir='ltr'>in</span> 
     </span>
    </p>
   </div>
   <div class='ocr_carea' id='block_1_25' title="bbox 1864 988 3524 1063">
    <p class='ocr_par' dir='ltr' id='par_1_25' title="bbox 1864 988 3524 1063">
     <span class='ocr_line' id='line_1_26' title="bbox 1864 988 3524 1063; baseline -0.004 -15"><span class='ocrx_word' id='word_1_136' title='bbox 1864 990 2294 1048; x_wconf 87' lang='lat' dir='ltr'>tentationibus</span> <span class='ocrx_word' id='word_1_137' title='bbox 2324 990 2641 1063; x_wconf 83' lang='lat' dir='ltr'>precariet</span> <span class='ocrx_word' id='word_1_138' title='bbox 2683 989 2759 1047; x_wconf 89' lang='lat' dir='ltr'>ad</span> <span class='ocrx_word' id='word_1_139' title='bbox 2808 992 2989 1046; x_wconf 89' lang='lat' dir='ltr'>Deum</span> <span class='ocrx_word' id='word_1_140' title='bbox 3014 988 3321 1045; x_wconf 82' lang='lat' dir='ltr'>intendere</span> <span class='ocrx_word' id='word_1_141' title='bbox 3357 1000 3524 1043; x_wconf 89' lang='lat' dir='ltr'>men-</span> 
     </span>
    </p>
   </div>
   <div class='ocr_carea' id='block_1_26' title="bbox 1866 1076 3377 1153">
    <p class='ocr_par' dir='ltr' id='par_1_26' title="bbox 1866 1076 3377 1153">
     <span class='ocr_line' id='line_1_27' title="bbox 1866 1076 3377 1153; baseline -0.005 -15"><span class='ocrx_word' id='word_1_142' title='bbox 1866 1087 1985 1139; x_wconf 91' lang='lat' dir='ltr'>tem</span> <span class='ocrx_word' id='word_1_143' title='bbox 2011 1084 2188 1153; x_wconf 89' lang='lat' dir='ltr'>atque</span> <span class='ocrx_word' id='word_1_144' title='bbox 2218 1078 2527 1137; x_wconf 76' lang='lat' dir='ltr'>ardentius</span> <span class='ocrx_word' id='word_1_145' title='bbox 2556 1080 2686 1152; x_wconf 87' lang='lat' dir='ltr'>ejus</span> <span class='ocrx_word' id='word_1_146' title='bbox 2712 1078 3036 1152; x_wconf 83' lang='lat' dir='ltr'>implorare</span> <span class='ocrx_word' id='word_1_147' title='bbox 3065 1076 3377 1136; x_wconf 83' lang='lat' dir='ltr'>auxilium.</span> 
     </span>
    </p>
   </div>
   <div class='ocr_carea' id='block_1_27' title="bbox 1938 1266 3529 1338">
    <p class='ocr_par' dir='ltr' id='par_1_27' title="bbox 1938 1266 3529 1338">
     <span class='ocr_line' id='line_1_28' title="bbox 1938 1266 3529 1338; baseline -0.004 -11"><span class='ocrx_word' id='word_1_148' title='bbox 1938 1269 2102 1327; x_wconf 90' lang='lat' dir='ltr'>Vcrs.</span> <span class='ocrx_word' id='word_1_149' title='bbox 2133 1269 2224 1328; x_wconf 85' lang='lat'>37.</span> <span class='ocrx_word' id='word_1_150' title='bbox 2268 1268 2348 1324; x_wconf 90' lang='lat' dir='ltr'>Et</span> <span class='ocrx_word' id='word_1_151' title='bbox 2378 1274 2671 1338; x_wconf 88' lang='lat' dir='ltr'>assumpto</span> <span class='ocrx_word' id='word_1_152' title='bbox 2723 1297 2792 1306; x_wconf 92' lang='lat'><strong>-</strong></span> <span class='ocrx_word' id='word_1_153' title='bbox 2840 1269 3069 1322; x_wconf 74' lang='lat' dir='ltr'>maestus</span> <span class='ocrx_word' id='word_1_154' title='bbox 3109 1280 3242 1323; x_wconf 86' lang='lat' dir='ltr'>esse.</span> <span class='ocrx_word' id='word_1_155' title='bbox 3277 1267 3320 1335; x_wconf 77' lang='grc' dir='ltr'>-ι-</span> <span class='ocrx_word' id='word_1_156' title='bbox 3349 1266 3392 1334; x_wconf 75' lang='grc' dir='ltr'>-ι-</span> <span class='ocrx_word' id='word_1_157' title='bbox 3430 1266 3529 1320; x_wconf 89' lang='lat' dir='ltr'>Est</span> 
     </span>
    </p>
   </div>
   <div class='ocr_carea' id='block_1_28' title="bbox 1870 1354 3529 1432">
    <p class='ocr_par' dir='ltr' id='par_1_28' title="bbox 1870 1354 3529 1432">
     <span class='ocr_line' id='line_1_29' title="bbox 1870 1354 3529 1432; baseline -0.005 -16"><span class='ocrx_word' id='word_1_158' title='bbox 1870 1359 2045 1416; x_wconf 83' lang='lat' dir='ltr'>timor</span> <span class='ocrx_word' id='word_1_159' title='bbox 2091 1358 2344 1432; x_wconf 91' lang='lat' dir='ltr'>quidam</span> <span class='ocrx_word' id='word_1_160' title='bbox 2385 1357 2715 1413; x_wconf 90' lang='lat' dir='ltr'>secundum</span> <span class='ocrx_word' id='word_1_161' title='bbox 2754 1361 3055 1421; x_wconf 89' lang='lat' dir='ltr'>naturam,</span> <span class='ocrx_word' id='word_1_162' title='bbox 3102 1370 3242 1411; x_wconf 92' lang='lat' dir='ltr'>cum</span> <span class='ocrx_word' id='word_1_163' title='bbox 3288 1354 3529 1409; x_wconf 88' lang='lat' dir='ltr'>animus</span> 
     </span>
    </p>
   </div>
   <div class='ocr_carea' id='block_1_29' title="bbox 1870 1441 3531 1520">
    <p class='ocr_par' dir='ltr' id='par_1_29' title="bbox 1870 1441 3531 1520">
     <span class='ocr_line' id='line_1_30' title="bbox 1870 1441 3531 1520; baseline -0.005 -14"><span class='ocrx_word' id='word_1_164' title='bbox 1870 1466 1988 1508; x_wconf 90' lang='lat' dir='ltr'>non</span> <span class='ocrx_word' id='word_1_165' title='bbox 2033 1450 2156 1505; x_wconf 87' lang='lat' dir='ltr'>vult</span> <span class='ocrx_word' id='word_1_166' title='bbox 2202 1447 2467 1520; x_wconf 86' lang='lat' dir='ltr'>disjungi</span> <span class='ocrx_word' id='word_1_167' title='bbox 2517 1464 2554 1505; x_wconf 89' lang='lat' dir='ltr'>a</span> <span class='ocrx_word' id='word_1_168' title='bbox 2591 1462 2857 1519; x_wconf 88' lang='lat' dir='ltr'>corpore,</span> <span class='ocrx_word' id='word_1_169' title='bbox 2908 1449 3149 1517; x_wconf 86' lang='lat' dir='ltr'>propter</span> <span class='ocrx_word' id='word_1_170' title='bbox 3196 1444 3434 1499; x_wconf 88' lang='lat' dir='ltr'>insitam</span> <span class='ocrx_word' id='word_1_171' title='bbox 3475 1441 3531 1498; x_wconf 87' lang='lat' dir='ltr'>ei</span> 
     </span>
    </p>
   </div>
   <div class='ocr_carea' id='block_1_30' title="bbox 1870 1534 3532 1611">
    <p class='ocr_par' dir='ltr' id='par_1_30' title="bbox 1870 1534 3532 1611">
     <span class='ocr_line' id='line_1_31' title="bbox 1870 1534 3532 1611; baseline -0.005 -15"><span class='ocrx_word' id='word_1_172' title='bbox 1870 1540 1932 1597; x_wconf 89' lang='lat' dir='ltr'>in</span> <span class='ocrx_word' id='word_1_173' title='bbox 1989 1539 2282 1611; x_wconf 87' lang='lat' dir='ltr'>principio</span> <span class='ocrx_word' id='word_1_174' title='bbox 2345 1554 2381 1593; x_wconf 89' lang='lat' dir='ltr'>a</span> <span class='ocrx_word' id='word_1_175' title='bbox 2433 1536 2709 1592; x_wconf 89' lang='lat' dir='ltr'>Creatore</span> <span class='ocrx_word' id='word_1_176' title='bbox 2758 1534 3242 1606; x_wconf 86' lang='lat' dir='ltr'>compassionem</span> <span class='ocrx_word' id='word_1_177' title='bbox 3295 1537 3352 1588; x_wconf 91' lang='lat' dir='ltr'>et</span> <span class='ocrx_word' id='word_1_178' title='bbox 3391 1546 3532 1587; x_wconf 88' lang='lat' dir='ltr'>con-</span> 
     </span>
    </p>
   </div>
   <div class='ocr_carea' id='block_1_31' title="bbox 1869 1625 3537 1702">
    <p class='ocr_par' dir='ltr' id='par_1_31' title="bbox 1869 1625 3537 1702">
     <span class='ocr_line' id='line_1_32' title="bbox 1869 1625 3537 1702; baseline -0.006 -18"><span class='ocrx_word' id='word_1_179' title='bbox 1869 1628 2261 1702; x_wconf 89' lang='lat' dir='ltr'>junctionem.</span> <span class='ocrx_word' id='word_1_180' title='bbox 2316 1628 2413 1681; x_wconf 85' lang='lat' dir='ltr'>Est</span> <span class='ocrx_word' id='word_1_181' title='bbox 2468 1641 2602 1680; x_wconf 86' lang='lat' dir='ltr'>vero</span> <span class='ocrx_word' id='word_1_182' title='bbox 2642 1625 2818 1680; x_wconf 90' lang='lat' dir='ltr'>etiam</span> <span class='ocrx_word' id='word_1_183' title='bbox 2873 1626 3047 1679; x_wconf 90' lang='lat' dir='ltr'>timor</span> <span class='ocrx_word' id='word_1_184' title='bbox 3103 1627 3303 1678; x_wconf 86' lang='lat' dir='ltr'>contra</span> <span class='ocrx_word' id='word_1_185' title='bbox 3355 1625 3537 1676; x_wconf 88' lang='lat' dir='ltr'>natu-</span> 
     </span>
    </p>
   </div>
   <div class='ocr_carea' id='block_1_32' title="bbox 1874 1708 3536 1789">
    <p class='ocr_par' dir='ltr' id='par_1_32' title="bbox 1874 1708 3536 1789">
     <span class='ocr_line' id='line_1_33' title="bbox 1874 1708 3536 1789; baseline -0.006 -15"><span class='ocrx_word' id='word_1_186' title='bbox 1874 1734 2005 1774; x_wconf 90' lang='lat' dir='ltr'>ram</span> <span class='ocrx_word' id='word_1_187' title='bbox 2034 1717 2138 1789; x_wconf 89' lang='lat' dir='ltr'>qui</span> <span class='ocrx_word' id='word_1_188' title='bbox 2167 1732 2239 1771; x_wconf 84' lang='lat' dir='ltr'>ex</span> <span class='ocrx_word' id='word_1_189' title='bbox 2270 1714 2547 1784; x_wconf 87' lang='lat' dir='ltr'>neglectu</span> <span class='ocrx_word' id='word_1_190' title='bbox 2592 1729 2757 1769; x_wconf 82' lang='lat' dir='ltr'>sanae</span> <span class='ocrx_word' id='word_1_191' title='bbox 2801 1712 3049 1768; x_wconf 86' lang='lat' dir='ltr'>rationis</span> <span class='ocrx_word' id='word_1_192' title='bbox 3079 1716 3135 1767; x_wconf 89' lang='lat' dir='ltr'>et</span> <span class='ocrx_word' id='word_1_193' title='bbox 3187 1708 3536 1766; x_wconf 90' lang='lat' dir='ltr'>inﬁdelitate</span> 
     </span>
    </p>
   </div>
   <div class='ocr_carea' id='block_1_33' title="bbox 154 1794 1808 1876">
    <p class='ocr_par' dir='ltr' id='par_1_33' title="bbox 154 1794 1808 1873">
     <span class='ocr_line' id='line_1_34' title="bbox 154 1794 1808 1873; baseline 0 -23"><span class='ocrx_word' id='word_1_194' title='bbox 154 1803 302 1851; x_wconf 85' lang='grc' dir='ltr'><strong><em>νυκτὶ</em></strong></span> <span class='ocrx_word' id='word_1_195' title='bbox 358 1794 531 1869; x_wconf 82' lang='grc' dir='ltr'><strong><em>δειλιᾴ</em></strong></span> <span class='ocrx_word' id='word_1_196' title='bbox 587 1795 681 1852; x_wconf 74' lang='grc' dir='ltr'><strong><em>διὰ</em></strong></span> <span class='ocrx_word' id='word_1_197' title='bbox 752 1802 815 1852; x_wconf 82' lang='grc' dir='ltr'><strong><em>τὰ</em></strong></span> <span class='ocrx_word' id='word_1_198' title='bbox 880 1802 1129 1873; x_wconf 76' lang='grc' dir='ltr'><strong><em>φάσματα</em></strong></span> <span class='ocrx_word' id='word_1_199' title='bbox 1196 1805 1286 1853; x_wconf 78' lang='grc' dir='ltr'><strong><em>καὶ</em></strong></span> <span class='ocrx_word' id='word_1_200' title='bbox 1358 1803 1476 1862; x_wconf 83' lang='grc' dir='ltr'><strong><em>τοὺς</em></strong></span> <span class='ocrx_word' id='word_1_201' title='bbox 1543 1799 1808 1872; x_wconf 70' lang='grc' dir='ltr'>ψόφους.]</span> 
     </span>
    </p>
   </div>
   <div class='ocr_carea' id='block_1_34' title="bbox 1913 1794 3536 1876">
    <p class='ocr_par' dir='ltr' id='par_1_34' title="bbox 1916 1802 3536 1876">
     <span class='ocr_line' id='line_1_35' title="bbox 1916 1802 3536 1876; baseline -0.007 -12"><span class='ocrx_word' id='word_1_202' title='bbox 1916 1808 2081 1873; x_wconf 91' lang='lat' dir='ltr'>ritur,</span> <span class='ocrx_word' id='word_1_203' title='bbox 2113 1804 2318 1872; x_wconf 89' lang='lat' dir='ltr'>veluti,</span> <span class='ocrx_word' id='word_1_204' title='bbox 2342 1820 2480 1860; x_wconf 85' lang='lat' dir='ltr'>cum</span> <span class='ocrx_word' id='word_1_205' title='bbox 2510 1802 2647 1876; x_wconf 86' lang='lat' dir='ltr'>quis</span> <span class='ocrx_word' id='word_1_206' title='bbox 2680 1807 2851 1858; x_wconf 86' lang='lat' dir='ltr'>nocte</span> <span class='ocrx_word' id='word_1_207' title='bbox 2876 1802 3059 1869; x_wconf 85' lang='lat' dir='ltr'>timet,</span> <span class='ocrx_word' id='word_1_208' title='bbox 3107 1804 3354 1871; x_wconf 88' lang='lat' dir='ltr'>propter</span> <span class='ocrx_word' id='word_1_209' title='bbox 3404 1813 3536 1870; x_wconf 88' lang='lat' dir='ltr'>spe-</span> 
     </span>
    </p>
   </div>
   <div class='ocr_carea' id='block_1_35' title="bbox 158 1884 1767 1966">
    <p class='ocr_par' dir='ltr' id='par_1_35' title="bbox 158 1884 1767 1966">
     <span class='ocr_line' id='line_1_36' title="bbox 158 1884 1767 1966; baseline -0.001 -25"><span class='ocrx_word' id='word_1_210' title='bbox 158 1891 367 1946; x_wconf 84' lang='grc' dir='ltr'><strong><em>Ταύτην</em></strong></span> <span class='ocrx_word' id='word_1_211' title='bbox 397 1884 456 1941; x_wconf 76' lang='grc' dir='ltr'><strong><em>δὲ</em></strong></span> <span class='ocrx_word' id='word_1_212' title='bbox 487 1892 579 1947; x_wconf 78' lang='grc' dir='ltr'>τὴν</span> <span class='ocrx_word' id='word_1_213' title='bbox 626 1885 843 1962; x_wconf 85' lang='grc' dir='ltr'><strong><em>δειλίαν,</em></strong></span> <span class='ocrx_word' id='word_1_214' title='bbox 877 1892 942 1952; x_wconf 83' lang='grc' dir='ltr'><strong><em>ὡς</em></strong></span> <span class='ocrx_word' id='word_1_215' title='bbox 970 1892 1116 1966; x_wconf 83' lang='grc' dir='ltr'><strong><em>παρὰ</em></strong></span> <span class='ocrx_word' id='word_1_216' title='bbox 1154 1893 1329 1964; x_wconf 70' lang='grc' dir='ltr'><strong><em>φύσιν,</em></strong></span> <span class='ocrx_word' id='word_1_217' title='bbox 1379 1891 1405 1942; x_wconf 86' lang='grc' dir='ltr'><em>ὀ</em></span> <span class='ocrx_word' id='word_1_218' title='bbox 1448 1892 1679 1964; x_wconf 86' lang='grc' dir='ltr'><strong><em>Χριστὸς</em></strong></span> <span class='ocrx_word' id='word_1_219' title='bbox 1709 1892 1767 1940; x_wconf 85' lang='grc' dir='ltr'>οὺ</span> 
     </span>
    </p>
   </div>
   <div class='ocr_carea' id='block_1_36' title="bbox 159 1975 520 2051">
    <p class='ocr_par' dir='ltr' id='par_1_36' title="bbox 159 1975 520 2051">
     <span class='ocr_line' id='line_1_37' title="bbox 159 1975 520 2051; baseline 0.003 -21"><span class='ocrx_word' id='word_1_220' title='bbox 159 1975 520 2051; x_wconf 58' lang='grc' dir='ltr'><strong><em>προσήκατο]</em></strong></span> 
     </span>
    </p>
   </div>
   <div class='ocr_carea' id='block_1_37' title="bbox 231 2067 1775 2143">
    <p class='ocr_par' dir='ltr' id='par_1_37' title="bbox 231 2067 1775 2143">
     <span class='ocr_line' id='line_1_38' title="bbox 231 2067 1775 2143; baseline -0.001 -23"><span class='ocrx_word' id='word_1_221' title='bbox 231 2069 345 2120; x_wconf 71' lang='grc' dir='ltr'>Οὐκ</span> <span class='ocrx_word' id='word_1_222' title='bbox 396 2068 462 2128; x_wconf 85' lang='grc' dir='ltr'><strong><em>εἰς</em></strong></span> <span class='ocrx_word' id='word_1_223' title='bbox 525 2071 620 2126; x_wconf 81' lang='grc' dir='ltr'>τὴν</span> <span class='ocrx_word' id='word_1_224' title='bbox 677 2073 986 2143; x_wconf 78' lang='grc' dir='ltr'><strong><em>προσευχὴν</em></strong></span> <span class='ocrx_word' id='word_1_225' title='bbox 1037 2067 1320 2143; x_wconf 79' lang='grc' dir='ltr'><strong><em>παρέλαϐεν</em></strong></span> <span class='ocrx_word' id='word_1_226' title='bbox 1381 2068 1590 2135; x_wconf 73' lang='grc' dir='ltr'><strong><em>αὐτοὺς,</em></strong></span> <span class='ocrx_word' id='word_1_227' title='bbox 1645 2067 1775 2120; x_wconf 80' lang='grc' dir='ltr'><strong><em>ἀλλὰ</em></strong></span> 
     </span>
    </p>
   </div>
   <div class='ocr_carea' id='block_1_38' title="bbox 165 2154 1776 2231">
    <p class='ocr_par' dir='ltr' id='par_1_38' title="bbox 165 2154 1776 2231">
     <span class='ocr_line' id='line_1_39' title="bbox 165 2154 1776 2231; baseline 0.001 -22"><span class='ocrx_word' id='word_1_228' title='bbox 165 2160 262 2230; x_wconf 82' lang='grc' dir='ltr'><strong><em>πρὸ</em></strong></span> <span class='ocrx_word' id='word_1_229' title='bbox 306 2166 406 2219; x_wconf 82' lang='grc' dir='ltr'><strong><em>τῆς</em></strong></span> <span class='ocrx_word' id='word_1_230' title='bbox 446 2166 774 2231; x_wconf 74' lang='grc' dir='ltr'><strong><em>προσευχῆς,</em></strong></span> <span class='ocrx_word' id='word_1_231' title='bbox 833 2154 949 2231; x_wconf 82' lang='grc' dir='ltr'><strong><em>ἰδίᾳ</em></strong></span> <span class='ocrx_word' id='word_1_232' title='bbox 990 2166 1091 2211; x_wconf 89' lang='grc' dir='ltr'><strong><em>τῶν</em></strong></span> <span class='ocrx_word' id='word_1_233' title='bbox 1134 2158 1298 2210; x_wconf 79' lang='grc' dir='ltr'><strong><em>ἄλλων</em></strong></span> <span class='ocrx_word' id='word_1_234' title='bbox 1341 2160 1608 2231; x_wconf 81' lang='grc' dir='ltr'><strong><em>μαθητῶν,</em></strong></span> <span class='ocrx_word' id='word_1_235' title='bbox 1641 2159 1776 2211; x_wconf 86' lang='grc' dir='ltr'><strong><em>ὥστε</em></strong></span> 
     </span>
    </p>
   </div>
   <div class='ocr_carea' id='block_1_39' title="bbox 165 2243 1777 2321">
    <p class='ocr_par' dir='ltr' id='par_1_39' title="bbox 165 2243 1777 2321">
     <span class='ocr_line' id='line_1_40' title="bbox 165 2243 1777 2321; baseline 0 -22"><span class='ocrx_word' id='word_1_236' title='bbox 165 2253 318 2321; x_wconf 81' lang='grc' dir='ltr'><strong><em>μόνον</em></strong></span> <span class='ocrx_word' id='word_1_237' title='bbox 370 2243 708 2310; x_wconf 76' lang='grc' dir='ltr'><strong><em>ἐνδείξασθαὶ</em></strong></span> <span class='ocrx_word' id='word_1_238' title='bbox 756 2247 934 2309; x_wconf 79' lang='grc' dir='ltr'><strong><em>αὐτοῖς</em></strong></span> <span class='ocrx_word' id='word_1_239' title='bbox 977 2250 1043 2299; x_wconf 83' lang='grc' dir='ltr'><strong><em>τὰ</em></strong></span> <span class='ocrx_word' id='word_1_240' title='bbox 1086 2256 1180 2311; x_wconf 81' lang='grc' dir='ltr'><strong><em>τῆς</em></strong></span> <span class='ocrx_word' id='word_1_241' title='bbox 1225 2247 1413 2311; x_wconf 80' lang='grc' dir='ltr'><strong><em>λύπης.</em></strong></span> <span class='ocrx_word' id='word_1_242' title='bbox 1455 2249 1668 2321; x_wconf 79' lang='grc' dir='ltr'><strong><em>Μάρκος</em></strong></span> <span class='ocrx_word' id='word_1_243' title='bbox 1718 2243 1777 2299; x_wconf 82' lang='grc' dir='ltr'><strong><em>δέ</em></strong></span> 
     </span>
    </p>
   </div>
   <div class='ocr_carea' id='block_1_40' title="bbox 168 2333 1774 2410">
    <p class='ocr_par' dir='ltr' id='par_1_40' title="bbox 168 2333 1774 2410">
     <span class='ocr_line' id='line_1_41' title="bbox 168 2333 1774 2410; baseline 0 -20"><span class='ocrx_word' id='word_1_244' title='bbox 168 2356 326 2410; x_wconf 72' lang='grc' dir='ltr'><strong><em>φησιν</em></strong></span> <span class='ocrx_word' id='word_1_245' title='bbox 406 2337 490 2388; x_wconf 85' lang='grc' dir='ltr'><strong><em>ὅτι</em></strong></span> <span class='ocrx_word' id='word_1_246' title='bbox 556 2335 753 2409; x_wconf 79' lang='grc' dir='ltr'><strong><em>ἤρξατο</em></strong></span> <span class='ocrx_word' id='word_1_247' title='bbox 838 2334 1232 2410; x_wconf 72' lang='grc' dir='ltr'><strong><em>ἕκθαμϐεῖσθαι,</em></strong></span> <span class='ocrx_word' id='word_1_248' title='bbox 1315 2340 1476 2409; x_wconf 72' lang='grc' dir='ltr'><strong><em>ἤγουν</em></strong></span> <span class='ocrx_word' id='word_1_249' title='bbox 1558 2333 1774 2407; x_wconf 78' lang='grc' dir='ltr'><strong><em>δειλιᾴν.</em></strong></span> 
     </span>
    </p>
   </div>
   <div class='ocr_carea' id='block_1_41' title="bbox 169 2422 1780 2498">
    <p class='ocr_par' dir='ltr' id='par_1_41' title="bbox 169 2422 1780 2498">
     <span class='ocr_line' id='line_1_42' title="bbox 169 2422 1780 2498; baseline -0.002 -18"><span class='ocrx_word' id='word_1_250' title='bbox 169 2427 357 2498; x_wconf 55' lang='grc' dir='ltr'><strong><em>Ἐρῆκε</em></strong></span> <span class='ocrx_word' id='word_1_251' title='bbox 404 2428 504 2498; x_wconf 73' lang='grc' dir='ltr'>γὰρ</span> <span class='ocrx_word' id='word_1_252' title='bbox 554 2433 617 2498; x_wconf 69' lang='grc' dir='ltr'><strong><em>τῇ</em></strong></span> <span class='ocrx_word' id='word_1_253' title='bbox 675 2427 826 2498; x_wconf 65' lang='grc' dir='ltr'><strong><em>φύσει</em></strong></span> <span class='ocrx_word' id='word_1_254' title='bbox 873 2427 1106 2498; x_wconf 82' lang='grc' dir='ltr'><strong><em>πάσχειν</em></strong></span> <span class='ocrx_word' id='word_1_255' title='bbox 1145 2429 1204 2479; x_wconf 86' lang='grc' dir='ltr'><strong><em>τὸ</em></strong></span> <span class='ocrx_word' id='word_1_256' title='bbox 1251 2422 1415 2483; x_wconf 81' lang='grc' dir='ltr'><strong><em>ἴδιον.</em></strong></span> <span class='ocrx_word' id='word_1_257' title='bbox 1470 2422 1780 2498; x_wconf 81' lang='grc' dir='ltr'><strong><em>Ἀδημονεῐν</em></strong></span> 
     </span>
    </p>
   </div>
   <div class='ocr_carea' id='block_1_42' title="bbox 174 2510 1782 2588">
    <p class='ocr_par' dir='ltr' id='par_1_42' title="bbox 174 2510 1782 2588">
     <span class='ocr_line' id='line_1_43' title="bbox 174 2510 1782 2588; baseline -0.001 -22"><span class='ocrx_word' id='word_1_258' title='bbox 174 2510 229 2567; x_wconf 62' lang='grc' dir='ltr'><strong><em>δὲ</em></strong></span> <span class='ocrx_word' id='word_1_259' title='bbox 276 2522 364 2565; x_wconf 77' lang='grc' dir='ltr'><strong><em>νῦν</em></strong></span> <span class='ocrx_word' id='word_1_260' title='bbox 418 2517 476 2565; x_wconf 86' lang='grc' dir='ltr'><strong><em>τὸ</em></strong></span> <span class='ocrx_word' id='word_1_261' title='bbox 533 2516 857 2587; x_wconf 85' lang='grc' dir='ltr'><strong><em>Βαρυθυμεῖν</em></strong></span> <span class='ocrx_word' id='word_1_262' title='bbox 919 2522 1131 2570; x_wconf 89' lang='grc' dir='ltr'><strong><em>νοεῖται.</em></strong></span> <span class='ocrx_word' id='word_1_263' title='bbox 1186 2519 1292 2574; x_wconf 79' lang='grc' dir='ltr'>Τὴν</span> <span class='ocrx_word' id='word_1_264' title='bbox 1340 2518 1429 2588; x_wconf 74' lang='grc' dir='ltr'><strong><em>μὲν</em></strong></span> <span class='ocrx_word' id='word_1_265' title='bbox 1480 2511 1567 2567; x_wconf 80' lang='grc' dir='ltr'>οὖν</span> <span class='ocrx_word' id='word_1_266' title='bbox 1615 2514 1782 2573; x_wconf 91' lang='grc' dir='ltr'><strong><em>λύπην</em></strong></span> 
     </span>
    </p>
   </div>
   <div class='ocr_carea' id='block_1_43' title="bbox 169 2599 1788 2678">
    <p class='ocr_par' dir='ltr' id='par_1_43' title="bbox 169 2599 1788 2678">
     <span class='ocr_line' id='line_1_44' title="bbox 169 2599 1788 2678; baseline 0.001 -23"><span class='ocrx_word' id='word_1_267' title='bbox 169 2608 258 2655; x_wconf 80' lang='grc' dir='ltr'><strong><em>καὶ</em></strong></span> <span class='ocrx_word' id='word_1_268' title='bbox 307 2601 650 2677; x_wconf 78' lang='grc' dir='ltr'><strong><em>βαρυθυμίαν</em></strong></span> <span class='ocrx_word' id='word_1_269' title='bbox 704 2599 1045 2670; x_wconf 71' lang='grc' dir='ltr'><strong><em>ἐνδείκνυται,</em></strong></span> <span class='ocrx_word' id='word_1_270' title='bbox 1088 2600 1357 2673; x_wconf 83' lang='grc' dir='ltr'><strong><em>δεικνύων,</em></strong></span> <span class='ocrx_word' id='word_1_271' title='bbox 1405 2605 1481 2656; x_wconf 80' lang='grc' dir='ltr'><strong><em>ὅτι</em></strong></span> <span class='ocrx_word' id='word_1_272' title='bbox 1514 2605 1688 2678; x_wconf 88' lang='grc' dir='ltr'><strong><em>ὧσπερ</em></strong></span> <span class='ocrx_word' id='word_1_273' title='bbox 1719 2606 1788 2656; x_wconf 81' lang='grc' dir='ltr'><strong><em>τὰ</em></strong></span> 
     </span>
    </p>
   </div>
   <div class='ocr_carea' id='block_1_44' title="bbox 172 2691 1775 2770">
    <p class='ocr_par' dir='ltr' id='par_1_44' title="bbox 172 2691 1775 2770">
     <span class='ocr_line' id='line_1_45' title="bbox 172 2691 1775 2770; baseline 0.002 -25"><span class='ocrx_word' id='word_1_274' title='bbox 172 2694 344 2745; x_wconf 81' lang='grc' dir='ltr'><strong><em>πάντα</em></strong></span> <span class='ocrx_word' id='word_1_275' title='bbox 394 2697 520 2753; x_wconf 79' lang='grc' dir='ltr'><strong><em>Θεὸς</em></strong></span> <span class='ocrx_word' id='word_1_276' title='bbox 576 2691 739 2762; x_wconf 78' lang='grc' dir='ltr'><strong><em>ἐστιν,</em></strong></span> <span class='ocrx_word' id='word_1_277' title='bbox 808 2692 940 2746; x_wconf 72' lang='grc' dir='ltr'><strong><em>οὕτω</em></strong></span> <span class='ocrx_word' id='word_1_278' title='bbox 994 2698 1081 2746; x_wconf 79' lang='grc' dir='ltr'><strong><em>καὶ</em></strong></span> <span class='ocrx_word' id='word_1_279' title='bbox 1133 2696 1201 2746; x_wconf 82' lang='grc' dir='ltr'><strong><em>τὰ</em></strong></span> <span class='ocrx_word' id='word_1_280' title='bbox 1248 2695 1421 2747; x_wconf 88' lang='grc' dir='ltr'><strong><em>πάντα</em></strong></span> <span class='ocrx_word' id='word_1_281' title='bbox 1486 2695 1775 2770; x_wconf 82' lang='grc' dir='ltr'><strong><em>ἄνθρωπος.</em></strong></span> 
     </span>
    </p>
   </div>
   <div class='ocr_carea' id='block_1_45' title="bbox 172 2778 1787 2856">
    <p class='ocr_par' dir='ltr' id='par_1_45' title="bbox 172 2778 1787 2856">
     <span class='ocr_line' id='line_1_46' title="bbox 172 2778 1787 2856; baseline 0.001 -21"><span class='ocrx_word' id='word_1_282' title='bbox 172 2778 341 2835; x_wconf 79' lang='grc' dir='ltr'><strong><em>Ἱδιον</em></strong></span> <span class='ocrx_word' id='word_1_283' title='bbox 377 2778 437 2835; x_wconf 70' lang='grc' dir='ltr'><strong><em>δὲ</em></strong></span> <span class='ocrx_word' id='word_1_284' title='bbox 491 2780 814 2856; x_wconf 78' lang='grc' dir='ltr'><strong><em>ἀνθρωπίνης</em></strong></span> <span class='ocrx_word' id='word_1_285' title='bbox 860 2784 1063 2855; x_wconf 77' lang='grc' dir='ltr'><strong><em>φύσεως</em></strong></span> <span class='ocrx_word' id='word_1_286' title='bbox 1105 2782 1387 2836; x_wconf 89' lang='grc' dir='ltr'><strong><em>λυπεῖσθαι</em></strong></span> <span class='ocrx_word' id='word_1_287' title='bbox 1432 2780 1527 2836; x_wconf 83' lang='grc' dir='ltr'><strong><em>διὰ</em></strong></span> <span class='ocrx_word' id='word_1_288' title='bbox 1566 2788 1652 2836; x_wconf 86' lang='grc' dir='ltr'><strong><em>τὸν</em></strong></span> <span class='ocrx_word' id='word_1_289' title='bbox 1697 2785 1787 2836; x_wconf 86' lang='grc' dir='ltr'><strong><em>θά-</em></strong></span> 
     </span>
    </p>
   </div>
   <div class='ocr_carea' id='block_1_46' title="bbox 176 2870 1787 2946">
    <p class='ocr_par' dir='ltr' id='par_1_46' title="bbox 176 2870 1787 2946">
     <span class='ocr_line' id='line_1_47' title="bbox 176 2870 1787 2946; baseline 0.001 -24"><span class='ocrx_word' id='word_1_290' title='bbox 176 2890 347 2938; x_wconf 79' lang='grc' dir='ltr'><strong><em>νατον,</em></strong></span> <span class='ocrx_word' id='word_1_291' title='bbox 384 2875 476 2923; x_wconf 84' lang='grc' dir='ltr'><strong><em>καὶ</em></strong></span> <span class='ocrx_word' id='word_1_292' title='bbox 505 2871 737 2945; x_wconf 69' lang='grc' dir='ltr'><strong><em>μαλιστα</em></strong></span> <span class='ocrx_word' id='word_1_293' title='bbox 781 2874 866 2924; x_wconf 83' lang='grc' dir='ltr'><strong><em>τὸν</em></strong></span> <span class='ocrx_word' id='word_1_294' title='bbox 899 2870 1095 2944; x_wconf 81' lang='grc' dir='ltr'><strong><em>βίαιον,</em></strong></span> <span class='ocrx_word' id='word_1_295' title='bbox 1146 2876 1237 2925; x_wconf 84' lang='grc' dir='ltr'><strong><em>καὶ</em></strong></span> <span class='ocrx_word' id='word_1_296' title='bbox 1268 2871 1541 2946; x_wconf 73' lang='grc' dir='ltr'><strong><em>φοϐεῖσθαι</em></strong></span> <span class='ocrx_word' id='word_1_297' title='bbox 1582 2880 1787 2925; x_wconf 82' lang='grc' dir='ltr'><strong><em>τοῦτον.</em></strong></span> 
     </span>
    </p>
   </div>
   <div class='ocr_carea' id='block_1_47' title="bbox 179 2956 1792 3036">
    <p class='ocr_par' dir='ltr' id='par_1_47' title="bbox 179 2956 1792 3036">
     <span class='ocr_line' id='line_1_48' title="bbox 179 2956 1792 3036; baseline 0 -22"><span class='ocrx_word' id='word_1_298' title='bbox 179 2966 375 3023; x_wconf 59' lang='lat' dir='ltr'>meum;</span> <span class='ocrx_word' id='word_1_299' title='bbox 428 2956 491 3013; x_wconf 71' lang='grc' dir='ltr'>δε</span> <span class='ocrx_word' id='word_1_300' title='bbox 550 2963 752 3022; x_wconf 80' lang='grc' dir='ltr'><strong><em>τούτοις</em></strong></span> <span class='ocrx_word' id='word_1_301' title='bbox 808 2957 1147 3028; x_wconf 70' lang='grc' dir='ltr'><strong><em>ἐνδείκνυται,</em></strong></span> <span class='ocrx_word' id='word_1_302' title='bbox 1222 2964 1287 3023; x_wconf 84' lang='grc' dir='ltr'><strong><em>ὡς</em></strong></span> <span class='ocrx_word' id='word_1_303' title='bbox 1352 2967 1528 3035; x_wconf 87' lang='grc' dir='ltr'><strong><em>μόνοις</em></strong></span> <span class='ocrx_word' id='word_1_304' title='bbox 1587 2965 1792 3036; x_wconf 85' lang='grc' dir='ltr'><strong><em>θεωροῖς</em></strong></span> 
     </span>
    </p>
   </div>
   <div class='ocr_carea' id='block_1_48' title="bbox 180 3048 1795 3126">
    <p class='ocr_par' dir='ltr' id='par_1_48' title="bbox 180 3048 1795 3126">
     <span class='ocr_line' id='line_1_49' title="bbox 180 3048 1795 3126; baseline 0.001 -23"><span class='ocrx_word' id='word_1_305' title='bbox 180 3057 430 3123; x_wconf 60' lang='grc' dir='ltr'><strong><em>γεγονόσι</em></strong></span> <span class='ocrx_word' id='word_1_306' title='bbox 482 3055 573 3103; x_wconf 84' lang='grc' dir='ltr'><strong><em>καὶ</em></strong></span> <span class='ocrx_word' id='word_1_307' title='bbox 623 3058 719 3113; x_wconf 78' lang='grc' dir='ltr'><strong><em>τῆς</em></strong></span> <span class='ocrx_word' id='word_1_308' title='bbox 773 3049 821 3103; x_wconf 75' lang='grc' dir='ltr'><strong><em>ἐν</em></strong></span> <span class='ocrx_word' id='word_1_309' title='bbox 874 3058 935 3124; x_wconf 78' lang='grc' dir='ltr'><strong><em>τῇ</em></strong></span> <span class='ocrx_word' id='word_1_310' title='bbox 995 3056 1391 3126; x_wconf 79' lang='grc' dir='ltr'><strong><em>μεταμορφώσει</em></strong></span> <span class='ocrx_word' id='word_1_311' title='bbox 1444 3054 1579 3113; x_wconf 88' lang='grc' dir='ltr'><strong><em>θείας</em></strong></span> <span class='ocrx_word' id='word_1_312' title='bbox 1632 3048 1795 3115; x_wconf 83' lang='grc' dir='ltr'><strong><em>δόξης</em></strong></span> 
     </span>
    </p>
   </div>
   <div class='ocr_carea' id='block_1_49' title="bbox 1877 1887 3541 1960">
    <p class='ocr_par' dir='ltr' id='par_1_49' title="bbox 1877 1887 3541 1960">
     <span class='ocr_line' id='line_1_50' title="bbox 1877 1887 3541 1960; baseline -0.007 -5"><span class='ocrx_word' id='word_1_313' title='bbox 1877 1903 2004 1955; x_wconf 89' lang='lat' dir='ltr'>ctra</span> <span class='ocrx_word' id='word_1_314' title='bbox 2032 1900 2135 1952; x_wconf 90' lang='lat' dir='ltr'>aut</span> <span class='ocrx_word' id='word_1_315' title='bbox 2158 1894 2406 1950; x_wconf 86' lang='lat' dir='ltr'>sonitus.</span> <span class='ocrx_word' id='word_1_316' title='bbox 2439 1891 2609 1948; x_wconf 90' lang='lat' dir='ltr'>Hunc</span> <span class='ocrx_word' id='word_1_317' title='bbox 2637 1891 2913 1947; x_wconf 88' lang='lat' dir='ltr'>timorem</span> <span class='ocrx_word' id='word_1_318' title='bbox 2944 1895 3168 1955; x_wconf 90' lang='lat' dir='ltr'>autem,</span> <span class='ocrx_word' id='word_1_319' title='bbox 3203 1887 3300 1960; x_wconf 89' lang='lat' dir='ltr'>qui</span> <span class='ocrx_word' id='word_1_320' title='bbox 3331 1893 3541 1944; x_wconf 85' lang='lat' dir='ltr'>contra</span> 
     </span>
    </p>
   </div>
   <div class='ocr_carea' id='block_1_50' title="bbox 1879 1978 3005 2049">
    <p class='ocr_par' dir='ltr' id='par_1_50' title="bbox 1879 1978 3005 2049">
     <span class='ocr_line' id='line_1_51' title="bbox 1879 1978 3005 2049; baseline -0.012 -5"><span class='ocrx_word' id='word_1_321' title='bbox 1879 1996 2149 2044; x_wconf 86' lang='lat' dir='ltr'>naturam</span> <span class='ocrx_word' id='word_1_322' title='bbox 2180 1988 2288 2049; x_wconf 86' lang='lat' dir='ltr'>est,</span> <span class='ocrx_word' id='word_1_323' title='bbox 2325 1982 2591 2039; x_wconf 86' lang='lat' dir='ltr'>Christus</span> <span class='ocrx_word' id='word_1_324' title='bbox 2622 1995 2745 2037; x_wconf 92' lang='lat' dir='ltr'>non</span> <span class='ocrx_word' id='word_1_325' title='bbox 2776 1978 3005 2036; x_wconf 87' lang='lat' dir='ltr'>habuit.</span> 
     </span>
    </p>
   </div>
   <div class='ocr_carea' id='block_1_51' title="bbox 1955 2066 3541 2141">
    <p class='ocr_par' dir='ltr' id='par_1_51' title="bbox 1955 2066 3541 2141">
     <span class='ocr_line' id='line_1_52' title="bbox 1955 2066 3541 2141; baseline -0.007 -9"><span class='ocrx_word' id='word_1_326' title='bbox 1955 2078 2085 2132; x_wconf 92' lang='lat' dir='ltr'>Non</span> <span class='ocrx_word' id='word_1_327' title='bbox 2114 2074 2186 2130; x_wconf 88' lang='lat' dir='ltr'>ad</span> <span class='ocrx_word' id='word_1_328' title='bbox 2213 2073 2537 2130; x_wconf 87' lang='lat' dir='ltr'>orationem</span> <span class='ocrx_word' id='word_1_329' title='bbox 2574 2086 2678 2127; x_wconf 88' lang='lat' dir='ltr'>eos</span> <span class='ocrx_word' id='word_1_330' title='bbox 2708 2069 3057 2141; x_wconf 86' lang='lat' dir='ltr'>assumpsit,</span> <span class='ocrx_word' id='word_1_331' title='bbox 3087 2066 3191 2123; x_wconf 91' lang='lat' dir='ltr'>sed</span> <span class='ocrx_word' id='word_1_332' title='bbox 3220 2069 3541 2137; x_wconf 87' lang='lat' dir='ltr'>autequam</span> 
     </span>
    </p>
   </div>
   <div class='ocr_carea' id='block_1_52' title="bbox 1884 2154 3548 2231">
    <p class='ocr_par' dir='ltr' id='par_1_52' title="bbox 1884 2154 3548 2231">
     <span class='ocr_line' id='line_1_53' title="bbox 1884 2154 3548 2231; baseline -0.008 -9"><span class='ocrx_word' id='word_1_333' title='bbox 1884 2171 2097 2231; x_wconf 87' lang='lat' dir='ltr'>oraret,</span> <span class='ocrx_word' id='word_1_334' title='bbox 2163 2167 2228 2218; x_wconf 89' lang='lat' dir='ltr'>ut</span> <span class='ocrx_word' id='word_1_335' title='bbox 2275 2161 2525 2217; x_wconf 89' lang='lat' dir='ltr'>seorsim</span> <span class='ocrx_word' id='word_1_336' title='bbox 2581 2157 2872 2230; x_wconf 88' lang='lat' dir='ltr'>separatis</span> <span class='ocrx_word' id='word_1_337' title='bbox 2922 2157 3001 2213; x_wconf 89' lang='lat' dir='ltr'>ab</span> <span class='ocrx_word' id='word_1_338' title='bbox 3052 2156 3185 2212; x_wconf 89' lang='lat' dir='ltr'>aliis</span> <span class='ocrx_word' id='word_1_339' title='bbox 3237 2154 3548 2228; x_wconf 88' lang='lat' dir='ltr'>discipulis</span> 
     </span>
    </p>
   </div>
   <div class='ocr_carea' id='block_1_53' title="bbox 1886 2243 3546 2311">
    <p class='ocr_par' dir='ltr' id='par_1_53' title="bbox 1886 2243 3546 2311">
     <span class='ocr_line' id='line_1_54' title="bbox 1886 2243 3546 2311; baseline -0.008 0"><span class='ocrx_word' id='word_1_340' title='bbox 1886 2270 2061 2311; x_wconf 89' lang='lat' dir='ltr'>suam</span> <span class='ocrx_word' id='word_1_341' title='bbox 2114 2252 2452 2309; x_wconf 85' lang='lat' dir='ltr'>ostenderet</span> <span class='ocrx_word' id='word_1_342' title='bbox 2497 2248 2813 2305; x_wconf 85' lang='lat' dir='ltr'>tristitiam.</span> <span class='ocrx_word' id='word_1_343' title='bbox 2867 2246 3099 2303; x_wconf 87' lang='lat' dir='ltr'>Marcus</span> <span class='ocrx_word' id='word_1_344' title='bbox 3134 2249 3331 2301; x_wconf 89' lang='lat' dir='ltr'>autem</span> <span class='ocrx_word' id='word_1_345' title='bbox 3384 2243 3546 2309; x_wconf 91' lang='lat' dir='ltr'>dicit,</span> 
     </span>
    </p>
   </div>
   <div class='ocr_carea' id='block_1_54' title="bbox 1888 2331 3550 2417">
    <p class='ocr_par' dir='ltr' id='par_1_54' title="bbox 1888 2331 3550 2417">
     <span class='ocr_line' id='line_1_55' title="bbox 1888 2331 3550 2417; baseline -0.008 -17"><span class='ocrx_word' id='word_1_346' title='bbox 1888 2342 2053 2417; x_wconf 89' lang='lat' dir='ltr'>quod</span> <span class='ocrx_word' id='word_1_347' title='bbox 2085 2340 2259 2413; x_wconf 69' lang='lat' dir='ltr'>coepit</span> <span class='ocrx_word' id='word_1_348' title='bbox 2284 2352 2699 2411; x_wconf 84' lang='lat' dir='ltr'>expavescere,</span> <span class='ocrx_word' id='word_1_349' title='bbox 2731 2336 2794 2393; x_wconf 89' lang='lat' dir='ltr'>id</span> <span class='ocrx_word' id='word_1_350' title='bbox 2817 2339 2911 2392; x_wconf 92' lang='lat' dir='ltr'>est</span> <span class='ocrx_word' id='word_1_351' title='bbox 2942 2335 3148 2390; x_wconf 92' lang='lat' dir='ltr'>timere</span> <span class='ocrx_word' id='word_1_352' title='bbox 3170 2335 3237 2388; x_wconf 70' lang='grc' dir='ltr'>δι.</span> <span class='ocrx_word' id='word_1_353' title='bbox 3268 2331 3550 2390; x_wconf 85' lang='lat' dir='ltr'>Permisit</span> 
     </span>
    </p>
   </div>
   <div class='ocr_carea' id='block_1_55' title="bbox 1890 2419 3549 2501">
    <p class='ocr_par' dir='ltr' id='par_1_55' title="bbox 1890 2419 3549 2501">
     <span class='ocr_line' id='line_1_56' title="bbox 1890 2419 3549 2501; baseline -0.01 -11"><span class='ocrx_word' id='word_1_354' title='bbox 1890 2435 2045 2490; x_wconf 90' lang='lat' dir='ltr'>enim</span> <span class='ocrx_word' id='word_1_355' title='bbox 2096 2436 2327 2488; x_wconf 73' lang='lat' dir='ltr'>naturae</span> <span class='ocrx_word' id='word_1_356' title='bbox 2383 2428 2511 2501; x_wconf 88' lang='lat' dir='ltr'>pati</span> <span class='ocrx_word' id='word_1_357' title='bbox 2568 2426 2732 2499; x_wconf 91' lang='lat' dir='ltr'>quod</span> <span class='ocrx_word' id='word_1_358' title='bbox 2800 2441 2977 2480; x_wconf 88' lang='lat' dir='ltr'>suum</span> <span class='ocrx_word' id='word_1_359' title='bbox 3038 2428 3182 2480; x_wconf 86' lang='lat' dir='ltr'>erat.</span> <span class='ocrx_word' id='word_1_360' title='bbox 3240 2419 3549 2493; x_wconf 82' lang='grc' dir='ltr'><strong><em>Ἀδημονείν</em></strong></span> 
     </span>
    </p>
   </div>
   <div class='ocr_carea' id='block_1_56' title="bbox 1892 2512 3554 2594">
    <p class='ocr_par' dir='ltr' id='par_1_56' title="bbox 1892 2512 3554 2594">
     <span class='ocr_line' id='line_1_57' title="bbox 1892 2512 3554 2594; baseline -0.009 -13"><span class='ocrx_word' id='word_1_361' title='bbox 1892 2529 2091 2580; x_wconf 86' lang='lat' dir='ltr'>autem</span> <span class='ocrx_word' id='word_1_362' title='bbox 2114 2522 2246 2594; x_wconf 90' lang='lat' dir='ltr'>(pro</span> <span class='ocrx_word' id='word_1_363' title='bbox 2294 2535 2410 2593; x_wconf 90' lang='lat' dir='ltr'>quo</span> <span class='ocrx_word' id='word_1_364' title='bbox 2438 2524 2709 2575; x_wconf 79' lang='lat' dir='ltr'>mcestum</span> <span class='ocrx_word' id='word_1_365' title='bbox 2736 2532 2863 2572; x_wconf 88' lang='lat' dir='ltr'>esse</span> <span class='ocrx_word' id='word_1_366' title='bbox 2912 2514 3214 2583; x_wconf 88' lang='lat' dir='ltr'>vertimus)</span> <span class='ocrx_word' id='word_1_367' title='bbox 3249 2512 3554 2594; x_wconf 86' lang='lat' dir='ltr'>signiﬁcat</span> 
     </span>
    </p>
   </div>
   <div class='ocr_carea' id='block_1_57' title="bbox 1891 2592 3554 2675">
    <p class='ocr_par' dir='ltr' id='par_1_57' title="bbox 1891 2592 3554 2675">
     <span class='ocr_line' id='line_1_58' title="bbox 1891 2592 3554 2675; baseline -0.009 -4"><span class='ocrx_word' id='word_1_368' title='bbox 1891 2629 2054 2671; x_wconf 91' lang='lat' dir='ltr'>nunc</span> <span class='ocrx_word' id='word_1_369' title='bbox 2110 2592 2329 2667; x_wconf 68' lang='lat' dir='ltr'>acerbo</span> <span class='ocrx_word' id='word_1_370' title='bbox 2374 2623 2507 2664; x_wconf 89' lang='lat' dir='ltr'>esse</span> <span class='ocrx_word' id='word_1_371' title='bbox 2558 2608 2783 2663; x_wconf 88' lang='lat' dir='ltr'>animo.</span> <span class='ocrx_word' id='word_1_372' title='bbox 2847 2604 3179 2662; x_wconf 74' lang='lat' dir='ltr'>Mmstitiam</span> <span class='ocrx_word' id='word_1_373' title='bbox 3242 2592 3440 2675; x_wconf 89' lang='lat' dir='ltr'>itaque</span> <span class='ocrx_word' id='word_1_374' title='bbox 3496 2605 3554 2656; x_wconf 90' lang='lat' dir='ltr'>et</span> 
     </span>
    </p>
   </div>
   <div class='ocr_carea' id='block_1_58' title="bbox 1893 2689 3557 2765">
    <p class='ocr_par' dir='ltr' id='par_1_58' title="bbox 1893 2689 3557 2765">
     <span class='ocr_line' id='line_1_59' title="bbox 1893 2689 3557 2765; baseline -0.008 -6"><span class='ocrx_word' id='word_1_375' title='bbox 1893 2702 2074 2761; x_wconf 86' lang='lat' dir='ltr'>animi</span> <span class='ocrx_word' id='word_1_376' title='bbox 2129 2698 2520 2757; x_wconf 86' lang='lat' dir='ltr'>acerbitatem</span> <span class='ocrx_word' id='word_1_377' title='bbox 2565 2696 2979 2753; x_wconf 87' lang='lat' dir='ltr'>demonstrat:</span> <span class='ocrx_word' id='word_1_378' title='bbox 3014 2692 3337 2750; x_wconf 91' lang='lat' dir='ltr'>ostendens</span> <span class='ocrx_word' id='word_1_379' title='bbox 3388 2689 3557 2765; x_wconf 91' lang='lat' dir='ltr'>quod</span> 
     </span>
    </p>
   </div>
   <div class='ocr_carea' id='block_1_59' title="bbox 1897 2782 3555 2852">
    <p class='ocr_par' dir='ltr' id='par_1_59' title="bbox 1897 2782 3555 2852">
     <span class='ocr_line' id='line_1_60' title="bbox 1897 2782 3555 2852; baseline -0.008 -3"><span class='ocrx_word' id='word_1_380' title='bbox 1897 2793 2051 2849; x_wconf 90' lang='lat' dir='ltr'>sicut</span> <span class='ocrx_word' id='word_1_381' title='bbox 2096 2791 2347 2847; x_wconf 90' lang='lat' dir='ltr'>omnino</span> <span class='ocrx_word' id='word_1_382' title='bbox 2400 2789 2556 2843; x_wconf 90' lang='lat' dir='ltr'>Deus</span> <span class='ocrx_word' id='word_1_383' title='bbox 2612 2789 2719 2852; x_wconf 90' lang='lat' dir='ltr'>est,</span> <span class='ocrx_word' id='word_1_384' title='bbox 2778 2785 2861 2841; x_wconf 90' lang='lat' dir='ltr'>ita</span> <span class='ocrx_word' id='word_1_385' title='bbox 2891 2784 3141 2839; x_wconf 91' lang='lat' dir='ltr'>omnino</span> <span class='ocrx_word' id='word_1_386' title='bbox 3182 2782 3368 2838; x_wconf 92' lang='lat' dir='ltr'>homo</span> <span class='ocrx_word' id='word_1_387' title='bbox 3422 2784 3555 2837; x_wconf 89' lang='lat' dir='ltr'>est:</span> 
     </span>
    </p>
   </div>
   <div class='ocr_carea' id='block_1_60' title="bbox 1897 2869 3561 2957">
    <p class='ocr_par' dir='ltr' id='par_1_60' title="bbox 1897 2869 3561 2957">
     <span class='ocr_line' id='line_1_61' title="bbox 1897 2869 3561 2957; baseline -0.008 -19"><span class='ocrx_word' id='word_1_388' title='bbox 1897 2880 2207 2957; x_wconf 86' lang='lat' dir='ltr'>proprium</span> <span class='ocrx_word' id='word_1_389' title='bbox 2239 2883 2325 2934; x_wconf 89' lang='lat' dir='ltr'>est</span> <span class='ocrx_word' id='word_1_390' title='bbox 2370 2881 2573 2933; x_wconf 90' lang='lat' dir='ltr'>autem</span> <span class='ocrx_word' id='word_1_391' title='bbox 2605 2876 2890 2931; x_wconf 74' lang='lat' dir='ltr'>humanm</span> <span class='ocrx_word' id='word_1_392' title='bbox 2939 2878 3165 2929; x_wconf 68' lang='lat' dir='ltr'>naturae</span> <span class='ocrx_word' id='word_1_393' title='bbox 3211 2869 3561 2927; x_wconf 78' lang='lat' dir='ltr'>maestitiam</span> 
     </span>
    </p>
   </div>
   <div class='ocr_carea' id='block_1_61' title="bbox 1898 2961 3565 3045">
    <p class='ocr_par' dir='ltr' id='par_1_61' title="bbox 1898 2961 3565 3045">
     <span class='ocr_line' id='line_1_62' title="bbox 1898 2961 3565 3045; baseline -0.008 -19"><span class='ocrx_word' id='word_1_394' title='bbox 1898 2971 2021 3045; x_wconf 88' lang='lat' dir='ltr'>pati</span> <span class='ocrx_word' id='word_1_395' title='bbox 2048 2972 2290 3042; x_wconf 87' lang='lat' dir='ltr'>pr0pter</span> <span class='ocrx_word' id='word_1_396' title='bbox 2315 2970 2593 3033; x_wconf 88' lang='lat' dir='ltr'>mortem,</span> <span class='ocrx_word' id='word_1_397' title='bbox 2620 2962 2885 3019; x_wconf 82' lang='lat' dir='ltr'>maxime</span> <span class='ocrx_word' id='word_1_398' title='bbox 2908 2962 3254 3029; x_wconf 69' lang='lat' dir='ltr'>vnolentam,</span> <span class='ocrx_word' id='word_1_399' title='bbox 3280 2961 3565 3031; x_wconf 90' lang='lat' dir='ltr'>hancque</span> 
     </span>
    </p>
   </div>
   <div class='ocr_carea' id='block_1_62' title="bbox 1899 3046 3566 3122">
    <p class='ocr_par' dir='ltr' id='par_1_62' title="bbox 1899 3046 3566 3122">
     <span class='ocr_line' id='line_1_63' title="bbox 1899 3046 3566 3122; baseline -0.009 -5"><span class='ocrx_word' id='word_1_400' title='bbox 1899 3061 2126 3118; x_wconf 89' lang='lat' dir='ltr'>timere.</span> <span class='ocrx_word' id='word_1_401' title='bbox 2161 3056 2309 3114; x_wconf 89' lang='lat' dir='ltr'>Solis</span> <span class='ocrx_word' id='word_1_402' title='bbox 2341 3060 2540 3111; x_wconf 91' lang='lat' dir='ltr'>autem</span> <span class='ocrx_word' id='word_1_403' title='bbox 2570 3053 2664 3109; x_wconf 90' lang='lat' dir='ltr'>his</span> <span class='ocrx_word' id='word_1_404' title='bbox 2696 3052 3160 3119; x_wconf 88' lang='lat' dir='ltr'>demonstratur,</span> <span class='ocrx_word' id='word_1_405' title='bbox 3210 3054 3276 3105; x_wconf 94' lang='lat' dir='ltr'>ut</span> <span class='ocrx_word' id='word_1_406' title='bbox 3305 3048 3409 3122; x_wconf 92' lang='lat' dir='ltr'>qui</span> <span class='ocrx_word' id='word_1_407' title='bbox 3451 3046 3566 3102; x_wconf 89' lang='lat' dir='ltr'>soli</span> 
     </span>
    </p>
   </div>
   <div class='ocr_carea' id='block_1_63' title="bbox 184 3137 1808 3225">
    <p class='ocr_par' dir='ltr' id='par_1_63' title="bbox 184 3137 1794 3217">
     <span class='ocr_line' id='line_1_64' title="bbox 184 3137 1794 3217; baseline 0.001 -24"><span class='ocrx_word' id='word_1_408' title='bbox 184 3141 370 3205; x_wconf 63' lang='grc' dir='ltr'><strong><em>αὐτοῦ,</em></strong></span> <span class='ocrx_word' id='word_1_409' title='bbox 418 3143 511 3192; x_wconf 82' lang='grc' dir='ltr'><strong><em>καὶ</em></strong></span> <span class='ocrx_word' id='word_1_410' title='bbox 552 3138 740 3213; x_wconf 81' lang='grc' dir='ltr'><strong><em>μᾶλλον</em></strong></span> <span class='ocrx_word' id='word_1_411' title='bbox 769 3148 869 3194; x_wconf 87' lang='grc' dir='ltr'><strong><em>τῶν</em></strong></span> <span class='ocrx_word' id='word_1_412' title='bbox 922 3140 1086 3194; x_wconf 79' lang='grc' dir='ltr'><strong><em>ἄλλων</em></strong></span> <span class='ocrx_word' id='word_1_413' title='bbox 1131 3137 1435 3215; x_wconf 85' lang='grc' dir='ltr'><strong><em>δυναμένοις</em></strong></span> <span class='ocrx_word' id='word_1_414' title='bbox 1462 3146 1534 3215; x_wconf 81' lang='grc' dir='ltr'><strong><em>μὴ</em></strong></span> <span class='ocrx_word' id='word_1_415' title='bbox 1572 3140 1794 3217; x_wconf 87' lang='grc' dir='ltr'><strong><em>θορυϐη-</em></strong></span> 
     </span>
    </p>
   </div>
   <div class='ocr_carea' id='block_1_64' title="bbox 1913 3137 3567 3225">
    <p class='ocr_par' dir='ltr' id='par_1_64' title="bbox 1913 3139 3567 3223">
     <span class='ocr_line' id='line_1_65' title="bbox 1913 3139 3567 3223; baseline -0.009 -18"><span class='ocrx_word' id='word_1_416' title='bbox 1913 3153 2262 3223; x_wconf 72' lang='lat' dir='ltr'>spectatores</span> <span class='ocrx_word' id='word_1_417' title='bbox 2292 3144 2521 3200; x_wconf 86' lang='lat' dir='ltr'>fuerant</span> <span class='ocrx_word' id='word_1_418' title='bbox 2549 3142 2768 3197; x_wconf 81' lang='lat' dir='ltr'>divinae</span> <span class='ocrx_word' id='word_1_419' title='bbox 2810 3140 3011 3210; x_wconf 78' lang='lat' dir='ltr'>gloriae</span> <span class='ocrx_word' id='word_1_420' title='bbox 3051 3139 3240 3211; x_wconf 88' lang='lat' dir='ltr'>ipsius</span> <span class='ocrx_word' id='word_1_421' title='bbox 3286 3139 3348 3193; x_wconf 90' lang='lat' dir='ltr'>in</span> <span class='ocrx_word' id='word_1_422' title='bbox 3380 3142 3567 3193; x_wconf 89' lang='lat' dir='ltr'>trans-</span> 
     </span>
    </p>
   </div>
   <div class='ocr_carea' id='block_1_65' title="bbox 186 3232 829 3289">
    <p class='ocr_par' dir='ltr' id='par_1_65' title="bbox 186 3232 829 3289">
     <span class='ocr_line' id='line_1_66' title="bbox 186 3232 829 3289; baseline 0.003 -6"><span class='ocrx_word' id='word_1_423' title='bbox 186 3232 343 3289; x_wconf 77' lang='grc' dir='ltr'><strong><em>θῆναι</em></strong></span> <span class='ocrx_word' id='word_1_424' title='bbox 371 3233 466 3282; x_wconf 80' lang='grc' dir='ltr'><strong><em>καὶ</em></strong></span> <span class='ocrx_word' id='word_1_425' title='bbox 496 3236 829 3285; x_wconf 86' lang='grc' dir='ltr'><strong><em>καταπεσεῖν.</em></strong></span> 
     </span>
    </p>
   </div>
   <div class='ocr_carea' id='block_1_66' title="bbox 256 3406 1799 3485">
    <p class='ocr_par' dir='ltr' id='par_1_66' title="bbox 256 3406 1799 3485">
     <span class='ocr_line' id='line_1_67' title="bbox 256 3406 1799 3485; baseline 0 -24"><span class='ocrx_word' id='word_1_426' title='bbox 256 3412 386 3461; x_wconf 86' lang='grc' dir='ltr'><strong><em>Τότε</em></strong></span> <span class='ocrx_word' id='word_1_427' title='bbox 436 3439 508 3448; x_wconf 92' lang='grc'><strong><em>-</em></strong></span> <span class='ocrx_word' id='word_1_428' title='bbox 568 3408 680 3482; x_wconf 85' lang='grc' dir='ltr'><strong><em>μετ’</em></strong></span> <span class='ocrx_word' id='word_1_429' title='bbox 734 3406 879 3481; x_wconf 77' lang='grc' dir='ltr'>ἐμοῦ.</span> <span class='ocrx_word' id='word_1_430' title='bbox 936 3413 1287 3485; x_wconf 75' lang='grc' dir='ltr'><strong><em>Φανερώτερον</em></strong></span> <span class='ocrx_word' id='word_1_431' title='bbox 1360 3408 1648 3484; x_wconf 73' lang='grc' dir='ltr'><strong><em>ἐξαγορεύει</em></strong></span> <span class='ocrx_word' id='word_1_432' title='bbox 1706 3412 1799 3468; x_wconf 79' lang='grc' dir='ltr'><strong><em>τὴν</em></strong></span> 
     </span>
    </p>
   </div>
   <div class='ocr_carea' id='block_1_67' title="bbox 188 3494 1803 3573">
    <p class='ocr_par' dir='ltr' id='par_1_67' title="bbox 188 3494 1803 3573">
     <span class='ocr_line' id='line_1_68' title="bbox 188 3494 1803 3573; baseline 0.001 -24"><span class='ocrx_word' id='word_1_433' title='bbox 188 3496 463 3551; x_wconf 77' lang='grc' dir='ltr'><strong><em>ἀσθένειαν</em></strong></span> <span class='ocrx_word' id='word_1_434' title='bbox 516 3505 613 3559; x_wconf 83' lang='grc' dir='ltr'><strong><em>τῆς</em></strong></span> <span class='ocrx_word' id='word_1_435' title='bbox 664 3499 884 3570; x_wconf 77' lang='grc' dir='ltr'><strong><em>φύσεως,</em></strong></span> <span class='ocrx_word' id='word_1_436' title='bbox 946 3500 1009 3559; x_wconf 85' lang='grc' dir='ltr'><strong><em>ὡς</em></strong></span> <span class='ocrx_word' id='word_1_437' title='bbox 1074 3500 1365 3573; x_wconf 77' lang='grc' dir='ltr'><strong><em>ἄνθρωπος.</em></strong></span> <span class='ocrx_word' id='word_1_438' title='bbox 1424 3501 1493 3555; x_wconf 87' lang='grc' dir='ltr'>Τὸ</span> <span class='ocrx_word' id='word_1_439' title='bbox 1544 3494 1622 3565; x_wconf 77' lang='grc' dir='ltr'><strong><em>δὲ,</em></strong></span> <span class='ocrx_word' id='word_1_440' title='bbox 1676 3496 1803 3558; x_wconf 73' lang='grc' dir='ltr'><strong><em>Ἐως</em></strong></span> 
     </span>
    </p>
   </div>
   <div class='ocr_carea' id='block_1_68' title="bbox 191 3585 1802 3663">
    <p class='ocr_par' dir='ltr' id='par_1_68' title="bbox 191 3585 1802 3663">
     <span class='ocr_line' id='line_1_69' title="bbox 191 3585 1802 3663; baseline -0.001 -22"><span class='ocrx_word' id='word_1_441' title='bbox 191 3590 443 3656; x_wconf 79' lang='grc' dir='ltr'><strong><em>θανάτου,</em></strong></span> <span class='ocrx_word' id='word_1_442' title='bbox 493 3585 607 3640; x_wconf 81' lang='grc' dir='ltr'><strong><em>ἀντὶ</em></strong></span> <span class='ocrx_word' id='word_1_443' title='bbox 647 3593 762 3653; x_wconf 82' lang='grc' dir='ltr'><strong><em>τοῦ,</em></strong></span> <span class='ocrx_word' id='word_1_444' title='bbox 794 3589 862 3649; x_wconf 81' lang='grc' dir='ltr'><strong><em>ὡς</em></strong></span> <span class='ocrx_word' id='word_1_445' title='bbox 906 3585 953 3639; x_wconf 83' lang='grc' dir='ltr'><strong><em>ἐν</em></strong></span> <span class='ocrx_word' id='word_1_446' title='bbox 987 3589 1215 3660; x_wconf 85' lang='grc' dir='ltr'><strong><em>θανάτῳ,</em></strong></span> <span class='ocrx_word' id='word_1_447' title='bbox 1274 3591 1553 3663; x_wconf 74' lang='grc' dir='ltr'><strong><em>Γρηγορὲῖν</em></strong></span> <span class='ocrx_word' id='word_1_448' title='bbox 1604 3585 1663 3640; x_wconf 71' lang='grc' dir='ltr'><strong><em>δὲ</em></strong></span> <span class='ocrx_word' id='word_1_449' title='bbox 1693 3586 1802 3660; x_wconf 83' lang='grc' dir='ltr'><strong><em>μετ’</em></strong></span> 
     </span>
    </p>
   </div>
   <div class='ocr_carea' id='block_1_69' title="bbox 191 3676 1805 3751">
    <p class='ocr_par' dir='ltr' id='par_1_69' title="bbox 191 3676 1805 3751">
     <span class='ocr_line' id='line_1_70' title="bbox 191 3676 1805 3751; baseline -0.001 -21"><span class='ocrx_word' id='word_1_450' title='bbox 191 3678 357 3731; x_wconf 70' lang='grc' dir='ltr'><strong><em>αὐτοῦ</em></strong></span> <span class='ocrx_word' id='word_1_451' title='bbox 428 3676 623 3729; x_wconf 77' lang='grc' dir='ltr'><strong><em>κελεύει</em></strong></span> <span class='ocrx_word' id='word_1_452' title='bbox 676 3678 1015 3751; x_wconf 86' lang='grc' dir='ltr'><strong><em>παραμυθίας</em></strong></span> <span class='ocrx_word' id='word_1_453' title='bbox 1061 3680 1246 3743; x_wconf 74' lang='grc' dir='ltr'><strong><em>ἕνεκεν,</em></strong></span> <span class='ocrx_word' id='word_1_454' title='bbox 1295 3680 1366 3738; x_wconf 87' lang='grc' dir='ltr'><strong><em>ὡς</em></strong></span> <span class='ocrx_word' id='word_1_455' title='bbox 1421 3678 1535 3738; x_wconf 82' lang='grc' dir='ltr'><strong><em>ἔθος</em></strong></span> <span class='ocrx_word' id='word_1_456' title='bbox 1591 3685 1702 3740; x_wconf 86' lang='grc' dir='ltr'><strong><em>τοῖς</em></strong></span> <span class='ocrx_word' id='word_1_457' title='bbox 1758 3676 1805 3729; x_wconf 81' lang='grc' dir='ltr'><strong><em>ἐν</em></strong></span> 
     </span>
    </p>
   </div>
   <div class='ocr_carea' id='block_1_70' title="bbox 191 3762 1808 3841">
    <p class='ocr_par' dir='ltr' id='par_1_70' title="bbox 191 3762 1808 3841">
     <span class='ocr_line' id='line_1_71' title="bbox 191 3762 1808 3841; baseline -0.001 -20"><span class='ocrx_word' id='word_1_458' title='bbox 191 3768 595 3840; x_wconf 83' lang='grc' dir='ltr'><strong><em>περιστάσεσιν.</em></strong></span> <span class='ocrx_word' id='word_1_459' title='bbox 628 3762 757 3819; x_wconf 84' lang='grc' dir='ltr'><strong><em>Εἶτα</em></strong></span> <span class='ocrx_word' id='word_1_460' title='bbox 785 3771 874 3819; x_wconf 83' lang='grc' dir='ltr'><strong><em>καὶ</em></strong></span> <span class='ocrx_word' id='word_1_461' title='bbox 903 3769 1120 3829; x_wconf 88' lang='grc' dir='ltr'><strong><em>τούτους</em></strong></span> <span class='ocrx_word' id='word_1_462' title='bbox 1146 3765 1358 3840; x_wconf 77' lang='grc' dir='ltr'><strong><em>ἀφίησιν</em></strong></span> <span class='ocrx_word' id='word_1_463' title='bbox 1390 3764 1510 3840; x_wconf 79' lang='grc' dir='ltr'><strong><em>ἐκεῖ,</em></strong></span> <span class='ocrx_word' id='word_1_464' title='bbox 1536 3772 1625 3820; x_wconf 86' lang='grc' dir='ltr'><strong><em>καὶ</em></strong></span> <span class='ocrx_word' id='word_1_465' title='bbox 1655 3771 1808 3841; x_wconf 89' lang='grc' dir='ltr'><strong><em>μόνος</em></strong></span> 
     </span>
    </p>
   </div>
   <div class='ocr_carea' id='block_1_71' title="bbox 194 3856 988 3931">
    <p class='ocr_par' dir='ltr' id='par_1_71' title="bbox 194 3856 988 3931">
     <span class='ocr_line' id='line_1_72' title="bbox 194 3856 988 3931; baseline -0.001 -22"><span class='ocrx_word' id='word_1_466' title='bbox 194 3859 414 3911; x_wconf 76' lang='grc' dir='ltr'><strong><em>ἄπεισιν</em></strong></span> <span class='ocrx_word' id='word_1_467' title='bbox 444 3856 517 3917; x_wconf 88' lang='grc' dir='ltr'><strong><em>εἰς</em></strong></span> <span class='ocrx_word' id='word_1_468' title='bbox 540 3859 633 3914; x_wconf 69' lang='grc' dir='ltr'><strong><em>τὴν</em></strong></span> <span class='ocrx_word' id='word_1_469' title='bbox 654 3860 988 3931; x_wconf 84' lang='grc' dir='ltr'><strong><em>προσευχήν.</em></strong></span> 
     </span>
    </p>
   </div>
   <div class='ocr_carea' id='block_1_72' title="bbox 275 4030 1814 4113">
    <p class='ocr_par' dir='ltr' id='par_1_72' title="bbox 275 4030 1814 4113">
     <span class='ocr_line' id='line_1_73' title="bbox 275 4030 1814 4113; baseline 0.001 -26"><span class='ocrx_word' id='word_1_470' title='bbox 275 4038 385 4092; x_wconf 70' lang='lat' dir='ltr'>Kal.</span> <span class='ocrx_word' id='word_1_471' title='bbox 432 4034 692 4108; x_wconf 85' lang='grc' dir='ltr'><strong><em>προελθὼν</em></strong></span> <span class='ocrx_word' id='word_1_472' title='bbox 735 4065 805 4074; x_wconf 95' lang='grc'><strong><em>-</em></strong></span> <span class='ocrx_word' id='word_1_473' title='bbox 848 4034 1031 4088; x_wconf 75' lang='grc' dir='ltr'><strong><em>αὐτοῦ.</em></strong></span> <span class='ocrx_word' id='word_1_474' title='bbox 1084 4040 1290 4096; x_wconf 84' lang='grc' dir='ltr'><strong><em>Λουκᾶς</em></strong></span> <span class='ocrx_word' id='word_1_475' title='bbox 1322 4030 1499 4088; x_wconf 75' lang='grc' dir='ltr'><strong><em>δὲκαὶ</em></strong></span> <span class='ocrx_word' id='word_1_476' title='bbox 1541 4038 1600 4089; x_wconf 84' lang='grc' dir='ltr'><strong><em>τὸ</em></strong></span> <span class='ocrx_word' id='word_1_477' title='bbox 1630 4040 1814 4113; x_wconf 80' lang='grc' dir='ltr'><strong><em>μέτρον</em></strong></span> 
     </span>
    </p>
   </div>
   <div class='ocr_carea' id='block_1_73' title="bbox 199 4121 1818 4197">
    <p class='ocr_par' dir='ltr' id='par_1_73' title="bbox 199 4121 1818 4197">
     <span class='ocr_line' id='line_1_74' title="bbox 199 4121 1818 4197; baseline 0.001 -19"><span class='ocrx_word' id='word_1_478' title='bbox 199 4133 296 4178; x_wconf 84' lang='grc' dir='ltr'>τοῦ</span> <span class='ocrx_word' id='word_1_479' title='bbox 324 4121 697 4197; x_wconf 83' lang='grc' dir='ltr'><strong><em>διαστήματος</em></strong></span> <span class='ocrx_word' id='word_1_480' title='bbox 726 4121 880 4191; x_wconf 85' lang='grc' dir='ltr'><strong><em>εἶπεν,</em></strong></span> <span class='ocrx_word' id='word_1_481' title='bbox 908 4125 990 4177; x_wconf 73' lang='grc' dir='ltr'><strong><em>ὅτι</em></strong></span> <span class='ocrx_word' id='word_1_482' title='bbox 1018 4122 1337 4183; x_wconf 78' lang='grc' dir='ltr'><strong><em>ἀπεσπάσθη</em></strong></span> <span class='ocrx_word' id='word_1_483' title='bbox 1377 4124 1465 4178; x_wconf 86' lang='grc' dir='ltr'><strong><em>ἀπ’</em></strong></span> <span class='ocrx_word' id='word_1_484' title='bbox 1497 4125 1665 4178; x_wconf 74' lang='grc' dir='ltr'><strong><em>αὐτῶν</em></strong></span> <span class='ocrx_word' id='word_1_485' title='bbox 1691 4128 1818 4180; x_wconf 82' lang='grc' dir='ltr'><strong><em>ὡσεὶ</em></strong></span> 
     </span>
    </p>
   </div>
   <div class='ocr_carea' id='block_1_74' title="bbox 202 4213 578 4288">
    <p class='ocr_par' dir='ltr' id='par_1_74' title="bbox 202 4213 578 4288">
     <span class='ocr_line' id='line_1_75' title="bbox 202 4213 578 4288; baseline -0.003 -19"><span class='ocrx_word' id='word_1_486' title='bbox 202 4216 355 4269; x_wconf 79' lang='grc' dir='ltr'><strong><em>λίθου</em></strong></span> <span class='ocrx_word' id='word_1_487' title='bbox 396 4213 578 4288; x_wconf 79' lang='grc' dir='ltr'><strong><em>βολήν.</em></strong></span> 
     </span>
    </p>
   </div>
   <div class='ocr_carea' id='block_1_75' title="bbox 276 4302 1822 4379">
    <p class='ocr_par' dir='ltr' id='par_1_75' title="bbox 276 4302 1822 4379">
     <span class='ocr_line' id='line_1_76' title="bbox 276 4302 1822 4379; baseline -0.001 -20"><span class='ocrx_word' id='word_1_488' title='bbox 276 4307 719 4379; x_wconf 83' lang='grc' dir='ltr'><strong><em>Προσευχόμενος</em></strong></span> <span class='ocrx_word' id='word_1_489' title='bbox 774 4332 841 4344; x_wconf 91' lang='grc'><strong><em>-</em></strong></span> <span class='ocrx_word' id='word_1_490' title='bbox 895 4305 965 4365; x_wconf 84' lang='grc' dir='ltr'><strong><em>ὡς</em></strong></span> <span class='ocrx_word' id='word_1_491' title='bbox 1012 4305 1099 4358; x_wconf 85' lang='grc' dir='ltr'><strong><em>σύ.</em></strong></span> <span class='ocrx_word' id='word_1_492' title='bbox 1158 4302 1328 4357; x_wconf 88' lang='grc' dir='ltr'><strong><em>Εἰπὼν</em></strong></span> <span class='ocrx_word' id='word_1_493' title='bbox 1381 4306 1472 4377; x_wconf 72' lang='grc' dir='ltr'>μεν</span> <span class='ocrx_word' id='word_1_494' title='bbox 1515 4306 1595 4358; x_wconf 84' lang='grc' dir='ltr'><strong><em>ὅτι</em></strong></span> <span class='ocrx_word' id='word_1_495' title='bbox 1631 4306 1689 4360; x_wconf 75' lang='grc' dir='ltr'>Εἰ</span> <span class='ocrx_word' id='word_1_496' title='bbox 1730 4303 1822 4359; x_wconf 81' lang='grc' dir='ltr'><strong><em>δυ-</em></strong></span> 
     </span>
    </p>
   </div>
   <div class='ocr_carea' id='block_1_76' title="bbox 206 4390 1134 4466">
    <p class='ocr_par' dir='ltr' id='par_1_76' title="bbox 206 4390 1134 4466">
     <span class='ocr_line' id='line_1_77' title="bbox 206 4390 1134 4466; baseline -0.004 -17"><span class='ocrx_word' id='word_1_497' title='bbox 206 4400 363 4449; x_wconf 75' lang='grc' dir='ltr'><strong><em>νατὸν</em></strong></span> <span class='ocrx_word' id='word_1_498' title='bbox 449 4392 583 4459; x_wconf 70' lang='grc' dir='ltr'><strong><em>ἔστι,</em></strong></span> <span class='ocrx_word' id='word_1_499' title='bbox 670 4392 967 4466; x_wconf 80' lang='grc' dir='ltr'><strong><em>παρελθέτω</em></strong></span> <span class='ocrx_word' id='word_1_500' title='bbox 1045 4390 1134 4445; x_wconf 81' lang='grc' dir='ltr'><strong><em>ἀπ’</em></strong></span> 
     </span>
    </p>
   </div>
   <div class='ocr_carea' id='block_1_77' title="bbox 1220 4392 1823 4471">
    <p class='ocr_par' dir='ltr' id='par_1_77' title="bbox 1220 4392 1823 4471">
     <span class='ocr_line' id='line_1_78' title="bbox 1220 4392 1823 4471; baseline 0.008 -26"><span class='ocrx_word' id='word_1_501' title='bbox 1220 4392 1343 4467; x_wconf 72' lang='grc' dir='ltr'><strong><em>ἆμου</em></strong></span> <span class='ocrx_word' id='word_1_502' title='bbox 1428 4398 1485 4447; x_wconf 88' lang='grc' dir='ltr'><strong><em>τὸ</em></strong></span> <span class='ocrx_word' id='word_1_503' title='bbox 1578 4402 1823 4471; x_wconf 78' lang='grc' dir='ltr'><strong><em>ποτήριον</em></strong></span> 
     </span>
    </p>
   </div>
   <div class='ocr_carea' id='block_1_78' title="bbox 208 4479 1826 4561">
    <p class='ocr_par' dir='ltr' id='par_1_78' title="bbox 208 4479 1826 4561">
     <span class='ocr_line' id='line_1_79' title="bbox 208 4479 1826 4561; baseline 0.012 -33"><span class='ocrx_word' id='word_1_504' title='bbox 208 4494 391 4549; x_wconf 68' lang='grc' dir='ltr'><strong><em>τοῦτο,</em></strong></span> <span class='ocrx_word' id='word_1_505' title='bbox 469 4479 632 4546; x_wconf 77' lang='grc' dir='ltr'><strong><em>ἔδειξε</em></strong></span> <span class='ocrx_word' id='word_1_506' title='bbox 699 4487 795 4541; x_wconf 73' lang='grc' dir='ltr'><strong><em>τὴν</em></strong></span> <span class='ocrx_word' id='word_1_507' title='bbox 873 4481 1201 4557; x_wconf 82' lang='grc' dir='ltr'><strong><em>ἀνθρωπίνην</em></strong></span> <span class='ocrx_word' id='word_1_508' title='bbox 1282 4480 1500 4555; x_wconf 86' lang='grc' dir='ltr'><strong><em>δειλίαν,</em></strong></span> <span class='ocrx_word' id='word_1_509' title='bbox 1578 4490 1826 4561; x_wconf 77' lang='grc' dir='ltr'><strong><em>ποτήριον</em></strong></span> 
     </span>
    </p>
   </div>
   <div class='ocr_carea' id='block_1_79' title="bbox 209 4568 1830 4648">
    <p class='ocr_par' dir='ltr' id='par_1_79' title="bbox 209 4568 1830 4648">
     <span class='ocr_line' id='line_1_80' title="bbox 209 4568 1830 4648; baseline 0.001 -23"><span class='ocrx_word' id='word_1_510' title='bbox 209 4575 375 4647; x_wconf 69' lang='grc' dir='ltr'><strong><em>λέγων</em></strong></span> <span class='ocrx_word' id='word_1_511' title='bbox 430 4575 491 4625; x_wconf 82' lang='grc' dir='ltr'><strong><em>τὸ</em></strong></span> <span class='ocrx_word' id='word_1_512' title='bbox 540 4578 634 4625; x_wconf 81' lang='grc' dir='ltr'><strong><em>τοῦ</em></strong></span> <span class='ocrx_word' id='word_1_513' title='bbox 693 4572 932 4625; x_wconf 83' lang='grc' dir='ltr'><strong><em>θανάτου·</em></strong></span> <span class='ocrx_word' id='word_1_514' title='bbox 989 4571 1144 4625; x_wconf 82' lang='grc' dir='ltr'><strong><em>εἰπὼν</em></strong></span> <span class='ocrx_word' id='word_1_515' title='bbox 1186 4568 1245 4625; x_wconf 66' lang='grc' dir='ltr'><strong><em>δὲ</em></strong></span> <span class='ocrx_word' id='word_1_516' title='bbox 1298 4574 1379 4626; x_wconf 85' lang='grc' dir='ltr'><strong><em>ὅτι</em></strong></span> <span class='ocrx_word' id='word_1_517' title='bbox 1424 4573 1558 4633; x_wconf 76' lang='grc' dir='ltr'><strong><em>Πλὴν</em></strong></span> <span class='ocrx_word' id='word_1_518' title='bbox 1607 4574 1712 4648; x_wconf 74' lang='grc' dir='ltr'>οὐχ</span> <span class='ocrx_word' id='word_1_519' title='bbox 1760 4579 1830 4638; x_wconf 85' lang='grc' dir='ltr'><strong><em>ὡς</em></strong></span> 
     </span>
    </p>
   </div>
   <div class='ocr_carea' id='block_1_80' title="bbox 215 4658 1829 4738">
    <p class='ocr_par' dir='ltr' id='par_1_80' title="bbox 215 4658 1829 4738">
     <span class='ocr_line' id='line_1_81' title="bbox 215 4658 1829 4738; baseline 0.001 -23"><span class='ocrx_word' id='word_1_520' title='bbox 215 4667 314 4737; x_wconf 70' lang='grc' dir='ltr'>ἐγὼ</span> <span class='ocrx_word' id='word_1_521' title='bbox 362 4662 514 4731; x_wconf 70' lang='grc' dir='ltr'><strong><em>θέλω,</em></strong></span> <span class='ocrx_word' id='word_1_522' title='bbox 563 4660 671 4713; x_wconf 82' lang='grc' dir='ltr'><strong><em>ἀλλ’</em></strong></span> <span class='ocrx_word' id='word_1_523' title='bbox 699 4663 764 4723; x_wconf 85' lang='grc' dir='ltr'><strong><em>ὡς</em></strong></span> <span class='ocrx_word' id='word_1_524' title='bbox 812 4664 900 4732; x_wconf 82' lang='grc' dir='ltr'><strong><em>σὺ,</em></strong></span> <span class='ocrx_word' id='word_1_525' title='bbox 951 4658 1195 4725; x_wconf 77' lang='grc' dir='ltr'><strong><em>ἰδίδαξεν</em></strong></span> <span class='ocrx_word' id='word_1_526' title='bbox 1239 4662 1315 4715; x_wconf 86' lang='grc' dir='ltr'><strong><em>ὅνι</em></strong></span> <span class='ocrx_word' id='word_1_527' title='bbox 1358 4667 1447 4716; x_wconf 86' lang='grc' dir='ltr'><strong><em>καὶ</em></strong></span> <span class='ocrx_word' id='word_1_528' title='bbox 1492 4672 1582 4725; x_wconf 85' lang='grc' dir='ltr'>τῆς</span> <span class='ocrx_word' id='word_1_529' title='bbox 1629 4667 1829 4738; x_wconf 80' lang='grc' dir='ltr'><strong><em>φύσεως</em></strong></span> 
     </span>
    </p>
   </div>
   <div class='ocr_carea' id='block_1_81' title="bbox 215 4750 1826 4827">
    <p class='ocr_par' dir='ltr' id='par_1_81' title="bbox 215 4750 1826 4827">
     <span class='ocr_line' id='line_1_82' title="bbox 215 4750 1826 4827; baseline 0.001 -21"><span class='ocrx_word' id='word_1_530' title='bbox 215 4752 571 4815; x_wconf 81' lang='grc' dir='ltr'><strong><em>ἀνθελκούσης</em></strong></span> <span class='ocrx_word' id='word_1_531' title='bbox 626 4754 736 4827; x_wconf 78' lang='grc' dir='ltr'>χρὴ</span> <span class='ocrx_word' id='word_1_532' title='bbox 789 4751 1007 4804; x_wconf 77' lang='grc' dir='ltr'><strong><em>ἕπεσθαι</em></strong></span> <span class='ocrx_word' id='word_1_533' title='bbox 1064 4759 1137 4823; x_wconf 81' lang='grc' dir='ltr'><strong><em>τῷ</em></strong></span> <span class='ocrx_word' id='word_1_534' title='bbox 1193 4750 1441 4825; x_wconf 78' lang='grc' dir='ltr'><strong><em>θελήματι</em></strong></span> <span class='ocrx_word' id='word_1_535' title='bbox 1513 4762 1604 4807; x_wconf 86' lang='grc' dir='ltr'><strong><em>τοῦ</em></strong></span> <span class='ocrx_word' id='word_1_536' title='bbox 1672 4762 1826 4821; x_wconf 85' lang='grc' dir='ltr'><strong><em>Θεοῦ,</em></strong></span> 
     </span>
    </p>
   </div>
   <div class='ocr_carea' id='block_1_82' title="bbox 219 4837 1831 4915">
    <p class='ocr_par' dir='ltr' id='par_1_82' title="bbox 219 4837 1831 4915">
     <span class='ocr_line' id='line_1_83' title="bbox 219 4837 1831 4915; baseline 0.003 -22"><span class='ocrx_word' id='word_1_537' title='bbox 219 4846 311 4894; x_wconf 79' lang='grc' dir='ltr'><strong><em>καὶ</em></strong></span> <span class='ocrx_word' id='word_1_538' title='bbox 350 4846 614 4915; x_wconf 81' lang='grc' dir='ltr'><strong><em>προτιμᾷν</em></strong></span> <span class='ocrx_word' id='word_1_539' title='bbox 653 4840 782 4899; x_wconf 68' lang='grc' dir='ltr'><strong><em>αὐτὸ</em></strong></span> <span class='ocrx_word' id='word_1_540' title='bbox 810 4848 903 4893; x_wconf 83' lang='grc' dir='ltr'><strong><em>τοῦ</em></strong></span> <span class='ocrx_word' id='word_1_541' title='bbox 951 4837 1103 4895; x_wconf 87' lang='grc' dir='ltr'><strong><em>ἰδίου</em></strong></span> <span class='ocrx_word' id='word_1_542' title='bbox 1139 4841 1445 4915; x_wconf 79' lang='grc' dir='ltr'><strong><em>θελήματος,</em></strong></span> <span class='ocrx_word' id='word_1_543' title='bbox 1480 4846 1547 4906; x_wconf 85' lang='grc' dir='ltr'><strong><em>ὡς</em></strong></span> <span class='ocrx_word' id='word_1_544' title='bbox 1572 4842 1831 4898; x_wconf 83' lang='grc' dir='ltr'><strong><em>λυσιτελέ-</em></strong></span> 
     </span>
    </p>
   </div>
   <div class='ocr_carea' id='block_1_83' title="bbox 226 4926 1831 5010">
    <p class='ocr_par' dir='ltr' id='par_1_83' title="bbox 226 4926 1831 5010">
     <span class='ocr_line' id='line_1_84' title="bbox 226 4926 1831 5010; baseline 0.002 -27"><span class='ocrx_word' id='word_1_545' title='bbox 226 4950 427 5005; x_wconf 76' lang='grc' dir='ltr'><strong><em>στερον.</em></strong></span> <span class='ocrx_word' id='word_1_546' title='bbox 458 4934 530 4983; x_wconf 88' lang='grc' dir='ltr'>Τὸ</span> <span class='ocrx_word' id='word_1_547' title='bbox 582 4926 661 4995; x_wconf 66' lang='grc' dir='ltr'><strong><em>δὲ,</em></strong></span> <span class='ocrx_word' id='word_1_548' title='bbox 712 4929 853 4989; x_wconf 79' lang='grc' dir='ltr'><strong><em>Πλὴν</em></strong></span> <span class='ocrx_word' id='word_1_549' title='bbox 907 4930 1001 4983; x_wconf 78' lang='grc' dir='ltr'><strong><em>οὐκ</em></strong></span> <span class='ocrx_word' id='word_1_550' title='bbox 1051 4933 1122 4994; x_wconf 84' lang='grc' dir='ltr'><strong><em>ὡς</em></strong></span> <span class='ocrx_word' id='word_1_551' title='bbox 1169 4929 1266 5003; x_wconf 78' lang='grc' dir='ltr'>ἐγώ</span> <span class='ocrx_word' id='word_1_552' title='bbox 1309 4932 1454 4999; x_wconf 81' lang='grc' dir='ltr'><strong><em>θελω,</em></strong></span> <span class='ocrx_word' id='word_1_553' title='bbox 1495 4938 1831 5010; x_wconf 75' lang='grc' dir='ltr'><strong><em>σαφέστερον,</em></strong></span> 
     </span>
    </p>
   </div>
   <div class='ocr_carea' id='block_1_84' title="bbox 1873 3229 3569 3310">
    <p class='ocr_par' dir='ltr' id='par_1_84' title="bbox 1873 3229 3569 3310">
     <span class='ocr_line' id='line_1_85' title="bbox 1873 3229 3569 3310; baseline -0.009 -14"><span class='ocrx_word' id='word_1_554' title='bbox 1873 3236 2277 3310; x_wconf 65' lang='lat' dir='ltr'>ﬁguratione,</span> <span class='ocrx_word' id='word_1_555' title='bbox 2329 3238 2387 3289; x_wconf 90' lang='lat' dir='ltr'>et</span> <span class='ocrx_word' id='word_1_556' title='bbox 2436 3231 2540 3304; x_wconf 91' lang='lat' dir='ltr'>qui</span> <span class='ocrx_word' id='word_1_557' title='bbox 2592 3231 2784 3301; x_wconf 86' lang='lat' dir='ltr'>magis</span> <span class='ocrx_word' id='word_1_558' title='bbox 2835 3230 2988 3285; x_wconf 91' lang='lat' dir='ltr'>inter</span> <span class='ocrx_word' id='word_1_559' title='bbox 3039 3243 3241 3283; x_wconf 90' lang='lat' dir='ltr'>omnes</span> <span class='ocrx_word' id='word_1_560' title='bbox 3290 3229 3569 3299; x_wconf 89' lang='lat' dir='ltr'>poterant</span> 
     </span>
    </p>
   </div>
   <div class='ocr_carea' id='block_1_85' title="bbox 1905 3321 2741 3386">
    <p class='ocr_par' dir='ltr' id='par_1_85' title="bbox 1905 3321 2741 3386">
     <span class='ocr_line' id='line_1_86' title="bbox 1905 3321 2741 3386; baseline -0.013 0"><span class='ocrx_word' id='word_1_561' title='bbox 1905 3344 2028 3386; x_wconf 91' lang='lat' dir='ltr'>non</span> <span class='ocrx_word' id='word_1_562' title='bbox 2058 3324 2288 3383; x_wconf 86' lang='lat' dir='ltr'>turbari</span> <span class='ocrx_word' id='word_1_563' title='bbox 2319 3326 2421 3379; x_wconf 89' lang='lat' dir='ltr'>aut</span> <span class='ocrx_word' id='word_1_564' title='bbox 2446 3321 2741 3377; x_wconf 90' lang='lat' dir='ltr'>decidere.</span> 
     </span>
    </p>
   </div>
   <div class='ocr_carea' id='block_1_86' title="bbox 1976 3406 3571 3473">
    <p class='ocr_par' dir='ltr' id='par_1_86' title="bbox 1976 3406 3571 3473">
     <span class='ocr_line' id='line_1_87' title="bbox 1976 3406 3571 3473; baseline -0.008 0"><span class='ocrx_word' id='word_1_565' title='bbox 1976 3419 2135 3473; x_wconf 92' lang='lat' dir='ltr'>Vers.</span> <span class='ocrx_word' id='word_1_566' title='bbox 2181 3417 2271 3471; x_wconf 92' lang='lat'>38.</span> <span class='ocrx_word' id='word_1_567' title='bbox 2338 3413 2503 3468; x_wconf 86' lang='lat' dir='ltr'>Tunc</span> <span class='ocrx_word' id='word_1_568' title='bbox 2532 3442 2600 3451; x_wconf 96' lang='lat'>—</span> <span class='ocrx_word' id='word_1_569' title='bbox 2639 3425 2876 3466; x_wconf 82' lang='lat' dir='ltr'>mecum.</span> <span class='ocrx_word' id='word_1_570' title='bbox 2918 3406 3278 3464; x_wconf 84' lang='lat' dir='ltr'>Manifestius</span> <span class='ocrx_word' id='word_1_571' title='bbox 3341 3410 3571 3461; x_wconf 75' lang='lat' dir='ltr'>naturae</span> 
     </span>
    </p>
   </div>
   <div class='ocr_carea' id='block_1_87' title="bbox 1907 3495 3572 3581">
    <p class='ocr_par' dir='ltr' id='par_1_87' title="bbox 1907 3495 3572 3581">
     <span class='ocr_line' id='line_1_88' title="bbox 1907 3495 3572 3581; baseline -0.009 -18"><span class='ocrx_word' id='word_1_572' title='bbox 1907 3507 2115 3581; x_wconf 87' lang='lat' dir='ltr'>pandit</span> <span class='ocrx_word' id='word_1_573' title='bbox 2141 3502 2552 3560; x_wconf 90' lang='lat' dir='ltr'>inﬁrmitatem</span> <span class='ocrx_word' id='word_1_574' title='bbox 2582 3504 2877 3572; x_wconf 84' lang='lat' dir='ltr'>tanquam</span> <span class='ocrx_word' id='word_1_575' title='bbox 2909 3500 3115 3555; x_wconf 89' lang='lat' dir='ltr'>homo.</span> <span class='ocrx_word' id='word_1_576' title='bbox 3149 3495 3323 3562; x_wconf 87' lang='lat' dir='ltr'>Quod</span> <span class='ocrx_word' id='word_1_577' title='bbox 3368 3498 3572 3550; x_wconf 87' lang='lat' dir='ltr'>autem</span> 
     </span>
    </p>
   </div>
   <div class='ocr_carea' id='block_1_88' title="bbox 1914 3583 3577 3666">
    <p class='ocr_par' dir='ltr' id='par_1_88' title="bbox 1914 3583 3577 3666">
     <span class='ocr_line' id='line_1_89' title="bbox 1914 3583 3577 3666; baseline -0.008 -13"><span class='ocrx_word' id='word_1_578' title='bbox 1914 3598 2028 3653; x_wconf 90' lang='lat' dir='ltr'>ait:</span> <span class='ocrx_word' id='word_1_579' title='bbox 2072 3596 2263 3666; x_wconf 85' lang='lat' dir='ltr'>Usque</span> <span class='ocrx_word' id='word_1_580' title='bbox 2292 3592 2372 3649; x_wconf 86' lang='lat' dir='ltr'>ad</span> <span class='ocrx_word' id='word_1_581' title='bbox 2402 3599 2665 3654; x_wconf 83' lang='lat' dir='ltr'>mortem,</span> <span class='ocrx_word' id='word_1_582' title='bbox 2701 3587 3081 3645; x_wconf 88' lang='lat' dir='ltr'>tantumdem</span> <span class='ocrx_word' id='word_1_583' title='bbox 3113 3590 3201 3642; x_wconf 91' lang='lat' dir='ltr'>est</span> <span class='ocrx_word' id='word_1_584' title='bbox 3232 3601 3301 3641; x_wconf 89' lang='lat' dir='ltr'>ac</span> <span class='ocrx_word' id='word_1_585' title='bbox 3336 3583 3383 3639; x_wconf 90' lang='lat' dir='ltr'>si</span> <span class='ocrx_word' id='word_1_586' title='bbox 3414 3583 3577 3639; x_wconf 88' lang='lat' dir='ltr'>dicat</span> 
     </span>
    </p>
   </div>
   <div class='ocr_carea' id='block_1_89' title="bbox 1917 3673 3578 3749">
    <p class='ocr_par' dir='ltr' id='par_1_89' title="bbox 1917 3673 3578 3749">
     <span class='ocr_line' id='line_1_90' title="bbox 1917 3673 3578 3749; baseline -0.01 -6"><span class='ocrx_word' id='word_1_587' title='bbox 1917 3686 2077 3744; x_wconf 89' lang='lat' dir='ltr'>Sicut</span> <span class='ocrx_word' id='word_1_588' title='bbox 2133 3685 2191 3739; x_wconf 88' lang='lat' dir='ltr'>in</span> <span class='ocrx_word' id='word_1_589' title='bbox 2244 3686 2455 3746; x_wconf 89' lang='lat' dir='ltr'>morte,</span> <span class='ocrx_word' id='word_1_590' title='bbox 2505 3678 2758 3749; x_wconf 83' lang='lat' dir='ltr'>Vigilare</span> <span class='ocrx_word' id='word_1_591' title='bbox 2804 3692 2944 3733; x_wconf 88' lang='lat' dir='ltr'>vero</span> <span class='ocrx_word' id='word_1_592' title='bbox 2994 3692 3202 3733; x_wconf 89' lang='lat' dir='ltr'>secum</span> <span class='ocrx_word' id='word_1_593' title='bbox 3252 3673 3426 3746; x_wconf 88' lang='lat' dir='ltr'>jubet</span> <span class='ocrx_word' id='word_1_594' title='bbox 3473 3688 3578 3729; x_wconf 88' lang='lat' dir='ltr'>eos</span> 
     </span>
    </p>
   </div>
   <div class='ocr_carea' id='block_1_90' title="bbox 1917 3762 3584 3839">
    <p class='ocr_par' dir='ltr' id='par_1_90' title="bbox 1917 3762 3584 3839">
     <span class='ocr_line' id='line_1_91' title="bbox 1917 3762 3584 3839; baseline -0.01 -7"><span class='ocrx_word' id='word_1_595' title='bbox 1917 3771 2341 3832; x_wconf 89' lang='lat' dir='ltr'>consolationis</span> <span class='ocrx_word' id='word_1_596' title='bbox 2392 3770 2600 3839; x_wconf 86' lang='lat' dir='ltr'>gratia,</span> <span class='ocrx_word' id='word_1_597' title='bbox 2652 3768 2805 3823; x_wconf 90' lang='lat' dir='ltr'>sicut</span> <span class='ocrx_word' id='word_1_598' title='bbox 2835 3766 3019 3821; x_wconf 90' lang='lat' dir='ltr'>moris</span> <span class='ocrx_word' id='word_1_599' title='bbox 3064 3770 3156 3820; x_wconf 91' lang='lat' dir='ltr'>est</span> <span class='ocrx_word' id='word_1_600' title='bbox 3207 3764 3268 3819; x_wconf 91' lang='lat' dir='ltr'>in</span> <span class='ocrx_word' id='word_1_601' title='bbox 3318 3762 3584 3818; x_wconf 74' lang='lat' dir='ltr'>afﬂictio-</span> 
     </span>
    </p>
   </div>
   <div class='ocr_carea' id='block_1_91' title="bbox 1918 3850 3585 3927">
    <p class='ocr_par' dir='ltr' id='par_1_91' title="bbox 1918 3850 3585 3927">
     <span class='ocr_line' id='line_1_92' title="bbox 1918 3850 3585 3927; baseline -0.009 -7"><span class='ocrx_word' id='word_1_602' title='bbox 1918 3864 2115 3920; x_wconf 89' lang='lat' dir='ltr'>nibus.</span> <span class='ocrx_word' id='word_1_603' title='bbox 2148 3859 2371 3916; x_wconf 88' lang='lat' dir='ltr'>Deinde</span> <span class='ocrx_word' id='word_1_604' title='bbox 2398 3858 2580 3915; x_wconf 87' lang='lat' dir='ltr'>etiam</span> <span class='ocrx_word' id='word_1_605' title='bbox 2609 3857 2720 3913; x_wconf 89' lang='lat' dir='ltr'>hos</span> <span class='ocrx_word' id='word_1_606' title='bbox 2752 3854 2832 3912; x_wconf 88' lang='lat' dir='ltr'>ibi</span> <span class='ocrx_word' id='word_1_607' title='bbox 2855 3854 3153 3927; x_wconf 90' lang='lat' dir='ltr'>relinquit,</span> <span class='ocrx_word' id='word_1_608' title='bbox 3177 3857 3234 3910; x_wconf 91' lang='lat' dir='ltr'>et</span> <span class='ocrx_word' id='word_1_609' title='bbox 3265 3851 3429 3909; x_wconf 86' lang='lat' dir='ltr'>solus</span> <span class='ocrx_word' id='word_1_610' title='bbox 3459 3850 3585 3907; x_wconf 88' lang='lat' dir='ltr'>abit</span> 
     </span>
    </p>
   </div>
   <div class='ocr_carea' id='block_1_92' title="bbox 1923 3949 2351 4011">
    <p class='ocr_par' dir='ltr' id='par_1_92' title="bbox 1923 3949 2351 4011">
     <span class='ocr_line' id='line_1_93' title="bbox 1923 3949 2351 4011; baseline -0.019 0"><span class='ocrx_word' id='word_1_611' title='bbox 1923 3953 2000 4011; x_wconf 87' lang='lat' dir='ltr'>ad</span> <span class='ocrx_word' id='word_1_612' title='bbox 2026 3949 2351 4007; x_wconf 91' lang='lat' dir='ltr'>orandum.</span> 
     </span>
    </p>
   </div>
   <div class='ocr_carea' id='block_1_93' title="bbox 1995 4032 3591 4106">
    <p class='ocr_par' dir='ltr' id='par_1_93' title="bbox 1995 4032 3591 4106">
     <span class='ocr_line' id='line_1_94' title="bbox 1995 4032 3591 4106; baseline -0.008 -9"><span class='ocrx_word' id='word_1_613' title='bbox 1995 4043 2153 4097; x_wconf 90' lang='lat' dir='ltr'>Vers.</span> <span class='ocrx_word' id='word_1_614' title='bbox 2210 4039 2298 4094; x_wconf 87' lang='lat'>39.</span> <span class='ocrx_word' id='word_1_615' title='bbox 2350 4037 2429 4093; x_wconf 88' lang='lat' dir='ltr'>Et</span> <span class='ocrx_word' id='word_1_616' title='bbox 2467 4048 2914 4106; x_wconf 79' lang='lat' dir='ltr'>progressus—</span> <span class='ocrx_word' id='word_1_617' title='bbox 2964 4047 3156 4089; x_wconf 88' lang='lat' dir='ltr'>suam.</span> <span class='ocrx_word' id='word_1_618' title='bbox 3206 4032 3395 4087; x_wconf 90' lang='lat' dir='ltr'>Lucas</span> <span class='ocrx_word' id='word_1_619' title='bbox 3448 4044 3591 4086; x_wconf 88' lang='lat' dir='ltr'>vero</span> 
     </span>
    </p>
   </div>
   <div class='ocr_carea' id='block_1_94' title="bbox 1926 4118 3593 4201">
    <p class='ocr_par' dir='ltr' id='par_1_94' title="bbox 1926 4118 3593 4201">
     <span class='ocr_line' id='line_1_95' title="bbox 1926 4118 3593 4201; baseline -0.009 -13"><span class='ocrx_word' id='word_1_620' title='bbox 1926 4131 2106 4188; x_wconf 84' lang='lat' dir='ltr'>etiam</span> <span class='ocrx_word' id='word_1_621' title='bbox 2183 4125 2360 4201; x_wconf 89' lang='lat' dir='ltr'>spatii</span> <span class='ocrx_word' id='word_1_622' title='bbox 2436 4125 2584 4180; x_wconf 80' lang='lat' dir='ltr'>dixit</span> <span class='ocrx_word' id='word_1_623' title='bbox 2652 4137 3024 4186; x_wconf 89' lang='lat' dir='ltr'>mensuram,</span> <span class='ocrx_word' id='word_1_624' title='bbox 3097 4123 3262 4192; x_wconf 91' lang='lat' dir='ltr'>quod</span> <span class='ocrx_word' id='word_1_625' title='bbox 3347 4118 3593 4176; x_wconf 88' lang='lat' dir='ltr'>avulsus</span> 
     </span>
    </p>
   </div>
   <div class='ocr_carea' id='block_1_95' title="bbox 1928 4209 3236 4288">
    <p class='ocr_par' dir='ltr' id='par_1_95' title="bbox 1928 4209 3236 4288">
     <span class='ocr_line' id='line_1_96' title="bbox 1928 4209 3236 4288; baseline -0.011 -12"><span class='ocrx_word' id='word_1_626' title='bbox 1928 4225 2015 4276; x_wconf 88' lang='lat' dir='ltr'>est</span> <span class='ocrx_word' id='word_1_627' title='bbox 2040 4219 2118 4275; x_wconf 88' lang='lat' dir='ltr'>ab</span> <span class='ocrx_word' id='word_1_628' title='bbox 2150 4219 2232 4274; x_wconf 89' lang='lat' dir='ltr'>eis</span> <span class='ocrx_word' id='word_1_629' title='bbox 2263 4218 2559 4288; x_wconf 86' lang='lat' dir='ltr'>quantum</span> <span class='ocrx_word' id='word_1_630' title='bbox 2578 4213 2775 4284; x_wconf 86' lang='lat' dir='ltr'>jactus</span> <span class='ocrx_word' id='word_1_631' title='bbox 2805 4216 2892 4265; x_wconf 91' lang='lat' dir='ltr'>est</span> <span class='ocrx_word' id='word_1_632' title='bbox 2915 4209 3134 4282; x_wconf 90' lang='lat' dir='ltr'>lapidis</span> <span class='ocrx_word' id='word_1_633' title='bbox 3166 4210 3236 4263; x_wconf 73' lang='grc' dir='ltr'>δ’.</span> 
     </span>
    </p>
   </div>
   <div class='ocr_carea' id='block_1_96' title="bbox 2000 4294 3597 4367">
    <p class='ocr_par' dir='ltr' id='par_1_96' title="bbox 2000 4294 3597 4367">
     <span class='ocr_line' id='line_1_97' title="bbox 2000 4294 3597 4367; baseline -0.01 -3"><span class='ocrx_word' id='word_1_634' title='bbox 2000 4311 2164 4364; x_wconf 91' lang='lat' dir='ltr'>Vers.</span> <span class='ocrx_word' id='word_1_635' title='bbox 2190 4307 2277 4362; x_wconf 89' lang='lat'>39.</span> <span class='ocrx_word' id='word_1_636' title='bbox 2312 4304 2498 4360; x_wconf 87' lang='lat' dir='ltr'>Orans</span> <span class='ocrx_word' id='word_1_637' title='bbox 2538 4333 2606 4342; x_wconf 92' lang='lat'><strong>—</strong></span> <span class='ocrx_word' id='word_1_638' title='bbox 2630 4300 2781 4357; x_wconf 88' lang='lat' dir='ltr'>sicut</span> <span class='ocrx_word' id='word_1_639' title='bbox 2815 4305 2899 4355; x_wconf 86' lang='lat' dir='ltr'>tu.</span> <span class='ocrx_word' id='word_1_640' title='bbox 2938 4300 3145 4354; x_wconf 88' lang='lat' dir='ltr'>Dicens</span> <span class='ocrx_word' id='word_1_641' title='bbox 3176 4315 3193 4351; x_wconf 91' lang='lat'><strong>:</strong></span> <span class='ocrx_word' id='word_1_642' title='bbox 3233 4297 3305 4353; x_wconf 82' lang='lat' dir='ltr'>Si</span> <span class='ocrx_word' id='word_1_643' title='bbox 3324 4294 3597 4367; x_wconf 79' lang='lat' dir='ltr'>possibile</span> 
     </span>
    </p>
   </div>
   <div class='ocr_carea' id='block_1_97' title="bbox 1932 4383 3600 4464">
    <p class='ocr_par' dir='ltr' id='par_1_97' title="bbox 1932 4383 3600 4464">
     <span class='ocr_line' id='line_1_98' title="bbox 1932 4383 3600 4464; baseline -0.01 -8"><span class='ocrx_word' id='word_1_644' title='bbox 1932 4404 2033 4464; x_wconf 86' lang='lat' dir='ltr'>est,</span> <span class='ocrx_word' id='word_1_645' title='bbox 2067 4400 2332 4453; x_wconf 79' lang='lat' dir='ltr'>transeat</span> <span class='ocrx_word' id='word_1_646' title='bbox 2378 4408 2415 4449; x_wconf 89' lang='lat' dir='ltr'>a</span> <span class='ocrx_word' id='word_1_647' title='bbox 2445 4407 2536 4448; x_wconf 88' lang='lat' dir='ltr'>me</span> <span class='ocrx_word' id='word_1_648' title='bbox 2571 4390 2844 4461; x_wconf 79' lang='lat' dir='ltr'>poculum</span> <span class='ocrx_word' id='word_1_649' title='bbox 2876 4387 3056 4457; x_wconf 86' lang='lat' dir='ltr'>istud,</span> <span class='ocrx_word' id='word_1_650' title='bbox 3107 4386 3448 4441; x_wconf 90' lang='lat' dir='ltr'>humanum</span> <span class='ocrx_word' id='word_1_651' title='bbox 3498 4383 3600 4439; x_wconf 91' lang='lat' dir='ltr'>de-</span> 
     </span>
    </p>
   </div>
   <div class='ocr_carea' id='block_1_98' title="bbox 1859 4477 3596 4583">
    <p class='ocr_par' dir='ltr' id='par_1_98' title="bbox 1859 4477 3596 4583">
     <span class='ocr_line' id='line_1_99' title="bbox 1859 4477 3596 4583; baseline -0.01 -38"><span class='ocrx_word' id='word_1_652' title='bbox 1859 4486 2289 4583; x_wconf 84' lang='lat' dir='ltr'>Dmonstravit</span> <span class='ocrx_word' id='word_1_653' title='bbox 2341 4481 2630 4547; x_wconf 86' lang='lat' dir='ltr'>timorem,</span> <span class='ocrx_word' id='word_1_654' title='bbox 2685 4477 2969 4550; x_wconf 90' lang='lat' dir='ltr'>poculum</span> <span class='ocrx_word' id='word_1_655' title='bbox 3034 4491 3260 4532; x_wconf 89' lang='lat' dir='ltr'>vocans</span> <span class='ocrx_word' id='word_1_656' title='bbox 3316 4479 3596 4529; x_wconf 89' lang='lat' dir='ltr'>mortem.</span> 
     </span>
     <span class='ocr_line' id='line_1_100' title="bbox 1943 4563 3572 4583; baseline 0 0"><span class='ocrx_word' id='word_1_657' title='bbox 1943 4577 2000 4583; x_wconf 86' lang='lat'>_.</span> <span class='ocrx_word' id='word_1_658' title='bbox 2272 4577 2280 4583; x_wconf 90' lang='lat'>.</span> <span class='ocrx_word' id='word_1_659' title='bbox 2466 4571 2513 4583; x_wconf 84' lang='lat'>-.</span> <span class='ocrx_word' id='word_1_660' title='bbox 2692 4574 2702 4583; x_wconf 92' lang='lat'>.</span> <span class='ocrx_word' id='word_1_661' title='bbox 2987 4581 3041 4583; x_wconf 41' lang='grc' dir='ltr'>μ</span> <span class='ocrx_word' id='word_1_662' title='bbox 3439 4563 3572 4583; x_wconf 72' lang='lat'>_-.-</span> 
     </span>
    </p>
   </div>
   <div class='ocr_carea' id='block_1_99' title="bbox 1938 4563 3600 4639">
    <p class='ocr_par' dir='ltr' id='par_1_99' title="bbox 1938 4563 3600 4639">
     <span class='ocr_line' id='line_1_101' title="bbox 1938 4563 3600 4639; baseline -0.01 -6"><span class='ocrx_word' id='word_1_663' title='bbox 1938 4577 2145 4633; x_wconf 89' lang='lat' dir='ltr'>Dicens</span> <span class='ocrx_word' id='word_1_664' title='bbox 2184 4577 2407 4639; x_wconf 89' lang='lat' dir='ltr'>autem,</span> <span class='ocrx_word' id='word_1_665' title='bbox 2466 4571 2877 4627; x_wconf 79' lang='lat' dir='ltr'>Verumtamen</span> <span class='ocrx_word' id='word_1_666' title='bbox 2932 4581 3049 4622; x_wconf 85' lang='lat' dir='ltr'>non</span> <span class='ocrx_word' id='word_1_667' title='bbox 3104 4565 3257 4621; x_wconf 86' lang='lat' dir='ltr'>sicut</span> <span class='ocrx_word' id='word_1_668' title='bbox 3287 4580 3389 4635; x_wconf 89' lang='lat' dir='ltr'>ego</span> <span class='ocrx_word' id='word_1_669' title='bbox 3439 4563 3600 4630; x_wconf 90' lang='lat' dir='ltr'>volo,</span> 
     </span>
    </p>
   </div>
   <div class='ocr_carea' id='block_1_100' title="bbox 1937 4652 3601 4731">
    <p class='ocr_par' dir='ltr' id='par_1_100' title="bbox 1937 4652 3601 4731">
     <span class='ocr_line' id='line_1_102' title="bbox 1937 4652 3601 4731; baseline -0.011 -6"><span class='ocrx_word' id='word_1_670' title='bbox 1937 4667 2039 4725; x_wconf 86' lang='lat' dir='ltr'>sed</span> <span class='ocrx_word' id='word_1_671' title='bbox 2066 4668 2220 4722; x_wconf 83' lang='lat' dir='ltr'>sicut</span> <span class='ocrx_word' id='word_1_672' title='bbox 2252 4666 2334 4727; x_wconf 84' lang='lat' dir='ltr'>tu,</span> <span class='ocrx_word' id='word_1_673' title='bbox 2368 4659 2570 4717; x_wconf 90' lang='lat' dir='ltr'>docuit</span> <span class='ocrx_word' id='word_1_674' title='bbox 2600 4658 2787 4731; x_wconf 85' lang='lat' dir='ltr'>quod,</span> <span class='ocrx_word' id='word_1_675' title='bbox 2823 4658 3044 4714; x_wconf 84' lang='lat' dir='ltr'>natura</span> <span class='ocrx_word' id='word_1_676' title='bbox 3072 4654 3208 4713; x_wconf 87' lang='lat' dir='ltr'>licet</span> <span class='ocrx_word' id='word_1_677' title='bbox 3237 4652 3601 4721; x_wconf 87' lang='lat' dir='ltr'>retrahente,</span> 
     </span>
    </p>
   </div>
   <div class='ocr_carea' id='block_1_101' title="bbox 1940 4740 3601 4827">
    <p class='ocr_par' dir='ltr' id='par_1_101' title="bbox 1940 4740 3601 4827">
     <span class='ocr_line' id='line_1_103' title="bbox 1940 4740 3601 4827; baseline -0.011 -14"><span class='ocrx_word' id='word_1_678' title='bbox 1940 4755 2109 4827; x_wconf 88' lang='lat' dir='ltr'>sequi</span> <span class='ocrx_word' id='word_1_679' title='bbox 2155 4755 2426 4825; x_wconf 88' lang='lat' dir='ltr'>oporteat</span> <span class='ocrx_word' id='word_1_680' title='bbox 2475 4748 2576 4805; x_wconf 92' lang='lat' dir='ltr'>Dei</span> <span class='ocrx_word' id='word_1_681' title='bbox 2623 4746 2993 4803; x_wconf 85' lang='lat' dir='ltr'>voluntatem</span> <span class='ocrx_word' id='word_1_682' title='bbox 3037 4745 3319 4815; x_wconf 81' lang='lat' dir='ltr'>illamque</span> <span class='ocrx_word' id='word_1_683' title='bbox 3339 4740 3601 4815; x_wconf 65' lang='lat' dir='ltr'>propriae</span> 
     </span>
    </p>
   </div>
   <div class='ocr_carea' id='block_1_102' title="bbox 1942 4830 3600 4914">
    <p class='ocr_par' dir='ltr' id='par_1_102' title="bbox 1942 4830 3600 4914">
     <span class='ocr_line' id='line_1_104' title="bbox 1942 4830 3600 4914; baseline -0.01 -13"><span class='ocrx_word' id='word_1_684' title='bbox 1942 4843 2232 4902; x_wconf 90' lang='lat' dir='ltr'>voluntati</span> <span class='ocrx_word' id='word_1_685' title='bbox 2278 4853 2648 4914; x_wconf 64' lang='lat' dir='ltr'>praeponere,</span> <span class='ocrx_word' id='word_1_686' title='bbox 2706 4830 2999 4905; x_wconf 88' lang='lat' dir='ltr'>tanquam</span> <span class='ocrx_word' id='word_1_687' title='bbox 3062 4833 3325 4889; x_wconf 79' lang='lat' dir='ltr'>maxime</span> <span class='ocrx_word' id='word_1_688' title='bbox 3374 4830 3600 4886; x_wconf 90' lang='lat' dir='ltr'>utilem.</span> 
     </span>
    </p>
   </div>
   <div class='ocr_carea' id='block_1_103' title="bbox 1945 4917 3605 5001">
    <p class='ocr_par' dir='ltr' id='par_1_103' title="bbox 1945 4917 3605 5001">
     <span class='ocr_line' id='line_1_105' title="bbox 1945 4917 3605 5001; baseline -0.011 -10"><span class='ocrx_word' id='word_1_689' title='bbox 1945 4933 2117 5001; x_wconf 85' lang='lat' dir='ltr'>Quod</span> <span class='ocrx_word' id='word_1_690' title='bbox 2143 4947 2282 4988; x_wconf 83' lang='lat' dir='ltr'>vero</span> <span class='ocrx_word' id='word_1_691' title='bbox 2330 4930 2447 4987; x_wconf 88' lang='lat' dir='ltr'>ait:</span> <span class='ocrx_word' id='word_1_692' title='bbox 2504 4929 2916 4984; x_wconf 80' lang='lat' dir='ltr'>Verumtamen</span> <span class='ocrx_word' id='word_1_693' title='bbox 2959 4940 3067 4978; x_wconf 77' lang='lat' dir='ltr'>non</span> <span class='ocrx_word' id='word_1_694' title='bbox 3108 4922 3259 4978; x_wconf 84' lang='lat' dir='ltr'>sicut</span> <span class='ocrx_word' id='word_1_695' title='bbox 3304 4936 3409 4991; x_wconf 86' lang='lat' dir='ltr'>ego</span> <span class='ocrx_word' id='word_1_696' title='bbox 3460 4917 3605 4983; x_wconf 79' lang='lat' dir='ltr'>voto,</span> 
     </span>
    </p>
   </div>
   <div class='ocr_carea' id='block_1_104' title="bbox 226 5008 1808 5100">
    <p class='ocr_par' dir='ltr' id='par_1_104' title="bbox 226 5008 1808 5100">
     <span class='ocr_line' id='line_1_106' title="bbox 226 5008 1808 5100; baseline 0.001 -27"><span class='ocrx_word' id='word_1_697' title='bbox 226 5022 253 5073; x_wconf 82' lang='grc' dir='ltr'>ὁ</span> <span class='ocrx_word' id='word_1_698' title='bbox 311 5025 524 5082; x_wconf 85' lang='grc' dir='ltr'><strong><em>Λουκᾶς</em></strong></span> <span class='ocrx_word' id='word_1_699' title='bbox 585 5018 912 5095; x_wconf 73' lang='grc' dir='ltr'><strong><em>ἀπηγγειλεν,</em></strong></span> <span class='ocrx_word' id='word_1_700' title='bbox 969 5020 1144 5091; x_wconf 82' lang='grc' dir='ltr'><strong><em>εἰπὼν,</em></strong></span> <span class='ocrx_word' id='word_1_701' title='bbox 1200 5020 1340 5081; x_wconf 75' lang='grc' dir='ltr'><strong><em>Πλὴν</em></strong></span> <span class='ocrx_word' id='word_1_702' title='bbox 1396 5027 1469 5097; x_wconf 83' lang='grc' dir='ltr'><strong><em>μὴ</em></strong></span> <span class='ocrx_word' id='word_1_703' title='bbox 1520 5026 1579 5077; x_wconf 87' lang='grc' dir='ltr'><strong><em>τὸ</em></strong></span> <span class='ocrx_word' id='word_1_704' title='bbox 1638 5008 1808 5100; x_wconf 70' lang='grc' dir='ltr'><strong><em>θελημι</em></strong></span> 
     </span>
    </p>
   </div>
   <div class='ocr_carea' id='block_1_105' title="bbox 1913 5008 3610 5100">
    <p class='ocr_par' dir='ltr' id='par_1_105' title="bbox 1944 5008 3610 5091">
     <span class='ocr_line' id='line_1_107' title="bbox 1944 5008 3610 5091; baseline -0.01 -10"><span class='ocrx_word' id='word_1_705' title='bbox 1944 5024 2049 5083; x_wconf 84' lang='lat' dir='ltr'>sed</span> <span class='ocrx_word' id='word_1_706' title='bbox 2088 5024 2243 5079; x_wconf 80' lang='lat' dir='ltr'>sicut</span> <span class='ocrx_word' id='word_1_707' title='bbox 2297 5026 2384 5091; x_wconf 83' lang='lat' dir='ltr'>tu,</span> <span class='ocrx_word' id='word_1_708' title='bbox 2434 5016 2679 5091; x_wconf 80' lang='lat' dir='ltr'>planius</span> <span class='ocrx_word' id='word_1_709' title='bbox 2722 5012 2923 5071; x_wconf 88' lang='lat' dir='ltr'>retulit</span> <span class='ocrx_word' id='word_1_710' title='bbox 2972 5013 3159 5070; x_wconf 84' lang='lat' dir='ltr'>Lucas</span> <span class='ocrx_word' id='word_1_711' title='bbox 3193 5010 3445 5067; x_wconf 90' lang='lat' dir='ltr'>dicens:</span> <span class='ocrx_word' id='word_1_712' title='bbox 3506 5008 3610 5065; x_wconf 87' lang='lat' dir='ltr'>Ve-</span> 
     </span>
    </p>
   </div>
   <div class='ocr_carea' id='block_1_106' title="bbox 299 5162 1383 5231">
    <p class='ocr_par' dir='ltr' id='par_1_106' title="bbox 299 5162 1383 5231">
     <span class='ocr_line' id='line_1_108' title="bbox 299 5162 1383 5231; baseline 0.002 -11"><span class='ocrx_word' id='word_1_713' title='bbox 299 5164 345 5201; x_wconf 77' lang='grc'>⁵¹</span> <span class='ocrx_word' id='word_1_714' title='bbox 382 5162 565 5221; x_wconf 83' lang='lat' dir='ltr'>Marc.</span> <span class='ocrx_word' id='word_1_715' title='bbox 606 5178 727 5231; x_wconf 84' lang='lat' dir='ltr'>x1v,</span> <span class='ocrx_word' id='word_1_716' title='bbox 760 5162 851 5223; x_wconf 85' lang='lat'>33.</span> <span class='ocrx_word' id='word_1_717' title='bbox 878 5163 927 5200; x_wconf 79' lang='grc'>⁸³</span> <span class='ocrx_word' id='word_1_718' title='bbox 959 5164 1098 5222; x_wconf 88' lang='lat' dir='ltr'>Luc.</span> <span class='ocrx_word' id='word_1_719' title='bbox 1124 5180 1261 5231; x_wconf 69' lang='grc' dir='ltr'><strong><em>χχιι,</em></strong></span> <span class='ocrx_word' id='word_1_720' title='bbox 1291 5164 1383 5222; x_wconf 73' lang='grc'>41.</span> 
     </span>
    </p>
   </div>
   <div class='ocr_carea' id='block_1_107' title="bbox 1392 5344 2405 5417">
    <p class='ocr_par' dir='ltr' id='par_1_107' title="bbox 1392 5344 2405 5417">
     <span class='ocr_line' id='line_1_109' title="bbox 1392 5344 2405 5417; baseline -0.006 -1"><span class='ocrx_word' id='word_1_721' title='bbox 1392 5356 1395 5363; x_wconf 78' lang='lat'><strong><em>&#39;</em></strong></span> <span class='ocrx_word' id='word_1_722' title='bbox 1442 5344 1669 5416; x_wconf 85' lang='lat' dir='ltr'>Variae</span> <span class='ocrx_word' id='word_1_723' title='bbox 1716 5346 2050 5417; x_wconf 89' lang='lat' dir='ltr'>lectiones</span> <span class='ocrx_word' id='word_1_724' title='bbox 2095 5353 2161 5416; x_wconf 91' lang='lat' dir='ltr'>et</span> <span class='ocrx_word' id='word_1_725' title='bbox 2200 5352 2405 5414; x_wconf 73' lang='lat' dir='ltr'>notae.</span> 
     </span>
    </p>
   </div>
   <div class='ocr_carea' id='block_1_108' title="bbox 313 5538 775 5624">
    <p class='ocr_par' dir='ltr' id='par_1_108' title="bbox 313 5538 775 5624">
     <span class='ocr_line' id='line_1_110' title="bbox 313 5538 775 5624; baseline -0.004 -25"><span class='ocrx_word' id='word_1_726' title='bbox 313 5538 424 5624; x_wconf 73' lang='grc' dir='ltr'>(4β)</span> <span class='ocrx_word' id='word_1_727' title='bbox 468 5539 604 5598; x_wconf 66' lang='lat' dir='ltr'>Haec</span> <span class='ocrx_word' id='word_1_728' title='bbox 642 5542 775 5624; x_wconf 74' lang='lat' dir='ltr'>uter</span> 
     </span>
    </p>
   </div>
   <div class='ocr_carea' id='block_1_109' title="bbox 251 5692 461 5743">
    <p class='ocr_par' dir='ltr' id='par_1_109' title="bbox 251 5692 461 5743">
     <span class='ocr_line' id='line_1_111' title="bbox 251 5692 461 5743; baseline 0.005 -1"><span class='ocrx_word' id='word_1_729' title='bbox 251 5692 361 5742; x_wconf 86' lang='lat' dir='ltr'>teni</span> <span class='ocrx_word' id='word_1_730' title='bbox 370 5702 461 5743; x_wconf 82' lang='lat' dir='ltr'>us.</span> 
     </span>
    </p>
   </div>
   <div class='ocr_carea' id='block_1_110' title="bbox 532 5778 1261 5843">
    <p class='ocr_par' dir='ltr' id='par_1_110' title="bbox 532 5778 1261 5843">
     <span class='ocr_line' id='line_1_112' title="bbox 532 5778 1261 5843; baseline 0.005 -4"><span class='ocrx_word' id='word_1_731' title='bbox 532 5781 752 5841; x_wconf 57' lang='lat' dir='ltr'>Parnm.</span> <span class='ocrx_word' id='word_1_732' title='bbox 789 5780 896 5841; x_wconf 75' lang='lat' dir='ltr'>Ga.</span> <span class='ocrx_word' id='word_1_733' title='bbox 938 5778 1187 5843; x_wconf 81' lang='lat' dir='ltr'>CXXIX.</span> <span class='ocrx_word' id='word_1_734' title='bbox 1256 5812 1261 5823; x_wconf 90' lang='grc'><strong>·</strong></span> 
     </span>
    </p>
   </div>
   <div class='ocr_carea' id='block_1_111' title="bbox 863 5537 1858 5616">
    <p class='ocr_par' dir='ltr' id='par_1_111' title="bbox 863 5537 1858 5616">
     <span class='ocr_line' id='line_1_113' title="bbox 863 5537 1858 5616; baseline 0.001 -20"><span class='ocrx_word' id='word_1_735' title='bbox 863 5553 895 5616; x_wconf 78' lang='lat' dir='ltr'>e</span> <span class='ocrx_word' id='word_1_736' title='bbox 928 5537 1119 5616; x_wconf 58' lang='lat' dir='ltr'>code;</span> <span class='ocrx_word' id='word_1_737' title='bbox 1161 5539 1339 5616; x_wconf 76' lang='lat' dir='ltr'>habet</span> <span class='ocrx_word' id='word_1_738' title='bbox 1383 5540 1443 5598; x_wconf 92' lang='lat' dir='ltr'>in</span> <span class='ocrx_word' id='word_1_739' title='bbox 1477 5542 1767 5616; x_wconf 75' lang='lat' dir='ltr'>margine,</span> <span class='ocrx_word' id='word_1_740' title='bbox 1814 5542 1858 5597; x_wconf 90' lang='lat' dir='ltr'><strong>A</strong></span> 
     </span>
    </p>
   </div>
   <div class='ocr_carea' id='block_1_112' title="bbox 249 5610 1859 5696">
    <p class='ocr_par' dir='ltr' id='par_1_112' title="bbox 249 5610 1859 5696">
     <span class='ocr_line' id='line_1_114' title="bbox 249 5610 1859 5696; baseline 0 -25"><span class='ocrx_word' id='word_1_741' title='bbox 249 5610 489 5696; x_wconf 78' lang='lat' dir='ltr'>quidem</span> <span class='ocrx_word' id='word_1_742' title='bbox 517 5613 700 5687; x_wconf 87' lang='lat' dir='ltr'>paulo</span> <span class='ocrx_word' id='word_1_743' title='bbox 726 5610 1061 5678; x_wconf 57' lang='lat' dir='ltr'>inferius,‘B</span> <span class='ocrx_word' id='word_1_744' title='bbox 1090 5612 1208 5670; x_wconf 90' lang='lat' dir='ltr'>hoc</span> <span class='ocrx_word' id='word_1_745' title='bbox 1232 5612 1393 5673; x_wconf 91' lang='lat' dir='ltr'>loco.</span> <span class='ocrx_word' id='word_1_746' title='bbox 1431 5616 1601 5671; x_wconf 89' lang='lat' dir='ltr'>Caret</span> <span class='ocrx_word' id='word_1_747' title='bbox 1614 5610 1687 5671; x_wconf 64' lang='lat' dir='ltr'>co</span> <span class='ocrx_word' id='word_1_748' title='bbox 1711 5615 1859 5672; x_wconf 83' lang='lat' dir='ltr'>Hen-</span> 
     </span>
    </p>
   </div>
   <div class='ocr_carea' id='block_1_113' title="bbox 2035 5528 3626 5614">
    <p class='ocr_par' dir='ltr' id='par_1_113' title="bbox 2035 5528 3626 5614">
     <span class='ocr_line' id='line_1_115' title="bbox 2035 5528 3626 5614; baseline -0.007 -17"><span class='ocrx_word' id='word_1_749' title='bbox 2035 5541 2144 5614; x_wconf 82' lang='grc'>(49)</span> <span class='ocrx_word' id='word_1_750' title='bbox 2177 5536 2365 5614; x_wconf 70' lang='lat' dir='ltr'>Etiam</span> <span class='ocrx_word' id='word_1_751' title='bbox 2391 5535 2520 5614; x_wconf 78' lang='lat' dir='ltr'>haec</span> <span class='ocrx_word' id='word_1_752' title='bbox 2546 5538 2795 5614; x_wconf 75' lang='lat' dir='ltr'>uterque</span> <span class='ocrx_word' id='word_1_753' title='bbox 2822 5534 3005 5609; x_wconf 74' lang='lat' dir='ltr'>habet</span> <span class='ocrx_word' id='word_1_754' title='bbox 3030 5532 3094 5592; x_wconf 90' lang='lat' dir='ltr'>in</span> <span class='ocrx_word' id='word_1_755' title='bbox 3136 5532 3423 5605; x_wconf 80' lang='lat' dir='ltr'>margine.</span> <span class='ocrx_word' id='word_1_756' title='bbox 3457 5528 3626 5604; x_wconf 84' lang='lat' dir='ltr'>Apud</span> 
     </span>
    </p>
   </div>
   <div class='ocr_carea' id='block_1_114' title="bbox 1969 5609 2733 5681">
    <p class='ocr_par' dir='ltr' id='par_1_114' title="bbox 1969 5609 2733 5681">
     <span class='ocr_line' id='line_1_116' title="bbox 1969 5609 2733 5681; baseline -0.008 -11"><span class='ocrx_word' id='word_1_757' title='bbox 1969 5609 2323 5670; x_wconf 78' lang='lat' dir='ltr'>Hentenium</span> <span class='ocrx_word' id='word_1_758' title='bbox 2351 5624 2473 5668; x_wconf 87' lang='lat' dir='ltr'>non</span> <span class='ocrx_word' id='word_1_759' title='bbox 2498 5609 2733 5681; x_wconf 82' lang='lat' dir='ltr'>legitur.</span> 
     </span>
    </p>
   </div>
   <div class='ocr_carea' id='block_1_115' title="bbox 3277 5774 3350 5842">
    <p class='ocr_par' dir='ltr' id='par_1_115' title="bbox 3277 5774 3350 5842">
     <span class='ocr_line' id='line_1_117' title="bbox 3277 5774 3350 5842; baseline 0 -13"><span class='ocrx_word' id='word_1_760' title='bbox 3277 5774 3350 5842; x_wconf 74' lang='lat'>22</span> 
     </span>
    </p>
   </div>
  </div>
