4096 6378
570 322 674 383 683
1891 316 2077 378 EUTH
2086 315 2239 377 YMlI
2277 316 2608 380 ZIGABENI
3833 340 3928 399 684

568 456 897 508 rumtamen
918 464 1036 506 non
1059 464 1190 507 mea
1209 450 1509 517 voluntas,
1532 450 1635 508 sed
1660 456 1764 507 tua
1782 450 1887 520 fiat
1914 451 1960 486 ⁵³
2001 450 2213 506 Maron:

2338 472 2462 525 μου,
2520 453 2650 506 ἀλλὰ
2690 456 2747 507 τὸ
2801 457 2893 508 σὸν
2939 457 3164 528 ’γινέσθω
3215 458 3359 531 (50).
3414 462 3626 538 Μάρκος
3673 459 3731 518 δέ
3777 487 3923 540 φησιν

570 544 769 596 autem
823 539 962 595 dicit
1018 539 1183 612 quod
1256 538 1462 595 orabat
1498 544 1574 606 ut,
1631 540 1680 595 si
1712 539 1996 612 possibile
2052 544 2206 595 esset

2339 543 2413 594 ὅτι
2464 546 2810 617 προσηύχετο
2858 542 2940 597 ἳνα
3001 547 3132 618 (51),
3174 548 3217 600 εἰ
3262 545 3485 603 δυνατόν
3535 550 3669 618 ἔστι,
3708 538 3921 632 παρέλθῄ

569 629 847 687 transiret
907 646 943 685 a
998 645 1060 685 se
1112 629 1275 697 hora,
1332 628 1602 685 videlicet
1653 629 1881 686 mortis.
1940 628 2008 683 Et
2072 629 2213 701 quoc'

2339 628 2426 683 ἀπ’
2475 632 2637 685 αὐτοῦ
2667 634 2697 691 ἡ
2744 634 2872 707 ὥρα,
2906 635 3085 707 ἣγουν,
3120 637 3151 695 ἡ
3183 644 3276 689 τοῦ
3309 640 3554 693 θανάτουο
3588 647 3675 696 καὶ
3710 646 3788 697 ὅτι
3822 646 3926 719 (52)

571 717 832 775 dicebat:
878 718 1047 775 Abba
1096 720 1300 787 Pater,
1341 721 1539 775 omnia
1583 719 1692 774 tibi
1731 719 2030 788 possibilia
2064 724 2213 783 sunt,

2335 721 2517 792 ἔλεγεν,
2571 721 2735 775 Ἀϐϐά
2789 725 2814 775 ό
2878 729 3082 800 Πατὴρ,
3144 729 3316 780 πάντα
3364 726 3564 783 δυνατά
3616 751 3718 785 σοι·
3778 717 3927 808 παρέέ

573 809 840 878 transfer
860 809 1143 878 poculum
1173 809 1274 865 hoc
1299 824 1336 865 a
1360 824 1469 875 me,
1498 809 1600 866 sed
1622 824 1741 865 non
1770 809 1930 881 quod
1950 824 2047 880 ego
2078 808 2213 873 volo,

2334 830 2479 882 νεγκε
2554 815 2612 864 τὸ
2678 818 2928 886 ποτήριον
2999 813 3085 867 ἀπ’
3159 816 3285 890 ἐμοῦ
3354 827 3525 873 τοῦτο·
3599 819 3705 874 ἀλλ’
3767 824 3823 876 ού
3880 830 3927 878 τί

571 899 674 955 sed
699 899 858 970 quod
900 905 965 954 tu
1017 899 1084 953 ⁸⁸.
1112 897 1292 955 Dictio
1322 899 1490 955 Abba
1527 898 1806 955 Hebraica
1839 902 1957 989 est,
2005 898 2213 967 signiﬁ-

2336 898 2438 971 ἐγὼ
2489 900 2633 969 θέλω,
2690 901 2817 955 ἀλλὰ
2863 909 2913 956 τί
2961 909 3048 960 σύ.
3099 910 3167 959 Τό
3220 910 3310 979 μὲν
3364 928 3452 961 ουν
3495 909 3675 979 Ἀϐϐά,
3719 912 3919 989 ἑϐραῐκή

572 1002 717 1045 cans
742 987 903 1044 idem
933 987 1099 1060 quod
1128 988 1345 1045 Pater:
1374 988 1510 1045 ideo
1536 1003 1780 1062 quoque
1811 1003 1921 1044 sua
1945 987 2213 1078 interpre-

2333 987 2469 1052 λέξις
2511 989 2645 1059 ἐστὶ,
2690 1000 2943 1065 σημαῖνον
3000 998 3056 1047 τὸ
3102 994 3162 1048 Ὀ
3210 1002 3410 1074 Πατήρ·
3452 995 3539 1053 διὸ
3577 1007 3667 1055 καὶ
3696 1004 3725 1062 ἡ
3765 987 3921 1078 ἑρμη-

572 1077 717 1134 tatio
760 1078 1038 1150 apposita
1065 1081 1171 1133 est.
1206 1077 1380 1144 Quod
1411 1082 1611 1135 autem
1642 1078 1899 1144 additur,
1948 1077 2068 1134 Sed
2106 1093 2213 1134 non

2331 1084 2442 1132 νεία
2490 1082 2678 1134 τούτου
2730 1085 3046 1157 χροσετέθη.
3101 1089 3172 1139 Τὸ
3237 1083 3316 1152 δὲ,
3380 1088 3456 1141 Ού
3511 1094 3564 1142 τί
3618 1090 3717 1164 ἐγὼ
3785 1077 3922 1165 θελω,

566 1167 724 1238 quod
749 1182 853 1238 ego
876 1167 1139 1234 voto,sed
1148 1166 1301 1239 quod
1324 1173 1409 1234 tu,
1430 1167 1720 1224 defectiva
1737 1167 1927 1223 oratio
1950 1170 2039 1223 est
2064 1186 2075 1226 :
2100 1167 2213 1223 Fiat

2334 1167 2461 1221 ἀλλὰ
2532 1175 2584 1223 τί
2658 1175 2747 1238 σύ,
2829 1171 3006 1232 ἐλλιπῆ
3093 1178 3250 1234 εἰσιν.
3346 1176 3590 1233 Ἐλλεὶπει
3674 1182 3772 1255 ’γάρ
3849 1186 3920 1250 τό,

562 1270 686 1313 non
712 1255 878 1328 quod
909 1271 1022 1326 ego
1050 1255 1208 1327 volo,
1239 1255 1344 1312 sed
1369 1256 1531 1329 quod
1562 1261 1644 1314 tu.

2333 1261 2585 1316 Γινέσθω.
2640 1259 2795 1314 Ἐστι
2844 1265 2947 1336 γὰρ
2993 1266 3049 1316 τὸ
3096 1264 3305 1341 πλῆρες,
3350 1266 3431 1319 ὃτι
3474 1271 3720 1341 Γινέσθω,
3765 1271 3865 1345 οὐχ
3902 1274 3925 1326 ὅ

632 1344 803 1417 Apud
852 1347 1071 1401 Lucam
1120 1360 1261 1401 vero
1308 1346 1594 1418 scriptum
1629 1350 1757 1404 est:
1809 1347 2011 1411 Pater,
2045 1346 2097 1402 si
2133 1346 2213 1403 vis

2332 1346 2429 1419 ἐγὼ
2459 1348 2603 1416 θέλω,
2637 1348 2744 1403 ἀλλ’
2778 1353 2804 1404 δ
2837 1355 2923 1407 σύ.

564 1434 891 1504 transferre
930 1435 1211 1503 poculum
1244 1434 1355 1492 hoc
1392 1451 1429 1493 a
1461 1452 1553 1492 me
1582 1437 1651 1472 5"
1680 1452 1693 1503 ;
1726 1440 1783 1493 et
1831 1435 2097 1491 similiter
2137 1439 2213 1491 est

2404 1442 2555 1512 Παρὰ
2612 1436 2672 1493 δὲ
2726 1448 2795 1511 τῷ
2846 1446 3028 1514 Λουκᾷ
3086 1448 3400 1518 γέγραπταιο
3459 1449 3653 1523 Πάτερ,
3712 1449 3755 1502 εἰ
3809 1448 3925 1524 βού-

562 1522 757 1579 oratio
797 1521 1091 1579 defectiva
1146 1523 1348 1580 deﬁcit
1383 1524 1565 1592 enim,
1620 1524 1913 1581 Transfer.
1950 1525 2019 1580 Ut
2046 1524 2213 1581 homo

2329 1526 2404 1580 λει
2486 1538 2815 1604 παρενεγκεῖν
2899 1534 2959 1583 τὸ
3041 1539 3290 1607 ποτήριον
3374 1541 3528 1589 τοῦτὸ
3615 1537 3704 1591 ἀπ’
3786 1538 3922 1614 ἕμοῦ.

563 1616 767 1669 autem
798 1610 1055 1682 dicebat,
1087 1613 1157 1669 Si
1188 1613 1468 1684 possibile
1491 1619 1594 1681 est,
1628 1614 1743 1670 hoc
1773 1617 1880 1679 est,
1928 1611 2213 1681 Quatenus

2334 1622 2435 1670 Καὶ
2486 1619 2600 1671 ἔστι
2670 1624 2761 1672 καὶ
2832 1628 2986 1674 τοῦτο
3062 1621 3278 1687 ἐλλιπές.
3359 1624 3603 1680 Ἐλλεὶπει
3676 1632 3775 1701 γὰρ
3808 1610 3818 1614 1
3849 1635 3921 1697 τὸ,

562 1698 691 1756 ﬁeri
721 1704 914 1772 potest
942 1717 955 1767 ;
986 1700 1325 1759 humanum
1370 1707 1461 1759 est
1489 1704 1649 1760 enim
1692 1703 1898 1759 timere
1930 1703 2036 1774 (ii).
2072 1702 2213 1759 Veri-

2332 1710 2637 1781 Παρένεγκε.
2718 1709 2780 1762 Ὢ.
2851 1712 3121 1783 ἄνθρωπος
3200 1709 3259 1766 δὲ
3338 1711 3493 1770 εἶπεν.
3570 1716 3629 1771 Εἰ
3684 1698 3924 1773 ⁷δυνατόν

562 1788 758 1845 simile
782 1794 873 1845 est
900 1794 1104 1847 autem
1133 1792 1338 1848 omnia
1366 1808 1473 1865 per
1503 1797 1703 1865 partes
1727 1792 1891 1850 dicta
1919 1808 2075 1849 esse.
2122 1794 2213 1849 So-

2332 1795 2491 1863 ἐστιν,
2544 1796 2657 1850 ἀντὶ
2687 1806 2799 1865 τοῦ,
2856 1800 2898 1853 εἰ
2928 1797 3293 1874 ἐνδεχόμενον,
3337 1802 3689 1880 Ἀνθρώπινον
3734 1810 3831 1882 γὰρ
3874 1810 3925 1860 τὸ

560 1877 755 1935 lemus
785 1878 949 1935 enim
974 1880 1035 1935 in
1074 1881 1519 1953 precationibus
1566 1898 1757 1939 unum
1783 1888 1840 1939 et
1869 1882 2030 1939 idem
2062 1881 2213 1939 vario

2332 1882 2651 1950 ἔπεδοιάζειν
2700 1888 2841 1961 (53).
2902 1888 2989 1952 Ὡς
3041 1894 3142 1963 γὰρ
3198 1896 3328 1955 Θεὸς
3373 1877 3650 1966 ἐγίνωσκεν
3690 1877 3925 1950 εἶτενδυ-

562 1966 749 2026 modo
778 1969 995 2027 dicere.
2329 1978 2482 2027 νατὸν
2513 1972 2595 2044 ἧν,
2629 1979 2724 2029 εἴτε
2764 1975 3043 2037 ἁδύνανον.
3084 1980 3237 2044 Εἰκὸς
3268 1979 3346 2055 δε,
3379 1985 3548 2037 πάντα
3584 1986 3811 2060 ῥηθῆναι
3839 1985 3925 2039 ἀνὰ

2330 2068 2503 2138 μέρος.
2551 2066 2818 2140 Εἰώθαμεν
2856 2070 2956 2144 γὰρ
2988 2067 3037 2121 ἐν
3066 2076 3182 2131 ταῖς
3228 2082 3555 2147 προσευχαῖς
3587 2072 3845 2150 διαφόρως
3871 2079 3922 2128 τὸ

2332 2153 2458 2206 αύτό
2489 2154 2671 2227 λέγειν.

2404 2248 2504 2297 Καὶ
2561 2246 2775 2317 ἔρχεται
2832 2278 2899 2288 -
2959 2249 3118 2309 οὕτως
3165 2265 3179 2316 ;
3236 2253 3305 2303 Τὸ
3372 2250 3574 2320 οὓτως;
3631 2254 3747 2307 κατ’
3810 2253 3923 2329 ἐρώ-

2326 2352 2483 2391 τησιν
2561 2334 2751 2394 ἠθικὴν
2824 2335 3200 2409 ἀναγνωστέον.
3262 2340 3526 2416 Ἐνέτρεψε
3583 2345 3691 2420 γὰρ
3761 2344 3922 2409 αὐτὸν,

2326 2426 2499 2475 καίτοι
2571 2427 2659 2476 καὶ
2725 2433 2825 2477 τῶν
2890 2426 3054 2478 ἄλλων
3115 2424 3496 2482 καθευδόντων·
3562 2430 3693 2486 ἁ).λά
3752 2436 3924 2487 τούτου

633 2209 802 2266 Vers.
830 2212 919 2266 40.
961 2209 1042 2266 Et
1063 2216 1218 2268 venit
1248 2242 1317 2251 ——
1348 2211 1473 2269 sic?
1508 2212 1606 2269 Sic
1627 2228 1735 2285 per
1758 2213 2012 2271 modum
2046 2214 2222 2271 inter-

562 2299 890 2369 rogationis
952 2299 1270 2371 legendum
1301 2304 1389 2357 est
1451 2301 1683 2373 pudore
1719 2318 1979 2375 namque
2026 2303 2222 2360 affecit

562 2404 724 2445 eum.
766 2388 939 2461 Atqui
978 2388 1156 2445 etiam
1202 2388 1300 2444 alii
1330 2390 1733 2447 dormiebant.
1767 2393 1877 2448 Sed
1919 2391 2081 2449 hunc
2126 2409 2218 2449 ve-

561 2476 898 2534 hementius
914 2476 1254 2550 objurgavit
1276 2482 1563 2552 tanquam
1588 2480 1783 2551 magis
1814 2483 2215 2553 temerarium,

561 2566 762 2623 dicens
796 2582 808 2622 :
845 2566 937 2623 Sic
968 2574 1021 2623 te
1052 2566 1385 2639 promisisti
1417 2567 1718 2626 facturum
1745 2570 1772 2625 ?

630 2658 866 2712 Vers.40
882 2656 1012 2712 Non
1033 2687 1102 2696 -—
1121 2672 1346 2714 mecum
1372 2658 1400 2716 ?
1420 2661 1647 2714 Mecum
1664 2659 1816 2715 mori
1840 2661 2212 2733 promisistis,

559 2748 618 2802 et
643 2759 761 2801 non
787 2744 1061 2817 potuistis
1086 2761 1210 2802 una
1228 2746 1378 2803 hora
1404 2746 1651 2817 vigilare
1684 2765 1919 2806 mecum
1939 2753 1967 2805 ?
1991 2754 2216 2809 Marcus

559 2837 760 2891 autem
791 2833 871 2891 ait
902 2833 1123 2890 dixisse
1154 2835 1359 2892 Petro:
1402 2837 1626 2907 Simon,
1657 2838 1879 2895 dormis
1902 2839 1930 2894 ?
1956 2841 2088 2898 Non
2117 2858 2218 2912 po-

559 2923 729 2979 tuisti
749 2939 869 2980 una
885 2922 1029 2981 hora
1052 2925 1290 2996 vigilare
1306 2927 1353 2961 ⁵⁵
1372 2924 1401 2981 Ῠ
1419 2926 1723 3000 Praecipue
1755 2930 1916 2986 enim
1939 2932 2015 2988 ad
2046 2932 2214 2988 illum

554 3010 767 3067 direxit
793 3027 1156 3079 sermonem,
1188 3012 1408 3070 deinde
1440 3015 1622 3072 etiam
1654 3016 1732 3073 ad
1763 3018 1934 3075 alios.

625 3102 783 3157 Vers.
849 3104 938 3157 41.
1005 3103 1246 3174 Vigilate
1279 3136 1347 3145 —
1408 3109 1803 3164 tentationem.
1858 3112 1983 3165 Non
2040 3110 2212 3167 vobis

551 3188 696 3263 ipsis
727 3190 1061 3258 conﬁdatis,
1093 3207 1289 3265 neque
1322 3210 1549 3265 magna
1578 3197 1958 3267 promittatis,
1993 3200 2099 3255 sed
2131 3205 2215 3256 at-

549 3279 763 3336 tendite
788 3285 845 3336 et
869 3286 1033 3337 orate
1065 3296 1138 3337 ne
1161 3282 1389 3339 intretis
1417 3284 1478 3340 in
1511 3286 1926 3349 tentationem.
1952 3288 2214 3357 Quidam

549 3384 693 3427 vero
762 3370 1155 3429 tentationem
1221 3372 1689 3446 interpretantur
1740 3375 1838 3434 hic
1890 3378 1965 3434 de
2032 3394 2215 3451 nega-

551 3455 731 3515 tione.

2328 2508 2674 2586 διαφερόντως
2746 2514 3046 2587 καθήψατο,
3119 2520 3189 2580 ὡς
3259 2524 3698 2597 προπετεστέρου,
3756 2521 3922 2596 λέγων·

2328 2602 2507 2663 Οὕτως
2545 2603 2788 2676 ὑπέσχου
2814 2620 2828 2671 ;

2401 2692 2513 2744 Οὐκ
2567 2723 2636 2734 -
2692 2694 2803 2767 μετ’
2851 2695 3142 2768 ἐμοῦ;Σύν
3190 2699 3306 2771 ἐμοὶ
3352 2696 3627 2754 ἀποθανεῖν
3688 2700 3926 2775 ἐπηγγεί-

2325 2780 2508 2852 λασθε,
2585 2786 2673 2835 καὶ
2740 2783 2833 2836 οὐκ
2895 2784 3159 2857 ἰσχύσατε
3226 2792 3350 2859 μίαν
3409 2790 3546 2861 ὥραν
3598 2795 3927 2865 γρηγορῆσαί

2326 2872 2438 2944 μετ’
2493 2870 2892 2947 ἐμοῦ;Μάρκος
2944 2871 3004 2927 δὲ
3056 2894 3234 2947 φησιν,
3297 2879 3377 2929 ὅτι
3415 2877 3549 2950 λέγει
3602 2888 3679 2952 τῷ
3726 2886 3916 2955 Πέτρῳ*

2326 2964 2513 3033 Σίμων,
2573 2958 2887 3028 καθεύδεις;
2947 2964 3058 3017 Οὐκ
3116 2968 3357 3038 ἴσχυσας
3423 2972 3551 3040 μίαν
3606 2971 3745 3045 ὥραν
3794 2990 3925 3045 γρη-

2253 3058 2591 3124 ργορῆσαις
2636 3055 3043 3125 Προηγόυμένως
3086 3057 3177 3126 μεν
3229 3058 3330 3132 γὰρ
3380 3060 3511 3131 πρὸς
3564 3057 3752 3113 ἐκεῖνον
3805 3058 3921 3114 ἀπε-

2323 3143 2546 3209 τείνατο,
2575 3136 2686 3193 εἶτα
2716 3146 2804 3193 καὶ
2834 3145 2965 3217 πρὸς
2998 3147 3118 3206 τούς
3148 3143 3354 3207 ἄλλους.

2396 3233 2703 3304 Γρηγορεῖτε
2755 3262 2826 3272 -
2882 3237 3192 3305 πειρασμόν.
3258 3239 3344 3294 Μὴ
3408 3234 3645 3310 οαῤῥεῖτε
3711 3238 3919 3305 ἑαυτοῖς,

2324 3319 2464 3391 μηδὲ
2545 3317 2918 3391 ἕπαγγελλεσθε
2994 3322 3214 3393 μεγάλα,
3284 3322 3411 3377 ἀλλὰ
3476 3331 3768 3401 προσέχετε
3840 3329 3923 3377 καὶ

2322 3410 2689 3483 προσεύχεσθε
2752 3414 2824 3483 μὴ
2886 3409 3128 3465 εἰσελθεῖν
3180 3412 3252 3473 εἰς
3302 3420 3616 3488 πειρασμόν.
3675 3419 3816 3478 Τινες
3869 3411 3923 3468 δὲ

2324 3502 2615 3573 πειρασμόν
2656 3497 2875 3554 ἐνταῦθα
2901 3503 2990 3554 τὸν
3021 3510 3110 3564 τῆς
3136 3499 3399 3577 ἀρνήσεως
3433 3503 3797 3578 ἐρμηνεύουσι.

626 3690 787 3745 Vers.
842 3690 932 3746 41.
987 3690 1241 3761 Spiritus
1287 3693 1519 3765 quidem
1567 3726 1635 3737 —
1680 3696 1951 3767 inﬁrma.
2012 3704 2213 3763 Anima

626 3778 800 3805 μμ..
834 3786 1108 3805 __,._._.-
1170 3786 1252 3805 --ι
1304 3788 1356 3805 ,ι
1730 3804 1737 3805 γ
2099 3796 2109 3805 -

2393 3721 2463 3772 Τό
2488 3721 2578 3792 μὲν
2611 3727 2811 3794 πνεῦμα
2835 3753 2904 3763 ——
2932 3723 3170 3786 ἀσθενής.
3204 3723 3263 3779 Ἠ
3288 3728 3378 3799 μεν
3398 3725 3555 3801 ψυχὴ
3586 3732 3924 3805 προθυμεῖται

554 3778 803 3851 quidem
834 3786 1116 3853 prompta
1166 3786 1254 3839 est
1299 3788 1357 3840 et
1403 3785 1691 3843 audenter
1720 3791 1948 3848 accedit
1986 3796 2213 3866 pericu-

555 3866 679 3894 ‘I.....
720 3883 732 3894 .
763 3884 896 3894 ...ι-,ι
946 3885 1087 3894 ..Α-,ι
1141 3887 1268 3894 -.-μ
1325 3872 1555 3894 ἔμε-μ--
1626 3877 1689 3894 ,u
1772 3876 1793 3894 ρ
1930 3882 1982 3894 υ.
2035 3888 2043 3894 .

2488 3778 2497 3792 .
2734 3778 2743 3794 .
3224 3778 3239 3779 φ
3288 3778 3346 3799 ,κ
3409 3778 3423 3799 ,
3452 3778 3552 3801 Ἦν,
3587 3778 3922 3805 "Phr---"

2323 3814 2413 3861 καὶ
2469 3809 2774 3883 κατατολμᾷ
2819 3818 2912 3865 τοῦ
2967 3810 3233 3868 κινδύνου·
3294 3818 3325 3876 ἡ
3395 3814 3454 3870 δε
3507 3819 3666 3894 σὰρξ,
3715 3819 3925 3879 ἀσθενής

554 3866 683 3924 lum
710 3883 732 3936 ,'
760 3884 899 3926 caro
946 3885 1091 3927 vero
1137 3887 1273 3928 cum
1325 3872 1567 3931 inﬁrma
1618 3877 1709 3947 sit,
1767 3876 2069 3950 formidat,
2105 3901 2213 3942 nec

553 3956 705 4014 adeo
735 3961 1019 4015 constans
1058 3965 1149 4017 est
1176 3976 1189 4027 ;
1226 3960 1365 4018 ideo
1396 3964 1668 4021 convenit
1698 3983 1771 4023 ne
1802 3973 2213 4044 promptitudi-

551 4061 693 4103 nem
742 4047 958 4104 animm
997 4050 1365 4106 attendentes
1419 4052 1799 4126 insolescant,
1852 4061 1958 4117 sed
2016 4066 2211 4121 carnis

550 4134 959 4193 inﬁrmitatem
990 4137 1366 4196 advertentes
1399 4142 1650 4200 modesti
1682 4146 1817 4203 sint.

621 4227 783 4281 Vers.
814 4225 907 4285 42.
937 4227 1163 4285 Rursus
1189 4260 1257 4270 -—
1282 4231 1557 4288 voluntas
1588 4239 1712 4291 tua.
1746 4237 1976 4296 Marcus
2009 4248 2209 4301 autem

552 4315 790 4388 scripsit
818 4316 980 4388 quod
1011 4318 1293 4375 eumdem
1340 4319 1551 4378 dixerit
1583 4340 1922 4386 sermonem
1959 4332 2027 4389 ⁵⁸.
2058 4336 2211 4392 Veri-

551 4404 744 4461 simile
769 4410 858 4461 est
883 4422 1027 4478 ergo
1057 4411 1114 4463 et
1138 4408 1301 4465 hunc
1330 4420 1386 4466 et
1416 4411 1582 4468 illum
1612 4413 1849 4475 dixisse.

622 4495 787 4550 Vers.
821 4498 910 4551 43.
937 4497 1018 4552 Et
1050 4499 1201 4553 venit
1230 4530 1301 4539 -
1337 4504 1595 4570 gravati.
1628 4506 2044 4569 Gravabantur
2087 4532 2209 4572 non

553 4586 789 4640 tantum
807 4599 1042 4652 somno,
1068 4586 1171 4642 sed
1188 4591 1243 4644 et
1269 4604 1542 4659 maerore,
1575 4592 1725 4651 sicut
1744 4596 1892 4655 dixit
1916 4601 2106 4659 Lucas
2138 4608 2207 4659 ⁵⁷.

551 4672 685 4727 Jam
727 4672 883 4730 enim
927 4675 1205 4732 certiores
1246 4677 1384 4735 facti
1428 4689 1599 4739 erant
1628 4685 1702 4741 de
1756 4696 1945 4747 morte
1996 4694 2207 4766 ipsius.

551 4760 786 4855 Marcus
810 4778 952 4820 vero
984 4764 1164 4826 dixit:
1201 4768 1275 4824 Et
1296 4767 1634 4831 nesciebant
1654 4777 1802 4848 quid
1829 4781 1885 4836 ei
1903 4760 2211 4855 responde-

552 4857 690 4909 rent
719 4851 792 4909 ⁵⁸.

2322 3896 2476 3954 οὖσα.
2510 3900 2877 3953 ὑποστέλλεται
2912 3907 3001 3955 καὶ
3033 3904 3127 3956 οὐκ
3155 3904 3363 3959 εύτονεῖ·
3414 3903 3501 3959 διὸ
3536 3915 3799 3983 προσήκει
3831 3914 3923 3983 μὴ,

2321 3992 2447 4061 πρὸς
2495 3992 2588 4049 τὴν
2650 3999 2747 4053 τῆς
2782 3990 2967 4063 ψυχῆς
3022 3995 3320 4068 προθυμίαν
3377 3994 3683 4071 βλέποντας,
3738 4000 3925 4075 θρασύ-

2320 4080 2523 4149 νεσθαι,
2564 4078 2711 4151 ἀλλὰ,
2749 4083 2876 4155 πρὸς
2904 4085 2998 4141 τὴν
3033 4090 3128 4146 τῆς
3160 4086 3350 4159 σαρκὸς
3381 4084 3650 4141 ἀσθένειαν
3682 4089 3925 4163 ὁρῶντας,

2320 4175 2720 4242 μετριοφρονεῖν.

2394 4256 2553 4309 Παλιν
2604 4289 2676 4299 -—
2734 4257 2933 4332 θέλημά
2987 4279 3102 4316 σου.
3170 4261 3228 4314 Ὁ
3287 4258 3347 4316 δὲ
3407 4267 3623 4339 Μάρκος
3688 4266 3925 4343 ἔγραψεν,

2320 4348 2402 4397 ὅτι
2448 4350 2535 4399 τόν
2588 4348 2745 4401 αὐτ-ὲν
2787 4349 2937 4421 λόγον
2984 4347 3141 4418 εἶπεν,
3192 4354 3245 4405 ὄν
3311 4358 3402 4406 καὶ
3455 4359 3729 4433 πρότερον.
3783 4357 3929 4415 Εἰκὸς

2245 4425 2291 4481 D
2323 4430 2382 4488 δὲ
2420 4440 2509 4489 καὶ
2540 4435 2745 4504 ἐκεῖνον,
2779 4443 2869 4492 καὶ
2897 4447 3081 4493 τοῦτον
3107 4441 3287 4496 ἐίπεῖν.

2395 4529 2496 4579 Καὶ
2571 4524 2726 4580 ἐλθὼν
2806 4559 2875 4570 -
2948 4528 3318 4605 βεϐαρημένοι.
3377 4533 3669 4609 Βεϐοίρηντο
3728 4536 3788 4591 ὀύ
3863 4543 3931 4605 τῷ

2321 4614 2463 4687 ὕπνῳ
2510 4620 2683 4688 μόνον,
2736 4615 2867 4672 ἀλλὰ
2915 4622 3004 4672 καὶ
3040 4628 3101 4693 τῇ
3143 4620 3305 4695 λύπῃ,
3346 4624 3514 4685 καθὼς
3548 4621 3658 4679 εἷπε
3704 4631 3930 4686 Λουκᾶς.

2319 4702 2462 4763 Ἤδη
2512 4706 2613 4782 γὰρ
2663 4705 3165 4784 ἐπληροφορήθησαν
3200 4715 3316 4784 περὶ
3354 4720 3447 4765 τοῦ
3480 4715 3706 4768 θανάτου
3739 4714 3923 4768 αὐτοῦ.

2318 4794 2377 4848 Ὀ
2428 4791 2488 4848 δὲ
2539 4798 2751 4871 Μάρκος
2802 4796 2938 4853 εἶπεν
2989 4801 3072 4854 ὅτι
3120 4804 3223 4856 Καὶ
3270 4800 3366 4856 οὐκ
3408 4799 3652 4877 ᾔδεισαν,
3704 4810 3759 4859 τί
3797 4803 3933 4874 αύτῷ

2323 4884 2490 4963 ἀποκρ
2500 4888 2702 4945 ιθῶσιν.

617 5005 665 5041 ⁸³
726 5007 861 5079 Luc,
909 5023 1048 5077 xxn,
1079 5010 1170 5067 42.
1229 5012 1481 5071 “Marc.
1538 5031 1654 5087 11v,
1703 5024 1791 5079 35.
1851 5025 1921 5062 ⁵⁴⁶
1978 5030 2117 5089 Luc.
2151 5049 2213 5091 ι]

547 5093 637 5152 45.
672 5094 720 5132 ⁸⁸
749 5098 925 5156 Marc.
962 5114 1075 5157 xlv.
1118 5102 1209 5157 4ο.

2346 5040 2435 5095 42.
2497 5040 2545 5076 ⁵⁵
2585 5042 2756 5099 Marc.
2818 5040 2905 5110 14,
2956 5043 3048 5101 37.
3088 5043 3137 5080 ⁸⁸
3193 5043 3344 5103 Ibid.
3370 5044 3461 5114 39,
3510 5048 3559 5085 ⁸⁷
3614 5047 3761 5107 Luc.
3793 5061 3931 5105 xm.

624 5136 637 5152 ο
749 5136 925 5156 ωιιιυσ
962 5136 1075 5172 MV,
1118 5136 1209 5157 ἐυο

1786 5262 2001 5334 Variae
2047 5269 2382 5344 lectiones
2434 5283 2500 5343 et
2548 5285 2753 5347 notae.

620 5379 715 5451 (50
769 5386 1017 5443 Γενέσθω.
1049 5389 1193 5445 Cod.
1225 5393 1295 5449 Α.

618 5384 736 5596 (δίζ
757 5452 870 5508 Ἵνα
897 5460 1111 5517 omittit
1144 5464 1280 5519 cod.
1321 5466 1387 5521 A.

619 5521 710 5595 (s2
763 5524 884 5580 *οτι
913 5532 1131 5589 omittit
1159 5535 1295 5592 cod.
1328 5541 1395 5594 A.

2394 5420 2514 5490 (53)
2566 5420 2959 5495 Frequentius
3016 5422 3229 5496 legitur
3280 5419 3588 5488 ἐνδοιάζειν.
3647 5425 3767 5483 Sed
3821 5423 3937 5483 hoc

2323 5506 2567 5566 quoque
2601 5492 2877 5567 probum.

619 5492 1395 5595 z§§3«6:.‘3‘?;;{{ttt2‘33.21
2321 5506 2567 5566 ίιυοίίυθ
2601 5492 2877 5567 FW“

624 5696 715 5773 (ii)
752 5698 1003 5763 Timere.
1026 5705 1321 5770 Dubitare.
1358 5715 1429 5775 Ut
1457 5718 1611 5778 Deus
1643 5723 1827 5796 enim,
1854 5734 2028 5791 norat
2059 5738 2252 5795 utrum
2282 5737 2409 5799 ﬁeri
2448 5746 2655 5818 posset
2681 5758 2890 5805 necne.
