4096 6382
147 356 256 417 685

217 501 320 550 Kal
377 497 521 572 ἀφεὶς
578 528 638 541 -—
701 500 878 556 εἰπών.
941 501 1029 556 Ἐκ
1083 497 1328 578 δευτέρου
1389 504 1500 575 μεν,
1556 507 1645 557 καὶ
1704 501 1834 556 ίκΑ

147 589 324 658 τρίτου
385 588 744 663 προσηύξατο,
812 587 1088 644 διδάσκων
1158 593 1238 645 ὃτι
1320 596 1430 664 χρὴ
1509 593 1759 656 πολλάκις

147 678 540 747 προσεύχεσθα,
594 684 684 732 καὶ
719 683 792 752 μὴ
847 679 1182 754 ἀποκάμνειν.
1234 679 1391 734 Ἦλθε
1429 677 1488 734 δὲ
1527 684 1585 734 τό
1641 679 1756 736 δεύ-

146 782 289 835 τερον
336 769 462 838 πρὸς
551 771 669 831 τούς
755 771 1013 842 μαθητὰς,
1075 770 1302 842 ἐλέγχων
1358 775 1445 828 τὴν
1491 768 1756 825 ἀσθένειαν

149 852 335 920 uitiis,
380 857 448 917 ὡς
478 853 618 929 μηδὶ
670 861 800 930 μετὰ
854 863 947 917 τὴν
1000 858 1304 932 ἐπιτίμησιν
1353 857 1752 931 βελτιωθέντων,

149 941 273 994 ἀλλὰ
337 949 429 996 καὶ
496 954 745 999 τοσοῦτον
812 945 1238 1021 βεϐαπτισμένων
1294 958 1365 1020 τῷ
1422 949 1585 1020 ὕπνῳ,
1632 953 1755 1003 ὅσον

149 1029 283 1104 una”:
340 1029 605 1088 δύνασθαι
637 1034 984 1111 ἀποκριθῆναι
1016 1038 1177 1109 αύτῷ.
1229 1041 1317 1091 Διό
1347 1035 1472 1092 ούδε
1514 1039 1755 1112 καθήψα-

148 1141 202 1173 το
229 1122 400 1174 αὐτῶν
426 1132 737 1182 τηνικαῦτα.

212 1217 426 1274 Λουκᾶς
475 1211 535 1266 ὁὶ
587 1213 900 1292 πλατύτερον
956 1215 1062 1270 εἶπε
1116 1222 1202 1270 καὶ
1262 1219 1342 1270 ὅτι
1396 1216 1568 1291 ’Ὡφθη
1615 1218 1753 1291 αύτῷ

147 1299 361 1371 ἄγγελος
447 1300 537 1354 ἀπ’
624 1304 844 1380 ούρανοῦ
942 1304 1200 1378 ἔνισχύων
1295 1305 1470 1372 αύτον,
1568 1312 1749 1380 ἤγουν,

147 1390 350 1462 ἰσχύειν
415 1397 505 1444 καὶ
572 1396 959 1469 κραταιούσθαι
1012 1394 1471 1469 ἐπιφθεγγόμενος,
1530 1399 1599 1459 ὡς
1665 1395 1750 1449 ἀν-

942 1304 1200 1378 ἔνισχύων

147 1482 369 1552 θρώπῳ·
430 1486 521 1533 καὶ
574 1483 675 1548 ὅτι,
736 1487 826 1536 καὶ
880 1488 1148 1557 γενόμενος
1193 1485 1241 1538 ἐν
1292 1485 1508 1559 ἀγωνία,
1565 1485 1750 1540 ἐκτενέ-

149 1588 322 1642 στερον
397 1574 779 1645 προσηύχετο·
835 1569 1100 1625 παιδεύων
1155 1575 1310 1644 ἡμᾶς,
1379 1573 1427 1626 ἄν
1503 1574 1752 1647 ἀνάγκαις

147 1657 489 1731 ἐκτενέστερον
579 1664 1019 1733 προσεύχεσθαι⁸

1107 1667 1197 1715 καὶ
1263 1665 1342 1716 ὅτι
1421 1663 1648 1736 Ἐγίνετο
1724 1665 1748 1716 ὁ

1155 360 1506 426 COMMENT
1545 363 1613 426 ΙΝ
1653 366 2098 434 ΜΑΤΤΗτΕΟΜ.
2141 406 2210 418 -
2247 376 2404 431 CAP.
2449 374 2644 432 XXVI.

3419 377 3527 434 686

1939 501 2099 557 Vers.
2131 504 2220 557 44.
2265 501 2338 557 Et
2369 501 2598 558 relictis
2620 530 2686 544 —
2727 503 2945 560 dicens.
2994 503 3268 562 Secundo
3298 507 3355 559 et
3405 506 3522 559 ter-

1869 589 1947 646 tio
2000 592 2208 654 oravit,
2256 591 2480 647 docens
2519 591 2684 664 quod
2729 593 2944 664 saepius
2999 609 3170 649 orare
3228 595 3524 665 oporteat,

1868 682 1923 734 et
1950 694 2071 735 non
2102 679 2440 749 defatigari.
2465 680 2634 737 Venit
2653 689 2852 738 autem
2877 682 3137 738 secundo
3160 681 3237 737 ad
3269 680 3522 753 discipn-

1867 767 1976 838 los,
2005 770 2364 824 convincens
2386 769 2791 827 inﬁrmitatem
2824 770 3080 837 illorum,
3110 771 3214 843 qui
3241 775 3375 843 post
3399 785 3527 825 cor-

1865 857 2196 929 reptionem
2233 859 2501 914 meliores
2540 860 2752 916 redditi
2784 876 2904 916 non
2935 861 3212 924 fuissent,
3237 859 3342 915 sed
3370 859 3524 915 adeo

1866 962 2080 1002 somno
2106 947 2364 1002 demersi
2395 953 2610 1014 essent,
2640 955 2700 1004 ut
2721 965 2914 1022 neque
2936 950 3301 1024 respondere
3324 948 3373 1004 ei
3392 963 3524 1022 pos-

1865 1041 1994 1091 sent
2024 1053 2036 1103 ;
2069 1036 2203 1094 ideo
2234 1043 2370 1095 tunc
2400 1053 2522 1093 non
2562 1037 2903 1111 objurgavit
2933 1055 3054 1106 eos,

1935 1212 2124 1269 Lucas
2170 1217 2372 1270 autem
2427 1213 2614 1270 latius
2650 1214 2816 1281 dixit,
2871 1215 3038 1286 quod
3096 1216 3377 1286 apparuit
3428 1217 3529 1274 illi

1863 1301 2108 1372 angelus
2137 1302 2204 1358 de
2230 1304 2364 1360 corio
2390 1305 2735 1374 confortans
2755 1320 2880 1361 eum
2903 1307 2951 1340 5°
2982 1322 2994 1372 ;
3019 1305 3225 1361 dicens
3253 1305 3529 1362 videlicet

1862 1391 1915 1446 ei
1937 1395 2224 1464 tanquam
2246 1392 2471 1449 homini
2498 1399 2558 1450 ut
2579 1392 3011 1450 confortaretur
3038 1410 3107 1451 ac
3129 1395 3524 1451 roboraretur.

1863 1479 2156 1552 Quodque
2187 1480 2372 1536 factus
2407 1482 2470 1537 in
2506 1483 2749 1552 agonia,
2798 1482 2914 1539 hoc
2945 1487 3034 1538 est
3084 1499 3308 1553 angore
3339 1499 3531 1540 corre-

1861 1572 2017 1640 ptus,
2061 1570 2453 1639 protendebat
2492 1571 2867 1640 orationem;
2901 1572 3128 1628 docens
3164 1589 3298 1638 nos,
3349 1579 3414 1629 ut
3464 1572 3527 1628 in

1861 1658 2314 1714 necessitatibus
2365 1660 2698 1716 orationem
2749 1661 3198 1732 protendamus.
3258 1665 3320 1717 Et
3363 1663 3529 1736 quod

148 1746 304 1821 ἱδρὼς
377 1749 540 1801 αύτού
609 1752 734 1802 ὡσεὶ
803 1749 1021 1825 θρόμϐοι
1078 1753 1294 1824 αἵματος
1355 1752 1750 1816 καταϐαίνοντες

1874 1746 2060 1802 factus
2106 1754 2188 1802 est
2216 1749 2405 1804 sudor
2433 1751 2561 1818 ejus
2600 1731 2972 1819 stcutgrumi
2998 1751 3310 1821 sanguinis
3339 1731 3529 1808 decur

146 1836 216 1888 ἐπὶ
267 1842 360 1895 τήν
412 1846 532 1908 γῆν.
589 1837 818 1912 Θρόμϐοι
876 1841 994 1912 (54)
1045 1838 1105 1894 δὲ
1155 1844 1370 1914 αἳματος
1414 1844 1461 1894 οἱ
1507 1846 1751 1914 παχύτα-

149 1945 226 1977 τοι
286 1926 588 1999 σταλαγμοὶ
643 1937 734 1980 τοῦ
784 1930 1023 2000 αἵματος,
1075 1937 1239 1984 Τοῦτο
1293 1928 1352 1985 δι
1401 1928 1526 1999 εἶπε,
1579 1930 1750 1990 δηλῶν

145 2015 243 2086 οὐχ
278 2018 359 2068 ὅτι
390 2017 524 2089 αἷμα
566 2013 812 2091 ἱδρωσεν,
866 2017 970 2071 ἀλλ’
1010 2022 1090 2072 ὅτι
1145 2021 1257 2092 (55)
1289 2029 1483 2093 παχεῖς
1528 2033 1750 2094 κατῆγεν

149 2102 368 2178 ἱδρῶτας
425 2106 526 2157 ύπό
569 2114 663 2168 τῆς
716 2104 962 2178 ἀγωνίας.
1008 2107 1118 2162 Ἵνα
1156 2112 1258 2182 γάρ
1312 2115 1383 2182 μὴ
1447 2107 1574 2184 δόξῃ
1627 2114 1753 2164 ύπόο

145 2214 314 2265 κρισις
373 2198 433 2246 τὸ
475 2202 764 2267 γινόμενον,
823 2197 917 2248 ούκ
974 2196 1059 2250 ἰπὶ
1115 2206 1204 2251 τοῦ
1259 2205 1541 2273 προσώπου
1599 2204 1751 2272 μόνον

146 2280 462 2335 ἐνδείκνυται
520 2289 614 2342 τὴν
671 2284 859 2352 λύπην,
908 2283 1037 2338 ἀλλά
1093 2293 1182 2339 καὶ
1240 2294 1583 2363 φανερώτερον
1641 2287 1753 2352 ἔξα-

145 2375 338 2443 γορεύει
405 2375 622 2441 ταύτην,
693 2379 783 2426 καὶ
855 2378 1213 2448 προσεύχεται
1283 2381 1610 2451 πυκνότερον,
1665 2383 1753 2430 καὶ

146 2461 356 2531 ἅγγελος
417 2462 561 2533 αύτῷ
619 2467 855 2536 φαίνεται
910 2468 1036 2539 πρός
1085 2463 1328 2541 ἀνδρείαν
1389 2467 1500 2538 (56)
1557 2466 1754 2520 ἐπαλεί-

149 2572 264 2621 φων,
317 2555 412 2604 καὶ
453 2554 530 2604 ἔτι
561 2551 778 2624 ἀγωνιᾷ,
833 2559 921 2605 καὶ
975 2553 1322 2629 ἐκτενέστερον
1375 2559 1751 2628 προσεύχεται,

148 2646 232 2693 καὶ
267 2637 487 2715 ἱδρῶτες
515 2637 673 2716 ἁδροὶ
716 2641 1092 2718 καταρῥέουσι,
1127 2650 1217 2696 καὶ
1255 2646 1427 2697 πάντα
1471 2653 1638 2698 ταῦτα
1665 2651 1754 2698 καὶ

151 2737 280 2782 ποιεῖ
332 2734 426 2782 καὶ
488 2732 714 2802 πάσχει,
757 2729 980 2803 βεϐαιῶν
1035 2734 1116 2784 ὅτι
1177 2733 1236 2786 ού
1285 2736 1422 2786 κατὰ
1468 2740 1754 2807 φαντασίαν

150 2819 565 2892 ἐνηνθρώπησεν,
612 2818 741 2872 ἀλλὰ
769 2822 882 2873 κατ’
917 2819 1182 2880 ἀλήθειαν.
1218 2823 1278 2876 Εἰ
1302 2826 1403 2896 γὰρ
1433 2828 1520 2876 καὶ
1561 2827 1755 2877 τούτων

151 2906 600 2983 ἀνθρωποπρεπῶς
644 2910 777 2962 οὕτω
815 2916 1113 2984 γενομένων,
1148 2917 1238 2965 καὶ
1285 2922 1382 2975 τῆς
1428 2922 1754 2989 μαρτυρικῆς

148 2995 552 3071 καταδεέστερον
579 3003 960 3071 γενναιότητος,
995 3003 1130 3074 ὅμως
1158 3002 1261 3054 εἰσί
1299 3022 1431 3064 τινες
1473 3002 1754 3056 ἀπιστούν-
1794 3031 1834 3088 C

147 3105 216 3147 τες
243 3095 302 3160 τῇ
334 3088 731 3162 ἕνανθρωπήσει
761 3089 941 3159 αύτόῦ,
973 3091 1165 3162 πολλῷ,
1204 3092 1353 3144 ἄλλον
1380 3094 1638 3152 ἠπίστουν
1672 3093 1752 3160 οἶν,

149 3177 187 3228 εἱ
208 3182 275 3249 μὴ
309 3184 485 3230 ταῦτα
514 3181 735 3249 γέγονεν.

213 3267 389 3329 Ἄξιον
445 3263 507 3319 δι
573 3267 830 3335 ζητῆσαι,
899 3270 1057 3322 πόθεν
1119 3271 1168 3323 οἱ
1226 3270 1588 3343 εύαγγελισταὶ
1655 3292 1758 3346 μα-

152 3358 312 3416 θόντες
393 3355 812 3429 συνεγράψαντο,
887 3362 940 3412 τί
1010 3376 1065 3410 τε
1143 3365 1566 3433 προσευχόμενος
1651 3360 1758 3414 εἷπε

151 3454 456 3514 τηνικαῦτα,
510 3450 599 3496 καὶ
642 3449 869 3508 ποσάκις
919 3447 1277 3519 προσηύξατο,
1325 3455 1414 3502 καὶ
1465 3450 1638 3513 ἁπλῶς
1694 3453 1758 3503 τά

151 3540 255 3606 περὶ
305 3543 401 3586 τοῦ
456 3533 712 3606 ἀγγέλου,
773 3541 863 3588 καὶ
929 3539 995 3588 τά
1047 3536 1183 3600 ἑξῆς.
1249 3541 1313 3590 Οἱ
1365 3541 1600 3611 μαθηταὶ
1655 3543 1756 3615 γὰρ

151 3627 328 3686 πάντες
404 3627 523 3676 τότε
577 3626 669 3696 μεν
745 3621 1061 3677 ἐκάθευδον·
1137 3627 1353 3701 ὕστερον
1411 3625 1469 3681 δε
1557 3627 1759 3702 ἀφέντες

154 3712 296 3764 αὐτόν
354 3715 566 3784 ἔφυγον.
628 3721 777 3767 Δοκεί
826 3716 924 3789 γάρ
984 3735 1074 3788 μοι
1134 3719 1264 3789 μετὰ
1323 3721 1414 3776 τὴν
1470 3718 1759 3772 ἀνάστασιν

153 3801 298 3864 αύτός
353 3804 381 3853 ό
437 3799 766 3865 Διδάσκαλος
825 3804 983 3857 εἰπεῖν
1036 3811 1126 3858 καὶ
1193 3813 1360 3859 ταῦτα
1415 3815 1526 3869 τοίς
1585 3810 1758 3880 μαθη-

152 3898 252 3951 ταῖς
305 3893 394 3943 ὃτε
443 3888 516 3944 δι’
577 3894 782 3966 ἡμερῶν
835 3898 1233 3968 τεσσαράκοντα
1292 3895 1635 3968 ὀπτανόμενος
1698 3894 1759 3955 ἧν

152 3981 336 4044 αὐτοῖς,
382 3982 501 4042 ὡςῇ
546 3979 720 4053 βίϐλος
758 3988 887 4054 φησι
927 3991 1024 4037 τῶν
1071 3984 1330 4057 Πράξεων.

212 4075 338 4122 Τότε
386 4099 458 4112 -
546 4069 894 4127 ἀναπαύεσθε.
973 4073 1256 4149 Ἐντρέπων
1339 4075 1529 4138 αὐτοὺς
1607 4082 1760 4129 τοῦτο

150 4157 297 4230 λέγει,
350 4164 444 4211 καὶ
494 4161 899 4232 καθαπτόμενος,
963 4158 1050 4214 οἶα
1108 4167 1438 4236 κοιμωμένων
1504 4163 1551 4216 ἐν
1594 4175 1761 4240 καιρῷ

150 4246 418 4314 κινδύνου,
467 4254 558 4301 καὶ
615 4259 716 4301 τῶν
772 4250 970 4303 πολλῶν
1019 4251 1178 4305 αύτοῦ
1244 4259 1362 4327 περί
1427 4263 1518 4306 τοῦ
1565 4275 1760 4328 γρηγο-

148 4347 248 4408 ρείν
320 4342 411 4389 καὶ
469 4341 869 4413 προσεύχεσθαι
936 4342 1301 4416 παραγγελιῶν
1361 4342 1757 4416 ίπιλαθομένων,

149 4431 336 4480 ὡσανεί
384 4427 584 4498 λέγων’
633 4429 778 4481 Ἐπεὶ
829 4433 993 4502 μέχρι
1048 4438 1141 4484 τοῦ
1197 4440 1284 4484 νῦν
1338 4433 1431 4485 ούκ
1475 4433 1761 4509 ἕγρηγορή-
1795 4470 1838 4525 D

151 4535 290 4581 σατε,
335 4519 398 4569 τό
442 4516 622 4569 λοιπὸν
678 4515 979 4586 καθεύδετε,
1029 4525 1120 4573 καὶ
1174 4519 1517 4594 ἀναπαύεσθε,
1572 4524 1614 4576 εἰ
1667 4520 1760 4576 δύ-

149 4608 327 4660 νασθε.

215 4691 358 4749 Ἰδοὺ
417 4698 635 4766 ἤγγικεν
687 4698 718 4756 ὴ
780 4697 910 4772 ὦρα.
977 4697 1034 4753 Ἡ
1088 4707 1185 4762 τῆς
1238 4697 1549 4774 προδοσίας.
1609 4705 1761 4779 Μάρ-

151 4805 235 4848 ιος
299 4782 365 4838 δέ
422 4805 581 4857 φησιν
634 4786 793 4839 εἰπεῖν
850 4787 1004 4842 αὐτὸν
1046 4792 1146 4864 πρὸ
1203 4798 1295 4842 τοῦ
1343 4790 1499 4863 λόγου
1549 4795 1758 4857 τούτου,

151 4877 225 4927 ὅτι
284 4874 528 4946 ’Δπέχει,
581 4880 872 4947 τουτέστιν,
923 4878 1071 4931 ῦαϐε
1123 4883 1217 4938 τὴν
1275 4882 1392 4934 κατ’
1439 4880 1564 4955 ἐμοῦ
1611 4882 1760 4945 ἐξου-

155 4970 269 5017 σίαν
299 4967 327 5017 ό
361 4960 628 5032 διάϐολος,
667 4966 696 5024 ἣ
731 4964 920 5039 ἀπέχει
961 4968 1027 5021 τά
1053 4969 1169 5021 κατ’
1208 4967 1315 5043 ἔμε,
1366 4973 1548 5043 ἤγουν,
1603 4977 1762 5048 πέρας

151 5057 280 5124 ἔχει.
323 5059 426 5108 Καὶ
456 5056 560 5129 γὰρ
603 5060 693 5108 καὶ
721 5059 867 5133 παρὰ
916 5064 988 5130 τῷ
1044 5062 1230 5132 Λουκᾴ
1290 5063 1511 5135 εἴρηκεν,
1564 5062 1644 5114 ὅτι
1685 5066 1762 5117 Τὰ

153 5149 266 5220 περὶ
295 5143 426 5219 ὶμοῦ
451 5143 595 5207 τελος
624 5147 759 5218 ἔχει.

1860 1844 2045 1892 rentes
2059 1837 2122 1892 in
2138 1843 2352 1894 terram
2365 1839 2428 1891 5°.
2450 1837 2654 1894 Grumi
2671 1839 3005 1909 sanguinis,
3026 1841 3140 1895 hoc
3158 1846 3265 1905 est,
3282 1841 3527 1896 crassis«

1861 1925 2029 1981 sima:
2080 1927 2393 1996 sanguinis
2425 1933 2620 1997 guttae,
2665 1928 3012 1998 signiﬁcans
3048 1945 3168 1985 non
3200 1929 3360 2001 quod
3391 1945 3526 1985 san-

1861 2015 2105 2084 guinem
2168 2015 2493 2083 sudaverit,
2545 2017 2650 2072 sed
2705 2017 2872 2090 quod
2931 2033 3166 2074 crassos
3215 2018 3528 2074 deduxerit

1862 2104 2136 2160 sudores.
2186 2108 2265 2161 Ne
2308 2105 2469 2162 fictio
2502 2106 2776 2162 videatur
2813 2107 2978 2174 quod
3012 2107 3236 2164 factum
3267 2114 3372 2177 est,
3403 2123 3527 2164 non

1863 2194 1919 2248 in
1972 2193 2122 2249 facie
2181 2199 2412 2251 tantum
2464 2196 2811 2252 maestitiam
2873 2196 3262 2264 demonstrat,
3316 2198 3420 2253 sed
3472 2202 3531 2254 et

1863 2283 2229 2339 manifestius
2258 2285 2414 2340 hanc
2460 2285 2678 2357 pro-.lit,
2719 2289 2775 2341 et
2814 2290 2945 2341 orat
2970 2285 3340 2359 frequentius
3376 2303 3388 2354 ;
3425 2303 3526 2343 an-

1864 2373 2152 2445 gelusque
2202 2375 2254 2430 ei
2303 2379 2574 2447 apparet,
2625 2375 2703 2431 ad
2753 2374 3160 2431 fortitudinem
3209 2392 3525 2446 exercens;

1863 2467 1921 2518 et
1977 2478 2202 2532 angore
2257 2465 2594 2535 corripitur,
2653 2479 2724 2519 ac
2781 2465 3086 2535 protendit
3151 2467 3526 2533 orationem;

1863 2551 2169 2622 crassique
2187 2551 2461 2606 defluunt
2481 2552 2751 2607 sudores.
2774 2553 2908 2608 Haec
2926 2557 3125 2609 autem
3143 2554 3348 2610 omnia
3369 2559 3426 2612 et
3447 2555 3532 2611 fa-

1865 2639 1941 2695 cit
1978 2644 2034 2694 et
2073 2641 2295 2712 patitur
2337 2640 2726 2706 conﬁrmans,
2780 2642 2946 2714 quod
2987 2657 3110 2698 non
3155 2643 3532 2716 phantastice

1862 2727 2305 2784 humanitatem
2359 2731 2778 2801 assumpserit,
2829 2731 2933 2785 sed
2981 2731 3157 2802 juxta
3196 2733 3530 2791 veritatem.

1867 2817 2097 2872 Etenim
2120 2817 2188 2882 si,
2214 2817 2394 2874 etiam
2418 2817 2509 2872 his
2533 2818 2615 2874 ita
2637 2817 2807 2875 factis
2831 2835 2967 2890 quae
2991 2820 3069 2875 ad
3087 2820 3530 2878 humanitatem

1865 2905 2263 2979 pertinebant,
2286 2906 2537 2979 quidam
2554 2907 2752 2964 adhuc
2767 2908 2896 2978 ejus
2918 2909 3391 2967 incarnationem
3409 2927 3533 2968 non

1867 2995 2132 3060 credunt,
2162 3001 2391 3067 quanto
2425 2996 2619 3067 magis
2641 2996 2933 3053 increduli
2953 3003 3172 3068 essent,
3197 2999 3390 3056 sihch
3411 3000 3533 3057 fac-

1870 3091 1926 3142 ta
1952 3101 2076 3141 non
2108 3085 2362 3142 fuissent
2384 3088 2413 3142 Υ

1941 3264 2197 3335 Dignum
2231 3268 2317 3321 est
2347 3269 2567 3336 autem,
2601 3269 2667 3321 ut
2695 3264 3093 3339 inquiramus,
3119 3267 3280 3324 unde
3311 3269 3532 3326 didice-

1869 3354 1984 3410 rint
2022 3353 2409 3426 evangelistaa
2452 3355 2598 3427 quid
2633 3361 2771 3411 tunc
2803 3372 2984 3412 orans
3020 3356 3254 3424 dixerit,
3290 3364 3347 3415 et
3383 3376 3531 3433 quo-

1869 3444 1975 3499 ties
1997 3444 2205 3509 oravit,
2231 3459 2301 3499 ac
2335 3448 2397 3499 ut
2421 3443 2603 3499 semel
2630 3444 2851 3511 dicam,
2878 3446 2952 3500 de
2973 3445 3188 3517 angelo
3215 3453 3269 3503 et
3305 3450 3531 3505 caeteris

1868 3549 2004 3606 qua)
2035 3532 2114 3588 ab
2134 3533 2396 3589 hocloco
2411 3541 2762 3606 sequuntur,
2794 3536 3091 3608 siquidem
3109 3537 3381 3610 discipuli
3400 3555 3532 3595 om-

1867 3637 1977 3677 nes
2007 3626 2147 3676 tunc
2187 3621 2580 3687 dormiebant,
2621 3625 3010 3695 postmodum
3040 3641 3183 3682 vero
3223 3643 3294 3682 eo
3323 3626 3529 3685 relicto

1870 3709 2166 3781 fugerunt.
2187 3712 2321 3766 Mihi
2349 3727 2491 3767 sane
2523 3718 2775 3784 apparet
2799 3714 2956 3784 quod
2987 3719 3121 3786 post
3141 3717 3533 3772 resurrectio-

1870 3814 2008 3854 nem
2048 3799 2392 3871 Praeceptor
2420 3801 2548 3872 ipse
2581 3801 2758 3856 etiam
2790 3801 2919 3857 haec
2949 3802 3262 3876 discipulis
3292 3805 3529 3872 dixerit,

1868 3887 2117 3960 quando
2152 3904 2256 3957 per
2289 3888 2416 3943 dies
2447 3889 2857 3961 quadraginta
2887 3891 2972 3946 eis
3005 3894 3306 3966 apparuit,
3356 3895 3532 3951 sicuti

1871 3977 2048 4032 refert
2071 3979 2352 4032 Actorum
2383 3977 2533 4032 liber
2568 3980 2633 4032 σι.

1942 4067 2107 4120 Vers.
2133 4069 2221 4120 45.
2260 4067 2420 4122 Tunc
2444 4097 2510 4106 —
2531 4067 2894 4138 requiescite.
2932 4069 3162 4126 Pudore
3180 4072 3532 4130 suffundens

1871 4170 1974 4211 eos
2006 4171 2076 4210 ac
2107 4154 2443 4225 objurgans
2474 4155 2590 4210 hoc
2620 4156 2780 4222 dicit,
2815 4157 2980 4229 quod
3010 4157 3069 4212 in
3102 4159 3352 4216 articulo
3383 4163 3533 4234 peri-

1871 4243 1985 4300 culi
2028 4243 2443 4309 dormitarent,
2491 4251 2865 4301 cumtamen
2911 4246 3107 4302 multis
3137 4263 3239 4304 eos
3287 4251 3533 4322 vigilare

1870 4333 2254 4406 praecepisset
2301 4339 2358 4389 et
2401 4349 2588 4397 orare,
2632 4333 2710 4389 illi
2751 4340 2950 4390 autem
2991 4336 3277 4393 oblivioni
3317 4346 3535 4397 cuncta

1870 4422 2271 4487 tradidissent,
2315 4439 2385 4478 ac
2431 4423 2477 4478 si
2516 4423 2774 4482 diceret:
2813 4427 2892 4479 Ex
2927 4441 3044 4496 quo
3091 4427 3380 4484 hactenus
3412 4445 3532 4485 non

1869 4512 2138 4584 vigilatis,
2159 4511 2285 4584 jam
2325 4513 2614 4584 deinceps
2657 4512 2918 4570 dormite
2964 4520 3019 4570 et
3063 4517 3438 4589 requiescite,
3486 4521 3534 4576 si

1871 4601 2138 4674 potestis.

1947 4693 2105 4746 Vers.
2125 4693 2213 4746 45.
2245 4691 2399 4748 Ecce
2428 4692 2930 4763 appropinquavit
2958 4693 3129 4751 hora.
3155 4696 3308 4752 Hora
3331 4698 3534 4769 prodi-

1871 4779 2064 4837 tionis.
2104 4782 2332 4836 Marcus
2372 4787 2571 4836 autem
2615 4780 2697 4836 ait
2734 4798 2872 4837 eum
2919 4790 3054 4838 ante
3097 4784 3259 4840 hunc
3309 4803 3536 4844 sermo-

1870 4885 2010 4925 nem
2041 4867 2258 4924 dixisse
2293 4869 2509 4940 Ἀπέχει
2543 4870 2744 4938 aufert
2779 4871 2847 4936 ⁵³,
2883 4872 2996 4928 hoc
3027 4878 3133 4938 est,
3168 4877 3397 4946 accepit
3431 4878 3535 4932 ad-

1871 4974 2116 5014 versum
2167 4975 2262 5014 me
2313 4958 2594 5014 diabolus
2656 4964 3031 5030 potestatem.
3091 4963 3535 5024 Velabscedunt

1869 5063 2002 5121 quae
2036 5047 2110 5103 de
2143 5063 2238 5103 me
2275 5053 2432 5115 sunt,
2471 5047 2599 5103 sive
2640 5047 2824 5106 finem
2867 5049 3110 5106 habent.
3155 5055 3301 5108 Nam
3352 5054 3533 5112 etiam

1871 5136 2035 5209 apud
2070 5137 2290 5192 Lucam
2321 5136 2468 5193 dixit
2501 5153 2514 5193 :
2551 5138 2634 5192 Ea
2669 5153 2802 5210 quae
2844 5145 2986 5195 sunt
3019 5139 3091 5197 de
3115 5156 3206 5198 me
3225 5143 3400 5211 ﬁnem
3430 5144 3536 5202 ha-

1875 5227 2007 5283 bent
2041 5228 2112 5261 ⁸³ο

223 5343 269 5378 ε’
302 5341 447 5400 Luc.
479 5355 622 5410 χιιι,
657 5343 746 5400 43.
781 5343 829 5380 ⁸ο
858 5341 1008 5402 Ibid.
1035 5346 1125 5402 44.
1161 5345 1204 5383 ⁶¹
1236 5347 1359 5404 Αοῑ.
1393 5361 1432 5413 ι,
1462 5350 1514 5404 3.
1550 5350 1596 5384 "
1628 5349 1761 5406 Mart

1878 5353 1958 5423 iv,
1989 5353 2080 5408 41.
2117 5352 2164 5388 ⁸⁸
2195 5351 2334 5408 Luc.
2370 5367 2514 5419 xxu,
2541 5352 2630 5408 37.

1363 5471 1587 5542 Variae
1630 5473 1962 5545 lectiones
2023 5485 2090 5545 et
2132 5487 2335 5545 notae.

227 5610 346 5755 (56;
378 5611 632 5669 Lexicon
659 5611 864 5669 inedit.
899 5613 1170 5690 Θρόμϐος*
1197 5617 1432 5688 πεπηγός
1475 5615 1627 5692 αἷμα.

229 5685 317 5753 (55
400 5683 830 5755 Theophylact,
883 5702 936 5755 p.
990 5691 1085 5742 5‘2!
1145 5687 1224 5743 C:
1277 5692 1534 5755 Σταγόσιν
1583 5690 1627 5742 ἀι

229 5683 344 5755 (55)
400 5683 830 5758 Theophylact,
923 5683 957 5742 .’
990 5683 1085 5742 521
1145 5687 1224 5743 C:
1277 5683 1543 5760 mam"
1583 5686 1775 5766 ἁδραῖς

170 5750 399 5814 ἱδρώτων
425 5757 821 5814 περιεστάζετο.
857 5702 1245 5814 1Pheonhanes
1263 5759 1605 5814 Ceramicus
1631 5779 1772 5814 nam.

169 5750 399 5830 εδριτιιν
425 5750 826 5833 περιὼτᾶξετοξ
857 5750 1245 5832 TheOphanes
1263 5750 1605 5819 Ceramicus
1631 5750 1772 5836 pag.

1889 5620 2046 5709 19ξηὶ⁸
2059 5615 2420 5709 θρρμξοειδιῖς
2439 5615 2704 5709 ,ίᾷρῶταᾳ
2736 5619 3040 5688 ἀπέσταξεν.

1957 5693 2072 5765 (59)
2092 5689 2360 5767 Ἀνδρίαν,
2390 5689 2526 5749 cod.
2554 5695 2624 5752 Α.
