4096 6380
589 359 693 418 687
1916 344 2261 404 EUTHYMII
2302 341 2611 403 ZIGABEN
2617 340 2638 397 Ι
3859 337 3960 393 688

660 483 826 539 Vers.
880 483 966 537 45.
1013 478 1093 536 Et
1137 506 1199 519 —-
1244 481 1634 549 peccatorum.
1689 477 1809 532 Hoc
1856 473 2277 531 manifestum.

1795 490 1809 531 3
1856 473 2244 531 manifestum
2276 472 2323 529 A
2426 472 2531 527 Καὶ
2560 498 2628 511 -
2662 464 3004 543 ἁμαρτωλῶν.
3037 469 3202 518 Τοῦτο
3231 464 3412 535 σαφές.

589 574 701 631 est.

918 686 1067 741 CAP.
1100 685 1253 741 LXV.
1286 683 1373 739 De
1403 680 1728 739 traditione
1755 681 1913 737 Jesu.
2500 734 2535 781 Κ

2500 732 2645 782 ΚΕΦ.
2683 723 2793 780 ΞΕ“.
2826 727 2951 798 Περὶ
2987 730 3077 783 τῆς
3102 716 3448 794 παραδόσεως
3489 726 3581 771 τοῦ
3615 718 3814 777 Ἰησοῦ,

656 796 822 852 Vers.
860 796 952 851 46.
972 792 1202 865 Surgite
1222 823 1289 833 —
1318 807 1408 847 me
1430 791 1633 846 tradit.
1669 789 1857 846 Etiam
1884 787 2023 845 hinc
2046 792 2244 845 osten-

2422 819 2717 893 Ἐγείρεσθε
2776 847 2845 856 -
2898 787 3246 885 ¹παραδιδούς
3310 828 3391 882 με.
3474 807 3755 862 Κάντεῦθεν
3829 804 3956 862 ἔδει·

585 883 694 951 dit,
741 883 905 957 quod
958 881 1282 938 voluntarie
1336 884 1659 952 pateretur.
1717 877 2028 934 Praesciens
2084 878 2202 932 enim

2354 907 2431 971 ξεν
2476 877 2573 960 a'n'
2618 905 2743 958 ἑκὼν
2806 877 3169 957 ἀποθανεῖται.
3246 877 3507 975 Προειδὼς
3557 901 3660 972 γὰρ
3732 896 3952 971 ἐρχομέ-

585 988 688 1032 eos
720 972 825 1047 qui
848 988 985 1029 cum
1013 970 1312 1043 proditore
1338 970 1628 1037 venirent,
1662 984 1783 1024 non
1806 967 1975 1038 fugit,
2001 966 2108 1022 sed
2135 982 2202 1038 pc

2350 1016 2465 1058 νους
2506 1000 2625 1058 τοὺς
2668 998 2786 1068 περί
2829 997 2916 1045 τὸν
2963 988 3251 1067 προδότην,
3298 988 3356 1042 ού
3406 993 3558 1061 μόνον
3613 988 3710 1040 ούκ
3758 990 3951 1061 ἔφυγεν,

584 1065 704 1124 tius
747 1064 810 1121 in
854 1079 1175 1121 occursum
1220 1077 1428 1117 eorum
1481 1060 1637 1116 exire
1686 1059 1943 1124 festinat,
1995 1057 2200 1113 dicens

2353 1084 2481 1139 ἀλλὰ
2535 1090 2625 1139 καὶ
2681 1084 2754 1146 εἰς
2812 1082 3100 1141 ἀπάντησιν
3158 1080 3323 1133 αὐτῶν
3381 1077 3565 1142 ἐξιέναι
3624 1081 3953 1153 παρασκευά-

586 1156 809 1211 Eamus
840 1154 917 1209 ad
948 1152 1102 1218 illos,
1130 1151 1319 1207 Lucas
1358 1154 1560 1207 autem
1590 1150 1671 1206 ait
1708 1165 1847 1205 eum
1876 1148 2094 1204 dixisse
2124 1148 2203 1203 dis

2352 1178 2520 1245 ζεται,
2568 1174 2764 1247 λέγων·
2822 1172 3061 1245 Ἀγωμεν
3142 1173 3270 1245 πρὸς
3337 1168 3544 1230 αύτούς.
3626 1148 3834 1229 Λουκᾶς
3900 1164 3953 1220 δέ

584 1244 801 1317 cipulis
828 1260 841 1300 :
881 1244 949 1301 Ut
982 1243 1128 1315 quid
1156 1241 1417 1297 domitis
1443 1240 1471 1296 ?
1500 1241 1722 1311 surgite
1738 1245 1791 1296 et
1815 1245 1997 1309 orate,
2035 1246 2100 1294 ut
2126 1254 2201 1294 no

2352 1286 2509 1339 φησιν
2568 1265 2725 1318 εἰπεῖν
2781 1262 2937 1316 αὐτὸν
2998 1267 3108 1323 τοῖς
3164 1261 3464 1333 μαθηταῖς·
3523 1263 3587 1312 Τί
3646 1253 3950 1325 καθεύδετε;

580 1335 818 1391 intretis
857 1336 921 1389 in
957 1332 1328 1389 tentationem
1360 1332 1430 1383 δι.
1467 1329 1792 1385 Verisimile
1819 1336 1905 1384 est
1934 1344 2075 1399 ergo
2112 1328 2197 1384 hae

2350 1328 2662 1415 ἀναστάντες
2746 1352 3128 1425 προσιύχεσθε,
3217 1350 3299 1401 ἱνα
3384 1353 3455 1421 μὴ
3539 1346 3805 1405 εἰσέλθητε
3887 1346 3952 1409 εἰς

580 1424 845 1498 primum
877 1422 1113 1487 dixisse,
1141 1420 1352 1477 deinde
1385 1418 1733 1477 addidisse:
1768 1418 1995 1491 Surgite
2022 1434 2197 1476 eamu:

2348 1450 2657 1519 πειρασμόν.
2740 1442 2893 1502 Εἰκὸς
2948 1437 3006 1493 δε
3075 1446 3226 1492 τοῦτο
3306 1446 3508 1512 πρῶτον
3582 1436 3763 1505 εἰπεῖν,
3848 1434 3952 1490 εἶτα

2350 1532 2573 1587 ἐπειπεῖν
2599 1536 2655 1586 τὸ
2689 1531 3001 1605 Ἐγείρεσθε,
3036 1531 3265 1602 ἄγωμεν.

650 1622 811 1676 Vers.
842 1618 932 1675 47.
960 1620 1037 1675 Et
1058 1618 1251 1676 adhuc
1278 1648 1347 1657 —-
1367 1616 1588 1689 populi.
1619 1615 1786 1672 Unus
1812 1615 1883 1671 de
1916 1616 2239 1673 duodecim

2424 1628 2523 1676 Καὶ
2554 1625 2629 1675 ἔτι
2658 1653 2726 1661 -
2760 1628 2852 1674 τοῦ
2881 1620 3028 1673 λαοῦ.
3084 1618 3170 1680 Εἰς
3222 1626 3321 1670 τῶν
3380 1613 3596 1670 δώδεκα
3649 1616 3762 1689 (57)
3801 1620 3948 1692 πρόσ-

579 1709 943 1781 additurpro
970 1707 1189 1764 indicio
1211 1706 1291 1763 ad
1317 1705 1781 1776 significandum
1813 1705 1975 1778 quod
1997 1722 2027 1761 e
2052 1706 2196 1778 prim

2349 1732 2515 1766 κειται
2552 1716 2850 1787 γνώρισμα,
2907 1707 3099 1767 δηλοῦν
3149 1710 3227 1760 ὅτι
3281 1706 3335 1759 ix
3390 1714 3483 1759 τοῦ
3529 1711 3743 1782 πρώτου
3794 1715 3948 1780 χοροῦ

578 1797 1019 1870 discipulorum
1068 1796 1251 1853 choro
1304 1800 1449 1852 erat.
1491 1797 1557 1851 Et
1594 1795 1860 1866 positum
1907 1801 1994 1851 est
2028 1795 2139 1851 hoc
2178 1796 2195 1851 i

2351 1811 2449 1854 τῶν
2487 1804 2734 1875 μαθητῶν
2788 1797 2871 1859 ἦν.
2905 1798 3006 1853 Καὶ
3037 1801 3149 1851 ἔστι
3179 1800 3262 1871 ρεν
3310 1803 3463 1849 τοῦτο
3522 1802 3819 1869 κατηγορία
3866 1803 3948 1850 τοῦ

578 1887 746 1945 Iudae
777 1886 1247 1945 accusationem.
1277 1885 1482 1954 Tangit
1509 1889 1709 1940 autem
1740 1884 1855 1940 hoc
1886 1888 1942 1940 et
1970 1883 2118 1940 alios
2150 1885 2187 1940 d

2351 1878 2570 1946 Ἰούδα’
2626 1892 2951 1943 καθάπτεται
3024 1884 3083 1941 δε
3139 1892 3228 1939 καὶ
3297 1895 3393 1939 τῶν
3456 1885 3624 1938 ἄλλων
3676 1889 3944 1958 μαθητῶν·

579 1977 867 2049 scipulos,
901 1992 1023 2032 non
1056 1981 1257 2032 tamen
1287 1975 1597 2045 pudeﬁunt
1618 1973 1940 2030 scribentes
1966 1990 2038 2030 ea
2065 1990 2196 2031 evar

2350 1981 2459 2033 ἀλλ’
2506 1980 2599 2033 ούκ
2654 1981 3069 2050 ἐπαισχύνονται
3126 1985 3279 2029 τοῦτο
3323 1978 3603 2051 γράφοντες
3650 1978 3697 2029 οἱ
3746 1976 3948 2049 εὐαγγε-

577 2068 806 2141 ςειίειω
825 2083 839 2134 ;
861 2067 1087 2140 ubique
1109 2066 1268 2122 enim
1288 2064 1512 2121 veritati
1536 2065 1795 2121 student.
1812 2065 2075 2120 Joannes
2097 2082 2194 2121 ver

2349 2070 2547 2125 λισταί.
2605 2076 2885 2141 ιιανταχοῦ
2933 2071 3034 2141 γὰρ
3102 2076 3198 2129 τῆς
3274 2066 3519 2128 ἀληθείας
3575 2068 3944 2139 φροντίζουσιν.

576 2158 653 2215 de
676 2159 703 2213 .ῐ
709 2158 830 2214 uda
850 2157 1010 2222 dicit,
1041 2156 1208 2229 quod
1223 2159 1465 2228 sumpta
1479 2155 1722 2211 cohorte
1739 2160 1793 2210 et
1809 2172 1841 2209 a
1856 2155 2193 2226 pontiﬁcibr

2347 2161 2407 2213 Ὁ
2461 2156 2514 2212 δ’
2550 2158 2790 2220 Ἰωάννης
2851 2162 2970 2233 περὶ
3028 2165 3119 2210 τοῦ
3172 2152 3350 2211 Ἰούδα
3406 2161 3566 2227 φησὶν
3634 2158 3735 2224 ὅτι,
3797 2155 3946 2208 λαϐὼν

576 2252 634 2305 et
662 2247 969 2304 Pharisaais
992 2244 1303 2312 ministris,
1327 2245 1485 2302 venit
1501 2244 1637 2301 illuc
1659 2261 1796 2300 cum
1821 2244 2060 2301 laternis
2083 2250 2138 2302 et
2159 2246 2193 2302 ῐι

2348 2252 2440 2307 τὴν
2500 2254 2737 2323 σπεῖραν,
2788 2253 2877 2301 καὶ
2934 2247 2991 2299 ἑκ
3049 2255 3149 2299 τῶν
3189 2245 3477 2321 ἀρχιερέων
3524 2250 3619 2299 καὶ
3668 2249 3946 2320 Φαρισαίων

573 2336 746 2393 cibus
780 2351 850 2392 ac
882 2334 1065 2392 armis
1097 2336 1164 2389 ⁸⁸.

2352 2339 2631 2411 ὑπηρέτας,
2688 2340 2900 2411 ἔρχεται
2957 2336 3062 2389 ἐκεῖ
3114 2338 3244 2409 μετά
3296 2343 3464 2407 φανῶν
3520 2340 3615 2388 καὶ
3675 2332 3947 2407 λαμπάδων

572 2438 664 2488 καὶ
714 2433 902 2488 ὃπλων.
948 2433 1006 2487 Ἠ
1068 2440 1259 2509 σπεῖρα
1311 2432 1425 2506 (58)
1478 2434 1569 2507 μεν
1618 2429 1706 2486 οὖν
1746 2430 1806 2493 ἦν
1836 2435 2015 2507 τάγμα
2065 2439 2461 2512 στρατιωτικὸν,
2502 2441 2780 2509 χρήμασιν
2830 2434 3227 2489 ἀναπεισθεῖσα.
3284 2438 3439 2487 Φανοῖ
3490 2430 3553 2487 δε
3608 2437 3672 2488 τὰ
3720 2433 3949 2507 λεγόμενα

574 2525 738 2601 φανάρ
748 2544 820 2580 ια.

642 2624 803 2678 Vera.
842 2624 933 2678 48.
972 2622 1087 2690 Qui
1128 2651 1198 2663 —
1252 2635 1397 2678 eum.
1456 2622 1564 2691 -ι--ι-
1610 2620 1879 2677 Proditor
1926 2622 2004 2678 ad
2043 2638 2237 2679 exem-

2416 2624 2475 2680 Ὁ
2524 2654 2593 2665 -
2623 2622 2777 2676 αὐτόν
2809 2619 3107 2696 [Προδότης
3149 2622 3265 2693 (59)
3453 2626 3594 2677 κατὰ
3639 2626 3725 2675 τὸν
3755 2617 3945 2676 Ἰούδαν

573 2710 745 2785 plum
775 2711 941 2767 Judaa
982 2715 1089 2777 est,
1125 2710 1231 2782 qui
1265 2709 1557 2766 rationem
1596 2710 1796 2782 prodit
1832 2711 2146 2768 affectibus
2183 2734 2190 2766 ι

2347 2715 2373 2766 ὁ
2398 2710 2690 2789 προδιδούς
2716 2713 2835 2785 (69)
2882 2716 2967 2765 τὸν
2996 2712 3147 2783 λόγον
3176 2718 3283 2772 τοῖς
3313 2712 3527 2778 πάθεσι,
3565 2717 3655 2765 καὶ
3692 2717 3784 2771 τὴν
3813 2710 3941 2764 εύνο-

577 2800 936 2857 modestiam
976 2800 1194 2855 mentis
1236 2799 1633 2857 immodestiae
1669 2800 1994 2857 actionum.
2022 2805 2194 2874 Negrz

2346 2808 2473 2876 μίαν
2532 2810 2629 2865 τῆς
2678 2802 2864 2874 ψυχῆς
2920 2809 2981 2874 τῇ
3028 2805 3329 2876 παρανομίᾳ
3382 2809 3482 2853 τῶν
3545 2802 3797 2877 πράξεων.
3837 2800 3943 2872 ’Δρ-

576 2894 779 2947 autem
799 2889 989 2957 illum,
1020 2888 1193 2947 sicuti
1227 2889 1455 2955 Petrus,
1478 2889 1581 2962 qui
1608 2895 1850 2962 propter
1876 2896 2103 2948 metum
2129 2890 2193 2948 hc

2344 2900 2505 2946 νεῖται
2552 2888 2612 2945 δε
2660 2892 2835 2962 αὐτὸν,
2889 2894 3025 2944 κατὰ
3078 2894 3166 2943 τὸν
3229 2894 3438 2965 Πέτρον,
3483 2891 3509 2943 ὁ
3567 2888 3658 2945 διὰ
3708 2890 3855 2964 φόϐον
3891 2891 3941 2941 τὸ

573 2984 746 3038 nesta
780 2980 1021 3037 deserit.

2346 2981 2503 3034 καλὸν
2543 2979 3005 3055 παραιτούμενος.]

645 3070 787 3127 Post
828 3074 990 3127 tanta
1030 3073 1387 3140 argumenta
1425 3069 1719 3127 occultare
1758 3070 2032 3127 studebat
2070 3070 2237 3144 quod

2417 3072 2563 3123 Μετά
2612 3078 2855 3123 τοσοῦτον
2896 3066 2955 3121 δε
3018 3069 3137 3140 (61)
3193 3067 3427 3140 ἴλεγχον,
3482 3067 3659 3124 λαθεῖν
3701 3069 3943 3123 ἐσπούδα-

570 3159 701 3234 ipse
723 3175 860 3217 eum
892 3159 1168 3233 proderet
1191 3178 1203 3229 ;
1228 3159 1365 3216 ideo
1384 3159 1586 3232 palam
1608 3159 1853 3232 quidem
1872 3176 1993 3217 non
2015 3162 2186 3233 prodi

2348 3160 2451 3226 ζεν,
2512 3160 2589 3212 ὅτι
2650 3159 2834 3221 αύτοὸς
2873 3158 3028 3211 αὐτὸν
3092 3153 3417 3231 προδίδωσι.
3472 3162 3566 3212 Διὸ
3613 3165 3701 3214 καὶ
3755 3157 3806 3211 ἐκ
3861 3163 3943 3209 τοῦ

572 3250 679 3306 sed
707 3250 985 3307 osculum
1011 3248 1259 3321 efﬁngit,
1291 3248 1579 3306 ﬁduciam
1605 3248 1835 3305 habens
1864 3250 1932 3305 de
1961 3266 2189 3306 mensut

2346 3255 2563 3324 φανεροῦ
2636 3251 2726 3321 μὲν
2808 3248 2866 3300 ού
2917 3243 3243 3321 προδίδωσι,
3330 3250 3728 3320 σχηματίζει-αι
3783 3244 3839 3302 δε
3892 3248 3942 3297 τό

570 3339 777 3397 tudine
802 3338 1150 3399 Salvatoris.
1173 3338 1343 3410 quod
1359 3354 1499 3395 eum
1526 3354 1648 3395 non
1665 3339 1991 3410 repelleret,
2014 3356 2151 3396 cum
2174 3340 2187 3395 i

2346 3337 2566 3411 φίλημα,
2631 3336 2899 3412 θαρῥήσας
2954 3345 3014 3410 τῇ
3077 3338 3363 3410 ἠμερὸτητι
3412 3345 3504 3390 τοῦ
3581 3346 3823 3413 Σωτῆρος,
3873 3336 3943 3387 ὅτι

574 3428 771 3499 magis
822 3430 1133 3498 sufﬁceret,
1190 3432 1253 3484 ut
1296 3444 1432 3483 eum
1484 3428 1893 3497 confunderet,
1946 3430 2191 3502 omniqu

2346 3427 2440 3479 οὐκ
2489 3426 2754 3480 ἀπώσεται
2806 3426 2982 3493 αὐτὸν,
3043 3426 3069 3479 ὃ
3117 3432 3206 3479 καὶ
3254 3430 3367 3497 (6'2)
3418 3426 3615 3498 μᾶλλον
3677 3430 3841 3481 ἱκανὸν
3890 3421 3942 3482 ἦν

574 3519 753 3574 venia
789 3518 1068 3590 privaret,
1103 3519 1208 3591 qui
1241 3516 1394 3573 adeo
1423 3515 1760 3574 humanum
1798 3519 2115 3590 prodebat.
2150 3519 2191 3573 T

2347 3515 2589 3589 ἐντρέψαι
2645 3523 2827 3568 τοῦτον
2898 3520 2988 3568 καὶ
3052 3516 3226 3578 πάσης
3305 3514 3673 3589 ἀποστερῆσαι
3728 3518 3943 3586 συγγνώ·

577 3622 753 3663 mens
787 3611 989 3663 autem
1021 3621 1095 3661 ne
1138 3605 1287 3663 forte
1322 3604 1699 3662 insidiatores
1732 3607 2037 3677 effugeret,
2071 3624 2193 3681 quo

2348 3618 2468 3678 μης,
2522 3608 2603 3658 ὅτι
2655 3608 2744 3658 τὸν
2796 3606 2933 3657 οὕτω
2993 3610 3286 3680 πραότατον
3343 3602 3661 3677 προεδίδου,
3719 3604 3943 3662 Φοϐηθεὶς

579 3695 923 3767 frequenter
942 3695 1183 3763 fecerat,
1217 3695 1503 3751 admonet
1523 3696 1724 3753 dicens
1749 3713 1762 3753 :
1791 3698 2196 3767 Apprehendit

2350 3692 2409 3747 δε
2476 3699 2678 3767 μήποτε
2757 3691 2988 3769 διαφύγῃ
3050 3698 3170 3757 τοὺς
3221 3693 3669 3767 ἐπιϐούλεύοντας,
3700 3696 3726 3749 ὃ
3769 3691 3940 3749 πολλὰ-

582 3800 713 3842 eum
737 3789 793 3842 et
812 3784 1074 3841 abducite
1105 3790 1274 3843 caute
1299 3787 1346 3822 ⁸⁸
1370 3805 1383 3857 ;
1407 3786 1523 3843 hoc
1544 3786 1705 3843 enim
1729 3786 1961 3843 addidit
1983 3788 2199 3845 Marcus

2347 3804 2431 3846 κις
2520 3783 2750 3851 ἐποίησε,
2824 3789 3169 3859 παρήγγει)εν
3242 3786 3320 3837 ὄτι
3398 3791 3706 3858 Κρατήσατε
3780 3784 3938 3849 αὐτὸν,

2347 3878 2437 3927 καὶ
2522 3872 2821 3947 ἀπαγάγετε
2899 3872 3143 3947 ἀσφαλῶς
3181 3892 3193 3905 ’
3253 3882 3403 3929 τοῦτο
3471 3878 3577 3952 γὰρ
3643 3878 3669 3929 ὁ
3753 3876 3942 3947 Μάρκος

2272 3983 2316 4038 D
2349 3966 2689 4039 προσέθηκεν.

655 4047 768 4105 Sed
785 4046 1045 4105 Christus
1065 4045 1225 4102 hunc
1246 4045 1549 4113 evincens,
1578 4048 1743 4119 quod
1767 4047 1986 4105 frustra
2012 4065 2072 4105 se
2102 4048 2240 4105 ﬁcto

2418 4052 2563 4107 ’Λλλ’
2616 4055 2641 4106 ὀ
2700 4055 2949 4126 Χριστὸς,
3009 4051 3237 4126 ἐλέγχων
3300 4052 3455 4106 αὐτὸν
3505 4057 3680 4127 μάτην
3738 4053 3941 4123 ἐξασφα-

578 4136 751 4209 signo
781 4136 1076 4199 munierit,
1111 4152 1182 4191 ac
1212 4136 1539 4192 ostendens
1561 4136 1727 4209 quod
1758 4153 1819 4193 se
1855 4137 2110 4195 invitum
2142 4154 2195 4194 nc

2349 4142 2637 4215 λιζόμενον,
2686 4148 2775 4195 καὶ
2812 4138 3082 4208 δεικνύων,
3137 4145 3216 4195 ὅτι
3269 4142 3364 4195 οὐκ
3420 4142 3481 4195 ἂν
3532 4152 3717 4198 τοῦτον
3766 4144 3941 4195 ἄκοντα

576 4242 873 4301 quaquam
890 4230 1128 4298 possent
1143 4226 1667 4297 comprehendere,
1683 4242 1960 4296 egressus
1976 4227 2193 4283 dixitei:

2350 4231 2629 4297 καθέξοιεν,
2708 4231 2917 4294 ἐξελθὼν
3002 4228 3137 4284 εἶπεν
3210 4232 3388 4294 αὐτοῖς
3460 4234 3530 4294 ὠς
3621 4235 3646 4286 ὁ
3720 4232 3940 4287 Ἰωάννης

576 4315 736 4372 sicut.
760 4315 997 4386 scripsit
1029 4313 1328 4372 Joannes:
1366 4314 1543 4382 Quem
1574 4316 1837 4386 quaeritis
1858 4317 1886 4372 ‘I
1927 4319 2193 4388 Respond

2353 4323 2626 4396 ἱστόρησε.
2693 4325 2821 4374 Τίνα
2892 4322 3129 4389 ξητεῖτες
3193 4320 3582 4395 Ἀπεκρίθησαν
3636 4322 3799 4392 αὐτῷ.
3853 4319 3941 4373 ’1ης

574 4412 719 4461 runt
732 4405 803 4469 ei,
818 4404 1018 4460 Iesum
1031 4403 1425 4459 Nazarenam.
1447 4404 1599 4461 Dicit
1626 4405 1707 4461 eis
1724 4405 1908 4472 Iesus,
1926 4408 2053 4477 Ego
2086 4423 2191 4462 sun

2353 4418 2476 4461 σοῡν
2557 4413 2643 4463 τὸν
2738 4410 3066 4483 Ναζωραῖον.
3159 4414 3315 4483 Λέγει
3390 4411 3573 4473 αὐτοῖς
3637 4413 3662 4464 ὁ
3713 4411 3935 4468 Ἰησοῦς·

574 4494 792 4550 Stabat
816 4501 1001 4549 autem
1031 4498 1084 4548 et
1110 4492 1286 4548 ludas
1311 4493 1412 4564 qui
1437 4494 1709 4550 tradebat
1735 4510 1887 4562 eum,
1918 4511 2052 4552 cum
2072 4496 2191 4566 ipsi.

2351 4500 2487 4571 Ἐγώ
2562 4500 2687 4573 εἰμι.
2770 4500 3015 4559 Εἰστήκει
3072 4496 3132 4552 δὲ
3196 4505 3284 4554 καὶ
3353 4500 3463 4573 (63)
3534 4498 3734 4561 Ἰούδας
3783 4500 3934 4551 ὀπα-

585 4582 657 4639 Ut
688 4597 827 4652 ergo
857 4581 1015 4637 dixit
1031 4580 1132 4647 eis,
1170 4582 1299 4652 Ego
1330 4599 1479 4649 sum,
1506 4583 1777 4640 abierunt
1811 4591 2149 4653 retrorsum,
2185 4605 2202 4643 ε

2347 4584 2607 4662 ραδιδούς
2672 4588 2827 4642 αὐτὸν
2901 4589 3013 4662 μετ’
3067 4589 3255 4646 αὐτῶν.
3336 4589 3423 4651 Ὠς
3490 4592 3602 4663 (64)
3665 4586 3749 4643 οὖν
3817 4583 3936 4639 εἶπεν

576 4670 906 4729 ceciderunt
922 4670 982 4725 in
1008 4676 1223 4726 terram
1251 4673 1318 4727 ⁵⁷.
1341 4673 1384 4726 Ο
1410 4673 1569 4727 verbi
1596 4674 1925 4744 potentiam
1953 4691 1966 4741 ;
1990 4692 2112 4731 non
2137 4692 2193 4749 ρ(

2349 4678 2527 4739 αὐτοῖς
2608 4680 2689 4731 ὅτε
2774 4680 2906 4751 Ἐγώ
2974 4678 3101 4751 εἰμι,
3184 4678 3414 4739 ἀπῆλθον
3490 4680 3563 4743 εἰς
3628 4682 3693 4734 τὰ
3760 4677 3933 4737 ὀπίσω,

578 4764 814 4817 tuerunt
825 4761 1115 4816 sustinere
1133 4765 1385 4825 tantum,
1408 4762 1528 4832 Ego
1541 4778 1694 4829 sum;
1720 4762 1856 4819 ideo
1871 4780 1999 4819 cum
2013 4770 2068 4821 et
2084 4764 2195 4823 face

2347 4773 2437 4821 καὶ
2490 4770 2670 4821 ἔπεσον
2708 4772 2908 4842 χαμαί.
2962 4767 3035 4820 Ὠ
3089 4768 3243 4841 λόγου
3300 4764 3608 4841 δυνάμεωςι
3639 4767 3731 4822 ούκ
3783 4768 3936 4835 ἶσχυα

576 4850 868 4908 haberent
915 4854 971 4906 et
1021 4850 1354 4922 lampades,
1412 4853 1695 4908 excaacati
1745 4858 1883 4909 sunt
1938 4870 2057 4911 una
2098 4872 2193 4912 cui

2350 4878 2445 4911 σαν
2500 4859 2792 4929 ὑπενεγκεῖν
2838 4861 2919 4925 τὸ,
2975 4858 3104 4930 Ἐγώ
3158 4858 3287 4931 εἰμι,
3333 4862 3449 4931 (65)
3497 4864 3672 4931 μόνον.
3720 4856 3805 4909 Διὸ
3857 4852 3936 4903 καὶ

578 4941 899 5017 proditore.
933 4940 1218 4997 Praeterea
1247 4956 1383 4996 cum
1413 4940 1628 5011 gladiis
1652 4946 1710 4999 et
1737 4942 1993 4999 fustibus
2023 4960 2192 5003 arma

2348 4952 2535 5021 φανούς
2593 4952 2684 5022 μεν
2740 4952 2831 5001 καὶ
2880 4944 3163 5023 λαμπάδας
3226 4950 3432 5021 ἔχοντες
3486 4948 3601 5023 (66)
3650 4944 3934 5021 ἔτυφλοῦντο

652 5067 699 5105 ⁸⁴
730 5069 863 5125 Luc.
895 5081 1035 5134 xxu,
1068 5065 1157 5123 46.
1196 5067 1242 5101 ⁸⁵
1272 5067 1446 5124 Joan.
1477 5083 1631 5135 xvm,
1660 5070 1711 5124 3.
1747 5070 1794 5105 ⁸⁸
1822 5067 2002 5125 Marc.
2033 5087 2149 5136 XIV,
2187 5074 2269 5128 44.

1292 5067 1446 5124 toan.
1477 5083 1631 5135 xvm,
1660 5070 1711 5124 3.
1747 5070 1794 5105 ⁸⁸
1822 5067 2002 5125 Marc.
2033 5087 2149 5136 XIV,
2187 5074 2274 5128 44.
2301 5075 2347 5109 ⁸⁷
2378 5074 2551 5131 Joan.
2580 5090 2737 5144 xvm,
2772 5078 2821 5143 ἕ,
2857 5078 2909 5131 6.

1782 5177 2009 5246 Variae
2045 5179 2379 5250 lectiones
2421 5191 2485 5249 et
2517 5191 2716 5250 notae.

647 5299 766 5441 (57)
798 5300 1099 5374 Πρὸκειται.
1127 5299 1261 5356 cod.
1291 5304 1356 5356 A.

674 5375 741 5427 58
850 5373 1102 5428 Lexicon
1173 5371 1379 5429 incdit.
1464 5378 1653 5441 σπεῖρα
1718 5375 1951 5441 σύνάξις,
2037 5376 2234 5441 πλῆθος

2418 5307 2532 5378 (62)
2574 5307 2875 5380 Chrysost.
2911 5310 3065 5365 tom.
3083 5307 3200 5375 VII,
3227 5324 3289 5382 p.
3325 5308 3455 5369 793.

1838 5375 1951 5441 ἕξις,
2037 5376 2234 5441 πλῆθος
2418 5379 2530 5441 (63)
2574 5385 2674 5431 Καί
2703 5382 2917 5436 omittit
2946 5380 3079 5435 cod.
3108 5382 3174 5434 A.

648 5373 766 5441 (58)
847 5373 1102 5455 Ifexicon
1173 5373 1379 5429 incdit.
1464 5378 1653 5446 σπεῖρα
1718 5375 1951 5441 σύνάξις,
2037 5376 2196 5438 πλῆθε

1053 5514 1263 5594 Δοοάοχ
1294 5516 1338 5570 Α
1368 5514 1551 5573 habet
1575 5517 1637 5574 in
1677 5516 1967 5591 margine.
2015 5520 2196 5580 Hentt

1558 5378 1653 5446 ;ῖρα
1718 5375 1951 5441 σύνάξις,
2037 5376 2234 5441 πλῆθος
2414 5373 2530 5594 έ63)
2574 5373 2917 5464 Κετίόωξιιξι
2946 5380 3079 5435 cod.
3108 5382 3174 5434 A.

2441 5454 2506 5505 64
2572 5458 2674 5503 0w
2707 5456 2919 5507 omittit
2957 5453 3090 5507 cod.
3134 5453 3175 5505 A

1575 5517 1637 5574 in
1677 5516 1967 5591 margine.
2015 5520 2230 5580 Hente-
2439 5523 2526 5591 65)
2565 5527 2752 5590 Μόνον,
2784 5522 2961 5579 habet
2986 5522 3119 5580 cod.
3151 5525 3175 5578 Α

621 5494 761 5596 ⁹(59)
793 5494 1263 5596 inc‘lus'a‘codex
1294 5516 1338 5570 A
1368 5514 1551 5573 habet
1575 5517 1637 5574 in
1677 5516 1967 5591 margine.
2015 5520 2230 5580 Hente-
2415 5494 2528 5594 (68)
2565 5494 3200 5590 κᾶἑᾷοζξᾞὲὶὲῖἔόἀξὶ(
3223 5523 3406 5595 paulo
3451 5526 3610 5593 ante,
3666 5519 3797 5593 post
3848 5512 3934 5565 ὑπ-

575 5585 711 5639 nius
742 5599 865 5639 non
887 5585 1087 5641 habet.
1814 5585 1839 5591 ⁷

962 5585 1087 5641 ,bet.
1814 5585 1839 5591 ⁷
2340 5585 2579 5648 ενενκεῖν.

647 5655 761 5806 (60)
794 5652 1091 5743 Παραδοὺς.
1134 5656 1273 5714 Cod.
1306 5657 1376 5715 Α.

672 5730 731 5784 61
802 5732 863 5781 Δε
889 5733 1107 5787 omittit
1135 5728 1273 5788 Cod.
1304 5731 1373 5790 A.

2410 5652 2527 5742 (66)
2552 5666 2692 5725 Post
2721 5667 2952 5740 ἕχοντις,
2980 5666 3148 5726 addit
3177 5666 3314 5727 cod.
3341 5672 3383 5722 Α
3414 5671 3524 5725 καὶ.
