4096 6420
206 376 319 436 689

1183 372 1547 432 COMNENT.
1596 369 1667 428 IN
1718 366 2165 427 ΜΑΤΤΗᾸΞΗΜ.
2208 401 2271 413 -
2316 370 2471 429 CAP.
2513 372 2714 429 XXVI.

3486 371 3595 430 690

208 507 343 578 μετὰ
394 510 487 557 τοῦ
539 499 829 581 προδότου’
867 506 1165 579 μαχαίραις
1213 498 1273 556 δε
1316 507 1408 556 καὶ
1458 500 1629 565 ξύλοις
1659 498 1789 553 ὠπλι

1924 501 2140 563 essent,
2172 496 2442 555 dissoluti
2467 502 2604 555 sunt
2635 502 2691 555 et
2718 496 3080 556 ceciderunt.
3122 498 3447 572 Postquam
3485 513 3593 556 au-

210 600 390 663 σμένοι
470 596 807 665 τυχάνοντες,
906 593 1218 669 παρελύοντο
1300 597 1391 645 καὶ
1477 597 1813 644 κατέπιπτον.

211 686 354 738 Ἐπεὶ
393 680 452 737 δε
500 679 667 747 ἔδειξε
714 689 811 743 τὴν
848 683 1008 756 ἰσχύν
1059 683 1240 751 αὐτοῦ,
1271 687 1387 736 τότε
1441 681 1619 734 λοιπόν
1663 699 1815 734 συνε-

207 782 449 848 χώρησε,
497 778 590 826 καὶ
636 774 791 827 πάλιν
840 773 1031 835 αὐτούς
1065 772 1372 848 ἐπηρώτησε
1406 790 1418 802 ’
1466 777 1593 825 Τίνα
1632 772 1813 832 ζητεῖ-

206 881 302 931 τε;
353 867 419 917 Οἱ
494 862 555 917 δε
604 862 783 918 εἷπον·
850 863 1054 922 Ἰησοῦν
1124 867 1211 916 τὸν
1280 863 1611 938 Ναζωραῖον.
1666 860 1814 915 Ἀπε-

205 956 364 1029 κρίθη
413 955 623 1016 Ἰησοῦς
656 970 671 984 ⁸
735 950 890 1006 Εἶπον
924 953 1067 1025 ὑμῖν,
1111 955 1187 1005 ὅτι
1245 952 1377 1024 Ἐγώ
1433 952 1555 1024 εἰμι.
1616 951 1678 1003 Εἰ
1725 948 1812 1003 οὖν

368 1039 591 1111 ζητεῖτε,
647 1044 800 1116 ἄφετε
866 1044 1079 1104 τούτους
1153 1042 1389 1114 ὑπάγειν.
1447 1042 1505 1095 Ὀ
1559 1038 1618 1094 δὲ
1680 1040 1810 1094 Ἰού-

209 1129 326 1201 δας,
375 1137 468 1186 καὶ
540 1134 736 1185 τούτων
810 1136 943 1185 οὕτω
1014 1137 1313 1206 γινομένων,
1382 1131 1442 1184 ού
1515 1129 1806 1204 μετεϐλήθη

202 1228 299 1274 κᾶν
323 1230 451 1295 γοῦν
479 1226 688 1299 μικρὸν,
721 1219 845 1275 οὐδὲ
868 1230 968 1275 τῶν
997 1219 1324 1296 δεδογμένων
1349 1220 1635 1295 ἀπέσχετο.

275 1318 374 1366 Καὶ
439 1313 625 1376 εὐθέως
666 1343 735 1354 -
792 1312 964 1368 αὐτόν.
1000 1319 1137 1371 Φησὶ
1191 1311 1251 1366 ὁὲ
1301 1317 1388 1367 καὶ
1427 1312 1562 1384 (67).
1600 1316 1808 1372 Λουκᾶς

199 1402 357 1457 εἰπεῖν
425 1406 513 1455 τόν
566 1405 799 1476 Χριστὸν
853 1404 982 1478 πρὸς
1041 1400 1268 1468 Ἰούδαν,
1330 1401 1612 1475 ἐγγίσαντα
1659 1401 1806 1474 φιλῆ-

200 1511 289 1544 σαι
325 1492 505 1545 αὐτόν’
566 1490 763 1560 Ἰούδα,
826 1491 1077 1565 φιληματι
1131 1496 1219 1545 τόν
1276 1495 1397 1546 Υίὸν
1458 1498 1549 1544 τοῦ
1610 1489 1803 1564 ἀνθρὼ-

192 1601 293 1635 που
370 1579 728 1658 παραδίδως;
783 1584 1147 1656 Μακροθύμως
1206 1585 1308 1656 γὰρ
1389 1582 1580 1646 ἐξεῖπεν
1660 1581 1800 1651 αὐτῷ

192 1677 279 1724 καὶ
328 1676 418 1725 τὸν
472 1676 667 1725 σκοπὸν
726 1680 819 1725 τοῦ
882 1671 1189 1746 φιλήματος,
1240 1676 1330 1725 καὶ
1398 1667 1797 1746 προσωνείδισε,

190 1767 475 1820 ποιήσαντι
533 1766 591 1816 τὸ
648 1762 903 1835 σύμϐολον
956 1771 1047 1824 τῆς
1098 1761 1309 1834 ἀγάπης
1361 1760 1617 1835 σύμϐολον
1669 1780 1802 1836 προ-

190 1848 421 1914 δοσίας·
471 1857 561 1905 καὶ
613 1855 747 1926 ὅμως
807 1853 900 1906 οὐκ
954 1851 1223 1917 ἀπώσατο,
1286 1851 1415 1905 ἀλλά
1466 1856 1556 1904 καὶ
1609 1854 1667 1904 τό
1722 1852 1874 1923 φί-’Β

186 1941 330 2014 λημα
398 1938 635 2009 ἐδέξατο,
677 1948 768 1995 καὶ
824 1947 1088 2015 παρέσχεν
1143 1942 1323 1995 ἑαυτὸν
1377 1941 1449 2003 εἰς
1499 1940 1612 2013 (68)
1668 1939 1797 1993 ἀπα-

186 2039 381 2103 γωγήν.
445 2032 505 2085 Ὀ
565 2028 645 2098 δὲ,
708 2037 798 2086 καὶ
862 2041 956 2095 τῆς
1016 2029 1279 2105 δυνάμεως
1332 2032 1489 2084 αὐτοῦ
1537 2034 1795 2089 τοσαύτην

184 2119 352 2173 λαϐὼν
412 2117 706 2189 ἀπόδειξιν,
768 2127 858 2175 καὶ
913 2129 1005 2183 τῆς
1061 2120 1339 2185 ἐπιεικείας
1389 2126 1479 2175 καὶ
1540 2122 1791 2195 ἡμερότη-

184 2229 283 2274 τος,
309 2214 499 2285 θηρίου
534 2214 725 2274 παντὸς
754 2210 1117 2286 χαλεπώτερος
1148 2215 1331 2284 ἔμενεν.

250 2300 311 2353 Ὀ
380 2298 442 2354 δὲ
522 2300 726 2363 Ἰησοῦς
786 2332 854 2343 -
930 2303 1101 2377 πάρει.
1179 2300 1316 2376 Ὀρα
1399 2302 1790 2375 εύσπλαγχνίαν

184 2387 586 2461 ἁνεκδιήγητον.
641 2390 813 2463 Ἀχρι
875 2393 973 2464 γὰρ
1052 2394 1142 2443 καὶ
1218 2388 1510 2465 παρεδόθη,
1573 2389 1789 2451 ἐκήδετο

183 2489 267 2531 τοῦ
324 2477 617 2554 προδότου.
678 2484 765 2533 Διὸ
840 2486 929 2533 καὶ
995 2488 1081 2532 νῦν
1146 2480 1347 2553 ἑταῖρον
1408 2481 1645 2555 ὠνόμασε
1700 2487 1787 2536 τόν

178 2571 455 2640 ἔχθιστον.
513 2572 584 2623 T6
640 2566 718 2637 δὲ,
770 2568 881 2643 Ἐφ’
1034 2573 1207 2643 πάρει,
1253 2571 1346 2623 ούκ
1390 2570 1788 2646 ἐρωτηματικῶς

180 2657 553 2731 ἀναγνωστέον·
618 2658 867 2731 ἐγίνωσκε
911 2662 1033 2733 γὰρ,
1081 2659 1154 2733 ἐφ’
1305 2666 1625 2737 παρεγένετο·
1677 2662 1784 2715 ἀλλ’

177 2750 559 2822 ἀποφάντικῶς.
601 2749 760 2807 Δηλοῖ
800 2746 860 2802 δὲ
899 2751 978 2802 ὃτι
1018 2750 1093 2803 Δι’
1126 2750 1151 2802 ὃ
1182 2756 1562 2826 παραγέγονας,
1598 2756 1780 2825 ἤγουν,

180 2842 231 2890 τό
277 2842 418 2891 κατὰ
458 2842 656 2892 σκοπὸν
705 2844 921 2914 πρᾶττε,
954 2847 1045 2892 τοῦ
1098 2845 1484 2914 προσχήματος
1512 2841 1778 2915 ἀφέμενος.

179 2933 368 2990 Σκοπὸς
424 2932 518 3001 μὲν
565 2931 667 3004 γὰρ
719 2926 781 2988 ἦν
833 2931 863 2988 ἡ
920 2926 1204 3005 προδοσία,
1258 2936 1556 3005 πρόσχημα
1612 2929 1672 2986 δὲ
1722 2938 1780 2987 τὸ

180 3019 371 3092 panum
393 3023 488 3071 καὶ
519 3019 543 3071 ό
572 3017 744 3091 λόγος·

237 3258 362 3307 Τότε
394 3282 462 3294 -
495 3252 670 3308 αὐτόν.
708 3254 856 3307 Κατὰ
878 3255 937 3306 τὸ
978 3255 1242 3328 σύνθημα.
1813 3212 1855 3271 C

240 3367 339 3415 Καὶ
401 3358 521 3415 ἰδού
574 3392 644 3401 —-
700 3365 872 3414 ὠτίον.
928 3360 987 3415 Ὀ
1045 3357 1105 3415 δε
1170 3369 1374 3424 Λουκᾶς
1426 3363 1647 3437 ἔγραψεν
1697 3367 1778 3418 ὅτι

173 3447 386 3512 ’ἰδόντες
445 3454 495 3503 οἱ
574 3454 692 3524 περὶ
776 3450 929 3503 αὐτὸν
988 3454 1046 3504 τό
1138 3450 1376 3524 ἐσόμενον
1448 3450 1587 3506 εἶπον
1663 3454 1774 3526 (69)

171 3542 338 3612 αὐτῷ·
406 3544 587 3616 Κύριε,
633 3539 683 3593 οἰ
734 3539 1027 3613 πατάξομεν
1085 3540 1133 3593 ἐν
1190 3546 1478 3616 μαχαίρᾳ;
1519 3547 1620 3595 Καὶ
1654 3540 1775 3595 ἐπά-

167 3631 302 3693 ταξεν
359 3629 431 3692 εἷς
488 3649 570 3691 τις
648 3628 702 3692 ἐξ
777 3629 943 3682 αὐτῶν
1015 3633 1101 3682 τόν
1177 3628 1361 3684 δοῦλον
1431 3639 1522 3684 τοῦ
1592 3630 1774 3705 ἀρχιε-

165 3726 305 3793 ρέως,
373 3724 467 3772 καὶ
530 3715 727 3792 ἀφεῖλεν
781 3719 943 3772 αὑτοῦ
990 3722 1049 3772 τὸ
1102 3716 1192 3781 οὖς
1245 3723 1303 3772 τὸ
1364 3718 1553 3784 δεξιόν.
1610 3720 1668 3774 Ὁ
1720 3718 1772 3774 δ’

165 3812 404 3872 Ἰωάννης
456 3806 687 3868 ἐδήλωσε
745 3814 834 3861 καὶ
890 3814 978 3862 τόν
1031 3810 1352 3875 πατάξαντα,
1409 3811 1549 3863 εἰπόν
1604 3812 1719 3883 (70)
1755 3829 1766 3841 '

165 3906 325 3972 Σίμων
409 3896 500 3951 οὖν
572 3902 766 3973 Πέτρος
838 3900 975 3970 ἔχων
1037 3900 1331 3975 μάχαιραν,
1385 3899 1616 3954 εἵλκυσεν
1679 3902 1763 3953 αὐ-

162 3996 269 4059 τὴν,
346 3992 441 4041 καὶ
508 3989 692 4041 ἔπαισε
766 3992 852 4040 τόν
924 3995 1012 4041 τοῦ
1072 3988 1357 4065 ἀρχιερέως
1418 3986 1622 4058 δοῦλον,
1678 3996 1767 4044 καὶ

160 4077 415 4150 ἀπέκοψεν
468 4077 632 4130 αὐτοῦ
697 4079 756 4129 τὸ
808 4078 957 4129 ὠτίον
1028 4081 1087 4130 τὸ
1146 4074 1333 4141 δεξιόν.
1394 4078 1491 4133 Ἦν
1546 4075 1605 4132 δὲ
1655 4080 1764 4152 (71)

159 4174 315 4241 ὄνομα
402 4175 477 4238 τῷ
556 4163 728 4238 δούλῳ
800 4166 1036 4239 Μάλχος.
1118 4167 1234 4221 Ἔτι
1302 4170 1400 4242 γὰρ
1451 4177 1550 4221 τῶν
1600 4168 1763 4223 ἄλλων

157 4258 481 4331 ἐρωτώντων,
541 4258 698 4320 αὐτὸς
776 4257 870 4310 ούκ
948 4256 1218 4331 ἀναμείνας
1292 4263 1385 4317 τήν
1460 4259 1761 4335 ἀπόκρισιν,

156 4352 233 4402 οἶα
289 4352 633 4424 θερμότατος,
718 4345 963 4410 ἐπάταξεν
1021 4351 1111 4420 μὲν
1188 4350 1325 4401 κατά
1372 4356 1461 4410 τῆς
1516 4350 1757 4423 κεφαλῆς,

155 4439 385 4509 ἀπέκοψε
447 4433 508 4489 δὲ
554 4440 611 4489 τὸ
666 4437 832 4491 ὠτίον.
867 4432 1033 4508 Εἶχον
1079 4439 1180 4512 γὰρ
1242 4434 1338 4490 δύο
1382 4444 1669 4513 μαχαίρας,
1699 4444 1763 4501 ὡς

154 4531 237 4601 ἔφη
310 4532 543 4591 Λουκᾶς,
603 4525 706 4577 ἀπό
776 4533 867 4578 τοῦ
945 4523 1155 4579 δείπνου
1224 4528 1434 4592 ταύτας,
1496 4531 1560 4589 ὡς
1608 4532 1756 4595 ἔοικε,
1794 4500 1841 4558 D

152 4617 415 4686 λαϐόντες,
443 4616 670 4689 μεγάλας
725 4618 906 4683 οὔσας,
960 4618 1094 4669 ὥστε
1149 4619 1394 4692 χρῆσθαι
1444 4621 1575 4692 πρὸς
1623 4621 1759 4692 οἶμυο

152 4726 234 4758 ναν
259 4716 364 4760 τῶν
397 4706 594 4759 ἐπιέναι
619 4704 919 4778 μελλόντων.

220 4901 357 4958 ἰδὼν
418 4899 479 4956 δὲ
532 4904 592 4955 τὸ
644 4904 855 4974 γεγονὸς
897 4902 1206 4979 όΧριστὸς,
1240 4900 1412 4958 εἶπεν·
1466 4906 1609 4959 Ἐᾶτε
1665 4910 1757 4970 ἕως

156 4998 359 5047 τούτου.
417 4997 521 5047 Καὶ
602 4990 866 5065 ἁψάμενος
930 4999 1023 5046 τοῦ
1109 4993 1264 5046 ὠτίου
1332 4994 1512 5059 αὐτοῦ,
1574 4995 1758 5050 ἰάσατο

220 5122 265 5156 ⁸⁸
288 5122 452 5177 Joan.
483 5133 649 5185 xvm,
676 5118 731 5184 7,
758 5118 816 5175 8.

1924 590 2045 643 tem
2077 602 2251 644 suam
2295 587 2556 644 ostendit
2600 588 2904 655 virtutem,
2952 588 3237 661 deinceps
3282 588 3586 662 permittit,

1922 691 1993 732 ac
2022 677 2238 733 iterum
2264 676 2654 747 interrogavit
2675 693 2779 734 eos
2806 697 2820 735 :
2848 679 3025 747 Quem
3052 679 3319 751 quarritis
3345 679 3374 735 ρ
3392 680 3465 735 At
3497 676 3590 734 illi

1921 766 2232 831 dixerunt,
2261 769 2454 823 Jesum
2466 768 3204 837 Nazarenumﬂespondit
3222 768 3391 826 Iesus
3412 788 3423 827 :
3442 767 3585 824 Dixi

1919 856 2097 925 vobis,
2125 856 2281 927 quod
2308 871 2409 927 ego
2432 872 2589 914 sum.
2626 857 2694 913 Si
2716 874 2841 930 ergo
2860 873 2951 914 me
2974 858 3264 930 quaeritis,
3290 857 3466 914 sinite
3485 856 3580 914 hos

1919 945 2087 1003 abire
2123 946 2191 1000 ⁸⁸.
2222 945 2407 1002 Judas
2432 962 2568 1003 vero
2596 946 2690 1002 his
2721 962 2965 1020 quoque
2994 948 3073 1004 ita
3103 945 3293 1014 factis,
3323 962 3447 1004 non
3485 950 3579 1004 est

1918 1038 2187 1092 mutatus
2220 1054 2232 1094 :
2261 1050 2372 1091 nec
2398 1035 2649 1092 minimo
2675 1037 2916 1110 quidem
2954 1040 3181 1111 puncto
3212 1036 3287 1095 ab
3316 1036 3411 1093 his
3437 1051 3575 1110 qua

1918 1123 2316 1197 disposuerat,
2353 1124 2650 1182 discessit.

1985 1355 2151 1413 Vers.
2184 1355 2273 1413 49.
2307 1356 2384 1413 Et
2414 1355 2698 1427 confestim
2730 1387 2785 1399 —
2819 1372 2971 1415 eum.
3003 1357 3097 1416 Ait
3127 1361 3330 1416 autem
3376 1360 3572 1418 Lucas

1912 1445 2131 1503 dixisse
2150 1446 2446 1503 Christum
2458 1446 2486 1501 J
2497 1446 2629 1503 udae
2644 1463 2783 1504 cum
2798 1448 3192 1518 accederet,ut
3204 1449 3574 1508 oscularetur

1910 1553 2050 1595 eum
2078 1560 2090 1593 :
2109 1538 2282 1603 Juda,
2300 1538 2487 1594 osculo
2502 1538 2723 1596 Filium
2743 1538 2997 1595 hominis
3020 1540 3209 1597 tradis
3226 1542 3272 1576 θ’
3296 1541 3324 1597 ?
3342 1541 3574 1597 Patien-

1909 1632 1995 1685 ter
2020 1628 2179 1684 enim
2211 1626 2505 1699 expressit
2535 1627 2586 1683 ei
2620 1628 2716 1701 (ᾗ)
2747 1644 2871 1699 quo
2902 1627 3022 1685 fine
3054 1628 3227 1685 fuerit
3272 1629 3367 1686 ille
3396 1645 3571 1686 oscu-

1906 1716 2103 1784 latus;
2138 1722 2193 1773 et
2222 1716 2602 1789 exprobravit
2647 1716 2814 1790 quod
2862 1718 3083 1774 amoris
3117 1718 3360 1791 signum
3404 1718 3574 1775 fecis-

1911 1812 2000 1865 set
2037 1808 2279 1878 signum
2341 1805 2737 1879 proditionis;
2791 1810 2847 1864 et
2894 1812 3098 1864 tamen
3153 1824 3276 1865 non
3329 1808 3567 1881 repulit,

1909 1897 2016 1955 sed
2042 1902 2098 1954 et
2122 1896 2399 1953 osculum
2426 1896 2704 1968 suscepit,
2729 1900 2785 1953 et
2810 1912 2872 1953 se
2900 1901 2963 1954 ut
2988 1897 3387 1954 abduceretur
3414 1914 3569 1971 prm-

1905 1987 2053 2044 buit.
2099 1986 2199 2043 Ille
2249 1990 2451 2043 autem
2501 2002 2640 2042 cum
2690 1990 2920 2043 tantum
2973 1988 3296 2059 accepisset
3343 1988 3567 2060 experi-

1904 2082 2174 2135 mentum
2222 2075 2457 2133 virtutis
2491 2075 2647 2131 illius
2673 2081 2729 2133 et
2757 2075 3147 2133 humanitatis
3174 2093 3241 2132 ac
3286 2092 3565 2134 mansue-

1903 2167 2139 2234 tudinis,
2194 2166 2362 2224 omni
2416 2171 2617 2224 tamen
2673 2167 3003 2239 permansit
3058 2166 3185 2225 fera
3240 2166 3560 2224 crudelior.

1968 2400 2395 2459 Vers.50.Jesus
2411 2400 2908 2459 autem—venisti.
2929 2400 3068 2457 Vide
3085 2400 3561 2459 misericordiam

1897 2492 2385 2549 inenarrabilem.
2429 2490 2736 2564 Siquidem
2781 2490 2974 2546 donec
3012 2490 3266 2547 traditus
3310 2494 3417 2557 est,
3451 2490 3561 2548 fuit

1896 2582 1982 2640 illi
2032 2599 2177 2639 cura
2223 2582 2297 2637 de
2343 2582 2662 2653 proditore.
2710 2582 2845 2637 Ideo
2893 2580 3054 2636 enim
3101 2596 3257 2636 nunc
3282 2579 3559 2638 amicum

1895 2672 2225 2727 nominavit
2259 2686 2420 2739 eum,
2470 2670 2572 2742 qui
2616 2674 2742 2725 erat
2779 2669 3081 2727 inimicus.
3132 2669 3306 2736 Quod
3354 2674 3559 2726 autem

1895 2761 2065 2817 addit
2092 2777 2105 2817 :
2130 2760 2223 2816 Ad
2246 2759 2406 2833 quod
2427 2759 2637 2815 venisti
2660 2760 2688 2816 ?
2712 2775 2833 2815 non
2856 2763 2946 2815 est
2970 2774 3078 2832 per
3106 2759 3358 2816 modum
3381 2759 3561 2816 inter-

1892 2848 2222 2919 rogationis
2234 2848 2557 2919 legendum
2573 2865 2588 2907 :
2610 2847 3005 2903 sciebatenim
3020 2847 3098 2903 ad
3115 2847 3258 2920 quid
3286 2851 3555 2916 venerat;

1894 2939 2000 2995 sed
2044 2938 2400 2994 enuntiative
2453 2953 2466 3005 ;
2514 2936 2811 3007 significat
2841 2937 3000 2993 enim
3053 2958 3067 2994 :
3102 2937 3191 2994 Ad
3220 2937 3282 2993 id
3313 2941 3558 3010 propter

1891 3028 2057 3100 quod
2075 3026 2389 3091 advenisti,
2409 3026 2471 3081 id
2488 3030 2594 3091 est,
2606 3026 2772 3097 juxta
2786 3026 3083 3082 intentum
3102 3031 3270 3082 tuum
3303 3041 3555 3098 operare

1888 3117 2091 3173 relicto
2142 3116 2508 3173 velamento.
2548 3115 2708 3171 Finis
2761 3114 3061 3187 siquidem
3091 3119 3221 3172 erat
3266 3114 3550 3188 proditio,

1886 3206 2295 3263 velamentum
2328 3208 2551 3268 autem,
2580 3204 2856 3261 osculum
2881 3209 2938 3260 et
2962 3220 3179 3261 sermo.

1958 3297 2127 3353 Vers.
2162 3299 2249 3351 50.
2275 3297 2656 3351 Tunc—eum.
2684 3294 3025 3351 Secundum
3051 3294 3260 3350 datum
3284 3293 3547 3365 signum.

1958 3386 2124 3442 Vers.
2186 3386 2272 3441 51.
2323 3386 2399 3440 Et
2462 3398 2591 3441 ecce
2642 3415 2711 3424 —
2749 3384 3101 3440 auriculam.
3132 3383 3315 3439 Lucas
3345 3387 3546 3440 autem

1885 3476 2122 3548 scripsit
2156 3491 2168 3529 :
2214 3475 2486 3531 Videntes
2543 3473 2605 3529 hi
2633 3473 2727 3544 qui
2768 3474 2923 3530 circa
2966 3475 3153 3543 ipsum
3196 3479 3366 3530 erant
3395 3473 3550 3545 quod

1882 3567 2152 3637 futurum
2192 3565 2349 3628 erat,
2390 3564 2676 3619 dixerunt
2708 3564 2778 3630 ei,
2808 3563 3057 3619 Domine
3095 3563 3548 3634 percutimusne

1881 3654 2116 3728 gladio?
2145 3655 2223 3711 Et
2249 3653 2527 3725 percussit
2566 3669 2717 3709 unus
2770 3653 3069 3725 quispiam
3101 3667 3175 3709 ex
3212 3653 3291 3707 eis
3321 3667 3546 3709 servum

1879 3745 2173 3816 principis
2197 3744 2585 3811 sacerdotum,
2614 3750 2665 3798 et
2694 3742 3029 3815 amputavit
3050 3743 3389 3799 auriculam
3415 3744 3545 3812 ejus

1879 3835 2158 3891 dextram
2209 3834 2279 3889 ⁷ο.
2330 3833 2593 3888 Joannes
2649 3847 2791 3888 vero
2845 3847 2985 3889 eum
3015 3845 3260 3904 quoque
3289 3829 3543 3887 manife-

1879 3923 2049 3979 stavit
2070 3921 2176 3995 qui
2194 3921 2503 3993 percussit,
2528 3920 2765 3980 dicens:
2786 3922 2985 3978 Simon
3007 3936 3146 3992 ergo
3168 3913 3383 3976 Petrus
3405 3935 3539 3976 cum

1879 4012 2119 4068 haberet
2136 4010 2422 4082 gladium,
2442 4010 2703 4067 exseruit
2715 4026 2856 4074 eum,
2877 4013 2931 4065 et
2945 4009 3228 4079 percussit
3236 4008 3539 4079 pontificis

1876 4099 2946 4171 servum,amputavitque,auriculam
2959 4098 3087 4166 ejus
3102 4097 3537 4154 dextramErat

1875 4198 2071 4249 autem
2102 4206 2318 4247 nomen
2363 4204 2531 4246 servo
2559 4187 2833 4244 Mulchus
2868 4187 2937 4241 τί.
2966 4188 3114 4242 Nam
3164 4201 3303 4241 cum
3334 4185 3537 4242 adhuc

1874 4280 2068 4336 caeteri
2094 4280 2545 4348 interrogarent,
2575 4277 2704 4349 ipse
2739 4292 2861 4331 non
2894 4279 3236 4344 exspectata
3280 4289 3535 4346 respon-

1874 4370 2058 4434 sione,
2096 4374 2296 4441 utpote
2326 4366 2819 4435 ferventissimus,
2846 4364 3139 4437 percussit
3195 4362 3445 4436 quidem
3472 4362 3534 4419 in

1873 4461 2073 4531 caput,
2108 4457 2212 4513 sed
2243 4456 2572 4512 auriculam
2603 4454 2966 4527 amputavit.
3031 4451 3344 4509 Habebant
3371 4450 3534 4509 enim

1872 4550 2024 4603 duos
2054 4547 2307 4618 gladios,
2360 4546 2514 4601 sicut
2562 4544 2707 4600 dixit
2753 4544 2943 4599 Lucas
2992 4543 3065 4609 ⁷³,
3096 4558 3270 4615 quos,
3294 4546 3359 4599 ut
3387 4541 3535 4598 veri-

1870 4637 2060 4693 simile
2087 4642 2195 4707 est,
2226 4652 2261 4691 a
2286 4651 2459 4692 caena
2476 4636 2894 4707 sumpserant:
2924 4632 3147 4704 quibus
3172 4635 3377 4703 utpote
3408 4646 3534 4689 ma-

1868 4727 2002 4798 gnis
2031 4726 2117 4782 uti
2168 4729 2415 4799 possent
2462 4725 2521 4781 in
2589 4724 2878 4781 auxilium
2940 4722 3235 4779 abversus
3290 4737 3395 4779 eos
3426 4721 3533 4794 qui

1869 4816 2136 4873 invasuri
2166 4819 2354 4872 erant.

1943 4905 2164 4963 Videns
2211 4909 2409 4961 autem
2457 4905 2628 4960 Iesus
2671 4901 2831 4975 quod
2876 4901 3103 4958 factum
3155 4903 3299 4965 erat,
3357 4899 3526 4966 dixit,

1868 4997 2063 5056 Sinite
2092 4996 2209 5054 huc
2239 5009 2440 5067 usque,
2483 4998 2760 5067 tactaque
2804 4991 2963 5048 illius
2995 4989 3264 5047 auricula
3292 4989 3529 5046 sanavit

902 5119 949 5154 σθ
978 5117 1114 5175 Luc.
1148 5135 1291 5192 χχιι,
1322 5121 1410 5177 48.
1489 5122 1536 5156 το
1564 5122 1709 5179 Luc.
1748 5139 1789 5180 x:

1916 5122 2007 5193 49,
2038 5120 2127 5177 50.
2207 5120 2251 5156 ⁷³
2284 5122 2432 5178 Joan
2460 5135 2623 5187 xvm,
2656 5119 2745 5190 l0,
2794 5116 2878 5175 tl.
2953 5118 3005 5153 ⁷³
3046 5118 3181 5173 Luc.
3236 5128 3385 5171 xxu.
3420 5112 3515 5172 38.

1370 5297 1584 5368 Variae
1603 5299 1939 5371 lectiones
1981 5308 2047 5368 et
2077 5306 2275 5367 notae.

226 5496 337 5567 (67)
369 5499 471 5550 Καί
496 5492 718 5551 omittit
733 5491 881 5567 _coc_l.
909 5494 973 5567 ᾼ.

226 5498 313 5567 (67
369 5499 471 5550 Καί
496 5496 718 5551 omittit
747 5496 881 5548 cod.
909 5496 968 5547 A.

224 5496 686 5639 (ϐὃῖὙπαγωγήν.
723 5562 868 5639 Cod.
892 5564 968 5639 _A.

226 5639 335 5712 (69)
368 5635 517 5711 Λύτῷ
544 5635 763 5695 Omittit
792 5636 933 5691 cod.
970 5639 1036 5691 A.

1937 5495 2053 5568 (70)
2096 5494 2265 5549 Εἰπὼν
2321 5492 2539 5568 Omittit
2565 5491 2629 5547 Β.

1937 5496 2032 5568 (70
2096 5495 2265 5549 Εἰπὼν
2321 5495 2539 5550 omittit
2565 5495 2629 5547 B.

1934 5495 2053 5641 (7i;
2086 5571 2308 5640 Τόνομα,
2336 5566 2437 5632 sic,
2470 5579 2581 5638 pro
2606 5565 2852 5638 τοῦνομα.
2899 5563 3043 5622 Cod.
3080 5571 3140 5619 Δ.

224 5764 318 5839 (jﬂ
346 5764 651 5823 Patienter
674 5763 833 5820 enim
859 5760 1141 5835 expressit
1169 5762 1239 5821 ei.
1286 5762 1662 5838 Indulgenter
1694 5764 1974 5839 patefecit
1996 5764 2070 5822 ei.
