4096 6378
600 317 701 379 691

1924 316 2273 382 EUTHYMII
2310 321 2642 385 ZIGABENI

3869 348 3969 409 692

598 462 741 504 cum
764 445 836 503 τ’.
868 447 1018 537 Nam
1052 447 1112 505 et
1138 445 1255 505 hoc
1284 444 1516 505 addidit
1562 444 1777 507 Lucas.
1806 448 2023 507 Dicens
2056 450 2227 524 itaqu

2368 450 2543 519 αὐτόν,
2588 452 2645 508 '0
2693 453 2853 521 αύτός
2890 451 2950 513 δι
2997 463 3086 515 καὶ
3135 464 3284 516 τοῦτό
3338 482 3469 537 φησι
3519 469 3747 534 Λουκᾶς,
3803 473 3965 530 Εἰπὼν

597 536 911 594 Christus:
943 536 1123 595 Sinite
1149 538 1264 595 huc
1309 553 1514 611 usque,
1568 538 1826 596 ostendit
1872 540 2041 613 quod
2083 540 2257 611 juxta

597 626 1110 700 dispensationem
1140 627 1338 684 ablata
1368 629 1441 685 sit
1466 644 1633 685 servo
1664 629 1950 701 principis
1980 631 2255 687 sacerdo-

595 719 724 773 tum
741 716 1099 783 auricula,in
1117 718 1356 787 signum
1370 717 1535 791 quod
1555 719 1852 790 principes
1868 719 2253 777 sacerdotum

593 821 719 878 prae
758 806 985 863 invidia
1014 806 1223 862 auditu
1266 807 1475 880 privati
1505 813 1722 874 essent,
1772 824 1848 864 ne
1893 808 2169 865 audirent
2197 816 2255 867 et

591 894 982 965 intelligerent
1032 911 1133 951 eas
1162 912 1292 969 quae
1353 897 1428 952 de
1480 896 1615 968 ipso
1665 902 1835 953 erant
1881 899 2247 970 prophetias.

594 983 831 1041 Sanans
854 989 1054 1040 autem
1076 984 1268 1051 illum,
1293 985 1551 1042 ostendit
1572 986 2037 1043 misericordiam
2063 1004 2251 1060 quam

592 1088 737 1142 erga
782 1072 912 1128 illos
960 1073 1229 1143 haberet,
1284 1074 1570 1148 quodque
1618 1074 1693 1131 de
1719 1074 1851 1144 illis,
1881 1076 1930 1131 si
1967 1076 2252 1133 libuisset

588 1176 804 1234 pmnas
853 1162 1207 1234 sumpsisset
1258 1181 1271 1231 ;
1305 1179 1514 1219 verum
1556 1164 1817 1219 ostendit
1846 1170 2115 1236 oportere
2148 1183 2249 1238 po-

590 1251 708 1306 tius
731 1250 1025 1310 beneﬁcio
1056 1251 1287 1308 afﬁcere
1316 1251 1779 1309 malefacientes.
1808 1254 1920 1310 Sed
1941 1257 2248 1327 quomodo

588 1340 659 1410 is,
693 1341 797 1413 qui
829 1340 903 1395 de
950 1356 1072 1397 non
1118 1340 1461 1397 ulciscendo
1508 1343 1866 1399 mandatum
1915 1350 2244 1417 acceperat,

587 1429 791 1500 gladio
824 1430 1121 1501 percutit?
1146 1430 1416 1487 Primum
1474 1433 1720 1504 quidem
1770 1449 1888 1488 non
1922 1448 2025 1507 pro
2053 1435 2246 1507 seipso

586 1517 703 1573 hoc
733 1518 889 1585 fecit,
928 1518 1032 1574 sed
1088 1535 1199 1592 pro
1245 1522 1608 1592 Praeceptore
1644 1538 1657 1588 ;
1687 1520 1924 1588 deinde,
1972 1524 2247 1579 nondum

592 1607 893 1682 perfectus
945 1613 1114 1666 erat:
1148 1610 1536 1682 postmodum
1581 1616 1781 1667 autem
1830 1611 2032 1669 videas
2088 1612 2247 1670 hunc

592 1703 902 1754 sexcentas
935 1699 1057 1770 pati
1085 1697 1346 1770 injurias,
1379 1703 1559 1773 atque
1592 1700 1798 1757 omnia
1824 1707 2131 1759 mansuete
2162 1708 2247 1760 to-

584 1785 895 1844 lerantem.

650 1875 947 1933 Admirart
1000 1876 1181 1934 etiam
1246 1875 1553 1951 quispiam
1637 1881 1870 1953 poterit,
1930 1881 2243 1955 quomodo

576 1980 703 2023 non
733 1965 1294 2039 comprehenderint
1354 1968 1685 2042 discipulos
1718 1986 1789 2026 ac
1822 1971 2243 2030 trucidaverint

577 2060 823 2128 propter
849 2056 912 2112 id
963 2056 1129 2129 quod
1160 2056 1385 2114 factum
1442 2059 1620 2115 estin
1670 2076 1904 2116 servum
1956 2062 2241 2135 principis

578 2144 977 2201 sacerdotum.
1013 2145 1128 2202 Sed
1154 2162 1291 2203 vere
1339 2147 1475 2218 ipsa
1504 2149 1691 2205 virtus
1748 2166 1885 2221 quae
1919 2150 2030 2206 hos
2062 2168 2243 2208 excae-

577 2239 819 2290 caverat
840 2250 911 2291 ac
932 2236 1470 2306 prostraverat,illa
1492 2238 1671 2294 etiam
1695 2243 1836 2295 tunc
1858 2240 2034 2310 iram,
2051 2256 2241 2313 quam

575 2321 651 2379 de
681 2323 965 2380 auriculae.
1014 2325 1430 2397 amputatione
1471 2334 1892 2400 conceperant,
1927 2328 2231 2402 dispersit.

646 2429 812 2487 Vers.
870 2434 957 2486 52.
1036 2433 1203 2489 Tunc
1249 2433 1333 2489 ait
1376 2464 1447 2475 -—-
1522 2436 1871 2493 morientur.
1943 2436 2058 2492 Ubi
2100 2453 2240 2494 eum

570 2512 850 2589 inerepas
863 2525 941 2576 set
962 2519 1387 2595 docuit,neque
1402 2522 1583 2579 etiam
1606 2539 1714 2595 pro
1731 2524 1851 2580 Deo
1862 2524 2241 2584 defendendo

570 2606 863 2664 utendum
876 2624 1009 2665 esse
1027 2610 1254 2681 gladio.
1279 2611 1385 2667 Per
1412 2611 1680 2681 gladium
1696 2630 1837 2671 vero
1848 2616 2056 2671 omnia
2070 2632 2238 2673 arma

567 2695 896 2765 prohibuit.
922 2699 1094 2764 Quod
1123 2704 1328 2756 autem
1359 2700 1503 2757 dicit
1528 2720 1541 2757 :
1574 2702 1781 2759 Omnes
1812 2706 1911 2776 qui
1932 2705 2234 2776 accipiunt

564 2783 844 2855 gladium,
877 2787 1188 2859 prophetia
1210 2794 1298 2847 est
1343 2790 1697 2861 perditionis
1747 2793 2091 2851 Iudaeorum
2127 2798 2229 2869 qui

564 2873 858 2932 adversus
897 2878 1099 2950 ipsum
1153 2886 1462 2951 venerant,
1493 2884 1751 2938 Joannes
1781 2899 1923 2939 vero
1953 2885 2037 2941 ait
2087 2902 2225 2943 eum

561 2961 785 3022 dixisse
817 2988 829 3023 :
863 2966 954 3022 An
1003 2984 1119 3025 non
1153 2969 1340 3027 bibam
1384 2972 1660 3040 poculum
1690 2973 1841 3045 quod
1871 2974 2028 3031 dedit
2073 2976 2221 3033 mihi

559 3054 741 3112 Pater
762 3056 838 3113 7‘?
855 3058 1177 3114 ostendens
1197 3059 1324 3116 haec
1342 3075 1463 3116 non
1478 3077 1513 3116 a
1534 3066 1825 3134 potestate
1838 3063 2074 3120 illorum
2093 3064 2220 3122 ﬁeri

2276 1793 2325 1856 Β

2365 543 2456 614 μεν
2507 540 2595 597 οὖν
2651 546 2677 597 ό
2730 551 2963 620 Χριστός
3036 552 3116 604 ὅτι
3168 550 3300 616 Ἐως
3346 558 3556 625 τούτου,
3611 560 3836 633 ἐνέφηνεν
3892 568 3963 620 ὅτι

2364 632 2479 685 κατ’
2514 633 2812 708 οἰκονομίαν
2862 636 3094 712 ἀφῃρέθη
3140 645 3200 696 τὸ
3253 639 3340 706 οὖς
3386 644 3412 696 ό
3444 641 3630 710 δοῦλος
3661 632 3752 703 τοῦ
3784 650 3964 727 ἀρχιε-

2361 725 2511 796 ρέως,
2564 724 2636 786 εἰς
2695 734 2908 799 σημεῖον
2963 736 3056 783 τοῦ
3114 729 3457 807 ἀφαιρεθῆναι
3522 741 3645 800 τοὺς
3701 724 3961 816 ἀρχιερεῖς

2362 811 2462 863 ύπό
2513 814 2699 884 φθόνου
2748 819 2805 868 τὸ
2857 814 3060 872 ἀκούειν
3108 829 3209 874 τῶν
3257 828 3377 897 περὶ
3430 824 3591 878 αὐτοῦ
3622 840 3956 903 προφητειῶν,

2362 903 2543 972 ἣγουν,
2624 906 2683 956 τὸ
2738 909 2968 960 συνιέναι
3036 912 3248 973 ταύτας.
3310 912 3607 987 ’ἰασάμενος
3664 914 3722 971 δὲ
3788 920 3956 989 αὐτὸν,

2361 986 2523 1054 ἔδειξε
2574 995 2665 1065 μὲν
2718 999 2808 1048 καὶ
2863 1000 2951 1049 τόν
3001 998 3074 1061 εἰς
3135 1000 3327 1063 αύτούς
3377 1002 3533 1068 ἔλεον,
3575 1010 3665 1059 καὶ
3708 1009 3790 1060 ὅτι
3834 1011 3958 1082 ἠμύι

2359 1098 2481 1131 νατο
2534 1078 2594 1131 ἆν
2647 1082 2834 1145 αὐτούς
2891 1089 3030 1158 εἴπερ
3082 1089 3277 1153 ἤθελεν,
3341 1088 3588 1157 Ἐδίδαξε
3648 1092 3706 1148 δὲ
3754 1104 3842 1151 καὶ
3869 1078 3957 1152 ήὸτι

2359 1173 2455 1241 κρὴ
2501 1170 2703 1241 μᾶλλον
2752 1172 3029 1248 εὐεργετεῖν
3075 1182 3195 1242 τούς
3242 1189 3417 1245 κακῶς
3459 1192 3757 1248 ποιοῦντας.
3802 1187 3957 1243 Ἀλλά

2358 1266 2468 1319 πῶς
2498 1261 2523 1310 ό
2567 1264 2639 1332 μὴ
2706 1261 2995 1333 ἀμύνεσθαι
3049 1270 3411 1342 προσταχθεὶς
3458 1275 3720 1327 πατάσσει
3766 1274 3813 1329 έν
3860 1299 3956 1350 μα-

2357 1352 2527 1421 χαίρᾳ
2562 1367 2574 1413 ;
2609 1357 2818 1423 Πρῶτον
2860 1352 2951 1425 μέν
3000 1354 3105 1427 οὐχ
3151 1358 3277 1430 ύπὶρ
3324 1359 3508 1413 ἑαυτοῦ
3555 1370 3709 1416 τοῦτο
3748 1372 3955 1425 πεποίη-

2357 1455 2460 1503 κεν,
2514 1436 2620 1490 ἀλλ’
2672 1441 2799 1515 ὑπὲρ
2852 1450 2943 1495 τοῦ
3017 1442 3350 1501 Διδασκάλου
3385 1465 3398 1479 ⁸
3449 1452 3627 1504 ἔπειτα
3679 1458 3767 1506 καὶ
3820 1459 3953 1509 οὔπω

2356 1526 2547 1590 τέλειος
2599 1524 2659 1587 ἦν
2696 1551 2708 1565 ·
2764 1531 2977 1608 ὕστερον
3045 1530 3105 1587 δὲ
3182 1535 3340 1609 βλέπε
3398 1547 3581 1594 τοῦτον
3647 1549 3813 1619 μυρία
3863 1548 3951 1600 πά·

2360 1635 2580 1688 σχοντα,
2615 1622 2704 1672 καὶ
2733 1622 2909 1695 πράως
2944 1621 3151 1678 ἅπαντα
3170 1626 3511 1700 ὑπομένοντα.

2428 1868 2731 1940 Θαυμάσειε
2782 1866 2835 1924 δ’
2883 1872 2945 1924 οἶν
3000 1892 3099 1942 τις,
3138 1882 3244 1937 πῶς
3285 1876 3344 1930 ού
3390 1877 3665 1934 συνέλαϐον
3718 1887 3807 1935 καὶ
3845 1885 3949 1944 τούς

2354 1958 2611 2028 μαθητὰς,
2684 1964 2775 2013 καὶ
2826 1962 3138 2035 κατέκοψαν,
3209 1961 3304 2019 διὰ
3373 1970 3431 2020 τὸ
3489 1976 3826 2045 γεγενημένον
3890 1972 3949 2034 εἰς

2352 2048 2439 2097 τόν
2503 2043 2687 2100 δοῦλον
2758 2058 2850 2102 τού
2920 2050 3227 2127 ἀρχιερέως.
3286 2055 3421 2109 Ἀλλ’
3479 2062 3637 2122 ὅντως
3678 2043 3728 2121 ⁷ἦ
3784 2068 3945 2137 πηρώ-

2356 2152 2497 2187 σασα
2544 2141 2632 2189 καὶ
2686 2137 2895 2212 ῥίψασα
2948 2143 3165 2205 τούτους
3213 2141 3436 2218 δύναμις
3481 2145 3644 2206 ἐκείνη
3702 2155 3792 2204 καὶ
3845 2156 3948 2204 τότε

2354 2220 2670 2280 διεσκέδασε
2738 2231 2822 2281 τὸν
2890 2228 2974 2284 ἐπὶ
3041 2239 3102 2306 τῇ
3164 2231 3401 2309 ἀποκοπῇ
3450 2244 3542 2289 τοῦ
3586 2238 3745 2293 ὠτίου
3800 2242 3947 2313 θυμὸν

2354 2332 2541 2368 αυτων.

2423 2408 2549 2457 Τότε
2620 2405 2753 2478 λέγει
2806 2440 2871 2451 -
2924 2408 3326 2485 ἀποθανοῦνται,
3382 2416 3741 2490 Ἐπιτιμήσας
3797 2420 3941 2491 αύτῷ,

2352 2489 2568 2584 ἐδίδαξε
2637 2493 2768 2568 μηδ’
2843 2499 2969 2573 ύπερ
3036 2509 3128 2554 τοῦ
3182 2509 3315 2556 Θεοῦ
3369 2489 3614 2580 χρῆσθαι
3672 2489 3937 2584 μαχαίρᾴ.

2352 2586 2446 2636 Διά
2500 2581 2558 2637 δὲ
2603 2593 2696 2647 τῆς
2750 2593 3026 2663 μαχαίρας
3076 2596 3166 2645 καὶ
3214 2603 3315 2645 παν
3370 2594 3523 2649 ὅπλον
3580 2581 3943 2655 induam-T6

2350 2668 2409 2724 δε
2476 2675 2666 2736 Πάντες
2736 2678 2786 2728 οἱ
2851 2676 3093 2743 λαϐόντες
3162 2684 3449 2757 μάγαιραν,
3502 2689 3795 2761 προφητεία
3842 2687 3943 2741 ἐστὶ

2344 2769 2439 2823 τῆς
2514 2760 2773 2841 διαφθρᾶς
2822 2776 2921 2820 τῶν
2980 2768 3289 2823 ἐπελθόντων
3360 2774 3501 2847 αύτῷ
3545 2760 3843 2833 Ἰουδαίων.
3888 2778 3941 2830 Ὀ

2344 2845 2396 2902 δ’
2446 2852 2687 2917 Ἰωάννης
2742 2855 2898 2909 εἰπεῖν
2944 2857 3099 2911 αύτόν
3152 2859 3287 2933 λέγει
3331 2868 3420 2916 καὶ
3465 2866 3545 2917 ὅτι
3575 2869 3643 2920 Τὸ
3675 2873 3936 2940 ποτήριον,

2339 2938 2366 3027 ξ
2424 2936 2623 2994 δέδωκέ
2672 2944 2783 3016 (72)
2835 2965 2925 3018 μοι
3000 2948 3025 3000 ὀ
3084 2954 3290 3023 Πατὴρ,
3344 2952 3403 3005 οὗ
3475 2959 3547 3027 μὴ
3616 2960 3723 3008 πίω
3778 2936 3935 3027 αῧτόέ

2338 3024 2639 3085 δεικνύοντα
2690 3034 2769 3086 ὃτι
2826 3034 2884 3087 ού
2952 3045 3047 3098 τῆς
3120 3037 3321 3093 ἐκείνων
3398 3039 3662 3117 δυνάμεως
3721 3045 3830 3101 ἔστι
3884 3052 3936 3100 τὸ

560 3144 668 3202 sed
691 3144 882 3201 Patris
903 3148 1316 3219 permissione,
1341 3119 1629 3225 quodque
1654 3152 1806 3209 Patri
1834 3119 1909 3210 sit
1930 3119 2219 3211 obediens

2340 3124 2615 3191 γινόμενον,
2670 3119 2796 3175 ἀλλά
2838 3133 2929 3186 τῆς
2972 3134 3064 3179 τοῦ
3103 3133 3304 3204 Πατρός
3349 3140 3805 3209 παραχωρήσεως,
3853 3142 3935 3190 καὶ

557 3249 752 3307 usque
776 3235 853 3291 ad
883 3241 1156 3293 mortem.

628 3323 794 3381 Vers.
828 3330 914 3382 53.
940 3326 1032 3382 An
1055 3333 1236 3395 putas
1262 3359 1325 3367 —
1349 3330 1702 3399 angelorum
1726 3332 1755 3388 ?
1784 3331 1963 3401 Legio
1995 3349 2217 3404 agmen

554 3418 643 3470 est
690 3413 943 3470 militare
992 3415 1242 3471 maximi
1294 3417 1551 3475 numeri.
1606 3420 1735 3475 Non
1784 3420 1931 3475 dixit
1990 3428 2213 3491 autem,

554 3502 815 3560 Possum
842 3519 945 3560 eos
975 3504 1245 3576 perdere,
1274 3521 1349 3562 ne
1384 3505 1653 3564 absurda
1704 3508 1866 3580 loqui
1915 3510 2209 3580 videatur,

552 3597 799 3665 propter
828 3598 1139 3664 susceptas
1171 3593 1532 3663 aﬂectiones,
1577 3613 1893 3654 maerorem
1921 3599 2209 3671 videlicet,

550 3695 863 3754 pavorem,
897 3681 1201 3752 agoniam,
1254 3683 1523 3752 sudores,
1552 3692 2001 3761 etquaecunque
2032 3692 2213 3763 paulo

552 3774 689 3827 ante
712 3774 1002 3843 tanquam
1027 3771 1211 3828 homo
1232 3788 1447 3845 passus
1464 3779 1555 3831 est
1593 3777 1870 3832 Nondum
1893 3780 2053 3837 enim
2076 3797 2211 3841 eam

550 3874 738 3931 quam
762 3860 1032 3926 decebat,
1089 3869 1489 3934 conceperant
1541 3864 1615 3920 de
1642 3882 1711 3921 eo
1752 3868 2121 3939 opinionem,
2154 3877 2212 3929 et

551 3948 775 4005 idcirco
824 3948 1075 4006 humilia
1123 3951 1198 4007 de
1230 3968 1291 4007 se
1333 3952 1616 4025 loquitur.
1676 3956 1743 4012 In
1796 3962 1960 4015 tanto
2006 3967 2209 4019 autem

548 4053 802 4095 numero
832 4039 1096 4112 legiones
1122 4040 1267 4097 dixit
1315 4042 1669 4112 angelorum
1704 4050 1766 4102 ut
1796 4048 2040 4105 abunde
2073 4066 2211 4106 con-

546 4127 719 4185 fortet
744 4144 867 4192 eos,
918 4130 1021 4203 qui
1073 4130 1278 4186 timore
1328 4139 1497 4188 erant
1526 4150 1679 4205 pene
1730 4138 2006 4194 emortui.
2044 4141 2208 4196 Unus

545 4218 835 4291 siquidem
860 4219 1110 4290 angelus
1134 4221 1444 4292 quondam
1466 4228 1705 4279 centum
1728 4226 2210 4300 octogintaquin-

544 4322 662 4381 que
703 4306 888 4364 millia
921 4308 1239 4365 hominum
1285 4309 1451 4366 brevi
1494 4316 1763 4385 tempore
1794 4313 2087 4374 interfecit
2132 4319 2205 4374 ⁷⁵.

616 4398 777 4453 Vers.
803 4398 894 4452 5t.
924 4398 1294 4466 Quomodo—
1315 4400 1463 4469 fieri
1496 4404 1524 4456 ?
1546 4401 1667 4458 Nisi
1707 4402 1791 4459 ita
1815 4403 2207 4478 interemptus

2332 3209 2412 3259 ὅτι
2444 3209 2670 3272 ὑπήκοός
2700 3210 2814 3265 ἐστι
2846 3223 2916 3286 τῷ
2950 3221 3118 3291 Πατρὶ
3149 3224 3313 3291 μέχρι
3342 3222 3588 3281 θανάτου.

2401 3296 2467 3350 Ἦ
2553 3296 2728 3363 δοκεῖς
2801 3334 2869 3343 -
2945 3304 3231 3377 ἀγγέλωνς
3286 3316 3489 3382 Λεγεὼν
3574 3312 3686 3366 έστι
3765 3318 3935 3389 τάγμα

2330 3394 2713 3462 στρατιωτνκόν
2762 3392 3138 3469 πολυάριθμόν.
3198 3398 3309 3450 Ούκ
3359 3398 3466 3453 εἷπε
3523 3398 3602 3469 δε,
3644 3406 3729 3458 ὃτι
3783 3409 3930 3459 Δύνα·

2326 3497 2421 3548 μαι
2465 3477 2650 3541 αύτούς
2703 3481 2974 3548 άπολέσαι,
3024 3487 3108 3538 ἵνα
3153 3490 3225 3558 μή
3286 3484 3414 3562 δόξῃ
3461 3488 3624 3562 λέγειν
3685 3493 3924 3563 ἀπίθανα,

2328 3563 2421 3619 διὰ
2459 3570 2525 3619 τά
2576 3568 2901 3640 προλαϐόντα
2946 3575 3111 3641 πάθη,
3167 3580 3260 3635 τὴν
3312 3576 3502 3646 λύπην,
3561 3585 3657 3641 τὴν
3716 3581 3923 3651 δειλίαν,

2324 3660 2418 3714 τὴν
2472 3657 2720 3727 ἀγωνίαν,
2772 3664 2894 3722 τούς
2964 3658 3211 3737 ἱδρῶτας,
3282 3672 3372 3720 καὶ
3440 3670 3540 3722 ὅσα
3587 3674 3689 3744 πρὸ
3744 3681 3926 3751 μικροῦ

2327 3747 2571 3799 πέπονθεν
2626 3750 2695 3809 ὡς
2750 3750 3039 3825 ἄνθρωπος.
3108 3758 3269 3807 Οὔπω
3324 3759 3426 3830 γὰρ
3484 3763 3579 3818 τὴν
3636 3747 3929 3834 προσήκου-

2325 3852 2420 3886 σαν
2460 3840 2575 3907 περὶ
2628 3837 2787 3890 αὐτοῦ
2840 3839 3100 3913 ὑπόληψιν
3155 3845 3322 3916 εἶχον.
3385 3849 3480 3899 Διὰ
3523 3856 3674 3903 τοῦτο
3724 3851 3809 3905 οὖν
3846 3873 3928 3905 τα-

2322 3926 2471 3976 πεινά
2518 3926 2812 3999 φθέγγεται.
2863 3934 3132 3993 Τοσαύτας
3182 3930 3240 3987 δὲ
3288 3934 3537 4007 λεγεῶνας
3586 3936 3727 3993 εἶπεν
3787 3942 3926 4015 ἀγγέ-

2321 4010 2441 4079 λων,
2518 4015 2599 4067 ἵνα
2702 4014 2757 4068 ἐκ
2832 4025 3138 4092 περιουσίας
3236 4025 3611 4101 παραθαῤῥύνῃ
3696 4034 3926 4096 τούτους,

2322 4099 2733 4168 ἀποτεθνηκότας
2791 4114 2863 4176 τῷ
2921 4104 3046 4165 δέει.
3104 4116 3203 4163 Καὶ
3263 4115 3365 4188 γὰρ
3546 4099 3766 4189 ἅγγελος
3823 4121 3929 4174 έκα-

2320 4195 2406 4243 τόν
2485 4190 2956 4265 ὀγδοηκονταπέντε
3027 4198 3282 4272 χιλιάδας
3363 4202 3552 4259 ἀνεῖλεν
3623 4206 3669 4260 έν
3736 4209 3930 4285 βραχεῖ

2320 4281 2507 4335 πάλαι.

2392 4378 2509 4433 Πῶς
2586 4403 2655 4414 -
2731 4378 3037 4447 γενέσθαις
3116 4379 3177 4432 Εἰ
3256 4384 3328 4453 μή
3418 4383 3583 4448 οὕτως
3653 4384 3921 4464 ἀναιρεθῶ,

544 4481 733 4548 fuero,
775 4462 983 4556 inquit,
1020 4462 1333 4558 quomodo
1377 4488 1840 4560 complebuntur
1885 4462 2204 4566 Scriptluree

2340 4466 2470 4531 mai,
2524 4470 2629 4523 πῶς
2678 4462 3024 4537 πληρωθῶσιν
3085 4470 3139 4520 αἱ
3210 4475 3412 4544 Γραφαὶ
3481 4474 3537 4526 αἱ
3588 4462 3918 4552 προφητικαὶ,

544 4572 920 4645 propheticis,
964 4580 1262 4648 quotquot
1313 4576 1388 4633 de
1438 4584 1628 4636 morte
1670 4598 1808 4639 mea
1854 4581 2201 4656 loquuntur,

543 4677 681 4734 qua:
704 4663 968 4718 scribunt
986 4664 1153 4736 quod
1174 4665 1255 4723 ita
1276 4673 1541 4738 oporteat
1565 4668 1715 4738 ﬁeri,
1738 4672 1905 4743 quod
1928 4674 2008 4730 ita
2027 4691 2205 4748 opor-

545 4754 665 4807 teat
695 4767 790 4808 me
818 4753 969 4808 mori
1014 4753 1043 4808 ?
1519 4766 1522 4769 '

615 4840 779 4897 Vers.
816 4846 901 4898 55.
937 4842 1010 4899 In
1038 4843 1150 4902 illa
1178 4875 1247 4886 —
1275 4847 1755 4917 apprehendislis
1781 4865 1889 4907 me.
1935 4852 2203 4909 Ostendit

539 4928 631 4985 his
659 4945 919 5004 quoque,
954 4933 1119 5005 quod
1146 4950 1269 4991 non
1299 4952 1409 4992 sua
1449 4936 1665 5003 virtute
1695 4939 2202 5010 apprehenderint

539 5034 699 5075 eum.
735 5021 895 5077 Sicut
919 5021 1079 5078 enim
1119 5027 1258 5079 tunc
1288 5039 1410 5081 non
1456 5029 1777 5097 potuerunt
1822 5044 1953 5084 eum
1997 5046 2199 5102 appre-

535 5107 818 5175 hendere,
867 5110 948 5166 ita
992 5127 1189 5183 neque
1236 5128 1414 5179 nunc,
1447 5114 1557 5170 nisi
1589 5116 1840 5173 omnino
1886 5118 2191 5176 voluisset.

535 5197 723 5255 Lucas
751 5213 894 5255 vero
924 5198 1009 5255 ait
1045 5199 1176 5258 hinc
1210 5216 1350 5259 eum
1388 5201 1605 5261 dixisse
1629 5204 1742 5274 his,
1771 5206 1875 5279 qui
1907 5215 2193 5268 venerant

603 5403 653 5438 ⁷⁸
684 5404 820 5461 Luc.
851 5419 992 5469 xxii,
1023 5405 1114 5462 51.
1191 5406 1240 5442 ⁷⁸
1269 5407 1440 5465 Joan.
1470 5424 1622 5477 xvxn,
1658 5411 1742 5467 11.

2317 4555 2439 4602 ὅσαι
2486 4557 2602 4625 περὶ
2657 4561 2746 4605 τοῦ
2804 4556 3026 4608 θανάτου
3077 4577 3179 4630 μου
3221 4555 3511 4631 διεξίασιν;
3543 4566 3598 4617 αἱ
3627 4571 3921 4642 γράφουσαι

2316 4641 2397 4692 ὅτι
2427 4638 2561 4693 οὕτω
2588 4637 2669 4694 δεῖ
2698 4645 2958 4715 γενέσθαι,
2990 4646 3069 4698 ὃτι
3100 4647 3234 4700 ούτω
3263 4654 3376 4723 χρὴ
3409 4650 3683 4709 ἀποθανεῖν
3713 4676 3794 4729 με.

2387 4854 2468 4908 Ἐν
2544 4856 2708 4930 ἐκείνῃ
2790 4887 2860 4899 —
2938 4857 3266 4932 έκρατησατέ
3346 4885 3435 4937 με.
3531 4874 3770 4924 Δείκνυσι
3832 4875 3917 4923 καὶ

2312 4947 2515 5007 τούτοις
2571 4947 2651 4998 ὃτι
2703 4945 2806 5018 οὐχ
2868 4948 2968 5001 ὑπὸ
3026 4957 3117 5011 τῆς
3171 4951 3339 5005 αὐτῶν
3403 4961 3703 5030 κατεσχέθη
3764 4957 3915 5013 δυνά-

2308 5053 2462 5106 μεως.
2513 5033 2713 5109 Ὥσπερ
2768 5038 2868 5109 γὰρ
2922 5041 3037 5091 τότε
3077 5050 3370 5113 κατασχεῖν
3422 5044 3578 5099 αὐτόν
3635 5048 3729 5101 οὐκ
3786 5046 3913 5110 ἠδυ-

2310 5126 2565 5191 νήθησαν,
2621 5126 2781 5188 ούτως
2830 5123 2953 5180 οὐδὲ
3002 5135 3109 5194 νῦν,
3162 5130 3204 5183 εὶ
3260 5136 3332 5204 μὴ
3382 5136 3589 5201 πάντως
3642 5138 3910 5197 ἠθέλησεν.

2303 5217 2510 5276 Λουκᾶς
2559 5210 2619 5268 δέ
2667 5234 2827 5288 φησιν
2864 5216 3021 5270 εἰπεῖν
3064 5226 3235 5273 ταῦτα
3282 5224 3406 5298 πρὸς
3444 5228 3566 5288 τοὺς
3598 5227 3710 5301 (73)
3736 5247 3906 5302 παραε-

1820 5411 1869 5448 ⁷¹
1896 5412 1973 5468 IV
2002 5415 2141 5487 Reg.
2168 5432 2291 5487 xix,
2325 5422 2416 5475 35.

1875 5564 2095 5635 Variae
2134 5566 2487 5639 lectiones.

602 5696 715 5771 (72)
744 5696 809 5753 Ὀ
850 5694 1029 5768 ἔδωκε,
1077 5700 1220 5760 Cod.
1253 5703 1324 5761 A.

2369 5714 2487 5789 (73)
2525 5720 2851 5790 Γενομένονς,
2881 5715 3031 5776 Cod.
3068 5719 3126 5775 Β.
3161 5720 3294 5784 Mox
3324 5728 3451 5800 πρὸς
3481 5729 3656 5799 αὐτόν,
3682 5731 3751 5785 Δ.
