4096 6384
178 344 291 405 603

1148 346 1514 407 COMMENT.
1558 350 1629 406 IN
1670 348 2101 407 MA'l‘l'l-IEUM.
2139 381 2209 391 —
2239 347 2394 407 CAP.
2438 347 2642 406 XXVI.

3459 348 3567 409 694

183 474 488 546 γενομένους
535 470 616 527 ἐπ’
672 471 828 526 αὑτὸν
882 472 1144 549 ἀρχιερεῖς
1195 480 1285 528 καὶ
1330 479 1660 551 στρατηγοὺς
1696 483 1781 530 τοῦ

1903 475 1977 533 ad
1991 476 2214 550 ipsum,
2231 475 2599 549 principibus
2610 474 2998 533 sacerdotum
3017 490 3089 533 ac
3110 474 3569 547 magistratibus

188 565 323 637 ἱερσῦ
371 566 462 615 καὶ
504 560 910 637 πρεσϐυτέρους.
954 563 1107 625 Εἰκὸς
1155 560 1215 617 δε
1258 569 1347 618 καὶ
1392 569 1522 639 πρὸς
1574 569 1789 628 τούτους

184 654 469 713 κάκείνους.
511 656 754 706 Φαίνεται
807 650 884 725 δε,
940 654 1019 706 ὅτι
1074 656 1099 706 0
1174 657 1263 727 μὲν
1325 651 1554 726 Ἰούδας,
1619 655 1789 708 λαϐὼν

187 747 278 799 τὴν
323 748 564 818 σπεῖραν,
617 748 709 796 καὶ
753 742 810 796 έκ
865 752 965 795 τῶν
1017 742 1303 818 ἀρχιερέων
1351 750 1442 797 καὶ
1490 749 1787 820 Φαρισαίων

187 832 464 905 ὑπηρέτας,
506 840 753 907 προῆγεν·
796 834 998 885 εἵποντο
1048 830 1107 886 δε
1158 838 1249 886 καί
1295 853 1423 897 τινες
1464 844 1563 889 τῶν
1593 834 1787 909 ἀρχιε-

186 928 309 994 ρέων
360 927 453 974 καὶ
513 930 822 998 στρατηγῶν
885 929 976 976 τοῦ
1031 924 1168 996 ἱεροῦ
1237 928 1328 978 καὶ
1399 924 1785 1000 πρεσϐυτέρων,

189 1011 274 1073 ούς
314 1018 403 1063 νῦν
457 1012 483 1064 0
529 1011 649 1084 (74)
707 1018 914 1075 Λουκᾶς
973 1008 1255 1071 ἐδήλωσεν
1303 1012 1414 1087 ἃμα
1476 1018 1567 1088 μὲν
1620 1033 1789 1089 παρα-

191 1102 427 1171 θήγοντες
476 1105 597 1163 τοὺς
651 1100 1088 1175 ἀπεσταλμένους,
1141 1102 1253 1175 οἶμα
1301 1100 1360 1157 δε
1399 1107 1488 1157 καὶ
1544 1106 1787 1179 θεωροῦν-

187 1210 284 1256 τες,
360 1191 445 1243 ἵνα
532 1196 604 1264 μὴ
679 1187 1116 1265 δωροδοκηθῶσι.
1177 1197 1507 1269 Στρατηγούς
1566 1191 1625 1248 δε
1695 1202 1786 1247 τοῦ

190 1282 322 1353 ἱεροῦ
401 1280 539 1352 λέγει
627 1280 750 1343 τούς
812 1281 1175 1354 φυλάσσοντας
1256 1283 1383 1337 αύτὸ
1458 1286 1589 1357 μετὰ
1670 1284 1783 1356 (75)

185 1378 282 1422 τῶν
334 1379 688 1443 στρατιωτῶν,
748 1370 822 1433 οἶς
876 1376 967 1425 καὶ
1026 1371 1263 1448 ἀνωτέρω
1350 1372 1693 1432 συνελάλησεν
1758 1374 1784 1426 ὁ

181 1454 384 1520 Ἰούδας
395 1504 409 1516 .

248 1556 417 1603 Τοῦτο
466 1545 527 1603 δε
574 1579 642 1590 -
696 1559 996 1625 προφητῶν.
1050 1553 1215 1607 Τοῦτο
1262 1547 1323 1606 δε
1368 1551 1503 1619 ὅλον,
1547 1549 1780 1624 δηλαδὴ,

185 1641 237 1690 τὸ
292 1638 514 1698 θελῆσαι
583 1642 984 1713 κατασχεθῆναί
1056 1660 1139 1714 με,
1206 1644 1435 1715 γέγονεν,
1503 1643 1586 1695 ἱνα
1648 1642 1785 1704 τέλος

181 1727 409 1781 λάϐωσιν
459 1731 516 1781 αἱ.
572 1734 777 1803 Γραφαὶ
839 1738 938 1782 τῶν
1002 1739 1302 1806 προφητῶν,
1353 1733 1477 1785 ὅσαι
1527 1736 1646 1806 περὶ
1693 1741 1785 1785 τοῦ

184 1820 405 1872 θανάτου
434 1838 538 1891 μου
570 1815 605 1872 δ
610 1818 1012 1893 ιαλαμϐάνουσι.

246 1914 377 1961 Τότε
441 1939 515 1949 —
569 1911 782 1982 ἔφυγον.
847 1908 1208 1975 Ἀκούσαντες,
1269 1912 1350 1963 ὅτι
1421 1910 1544 1964 έκὼν
1602 1909 1783 1964 ἑαυτὸν

180 1995 453 2071 παρέδωκε
482 2000 621 2052 κατὰ
647 2000 743 2061 τὰς
790 2002 1017 2073 Γραφὰς,
1057 2004 1148 2052 καὶ
1195 1996 1413 2066 ἰδόντες,
1462 2002 1543 2054 ὅτι
1572 2001 1665 2053 οὐκ
1707 2002 1783 2054 ἔτι

181 2083 538 2161 διαφεύξεται,
585 2087 763 2141 λοιπὸν
803 2091 1010 2161 ἔφυγον,
1059 2092 1194 2142 κατὰ
1237 2094 1330 2150 τὴν
1380 2087 1586 2161 ἀψευδῆ
1619 2090 1781 2166 πρόρ-

177 2178 331 2252 ρησιν
380 2177 567 2246 αὐτοῦ,
610 2179 822 2252 Μάρκος
866 2174 926 2232 δε
963 2180 1281 2251 προσέθηκεν
1329 2180 1411 2233 ὅτι
1448 2184 1538 2233 καὶ
1586 2176 1656 2243 εἷς
1703 2200 1784 2243 τις

178 2272 440 2328 νεανίσκος
515 2265 868 2326 ἠκολούθησεν
938 2267 1101 2339 αύτῷ,
1184 2268 1611 2342 περιϐεϐλημένος
1670 2289 1783 2322 σιν-

180 2353 305 2409 δόνα
341 2355 430 2409 ἐπὶ
476 2363 699 2429 γυμνοῦ.
753 2362 854 2411 Καὶ
900 2366 1184 2431 κρατοῦσιν
1219 2358 1373 2411 αῦτόν
1403 2360 1453 2412 οἱ
1488 2364 1773 2412 νεανίσκοι’

184 2448 207 2497 0
262 2444 319 2499 δε
378 2446 678 2500 καταλιπὼν
743 2451 837 2506 τὴν
897 2443 1132 2518 σινδόνα,
1199 2451 1398 2520 γυμνὸς
1453 2451 1634 2522 ἔφυγεν
1692 2448 1781 2502 ἀπ’

181 2536 365 2588 αὐτῶν.
418 2539 565 2597 Τινες
611 2538 701 2607 μεν
755 2543 842 2589 οῦν
892 2556 1049 2610 φασιν
1097 2536 1198 2591 ἀπὸ
1248 2545 1340 2600 τῆς
1386 2539 1556 2600 οἰκίας
1585 2537 1781 2601 ἐκείνης

180 2622 302 2678 εἶναι
351 2630 441 2679 τὸν
490 2630 777 2691 νεανίσκον,
827 2624 875 2678 έν
1009 2629 1066 2679 τὸ
1114 2628 1309 2699 πάσχα
1354 2630 1538 2701 ἔφαγεν
1586 2629 1611 2680 0
1650 2636 1781 2702 Χρι-

182 2720 313 2776 στός
403 2716 567 2789 ἕτεροι
640 2711 701 2768 δε
780 2714 1022 2787 λέγουσιν
1087 2717 1217 2769 εἶναι
1290 2725 1470 2770 τοῦτον
1539 2716 1781 2771 Ἰάκωϐον

180 2809 259 2858 τόν
308 2802 533 2877 ἀδελφόν
596 2812 690 2858 τοῦ
765 2810 983 2880 Κυρίου,
1044 2807 1100 2868 ὃς
1159 2811 1248 2860 καὶ
1304 2807 1425 2881 παρ’
1490 2809 1612 2866 ὃλην
1686 2812 1780 2866 τὴν

182 2894 363 2947 ἑαυτοῦ
456 2895 597 2956 ζωὴν
678 2894 752 2947 ἑνὶ
826 2893 1139 2970 περιϐολαίῳ
1236 2894 1512 2969 ἐκέχρητο.
1608 2903 1783 2969 Περιε-

183 2981 394 3042 ϐίϐλητο
440 2981 503 3037 δε
554 2987 649 3043 τὴν
709 2980 928 3037 σινδόνα
982 2983 1066 3038 ἰπὶ
1116 2994 1339 3059 γυμνοῦ,
1389 2993 1482 3039 τοῦ
1540 2992 1783 3060 σώματος

183 3067 419 3130 δηλονότι

1900 565 2105 638 templi
2130 570 2185 623 et
2213 565 2545 622 senioribus
2570 566 2643 623 ⁷⁸.
2672 564 2994 622 Verisimile
3025 568 3113 622 est
3137 571 3364 633 autem,
3393 570 3452 622 et
3470 564 3567 621 his

1897 659 1954 712 et
1977 655 2093 713 illis
2124 671 2254 712 eum
2280 655 2519 712 dixisse.
2551 657 2818 729 Apparet
2853 670 2997 728 ergo
3026 654 3189 728 quod
3219 654 3406 712 Judas
3434 653 3567 727 qui-

1897 746 2037 801 dem
2064 750 2300 817 sumpta
2322 745 2584 810 cohorte,
2608 750 2666 801 et
2689 761 2725 801 a
2744 745 3131 818 pontiﬁcibus
3163 751 3222 801 et
3246 744 3563 801 Pharisais

1899 834 2207 903 ministris,
2233 836 2600 907 pracesserit
2629 851 2643 902 ;
2670 836 2855 891 secuti
2881 842 3019 891 sunt
3043 840 3239 892 autem
3262 850 3403 891 eum
3425 834 3558 908 qui-

1896 924 2042 982 dam
2057 924 2236 981 etiam
2252 923 2477 981 summi
2491 924 2831 981 sacerdotes
2851 939 2921 980 ac
2944 924 3326 995 magistratus
3348 923 3557 997 templi

1896 1020 1954 1070 et
1999 1014 2285 1079 seniores,
2330 1029 2485 1087 quos
2525 1030 2683 1070 nunc
2712 1016 2899 1070 Lucas
2939 1012 3337 1085 signiﬁcavit;
3372 1011 3557 1069 simul

1895 1104 2137 1177 quidem
2168 1108 2232 1160 ut
2274 1119 2377 1160 eos
2419 1103 2523 1176 qui
2567 1102 2739 1159 missi
2785 1107 2953 1160 erant
2996 1103 3328 1169 incitarent,
3373 1101 3556 1160 simul

1896 1195 2079 1250 etiam
2102 1208 2178 1249 ne
2206 1193 2558 1249 muneribus
2578 1191 2968 1249 allicerentur.
3000 1192 3376 1265 Magistratus
3410 1207 3555 1251 vero

1895 1282 2099 1356 templi
2127 1282 2267 1339 dicit
2286 1298 2409 1348 eos,
2438 1282 2543 1355 qui
2567 1282 2715 1338 illud
2736 1298 2871 1338 cum
2906 1281 3187 1339 militibus
3210 1282 3555 1349 servabant,

1894 1390 2034 1431 cum
2072 1372 2293 1447 quibus
2322 1372 2503 1430 etiam
2552 1372 2827 1445 superius
2890 1372 3120 1430 locutus
3159 1388 3296 1429 esse
3339 1372 3560 1431 dicitur

1892 1465 1918 1520 J
1925 1464 2095 1520 udas.

1965 1554 2126 1609 Vers.
2160 1552 2249 1608 56.
2272 1552 2610 1609 Hocautem
2640 1551 3171 1623 —prophetarum.
3204 1551 3327 1608 Hoc
3342 1554 3561 1622 totum,

1892 1650 2040 1713 puta
2066 1642 2231 1715 quod
2278 1658 2375 1698 me
2418 1640 2708 1697 voluerim
2758 1641 3148 1714 apprehendi,
3198 1642 3421 1699 factum
3472 1644 3563 1697 est

1895 1737 1959 1787 ut
1978 1731 2411 1805 complerentur
2431 1746 2502 1787 ac
2525 1732 2945 1803 perﬁcerentur
2973 1731 3287 1803 Scriptura
3309 1730 3563 1804 prophe-

1806 1802 1863 1893 ,Β
1896 1802 2129 1887 tarum,
2152 1825 2449 1893 quotquot
2494 1802 2737 1877 narrant
2773 1819 2848 1876 de
2880 1826 3070 1876 morte
3100 1802 3245 1875 mea.

1966 1913 2125 1966 Vers.
2153 1912 2239 1966 56.
2276 1911 2439 1966 Tunc
2469 1942 2535 1951 —
2557 1911 2872 1981 fugerunt.
2914 1909 3135 1966 Audito
3164 1908 3329 1981 quod
3357 1908 3559 1965 volun-

1892 1999 2038 2056 tarie
2088 2000 2354 2072 seipsum
2398 1999 2654 2055 traderet
2698 1998 3036 2055 secundum
3082 2000 3438 2071 Scripturas,
3496 2002 3555 2055 et

1895 2090 2021 2146 viso
2047 2088 2214 2162 quod
2243 2089 2525 2161 deinceps
2551 2088 2815 2144 futurum
2846 2102 2967 2143 non
2993 2094 3124 2145 erat
3155 2091 3216 2144 ut
3245 2087 3548 2158 effugeret,

1892 2183 2034 2236 tunc
2065 2178 2344 2250 fugerunt
2366 2179 2540 2251 juxta
2580 2176 2893 2234 infallibile
2946 2176 3140 2249 ipsius
3180 2176 3547 2233 vaticinium.

1892 2271 2114 2325 Marcus
2144 2284 2286 2323 vero
2315 2266 2562 2337 addidit,
2602 2266 2769 2339 quod
2798 2281 2955 2349 unus
2984 2265 3291 2339 quispiam
3323 2265 3550 2322 adoles-

1891 2358 2168 2416 centulus
2189 2358 2552 2431 sequebatur
2575 2356 2744 2413 illum
2778 2357 3264 2413 circumamictus
3297 2355 3553 2412 sindone

1891 2464 2070 2522 super
2094 2447 2349 2513 nudum,
2382 2451 2439 2502 et
2463 2446 2920 2519 apprehendunt
2940 2461 3079 2500 eum
3099 2444 3551 2502 adolescentuli.

1893 2542 1965 2595 At
1993 2537 2089 2594 ille
2105 2537 2305 2593 relicta
2332 2536 2581 2591 sindone
2606 2535 2807 2591 nudus
2826 2534 3068 2605 fugitah
3091 2535 3175 2590 eis
3197 2536 3266 2589 ⁷⁷.
3294 2534 3553 2601 Quidam

1890 2627 2092 2700 itaque
2117 2627 2285 2683 aiunt
2313 2642 2351 2683 a
2375 2624 2559 2683 domo
2580 2624 2683 2680 illa
2708 2624 2889 2680 fuisse
2914 2622 3451 2692 adolescentulum,
3490 2623 3554 2680 in

1890 2732 2013 2786 qua
2058 2717 2325 2773 Christus
2382 2714 2609 2788 pascha
2657 2712 3143 2770 manducaverat.
3196 2711 3303 2769 Alii
3351 2716 3554 2770 autem

1888 2806 2051 2863 hunc
2092 2805 2281 2861 fuisse
2309 2803 2519 2861 dicunt
2547 2802 2845 2860 Jacobum
2884 2802 3126 2860 fratrem
3156 2801 3415 2868 Domini,
3448 2801 3555 2875 qui

1889 2896 2067 2951 etiam
2099 2898 2223 2950 tota
2252 2893 2371 2950 vita
2399 2909 2506 2949 sua
2535 2894 2709 2948 unica
2737 2896 2902 2948 veste
2930 2892 3223 2948 utebatur.
3260 2891 3554 2947 Circume-

1892 2984 2105 3041 mictus
2131 2987 2327 3040 autem
2356 2985 2482 3039 erat
2501 2981 2756 3037 sindone
2786 2996 2969 3053 super
2994 2980 3253 3049 nudum,
3280 2980 3553 3038 videlicet

1891 3088 2134 3140 corpus.

246 3165 311 3215 Οἱ
354 3160 417 3215 δε
439 3194 510 3204 -
537 3164 906 3236 συνήχθησαν.
939 3165 1018 3217 Τὰ
1045 3164 1201 3236 ὅμοια
1229 3167 1318 3217 καὶ
1346 3166 1561 3241 Μάρκος
1588 3165 1781 3241 ἔγραψε

1962 3165 2123 3219 Vers.
2146 3162 2232 3218 57.
2256 3162 2333 3217 At
2358 3160 2455 3217 illi
2470 3190 2541 3201 —
2569 3157 2915 3230 congregati
2940 3163 3135 3215 erant.
3159 3156 3387 3215 Similia
3400 3173 3550 3231 quo-

180 3257 263 3305 καὶ
329 3258 560 3315 Λουκᾶς·
618 3254 643 3305 0
690 3250 738 3306 δ’
774 3251 1013 3315 Ἰωάννης
1053 3252 1371 3328 πλατύτερον
1422 3260 1512 3308 καὶ
1576 3255 1779 3330 ἀκριϐέ-

182 3360 353 3409 στερον
408 3344 475 3394 τὰ
522 3341 750 3395 ἑντεῖθεν
791 3343 1025 3414 γράφων,
1069 3343 1155 3396 οἶα
1198 3347 1376 3415 παρὼν
1414 3344 1613 3410 αὐτοῖς,
1646 3346 1780 3398 οὕτω

179 3437 349 3501 φησίν·
405 3430 464 3484 ’Β
507 3427 595 3483 οὖν
634 3438 823 3507 σπεῖρα
851 3436 940 3483 καὶ
978 3432 1004 3483 0
1041 3431 1333 3505 χιλίαρχος
1374 3438 1464 3487 καὶ
1504 3435 1553 3487 οἱ
1591 3434 1780 3506 ὑπηρέ-

176 3530 361 3573 ταιτῶν
417 3517 693 3575 Ἰουδαίων
754 3519 1028 3574 συνελαϐον
1074 3526 1161 3574 τὸν
1228 3521 1452 3590 Ἰησοῦν,
1506 3528 1595 3576 καὶ
1658 3520 1780 3581 ἕδη-

178 3629 267 3662 σαν
322 3610 505 3677 αὐτὸν,
550 3614 641 3662 καὶ
697 3608 971 3683 ἀπήγαγον
1019 3609 1175 3664 αὐτὸν
1223 3615 1351 3685 πρὸς
1407 3610 1595 3664 Ἀνναν
1642 3621 1780 3686 πρῶ-

175 3717 277 3751 τον·
360 3707 426 3771 ῇν
495 3703 596 3772 γὰρ
666 3700 908 3774 πενθερός
975 3708 1069 3753 τοῦ
1143 3702 1368 3773 Καϊάφα,
1448 3703 1499 3763 ὃς
1555 3702 1616 3776 ᾖν
1692 3700 1779 3777 ἁρ-

174 3794 383 3862 χιερεύς
456 3795 551 3841 τοῦ
629 3786 867 3841 ένιαυτοῦ
943 3787 1164 3845 ἐκείνου.
1251 3787 1380 3843 Εἶτα
1434 3794 1566 3843 κατά
1624 3795 1779 3867 μέρος

175 3874 498 3949 ἀπαγγείλας
584 3880 651 3930 τὰ
704 3876 753 3930 έν
808 3884 881 3949 τῷ
948 3877 1073 3949 οἴκῳ
1130 3885 1223 3931 τοῦ
1295 3878 1453 3934 Ἀννα
1509 3884 1774 3953 γενόμενα,

173 3967 292 4040 άπερ
352 3969 404 4020 οἱ
458 3966 575 4039 (76)
614 3966 761 4019 ἄλλοι
808 3963 1146 4042 παρέδραμον
1198 3966 1583 4042 εύαγγελισταὶ,
1638 3969 1779 4032 τέλος

170 4056 318 4128 λέγει·
381 4055 707 4110 Ἀπέστειλεν
761 4055 915 4108 αὐτὸν
974 4058 1000 4109 ὁ
1061 4054 1247 4119 Ἀννας
1309 4054 1585 4131 δεδεμένον
1649 4062 1777 4133 πρὸς

175 4149 410 4219 Καῑάφαν
430 4148 521 4198 τόν
552 4143 824 4220 ἀρχιερέα.

236 4234 295 4289 Ὀ
346 4231 408 4288 δε
459 4239 651 4309 Πέτρος
703 4265 773 4277 -
812 4232 1118 4311 ἀρχιερέως.
1163 4234 1607 4309 ’Υποστρέψαντες
1662 4237 1774 4311 (77)

172 4325 321 4389 εύθύς
383 4324 538 4386 αὐτὸς
591 4330 682 4377 καὶ
728 4325 754 4377 0
816 4325 1052 4386 Ἰωάννης
1107 4326 1554 4400 παρηκολούθουν.
1603 4327 1661 4379 '0
1730 4324 1777 4379 δ²

169 4413 409 4477 Ἰωάννης
474 4422 825 4488 συνεχωρεῖτο
877 4419 967 4467 καὶ
1030 4415 1361 4485 πλησιάζειν,
1409 4411 1494 4469 οἷα
1549 4421 1775 4488 γνωστὸς

1889 3269 2007 3326 que
2035 3252 2396 3324 scripserunt
2426 3253 2651 3308 Marcus
2682 3250 2727 3283 ἰτ
2763 3254 2820 3304 et
2850 3250 3036 3304 Lucas
3060 3249 3110 3284 ⁷⁸
3145 3264 3159 3303 :
3194 3251 3255 3304 at
3290 3250 3550 3304 Joannes

1888 3343 2063 3399 latius
2100 3358 2171 3398 ac
2200 3340 2541 3411 diligentius
2582 3338 2843 3395 scribens
2875 3354 2947 3395 ea
2985 3353 3123 3410 qua
3163 3336 3242 3393 ab
3272 3336 3388 3393 hoc
3416 3336 3550 3394 loco

1891 3437 2246 3504 sequuntur,
2302 3434 2508 3501 utpote
2550 3428 2653 3501 qui
2710 3427 2891 3483 rebus
2931 3426 3045 3483 illis
3093 3425 3305 3490 adfuit,
3358 3425 3546 3483 dicit:

1890 3522 2111 3578 Cohors
2125 3522 2315 3591 igitur
2327 3525 2380 3576 et
2396 3518 2667 3574 tribunus
2682 3532 2753 3573 ac
2774 3516 3034 3573 ministri
3044 3515 3390 3572 Judaorum
3403 3531 3552 3572 com-

1885 3610 2322 3680 prehenderunt
2339 3608 2559 3672 Jesum,
2574 3613 2627 3663 et
2643 3607 2973 3677 ligaverunt
2985 3620 3139 3671 eum,
3162 3620 3229 3663 ac
3247 3605 3552 3662 duxerunt

1887 3715 2019 3759 eum
2047 3700 2130 3755 ad
2158 3698 2389 3754 Annam
2416 3697 2680 3767 primum
2710 3714 2723 3752 :
2753 3701 2882 3753 erat
2910 3696 3061 3752 enim
3090 3710 3253 3751 socer
3286 3693 3546 3764 Caipha,

1887 3792 1994 3864 qui
2009 3792 2140 3847 erat
2158 3788 2430 3860 pontifex
2454 3786 2598 3843 anni
2616 3786 2787 3842 illius
2813 3786 2882 3839 7°.
2910 3784 3134 3840 Deinde
3161 3782 3261 3840 ubi
3291 3783 3551 3856 particu-

1886 3879 2087 3937 lariter
2102 3876 2363 3934 recitavit
2382 3892 2519 3949 qua
2542 3875 2601 3931 in
2622 3875 2808 3930 domo
2830 3874 3018 3930 Anna
3045 3873 3205 3930 facta
3226 3877 3385 3940 sunt,
3413 3889 3549 3946 qua

1888 3968 1984 4025 alii
2024 3965 2532 4041 pratermiserunt
2578 3962 2977 4032 evangelista,
3036 3961 3282 4018 tandem
3339 3962 3482 4019 dicit
3530 3981 3544 4023 :

1885 4060 1964 4115 Et
2001 4057 2155 4112 misit
2187 4071 2316 4112 eum
2367 4054 2576 4110 Anna:
2608 4051 2852 4123 ligatum
2900 4052 2984 4107 ad
3031 4051 3322 4122 Caipham
3348 4051 3551 4123 ponti-

1913 4149 2059 4205 icem
2092 4147 2159 4200 ⁸ο.

1926 4149 1935 4160 ⁸
2092 4149 2139 4181 80

1885 4149 2123 4292 Ῐωῑῗζίιε.
2147 4187 2251 4290 .58.
2289 4233 2499 4290 Petrus
2528 4235 2726 4288 autem
2748 4261 2814 4271 —
2839 4228 3127 4300 principis
3152 4228 3544 4286 sacerdotum.

1887 4325 2123 4384 Reversi
2180 4322 2400 4389 statim,
2459 4321 2587 4393 ipse
2630 4324 2688 4376 et
2761 4321 3022 4375 Joannes
3074 4318 3480 4390 sequebantur
3528 4335 3543 4375 :

1884 4418 2143 4472 Joannes
2173 4427 2311 4467 vero
2342 4409 2671 4482 permissus
2700 4422 2945 4480 quoque
2982 4411 3070 4463 est
3101 4407 3549 4480 appropinqua-

171 4504 240 4574 τῷ
271 4503 534 4579 ἀρχιερεῖ,
584 4506 755 4565 καθὼς
778 4503 933 4567 αὐτὸς
980 4504 1195 4580 ἱστορεῖ.
1242 4503 1379 4560 Ἀλλ’
1412 4507 1461 4558 οἱ
1507 4509 1597 4573 μὲν
1644 4515 1775 4580 τρεῖς

1895 4522 1968 4570 re,
2003 4508 2203 4577 utpote
2228 4506 2409 4557 notus
2436 4497 2726 4571 pontiﬁci,
2756 4498 2911 4552 sicut
2938 4495 3070 4568 ipse
3093 4496 3291 4553 scribit
3320 4497 3389 4551 ⁸1.
3422 4496 3548 4554 Ca-

171 4592 543 4665 τύαγγελισταὶ
594 4600 687 4646 τοῦ
745 4596 940 4666 Πέτρου
994 4597 1147 4667 μόνον
1202 4597 1586 4667 μνημονεύουσι
1641 4615 1772 4669 συμ-

169 4691 347 4754 φώνως
415 4680 509 4735 διὰ
564 4686 620 4735 τὸ
674 4680 976 4754 ἀναγκαῖον,
1022 4685 1106 4736 ἶνα
1165 4702 1219 4736 τε
1267 4679 1482 4747 δείξωσι
1524 4690 1616 4744 τὴν
1658 4692 1774 4760 περὶ

169 4781 261 4835 τῆς
320 4771 590 4845 ἀρνήσεως
646 4771 807 4824 αὐτοῦ
884 4771 1172 4847 πρόρῥησιν
1248 4780 1341 4825 τοῦ
1406 4780 1642 4848 Σωτῆρος
1705 4775 1777 4838 εἰς

172 4860 309 4924 τελος
372 4860 732 4929 ἐκϐεϐηκυῖαν,
776 4866 868 4913 καὶ
923 4862 1005 4913 ἵνα
1057 4858 1373 4929 διδάξωσιν,
1430 4864 1606 4916 ὁποῖόν
1664 4862 1776 4917 ἐστι

170 4956 328 5003 κακὸν
385 4955 444 5003 τό
501 4950 703 5026 θαρρεῖν
765 4948 840 5023 ἔφ’
893 4950 1059 5023 ἐαυτῷ
1111 4970 1247 5019 τινα,
1302 4957 1392 5005 καὶ
1439 4958 1510 5025 μὴ
1570 4952 1653 5006 ἐπὶ
1705 4964 1777 5026 τῷ

170 5048 311 5112 Θεῷ.
368 5039 427 5093 Ὀ
477 5036 528 5093 δ’
584 5040 826 5100 Ἰωάννης
863 5045 951 5093 καὶ
989 5039 1176 5093 ἑαυτοῦ
1225 5039 1596 5115 ἐμνημόνευσεν
1632 5041 1780 5116 ἀκρι-

240 5167 289 5202 ⁷⁸
311 5164 455 5223 Luc.
484 5180 618 5231 nu,
636 5164 727 5220 52.
808 5164 854 5199 '”
878 5167 1177 5237 Μαι-σαψ,
1205 5167 1294 5235 51,
1316 5171 1403 5223 52.
1480 5166 1529 5202 ⁷⁷
1548 5166 1695 5223 ibid.
1722 5168 1816 5225 53.

170 5255 212 5292 ³⁸
278 5253 430 5310 ibid.
494 5258 575 5310 l5.

1887 4594 1990 4652 teri
2021 4597 2223 4650 autem
2266 4595 2384 4646 tres
2414 4586 2803 4660 evangelista
2834 4585 3208 4643 concorditer
3238 4586 3395 4644 Petri
3425 4591 3549 4645 tan-

1887 4689 2009 4743 tum
2036 4680 2458 4745 meminerunt,
2492 4677 2841 4734 necessitate
2871 4676 3054 4743 ducti,
3084 4680 3145 4733 ut
3165 4677 3552 4734 ostenderent

1889 4771 2207 4832 Salvatoris
2258 4768 2603 4826 vaticinium
2647 4766 2722 4823 de
2758 4765 2911 4831 illius
2968 4766 3291 4837 negatione
3365 4766 3552 4824 fuisse

1886 4861 2249 4934 completum
2278 4877 2290 4911 :
2318 4864 2500 4931 utque
2517 4855 2900 4913 ostenderent
2920 4861 3211 4924 quantum
3234 4854 3306 4912 sit
3322 4856 3551 4914 malum

1886 4952 1947 5008 in
1965 4951 2162 5023 seipso
2174 4948 2548 5021 quempiam,
2573 4961 2693 5003 non
2714 4944 2775 5000 in
2796 4945 2916 5000 Deo
2937 4943 3258 5001 conﬁdere.
3290 4944 3553 5001 Joannes

1888 5056 2031 5098 vero
2060 5039 2153 5095 sui
2184 5038 2373 5111 ipsius
2407 5038 2583 5094 etiam
2640 5034 2775 5091 fecit
2824 5033 3191 5090 mentionem
3229 5033 3552 5105 diligentia

1898 5166 1948 5201 ⁷⁸
1972 5166 2110 5222 Luc.
2134 5178 2276 5231 χχιι,
2304 5162 2392 5220 54.
2471 5162 2705 5219 "Joan.
2733 5174 2897 5232 xvm,
2934 5157 3138 5231 12,13.
3222 5158 3555 5218 ³⁰1ὺίἀ.24.

1594 5432 1820 5502 Varia
1850 5431 2207 5501 lectiones.

265 5630 356 5701 74)
384 5628 529 5685 Cod.
563 5633 607 5685 A
637 5626 860 5701 omittit
888 5629 933 5701 ό.

268 5698 359 5770 75⁷)
380 5702 521 5775 Post
547 5703 678 5775 μετα
707 5698 928 5775 oAmittit
948 5706 1050 5753 τῶν
1079 5699 1214 5757 cod.
1244 5704 1310 5757 Α.

266 5774 359 5845 76)
392 5774 459 5825 οἱ
486 5772 707 5831 omittit
732 5772 793 5827 Β.

1979 5628 2095 5700 (77)
2159 5629 2279 5700 Hoc
2347 5625 2597 5682 refertur
2647 5623 2725 5700 ad
2780 5621 3079 5700 superius,
3152 5621 3360 5696 ἀφέντες
3405 5624 3561 5678 αὐτὸν

1891 5694 2097 5773 ἔφυγον·
2136 5698 2288 5761 αὐτός
2319 5704 2543 5763 autem,
2570 5698 2822 5754 refertur
2852 5694 2931 5751 ad
2973 5694 3226 5752 Petrum.
