4096 6422
532 384 638 445 695

1854 370 2209 435 EUTHYMII
2247 369 2561 431 ZIGABEN
2568 367 2590 427 Ι

3806 371 3922 436 696

529 524 716 569 causa
740 525 752 566 :
773 524 848 567 ne
872 511 1076 567 tamen
1097 504 1366 581 seipsum
1395 503 1647 563 laudare
1668 502 1958 573 videatur,
1985 505 2191 575 utpote

2317 496 2547 571 ξολογίας
2605 497 2769 553 ἕνεκα·
2818 495 2952 558 πλὴν
3010 496 3093 551 ἱνα
3143 501 3216 573 μή
3269 492 3396 574 δόξῃ
3450 505 3672 554 επαινεῖν
3706 500 3914 567 ἑαυτὸν,

528 600 696 673 quod
726 600 787 656 in
836 597 1188 671 hujusmodi
1240 595 1508 669 periculis
1555 599 1795 651 secutus
1836 594 1932 657 sit,
1978 605 2193 648 nomen

510 689 843 762 proprium
896 687 1176 744 conticuit
1221 691 1277 742 et
1323 684 1467 741 dixit
1505 701 1518 739 :
1575 683 1942 755 Sequebatur
1992 685 2190 737 autem

528 779 729 836 Iesum
758 777 959 835 Simon
997 778 1207 834 Petrus
1249 781 1304 832 et
1329 774 1487 832 alius
1517 774 1848 844 discipulus
1870 774 1938 827 ³³.

601 958 769 1014 Vers.
806 960 891 1013 58.
945 958 1024 1013 Ει
1075 956 1368 1027 ingressus
1424 986 1492 995 —
1519 956 1718 1023 ﬁnem.
1752 955 1890 1009 Tres
1943 952 2191 1024 quidem

530 1047 915 1118 evangelistaa
946 1052 1060 1102 tres
1088 1046 1237 1102 Petri
1272 1045 1617 1116 negationes
1647 1044 1707 1099 in
1736 1043 1975 1114 Caiphae
2006 1042 2191 1098 domo

533 1136 723 1194 factas
753 1152 884 1192 esse
914 1137 1139 1203 dicunt,
1185 1137 1439 1191 Joannes
1465 1139 1666 1190 autem
1700 1133 1761 1188 in
1792 1133 1976 1188 domo
2006 1137 2192 1188 Annae

535 1228 725 1283 soceri
755 1229 965 1299 ipsius,
995 1242 1104 1282 nec
1139 1231 1341 1283 tamen
1371 1225 1451 1281 ob
1490 1224 1605 1280 hoc
1644 1223 1796 1279 inter
1824 1239 1926 1279 eos
1956 1227 2044 1279 est
2073 1223 2194 1279 dis-

536 1319 831 1373 sonantia.
890 1316 1198 1389 Siquidem
1253 1315 1575 1371 amborum
1629 1330 1750 1370 una
1788 1314 2005 1369 domus
2046 1320 2189 1379 erat,

536 1406 818 1479 idemque
850 1406 1083 1470 atrium,
1112 1405 1340 1460 habens
1366 1404 1427 1460 in
1466 1420 1529 1460 se
1556 1404 1677 1460 duo
1705 1403 2100 1460 habitaculaa
2131 1419 2193 1459 se

534 1496 793 1553 invicem
832 1500 1122 1567 separata.

611 1586 767 1643 Scire
781 1588 979 1641 autem
994 1587 1244 1656 oportet,
1258 1584 1422 1655 quod
1438 1583 1740 1641 Matthaeus
1754 1582 1897 1639 dicit
1912 1582 2192 1638 ancillam

532 1675 797 1748 primum
817 1675 1091 1730 terruisse
1109 1675 1338 1729 Petrum
1362 1672 1607 1742 ;exinde
1625 1673 1876 1729 alteram
1899 1676 2196 1745 ;postmo-

533 1766 670 1822 dum
688 1779 827 1821 vero
846 1766 1358 1821 astantes.Marcus
1372 1779 1511 1819 vero
1525 1763 1776 1835 primum
1791 1763 2195 1830 ancillam,ex—

2303 589 2372 650 ὡς
2448 586 2495 639 ἓν
2571 590 2828 649 τοιούτοις
2908 584 3099 650 δεινοῖς
3164 588 3547 642 ἀκολουθοῦντα
3603 599 3675 662 τῷ
3753 588 3917 646 διδα-

2303 677 2501 749 σκάλῳ,
2558 684 2935 749 παρεσιώπησε
2996 682 3052 731 τὸ
3128 676 3265 732 ἴδιον
3336 683 3513 753 ὄνομα,

2302 767 2602 820 Ἠκολούθει
2671 765 2731 821 δὲ
2804 776 2877 841 τῷ

2301 856 2447 918 ἄλλος
2471 858 2735 930 μαθητής.

2373 951 2475 1000 Καὶ
2532 946 2771 999 εἰσελθὼν
2826 977 2895 987 -
2944 947 3105 1011 τέλος.
3167 950 3233 1001 Οἱ
3287 951 3375 1021 μεν
3432 955 3569 1024 τρεῖς
3632 949 3911 1022 εὐαγγελι-

2305 1041 2427 1089 σταὶ
2456 1039 2545 1097 τὰς
2570 1044 2708 1111 τρεῖς
2729 1035 2969 1111 ἀρνήσεις
3004 1044 3095 1090 τοῦ
3131 1042 3330 1113 Πέτρου
3370 1046 3432 1110 τῇ
3473 1038 3521 1089 ἐν
3559 1045 3651 1091 τοῦ
3690 1042 3914 1113 Καίαφα

2302 1125 2431 1198 αὐλῇ
2488 1128 2729 1197 γενέσθαι
2792 1125 3050 1199 λέγουσιν,
3107 1128 3132 1179 ὁ
3188 1124 3237 1179 δ’
3291 1126 3525 1189 Ἰωάννης
3591 1127 3637 1180 ἐν
3693 1136 3757 1202 τῇ
3814 1138 3912 1182 τοῦ

2300 1212 2483 1283 Ἀννα,
2548 1222 2640 1267 τοῦ
2696 1217 2942 1287 πενθεροῦ
2999 1216 3186 1273 αὐτοῦ.
3265 1220 3366 1270 Καὶ
3424 1217 3518 1269 οὐκ
3569 1220 3685 1270 ἔστι
3750 1226 3913 1273 τοῦτο

2304 1300 2581 1375 διαφωνία.
2647 1309 2747 1356 Καὶ
2805 1307 2906 1379 γάρ
2962 1306 3074 1377 (⁸78)
3132 1304 3432 1379 ἀμφοτέρων
3491 1307 3563 1368 εἷς
3620 1305 3763 1368 οἶκος
3820 1312 3915 1360 καὶ

2303 1397 2402 1464 μία
2447 1392 2601 1461 αὐλὴ,
2639 1397 2846 1466 ἔχουσα
2887 1393 2935 1446 έν
2981 1394 3137 1468 ἑαυτῇ
3182 1392 3280 1448 δύο
3321 1393 3532 1459 διαίτας
3587 1396 3700 1469 (79)
3747 1392 3917 1449 ἰδίαι-

2303 1500 2479 1542 τατας.

2377 1577 2492 1644 Χρὴ
2551 1568 2610 1625 δε
2646 1578 2921 1644 γινώσκειν
2964 1575 3045 1626 ὅτι
3077 1573 3190 1646 (80)
3221 1576 3246 1627 ὁ
3276 1577 3543 1639 Ματθαῖος
3570 1578 3662 1649 μὲν
3706 1585 3917 1651 πρῶτον

2305 1658 2599 1719 παιδίσκην
2660 1661 2796 1734 λέγει
2860 1670 3094 1722 πτοῆσαι
3148 1667 3236 1717 τὸν
3298 1669 3507 1739 Πέτρον·
3562 1663 3672 1719 εἶτα
3726 1667 3916 1724 ἄλλην·

2305 1752 2483 1803 ἔπειτα
2538 1755 2661 1815 τοὺς
2708 1752 2955 1814 ἑστῶτας·
3010 1755 3241 1828 [Μάρκος
3286 1756 3398 1827 (81)
3434 1752 3493 1808 δε
3530 1764 3736 1830 πρῶτον
3785 1777 3919 1810 παι-

3592 685 3682 733 καὶ
3748 679 3913 750 εἶπεν,

2958 769 3139 827 Ἰησοῦ
3206 774 3375 843 Σίμων
3448 773 3638 845 Πέτρος
3714 776 3808 824 καὶ
3886 773 3914 825 ὁ

532 1854 674 1911 inde
691 1869 897 1909 rursus
916 1852 1192 1909 eamdem
1212 1852 1820 1926 ipsam,postmodum
1841 1857 2104 1909 astantes
2122 1855 2190 1907 ⁸³.

2317 1837 2521 1908 δίσκην,
2578 1838 2689 1894 εἶτα
2756 1846 2851 1902 τήν
2903 1842 3065 1901 αὐτήν
3121 1844 3295 1911 πάλιν,
3351 1846 3528 1897 ἔπειτα
3580 1849 3701 1907 τοὺς
3756 1864 3918 1921 παρε-

523 1946 605 1999 -Αῑ
621 1944 806 1999 Lucas
822 1942 1086 2014 primum
1112 1941 1413 2007 ancillam,
1429 1942 1644 1997 deinde
1667 1942 1940 2008 alterum,
1957 1946 2013 1997 et
2038 1947 2195 2013 post-

535 2032 789 2088 modum
805 2031 989 2088 alium
1003 2031 1331 2104 quemdam
1346 2032 1392 2066 ⁸⁸
1407 2076 1419 2089 .
1433 2032 1695 2087 Joannes
1718 2035 1916 2087 autem
1934 2031 2195 2102 primum

537 2120 819 2178 ancillam
833 2121 1145 2177 ostiariam
1159 2121 1204 2157 ⁸⁸
1225 2120 1463 2177 :exiude
1476 2120 1777 2193 quosdam
1796 2137 1807 2174 :
1826 2120 1993 2175 tertio
2011 2136 2197 2176 unum

540 2226 612 2267 ex
637 2210 826 2266 servis
845 2210 1165 2283 pontiﬁcis,
1194 2210 1327 2283 ejus
1354 2216 1678 2281 cognatum
1705 2211 1799 2267 cui
1822 2212 2026 2268 Petrus
2052 2212 2202 2269 auri-

542 2300 744 2357 culam
799 2300 1157 2356 absciderat.

616 2390 675 2447 Si
718 2393 923 2446 tamen
981 2389 1387 2458 advertamus,
1428 2405 1538 2446 nec
1570 2389 1658 2447 sic
1689 2391 2050 2448 dissonantia
2081 2392 2203 2449 ulla

539 2478 850 2550 reperitur.
882 2481 940 2533 In
970 2478 1164 2550 prima
1191 2477 1490 2547 siquidem
1517 2480 1835 2549 negatione
1858 2480 2069 2536 eadem
2101 2497 2205 2537 an-

539 2566 675 2624 cilla
704 2569 869 2639 apud
891 2572 1154 2639 quatuor
1173 2568 1569 2637 evangelistas
1595 2568 1775 2625 fuisse
1799 2575 2162 2626 memoratur
2186 2585 2200 2623 :

540 2656 603 2712 in
634 2656 902 2711 secunda
932 2672 1069 2711 vero
1100 2656 1398 2729 quosdam
1450 2658 1708 2713 ostendit
1740 2657 2004 2714 Joannes
2031 2661 2206 2715 inter-

545 2760 787 2813 rogasse
832 2744 1065 2800 Petrum
1098 2761 1110 2799 :
1149 2750 1209 2801 at
1244 2744 1306 2800 hi
1345 2745 1612 2818 quidam,
1656 2750 1826 2802 erant
1877 2747 2095 2803 ancilla
2133 2747 2205 2803 de

540 2848 665 2905 qua
721 2833 868 2889 dixit
918 2833 1246 2899 Matthaeus,
1328 2838 1384 2889 et
1450 2834 1613 2905 prior
1682 2835 1897 2892 ancilla
1954 2836 2029 2891 de
2085 2852 2206 2908 qua

538 2923 620 2978 ait
651 2922 903 2989 Marcus,
929 2927 986 2979 et
1011 2922 1156 2979 alter
1180 2922 1253 2978 de
1280 2938 1402 2995 quo
1433 2924 1673 2995 scripsit
1703 2924 1907 2981 Lucas.
1944 2927 2003 2980 ln
2038 2928 2205 2983 tertia

539 3014 742 3069 autem
772 3012 1091 3082 negatione
1117 3013 1331 3067 eodem
1356 3012 1537 3068 modo
1559 3016 1785 3070 Marcus
1813 3020 1870 3069 et
1900 3016 2085 3071 Lucas
2118 3016 2206 3071 di-

538 3104 773 3167 xerunt,
808 3107 1074 3158 astantes
1130 3101 1353 3157 scilicet
1390 3101 1794 3174 interrogasse
1852 3107 2109 3172 Petrum,
2145 3106 2203 3161 in

2307 1929 2557 2004 στῶτας.]
2607 1936 2811 1993 Λουκᾶς
2864 1928 2922 1985 δε
2968 1941 3168 2007 πρῶτον
3208 1930 3527 2003 παιδίσκην,
3569 1931 3682 1987 εἶτα
3716 1937 3915 2010 ἕτερον,

2304 2022 2481 2073 ἔπειτα
2530 2020 2678 2072 ἄλλον
2725 2022 2868 2073 τινά·
2937 2021 3174 2086 Ἰωάννης
3234 2018 3292 2076 δε
3334 2030 3537 2095 πρῶτον
3588 2021 3913 2089 παιδίσκην,

2304 2114 2398 2168 τήν
2457 2112 2705 2185 θυρωρόν·
2768 2108 2879 2164 εἶτα
2933 2114 3092 2173 τινάς·
3158 2114 3334 2165 ἔπειτα
3398 2114 3485 2165 ἕνα
3541 2121 3640 2166 τῶν
3707 2110 3915 2168 δούλων

2306 2206 2397 2251 τοῦ
2467 2197 2771 2274 ἀρχιερέως,
2865 2209 3111 2273 συγγενῆ,
3176 2201 3237 2253 οὗ
3311 2200 3540 2275 ἀπέκοψε
3596 2207 3789 2279 Πέτρος
3855 2207 3916 2257 τὸ

2308 2308 2483 2344 ωτιον.

2382 2388 2522 2446 Πλήν
2582 2386 2666 2440 ea»
2722 2390 3087 2463 προσέχωμεν,
3140 2384 3252 2442 add“
3317 2390 3453 2441 οὕτω
3515 2386 3782 2463 διαφωνία
3847 2412 3925 2454 τις

2312 2479 2668 2551 εὑρεθήσεται.
2749 2478 2866 2530 Ἐπὶ
2929 2481 3019 2550 μὲν
3074 2481 3175 2553 γὰρ
3236 2486 3327 2539 τῆς
3382 2483 3593 2553 πρώτης
3662 2478 3927 2553 ἀρνήσεως

2312 2569 2342 2625 ἡ
2387 2567 2516 2626 αὐτὴ
2568 2563 2831 2625 παιδίσκη
2865 2566 3031 2632 ἐστὶν,
3066 2569 3094 2626 ἡ
3129 2570 3273 2642 παρὰ
3314 2576 3419 2628 τοῖς
3450 2572 3737 2643 τέσσαρσιν
3770 2570 3925 2643 εὐαγο

2317 2657 2579 2729 γελισταίς
2632 2660 3071 2729 μνημονευομένη*
3125 2654 3208 2709 ἐπὶ
3262 2653 3321 2709 δε
3384 2665 3474 2718 τῆς
3541 2654 3785 2732 δευτέρας
3848 2680 3923 2713 τι·

2311 2749 2403 2807 νὰς
2453 2748 2478 2798 ὁ
2530 2745 2767 2806 Ἰωάννης
2810 2744 3038 2819 ἐνέφηνεν
3089 2743 3352 2820 ἐρωτῆσαι
3399 2749 3485 2798 τὸν
3526 2751 3739 2821 Πέτρον,
3786 2750 3924 2803 οῖτι-

2311 2854 2390 2895 νες
2428 2832 2561 2893 ἦσαν
2592 2837 2621 2893 ἡ
2656 2830 2919 2892 παιδίσκη
2960 2854 3029 2901 τε,
3080 2840 3197 2909 περὶ
3244 2836 3305 2897 ἧς
3352 2841 3460 2888 εἰπε
3503 2839 3799 2903 Ματθαῖος,
3835 2844 3925 2891 καὶ

2313 2926 2343 2983 ἡ
2394 2930 2571 2998 πρώτη
2620 2923 2733 2996 (8'2)
2779 2920 3068 2989 παιδίσκη,
3106 2929 3226 2996 περὶ
3265 2926 3327 2986 ἧς
3376 2926 3467 2997 ἔφη
3502 2929 3738 2999 Μάρκος,
3776 2933 3866 2981 καὶ
3896 2930 3921 2981 ὁ

2310 3014 2500 3089 ἕτερος,
2534 3018 2651 3088 περὶ
2692 3013 2751 3066 οὗ
2796 3015 3048 3086 ἱστόρησε
3097 3019 3324 3074 Λουκᾶς·
3385 3012 3469 3066 ἐπὶ
3517 3012 3575 3067 δε
3604 3023 3693 3077 τῆς
3742 3022 3923 3093 τρίτης

2314 3102 2578 3176 ἀρνήσεως
2644 3104 2836 3176 ὁμοίως
2890 3104 3098 3177 Μάρκος
3168 3106 3257 3155 καὶ
3308 3102 3420 3174 (83)
3478 3106 3750 3167 Ματθαῖος
3801 3110 3922 3167 τοὺς

541 3190 765 3263 quibus
797 3195 925 3247 erat
946 3195 1000 3247 et
1021 3190 1172 3246 alius
1196 3192 1272 3246 de
1299 3206 1420 3263 quo
1451 3192 1614 3264 apud
1642 3192 1884 3259 Lucam,
1912 3200 1967 3251 et
1995 3194 2090 3250 hic
2117 3199 2199 3251 est

2317 3196 2651 3263 παρεστῶτας
2728 3188 2865 3245 εἷπον
2932 3190 3195 3266 ἐρωτῆσαι
3244 3191 3418 3255 αὐτὸν,
3481 3191 3528 3244 ἓν
3584 3194 3660 3255 οἷς
3722 3194 3921 3268 ἔμελλεν

541 3280 648 3354 qui
678 3296 715 3336 a
742 3281 973 3336 Joanne
1006 3280 1221 3336 dicitur
1261 3296 1470 3337 servus
1519 3278 1838 3353 pontiﬁcis.
1873 3286 2202 3356 Postquam

541 3384 686 3439 ergo
706 3384 777 3425 ea
797 3384 933 3440 quas
958 3368 1292 3424 necessaria
1318 3373 1487 3424 erant
1503 3368 2201 3439 signiﬁcavimus,decla-

538 3458 735 3516 randa
764 3463 901 3513 sunt
924 3473 1060 3530 qum
1085 3457 1326 3513 ulterius
1367 3464 1717 3529 sequuntur.
1753 3461 1896 3525 Quae
1928 3461 1987 3516 in
2018 3461 2204 3517 domo

539 3546 782 3619 Caiphae
810 3545 966 3602 facta
997 3550 1151 3614 sunt,
1183 3561 1308 3601 non
1339 3552 1480 3601 sunt
1512 3548 1755 3605 recitata
1786 3564 1822 3606 a
1850 3547 2101 3618 Joanne,
2134 3566 2204 3607 eo

540 3636 708 3710 quod
739 3651 775 3692 a
799 3635 1024 3691 caeteris
1049 3634 1202 3692 dicta
1244 3640 1465 3693 essent.

614 3813 776 3869 Vers.
822 3818 907 3869 59.
944 3812 1242 3884 Principes
1275 3820 1461 3870 autem
1515 3815 1885 3873 sacerdotum
1940 3848 2007 3859 —-
2035 3818 2200 3874 Vers.

541 3902 632 3959 60.
665 3903 1059 3959 inveniebant.
1096 3905 1163 3959 Ut
1207 3902 1325 3957 illis
1355 3903 1601 3974 quidem
1633 3904 1964 3973 videbatur,
1997 3922 2204 3964 verum

544 3992 951 4048 testimonium
987 4006 998 4046 :
1025 3996 1089 4047 ut
1118 3997 1317 4048 autem
1350 3992 1429 4047 rei
1449 3994 1666 4048 veritas
1698 4000 1840 4059 erat,
1876 3994 2099 4052 falsum
2128 4002 2206 4053 te-

544 4080 923 4137 stimonium.
960 4080 1057 4136 Vel
1087 4082 1267 4137 etiam
1299 4098 1437 4137 cum
1469 4083 1688 4138 scirent
1716 4084 1878 4156 quod
1910 4086 2204 4142 adversus

545 4169 925 4226 innocentem
951 4186 1159 4227 verum
1210 4171 1614 4227 testimonium
1672 4188 1794 4228 non
1846 4175 2203 4245 invenirent,

542 4260 669 4331 jam
692 4261 906 4317 falsum
924 4277 1157 4333 quoque
1175 4261 1567 4333 exquirebant
1594 4264 2023 4319 testimonium.
2044 4265 2208 4322 Vole-

545 4349 695 4407 bant
725 4366 869 4407 sane
900 4355 1192 4422 tanquam
1223 4366 1391 4406 reum
1419 4352 1823 4408 condemnare
1850 4353 2037 4421 illurn,
2070 4354 2207 4413 ideo

545 4441 725 4496 etiam
745 4439 941 4496 forum
961 4439 1244 4509 judiciale
1275 4439 1582 4510 eﬂingunt,
1616 4457 1686 4497 ac
1705 4442 1917 4499 falsum
1942 4444 2204 4502 testimo-

2314 3282 2444 3334 εἶναι
2488 3285 2575 3333 καὶ
2613 3283 2638 3333 ὁ
2670 3279 2839 3347 ἀἿλος,
2879 3281 2903 3333 ὁ
2934 3284 3077 3355 παρά
3106 3289 3177 3352 τῷ
3221 3285 3426 3351 Λουκᾷ.
3478 3281 3644 3345 Οὗτος
3691 3280 3752 3337 δέ
3782 3283 3921 3337 ἔστιν

2314 3372 2339 3422 ὁ
2370 3373 2513 3446 παρὰ
2559 3378 2631 3441 τῷ
2666 3369 2871 3444 Ἰωάννη
2926 3366 3110 3433 δοῦλος
3148 3377 3240 3423 τοῦ
3285 3368 3589 3446 ἀρχιερέως.
3632 3371 3777 3429 Ἐπεὶ
3811 3371 3917 3446 οὖν,

2315 3461 2443 3536 ἅπερ
2537 3457 2643 3513 ἔδει
2738 3461 3164 3533 σημειώσασθαι,
3259 3466 3726 3535 παρετηρήσαμεν,
3820 3462 3923 3515 λοι-

2314 3554 2408 3603 πὸν
2468 3549 2801 3625 ἑρμηνευτέον
2868 3552 2934 3602 τὰ
2999 3549 3136 3617 ἑξῆς,
3198 3549 3327 3625 ἅπερ
3387 3552 3434 3602 ἐν
3502 3558 3573 3621 τῷ
3638 3553 3770 3625 οῖκῳ
3836 3555 3923 3625 μὲν

2314 3646 2405 3691 τοῦ
2484 3641 2695 3711 Καίάφα
2774 3642 3073 3710 γεγόνασιν,
3152 3639 3246 3691 οὐκ
3318 3637 3782 3711 ἐμνημονεύθησαν
3867 3638 3925 3694 δὲ

2314 3731 2457 3801 παρά
2481 3735 2573 3781 τοῦ
2601 3727 2857 3797 Ἰωάννου,
2891 3725 2984 3780 διὰ
3013 3730 3071 3780 τὸ
3098 3728 3326 3802 ῥηθῆναι
3355 3731 3499 3802 παρὰ
3526 3737 3628 3781 τῶν
3659 3728 3852 3784 ἄλλων.

2388 3838 2453 3887 Οἱ
2501 3831 2559 3887 δὲ
2626 3832 2890 3909 ἀρχιερεις
2941 3864 3011 3876 -—
3067 3830 3233 3908 εὖρον.
3279 3836 3371 3898 Ὠς
3418 3839 3508 3908 μεν
3553 3834 3772 3899 ἐκείνοις
3813 3832 3925 3889 ἐδό-

2314 3943 2412 3989 κει,
2463 3928 2776 4000 μαρτυρίαν,
2817 3926 2885 3984 ὡς
2935 3920 2993 3977 δὲ
3035 3932 3097 3996 τῇ
3140 3924 3377 3997 ἀληθείᾳ,
3416 3922 3913 4002 ψευδομαρτυρίαν.

2314 4011 2380 4065 Ἦ
2435 4017 2524 4065 καὶ
2574 4019 2913 4085 γινώσκοντες
2977 4015 3059 4067 ὅτι
3110 4018 3405 4089 μαρτυρίαν
3464 4015 3570 4087 οὐχ
3628 4017 3921 4092 εὑρήσουσι

2315 4105 2450 4155 κατὰ
2497 4110 2588 4155 τοῦ
2662 4101 3029 4175 ἀνεπιλήπτόυ,
3088 4102 3267 4156 λοιπὸν
3335 4102 3552 4165 ἐζήτουν
3608 4101 3916 4178 ψευδομαρ-

2316 4195 2516 4267 τυρίαν.
2573 4191 2892 4263 [Ἐϐουλοντο
2961 4193 3072 4264 (84)
3131 4195 3230 4267 γὰρ
3287 4194 3353 4255 ὡς
3411 4194 3696 4247 ὑπεύθυνον
3762 4212 3917 4246 κατα-

2317 4278 2541 4333 δικάσαι
2590 4281 2763 4336 αὑτὸν.
2823 4283 2910 4333 Διό
2968 4285 3056 4333 καὶ
3112 4282 3515 4353 σχηματίζουσι
3571 4278 3915 4358 δικαστήριον

2315 4374 2405 4422 καὶ
2464 4368 2687 4430 ζητοῦσι
2736 4365 3242 4444 ψευδομαρτυρίανᾹ
3304 4368 3453 4422 αὐτοὶ
3510 4375 3600 4423 καὶ
3667 4368 3917 4424 δικασταὶ

2316 4463 2405 4510 καὶ
2484 4464 2768 4533 κατήγοροι
2838 4463 3116 4531 γινόμενοι,
3190 4463 3281 4510 καὶ
3350 4455 3743 4523 σπουδάζοντες
3801 4456 3917 4532 παρ’

542 4529 712 4585 nium
734 4534 1024 4601 quaerunt,
1049 4530 1162 4600 ipsi
1180 4534 1234 4584 et
1243 4528 1478 4600 judices
1508 4536 1566 4585 et
1587 4539 1967 4588 accusatores
1992 4532 2199 4602 effecti,

2318 4548 2513 4608 ἑαυτοῖς
2583 4554 2763 4600 τοῦτον
2829 4544 3211 4603 καταδικάσαι.
3290 4548 3604 4601 Ἠπίσταντο
3671 4552 3772 4625 γὰρ
3839 4548 3916 4600 ὅτι

543 4622 599 4674 et
624 4616 941 4673 studebant
964 4634 1100 4671 eum
1121 4617 1285 4689 apud
1313 4634 1378 4673 se
1405 4619 1842 4676 condemnare:
1876 4637 2018 4678 nam
2041 4625 2204 4695 apud

536 4706 773 4779 judices
800 4706 927 4776 (kk)
952 4705 1324 4776 difﬁdebant,
1355 4706 1515 4779 quod
1546 4707 1726 4789 hujus
1758 4711 1979 4782 negotii
2011 4716 2205 4771 essent

537 4795 901 4868 reportaturi
950 4794 1281 4852 victoriam.

614 4919 660 4956 ⁸³
690 4919 859 4978 Joan.
888 4934 1047 4986 xvm,
1085 4920 1168 4977 15.
1247 4918 1293 4955 ⁸³
1316 4922 1488 4977 Marc.
1525 4920 1657 4988 XIV,
1687 4925 1775 4980 66.

1854 4924 1901 4959 ⁸³
1930 4925 2067 4985 Luc.
2094 4943 2235 4995 nn,
2264 4926 2336 4983 56
2368 4940 2538 4999 seqq.

2314 4638 2436 4712 παρ’
2496 4636 2685 4710 ἑτέροις
2762 4632 3039 4698 δίκασταίς
3118 4636 3212 4689 οὐκ
3268 4638 3329 4689 ἄν
3386 4657 3509 4691 ποτε
3562 4638 3677 4711 (85)
3734 4639 3914 4693 τούτου

2313 4731 2661 4805 περιγένοιντο
2676 4770 2687 4783 .

2616 4924 2663 4958 ⁸⁵
2696 4924 2865 4980 Joan.
2897 4937 3060 4993 xvm,
3102 4926 3165 4980 l7

1983 5051 2212 5121 Variae
2242 5052 2593 5121 lectiones.

614 5164 729 5237 (78)
756 5161 1089 5237 ῘΑμφᾷτερον,
1137 5162 1209 5224 εἷς
1238 5158 1397 5237 οἶκος.
1427 5162 1489 5237 Β.

614 5183 729 5237 ('16)
768 5183 1089 5289 Λὸμφοτερον,
1137 5183 1209 5224 εις
1238 5183 1397 5224 οικος.
1427 5183 1489 5217 υ.

613 5236 732 5306 (79)
756 5234 791 5289 Ἰ
841 5235 1113 5297 ιαζούσας,
1141 5250 1251 5306 pro
1285 5230 1605 5296 ἰδιαιτάτας.
1651 5235 1784 5292 Cod.
1820 5236 1886 5291 A.

612 5307 727 5382 (so)
760 5309 820 5382 ὀ
856 5307 1089 5382 omittit.
1142 5307 1201 5382 B_.

614 5377 728 5447 (81)
772 5379 1007 5435 Inclusa
1062 5377 1279 5434 omittit
1315 5377 1449 5436 cod.
1490 5377 1556 5433 A.
1600 5379 1774 5434 Error
1824 5383 1989 5436 ortus
2017 5385 2202 5440 estex

540 5449 770 5524 ἑστῶτας
801 5457 858 5506 et
903 5458 1263 5524 παρεστῶτας.

612 5522 725 5595 (82)
779 5518 997 5596 Πρώτην
1055 5521 1214 5588 dixit,
1267 5519 1414 5593 quia.
1465 5518 1671 5577 eadem
1703 5525 1875 5579 estet
1909 5524 2195 5581 secunda.

612 5696 736 5769 (kk)
767 5698 920 5753 Nam
959 5697 1113 5764 apud
1141 5698 1384 5768 iudices,
1432 5700 1540 5753 etc.
1598 5696 1875 5769 Sciebant
1922 5703 2100 5769 enim,
2136 5720 2197 5760 se

540 5768 705 5845 apud
732 5769 878 5825 alios
910 5768 1138 5840 iudices
1168 5786 1239 5828 eo
1271 5785 1392 5826 non
1423 5768 1760 5842 superiores
1794 5771 1937 5829 fore.
1973 5768 2196 5849 Ἐτέροις

2313 5166 2499 5252 Pa‘ulo
2529 5165 2687 5223 enim
2711 5168 2849 5223 ante
2878 5163 2953 5221 de
2980 5163 3246 5222 secunda
3270 5163 3439 5237 dixit,
3480 5162 3608 5220 Εἶτα
3632 5169 3727 5226 τὴν
3753 5164 3912 5220 αὐτὴν

2525 5310 2612 5364 Ita
2640 5307 2855 5380 scripsi
2884 5323 2988 5379 pro
3024 5312 3251 5380 Λουκᾶς.

2384 5378 2497 5453 (84)
2536 5378 2777 5453 Inclusa
2800 5378 3017 5453 omittit
3046 5378 3189 5453 God.
3232 5380 3297 5434 A.
3336 5380 3517 5438 Error
3546 5380 3754 5438 scribta
3790 5390 3912 5434 rur—

2312 5447 2417 5511 sus
2439 5447 2603 5510 ortus
2633 5468 2706 5509 ex
2734 5451 2950 5524 duplici
2975 5447 3459 5526 ψευδομαρτυρίαν.

2380 5631 2493 5703 (85)
2528 5633 2672 5686 Ante
2704 5632 2887 5705 τούτου
2916 5628 3049 5686 cod.
3186 5628 3355 5686 addit
3382 5635 3522 5705 περί.

2305 5701 2552 5775 promus
2590 5702 2952 5775 neglectum.
2996 5703 3192 5775 Τούτου
3224 5707 3425 5759 autem
3449 5701 3595 5760 'nou
3629 5701 3707 5760 ad
3742 5712 3909 5771 nego-

2306 5773 2474 5841 iium,
2501 5774 2605 5831 sed
2635 5773 2714 5831 ad
2743 5773 3039 5830 Christum
3071 5773 3341 5831 refertur.
