4096 6384
248 382 363 442 697
1170 368 1543 432 COMMENT.
1584 367 1656 425 IN
1690 358 2137 424 numerum.
2179 390 2249 405 —
2286 360 2445 418 CAP.
2486 358 2688 417 xxvx.
3530 360 3637 420 693

326 512 438 565 Kal
507 504 705 563 πολλῶν
768 535 842 549 —
916 501 1081 581 εὖρον.
1149 492 1391 554 Ἐναντια
1454 497 1554 570 γὰρ
1631 491 1870 581 ἀλλήλοις

2050 487 2209 543 Vers.
2262 490 2349 544 60.
2401 484 2663 558 Cumque
2703 485 2883 543 multi
2928 517 2996 526 —
3040 485 3434 545 inveniebant.
3482 490 3633 547 Nam

247 598 604 675 ἔμαρτύρουν.
651 599 793 655 Φησὶ
831 596 933 670 γάρ
971 575 1013 646 ’ὁ
1058 592 1272 667 Μάρκος
1314 590 1392 641 ὅτι
1434 585 1546 675 (86)
1603 588 1701 638 Καὶ
1757 578 1870 634 ἶσαι

1995 575 2402 633 zontrariasibi
2424 580 2632 631 mutuo
2646 577 3037 633 testabantur.
3054 578 3147 633 Ait
3179 577 3340 633 enim
3366 580 3631 634 Marcus:

249 666 308 742 αἱ
350 666 648 764 μαρτυρίαι
697 685 795 740 ούκ
841 666 1004 744 ἦσαν.
1067 666 1384 755 Ἐπληροῦτο
1425 673 1485 730 δε
1528 679 1618 727 καὶ
1656 675 1686 733 ἡ
1721 679 1870 725 Δαυῑε-

1995 668 2053 722 Et
2101 666 2305 724 idonea
2343 666 2667 723 testimonia
2705 682 2826 722 non
2865 672 3041 724 erant
3082 668 3153 724 ⁸⁵.
3193 668 3502 740 Completa
3550 672 3637 726 est

246 756 382 837 τική
430 756 722 854 apo-puniat
770 777 801 834 ἠ
856 773 1122 846 λέγουσα·
1192 768 1563 829 Ζητηθήσεται
1614 765 1644 823 ἠ
1708 761 1870 836 ἁμαρ-

1995 761 2180 813 ιυιοω
2208 763 2263 814 et
2292 757 2577 813 Davidica
2606 756 2921 829 prophetia
2948 773 3085 830 quae
3116 757 3289 815 dicit:
3325 759 3638 827 Quaeretur

245 873 343 920 τία
376 866 563 932 αύτοῦ,
599 870 690 918 καὶ
728 864 788 918 ού
814 868 886 937 μή
920 863 1121 937 εὑρεθῇ.

1995 852 2291 903 aeccatum
2316 847 2484 903 illius
2514 852 2568 902 et
2593 862 2714 903 non
2739 846 3071 903 invenietur
3100 848 3170 900 ⁸ο.

321 964 580 1029 ’Υστερον
630 986 700 995 -
758 954 932 1007 αὐτόν.
985 949 1156 1017 Εἶπεν,
1224 947 1334 1001 ἀλλ’
1385 945 1481 999 ούκ
1538 940 1664 1009 εἶπε,
1724 943 1869 1008 Λύω,

2053 954 2218 1011 Vers.
2259 957 2346 1009 60.
2387 954 2845 1010 Postmodum—
2892 954 3051 1011 Vers.
3105 956 3189 1012 6t.
3240 954 3412 1012 illud.
3461 955 3633 1021 Dixit,

250 1045 416 1114 ἀλλὰ,
451 1048 681 1110 Λύσατε,
728 1040 853 1097 ούδε
891 1046 1008 1116 περὶ
1037 1048 1129 1094 τοῦ
1158 1046 1282 1091 ναοῦ
1328 1043 1420 1090 τοῦ
1473 1036 1870 1107 χειροποιήτου,

1995 1049 2045 1101 at
2103 1060 2226 1099 non
2275 1043 2441 1109 dixit,
2494 1043 2760 1109 Solvam,
2821 1044 2949 1114 sed,
3005 1044 3259 1113 Solvite;
3310 1061 3507 1117 neque
3562 1044 3638 1102 de

249 1134 395 1187 ἀλλά
445 1138 564 1208 περὶ
613 1139 707 1186 τοῦ
766 1128 907 1185 ἰδίου
968 1135 1233 1203 σώματος.
1300 1129 1395 1180 Διά
1440 1132 1592 1177 τοῦτο
1640 1119 1727 1174 οὖν
1784 1124 1870 1173 καὶ

1995 1134 2208 1205 templo
2292 1132 2656 1203 manufacto,
2718 1133 2821 1189 sed
2895 1133 2970 1190 de
3031 1134 3279 1207 proprio
3361 1150 3635 1206 corpore.

246 1228 484 1286 τούτους
547 1219 988 1295 ψευδομάρτυρας
1064 1222 1090 1272 ὁ
1166 1216 1533 1289 εύαγγελιστὴς
1616 1212 1870 1285 ὠνόμασε.

1995 1224 2231 1296 Propter
2277 1222 2391 1279 hoc
2439 1222 2600 1278 enim
2650 1222 2829 1278 etiam
2882 1222 2996 1278 hos
3041 1223 3409 1294 evangelista
3453 1223 3637 1281 falsos

246 1316 476 1385 Μάρκος
516 1308 574 1365 δέ
617 1328 782 1384 φησι’
836 1315 938 1364 Καί
988 1328 1113 1370 τινες
1160 1306 1493 1369 ἀναστάντες,
1545 1302 1870 1375 ἐψευδομαρ-

1995 1318 2160 1369 testes
2182 1312 2528 1386 appellavit.
2550 1315 2777 1369 Marcus
2793 1328 2932 1368 vero
2949 1314 3053 1369 ait:
3087 1315 3156 1369 Et
3177 1315 3413 1385 quidam
3436 1329 3643 1371 assur-

242 1406 450 1476 τύρουν
521 1401 639 1453 κατ’
712 1400 895 1467 αύτοῦ,
948 1398 1197 1471 λέγοντες,
1256 1398 1334 1449 ὅνι
1402 1395 1579 1468 Ἡμεῖς
1646 1393 1870 1451 ἠκούσα-

1995 1404 2207 1474 lebant,
2232 1409 2283 1457 et
2292 1402 2515 1474 falsum
2537 1402 2930 1459 testimonium
2966 1403 3247 1459 adversus
3276 1404 3450 1459 illum
3478 1405 3643 1473 fere-

242 1512 346 1565 μεν
437 1490 601 1544 αύτοῦ
694 1489 948 1562 λέγοντος,
1026 1491 1106 1542 ὅτι
1194 1486 1327 1559 Ἐγώ
1420 1483 1699 1537 καταλύσω
1786 1484 1870 1533 τόν

1995 1493 2144 1563 bant,
2184 1493 2479 1550 dicentes:
2524 1493 2645 1549 Nos
2691 1493 3024 1549 audivimus
3087 1493 3276 1562 ipsum
3324 1493 3636 1549 dicentem.

241 1584 381 1635 ναὸν
473 1588 654 1633 τοῦτον
728 1583 815 1634 τὸν
898 1581 1292 1652 χειροποίητον,
1368 1578 1455 1627 καὶ
1538 1570 1632 1626 διὰ
1717 1579 1870 1648 τριῶν

1995 1585 2105 1655 Ego
2148 1585 2465 1641 dissolvam
2510 1585 2797 1654 templum
2854 1584 2963 1640 hoc
3004 1583 3441 1655 manufa‘ctum.
3480 1589 3535 1639 et
3576 1584 3641 1637 in

241 1674 467 1747 ἡμερῶν
562 1670 714 1723 ἄλλον
815 1667 1220 1745 ἀχειροποίητον
1306 1661 1666 1737 οἰκοδομήσω.
1774 1666 1870 1715 Καὶ

1995 1675 2180 1731 triduo
2243 1674 2407 1731 aliud
2483 1689 2599 1729 non
2684 1674 3096 1744 manu/“actum
3176 1672 3483 1743 wdiﬁcabo.
3562 1673 3641 1728 Et

241 1758 387 1815 ούδὶ
435 1760 604 1822 οὕτως
647 1762 740 1818 ἴση
798 1756 860 1818 ἧν
914 1761 942 1817 ἠ
1000 1761 1265 1832 μαρ-υρία
1308 1756 1497 1807 αὐτῶν.
1554 1752 1736 1807 Πολλοὶ
1785 1755 1870 1824 μὲν

1995 1781 2091 1822 nec
2115 1764 2193 1821 sic
2220 1764 2485 1821 idoneum
2516 1769 2643 1821 erat
2681 1765 3075 1821 testimonium
3108 1763 3351 1820 illorum
3383 1764 3450 1818 ⁸⁷.
3482 1762 3641 1820 Multi

240 1854 355 1923 γὰρ
401 1854 523 1923 περὶ
568 1858 661 1912 τῆς
712 1851 962 1910 τοιαύτης
1018 1849 1311 1906 ὑποθέσεως
1364 1844 1725 1919 ἐμαρτύρουν·
1778 1839 1870 1895 δύο

1995 1854 2285 1926 siquidem
2328 1855 2403 1910 de
2452 1854 2556 1909 tali
2607 1853 2857 1910 materia
2898 1853 3287 1917 testabantur,
3328 1852 3448 1909 duo
3496 1867 3639 1908 vero

247 1938 315 1994 δέ
367 1941 752 2012 ὡμοφώνησαν,
793 1937 878 1999 οὓς
932 1934 1037 1991 εἶπε
1092 1937 1363 1997 Ματθαῖος
1388 1953 1403 1969 ·
1438 1935 1486 1987 οἱ
1517 1930 1570 1985 δ’
1590 1932 1734 1985 ἄλλοι
1766 1928 1870 1985 διε-

1995 1945 2358 2002 concorditer
2394 1943 2686 2009 ferebant,
2726 1960 2881 2016 quos
2931 1942 3081 1999 dixit
3128 1941 3491 2009 Matthaeus;
3542 1940 3641 1999 alii

248 2038 485 2103 φωνοῦν,
550 2024 624 2081 δι’
674 2027 765 2090 οὓς
812 2031 1013 2100 εἴρηκεν
1064 2028 1090 2079 ὁ
1136 2028 1366 2101 Μάρκος,
1417 2025 1495 2077 ὅτι
1542 2018 1666 2076 ούδε
1713 2022 1870 2083 οὕτως

1995 2051 2126 2091 vero
2138 2034 2261 2091 duo
2272 2034 2510 2091 diversa
2523 2033 2617 2106 (ιι)
2632 2032 3054 2106 loquebantur,
3070 2036 3309 2105 propter
3324 2032 3477 2106 quod
3493 2030 3641 2088 dixit

247 2123 350 2178 ἴση
387 2116 448 2179 ἦν
472 2120 503 2177 ἡ
533 2122 799 2194 μαρτυρία
829 2116 1017 2171 αύτῶν.

1995 2126 2232 2192 Marcus,
2250 2124 2411 2199 quod
2427 2140 2539 2180 non
2559 2122 2965 2179 eratidoneum
2983 2122 3637 2179 testimoniumillorum.

332 2210 438 2262 Κάὶ
509 2206 734 2269 ἀναστὰς
804 2237 871 2246 -
936 2204 1155 2260 ἐσιώπα.
1226 2203 1427 2258 Βλέπων
1498 2205 1588 2275 μὶν
1663 2206 1754 2255 καὶ
1812 2203 1870 2253 τό

2052 2217 2213 2271 Vers.
2246 2214 2335 2271 62.
2368 2215 2446 2271 Et
2475 2229 2724 2284 surgens
2753 2244 2823 2254 —
2850 2215 3013 2269 Vers.
3046 2217 3096 2269 6.
3131 2212 3381 2269 tacebat.
3422 2211 3641 2268 Videns

251 2296 611 2372 δικαστήριον
684 2298 1020 2372 παράνομον
1078 2298 1223 2367 ίῴκει
1272 2297 1370 2369 γὰρ
1426 2293 1630 2367 λῃστῶν
1687 2312 1870 2368 κριτη-

1995 2309 2038 2363 at
2060 2305 2269 2378 judicii
2298 2304 2496 2361 forum
2534 2304 2811 2377 iniquum
2843 2319 2858 2370 ;
2897 2318 3039 2360 nam
3080 2301 3379 2359 latronum
3407 2301 3641 2373 judicio

246 2394 356 2463 ρίῳ
427 2392 521 2441 καὶ
590 2394 878 2462 τυραννικῷ
945 2385 1188 2458 βήματι*
1260 2381 1410 2446 εἰδὼς
1493 2380 1552 2436 δε
1629 2386 1717 2435 καὶ
1793 2383 1870 2435 ὅτι

1995 2395 2174 2452 simile
2213 2394 2548 2461 videbatur,
2590 2399 2647 2450 et
2684 2394 3065 2467 tyrannicum
3105 2391 3388 2448 tribunal.
3436 2391 3640 2448 Sciens

245 2478 433 2553 μάτην
464 2474 823 2552 ἀποκρινεῖται
851 2477 994 2549 παρὰ
1022 2476 1298 2545 τοιούτοις,
1334 2473 1556 2526 ἐσιώπα.

1995 2485 2161 2542 etiam
2199 2485 2367 2558 quod
2413 2484 2573 2557 apud
2611 2483 2959 2555 huiusmodi
2981 2482 3202 2539 frustra
3234 2496 3639 2555 responsurus

1982 2580 2153 2644 esset,
2186 2574 2437 2631 tacebat.

2052 2686 2210 2739 Vers.
2246 2688 2331 2740 63.
2361 2683 2439 2739 Et
2458 2681 2812 2752 respondens
2838 2712 2904 2721 —
2924 2681 3047 2736 Dei.
3080 2679 3407 2752 Adjuravit,
3430 2678 3639 2735 volens

1982 2787 2119 2828 eum
2179 2772 2256 2828 ad
2308 2772 2767 2844 responsionem
2820 2770 3135 2836 attrahere,
3193 2775 3257 2826 ut
3304 2769 3418 2825 hac
3456 2768 3634 2834 facta,

1980 2861 2142 2918 hunc
2170 2878 2241 2917 ex
2268 2877 2338 2917 ea
2355 2860 2803 2917 condemnaret.
2832 2860 3070 2915 Addidit
3089 2864 3287 2915 autem
3313 2858 3492 2914 Filius
3515 2857 3635 2924 Dei,

1981 2951 2125 3024 quia
2154 2952 2332 3007 etiam
2364 2966 2534 3020 reges
2564 2956 2620 3006 et
2646 2950 2954 3022 propheta:
2986 2949 3189 3005 christi
3219 2949 3575 3004 dicebantur
3604 2963 3641 3004 a

1981 3042 2256 3116 χρίεσθαι,
2297 3040 2412 3095 hoc
2450 3044 2542 3096 est
2591 3040 2749 3109 ungi.
2804 3039 3035 3094 Marcus
3084 3053 3227 3094 vero
3285 3037 3400 3094 ait:
3443 3038 3639 3093 Filius

249 3156 438 3217 ξοντο.
497 3156 709 3229 Μάρκος
745 3151 805 3208 δέ
846 3126 1011 3229 ,φησιν
1060 3157 1140 3208 ὅτι
1179 3155 1204 3207 ὁ
1252 3156 1368 3215 Υἱός
1418 3161 1510 3207 τοῦ
1567 3153 1869 3226 εὐλογητοῦ,

1995 3130 2270 3188 benedicti
2293 3131 2359 3196 ⁸⁸,
2392 3131 2530 3197 sive,
2577 3127 2675 3185 Dei
2715 3127 2819 3201 qui
2846 3127 3197 3184 benedictus
3225 3132 3312 3184 est
3342 3132 3397 3184 et
3426 3126 3644 3184 lauda-

259 3211 280 3217 -
584 3211 593 3229 ,
694 3211 708 3218 -
859 3211 870 3229 ,
908 3211 916 3214 -
1354 3211 1366 3215 -
1689 3211 1703 3226 ,
1739 3211 1746 3213 .
1858 3211 1868 3221 ,

251 3249 402 3307 ἦτοι,
436 3252 529 3297 τοῦ
561 3251 716 3311 Θεοῦ,
747 3252 840 3298 τοῦ
870 3244 1174 3318 εὐλογητοῦ,
1213 3251 1302 3297 τοῦ
1335 3245 1583 3318 ύμνητοῦ.
1911 3211 1950 3267 C
1983 3223 2099 3278 tus:

335 3338 497 3405 Λέγει
530 3365 593 3375 -
624 3332 788 3395 εἶπας.
824 3336 1119 3405 Κάνταῦθα,
1170 3338 1598 3410 περιαιρούμενον
1629 3342 1720 3387 τοῦ
1761 3334 1870 3407 (8’ῖ)

2054 3327 2217 3383 Vers.
2261 3327 2349 3384 64.
2390 3326 2540 3383 Dicit
2567 3358 2636 3367 —
2674 3324 2903 3382 dixisti.
2947 3324 3132 3381 Etiam
3169 3323 3266 3381 hic
3308 3323 3511 3382 ablata
3548 3324 3643 3382 di-

247 3422 342 3488 Εἰ,
411 3422 848 3496 ὑπολιμπάνεται,
908 3427 973 3476 σὺ
1040 3421 1086 3477 εἶ
1138 3425 1163 3476 ὁ
1220 3427 1474 3495 Χριστός,
1534 3425 1559 3475 ὀ
1613 3426 1727 3485 Υἱός
1782 3432 1870 3476 τοῦ

1995 3417 2197 3479 ctione.
2231 3418 2361 3486 An,
2388 3416 2762 3489 relinquitur,
2797 3424 2859 3472 tu
2890 3431 2943 3473 es
2978 3414 3253 3471 Christus
3292 3415 3478 3471 Filius
3510 3416 3639 3471 Det.

248 3519 414 3568 Θεοῦ.
468 3517 621 3585 Λέγει
667 3509 725 3567 δε
773 3515 986 3587 Μάρκος
1035 3513 1192 3567 εἰπεῖν
1240 3512 1393 3565 αύτόν
1440 3514 1522 3565 ὃτι
1566 3512 1698 3585 Ἐγώ
1746 3514 1870 3586 εἰμι.

1995 3506 2075 3562 Ait
2099 3510 2292 3562 autem
2324 3508 2550 3562 Marcus
2569 3522 2707 3561 eum
2730 3504 2968 3570 dixisse,
3003 3506 3123 3574 Ego
3141 3520 3267 3560 sum
3293 3505 3338 3540 '9
3366 3523 3380 3573 ;
3410 3509 3637 3561 utrum-

250 3601 368 3657 Καὶ
405 3603 564 3675 οἶμφω
616 3605 719 3678 γὰρ
776 3600 900 3667 εἶπε,
950 3605 1017 3656 Σύ
1075 3601 1217 3663 εἶπας
1268 3603 1348 3655 ὅτι
1394 3601 1495 3674 ἐγὼ
1542 3602 1669 3675 εἰμι.
1721 3609 1850 3655 Γινω

1995 3611 2101 3668 que
2132 3596 2291 3650 enim
2322 3595 2504 3655 dixit:
2545 3597 2626 3651 Tu
2668 3594 2897 3661 dixisti,
2930 3594 3090 3666 quod
3119 3609 3217 3664 ego
3248 3608 3393 3650 sum.
3436 3594 3639 3651 Sciens

250 3711 401 3745 σκων
455 3687 544 3743 οὖν
594 3693 676 3744 ὅτι
732 3691 790 3744 ού
838 3693 1274 3754 πιστευθήσεται,
1328 3693 1461 3763 ὅμως
1513 3694 1869 3756 κατατιθεται,

1995 3700 2126 3754 ergo
2155 3684 2321 3757 quod
2357 3700 2479 3739 non
2521 3684 2854 3739 crediturus
2887 3688 3065 3747 esset,
3098 3687 3299 3739 tamen
3329 3684 3639 3739 veritatem

248 3784 347 3833 ἱνα
374 3785 450 3853 μή
504 3777 760 3833 δύνωνται
796 3780 958 3853 λέγειν
985 3782 1201 3856 ὕστερον
1232 3782 1313 3834 ὅτι
1359 3781 1418 3834 Εἰ
1456 3784 1587 3855 μετὰ
1622 3785 1681 3835 τὸ
1735 3780 1870 3855 ἐξορ-

1995 3773 2230 3845 ieponit
2267 3774 2438 3846 (mm),
2482 3789 2555 3830 ne
2594 3773 2982 3847 postmodum
3022 3774 3213 3829 dicere
3252 3778 3500 3844 possent
3533 3791 3545 3829 :
3583 3772 3638 3831 Si

326 2713 437 2763 Καὶ
486 2705 785 2782 ἀποκριθεὶς
843 2736 911 2747 -
963 2712 1054 2759 τοῦ
1104 2711 1261 2759 Θεοῦ.
1318 2702 1626 2780 Ἐξορκίζει,
1688 2702 1872 2777 βουλό-

239 2818 408 2875 μενος
453 2798 606 2850 αὐτὸν
656 2797 730 2859 είς
781 2794 1063 2868 ἀπολογίαν
1116 2802 1474 2860 καταστῆσαι,
1520 2796 1621 2862 ἵνα,
1678 2797 1873 2853 ταύτης

242 2886 605 2961 δραξάμενος,
663 2885 718 2939 ἐκ
759 2889 959 2948 ταύτης
1012 2893 1192 2939 τοῦτον
1231 2881 1592 2958 καταδικάσῃ.
1650 2889 1872 2957 Προστί-

246 2980 392 3036 θησι
422 2973 487 3029 δε
526 2975 691 3044 τό,”0
714 2978 836 3038 Υἱός
882 2983 974 3029 τοῦ
1010 2982 1165 3044 Θεοῦ,
1212 2970 1355 3028 διότι
1407 2978 1496 3027 καὶ
1542 2975 1590 3027 οἱ
1634 2972 1871 3046 βασιλεῖς

244 3070 348 3118 καὶ
390 3066 441 3118 οἱ
494 3075 755 3139 προφῆται
800 3070 1021 3141 χριστοὶ
1065 3063 1167 3117 ἀπο
1223 3072 1315 3117 τοῦ
1363 3066 1618 3137 χρίεσθαι
1667 3064 1871 3136 ὠνομά-

246 3873 516 3930 κισθῆναι
536 3869 889 3943 ὡμολόγησεν,
916 3870 1297 3944 ἐπιστεύσαμεν
1323 3872 1405 3926 ἄν.

1995 3868 2151 3935 poste
2165 3880 2201 3919 a
2216 3880 2399 3936 quam
2429 3863 2527 3934 adj
2538 3868 2743 3921 uratus
2764 3868 2853 3920 est
2871 3862 3410 3929 confessust'uisset,
3440 3862 3640 3936 utique

1982 3953 2466 4009 credidissemus.

334 4067 480 4125 Πλὴν
529 4098 597 4107 -
650 4066 892 4137 ούρανοῦ.
954 4066 1198 4141 Ἀπάρτι,
1264 4066 1378 4120 ἀντὶ
1433 4076 1546 4140 τοῦ,
1584 4072 1727 4123 Μετὰ
1778 4090 1870 4143 μι-

2052 4069 2216 4124 Vers.
2250 4072 2335 4125 64.
2365 4071 2775 4126 Verumtamen
2806 4097 2875 4109 -—
2903 4067 3044 4133 cati,
3081 4066 3125 4122 Α
3170 4067 3493 4134 modo,hoc
3524 4075 3635 4140 est,

248 4161 407 4233 κρόν.
444 4156 597 4214 Δηλοί
628 4152 688 4209 δε
734 4159 821 4208 τόν
860 4160 1023 4229 μέχρι
1053 4164 1150 4219 τῆς
1197 4155 1531 4220 ἀναστάσεως
1570 4158 1730 4211 αύτοῦ
1758 4180 1870 4211 και-

1995 4162 2110 4215 Non
2139 4158 2319 4230 longo
2340 4162 2480 4231 post
2520 4162 2807 4229 tempore.
2847 4156 3150 4226 Signiﬁcat
3182 4161 3372 4213 autem
3400 4163 3640 4231 tempus

251 4252 371 4322 ρόν.
418 4245 653 4317 “otia-9t
696 4265 779 4318 με,
837 4248 922 4298 τὸν
973 4246 1096 4319 παρ’
1148 4248 1290 4318 ὑμῶν
1342 4246 1728 4321 ἀναιρούμενον,
1781 4269 1870 4301 κα-

1995 4253 2122 4320 post
2166 4246 2682 4304 resurrectionem.
2740 4244 3021 4300 Videbitis
3080 4260 3175 4300 me
3228 4245 3326 4317 qui
3380 4260 3417 4300 a
3464 4246 3638 4303 vobis

254 4340 485 4408 θήμενον
540 4334 593 4387 ἔοι
653 4331 838 4398 δεξιῶν
900 4343 992 4397 τῆς
1052 4332 1321 4408 δυνάμεως
1391 4346 1483 4397 τῆς
1551 4344 1643 4389 τοῦ
1713 4346 1865 4404 Θεοῦ,

1995 4338 2290 4393 .nterimor
2321 4336 2625 4391 sedentem
2651 4351 2686 4397 a
2716 4334 2973 4390 dexteris
2991 4334 3217 4391 virtutis
3244 4349 3379 4406 quae
3402 4339 3489 4390 est
3513 4335 3634 4405 Dei,

256 4427 459 4501 [ἤγουν
490 4426 624 4497 (88),
674 4426 951 4497 σύνθρονον
999 4432 1071 4496 τῷ
1112 4433 1227 4496 Θεῷ
1282 4431 1373 4478 καὶ
1429 4432 1613 4500 Πατρί.
1660 4427 1776 4481 Ἔτι
1812 4424 1870 4481 δὲ

1995 4428 2046 4498 ζ-ι-
2085 4426 2307 4482 Eodem
2349 4424 2620 4480 videlicet
2657 4424 2873 4480 throno
2905 4440 3042 4479 cum
3076 4426 3193 4479 Deo
3233 4427 3290 4478 et
3326 4424 3516 4480 Patre.
3547 4424 3638 4481 Iu-

251 4520 352 4570 καὶ
383 4519 665 4591 ἐρχόμενον
710 4517 847 4567 κατὰ
893 4519 986 4574 τὴν
1019 4510 1264 4588 δευτέραν
1312 4520 1605 4591 παρουσίαν
1659 4516 1870 4571 ἐπὶτῶν

1995 4533 2165 4589 super
2194 4514 2530 4571 venientem
2561 4529 2804 4587 quoque
2835 4513 3098 4569 secundo
3126 4529 3234 4569 suo
3274 4513 3534 4571 adventu
3574 4515 3637 4571 in

406 4571 417 4591 Ι
442 4571 485 4587 η
518 4571 528 4588 Ι
942 4571 950 4574 ’
1170 4571 1178 4588 Ι
1387 4571 1396 4591 1

252 4606 477 4678 νεφελῶν
535 4612 625 4658 τοῦ
682 4604 923 4678 ούρανοῦ,
992 4608 1057 4666 ὡς
1109 4610 1257 4660 Θεόν.
1313 4603 1546 4676 ’Ὁψεσθε
1601 4602 1661 4659 δὲ
1711 4606 1864 4679 εἶπεν,

1995 4571 2247 4663 ᾁυὶήιηιε
2276 4604 2404 4660 cmli
2428 4571 2726 4675 tanquam
2742 4603 2951 4658 Deum.
2992 4602 3270 4659 Videbitis
3297 4607 3501 4660 autem
3548 4604 3636 4661 di-

254 4697 371 4768 ὀύχ
405 4698 476 4756 ὡς
525 4691 821 4769 δυναμένων
864 4694 1027 4756 οὕτως
1080 4690 1210 4747 ἰδεῖν
1263 4694 1436 4762 αύτὸν,
1493 4694 1600 4747 ἀλλ’
1641 4699 1709 4757 ὡς
1756 4693 1870 4749 δια·

1995 4697 2082 4759 :it,
2116 4710 2236 4751 non
2269 4693 2434 4766 quod
2462 4693 2523 4749 hi
2553 4709 2692 4749 eum
2723 4697 2919 4749 essent
2948 4692 3027 4749 ita
3061 4693 3261 4759 visuri,
3305 4694 3407 4750 sed
3438 4699 3639 4768 prote-

252 4790 683 4861 μαρτυρόμενοςο
722 4785 753 4845 ἣ
803 4789 894 4837 καὶ
942 4788 1072 4858 πρὸς
1116 4788 1237 4848 τούς
1275 4784 1548 4859 μέλλοντας
1601 4784 1655 4849 ἐξ
1702 4785 1868 4838 αὐτῶν

1995 4791 2169 4843 status
2196 4788 2286 4841 est
2313 4782 2475 4857 quod
2506 4782 2585 4839 ita
2609 4788 2892 4840 venturus
2922 4786 3098 4850 esset,
3132 4786 3235 4841 aut
3263 4782 3341 4841 ad
3372 4799 3475 4842 eos
3495 4783 3635 4842 diri-

330 4930 377 4965 ⁸⁵
408 4931 582 4987 Marc.
609 4944 720 4994 nv,
752 4930 840 4984 56.
869 4926 917 4963 ⁸⁸
956 4927 1110 4994 Psal,
1138 4943 1217 4984 χι.
1244 4927 1331 4985 36.
1361 4927 1663 4994 Marcmv,
1695 4932 1783 4994 57,
1820 4934 1870 4986 5E

2013 4931 2190 4987 Marc.
2219 4944 2335 4994 xw,
2364 4926 2451 4983 61.
2496 4928 2541 4963 ⁸⁹
2574 4925 2727 4984 Ibid.
2756 4929 2846 4983 62.

1492 5050 1721 5120 Variae
1758 5050 2091 5121 lectiones
2122 5060 2189 5119 et
2228 5057 2432 5117 notae.

331 5194 449 5339 (se;
476 5196 597 5250 ὀτι
634 5194 851 5253 omittit
881 5195 1012 5253 cod.
1050 5198 1116 5251 Α.

332 5272 421 5339 (87
503 5268 766 5325 Refertur
796 5268 873 5324 ad
902 5268 1124 5339 priora,
1175 5266 1277 5324 ubi
1324 5265 1559 5338 legitur,
1594 5266 1637 5319 ιί
1667 5270 1725 5319 ού
1768 5264 1811 5320 εἰ
1842 5268 1866 5319 ό

2000 5210 2039 5251 n
2071 5195 2210 5261 ﬂne,
2241 5197 2374 5267 post
2401 5197 2713 5266 γενήσομαι,
2741 5196 3037 5265 tanquam
3062 5190 3356 5249 scholium
3379 5208 3450 5250 ex
3480 5210 3638 5252 mar-

1995 5267 2118 5339 gine
2148 5265 2237 5339 sui
2261 5265 2628 5322 codicishuc
2653 5263 2927 5323 relatum.
2952 5266 3123 5323 Forte
3138 5264 3367 5324 omissa
3396 5264 3637 5326 fuerant

332 5263 447 5341 (87)
503 5268 766 5341 Refertur
796 5268 873 5324 ad
902 5268 1124 5340 priora,
1175 5266 1277 5324 ubi
1324 5265 1559 5338 legitur,
1594 5266 1637 5319 ιί
1667 5270 1725 5319 ού
1768 5264 1811 5320 εἶ
1842 5268 1866 5319 ό
1980 5267 2121 5341 gina
2148 5263 2628 5341 sui'codicishu'c
2653 5263 2927 5323 relatum.
2952 5266 3123 5323 Forte
3138 5264 3367 5324 omissa
3396 5264 3637 5326 fuerant

253 5337 779 5416 Xpior6;_,x.r.‘l._
1262 5413 1301 5416 __
1395 5337 1407 5338 ί
1488 5409 1499 5416 _
1604 5410 1618 5416 _
1691 5410 1702 5416 _
1765 5409 1779 5416 _
1855 5415 1859 5416 ν

1995 5339 2057 5395 )b
2087 5337 2311 5411 duplex
2339 5344 2432 5390 τοῦ
2458 5344 2611 5393 Θεοῦ.

332 5412 447 5485 (88)
470 5414 613 5479 Quae
642 5412 738 5468 hic
764 5409 1143 5476 inclusimus,
1168 5425 1239 5467 ea
1261 5409 1577 5468 Hentenius
1603 5409 1869 5468 habebat

331 5629 426 5701 (ιι)
458 5630 588 5685 Duo
616 5626 1187 5701 diversa._Dqunon
1219 5628 1307 5681 est
1336 5625 1398 5701 in
1436 5624 1673 5701 Greech

1995 5625 2461 5701 Ξυγκατατίθεσθαι
2499 5622 2676 5701 habet
2704 5622 2846 5692 Luc,
2878 5638 3031 5691 xxm,
3068 5628 3156 5692 57,
3211 5626 3266 5681 et
3304 5624 3399 5682 hic
3450 5625 3631 5700 paulo

331 5646 426 5701 (tt)
458 5646 588 5685 uua
616 5646 867 5684 diversa.
904 5646 1036 5681 uua
1064 5646 1187 5680 non
1219 5646 1307 5681 es:
1336 5646 1398 5681 ιιι
1436 5646 1658 5681 urtho.
1976 5646 2043 5678 ιυ
2085 5646 2461 5678 κατατιυεσσαι
2499 5646 2609 5681 nun

328 5701 492 5779 (mm)
518 5699 838 5779 Veritatem
850 5696 1862 5779 deponit.Assentitur,ait,a[ﬁrmat.
1975 5646 2219 5754 ini’erius
2245 5696 2609 5769 Euthymius.

260 5769 647 5828 Κατατίθεσθαι
673 5775 764 5829 est
784 5769 1083 5839 assentiri,
1110 5769 1511 5840 comprobare,
1536 5769 1863 5839 afﬁrmare.
