4096 6382
530 326 639 385 699
1844 337 2202 398 EUTHYMII
2231 336 2595 401 ZAGABENI
3802 348 3903 409 τοο

532 455 694 526 gitur
730 472 926 513 sermo
963 458 1062 531 qui
1100 475 1174 517 ex
1211 459 1298 518 eis
1341 462 1620 520 credituri
1658 468 1849 521 erant.
1892 464 2151 520 Praetere

2295 466 2557 517 πιστεύειν
2614 465 2640 516 6
2687 463 2852 537 λόγος.
2905 468 2977 519 T6
3030 461 3090 519 δὲ
3147 465 3382 541 ’Ὁψεσθε
3434 465 3592 529 δηλοῖ
3658 476 3746 527 καὶ
3818 478 3893 531 τὸ.

526 544 806 611 verbum,
857 548 1143 614 Videbitis,
1188 552 1483 621 signiﬁcat
1529 555 1733 617 etiam,
1782 556 2151 624 Cognoscetis

2295 555 2582 607 Γνώσεσθε.
2644 559 2780 613 Φησὶ
2847 550 2907 609 δε
2961 561 3050 610 καὶ
3105 558 3131 609 6
3190 564 3401 623 Λουκᾶς
3477 563 3557 615 ὅτι
3615 563 3751 617 Ἀπὸ
3806 572 3895 619 τοῦ

532 633 678 690 Dicit
707 640 909 693 autem
960 639 1125 711 apud
1175 643 1442 699 Lucam:
1493 644 1589 700 Ea:
1620 645 1726 700 hoc
1774 649 2029 715 tempore
2071 648 2151 703 eri

2291 651 2380 695 νῦν
2462 646 2613 696 ἔσται
2663 645 2689 695 6
2751 646 2867 706 Υίός
2949 654 3041 698 τοῦ
3121 645 3394 722 ἀνθρώπου
3484 652 3774 724 καθήμενος
3843 651 3896 705 ix

527 723 716 780 Filius
734 726 983 783 hominis
1012 729 1212 787 sedens
1239 747 1273 787 a
1305 733 1532 789 dextris
1556 736 1793 791 virtutis
1816 738 1923 792 Dei
1945 738 2040 802 9θ),
2070 736 2145 792 ho

527 819 613 847 ne}
663 816 842 847 nnnuvn
883 820 988 847 -..ει
1019 825 1253 847 ειμι-η...-
1286 823 1629 847 :...-:.I:-_-__.
1668 842 1792 847 -.-μ
1825 829 1877 847 :_
1914 843 2001 847 μ--
2042 826 2151 847 εΔΑε

2294 729 2476 795 δεξιῶν
2523 740 2617 796 τῆς
2676 729 2947 807 δυνάμεως
2996 744 3087 789 τοῦ
3146 738 3321 812 Θεοῦ,]
3377 744 3636 807 τουτέστι,
3686 746 3894 816 Βραχύς

2300 822 2312 832 ’
2409 825 2548 847 ...ΑᾹ-
2616 831 2713 847 _.‘1_
2772 824 2889 847 -_-i_’
2955 822 3073 847 2,,_,“
3142 828 3250 847 Innx
3304 830 3315 842 ³
3391 827 3421 847 ρ
3486 828 3545 847 ‘0
3719 829 3731 846 9
3853 831 3865 847 1

527 819 633 879 est,
662 816 843 872 Breve
882 820 990 873 erit
1019 825 1256 891 tempus
1286 823 1633 880 insidiarum
1661 842 1797 898 qua
1825 829 1885 882 in
1914 843 2008 882 me
2042 826 2151 882 inci

527 906 660 929 tnta...
694 910 829 929 -.-..ι
864 922 875 929 .
919 924 1097 929 ..--..-
1147 910 1287 929 -4:,A
1349 928 1356 929 ,
1456 913 1469 929 ι
1518 921 1526 929 .
1606 920 1615 929 .
2097 918 2107 927 ~

2291 822 2316 872 6
2372 825 2548 894 καιρός
2615 831 2713 885 τῆς
2772 824 2889 876 κατ’
2950 822 3075 897 ἐμοῦ
3139 828 3252 897 (89)
3301 827 3615 891 ἑπιϐουλῆς’
3676 829 3769 882 ούκ
3825 831 3896 892 εἰς

526 906 663 959 ἰδίω
693 910 832 961 sunt
864 922 877 973 ;
919 924 1105 979 parvo
1138 910 1297 967 enim
1338 913 1568 984 expleto
1602 920 1870 988 tempore
1911 918 2149 990 superio

2288 912 2493 983 μακρὰν
2532 913 2632 985 γὰρ
2679 910 2929 989 ἀνώτερος
2971 923 3069 966 τῶν
3112 913 3540 970 ἐπιϐουλευόντων
3582 924 3891 992 γενήσομαι.

527 993 803 1051 omnibus
838 996 1091 1055 inimicis
1122 1001 1271 1057 meis
1300 1002 1541 1060 etiiciar.

596 1085 754 1140 Vers.
800 1090 886 1141 65.
927 1089 1085 1143 Tunc
1110 1122 1182 1131 —
1216 1093 1453 1149 testibus
1483 1096 1511 1149 i’
1549 1096 1720 1152 Moris
1760 1100 1886 1153 erat
1931 1097 2174 1164 Judmis,

522 1186 661 1228 cum
702 1174 927 1247 aliquid
954 1177 1117 1235 triste
1149 1179 1435 1238 vidissent
1458 1182 1547 1238 vel
1576 1185 1901 1251 audissent,
1945 1186 2179 1243 descin-

521 1260 661 1317 dere
690 1265 1051 1323 vestimenta
1077 1285 1219 1326 sua:
1255 1272 1420 1343 quod
1461 1273 1638 1329 etiam
1688 1290 1849 1331 nunc
1900 1294 2175 1333 summus

520 1351 802 1408 sacerdos
825 1353 978 1425 fecit,
1008 1360 1295 1430 tanquam
1327 1361 1536 1417 audita
1567 1362 1941 1436 blasphemia
1968 1366 2175 1423 intole-

517 1440 715 1499 rabili.
760 1445 825 1499 Et
851 1444 966 1501 hoc
996 1446 1172 1515 facto,
1202 1449 1336 1506 licet
1374 1451 1614 1519 invitus,
1648 1454 1827 1511 simul
1858 1457 2175 1529 propheta—

516 1530 601 1585 vit
635 1532 804 1603 quod
840 1533 1268 1595 discindendus
1309 1548 1464 1598 esset
1502 1544 1888 1615 pontiﬁcatus
1925 1547 1954 1601 J
1974 1547 2173 1605 udaeo—

515 1633 673 1675 rum.

586 1710 740 1767 Vers.
810 1716 897 1768 65.
958 1713 1110 1771 Ecce
1147 1746 1214 1758 —
1274 1720 1434 1775 Vers.
1501 1724 1589 1778 66.
1652 1723 1932 1781 videtur?
1993 1727 2170 1783 Auxit
2328 1710 2560 1825 Α”ξδε-
2603 1712 2787 1825 δῖοκξξὶ
2840 1718 3087 1822 Αὖξήσας
3133 1725 3239 1825 fi”
3287 1742 3339 1825 κς

513 1796 692 1854 etiam
749 1816 859 1857 suo
907 1802 1066 1859 dicto
1107 1808 1574 1875 accusationem,
1627 1817 1684 1868 et
1720 1812 2151 1887 blasphemiam

2275 1804 2516 1875 χθέντος,
2558 1811 2647 1859 καὶ
2688 1805 3030 1882 βλασφημίαν
3061 1818 3214 1864 τοῦτο
3255 1812 3500 1884 καλέσας,
3555 1819 3645 1868 καὶ
3693 1836 3890 1891 προκα-

2275 1889 2568 1917 -μ.θη-μι--μ-
2607 1896 2717 1917 nam!
2879 1902 2887 1912 -
2958 1896 3033 1917 -ιο
3115 1901 3217 1917 [Mn
3283 1898 3351 1917 -a
3501 1908 3510 1917 ι
3616 1911 3635 1917 ..
3728 1905 3797 1917 ...ι

511 1902 732 1945 vocans
752 1905 1134 1963 responsum,
1159 1900 1217 1950 et
1237 1898 1586 1970 praejudicio
1613 1902 1912 1959 damnans
1932 1921 2091 1973 eum,
2111 1916 2151 1962 e1

2274 1889 2569 1956 ταδικιίσας
2598 1896 2775 1964 αὐτὸν,
2807 1902 2896 1950 καὶ
2947 1896 3066 1960 ὁδός
3111 1901 3222 1973 (90)
3278 1898 3384 1961 ἤδη
3427 1908 3518 1956 καὶ
3553 1911 3660 1967 τοῖς
3713 1889 3893 1969 ἄλλοις

511 1976 717 2034 exinde
745 1981 975 2038 caeteris
1008 1985 1168 2040 viam
1205 1986 1424 2044 faciens
1465 1991 1539 2046 ad
1578 2008 1715 2047 eum
1757 1992 2151 2051 condemnan-

511 2066 654 2099 Αιηιη
707 2070 878 2099 Iun”:
915 2072 1135 2099 ..λειεωςι
1168 2078 1534 2099 ..-..ει--ι-ι-
1580 2081 1618 2099 ,2
1703 2082 1795 2099 1,"
1843 2090 1853 2099 .
2024 2094 2035 2099 ι

2275 1981 2347 2043 εἰς
2406 1985 2465 2036 τό
2521 1981 2884 2039 καταδικάσαι
2938 1993 3217 2060 γενόμενος,
3289 1990 3488 2058 λοιπὸν,
3544 1996 3614 2056 ὡς
3666 2004 3890 2071 φανεροῦ

2272 2078 2364 2099 --.ἡ
2420 2071 2862 2099 .π..-----κ-ι--μ---
2934 2079 2964 2099 ,ιε
2991 2097 3067 2099 *η
3183 2077 3192 2093 ν
3363 2084 3408 2099 οι.
3610 2088 3619 2099 ι
3746 2085 3756 2099 ι
3840 2089 3848 2099 .

509 2066 677 2133 dum,
706 2070 882 2141 quasi
914 2072 1138 2131 scilicet
1166 2078 1544 2135 manifestato
1570 2081 1654 2137 eis
1683 2082 1920 2153 delicto,
1946 2094 2151 2155 cogens

2272 2078 2364 2123 τοῦ
2420 2071 2862 2146 πλημμελήματος
2929 2079 3089 2146 ὄντος,
3172 2077 3457 2152 ἀναγκάζει
3537 2088 3627 2136 καὶ
3694 2085 3889 2147 αύτούς

509 2171 612 2213 eos
664 2158 742 2214 ad
781 2164 1291 2232 pronuntiandam
1333 2170 1712 2239 sententiam,
1753 2179 1815 2228 ut
1869 2174 1947 2229 ita
1985 2174 2151 2231 robo-

2274 2157 2661 2233 ἀποφήνασθαι,
2710 2164 2810 2231 ἵνα,
2862 2167 3188 2238 κυρωθείσης
3240 2170 3375 2222 ούτω
3421 2180 3518 2235 τῆς
3568 2169 3886 2240 καταδίκης,

2356 1095 2482 1142 Τοτε
2536 1120 2605 1130 -
2656 1093 2972 1167 μαρτύρων;
3032 1092 3187 1157 ’Ἐθος
3256 1102 3364 1158 τοῖς
3429 1093 3729 1163 Ἰουδαίοις,
3773 1099 3893 1151 ὃταν

2284 1197 2338 1231 τι
2374 1178 2604 1251 χαλεπόν
2636 1185 2727 1233 καὶ
2756 1185 2968 1254 φρικτόν
2996 1180 3187 1237 ἴδωσιν
3218 1186 3247 1245 ἢ
3291 1184 3579 1254 ἀκούσωσι,
3628 1184 3662 1240 δ
3669 1187 3895 1263 ιαρῥήσ-

2290 1286 2395 1320 σειν
2449 1271 2515 1321 τά
2574 1270 2758 1342 ἱμάτια
2805 1270 2996 1341 αὐτῶν,
3061 1274 3182 1346 ὅπερ
3241 1280 3331 1327 καὶ
3384 1282 3471 1327 νῦν
3528 1278 3553 1328 6
3621 1275 3896 1351 ἀρχιερεύς

2284 1355 2546 1427 ἐποίησεν,
2601 1360 2667 1419 ὡς
2710 1357 2942 1423 ἀκούσας
2995 1358 3152 1421 δῆθεν
3216 1362 3558 1438 βλασφημίας
3617 1366 3710 1419 οὐκ
3787 1365 3893 1420 ἀνε-

2282 1455 2430 1509 κτῆς.
2461 1446 2605 1521 ’Λμα
2635 1445 2693 1501 δὲ
2740 1455 2829 1503 καὶ
2869 1452 3028 1517 ἄκων,
3076 1451 3161 1525 ἀφ’
3194 1453 3261 1504 ὧν
3293 1452 3528 1521 ἐποίησε,
3581 1462 3896 1532 προεφήτευ-

2283 1555 2387 1607 σεν,
2449 1539 2529 1589 ὅτι
2575 1534 3041 1615 διαῤῥηχθήσεται
3094 1543 3124 1600 ἡ
3181 1540 3549 1617 ἀρχιερωσύνη
3604 1554 3703 1599 τῶν
3756 1546 3892 1602 Ἰου-

2282 1620 2463 1683 δαίων.

2349 1710 2560 1768 Ἴδε-
2603 1712 2787 1785 δοκεί;
2840 1718 3087 1783 Αύξήσας
3144 1725 3239 1780 τὴν
3287 1728 3609 1800 κατηγορίαν
3660 1733 3754 1779 τοῦ
3806 1725 3894 1780 λε-

507 2250 669 2303 retur
697 2250 1136 2321 condemnatio,
1166 2260 1222 2311 et
1242 2271 1313 2312 ex
1328 2256 1461 2325 hoc,
1480 2264 1767 2333 tanquam
1787 2278 1953 2320 reum
1973 2263 2162 2322 Pilato

508 2336 746 2394 tradant
773 2345 833 2395 ut
852 2340 1250 2401 interimatur.

576 2426 744 2483 Vers.
789 2432 875 2486 66.
915 2430 991 2485 At
1038 2434 1139 2489 illi
1161 2465 1231 2475 -—
1273 2442 1378 2492 est.
1418 2438 1583 2503 Quod
1627 2440 1912 2498 volebant
1941 2447 2161 2500 statue-

506 2518 662 2572 runt.
704 2520 856 2574 Nam
889 2527 1168 2594 corrupta
1211 2540 1382 2581 mens
1414 2534 1758 2600 corruptam
1796 2531 1906 2587 fert
1937 2540 1992 2589 et
2029 2551 2161 2590 sen-

505 2606 772 2662 tentiam.
809 2610 995 2666 Lucas
1025 2628 1162 2668 vero
1189 2614 1441 2687 scripsit,
1475 2618 1641 2689 quod
1671 2619 1967 2679 duxerunt
1991 2623 2155 2681 illum

503 2692 565 2747 in
592 2694 901 2753 concilium
928 2714 1106 2756 suum
1132 2701 1419 2771 dicentes,
1454 2706 1521 2763 Si
1547 2713 1611 2763 tu
1651 2724 1705 2765 es
1738 2709 2028 2777 Christus,
2060 2714 2158 2771 dic

502 2782 685 2838 nobis.
718 2787 822 2841 Ait
843 2794 1042 2845 autem
1071 2790 1193 2847 illis
1210 2808 1223 2847 :
1242 2792 1307 2849 Si
1321 2794 1525 2853 dixero
1542 2798 1715 2864 vobis,
1739 2817 1857 2857 non
1873 2803 2116 2860 credetis
2140 2820 2152 2858 :

501 2873 662 2943 quod
684 2873 736 2929 si
753 2875 926 2933 etiam
946 2878 1414 2951 interrogauero,
1433 2902 1552 2943 non
1566 2891 1975 2961 respondebitis
1988 2893 2151 2959 mihi,

502 2976 690 3033 neque
717 2964 1054 3024 absolvetis.
1071 2970 1290 3029 Exhoc
1303 2981 1555 3046 tempore
1573 2980 1684 3034 erit
1704 2980 1891 3037 Filius
1906 2982 2155 3040 hominis

499 3051 704 3108 sedens
720 3069 755 3110 a
774 3055 1002 3114 dextris
1016 3060 1246 3117 virtutis
1265 3064 1387 3119 Dei.
1408 3065 1702 3124 Dixerunt
1720 3078 1914 3129 autem
1929 3089 2121 3131 omnes
2137 3094 2150 3128 :

2274 2249 2554 2303 ὑπεύθυνον
2609 2251 2911 2306 ἀπεντεῦθεν
2969 2255 3124 2308 αὐτόν
3192 2256 3477 2333 παραδοῖεν
3534 2270 3607 2333 τῷ
3674 2263 3888 2337 Πιλάτῳ

2270 2343 2403 2414 πρὸς
2452 2339 2736 2415 ἀναίρεσιν.

2343 2430 2409 2481 Oi
2440 2425 2500 2482 δέ
2528 2462 2596 2471 -
2645 2434 2805 2490 ἐστίν.
2862 2432 3023 2509 Ὀπερ
3076 2434 3362 2503 ἐϐούλοντο,
3416 2446 3568 2493 τοῦτο
3622 2445 3711 2492 καὶ
3762 2439 3890 2494 ἀπε-

2270 2522 2517 2589 φήναντο,
2608 2522 2989 2596 Διεφθαρμένης
3072 2520 3160 2575 οὖν
3243 2532 3455 2598 γνώμης
3528 2525 3885 2603 διεφθαρμένη

2267 2611 2357 2659 καὶ
2408 2604 2438 2665 ἦ
2499 2606 2779 2681 ἀπόφασις.
2834 2610 2891 2663 Ὀ
2958 2608 3016 2665 δὲ
3064 2619 3273 2676 Λουκᾶς
3346 2616 3570 2691 ἔγραψεν
3627 2619 3707 2670 ὃτι
3794 2625 3888 2672 καὶ

2268 2694 2529 2768 ἀνήγαγον
2597 2698 2749 2751 αὐτόν
2798 2699 2871 2763 εἰς
2914 2704 2972 2753 τό
3027 2701 3299 2777 συνέδριον
3357 2705 3547 2771 αὐτῶν,
3606 2706 3842 2779 λέγοντες
3869 2726 3881 2739 ⁸

2265 2785 2327 2837 Εἰ
2374 2789 2439 2838 σύ
2502 2785 2551 2839 εἷ
2604 2789 2628 2839 6
2686 2792 2938 2863 Χριστὸς,
2993 2792 3101 2845 εἰπε
3158 2794 3305 2865 ἡμῖν.
3361 2796 3485 2848 Εἰπε
3550 2792 3610 2849 δὲ
3657 2796 3881 2859 αὐτοῖς·

2266 2875 2387 2930 Ἐὰν
2435 2876 2556 2948 ύμῖν
2609 2880 2755 2946 εἴπω,
2820 2878 2880 2931 ού
2954 2884 3023 2952 μὴ
3097 2884 3455 2942 πιστεύσητε·
3508 2882 3593 2937 ἕάν
3661 2882 3721 2939 δε
3790 2893 3886 2941 xui

2263 2961 2529 3035 ἕρωτὴσω,
2603 2966 2662 3019 ού
2732 2971 2804 3039 μὴ
2893 2968 3214 3043 ἀποκριθῆτί
3283 2992 3375 3045 μοι
3441 2974 3471 3033 ἣ
3554 2973 3879 3035 ἀπολύσητε.

2264 3051 2399 3106 Ἀπὸ
2457 3063 2550 3107 τοῦ
2623 3064 2710 3108 νῦν
2767 3060 2919 3110 ἔσται
2975 3060 3000 3111 6
3058 3060 3173 3121 Υἱός
3239 3069 3331 3115 τοῦ
3392 3064 3668 3136 ἀνθρώπου
3717 3069 3884 3127 καθή-

506 3140 593 3195 Tu
613 3159 740 3214 ergo
765 3160 823 3201 es
853 3146 1040 3203 Filius
1061 3150 1169 3206 Dei
1188 3152 1216 3206 ἵ
1237 3154 1363 3223 Ipse
1383 3171 1509 3211 vero
1530 3158 1618 3213 ait
1635 3159 1713 3214 ad
1732 3160 1881 3227 illos,
1929 3163 2035 3219 Vos
2063 3164 2151 3219 di-

2271 3161 2429 3209 ιιενος,
2499 3142 2554 3197 ἐκ
2616 3141 2798 3209 δεξιῶν
2851 3155 2946 3210 τῆς
3015 3146 3287 3222 δυνάμεως
3344 3159 3435 3204 τοῦ
3501 3161 3655 3207 θεοῦ.
3710 3153 3881 3210 Εἶπαν

496 3228 623 3285 citis
652 3235 806 3304 quod
833 3249 936 3306 ego
967 3253 1110 3293 sum.
1137 3242 1217 3295 At
1247 3241 1346 3298 illi
1375 3244 1685 3313 dixerunt,
1718 3249 1874 3316 Quid
1897 3254 2152 3323 amplius

494 3320 657 3375 nobis
689 3338 832 3392 opus
857 3332 942 3380 est
969 3328 1202 3384 testibus
1224 3336 1248 3384 γ
1276 3332 1392 3400 ipsi
1425 3336 1582 3391 enim
1620 3339 1948 3396 audivimus
1964 3320 2041 3398 ea:
2055 3358 2154 3398 ore

496 3409 624 3478 eius
637 3412 707 3468 θί.
728 3411 1054 3472 Verisimile
1075 3422 1167 3472 est
1185 3420 1344 3476 enim
1371 3425 1427 3477 et
1458 3440 1744 3482 summun
1777 3429 2150 3487 sacerdotem

494 3513 876 3557 consessores
906 3503 1303 3577 interrogasse
1327 3517 1383 3565 et
1423 3514 1803 3571 examinasse
1830 3534 1984 3585 eum,
2019 3535 2152 3576 rur-

495 3602 752 3662 sumque
781 3590 981 3663 ipsum
1007 3599 1064 3650 et
1092 3594 1172 3651 illi
1199 3602 1255 3654 et
1281 3598 1406 3654 istis
1436 3602 1839 3674 respondisse.

564 3818 758 3884 Quare
784 3825 987 3881 autem
1009 3826 1235 3884 occulte
1267 3828 1464 3902 ipsum
1499 3847 1620 3890 non
1643 3836 1990 3897 occiderunt
2014 3840 2042 3897 ?
2064 3842 2146 3899 Ne

492 3906 710 3965 invidia
742 3913 887 3969 moti
919 3915 1201 3974 occidisse
1232 3934 1370 3975 eum
1422 3922 1779 3982 viderentur.
1815 3930 2147 3990 Studebant

491 4012 634 4068 ergo
664 4001 901 4073 publice
930 4004 1090 4063 illum
1134 4012 1423 4083 tanquam
1456 4012 1795 4073 maleﬁcum
1826 4020 2098 4079 occidere
2128 4039 2139 4077 :

491 4088 738 4160 perdere
786 4091 1041 4151 nitentes
1095 4099 1439 4170 opinionem
1488 4120 1675 4177 quam
1724 4106 1797 4163 de
1843 4126 1915 4165 eo
1955 4112 2142 4168 turbae

487 4188 903 4252 conceperant.
930 4184 1070 4243 Ideo
1096 4189 1276 4244 etiam
1295 4192 1614 4263 petierunt,
1640 4201 1702 4252 ut
1730 4199 2144 4272 cruciﬁgerent

486 4281 664 4325 eum:
698 4275 755 4327 et
783 4271 960 4329 simul
991 4291 1129 4334 cum
1156 4293 1227 4334 eo
1248 4278 1506 4338 latrones
1538 4271 1977 4346 cruciﬁxerunt.
2013 4291 2141 4347 Edi-

484 4372 658 4415 verso
686 4364 885 4418 autem
908 4362 1132 4422 factum
1164 4372 1251 4423 est
1274 4385 1459 4441 quam
1486 4372 1567 4428 illi
1589 4380 1960 4447 optaverant.
1988 4384 2139 4439 Nam

484 4445 630 4541 quia
658 4448 892 4519 publica
939 4451 1333 4528 interemptus
1384 4466 1490 4526 est,
1539 4445 1731 4534 magis
1774 4469 2139 4541 resplenduit

485 4532 675 4605 gloria
725 4538 878 4609 ejus.
930 4542 1308 4617 Rursumque
1349 4547 1409 4602 in
1447 4532 1720 4623 sepulcro
1753 4532 1946 4628 sigilla
1984 4560 2138 4616 mili-

484 4628 733 4698 tumque
772 4630 1045 4689 custodia
1075 4634 1384 4694 veritatem
1434 4642 1628 4712 magis
1667 4644 1949 4719 effulgere
1993 4649 2139 4707 iece-

481 4720 640 4771 runt.
1565 4752 1567 4755 ·

554 4806 713 4860 Vers.
749 4810 835 4863 67.
862 4809 1027 4867 Tunc
1056 4843 1124 4853 —
1154 4813 1293 4884 ejus.
1327 4818 1591 4891 Horreto,
1618 4823 1831 4880 caelum
1868 4830 1923 4882 et
1959 4832 2130 4895 terra,

480 4894 879 4970 universaque
908 4905 1194 4968 creatura,
1225 4904 1286 4961 in
1317 4922 1502 4979 quam
1520 4909 1756 4979 faciem,
1780 4930 1966 4987 quam
1984 4916 2133 4974 intu-

477 4982 670 5041 lerunt
698 4986 1000 5057 injuriam.

550 5075 707 5132 Vers.
735 5080 823 5133 67.
850 5078 928 5134 Et
958 5109 1017 5121 —
1072 5080 1234 5137 Vers.
1286 5084 1374 5141 68.
1419 5088 1518 5158 qui
1544 5094 1599 5146 te
1623 5093 1900 5162 percussit
1926 5099 1951 5151 .9
1982 5098 2132 5163 Quia

549 5254 597 5289 ³ο
626 5254 768 5312 Luc.
798 5273 937 5325 xm,
972 5257 1059 5316 69.
1096 5262 1139 5297 ⁹¹
1173 5263 1310 5320 Luc.
1346 5279 1482 5334 xxn,
1509 5267 1694 5326 66-71.

2263 3228 2321 3285 δὲ
2353 3235 2569 3295 πάντεςο
2621 3241 2687 3287 Συ
2740 3236 2828 3288 οὖν
2868 3235 2912 3289 εἰ
2962 3238 2987 3290 6
3035 3241 3154 3301 Υἱὸς
3184 3248 3276 3292 τοῦ
3334 3246 3491 3304 Θεοῦς
3537 3242 3594 3295 Ὀ
3654 3241 3715 3297 δὲ
3747 3250 3881 3320 πρὸς

2260 3321 2448 3385 αύτούς
2528 3326 2620 3396 ἔφη
2652 3342 2665 3355 ’
2721 3324 2890 3398 Ὑμεῖς
2936 3326 3103 3398 λέγετε
3169 3331 3251 3382 ὅτι
3308 3328 3409 3402 ἐγώ
3483 3332 3608 3404 εἰμι.
3679 3337 3749 3387 Οἱ
3824 3334 3886 3390 δὲ

2259 3412 2418 3463 εἷπον⁶
2493 3417 2556 3465 Τί
2641 3416 2716 3466 ἔτι
2788 3420 2977 3487 χρείαν
3052 3419 3241 3491 ἔχομεν
3326 3427 3651 3495 μαρτυρίας;
3726 3425 3885 3478 αὐτοὶ

2256 3504 2357 3573 γὰρ
2434 3501 2734 3575 ἠκούσαμεν
2816 3502 2916 3556 ἀπό
2978 3513 3071 3558 τοῦ
3158 3512 3413 3581 στόματος
3480 3511 3660 3564 αὐτοῦ.
3724 3514 3886 3576 Εἰκὸς

2254 3592 2355 3664 γὰρ
2438 3595 2526 3643 καὶ
2589 3595 2677 3643 τόν
2736 3590 3006 3668 ἀρχιερέα,
3092 3600 3182 3649 καὶ
3238 3601 3355 3659 τούς
3435 3597 3885 3676 συνεδριάζοντας

2256 3675 2513 3752 ἐπερωτᾷν
2543 3684 2632 3733 καὶ
2674 3679 2962 3756 ἀνακρίνειν
3002 3682 3179 3752 αὐτὸν,
3230 3686 3384 3738 πάλιν
3423 3707 3477 3741 τε
3534 3689 3694 3742 αὐτὸν
3745 3694 3882 3746 ἀπο-

2253 3769 2523 3841 κρίνεσθαι
2553 3773 2790 3841 καὶπρὸς
2821 3769 3027 3840 ἐκεῖνον,
3056 3779 3145 3827 καὶ
3171 3778 3304 3850 πρὸς
3343 3776 3556 3841 αύτούς.

2326 3858 2430 3911 Καὶ
2480 3853 2627 3910 διατί
2673 3864 2744 3931 μὴ
2815 3862 2979 3933 λάθρα
3030 3870 3212 3916 τοῦτον
3271 3863 3501 3933 ἀνεῖλον;
3549 3870 3645 3920 Διά
3692 3874 3753 3923 τὸ
3802 3877 3877 3944 μὴ

2255 3941 2409 4009 δόξαι
2465 3950 2601 3999 κατά
2658 3951 2841 4021 φθόνον
2891 3951 3046 4003 αὐτόν
3101 3950 3309 4009 ἀνελεῖν.
3366 3953 3731 4022 Ἐσπούδοίζον
3787 3959 3880 4013 οὖν

2253 4030 2493 4108 δημοσίᾳ
2555 4044 2735 4090 τοῦτον
2798 4041 2865 4102 ὡς
2917 4048 3209 4114 κακοῦργον
3267 4042 3619 4118 ἀναιρεθῆναι,
3680 4070 3880 4123 μηχα-

2249 4129 2462 4196 νώμενοι
2502 4123 2708 4198 βλάψαι
2745 4131 2839 4186 τὴν
2880 4129 3139 4200 ὑπόληψιν
3196 4131 3374 4188 αὐτοῦ.
3428 4138 3521 4187 Διά
3558 4144 3713 4190 τοῦτο
3768 4144 3876 4215 γὰρ

2248 4218 2339 4266 καὶ
2388 4223 2599 4288 σταυρῷ
2647 4223 2827 4269 τοῦτον
2882 4215 3215 4293 ἀναιρεθῆναι
3279 4222 3566 4290 ἠτησαντο,
3616 4232 3711 4278 καὶ
3772 4227 3875 4302 λη-

2251 4305 2375 4364 στάς
2440 4302 2580 4375 αὐτῷ
2643 4309 3099 4379 συνεσταύρωσαν.
3179 4312 3357 4382 Γέγονε
3423 4308 3482 4365 δε
3543 4318 3873 4388 τούναντίον,

2248 4389 2324 4453 οἶς
2390 4389 2679 4447 ἐϐούλοντο.
2762 4400 3005 4468 Δημοσίᾳ
3065 4399 3165 4471 γάρ
3238 4399 3605 4475 ἀναιρεθέντος,
3669 4405 3874 4477 μᾶλλον

2247 4478 2528 4553 ἱξελαμψεν
2577 4482 2607 4540 ἡ
2662 4478 2793 4546 δόξα
2868 4485 3047 4541 αὐτοῦ.
3115 4492 3213 4540 Καὶ
3274 4486 3358 4542 ἐπὶ
3430 4499 3522 4544 τοῦ
3578 4493 3751 4566 τάφου
3816 4492 3875 4550 δὲ

2246 4568 2398 4621 πάλιν
2464 4571 2520 4622 αἱ
2599 4569 2889 4644 σφραγῖδες
2944 4580 3035 4627 καὶ
3124 4578 3153 4634 ἡ
3237 4579 3584 4652 παραφυλακὴ
3664 4583 3873 4656 μᾶλλον

2248 4654 2549 4731 διαλάμψαι
2580 4663 2674 4719 τὴν
2704 4660 2948 4721 ἀλήθειαν
2975 4670 3319 4724 πεποιήκασι.

2314 4839 2440 4888 Τότε
2482 4868 2551 4898 -τ-
2594 4837 2774 4894 αὐτοῦ.
2836 4840 3038 4916 Φρίξον,
3094 4843 3275 4919 ούρανέ
3326 4850 3415 4899 καὶ
3454 4856 3521 4918 γῆ
3571 4854 3660 4901 καὶ
3728 4856 3869 4926 σύμ-

2241 4942 2391 4975 πασα
2446 4930 2637 4992 κτίσις,
2688 4926 2759 4990 εἰς
2807 4930 2912 4983 οἷον
2954 4936 3233 5007 πρόσωπον
3289 4936 3402 4988 οἵαν
3460 4934 3675 5011 ἀτιμίαν
3737 4940 3869 5002 ἐπή-

2279 5032 2403 5070 αγον
2438 5014 2450 5070 l

2279 5033 2312 5065 α
2350 5033 2403 5065 ον
2438 5033 2450 5070 t

2241 5033 2275 5085 7
2313 5034 2416 5156 ἰαὶ
2462 5134 2531 5147 —-
2591 5111 2791 5171 παίσας
2851 5125 2941 5177 ac;
3004 5110 3142 5164 Ἐπεὶ
3200 5112 3340 5187 παρά
3395 5114 3599 5179 πολλοῖς
3652 5128 3867 5196 προφή-

1727 5450 1947 5522 Variae
1977 5453 2301 5527 lectiones
2333 5468 2400 5528 et
2438 5472 2637 5530 notae.

548 5624 663 5768 £89;
697 5628 822 5681 Κατ’
853 5628 960 5703 ius.
991 5631 1134 5691 Cod.
1166 5636 1232 5692 Α.

573 5700 640 5751 90
696 5700 918 5758 Durum
949 5706 1232 5768 quodam:

573 5700 662 5768 90)
696 5700 918 5758 Durum
949 5706 1404 5777 quodammodo
1434 5715 1491 5766 τὸ
1520 5710 1665 5780 ὁδός.
1705 5719 1901 5779 Malim
1934 5720 2126 5798 όδηγὸς

2236 5654 2726 5738 .Ut‘erquetamen
2758 5660 2944 5738 codex
2982 5666 3276 5724 consentit
3309 5667 3367 5725 in
3401 5665 3539 5733 ὁδός.
3576 5672 3863 5738 Hentenii

2232 5728 2635 5803 interpretatio
2664 5731 2955 5805 ambigua
2981 5740 3095 5793 est.
