4096 6380
248 343 361 404 701
1219 346 1601 408 COMMENT.
1647 346 1719 406 IN
1758 344 2212 407 MATTHEUM.
2255 380 2319 392 —
2363 350 2526 409 CAP.
2575 350 2778 411 XXVI.
3541 346 3649 404 702

255 490 356 534 της
415 470 639 547 ἃέγετο,
692 469 970 539 διέπαιζον
1026 474 1203 543 αὐτὸν,
1260 478 1332 538 ὡς
1409 470 1852 548 ψευδοπροφήτην

1988 490 2020 531 a
2049 474 2252 531 multis
2276 476 2564 550 propheta
2584 477 2913 544 dicebatur,
2932 473 3329 533 verberabant
3349 490 3491 532 eum
3515 478 3647 532 tan-

258 563 719 636 Περικαλύψαντες
772 569 874 639 γὰρ
962 566 1151 639 ίματίῳ
1226 567 1285 618 τὸ
1358 569 1637 638 πρόσωπον
1690 562 1861 627 αὐτού

1988 581 2166 639 quam
2194 565 2402 622 falsum
2422 567 2797 639 prophetam,
2828 567 2975 623 facie
2997 570 3126 637 ejus
3152 570 3319 621 veste
3347 568 3640 627 contecta,

258 655 398 726 πρὸς
443 656 503 706 τὸ
559 659 630 727 μή
679 653 909 727 βλέπειν,
961 659 1030 719 ὡς
1080 658 1290 731 Μάρκος
1332 658 1423 710 καὶ
1466 659 1669 713 Λουκᾶς
1712 650 1851 705 εἷπον

1988 670 2059 710 ne
2098 654 2343 721 videret,
2394 656 2561 713 slcuti
2623 658 2856 714 Marcus
2906 661 2963 713 et
3010 659 3197 712 Lucas
3235 655 3515 710 dixerunt
3572 656 3643 719 θ’,

256 750 417 796 τοῦτο
449 746 539 816 μεν
582 743 907 818 έκολοίφιζον,
963 754 1116 799 τοῦτο
1165 742 1225 799 δι
1280 743 1577 820 έρροίπιζον,
1626 742 1861 813 λέγοντες

1988 745 2151 799 Nunc
2189 749 2383 801 autem
2423 745 2754 811 madebant,
2797 762 2959 801 nunc
2989 760 3130 800 vero
3175 743 3377 816 alapas
3416 742 3649 800 dabant

262 836 641 905 Προφήτευσον
724 836 872 907 ἡμῖν,
952 838 1168 908 Χριστε,
1244 839 1324 896 τίς
1398 833 1538 887 έστιν
1597 833 1623 885 6
1676 836 1861 885 παίσας

1988 831 2247 888 dicentes
2280 849 2293 889 :
2318 834 2679 904 Prophetiza
2705 836 2891 900 nobis,
2917 835 3167 899 Christe,
3197 835 3331 906 quis
3354 837 3440 890 est
3468 832 3573 904 qui
3591 837 3648 889 te

263 941 325 974 σι
356 941 370 991 ;
401 925 560 977 Ἐστι
617 919 677 976 δὲ
728 928 1051 998 κολαφιομός
1102 928 1192 998 μὲν
1241 928 1300 978 τὸ
1365 928 1535 978 παίειν
1591 924 1728 976 κατὰ
1781 928 1861 974 τοί

1988 922 2266 992 percussit
2295 922 2323 978 ?
2354 926 2451 981 Est
2487 929 2680 981 autem
2710 924 3001 998 colaphus
3036 923 3370 980 verberatio
3413 938 3551 996 quae
3581 920 3645 977 in

258 1010 542 1086 τραχήλου
582 1012 731 1087 κοίλη
782 1013 910 1087 ἀφῇ,
967 1018 1099 1090 πρὸς
1147 1018 1205 1068 τὸ
1256 1020 1419 1068 ποιεῖν
1472 1012 1640 1086 ψόφον
1673 1032 1686 1046 ο
1718 1012 1861 1086 ῥαπι-

1988 1010 2136 1067 collo
2155 1012 2220 1067 ﬁt
2238 1028 2427 1070 vacua
2444 1014 2575 1087 (nn)
2589 1030 2772 1072 manu
2794 1021 3088 1071 utsonum
3112 1013 3284 1071 edat:
3306 1012 3486 1085 alapa
3504 1025 3644 1067 vero

262 1104 400 1173 σμὸς
435 1098 494 1155 δι
523 1105 579 1155 τὸ
607 1107 779 1157 παίειν
808 1106 945 1157 κατά
972 1112 1069 1157 τοῦ
1100 1109 1405 1176 προσώπου.

1988 1099 2043 1156 in
2085 1100 2297 1158 faciem
2331 1103 2529 1160 datur.

330 1192 479 1247 Πετά
535 1194 635 1266 γὰρ
664 1197 759 1251 τὴν
802 1190 989 1247 ἄδικον
1042 1190 1356 1265 καταδίκην,
1411 1195 1479 1256 ὡς
1525 1192 1708 1264 ἄτιμόν
1756 1210 1861 1243 τινα

2050 1210 2187 1264 Post
2212 1208 2497 1280 injustam
2554 1211 2713 1267 enim
2745 1210 3311 1267 condatnnationem
3350 1213 3643 1281 tanquam

251 1285 345 1331 καὶ
388 1280 507 1353 (91)
558 1281 955 1355 τριωϐολιμαίον
1006 1283 1243 1345 λαϐόντες
1288 1287 1445 1357 μέσον
1477 1282 1653 1346 αὐτὸν,
1693 1283 1742 1333 οἱ
1781 1283 1861 1353 μὲν

1988 1297 2281 1369 abjectum
2312 1300 2653 1373 quempiam
2686 1306 2743 1357 et
2765 1301 3167 1357 ’triobolarem
3215 1301 3279 1356 in
3311 1280 3506 1356 medio
3546 1315 3649 1356 su-

252 1374 440 1420 πᾱσαν
492 1370 565 1431 εἰς
622 1371 779 1424 αύτὸν
837 1368 1181 1426 ἐνεδείκνυντο
1234 1376 1528 1447 παροινίαν,
1585 1370 1679 1423 ούκ
1736 1368 1861 1422 ἐλεύ-

1988 1368 2229 1455 mentes,
2270 1368 2603 1461 hiquidem
2642 1391 2942 1465 quidquid
2984 1390 3044 1446 in
3086 1390 3335 1446 buccam
3367 1388 3645 1445 veniebat

253 1459 403 1531 θεροι
460 1462 634 1530 μόνον,
684 1459 814 1514 ἀλλὰ
859 1466 950 1515 καὶ
1008 1458 1209 1531 δοῦλοι,
1242 1466 1331 1514 καὶ
1369 1466 1618 1514 παντοίαν
1672 1458 1861 1513 έκίνουν

1988 1458 2513 1535 debacchabantur
2540 1478 2603 1535 in
2650 1458 2962 1545 eum,-non
3010 1479 3177 1536 liberi
3209 1478 3422 1547 solum,
3451 1478 3556 1533 sed
3587 1482 3644 1535 et

247 1546 372 1599 κατ’
454 1552 615 1602 αὐτοῦ
679 1556 890 1623 μανίαν,
957 1555 1046 1604 καὶ
1098 1548 1268 1614 ἡδέως
1319 1559 1416 1613 τῆς
1462 1550 1653 1612 λύττης
1708 1549 1861 1623 ἐνεφο-

1988 1566 2129 1622 servi
2171 1584 2184 1623 :
2215 1566 2312 1623 alii
2339 1584 2476 1624 vero
2508 1569 2925 1627 omnimodam
2954 1570 3244 1627 adversus
3276 1584 3415 1623 eum
3444 1582 3643 1624 move-

244 1645 447 1713 ροῦντο
476 1654 490 1670 ·
538 1640 564 1690 6
595 1635 655 1693 δί
703 1641 876 1693 πάντα
909 1639 1297 1713 μεγαλοψύχως
1325 1641 1559 1713 ὑπέμενε,
1594 1635 1861 1693 διδάσκων

1988 1654 2125 1712 bant
2146 1655 2467 1725 insaniam,
2492 1658 2899 1732 gaudentique
2919 1660 3127 1715 animo
3150 1658 3382 1714 rabiem
3405 1672 3643 1713 evome-

246 1726 570 1800 ἀνέχεσθαι.
629 1730 733 1785 Καὶ
788 1726 849 1788 ἦν
904 1730 1029 1800 παρ’
1077 1728 1290 1793 έκείνοις
1341 1732 1451 1803 μεν,
1485 1733 1669 1790 κακίας
1716 1730 1861 1802 ύπερ-

1988 1747 2144 1803 bant.
2214 1726 2731 1805 Universa‘autem
2774 1726 3000 1820 magno
3058 1748 3266 1805 animo
3315 1746 3645 1803 sustinebat

242 1816 408 1888 ϐολὴ,
438 1819 586 1892 παρὰ
612 1820 779 1892 τούτῳ
811 1814 893 1884 δι,
922 1817 1264 1883 ἀνεξικακίας.

1988 1835 2198 1893 iocens
2228 1852 2339 1894 nos
2391 1837 2641 1909 injurias
2702 1813 2973 1895 tolerare.
3007 1839 3074 1894 Et
3101 1842 3229 1895 erat
3284 1837 3450 1909 apud
3504 1835 3643 1893 illos

1974 1926 2299 1982 vehemens
2328 1926 2634 1999 pravitatis
2673 1926 3059 1995 abundantia,
3110 1927 3281 1999 apud
3308 1926 3471 1982 hunc
3498 1940 3640 1983 vero

1974 2014 2307 2073 tolerantia.

316 2068 508 2132 ’Δξιον
557 2065 616 2122 δε
681 2071 952 2143 θαυμάσαι
1006 2075 1096 2125 καὶ
1141 2075 1259 2135 τοὺς
1315 2070 1704 2145 εὐαγγελιστάς,
1754 2079 1865 2133 πῶς

237 2164 330 2212 καὶ
387 2162 460 2213 τὰ
539 2155 796 2214 δοκοῦντα
870 2158 1207 2216 ἐπονείδιστα
1276 2162 1563 2235 φιλαληθῶς
1620 2160 1863 2234 ἱπαγγελ-

230 2249 423 2317 λουσε,
476 2254 570 2303 καὶ
619 2254 736 2304 οὔτε
791 2254 880 2304 τὸν
938 2248 1142 2306 Ἰούδαν
1199 2256 1229 2311 ἤ
1288 2257 1412 2315 τοὺς
1462 2248 1758 2315 Ἰουδαίους
1795 2255 1862 2315 ὡς

233 2338 478 2414 ἐχθρούς
537 2336 909 2416 διασύρουσιν,
962 2345 1079 2394 οὔτε
1124 2345 1211 2395 τὸν
1242 2339 1569 2395 Διδάσκαλον
1609 2345 1677 2405 ὡς
1708 2338 1863 2395 διδά-

242 2428 447 2481 σκαλον
500 2427 729 2500 ύψοῦσιν
763 2446 776 2459 ·
830 2428 937 2482 ἀλλ’
996 2430 1205 2493 ἀπαθῶς
1270 2432 1476 2484 ἅπαντα
1527 2428 1859 2503 διηγοῦνται,

241 2523 336 2570 καὶ
387 2522 557 2591 μόνης
612 2526 707 2581 τῆς
750 2518 996 2583 ἀληθείας
1046 2522 1403 2595 φροντίζουσι,
1459 2527 1549 2575 καὶ
1587 2528 1864 2594 πανταχοῦ

241 2614 495 2681 γίνονται
520 2615 615 2670 vi;
642 2612 852 2684 χρείας.

2045 2106 2142 2161 Est
2163 2110 2363 2163 autem
2395 2105 2787 2163 admiratione
2813 2107 3088 2177 dignum,
3136 2105 3447 2179 quomodo
3470 2119 3643 2161 evan-

1972 2195 2194 2266 gelistas
2232 2199 2521 2268 tanquam
2576 2196 2837 2253 veritatis
2877 2203 3199 2265 amatores,
3260 2212 3392 2270 quas
3459 2194 3638 2251 etiam

1974 2284 2237 2340 maxime
2285 2284 2575 2354 probrosa
2626 2286 2915 2351 videntur,
2976 2285 3257 2349 referunt,
3316 2289 3370 2341 et
3444 2298 3642 2356 neque

1972 2374 2189 2431 Judam
2221 2380 2324 2432 aut
2349 2375 2591 2432 Iudaeos
2621 2381 2909 2447 tanquam
2939 2375 3214 2431 inimicos
3243 2374 3526 2430 conviciis
3556 2373 3642 2430 la-

1974 2469 2245 2521 cessunt:
2266 2481 2461 2538 neque
2484 2466 2846 2535 Magistrum,
2874 2471 3165 2537 tanquam
3184 2471 3642 2537 praeceptorem:

1975 2554 2295 2611 sublimem
2327 2555 2595 2620 efferunt,
2632 2555 2737 2611 sed
2776 2556 2951 2628 quasi
3004 2554 3167 2610 nullo
3221 2554 3367 2610 moti
3425 2553 3641 2611 affectu

1976 2644 2183 2701 omnia
2219 2650 2486 2711 narrant,
2521 2661 2590 2700 ac
2638 2644 2821 2700 solius
2856 2660 3065 2700 curam
3098 2643 3321 2700 habent
3351 2643 3637 2709 veritatis,

1976 2740 2034 2791 et
2054 2734 2279 2807 ubique
2308 2735 2387 2791 ad
2407 2733 2469 2791 id
2494 2736 2653 2806 quod
2679 2750 2772 2791 res
2802 2733 3061 2805 postulat
3100 2749 3163 2790 se
3194 2732 3529 2790 conferunt.

2334 2869 2493 2927 CAP.
2518 2869 2698 2925 LXVI.
2730 2869 2813 2926 De
2836 2869 3148 2940 negatione
3199 2869 3377 2925 Petri.

2045 2981 2210 3035 Vers.
2241 2979 2330 3035 69.
2366 2979 2576 3034 Petrus
2603 2982 2801 3033 autem
2832 3006 2903 3017 —
2951 2978 3108 3032 Vers.
3143 2980 3237 3033 70.
3278 2976 3425 3047 quid
3449 2976 3634 3033 dicas.

1972 3068 2118 3125 Vide
2144 3067 2454 3142 quomodo
2480 3082 2639 3133 eum,
2673 3067 2774 3139 qui
2802 3065 2981 3137 paulo
3014 3069 3151 3122 ante
3199 3065 3352 3121 adeo
3378 3081 3507 3122 sese
3537 3066 3638 3136 ja-

1893 3165 1933 3222 C
1973 3159 2195 3227 ctabat,
2222 3158 2459 3213 infirma
2480 3172 2557 3211 an
2570 3156 2764 3212 sillula
2784 3160 3205 3228 praeceptorem
3230 3170 3451 3227 negare
3477 3155 3635 3225 fecit,

1972 3253 2176 3321 utpote
2207 3246 2408 3303 divina
2438 3244 2787 3301 destitutum
2822 3244 3041 3314 gratia.

2042 3340 2206 3393 Vers.
2220 3338 2282 3391 7t
2301 3381 2314 3394 .
2338 3337 2487 3393 Cum
2505 3340 2701 3391 autem
2715 3336 2915 3391 exisset
2937 3366 2991 3375 -—
3006 3333 3170 3389 Vers.
3185 3337 3274 3389 72.
3296 3333 3626 3391 Hominem.

1972 3427 2091 3482 Ileu
2119 3426 2367 3499 qualem
2397 3423 2654 3481 reddidit
2692 3424 2804 3496 (oo)
2834 3440 2972 3479 eum
3005 3424 3178 3480 timor
3220 3423 3231 3476 ι
3268 3425 3392 3480 Non
3441 3423 3637 3481 solum

1971 3516 2130 3573 enim
2164 3516 2422 3587 negavit,
2480 3514 2587 3571 sed
2616 3515 2795 3571 etiam
2845 3530 2982 3570 cum
3030 3514 3391 3585 iuramento.
3450 3513 3640 3571 Exivit

1970 3612 2171 3664 autem
2202 3622 2322 3662 non
2350 3609 2513 3662 extra
2560 3604 2942 3671 vestibulum,
2995 3605 3095 3659 sed
3133 3603 3195 3659 in
3248 3602 3634 3669 vestibulum,
3684 3662 3687 3663 ν

445 2833 591 2882 [Et
624 2827 734 2893 Ec'.
773 2832 899 2904 Περὶ
928 2835 1025 2890 τῆς
1058 2826 1314 2903 ἀρνήσεως
1341 2834 1434 2881 τοῦ
1466 2832 1685 2903 Πέτρου.

318 2940 368 2987 O
422 2930 481 2988 δε
529 2938 717 3011 Πέτρος
772 2967 841 2978 —-
897 2934 1160 3007 τίλέγεις.
1222 2940 1426 2999 Σκόπει,
1484 2945 1590 2997 πῶς
1638 2939 1725 2989 τὸν
1764 2940 1863 3009 πρὸ

239 3032 448 3097 μικροῦ
543 3023 833 3082 τηλικαῦτα
894 3024 1383 3099 μεγαλαυχήσαντα
1471 3022 1863 3100 θεραπαινίδιον

242 3112 464 3175 ἀσθενὲς
500 3112 771 3181 έπτόησεν,
818 3116 889 3177 ὡς
936 3116 1036 3168 ύπό
1074 3124 1166 3176 τῆς
1208 3117 1343 3176 θείας
1374 3117 1594 3189 χάριτος
1647 3114 1861 3188 ἔγκατα-

238 3203 543 3276 λειφθέντα.

317 3292 626 3357 Ἐξελθόντα
680 3290 741 3347 δ⁴ε
812 3293 968 3347 αὐτὸν
1050 3326 1117 3335 -
1185 3298 1273 3348 τὸν
1360 3296 1649 3370 ἄνθρωπον.
1729 3295 1856 3350 Φεύέ

244 3386 332 3436 οἱα
388 3378 631 3440 διέθηκεν
665 3382 822 3436 αύτόν
854 3384 879 3436 6
911 3382 1085 3457 φόϐος.
1120 3383 1197 3437 Ou’
1246 3388 1398 3457 μόνον
1440 3388 1542 3460 γὰρ
1575 3387 1859 3461 ἠρνήσατο,

247 3472 381 3526 ἀλλὰ
428 3477 523 3525 καὶ
568 3473 680 3545 μεθ’
733 3475 909 3548 ὅρκου.
944 3472 1158 3537 Ἐξῆλθε
1207 3470 1286 3541 δε,
1315 3478 1410 3527 ούκ
1439 3474 1535 3537 ἔξω
1564 3482 1654 3527 τού
1698 3475 1862 3529 πυλῶ-

245 3584 349 3627 νος,
412 3560 527 3614 ἀλλ’
605 3562 674 3625 εἰς
736 3566 823 3615 τὸν
875 3562 1103 3632 πυλῶνα,
1161 3568 1450 3628 τουτέστιν,
1505 3569 1575 3627 είς
1632 3567 1687 3617 τὸ
1735 3585 1862 3640 προ-

246 3652 454 3722 αύλιον,
488 3652 559 3715 ὡς
590 3652 616 3704 6
645 3654 858 3726 Μάρκος
885 3652 1012 3707 εἶπε.

1988 3712 2084 3753 ιοο
2113 3700 2220 3762 est,
2253 3695 2517 3767 priorem
2547 3694 2679 3750 atrii
2714 3699 2967 3767 partem.
3002 3695 3151 3750 Nam
3183 3696 3413 3751 Marcus
3441 3695 3637 3767 προαύ-

1968 3786 2076 3839 λιον
2111 3786 2286 3841 dixit.

319 3868 473 3920 Μετὰ
540 3869 726 3939 μικρὸν
792 3897 862 3906 —
918 3869 1006 3918 τὸν
1066 3868 1355 3940 ἄνθρωπον.
1424 3866 1482 3919 Ὀ
1540 3862 1599 3920 δε
1652 3868 1860 3938 Μάρκος

397 3957 409 3973 Ι
532 3958 551 3969 ⁵
654 3963 687 3973 ιι
736 3961 746 3973 ι
854 3959 864 3973 ς
953 3962 990 3973 κ
1026 3956 1045 3973 κ
1079 3955 1097 3973 λ
1148 3963 1168 3973 ο
1297 3952 1320 3971 εν
1451 3960 1460 3972 ι
1508 3959 1519 3971 υ
1570 3956 1589 3973 ‘
1635 3956 1655 3973 Χ
1711 3958 1721 3972 1

2042 3896 2201 3949 Vers.
2228 3896 2319 3949 73.
2345 3893 2418 3949 Et
2444 3897 2572 3961 post
2595 3893 2880 3963 pusillum
2914 3920 2979 3932 -
3007 3893 3165 3946 Vers.
3199 3893 3290 3948 74.
3322 3891 3635 3949 Hominem

243 3957 477 4033 έγραψεν
526 3958 603 4009 ὅτι
654 3961 755 4009 Καὶ
804 3959 907 4029 γὰρ
953 3955 1217 4017 Γαλιλαῖος
1272 3955 1333 4021 εἶ,
1378 3960 1469 4009 καὶ
1499 3959 1527 4015 ἡ
1570 3956 1722 4009 λαλιά
1764 3976 1858 4009 σου

1988 3986 2197 4040 [arcus
2222 3986 2420 4038 autem
2444 3955 2632 4036 dixit:
2660 3981 2807 4036 Nam
2837 3988 2891 4036 et
2920 3979 3211 4036 Galitams
3232 3990 3379 4044 es,et
3405 3980 3639 4054 loquela

242 4048 494 4120 ὁμοιάζει
522 4062 535 4073 ⁸
569 4045 714 4117 εἶχον
748 4048 851 4120 γάρ
900 4065 951 4098 τι
1000 4049 1317 4121 παράσημον
1372 4045 1554 4107 στολῆς
1606 4048 1655 4099 οἱ
1705 4046 1861 4099 Γαλι-

1988 4082 2072 4129 ‘ua
2112 4071 2385 4129 convenit
2414 4072 2485 4127 οι.
2519 4069 2834 4126 Habebant
2863 4069 3023 4124 enim
3058 4069 3367 4141 quidpiam
3399 4045 3637 4141 insigne

239 4137 404 4203 λαίοι,
436 4139 525 4187 ναὶ
572 4140 675 4207 μὲν
722 4140 814 4187 καὶ
872 4130 1134 4207 ἰδιώματα
1185 4155 1303 4188 τινα
1346 4131 1645 4191 διαλέκτου,
1690 4142 1857 4189 Κατα-

245 4229 267 4240 Α
422 4226 471 4240 ια-
601 4225 706 4240 ΙΛΛὶ
773 4220 823 4240 Ωο
878 4222 889 4238 )
1066 4229 1075 4239 ο
1135 4222 1148 4238 ν
1229 4226 1252 4240 Α
1400 4226 1446 4240 II.
1580 4224 1647 4240 Αη
1803 4228 1813 4240 I

1988 4161 2194 4218 ΞειΙὶιωὶ
2235 4160 2297 4216 in
2329 4166 2506 4229 veste,
2564 4163 2621 4214 et
2648 4158 2948 4231 quasdam
2991 4130 3280 4228 praeterea
3332 4130 3636 4214 idiomatis

240 4226 546 4299 θεματίςειν
596 4225 711 4295 (93)
761 4220 823 4275 δέ
870 4222 982 4277 έστι
1024 4229 1083 4277 τὸ
1125 4222 1539 4297 ἀναθεματίζειν.
1574 4224 1726 4277 Ούτω
1754 4228 1856 4299 γὰρ

1988 4250 2381 4323 )roprietates.
2412 4247 2715 4304 Exsecrari
2745 4251 2943 4302 autem
2978 4249 3072 4301 est
3117 4245 3429 4303 devovere.
3462 4244 3631 4303 Unde

238 4318 263 4369 6
303 4318 527 4389 Μάρκος
585 4312 711 4381 εἶπε,
766 4318 858 4366 καὶ
918 4314 1073 4387 ἄμφω
1123 4310 1182 4368 δι
1233 4319 1385 4367 ταυτὶ
1437 4318 1496 4367 τὸ
1526 4317 1858 4389 καταρᾶσθαι

1988 4310 2196 4399 [arcus
2248 4339 2487 4411 scripsit
2526 4336 2920 4410 ἀναθεματίζειν
2960 4338 3028 4391 ’⁵.
3064 4334 3256 4393 Ambo
3293 4350 3434 4392 vero
3481 4335 3631 4407 hac,

240 4403 501 4464 δηλοῦσι.

1988 4403 2419 4486 naledictiones
2447 4403 2691 4483 inferre'
2713 4425 3072 4496 signiﬁcant.

312 4516 422 4566 Καὶ
489 4510 672 4572 εὐθέως
728 4541 797 4551 —-
848 4529 930 4583 με.
1000 4513 1215 4580 Μάρκος
1267 4506 1328 4564 δέ
1378 4530 1557 4584 φησιν,
1627 4514 1711 4567 ὅτι
1766 4516 1856 4585 μὲν

2038 4519 2205 4575 Vers.
2262 4517 2351 4575 74.
2379 4516 2710 4589 Statimque
2762 4544 2831 4557 -—
2877 4514 3043 4571 Vers.
3103 4515 3195 4570 75.
3248 4529 3363 4573 me.
3404 4516 3637 4573 Marcus

236 4601 387 4663 ἅπαξ
433 4602 460 4654 6
512 4604 704 4676 Πέτρος
753 4600 1043 4676 ἠρνήσατο,
1086 4606 1201 4654 τότε
1252 4605 1340 4654 τὸν
1386 4601 1638 4679 ἀλέκτορα
1691 4612 1828 4677 φωνῆ

1988 4615 2168 4666 intem
2201 4607 2368 4673 dixit,
2396 4605 2559 4679 quod
2586 4622 2725 4661 cum
2752 4608 2952 4661 Petrus
2972 4604 3156 4661 semel
3182 4604 3445 4675 negavit,
3490 4608 3635 4661 tunc

237 4711 334 4745 σαι
363 4693 424 4742 τὸ
450 4697 652 4763 πρῶτον
687 4708 699 4721 ·
734 4690 818 4742 ὅτε
850 4685 909 4742 δι
937 4694 1130 4765 τρίτον,
1160 4694 1275 4743 τότε
1316 4694 1376 4744 τὸ
1409 4688 1666 4766 δεύτερον.
1703 4699 1852 4756 Ἐση·

1988 4700 2157 4771 gallus
2186 4698 2451 4770 primum
2483 4696 2694 4752 cecinit
2727 4712 2739 4751 :
2774 4695 3021 4767 quando
3059 4711 3201 4751 vero
3250 4694 3418 4751 tertio
3448 4710 3632 4765 nega-

233 4786 510 4854 μειώσατο
558 4775 618 4833 δι
661 4786 835 4843 τοῦτο,
877 4774 1049 4837 δηλῶν
1105 4781 1182 4832 ὅτι
1229 4783 1347 4834 οὔτε
1396 4783 1426 4840 ἡ
1483 4788 1659 4855 πρώτη
1712 4791 1850 4857 φωνὴ

1988 4791 2061 4856 rit,
2092 4794 2231 4845 tunc
2262 4787 2531 4844 secundo
2582 4785 2797 4841 cecinit
2821 4786 2890 4839 ³⁸.
2948 4785 3182 4842 Notavit
3234 4789 3437 4841 autem
3489 4785 3627 4851 hoc,

231 4878 331 4923 τοῦ
391 4868 664 4941 ἀλέκτορος
714 4868 998 4940 ἀνέμνησεν
1053 4868 1229 4924 αὐτόν.
1287 4876 1387 4924 Καὶ
1446 4873 1472 4924 6
1530 4878 1738 4939 Λουκᾶς
1793 4873 1853 4930 δε

1988 4877 2356 4935 manifestans
2381 4874 2546 4948 quod
2587 4875 2845 4946 primum
2874 4872 3242 4944 gallicinium
3276 4889 3399 4930 non
3426 4873 3629 4930 admo—

228 4960 379 5031 λέγει
458 4957 609 5011 πάλιν
682 4959 762 5010 ὃτι
843 4960 976 5029 μετά
1042 4960 1101 5010 τὸ
1158 4967 1398 5031 φωνῆσαι
1445 4964 1531 5014 τὸν
1580 4960 1847 5039 ἀλέκτορα,

1988 4970 2091 5025 iuit
2117 4983 2277 5023 eum.
2307 4968 2564 5021 Rursum
2586 4970 2775 5021 autem
2799 4964 2986 5020 Lucas
3017 4962 3237 5030 scribit,
3270 4962 3437 5036 quod
3466 4966 3626 5035 post-

306 5087 363 5121 "
392 5086 566 5141 lare.
605 5099 729 5150 11v,
759 5082 875 5149 65;
917 5082 1056 5139 Luc.
1090 5099 1236 5156 xm,
1281 5085 1373 5140 64.
1455 5087 1502 5121 ’³
1552 5088 1729 5146 Marc.
1787 5109 1903 5161 xw,
1945 5093 2035 5150 68.
2114 5094 2162 5129 “
2212 5090 2355 5148 Ibid.
2414 5093 2507 5147 70.
2593 5092 2641 5125 95
2701 5089 2856 5146 Ibid.
2913 5089 3003 5145 7i.
3081 5089 3130 5124 “
3172 5086 3323 5144 ibid.
3380 5090 3466 5153 68,
3522 5090 3612 5145 72.

1454 5202 1678 5274 Variae
1717 5205 2046 5277 lectiones
2087 5217 2154 5277 et
2194 5216 2398 5275 notae.

301 5335 423 5407 (9t)
464 5335 546 5392 ita
569 5334 874 5409 Chrysost.
904 5334 1011 5390 sed
1031 5334 1106 5392 de
1126 5350 1189 5392 re
1215 5334 1353 5405 alia,
1374 5340 1521 5395 tom.
1552 5340 1673 5412 VII,
1702 5356 1840 5414 pag.
2022 5345 2134 5412 (93)
2166 5342 2252 5399 Ita
2281 5341 2458 5399 etiam
2488 5344 2741 5414 uterque
2784 5340 2847 5397 in
2886 5343 3159 5414 contextu
3187 5337 3469 5414 Matthmi.
3509 5340 3623 5414 13e-

224 5410 414 5487 ιιι-,η
453 5478 466 5487 _
573 5480 585 5487 Δ
629 5475 650 5487 _
692 5475 751 5487 μ
862 5475 879 5487 ι
1001 5478 1039 5487 ἢ
1659 5410 1665 5412 ⁷
1703 5410 1719 5414 ⁷
1787 5410 1813 5414 ⁷
1949 5419 2059 5473 cte.
2089 5410 2374 5482 Alterum,
2399 5413 2566 5487 quod
2606 5410 2715 5469 nec
2754 5411 3193 5487 Complutensis
3224 5410 3402 5469 editio
3430 5410 3631 5470 habet

302 5480 425 5553 (92)
453 5478 534 5542 Ὠς
563 5480 589 5533 6
616 5475 967 5541 διδάσκαλος.
1001 5478 1064 5534 Β.

1988 5504 2020 5544 x
2051 5504 2157 5544 suo
2183 5475 2391 5542 Lexico
2418 5475 2812 5558 'deprompsit
2855 5475 3163 5541 Erasmus.

302 5660 437 5734 (nn)
466 5661 689 5740 Vacua.
723 5663 855 5718 Imo
883 5672 1053 5717 cava.
1083 5659 1252 5718 Forte
1282 5679 1400 5735 κινῃ
1437 5677 1546 5735 pro
1575 5662 1720 5738 κοίλῃ
1751 5664 1838 5723 in-
2017 5667 2127 5740 (oo)
2160 5667 2406 5736 Qualem
2445 5663 2729 5724 reddidit.
2780 5661 3100 5731 Quomodo
3154 5663 3371 5723 affecit.

224 5738 495 5793 venerat.
